  <div class='ocr_page' id='page_1' title='image "/cluster/home/n/w/nwhite01/storage/ocr_20150623/156/mdp.39015078384719/258.png"; bbox 0 0 4098 6272; ppageno 0'>
   <div class='ocr_carea' id='block_1_1' title="bbox 398 397 504 464">
    <p class='ocr_par' dir='ltr' id='par_1_1' title="bbox 398 397 504 464">
     <span class='ocr_line' id='line_1_1' title="bbox 398 397 504 464; baseline -0.019 -1"><span class='ocrx_word' id='word_1_1' title='bbox 398 397 504 464; x_wconf 69' lang='grc'><strong>497</strong></span> 
     </span>
    </p>
   </div>
   <div class='ocr_carea' id='block_1_2' title="bbox 1801 387 2277 470">
    <p class='ocr_par' dir='ltr' id='par_1_2' title="bbox 1801 387 2277 470">
     <span class='ocr_line' id='line_1_2' title="bbox 1801 387 2277 470; baseline 0.004 -3"><span class='ocrx_word' id='word_1_2' title='bbox 1801 408 2081 468; x_wconf 75' lang='lat' dir='ltr'>ORATIO</span> <span class='ocrx_word' id='word_1_3' title='bbox 2114 408 2214 470; x_wconf 82' lang='lat' dir='ltr'><strong>v1.</strong></span> <span class='ocrx_word' id='word_1_4' title='bbox 2271 387 2277 394; x_wconf 85' lang='grc'><strong>’</strong></span> 
     </span>
    </p>
   </div>
   <div class='ocr_carea' id='block_1_3' title="bbox 3524 392 3635 472">
    <p class='ocr_par' dir='ltr' id='par_1_3' title="bbox 3524 392 3635 472">
     <span class='ocr_line' id='line_1_3' title="bbox 3524 392 3635 472; baseline 0.027 -3"><span class='ocrx_word' id='word_1_5' title='bbox 3524 392 3635 472; x_wconf 73' lang='lat' dir='ltr'><strong>tae</strong></span> 
     </span>
    </p>
   </div>
   <div class='ocr_carea' id='block_1_4' title="bbox 400 516 1955 597">
    <p class='ocr_par' dir='ltr' id='par_1_4' title="bbox 400 516 1953 597">
     <span class='ocr_line' id='line_1_4' title="bbox 400 516 1953 597; baseline 0.006 -27"><span class='ocrx_word' id='word_1_6' title='bbox 400 521 494 571; x_wconf 77' lang='grc' dir='ltr'>καὶ</span> <span class='ocrx_word' id='word_1_7' title='bbox 525 516 681 581; x_wconf 78' lang='grc' dir='ltr'>αὖθις</span> <span class='ocrx_word' id='word_1_8' title='bbox 707 519 1047 585; x_wconf 75' lang='grc' dir='ltr'>ταίςαῦιαῖς</span> <span class='ocrx_word' id='word_1_9' title='bbox 1082 523 1302 595; x_wconf 83' lang='grc' dir='ltr'>ἀρεταῖς</span> <span class='ocrx_word' id='word_1_10' title='bbox 1334 529 1472 596; x_wconf 77' lang='grc' dir='ltr'>φανῇ</span> <span class='ocrx_word' id='word_1_11' title='bbox 1509 519 1867 597; x_wconf 83' lang='grc' dir='ltr'>κεχρημένος,</span> <span class='ocrx_word' id='word_1_12' title='bbox 1899 529 1953 580; x_wconf 82' lang='lat' dir='ltr'><strong>ai</strong></span> 
     </span>
    </p>
   </div>
   <div class='ocr_carea' id='block_1_5' title="bbox 2059 516 3632 597">
    <p class='ocr_par' dir='ltr' id='par_1_5' title="bbox 2062 521 3632 596">
     <span class='ocr_line' id='line_1_5' title="bbox 2062 521 3632 596; baseline -0.001 -20"><span class='ocrx_word' id='word_1_13' title='bbox 2062 525 2171 579; x_wconf 91' lang='lat' dir='ltr'><strong>imo</strong></span> <span class='ocrx_word' id='word_1_14' title='bbox 2214 541 2278 580; x_wconf 92' lang='lat' dir='ltr'><strong>ne</strong></span> <span class='ocrx_word' id='word_1_15' title='bbox 2307 525 2519 596; x_wconf 85' lang='lat' dir='ltr'><strong>quidem</strong></span> <span class='ocrx_word' id='word_1_16' title='bbox 2556 525 2796 579; x_wconf 86' lang='lat' dir='ltr'><strong>sentiunt</strong></span> <span class='ocrx_word' id='word_1_17' title='bbox 2820 526 2934 579; x_wconf 65' lang='lat' dir='ltr'><strong>haec</strong></span> <span class='ocrx_word' id='word_1_18' title='bbox 2962 524 3063 578; x_wconf 85' lang='lat' dir='ltr'><strong>sibi</strong></span> <span class='ocrx_word' id='word_1_19' title='bbox 3095 525 3358 580; x_wconf 88' lang='lat' dir='ltr'><strong>accidere.</strong></span> <span class='ocrx_word' id='word_1_20' title='bbox 3407 521 3501 578; x_wconf 85' lang='lat' dir='ltr'><strong>Sin</strong></span> <span class='ocrx_word' id='word_1_21' title='bbox 3536 523 3632 577; x_wconf 87' lang='lat' dir='ltr'><strong>aii-</strong></span> 
     </span>
    </p>
   </div>
   <div class='ocr_carea' id='block_1_6' title="bbox 403 612 1964 691">
    <p class='ocr_par' dir='ltr' id='par_1_6' title="bbox 403 612 1964 691">
     <span class='ocr_line' id='line_1_6' title="bbox 403 612 1964 691; baseline 0.008 -29"><span class='ocrx_word' id='word_1_22' title='bbox 403 612 502 680; x_wconf 83' lang='grc' dir='ltr'>μὲν</span> <span class='ocrx_word' id='word_1_23' title='bbox 530 612 722 680; x_wconf 76' lang='grc' dir='ltr'>ἀρεταὶ</span> <span class='ocrx_word' id='word_1_24' title='bbox 749 613 807 665; x_wconf 80' lang='grc' dir='ltr'>ἐν</span> <span class='ocrx_word' id='word_1_25' title='bbox 838 614 999 685; x_wconf 79' lang='grc' dir='ltr'>λήθῃ’</span> <span class='ocrx_word' id='word_1_26' title='bbox 1038 618 1217 686; x_wconf 70' lang='grc' dir='ltr'>ψῆφος</span> <span class='ocrx_word' id='word_1_27' title='bbox 1258 620 1314 672; x_wconf 84' lang='grc' dir='ltr'><em>δέ</em></span> <span class='ocrx_word' id='word_1_28' title='bbox 1343 637 1427 683; x_wconf 89' lang='grc' dir='ltr'><strong>τις</strong></span> <span class='ocrx_word' id='word_1_29' title='bbox 1462 619 1584 674; x_wconf 86' lang='grc' dir='ltr'>κατ’</span> <span class='ocrx_word' id='word_1_30' title='bbox 1614 619 1794 674; x_wconf 79' lang='grc' dir='ltr'>αὐτῶν</span> <span class='ocrx_word' id='word_1_31' title='bbox 1825 623 1964 691; x_wconf 72' lang='grc' dir='ltr'>μετὰ</span> 
     </span>
    </p>
   </div>
   <div class='ocr_carea' id='block_1_7' title="bbox 396 703 1959 784">
    <p class='ocr_par' dir='ltr' id='par_1_7' title="bbox 396 703 1959 784">
     <span class='ocr_line' id='line_1_7' title="bbox 396 703 1959 784; baseline 0.009 -30"><span class='ocrx_word' id='word_1_32' title='bbox 396 703 751 772; x_wconf 82' lang='grc' dir='ltr'><strong>σκωμμάτων</strong></span> <span class='ocrx_word' id='word_1_33' title='bbox 787 704 1154 777; x_wconf 75' lang='grc' dir='ltr'>ἐξενήνεκται.</span> <span class='ocrx_word' id='word_1_34' title='bbox 1204 712 1313 765; x_wconf 85' lang='grc' dir='ltr'>Καί</span> <span class='ocrx_word' id='word_1_35' title='bbox 1353 729 1455 777; x_wconf 86' lang='grc' dir='ltr'>τοι,</span> <span class='ocrx_word' id='word_1_36' title='bbox 1505 704 1571 766; x_wconf 42' lang='grc' dir='ltr'>τίδ</span> <span class='ocrx_word' id='word_1_37' title='bbox 1606 713 1776 768; x_wconf 88' lang='grc' dir='ltr'>πολλά</span> <span class='ocrx_word' id='word_1_38' title='bbox 1818 733 1959 784; x_wconf 81' lang='grc' dir='ltr'>φημι</span> 
     </span>
    </p>
   </div>
   <div class='ocr_carea' id='block_1_8' title="bbox 394 790 1959 876">
    <p class='ocr_par' dir='ltr' id='par_1_8' title="bbox 394 790 1959 876">
     <span class='ocr_line' id='line_1_8' title="bbox 394 790 1959 876; baseline 0.008 -30"><span class='ocrx_word' id='word_1_39' title='bbox 394 790 679 864; x_wconf 74' lang='grc' dir='ltr'>πάϐη;.ἂν</span> <span class='ocrx_word' id='word_1_40' title='bbox 723 798 832 867; x_wconf 72' lang='grc' dir='ltr'><strong>γὰρ</strong></span> <span class='ocrx_word' id='word_1_41' title='bbox 863 799 1092 872; x_wconf 80' lang='grc' dir='ltr'><strong>ἐλεγχθῇ</strong></span> <span class='ocrx_word' id='word_1_42' title='bbox 1138 821 1221 865; x_wconf 86' lang='grc' dir='ltr'><strong>τις</strong></span> <span class='ocrx_word' id='word_1_43' title='bbox 1265 806 1535 859; x_wconf 80' lang='grc' dir='ltr'>δουλεύων</span> <span class='ocrx_word' id='word_1_44' title='bbox 1580 807 1661 860; x_wconf 77' lang='grc' dir='ltr'>ἑνὶ</span> <span class='ocrx_word' id='word_1_45' title='bbox 1692 807 1770 876; x_wconf 83' lang='grc' dir='ltr'>τῷ</span> <span class='ocrx_word' id='word_1_46' title='bbox 1798 808 1959 862; x_wconf 80' lang='grc' dir='ltr'><strong>πάθει</strong></span> 
     </span>
    </p>
   </div>
   <div class='ocr_carea' id='block_1_9' title="bbox 392 885 1960 967">
    <p class='ocr_par' dir='ltr' id='par_1_9' title="bbox 392 885 1960 967">
     <span class='ocr_line' id='line_1_9' title="bbox 392 885 1960 967; baseline 0.01 -30"><span class='ocrx_word' id='word_1_47' title='bbox 392 885 489 937; x_wconf 75' lang='grc' dir='ltr'>καὶ</span> <span class='ocrx_word' id='word_1_48' title='bbox 522 886 689 954; x_wconf 77' lang='grc' dir='ltr'>μόνῳ,</span> <span class='ocrx_word' id='word_1_49' title='bbox 712 890 810 942; x_wconf 73' lang='grc' dir='ltr'><strong>καὶ</strong></span> <span class='ocrx_word' id='word_1_50' title='bbox 847 890 1021 962; x_wconf 81' lang='grc' dir='ltr'>τούτῳ</span> <span class='ocrx_word' id='word_1_51' title='bbox 1060 910 1122 959; x_wconf 90' lang='grc' dir='ltr'>γε</span> <span class='ocrx_word' id='word_1_52' title='bbox 1170 894 1277 945; x_wconf 82' lang='grc' dir='ltr'><strong>τῶν</strong></span> <span class='ocrx_word' id='word_1_53' title='bbox 1316 898 1663 967; x_wconf 72' lang='grc' dir='ltr'>κουφοτέρων</span> <span class='ocrx_word' id='word_1_54' title='bbox 1702 895 1840 952; x_wconf 71' lang='grc' dir='ltr'>εἶναι</span> <span class='ocrx_word' id='word_1_55' title='bbox 1874 898 1960 953; x_wconf 86' lang='grc' dir='ltr'>δο-</span> 
     </span>
    </p>
   </div>
   <div class='ocr_carea' id='block_1_10' title="bbox 395 973 1956 1060">
    <p class='ocr_par' dir='ltr' id='par_1_10' title="bbox 395 973 1956 1060">
     <span class='ocr_line' id='line_1_10' title="bbox 395 973 1956 1060; baseline 0.012 -36"><span class='ocrx_word' id='word_1_56' title='bbox 395 973 658 1042; x_wconf 83' lang='grc' dir='ltr'>κούντων,</span> <span class='ocrx_word' id='word_1_57' title='bbox 693 977 857 1042; x_wconf 76' lang='grc' dir='ltr'>εὐθὺς</span> <span class='ocrx_word' id='word_1_58' title='bbox 896 981 1102 1049; x_wconf 80' lang='grc' dir='ltr'>ἀκήκοε</span> <span class='ocrx_word' id='word_1_59' title='bbox 1134 986 1263 1054; x_wconf 85' lang='grc' dir='ltr'>παρ’</span> <span class='ocrx_word' id='word_1_60' title='bbox 1293 987 1492 1055; x_wconf 77' lang='grc' dir='ltr'>αὐτῶν,</span> <span class='ocrx_word' id='word_1_61' title='bbox 1526 987 1586 1042; x_wconf 91' lang='lat'><strong>&#39;0</strong></span> <span class='ocrx_word' id='word_1_62' title='bbox 1626 989 1889 1060; x_wconf 80' lang='grc' dir='ltr'>σχέτλιος,</span> <span class='ocrx_word' id='word_1_63' title='bbox 1930 992 1956 1043; x_wconf 88' lang='grc' dir='ltr'><strong>ὀ</strong></span> 
     </span>
    </p>
   </div>
   <div class='ocr_carea' id='block_1_11' title="bbox 391 1064 1956 1142">
    <p class='ocr_par' dir='ltr' id='par_1_11' title="bbox 391 1064 1956 1142">
     <span class='ocr_line' id='line_1_11' title="bbox 391 1064 1956 1142; baseline 0.013 -26"><span class='ocrx_word' id='word_1_64' title='bbox 391 1064 583 1130; x_wconf 78' lang='grc' dir='ltr'>τάλας,</span> <span class='ocrx_word' id='word_1_65' title='bbox 613 1066 780 1122; x_wconf 72' lang='grc' dir='ltr'>πολλὰ</span> <span class='ocrx_word' id='word_1_66' title='bbox 809 1069 996 1142; x_wconf 75' lang='grc' dir='ltr'>ἔτερα.</span> <span class='ocrx_word' id='word_1_67' title='bbox 1030 1076 1141 1127; x_wconf 56' lang='grc' dir='ltr'>Καὶ</span> <span class='ocrx_word' id='word_1_68' title='bbox 1163 1069 1207 1128; x_wconf 80' lang='grc' dir='ltr'><strong>ὦ</strong></span> <span class='ocrx_word' id='word_1_69' title='bbox 1240 1080 1324 1142; x_wconf 77' lang='grc' dir='ltr'><strong>σὺ,</strong></span> <span class='ocrx_word' id='word_1_70' title='bbox 1357 1080 1536 1142; x_wconf 82' lang='grc' dir='ltr'>ποίαις</span> <span class='ocrx_word' id='word_1_71' title='bbox 1569 1081 1854 1135; x_wconf 69' lang='grc' dir='ltr'>κολάσεσιν</span> <span class='ocrx_word' id='word_1_72' title='bbox 1882 1083 1956 1135; x_wconf 80' lang='grc' dir='ltr'>ὢν</span> 
     </span>
    </p>
   </div>
   <div class='ocr_carea' id='block_1_12' title="bbox 393 1154 1989 1238">
    <p class='ocr_par' dir='ltr' id='par_1_12' title="bbox 393 1154 1989 1238">
     <span class='ocr_line' id='line_1_12' title="bbox 393 1154 1989 1238; baseline 0.014 -33"><span class='ocrx_word' id='word_1_73' title='bbox 393 1155 714 1223; x_wconf 78' lang='grc' dir='ltr'>ὑπεύθυνος,</span> <span class='ocrx_word' id='word_1_74' title='bbox 758 1161 819 1213; x_wconf 82' lang='grc' dir='ltr'><strong>οὐ</strong></span> <span class='ocrx_word' id='word_1_75' title='bbox 870 1168 1285 1230; x_wconf 78' lang='grc' dir='ltr'>καταποντίζεις</span> <span class='ocrx_word' id='word_1_76' title='bbox 1343 1173 1598 1238; x_wconf 81' lang='grc' dir='ltr'>σεαυτόν;</span> <span class='ocrx_word' id='word_1_77' title='bbox 1652 1173 1729 1225; x_wconf 82' lang='grc' dir='ltr'><strong>Οὐ</strong></span> <span class='ocrx_word' id='word_1_78' title='bbox 1777 1154 1989 1227; x_wconf 51' lang='grc' dir='ltr'>τοίνυν.</span> 
     </span>
    </p>
   </div>
   <div class='ocr_carea' id='block_1_13' title="bbox 388 1246 1956 1335">
    <p class='ocr_par' dir='ltr' id='par_1_13' title="bbox 388 1246 1956 1335">
     <span class='ocr_line' id='line_1_13' title="bbox 388 1246 1956 1335; baseline 0.013 -39"><span class='ocrx_word' id='word_1_79' title='bbox 388 1246 842 1316; x_wconf 78' lang='grc' dir='ltr'><strong>ἀπαλλάττονται,</strong></span> <span class='ocrx_word' id='word_1_80' title='bbox 873 1255 1089 1323; x_wconf 62' lang='grc' dir='ltr'>προτοῦ</span> <span class='ocrx_word' id='word_1_81' title='bbox 1112 1258 1204 1311; x_wconf 77' lang='grc' dir='ltr'>τὸν</span> <span class='ocrx_word' id='word_1_82' title='bbox 1235 1260 1520 1330; x_wconf 74' lang='grc' dir='ltr'>ἄνθρωπον</span> <span class='ocrx_word' id='word_1_83' title='bbox 1547 1263 1717 1329; x_wconf 76' lang='grc' dir='ltr'>δεῖξαι</span> <span class='ocrx_word' id='word_1_84' title='bbox 1746 1263 1956 1335; x_wconf 88' lang='grc' dir='ltr'>μυρίων</span> 
     </span>
    </p>
   </div>
   <div class='ocr_carea' id='block_1_14' title="bbox 332 1336 1955 1424">
    <p class='ocr_par' dir='ltr' id='par_1_14' title="bbox 332 1336 1955 1424">
     <span class='ocr_line' id='line_1_14' title="bbox 332 1336 1955 1424; baseline 0.014 -38"><span class='ocrx_word' id='word_1_85' title='bbox 332 1372 337 1377; x_wconf 63' lang='lat'><strong><em>.</em></strong></span> <span class='ocrx_word' id='word_1_86' title='bbox 386 1336 517 1390; x_wconf 75' lang='grc' dir='ltr'>ὄντα</span> <span class='ocrx_word' id='word_1_87' title='bbox 540 1340 817 1395; x_wconf 83' lang='grc' dir='ltr'>κολάσεων</span> <span class='ocrx_word' id='word_1_88' title='bbox 839 1345 1007 1411; x_wconf 80' lang='grc' dir='ltr'>ἄξιον,</span> <span class='ocrx_word' id='word_1_89' title='bbox 1034 1350 1292 1422; x_wconf 72' lang='grc' dir='ltr'>ῥητορεία</span> <span class='ocrx_word' id='word_1_90' title='bbox 1320 1353 1609 1424; x_wconf 61' lang='grc' dir='ltr'>(θαυμαστῇ</span> <span class='ocrx_word' id='word_1_91' title='bbox 1636 1355 1773 1424; x_wconf 79' lang='grc' dir='ltr'>πρὸς</span> <span class='ocrx_word' id='word_1_92' title='bbox 1800 1356 1955 1409; x_wconf 76' lang='grc' dir='ltr'>τοῦτο</span> 
     </span>
    </p>
   </div>
   <div class='ocr_carea' id='block_1_15' title="bbox 386 1428 1953 1518">
    <p class='ocr_par' dir='ltr' id='par_1_15' title="bbox 386 1428 1953 1518">
     <span class='ocr_line' id='line_1_15' title="bbox 386 1428 1953 1518; baseline 0.013 -37"><span class='ocrx_word' id='word_1_93' title='bbox 386 1428 683 1498; x_wconf 79' lang='grc' dir='ltr'>χρώμενοι.</span> <span class='ocrx_word' id='word_1_94' title='bbox 712 1435 832 1488; x_wconf 76' lang='grc' dir='ltr'>Εἴτε</span> <span class='ocrx_word' id='word_1_95' title='bbox 869 1440 976 1509; x_wconf 81' lang='grc' dir='ltr'><strong>γὰρ</strong></span> <span class='ocrx_word' id='word_1_96' title='bbox 1006 1441 1200 1494; x_wconf 84' lang='grc' dir='ltr'>νωθεία</span> <span class='ocrx_word' id='word_1_97' title='bbox 1234 1444 1320 1507; x_wconf 88' lang='grc' dir='ltr'><strong>τίς</strong></span> <span class='ocrx_word' id='word_1_98' title='bbox 1359 1448 1474 1497; x_wconf 72' lang='grc' dir='ltr'>ἐστι</span> <span class='ocrx_word' id='word_1_99' title='bbox 1505 1446 1563 1498; x_wconf 79' lang='grc' dir='ltr'>τὸ</span> <span class='ocrx_word' id='word_1_100' title='bbox 1594 1447 1953 1518; x_wconf 70' lang='grc' dir='ltr'>διαϐαλλόμε-</span> 
     </span>
    </p>
   </div>
   <div class='ocr_carea' id='block_1_16' title="bbox 384 1524 1954 1607">
    <p class='ocr_par' dir='ltr' id='par_1_16' title="bbox 384 1524 1954 1607">
     <span class='ocr_line' id='line_1_16' title="bbox 384 1524 1954 1607; baseline 0.013 -35"><span class='ocrx_word' id='word_1_101' title='bbox 384 1536 494 1586; x_wconf 85' lang='grc' dir='ltr'>νον,</span> <span class='ocrx_word' id='word_1_102' title='bbox 525 1524 623 1576; x_wconf 86' lang='grc' dir='ltr'>είτ’</span> <span class='ocrx_word' id='word_1_103' title='bbox 653 1526 915 1598; x_wconf 75' lang='grc' dir='ltr'>ὀλιγωρία</span> <span class='ocrx_word' id='word_1_104' title='bbox 944 1532 1079 1600; x_wconf 64' lang='grc' dir='ltr'>πρὸς</span> <span class='ocrx_word' id='word_1_105' title='bbox 1112 1533 1375 1602; x_wconf 71' lang='grc' dir='ltr'>τάγαθὸν,</span> <span class='ocrx_word' id='word_1_106' title='bbox 1405 1537 1437 1603; x_wconf 85' lang='grc' dir='ltr'>ἠ</span> <span class='ocrx_word' id='word_1_107' title='bbox 1474 1537 1501 1589; x_wconf 85' lang='grc' dir='ltr'>ὃ</span> <span class='ocrx_word' id='word_1_108' title='bbox 1527 1538 1577 1591; x_wconf 89' lang='grc' dir='ltr'><strong>τί</strong></span> <span class='ocrx_word' id='word_1_109' title='bbox 1607 1555 1713 1607; x_wconf 88' lang='grc' dir='ltr'><strong>περ</strong></span> <span class='ocrx_word' id='word_1_110' title='bbox 1746 1539 1812 1592; x_wconf 86' lang='grc' dir='ltr'><strong>ἂν</strong></span> <span class='ocrx_word' id='word_1_111' title='bbox 1847 1540 1954 1591; x_wconf 82' lang='grc' dir='ltr'>τῶν</span> 
     </span>
    </p>
   </div>
   <div class='ocr_carea' id='block_1_17' title="bbox 385 1610 1951 1700">
    <p class='ocr_par' dir='ltr' id='par_1_17' title="bbox 385 1610 1951 1700">
     <span class='ocr_line' id='line_1_17' title="bbox 385 1610 1951 1700; baseline 0.015 -39"><span class='ocrx_word' id='word_1_112' title='bbox 385 1610 641 1666; x_wconf 79' lang='grc' dir='ltr'>ὁπωσοῦν</span> <span class='ocrx_word' id='word_1_113' title='bbox 703 1619 761 1670; x_wconf 78' lang='grc' dir='ltr'><strong>οὐ</strong></span> <span class='ocrx_word' id='word_1_114' title='bbox 805 1619 1005 1687; x_wconf 85' lang='grc' dir='ltr'>καλῶν,</span> <span class='ocrx_word' id='word_1_115' title='bbox 1039 1625 1353 1692; x_wconf 78' lang='grc' dir='ltr'>ἐξαίρουσιν</span> <span class='ocrx_word' id='word_1_116' title='bbox 1393 1628 1524 1682; x_wconf 75' lang='grc' dir='ltr'>αὐτὸ</span> <span class='ocrx_word' id='word_1_117' title='bbox 1563 1630 1682 1697; x_wconf 80' lang='grc' dir='ltr'>μεθ’</span> <span class='ocrx_word' id='word_1_118' title='bbox 1716 1632 1951 1700; x_wconf 77' lang='grc' dir='ltr'>ὑπερϐο-</span> 
     </span>
    </p>
   </div>
   <div class='ocr_carea' id='block_1_18' title="bbox 383 1703 1952 1803">
    <p class='ocr_par' dir='ltr' id='par_1_18' title="bbox 383 1703 1952 1803">
     <span class='ocr_line' id='line_1_18' title="bbox 383 1703 1952 1803; baseline 0.012 -47"><span class='ocrx_word' id='word_1_119' title='bbox 383 1703 502 1803; x_wconf 64' lang='grc' dir='ltr'>λῆςι</span> <span class='ocrx_word' id='word_1_120' title='bbox 537 1706 635 1768; x_wconf 81' lang='grc' dir='ltr'><strong>τὰς</strong></span> <span class='ocrx_word' id='word_1_121' title='bbox 686 1708 733 1760; x_wconf 84' lang='grc' dir='ltr'>δ’</span> <span class='ocrx_word' id='word_1_122' title='bbox 762 1711 1177 1783; x_wconf 79' lang='grc' dir='ltr'>ἐνυπαρχούσας</span> <span class='ocrx_word' id='word_1_123' title='bbox 1224 1719 1373 1789; x_wconf 80' lang='grc' dir='ltr'>αὐτῷ</span> <span class='ocrx_word' id='word_1_124' title='bbox 1423 1721 1643 1787; x_wconf 74' lang='grc' dir='ltr'>ἀρετὰς,</span> <span class='ocrx_word' id='word_1_125' title='bbox 1672 1724 1801 1803; x_wconf 38' lang='grc' dir='ltr'>’κᾶν</span> <span class='ocrx_word' id='word_1_126' title='bbox 1845 1726 1952 1775; x_wconf 78' lang='grc' dir='ltr'>τῶν</span> 
     </span>
    </p>
   </div>
   <div class='ocr_carea' id='block_1_19' title="bbox 2066 610 3630 683">
    <p class='ocr_par' dir='ltr' id='par_1_19' title="bbox 2066 610 3630 683">
     <span class='ocr_line' id='line_1_19' title="bbox 2066 610 3630 683; baseline 0 -16"><span class='ocrx_word' id='word_1_127' title='bbox 2066 630 2129 668; x_wconf 90' lang='lat' dir='ltr'><strong>us</strong></span> <span class='ocrx_word' id='word_1_128' title='bbox 2182 616 2446 683; x_wconf 77' lang='lat' dir='ltr'><strong>quispiam</strong></span> <span class='ocrx_word' id='word_1_129' title='bbox 2499 617 2552 670; x_wconf 91' lang='lat' dir='ltr'><strong>in</strong></span> <span class='ocrx_word' id='word_1_130' title='bbox 2587 616 2773 671; x_wconf 82' lang='lat' dir='ltr'><strong>eadem</strong></span> <span class='ocrx_word' id='word_1_131' title='bbox 2808 616 3060 671; x_wconf 84' lang='lat' dir='ltr'><strong>inciderit</strong></span> <span class='ocrx_word' id='word_1_132' title='bbox 3105 610 3254 682; x_wconf 76' lang='lat' dir='ltr'><strong>vitia,</strong></span> <span class='ocrx_word' id='word_1_133' title='bbox 3306 624 3359 669; x_wconf 89' lang='lat' dir='ltr'><strong>et</strong></span> <span class='ocrx_word' id='word_1_134' title='bbox 3391 614 3630 669; x_wconf 81' lang='lat' dir='ltr'><strong>vicissim</strong></span> 
     </span>
    </p>
   </div>
   <div class='ocr_carea' id='block_1_20' title="bbox 2065 693 3635 773">
    <p class='ocr_par' dir='ltr' id='par_1_20' title="bbox 2065 693 3635 773">
     <span class='ocr_line' id='line_1_20' title="bbox 2065 693 3635 773; baseline 0.002 -15"><span class='ocrx_word' id='word_1_135' title='bbox 2065 706 2352 761; x_wconf 87' lang='lat' dir='ltr'><strong>virtutibus</strong></span> <span class='ocrx_word' id='word_1_136' title='bbox 2409 708 2599 762; x_wconf 84' lang='lat' dir='ltr'><strong>iisdem</strong></span> <span class='ocrx_word' id='word_1_137' title='bbox 2636 717 2804 763; x_wconf 86' lang='lat' dir='ltr'><strong>semet</strong></span> <span class='ocrx_word' id='word_1_138' title='bbox 2838 706 3164 772; x_wconf 76' lang='lat' dir='ltr'><strong>exercuerit,</strong></span> <span class='ocrx_word' id='word_1_139' title='bbox 3217 705 3346 773; x_wconf 71' lang='lat' dir='ltr'><strong>ipsa:</strong></span> <span class='ocrx_word' id='word_1_140' title='bbox 3400 693 3635 762; x_wconf 83' lang='lat' dir='ltr'><strong>virtutes</strong></span> 
     </span>
    </p>
   </div>
   <div class='ocr_carea' id='block_1_21' title="bbox 2063 778 3631 863">
    <p class='ocr_par' dir='ltr' id='par_1_21' title="bbox 2063 778 3631 863">
     <span class='ocr_line' id='line_1_21' title="bbox 2063 778 3631 863; baseline 0.001 -14"><span class='ocrx_word' id='word_1_141' title='bbox 2063 797 2316 851; x_wconf 77' lang='lat' dir='ltr'><strong>oblivioni</strong></span> <span class='ocrx_word' id='word_1_142' title='bbox 2348 799 2650 862; x_wconf 88' lang='lat' dir='ltr'><strong>traduntur,</strong></span> <span class='ocrx_word' id='word_1_143' title='bbox 2676 809 2729 853; x_wconf 87' lang='lat' dir='ltr'><strong>et</strong></span> <span class='ocrx_word' id='word_1_144' title='bbox 2774 799 3032 853; x_wconf 87' lang='lat' dir='ltr'><strong>adversus</strong></span> <span class='ocrx_word' id='word_1_145' title='bbox 3059 813 3150 852; x_wconf 92' lang='lat' dir='ltr'><strong>eos</strong></span> <span class='ocrx_word' id='word_1_146' title='bbox 3175 778 3445 851; x_wconf 60' lang='lat' dir='ltr'><strong>sententia</strong></span> <span class='ocrx_word' id='word_1_147' title='bbox 3474 796 3631 863; x_wconf 87' lang='lat' dir='ltr'><strong>plena</strong></span> 
     </span>
    </p>
   </div>
   <div class='ocr_carea' id='block_1_22' title="bbox 2061 883 3630 956">
    <p class='ocr_par' dir='ltr' id='par_1_22' title="bbox 2061 883 3630 956">
     <span class='ocr_line' id='line_1_22' title="bbox 2061 883 3630 956; baseline -0.002 -17"><span class='ocrx_word' id='word_1_148' title='bbox 2061 885 2266 939; x_wconf 87' lang='lat' dir='ltr'><strong>cavillis</strong></span> <span class='ocrx_word' id='word_1_149' title='bbox 2297 885 2586 954; x_wconf 77' lang='lat' dir='ltr'><strong>profertur.</strong></span> <span class='ocrx_word' id='word_1_150' title='bbox 2620 887 2681 940; x_wconf 87' lang='lat' dir='ltr'><strong>Et</strong></span> <span class='ocrx_word' id='word_1_151' title='bbox 2704 887 2829 953; x_wconf 89' lang='lat' dir='ltr'><strong>quid</strong></span> <span class='ocrx_word' id='word_1_152' title='bbox 2854 902 2952 956; x_wconf 82' lang='lat' dir='ltr'><strong>ego</strong></span> <span class='ocrx_word' id='word_1_153' title='bbox 2978 887 3127 952; x_wconf 88' lang='lat' dir='ltr'><strong>plura</strong></span> <span class='ocrx_word' id='word_1_154' title='bbox 3154 887 3274 941; x_wconf 92' lang='lat' dir='ltr'><strong>dico</strong></span> <span class='ocrx_word' id='word_1_155' title='bbox 3298 886 3459 939; x_wconf 79' lang='lat' dir='ltr'><strong>vitia?</strong></span> <span class='ocrx_word' id='word_1_156' title='bbox 3490 883 3630 937; x_wconf 86' lang='lat' dir='ltr'><strong>Nam</strong></span> 
     </span>
    </p>
   </div>
   <div class='ocr_carea' id='block_1_23' title="bbox 2062 976 3635 1045">
    <p class='ocr_par' dir='ltr' id='par_1_23' title="bbox 2062 976 3635 1045">
     <span class='ocr_line' id='line_1_23' title="bbox 2062 976 3635 1045; baseline 0.002 -16"><span class='ocrx_word' id='word_1_157' title='bbox 2062 976 2247 1045; x_wconf 85' lang='lat' dir='ltr'><strong>siquis</strong></span> <span class='ocrx_word' id='word_1_158' title='bbox 2277 979 2557 1032; x_wconf 88' lang='lat' dir='ltr'><strong>convictus</strong></span> <span class='ocrx_word' id='word_1_159' title='bbox 2616 978 2776 1031; x_wconf 83' lang='lat' dir='ltr'><strong>fuerit</strong></span> <span class='ocrx_word' id='word_1_160' title='bbox 2831 979 2919 1032; x_wconf 90' lang='lat' dir='ltr'><strong>uni</strong></span> <span class='ocrx_word' id='word_1_161' title='bbox 2999 980 3372 1033; x_wconf 78' lang='lat' dir='ltr'><strong>tantummodo</strong></span> <span class='ocrx_word' id='word_1_162' title='bbox 3425 978 3635 1033; x_wconf 75' lang='lat' dir='ltr'><strong>servire</strong></span> 
     </span>
    </p>
   </div>
   <div class='ocr_carea' id='block_1_24' title="bbox 2060 1068 3631 1151">
    <p class='ocr_par' dir='ltr' id='par_1_24' title="bbox 2060 1068 3631 1151">
     <span class='ocr_line' id='line_1_24' title="bbox 2060 1068 3631 1151; baseline -0.003 -28"><span class='ocrx_word' id='word_1_163' title='bbox 2060 1069 2217 1131; x_wconf 84' lang='lat' dir='ltr'><strong>vitio,</strong></span> <span class='ocrx_word' id='word_1_164' title='bbox 2255 1070 2503 1138; x_wconf 83' lang='lat' dir='ltr'><strong>quodque</strong></span> <span class='ocrx_word' id='word_1_165' title='bbox 2557 1069 2744 1151; x_wconf 48' lang='lat' dir='ltr'><strong>levius.</strong></span> <span class='ocrx_word' id='word_1_166' title='bbox 2780 1068 2943 1123; x_wconf 89' lang='lat' dir='ltr'><strong>etiam</strong></span> <span class='ocrx_word' id='word_1_167' title='bbox 2976 1083 3096 1124; x_wconf 85' lang='lat' dir='ltr'><strong>esse</strong></span> <span class='ocrx_word' id='word_1_168' title='bbox 3143 1068 3412 1129; x_wconf 89' lang='lat' dir='ltr'><strong>videatur.</strong></span> <span class='ocrx_word' id='word_1_169' title='bbox 3451 1069 3631 1121; x_wconf 79' lang='lat' dir='ltr'><strong>statim</strong></span> 
     </span>
    </p>
   </div>
   <div class='ocr_carea' id='block_1_25' title="bbox 2060 1156 3633 1230">
    <p class='ocr_par' dir='ltr' id='par_1_25' title="bbox 2060 1156 3633 1230">
     <span class='ocr_line' id='line_1_25' title="bbox 2060 1156 3633 1230; baseline 0.002 -19"><span class='ocrx_word' id='word_1_170' title='bbox 2060 1158 2126 1212; x_wconf 89' lang='lat' dir='ltr'><strong>ab</strong></span> <span class='ocrx_word' id='word_1_171' title='bbox 2160 1156 2262 1215; x_wconf 84' lang='lat' dir='ltr'><strong>illis</strong></span> <span class='ocrx_word' id='word_1_172' title='bbox 2288 1160 2457 1225; x_wconf 83' lang='lat' dir='ltr'><strong>audit,</strong></span> <span class='ocrx_word' id='word_1_173' title='bbox 2486 1160 2647 1215; x_wconf 85' lang='lat' dir='ltr'><strong>Miser</strong></span> <span class='ocrx_word' id='word_1_174' title='bbox 2681 1161 2790 1223; x_wconf 91' lang='lat' dir='ltr'><strong>ille,</strong></span> <span class='ocrx_word' id='word_1_175' title='bbox 2829 1159 3013 1216; x_wconf 77' lang='lat' dir='ltr'><strong>infelix</strong></span> <span class='ocrx_word' id='word_1_176' title='bbox 3069 1159 3177 1224; x_wconf 89' lang='lat' dir='ltr'><strong>ille,</strong></span> <span class='ocrx_word' id='word_1_177' title='bbox 3212 1159 3434 1229; x_wconf 87' lang='lat' dir='ltr'><strong>aliaque</strong></span> <span class='ocrx_word' id='word_1_178' title='bbox 3473 1158 3633 1230; x_wconf 87' lang='lat' dir='ltr'><strong>plura</strong></span> 
     </span>
    </p>
   </div>
   <div class='ocr_carea' id='block_1_26' title="bbox 2059 1249 3631 1321">
    <p class='ocr_par' dir='ltr' id='par_1_26' title="bbox 2059 1249 3631 1321">
     <span class='ocr_line' id='line_1_26' title="bbox 2059 1249 3631 1321; baseline 0.001 -18"><span class='ocrx_word' id='word_1_179' title='bbox 2059 1250 2217 1316; x_wconf 86' lang='lat' dir='ltr'><strong>talia;</strong></span> <span class='ocrx_word' id='word_1_180' title='bbox 2252 1251 2401 1313; x_wconf 87' lang='lat' dir='ltr'><strong>item,</strong></span> <span class='ocrx_word' id='word_1_181' title='bbox 2430 1250 2473 1306; x_wconf 94' lang='grc' dir='ltr'><strong>Ο</strong></span> <span class='ocrx_word' id='word_1_182' title='bbox 2509 1261 2585 1317; x_wconf 87' lang='grc' dir='ltr'>ιιι,</span> <span class='ocrx_word' id='word_1_183' title='bbox 2633 1252 2875 1321; x_wconf 78' lang='lat' dir='ltr'><strong>qualium</strong></span> <span class='ocrx_word' id='word_1_184' title='bbox 2912 1249 3039 1306; x_wconf 46' lang='lat' dir='ltr'><strong>reus’</strong></span> <span class='ocrx_word' id='word_1_185' title='bbox 3071 1250 3466 1320; x_wconf 86' lang='lat' dir='ltr'><strong>suppliciorum</strong></span> <span class='ocrx_word' id='word_1_186' title='bbox 3525 1267 3631 1305; x_wconf 82' lang='lat' dir='ltr'><strong>non</strong></span> 
     </span>
    </p>
   </div>
   <div class='ocr_carea' id='block_1_27' title="bbox 2059 1338 3628 1420">
    <p class='ocr_par' dir='ltr' id='par_1_27' title="bbox 2059 1338 3628 1420">
     <span class='ocr_line' id='line_1_27' title="bbox 2059 1338 3628 1420; baseline -0.001 -24"><span class='ocrx_word' id='word_1_187' title='bbox 2059 1343 2285 1420; x_wconf 83' lang='lat' dir='ltr'><strong>teipsum</strong></span> <span class='ocrx_word' id='word_1_188' title='bbox 2324 1342 2629 1410; x_wconf 70' lang='lat' dir='ltr'><strong>demersis?</strong></span> <span class='ocrx_word' id='word_1_189' title='bbox 2655 1344 2836 1413; x_wconf 85' lang='lat' dir='ltr'><strong>itaque</strong></span> <span class='ocrx_word' id='word_1_190' title='bbox 2863 1359 2971 1398; x_wconf 89' lang='lat' dir='ltr'><strong>non</strong></span> <span class='ocrx_word' id='word_1_191' title='bbox 2998 1338 3248 1397; x_wconf 87' lang='lat' dir='ltr'><strong>desinunt</strong></span> <span class='ocrx_word' id='word_1_192' title='bbox 3282 1343 3432 1411; x_wconf 87' lang='lat' dir='ltr'><strong>prius</strong></span> <span class='ocrx_word' id='word_1_193' title='bbox 3466 1357 3628 1410; x_wconf 87' lang='lat' dir='ltr'><strong>quam</strong></span> 
     </span>
    </p>
   </div>
   <div class='ocr_carea' id='block_1_28' title="bbox 2057 1434 3633 1503">
    <p class='ocr_par' dir='ltr' id='par_1_28' title="bbox 2057 1434 3633 1503">
     <span class='ocr_line' id='line_1_28' title="bbox 2057 1434 3633 1503; baseline 0.003 -18"><span class='ocrx_word' id='word_1_194' title='bbox 2057 1434 2421 1502; x_wconf 81' lang='lat' dir='ltr'><strong>ostenderint,</strong></span> <span class='ocrx_word' id='word_1_195' title='bbox 2474 1437 2745 1491; x_wconf 90' lang='lat' dir='ltr'><strong>hominem</strong></span> <span class='ocrx_word' id='word_1_196' title='bbox 2782 1446 3032 1491; x_wconf 80' lang='lat' dir='ltr'><strong>sexcenta</strong></span> <span class='ocrx_word' id='word_1_197' title='bbox 3062 1437 3311 1490; x_wconf 89' lang='lat' dir='ltr'><strong>meritum</strong></span> <span class='ocrx_word' id='word_1_198' title='bbox 3343 1434 3633 1503; x_wconf 86' lang='lat' dir='ltr'><strong>supplicia.</strong></span> 
     </span>
    </p>
   </div>
   <div class='ocr_carea' id='block_1_29' title="bbox 2058 1512 3628 1594">
    <p class='ocr_par' dir='ltr' id='par_1_29' title="bbox 2058 1512 3628 1594">
     <span class='ocr_line' id='line_1_29' title="bbox 2058 1512 3628 1594; baseline 0 -17"><span class='ocrx_word' id='word_1_199' title='bbox 2058 1524 2231 1588; x_wconf 84' lang='lat' dir='ltr'><strong>Quam</strong></span> <span class='ocrx_word' id='word_1_200' title='bbox 2261 1532 2325 1582; x_wconf 87' lang='lat' dir='ltr'><strong>ad</strong></span> <span class='ocrx_word' id='word_1_201' title='bbox 2359 1542 2469 1582; x_wconf 90' lang='lat' dir='ltr'><strong>rem</strong></span> <span class='ocrx_word' id='word_1_202' title='bbox 2500 1527 2804 1582; x_wconf 83' lang='lat' dir='ltr'><strong>admirabili</strong></span> <span class='ocrx_word' id='word_1_203' title='bbox 2838 1512 3089 1582; x_wconf 78' lang='lat' dir='ltr'><strong>facundia</strong></span> <span class='ocrx_word' id='word_1_204' title='bbox 3118 1525 3352 1594; x_wconf 88' lang='lat' dir='ltr'><strong>quadam</strong></span> <span class='ocrx_word' id='word_1_205' title='bbox 3381 1536 3628 1584; x_wconf 85' lang='lat' dir='ltr'><strong>utuntur;</strong></span> 
     </span>
    </p>
   </div>
   <div class='ocr_carea' id='block_1_30' title="bbox 2059 1617 3631 1689">
    <p class='ocr_par' dir='ltr' id='par_1_30' title="bbox 2059 1617 3631 1689">
     <span class='ocr_line' id='line_1_30' title="bbox 2059 1617 3631 1689; baseline 0.001 -20"><span class='ocrx_word' id='word_1_206' title='bbox 2059 1632 2178 1670; x_wconf 88' lang='lat' dir='ltr'><strong>nam</strong></span> <span class='ocrx_word' id='word_1_207' title='bbox 2216 1619 2330 1672; x_wconf 87' lang='lat' dir='ltr'><strong>sive</strong></span> <span class='ocrx_word' id='word_1_208' title='bbox 2354 1619 2575 1687; x_wconf 81' lang='lat' dir='ltr'><strong>ignavia</strong></span> <span class='ocrx_word' id='word_1_209' title='bbox 2599 1629 2679 1674; x_wconf 88' lang='lat' dir='ltr'><strong>est</strong></span> <span class='ocrx_word' id='word_1_210' title='bbox 2710 1636 2829 1689; x_wconf 62' lang='lat' dir='ltr'><strong>qua:</strong></span> <span class='ocrx_word' id='word_1_211' title='bbox 2861 1620 3076 1673; x_wconf 87' lang='lat' dir='ltr'><strong>crimini</strong></span> <span class='ocrx_word' id='word_1_212' title='bbox 3105 1619 3282 1681; x_wconf 83' lang='lat' dir='ltr'><strong>datur,</strong></span> <span class='ocrx_word' id='word_1_213' title='bbox 3308 1618 3424 1672; x_wconf 81' lang='lat' dir='ltr'><strong>sive</strong></span> <span class='ocrx_word' id='word_1_214' title='bbox 3450 1617 3631 1687; x_wconf 68' lang='lat' dir='ltr'><strong>segni-</strong></span> 
     </span>
    </p>
   </div>
   <div class='ocr_carea' id='block_1_31' title="bbox 2058 1702 3632 1780">
    <p class='ocr_par' dir='ltr' id='par_1_31' title="bbox 2058 1702 3632 1780">
     <span class='ocr_line' id='line_1_31' title="bbox 2058 1702 3632 1780; baseline 0.001 -18"><span class='ocrx_word' id='word_1_215' title='bbox 2058 1702 2157 1763; x_wconf 86' lang='lat' dir='ltr'><strong>ties</strong></span> <span class='ocrx_word' id='word_1_216' title='bbox 2183 1711 2247 1763; x_wconf 89' lang='lat' dir='ltr'><strong>ad</strong></span> <span class='ocrx_word' id='word_1_217' title='bbox 2278 1710 2503 1773; x_wconf 87' lang='lat' dir='ltr'><strong>bonum,</strong></span> <span class='ocrx_word' id='word_1_218' title='bbox 2551 1713 2628 1764; x_wconf 87' lang='lat' dir='ltr'><strong>vel</strong></span> <span class='ocrx_word' id='word_1_219' title='bbox 2658 1713 2871 1777; x_wconf 84' lang='lat' dir='ltr'><strong>quidvis</strong></span> <span class='ocrx_word' id='word_1_220' title='bbox 2922 1710 3062 1765; x_wconf 86' lang='lat' dir='ltr'><strong>aliud</strong></span> <span class='ocrx_word' id='word_1_221' title='bbox 3108 1724 3432 1780; x_wconf 83' lang='lat' dir='ltr'><strong>quocunque</strong></span> <span class='ocrx_word' id='word_1_222' title='bbox 3474 1712 3632 1764; x_wconf 77' lang='lat' dir='ltr'><strong>modo</strong></span> 
     </span>
    </p>
   </div>
   <div class='ocr_carea' id='block_1_32' title="bbox 384 1796 1955 1901">
    <p class='ocr_par' dir='ltr' id='par_1_32' title="bbox 384 1796 1951 1885">
     <span class='ocr_line' id='line_1_32' title="bbox 384 1796 1951 1885; baseline 0.013 -36"><span class='ocrx_word' id='word_1_223' title='bbox 384 1796 529 1864; x_wconf 78' lang='grc' dir='ltr'>ἄγαν</span> <span class='ocrx_word' id='word_1_224' title='bbox 558 1800 959 1872; x_wconf 71' lang='grc' dir='ltr'>δυσπορίστων,</span> <span class='ocrx_word' id='word_1_225' title='bbox 981 1809 1072 1859; x_wconf 73' lang='grc' dir='ltr'><strong>καὶ</strong></span> <span class='ocrx_word' id='word_1_226' title='bbox 1096 1809 1559 1881; x_wconf 83' lang='grc' dir='ltr'>δυσκατορθὼτων</span> <span class='ocrx_word' id='word_1_227' title='bbox 1583 1796 1716 1867; x_wconf 67' lang='grc' dir='ltr'>ὧσίν</span> <span class='ocrx_word' id='word_1_228' title='bbox 1744 1816 1951 1885; x_wconf 79' lang='grc' dir='ltr'>ἀνθρώ·</span> 
     </span>
    </p>
   </div>
   <div class='ocr_carea' id='block_1_33' title="bbox 2059 1796 3631 1901">
    <p class='ocr_par' dir='ltr' id='par_1_33' title="bbox 2059 1802 3631 1872">
     <span class='ocr_line' id='line_1_33' title="bbox 2059 1802 3631 1872; baseline -0.001 -17"><span class='ocrx_word' id='word_1_229' title='bbox 2059 1817 2165 1856; x_wconf 85' lang='lat' dir='ltr'><strong>non</strong></span> <span class='ocrx_word' id='word_1_230' title='bbox 2195 1802 2415 1867; x_wconf 86' lang='lat' dir='ltr'><strong>bonum,</strong></span> <span class='ocrx_word' id='word_1_231' title='bbox 2457 1803 2683 1857; x_wconf 89' lang='lat' dir='ltr'><strong>nimium</strong></span> <span class='ocrx_word' id='word_1_232' title='bbox 2712 1810 2971 1872; x_wconf 87' lang='lat' dir='ltr'><strong>quantum</strong></span> <span class='ocrx_word' id='word_1_233' title='bbox 3023 1818 3133 1856; x_wconf 87' lang='lat' dir='ltr'><strong>rem</strong></span> <span class='ocrx_word' id='word_1_234' title='bbox 3170 1802 3313 1856; x_wconf 81' lang='lat' dir='ltr'><strong>illam</strong></span> <span class='ocrx_word' id='word_1_235' title='bbox 3364 1802 3631 1855; x_wconf 75' lang='lat' dir='ltr'><strong>extollunt</strong></span> 
     </span>
    </p>
   </div>
   <div class='ocr_carea' id='block_1_34' title="bbox 350 1896 1954 1976">
    <p class='ocr_par' dir='ltr' id='par_1_34' title="bbox 350 1896 1954 1976">
     <span class='ocr_line' id='line_1_34' title="bbox 350 1896 1954 1976; baseline 0.015 -36"><span class='ocrx_word' id='word_1_236' title='bbox 350 1957 354 1961; x_wconf 10' lang='grc' dir='ltr'><strong><em>ἰ</em></strong></span> <span class='ocrx_word' id='word_1_237' title='bbox 382 1905 527 1976; x_wconf 78' lang='grc' dir='ltr'>ποις,</span> <span class='ocrx_word' id='word_1_238' title='bbox 556 1896 953 1962; x_wconf 79' lang='grc' dir='ltr'>νενοθευμένας</span> <span class='ocrx_word' id='word_1_239' title='bbox 989 1900 1098 1952; x_wconf 78' lang='grc' dir='ltr'>οἶδε</span> <span class='ocrx_word' id='word_1_240' title='bbox 1126 1902 1352 1956; x_wconf 80' lang='grc' dir='ltr'>καλοῦσι</span> <span class='ocrx_word' id='word_1_241' title='bbox 1380 1904 1468 1957; x_wconf 69' lang='grc' dir='ltr'><strong>διὰ</strong></span> <span class='ocrx_word' id='word_1_242' title='bbox 1500 1907 1599 1975; x_wconf 75' lang='grc' dir='ltr'>τὴν</span> <span class='ocrx_word' id='word_1_243' title='bbox 1626 1907 1724 1976; x_wconf 85' lang='grc' dir='ltr'>τῆς</span> <span class='ocrx_word' id='word_1_244' title='bbox 1756 1908 1954 1973; x_wconf 79' lang='grc' dir='ltr'>κακίας</span> 
     </span>
    </p>
   </div>
   <div class='ocr_carea' id='block_1_35' title="bbox 382 1975 1953 2069">
    <p class='ocr_par' dir='ltr' id='par_1_35' title="bbox 382 1975 1953 2069">
     <span class='ocr_line' id='line_1_35' title="bbox 382 1975 1953 2069; baseline 0.017 -43"><span class='ocrx_word' id='word_1_245' title='bbox 382 1975 681 2069; x_wconf 68' lang='grc' dir='ltr'>ἐπιμιξίαν,</span> <span class='ocrx_word' id='word_1_246' title='bbox 710 1980 846 2036; x_wconf 77' lang='grc' dir='ltr'>Εἶτα</span> <span class='ocrx_word' id='word_1_247' title='bbox 863 1986 976 2049; x_wconf 84' lang='grc' dir='ltr'><strong>πῶς</strong></span> <span class='ocrx_word' id='word_1_248' title='bbox 994 1988 1203 2053; x_wconf 70' lang='grc' dir='ltr'>ἐκεῖνος</span> <span class='ocrx_word' id='word_1_249' title='bbox 1219 1993 1316 2057; x_wconf 83' lang='grc' dir='ltr'><strong>μὲν</strong></span> <span class='ocrx_word' id='word_1_250' title='bbox 1333 1994 1524 2059; x_wconf 72' lang='grc' dir='ltr'>κακὸς,</span> <span class='ocrx_word' id='word_1_251' title='bbox 1537 1998 1561 2047; x_wconf 77' lang='grc' dir='ltr'><strong>δ</strong></span> <span class='ocrx_word' id='word_1_252' title='bbox 1576 1975 1953 2069; x_wconf 58' lang='grc' dir='ltr'>ἀμριρρεπὴς,</span> 
     </span>
    </p>
   </div>
   <div class='ocr_carea' id='block_1_36' title="bbox 386 2068 1952 2161">
    <p class='ocr_par' dir='ltr' id='par_1_36' title="bbox 386 2068 1952 2161">
     <span class='ocr_line' id='line_1_36' title="bbox 386 2068 1952 2161; baseline 0.015 -41"><span class='ocrx_word' id='word_1_253' title='bbox 386 2068 449 2120; x_wconf 74' lang='grc' dir='ltr'><strong>σὺ</strong></span> <span class='ocrx_word' id='word_1_254' title='bbox 473 2069 517 2121; x_wconf 82' lang='grc' dir='ltr'>δ’</span> <span class='ocrx_word' id='word_1_255' title='bbox 548 2073 736 2142; x_wconf 79' lang='grc' dir='ltr'>ἐκείνῳ</span> <span class='ocrx_word' id='word_1_256' title='bbox 769 2068 944 2130; x_wconf 79' lang='grc' dir='ltr'>πάντα</span> <span class='ocrx_word' id='word_1_257' title='bbox 983 2079 1057 2132; x_wconf 82' lang='grc' dir='ltr'>ὢν</span> <span class='ocrx_word' id='word_1_258' title='bbox 1081 2083 1173 2134; x_wconf 77' lang='grc' dir='ltr'><strong>καὶ</strong></span> <span class='ocrx_word' id='word_1_259' title='bbox 1208 2085 1307 2151; x_wconf 87' lang='grc' dir='ltr'><strong>τὴν</strong></span> <span class='ocrx_word' id='word_1_260' title='bbox 1334 2086 1552 2155; x_wconf 76' lang='grc' dir='ltr'>ἀρετὴν,</span> <span class='ocrx_word' id='word_1_261' title='bbox 1570 2090 1663 2141; x_wconf 75' lang='grc' dir='ltr'><strong>καὶ</strong></span> <span class='ocrx_word' id='word_1_262' title='bbox 1790 2107 1952 2161; x_wconf 82' lang='grc' dir='ltr'>πονη-</span> 
     </span>
    </p>
   </div>
   <div class='ocr_carea' id='block_1_37' title="bbox 384 2161 1956 2252">
    <p class='ocr_par' dir='ltr' id='par_1_37' title="bbox 384 2161 1956 2252">
     <span class='ocr_line' id='line_1_37' title="bbox 384 2161 1956 2252; baseline 0.015 -40"><span class='ocrx_word' id='word_1_263' title='bbox 384 2161 507 2230; x_wconf 85' lang='grc' dir='ltr'>ρίαν</span> <span class='ocrx_word' id='word_1_264' title='bbox 527 2163 840 2236; x_wconf 67' lang='grc' dir='ltr'>ἐφάμιλλος,</span> <span class='ocrx_word' id='word_1_265' title='bbox 858 2169 1128 2237; x_wconf 71' lang='grc' dir='ltr'>βέλτιστος</span> <span class='ocrx_word' id='word_1_266' title='bbox 1150 2173 1214 2227; x_wconf 85' lang='grc' dir='ltr'>ἂν</span> <span class='ocrx_word' id='word_1_267' title='bbox 1230 2175 1367 2245; x_wconf 73' lang='grc' dir='ltr'>είῆς,</span> <span class='ocrx_word' id='word_1_268' title='bbox 1389 2178 1481 2230; x_wconf 71' lang='grc' dir='ltr'><strong>καὶ</strong></span> <span class='ocrx_word' id='word_1_269' title='bbox 1499 2178 1730 2247; x_wconf 81' lang='grc' dir='ltr'>ἀγαθός;</span> <span class='ocrx_word' id='word_1_270' title='bbox 1760 2182 1829 2237; x_wconf 84' lang='grc' dir='ltr'>Ἣ</span> <span class='ocrx_word' id='word_1_271' title='bbox 1850 2185 1956 2252; x_wconf 68' lang='grc' dir='ltr'><strong>γὰρ</strong></span> 
     </span>
    </p>
   </div>
   <div class='ocr_carea' id='block_1_38' title="bbox 384 2253 1951 2340">
    <p class='ocr_par' dir='ltr' id='par_1_38' title="bbox 384 2253 1951 2340">
     <span class='ocr_line' id='line_1_38' title="bbox 384 2253 1951 2340; baseline 0.015 -35"><span class='ocrx_word' id='word_1_272' title='bbox 384 2253 635 2318; x_wconf 73' lang='grc' dir='ltr'>κάκεῖνος</span> <span class='ocrx_word' id='word_1_273' title='bbox 661 2259 888 2325; x_wconf 77' lang='grc' dir='ltr'>ἀγαθὸς,</span> <span class='ocrx_word' id='word_1_274' title='bbox 907 2262 1091 2331; x_wconf 75' lang='grc' dir='ltr'>ὅμοιός</span> <span class='ocrx_word' id='word_1_275' title='bbox 1115 2282 1220 2318; x_wconf 75' lang='grc' dir='ltr'>σοι’</span> <span class='ocrx_word' id='word_1_276' title='bbox 1244 2268 1276 2336; x_wconf 84' lang='grc' dir='ltr'><strong>ἦ</strong></span> <span class='ocrx_word' id='word_1_277' title='bbox 1303 2270 1397 2322; x_wconf 80' lang='grc' dir='ltr'><strong>καὶ</strong></span> <span class='ocrx_word' id='word_1_278' title='bbox 1420 2271 1484 2321; x_wconf 83' lang='grc' dir='ltr'><strong>σὺ</strong></span> <span class='ocrx_word' id='word_1_279' title='bbox 1516 2272 1734 2336; x_wconf 84' lang='grc' dir='ltr'>πάντως</span> <span class='ocrx_word' id='word_1_280' title='bbox 1761 2275 1951 2340; x_wconf 76' lang='grc' dir='ltr'>κακὸς,</span> 
     </span>
    </p>
   </div>
   <div class='ocr_carea' id='block_1_39' title="bbox 387 2342 1956 2434">
    <p class='ocr_par' dir='ltr' id='par_1_39' title="bbox 387 2342 1956 2434">
     <span class='ocr_line' id='line_1_39' title="bbox 387 2342 1956 2434; baseline 0.016 -41"><span class='ocrx_word' id='word_1_281' title='bbox 387 2342 499 2406; x_wconf 77' lang='grc' dir='ltr'>[σος</span> <span class='ocrx_word' id='word_1_282' title='bbox 518 2343 592 2397; x_wconf 82' lang='grc' dir='ltr'><strong>ὢν</strong></span> <span class='ocrx_word' id='word_1_283' title='bbox 621 2347 815 2420; x_wconf 77' lang='grc' dir='ltr'>ἐκείνῳ</span> <span class='ocrx_word' id='word_1_284' title='bbox 834 2350 911 2420; x_wconf 81' lang='grc' dir='ltr'>τῷ</span> <span class='ocrx_word' id='word_1_285' title='bbox 940 2355 1091 2423; x_wconf 69' lang='grc' dir='ltr'>παρὰ</span> <span class='ocrx_word' id='word_1_286' title='bbox 1124 2356 1207 2409; x_wconf 67' lang='grc' dir='ltr'><strong>σοι</strong></span> <span class='ocrx_word' id='word_1_287' title='bbox 1240 2359 1538 2430; x_wconf 78' lang='grc' dir='ltr'><strong>καταδίκῳ.</strong></span> <span class='ocrx_word' id='word_1_288' title='bbox 1560 2363 1666 2414; x_wconf 72' lang='grc' dir='ltr'><strong>Καὶ</strong></span> <span class='ocrx_word' id='word_1_289' title='bbox 1692 2367 1819 2434; x_wconf 83' lang='grc' dir='ltr'>μὴν,</span> <span class='ocrx_word' id='word_1_290' title='bbox 1853 2365 1956 2418; x_wconf 85' lang='grc' dir='ltr'><strong>κάν</strong></span> 
     </span>
    </p>
   </div>
   <div class='ocr_carea' id='block_1_40' title="bbox 384 2436 1953 2525">
    <p class='ocr_par' dir='ltr' id='par_1_40' title="bbox 384 2436 1953 2525">
     <span class='ocr_line' id='line_1_40' title="bbox 384 2436 1953 2525; baseline 0.013 -39"><span class='ocrx_word' id='word_1_291' title='bbox 384 2436 560 2507; x_wconf 75' lang='grc' dir='ltr'>τούτῳ</span> <span class='ocrx_word' id='word_1_292' title='bbox 590 2440 938 2507; x_wconf 80' lang='grc' dir='ltr'>πλεονεκτεῖς</span> <span class='ocrx_word' id='word_1_293' title='bbox 966 2447 1047 2508; x_wconf 84' lang='grc' dir='ltr'><strong>είς</strong></span> <span class='ocrx_word' id='word_1_294' title='bbox 1070 2450 1128 2498; x_wconf 73' lang='grc' dir='ltr'><strong>τὸ</strong></span> <span class='ocrx_word' id='word_1_295' title='bbox 1156 2452 1414 2520; x_wconf 71' lang='grc' dir='ltr'>πονηρὸν,</span> <span class='ocrx_word' id='word_1_296' title='bbox 1440 2453 1522 2504; x_wconf 78' lang='grc' dir='ltr'>ὅτι</span> <span class='ocrx_word' id='word_1_297' title='bbox 1560 2456 1739 2520; x_wconf 85' lang='grc' dir='ltr'>μισεῖς</span> <span class='ocrx_word' id='word_1_298' title='bbox 1765 2457 1823 2509; x_wconf 85' lang='grc' dir='ltr'><strong>οὐ</strong></span> <span class='ocrx_word' id='word_1_299' title='bbox 1861 2475 1953 2525; x_wconf 84' lang='grc' dir='ltr'>μι-</span> 
     </span>
    </p>
   </div>
   <div class='ocr_carea' id='block_1_41' title="bbox 383 2527 1954 2617">
    <p class='ocr_par' dir='ltr' id='par_1_41' title="bbox 383 2527 1954 2617">
     <span class='ocr_line' id='line_1_41' title="bbox 383 2527 1954 2617; baseline 0.014 -39"><span class='ocrx_word' id='word_1_300' title='bbox 383 2527 665 2597; x_wconf 83' lang='grc' dir='ltr'>σούμενος,</span> <span class='ocrx_word' id='word_1_301' title='bbox 684 2534 779 2585; x_wconf 70' lang='grc' dir='ltr'><strong>καὶ</strong></span> <span class='ocrx_word' id='word_1_302' title='bbox 799 2536 1146 2604; x_wconf 73' lang='grc' dir='ltr'>κατακρίνεις</span> <span class='ocrx_word' id='word_1_303' title='bbox 1166 2527 1427 2606; x_wconf 74' lang='grc' dir='ltr'>ἐκείνους,</span> <span class='ocrx_word' id='word_1_304' title='bbox 1449 2539 1628 2609; x_wconf 79' lang='grc' dir='ltr'>ὑφ’ὦν</span> <span class='ocrx_word' id='word_1_305' title='bbox 1645 2545 1706 2597; x_wconf 81' lang='grc' dir='ltr'><strong>οὐ</strong></span> <span class='ocrx_word' id='word_1_306' title='bbox 1730 2545 1954 2617; x_wconf 82' lang='grc' dir='ltr'>πάσχεις</span> 
     </span>
    </p>
   </div>
   <div class='ocr_carea' id='block_1_42' title="bbox 383 2615 1955 2704">
    <p class='ocr_par' dir='ltr' id='par_1_42' title="bbox 383 2615 1955 2704">
     <span class='ocr_line' id='line_1_42' title="bbox 383 2615 1955 2704; baseline 0.014 -35"><span class='ocrx_word' id='word_1_307' title='bbox 383 2615 547 2679; x_wconf 76' lang='grc' dir='ltr'>αὐτὸς</span> <span class='ocrx_word' id='word_1_308' title='bbox 568 2618 635 2672; x_wconf 81' lang='grc' dir='ltr'>τὰ</span> <span class='ocrx_word' id='word_1_309' title='bbox 665 2621 778 2675; x_wconf 65' lang='lat' dir='ltr'><strong>tua.</strong></span> <span class='ocrx_word' id='word_1_310' title='bbox 798 2622 953 2687; x_wconf 81' lang='grc' dir='ltr'>Ἀλλ’,</span> <span class='ocrx_word' id='word_1_311' title='bbox 977 2625 1052 2687; x_wconf 81' lang='grc' dir='ltr'>ὡς</span> <span class='ocrx_word' id='word_1_312' title='bbox 1086 2625 1282 2702; x_wconf 71' lang='grc' dir='ltr'>ἔοικεν,</span> <span class='ocrx_word' id='word_1_313' title='bbox 1308 2630 1695 2701; x_wconf 77' lang='grc' dir='ltr'>εὐχερέστερον</span> <span class='ocrx_word' id='word_1_314' title='bbox 1724 2615 1955 2704; x_wconf 61' lang='grc' dir='ltr'>περιξτὰ</span> 
     </span>
    </p>
   </div>
   <div class='ocr_carea' id='block_1_43' title="bbox 380 2708 1953 2802">
    <p class='ocr_par' dir='ltr' id='par_1_43' title="bbox 380 2708 1953 2802">
     <span class='ocr_line' id='line_1_43' title="bbox 380 2708 1953 2802; baseline 0.014 -42"><span class='ocrx_word' id='word_1_315' title='bbox 380 2708 529 2802; x_wconf 79' lang='grc' dir='ltr'>κακὰ</span> <span class='ocrx_word' id='word_1_316' title='bbox 568 2713 891 2802; x_wconf 72' lang='grc' dir='ltr'>ρέπομεν,ἣ</span> <span class='ocrx_word' id='word_1_317' title='bbox 940 2717 1075 2786; x_wconf 76' lang='grc' dir='ltr'>πρὸς</span> <span class='ocrx_word' id='word_1_318' title='bbox 1125 2718 1388 2802; x_wconf 61' lang='grc' dir='ltr'>τάναντία</span> <span class='ocrx_word' id='word_1_319' title='bbox 1448 2715 1681 2787; x_wconf 78' lang='grc' dir='ltr'>τούτοις.</span> <span class='ocrx_word' id='word_1_320' title='bbox 1727 2727 1806 2779; x_wconf 81' lang='grc' dir='ltr'><strong>Τὰ</strong></span> <span class='ocrx_word' id='word_1_321' title='bbox 1850 2729 1953 2794; x_wconf 84' lang='grc' dir='ltr'>μὲν</span> 
     </span>
    </p>
   </div>
   <div class='ocr_carea' id='block_1_44' title="bbox 382 2798 1956 2883">
    <p class='ocr_par' dir='ltr' id='par_1_44' title="bbox 382 2798 1956 2883">
     <span class='ocr_line' id='line_1_44' title="bbox 382 2798 1956 2883; baseline 0.015 -35"><span class='ocrx_word' id='word_1_322' title='bbox 382 2798 492 2868; x_wconf 69' lang='grc' dir='ltr'><strong>γὰρ</strong></span> <span class='ocrx_word' id='word_1_323' title='bbox 522 2800 629 2852; x_wconf 86' lang='grc' dir='ltr'><strong>τῶν</strong></span> <span class='ocrx_word' id='word_1_324' title='bbox 685 2802 862 2857; x_wconf 76' lang='grc' dir='ltr'>ἄλλων</span> <span class='ocrx_word' id='word_1_325' title='bbox 903 2805 1068 2872; x_wconf 77' lang='grc' dir='ltr'>ὀξέως</span> <span class='ocrx_word' id='word_1_326' title='bbox 1109 2798 1359 2880; x_wconf 69' lang='grc' dir='ltr'><strong>ὁρῶμέψ</strong></span> <span class='ocrx_word' id='word_1_327' title='bbox 1398 2811 1534 2883; x_wconf 78' lang='grc' dir='ltr'>πρὸς</span> <span class='ocrx_word' id='word_1_328' title='bbox 1562 2813 1619 2865; x_wconf 78' lang='grc' dir='ltr'>δὲ</span> <span class='ocrx_word' id='word_1_329' title='bbox 1650 2814 1720 2868; x_wconf 76' lang='grc' dir='ltr'>τὰ</span> <span class='ocrx_word' id='word_1_330' title='bbox 1776 2819 1956 2872; x_wconf 88' lang='grc' dir='ltr'>οίκεῖα</span> 
     </span>
    </p>
   </div>
   <div class='ocr_carea' id='block_1_45' title="bbox 382 2891 1952 2973">
    <p class='ocr_par' dir='ltr' id='par_1_45' title="bbox 382 2891 1952 2973">
     <span class='ocr_line' id='line_1_45' title="bbox 382 2891 1952 2973; baseline 0.013 -30"><span class='ocrx_word' id='word_1_331' title='bbox 382 2892 528 2944; x_wconf 76' lang='grc' dir='ltr'>κακὰ</span> <span class='ocrx_word' id='word_1_332' title='bbox 561 2891 684 2945; x_wconf 79' lang='grc' dir='ltr'>οὗτε</span> <span class='ocrx_word' id='word_1_333' title='bbox 714 2895 992 2966; x_wconf 72' lang='grc' dir='ltr'>ὀφθαλμὸν</span> <span class='ocrx_word' id='word_1_334' title='bbox 1016 2899 1233 2968; x_wconf 62' lang='grc' dir='ltr'>ἔχομεν,</span> <span class='ocrx_word' id='word_1_335' title='bbox 1267 2901 1390 2955; x_wconf 70' lang='grc' dir='ltr'>οὔτε</span> <span class='ocrx_word' id='word_1_336' title='bbox 1418 2900 1533 2967; x_wconf 76' lang='grc' dir='ltr'>οὖς.</span> <span class='ocrx_word' id='word_1_337' title='bbox 1567 2905 1689 2958; x_wconf 78' lang='grc' dir='ltr'>οὔτε</span> <span class='ocrx_word' id='word_1_338' title='bbox 1716 2908 1916 2973; x_wconf 86' lang='grc' dir='ltr'>γνῶσιν</span> <span class='ocrx_word' id='word_1_339' title='bbox 1938 2925 1952 2940; x_wconf 85' lang='grc'><strong><em>⁸</em></strong></span> 
     </span>
    </p>
   </div>
   <div class='ocr_carea' id='block_1_46' title="bbox 380 2980 1953 3074">
    <p class='ocr_par' dir='ltr' id='par_1_46' title="bbox 380 2980 1953 3074">
     <span class='ocr_line' id='line_1_46' title="bbox 380 2980 1953 3074; baseline 0.013 -39"><span class='ocrx_word' id='word_1_340' title='bbox 380 2980 507 3036; x_wconf 70' lang='grc' dir='ltr'>οὔτε</span> <span class='ocrx_word' id='word_1_341' title='bbox 542 2985 648 3067; x_wconf 71' lang='grc' dir='ltr'>μὴν</span> <span class='ocrx_word' id='word_1_342' title='bbox 687 2987 943 3057; x_wconf 73' lang='grc' dir='ltr'>ἐθέλομεν</span> <span class='ocrx_word' id='word_1_343' title='bbox 991 2991 1156 3061; x_wconf 83' lang='grc' dir='ltr'>ἔχειν.</span> <span class='ocrx_word' id='word_1_344' title='bbox 1190 2995 1264 3047; x_wconf 79' lang='grc' dir='ltr'><strong>Οὐ</strong></span> <span class='ocrx_word' id='word_1_345' title='bbox 1309 2996 1416 3066; x_wconf 78' lang='grc' dir='ltr'>μὴν</span> <span class='ocrx_word' id='word_1_346' title='bbox 1447 2997 1580 3051; x_wconf 62' lang='grc' dir='ltr'>ἀλλὰ</span> <span class='ocrx_word' id='word_1_347' title='bbox 1624 3002 1717 3052; x_wconf 73' lang='grc' dir='ltr'><strong>καὶ</strong></span> <span class='ocrx_word' id='word_1_348' title='bbox 1767 3002 1953 3074; x_wconf 79' lang='grc' dir='ltr'>ἕτερον</span> 
     </span>
    </p>
   </div>
   <div class='ocr_carea' id='block_1_47' title="bbox 383 3074 1951 3159">
    <p class='ocr_par' dir='ltr' id='par_1_47' title="bbox 383 3074 1951 3159">
     <span class='ocr_line' id='line_1_47' title="bbox 383 3074 1951 3159; baseline 0.013 -32"><span class='ocrx_word' id='word_1_349' title='bbox 383 3074 529 3129; x_wconf 74' lang='grc' dir='ltr'>ἔστιν</span> <span class='ocrx_word' id='word_1_350' title='bbox 583 3077 712 3131; x_wconf 81' lang='grc' dir='ltr'><strong>ίδεῖν</strong></span> <span class='ocrx_word' id='word_1_351' title='bbox 760 3081 817 3135; x_wconf 68' lang='grc' dir='ltr'>ἐν</span> <span class='ocrx_word' id='word_1_352' title='bbox 864 3082 998 3151; x_wconf 75' lang='grc' dir='ltr'>ἡμῖν</span> <span class='ocrx_word' id='word_1_353' title='bbox 1047 3085 1351 3154; x_wconf 77' lang='grc' dir='ltr'>γινόμενον,</span> <span class='ocrx_word' id='word_1_354' title='bbox 1399 3088 1550 3143; x_wconf 70' lang='grc' dir='ltr'>οῦδὲν</span> <span class='ocrx_word' id='word_1_355' title='bbox 1607 3089 1831 3159; x_wconf 78' lang='grc' dir='ltr'>ἄμεινον</span> <span class='ocrx_word' id='word_1_356' title='bbox 1859 3096 1951 3147; x_wconf 72' lang='grc' dir='ltr'>τοῦ</span> 
     </span>
    </p>
   </div>
   <div class='ocr_carea' id='block_1_48' title="bbox 2059 1890 3629 1962">
    <p class='ocr_par' dir='ltr' id='par_1_48' title="bbox 2059 1890 3629 1962">
     <span class='ocr_line' id='line_1_48' title="bbox 2059 1890 3629 1962; baseline -0.002 -15"><span class='ocrx_word' id='word_1_357' title='bbox 2059 1900 2113 1947; x_wconf 87' lang='lat' dir='ltr'><strong>et</strong></span> <span class='ocrx_word' id='word_1_358' title='bbox 2133 1892 2497 1960; x_wconf 79' lang='lat' dir='ltr'><strong>autpliticant;</strong></span> <span class='ocrx_word' id='word_1_359' title='bbox 2543 1909 2661 1960; x_wconf 70' lang='lat' dir='ltr'><strong>quae</strong></span> <span class='ocrx_word' id='word_1_360' title='bbox 2705 1908 2833 1947; x_wconf 88' lang='lat' dir='ltr'><strong>vero</strong></span> <span class='ocrx_word' id='word_1_361' title='bbox 2856 1902 2982 1948; x_wconf 90' lang='lat' dir='ltr'><strong>sunt</strong></span> <span class='ocrx_word' id='word_1_362' title='bbox 3006 1894 3057 1945; x_wconf 91' lang='lat' dir='ltr'><strong>in</strong></span> <span class='ocrx_word' id='word_1_363' title='bbox 3083 1892 3162 1948; x_wconf 85' lang='lat' dir='ltr'><strong>eis</strong></span> <span class='ocrx_word' id='word_1_364' title='bbox 3187 1890 3448 1955; x_wconf 69' lang='lat' dir='ltr'><strong>virtutes,</strong></span> <span class='ocrx_word' id='word_1_365' title='bbox 3466 1908 3629 1962; x_wconf 84' lang='lat' dir='ltr'><strong>quam</strong></span> 
     </span>
    </p>
   </div>
   <div class='ocr_carea' id='block_1_49' title="bbox 2061 1974 3628 2052">
    <p class='ocr_par' dir='ltr' id='par_1_49' title="bbox 2061 1974 3628 2052">
     <span class='ocr_line' id='line_1_49' title="bbox 2061 1974 3628 2052; baseline 0.002 -21"><span class='ocrx_word' id='word_1_366' title='bbox 2061 1983 2141 2035; x_wconf 85' lang='lat' dir='ltr'><strong>vis</strong></span> <span class='ocrx_word' id='word_1_367' title='bbox 2162 1982 2450 2037; x_wconf 83' lang='lat' dir='ltr'><strong>admodum</strong></span> <span class='ocrx_word' id='word_1_368' title='bbox 2483 1985 2590 2037; x_wconf 90' lang='lat' dir='ltr'><strong>sint</strong></span> <span class='ocrx_word' id='word_1_369' title='bbox 2626 1984 2891 2052; x_wconf 89' lang='lat' dir='ltr'><strong>acquisitu</strong></span> <span class='ocrx_word' id='word_1_370' title='bbox 2929 1983 3188 2047; x_wconf 81' lang='lat' dir='ltr'><strong>difficiles,</strong></span> <span class='ocrx_word' id='word_1_371' title='bbox 3223 1974 3474 2052; x_wconf 80' lang='lat' dir='ltr'><strong>quamvis</strong></span> <span class='ocrx_word' id='word_1_372' title='bbox 3512 1978 3628 2036; x_wconf 59' lang='lat' dir='ltr'><strong>&#39;eas</strong></span> 
     </span>
    </p>
   </div>
   <div class='ocr_carea' id='block_1_50' title="bbox 2061 2073 3630 2145">
    <p class='ocr_par' dir='ltr' id='par_1_50' title="bbox 2061 2073 3630 2145">
     <span class='ocr_line' id='line_1_50' title="bbox 2061 2073 3630 2145; baseline 0.001 -18"><span class='ocrx_word' id='word_1_373' title='bbox 2061 2075 2307 2129; x_wconf 87' lang='lat' dir='ltr'><strong>homines</strong></span> <span class='ocrx_word' id='word_1_374' title='bbox 2336 2077 2548 2145; x_wconf 81' lang='lat' dir='ltr'><strong>assequi</strong></span> <span class='ocrx_word' id='word_1_375' title='bbox 2580 2074 2663 2128; x_wconf 78' lang='lat' dir='ltr'><strong>vix</strong></span> <span class='ocrx_word' id='word_1_376' title='bbox 2684 2080 2914 2143; x_wconf 86' lang='lat' dir='ltr'><strong>possint,</strong></span> <span class='ocrx_word' id='word_1_377' title='bbox 2969 2085 3146 2128; x_wconf 76' lang='lat' dir='ltr'><strong>tamen</strong></span> <span class='ocrx_word' id='word_1_378' title='bbox 3180 2073 3415 2129; x_wconf 81' lang='lat' dir='ltr'><strong>&#39;vitiatas</strong></span> <span class='ocrx_word' id='word_1_379' title='bbox 3445 2073 3499 2127; x_wconf 88' lang='lat' dir='ltr'><strong>hi</strong></span> <span class='ocrx_word' id='word_1_380' title='bbox 3533 2088 3630 2128; x_wconf 83' lang='lat' dir='ltr'><strong>vo-</strong></span> 
     </span>
    </p>
   </div>
   <div class='ocr_carea' id='block_1_51' title="bbox 2057 2155 3628 2237">
    <p class='ocr_par' dir='ltr' id='par_1_51' title="bbox 2057 2155 3628 2237">
     <span class='ocr_line' id='line_1_51' title="bbox 2057 2155 3628 2237; baseline -0.001 -17"><span class='ocrx_word' id='word_1_381' title='bbox 2057 2158 2182 2221; x_wconf 83' lang='lat' dir='ltr'><strong>cant</strong></span> <span class='ocrx_word' id='word_1_382' title='bbox 2234 2175 2454 2237; x_wconf 74' lang='lat' dir='ltr'><strong>propter</strong></span> <span class='ocrx_word' id='word_1_383' title='bbox 2501 2155 2816 2222; x_wconf 80' lang='lat' dir='ltr'><strong>vitiositatis</strong></span> <span class='ocrx_word' id='word_1_384' title='bbox 2846 2167 3244 2221; x_wconf 86' lang='lat' dir='ltr'><strong>admistionem.</strong></span> <span class='ocrx_word' id='word_1_385' title='bbox 3270 2164 3336 2219; x_wconf 87' lang='lat' dir='ltr'><strong>Et</strong></span> <span class='ocrx_word' id='word_1_386' title='bbox 3393 2181 3628 2234; x_wconf 86' lang='lat' dir='ltr'><strong>quonam</strong></span> 
     </span>
    </p>
   </div>
   <div class='ocr_carea' id='block_1_52' title="bbox 2058 2256 3627 2327">
    <p class='ocr_par' dir='ltr' id='par_1_52' title="bbox 2058 2256 3627 2327">
     <span class='ocr_line' id='line_1_52' title="bbox 2058 2256 3627 2327; baseline -0.002 -16"><span class='ocrx_word' id='word_1_387' title='bbox 2058 2259 2146 2313; x_wconf 90' lang='lat' dir='ltr'><strong>ille</strong></span> <span class='ocrx_word' id='word_1_388' title='bbox 2177 2270 2330 2327; x_wconf 88' lang='lat' dir='ltr'><strong>pacto</strong></span> <span class='ocrx_word' id='word_1_389' title='bbox 2383 2258 2558 2313; x_wconf 83' lang='lat' dir='ltr'><strong>malus</strong></span> <span class='ocrx_word' id='word_1_390' title='bbox 2609 2268 2712 2325; x_wconf 89' lang='lat' dir='ltr'><strong>est,</strong></span> <span class='ocrx_word' id='word_1_391' title='bbox 2766 2259 2818 2313; x_wconf 92' lang='lat' dir='ltr'><strong>in</strong></span> <span class='ocrx_word' id='word_1_392' title='bbox 2867 2272 3159 2327; x_wconf 88' lang='lat' dir='ltr'><strong>utramque</strong></span> <span class='ocrx_word' id='word_1_393' title='bbox 3212 2256 3367 2327; x_wconf 90' lang='lat' dir='ltr'><strong>quasi</strong></span> <span class='ocrx_word' id='word_1_394' title='bbox 3419 2265 3627 2326; x_wconf 89' lang='lat' dir='ltr'><strong>partem</strong></span> 
     </span>
    </p>
   </div>
   <div class='ocr_carea' id='block_1_53' title="bbox 2057 2348 3631 2419">
    <p class='ocr_par' dir='ltr' id='par_1_53' title="bbox 2057 2348 3631 2419">
     <span class='ocr_line' id='line_1_53' title="bbox 2057 2348 3631 2419; baseline -0.001 -16"><span class='ocrx_word' id='word_1_395' title='bbox 2057 2351 2427 2419; x_wconf 84' lang='lat' dir='ltr'><strong>propendens:</strong></span> <span class='ocrx_word' id='word_1_396' title='bbox 2465 2359 2541 2415; x_wconf 91' lang='lat' dir='ltr'><strong>tu,</strong></span> <span class='ocrx_word' id='word_1_397' title='bbox 2571 2350 2662 2419; x_wconf 94' lang='lat' dir='ltr'><strong>qui</strong></span> <span class='ocrx_word' id='word_1_398' title='bbox 2689 2351 2736 2404; x_wconf 91' lang='lat' dir='ltr'><strong>ei</strong></span> <span class='ocrx_word' id='word_1_399' title='bbox 2770 2365 2865 2419; x_wconf 88' lang='lat' dir='ltr'><strong>per</strong></span> <span class='ocrx_word' id='word_1_400' title='bbox 2896 2351 3074 2404; x_wconf 88' lang='lat' dir='ltr'><strong>omnia</strong></span> <span class='ocrx_word' id='word_1_401' title='bbox 3107 2364 3204 2419; x_wconf 88' lang='lat' dir='ltr'><strong>par</strong></span> <span class='ocrx_word' id='word_1_402' title='bbox 3228 2364 3309 2414; x_wconf 91' lang='lat' dir='ltr'><strong>es,</strong></span> <span class='ocrx_word' id='word_1_403' title='bbox 3353 2348 3468 2403; x_wconf 85' lang='lat' dir='ltr'><strong>sive</strong></span> <span class='ocrx_word' id='word_1_404' title='bbox 3517 2365 3631 2402; x_wconf 63' lang='lat' dir='ltr'><strong>Vtro</strong></span> 
     </span>
    </p>
   </div>
   <div class='ocr_carea' id='block_1_54' title="bbox 2060 2440 3631 2511">
    <p class='ocr_par' dir='ltr' id='par_1_54' title="bbox 2060 2440 3631 2511">
     <span class='ocr_line' id='line_1_54' title="bbox 2060 2440 3631 2511; baseline -0.001 -16"><span class='ocrx_word' id='word_1_405' title='bbox 2060 2451 2249 2507; x_wconf 90' lang='lat' dir='ltr'><strong>tutem,</strong></span> <span class='ocrx_word' id='word_1_406' title='bbox 2280 2443 2393 2497; x_wconf 89' lang='lat' dir='ltr'><strong>sive</strong></span> <span class='ocrx_word' id='word_1_407' title='bbox 2426 2443 2744 2511; x_wconf 79' lang='lat' dir='ltr'><strong>pravitatem</strong></span> <span class='ocrx_word' id='word_1_408' title='bbox 2776 2452 3101 2510; x_wconf 82' lang='lat' dir='ltr'><strong>spectemus,</strong></span> <span class='ocrx_word' id='word_1_409' title='bbox 3136 2440 3387 2511; x_wconf 77' lang='lat' dir='ltr'><strong>egregius</strong></span> <span class='ocrx_word' id='word_1_410' title='bbox 3439 2441 3516 2496; x_wconf 87' lang='lat' dir='ltr'><strong>sis</strong></span> <span class='ocrx_word' id='word_1_411' title='bbox 3547 2450 3631 2494; x_wconf 64' lang='lat' dir='ltr'><strong>ato</strong></span> 
     </span>
    </p>
   </div>
   <div class='ocr_carea' id='block_1_55' title="bbox 2057 2531 3631 2603">
    <p class='ocr_par' dir='ltr' id='par_1_55' title="bbox 2057 2531 3631 2603">
     <span class='ocr_line' id='line_1_55' title="bbox 2057 2531 3631 2603; baseline -0.001 -16"><span class='ocrx_word' id='word_1_412' title='bbox 2057 2548 2163 2603; x_wconf 89' lang='lat' dir='ltr'><strong>que</strong></span> <span class='ocrx_word' id='word_1_413' title='bbox 2206 2533 2418 2591; x_wconf 77' lang='lat' dir='ltr'><strong>bonus?</strong></span> <span class='ocrx_word' id='word_1_414' title='bbox 2463 2534 2569 2587; x_wconf 83' lang='lat' dir='ltr'><strong>Aut</strong></span> <span class='ocrx_word' id='word_1_415' title='bbox 2603 2532 2744 2586; x_wconf 90' lang='lat' dir='ltr'><strong>enim</strong></span> <span class='ocrx_word' id='word_1_416' title='bbox 2777 2540 2831 2586; x_wconf 89' lang='lat' dir='ltr'><strong>et</strong></span> <span class='ocrx_word' id='word_1_417' title='bbox 2866 2532 2982 2602; x_wconf 86' lang='lat' dir='ltr'><strong>ipse</strong></span> <span class='ocrx_word' id='word_1_418' title='bbox 3013 2533 3209 2596; x_wconf 83' lang='lat' dir='ltr'><strong>bonus,</strong></span> <span class='ocrx_word' id='word_1_419' title='bbox 3251 2532 3341 2602; x_wconf 89' lang='lat' dir='ltr'><strong>qui</strong></span> <span class='ocrx_word' id='word_1_420' title='bbox 3371 2531 3451 2586; x_wconf 79' lang='lat' dir='ltr'><strong>tul</strong></span> <span class='ocrx_word' id='word_1_421' title='bbox 3478 2533 3631 2595; x_wconf 86' lang='lat' dir='ltr'><strong>simi-</strong></span> 
     </span>
    </p>
   </div>
   <div class='ocr_carea' id='block_1_56' title="bbox 2056 2612 3629 2695">
    <p class='ocr_par' dir='ltr' id='par_1_56' title="bbox 2056 2612 3629 2695">
     <span class='ocr_line' id='line_1_56' title="bbox 2056 2612 3629 2695; baseline 0 -20"><span class='ocrx_word' id='word_1_422' title='bbox 2056 2612 2145 2695; x_wconf 80' lang='lat' dir='ltr'><strong>lis,</strong></span> <span class='ocrx_word' id='word_1_423' title='bbox 2192 2633 2287 2678; x_wconf 90' lang='lat' dir='ltr'><strong>aut</strong></span> <span class='ocrx_word' id='word_1_424' title='bbox 2342 2634 2396 2676; x_wconf 93' lang='lat' dir='ltr'><strong>tu</strong></span> <span class='ocrx_word' id='word_1_425' title='bbox 2446 2637 2659 2692; x_wconf 90' lang='lat' dir='ltr'><strong>quoque</strong></span> <span class='ocrx_word' id='word_1_426' title='bbox 2706 2621 2878 2675; x_wconf 88' lang='lat' dir='ltr'><strong>malus</strong></span> <span class='ocrx_word' id='word_1_427' title='bbox 2924 2621 3238 2677; x_wconf 87' lang='lat' dir='ltr'><strong>omnimodo</strong></span> <span class='ocrx_word' id='word_1_428' title='bbox 3283 2622 3374 2691; x_wconf 89' lang='lat' dir='ltr'><strong>qui</strong></span> <span class='ocrx_word' id='word_1_429' title='bbox 3432 2621 3528 2675; x_wconf 82' lang='lat' dir='ltr'><strong>abs</strong></span> <span class='ocrx_word' id='word_1_430' title='bbox 3576 2634 3629 2675; x_wconf 87' lang='lat' dir='ltr'><strong>te</strong></span> 
     </span>
    </p>
   </div>
   <div class='ocr_carea' id='block_1_57' title="bbox 2058 2713 3628 2783">
    <p class='ocr_par' dir='ltr' id='par_1_57' title="bbox 2058 2713 3628 2783">
     <span class='ocr_line' id='line_1_57' title="bbox 2058 2713 3628 2783; baseline 0 -14"><span class='ocrx_word' id='word_1_431' title='bbox 2058 2715 2413 2770; x_wconf 84' lang='lat' dir='ltr'><strong>condemnato</strong></span> <span class='ocrx_word' id='word_1_432' title='bbox 2439 2729 2534 2781; x_wconf 90' lang='lat' dir='ltr'><strong>par</strong></span> <span class='ocrx_word' id='word_1_433' title='bbox 2559 2728 2637 2768; x_wconf 91' lang='lat' dir='ltr'><strong>cs.</strong></span> <span class='ocrx_word' id='word_1_434' title='bbox 2669 2713 2811 2778; x_wconf 82' lang='lat' dir='ltr'><strong>Quin</strong></span> <span class='ocrx_word' id='word_1_435' title='bbox 2840 2714 3003 2767; x_wconf 91' lang='lat' dir='ltr'><strong>etiam</strong></span> <span class='ocrx_word' id='word_1_436' title='bbox 3031 2713 3082 2766; x_wconf 91' lang='lat' dir='ltr'><strong>iu</strong></span> <span class='ocrx_word' id='word_1_437' title='bbox 3113 2715 3211 2766; x_wconf 87' lang='lat' dir='ltr'><strong>hac</strong></span> <span class='ocrx_word' id='word_1_438' title='bbox 3234 2724 3384 2783; x_wconf 90' lang='lat' dir='ltr'><strong>parte</strong></span> <span class='ocrx_word' id='word_1_439' title='bbox 3406 2729 3628 2782; x_wconf 70' lang='lat' dir='ltr'><strong>snpi-ras</strong></span> 
     </span>
    </p>
   </div>
   <div class='ocr_carea' id='block_1_58' title="bbox 2056 2806 3625 2876">
    <p class='ocr_par' dir='ltr' id='par_1_58' title="bbox 2056 2806 3625 2876">
     <span class='ocr_line' id='line_1_58' title="bbox 2056 2806 3625 2876; baseline 0 -16"><span class='ocrx_word' id='word_1_440' title='bbox 2056 2807 2204 2860; x_wconf 87' lang='lat' dir='ltr'><strong>illum</strong></span> <span class='ocrx_word' id='word_1_441' title='bbox 2229 2806 2453 2861; x_wconf 90' lang='lat' dir='ltr'><strong>alterum</strong></span> <span class='ocrx_word' id='word_1_442' title='bbox 2475 2808 2761 2876; x_wconf 84' lang='lat' dir='ltr'><strong>pravitate,</strong></span> <span class='ocrx_word' id='word_1_443' title='bbox 2786 2806 2929 2874; x_wconf 90' lang='lat' dir='ltr'><strong>quod</strong></span> <span class='ocrx_word' id='word_1_444' title='bbox 2953 2806 3076 2860; x_wconf 90' lang='lat' dir='ltr'><strong>odio</strong></span> <span class='ocrx_word' id='word_1_445' title='bbox 3101 2807 3471 2875; x_wconf 88' lang='lat' dir='ltr'><strong>prosequaris,</strong></span> <span class='ocrx_word' id='word_1_446' title='bbox 3502 2822 3625 2860; x_wconf 90' lang='lat' dir='ltr'><strong>cum</strong></span> 
     </span>
    </p>
   </div>
   <div class='ocr_carea' id='block_1_59' title="bbox 2060 2897 3627 2968">
    <p class='ocr_par' dir='ltr' id='par_1_59' title="bbox 2060 2897 3627 2968">
     <span class='ocr_line' id='line_1_59' title="bbox 2060 2897 3627 2968; baseline -0.001 -16"><span class='ocrx_word' id='word_1_447' title='bbox 2060 2899 2174 2968; x_wconf 91' lang='lat' dir='ltr'><strong>ipse</strong></span> <span class='ocrx_word' id='word_1_448' title='bbox 2210 2913 2314 2952; x_wconf 90' lang='lat' dir='ltr'><strong>non</strong></span> <span class='ocrx_word' id='word_1_449' title='bbox 2368 2899 2441 2952; x_wconf 89' lang='lat' dir='ltr'><strong>sis</strong></span> <span class='ocrx_word' id='word_1_450' title='bbox 2482 2897 2553 2951; x_wconf 89' lang='lat' dir='ltr'><strong>illi</strong></span> <span class='ocrx_word' id='word_1_451' title='bbox 2590 2898 2737 2961; x_wconf 91' lang='lat' dir='ltr'><strong>odio,</strong></span> <span class='ocrx_word' id='word_1_452' title='bbox 2765 2899 3018 2967; x_wconf 89' lang='lat' dir='ltr'><strong>quodque</strong></span> <span class='ocrx_word' id='word_1_453' title='bbox 3040 2900 3261 2952; x_wconf 89' lang='lat' dir='ltr'><strong>damnes</strong></span> <span class='ocrx_word' id='word_1_454' title='bbox 3317 2913 3408 2953; x_wconf 78' lang='lat' dir='ltr'><strong>eos</strong></span> <span class='ocrx_word' id='word_1_455' title='bbox 3437 2900 3526 2967; x_wconf 90' lang='lat' dir='ltr'><strong>qui</strong></span> <span class='ocrx_word' id='word_1_456' title='bbox 3561 2898 3627 2968; x_wconf 83' lang='lat' dir='ltr'><strong>ti_~</strong></span> 
     </span>
    </p>
   </div>
   <div class='ocr_carea' id='block_1_60' title="bbox 2060 2963 3628 3060">
    <p class='ocr_par' dir='ltr' id='par_1_60' title="bbox 2060 2963 3628 3060">
     <span class='ocr_line' id='line_1_60' title="bbox 2060 2963 3628 3060; baseline -0.004 -16"><span class='ocrx_word' id='word_1_457' title='bbox 2060 2963 2116 3045; x_wconf 77' lang='lat' dir='ltr'><strong>bi</strong></span> <span class='ocrx_word' id='word_1_458' title='bbox 2154 3006 2250 3060; x_wconf 87' lang='lat' dir='ltr'><strong>par</strong></span> <span class='ocrx_word' id='word_1_459' title='bbox 2285 3002 2380 3058; x_wconf 89' lang='lat' dir='ltr'><strong>pro</strong></span> <span class='ocrx_word' id='word_1_460' title='bbox 2419 2988 2532 3055; x_wconf 89' lang='lat' dir='ltr'><strong>pari</strong></span> <span class='ocrx_word' id='word_1_461' title='bbox 2570 3004 2671 3042; x_wconf 92' lang='lat' dir='ltr'><strong>non</strong></span> <span class='ocrx_word' id='word_1_462' title='bbox 2701 2963 2963 3042; x_wconf 76' lang='lat' dir='ltr'><strong>referunt.</strong></span> <span class='ocrx_word' id='word_1_463' title='bbox 2989 2987 3119 3051; x_wconf 79' lang='lat' dir='ltr'><strong>Sed,</strong></span> <span class='ocrx_word' id='word_1_464' title='bbox 3155 2987 3231 3041; x_wconf 86' lang='lat' dir='ltr'><strong>uti</strong></span> <span class='ocrx_word' id='word_1_465' title='bbox 3269 2963 3498 3050; x_wconf 71' lang='lat' dir='ltr'><strong>videtur,</strong></span> <span class='ocrx_word' id='word_1_466' title='bbox 3548 2963 3628 3041; x_wconf 62' lang='grc' dir='ltr'><strong>ίςῖ-</strong></span> 
     </span>
    </p>
   </div>
   <div class='ocr_carea' id='block_1_61' title="bbox 2057 3077 3628 3149">
    <p class='ocr_par' dir='ltr' id='par_1_61' title="bbox 2057 3077 3628 3149">
     <span class='ocr_line' id='line_1_61' title="bbox 2057 3077 3628 3149; baseline -0.005 -12"><span class='ocrx_word' id='word_1_467' title='bbox 2057 3083 2213 3137; x_wconf 90' lang='lat' dir='ltr'><strong>cilius</strong></span> <span class='ocrx_word' id='word_1_468' title='bbox 2245 3081 2311 3134; x_wconf 88' lang='lat' dir='ltr'><strong>ad</strong></span> <span class='ocrx_word' id='word_1_469' title='bbox 2372 3080 2512 3134; x_wconf 88' lang='lat' dir='ltr'><strong>mala</strong></span> <span class='ocrx_word' id='word_1_470' title='bbox 2547 3094 2705 3149; x_wconf 89' lang='lat' dir='ltr'><strong>quam</strong></span> <span class='ocrx_word' id='word_1_471' title='bbox 2738 3079 2903 3134; x_wconf 74' lang='lat' dir='ltr'><strong>bona</strong></span> <span class='ocrx_word' id='word_1_472' title='bbox 2937 3078 3205 3149; x_wconf 79' lang='lat' dir='ltr'><strong>proclives</strong></span> <span class='ocrx_word' id='word_1_473' title='bbox 3246 3093 3453 3132; x_wconf 83' lang='lat' dir='ltr'><strong>sumus.</strong></span> <span class='ocrx_word' id='word_1_474' title='bbox 3486 3077 3628 3137; x_wconf 82' lang='lat' dir='ltr'><strong>Nam</strong></span> 
     </span>
    </p>
   </div>
   <div class='ocr_carea' id='block_1_62' title="bbox 384 3166 1955 3253">
    <p class='ocr_par' dir='ltr' id='par_1_62' title="bbox 384 3168 1952 3253">
     <span class='ocr_line' id='line_1_62' title="bbox 384 3168 1952 3253; baseline 0.011 -33"><span class='ocrx_word' id='word_1_475' title='bbox 384 3168 677 3239; x_wconf 81' lang='grc' dir='ltr'>προτέρου,</span> <span class='ocrx_word' id='word_1_476' title='bbox 712 3172 759 3225; x_wconf 84' lang='grc' dir='ltr'><strong>εί</strong></span> <span class='ocrx_word' id='word_1_477' title='bbox 793 3172 867 3243; x_wconf 77' lang='grc' dir='ltr'>μὴ</span> <span class='ocrx_word' id='word_1_478' title='bbox 903 3174 999 3227; x_wconf 80' lang='grc' dir='ltr'>καὶ</span> <span class='ocrx_word' id='word_1_479' title='bbox 1029 3175 1208 3246; x_wconf 85' lang='grc' dir='ltr'>πολλῷ</span> <span class='ocrx_word' id='word_1_480' title='bbox 1242 3180 1443 3249; x_wconf 84' lang='grc' dir='ltr'>χεῖρον.</span> <span class='ocrx_word' id='word_1_481' title='bbox 1470 3180 1549 3234; x_wconf 74' lang='grc' dir='ltr'><strong>Τὰ</strong></span> <span class='ocrx_word' id='word_1_482' title='bbox 1581 3181 1682 3248; x_wconf 79' lang='grc' dir='ltr'><strong>μὲν</strong></span> <span class='ocrx_word' id='word_1_483' title='bbox 1709 3172 1817 3253; x_wconf 69' lang='grc' dir='ltr'><strong>γέἴρ</strong></span> <span class='ocrx_word' id='word_1_484' title='bbox 1846 3186 1952 3236; x_wconf 76' lang='grc' dir='ltr'>τῶν</span> 
     </span>
    </p>
   </div>
   <div class='ocr_carea' id='block_1_63' title="bbox 2059 3166 3629 3253">
    <p class='ocr_par' dir='ltr' id='par_1_63' title="bbox 2059 3170 3629 3237">
     <span class='ocr_line' id='line_1_63' title="bbox 2059 3170 3629 3237; baseline -0.006 -11"><span class='ocrx_word' id='word_1_485' title='bbox 2059 3183 2215 3227; x_wconf 85' lang='lat' dir='ltr'><strong>acute</strong></span> <span class='ocrx_word' id='word_1_486' title='bbox 2269 3171 2498 3225; x_wconf 89' lang='lat' dir='ltr'><strong>aliorum</strong></span> <span class='ocrx_word' id='word_1_487' title='bbox 2533 3171 2659 3225; x_wconf 86' lang='lat' dir='ltr'><strong>vitia</strong></span> <span class='ocrx_word' id='word_1_488' title='bbox 2714 3172 3013 3237; x_wconf 88' lang='lat' dir='ltr'><strong>cernimus,</strong></span> <span class='ocrx_word' id='word_1_489' title='bbox 3041 3170 3098 3222; x_wconf 90' lang='lat' dir='ltr'><strong>in</strong></span> <span class='ocrx_word' id='word_1_490' title='bbox 3135 3170 3340 3223; x_wconf 90' lang='lat' dir='ltr'><strong>nostris</strong></span> <span class='ocrx_word' id='word_1_491' title='bbox 3372 3184 3468 3222; x_wconf 73' lang='lat' dir='ltr'><strong>nec</strong></span> <span class='ocrx_word' id='word_1_492' title='bbox 3498 3182 3629 3221; x_wconf 81' lang='lat' dir='ltr'><strong>oeu-</strong></span> 
     </span>
    </p>
   </div>
   <div class='ocr_carea' id='block_1_64' title="bbox 382 3257 1955 3344">
    <p class='ocr_par' dir='ltr' id='par_1_64' title="bbox 382 3257 1955 3344">
     <span class='ocr_line' id='line_1_64' title="bbox 382 3257 1955 3344; baseline 0.012 -33"><span class='ocrx_word' id='word_1_493' title='bbox 382 3257 558 3313; x_wconf 74' lang='grc' dir='ltr'>ἄλλων</span> <span class='ocrx_word' id='word_1_494' title='bbox 588 3261 1044 3336; x_wconf 76' lang='grc' dir='ltr'>πλεονεκτήματα</span> <span class='ocrx_word' id='word_1_495' title='bbox 1070 3267 1146 3332; x_wconf 84' lang='grc' dir='ltr'>ὡς</span> <span class='ocrx_word' id='word_1_496' title='bbox 1176 3270 1593 3324; x_wconf 78' lang='grc' dir='ltr'>ἐπιτοπλείστον</span> <span class='ocrx_word' id='word_1_497' title='bbox 1626 3274 1750 3327; x_wconf 76' lang='grc' dir='ltr'>οὐδὲ</span> <span class='ocrx_word' id='word_1_498' title='bbox 1786 3277 1955 3344; x_wconf 61' lang='grc' dir='ltr'>γινώσ</span> 
     </span>
    </p>
   </div>
   <div class='ocr_carea' id='block_1_65' title="bbox 385 3350 1955 3435">
    <p class='ocr_par' dir='ltr' id='par_1_65' title="bbox 385 3350 1955 3435">
     <span class='ocr_line' id='line_1_65' title="bbox 385 3350 1955 3435; baseline 0.009 -30"><span class='ocrx_word' id='word_1_499' title='bbox 385 3368 611 3421; x_wconf 81' lang='grc' dir='ltr'>σκομεν.</span> <span class='ocrx_word' id='word_1_500' title='bbox 654 3354 832 3407; x_wconf 79' lang='grc' dir='ltr'>Πολλὰ</span> <span class='ocrx_word' id='word_1_501' title='bbox 881 3356 948 3422; x_wconf 79' lang='grc' dir='ltr'>δ’,</span> <span class='ocrx_word' id='word_1_502' title='bbox 981 3350 1056 3412; x_wconf 81' lang='grc' dir='ltr'>ὧν</span> <span class='ocrx_word' id='word_1_503' title='bbox 1095 3360 1514 3433; x_wconf 75' lang='grc' dir='ltr'>ἁφεστήκαμεν,</span> <span class='ocrx_word' id='word_1_504' title='bbox 1541 3366 1650 3435; x_wconf 83' lang='grc' dir='ltr'>ὅσῳ</span> <span class='ocrx_word' id='word_1_505' title='bbox 1702 3368 1793 3421; x_wconf 78' lang='grc' dir='ltr'><strong>καὶ</strong></span> <span class='ocrx_word' id='word_1_506' title='bbox 1845 3369 1955 3420; x_wconf 84' lang='grc' dir='ltr'>τῶν</span> 
     </span>
    </p>
   </div>
   <div class='ocr_carea' id='block_1_66' title="bbox 314 3437 1955 3525">
    <p class='ocr_par' dir='ltr' id='par_1_66' title="bbox 314 3437 1955 3525">
     <span class='ocr_line' id='line_1_66' title="bbox 314 3437 1955 3525; baseline 0.012 -35"><span class='ocrx_word' id='word_1_507' title='bbox 314 3512 327 3519; x_wconf 28' lang='grc' dir='ltr'><em>Α</em></span> <span class='ocrx_word' id='word_1_508' title='bbox 392 3437 735 3508; x_wconf 81' lang='grc' dir='ltr'>Ἡρακλείων</span> <span class='ocrx_word' id='word_1_509' title='bbox 770 3446 982 3516; x_wconf 84' lang='grc' dir='ltr'>στηλῶν</span> <span class='ocrx_word' id='word_1_510' title='bbox 1021 3448 1092 3501; x_wconf 66' lang='grc' dir='ltr'>τὰ</span> <span class='ocrx_word' id='word_1_511' title='bbox 1127 3450 1460 3521; x_wconf 78' lang='grc' dir='ltr'>ὑπερόόρεια</span> <span class='ocrx_word' id='word_1_512' title='bbox 1498 3455 1663 3523; x_wconf 83' lang='grc' dir='ltr'>μέρη,</span> <span class='ocrx_word' id='word_1_513' title='bbox 1700 3457 1833 3525; x_wconf 82' lang='grc' dir='ltr'>ἡμῖν</span> <span class='ocrx_word' id='word_1_514' title='bbox 1864 3459 1955 3509; x_wconf 67' lang='lat' dir='ltr'><strong>air</strong></span> 
     </span>
    </p>
   </div>
   <div class='ocr_carea' id='block_1_67' title="bbox 385 3534 1951 3614">
    <p class='ocr_par' dir='ltr' id='par_1_67' title="bbox 385 3534 1951 3614">
     <span class='ocr_line' id='line_1_67' title="bbox 385 3534 1951 3614; baseline 0.014 -33"><span class='ocrx_word' id='word_1_515' title='bbox 385 3534 496 3593; x_wconf 87' lang='grc' dir='ltr'>τοῖς</span> <span class='ocrx_word' id='word_1_516' title='bbox 526 3534 855 3605; x_wconf 78' lang='grc' dir='ltr'>ἀνατίθεμεν</span> <span class='ocrx_word' id='word_1_517' title='bbox 878 3551 894 3568; x_wconf 81' lang='grc'><strong><em>⁸</em></strong></span> <span class='ocrx_word' id='word_1_518' title='bbox 942 3540 1037 3591; x_wconf 68' lang='grc' dir='ltr'><strong>καὶ</strong></span> <span class='ocrx_word' id='word_1_519' title='bbox 1084 3540 1182 3611; x_wconf 83' lang='grc' dir='ltr'><strong>τὴν</strong></span> <span class='ocrx_word' id='word_1_520' title='bbox 1231 3544 1404 3614; x_wconf 75' lang='grc' dir='ltr'>ὀφρὺν</span> <span class='ocrx_word' id='word_1_521' title='bbox 1433 3545 1509 3608; x_wconf 81' lang='grc' dir='ltr'>ὡς</span> <span class='ocrx_word' id='word_1_522' title='bbox 1539 3546 1778 3613; x_wconf 84' lang='grc' dir='ltr'>μάλιστα</span> <span class='ocrx_word' id='word_1_523' title='bbox 1818 3549 1951 3602; x_wconf 88' lang='grc' dir='ltr'>ἀνα-</span> 
     </span>
    </p>
   </div>
   <div class='ocr_carea' id='block_1_68' title="bbox 391 3622 1955 3709">
    <p class='ocr_par' dir='ltr' id='par_1_68' title="bbox 391 3622 1955 3709">
     <span class='ocr_line' id='line_1_68' title="bbox 391 3622 1955 3709; baseline 0.015 -38"><span class='ocrx_word' id='word_1_524' title='bbox 391 3622 663 3688; x_wconf 84' lang='grc' dir='ltr'>σπῶντες,</span> <span class='ocrx_word' id='word_1_525' title='bbox 730 3631 953 3697; x_wconf 86' lang='grc' dir='ltr'>κρατεῖν</span> <span class='ocrx_word' id='word_1_526' title='bbox 1007 3631 1271 3702; x_wconf 76' lang='grc' dir='ltr'>δοκοῦμεν</span> <span class='ocrx_word' id='word_1_527' title='bbox 1324 3638 1417 3689; x_wconf 73' lang='grc' dir='ltr'>καὶ</span> <span class='ocrx_word' id='word_1_528' title='bbox 1473 3637 1594 3690; x_wconf 73' lang='grc' dir='ltr'>οὐδὲ</span> <span class='ocrx_word' id='word_1_529' title='bbox 1648 3640 1785 3709; x_wconf 74' lang='grc' dir='ltr'>μετὰ</span> <span class='ocrx_word' id='word_1_530' title='bbox 1846 3640 1955 3694; x_wconf 84' lang='grc' dir='ltr'><strong>τῶν</strong></span> 
     </span>
    </p>
   </div>
   <div class='ocr_carea' id='block_1_69' title="bbox 390 3713 1955 3800">
    <p class='ocr_par' dir='ltr' id='par_1_69' title="bbox 390 3713 1955 3800">
     <span class='ocr_line' id='line_1_69' title="bbox 390 3713 1955 3800; baseline 0.013 -38"><span class='ocrx_word' id='word_1_531' title='bbox 390 3713 693 3782; x_wconf 72' lang='grc' dir='ltr'>ἀνθρώπων</span> <span class='ocrx_word' id='word_1_532' title='bbox 752 3715 894 3774; x_wconf 74' lang='grc' dir='ltr'>εἶναι</span> <span class='ocrx_word' id='word_1_533' title='bbox 939 3724 1256 3794; x_wconf 73' lang='grc' dir='ltr'>νομίζομεν,</span> <span class='ocrx_word' id='word_1_534' title='bbox 1301 3728 1416 3780; x_wconf 78' lang='grc' dir='ltr'>ἀλλ’</span> <span class='ocrx_word' id='word_1_535' title='bbox 1447 3732 1503 3782; x_wconf 79' lang='grc' dir='ltr'>ἐν</span> <span class='ocrx_word' id='word_1_536' title='bbox 1557 3731 1789 3800; x_wconf 80' lang='grc' dir='ltr'>οὐρανοῦ</span> <span class='ocrx_word' id='word_1_537' title='bbox 1849 3748 1955 3785; x_wconf 85' lang='grc' dir='ltr'>τινι</span> 
     </span>
    </p>
   </div>
   <div class='ocr_carea' id='block_1_70' title="bbox 392 3802 1956 3890">
    <p class='ocr_par' dir='ltr' id='par_1_70' title="bbox 392 3802 1956 3890">
     <span class='ocr_line' id='line_1_70' title="bbox 392 3802 1956 3890; baseline 0.012 -35"><span class='ocrx_word' id='word_1_538' title='bbox 392 3802 594 3875; x_wconf 69' lang='grc' dir='ltr'>μοίρᾳ·</span> <span class='ocrx_word' id='word_1_539' title='bbox 632 3808 722 3858; x_wconf 75' lang='grc' dir='ltr'>καὶ</span> <span class='ocrx_word' id='word_1_540' title='bbox 765 3810 791 3860; x_wconf 82' lang='grc' dir='ltr'><strong>ὃ</strong></span> <span class='ocrx_word' id='word_1_541' title='bbox 821 3811 883 3880; x_wconf 77' lang='grc' dir='ltr'>δὴ</span> <span class='ocrx_word' id='word_1_542' title='bbox 916 3813 1191 3883; x_wconf 80' lang='grc' dir='ltr'>χείριστον</span> <span class='ocrx_word' id='word_1_543' title='bbox 1238 3817 1482 3880; x_wconf 76' lang='grc' dir='ltr'>πάντων,</span> <span class='ocrx_word' id='word_1_544' title='bbox 1539 3819 1708 3887; x_wconf 75' lang='grc' dir='ltr'>αὐτὴν</span> <span class='ocrx_word' id='word_1_545' title='bbox 1755 3820 1819 3890; x_wconf 80' lang='grc' dir='ltr'><strong>δὴ</strong></span> <span class='ocrx_word' id='word_1_546' title='bbox 1858 3821 1956 3889; x_wconf 82' lang='grc' dir='ltr'><strong>τὴν</strong></span> 
     </span>
    </p>
   </div>
   <div class='ocr_carea' id='block_1_71' title="bbox 389 3897 1957 3981">
    <p class='ocr_par' dir='ltr' id='par_1_71' title="bbox 389 3897 1957 3981">
     <span class='ocr_line' id='line_1_71' title="bbox 389 3897 1957 3981; baseline 0.009 -33"><span class='ocrx_word' id='word_1_547' title='bbox 389 3897 718 3966; x_wconf 71' lang='grc' dir='ltr'>κακίαν,τὴν</span> <span class='ocrx_word' id='word_1_548' title='bbox 739 3900 794 3951; x_wconf 79' lang='grc' dir='ltr'>ἐν</span> <span class='ocrx_word' id='word_1_549' title='bbox 824 3903 976 3969; x_wconf 77' lang='grc' dir='ltr'>ἡμῖν,</span> <span class='ocrx_word' id='word_1_550' title='bbox 1000 3905 1139 3973; x_wconf 80' lang='grc' dir='ltr'>ὑπὲρ</span> <span class='ocrx_word' id='word_1_551' title='bbox 1161 3907 1258 3967; x_wconf 72' lang='grc' dir='ltr'><strong>τὰς</strong></span> <span class='ocrx_word' id='word_1_552' title='bbox 1292 3909 1399 3959; x_wconf 79' lang='grc' dir='ltr'><strong>τῶν</strong></span> <span class='ocrx_word' id='word_1_553' title='bbox 1430 3908 1605 3961; x_wconf 75' lang='grc' dir='ltr'>ἄλλων</span> <span class='ocrx_word' id='word_1_554' title='bbox 1628 3911 1757 3971; x_wconf 87' lang='grc' dir='ltr'>ίσως</span> <span class='ocrx_word' id='word_1_555' title='bbox 1783 3911 1957 3981; x_wconf 69' lang='grc' dir='ltr'>ὑπάρα-</span> 
     </span>
    </p>
   </div>
   <div class='ocr_carea' id='block_1_72' title="bbox 386 3990 1959 4064">
    <p class='ocr_par' dir='ltr' id='par_1_72' title="bbox 386 3990 1959 4064">
     <span class='ocr_line' id='line_1_72' title="bbox 386 3990 1959 4064; baseline 0.009 -27"><span class='ocrx_word' id='word_1_556' title='bbox 386 4004 609 4055; x_wconf 79' lang='grc' dir='ltr'>χουσαν,</span> <span class='ocrx_word' id='word_1_557' title='bbox 644 3990 847 4062; x_wconf 77' lang='grc' dir='ltr'>ἀρετὴν</span> <span class='ocrx_word' id='word_1_558' title='bbox 878 3998 1389 4064; x_wconf 84' lang='grc' dir='ltr'>προσαγορεύομεν“</span> <span class='ocrx_word' id='word_1_559' title='bbox 1434 3997 1528 4049; x_wconf 85' lang='grc' dir='ltr'><strong>καί</strong></span> <span class='ocrx_word' id='word_1_560' title='bbox 1559 4013 1661 4049; x_wconf 88' lang='grc' dir='ltr'><strong>που</strong></span> <span class='ocrx_word' id='word_1_561' title='bbox 1703 4001 1797 4053; x_wconf 77' lang='grc' dir='ltr'>καὶ</span> <span class='ocrx_word' id='word_1_562' title='bbox 1841 4016 1959 4051; x_wconf 81' lang='grc' dir='ltr'>πει-</span> 
     </span>
    </p>
   </div>
   <div class='ocr_carea' id='block_1_73' title="bbox 389 4076 1954 4151">
    <p class='ocr_par' dir='ltr' id='par_1_73' title="bbox 389 4076 1954 4151">
     <span class='ocr_line' id='line_1_73' title="bbox 389 4076 1954 4151; baseline 0.011 -25"><span class='ocrx_word' id='word_1_563' title='bbox 389 4076 613 4145; x_wconf 83' lang='grc' dir='ltr'>ρὼμεοα</span> <span class='ocrx_word' id='word_1_564' title='bbox 630 4079 835 4150; x_wconf 78' lang='grc' dir='ltr'>ταύτην</span> <span class='ocrx_word' id='word_1_565' title='bbox 870 4081 1011 4151; x_wconf 81' lang='grc' dir='ltr'>ὑπὲρ</span> <span class='ocrx_word' id='word_1_566' title='bbox 1042 4084 1137 4147; x_wconf 81' lang='grc' dir='ltr'>τὰς</span> <span class='ocrx_word' id='word_1_567' title='bbox 1172 4085 1277 4136; x_wconf 80' lang='grc' dir='ltr'>τῶν</span> <span class='ocrx_word' id='word_1_568' title='bbox 1310 4085 1524 4141; x_wconf 83' lang='grc' dir='ltr'>πάντων</span> <span class='ocrx_word' id='word_1_569' title='bbox 1551 4087 1954 4143; x_wconf 81' lang='grc' dir='ltr'>ἀποδεικνύναι.</span> 
     </span>
    </p>
   </div>
   <div class='ocr_carea' id='block_1_74' title="bbox 385 4169 1955 4249">
    <p class='ocr_par' dir='ltr' id='par_1_74' title="bbox 385 4169 1955 4249">
     <span class='ocr_line' id='line_1_74' title="bbox 385 4169 1955 4249; baseline 0.01 -30"><span class='ocrx_word' id='word_1_570' title='bbox 385 4169 459 4220; x_wconf 69' lang='grc' dir='ltr'><strong>Οὐ</strong></span> <span class='ocrx_word' id='word_1_571' title='bbox 499 4172 604 4239; x_wconf 80' lang='grc' dir='ltr'>μήν</span> <span class='ocrx_word' id='word_1_572' title='bbox 648 4188 711 4236; x_wconf 84' lang='grc' dir='ltr'>γε</span> <span class='ocrx_word' id='word_1_573' title='bbox 750 4173 913 4242; x_wconf 83' lang='grc' dir='ltr'>μέχρι</span> <span class='ocrx_word' id='word_1_574' title='bbox 948 4175 1143 4228; x_wconf 77' lang='grc' dir='ltr'>τούτου</span> <span class='ocrx_word' id='word_1_575' title='bbox 1179 4176 1468 4242; x_wconf 81' lang='grc' dir='ltr'>ίστάμεθα,</span> <span class='ocrx_word' id='word_1_576' title='bbox 1503 4178 1636 4232; x_wconf 79' lang='grc' dir='ltr'>ἀλλὰ</span> <span class='ocrx_word' id='word_1_577' title='bbox 1684 4179 1779 4233; x_wconf 74' lang='grc' dir='ltr'><strong>καὶ</strong></span> <span class='ocrx_word' id='word_1_578' title='bbox 1823 4181 1955 4249; x_wconf 75' lang='grc' dir='ltr'>φοο-</span> 
     </span>
    </p>
   </div>
   <div class='ocr_carea' id='block_1_75' title="bbox 385 4257 1957 4343">
    <p class='ocr_par' dir='ltr' id='par_1_75' title="bbox 385 4257 1957 4343">
     <span class='ocr_line' id='line_1_75' title="bbox 385 4257 1957 4343; baseline 0.01 -33"><span class='ocrx_word' id='word_1_579' title='bbox 385 4257 585 4327; x_wconf 78' lang='grc' dir='ltr'>νοῦμεν</span> <span class='ocrx_word' id='word_1_580' title='bbox 630 4263 742 4322; x_wconf 79' lang='grc' dir='ltr'>τοῖς</span> <span class='ocrx_word' id='word_1_581' title='bbox 782 4263 1010 4328; x_wconf 78' lang='grc' dir='ltr'>ἀγαθοῖς</span> <span class='ocrx_word' id='word_1_582' title='bbox 1036 4265 1287 4335; x_wconf 73' lang='grc' dir='ltr'>ἀνδράσι,</span> <span class='ocrx_word' id='word_1_583' title='bbox 1320 4269 1413 4320; x_wconf 68' lang='grc' dir='ltr'><strong>καὶ</strong></span> <span class='ocrx_word' id='word_1_584' title='bbox 1451 4268 1551 4331; x_wconf 63' lang='grc' dir='ltr'>τᾶς</span> <span class='ocrx_word' id='word_1_585' title='bbox 1576 4270 1800 4324; x_wconf 74' lang='grc' dir='ltr'>ἐκείνων</span> <span class='ocrx_word' id='word_1_586' title='bbox 1825 4274 1957 4343; x_wconf 65' lang='grc' dir='ltr'>ἀρε-</span> 
     </span>
    </p>
   </div>
   <div class='ocr_carea' id='block_1_76' title="bbox 385 4348 1952 4430">
    <p class='ocr_par' dir='ltr' id='par_1_76' title="bbox 385 4348 1952 4430">
     <span class='ocr_line' id='line_1_76' title="bbox 385 4348 1952 4430; baseline 0.011 -30"><span class='ocrx_word' id='word_1_587' title='bbox 385 4348 479 4410; x_wconf 75' lang='grc' dir='ltr'>τὰς</span> <span class='ocrx_word' id='word_1_588' title='bbox 513 4349 708 4414; x_wconf 76' lang='grc' dir='ltr'>κακίας</span> <span class='ocrx_word' id='word_1_589' title='bbox 737 4351 1147 4424; x_wconf 62' lang='grc' dir='ltr'>ἀππαλοῦμεν.</span> <span class='ocrx_word' id='word_1_590' title='bbox 1174 4358 1439 4427; x_wconf 82' lang='grc' dir='ltr'>Πρόσεστι</span> <span class='ocrx_word' id='word_1_591' title='bbox 1469 4360 1525 4411; x_wconf 80' lang='grc' dir='ltr'>δέ</span> <span class='ocrx_word' id='word_1_592' title='bbox 1563 4376 1613 4412; x_wconf 88' lang='grc' dir='ltr'><strong>τι</strong></span> <span class='ocrx_word' id='word_1_593' title='bbox 1646 4361 1740 4414; x_wconf 74' lang='grc' dir='ltr'>καὶ</span> <span class='ocrx_word' id='word_1_594' title='bbox 1770 4364 1952 4430; x_wconf 83' lang='grc' dir='ltr'>βδελυ-</span> 
     </span>
    </p>
   </div>
   <div class='ocr_carea' id='block_1_77' title="bbox 384 4439 1956 4520">
    <p class='ocr_par' dir='ltr' id='par_1_77' title="bbox 384 4439 1956 4520">
     <span class='ocr_line' id='line_1_77' title="bbox 384 4439 1956 4520; baseline 0.008 -29"><span class='ocrx_word' id='word_1_595' title='bbox 384 4439 617 4504; x_wconf 67' lang='grc' dir='ltr'>κτὸν,τὸ</span> <span class='ocrx_word' id='word_1_596' title='bbox 681 4444 813 4512; x_wconf 77' lang='grc' dir='ltr'>μηδὲ</span> <span class='ocrx_word' id='word_1_597' title='bbox 867 4446 1149 4516; x_wconf 77' lang='grc' dir='ltr'>ὲρυθριᾷν,</span> <span class='ocrx_word' id='word_1_598' title='bbox 1199 4448 1332 4501; x_wconf 76' lang='grc' dir='ltr'><strong>ἀλλά</strong></span> <span class='ocrx_word' id='word_1_599' title='bbox 1389 4448 1481 4501; x_wconf 75' lang='grc' dir='ltr'><strong>καὶ</strong></span> <span class='ocrx_word' id='word_1_600' title='bbox 1532 4450 1758 4520; x_wconf 82' lang='grc' dir='ltr'>άναὶδην</span> <span class='ocrx_word' id='word_1_601' title='bbox 1814 4448 1956 4503; x_wconf 75' lang='grc' dir='ltr'>οὕτω</span> 
     </span>
    </p>
   </div>
   <div class='ocr_carea' id='block_1_78' title="bbox 384 4533 1960 4611">
    <p class='ocr_par' dir='ltr' id='par_1_78' title="bbox 384 4533 1960 4611">
     <span class='ocr_line' id='line_1_78' title="bbox 384 4533 1960 4611; baseline 0.005 -27"><span class='ocrx_word' id='word_1_602' title='bbox 384 4536 604 4601; x_wconf 88' lang='grc' dir='ltr'>χωρεῖν,</span> <span class='ocrx_word' id='word_1_603' title='bbox 654 4536 736 4604; x_wconf 72' lang='grc' dir='ltr'><strong>ἐφ’</strong></span> <span class='ocrx_word' id='word_1_604' title='bbox 766 4533 846 4597; x_wconf 76' lang='grc' dir='ltr'>οἷς</span> <span class='ocrx_word' id='word_1_605' title='bbox 878 4540 1045 4608; x_wconf 79' lang='grc' dir='ltr'>ἐχρῆν</span> <span class='ocrx_word' id='word_1_606' title='bbox 1094 4540 1554 4606; x_wconf 69' lang='grc' dir='ltr'>ὲγκαλύπτεσθαι,</span> <span class='ocrx_word' id='word_1_607' title='bbox 1588 4541 1778 4611; x_wconf 81' lang='grc' dir='ltr'>ὥσπερ</span> <span class='ocrx_word' id='word_1_608' title='bbox 1807 4541 1872 4595; x_wconf 81' lang='grc' dir='ltr'>ἂν</span> <span class='ocrx_word' id='word_1_609' title='bbox 1905 4544 1960 4595; x_wconf 73' lang='grc' dir='ltr'><strong>εί</strong></span> 
     </span>
    </p>
   </div>
   <div class='ocr_carea' id='block_1_79' title="bbox 384 4621 1963 4699">
    <p class='ocr_par' dir='ltr' id='par_1_79' title="bbox 384 4621 1963 4699">
     <span class='ocr_line' id='line_1_79' title="bbox 384 4621 1963 4699; baseline 0.008 -29"><span class='ocrx_word' id='word_1_610' title='bbox 384 4636 467 4682; x_wconf 80' lang='grc' dir='ltr'><strong>τις</strong></span> <span class='ocrx_word' id='word_1_611' title='bbox 516 4621 653 4690; x_wconf 79' lang='grc' dir='ltr'>ἀνὴρ</span> <span class='ocrx_word' id='word_1_612' title='bbox 710 4624 878 4677; x_wconf 85' lang='grc' dir='ltr'>ποιῶν</span> <span class='ocrx_word' id='word_1_613' title='bbox 934 4627 1118 4680; x_wconf 84' lang='grc' dir='ltr'>ἐκεῖνα</span> <span class='ocrx_word' id='word_1_614' title='bbox 1186 4630 1639 4699; x_wconf 71' lang='grc' dir='ltr'>παρρησιάζοιτο,</span> <span class='ocrx_word' id='word_1_615' title='bbox 1683 4631 1751 4684; x_wconf 82' lang='grc' dir='ltr'>δι’</span> <span class='ocrx_word' id='word_1_616' title='bbox 1781 4625 1856 4685; x_wconf 86' lang='grc' dir='ltr'>ὧν</span> <span class='ocrx_word' id='word_1_617' title='bbox 1891 4633 1963 4686; x_wconf 80' lang='grc' dir='ltr'><strong>ἄν’</strong></span> 
     </span>
    </p>
   </div>
   <div class='ocr_carea' id='block_1_80' title="bbox 388 4710 1957 4792">
    <p class='ocr_par' dir='ltr' id='par_1_80' title="bbox 388 4710 1957 4792">
     <span class='ocr_line' id='line_1_80' title="bbox 388 4710 1957 4792; baseline 0.011 -29"><span class='ocrx_word' id='word_1_618' title='bbox 388 4712 579 4780; x_wconf 76' lang='grc' dir='ltr'>ἔμελλε</span> <span class='ocrx_word' id='word_1_619' title='bbox 602 4715 1120 4784; x_wconf 76' lang='grc' dir='ltr'>στεφανωθήσεσθαι</span> <span class='ocrx_word' id='word_1_620' title='bbox 1139 4735 1154 4750; x_wconf 83' lang='grc'>⁶</span> <span class='ocrx_word' id='word_1_621' title='bbox 1189 4725 1281 4774; x_wconf 68' lang='grc' dir='ltr'>καὶ</span> <span class='ocrx_word' id='word_1_622' title='bbox 1303 4724 1563 4790; x_wconf 75' lang='grc' dir='ltr'>ἐοίκαμεν</span> <span class='ocrx_word' id='word_1_623' title='bbox 1593 4728 1778 4792; x_wconf 82' lang='grc' dir='ltr'>σοφοῖς</span> <span class='ocrx_word' id='word_1_624' title='bbox 1802 4710 1882 4790; x_wconf 86' lang='grc' dir='ltr'><strong>είς</strong></span> <span class='ocrx_word' id='word_1_625' title='bbox 1898 4731 1957 4781; x_wconf 80' lang='grc' dir='ltr'>τὸ</span> 
     </span>
    </p>
   </div>
   <div class='ocr_carea' id='block_1_81' title="bbox 386 4805 1957 4885">
    <p class='ocr_par' dir='ltr' id='par_1_81' title="bbox 386 4805 1957 4885">
     <span class='ocr_line' id='line_1_81' title="bbox 386 4805 1957 4885; baseline 0.01 -30"><span class='ocrx_word' id='word_1_626' title='bbox 386 4805 738 4871; x_wconf 84' lang='grc' dir='ltr'>κατακρίνειν</span> <span class='ocrx_word' id='word_1_627' title='bbox 767 4806 893 4865; x_wconf 82' lang='grc' dir='ltr'>τοὺς</span> <span class='ocrx_word' id='word_1_628' title='bbox 922 4806 1114 4871; x_wconf 79' lang='grc' dir='ltr'>ἄλλους</span> <span class='ocrx_word' id='word_1_629' title='bbox 1140 4825 1153 4838; x_wconf 84' lang='lat'><strong>&#39;</strong></span> <span class='ocrx_word' id='word_1_630' title='bbox 1194 4813 1263 4862; x_wconf 84' lang='grc' dir='ltr'>τὰ</span> <span class='ocrx_word' id='word_1_631' title='bbox 1318 4812 1374 4864; x_wconf 83' lang='grc' dir='ltr'>δὲ</span> <span class='ocrx_word' id='word_1_632' title='bbox 1410 4814 1532 4866; x_wconf 79' lang='grc' dir='ltr'>καθ’</span> <span class='ocrx_word' id='word_1_633' title='bbox 1567 4817 1726 4885; x_wconf 83' lang='grc' dir='ltr'>ἡμῶν</span> <span class='ocrx_word' id='word_1_634' title='bbox 1776 4818 1957 4871; x_wconf 79' lang='grc' dir='ltr'>αὐτῶν</span> 
     </span>
    </p>
   </div>
   <div class='ocr_carea' id='block_1_82' title="bbox 344 4888 1958 4978">
    <p class='ocr_par' dir='ltr' id='par_1_82' title="bbox 344 4888 1958 4978">
     <span class='ocr_line' id='line_1_82' title="bbox 344 4888 1958 4978; baseline 0.011 -33"><span class='ocrx_word' id='word_1_635' title='bbox 344 4889 349 4894; x_wconf 76' lang='grc'><em>’</em></span> <span class='ocrx_word' id='word_1_636' title='bbox 386 4895 667 4963; x_wconf 74' lang='grc' dir='ltr'>ἐπιμελῶς</span> <span class='ocrx_word' id='word_1_637' title='bbox 698 4898 1051 4967; x_wconf 83' lang='grc' dir='ltr'>πράττοντες,</span> <span class='ocrx_word' id='word_1_638' title='bbox 1090 4888 1345 4971; x_wconf 75' lang='grc' dir='ltr'>οὐδαμῶς</span> <span class='ocrx_word' id='word_1_639' title='bbox 1373 4906 1779 4978; x_wconf 80' lang='grc' dir='ltr'>αίσθανόμεθα·</span> <span class='ocrx_word' id='word_1_640' title='bbox 1814 4910 1874 4962; x_wconf 77' lang='grc' dir='ltr'>οὗ</span> <span class='ocrx_word' id='word_1_641' title='bbox 1906 4911 1958 4962; x_wconf 89' lang='grc' dir='ltr'><strong>τί</strong></span> 
     </span>
    </p>
   </div>
   <div class='ocr_carea' id='block_1_83' title="bbox 385 4981 1958 5068">
    <p class='ocr_par' dir='ltr' id='par_1_83' title="bbox 385 4981 1958 5068">
     <span class='ocr_line' id='line_1_83' title="bbox 385 4981 1958 5068; baseline 0.011 -32"><span class='ocrx_word' id='word_1_642' title='bbox 385 4986 506 5037; x_wconf 80' lang='grc' dir='ltr'>ποτ’</span> <span class='ocrx_word' id='word_1_643' title='bbox 536 4985 601 5039; x_wconf 82' lang='grc' dir='ltr'>ἂν</span> <span class='ocrx_word' id='word_1_644' title='bbox 629 4989 811 5057; x_wconf 80' lang='grc' dir='ltr'>χεῖρον</span> <span class='ocrx_word' id='word_1_645' title='bbox 846 4981 1041 5059; x_wconf 73' lang='grc' dir='ltr'>φανείη</span> <span class='ocrx_word' id='word_1_646' title='bbox 1062 4993 1261 5057; x_wconf 83' lang='grc' dir='ltr'>;”Οπου</span> <span class='ocrx_word' id='word_1_647' title='bbox 1280 4996 1385 5066; x_wconf 79' lang='grc' dir='ltr'><strong>γὰρ</strong></span> <span class='ocrx_word' id='word_1_648' title='bbox 1420 4996 1742 5068; x_wconf 63' lang='grc' dir='ltr'>ἀσύμφορόν</span> <span class='ocrx_word' id='word_1_649' title='bbox 1768 5017 1825 5052; x_wconf 86' lang='grc' dir='ltr'><strong>τε</strong></span> <span class='ocrx_word' id='word_1_650' title='bbox 1863 5002 1958 5053; x_wconf 72' lang='grc' dir='ltr'><strong>καὶ</strong></span> 
     </span>
    </p>
   </div>
   <div class='ocr_carea' id='block_1_84' title="bbox 390 5075 1955 5154">
    <p class='ocr_par' dir='ltr' id='par_1_84' title="bbox 390 5075 1955 5154">
     <span class='ocr_line' id='line_1_84' title="bbox 390 5075 1955 5154; baseline 0.014 -29"><span class='ocrx_word' id='word_1_651' title='bbox 390 5075 650 5146; x_wconf 73' lang='grc' dir='ltr'>βλαϐερὸν</span> <span class='ocrx_word' id='word_1_652' title='bbox 676 5082 730 5131; x_wconf 85' lang='grc' dir='ltr'>ὲν</span> <span class='ocrx_word' id='word_1_653' title='bbox 760 5083 861 5146; x_wconf 77' lang='grc' dir='ltr'><strong>ἴσῳ</strong></span> <span class='ocrx_word' id='word_1_654' title='bbox 893 5084 963 5136; x_wconf 74' lang='grc' dir='ltr'>τὰ</span> <span class='ocrx_word' id='word_1_655' title='bbox 989 5086 1146 5154; x_wconf 77' lang='grc' dir='ltr'>ἡμῶν</span> <span class='ocrx_word' id='word_1_656' title='bbox 1179 5089 1382 5149; x_wconf 80' lang='grc' dir='ltr'>αὐτῶν,</span> <span class='ocrx_word' id='word_1_657' title='bbox 1423 5091 1518 5143; x_wconf 72' lang='grc' dir='ltr'>καὶ</span> <span class='ocrx_word' id='word_1_658' title='bbox 1554 5092 1619 5144; x_wconf 76' lang='grc' dir='ltr'>τὰ</span> <span class='ocrx_word' id='word_1_659' title='bbox 1649 5094 1756 5145; x_wconf 78' lang='grc' dir='ltr'>τῶν</span> <span class='ocrx_word' id='word_1_660' title='bbox 1780 5094 1955 5147; x_wconf 80' lang='grc' dir='ltr'>ἄλλων</span> 
     </span>
    </p>
   </div>
   <div class='ocr_carea' id='block_1_85' title="bbox 387 5165 1953 5253">
    <p class='ocr_par' dir='ltr' id='par_1_85' title="bbox 387 5165 1953 5253">
     <span class='ocr_line' id='line_1_85' title="bbox 387 5165 1953 5253; baseline 0.013 -37"><span class='ocrx_word' id='word_1_661' title='bbox 387 5165 763 5235; x_wconf 66' lang='grc' dir='ltr'>ἁμαρτήματα</span> <span class='ocrx_word' id='word_1_662' title='bbox 798 5174 1003 5241; x_wconf 80' lang='grc' dir='ltr'>κρίνειν</span> <span class='ocrx_word' id='word_1_663' title='bbox 1024 5177 1217 5241; x_wconf 74' lang='grc' dir='ltr'>(οὐδεὶς</span> <span class='ocrx_word' id='word_1_664' title='bbox 1234 5179 1342 5248; x_wconf 74' lang='grc' dir='ltr'>γὰρ</span> <span class='ocrx_word' id='word_1_665' title='bbox 1366 5177 1474 5233; x_wconf 82' lang='grc' dir='ltr'>οἶδε</span> <span class='ocrx_word' id='word_1_666' title='bbox 1499 5182 1567 5234; x_wconf 84' lang='grc' dir='ltr'>τὰ</span> <span class='ocrx_word' id='word_1_667' title='bbox 1608 5183 1702 5235; x_wconf 80' lang='grc' dir='ltr'>τοῦ</span> <span class='ocrx_word' id='word_1_668' title='bbox 1734 5183 1921 5253; x_wconf 78' lang='grc' dir='ltr'>ἑτέρου</span> <span class='ocrx_word' id='word_1_669' title='bbox 1940 5204 1953 5218; x_wconf 74' lang='grc' dir='ltr'><strong><em>ο</em></strong></span> 
     </span>
    </p>
   </div>
   <div class='ocr_carea' id='block_1_86' title="bbox 385 5256 1956 5342">
    <p class='ocr_par' dir='ltr' id='par_1_86' title="bbox 385 5256 1956 5342">
     <span class='ocr_line' id='line_1_86' title="bbox 385 5256 1956 5342; baseline 0.013 -36"><span class='ocrx_word' id='word_1_670' title='bbox 385 5257 500 5320; x_wconf 69' lang='grc' dir='ltr'>καὶ,</span> <span class='ocrx_word' id='word_1_671' title='bbox 540 5256 802 5324; x_wconf 71' lang='grc' dir='ltr'>ἕκαστος</span> <span class='ocrx_word' id='word_1_672' title='bbox 846 5263 908 5313; x_wconf 83' lang='grc' dir='ltr'>τὸ</span> <span class='ocrx_word' id='word_1_673' title='bbox 958 5263 1114 5318; x_wconf 75' lang='grc' dir='ltr'>ἴδιον</span> <span class='ocrx_word' id='word_1_674' title='bbox 1136 5268 1389 5334; x_wconf 61' lang='grc' dir='ltr'>φορτίον</span> <span class='ocrx_word' id='word_1_675' title='bbox 1433 5271 1784 5342; x_wconf 80' lang='grc' dir='ltr'>βαστάσει),</span> <span class='ocrx_word' id='word_1_676' title='bbox 1828 5276 1956 5327; x_wconf 76' lang='grc' dir='ltr'>ὅταν</span> 
     </span>
    </p>
   </div>
   <div class='ocr_carea' id='block_1_87' title="bbox 385 5347 1957 5435">
    <p class='ocr_par' dir='ltr' id='par_1_87' title="bbox 385 5347 1957 5435">
     <span class='ocr_line' id='line_1_87' title="bbox 385 5347 1957 5435; baseline 0.011 -37"><span class='ocrx_word' id='word_1_677' title='bbox 385 5347 497 5409; x_wconf 80' lang='grc' dir='ltr'>τοῖς</span> <span class='ocrx_word' id='word_1_678' title='bbox 518 5348 613 5416; x_wconf 76' lang='grc' dir='ltr'><strong>μὲν</strong></span> <span class='ocrx_word' id='word_1_679' title='bbox 636 5349 814 5409; x_wconf 76' lang='grc' dir='ltr'>ἄλλοις</span> <span class='ocrx_word' id='word_1_680' title='bbox 846 5353 1056 5422; x_wconf 78' lang='grc' dir='ltr'>βαρέως</span> <span class='ocrx_word' id='word_1_681' title='bbox 1081 5358 1453 5428; x_wconf 78' lang='grc' dir='ltr'>ὲπικεὼμεοα,</span> <span class='ocrx_word' id='word_1_682' title='bbox 1479 5361 1576 5414; x_wconf 71' lang='grc' dir='ltr'><strong>καὶ</strong></span> <span class='ocrx_word' id='word_1_683' title='bbox 1604 5357 1754 5430; x_wconf 85' lang='grc' dir='ltr'>ὦμεν</span> <span class='ocrx_word' id='word_1_684' title='bbox 1778 5366 1957 5435; x_wconf 79' lang='grc' dir='ltr'>ἀπαρ-</span> 
     </span>
    </p>
   </div>
   <div class='ocr_carea' id='block_1_88' title="bbox 385 5439 1956 5521">
    <p class='ocr_par' dir='ltr' id='par_1_88' title="bbox 385 5439 1956 5521">
     <span class='ocr_line' id='line_1_88' title="bbox 385 5439 1956 5521; baseline 0.012 -32"><span class='ocrx_word' id='word_1_685' title='bbox 385 5439 601 5508; x_wconf 83' lang='grc' dir='ltr'>αίτητοι</span> <span class='ocrx_word' id='word_1_686' title='bbox 651 5440 909 5495; x_wconf 71' lang='grc' dir='ltr'>δικασταὶ</span> <span class='ocrx_word' id='word_1_687' title='bbox 956 5448 1129 5516; x_wconf 68' lang='grc' dir='ltr'>μικρὰ</span> <span class='ocrx_word' id='word_1_688' title='bbox 1192 5449 1287 5501; x_wconf 73' lang='grc' dir='ltr'>τοῦ</span> <span class='ocrx_word' id='word_1_689' title='bbox 1333 5453 1658 5521; x_wconf 71' lang='grc' dir='ltr'>γιγνομένου</span> <span class='ocrx_word' id='word_1_690' title='bbox 1694 5455 1956 5521; x_wconf 74' lang='grc' dir='ltr'>παρεξελ-</span> 
     </span>
    </p>
   </div>
   <div class='ocr_carea' id='block_1_89' title="bbox 388 5529 1949 5616">
    <p class='ocr_par' dir='ltr' id='par_1_89' title="bbox 388 5529 1949 5616">
     <span class='ocr_line' id='line_1_89' title="bbox 388 5529 1949 5616; baseline 0.012 -34"><span class='ocrx_word' id='word_1_691' title='bbox 388 5529 564 5595; x_wconf 78' lang='grc' dir='ltr'>Θοῦσι,</span> <span class='ocrx_word' id='word_1_692' title='bbox 586 5535 663 5609; x_wconf 67' lang='grc' dir='ltr'><strong>τα</strong></span> <span class='ocrx_word' id='word_1_693' title='bbox 696 5536 739 5586; x_wconf 82' lang='grc' dir='ltr'>δ’</span> <span class='ocrx_word' id='word_1_694' title='bbox 768 5536 1013 5605; x_wconf 75' lang='grc' dir='ltr'>ἡμέτερα</span> <span class='ocrx_word' id='word_1_695' title='bbox 1045 5541 1208 5604; x_wconf 75' lang='grc' dir='ltr'>κακὰ,</span> <span class='ocrx_word' id='word_1_696' title='bbox 1233 5542 1351 5594; x_wconf 74' lang='grc' dir='ltr'>οὐδὲ</span> <span class='ocrx_word' id='word_1_697' title='bbox 1379 5545 1592 5613; x_wconf 74' lang='grc' dir='ltr'>φορητά</span> <span class='ocrx_word' id='word_1_698' title='bbox 1613 5546 1773 5616; x_wconf 63' lang='grc' dir='ltr'>τιοχδν</span> <span class='ocrx_word' id='word_1_699' title='bbox 1800 5548 1949 5615; x_wconf 71' lang='grc' dir='ltr'>ὅντα,</span> 
     </span>
    </p>
   </div>
   <div class='ocr_carea' id='block_1_90' title="bbox 390 5625 1954 5710">
    <p class='ocr_par' dir='ltr' id='par_1_90' title="bbox 390 5625 1954 5710">
     <span class='ocr_line' id='line_1_90' title="bbox 390 5625 1954 5710; baseline 0.013 -37"><span class='ocrx_word' id='word_1_700' title='bbox 390 5625 937 5696; x_wconf 80' lang='grc' dir='ltr'>μετεγκεντρίζωμεν</span> <span class='ocrx_word' id='word_1_701' title='bbox 993 5633 1071 5692; x_wconf 75' lang='grc' dir='ltr'><strong>είς</strong></span> <span class='ocrx_word' id='word_1_702' title='bbox 1126 5632 1614 5704; x_wconf 75' lang='grc' dir='ltr'>πλεονεκτήματα,</span> <span class='ocrx_word' id='word_1_703' title='bbox 1678 5639 1793 5702; x_wconf 83' lang='grc' dir='ltr'>πῶς</span> <span class='ocrx_word' id='word_1_704' title='bbox 1857 5642 1954 5710; x_wconf 79' lang='grc' dir='ltr'>οὐχ</span> 
     </span>
    </p>
   </div>
   <div class='ocr_carea' id='block_1_91' title="bbox 387 5714 1936 5802">
    <p class='ocr_par' dir='ltr' id='par_1_91' title="bbox 387 5714 1936 5802">
     <span class='ocr_line' id='line_1_91' title="bbox 387 5714 1936 5802; baseline 0.012 -35"><span class='ocrx_word' id='word_1_705' title='bbox 387 5714 575 5783; x_wconf 68' lang='grc' dir='ltr'>ὥσπερ</span> <span class='ocrx_word' id='word_1_706' title='bbox 613 5716 923 5789; x_wconf 78' lang='grc' dir='ltr'>ἐξεπίτηδες</span> <span class='ocrx_word' id='word_1_707' title='bbox 942 5720 1009 5775; x_wconf 70' lang='grc' dir='ltr'>τὰ</span> <span class='ocrx_word' id='word_1_708' title='bbox 1047 5724 1166 5776; x_wconf 73' lang='grc' dir='ltr'>καθ’</span> <span class='ocrx_word' id='word_1_709' title='bbox 1200 5726 1351 5796; x_wconf 75' lang='grc' dir='ltr'>ἡμῶν</span> <span class='ocrx_word' id='word_1_710' title='bbox 1375 5728 1552 5782; x_wconf 73' lang='grc' dir='ltr'>αὐτῶν</span> <span class='ocrx_word' id='word_1_711' title='bbox 1588 5725 1936 5802; x_wconf 67' lang='grc' dir='ltr'>πράττομεν;</span> 
     </span>
    </p>
   </div>
   <div class='ocr_carea' id='block_1_92' title="bbox 444 5832 863 5899">
    <p class='ocr_par' dir='ltr' id='par_1_92' title="bbox 444 5832 863 5899">
     <span class='ocr_line' id='line_1_92' title="bbox 444 5832 863 5899; baseline 0.012 -13"><span class='ocrx_word' id='word_1_712' title='bbox 444 5834 459 5863; x_wconf 83' lang='grc'>⁸</span> <span class='ocrx_word' id='word_1_713' title='bbox 488 5832 660 5886; x_wconf 80' lang='lat' dir='ltr'><strong>Galat.</strong></span> <span class='ocrx_word' id='word_1_714' title='bbox 687 5850 759 5899; x_wconf 77' lang='grc' dir='ltr'>γι,</span> <span class='ocrx_word' id='word_1_715' title='bbox 795 5836 863 5890; x_wconf 62' lang='lat'><strong>5;</strong></span> 
     </span>
    </p>
   </div>
   <div class='ocr_carea' id='block_1_93' title="bbox 2060 3258 3624 3327">
    <p class='ocr_par' dir='ltr' id='par_1_93' title="bbox 2060 3258 3624 3327">
     <span class='ocr_line' id='line_1_93' title="bbox 2060 3258 3624 3327; baseline -0.004 -14"><span class='ocrx_word' id='word_1_716' title='bbox 2060 3261 2170 3315; x_wconf 90' lang='lat' dir='ltr'><strong>lum</strong></span> <span class='ocrx_word' id='word_1_717' title='bbox 2203 3262 2481 3326; x_wconf 84' lang='lat' dir='ltr'><strong>habemus,</strong></span> <span class='ocrx_word' id='word_1_718' title='bbox 2508 3275 2610 3315; x_wconf 85' lang='lat' dir='ltr'><strong>nec</strong></span> <span class='ocrx_word' id='word_1_719' title='bbox 2642 3275 2846 3325; x_wconf 89' lang='lat' dir='ltr'><strong>aurem,</strong></span> <span class='ocrx_word' id='word_1_720' title='bbox 2881 3275 2979 3313; x_wconf 86' lang='lat' dir='ltr'><strong>nec</strong></span> <span class='ocrx_word' id='word_1_721' title='bbox 3007 3259 3168 3312; x_wconf 80' lang='lat' dir='ltr'><strong>ullam</strong></span> <span class='ocrx_word' id='word_1_722' title='bbox 3193 3258 3624 3327; x_wconf 83' lang='lat' dir='ltr'><strong>intelligentiam,</strong></span> 
     </span>
    </p>
   </div>
   <div class='ocr_carea' id='block_1_94' title="bbox 2059 3348 3632 3419">
    <p class='ocr_par' dir='ltr' id='par_1_94' title="bbox 2059 3348 3632 3419">
     <span class='ocr_line' id='line_1_94' title="bbox 2059 3348 3632 3419; baseline -0.005 -14"><span class='ocrx_word' id='word_1_723' title='bbox 2059 3367 2121 3405; x_wconf 84' lang='lat' dir='ltr'><strong>ac</strong></span> <span class='ocrx_word' id='word_1_724' title='bbox 2159 3367 2226 3405; x_wconf 91' lang='lat' dir='ltr'><strong>ne</strong></span> <span class='ocrx_word' id='word_1_725' title='bbox 2263 3351 2479 3419; x_wconf 85' lang='lat' dir='ltr'><strong>quidem</strong></span> <span class='ocrx_word' id='word_1_726' title='bbox 2512 3350 2710 3403; x_wconf 87' lang='lat' dir='ltr'><strong>habere</strong></span> <span class='ocrx_word' id='word_1_727' title='bbox 2742 3349 3009 3402; x_wconf 86' lang='lat' dir='ltr'><strong>volumus.</strong></span> <span class='ocrx_word' id='word_1_728' title='bbox 3072 3348 3184 3401; x_wconf 89' lang='lat' dir='ltr'><strong>lmo</strong></span> <span class='ocrx_word' id='word_1_729' title='bbox 3227 3348 3408 3401; x_wconf 84' lang='lat' dir='ltr'><strong>videre</strong></span> <span class='ocrx_word' id='word_1_730' title='bbox 3447 3357 3530 3399; x_wconf 85' lang='lat' dir='ltr'><strong>est</strong></span> <span class='ocrx_word' id='word_1_731' title='bbox 3577 3354 3632 3397; x_wconf 76' lang='lat' dir='ltr'><strong>et</strong></span> 
     </span>
    </p>
   </div>
   <div class='ocr_carea' id='block_1_95' title="bbox 2057 3436 3631 3511">
    <p class='ocr_par' dir='ltr' id='par_1_95' title="bbox 2057 3436 3631 3511">
     <span class='ocr_line' id='line_1_95' title="bbox 2057 3436 3631 3511; baseline -0.006 -14"><span class='ocrx_word' id='word_1_732' title='bbox 2057 3443 2201 3497; x_wconf 87' lang='lat' dir='ltr'><strong>aliud</strong></span> <span class='ocrx_word' id='word_1_733' title='bbox 2251 3443 2503 3511; x_wconf 85' lang='lat' dir='ltr'><strong>quiddam</strong></span> <span class='ocrx_word' id='word_1_734' title='bbox 2558 3440 2709 3494; x_wconf 89' lang='lat' dir='ltr'><strong>nobis</strong></span> <span class='ocrx_word' id='word_1_735' title='bbox 2742 3439 3014 3500; x_wconf 88' lang='lat' dir='ltr'><strong>accidere,</strong></span> <span class='ocrx_word' id='word_1_736' title='bbox 3076 3437 3250 3492; x_wconf 85' lang='lat' dir='ltr'><strong>nihilo</strong></span> <span class='ocrx_word' id='word_1_737' title='bbox 3315 3437 3504 3489; x_wconf 89' lang='lat' dir='ltr'><strong>melius</strong></span> <span class='ocrx_word' id='word_1_738' title='bbox 3541 3436 3631 3488; x_wconf 82' lang='lat' dir='ltr'><strong>illo</strong></span> 
     </span>
    </p>
   </div>
   <div class='ocr_carea' id='block_1_96' title="bbox 2057 3528 3630 3604">
    <p class='ocr_par' dir='ltr' id='par_1_96' title="bbox 2057 3528 3630 3604">
     <span class='ocr_line' id='line_1_96' title="bbox 2057 3528 3630 3604; baseline -0.006 -15"><span class='ocrx_word' id='word_1_739' title='bbox 2057 3536 2258 3604; x_wconf 83' lang='lat' dir='ltr'><strong>priore,</strong></span> <span class='ocrx_word' id='word_1_740' title='bbox 2293 3537 2337 3588; x_wconf 86' lang='lat' dir='ltr'><strong>si</strong></span> <span class='ocrx_word' id='word_1_741' title='bbox 2361 3549 2466 3588; x_wconf 85' lang='lat' dir='ltr'><strong>non</strong></span> <span class='ocrx_word' id='word_1_742' title='bbox 2504 3531 2669 3587; x_wconf 89' lang='lat' dir='ltr'><strong>multo</strong></span> <span class='ocrx_word' id='word_1_743' title='bbox 2695 3545 2908 3601; x_wconf 91' lang='lat' dir='ltr'><strong>quoque</strong></span> <span class='ocrx_word' id='word_1_744' title='bbox 2933 3531 3171 3584; x_wconf 86' lang='lat' dir='ltr'><strong>deterius</strong></span> <span class='ocrx_word' id='word_1_745' title='bbox 3194 3539 3295 3583; x_wconf 90' lang='lat' dir='ltr'><strong>est.</strong></span> <span class='ocrx_word' id='word_1_746' title='bbox 3330 3528 3462 3582; x_wconf 83' lang='lat' dir='ltr'><strong>Nam</strong></span> <span class='ocrx_word' id='word_1_747' title='bbox 3508 3544 3630 3596; x_wconf 68' lang='lat' dir='ltr'><strong>quae</strong></span> 
     </span>
    </p>
   </div>
   <div class='ocr_carea' id='block_1_97' title="bbox 2057 3620 3626 3692">
    <p class='ocr_par' dir='ltr' id='par_1_97' title="bbox 2057 3620 3626 3692">
     <span class='ocr_line' id='line_1_97' title="bbox 2057 3620 3626 3692; baseline -0.004 -13"><span class='ocrx_word' id='word_1_748' title='bbox 2057 3627 2110 3679; x_wconf 90' lang='lat' dir='ltr'><strong>in</strong></span> <span class='ocrx_word' id='word_1_749' title='bbox 2143 3625 2262 3678; x_wconf 88' lang='lat' dir='ltr'><strong>aliis</strong></span> <span class='ocrx_word' id='word_1_750' title='bbox 2286 3626 2487 3678; x_wconf 80' lang='lat' dir='ltr'><strong>eximia</strong></span> <span class='ocrx_word' id='word_1_751' title='bbox 2544 3632 2692 3687; x_wconf 80' lang='lat' dir='ltr'><strong>sunt,</strong></span> <span class='ocrx_word' id='word_1_752' title='bbox 2734 3625 3050 3692; x_wconf 80' lang='lat' dir='ltr'><strong>plerumque</strong></span> <span class='ocrx_word' id='word_1_753' title='bbox 3090 3636 3197 3674; x_wconf 85' lang='lat' dir='ltr'><strong>non</strong></span> <span class='ocrx_word' id='word_1_754' title='bbox 3246 3620 3626 3690; x_wconf 76' lang='lat' dir='ltr'><strong>agnoscimus:</strong></span> 
     </span>
    </p>
   </div>
   <div class='ocr_carea' id='block_1_98' title="bbox 2059 3713 3631 3783">
    <p class='ocr_par' dir='ltr' id='par_1_98' title="bbox 2059 3713 3631 3783">
     <span class='ocr_line' id='line_1_98' title="bbox 2059 3713 3631 3783; baseline -0.003 -13"><span class='ocrx_word' id='word_1_755' title='bbox 2059 3723 2115 3769; x_wconf 86' lang='lat' dir='ltr'><strong>at</strong></span> <span class='ocrx_word' id='word_1_756' title='bbox 2141 3713 2324 3778; x_wconf 80' lang='lat' dir='ltr'><strong>multa,</strong></span> <span class='ocrx_word' id='word_1_757' title='bbox 2363 3714 2573 3783; x_wconf 76' lang='lat' dir='ltr'><strong>longius</strong></span> <span class='ocrx_word' id='word_1_758' title='bbox 2606 3729 2633 3767; x_wconf 73' lang='grc' dir='ltr'><strong>ιι</strong></span> <span class='ocrx_word' id='word_1_759' title='bbox 2686 3714 2883 3783; x_wconf 86' lang='lat' dir='ltr'><strong>quibus</strong></span> <span class='ocrx_word' id='word_1_760' title='bbox 2923 3713 3178 3768; x_wconf 85' lang='lat' dir='ltr'><strong>absumus</strong></span> <span class='ocrx_word' id='word_1_761' title='bbox 3206 3725 3369 3780; x_wconf 86' lang='lat' dir='ltr'><strong>quam</strong></span> <span class='ocrx_word' id='word_1_762' title='bbox 3401 3725 3426 3763; x_wconf 72' lang='grc' dir='ltr'>θ</span> <span class='ocrx_word' id='word_1_763' title='bbox 3462 3713 3631 3780; x_wconf 86' lang='lat' dir='ltr'><strong>parti-</strong></span> 
     </span>
    </p>
   </div>
   <div class='ocr_carea' id='block_1_99' title="bbox 2056 3803 3632 3875">
    <p class='ocr_par' dir='ltr' id='par_1_99' title="bbox 2056 3803 3632 3875">
     <span class='ocr_line' id='line_1_99' title="bbox 2056 3803 3632 3875; baseline -0.003 -13"><span class='ocrx_word' id='word_1_764' title='bbox 2056 3810 2157 3862; x_wconf 87' lang='lat' dir='ltr'><strong>bus</strong></span> <span class='ocrx_word' id='word_1_765' title='bbox 2184 3805 2553 3875; x_wconf 83' lang='lat' dir='ltr'><strong>Hyperboreis</strong></span> <span class='ocrx_word' id='word_1_766' title='bbox 2584 3803 2858 3859; x_wconf 79' lang='lat' dir='ltr'><strong>Herculeae</strong></span> <span class='ocrx_word' id='word_1_767' title='bbox 2884 3804 3168 3870; x_wconf 68' lang='lat' dir='ltr'><strong>columnae,</strong></span> <span class='ocrx_word' id='word_1_768' title='bbox 3197 3804 3350 3859; x_wconf 89' lang='lat' dir='ltr'><strong>nobis</strong></span> <span class='ocrx_word' id='word_1_769' title='bbox 3382 3804 3483 3872; x_wconf 87' lang='lat' dir='ltr'><strong>ipsi</strong></span> <span class='ocrx_word' id='word_1_770' title='bbox 3515 3805 3632 3857; x_wconf 86' lang='lat' dir='ltr'><strong>viu-</strong></span> 
     </span>
    </p>
   </div>
   <div class='ocr_carea' id='block_1_100' title="bbox 2060 3894 3631 3964">
    <p class='ocr_par' dir='ltr' id='par_1_100' title="bbox 2060 3894 3631 3964">
     <span class='ocr_line' id='line_1_100' title="bbox 2060 3894 3631 3964; baseline -0.002 -14"><span class='ocrx_word' id='word_1_771' title='bbox 2060 3897 2326 3956; x_wconf 87' lang='lat' dir='ltr'><strong>dieamus,</strong></span> <span class='ocrx_word' id='word_1_772' title='bbox 2355 3897 2606 3964; x_wconf 79' lang='lat' dir='ltr'><strong>elatoque</strong></span> <span class='ocrx_word' id='word_1_773' title='bbox 2635 3895 2867 3949; x_wconf 80' lang='lat' dir='ltr'><strong>maxime</strong></span> <span class='ocrx_word' id='word_1_774' title='bbox 2894 3894 3207 3964; x_wconf 87' lang='lat' dir='ltr'><strong>supercilio,</strong></span> <span class='ocrx_word' id='word_1_775' title='bbox 3266 3910 3362 3949; x_wconf 89' lang='lat' dir='ltr'><strong>nos</strong></span> <span class='ocrx_word' id='word_1_776' title='bbox 3387 3895 3510 3950; x_wconf 87' lang='lat' dir='ltr'><strong>aliis</strong></span> <span class='ocrx_word' id='word_1_777' title='bbox 3541 3912 3631 3949; x_wconf 58' lang='lat' dir='ltr'><strong>su.</strong></span> 
     </span>
    </p>
   </div>
   <div class='ocr_carea' id='block_1_101' title="bbox 2061 3986 3630 4057">
    <p class='ocr_par' dir='ltr' id='par_1_101' title="bbox 2061 3986 3630 4057">
     <span class='ocr_line' id='line_1_101' title="bbox 2061 3986 3630 4057; baseline 0.001 -17"><span class='ocrx_word' id='word_1_778' title='bbox 2061 3987 2300 4057; x_wconf 77' lang='lat' dir='ltr'><strong>perieres</strong></span> <span class='ocrx_word' id='word_1_779' title='bbox 2331 4001 2451 4040; x_wconf 86' lang='lat' dir='ltr'><strong>esse</strong></span> <span class='ocrx_word' id='word_1_780' title='bbox 2485 3995 2752 4053; x_wconf 88' lang='lat' dir='ltr'><strong>putamus,</strong></span> <span class='ocrx_word' id='word_1_781' title='bbox 2791 4001 2853 4039; x_wconf 83' lang='lat' dir='ltr'><strong>ac</strong></span> <span class='ocrx_word' id='word_1_782' title='bbox 2879 4000 2943 4040; x_wconf 91' lang='lat' dir='ltr'><strong>ne</strong></span> <span class='ocrx_word' id='word_1_783' title='bbox 2974 3986 3187 4055; x_wconf 88' lang='lat' dir='ltr'><strong>quidem</strong></span> <span class='ocrx_word' id='word_1_784' title='bbox 3209 3987 3347 4040; x_wconf 86' lang='lat' dir='ltr'><strong>inter</strong></span> <span class='ocrx_word' id='word_1_785' title='bbox 3384 3988 3630 4043; x_wconf 79' lang='lat' dir='ltr'><strong>homines</strong></span> 
     </span>
    </p>
   </div>
   <div class='ocr_carea' id='block_1_102' title="bbox 2060 4077 3631 4147">
    <p class='ocr_par' dir='ltr' id='par_1_102' title="bbox 2060 4077 3631 4147">
     <span class='ocr_line' id='line_1_102' title="bbox 2060 4077 3631 4147; baseline 0.003 -16"><span class='ocrx_word' id='word_1_786' title='bbox 2060 4094 2177 4132; x_wconf 88' lang='lat' dir='ltr'><strong>esse</strong></span> <span class='ocrx_word' id='word_1_787' title='bbox 2231 4092 2328 4133; x_wconf 87' lang='lat' dir='ltr'><strong>nos</strong></span> <span class='ocrx_word' id='word_1_788' title='bbox 2378 4079 2739 4140; x_wconf 83' lang='lat' dir='ltr'><strong>arbitramur,</strong></span> <span class='ocrx_word' id='word_1_789' title='bbox 2788 4079 2879 4131; x_wconf 89' lang='lat' dir='ltr'><strong>sed</strong></span> <span class='ocrx_word' id='word_1_790' title='bbox 2944 4077 3174 4145; x_wconf 84' lang='lat' dir='ltr'><strong>quadam</strong></span> <span class='ocrx_word' id='word_1_791' title='bbox 3202 4081 3257 4132; x_wconf 88' lang='lat' dir='ltr'><strong>in</strong></span> <span class='ocrx_word' id='word_1_792' title='bbox 3309 4088 3460 4147; x_wconf 87' lang='lat' dir='ltr'><strong>parte</strong></span> <span class='ocrx_word' id='word_1_793' title='bbox 3516 4095 3631 4135; x_wconf 82' lang='lat' dir='ltr'><strong>eoe-</strong></span> 
     </span>
    </p>
   </div>
   <div class='ocr_carea' id='block_1_103' title="bbox 2060 4164 3635 4239">
    <p class='ocr_par' dir='ltr' id='par_1_103' title="bbox 2060 4164 3635 4239">
     <span class='ocr_line' id='line_1_103' title="bbox 2060 4164 3635 4239; baseline 0.002 -18"><span class='ocrx_word' id='word_1_794' title='bbox 2060 4170 2092 4222; x_wconf 94' lang='lat' dir='ltr'><strong>li</strong></span> <span class='ocrx_word' id='word_1_795' title='bbox 2122 4188 2135 4221; x_wconf 86' lang='lat'><strong>:</strong></span> <span class='ocrx_word' id='word_1_796' title='bbox 2172 4176 2422 4237; x_wconf 89' lang='lat' dir='ltr'><strong>quodque</strong></span> <span class='ocrx_word' id='word_1_797' title='bbox 2448 4174 2687 4222; x_wconf 90' lang='lat' dir='ltr'><strong>omnium</strong></span> <span class='ocrx_word' id='word_1_798' title='bbox 2738 4170 3026 4236; x_wconf 82' lang='lat' dir='ltr'><strong>pessimum</strong></span> <span class='ocrx_word' id='word_1_799' title='bbox 3056 4178 3155 4235; x_wconf 86' lang='lat' dir='ltr'><strong>est,</strong></span> <span class='ocrx_word' id='word_1_800' title='bbox 3176 4164 3345 4239; x_wconf 83' lang='lat' dir='ltr'><strong>ipsam</strong></span> <span class='ocrx_word' id='word_1_801' title='bbox 3372 4173 3635 4226; x_wconf 76' lang='lat' dir='ltr'><strong>vitiosita-</strong></span> 
     </span>
    </p>
   </div>
   <div class='ocr_carea' id='block_1_104' title="bbox 2061 4263 3633 4334">
    <p class='ocr_par' dir='ltr' id='par_1_104' title="bbox 2061 4263 3633 4334">
     <span class='ocr_line' id='line_1_104' title="bbox 2061 4263 3633 4334; baseline -0.001 -16"><span class='ocrx_word' id='word_1_802' title='bbox 2061 4278 2166 4318; x_wconf 83' lang='lat' dir='ltr'><strong>tem</strong></span> <span class='ocrx_word' id='word_1_803' title='bbox 2197 4280 2315 4334; x_wconf 73' lang='lat' dir='ltr'><strong>qum</strong></span> <span class='ocrx_word' id='word_1_804' title='bbox 2342 4264 2395 4316; x_wconf 90' lang='lat' dir='ltr'><strong>in</strong></span> <span class='ocrx_word' id='word_1_805' title='bbox 2436 4265 2588 4317; x_wconf 88' lang='lat' dir='ltr'><strong>nobis</strong></span> <span class='ocrx_word' id='word_1_806' title='bbox 2622 4272 2725 4325; x_wconf 83' lang='lat' dir='ltr'><strong>est,</strong></span> <span class='ocrx_word' id='word_1_807' title='bbox 2755 4264 3060 4316; x_wconf 80' lang='lat' dir='ltr'><strong>vincentem</strong></span> <span class='ocrx_word' id='word_1_808' title='bbox 3110 4263 3339 4316; x_wconf 85' lang='lat' dir='ltr'><strong>aliorum</strong></span> <span class='ocrx_word' id='word_1_809' title='bbox 3402 4264 3633 4317; x_wconf 79' lang='lat' dir='ltr'><strong>fortasse</strong></span> 
     </span>
    </p>
   </div>
   <div class='ocr_carea' id='block_1_105' title="bbox 2061 4356 3634 4423">
    <p class='ocr_par' dir='ltr' id='par_1_105' title="bbox 2061 4356 3634 4423">
     <span class='ocr_line' id='line_1_105' title="bbox 2061 4356 3634 4423; baseline -0.003 -14"><span class='ocrx_word' id='word_1_810' title='bbox 2061 4358 2213 4418; x_wconf 84' lang='lat' dir='ltr'><strong>vitia,</strong></span> <span class='ocrx_word' id='word_1_811' title='bbox 2264 4356 2517 4409; x_wconf 71' lang='lat' dir='ltr'><strong>virtutem</strong></span> <span class='ocrx_word' id='word_1_812' title='bbox 2552 4356 2907 4422; x_wconf 75' lang='lat' dir='ltr'><strong>appellamus,</strong></span> <span class='ocrx_word' id='word_1_813' title='bbox 2948 4369 3011 4407; x_wconf 83' lang='lat' dir='ltr'><strong>ac</strong></span> <span class='ocrx_word' id='word_1_814' title='bbox 3059 4360 3449 4423; x_wconf 78' lang='lat' dir='ltr'><strong>nonnunquam</strong></span> <span class='ocrx_word' id='word_1_815' title='bbox 3508 4368 3634 4422; x_wconf 89' lang='lat' dir='ltr'><strong>pro-</strong></span> 
     </span>
    </p>
   </div>
   <div class='ocr_carea' id='block_1_106' title="bbox 2062 4440 3632 4515">
    <p class='ocr_par' dir='ltr' id='par_1_106' title="bbox 2062 4440 3632 4515">
     <span class='ocr_line' id='line_1_106' title="bbox 2062 4440 3632 4515; baseline -0.003 -13"><span class='ocrx_word' id='word_1_816' title='bbox 2062 4449 2189 4502; x_wconf 85' lang='lat' dir='ltr'><strong>bare</strong></span> <span class='ocrx_word' id='word_1_817' title='bbox 2216 4460 2475 4502; x_wconf 86' lang='lat' dir='ltr'><strong>conamur</strong></span> <span class='ocrx_word' id='word_1_818' title='bbox 2502 4447 2640 4501; x_wconf 76' lang='lat' dir='ltr'><strong>hanc</strong></span> <span class='ocrx_word' id='word_1_819' title='bbox 2666 4454 2838 4515; x_wconf 85' lang='lat' dir='ltr'><strong>‘supra</strong></span> <span class='ocrx_word' id='word_1_820' title='bbox 2867 4448 3097 4501; x_wconf 89' lang='lat' dir='ltr'><strong>virtutes</strong></span> <span class='ocrx_word' id='word_1_821' title='bbox 3128 4446 3370 4500; x_wconf 92' lang='lat' dir='ltr'><strong>omnium</strong></span> <span class='ocrx_word' id='word_1_822' title='bbox 3399 4440 3632 4512; x_wconf 81' lang='lat' dir='ltr'><strong>positam</strong></span> 
     </span>
    </p>
   </div>
   <div class='ocr_carea' id='block_1_107' title="bbox 2063 4538 3631 4606">
    <p class='ocr_par' dir='ltr' id='par_1_107' title="bbox 2063 4538 3631 4606">
     <span class='ocr_line' id='line_1_107' title="bbox 2063 4538 3631 4606; baseline -0.003 -11"><span class='ocrx_word' id='word_1_823' title='bbox 2063 4556 2201 4595; x_wconf 87' lang='lat' dir='ltr'><strong>esse.</strong></span> <span class='ocrx_word' id='word_1_824' title='bbox 2236 4538 2313 4593; x_wconf 80' lang='lat' dir='ltr'><strong>Ne</strong></span> <span class='ocrx_word' id='word_1_825' title='bbox 2347 4540 2433 4593; x_wconf 89' lang='lat' dir='ltr'><strong>hic</strong></span> <span class='ocrx_word' id='word_1_826' title='bbox 2475 4539 2689 4606; x_wconf 89' lang='lat' dir='ltr'><strong>quidem</strong></span> <span class='ocrx_word' id='word_1_827' title='bbox 2742 4540 3065 4603; x_wconf 86' lang='lat' dir='ltr'><strong>insistimus,</strong></span> <span class='ocrx_word' id='word_1_828' title='bbox 3117 4540 3210 4593; x_wconf 87' lang='lat' dir='ltr'><strong>sed</strong></span> <span class='ocrx_word' id='word_1_829' title='bbox 3263 4539 3418 4593; x_wconf 87' lang='lat' dir='ltr'><strong>bonis</strong></span> <span class='ocrx_word' id='word_1_830' title='bbox 3469 4539 3631 4591; x_wconf 88' lang='lat' dir='ltr'><strong>etiam</strong></span> 
     </span>
    </p>
   </div>
   <div class='ocr_carea' id='block_1_108' title="bbox 2063 4631 3635 4700">
    <p class='ocr_par' dir='ltr' id='par_1_108' title="bbox 2063 4631 3635 4700">
     <span class='ocr_line' id='line_1_108' title="bbox 2063 4631 3635 4700; baseline -0.002 -15"><span class='ocrx_word' id='word_1_831' title='bbox 2063 4636 2192 4689; x_wconf 84' lang='lat' dir='ltr'><strong>viris</strong></span> <span class='ocrx_word' id='word_1_832' title='bbox 2219 4634 2551 4695; x_wconf 82' lang='lat' dir='ltr'><strong>invidemus,</strong></span> <span class='ocrx_word' id='word_1_833' title='bbox 2583 4648 2879 4700; x_wconf 87' lang='lat' dir='ltr'><strong>eorumque</strong></span> <span class='ocrx_word' id='word_1_834' title='bbox 2906 4633 3197 4687; x_wconf 82' lang='lat' dir='ltr'><strong>virtutibus</strong></span> <span class='ocrx_word' id='word_1_835' title='bbox 3238 4633 3449 4685; x_wconf 87' lang='lat' dir='ltr'><strong>nomina</strong></span> <span class='ocrx_word' id='word_1_836' title='bbox 3475 4631 3635 4684; x_wconf 87' lang='lat' dir='ltr'><strong>vitio-</strong></span> 
     </span>
    </p>
   </div>
   <div class='ocr_carea' id='block_1_109' title="bbox 2065 4723 3634 4791">
    <p class='ocr_par' dir='ltr' id='par_1_109' title="bbox 2065 4723 3634 4791">
     <span class='ocr_line' id='line_1_109' title="bbox 2065 4723 3634 4791; baseline -0.003 -11"><span class='ocrx_word' id='word_1_837' title='bbox 2065 4744 2181 4781; x_wconf 84' lang='lat' dir='ltr'><strong>rttnt</strong></span> <span class='ocrx_word' id='word_1_838' title='bbox 2215 4727 2465 4780; x_wconf 82' lang='lat' dir='ltr'><strong>ittditutts.</strong></span> <span class='ocrx_word' id='word_1_839' title='bbox 2532 4725 2703 4778; x_wconf 81' lang='lat' dir='ltr'><strong>Simul</strong></span> <span class='ocrx_word' id='word_1_840' title='bbox 2739 4724 3104 4778; x_wconf 84' lang='lat' dir='ltr'><strong>abominabile</strong></span> <span class='ocrx_word' id='word_1_841' title='bbox 3159 4724 3416 4791; x_wconf 86' lang='lat' dir='ltr'><strong>quiddam</strong></span> <span class='ocrx_word' id='word_1_842' title='bbox 3459 4723 3634 4775; x_wconf 78' lang='lat' dir='ltr'><strong>admi-</strong></span> 
     </span>
    </p>
   </div>
   <div class='ocr_carea' id='block_1_110' title="bbox 2063 4814 3637 4885">
    <p class='ocr_par' dir='ltr' id='par_1_110' title="bbox 2063 4814 3637 4885">
     <span class='ocr_line' id='line_1_110' title="bbox 2063 4814 3637 4885; baseline -0.004 -10"><span class='ocrx_word' id='word_1_843' title='bbox 2063 4832 2201 4875; x_wconf 87' lang='lat' dir='ltr'><strong>stum</strong></span> <span class='ocrx_word' id='word_1_844' title='bbox 2225 4827 2326 4883; x_wconf 85' lang='lat' dir='ltr'><strong>est,</strong></span> <span class='ocrx_word' id='word_1_845' title='bbox 2358 4818 2500 4884; x_wconf 88' lang='lat' dir='ltr'><strong>quod</strong></span> <span class='ocrx_word' id='word_1_846' title='bbox 2538 4830 2606 4869; x_wconf 83' lang='lat' dir='ltr'><strong>ne</strong></span> <span class='ocrx_word' id='word_1_847' title='bbox 2646 4815 2863 4883; x_wconf 81' lang='lat' dir='ltr'><strong>quidem</strong></span> <span class='ocrx_word' id='word_1_848' title='bbox 2898 4814 3303 4878; x_wconf 84' lang='lat' dir='ltr'><strong>erubescamus,</strong></span> <span class='ocrx_word' id='word_1_849' title='bbox 3334 4817 3427 4871; x_wconf 89' lang='lat' dir='ltr'><strong>sed</strong></span> <span class='ocrx_word' id='word_1_850' title='bbox 3458 4816 3637 4885; x_wconf 76' lang='lat' dir='ltr'><strong>impn-</strong></span> 
     </span>
    </p>
   </div>
   <div class='ocr_carea' id='block_1_111' title="bbox 2062 4905 3636 4975">
    <p class='ocr_par' dir='ltr' id='par_1_111' title="bbox 2062 4905 3636 4975">
     <span class='ocr_line' id='line_1_111' title="bbox 2062 4905 3636 4975; baseline -0.003 -13"><span class='ocrx_word' id='word_1_851' title='bbox 2062 4910 2253 4964; x_wconf 86' lang='lat' dir='ltr'><strong>denter</strong></span> <span class='ocrx_word' id='word_1_852' title='bbox 2303 4909 2437 4962; x_wconf 81' lang='lat' dir='ltr'><strong>adeo</strong></span> <span class='ocrx_word' id='word_1_853' title='bbox 2485 4906 2896 4975; x_wconf 79' lang='lat' dir='ltr'><strong>progrediamur</strong></span> <span class='ocrx_word' id='word_1_854' title='bbox 2948 4906 3001 4959; x_wconf 81' lang='lat' dir='ltr'><strong>in</strong></span> <span class='ocrx_word' id='word_1_855' title='bbox 3039 4905 3108 4960; x_wconf 90' lang='lat' dir='ltr'><strong>iis</strong></span> <span class='ocrx_word' id='word_1_856' title='bbox 3144 4920 3371 4973; x_wconf 89' lang='lat' dir='ltr'><strong>quorum</strong></span> <span class='ocrx_word' id='word_1_857' title='bbox 3409 4921 3508 4960; x_wconf 90' lang='lat' dir='ltr'><strong>nos</strong></span> <span class='ocrx_word' id='word_1_858' title='bbox 3540 4922 3636 4975; x_wconf 85' lang='lat' dir='ltr'><strong>pu-</strong></span> 
     </span>
    </p>
   </div>
   <div class='ocr_carea' id='block_1_112' title="bbox 2066 4994 3636 5066">
    <p class='ocr_par' dir='ltr' id='par_1_112' title="bbox 2066 4994 3636 5066">
     <span class='ocr_line' id='line_1_112' title="bbox 2066 4994 3636 5066; baseline -0.001 -14"><span class='ocrx_word' id='word_1_859' title='bbox 2066 5000 2193 5053; x_wconf 85' lang='lat' dir='ltr'><strong>dere</strong></span> <span class='ocrx_word' id='word_1_860' title='bbox 2233 4997 2483 5061; x_wconf 82' lang='lat' dir='ltr'><strong>debebat,</strong></span> <span class='ocrx_word' id='word_1_861' title='bbox 2515 4995 2670 5065; x_wconf 85' lang='lat' dir='ltr'><strong>quasi</strong></span> <span class='ocrx_word' id='word_1_862' title='bbox 2709 4996 2753 5049; x_wconf 91' lang='lat' dir='ltr'><strong>si</strong></span> <span class='ocrx_word' id='word_1_863' title='bbox 2791 4994 3057 5064; x_wconf 87' lang='lat' dir='ltr'><strong>quispiam</strong></span> <span class='ocrx_word' id='word_1_864' title='bbox 3110 5011 3229 5051; x_wconf 88' lang='lat' dir='ltr'><strong>sese</strong></span> <span class='ocrx_word' id='word_1_865' title='bbox 3269 4996 3519 5051; x_wconf 86' lang='lat' dir='ltr'><strong>licentius</strong></span> <span class='ocrx_word' id='word_1_866' title='bbox 3542 5010 3636 5066; x_wconf 77' lang='lat' dir='ltr'><strong>ge-</strong></span> 
     </span>
    </p>
   </div>
   <div class='ocr_carea' id='block_1_113' title="bbox 2065 5081 3630 5156">
    <p class='ocr_par' dir='ltr' id='par_1_113' title="bbox 2065 5081 3630 5156">
     <span class='ocr_line' id='line_1_113' title="bbox 2065 5081 3630 5156; baseline -0.002 -12"><span class='ocrx_word' id='word_1_867' title='bbox 2065 5099 2169 5151; x_wconf 79' lang='lat' dir='ltr'><strong>rat,</strong></span> <span class='ocrx_word' id='word_1_868' title='bbox 2193 5104 2254 5144; x_wconf 86' lang='lat' dir='ltr'><strong>ea</strong></span> <span class='ocrx_word' id='word_1_869' title='bbox 2286 5081 2572 5156; x_wconf 54' lang='lat' dir='ltr'><strong>designans</strong></span> <span class='ocrx_word' id='word_1_870' title='bbox 2594 5087 2804 5155; x_wconf 78' lang='lat' dir='ltr'><strong>ob&#39;qnae</strong></span> <span class='ocrx_word' id='word_1_871' title='bbox 2826 5098 3080 5139; x_wconf 84' lang='lat' dir='ltr'><strong>coronam</strong></span> <span class='ocrx_word' id='word_1_872' title='bbox 3112 5087 3184 5141; x_wconf 89' lang='lat' dir='ltr'><strong>sit</strong></span> <span class='ocrx_word' id='word_1_873' title='bbox 3211 5089 3630 5155; x_wconf 80' lang='lat' dir='ltr'><strong>promeritums:</strong></span> 
     </span>
    </p>
   </div>
   <div class='ocr_carea' id='block_1_114' title="bbox 2026 5178 3635 5248">
    <p class='ocr_par' dir='ltr' id='par_1_114' title="bbox 2026 5178 3635 5248">
     <span class='ocr_line' id='line_1_114' title="bbox 2026 5178 3635 5248; baseline -0.002 -14"><span class='ocrx_word' id='word_1_874' title='bbox 2026 5182 2031 5185; x_wconf 73' lang='grc'><strong>⁷</strong></span> <span class='ocrx_word' id='word_1_875' title='bbox 2066 5181 2306 5248; x_wconf 87' lang='lat' dir='ltr'><strong>adeoque</strong></span> <span class='ocrx_word' id='word_1_876' title='bbox 2337 5180 2543 5233; x_wconf 54' lang='lat' dir='ltr'><strong>similes</strong></span> <span class='ocrx_word' id='word_1_877' title='bbox 2576 5178 2910 5247; x_wconf 79' lang='lat' dir='ltr'><strong>sapientibus</strong></span> <span class='ocrx_word' id='word_1_878' title='bbox 2938 5190 3144 5243; x_wconf 86' lang='lat' dir='ltr'><strong>sumus,</strong></span> <span class='ocrx_word' id='word_1_879' title='bbox 3188 5179 3241 5232; x_wconf 77' lang='lat' dir='ltr'><strong>in</strong></span> <span class='ocrx_word' id='word_1_880' title='bbox 3267 5180 3635 5234; x_wconf 78' lang='lat' dir='ltr'><strong>condemnau-</strong></span> 
     </span>
    </p>
   </div>
   <div class='ocr_carea' id='block_1_115' title="bbox 2065 5269 3630 5336">
    <p class='ocr_par' dir='ltr' id='par_1_115' title="bbox 2065 5269 3630 5336">
     <span class='ocr_line' id='line_1_115' title="bbox 2065 5269 3630 5336; baseline -0.002 -10"><span class='ocrx_word' id='word_1_881' title='bbox 2065 5276 2145 5327; x_wconf 87' lang='lat' dir='ltr'><strong>dis</strong></span> <span class='ocrx_word' id='word_1_882' title='bbox 2178 5274 2317 5335; x_wconf 81' lang='lat' dir='ltr'><strong>aliis,</strong></span> <span class='ocrx_word' id='word_1_883' title='bbox 2349 5280 2401 5324; x_wconf 89' lang='lat' dir='ltr'><strong>at</strong></span> <span class='ocrx_word' id='word_1_884' title='bbox 2436 5272 2645 5323; x_wconf 80' lang='lat' dir='ltr'><strong>interim</strong></span> <span class='ocrx_word' id='word_1_885' title='bbox 2673 5285 2776 5322; x_wconf 90' lang='lat' dir='ltr'><strong>non</strong></span> <span class='ocrx_word' id='word_1_886' title='bbox 2815 5269 3276 5336; x_wconf 65' lang='lat' dir='ltr'><strong>pers&#39;entiscimus,</strong></span> <span class='ocrx_word' id='word_1_887' title='bbox 3314 5288 3342 5325; x_wconf 89' lang='lat' dir='ltr'><strong>a</strong></span> <span class='ocrx_word' id='word_1_888' title='bbox 3393 5272 3546 5325; x_wconf 89' lang='lat' dir='ltr'><strong>nobis</strong></span> <span class='ocrx_word' id='word_1_889' title='bbox 3568 5284 3630 5324; x_wconf 88' lang='lat' dir='ltr'><strong>ea</strong></span> 
     </span>
    </p>
   </div>
   <div class='ocr_carea' id='block_1_116' title="bbox 2057 5361 3632 5428">
    <p class='ocr_par' dir='ltr' id='par_1_116' title="bbox 2057 5361 3632 5428">
     <span class='ocr_line' id='line_1_116' title="bbox 2057 5361 3632 5428; baseline -0.003 -11"><span class='ocrx_word' id='word_1_890' title='bbox 2057 5365 2297 5419; x_wconf 76' lang='lat' dir='ltr'><strong>Studiose</strong></span> <span class='ocrx_word' id='word_1_891' title='bbox 2332 5363 2441 5417; x_wconf 80' lang='lat' dir='ltr'><strong>ﬁeri</strong></span> <span class='ocrx_word' id='word_1_892' title='bbox 2476 5376 2592 5428; x_wconf 80' lang='lat' dir='ltr'><strong>quze</strong></span> <span class='ocrx_word' id='word_1_893' title='bbox 2630 5371 2816 5414; x_wconf 86' lang='lat' dir='ltr'><strong>contra</strong></span> <span class='ocrx_word' id='word_1_894' title='bbox 2854 5375 2973 5413; x_wconf 78' lang='lat' dir='ltr'><strong>&#39;nos</strong></span> <span class='ocrx_word' id='word_1_895' title='bbox 3002 5364 3149 5427; x_wconf 85' lang='lat' dir='ltr'><strong>ipsos</strong></span> <span class='ocrx_word' id='word_1_896' title='bbox 3181 5363 3311 5417; x_wconf 87' lang='lat' dir='ltr'><strong>sint.</strong></span> <span class='ocrx_word' id='word_1_897' title='bbox 3351 5361 3467 5425; x_wconf 85' lang='lat' dir='ltr'><strong>Quo</strong></span> <span class='ocrx_word' id='word_1_898' title='bbox 3499 5376 3632 5414; x_wconf 88' lang='lat' dir='ltr'><strong>sane</strong></span> 
     </span>
    </p>
   </div>
   <div class='ocr_carea' id='block_1_117' title="bbox 2056 5450 3632 5525">
    <p class='ocr_par' dir='ltr' id='par_1_117' title="bbox 2056 5450 3632 5525">
     <span class='ocr_line' id='line_1_117' title="bbox 2056 5450 3632 5525; baseline -0.001 -19"><span class='ocrx_word' id='word_1_899' title='bbox 2056 5457 2181 5525; x_wconf 84' lang='lat' dir='ltr'><strong>quid</strong></span> <span class='ocrx_word' id='word_1_900' title='bbox 2210 5455 2377 5509; x_wconf 86' lang='lat' dir='ltr'><strong>videri</strong></span> <span class='ocrx_word' id='word_1_901' title='bbox 2417 5453 2657 5508; x_wconf 83' lang='lat' dir='ltr'><strong>deterius</strong></span> <span class='ocrx_word' id='word_1_902' title='bbox 2712 5452 2924 5521; x_wconf 84' lang='lat' dir='ltr'><strong>possit?</strong></span> <span class='ocrx_word' id='word_1_903' title='bbox 2954 5452 3087 5506; x_wconf 83' lang='lat' dir='ltr'><strong>Nam</strong></span> <span class='ocrx_word' id='word_1_904' title='bbox 3138 5450 3283 5506; x_wconf 86' lang='lat' dir='ltr'><strong>cum</strong></span> <span class='ocrx_word' id='word_1_905' title='bbox 3309 5453 3503 5504; x_wconf 89' lang='lat' dir='ltr'><strong>malum</strong></span> <span class='ocrx_word' id='word_1_906' title='bbox 3560 5455 3632 5505; x_wconf 90' lang='lat' dir='ltr'><strong>sit</strong></span> 
     </span>
    </p>
   </div>
   <div class='ocr_carea' id='block_1_118' title="bbox 2058 5542 3630 5617">
    <p class='ocr_par' dir='ltr' id='par_1_118' title="bbox 2058 5542 3630 5617">
     <span class='ocr_line' id='line_1_118' title="bbox 2058 5542 3630 5617; baseline -0.005 -16"><span class='ocrx_word' id='word_1_907' title='bbox 2058 5561 2220 5617; x_wconf 79' lang='lat' dir='ltr'><strong>atque</strong></span> <span class='ocrx_word' id='word_1_908' title='bbox 2269 5547 2510 5609; x_wconf 82' lang='lat' dir='ltr'><strong>noxium,</strong></span> <span class='ocrx_word' id='word_1_909' title='bbox 2551 5556 2736 5600; x_wconf 84' lang='lat' dir='ltr'><strong>nostra</strong></span> <span class='ocrx_word' id='word_1_910' title='bbox 2770 5552 2823 5599; x_wconf 89' lang='lat' dir='ltr'><strong>et</strong></span> <span class='ocrx_word' id='word_1_911' title='bbox 2853 5544 3081 5597; x_wconf 88' lang='lat' dir='ltr'><strong>aliormu</strong></span> <span class='ocrx_word' id='word_1_912' title='bbox 3115 5544 3335 5611; x_wconf 74' lang='lat' dir='ltr'><strong>peccaia</strong></span> <span class='ocrx_word' id='word_1_913' title='bbox 3371 5542 3518 5609; x_wconf 85' lang='lat' dir='ltr'><strong>paria</strong></span> <span class='ocrx_word' id='word_1_914' title='bbox 3550 5542 3630 5593; x_wconf 62' lang='lat' dir='ltr'><strong>{an</strong></span> 
     </span>
    </p>
   </div>
   <div class='ocr_carea' id='block_1_119' title="bbox 2054 5618 3621 5707">
    <p class='ocr_par' dir='ltr' id='par_1_119' title="bbox 2054 5618 3621 5707">
     <span class='ocr_line' id='line_1_119' title="bbox 2054 5618 3621 5707; baseline -0.006 -16"><span class='ocrx_word' id='word_1_915' title='bbox 2054 5655 2175 5693; x_wconf 78' lang='lat' dir='ltr'><strong>rere</strong></span> <span class='ocrx_word' id='word_1_916' title='bbox 2200 5641 2343 5707; x_wconf 87' lang='lat' dir='ltr'><strong>(nam</strong></span> <span class='ocrx_word' id='word_1_917' title='bbox 2386 5638 2557 5691; x_wconf 86' lang='lat' dir='ltr'><strong>aliena</strong></span> <span class='ocrx_word' id='word_1_918' title='bbox 2594 5652 2750 5691; x_wconf 86' lang='lat' dir='ltr'><strong>nemo</strong></span> <span class='ocrx_word' id='word_1_919' title='bbox 2781 5637 2927 5691; x_wconf 89' lang='lat' dir='ltr'><strong>novit</strong></span> <span class='ocrx_word' id='word_1_920' title='bbox 2957 5652 2972 5699; x_wconf 84' lang='lat'>;</span> <span class='ocrx_word' id='word_1_921' title='bbox 3009 5618 3161 5697; x_wconf 77' lang='lat' dir='ltr'><strong>item,</strong></span> <span class='ocrx_word' id='word_1_922' title='bbox 3199 5631 3361 5685; x_wconf 65' lang='lat' dir='ltr'><strong>Onus</strong></span> <span class='ocrx_word' id='word_1_923' title='bbox 3388 5628 3621 5698; x_wconf 63' lang='lat' dir='ltr'><strong>quisque</strong></span> 
     </span>
    </p>
   </div>
   <div class='ocr_carea' id='block_1_120' title="bbox 2049 5722 3623 5800">
    <p class='ocr_par' dir='ltr' id='par_1_120' title="bbox 2049 5722 3623 5800">
     <span class='ocr_line' id='line_1_120' title="bbox 2049 5722 3623 5800; baseline -0.001 -15"><span class='ocrx_word' id='word_1_924' title='bbox 2049 5748 2197 5785; x_wconf 82' lang='lat' dir='ltr'><strong>suum</strong></span> <span class='ocrx_word' id='word_1_925' title='bbox 2230 5730 2528 5800; x_wconf 83' lang='lat' dir='ltr'><strong>portabit‘),</strong></span> <span class='ocrx_word' id='word_1_926' title='bbox 2555 5734 2766 5799; x_wconf 89' lang='lat' dir='ltr'><strong>quoties</strong></span> <span class='ocrx_word' id='word_1_927' title='bbox 2794 5731 2912 5783; x_wconf 83' lang='lat' dir='ltr'><strong>aliis</strong></span> <span class='ocrx_word' id='word_1_928' title='bbox 2944 5743 3132 5796; x_wconf 79' lang='lat' dir='ltr'><strong>graves</strong></span> <span class='ocrx_word' id='word_1_929' title='bbox 3153 5735 3431 5799; x_wconf 66' lang='grc' dir='ltr'>ε,ῼιιιιιε,(ἰ</span> <span class='ocrx_word' id='word_1_930' title='bbox 3464 5722 3623 5777; x_wconf 70' lang='lat' dir='ltr'><strong>inc!-</strong></span> 
     </span>
    </p>
   </div>
  </div>
