  <div class='ocr_page' id='page_1' title='image "/cluster/home/n/w/nwhite01/storage/ocr_20150623/156/mdp.39015078384719/259.png"; bbox 0 0 4098 6272; ppageno 0'>
   <div class='ocr_carea' id='block_1_1' title="bbox 490 426 594 487">
    <p class='ocr_par' dir='ltr' id='par_1_1' title="bbox 490 426 594 487">
     <span class='ocr_line' id='line_1_1' title="bbox 490 426 594 487; baseline 0 0"><span class='ocrx_word' id='word_1_1' title='bbox 490 426 594 487; x_wconf 59' lang='grc' dir='ltr'>ωε)</span> 
     </span>
    </p>
   </div>
   <div class='ocr_carea' id='block_1_2' title="bbox 1628 438 2507 501">
    <p class='ocr_par' dir='ltr' id='par_1_2' title="bbox 1628 438 2507 501">
     <span class='ocr_line' id='line_1_2' title="bbox 1628 438 2507 501; baseline -0.003 0"><span class='ocrx_word' id='word_1_2' title='bbox 1628 439 2029 501; x_wconf 82' lang='lat' dir='ltr'><strong>MANUELIS</strong></span> <span class='ocrx_word' id='word_1_3' title='bbox 2061 438 2507 501; x_wconf 49' lang='lat' dir='ltr'><strong>PALI‘EOLOGI</strong></span> 
     </span>
    </p>
   </div>
   <div class='ocr_carea' id='block_1_3' title="bbox 3620 438 3731 505">
    <p class='ocr_par' dir='ltr' id='par_1_3' title="bbox 3620 438 3731 505">
     <span class='ocr_line' id='line_1_3' title="bbox 3620 438 3731 505; baseline 0.009 -1"><span class='ocrx_word' id='word_1_4' title='bbox 3620 438 3731 505; x_wconf 71' lang='lat'><strong>500</strong></span> 
     </span>
    </p>
   </div>
   <div class='ocr_carea' id='block_1_4' title="bbox 492 538 2066 633">
    <p class='ocr_par' dir='ltr' id='par_1_4' title="bbox 492 538 2061 633">
     <span class='ocr_line' id='line_1_4' title="bbox 492 538 2061 633; baseline 0.008 -41"><span class='ocrx_word' id='word_1_5' title='bbox 492 538 736 633; x_wconf 76' lang='lat' dir='ltr'><strong>orabiles</strong></span> <span class='ocrx_word' id='word_1_6' title='bbox 765 552 977 600; x_wconf 83' lang='lat' dir='ltr'><strong>nosmet</strong></span> <span class='ocrx_word' id='word_1_7' title='bbox 1024 546 1235 613; x_wconf 80' lang='lat' dir='ltr'><strong>iudices</strong></span> <span class='ocrx_word' id='word_1_8' title='bbox 1286 548 1339 603; x_wconf 89' lang='lat' dir='ltr'><strong>in</strong></span> <span class='ocrx_word' id='word_1_9' title='bbox 1375 562 1470 608; x_wconf 21' lang='lat' dir='ltr'><strong>eos.</strong></span> <span class='ocrx_word' id='word_1_10' title='bbox 1496 550 1756 621; x_wconf 77' lang='lat' dir='ltr'><strong>gerimus,</strong></span> <span class='ocrx_word' id='word_1_11' title='bbox 1792 553 1881 622; x_wconf 89' lang='lat' dir='ltr'><strong>qui</strong></span> <span class='ocrx_word' id='word_1_12' title='bbox 1912 552 2061 621; x_wconf 83' lang='lat' dir='ltr'><strong>paul-</strong></span> 
     </span>
    </p>
   </div>
   <div class='ocr_carea' id='block_1_5' title="bbox 2167 538 3721 633">
    <p class='ocr_par' dir='ltr' id='par_1_5' title="bbox 2167 556 3721 633">
     <span class='ocr_line' id='line_1_5' title="bbox 2167 556 3721 633; baseline 0.001 -24"><span class='ocrx_word' id='word_1_13' title='bbox 2167 557 2391 618; x_wconf 66' lang='lat' dir='ltr'><strong>onoﬁm</strong></span> <span class='ocrx_word' id='word_1_14' title='bbox 2442 560 2505 630; x_wconf 83' lang='grc' dir='ltr'>δή</span> <span class='ocrx_word' id='word_1_15' title='bbox 2556 556 2647 627; x_wconf 87' lang='grc' dir='ltr'><strong>μοί</strong></span> <span class='ocrx_word' id='word_1_16' title='bbox 2680 575 2825 623; x_wconf 78' lang='grc' dir='ltr'>τινες</span> <span class='ocrx_word' id='word_1_17' title='bbox 2854 560 3157 633; x_wconf 81' lang='grc' dir='ltr'>ἀνθρώπων</span> <span class='ocrx_word' id='word_1_18' title='bbox 3183 561 3356 616; x_wconf 87' lang='grc' dir='ltr'>δεινόν</span> <span class='ocrx_word' id='word_1_19' title='bbox 3384 578 3438 614; x_wconf 90' lang='grc' dir='ltr'><strong>τι</strong></span> <span class='ocrx_word' id='word_1_20' title='bbox 3468 559 3721 629; x_wconf 73' lang='grc' dir='ltr'><strong>⁸ιιςάσχειν,</strong></span> 
     </span>
    </p>
   </div>
   <div class='ocr_carea' id='block_1_6' title="bbox 487 629 2052 711">
    <p class='ocr_par' dir='ltr' id='par_1_6' title="bbox 487 629 2052 711">
     <span class='ocr_line' id='line_1_6' title="bbox 487 629 2052 711; baseline 0.011 -29"><span class='ocrx_word' id='word_1_21' title='bbox 487 629 605 685; x_wconf 90' lang='lat' dir='ltr'><strong>lum</strong></span> <span class='ocrx_word' id='word_1_22' title='bbox 664 634 731 687; x_wconf 91' lang='lat' dir='ltr'><strong>ab</strong></span> <span class='ocrx_word' id='word_1_23' title='bbox 766 635 937 691; x_wconf 78' lang='lat' dir='ltr'><strong>oliicio</strong></span> <span class='ocrx_word' id='word_1_24' title='bbox 978 636 1332 707; x_wconf 81' lang='lat' dir='ltr'><strong>deﬂexerunt,</strong></span> <span class='ocrx_word' id='word_1_25' title='bbox 1387 651 1568 697; x_wconf 88' lang='lat' dir='ltr'><strong>nostra</strong></span> <span class='ocrx_word' id='word_1_26' title='bbox 1596 659 1726 700; x_wconf 84' lang='lat' dir='ltr'><strong>vero</strong></span> <span class='ocrx_word' id='word_1_27' title='bbox 1743 645 1895 711; x_wconf 85' lang='lat' dir='ltr'><strong>vitia,</strong></span> <span class='ocrx_word' id='word_1_28' title='bbox 1941 644 2052 699; x_wconf 85' lang='lat' dir='ltr'><strong>for-</strong></span> 
     </span>
    </p>
   </div>
   <div class='ocr_carea' id='block_1_7' title="bbox 487 728 2055 802">
    <p class='ocr_par' dir='ltr' id='par_1_7' title="bbox 487 728 2055 802">
     <span class='ocr_line' id='line_1_7' title="bbox 487 728 2055 802; baseline 0.011 -27"><span class='ocrx_word' id='word_1_29' title='bbox 487 735 636 780; x_wconf 86' lang='lat' dir='ltr'><strong>tasse</strong></span> <span class='ocrx_word' id='word_1_30' title='bbox 662 740 728 780; x_wconf 92' lang='lat' dir='ltr'><strong>ne</strong></span> <span class='ocrx_word' id='word_1_31' title='bbox 755 728 1030 786; x_wconf 88' lang='lat' dir='ltr'><strong>toleranda</strong></span> <span class='ocrx_word' id='word_1_32' title='bbox 1054 733 1293 802; x_wconf 92' lang='lat' dir='ltr'><strong>quidem,</strong></span> <span class='ocrx_word' id='word_1_33' title='bbox 1316 735 1470 791; x_wconf 89' lang='lat' dir='ltr'><strong>factis</strong></span> <span class='ocrx_word' id='word_1_34' title='bbox 1496 737 1712 793; x_wconf 78' lang='lat' dir='ltr'><strong>eximiis</strong></span> <span class='ocrx_word' id='word_1_35' title='bbox 1746 739 2055 802; x_wconf 78' lang='lat' dir='ltr'><strong>inserimus,</strong></span> 
     </span>
    </p>
   </div>
   <div class='ocr_carea' id='block_1_8' title="bbox 2156 652 3719 723">
    <p class='ocr_par' dir='ltr' id='par_1_8' title="bbox 2156 652 3719 723">
     <span class='ocr_line' id='line_1_8' title="bbox 2156 652 3719 723; baseline -0.001 -17"><span class='ocrx_word' id='word_1_36' title='bbox 2156 652 2440 717; x_wconf 80' lang='grc' dir='ltr'><strong>νοσοῦντες</strong></span> <span class='ocrx_word' id='word_1_37' title='bbox 2474 653 2652 723; x_wconf 79' lang='grc' dir='ltr'>ζῆλον,</span> <span class='ocrx_word' id='word_1_38' title='bbox 2681 654 2741 707; x_wconf 82' lang='grc' dir='ltr'>οὗ</span> <span class='ocrx_word' id='word_1_39' title='bbox 2776 654 2898 707; x_wconf 85' lang='grc' dir='ltr'>κατ’</span> <span class='ocrx_word' id='word_1_40' title='bbox 2937 654 3258 722; x_wconf 72' lang='grc' dir='ltr'>ἐπίγνωσιν.</span> <span class='ocrx_word' id='word_1_41' title='bbox 3292 655 3403 707; x_wconf 75' lang='grc' dir='ltr'><strong>Καὶ</strong></span> <span class='ocrx_word' id='word_1_42' title='bbox 3440 653 3550 722; x_wconf 81' lang='grc' dir='ltr'><strong>γάρ</strong></span> <span class='ocrx_word' id='word_1_43' title='bbox 3574 652 3719 720; x_wconf 84' lang='grc' dir='ltr'>ὠμό-</span> 
     </span>
    </p>
   </div>
   <div class='ocr_carea' id='block_1_9' title="bbox 2156 742 3721 829">
    <p class='ocr_par' dir='ltr' id='par_1_9' title="bbox 2156 742 3721 829">
     <span class='ocr_line' id='line_1_9' title="bbox 2156 742 3721 829; baseline 0.004 -36"><span class='ocrx_word' id='word_1_44' title='bbox 2156 758 2285 829; x_wconf 78' lang='grc' dir='ltr'>τητι</span> <span class='ocrx_word' id='word_1_45' title='bbox 2311 744 2655 812; x_wconf 82' lang='grc' dir='ltr'>κεκινῆσθαι,</span> <span class='ocrx_word' id='word_1_46' title='bbox 2692 745 2786 797; x_wconf 68' lang='grc' dir='ltr'><strong>καὶ</strong></span> <span class='ocrx_word' id='word_1_47' title='bbox 2812 745 3177 816; x_wconf 78' lang='grc' dir='ltr'>ἁπανθρωπίᾳ</span> <span class='ocrx_word' id='word_1_48' title='bbox 3205 745 3453 815; x_wconf 79' lang='grc' dir='ltr'><strong>γεμούσῃ</strong></span> <span class='ocrx_word' id='word_1_49' title='bbox 3512 742 3721 829; x_wconf 68' lang='grc' dir='ltr'>μίσους,</span> 
     </span>
    </p>
   </div>
   <div class='ocr_carea' id='block_1_10' title="bbox 488 815 2066 905">
    <p class='ocr_par' dir='ltr' id='par_1_10' title="bbox 488 815 2056 898">
     <span class='ocr_line' id='line_1_10' title="bbox 488 815 2056 898; baseline 0.01 -32"><span class='ocrx_word' id='word_1_50' title='bbox 488 815 583 880; x_wconf 88' lang='lat' dir='ltr'><strong>qui</strong></span> <span class='ocrx_word' id='word_1_51' title='bbox 614 831 717 870; x_wconf 92' lang='lat' dir='ltr'><strong>non</strong></span> <span class='ocrx_word' id='word_1_52' title='bbox 759 818 882 873; x_wconf 91' lang='lat' dir='ltr'><strong>data</strong></span> <span class='ocrx_word' id='word_1_53' title='bbox 911 822 1058 877; x_wconf 84' lang='lat' dir='ltr'><strong>velut</strong></span> <span class='ocrx_word' id='word_1_54' title='bbox 1090 840 1250 895; x_wconf 86' lang='lat' dir='ltr'><strong>opera</strong></span> <span class='ocrx_word' id='word_1_55' title='bbox 1284 827 1513 884; x_wconf 77' lang='lat' dir='ltr'><strong>facimus</strong></span> <span class='ocrx_word' id='word_1_56' title='bbox 1572 844 1633 883; x_wconf 90' lang='lat' dir='ltr'><strong>ea</strong></span> <span class='ocrx_word' id='word_1_57' title='bbox 1696 844 1815 898; x_wconf 75' lang='lat' dir='ltr'><strong>qua:</strong></span> <span class='ocrx_word' id='word_1_58' title='bbox 1867 838 2056 884; x_wconf 91' lang='lat' dir='ltr'><strong>contra</strong></span> 
     </span>
    </p>
   </div>
   <div class='ocr_carea' id='block_1_11' title="bbox 2167 815 3726 905">
    <p class='ocr_par' dir='ltr' id='par_1_11' title="bbox 2167 815 3726 905">
     <span class='ocr_line' id='line_1_11' title="bbox 2167 815 3726 905; baseline 0.001 -20"><span class='ocrx_word' id='word_1_59' title='bbox 2167 834 2215 887; x_wconf 71' lang='grc' dir='ltr'>ὲν</span> <span class='ocrx_word' id='word_1_60' title='bbox 2242 828 2320 897; x_wconf 81' lang='grc' dir='ltr'>οἷς</span> <span class='ocrx_word' id='word_1_61' title='bbox 2351 832 2571 904; x_wconf 80' lang='grc' dir='ltr'>μισοῦσι</span> <span class='ocrx_word' id='word_1_62' title='bbox 2627 836 2755 899; x_wconf 78' lang='grc' dir='ltr'>τοὺς</span> <span class='ocrx_word' id='word_1_63' title='bbox 2805 815 3043 905; x_wconf 78' lang='grc' dir='ltr'>φαύλους</span> <span class='ocrx_word' id='word_1_64' title='bbox 3090 815 3274 900; x_wconf 71' lang='grc' dir='ltr'>ὄντας,</span> <span class='ocrx_word' id='word_1_65' title='bbox 3314 837 3410 889; x_wconf 75' lang='grc' dir='ltr'>καὶ</span> <span class='ocrx_word' id='word_1_66' title='bbox 3459 821 3726 905; x_wconf 67' lang='grc' dir='ltr'>ἀποστρέη</span> 
     </span>
    </p>
   </div>
   <div class='ocr_carea' id='block_1_12' title="bbox 487 906 2058 983">
    <p class='ocr_par' dir='ltr' id='par_1_12' title="bbox 487 906 2058 983">
     <span class='ocr_line' id='line_1_12' title="bbox 487 906 2058 983; baseline 0.011 -25"><span class='ocrx_word' id='word_1_67' title='bbox 487 920 585 983; x_wconf 89' lang='lat' dir='ltr'><strong>nos</strong></span> <span class='ocrx_word' id='word_1_68' title='bbox 608 906 754 975; x_wconf 89' lang='lat' dir='ltr'><strong>ipsos</strong></span> <span class='ocrx_word' id='word_1_69' title='bbox 788 921 915 968; x_wconf 86' lang='lat' dir='ltr'><strong>sunt</strong></span> <span class='ocrx_word' id='word_1_70' title='bbox 940 914 961 966; x_wconf 82' lang='lat'><strong>?</strong></span> <span class='ocrx_word' id='word_1_71' title='bbox 984 914 1253 972; x_wconf 86' lang='lat' dir='ltr'><strong>Nimirum</strong></span> <span class='ocrx_word' id='word_1_72' title='bbox 1292 921 1568 975; x_wconf 83' lang='lat' dir='ltr'><strong>nonnullis</strong></span> <span class='ocrx_word' id='word_1_73' title='bbox 1596 921 1918 975; x_wconf 75' lang='lat' dir='ltr'><strong>mortalibus</strong></span> <span class='ocrx_word' id='word_1_74' title='bbox 1967 937 2058 975; x_wconf 84' lang='lat' dir='ltr'><strong>ac-</strong></span> 
     </span>
    </p>
   </div>
   <div class='ocr_carea' id='block_1_13' title="bbox 486 997 2061 1083">
    <p class='ocr_par' dir='ltr' id='par_1_13' title="bbox 486 997 2061 1083">
     <span class='ocr_line' id='line_1_13' title="bbox 486 997 2061 1083; baseline 0.012 -34"><span class='ocrx_word' id='word_1_75' title='bbox 486 997 672 1053; x_wconf 85' lang='lat' dir='ltr'><strong>cidere</strong></span> <span class='ocrx_word' id='word_1_76' title='bbox 706 1001 838 1056; x_wconf 89' lang='lat' dir='ltr'><strong>mihi</strong></span> <span class='ocrx_word' id='word_1_77' title='bbox 908 1007 1061 1062; x_wconf 91' lang='lat' dir='ltr'><strong>triste</strong></span> <span class='ocrx_word' id='word_1_78' title='bbox 1100 1009 1356 1077; x_wconf 82' lang='lat' dir='ltr'><strong>quiddam</strong></span> <span class='ocrx_word' id='word_1_79' title='bbox 1398 1013 1630 1077; x_wconf 84' lang='lat' dir='ltr'><strong>videtur,</strong></span> <span class='ocrx_word' id='word_1_80' title='bbox 1665 1013 1754 1083; x_wconf 89' lang='lat' dir='ltr'><strong>qui</strong></span> <span class='ocrx_word' id='word_1_81' title='bbox 1782 1013 1879 1068; x_wconf 82' lang='lat' dir='ltr'><strong>zeli</strong></span> <span class='ocrx_word' id='word_1_82' title='bbox 1928 1013 2061 1069; x_wconf 89' lang='lat' dir='ltr'><strong>vitio</strong></span> 
     </span>
    </p>
   </div>
   <div class='ocr_carea' id='block_1_14' title="bbox 488 1089 2060 1163">
    <p class='ocr_par' dir='ltr' id='par_1_14' title="bbox 488 1089 2060 1163">
     <span class='ocr_line' id='line_1_14' title="bbox 488 1089 2060 1163; baseline 0.011 -21"><span class='ocrx_word' id='word_1_83' title='bbox 488 1089 763 1160; x_wconf 88' lang='lat' dir='ltr'><strong>laborent,</strong></span> <span class='ocrx_word' id='word_1_84' title='bbox 831 1111 937 1151; x_wconf 82' lang='lat' dir='ltr'><strong>non</strong></span> <span class='ocrx_word' id='word_1_85' title='bbox 988 1104 1286 1157; x_wconf 88' lang='lat' dir='ltr'><strong>secundum</strong></span> <span class='ocrx_word' id='word_1_86' title='bbox 1347 1092 1680 1162; x_wconf 57' lang='lat' dir='ltr'><strong>scientiam&quot;.</strong></span> <span class='ocrx_word' id='word_1_87' title='bbox 1758 1108 1895 1161; x_wconf 86' lang='lat' dir='ltr'><strong>Nam</strong></span> <span class='ocrx_word' id='word_1_88' title='bbox 1931 1123 2060 1163; x_wconf 86' lang='lat' dir='ltr'><strong>cru-</strong></span> 
     </span>
    </p>
   </div>
   <div class='ocr_carea' id='block_1_15' title="bbox 489 1181 2061 1263">
    <p class='ocr_par' dir='ltr' id='par_1_15' title="bbox 489 1181 2061 1263">
     <span class='ocr_line' id='line_1_15' title="bbox 489 1181 2061 1263; baseline 0.013 -31"><span class='ocrx_word' id='word_1_89' title='bbox 489 1181 709 1239; x_wconf 88' lang='lat' dir='ltr'><strong>delitate</strong></span> <span class='ocrx_word' id='word_1_90' title='bbox 737 1192 1069 1245; x_wconf 85' lang='lat' dir='ltr'><strong>commoveri</strong></span> <span class='ocrx_word' id='word_1_91' title='bbox 1098 1193 1372 1263; x_wconf 85' lang='lat' dir='ltr'><strong>videntur,</strong></span> <span class='ocrx_word' id='word_1_92' title='bbox 1408 1206 1462 1251; x_wconf 90' lang='lat' dir='ltr'><strong>et</strong></span> <span class='ocrx_word' id='word_1_93' title='bbox 1504 1198 1902 1254; x_wconf 89' lang='lat' dir='ltr'><strong>inhumanitate</strong></span> <span class='ocrx_word' id='word_1_94' title='bbox 1952 1198 2061 1253; x_wconf 89' lang='lat' dir='ltr'><strong>odii</strong></span> 
     </span>
    </p>
   </div>
   <div class='ocr_carea' id='block_1_16' title="bbox 488 1274 2065 1346">
    <p class='ocr_par' dir='ltr' id='par_1_16' title="bbox 488 1274 2065 1346">
     <span class='ocr_line' id='line_1_16' title="bbox 488 1274 2065 1346; baseline 0.014 -22"><span class='ocrx_word' id='word_1_95' title='bbox 488 1274 684 1341; x_wconf 85' lang='lat' dir='ltr'><strong>plena,</strong></span> <span class='ocrx_word' id='word_1_96' title='bbox 740 1279 867 1332; x_wconf 89' lang='lat' dir='ltr'><strong>dum</strong></span> <span class='ocrx_word' id='word_1_97' title='bbox 911 1281 1058 1338; x_wconf 79' lang='lat' dir='ltr'><strong>vitiis</strong></span> <span class='ocrx_word' id='word_1_98' title='bbox 1090 1285 1357 1341; x_wconf 77' lang='lat' dir='ltr'><strong>obnoxios</strong></span> <span class='ocrx_word' id='word_1_99' title='bbox 1394 1290 1697 1344; x_wconf 87' lang='lat' dir='ltr'><strong>oderuntet</strong></span> <span class='ocrx_word' id='word_1_100' title='bbox 1743 1298 2065 1346; x_wconf 79' lang='lat' dir='ltr'><strong>aversantur</strong></span> 
     </span>
    </p>
   </div>
   <div class='ocr_carea' id='block_1_17' title="bbox 488 1370 2064 1457">
    <p class='ocr_par' dir='ltr' id='par_1_17' title="bbox 488 1370 2064 1457">
     <span class='ocr_line' id='line_1_17' title="bbox 488 1370 2064 1457; baseline 0.011 -40"><span class='ocrx_word' id='word_1_101' title='bbox 488 1378 623 1431; x_wconf 87' lang='lat' dir='ltr'><strong>quos</strong></span> <span class='ocrx_word' id='word_1_102' title='bbox 686 1376 740 1423; x_wconf 91' lang='lat' dir='ltr'><strong>et</strong></span> <span class='ocrx_word' id='word_1_103' title='bbox 797 1370 1036 1427; x_wconf 90' lang='lat' dir='ltr'><strong>miserari</strong></span> <span class='ocrx_word' id='word_1_104' title='bbox 1097 1375 1390 1445; x_wconf 84' lang='lat' dir='ltr'><strong>debebant,</strong></span> <span class='ocrx_word' id='word_1_105' title='bbox 1429 1388 1497 1457; x_wconf 89' lang='lat' dir='ltr'><strong>et</strong></span> <span class='ocrx_word' id='word_1_106' title='bbox 1549 1380 1624 1434; x_wconf 89' lang='lat' dir='ltr'><strong>uti</strong></span> <span class='ocrx_word' id='word_1_107' title='bbox 1664 1382 2064 1448; x_wconf 76' lang='lat' dir='ltr'><strong>corrigerentur</strong></span> 
     </span>
    </p>
   </div>
   <div class='ocr_carea' id='block_1_18' title="bbox 487 1465 2065 1541">
    <p class='ocr_par' dir='ltr' id='par_1_18' title="bbox 487 1465 2065 1541">
     <span class='ocr_line' id='line_1_18' title="bbox 487 1465 2065 1541; baseline 0.009 -30"><span class='ocrx_word' id='word_1_108' title='bbox 487 1471 707 1525; x_wconf 80' lang='lat' dir='ltr'><strong>operam</strong></span> <span class='ocrx_word' id='word_1_109' title='bbox 768 1465 899 1520; x_wconf 88' lang='lat' dir='ltr'><strong>dare</strong></span> <span class='ocrx_word' id='word_1_110' title='bbox 948 1467 1213 1537; x_wconf 76' lang='lat' dir='ltr'><strong>:quippe,</strong></span> <span class='ocrx_word' id='word_1_111' title='bbox 1266 1484 1386 1526; x_wconf 88' lang='lat' dir='ltr'><strong>meo</strong></span> <span class='ocrx_word' id='word_1_112' title='bbox 1427 1471 1650 1540; x_wconf 87' lang='lat' dir='ltr'><strong>quidem</strong></span> <span class='ocrx_word' id='word_1_113' title='bbox 1707 1472 2065 1541; x_wconf 84' lang='lat' dir='ltr'><strong>judicio,po-</strong></span> 
     </span>
    </p>
   </div>
   <div class='ocr_carea' id='block_1_19' title="bbox 488 1546 2062 1632">
    <p class='ocr_par' dir='ltr' id='par_1_19' title="bbox 488 1546 2062 1632">
     <span class='ocr_line' id='line_1_19' title="bbox 488 1546 2062 1632; baseline 0.012 -33"><span class='ocrx_word' id='word_1_114' title='bbox 488 1546 629 1603; x_wconf 85' lang='lat' dir='ltr'><strong>tiore</strong></span> <span class='ocrx_word' id='word_1_115' title='bbox 659 1550 713 1605; x_wconf 92' lang='lat' dir='ltr'><strong>in</strong></span> <span class='ocrx_word' id='word_1_116' title='bbox 747 1563 899 1619; x_wconf 91' lang='lat' dir='ltr'><strong>parte</strong></span> <span class='ocrx_word' id='word_1_117' title='bbox 969 1558 1296 1625; x_wconf 89' lang='lat' dir='ltr'><strong>claudicant,</strong></span> <span class='ocrx_word' id='word_1_118' title='bbox 1356 1562 1448 1632; x_wconf 91' lang='lat' dir='ltr'><strong>qui</strong></span> <span class='ocrx_word' id='word_1_119' title='bbox 1504 1564 1629 1617; x_wconf 89' lang='lat' dir='ltr'><strong>dum</strong></span> <span class='ocrx_word' id='word_1_120' title='bbox 1668 1565 1830 1619; x_wconf 82' lang='lat' dir='ltr'><strong>odere</strong></span> <span class='ocrx_word' id='word_1_121' title='bbox 1872 1564 2062 1627; x_wconf 89' lang='lat' dir='ltr'><strong>malos,</strong></span> 
     </span>
    </p>
   </div>
   <div class='ocr_carea' id='block_1_20' title="bbox 492 1637 2069 1724">
    <p class='ocr_par' dir='ltr' id='par_1_20' title="bbox 492 1637 2069 1724">
     <span class='ocr_line' id='line_1_20' title="bbox 492 1637 2069 1724; baseline 0.013 -34"><span class='ocrx_word' id='word_1_122' title='bbox 492 1652 642 1694; x_wconf 84' lang='lat' dir='ltr'><strong>recte</strong></span> <span class='ocrx_word' id='word_1_123' title='bbox 672 1637 896 1710; x_wconf 80' lang='lat' dir='ltr'><strong>faciunt,</strong></span> <span class='ocrx_word' id='word_1_124' title='bbox 932 1658 986 1700; x_wconf 88' lang='lat' dir='ltr'><strong>at</strong></span> <span class='ocrx_word' id='word_1_125' title='bbox 1039 1651 1167 1707; x_wconf 91' lang='lat' dir='ltr'><strong>dum</strong></span> <span class='ocrx_word' id='word_1_126' title='bbox 1206 1654 1371 1708; x_wconf 87' lang='lat' dir='ltr'><strong>odere</strong></span> <span class='ocrx_word' id='word_1_127' title='bbox 1421 1656 1807 1724; x_wconf 78' lang='lat' dir='ltr'><strong>ncgliguntque</strong></span> <span class='ocrx_word' id='word_1_128' title='bbox 1840 1656 1979 1724; x_wconf 88' lang='lat' dir='ltr'><strong>quod</strong></span> <span class='ocrx_word' id='word_1_129' title='bbox 2010 1670 2069 1709; x_wconf 75' lang='lat' dir='ltr'><strong>e—</strong></span> 
     </span>
    </p>
   </div>
   <div class='ocr_carea' id='block_1_21' title="bbox 485 1727 2064 1815">
    <p class='ocr_par' dir='ltr' id='par_1_21' title="bbox 485 1727 2064 1815">
     <span class='ocr_line' id='line_1_21' title="bbox 485 1727 2064 1815; baseline 0.013 -34"><span class='ocrx_word' id='word_1_130' title='bbox 485 1727 701 1796; x_wconf 80' lang='lat' dir='ltr'><strong>jusdem</strong></span> <span class='ocrx_word' id='word_1_131' title='bbox 738 1746 821 1790; x_wconf 83' lang='lat' dir='ltr'><strong>est</strong></span> <span class='ocrx_word' id='word_1_132' title='bbox 855 1748 1083 1805; x_wconf 53' lang='lat' dir='ltr'><strong>naturai,</strong></span> <span class='ocrx_word' id='word_1_133' title='bbox 1116 1745 1452 1799; x_wconf 84' lang='lat' dir='ltr'><strong>contrariam</strong></span> <span class='ocrx_word' id='word_1_134' title='bbox 1484 1748 1536 1800; x_wconf 90' lang='lat' dir='ltr'><strong>in</strong></span> <span class='ocrx_word' id='word_1_135' title='bbox 1565 1758 1768 1814; x_wconf 88' lang='lat' dir='ltr'><strong>partem</strong></span> <span class='ocrx_word' id='word_1_136' title='bbox 1817 1756 2064 1815; x_wconf 85' lang='lat' dir='ltr'><strong>peccant.</strong></span> 
     </span>
    </p>
   </div>
   <div class='ocr_carea' id='block_1_22' title="bbox 491 1823 2066 1906">
    <p class='ocr_par' dir='ltr' id='par_1_22' title="bbox 491 1823 2066 1906">
     <span class='ocr_line' id='line_1_22' title="bbox 491 1823 2066 1906; baseline 0.011 -32"><span class='ocrx_word' id='word_1_137' title='bbox 491 1823 658 1893; x_wconf 85' lang='lat' dir='ltr'><strong>Atqui</strong></span> <span class='ocrx_word' id='word_1_138' title='bbox 688 1830 967 1897; x_wconf 82' lang='lat' dir='ltr'><strong>Oportebat</strong></span> <span class='ocrx_word' id='word_1_139' title='bbox 1017 1848 1136 1902; x_wconf 88' lang='lat' dir='ltr'><strong>eos,</strong></span> <span class='ocrx_word' id='word_1_140' title='bbox 1210 1839 1553 1906; x_wconf 86' lang='lat' dir='ltr'><strong>propriorum</strong></span> <span class='ocrx_word' id='word_1_141' title='bbox 1583 1838 1902 1893; x_wconf 85' lang='lat' dir='ltr'><strong>delictorum</strong></span> <span class='ocrx_word' id='word_1_142' title='bbox 1955 1852 2066 1892; x_wconf 88' lang='lat' dir='ltr'><strong>me-</strong></span> 
     </span>
    </p>
   </div>
   <div class='ocr_carea' id='block_1_23' title="bbox 492 1917 2063 2000">
    <p class='ocr_par' dir='ltr' id='par_1_23' title="bbox 492 1917 2063 2000">
     <span class='ocr_line' id='line_1_23' title="bbox 492 1917 2063 2000; baseline 0.011 -33"><span class='ocrx_word' id='word_1_143' title='bbox 492 1931 673 1975; x_wconf 84' lang='lat' dir='ltr'><strong>mores</strong></span> <span class='ocrx_word' id='word_1_144' title='bbox 705 1917 847 1988; x_wconf 66' lang='lat' dir='ltr'><strong>(quae</strong></span> <span class='ocrx_word' id='word_1_145' title='bbox 883 1919 1115 1980; x_wconf 78' lang='lat' dir='ltr'><strong>fortasse</strong></span> <span class='ocrx_word' id='word_1_146' title='bbox 1141 1926 1306 1980; x_wconf 87' lang='lat' dir='ltr'><strong>multa</strong></span> <span class='ocrx_word' id='word_1_147' title='bbox 1341 1944 1642 1998; x_wconf 73' lang='lat' dir='ltr'><strong>magnaque</strong></span> <span class='ocrx_word' id='word_1_148' title='bbox 1670 1927 1889 2000; x_wconf 82' lang='lat' dir='ltr'><strong>fuerint)</strong></span> <span class='ocrx_word' id='word_1_149' title='bbox 1924 1946 2063 1999; x_wconf 76' lang='lat' dir='ltr'><strong>pra:-</strong></span> 
     </span>
    </p>
   </div>
   <div class='ocr_carea' id='block_1_24' title="bbox 493 2017 2057 2084">
    <p class='ocr_par' dir='ltr' id='par_1_24' title="bbox 493 2017 2057 2084">
     <span class='ocr_line' id='line_1_24' title="bbox 493 2017 2057 2084; baseline 0.008 -22"><span class='ocrx_word' id='word_1_150' title='bbox 493 2017 750 2079; x_wconf 87' lang='lat' dir='ltr'><strong>tercaque</strong></span> <span class='ocrx_word' id='word_1_151' title='bbox 779 2017 1190 2081; x_wconf 86' lang='lat' dir='ltr'><strong>temperamenti</strong></span> <span class='ocrx_word' id='word_1_152' title='bbox 1217 2018 1375 2084; x_wconf 83' lang='lat' dir='ltr'><strong>hujus</strong></span> <span class='ocrx_word' id='word_1_153' title='bbox 1397 2021 1686 2075; x_wconf 81' lang='lat' dir='ltr'><strong>essentiam</strong></span> <span class='ocrx_word' id='word_1_154' title='bbox 1714 2034 2057 2075; x_wconf 86' lang='lat' dir='ltr'><strong>communem</strong></span> 
     </span>
    </p>
   </div>
   <div class='ocr_carea' id='block_1_25' title="bbox 492 2102 2060 2181">
    <p class='ocr_par' dir='ltr' id='par_1_25' title="bbox 492 2102 2060 2181">
     <span class='ocr_line' id='line_1_25' title="bbox 492 2102 2060 2181; baseline 0.01 -29"><span class='ocrx_word' id='word_1_155' title='bbox 492 2102 785 2169; x_wconf 87' lang='lat' dir='ltr'><strong>intuentes,</strong></span> <span class='ocrx_word' id='word_1_156' title='bbox 819 2118 993 2174; x_wconf 90' lang='lat' dir='ltr'><strong>neque</strong></span> <span class='ocrx_word' id='word_1_157' title='bbox 1015 2123 1209 2163; x_wconf 87' lang='lat' dir='ltr'><strong>novum</strong></span> <span class='ocrx_word' id='word_1_158' title='bbox 1234 2113 1363 2179; x_wconf 90' lang='lat' dir='ltr'><strong>quid</strong></span> <span class='ocrx_word' id='word_1_159' title='bbox 1393 2114 1609 2179; x_wconf 88' lang='lat' dir='ltr'><strong>ducere,</strong></span> <span class='ocrx_word' id='word_1_160' title='bbox 1652 2113 1696 2167; x_wconf 90' lang='lat' dir='ltr'><strong>si</strong></span> <span class='ocrx_word' id='word_1_161' title='bbox 1728 2116 1850 2181; x_wconf 87' lang='lat' dir='ltr'><strong>quis</strong></span> <span class='ocrx_word' id='word_1_162' title='bbox 1877 2112 2060 2181; x_wconf 82' lang='lat' dir='ltr'><strong>lapsus</strong></span> 
     </span>
    </p>
   </div>
   <div class='ocr_carea' id='block_1_26' title="bbox 492 2191 2058 2273">
    <p class='ocr_par' dir='ltr' id='par_1_26' title="bbox 492 2191 2058 2273">
     <span class='ocr_line' id='line_1_26' title="bbox 492 2191 2058 2273; baseline 0.008 -30"><span class='ocrx_word' id='word_1_163' title='bbox 492 2191 763 2261; x_wconf 86' lang='lat' dir='ltr'><strong>sit,neque</strong></span> <span class='ocrx_word' id='word_1_164' title='bbox 785 2195 1114 2265; x_wconf 81' lang='lat' dir='ltr'><strong>voluptatem</strong></span> <span class='ocrx_word' id='word_1_165' title='bbox 1141 2202 1294 2273; x_wconf 89' lang='lat' dir='ltr'><strong>quasi</strong></span> <span class='ocrx_word' id='word_1_166' title='bbox 1321 2205 1613 2269; x_wconf 80' lang='lat' dir='ltr'><strong>quamdam</strong></span> <span class='ocrx_word' id='word_1_167' title='bbox 1642 2218 1835 2273; x_wconf 87' lang='lat' dir='ltr'><strong>capere</strong></span> <span class='ocrx_word' id='word_1_168' title='bbox 1858 2204 1924 2259; x_wconf 89' lang='lat' dir='ltr'><strong>de</strong></span> <span class='ocrx_word' id='word_1_169' title='bbox 1942 2219 2058 2256; x_wconf 89' lang='lat' dir='ltr'><strong>ma-</strong></span> 
     </span>
    </p>
   </div>
   <div class='ocr_carea' id='block_1_27' title="bbox 491 2283 2061 2365">
    <p class='ocr_par' dir='ltr' id='par_1_27' title="bbox 491 2283 2061 2365">
     <span class='ocr_line' id='line_1_27' title="bbox 491 2283 2061 2365; baseline 0.006 -28"><span class='ocrx_word' id='word_1_170' title='bbox 491 2283 547 2338; x_wconf 85' lang='lat' dir='ltr'><strong>lo</strong></span> <span class='ocrx_word' id='word_1_171' title='bbox 575 2288 719 2354; x_wconf 90' lang='lat' dir='ltr'><strong>quod</strong></span> <span class='ocrx_word' id='word_1_172' title='bbox 751 2299 982 2358; x_wconf 77' lang='lat' dir='ltr'><strong>cognato</strong></span> <span class='ocrx_word' id='word_1_173' title='bbox 1005 2291 1287 2347; x_wconf 87' lang='lat' dir='ltr'><strong>acciderit.</strong></span> <span class='ocrx_word' id='word_1_174' title='bbox 1318 2292 1450 2347; x_wconf 90' lang='lat' dir='ltr'><strong>Nam</strong></span> <span class='ocrx_word' id='word_1_175' title='bbox 1484 2295 1628 2350; x_wconf 87' lang='lat' dir='ltr'><strong>nullo</strong></span> <span class='ocrx_word' id='word_1_176' title='bbox 1652 2296 1810 2351; x_wconf 87' lang='lat' dir='ltr'><strong>modo</strong></span> <span class='ocrx_word' id='word_1_177' title='bbox 1836 2309 1891 2349; x_wconf 88' lang='lat' dir='ltr'><strong>se</strong></span> <span class='ocrx_word' id='word_1_178' title='bbox 1921 2309 2061 2365; x_wconf 46' lang='lat' dir='ltr'><strong>prae.</strong></span> 
     </span>
    </p>
   </div>
   <div class='ocr_carea' id='block_1_28' title="bbox 492 2377 2059 2454">
    <p class='ocr_par' dir='ltr' id='par_1_28' title="bbox 492 2377 2059 2454">
     <span class='ocr_line' id='line_1_28' title="bbox 492 2377 2059 2454; baseline 0.006 -24"><span class='ocrx_word' id='word_1_179' title='bbox 492 2377 621 2430; x_wconf 79' lang='lat' dir='ltr'><strong>bere</strong></span> <span class='ocrx_word' id='word_1_180' title='bbox 657 2380 839 2434; x_wconf 90' lang='lat' dir='ltr'><strong>mitem</strong></span> <span class='ocrx_word' id='word_1_181' title='bbox 870 2382 926 2445; x_wconf 84' lang='lat' dir='ltr'><strong>in</strong></span> <span class='ocrx_word' id='word_1_182' title='bbox 962 2397 1056 2438; x_wconf 89' lang='lat' dir='ltr'><strong>eos</strong></span> <span class='ocrx_word' id='word_1_183' title='bbox 1088 2384 1181 2454; x_wconf 89' lang='lat' dir='ltr'><strong>qui</strong></span> <span class='ocrx_word' id='word_1_184' title='bbox 1244 2400 1364 2439; x_wconf 90' lang='lat' dir='ltr'><strong>cum</strong></span> <span class='ocrx_word' id='word_1_185' title='bbox 1399 2385 1642 2454; x_wconf 82' lang='lat' dir='ltr'><strong>ejusdem</strong></span> <span class='ocrx_word' id='word_1_186' title='bbox 1683 2395 1893 2440; x_wconf 78' lang='lat' dir='ltr'><strong>natura:</strong></span> <span class='ocrx_word' id='word_1_187' title='bbox 1924 2385 2059 2447; x_wconf 88' lang='lat' dir='ltr'><strong>sint,</strong></span> 
     </span>
    </p>
   </div>
   <div class='ocr_carea' id='block_1_29' title="bbox 492 2470 2057 2546">
    <p class='ocr_par' dir='ltr' id='par_1_29' title="bbox 492 2470 2057 2546">
     <span class='ocr_line' id='line_1_29' title="bbox 492 2470 2057 2546; baseline 0.004 -24"><span class='ocrx_word' id='word_1_188' title='bbox 492 2470 678 2524; x_wconf 87' lang='lat' dir='ltr'><strong>miseri</strong></span> <span class='ocrx_word' id='word_1_189' title='bbox 702 2470 840 2539; x_wconf 85' lang='lat' dir='ltr'><strong>facti</strong></span> <span class='ocrx_word' id='word_1_190' title='bbox 868 2484 1018 2539; x_wconf 88' lang='lat' dir='ltr'><strong>sunt,</strong></span> <span class='ocrx_word' id='word_1_191' title='bbox 1056 2475 1275 2531; x_wconf 76' lang='lat' dir='ltr'><strong>virtutis</strong></span> <span class='ocrx_word' id='word_1_192' title='bbox 1295 2492 1414 2532; x_wconf 90' lang='lat' dir='ltr'><strong>esse</strong></span> <span class='ocrx_word' id='word_1_193' title='bbox 1442 2477 1647 2545; x_wconf 81' lang='lat' dir='ltr'><strong>nequit.</strong></span> <span class='ocrx_word' id='word_1_194' title='bbox 1683 2476 1860 2546; x_wconf 88' lang='lat' dir='ltr'><strong>Atque</strong></span> <span class='ocrx_word' id='word_1_195' title='bbox 1904 2477 2057 2545; x_wconf 83' lang='lat' dir='ltr'><strong>equi-</strong></span> 
     </span>
    </p>
   </div>
   <div class='ocr_carea' id='block_1_30' title="bbox 492 2561 2057 2637">
    <p class='ocr_par' dir='ltr' id='par_1_30' title="bbox 492 2561 2057 2637">
     <span class='ocr_line' id='line_1_30' title="bbox 492 2561 2057 2637; baseline 0.005 -23"><span class='ocrx_word' id='word_1_196' title='bbox 492 2561 615 2615; x_wconf 87' lang='lat' dir='ltr'><strong>dem</strong></span> <span class='ocrx_word' id='word_1_197' title='bbox 641 2562 782 2617; x_wconf 89' lang='lat' dir='ltr'><strong>scire</strong></span> <span class='ocrx_word' id='word_1_198' title='bbox 804 2578 1035 2632; x_wconf 87' lang='lat' dir='ltr'><strong>nequeo,</strong></span> <span class='ocrx_word' id='word_1_199' title='bbox 1065 2567 1210 2621; x_wconf 87' lang='lat' dir='ltr'><strong>sitne</strong></span> <span class='ocrx_word' id='word_1_200' title='bbox 1256 2565 1484 2623; x_wconf 88' lang='lat' dir='ltr'><strong>durities</strong></span> <span class='ocrx_word' id='word_1_201' title='bbox 1513 2569 1616 2623; x_wconf 87' lang='lat' dir='ltr'><strong>ista</strong></span> <span class='ocrx_word' id='word_1_202' title='bbox 1643 2568 1809 2623; x_wconf 91' lang='lat' dir='ltr'><strong>nimia</strong></span> <span class='ocrx_word' id='word_1_203' title='bbox 1844 2568 2057 2637; x_wconf 86' lang='lat' dir='ltr'><strong>religio-</strong></span> 
     </span>
    </p>
   </div>
   <div class='ocr_carea' id='block_1_31' title="bbox 449 2650 2058 2728">
    <p class='ocr_par' dir='ltr' id='par_1_31' title="bbox 449 2650 2058 2728">
     <span class='ocr_line' id='line_1_31' title="bbox 449 2650 2058 2728; baseline 0.006 -23"><span class='ocrx_word' id='word_1_204' title='bbox 449 2714 451 2717; x_wconf 29' lang='grc' dir='ltr'><strong>η</strong></span> <span class='ocrx_word' id='word_1_205' title='bbox 492 2668 613 2706; x_wconf 85' lang='lat' dir='ltr'><strong>sum</strong></span> <span class='ocrx_word' id='word_1_206' title='bbox 654 2654 878 2724; x_wconf 87' lang='lat' dir='ltr'><strong>aliquid,</strong></span> <span class='ocrx_word' id='word_1_207' title='bbox 911 2673 975 2712; x_wconf 88' lang='lat' dir='ltr'><strong>ac</strong></span> <span class='ocrx_word' id='word_1_208' title='bbox 1010 2674 1117 2714; x_wconf 88' lang='lat' dir='ltr'><strong>non</strong></span> <span class='ocrx_word' id='word_1_209' title='bbox 1172 2662 1504 2716; x_wconf 88' lang='lat' dir='ltr'><strong>contrarium</strong></span> <span class='ocrx_word' id='word_1_210' title='bbox 1562 2650 1782 2728; x_wconf 79' lang='lat' dir='ltr'><strong>potius;</strong></span> <span class='ocrx_word' id='word_1_211' title='bbox 1830 2661 1937 2714; x_wconf 92' lang='lat' dir='ltr'><strong>imo</strong></span> <span class='ocrx_word' id='word_1_212' title='bbox 1966 2673 2058 2728; x_wconf 86' lang='lat' dir='ltr'><strong>po-</strong></span> 
     </span>
    </p>
   </div>
   <div class='ocr_carea' id='block_1_32' title="bbox 495 2744 2064 2822">
    <p class='ocr_par' dir='ltr' id='par_1_32' title="bbox 495 2744 2064 2822">
     <span class='ocr_line' id='line_1_32' title="bbox 495 2744 2064 2822; baseline 0.004 -24"><span class='ocrx_word' id='word_1_213' title='bbox 495 2744 603 2799; x_wconf 83' lang='lat' dir='ltr'><strong>tius</strong></span> <span class='ocrx_word' id='word_1_214' title='bbox 628 2749 950 2815; x_wconf 83' lang='lat' dir='ltr'><strong>rectenovi,</strong></span> <span class='ocrx_word' id='word_1_215' title='bbox 982 2764 1086 2805; x_wconf 91' lang='lat' dir='ltr'><strong>non</strong></span> <span class='ocrx_word' id='word_1_216' title='bbox 1108 2766 1227 2807; x_wconf 89' lang='lat' dir='ltr'><strong>esse</strong></span> <span class='ocrx_word' id='word_1_217' title='bbox 1255 2753 1305 2805; x_wconf 89' lang='lat' dir='ltr'><strong>in</strong></span> <span class='ocrx_word' id='word_1_218' title='bbox 1340 2752 1443 2809; x_wconf 82' lang='lat' dir='ltr'><strong>bac</strong></span> <span class='ocrx_word' id='word_1_219' title='bbox 1474 2752 1710 2822; x_wconf 80' lang='lat' dir='ltr'><strong>religiosi</strong></span> <span class='ocrx_word' id='word_1_220' title='bbox 1744 2752 2064 2822; x_wconf 86' lang='lat' dir='ltr'><strong>quidquam,</strong></span> 
     </span>
    </p>
   </div>
   <div class='ocr_carea' id='block_1_33' title="bbox 494 2838 2065 2913">
    <p class='ocr_par' dir='ltr' id='par_1_33' title="bbox 494 2838 2065 2913">
     <span class='ocr_line' id='line_1_33' title="bbox 494 2838 2065 2913; baseline 0.004 -24"><span class='ocrx_word' id='word_1_221' title='bbox 494 2838 589 2889; x_wconf 86' lang='lat' dir='ltr'><strong>sed</strong></span> <span class='ocrx_word' id='word_1_222' title='bbox 638 2840 795 2908; x_wconf 84' lang='lat' dir='ltr'><strong>plane</strong></span> <span class='ocrx_word' id='word_1_223' title='bbox 822 2841 1158 2894; x_wconf 87' lang='lat' dir='ltr'><strong>contrarium</strong></span> <span class='ocrx_word' id='word_1_224' title='bbox 1193 2843 1393 2911; x_wconf 85' lang='lat' dir='ltr'><strong>petius.</strong></span> <span class='ocrx_word' id='word_1_225' title='bbox 1444 2842 1653 2913; x_wconf 84' lang='lat' dir='ltr'><strong>Quippe</strong></span> <span class='ocrx_word' id='word_1_226' title='bbox 1686 2855 1926 2898; x_wconf 84' lang='lat' dir='ltr'><strong>morsum</strong></span> <span class='ocrx_word' id='word_1_227' title='bbox 1966 2841 2065 2896; x_wconf 47' lang='lat' dir='ltr'><strong>alii</strong></span> 
     </span>
    </p>
   </div>
   <div class='ocr_carea' id='block_1_34' title="bbox 493 2931 2067 3005">
    <p class='ocr_par' dir='ltr' id='par_1_34' title="bbox 493 2931 2067 3005">
     <span class='ocr_line' id='line_1_34' title="bbox 493 2931 2067 3005; baseline 0.003 -20"><span class='ocrx_word' id='word_1_228' title='bbox 493 2946 655 2999; x_wconf 84' lang='lat' dir='ltr'><strong>quem</strong></span> <span class='ocrx_word' id='word_1_229' title='bbox 689 2931 894 2988; x_wconf 88' lang='lat' dir='ltr'><strong>sentire</strong></span> <span class='ocrx_word' id='word_1_230' title='bbox 978 2933 1409 3003; x_wconf 86' lang='lat' dir='ltr'><strong>delinquentium</strong></span> <span class='ocrx_word' id='word_1_231' title='bbox 1440 2951 1625 3003; x_wconf 85' lang='lat' dir='ltr'><strong>causa,</strong></span> <span class='ocrx_word' id='word_1_232' title='bbox 1668 2935 1875 3005; x_wconf 87' lang='lat' dir='ltr'><strong>justum</strong></span> <span class='ocrx_word' id='word_1_233' title='bbox 1899 2944 1981 3001; x_wconf 87' lang='lat' dir='ltr'><strong>est</strong></span> <span class='ocrx_word' id='word_1_234' title='bbox 2010 2944 2067 2989; x_wconf 91' lang='lat' dir='ltr'><strong>et</strong></span> 
     </span>
    </p>
   </div>
   <div class='ocr_carea' id='block_1_35' title="bbox 494 3024 2062 3093">
    <p class='ocr_par' dir='ltr' id='par_1_35' title="bbox 494 3024 2062 3093">
     <span class='ocr_line' id='line_1_35' title="bbox 494 3024 2062 3093; baseline 0.005 -19"><span class='ocrx_word' id='word_1_235' title='bbox 494 3030 937 3087; x_wconf 84' lang='lat' dir='ltr'><strong>consentaneum,</strong></span> <span class='ocrx_word' id='word_1_236' title='bbox 988 3024 1328 3093; x_wconf 88' lang='lat' dir='ltr'><strong>quodamque</strong></span> <span class='ocrx_word' id='word_1_237' title='bbox 1377 3027 1541 3081; x_wconf 86' lang='lat' dir='ltr'><strong>modo</strong></span> <span class='ocrx_word' id='word_1_238' title='bbox 1608 3028 1824 3082; x_wconf 88' lang='lat' dir='ltr'><strong>delictis</strong></span> <span class='ocrx_word' id='word_1_239' title='bbox 1873 3041 2062 3082; x_wconf 84' lang='lat' dir='ltr'><strong>eorum</strong></span> 
     </span>
    </p>
   </div>
   <div class='ocr_carea' id='block_1_36' title="bbox 494 3111 2070 3185">
    <p class='ocr_par' dir='ltr' id='par_1_36' title="bbox 494 3111 2070 3185">
     <span class='ocr_line' id='line_1_36' title="bbox 494 3111 2070 3185; baseline 0.005 -23"><span class='ocrx_word' id='word_1_240' title='bbox 494 3111 756 3175; x_wconf 83' lang='lat' dir='ltr'><strong>eruditos,</strong></span> <span class='ocrx_word' id='word_1_241' title='bbox 793 3113 1150 3179; x_wconf 81' lang='lat' dir='ltr'><strong>modestiores</strong></span> <span class='ocrx_word' id='word_1_242' title='bbox 1182 3114 1321 3179; x_wconf 85' lang='lat' dir='ltr'><strong>ellici</strong></span> <span class='ocrx_word' id='word_1_243' title='bbox 1351 3133 1455 3172; x_wconf 88' lang='lat' dir='ltr'><strong>non</strong></span> <span class='ocrx_word' id='word_1_244' title='bbox 1484 3118 1781 3184; x_wconf 79' lang='lat' dir='ltr'><strong>exsultare,</strong></span> <span class='ocrx_word' id='word_1_245' title='bbox 1808 3123 2070 3185; x_wconf 58' lang='lat' dir='ltr'><strong>nongova-</strong></span> 
     </span>
    </p>
   </div>
   <div class='ocr_carea' id='block_1_37' title="bbox 2161 926 3726 998">
    <p class='ocr_par' dir='ltr' id='par_1_37' title="bbox 2161 926 3726 998">
     <span class='ocr_line' id='line_1_37' title="bbox 2161 926 3726 998; baseline -0.001 -19"><span class='ocrx_word' id='word_1_246' title='bbox 2161 942 2372 996; x_wconf 84' lang='grc' dir='ltr'>φονται,</span> <span class='ocrx_word' id='word_1_247' title='bbox 2421 926 2539 980; x_wconf 90' lang='grc' dir='ltr'>δέον</span> <span class='ocrx_word' id='word_1_248' title='bbox 2569 927 2763 991; x_wconf 75' lang='grc' dir='ltr'>αὐτοὺς</span> <span class='ocrx_word' id='word_1_249' title='bbox 2800 929 2995 995; x_wconf 74' lang='grc' dir='ltr'>ἐλεεῖν,</span> <span class='ocrx_word' id='word_1_250' title='bbox 3018 929 3116 982; x_wconf 77' lang='grc' dir='ltr'>καὶ</span> <span class='ocrx_word' id='word_1_251' title='bbox 3164 926 3506 998; x_wconf 75' lang='grc' dir='ltr'><strong>διορθοῦσθαι</strong></span> <span class='ocrx_word' id='word_1_252' title='bbox 3535 927 3726 996; x_wconf 80' lang='grc' dir='ltr'>πειρᾶ-</span> 
     </span>
    </p>
   </div>
   <div class='ocr_carea' id='block_1_38' title="bbox 2163 1015 3726 1092">
    <p class='ocr_par' dir='ltr' id='par_1_38' title="bbox 2163 1015 3726 1092">
     <span class='ocr_line' id='line_1_38' title="bbox 2163 1015 3726 1092; baseline -0.002 -19"><span class='ocrx_word' id='word_1_253' title='bbox 2163 1019 2309 1075; x_wconf 84' lang='grc' dir='ltr'>σθαι.</span> <span class='ocrx_word' id='word_1_254' title='bbox 2335 1015 2504 1090; x_wconf 71' lang='grc' dir='ltr'>Οἶμαι</span> <span class='ocrx_word' id='word_1_255' title='bbox 2524 1022 2637 1090; x_wconf 86' lang='grc' dir='ltr'>γὰρ</span> <span class='ocrx_word' id='word_1_256' title='bbox 2660 1021 2920 1092; x_wconf 86' lang='grc' dir='ltr'>χωλεύειν</span> <span class='ocrx_word' id='word_1_257' title='bbox 2938 1024 3134 1085; x_wconf 78' lang='grc' dir='ltr'>αὐτοὺς</span> <span class='ocrx_word' id='word_1_258' title='bbox 3148 1022 3228 1091; x_wconf 84' lang='grc' dir='ltr'><strong>τῷ</strong></span> <span class='ocrx_word' id='word_1_259' title='bbox 3250 1021 3522 1092; x_wconf 81' lang='grc' dir='ltr'><strong>κρείττονι</strong></span> <span class='ocrx_word' id='word_1_260' title='bbox 3546 1020 3726 1088; x_wconf 85' lang='grc' dir='ltr'>μέρει,</span> 
     </span>
    </p>
   </div>
   <div class='ocr_carea' id='block_1_39' title="bbox 2161 1093 3731 1185">
    <p class='ocr_par' dir='ltr' id='par_1_39' title="bbox 2161 1093 3731 1185">
     <span class='ocr_line' id='line_1_39' title="bbox 2161 1093 3731 1185; baseline -0.001 -19"><span class='ocrx_word' id='word_1_261' title='bbox 2161 1113 2211 1166; x_wconf 80' lang='grc' dir='ltr'><strong>εί</strong></span> <span class='ocrx_word' id='word_1_262' title='bbox 2244 1112 2304 1166; x_wconf 80' lang='grc' dir='ltr'>τὸ</span> <span class='ocrx_word' id='word_1_263' title='bbox 2335 1113 2433 1182; x_wconf 86' lang='grc' dir='ltr'>μὲν</span> <span class='ocrx_word' id='word_1_264' title='bbox 2469 1093 2615 1167; x_wconf 75' lang='grc' dir='ltr'><strong>εἷνᾶι</strong></span> <span class='ocrx_word' id='word_1_265' title='bbox 2669 1115 3060 1185; x_wconf 79' lang='grc' dir='ltr'><strong>μισοπόνηροι,</strong></span> <span class='ocrx_word' id='word_1_266' title='bbox 3089 1114 3271 1172; x_wconf 84' lang='grc' dir='ltr'>καλῶς</span> <span class='ocrx_word' id='word_1_267' title='bbox 3296 1130 3357 1166; x_wconf 89' lang='grc' dir='ltr'><strong>τε</strong></span> <span class='ocrx_word' id='word_1_268' title='bbox 3388 1115 3480 1165; x_wconf 73' lang='grc' dir='ltr'>καὶ</span> <span class='ocrx_word' id='word_1_269' title='bbox 3521 1111 3580 1165; x_wconf 76' lang='grc' dir='ltr'>εὖ</span> <span class='ocrx_word' id='word_1_270' title='bbox 3610 1127 3731 1164; x_wconf 80' lang='grc' dir='ltr'>ποι·-</span> 
     </span>
    </p>
   </div>
   <div class='ocr_carea' id='block_1_40' title="bbox 2161 1202 3729 1275">
    <p class='ocr_par' dir='ltr' id='par_1_40' title="bbox 2161 1202 3729 1275">
     <span class='ocr_line' id='line_1_40' title="bbox 2161 1202 3729 1275; baseline -0.001 -19"><span class='ocrx_word' id='word_1_271' title='bbox 2161 1202 2317 1257; x_wconf 77' lang='grc' dir='ltr'>οὖσιο</span> <span class='ocrx_word' id='word_1_272' title='bbox 2357 1203 2436 1273; x_wconf 87' lang='grc' dir='ltr'>τῷ</span> <span class='ocrx_word' id='word_1_273' title='bbox 2484 1204 2540 1259; x_wconf 80' lang='grc' dir='ltr'>δὲ</span> <span class='ocrx_word' id='word_1_274' title='bbox 2591 1206 2769 1274; x_wconf 79' lang='grc' dir='ltr'>μισεῖν</span> <span class='ocrx_word' id='word_1_275' title='bbox 2823 1222 2883 1258; x_wconf 84' lang='grc' dir='ltr'><strong>τε</strong></span> <span class='ocrx_word' id='word_1_276' title='bbox 2940 1207 3036 1258; x_wconf 74' lang='grc' dir='ltr'>καὶ</span> <span class='ocrx_word' id='word_1_277' title='bbox 3085 1206 3422 1275; x_wconf 74' lang='grc' dir='ltr'>παρορᾷντδ</span> <span class='ocrx_word' id='word_1_278' title='bbox 3456 1203 3729 1272; x_wconf 77' lang='grc' dir='ltr'>ὁμοφυὲς,</span> 
     </span>
    </p>
   </div>
   <div class='ocr_carea' id='block_1_41' title="bbox 2161 1294 3733 1367">
    <p class='ocr_par' dir='ltr' id='par_1_41' title="bbox 2161 1294 3733 1367">
     <span class='ocr_line' id='line_1_41' title="bbox 2161 1294 3733 1367; baseline 0 -20"><span class='ocrx_word' id='word_1_279' title='bbox 2161 1294 2444 1352; x_wconf 78' lang='grc' dir='ltr'>τάναντία.</span> <span class='ocrx_word' id='word_1_280' title='bbox 2490 1296 2683 1351; x_wconf 80' lang='grc' dir='ltr'><strong>Καίτοι</strong></span> <span class='ocrx_word' id='word_1_281' title='bbox 2716 1312 2825 1366; x_wconf 78' lang='grc' dir='ltr'><strong>περ</strong></span> <span class='ocrx_word' id='word_1_282' title='bbox 2856 1297 3024 1367; x_wconf 80' lang='grc' dir='ltr'>ὲχρῆν</span> <span class='ocrx_word' id='word_1_283' title='bbox 3067 1296 3264 1359; x_wconf 72' lang='grc' dir='ltr'>αὐτοὺς</span> <span class='ocrx_word' id='word_1_284' title='bbox 3308 1297 3415 1348; x_wconf 82' lang='grc' dir='ltr'><strong>τῶν</strong></span> <span class='ocrx_word' id='word_1_285' title='bbox 3452 1296 3598 1349; x_wconf 74' lang='grc' dir='ltr'>ἰδίων</span> <span class='ocrx_word' id='word_1_286' title='bbox 3636 1312 3733 1365; x_wconf 81' lang='grc' dir='ltr'>με-</span> 
     </span>
    </p>
   </div>
   <div class='ocr_carea' id='block_1_42' title="bbox 2168 1383 3733 1460">
    <p class='ocr_par' dir='ltr' id='par_1_42' title="bbox 2168 1383 3733 1460">
     <span class='ocr_line' id='line_1_42' title="bbox 2168 1383 3733 1460; baseline -0.003 -17"><span class='ocrx_word' id='word_1_287' title='bbox 2168 1387 2483 1458; x_wconf 81' lang='grc' dir='ltr'>μνημένους</span> <span class='ocrx_word' id='word_1_288' title='bbox 2537 1390 3007 1459; x_wconf 81' lang='grc' dir='ltr'><strong>παραπτωμάτων</strong></span> <span class='ocrx_word' id='word_1_289' title='bbox 3047 1383 3183 1460; x_wconf 73' lang='grc' dir='ltr'>(εἶεν</span> <span class='ocrx_word' id='word_1_290' title='bbox 3211 1388 3256 1441; x_wconf 85' lang='grc' dir='ltr'>δ’</span> <span class='ocrx_word' id='word_1_291' title='bbox 3303 1389 3369 1441; x_wconf 79' lang='grc' dir='ltr'>ἂν</span> <span class='ocrx_word' id='word_1_292' title='bbox 3401 1388 3532 1452; x_wconf 83' lang='grc' dir='ltr'><strong>ἴσως</strong></span> <span class='ocrx_word' id='word_1_293' title='bbox 3561 1386 3733 1441; x_wconf 77' lang='grc' dir='ltr'>πολλὰ</span> 
     </span>
    </p>
   </div>
   <div class='ocr_carea' id='block_1_43' title="bbox 2162 1473 3733 1549">
    <p class='ocr_par' dir='ltr' id='par_1_43' title="bbox 2162 1473 3733 1549">
     <span class='ocr_line' id='line_1_43' title="bbox 2162 1473 3733 1549; baseline 0.001 -18"><span class='ocrx_word' id='word_1_294' title='bbox 2162 1478 2259 1532; x_wconf 75' lang='grc' dir='ltr'>καὶ</span> <span class='ocrx_word' id='word_1_295' title='bbox 2284 1478 2541 1547; x_wconf 83' lang='grc' dir='ltr'>μεγάλα),</span> <span class='ocrx_word' id='word_1_296' title='bbox 2570 1473 2688 1533; x_wconf 78' lang='grc' dir='ltr'>εἶτα</span> <span class='ocrx_word' id='word_1_297' title='bbox 2714 1481 2810 1533; x_wconf 71' lang='grc' dir='ltr'>καὶ</span> <span class='ocrx_word' id='word_1_298' title='bbox 2835 1481 2910 1541; x_wconf 78' lang='grc' dir='ltr'>εἰς</span> <span class='ocrx_word' id='word_1_299' title='bbox 2933 1480 3031 1549; x_wconf 81' lang='grc' dir='ltr'><strong>τὴν</strong></span> <span class='ocrx_word' id='word_1_300' title='bbox 3053 1479 3242 1547; x_wconf 73' lang='grc' dir='ltr'>κοινὴν</span> <span class='ocrx_word' id='word_1_301' title='bbox 3270 1478 3460 1531; x_wconf 76' lang='grc' dir='ltr'>οὐσίαν</span> <span class='ocrx_word' id='word_1_302' title='bbox 3487 1479 3733 1546; x_wconf 81' lang='grc' dir='ltr'><strong>ὁρῶντας</strong></span> 
     </span>
    </p>
   </div>
   <div class='ocr_carea' id='block_1_44' title="bbox 2163 1568 3733 1647">
    <p class='ocr_par' dir='ltr' id='par_1_44' title="bbox 2163 1568 3733 1647">
     <span class='ocr_line' id='line_1_44' title="bbox 2163 1568 3733 1647; baseline -0.002 -24"><span class='ocrx_word' id='word_1_303' title='bbox 2163 1572 2383 1624; x_wconf 74' lang='grc' dir='ltr'>τουτουὶ</span> <span class='ocrx_word' id='word_1_304' title='bbox 2424 1569 2520 1625; x_wconf 82' lang='grc' dir='ltr'>τοῦ</span> <span class='ocrx_word' id='word_1_305' title='bbox 2557 1570 2864 1640; x_wconf 85' lang='grc' dir='ltr'>κράματος,</span> <span class='ocrx_word' id='word_1_306' title='bbox 2900 1573 3037 1647; x_wconf 78' lang='grc' dir='ltr'>μήτε</span> <span class='ocrx_word' id='word_1_307' title='bbox 3082 1588 3133 1622; x_wconf 90' lang='grc' dir='ltr'>τι</span> <span class='ocrx_word' id='word_1_308' title='bbox 3195 1570 3343 1636; x_wconf 78' lang='grc' dir='ltr'>ξένον</span> <span class='ocrx_word' id='word_1_309' title='bbox 3390 1568 3653 1638; x_wconf 75' lang='grc' dir='ltr'>νομίζειν.</span> <span class='ocrx_word' id='word_1_310' title='bbox 3681 1570 3733 1620; x_wconf 85' lang='grc' dir='ltr'>εἰ</span> 
     </span>
    </p>
   </div>
   <div class='ocr_carea' id='block_1_45' title="bbox 2165 1660 3731 1732">
    <p class='ocr_par' dir='ltr' id='par_1_45' title="bbox 2165 1660 3731 1732">
     <span class='ocr_line' id='line_1_45' title="bbox 2165 1660 3731 1732; baseline -0.003 -18"><span class='ocrx_word' id='word_1_311' title='bbox 2165 1662 2425 1721; x_wconf 80' lang='grc' dir='ltr'>πέπτωκέ</span> <span class='ocrx_word' id='word_1_312' title='bbox 2449 1680 2555 1726; x_wconf 87' lang='grc' dir='ltr'>τις,</span> <span class='ocrx_word' id='word_1_313' title='bbox 2591 1664 2731 1732; x_wconf 83' lang='grc' dir='ltr'>μήτε</span> <span class='ocrx_word' id='word_1_314' title='bbox 2780 1660 2967 1732; x_wconf 81' lang='grc' dir='ltr'>ὥσπερ</span> <span class='ocrx_word' id='word_1_315' title='bbox 2987 1661 3209 1730; x_wconf 77' lang='grc' dir='ltr'>ἥδεσθαι</span> <span class='ocrx_word' id='word_1_316' title='bbox 3237 1662 3314 1731; x_wconf 82' lang='grc' dir='ltr'>τῷ</span> <span class='ocrx_word' id='word_1_317' title='bbox 3342 1661 3511 1713; x_wconf 88' lang='grc' dir='ltr'>δεινόν</span> <span class='ocrx_word' id='word_1_318' title='bbox 3543 1677 3593 1711; x_wconf 89' lang='grc' dir='ltr'><strong>τι</strong></span> <span class='ocrx_word' id='word_1_319' title='bbox 3631 1677 3731 1711; x_wconf 83' lang='grc' dir='ltr'>πε-</span> 
     </span>
    </p>
   </div>
   <div class='ocr_carea' id='block_1_46' title="bbox 2166 1748 3734 1823">
    <p class='ocr_par' dir='ltr' id='par_1_46' title="bbox 2166 1748 3734 1823">
     <span class='ocr_line' id='line_1_46' title="bbox 2166 1748 3734 1823; baseline -0.003 -17"><span class='ocrx_word' id='word_1_320' title='bbox 2166 1753 2420 1809; x_wconf 56' lang='grc' dir='ltr'>πονθέναι</span> <span class='ocrx_word' id='word_1_321' title='bbox 2453 1754 2513 1807; x_wconf 82' lang='grc' dir='ltr'>τὸ</span> <span class='ocrx_word' id='word_1_322' title='bbox 2543 1754 2691 1823; x_wconf 80' lang='grc' dir='ltr'>μάλα</span> <span class='ocrx_word' id='word_1_323' title='bbox 2721 1754 2961 1822; x_wconf 80' lang='grc' dir='ltr'>γνήσιον.</span> <span class='ocrx_word' id='word_1_324' title='bbox 2993 1752 3066 1804; x_wconf 87' lang='grc' dir='ltr'>Τὸ</span> <span class='ocrx_word' id='word_1_325' title='bbox 3096 1751 3207 1823; x_wconf 78' lang='grc' dir='ltr'><strong>γάρ</strong></span> <span class='ocrx_word' id='word_1_326' title='bbox 3252 1750 3375 1820; x_wconf 81' lang='grc' dir='ltr'>μηδ’</span> <span class='ocrx_word' id='word_1_327' title='bbox 3422 1748 3734 1804; x_wconf 76' lang='grc' dir='ltr'><strong>ὁπωστιοῦν</strong></span> 
     </span>
    </p>
   </div>
   <div class='ocr_carea' id='block_1_47' title="bbox 2093 1840 3734 1937">
    <p class='ocr_par' dir='ltr' id='par_1_47' title="bbox 2093 1840 3734 1937">
     <span class='ocr_line' id='line_1_47' title="bbox 2093 1840 3734 1937; baseline -0.005 -37"><span class='ocrx_word' id='word_1_328' title='bbox 2093 1878 2139 1937; x_wconf 69' lang='grc' dir='ltr'>Β</span> <span class='ocrx_word' id='word_1_329' title='bbox 2168 1845 2583 1913; x_wconf 71' lang='grc' dir='ltr'>ἔπικάμπεσθαι</span> <span class='ocrx_word' id='word_1_330' title='bbox 2639 1846 2845 1908; x_wconf 77' lang='grc' dir='ltr'><strong>ἀθλίοις</strong></span> <span class='ocrx_word' id='word_1_331' title='bbox 2902 1844 3184 1912; x_wconf 73' lang='grc' dir='ltr'><strong>γεγονόσιν</strong></span> <span class='ocrx_word' id='word_1_332' title='bbox 3223 1844 3491 1911; x_wconf 80' lang='grc' dir='ltr'>όμοφυὲσι</span> <span class='ocrx_word' id='word_1_333' title='bbox 3530 1840 3604 1909; x_wconf 80' lang='grc' dir='ltr'>μὴ</span> <span class='ocrx_word' id='word_1_334' title='bbox 3632 1841 3734 1892; x_wconf 74' lang='grc' dir='ltr'>οὐκ</span> 
     </span>
    </p>
   </div>
   <div class='ocr_carea' id='block_1_48' title="bbox 2166 1934 3735 2011">
    <p class='ocr_par' dir='ltr' id='par_1_48' title="bbox 2166 1934 3735 2011">
     <span class='ocr_line' id='line_1_48' title="bbox 2166 1934 3735 2011; baseline -0.004 -20"><span class='ocrx_word' id='word_1_335' title='bbox 2166 1938 2370 2006; x_wconf 81' lang='grc' dir='ltr'>ἀρετῆς</span> <span class='ocrx_word' id='word_1_336' title='bbox 2401 1934 2459 2011; x_wconf 82' lang='grc' dir='ltr'><strong>ᾖ.</strong></span> <span class='ocrx_word' id='word_1_337' title='bbox 2495 1936 2715 2006; x_wconf 78' lang='grc' dir='ltr'><strong>Ταύτην</strong></span> <span class='ocrx_word' id='word_1_338' title='bbox 2761 1937 2874 2006; x_wconf 78' lang='grc' dir='ltr'><strong>ἐγὼ</strong></span> <span class='ocrx_word' id='word_1_339' title='bbox 2904 1938 3002 1998; x_wconf 85' lang='grc' dir='ltr'>τὴν</span> <span class='ocrx_word' id='word_1_340' title='bbox 3035 1934 3343 2005; x_wconf 78' lang='grc' dir='ltr'>ὑπερϐολὴν</span> <span class='ocrx_word' id='word_1_341' title='bbox 3391 1936 3451 1986; x_wconf 77' lang='grc' dir='ltr'><strong>οὐ</strong></span> <span class='ocrx_word' id='word_1_342' title='bbox 3498 1934 3735 2002; x_wconf 81' lang='grc' dir='ltr'>δύναμαι</span> 
     </span>
    </p>
   </div>
   <div class='ocr_carea' id='block_1_49' title="bbox 2167 2021 3733 2094">
    <p class='ocr_par' dir='ltr' id='par_1_49' title="bbox 2167 2021 3733 2094">
     <span class='ocr_line' id='line_1_49' title="bbox 2167 2021 3733 2094; baseline -0.003 -15"><span class='ocrx_word' id='word_1_343' title='bbox 2167 2028 2348 2091; x_wconf 85' lang='grc' dir='ltr'>καλῶς</span> <span class='ocrx_word' id='word_1_344' title='bbox 2378 2026 2626 2091; x_wconf 79' lang='grc' dir='ltr'>συνιδεῖν,</span> <span class='ocrx_word' id='word_1_345' title='bbox 2659 2030 2707 2080; x_wconf 84' lang='grc' dir='ltr'>εἰ</span> <span class='ocrx_word' id='word_1_346' title='bbox 2733 2026 2988 2094; x_wconf 79' lang='grc' dir='ltr'>θεοφιλής</span> <span class='ocrx_word' id='word_1_347' title='bbox 3017 2044 3100 2087; x_wconf 87' lang='grc' dir='ltr'><strong>τις</strong></span> <span class='ocrx_word' id='word_1_348' title='bbox 3128 2021 3262 2079; x_wconf 74' lang='grc' dir='ltr'>οὖσα</span> <span class='ocrx_word' id='word_1_349' title='bbox 3286 2026 3570 2092; x_wconf 74' lang='grc' dir='ltr'><strong>τυγχάνει,</strong></span> <span class='ocrx_word' id='word_1_350' title='bbox 3596 2023 3733 2075; x_wconf 68' lang='grc' dir='ltr'>ἀλλα</span> 
     </span>
    </p>
   </div>
   <div class='ocr_carea' id='block_1_50' title="bbox 2169 2113 3731 2189">
    <p class='ocr_par' dir='ltr' id='par_1_50' title="bbox 2169 2113 3731 2189">
     <span class='ocr_line' id='line_1_50' title="bbox 2169 2113 3731 2189; baseline -0.003 -18"><span class='ocrx_word' id='word_1_351' title='bbox 2169 2118 2247 2189; x_wconf 75' lang='grc' dir='ltr'>μὴ</span> <span class='ocrx_word' id='word_1_352' title='bbox 2287 2119 2399 2171; x_wconf 78' lang='grc' dir='ltr'><strong>πᾶν</strong></span> <span class='ocrx_word' id='word_1_353' title='bbox 2432 2118 2784 2182; x_wconf 59' lang='grc' dir='ltr'>τοὺναντίον.,</span> <span class='ocrx_word' id='word_1_354' title='bbox 2820 2118 3040 2172; x_wconf 81' lang='grc' dir='ltr'>Μᾶλλον</span> <span class='ocrx_word' id='word_1_355' title='bbox 3071 2118 3128 2171; x_wconf 80' lang='grc' dir='ltr'>δὲ</span> <span class='ocrx_word' id='word_1_356' title='bbox 3159 2113 3278 2170; x_wconf 75' lang='grc' dir='ltr'>οἶδα</span> <span class='ocrx_word' id='word_1_357' title='bbox 3321 2118 3522 2179; x_wconf 82' lang='grc' dir='ltr'>καλῶς,</span> <span class='ocrx_word' id='word_1_358' title='bbox 3558 2115 3633 2177; x_wconf 85' lang='grc' dir='ltr'>ὡς</span> <span class='ocrx_word' id='word_1_359' title='bbox 3669 2114 3731 2169; x_wconf 74' lang='grc' dir='ltr'>οὗ</span> 
     </span>
    </p>
   </div>
   <div class='ocr_carea' id='block_1_51' title="bbox 2166 2206 3733 2278">
    <p class='ocr_par' dir='ltr' id='par_1_51' title="bbox 2166 2206 3733 2278">
     <span class='ocr_line' id='line_1_51' title="bbox 2166 2206 3733 2278; baseline -0.001 -18"><span class='ocrx_word' id='word_1_360' title='bbox 2166 2207 2422 2278; x_wconf 67' lang='grc' dir='ltr'>θεοφιλής</span> <span class='ocrx_word' id='word_1_361' title='bbox 2454 2225 2538 2271; x_wconf 90' lang='grc' dir='ltr'><strong>τις</strong></span> <span class='ocrx_word' id='word_1_362' title='bbox 2570 2208 2707 2265; x_wconf 80' lang='grc' dir='ltr'>οὖσα</span> <span class='ocrx_word' id='word_1_363' title='bbox 2759 2210 3041 2278; x_wconf 84' lang='grc' dir='ltr'>τυγχάνει,</span> <span class='ocrx_word' id='word_1_364' title='bbox 3078 2208 3217 2262; x_wconf 80' lang='grc' dir='ltr'>ἀλλὰ</span> <span class='ocrx_word' id='word_1_365' title='bbox 3258 2209 3355 2261; x_wconf 76' lang='grc' dir='ltr'>καὶ</span> <span class='ocrx_word' id='word_1_366' title='bbox 3396 2207 3580 2274; x_wconf 80' lang='grc' dir='ltr'>σαφῶς</span> <span class='ocrx_word' id='word_1_367' title='bbox 3614 2206 3733 2258; x_wconf 75' lang='grc' dir='ltr'><strong>τοῦο</strong></span> 
     </span>
    </p>
   </div>
   <div class='ocr_carea' id='block_1_52' title="bbox 2164 2296 3729 2370">
    <p class='ocr_par' dir='ltr' id='par_1_52' title="bbox 2164 2296 3729 2370">
     <span class='ocr_line' id='line_1_52' title="bbox 2164 2296 3729 2370; baseline -0.004 -17"><span class='ocrx_word' id='word_1_368' title='bbox 2164 2300 2398 2353; x_wconf 87' lang='grc' dir='ltr'>ναντίον.</span> <span class='ocrx_word' id='word_1_369' title='bbox 2425 2300 2723 2354; x_wconf 80' lang='grc' dir='ltr'>Δάκνεσθαι</span> <span class='ocrx_word' id='word_1_370' title='bbox 2742 2300 2840 2368; x_wconf 85' lang='grc' dir='ltr'>μὲν</span> <span class='ocrx_word' id='word_1_371' title='bbox 2869 2300 2980 2370; x_wconf 80' lang='grc' dir='ltr'><strong>γὰρ</strong></span> <span class='ocrx_word' id='word_1_372' title='bbox 3007 2300 3149 2370; x_wconf 78' lang='grc' dir='ltr'>ὑπὲρ</span> <span class='ocrx_word' id='word_1_373' title='bbox 3177 2299 3285 2353; x_wconf 86' lang='grc' dir='ltr'><strong>τῶν</strong></span> <span class='ocrx_word' id='word_1_374' title='bbox 3310 2296 3729 2368; x_wconf 69' lang='grc' dir='ltr'>ἁμαρτανόντων</span> 
     </span>
    </p>
   </div>
   <div class='ocr_carea' id='block_1_53' title="bbox 2167 2389 3719 2461">
    <p class='ocr_par' dir='ltr' id='par_1_53' title="bbox 2167 2389 3719 2461">
     <span class='ocr_line' id='line_1_53' title="bbox 2167 2389 3719 2461; baseline -0.003 -17"><span class='ocrx_word' id='word_1_375' title='bbox 2167 2391 2489 2461; x_wconf 89' lang='grc' dir='ltr'>γιγνόμενόν</span> <span class='ocrx_word' id='word_1_376' title='bbox 2524 2392 2639 2445; x_wconf 71' lang='grc' dir='ltr'>ἐστι</span> <span class='ocrx_word' id='word_1_377' title='bbox 2683 2392 2777 2445; x_wconf 69' lang='grc' dir='ltr'>καὶ</span> <span class='ocrx_word' id='word_1_378' title='bbox 2816 2392 3115 2461; x_wconf 82' lang='grc' dir='ltr'>προσῆκον,</span> <span class='ocrx_word' id='word_1_379' title='bbox 3166 2392 3260 2443; x_wconf 75' lang='grc' dir='ltr'><strong>καὶ</strong></span> <span class='ocrx_word' id='word_1_380' title='bbox 3289 2389 3574 2457; x_wconf 81' lang='grc' dir='ltr'>γίγνεσθαί</span> <span class='ocrx_word' id='word_1_381' title='bbox 3618 2405 3719 2447; x_wconf 71' lang='grc' dir='ltr'><strong>πως</strong></span> 
     </span>
    </p>
   </div>
   <div class='ocr_carea' id='block_1_54' title="bbox 2169 2479 3724 2554">
    <p class='ocr_par' dir='ltr' id='par_1_54' title="bbox 2169 2479 3724 2554">
     <span class='ocr_line' id='line_1_54' title="bbox 2169 2479 3724 2554; baseline -0.006 -17"><span class='ocrx_word' id='word_1_382' title='bbox 2169 2484 2667 2554; x_wconf 81' lang='grc' dir='ltr'>σωφρονεστέρους,</span> <span class='ocrx_word' id='word_1_383' title='bbox 2702 2486 2816 2545; x_wconf 84' lang='grc' dir='ltr'>τοῖς</span> <span class='ocrx_word' id='word_1_384' title='bbox 2867 2481 3089 2535; x_wconf 76' lang='grc' dir='ltr'>ἐκείνων</span> <span class='ocrx_word' id='word_1_385' title='bbox 3143 2479 3559 2550; x_wconf 78' lang='grc' dir='ltr'>παραπτώμασι</span> <span class='ocrx_word' id='word_1_386' title='bbox 3612 2494 3724 2529; x_wconf 77' lang='grc' dir='ltr'>παι-</span> 
     </span>
    </p>
   </div>
   <div class='ocr_carea' id='block_1_55' title="bbox 2167 2569 3730 2647">
    <p class='ocr_par' dir='ltr' id='par_1_55' title="bbox 2167 2569 3730 2647">
     <span class='ocr_line' id='line_1_55' title="bbox 2167 2569 3730 2647; baseline -0.006 -18"><span class='ocrx_word' id='word_1_387' title='bbox 2167 2576 2488 2647; x_wconf 77' lang='grc' dir='ltr'><strong>δευομένους</strong></span> <span class='ocrx_word' id='word_1_388' title='bbox 2511 2591 2526 2605; x_wconf 76' lang='grc'><strong>⁸</strong></span> <span class='ocrx_word' id='word_1_389' title='bbox 2563 2576 2625 2629; x_wconf 82' lang='grc' dir='ltr'><strong>οὐ</strong></span> <span class='ocrx_word' id='word_1_390' title='bbox 2656 2576 2909 2645; x_wconf 81' lang='grc' dir='ltr'>σκιρτᾷν,</span> <span class='ocrx_word' id='word_1_391' title='bbox 2938 2578 2997 2627; x_wconf 79' lang='grc' dir='ltr'>οὐ</span> <span class='ocrx_word' id='word_1_392' title='bbox 3025 2572 3354 2638; x_wconf 77' lang='grc' dir='ltr'>παιανίξειν,</span> <span class='ocrx_word' id='word_1_393' title='bbox 3374 2571 3470 2641; x_wconf 78' lang='grc' dir='ltr'><strong>οὐχ</strong></span> <span class='ocrx_word' id='word_1_394' title='bbox 3489 2569 3730 2641; x_wconf 78' lang='grc' dir='ltr'>ἣδεσθαι,</span> 
     </span>
    </p>
   </div>
   <div class='ocr_carea' id='block_1_56' title="bbox 2169 2658 3733 2741">
    <p class='ocr_par' dir='ltr' id='par_1_56' title="bbox 2169 2658 3733 2741">
     <span class='ocr_line' id='line_1_56' title="bbox 2169 2658 3733 2741; baseline -0.009 -18"><span class='ocrx_word' id='word_1_395' title='bbox 2169 2669 2359 2741; x_wconf 81' lang='grc' dir='ltr'>ὥσπερ</span> <span class='ocrx_word' id='word_1_396' title='bbox 2412 2667 2579 2737; x_wconf 82' lang='grc' dir='ltr'>ᾶλλης</span> <span class='ocrx_word' id='word_1_397' title='bbox 2627 2666 2842 2734; x_wconf 83' lang='grc' dir='ltr'>φύσεως</span> <span class='ocrx_word' id='word_1_398' title='bbox 2890 2664 3060 2735; x_wconf 74' lang='grc' dir='ltr'>οὔσης</span> <span class='ocrx_word' id='word_1_399' title='bbox 3085 2667 3183 2735; x_wconf 77' lang='grc' dir='ltr'>τῆς</span> <span class='ocrx_word' id='word_1_400' title='bbox 3217 2662 3591 2724; x_wconf 80' lang='grc' dir='ltr'>πεπτωκυίας,</span> <span class='ocrx_word' id='word_1_401' title='bbox 3622 2658 3733 2712; x_wconf 81' lang='grc' dir='ltr'>ἀλλ’</span> 
     </span>
    </p>
   </div>
   <div class='ocr_carea' id='block_1_57' title="bbox 2169 2753 3737 2831">
    <p class='ocr_par' dir='ltr' id='par_1_57' title="bbox 2169 2753 3737 2831">
     <span class='ocr_line' id='line_1_57' title="bbox 2169 2753 3737 2831; baseline -0.008 -15"><span class='ocrx_word' id='word_1_402' title='bbox 2169 2758 2327 2831; x_wconf 74' lang='grc' dir='ltr'>οἶμαι</span> <span class='ocrx_word' id='word_1_403' title='bbox 2354 2759 2576 2822; x_wconf 84' lang='grc' dir='ltr'>τούτους</span> <span class='ocrx_word' id='word_1_404' title='bbox 2615 2757 2932 2811; x_wconf 80' lang='grc' dir='ltr'>τούναντίον</span> <span class='ocrx_word' id='word_1_405' title='bbox 2969 2757 3000 2827; x_wconf 79' lang='grc' dir='ltr'>ἢ</span> <span class='ocrx_word' id='word_1_406' title='bbox 3032 2759 3276 2826; x_wconf 75' lang='grc' dir='ltr'>προσῆκε</span> <span class='ocrx_word' id='word_1_407' title='bbox 3306 2756 3615 2818; x_wconf 73' lang='grc' dir='ltr'>ποιοῦντας,</span> <span class='ocrx_word' id='word_1_408' title='bbox 3645 2753 3737 2805; x_wconf 67' lang='grc' dir='ltr'><strong>καὶ</strong></span> 
     </span>
    </p>
   </div>
   <div class='ocr_carea' id='block_1_58' title="bbox 2167 2845 3737 2920">
    <p class='ocr_par' dir='ltr' id='par_1_58' title="bbox 2167 2845 3737 2920">
     <span class='ocr_line' id='line_1_58' title="bbox 2167 2845 3737 2920; baseline -0.007 -13"><span class='ocrx_word' id='word_1_409' title='bbox 2167 2852 2327 2907; x_wconf 81' lang='grc' dir='ltr'>τοῦτο</span> <span class='ocrx_word' id='word_1_410' title='bbox 2394 2852 2627 2920; x_wconf 84' lang='grc' dir='ltr'>πάσχειν</span> <span class='ocrx_word' id='word_1_411' title='bbox 2676 2851 2735 2903; x_wconf 75' lang='grc' dir='ltr'><strong>τὸ</strong></span> <span class='ocrx_word' id='word_1_412' title='bbox 2784 2852 3005 2905; x_wconf 79' lang='grc' dir='ltr'>ἄτοπον.</span> <span class='ocrx_word' id='word_1_413' title='bbox 3054 2846 3380 2915; x_wconf 77' lang='grc' dir='ltr'>Λογίζεσθαι</span> <span class='ocrx_word' id='word_1_414' title='bbox 3432 2848 3570 2915; x_wconf 73' lang='grc' dir='ltr'>γὰρ,</span> <span class='ocrx_word' id='word_1_415' title='bbox 3629 2845 3737 2897; x_wconf 83' lang='grc' dir='ltr'><strong>τῶν</strong></span> 
     </span>
    </p>
   </div>
   <div class='ocr_carea' id='block_1_59' title="bbox 2166 2938 3729 3011">
    <p class='ocr_par' dir='ltr' id='par_1_59' title="bbox 2166 2938 3729 3011">
     <span class='ocr_line' id='line_1_59' title="bbox 2166 2938 3729 3011; baseline -0.008 -11"><span class='ocrx_word' id='word_1_416' title='bbox 2166 2946 2342 3000; x_wconf 80' lang='grc' dir='ltr'>ἄλλων</span> <span class='ocrx_word' id='word_1_417' title='bbox 2396 2943 2793 3007; x_wconf 74' lang='grc' dir='ltr'>ἐκπιπτόντων,</span> <span class='ocrx_word' id='word_1_418' title='bbox 2827 2941 3259 3011; x_wconf 72' lang='grc' dir='ltr'>αἰσχυνομένων,</span> <span class='ocrx_word' id='word_1_419' title='bbox 3289 2939 3441 2992; x_wconf 82' lang='grc' dir='ltr'>δεινὰ</span> <span class='ocrx_word' id='word_1_420' title='bbox 3486 2938 3729 3005; x_wconf 78' lang='grc' dir='ltr'>πασχόνσ</span> 
     </span>
    </p>
   </div>
   <div class='ocr_carea' id='block_1_60' title="bbox 2168 3028 3737 3108">
    <p class='ocr_par' dir='ltr' id='par_1_60' title="bbox 2168 3028 3737 3108">
     <span class='ocr_line' id='line_1_60' title="bbox 2168 3028 3737 3108; baseline -0.009 -15"><span class='ocrx_word' id='word_1_421' title='bbox 2168 3056 2300 3102; x_wconf 85' lang='grc' dir='ltr'>των,</span> <span class='ocrx_word' id='word_1_422' title='bbox 2333 3039 2592 3108; x_wconf 80' lang='grc' dir='ltr'>ἀμείνους</span> <span class='ocrx_word' id='word_1_423' title='bbox 2638 3035 2812 3099; x_wconf 81' lang='grc' dir='ltr'>δόξειν</span> <span class='ocrx_word' id='word_1_424' title='bbox 2864 3036 2956 3088; x_wconf 69' lang='grc' dir='ltr'>καὶ</span> <span class='ocrx_word' id='word_1_425' title='bbox 2987 3032 3404 3104; x_wconf 80' lang='grc' dir='ltr'>λαμπροτέρους</span> <span class='ocrx_word' id='word_1_426' title='bbox 3435 3029 3591 3099; x_wconf 78' lang='grc' dir='ltr'>παρὰ</span> <span class='ocrx_word' id='word_1_427' title='bbox 3618 3028 3737 3096; x_wconf 80' lang='grc' dir='ltr'><strong>Θεῷ</strong></span> 
     </span>
    </p>
   </div>
   <div class='ocr_carea' id='block_1_61' title="bbox 2170 3121 3737 3199">
    <p class='ocr_par' dir='ltr' id='par_1_61' title="bbox 2170 3121 3737 3199">
     <span class='ocr_line' id='line_1_61' title="bbox 2170 3121 3737 3199; baseline -0.006 -19"><span class='ocrx_word' id='word_1_428' title='bbox 2170 3147 2228 3182; x_wconf 86' lang='grc' dir='ltr'><strong>τε</strong></span> <span class='ocrx_word' id='word_1_429' title='bbox 2278 3129 2369 3181; x_wconf 78' lang='grc' dir='ltr'>καὶ</span> <span class='ocrx_word' id='word_1_430' title='bbox 2420 3129 2635 3199; x_wconf 81' lang='grc' dir='ltr'>κριταῖς</span> <span class='ocrx_word' id='word_1_431' title='bbox 2682 3126 2773 3180; x_wconf 80' lang='grc' dir='ltr'><strong>νοῦ</strong></span> <span class='ocrx_word' id='word_1_432' title='bbox 2806 3127 3118 3197; x_wconf 77' lang='grc' dir='ltr'>μετέχουσι.</span> <span class='ocrx_word' id='word_1_433' title='bbox 3183 3124 3379 3178; x_wconf 78' lang='grc' dir='ltr'>Καίτοι</span> <span class='ocrx_word' id='word_1_434' title='bbox 3426 3121 3737 3174; x_wconf 73' lang='grc' dir='ltr'>τούναντίον</span> 
     </span>
    </p>
   </div>
   <div class='ocr_carea' id='block_1_62' title="bbox 494 3205 2066 3289">
    <p class='ocr_par' dir='ltr' id='par_1_62' title="bbox 494 3205 2066 3286">
     <span class='ocr_line' id='line_1_62' title="bbox 494 3205 2066 3286; baseline 0.004 -31"><span class='ocrx_word' id='word_1_435' title='bbox 494 3216 577 3267; x_wconf 80' lang='lat' dir='ltr'><strong>rc,</strong></span> <span class='ocrx_word' id='word_1_436' title='bbox 613 3216 717 3257; x_wconf 90' lang='lat' dir='ltr'><strong>non</strong></span> <span class='ocrx_word' id='word_1_437' title='bbox 745 3205 1000 3271; x_wconf 72' lang='lat' dir='ltr'><strong>gaudere,</strong></span> <span class='ocrx_word' id='word_1_438' title='bbox 1032 3206 1182 3274; x_wconf 90' lang='lat' dir='ltr'><strong>quasi</strong></span> <span class='ocrx_word' id='word_1_439' title='bbox 1210 3207 1260 3261; x_wconf 87' lang='lat' dir='ltr'><strong>si</strong></span> <span class='ocrx_word' id='word_1_440' title='bbox 1291 3209 1394 3261; x_wconf 86' lang='lat' dir='ltr'><strong>alia</strong></span> <span class='ocrx_word' id='word_1_441' title='bbox 1424 3209 1778 3286; x_wconf 34' lang='lat' dir='ltr'><strong>natura’foret</strong></span> <span class='ocrx_word' id='word_1_442' title='bbox 1802 3225 1925 3279; x_wconf 83' lang='lat' dir='ltr'><strong>quae</strong></span> <span class='ocrx_word' id='word_1_443' title='bbox 1955 3210 2066 3278; x_wconf 85' lang='lat' dir='ltr'><strong>lap-</strong></span> 
     </span>
    </p>
   </div>
   <div class='ocr_carea' id='block_1_63' title="bbox 2167 3205 3736 3289">
    <p class='ocr_par' dir='ltr' id='par_1_63' title="bbox 2170 3214 3736 3289">
     <span class='ocr_line' id='line_1_63' title="bbox 2170 3214 3736 3289; baseline -0.007 -13"><span class='ocrx_word' id='word_1_444' title='bbox 2170 3223 2316 3276; x_wconf 82' lang='grc' dir='ltr'>ἅπαν</span> <span class='ocrx_word' id='word_1_445' title='bbox 2348 3223 2465 3275; x_wconf 70' lang='grc' dir='ltr'>ἐστὶ</span> <span class='ocrx_word' id='word_1_446' title='bbox 2523 3219 2654 3289; x_wconf 71' lang='grc' dir='ltr'>περὶ</span> <span class='ocrx_word' id='word_1_447' title='bbox 2700 3219 2879 3273; x_wconf 84' lang='grc' dir='ltr'>αὐτῶν</span> <span class='ocrx_word' id='word_1_448' title='bbox 2931 3216 3166 3270; x_wconf 72' lang='grc' dir='ltr'>ἐνταῦθα</span> <span class='ocrx_word' id='word_1_449' title='bbox 3206 3214 3552 3284; x_wconf 83' lang='grc' dir='ltr'>λογίσασθαι.</span> <span class='ocrx_word' id='word_1_450' title='bbox 3590 3214 3736 3266; x_wconf 86' lang='grc' dir='ltr'>Γίνε-</span> 
     </span>
    </p>
   </div>
   <div class='ocr_carea' id='block_1_64' title="bbox 494 3294 2069 3370">
    <p class='ocr_par' dir='ltr' id='par_1_64' title="bbox 494 3294 2069 3370">
     <span class='ocr_line' id='line_1_64' title="bbox 494 3294 2069 3370; baseline 0.001 -20"><span class='ocrx_word' id='word_1_451' title='bbox 494 3308 563 3350; x_wconf 78' lang='lat' dir='ltr'><strong>sa-</strong></span> <span class='ocrx_word' id='word_1_452' title='bbox 614 3294 707 3349; x_wconf 86' lang='lat' dir='ltr'><strong>sit.</strong></span> <span class='ocrx_word' id='word_1_453' title='bbox 769 3294 1050 3353; x_wconf 73' lang='lat' dir='ltr'><strong>Enimvero</strong></span> <span class='ocrx_word' id='word_1_454' title='bbox 1102 3299 1338 3353; x_wconf 88' lang='lat' dir='ltr'><strong>arbitror</strong></span> <span class='ocrx_word' id='word_1_455' title='bbox 1409 3302 1659 3370; x_wconf 87' lang='lat' dir='ltr'><strong>equidem</strong></span> <span class='ocrx_word' id='word_1_456' title='bbox 1736 3301 1825 3357; x_wconf 85' lang='lat' dir='ltr'><strong>bis</strong></span> <span class='ocrx_word' id='word_1_457' title='bbox 1879 3311 2069 3362; x_wconf 81' lang='lat' dir='ltr'><strong>contra</strong></span> 
     </span>
    </p>
   </div>
   <div class='ocr_carea' id='block_1_65' title="bbox 495 3388 2071 3458">
    <p class='ocr_par' dir='ltr' id='par_1_65' title="bbox 495 3388 2071 3458">
     <span class='ocr_line' id='line_1_65' title="bbox 495 3388 2071 3458; baseline 0.004 -18"><span class='ocrx_word' id='word_1_458' title='bbox 495 3402 658 3458; x_wconf 89' lang='lat' dir='ltr'><strong>quam</strong></span> <span class='ocrx_word' id='word_1_459' title='bbox 683 3401 778 3456; x_wconf 86' lang='lat' dir='ltr'><strong>par</strong></span> <span class='ocrx_word' id='word_1_460' title='bbox 803 3396 920 3440; x_wconf 90' lang='lat' dir='ltr'><strong>erat</strong></span> <span class='ocrx_word' id='word_1_461' title='bbox 952 3388 1261 3455; x_wconf 78' lang='lat' dir='ltr'><strong>agentibus,</strong></span> <span class='ocrx_word' id='word_1_462' title='bbox 1284 3389 1385 3445; x_wconf 88' lang='lat' dir='ltr'><strong>hoc</strong></span> <span class='ocrx_word' id='word_1_463' title='bbox 1407 3391 1571 3446; x_wconf 86' lang='lat' dir='ltr'><strong>etiam</strong></span> <span class='ocrx_word' id='word_1_464' title='bbox 1598 3393 1831 3447; x_wconf 85' lang='lat' dir='ltr'><strong>absurdi</strong></span> <span class='ocrx_word' id='word_1_465' title='bbox 1857 3390 2071 3446; x_wconf 88' lang='lat' dir='ltr'><strong>accide-</strong></span> 
     </span>
    </p>
   </div>
   <div class='ocr_carea' id='block_1_66' title="bbox 496 3478 2070 3551">
    <p class='ocr_par' dir='ltr' id='par_1_66' title="bbox 496 3478 2070 3551">
     <span class='ocr_line' id='line_1_66' title="bbox 496 3478 2070 3551; baseline 0.001 -19"><span class='ocrx_word' id='word_1_466' title='bbox 496 3493 592 3532; x_wconf 86' lang='lat' dir='ltr'><strong>re:</strong></span> <span class='ocrx_word' id='word_1_467' title='bbox 622 3479 864 3548; x_wconf 80' lang='lat' dir='ltr'><strong>cogitare</strong></span> <span class='ocrx_word' id='word_1_468' title='bbox 888 3478 1145 3538; x_wconf 81' lang='lat' dir='ltr'><strong>nimirum</strong></span> <span class='ocrx_word' id='word_1_469' title='bbox 1172 3494 1285 3544; x_wconf 92' lang='lat' dir='ltr'><strong>eos,</strong></span> <span class='ocrx_word' id='word_1_470' title='bbox 1342 3481 1465 3535; x_wconf 90' lang='lat' dir='ltr'><strong>aliis</strong></span> <span class='ocrx_word' id='word_1_471' title='bbox 1503 3482 1828 3548; x_wconf 85' lang='lat' dir='ltr'><strong>labentibus,</strong></span> <span class='ocrx_word' id='word_1_472' title='bbox 1863 3482 2070 3551; x_wconf 88' lang='lat' dir='ltr'><strong>pudore</strong></span> 
     </span>
    </p>
   </div>
   <div class='ocr_carea' id='block_1_67' title="bbox 494 3570 2071 3639">
    <p class='ocr_par' dir='ltr' id='par_1_67' title="bbox 494 3570 2071 3639">
     <span class='ocr_line' id='line_1_67' title="bbox 494 3570 2071 3639; baseline 0.001 -14"><span class='ocrx_word' id='word_1_473' title='bbox 494 3570 740 3632; x_wconf 82' lang='lat' dir='ltr'><strong>suffusis,</strong></span> <span class='ocrx_word' id='word_1_474' title='bbox 777 3570 894 3630; x_wconf 83' lang='lat' dir='ltr'><strong>dira</strong></span> <span class='ocrx_word' id='word_1_475' title='bbox 953 3571 1199 3639; x_wconf 68' lang='lat' dir='ltr'><strong>quaedam</strong></span> <span class='ocrx_word' id='word_1_476' title='bbox 1258 3572 1685 3636; x_wconf 85' lang='lat' dir='ltr'><strong>incurrentibus,</strong></span> <span class='ocrx_word' id='word_1_477' title='bbox 1722 3587 1782 3628; x_wconf 89' lang='lat' dir='ltr'><strong>se</strong></span> <span class='ocrx_word' id='word_1_478' title='bbox 1820 3574 2071 3629; x_wconf 88' lang='lat' dir='ltr'><strong>meliores</strong></span> 
     </span>
    </p>
   </div>
   <div class='ocr_carea' id='block_1_68' title="bbox 496 3662 2067 3735">
    <p class='ocr_par' dir='ltr' id='par_1_68' title="bbox 496 3662 2067 3735">
     <span class='ocr_line' id='line_1_68' title="bbox 496 3662 2067 3735; baseline 0.001 -18"><span class='ocrx_word' id='word_1_479' title='bbox 496 3679 560 3722; x_wconf 84' lang='lat' dir='ltr'><strong>ac</strong></span> <span class='ocrx_word' id='word_1_480' title='bbox 596 3662 993 3732; x_wconf 82' lang='lat' dir='ltr'><strong>splendidiores</strong></span> <span class='ocrx_word' id='word_1_481' title='bbox 1021 3662 1238 3725; x_wconf 88' lang='lat' dir='ltr'><strong>habitos</strong></span> <span class='ocrx_word' id='word_1_482' title='bbox 1288 3665 1355 3719; x_wconf 90' lang='lat' dir='ltr'><strong>iri</strong></span> <span class='ocrx_word' id='word_1_483' title='bbox 1385 3674 1493 3719; x_wconf 91' lang='lat' dir='ltr'><strong>tam</strong></span> <span class='ocrx_word' id='word_1_484' title='bbox 1543 3664 1687 3735; x_wconf 83' lang='lat' dir='ltr'><strong>apud</strong></span> <span class='ocrx_word' id='word_1_485' title='bbox 1711 3665 1877 3721; x_wconf 88' lang='lat' dir='ltr'><strong>Deum</strong></span> <span class='ocrx_word' id='word_1_486' title='bbox 1907 3681 2067 3734; x_wconf 90' lang='lat' dir='ltr'><strong>quam</strong></span> 
     </span>
    </p>
   </div>
   <div class='ocr_carea' id='block_1_69' title="bbox 496 3755 2069 3828">
    <p class='ocr_par' dir='ltr' id='par_1_69' title="bbox 496 3755 2069 3828">
     <span class='ocr_line' id='line_1_69' title="bbox 496 3755 2069 3828; baseline 0.003 -21"><span class='ocrx_word' id='word_1_487' title='bbox 496 3765 679 3815; x_wconf 84' lang='lat' dir='ltr'><strong>mente</strong></span> <span class='ocrx_word' id='word_1_488' title='bbox 731 3755 982 3822; x_wconf 74' lang='lat' dir='ltr'><strong>praeditos</strong></span> <span class='ocrx_word' id='word_1_489' title='bbox 1034 3755 1460 3827; x_wconf 77' lang='lat' dir='ltr'><strong>judices.Atqui</strong></span> <span class='ocrx_word' id='word_1_490' title='bbox 1527 3758 1685 3828; x_wconf 87' lang='lat' dir='ltr'><strong>plane</strong></span> <span class='ocrx_word' id='word_1_491' title='bbox 1739 3756 2069 3813; x_wconf 88' lang='lat' dir='ltr'><strong>contrarium</strong></span> 
     </span>
    </p>
   </div>
   <div class='ocr_carea' id='block_1_70' title="bbox 496 3844 2072 3913">
    <p class='ocr_par' dir='ltr' id='par_1_70' title="bbox 496 3844 2072 3913">
     <span class='ocr_line' id='line_1_70' title="bbox 496 3844 2072 3913; baseline 0.004 -16"><span class='ocrx_word' id='word_1_492' title='bbox 496 3845 712 3913; x_wconf 81' lang='lat' dir='ltr'><strong>quidvis</strong></span> <span class='ocrx_word' id='word_1_493' title='bbox 757 3844 843 3899; x_wconf 82' lang='lat' dir='ltr'><strong>hic</strong></span> <span class='ocrx_word' id='word_1_494' title='bbox 876 3844 943 3898; x_wconf 86' lang='lat' dir='ltr'><strong>de</strong></span> <span class='ocrx_word' id='word_1_495' title='bbox 978 3846 1059 3900; x_wconf 88' lang='lat' dir='ltr'><strong>eis</strong></span> <span class='ocrx_word' id='word_1_496' title='bbox 1084 3853 1165 3903; x_wconf 86' lang='lat' dir='ltr'><strong>est</strong></span> <span class='ocrx_word' id='word_1_497' title='bbox 1196 3848 1616 3906; x_wconf 78' lang='lat' dir='ltr'><strong>existimandum</strong></span> <span class='ocrx_word' id='word_1_498' title='bbox 1664 3867 1678 3904; x_wconf 92' lang='lat'><strong>:</strong></span> <span class='ocrx_word' id='word_1_499' title='bbox 1707 3848 1827 3905; x_wconf 87' lang='lat' dir='ltr'><strong>fieri</strong></span> <span class='ocrx_word' id='word_1_500' title='bbox 1860 3850 2072 3904; x_wconf 88' lang='lat' dir='ltr'><strong>scilicet</strong></span> 
     </span>
    </p>
   </div>
   <div class='ocr_carea' id='block_1_71' title="bbox 498 3935 2071 4011">
    <p class='ocr_par' dir='ltr' id='par_1_71' title="bbox 498 3935 2071 4011">
     <span class='ocr_line' id='line_1_71' title="bbox 498 3935 2071 4011; baseline 0.003 -21"><span class='ocrx_word' id='word_1_501' title='bbox 498 3938 632 3992; x_wconf 85' lang='lat' dir='ltr'><strong>tales</strong></span> <span class='ocrx_word' id='word_1_502' title='bbox 667 3935 834 3988; x_wconf 80' lang='lat' dir='ltr'><strong>inulto</strong></span> <span class='ocrx_word' id='word_1_503' title='bbox 855 3950 913 3990; x_wconf 93' lang='lat' dir='ltr'><strong>se</strong></span> <span class='ocrx_word' id='word_1_504' title='bbox 940 3936 1073 4005; x_wconf 83' lang='lat' dir='ltr'><strong>ipsis</strong></span> <span class='ocrx_word' id='word_1_505' title='bbox 1098 3937 1422 3997; x_wconf 89' lang='lat' dir='ltr'><strong>deteriores.</strong></span> <span class='ocrx_word' id='word_1_506' title='bbox 1463 3940 1674 4011; x_wconf 81' lang='lat' dir='ltr'><strong>Quippe</strong></span> <span class='ocrx_word' id='word_1_507' title='bbox 1706 3956 1827 3996; x_wconf 91' lang='lat' dir='ltr'><strong>cum</strong></span> <span class='ocrx_word' id='word_1_508' title='bbox 1866 3942 2071 3996; x_wconf 89' lang='lat' dir='ltr'><strong>insidet</strong></span> 
     </span>
    </p>
   </div>
   <div class='ocr_carea' id='block_1_72' title="bbox 496 4028 2069 4104">
    <p class='ocr_par' dir='ltr' id='par_1_72' title="bbox 496 4028 2069 4104">
     <span class='ocr_line' id='line_1_72' title="bbox 496 4028 2069 4104; baseline 0.002 -20"><span class='ocrx_word' id='word_1_509' title='bbox 496 4032 677 4084; x_wconf 90' lang='lat' dir='ltr'><strong>animo</strong></span> <span class='ocrx_word' id='word_1_510' title='bbox 700 4028 922 4096; x_wconf 83' lang='lat' dir='ltr'><strong>invidia,</strong></span> <span class='ocrx_word' id='word_1_511' title='bbox 975 4045 1085 4085; x_wconf 87' lang='lat' dir='ltr'><strong>non</strong></span> <span class='ocrx_word' id='word_1_512' title='bbox 1124 4032 1539 4089; x_wconf 86' lang='lat' dir='ltr'><strong>admirationem</strong></span> <span class='ocrx_word' id='word_1_513' title='bbox 1566 4034 1843 4104; x_wconf 85' lang='lat' dir='ltr'><strong>ejusmodi</strong></span> <span class='ocrx_word' id='word_1_514' title='bbox 1876 4035 2069 4089; x_wconf 81' lang='lat' dir='ltr'><strong>vitium</strong></span> 
     </span>
    </p>
   </div>
   <div class='ocr_carea' id='block_1_73' title="bbox 496 4123 2070 4195">
    <p class='ocr_par' dir='ltr' id='par_1_73' title="bbox 496 4123 2070 4195">
     <span class='ocr_line' id='line_1_73' title="bbox 496 4123 2070 4195; baseline 0.004 -21"><span class='ocrx_word' id='word_1_515' title='bbox 496 4134 763 4187; x_wconf 84' lang='lat' dir='ltr'><strong>lucretur,</strong></span> <span class='ocrx_word' id='word_1_516' title='bbox 805 4123 915 4185; x_wconf 84' lang='lat' dir='ltr'><strong>imo</strong></span> <span class='ocrx_word' id='word_1_517' title='bbox 948 4124 1109 4193; x_wconf 78' lang='lat' dir='ltr'><strong>quale</strong></span> <span class='ocrx_word' id='word_1_518' title='bbox 1140 4124 1212 4181; x_wconf 80' lang='lat' dir='ltr'><strong>sit</strong></span> <span class='ocrx_word' id='word_1_519' title='bbox 1251 4123 1318 4178; x_wconf 86' lang='lat' dir='ltr'><strong>iis</strong></span> <span class='ocrx_word' id='word_1_520' title='bbox 1345 4124 1661 4186; x_wconf 82' lang='lat' dir='ltr'><strong>barathrum</strong></span> <span class='ocrx_word' id='word_1_521' title='bbox 1718 4125 1941 4191; x_wconf 85' lang='lat' dir='ltr'><strong>invidia,</strong></span> <span class='ocrx_word' id='word_1_522' title='bbox 1980 4126 2070 4195; x_wconf 88' lang='lat' dir='ltr'><strong>qui</strong></span> 
     </span>
    </p>
   </div>
   <div class='ocr_carea' id='block_1_74' title="bbox 495 4216 2071 4288">
    <p class='ocr_par' dir='ltr' id='par_1_74' title="bbox 495 4216 2071 4288">
     <span class='ocr_line' id='line_1_74' title="bbox 495 4216 2071 4288; baseline 0.002 -17"><span class='ocrx_word' id='word_1_523' title='bbox 495 4222 623 4271; x_wconf 89' lang='lat' dir='ltr'><strong>sunt</strong></span> <span class='ocrx_word' id='word_1_524' title='bbox 638 4217 690 4269; x_wconf 88' lang='lat' dir='ltr'><strong>in</strong></span> <span class='ocrx_word' id='word_1_525' title='bbox 716 4216 817 4270; x_wconf 90' lang='lat' dir='ltr'><strong>hoc</strong></span> <span class='ocrx_word' id='word_1_526' title='bbox 838 4217 1022 4277; x_wconf 87' lang='lat' dir='ltr'><strong>vitium</strong></span> <span class='ocrx_word' id='word_1_527' title='bbox 1044 4219 1384 4287; x_wconf 62' lang='lat' dir='ltr'><strong>precipitati,</strong></span> <span class='ocrx_word' id='word_1_528' title='bbox 1412 4219 1583 4274; x_wconf 78' lang='lat' dir='ltr'><strong>cuivis</strong></span> <span class='ocrx_word' id='word_1_529' title='bbox 1601 4219 1946 4288; x_wconf 82' lang='lat' dir='ltr'><strong>perspicuum</strong></span> <span class='ocrx_word' id='word_1_530' title='bbox 1966 4228 2071 4275; x_wconf 78' lang='lat' dir='ltr'><strong>est.</strong></span> 
     </span>
    </p>
   </div>
   <div class='ocr_carea' id='block_1_75' title="bbox 490 4306 2072 4385">
    <p class='ocr_par' dir='ltr' id='par_1_75' title="bbox 490 4306 2072 4385">
     <span class='ocr_line' id='line_1_75' title="bbox 490 4306 2072 4385; baseline 0.005 -25"><span class='ocrx_word' id='word_1_531' title='bbox 490 4306 759 4362; x_wconf 84' lang='lat' dir='ltr'><strong>Nimirum</strong></span> <span class='ocrx_word' id='word_1_532' title='bbox 832 4309 1114 4377; x_wconf 84' lang='lat' dir='ltr'><strong>oportebat.</strong></span> <span class='ocrx_word' id='word_1_533' title='bbox 1157 4324 1252 4371; x_wconf 86' lang='lat' dir='ltr'><strong>eos</strong></span> <span class='ocrx_word' id='word_1_534' title='bbox 1317 4314 1429 4365; x_wconf 86' lang='lat' dir='ltr'><strong>suis</strong></span> <span class='ocrx_word' id='word_1_535' title='bbox 1446 4311 1669 4366; x_wconf 88' lang='lat' dir='ltr'><strong>edoctos</strong></span> <span class='ocrx_word' id='word_1_536' title='bbox 1699 4314 1880 4379; x_wconf 89' lang='lat' dir='ltr'><strong>malis,</strong></span> <span class='ocrx_word' id='word_1_537' title='bbox 1922 4319 2072 4385; x_wconf 79' lang='lat' dir='ltr'><strong>igno-</strong></span> 
     </span>
    </p>
   </div>
   <div class='ocr_carea' id='block_1_76' title="bbox 490 4399 2077 4477">
    <p class='ocr_par' dir='ltr' id='par_1_76' title="bbox 490 4399 2077 4477">
     <span class='ocr_line' id='line_1_76' title="bbox 490 4399 2077 4477; baseline 0.005 -22"><span class='ocrx_word' id='word_1_538' title='bbox 490 4415 644 4455; x_wconf 62' lang='grc' dir='ltr'>ενοι-ο</span> <span class='ocrx_word' id='word_1_539' title='bbox 687 4415 857 4469; x_wconf 84' lang='lat' dir='ltr'><strong>prono</strong></span> <span class='ocrx_word' id='word_1_540' title='bbox 888 4399 957 4453; x_wconf 86' lang='lat' dir='ltr'><strong>ad</strong></span> <span class='ocrx_word' id='word_1_541' title='bbox 1020 4400 1227 4470; x_wconf 85' lang='lat' dir='ltr'><strong>lapsum</strong></span> <span class='ocrx_word' id='word_1_542' title='bbox 1291 4401 1408 4454; x_wconf 84' lang='lat' dir='ltr'><strong>luto</strong></span> <span class='ocrx_word' id='word_1_543' title='bbox 1470 4412 1634 4471; x_wconf 87' lang='lat' dir='ltr'><strong>atque</strong></span> <span class='ocrx_word' id='word_1_544' title='bbox 1685 4418 1897 4473; x_wconf 71' lang='lat' dir='ltr'><strong>massae,</strong></span> <span class='ocrx_word' id='word_1_545' title='bbox 1957 4422 2077 4477; x_wconf 81' lang='lat' dir='ltr'><strong>quae</strong></span> 
     </span>
    </p>
   </div>
   <div class='ocr_carea' id='block_1_77' title="bbox 491 4492 2069 4566">
    <p class='ocr_par' dir='ltr' id='par_1_77' title="bbox 491 4492 2069 4566">
     <span class='ocr_line' id='line_1_77' title="bbox 491 4492 2069 4566; baseline 0.005 -23"><span class='ocrx_word' id='word_1_546' title='bbox 491 4492 707 4561; x_wconf 85' lang='lat' dir='ltr'><strong>quidem</strong></span> <span class='ocrx_word' id='word_1_547' title='bbox 790 4492 1024 4557; x_wconf 75' lang='lat' dir='ltr'><strong>exsistit,</strong></span> <span class='ocrx_word' id='word_1_548' title='bbox 1100 4505 1165 4548; x_wconf 78' lang='lat' dir='ltr'><strong>ex</strong></span> <span class='ocrx_word' id='word_1_549' title='bbox 1263 4492 1664 4560; x_wconf 87' lang='lat' dir='ltr'><strong>compositione</strong></span> <span class='ocrx_word' id='word_1_550' title='bbox 1780 4512 2069 4566; x_wconf 79' lang='lat' dir='ltr'><strong>pugnaque</strong></span> 
     </span>
    </p>
   </div>
   <div class='ocr_carea' id='block_1_78' title="bbox 492 4584 2069 4653">
    <p class='ocr_par' dir='ltr' id='par_1_78' title="bbox 492 4584 2069 4653">
     <span class='ocr_line' id='line_1_78' title="bbox 492 4584 2069 4653; baseline 0.007 -20"><span class='ocrx_word' id='word_1_551' title='bbox 492 4595 724 4652; x_wconf 83' lang='lat' dir='ltr'><strong>quatuor</strong></span> <span class='ocrx_word' id='word_1_552' title='bbox 752 4584 1140 4637; x_wconf 89' lang='lat' dir='ltr'><strong>elementorum</strong></span> <span class='ocrx_word' id='word_1_553' title='bbox 1198 4598 1317 4653; x_wconf 62' lang='lat' dir='ltr'><strong>quae</strong></span> <span class='ocrx_word' id='word_1_554' title='bbox 1370 4584 1602 4638; x_wconf 84' lang='lat' dir='ltr'><strong>invicem</strong></span> <span class='ocrx_word' id='word_1_555' title='bbox 1658 4585 1761 4641; x_wconf 91' lang='lat' dir='ltr'><strong>sibi</strong></span> <span class='ocrx_word' id='word_1_556' title='bbox 1806 4597 2069 4651; x_wconf 61' lang='lat' dir='ltr'><strong>aeternum</strong></span> 
     </span>
    </p>
   </div>
   <div class='ocr_carea' id='block_1_79' title="bbox 492 4674 2070 4747">
    <p class='ocr_par' dir='ltr' id='par_1_79' title="bbox 492 4674 2070 4747">
     <span class='ocr_line' id='line_1_79' title="bbox 492 4674 2070 4747; baseline 0.003 -17"><span class='ocrx_word' id='word_1_557' title='bbox 492 4675 1093 4747; x_wconf 60' lang='lat' dir='ltr'><strong>repugnantddeoque</strong></span> <span class='ocrx_word' id='word_1_558' title='bbox 1154 4674 1352 4731; x_wconf 86' lang='lat' dir='ltr'><strong>Paulus</strong></span> <span class='ocrx_word' id='word_1_559' title='bbox 1374 4676 1540 4735; x_wconf 84' lang='lat' dir='ltr'><strong>etiam</strong></span> <span class='ocrx_word' id='word_1_560' title='bbox 1581 4692 1643 4732; x_wconf 89' lang='lat' dir='ltr'><strong>ea</strong></span> <span class='ocrx_word' id='word_1_561' title='bbox 1686 4679 1816 4734; x_wconf 84' lang='lat' dir='ltr'><strong>mihi</strong></span> <span class='ocrx_word' id='word_1_562' title='bbox 1861 4690 2070 4739; x_wconf 86' lang='lat' dir='ltr'><strong>tantum</strong></span> 
     </span>
    </p>
   </div>
   <div class='ocr_carea' id='block_1_80' title="bbox 489 4758 2075 4843">
    <p class='ocr_par' dir='ltr' id='par_1_80' title="bbox 489 4758 2075 4843">
     <span class='ocr_line' id='line_1_80' title="bbox 489 4758 2075 4843; baseline 0.006 -23"><span class='ocrx_word' id='word_1_563' title='bbox 489 4782 599 4822; x_wconf 85' lang='lat' dir='ltr'><strong>non</strong></span> <span class='ocrx_word' id='word_1_564' title='bbox 624 4768 826 4838; x_wconf 73' lang='lat' dir='ltr'><strong>tragice</strong></span> <span class='ocrx_word' id='word_1_565' title='bbox 856 4758 1214 4837; x_wconf 86' lang='lat' dir='ltr'><strong>descripsisse</strong></span> <span class='ocrx_word' id='word_1_566' title='bbox 1241 4768 1478 4833; x_wconf 75' lang='lat' dir='ltr'><strong>videtur,</strong></span> <span class='ocrx_word' id='word_1_567' title='bbox 1535 4784 1657 4843; x_wconf 82' lang='lat' dir='ltr'><strong>cum</strong></span> <span class='ocrx_word' id='word_1_568' title='bbox 1679 4770 1949 4828; x_wconf 89' lang='lat' dir='ltr'><strong>elementa</strong></span> <span class='ocrx_word' id='word_1_569' title='bbox 1991 4775 2075 4829; x_wconf 88' lang='lat' dir='ltr'><strong>di-</strong></span> 
     </span>
    </p>
   </div>
   <div class='ocr_carea' id='block_1_81' title="bbox 486 4857 2071 4934">
    <p class='ocr_par' dir='ltr' id='par_1_81' title="bbox 486 4857 2071 4934">
     <span class='ocr_line' id='line_1_81' title="bbox 486 4857 2071 4934; baseline 0.006 -22"><span class='ocrx_word' id='word_1_570' title='bbox 486 4857 569 4912; x_wconf 78' lang='lat' dir='ltr'><strong>xit</strong></span> <span class='ocrx_word' id='word_1_571' title='bbox 594 4873 925 4914; x_wconf 66' lang='lat' dir='ltr'><strong>aarumuosa.</strong></span> <span class='ocrx_word' id='word_1_572' title='bbox 993 4858 1058 4914; x_wconf 81' lang='lat' dir='ltr'><strong>lii</strong></span> <span class='ocrx_word' id='word_1_573' title='bbox 1088 4874 1218 4914; x_wconf 83' lang='lat' dir='ltr'><strong>vero</strong></span> <span class='ocrx_word' id='word_1_574' title='bbox 1241 4870 1346 4915; x_wconf 89' lang='lat' dir='ltr'><strong>tam</strong></span> <span class='ocrx_word' id='word_1_575' title='bbox 1371 4861 1488 4929; x_wconf 86' lang='lat' dir='ltr'><strong>puri</strong></span> <span class='ocrx_word' id='word_1_576' title='bbox 1510 4864 1908 4926; x_wconf 88' lang='lat' dir='ltr'><strong>sunt,utetiam</strong></span> <span class='ocrx_word' id='word_1_577' title='bbox 1937 4881 2071 4934; x_wconf 74' lang='lat' dir='ltr'><strong>prae-</strong></span> 
     </span>
    </p>
   </div>
   <div class='ocr_carea' id='block_1_82' title="bbox 490 4950 2071 5027">
    <p class='ocr_par' dir='ltr' id='par_1_82' title="bbox 490 4950 2071 5027">
     <span class='ocr_line' id='line_1_82' title="bbox 490 4950 2071 5027; baseline 0.006 -26"><span class='ocrx_word' id='word_1_578' title='bbox 490 4950 695 5004; x_wconf 86' lang='lat' dir='ltr'><strong>clarum</strong></span> <span class='ocrx_word' id='word_1_579' title='bbox 724 4951 853 5004; x_wconf 60' lang='lat' dir='ltr'><strong>Elia:</strong></span> <span class='ocrx_word' id='word_1_580' title='bbox 875 4952 1046 5005; x_wconf 86' lang='lat' dir='ltr'><strong>zelum</strong></span> <span class='ocrx_word' id='word_1_581' title='bbox 1084 4953 1225 5011; x_wconf 89' lang='lat' dir='ltr'><strong>malo</strong></span> <span class='ocrx_word' id='word_1_582' title='bbox 1245 4955 1476 5023; x_wconf 88' lang='lat' dir='ltr'><strong>quodam</strong></span> <span class='ocrx_word' id='word_1_583' title='bbox 1508 4955 1689 5010; x_wconf 85' lang='lat' dir='ltr'><strong>studio</strong></span> <span class='ocrx_word' id='word_1_584' title='bbox 1709 4958 1928 5011; x_wconf 76' lang='lat' dir='ltr'><strong>vincere</strong></span> <span class='ocrx_word' id='word_1_585' title='bbox 1974 4971 2071 5027; x_wconf 64' lang='lat' dir='ltr'><strong>ge—</strong></span> 
     </span>
    </p>
   </div>
   <div class='ocr_carea' id='block_1_83' title="bbox 490 5044 2071 5106">
    <p class='ocr_par' dir='ltr' id='par_1_83' title="bbox 490 5044 2071 5106">
     <span class='ocr_line' id='line_1_83' title="bbox 490 5044 2071 5106; baseline 0.005 -10"><span class='ocrx_word' id='word_1_586' title='bbox 490 5044 680 5105; x_wconf 83' lang='lat' dir='ltr'><strong>stiant,</strong></span> <span class='ocrx_word' id='word_1_587' title='bbox 715 5058 837 5096; x_wconf 90' lang='lat' dir='ltr'><strong>cum</strong></span> <span class='ocrx_word' id='word_1_588' title='bbox 880 5045 1099 5099; x_wconf 89' lang='lat' dir='ltr'><strong>meliore</strong></span> <span class='ocrx_word' id='word_1_589' title='bbox 1126 5061 1231 5101; x_wconf 89' lang='lat' dir='ltr'><strong>non</strong></span> <span class='ocrx_word' id='word_1_590' title='bbox 1250 5046 1427 5102; x_wconf 87' lang='lat' dir='ltr'><strong>liceat.</strong></span> <span class='ocrx_word' id='word_1_591' title='bbox 1460 5047 1710 5106; x_wconf 86' lang='lat' dir='ltr'><strong>Sedenim</strong></span> <span class='ocrx_word' id='word_1_592' title='bbox 1735 5050 1809 5104; x_wconf 91' lang='lat' dir='ltr'><strong>uti</strong></span> <span class='ocrx_word' id='word_1_593' title='bbox 1838 5065 1967 5104; x_wconf 86' lang='lat' dir='ltr'><strong>sane</strong></span> <span class='ocrx_word' id='word_1_594' title='bbox 1981 5066 2071 5105; x_wconf 88' lang='lat' dir='ltr'><strong>vo-</strong></span> 
     </span>
    </p>
   </div>
   <div class='ocr_carea' id='block_1_84' title="bbox 491 5134 2116 5211">
    <p class='ocr_par' dir='ltr' id='par_1_84' title="bbox 491 5134 2116 5211">
     <span class='ocr_line' id='line_1_84' title="bbox 491 5134 2116 5211; baseline 0.007 -24"><span class='ocrx_word' id='word_1_595' title='bbox 491 5134 711 5200; x_wconf 81' lang='lat' dir='ltr'><strong>luerint,</strong></span> <span class='ocrx_word' id='word_1_596' title='bbox 728 5134 907 5187; x_wconf 79' lang='lat' dir='ltr'><strong>affecti</strong></span> <span class='ocrx_word' id='word_1_597' title='bbox 928 5137 1055 5202; x_wconf 81' lang='lat' dir='ltr'><strong>sint,</strong></span> <span class='ocrx_word' id='word_1_598' title='bbox 1074 5153 1171 5192; x_wconf 88' lang='lat' dir='ltr'><strong>nos</strong></span> <span class='ocrx_word' id='word_1_599' title='bbox 1191 5153 1286 5193; x_wconf 88' lang='lat' dir='ltr'><strong>eos</strong></span> <span class='ocrx_word' id='word_1_600' title='bbox 1307 5140 2070 5211; x_wconf 74' lang='lat' dir='ltr'><strong>haudquaquamiudicemus;</strong></span> <span class='ocrx_word' id='word_1_601' title='bbox 2107 5172 2116 5179; x_wconf 79' lang='lat'><strong><em>~</em></strong></span> 
     </span>
    </p>
   </div>
   <div class='ocr_carea' id='block_1_85' title="bbox 421 5229 2059 5295">
    <p class='ocr_par' dir='ltr' id='par_1_85' title="bbox 421 5229 2059 5295">
     <span class='ocr_line' id='line_1_85' title="bbox 421 5229 2059 5295; baseline 0.01 -20"><span class='ocrx_word' id='word_1_602' title='bbox 421 5250 438 5275; x_wconf 74' lang='grc' dir='ltr'>ι</span> <span class='ocrx_word' id='word_1_603' title='bbox 494 5244 599 5282; x_wconf 89' lang='lat' dir='ltr'><strong>non</strong></span> <span class='ocrx_word' id='word_1_604' title='bbox 657 5229 801 5281; x_wconf 90' lang='lat' dir='ltr'><strong>enim</strong></span> <span class='ocrx_word' id='word_1_605' title='bbox 845 5233 1143 5295; x_wconf 80' lang='lat' dir='ltr'><strong>grassando</strong></span> <span class='ocrx_word' id='word_1_606' title='bbox 1191 5230 1393 5286; x_wconf 75' lang='lat' dir='ltr'><strong>Ehristi</strong></span> <span class='ocrx_word' id='word_1_607' title='bbox 1424 5232 1658 5287; x_wconf 88' lang='lat' dir='ltr'><strong>tribunal</strong></span> <span class='ocrx_word' id='word_1_608' title='bbox 1714 5234 2059 5291; x_wconf 88' lang='lat' dir='ltr'><strong>invademns.</strong></span> 
     </span>
    </p>
   </div>
   <div class='ocr_carea' id='block_1_86' title="bbox 493 5320 2070 5394">
    <p class='ocr_par' dir='ltr' id='par_1_86' title="bbox 493 5320 2070 5394">
     <span class='ocr_line' id='line_1_86' title="bbox 493 5320 2070 5394; baseline 0.008 -22"><span class='ocrx_word' id='word_1_609' title='bbox 493 5320 646 5386; x_wconf 86' lang='lat' dir='ltr'><strong>Quod</strong></span> <span class='ocrx_word' id='word_1_610' title='bbox 671 5322 715 5375; x_wconf 87' lang='lat' dir='ltr'><strong>si</strong></span> <span class='ocrx_word' id='word_1_611' title='bbox 746 5331 986 5376; x_wconf 88' lang='lat' dir='ltr'><strong>nostram</strong></span> <span class='ocrx_word' id='word_1_612' title='bbox 1024 5320 1074 5375; x_wconf 89' lang='lat' dir='ltr'><strong>in</strong></span> <span class='ocrx_word' id='word_1_613' title='bbox 1104 5324 1203 5377; x_wconf 89' lang='lat' dir='ltr'><strong>bac</strong></span> <span class='ocrx_word' id='word_1_614' title='bbox 1231 5333 1385 5394; x_wconf 86' lang='lat' dir='ltr'><strong>parte</strong></span> <span class='ocrx_word' id='word_1_615' title='bbox 1426 5327 1750 5382; x_wconf 89' lang='lat' dir='ltr'><strong>sententiam</strong></span> <span class='ocrx_word' id='word_1_616' title='bbox 1782 5328 2070 5384; x_wconf 86' lang='lat' dir='ltr'><strong>admittere</strong></span> 
     </span>
    </p>
   </div>
   <div class='ocr_carea' id='block_1_87' title="bbox 493 5412 2066 5486">
    <p class='ocr_par' dir='ltr' id='par_1_87' title="bbox 493 5412 2066 5486">
     <span class='ocr_line' id='line_1_87' title="bbox 493 5412 2066 5486; baseline 0.004 -21"><span class='ocrx_word' id='word_1_617' title='bbox 493 5414 886 5482; x_wconf 73' lang='lat' dir='ltr'><strong>digualiuntur,</strong></span> <span class='ocrx_word' id='word_1_618' title='bbox 918 5412 1111 5467; x_wconf 83' lang='lat' dir='ltr'><strong>saltem</strong></span> <span class='ocrx_word' id='word_1_619' title='bbox 1136 5416 1405 5470; x_wconf 87' lang='lat' dir='ltr'><strong>neminem</strong></span> <span class='ocrx_word' id='word_1_620' title='bbox 1423 5418 1664 5471; x_wconf 88' lang='lat' dir='ltr'><strong>omnium</strong></span> <span class='ocrx_word' id='word_1_621' title='bbox 1687 5420 2066 5486; x_wconf 82' lang='lat' dir='ltr'><strong>condemnem,</strong></span> 
     </span>
    </p>
   </div>
   <div class='ocr_carea' id='block_1_88' title="bbox 493 5503 2068 5577">
    <p class='ocr_par' dir='ltr' id='par_1_88' title="bbox 493 5503 2068 5577">
     <span class='ocr_line' id='line_1_88' title="bbox 493 5503 2068 5577; baseline 0.006 -23"><span class='ocrx_word' id='word_1_622' title='bbox 493 5503 936 5572; x_wconf 87' lang='lat' dir='ltr'><strong>quandoquidem</strong></span> <span class='ocrx_word' id='word_1_623' title='bbox 970 5503 1181 5556; x_wconf 82' lang='lat' dir='ltr'><strong>veniam</strong></span> <span class='ocrx_word' id='word_1_624' title='bbox 1203 5504 1567 5559; x_wconf 86' lang='lat' dir='ltr'><strong>dare-nolunt.</strong></span> <span class='ocrx_word' id='word_1_625' title='bbox 1592 5504 1710 5562; x_wconf 86' lang='lat' dir='ltr'><strong>Non</strong></span> <span class='ocrx_word' id='word_1_626' title='bbox 1734 5507 1878 5561; x_wconf 91' lang='lat' dir='ltr'><strong>enim</strong></span> <span class='ocrx_word' id='word_1_627' title='bbox 1896 5524 2068 5577; x_wconf 89' lang='lat' dir='ltr'><strong>usque</strong></span> 
     </span>
    </p>
   </div>
   <div class='ocr_carea' id='block_1_89' title="bbox 495 5594 2062 5669">
    <p class='ocr_par' dir='ltr' id='par_1_89' title="bbox 495 5594 2062 5669">
     <span class='ocr_line' id='line_1_89' title="bbox 495 5594 2062 5669; baseline -0.001 -16"><span class='ocrx_word' id='word_1_628' title='bbox 495 5596 629 5653; x_wconf 79' lang='lat' dir='ltr'><strong>adeo</strong></span> <span class='ocrx_word' id='word_1_629' title='bbox 661 5596 945 5660; x_wconf 78' lang='lat' dir='ltr'><strong>ferociam,</strong></span> <span class='ocrx_word' id='word_1_630' title='bbox 971 5596 1113 5650; x_wconf 90' lang='lat' dir='ltr'><strong>utab</strong></span> <span class='ocrx_word' id='word_1_631' title='bbox 1142 5594 1246 5650; x_wconf 84' lang='lat' dir='ltr'><strong>illis</strong></span> <span class='ocrx_word' id='word_1_632' title='bbox 1270 5611 1328 5651; x_wconf 90' lang='lat' dir='ltr'><strong>se</strong></span> <span class='ocrx_word' id='word_1_633' title='bbox 1362 5595 1508 5652; x_wconf 86' lang='lat' dir='ltr'><strong>vitiis</strong></span> <span class='ocrx_word' id='word_1_634' title='bbox 1530 5600 1799 5654; x_wconf 80' lang='lat' dir='ltr'><strong>immunes</strong></span> <span class='ocrx_word' id='word_1_635' title='bbox 1855 5609 2062 5669; x_wconf 85' lang='lat' dir='ltr'><strong>putent,</strong></span> 
     </span>
    </p>
   </div>
   <div class='ocr_carea' id='block_1_90' title="bbox 495 5687 2069 5762">
    <p class='ocr_par' dir='ltr' id='par_1_90' title="bbox 495 5687 2069 5762">
     <span class='ocr_line' id='line_1_90' title="bbox 495 5687 2069 5762; baseline 0.005 -24"><span class='ocrx_word' id='word_1_636' title='bbox 495 5688 691 5756; x_wconf 84' lang='lat' dir='ltr'><strong>quibus</strong></span> <span class='ocrx_word' id='word_1_637' title='bbox 714 5688 925 5743; x_wconf 83' lang='lat' dir='ltr'><strong>servire</strong></span> <span class='ocrx_word' id='word_1_638' title='bbox 955 5687 1142 5744; x_wconf 87' lang='lat' dir='ltr'><strong>vident</strong></span> <span class='ocrx_word' id='word_1_639' title='bbox 1164 5687 1355 5744; x_wconf 90' lang='lat' dir='ltr'><strong>eodem</strong></span> <span class='ocrx_word' id='word_1_640' title='bbox 1376 5699 1526 5745; x_wconf 86' lang='lat' dir='ltr'><strong>ortos</strong></span> <span class='ocrx_word' id='word_1_641' title='bbox 1541 5689 1653 5745; x_wconf 91' lang='lat' dir='ltr'><strong>luto</strong></span> <span class='ocrx_word' id='word_1_642' title='bbox 1673 5702 1837 5762; x_wconf 90' lang='lat' dir='ltr'><strong>atque</strong></span> <span class='ocrx_word' id='word_1_643' title='bbox 1863 5700 2069 5761; x_wconf 84' lang='lat' dir='ltr'><strong>tempe-</strong></span> 
     </span>
    </p>
   </div>
   <div class='ocr_carea' id='block_1_91' title="bbox 571 5864 957 5935">
    <p class='ocr_par' dir='ltr' id='par_1_91' title="bbox 571 5864 957 5935">
     <span class='ocr_line' id='line_1_91' title="bbox 571 5864 957 5935; baseline 0.003 -13"><span class='ocrx_word' id='word_1_644' title='bbox 571 5868 591 5906; x_wconf 64' lang='grc'>⁸</span> <span class='ocrx_word' id='word_1_645' title='bbox 621 5864 778 5923; x_wconf 72' lang='lat' dir='ltr'><strong>Rom.</strong></span> <span class='ocrx_word' id='word_1_646' title='bbox 811 5884 867 5935; x_wconf 73' lang='grc' dir='ltr'>ι.</span> <span class='ocrx_word' id='word_1_647' title='bbox 902 5871 957 5929; x_wconf 75' lang='grc'><strong>2.</strong></span> 
     </span>
    </p>
   </div>
   <div class='ocr_carea' id='block_1_92' title="bbox 2172 3301 3731 3379">
    <p class='ocr_par' dir='ltr' id='par_1_92' title="bbox 2172 3301 3731 3379">
     <span class='ocr_line' id='line_1_92' title="bbox 2172 3301 3731 3379; baseline -0.006 -18"><span class='ocrx_word' id='word_1_648' title='bbox 2172 3308 2297 3363; x_wconf 84' lang='grc' dir='ltr'>σθαι</span> <span class='ocrx_word' id='word_1_649' title='bbox 2329 3309 2438 3379; x_wconf 82' lang='grc' dir='ltr'><strong>γὰρ</strong></span> <span class='ocrx_word' id='word_1_650' title='bbox 2465 3307 2561 3361; x_wconf 78' lang='grc' dir='ltr'><strong>καὶ</strong></span> <span class='ocrx_word' id='word_1_651' title='bbox 2597 3308 2803 3361; x_wconf 82' lang='grc' dir='ltr'>έαυτῶν</span> <span class='ocrx_word' id='word_1_652' title='bbox 2845 3305 3030 3374; x_wconf 89' lang='grc' dir='ltr'>πολλῷ</span> <span class='ocrx_word' id='word_1_653' title='bbox 3058 3305 3271 3377; x_wconf 76' lang='grc' dir='ltr'>χείρους</span> <span class='ocrx_word' id='word_1_654' title='bbox 3302 3303 3430 3366; x_wconf 80' lang='grc' dir='ltr'>τούς</span> <span class='ocrx_word' id='word_1_655' title='bbox 3464 3320 3526 3369; x_wconf 89' lang='grc' dir='ltr'><strong>γε</strong></span> <span class='ocrx_word' id='word_1_656' title='bbox 3555 3301 3731 3354; x_wconf 81' lang='grc' dir='ltr'>τοιού·</span> 
     </span>
    </p>
   </div>
   <div class='ocr_carea' id='block_1_93' title="bbox 2169 3389 3725 3468">
    <p class='ocr_par' dir='ltr' id='par_1_93' title="bbox 2169 3389 3725 3468">
     <span class='ocr_line' id='line_1_93' title="bbox 2169 3389 3725 3468; baseline -0.007 -16"><span class='ocrx_word' id='word_1_657' title='bbox 2169 3416 2314 3462; x_wconf 81' lang='grc' dir='ltr'>τους.</span> <span class='ocrx_word' id='word_1_658' title='bbox 2366 3398 2567 3452; x_wconf 82' lang='grc' dir='ltr'>Φθόνου</span> <span class='ocrx_word' id='word_1_659' title='bbox 2627 3398 2738 3468; x_wconf 83' lang='grc' dir='ltr'><strong>γὰρ</strong></span> <span class='ocrx_word' id='word_1_660' title='bbox 2794 3397 3172 3467; x_wconf 76' lang='grc' dir='ltr'>ὲγκαθημένου</span> <span class='ocrx_word' id='word_1_661' title='bbox 3227 3398 3343 3457; x_wconf 89' lang='grc' dir='ltr'>ταῖς</span> <span class='ocrx_word' id='word_1_662' title='bbox 3387 3392 3611 3463; x_wconf 72' lang='grc' dir='ltr'>ψυχαῖς,</span> <span class='ocrx_word' id='word_1_663' title='bbox 3664 3389 3725 3442; x_wconf 78' lang='grc' dir='ltr'><strong>οὗ</strong></span> 
     </span>
    </p>
   </div>
   <div class='ocr_carea' id='block_1_94' title="bbox 2170 3481 3729 3560">
    <p class='ocr_par' dir='ltr' id='par_1_94' title="bbox 2170 3481 3729 3560">
     <span class='ocr_line' id='line_1_94' title="bbox 2170 3481 3729 3560; baseline -0.007 -17"><span class='ocrx_word' id='word_1_664' title='bbox 2170 3491 2333 3560; x_wconf 81' lang='grc' dir='ltr'>ζήλου</span> <span class='ocrx_word' id='word_1_665' title='bbox 2369 3492 2428 3543; x_wconf 78' lang='grc' dir='ltr'><strong>τὸ</strong></span> <span class='ocrx_word' id='word_1_666' title='bbox 2459 3489 2705 3543; x_wconf 82' lang='grc' dir='ltr'>τοιοῦτον</span> <span class='ocrx_word' id='word_1_667' title='bbox 2748 3491 2921 3544; x_wconf 90' lang='grc' dir='ltr'>κακόν</span> <span class='ocrx_word' id='word_1_668' title='bbox 2944 3506 2959 3521; x_wconf 76' lang='grc' dir='ltr'><strong>ο</strong></span> <span class='ocrx_word' id='word_1_669' title='bbox 2994 3488 3090 3542; x_wconf 75' lang='grc' dir='ltr'>καὶ</span> <span class='ocrx_word' id='word_1_670' title='bbox 3138 3481 3249 3542; x_wconf 83' lang='grc' dir='ltr'>οῖον</span> <span class='ocrx_word' id='word_1_671' title='bbox 3304 3484 3561 3559; x_wconf 82' lang='grc' dir='ltr'>βάραθρόν</span> <span class='ocrx_word' id='word_1_672' title='bbox 3609 3483 3729 3547; x_wconf 16' lang='grc' dir='ltr'>ἐστιν</span> 
     </span>
    </p>
   </div>
   <div class='ocr_carea' id='block_1_95' title="bbox 2169 3575 3727 3651">
    <p class='ocr_par' dir='ltr' id='par_1_95' title="bbox 2169 3575 3727 3651">
     <span class='ocr_line' id='line_1_95' title="bbox 2169 3575 3727 3651; baseline -0.007 -13"><span class='ocrx_word' id='word_1_673' title='bbox 2169 3584 2227 3638; x_wconf 76' lang='grc' dir='ltr'><strong>τὸ</strong></span> <span class='ocrx_word' id='word_1_674' title='bbox 2276 3582 2492 3651; x_wconf 79' lang='grc' dir='ltr'>φθονεῖν</span> <span class='ocrx_word' id='word_1_675' title='bbox 2547 3585 2660 3643; x_wconf 85' lang='grc' dir='ltr'>τοῖς</span> <span class='ocrx_word' id='word_1_676' title='bbox 2712 3583 2793 3645; x_wconf 79' lang='grc' dir='ltr'><strong>είς</strong></span> <span class='ocrx_word' id='word_1_677' title='bbox 2828 3581 3005 3634; x_wconf 75' lang='grc' dir='ltr'>ἐκεῖνο</span> <span class='ocrx_word' id='word_1_678' title='bbox 3035 3578 3404 3649; x_wconf 80' lang='grc' dir='ltr'>κατενεχθείσι</span> <span class='ocrx_word' id='word_1_679' title='bbox 3434 3575 3591 3629; x_wconf 83' lang='grc' dir='ltr'>παντί</span> <span class='ocrx_word' id='word_1_680' title='bbox 3624 3591 3727 3627; x_wconf 82' lang='grc' dir='ltr'><strong>που</strong></span> 
     </span>
    </p>
   </div>
   <div class='ocr_carea' id='block_1_96' title="bbox 2169 3665 3735 3747">
    <p class='ocr_par' dir='ltr' id='par_1_96' title="bbox 2169 3665 3735 3747">
     <span class='ocr_line' id='line_1_96' title="bbox 2169 3665 3735 3747; baseline -0.006 -18"><span class='ocrx_word' id='word_1_681' title='bbox 2169 3676 2328 3747; x_wconf 82' lang='grc' dir='ltr'>δῆλον</span> <span class='ocrx_word' id='word_1_682' title='bbox 2362 3674 2426 3728; x_wconf 81' lang='grc' dir='ltr'>ἂν</span> <span class='ocrx_word' id='word_1_683' title='bbox 2454 3675 2559 3745; x_wconf 73' lang='grc' dir='ltr'>εἴη.</span> <span class='ocrx_word' id='word_1_684' title='bbox 2606 3674 2805 3743; x_wconf 84' lang='grc' dir='ltr'>Ἐχρῆν</span> <span class='ocrx_word' id='word_1_685' title='bbox 2831 3672 2932 3740; x_wconf 82' lang='grc' dir='ltr'>μὲν</span> <span class='ocrx_word' id='word_1_686' title='bbox 2966 3667 3058 3726; x_wconf 79' lang='grc' dir='ltr'>οὖν</span> <span class='ocrx_word' id='word_1_687' title='bbox 3097 3672 3296 3733; x_wconf 75' lang='grc' dir='ltr'>αὐτοὺς</span> <span class='ocrx_word' id='word_1_688' title='bbox 3345 3665 3735 3735; x_wconf 79' lang='grc' dir='ltr'>συγγινώσκειν</span> 
     </span>
    </p>
   </div>
   <div class='ocr_carea' id='block_1_97' title="bbox 2170 3759 3737 3835">
    <p class='ocr_par' dir='ltr' id='par_1_97' title="bbox 2170 3759 3737 3835">
     <span class='ocr_line' id='line_1_97' title="bbox 2170 3759 3737 3835; baseline -0.009 -12"><span class='ocrx_word' id='word_1_689' title='bbox 2170 3771 2235 3823; x_wconf 78' lang='grc' dir='ltr'>ὲκ</span> <span class='ocrx_word' id='word_1_690' title='bbox 2257 3768 2363 3831; x_wconf 80' lang='grc' dir='ltr'>τῶν</span> <span class='ocrx_word' id='word_1_691' title='bbox 2396 3768 2538 3821; x_wconf 83' lang='grc' dir='ltr'>ίδίων</span> <span class='ocrx_word' id='word_1_692' title='bbox 2580 3765 2789 3829; x_wconf 83' lang='grc' dir='ltr'>κακῶν,</span> <span class='ocrx_word' id='word_1_693' title='bbox 2827 3764 3104 3835; x_wconf 83' lang='grc' dir='ltr'>ὀλισθηρῷ</span> <span class='ocrx_word' id='word_1_694' title='bbox 3137 3762 3292 3832; x_wconf 82' lang='grc' dir='ltr'>πηλῷ</span> <span class='ocrx_word' id='word_1_695' title='bbox 3326 3762 3417 3815; x_wconf 81' lang='grc' dir='ltr'>καὶ</span> <span class='ocrx_word' id='word_1_696' title='bbox 3452 3759 3737 3829; x_wconf 83' lang='grc' dir='ltr'>φυράματι</span> 
     </span>
    </p>
   </div>
   <div class='ocr_carea' id='block_1_98' title="bbox 2170 3856 3740 3937">
    <p class='ocr_par' dir='ltr' id='par_1_98' title="bbox 2170 3856 3740 3937">
     <span class='ocr_line' id='line_1_98' title="bbox 2170 3856 3740 3937; baseline -0.008 -20"><span class='ocrx_word' id='word_1_697' title='bbox 2170 3863 2343 3937; x_wconf 75' lang='grc' dir='ltr'>ἔχοντι</span> <span class='ocrx_word' id='word_1_698' title='bbox 2384 3862 2483 3931; x_wconf 85' lang='grc' dir='ltr'>τὴν</span> <span class='ocrx_word' id='word_1_699' title='bbox 2519 3858 2752 3931; x_wconf 77' lang='grc' dir='ltr'>ὕπαρξιν</span> <span class='ocrx_word' id='word_1_700' title='bbox 2783 3859 3030 3914; x_wconf 82' lang='grc' dir='ltr'>συνθέσει</span> <span class='ocrx_word' id='word_1_701' title='bbox 3085 3876 3145 3911; x_wconf 91' lang='grc' dir='ltr'><strong>τε</strong></span> <span class='ocrx_word' id='word_1_702' title='bbox 3174 3860 3268 3912; x_wconf 77' lang='grc' dir='ltr'>καὶ</span> <span class='ocrx_word' id='word_1_703' title='bbox 3323 3856 3567 3927; x_wconf 80' lang='grc' dir='ltr'>διαμάχῃ</span> <span class='ocrx_word' id='word_1_704' title='bbox 3602 3870 3740 3907; x_wconf 81' lang='grc' dir='ltr'>στοι-</span> 
     </span>
    </p>
   </div>
   <div class='ocr_carea' id='block_1_99' title="bbox 2171 3942 3738 4023">
    <p class='ocr_par' dir='ltr' id='par_1_99' title="bbox 2171 3942 3738 4023">
     <span class='ocr_line' id='line_1_99' title="bbox 2171 3942 3738 4023; baseline -0.007 -18"><span class='ocrx_word' id='word_1_705' title='bbox 2171 3956 2333 4023; x_wconf 79' lang='grc' dir='ltr'>χείων</span> <span class='ocrx_word' id='word_1_706' title='bbox 2380 3952 2690 4020; x_wconf 85' lang='grc' dir='ltr'>τεττάρων,</span> <span class='ocrx_word' id='word_1_707' title='bbox 2742 3949 3135 4019; x_wconf 84' lang='grc' dir='ltr'>ἀντικειμένων</span> <span class='ocrx_word' id='word_1_708' title='bbox 3196 3948 3461 4001; x_wconf 78' lang='grc' dir='ltr'>ἀθάνατα.</span> <span class='ocrx_word' id='word_1_709' title='bbox 3509 3944 3602 3997; x_wconf 83' lang='grc' dir='ltr'><strong>Διὸ</strong></span> <span class='ocrx_word' id='word_1_710' title='bbox 3645 3942 3738 3996; x_wconf 77' lang='grc' dir='ltr'>καὶ</span> 
     </span>
    </p>
   </div>
   <div class='ocr_carea' id='block_1_100' title="bbox 2173 4024 3737 4105">
    <p class='ocr_par' dir='ltr' id='par_1_100' title="bbox 2173 4024 3737 4105">
     <span class='ocr_line' id='line_1_100' title="bbox 2173 4024 3737 4105; baseline -0.009 -15"><span class='ocrx_word' id='word_1_711' title='bbox 2173 4036 2381 4098; x_wconf 83' lang='grc' dir='ltr'>Παῦλός</span> <span class='ocrx_word' id='word_1_712' title='bbox 2406 4053 2495 4105; x_wconf 90' lang='grc' dir='ltr'><strong>μοι</strong></span> <span class='ocrx_word' id='word_1_713' title='bbox 2523 4035 2667 4088; x_wconf 79' lang='grc' dir='ltr'>δοκεῖ</span> <span class='ocrx_word' id='word_1_714' title='bbox 2704 4024 2987 4104; x_wconf 75' lang='grc' dir='ltr'>μονονουχὶ</span> <span class='ocrx_word' id='word_1_715' title='bbox 3016 4032 3174 4085; x_wconf 71' lang='grc' dir='ltr'>ταυτὶ</span> <span class='ocrx_word' id='word_1_716' title='bbox 3204 4031 3525 4100; x_wconf 76' lang='grc' dir='ltr'>τραγῳδεῖν,</span> <span class='ocrx_word' id='word_1_717' title='bbox 3557 4025 3737 4080; x_wconf 86' lang='grc' dir='ltr'>ταλαί-</span> 
     </span>
    </p>
   </div>
   <div class='ocr_carea' id='block_1_101' title="bbox 2173 4119 3737 4199">
    <p class='ocr_par' dir='ltr' id='par_1_101' title="bbox 2173 4119 3737 4199">
     <span class='ocr_line' id='line_1_101' title="bbox 2173 4119 3737 4199; baseline -0.009 -17"><span class='ocrx_word' id='word_1_718' title='bbox 2173 4146 2335 4199; x_wconf 86' lang='grc' dir='ltr'>πωρα</span> <span class='ocrx_word' id='word_1_719' title='bbox 2366 4129 2546 4197; x_wconf 84' lang='grc' dir='ltr'>φήσας</span> <span class='ocrx_word' id='word_1_720' title='bbox 2584 4128 2844 4194; x_wconf 79' lang='grc' dir='ltr'>στοιχεῖα.</span> <span class='ocrx_word' id='word_1_721' title='bbox 2891 4127 2953 4178; x_wconf 86' lang='grc' dir='ltr'><strong>Οἱ</strong></span> <span class='ocrx_word' id='word_1_722' title='bbox 2983 4124 3039 4175; x_wconf 83' lang='grc' dir='ltr'>δὲ</span> <span class='ocrx_word' id='word_1_723' title='bbox 3065 4122 3318 4176; x_wconf 75' lang='grc' dir='ltr'>τοσοῦτόν</span> <span class='ocrx_word' id='word_1_724' title='bbox 3345 4124 3451 4173; x_wconf 82' lang='grc' dir='ltr'>εἰσι</span> <span class='ocrx_word' id='word_1_725' title='bbox 3484 4119 3737 4183; x_wconf 74' lang='grc' dir='ltr'>καθαροὶ,</span> 
     </span>
    </p>
   </div>
   <div class='ocr_carea' id='block_1_102' title="bbox 2173 4212 3742 4285">
    <p class='ocr_par' dir='ltr' id='par_1_102' title="bbox 2173 4212 3742 4285">
     <span class='ocr_line' id='line_1_102' title="bbox 2173 4212 3742 4285; baseline -0.01 -11"><span class='ocrx_word' id='word_1_726' title='bbox 2173 4221 2247 4284; x_wconf 86' lang='grc' dir='ltr'>ὡς</span> <span class='ocrx_word' id='word_1_727' title='bbox 2274 4221 2369 4274; x_wconf 72' lang='grc' dir='ltr'>καὶ</span> <span class='ocrx_word' id='word_1_728' title='bbox 2397 4221 2493 4272; x_wconf 80' lang='grc' dir='ltr'>τὸν</span> <span class='ocrx_word' id='word_1_729' title='bbox 2519 4218 2682 4273; x_wconf 82' lang='grc' dir='ltr'>καλὸν</span> <span class='ocrx_word' id='word_1_730' title='bbox 2718 4216 2901 4273; x_wconf 69' lang='grc' dir='ltr'>Ἠλιοῦ</span> <span class='ocrx_word' id='word_1_731' title='bbox 2931 4215 3092 4285; x_wconf 79' lang='grc' dir='ltr'>ζῆλον</span> <span class='ocrx_word' id='word_1_732' title='bbox 3127 4216 3282 4283; x_wconf 86' lang='grc' dir='ltr'><strong>κακῷ</strong></span> <span class='ocrx_word' id='word_1_733' title='bbox 3304 4231 3410 4267; x_wconf 92' lang='grc' dir='ltr'>τινι</span> <span class='ocrx_word' id='word_1_734' title='bbox 3442 4212 3742 4279; x_wconf 84' lang='grc' dir='ltr'>φιλοτιμεῖ-</span> 
     </span>
    </p>
   </div>
   <div class='ocr_carea' id='block_1_103' title="bbox 2158 4303 3743 4387">
    <p class='ocr_par' dir='ltr' id='par_1_103' title="bbox 2158 4303 3743 4387">
     <span class='ocr_line' id='line_1_103' title="bbox 2158 4303 3743 4387; baseline -0.008 -20"><span class='ocrx_word' id='word_1_735' title='bbox 2158 4315 2297 4387; x_wconf 17' lang='grc' dir='ltr'>Ᾰσθαι</span> <span class='ocrx_word' id='word_1_736' title='bbox 2357 4314 2746 4384; x_wconf 82' lang='grc' dir='ltr'>παρενεγκεῖν,</span> <span class='ocrx_word' id='word_1_737' title='bbox 2779 4312 2853 4373; x_wconf 86' lang='grc' dir='ltr'>ὡς</span> <span class='ocrx_word' id='word_1_738' title='bbox 2915 4311 3016 4363; x_wconf 84' lang='grc' dir='ltr'>οὐκ</span> <span class='ocrx_word' id='word_1_739' title='bbox 3053 4308 3171 4363; x_wconf 79' lang='grc' dir='ltr'>ὲνὸν</span> <span class='ocrx_word' id='word_1_740' title='bbox 3222 4309 3280 4361; x_wconf 83' lang='grc' dir='ltr'>ὲν</span> <span class='ocrx_word' id='word_1_741' title='bbox 3308 4307 3559 4378; x_wconf 84' lang='grc' dir='ltr'>βελτίονι.</span> <span class='ocrx_word' id='word_1_742' title='bbox 3602 4303 3743 4356; x_wconf 84' lang='grc' dir='ltr'>Ἀλλ’</span> 
     </span>
    </p>
   </div>
   <div class='ocr_carea' id='block_1_104' title="bbox 2175 4399 3803 4475">
    <p class='ocr_par' dir='ltr' id='par_1_104' title="bbox 2175 4399 3803 4475">
     <span class='ocr_line' id='line_1_104' title="bbox 2175 4399 3803 4475; baseline -0.008 -16"><span class='ocrx_word' id='word_1_743' title='bbox 2175 4402 2319 4459; x_wconf 73' lang='grc' dir='ltr'>οὗτοι</span> <span class='ocrx_word' id='word_1_744' title='bbox 2353 4405 2473 4475; x_wconf 81' lang='grc' dir='ltr'>μὲν,</span> <span class='ocrx_word' id='word_1_745' title='bbox 2498 4406 2572 4470; x_wconf 88' lang='grc' dir='ltr'><strong>ώς</strong></span> <span class='ocrx_word' id='word_1_746' title='bbox 2596 4405 2659 4459; x_wconf 80' lang='grc' dir='ltr'>ἄν</span> <span class='ocrx_word' id='word_1_747' title='bbox 2697 4420 2827 4457; x_wconf 87' lang='grc' dir='ltr'>ποτε</span> <span class='ocrx_word' id='word_1_748' title='bbox 2863 4400 3154 4472; x_wconf 76' lang='grc' dir='ltr'>βούλοιντο,</span> <span class='ocrx_word' id='word_1_749' title='bbox 3187 4399 3510 4453; x_wconf 80' lang='grc' dir='ltr'>διακείσθων</span> <span class='ocrx_word' id='word_1_750' title='bbox 3533 4413 3548 4428; x_wconf 82' lang='lat'>&#39;</span> <span class='ocrx_word' id='word_1_751' title='bbox 3580 4399 3743 4466; x_wconf 79' lang='grc' dir='ltr'>ἡμεῖς</span> <span class='ocrx_word' id='word_1_752' title='bbox 3796 4428 3803 4433; x_wconf 71' lang='grc' dir='ltr'><strong><em>ο</em></strong></span> 
     </span>
    </p>
   </div>
   <div class='ocr_carea' id='block_1_105' title="bbox 2174 4485 3743 4564">
    <p class='ocr_par' dir='ltr' id='par_1_105' title="bbox 2174 4485 3743 4564">
     <span class='ocr_line' id='line_1_105' title="bbox 2174 4485 3743 4564; baseline -0.007 -14"><span class='ocrx_word' id='word_1_753' title='bbox 2174 4497 2230 4550; x_wconf 82' lang='grc' dir='ltr'>δὲ</span> <span class='ocrx_word' id='word_1_754' title='bbox 2262 4498 2460 4561; x_wconf 79' lang='grc' dir='ltr'>αὐτοὺς</span> <span class='ocrx_word' id='word_1_755' title='bbox 2487 4497 2585 4550; x_wconf 74' lang='grc' dir='ltr'>οὐκ</span> <span class='ocrx_word' id='word_1_756' title='bbox 2614 4496 2679 4557; x_wconf 72' lang='grc' dir='ltr'>ᾅν</span> <span class='ocrx_word' id='word_1_757' title='bbox 2700 4512 2830 4548; x_wconf 83' lang='grc' dir='ltr'>ποτε</span> <span class='ocrx_word' id='word_1_758' title='bbox 2854 4495 3155 4564; x_wconf 86' lang='grc' dir='ltr'>κρίνοιμεν.</span> <span class='ocrx_word' id='word_1_759' title='bbox 3183 4492 3390 4561; x_wconf 81' lang='grc' dir='ltr'>Οὐγὰρ</span> <span class='ocrx_word' id='word_1_760' title='bbox 3419 4493 3478 4543; x_wconf 83' lang='grc' dir='ltr'>τὸ</span> <span class='ocrx_word' id='word_1_761' title='bbox 3505 4485 3743 4558; x_wconf 80' lang='grc' dir='ltr'>Χριστοῦ</span> 
     </span>
    </p>
   </div>
   <div class='ocr_carea' id='block_1_106' title="bbox 2174 4574 3745 4659">
    <p class='ocr_par' dir='ltr' id='par_1_106' title="bbox 2174 4574 3745 4659">
     <span class='ocr_line' id='line_1_106' title="bbox 2174 4574 3745 4659; baseline -0.007 -16"><span class='ocrx_word' id='word_1_762' title='bbox 2174 4589 2603 4658; x_wconf 84' lang='grc' dir='ltr'>καθαρπάσομεν</span> <span class='ocrx_word' id='word_1_763' title='bbox 2663 4574 2836 4659; x_wconf 79' lang='grc' dir='ltr'>βῆμα·</span> <span class='ocrx_word' id='word_1_764' title='bbox 2878 4588 2926 4639; x_wconf 83' lang='grc' dir='ltr'><strong>εί</strong></span> <span class='ocrx_word' id='word_1_765' title='bbox 2949 4586 2994 4639; x_wconf 85' lang='grc' dir='ltr'>δ’</span> <span class='ocrx_word' id='word_1_766' title='bbox 3023 4585 3317 4651; x_wconf 80' lang='grc' dir='ltr'>ἀξιώσαιεν</span> <span class='ocrx_word' id='word_1_767' title='bbox 3352 4582 3608 4648; x_wconf 81' lang='grc' dir='ltr'>δέξασθαι</span> <span class='ocrx_word' id='word_1_768' title='bbox 3644 4582 3745 4646; x_wconf 76' lang='grc' dir='ltr'>τὴν</span> 
     </span>
    </p>
   </div>
   <div class='ocr_carea' id='block_1_107' title="bbox 2170 4673 3745 4751">
    <p class='ocr_par' dir='ltr' id='par_1_107' title="bbox 2170 4673 3745 4751">
     <span class='ocr_line' id='line_1_107' title="bbox 2170 4673 3745 4751; baseline -0.006 -17"><span class='ocrx_word' id='word_1_769' title='bbox 2170 4680 2445 4751; x_wconf 81' lang='grc' dir='ltr'>ἡμετέραν</span> <span class='ocrx_word' id='word_1_770' title='bbox 2493 4682 2573 4742; x_wconf 87' lang='grc' dir='ltr'><strong>είς</strong></span> <span class='ocrx_word' id='word_1_771' title='bbox 2621 4679 2781 4731; x_wconf 80' lang='grc' dir='ltr'>τοῦτο</span> <span class='ocrx_word' id='word_1_772' title='bbox 2808 4677 3056 4747; x_wconf 82' lang='grc' dir='ltr'>γνώμην,</span> <span class='ocrx_word' id='word_1_773' title='bbox 3101 4676 3304 4745; x_wconf 70' lang='grc' dir='ltr'>μηδένα</span> <span class='ocrx_word' id='word_1_774' title='bbox 3351 4692 3412 4743; x_wconf 91' lang='grc' dir='ltr'><strong>γε</strong></span> <span class='ocrx_word' id='word_1_775' title='bbox 3455 4675 3565 4727; x_wconf 85' lang='grc' dir='ltr'><strong>τῶν</strong></span> <span class='ocrx_word' id='word_1_776' title='bbox 3608 4673 3745 4726; x_wconf 84' lang='grc' dir='ltr'>πάν-</span> 
     </span>
    </p>
   </div>
   <div class='ocr_carea' id='block_1_108' title="bbox 2168 4767 3739 4841">
    <p class='ocr_par' dir='ltr' id='par_1_108' title="bbox 2168 4767 3739 4841">
     <span class='ocr_line' id='line_1_108' title="bbox 2168 4767 3739 4841; baseline -0.005 -16"><span class='ocrx_word' id='word_1_777' title='bbox 2168 4789 2277 4834; x_wconf 87' lang='grc' dir='ltr'><strong>των</strong></span> <span class='ocrx_word' id='word_1_778' title='bbox 2311 4772 2809 4841; x_wconf 84' lang='grc' dir='ltr'>κατακρινέτωσαν,</span> <span class='ocrx_word' id='word_1_779' title='bbox 2837 4771 3039 4831; x_wconf 80' lang='grc' dir='ltr'>ὁπόταν</span> <span class='ocrx_word' id='word_1_780' title='bbox 3073 4787 3137 4836; x_wconf 91' lang='grc' dir='ltr'><strong>γε</strong></span> <span class='ocrx_word' id='word_1_781' title='bbox 3168 4770 3241 4839; x_wconf 82' lang='grc' dir='ltr'>μὴ</span> <span class='ocrx_word' id='word_1_782' title='bbox 3277 4767 3575 4835; x_wconf 82' lang='grc' dir='ltr'>βούλωνται</span> <span class='ocrx_word' id='word_1_783' title='bbox 3610 4783 3739 4832; x_wconf 80' lang='grc' dir='ltr'>συγ-</span> 
     </span>
    </p>
   </div>
   <div class='ocr_carea' id='block_1_109' title="bbox 2169 4856 3745 4934">
    <p class='ocr_par' dir='ltr' id='par_1_109' title="bbox 2169 4856 3745 4934">
     <span class='ocr_line' id='line_1_109' title="bbox 2169 4856 3745 4934; baseline -0.005 -18"><span class='ocrx_word' id='word_1_784' title='bbox 2169 4863 2479 4932; x_wconf 83' lang='grc' dir='ltr'>γινώσκειν.</span> <span class='ocrx_word' id='word_1_785' title='bbox 2510 4862 2602 4933; x_wconf 79' lang='grc' dir='ltr'><strong>Μὴ</strong></span> <span class='ocrx_word' id='word_1_786' title='bbox 2636 4862 2745 4934; x_wconf 80' lang='grc' dir='ltr'>γὰρ</span> <span class='ocrx_word' id='word_1_787' title='bbox 2795 4860 3247 4930; x_wconf 77' lang='grc' dir='ltr'>θρασυνέσθωσαν</span> <span class='ocrx_word' id='word_1_788' title='bbox 3276 4861 3333 4922; x_wconf 85' lang='grc' dir='ltr'>ὲς</span> <span class='ocrx_word' id='word_1_789' title='bbox 3363 4856 3640 4921; x_wconf 77' lang='grc' dir='ltr'>τοσοῦτον,</span> <span class='ocrx_word' id='word_1_790' title='bbox 3668 4857 3745 4919; x_wconf 86' lang='grc' dir='ltr'>ὠς</span> 
     </span>
    </p>
   </div>
   <div class='ocr_carea' id='block_1_110' title="bbox 2172 4942 3742 5025">
    <p class='ocr_par' dir='ltr' id='par_1_110' title="bbox 2172 4942 3742 5025">
     <span class='ocr_line' id='line_1_110' title="bbox 2172 4942 3742 5025; baseline -0.009 -13"><span class='ocrx_word' id='word_1_791' title='bbox 2172 4954 2416 5025; x_wconf 62' lang='grc' dir='ltr'>νομίζειν</span> <span class='ocrx_word' id='word_1_792' title='bbox 2474 4954 2699 5016; x_wconf 75' lang='grc' dir='ltr'>ἑαυτοὺς</span> <span class='ocrx_word' id='word_1_793' title='bbox 2754 4952 3073 5020; x_wconf 74' lang='grc' dir='ltr'>ἐλευθέρους</span> <span class='ocrx_word' id='word_1_794' title='bbox 3134 4951 3325 5004; x_wconf 87' lang='grc' dir='ltr'>παθών</span> <span class='ocrx_word' id='word_1_795' title='bbox 3384 4942 3742 5009; x_wconf 72' lang='grc' dir='ltr'>ὲκείνων,οἷς</span> 
     </span>
    </p>
   </div>
   <div class='ocr_carea' id='block_1_111' title="bbox 2176 5038 3748 5113">
    <p class='ocr_par' dir='ltr' id='par_1_111' title="bbox 2176 5038 3748 5113">
     <span class='ocr_line' id='line_1_111' title="bbox 2176 5038 3748 5113; baseline -0.006 -15"><span class='ocrx_word' id='word_1_796' title='bbox 2176 5044 2528 5106; x_wconf 78' lang='grc' dir='ltr'>δουλεύοντας</span> <span class='ocrx_word' id='word_1_797' title='bbox 2561 5042 2731 5113; x_wconf 85' lang='grc' dir='ltr'>όρῶσι</span> <span class='ocrx_word' id='word_1_798' title='bbox 2760 5043 2884 5105; x_wconf 84' lang='grc' dir='ltr'>τοὺς</span> <span class='ocrx_word' id='word_1_799' title='bbox 2908 5046 2971 5096; x_wconf 86' lang='grc' dir='ltr'>ὲκ</span> <span class='ocrx_word' id='word_1_800' title='bbox 3008 5041 3100 5095; x_wconf 80' lang='grc' dir='ltr'>τοῦ</span> <span class='ocrx_word' id='word_1_801' title='bbox 3137 5039 3301 5094; x_wconf 76' lang='grc' dir='ltr'>αὐτοῦ</span> <span class='ocrx_word' id='word_1_802' title='bbox 3334 5038 3504 5108; x_wconf 79' lang='grc' dir='ltr'>πηλοῦ</span> <span class='ocrx_word' id='word_1_803' title='bbox 3549 5056 3605 5090; x_wconf 84' lang='grc' dir='ltr'><strong>τε</strong></span> <span class='ocrx_word' id='word_1_804' title='bbox 3651 5039 3748 5089; x_wconf 70' lang='grc' dir='ltr'>καὶ</span> 
     </span>
    </p>
   </div>
   <div class='ocr_carea' id='block_1_112' title="bbox 2176 5132 3748 5209">
    <p class='ocr_par' dir='ltr' id='par_1_112' title="bbox 2176 5132 3748 5209">
     <span class='ocr_line' id='line_1_112' title="bbox 2176 5132 3748 5209; baseline -0.007 -16"><span class='ocrx_word' id='word_1_805' title='bbox 2176 5141 2479 5209; x_wconf 79' lang='grc' dir='ltr'>κράματος,</span> <span class='ocrx_word' id='word_1_806' title='bbox 2514 5134 2669 5191; x_wconf 77' lang='grc' dir='ltr'>εἶπεν</span> <span class='ocrx_word' id='word_1_807' title='bbox 2716 5138 2780 5201; x_wconf 77' lang='grc' dir='ltr'>ἄν</span> <span class='ocrx_word' id='word_1_808' title='bbox 2810 5153 2895 5200; x_wconf 90' lang='grc' dir='ltr'><strong>τις</strong></span> <span class='ocrx_word' id='word_1_809' title='bbox 2937 5136 3079 5198; x_wconf 76' lang='grc' dir='ltr'>θεῖος</span> <span class='ocrx_word' id='word_1_810' title='bbox 3110 5137 3270 5205; x_wconf 82' lang='grc' dir='ltr'>ἀνήρ.</span> <span class='ocrx_word' id='word_1_811' title='bbox 3314 5133 3474 5185; x_wconf 82' lang='grc' dir='ltr'>Ἀλλά</span> <span class='ocrx_word' id='word_1_812' title='bbox 3504 5132 3610 5201; x_wconf 83' lang='grc' dir='ltr'><strong>γάρ</strong></span> <span class='ocrx_word' id='word_1_813' title='bbox 3650 5133 3748 5183; x_wconf 79' lang='grc' dir='ltr'>καὶ</span> 
     </span>
    </p>
   </div>
   <div class='ocr_carea' id='block_1_113' title="bbox 2174 5223 3804 5297">
    <p class='ocr_par' dir='ltr' id='par_1_113' title="bbox 2174 5223 3804 5297">
     <span class='ocr_line' id='line_1_113' title="bbox 2174 5223 3804 5297; baseline -0.003 -13"><span class='ocrx_word' id='word_1_814' title='bbox 2174 5231 2332 5284; x_wconf 79' lang='grc' dir='ltr'>τοῦτο</span> <span class='ocrx_word' id='word_1_815' title='bbox 2375 5229 2629 5293; x_wconf 84' lang='grc' dir='ltr'>δεδόσθω,</span> <span class='ocrx_word' id='word_1_816' title='bbox 2661 5228 2752 5281; x_wconf 80' lang='grc' dir='ltr'>καὶ</span> <span class='ocrx_word' id='word_1_817' title='bbox 2786 5228 2981 5295; x_wconf 78' lang='grc' dir='ltr'>εἴησαν</span> <span class='ocrx_word' id='word_1_818' title='bbox 3015 5225 3302 5297; x_wconf 82' lang='grc' dir='ltr'>μηδοτιοῦν</span> <span class='ocrx_word' id='word_1_819' title='bbox 3347 5223 3744 5292; x_wconf 73' lang='grc' dir='ltr'>πεπλημμελη·</span> <span class='ocrx_word' id='word_1_820' title='bbox 3796 5274 3804 5279; x_wconf 91' lang='grc'>.</span> 
     </span>
    </p>
   </div>
   <div class='ocr_carea' id='block_1_114' title="bbox 2174 5318 3745 5399">
    <p class='ocr_par' dir='ltr' id='par_1_114' title="bbox 2174 5318 3745 5399">
     <span class='ocr_line' id='line_1_114' title="bbox 2174 5318 3745 5399; baseline -0.008 -18"><span class='ocrx_word' id='word_1_821' title='bbox 2174 5328 2351 5392; x_wconf 83' lang='grc' dir='ltr'>κότες,</span> <span class='ocrx_word' id='word_1_822' title='bbox 2382 5329 2517 5397; x_wconf 87' lang='grc' dir='ltr'>μήτε</span> <span class='ocrx_word' id='word_1_823' title='bbox 2546 5325 2750 5393; x_wconf 72' lang='grc' dir='ltr'>μεῖζον,</span> <span class='ocrx_word' id='word_1_824' title='bbox 2774 5325 2910 5394; x_wconf 85' lang='grc' dir='ltr'>μήτε</span> <span class='ocrx_word' id='word_1_825' title='bbox 2937 5324 3236 5399; x_wconf 68' lang='grc' dir='ltr'>ἐλάχιστον.</span> <span class='ocrx_word' id='word_1_826' title='bbox 3262 5320 3380 5373; x_wconf 88' lang='grc' dir='ltr'>Τίνι</span> <span class='ocrx_word' id='word_1_827' title='bbox 3414 5320 3510 5371; x_wconf 74' lang='grc' dir='ltr'>καὶ</span> <span class='ocrx_word' id='word_1_828' title='bbox 3536 5318 3745 5389; x_wconf 53' lang='grc' dir='ltr'><strong>θαρῥήέ</strong></span> 
     </span>
    </p>
   </div>
   <div class='ocr_carea' id='block_1_115' title="bbox 2177 5406 3745 5482">
    <p class='ocr_par' dir='ltr' id='par_1_115' title="bbox 2177 5406 3745 5482">
     <span class='ocr_line' id='line_1_115' title="bbox 2177 5406 3745 5482; baseline -0.008 -10"><span class='ocrx_word' id='word_1_829' title='bbox 2177 5436 2378 5480; x_wconf 89' lang='grc' dir='ltr'>σουσιν,</span> <span class='ocrx_word' id='word_1_830' title='bbox 2409 5416 2481 5478; x_wconf 85' lang='grc' dir='ltr'><strong>ώς</strong></span> <span class='ocrx_word' id='word_1_831' title='bbox 2516 5416 2623 5482; x_wconf 77' lang='grc' dir='ltr'>ἄρα</span> <span class='ocrx_word' id='word_1_832' title='bbox 2648 5415 2783 5468; x_wconf 73' lang='grc' dir='ltr'><strong>κάπὶ</strong></span> <span class='ocrx_word' id='word_1_833' title='bbox 2817 5412 2911 5471; x_wconf 74' lang='grc' dir='ltr'><strong>τοῦ</strong></span> <span class='ocrx_word' id='word_1_834' title='bbox 2951 5413 3234 5481; x_wconf 80' lang='grc' dir='ltr'>μέλλοντος</span> <span class='ocrx_word' id='word_1_835' title='bbox 3266 5408 3563 5477; x_wconf 80' lang='grc' dir='ltr'>φυλάξουσι</span> <span class='ocrx_word' id='word_1_836' title='bbox 3592 5424 3650 5459; x_wconf 89' lang='grc' dir='ltr'><strong>τε</strong></span> <span class='ocrx_word' id='word_1_837' title='bbox 3674 5406 3745 5459; x_wconf 74' lang='grc' dir='ltr'>τὰ</span> 
     </span>
    </p>
   </div>
   <div class='ocr_carea' id='block_1_116' title="bbox 2176 5500 3741 5583">
    <p class='ocr_par' dir='ltr' id='par_1_116' title="bbox 2176 5500 3741 5583">
     <span class='ocr_line' id='line_1_116' title="bbox 2176 5500 3741 5583; baseline -0.011 -19"><span class='ocrx_word' id='word_1_838' title='bbox 2176 5512 2300 5583; x_wconf 68' lang='grc' dir='ltr'>ἢθη,</span> <span class='ocrx_word' id='word_1_839' title='bbox 2334 5510 2429 5563; x_wconf 77' lang='grc' dir='ltr'>καὶ</span> <span class='ocrx_word' id='word_1_840' title='bbox 2464 5507 2812 5576; x_wconf 81' lang='grc' dir='ltr'>διαμενοῦσιν</span> <span class='ocrx_word' id='word_1_841' title='bbox 2846 5508 2904 5568; x_wconf 71' lang='grc' dir='ltr'>ἐν</span> <span class='ocrx_word' id='word_1_842' title='bbox 2933 5506 3043 5566; x_wconf 85' lang='grc' dir='ltr'><strong>τοίς</strong></span> <span class='ocrx_word' id='word_1_843' title='bbox 3073 5504 3258 5564; x_wconf 83' lang='grc' dir='ltr'>καλοῖς</span> <span class='ocrx_word' id='word_1_844' title='bbox 3286 5519 3301 5566; x_wconf 84' lang='grc'><strong>;</strong></span> <span class='ocrx_word' id='word_1_845' title='bbox 3327 5500 3422 5563; x_wconf 84' lang='grc' dir='ltr'>Τίς</span> <span class='ocrx_word' id='word_1_846' title='bbox 3459 5500 3741 5568; x_wconf 72' lang='grc' dir='ltr'>μάντεωνς</span> 
     </span>
    </p>
   </div>
   <div class='ocr_carea' id='block_1_117' title="bbox 2176 5590 3745 5674">
    <p class='ocr_par' dir='ltr' id='par_1_117' title="bbox 2176 5590 3745 5674">
     <span class='ocr_line' id='line_1_117' title="bbox 2176 5590 3745 5674; baseline -0.011 -16"><span class='ocrx_word' id='word_1_847' title='bbox 2176 5605 2257 5668; x_wconf 82' lang='grc' dir='ltr'><strong>τίς</strong></span> <span class='ocrx_word' id='word_1_848' title='bbox 2310 5602 2597 5674; x_wconf 80' lang='grc' dir='ltr'>προφήτης</span> <span class='ocrx_word' id='word_1_849' title='bbox 2651 5597 3105 5668; x_wconf 81' lang='grc' dir='ltr'>συμπαραμενεῖν</span> <span class='ocrx_word' id='word_1_850' title='bbox 3151 5594 3333 5655; x_wconf 76' lang='grc' dir='ltr'>αὐτοῖς</span> <span class='ocrx_word' id='word_1_851' title='bbox 3370 5592 3513 5661; x_wconf 51' lang='grc' dir='ltr'>’ἄχρι</span> <span class='ocrx_word' id='word_1_852' title='bbox 3553 5590 3745 5651; x_wconf 81' lang='grc' dir='ltr'>τέλους</span> 
     </span>
    </p>
   </div>
   <div class='ocr_carea' id='block_1_118' title="bbox 2176 5680 3749 5768">
    <p class='ocr_par' dir='ltr' id='par_1_118' title="bbox 2176 5680 3749 5768">
     <span class='ocr_line' id='line_1_118' title="bbox 2176 5680 3749 5768; baseline -0.01 -17"><span class='ocrx_word' id='word_1_853' title='bbox 2176 5698 2275 5768; x_wconf 79' lang='grc' dir='ltr'>τὴν</span> <span class='ocrx_word' id='word_1_854' title='bbox 2301 5695 2534 5768; x_wconf 81' lang='grc' dir='ltr'>ἀρίστην</span> <span class='ocrx_word' id='word_1_855' title='bbox 2575 5692 2851 5747; x_wconf 79' lang='grc' dir='ltr'>πολιτείαν</span> <span class='ocrx_word' id='word_1_856' title='bbox 2903 5690 3177 5761; x_wconf 75' lang='grc' dir='ltr'>ὲμήνυσε;</span> <span class='ocrx_word' id='word_1_857' title='bbox 3214 5684 3324 5740; x_wconf 74' lang='grc' dir='ltr'><strong>Καὶ</strong></span> <span class='ocrx_word' id='word_1_858' title='bbox 3361 5683 3469 5761; x_wconf 78' lang='grc' dir='ltr'>μὴν</span> <span class='ocrx_word' id='word_1_859' title='bbox 3512 5682 3563 5736; x_wconf 78' lang='grc' dir='ltr'>οἱ</span> <span class='ocrx_word' id='word_1_860' title='bbox 3610 5680 3749 5765; x_wconf 59' lang='lat' dir='ltr'><strong>ﬂat:-</strong></span> 
     </span>
    </p>
   </div>
  </div>
