4098 6272
336 381 439 461 soi

1760 391 2045 450 ORATIO
2086 392 2183 454 Vl.

3494 350 3629 445 δοῖ

340 505 636 575 μαζόμενοι
671 506 752 560 δι”
790 507 993 577 ἀρετὴν
1044 510 1227 579 σχεδὸν
1276 509 1515 573 ἅπαντες
1548 511 1648 579 οὐχ
1687 510 1903 563 ’ἅπαντα

2023 515 2282 573 ramento,
2304 507 2469 561 divini
2498 516 2556 561 ut
2577 505 2811 561 hominis
2828 501 3105 574 cujusdam
3130 500 3311 555 verbis
3334 508 3474 555 utar.
3491 501 3597 554 Sed

334 597 608 665 διέφυγον,
639 596 674 650 ἃ
708 600 902 665 φυγεῖν
954 600 1081 654 ἔδει.
1114 602 1176 654 Οἱ
1224 603 1322 669 μὲν
1377 601 1486 671 γὰρ
1535 600 1750 666 τούτου,
1777 605 1825 655 οἱ
1858 602 1914 654 δὲ

333 689 569 750 ἑκείνου.
631 689 766 758 ὁμοῦ
822 690 879 742 δὲ
932 692 1132 753 πάντες
1180 692 1397 746 πάντων
1449 693 1825 763 ἐπειράθησαν
1859 696 1915 745 ἐν

337 779 514 849 μέρὲι,
547 780 623 841 ώς
691 783 873 848 γνοῖεν
915 782 1152 845 ἅπαντες
1204 786 1345 851 σφᾶς
1384 784 1603 847 αὐτοὺς,
1634 784 1913 853 ἄνθρωποι

332 888 479 933 τινες
519 871 861 931 δντες.Ὧστε
908 873 1098 936 παιδός
1134 877 1246 928 ἐστι
1286 877 1381 929 κα)⁵
1433 875 1915 945 παραφρονοῦντος

331 963 766 1031 διισχυρίζεσθαί
799 981 922 1017 τινα
968 966 1153 1019 ἐκεῖνα
1190 967 1499 1035 διαφυγεῖν,
1533 963 1608 1020 ὧν
1634 969 1681 1020 οἱ
1715 969 1914 1031 πάντες

334 1054 598 1106 ἑάλωσαν.
625 1056 687 1107 Ei
718 1057 821 1125 γὰρ
850 1058 877 1108 6
909 1056 1186 1120 θειότατος
1218 1058 1430 1121 Παῦλος
1455 1059 1611 1112 οὐδὲν
1642 1058 1741 1128 μὲν
1785 1060 1915 1113 ὲαυ-

331 1143 407 1209 τῷ
440 1143 673 1213 συνῄδει,
709 1146 898 1199 ἐδεδίει
933 1146 988 1198 δὲ
1020 1147 1117 1217 τὴν
1150 1148 1398 1217 ἄγνοιαν,
1425 1152 1518 1203 καὶ
1542 1148 1728 1216 ἔλεγεν
1751 1167 1765 1181 ο
1790 1150 1914 1203 Οὐκ

329 1236 613 1301 ἐντούτῳ
662 1238 1078 1306 δεδικαίωμαι·
1129 1241 1244 1303 πῶς
1289 1242 1349 1294 οὐ
1392 1244 1618 1311 τρέμειν
1668 1243 1916 1306 ἅπαντας

330 1328 458 1397 χρὴ,
481 1328 743 1394 δεδιότας,
779 1332 852 1401 μή
881 1348 932 1384 τι
971 1334 1066 1386 καὶ⁸
1094 1332 1352 1403 λελήθασι
1375 1334 1517 1401 σφᾶς
1576 1334 1793 1396 αὐτοὺς,
1824 1334 1916 1387 καὶ

330 1422 386 1473 ὲν
444 1415 489 1489 ᾧ
536 1422 782 1477 δοκοῦσιν
835 1424 1077 1491 ἑστάναι,
1129 1428 1377 1491 κεῖνται;
1431 1428 1543 1488 τοῖς
1600 1426 1707 1495 γὰρ
1750 1418 1915 1479 αὑτοῦ

332 1512 493 1564 πάλιν
547 1514 845 1583 χρήσομαι.
894 1516 1136 1579 Ἐκεῖνος
1191 1517 1272 1579 είς
1320 1517 1509 1587 τρίτον
1542 1517 1643 1586 μὲν
1683 1518 1917 1585 οὐρανὸν

330 1605 691 1676 ἀναϐέϐηκεν·
717 1603 784 1679 ἦν
809 1609 854 1661 δ’
883 1608 975 1660 οῦν
1005 1610 1154 1677 ὅμως
1179 1609 1519 1674 ὑπωπιάζων
1535 1610 1699 1665 αὑτοῦ
1723 1610 1783 1663 τὸ
1813 1612 1917 1662 σῶ-

334 1713 431 1763 μα,
461 1698 556 1750 καὶ
595 1698 981 1767 δουλαγωγῶν,
1078 1718 1235 1769 φησι,
1277 1702 1477 1770 μήπως
1521 1701 1700 1765 ἄλλοις
1741 1702 1914 1771 κηρύ-

332 1788 447 1854 ξας,
473 1791 637 1854 αὐτὸς
682 1793 942 1858 ἀδόκιμος
977 1793 1229 1863 γένηται.
1264 1793 1360 1856 Τίς
1395 1792 1487 1845 οὖν
1518 1792 1661 1846 οὕτω
1710 1793 1914 1863 θρασύς

330 1883 446 1933 ἐστι
473 1899 485 1946 ;
516 1884 598 1945 τίς
636 1883 838 1953 εὐήθης
864 1926 878 1949 ,
911 1862 1005 1947 ’ὡς
1040 1886 1171 1954 περὶ
1206 1884 1315 1936 τῶν
1361 1884 1576 1955 ἀδήλων
1624 1862 1917 1949 ἀλαζονεύ-

332 1973 553 2039 σασΘαι,
587 1975 681 2027 καὶ
744 1976 1021 2047 θαρρῆσαι
1073 1966 1279 2042 πάγιος
1316 1975 1501 2045 μένειν
1532 1977 1693 2029 παντὶ
1728 1977 1907 2047 γαιρῷ

332 2065 426 2117 καὶ
453 2063 859 2133 συμπτώματι;
906 2064 964 2117 '0
1012 2065 1123 2135 βίος
1152 2057 1307 2128 οὗτος
1342 2066 1455 2129 όδός
1485 2067 1599 2119 ἐστι
1620 2083 1634 2097 ·
1672 2068 1765 2119 καὶ
1797 2068 1909 2140 ἔχει

335 2157 435 2224 μὲν
465 2156 708 2217 ὀλίσϐους
734 2158 814 2210 ὅτι
840 2158 1093 2222 πολλοὺς,
1127 2157 1240 2224 ἔχει
1266 2158 1321 2213 δὲ
1349 2158 1755 2229 προσκόμματα
1779 2176 1793 2190 ο
1814 2162 1910 2213 καὶ

332 2245 534 2298 πλάναι
563 2245 738 2316 τούτῳ
777 2247 1008 2314 φύονται
1048 2251 1265 2317 συχναὶ,
1303 2246 1474 2299 πολλὰ
1502 2248 1570 2300 τὰ
1612 2250 1909 2317 προσιστά-

335 2357 472 2408 μενα
503 2340 865 2409 κεκτημέναι.
893 2340 1001 2392 Καὶ
1035 2340 1123 2408 εἵη
1174 2342 1239 2395 ἄν
1293 2358 1375 2394 σοι
1423 2342 1607 2406 καλὸν,
1638 2337 1815 2411 οἶμαι,
1845 2342 1906 2396 τὸ

334 2432 502 2499 μηδὲν
561 2430 743 2500 σαυτῷ
804 2432 1244 2500 συνειδότιμετὰ
1288 2431 1380 2484 τοῦ
1413 2432 1621 2485 Παύλου
1672 2434 1909 2500 φθέγξα-

335 2522 490 2575 σοαι·
546 2526 668 2576 Οὐκ
702 2522 772 2576 ἐν
807 2523 1001 2588 τούτῳ
1068 2521 1483 2591 δεδικαίωμαι·
1523 2524 1615 2574 καὶ
1664 2524 1769 2575 τῶν
1813 2525 1909 2594 μὲν

331 2612 555 2667 ὄπισθεν
587 2594 1064 2676 ἐπιλανθάνεσθαι,
1109 2614 1219 2674 τοῖς
1245 2612 1287 2664 δ’
1319 2612 1628 2683 ἔμπροσθεν
1658 2613 1906 2667 ἐπεκτεί-

332 2706 547 2765 νεσβαν
574 2706 668 2759 καὶ
698 2707 837 2759 κατὰ
863 2706 968 2759 τῶν
1000 2704 1244 2773 ἀδελφῶν
1265 2705 1338 2776 μὴ
1361 2706 1743 2777 θρασύνεσθαι,
1775 2706 1909 2777 μηδὲ

333 2800 789 2869 κιτεπαὶρεσθαι,
841 2800 975 2869 μηδὲ
1033 2799 1438 2864 ἀπογινώσκειν
1498 2798 1736 2862 αὐτούς’
1791 2802 1911 2854 ἀλλ’

334 2890 427 2958 ὲᾷν
460 2891 555 2944 καὶ
586 2893 653 2942 τὰ
687 2889 907 2954 σαυτοῦ,
942 2888 1036 2941 καὶ
1068 2889 1135 2940 τὰ
1177 2888 1379 2959 ἐτέρων
1426 2889 1633 2958 κρίνειν
1682 2890 1906 2955 ἐκεῖνον,

331 2974 374 3047 ᾧ
405 2981 503 3049 τὴν
529 2981 712 3049 κρίσιν
744 2982 925 3033 πᾶσαν
952 2980 1184 3033 δέδωκεν
1214 2982 1240 3033 6
1270 2980 1477 3050 Πατήρ.
1519 2980 1585 3033 Ἦ
1616 2982 1723 3048 γὰρ
1757 2981 1909 3033 ἐναν-

2020 603 2164 655 enim
2187 600 2289 655 hoc
2314 603 2481 655 etiam
2499 601 2581 656 eis
2606 599 2958 654 concedatur.
2988 598 3111 651 Sint
3142 604 3394 664 expertes
3418 594 3601 649 omnis

2022 691 2243 747 omnino
2272 693 2478 761 delicti,
2510 700 2622 748 tam
2653 691 2872 761 majoris
2900 708 3061 761 quam
3091 689 3319 743 minimi.
3349 687 3597 753 Quanant

2021 800 2081 840 re
2114 784 2239 841 freti
2282 788 2547 857 putabunt
2570 801 2631 842 se
2660 787 2711 840 in
2739 794 3019 854 posterum
3044 792 3257 850 quoque
3289 797 3467 836 mores
3484 796 3613 855 eos-_

2016 878 2138 934 dem
2167 888 2590 935 conservatnros
2616 886 2671 933 et
2702 878 2753 932 in
2783 878 2938 931 bonis
2958 883 3412 946 perseveratnros
3438 874 3601 941 iqnis

2017 984 2273 1041 aruspex.
2316 970 2438 1040 quis
2466 979 2618 1026 vates
2642 969 3057 1039 perduraturam
3083 982 3204 1021 cum
3234 967 3315 1021 eis
3339 966 3601 1035 Optimam

2020 1062 2165 1117 illam
2202 1063 2420 1117 vivendi
2453 1064 2722 1117 rationem
2748 1061 2813 1116 ad
2837 1060 2997 1117 ﬁnem
3028 1073 3200 1127 usque
3219 1058 3546 1127 signiﬁcavit
3573 1058 3597 1110 ἲ

2017 1154 2182 1223 Atqui
2215 1155 2600 1224 propemodum
2624 1154 2865 1208 universi
2899 1151 2990 1221 qui
3012 1159 3239 1220 propter
3262 1152 3518 1203 virtutem
3544 1150 3597 1202 in

2021 1246 2382 1301 admiratione
2412 1256 2562 1311 sunt,
2602 1262 2706 1301 non
2732 1245 3109 1301 abstinuerunt
3126 1244 3194 1298 ab
3213 1243 3465 1298 omnibus
3484 1256 3602 1309 quae

2022 1338 2193 1392 vitare
2221 1335 2511 1392 debebant.
2546 1336 2641 1392 [lis
2662 1338 2806 1392 enim
2837 1338 2964 1398 hoc.
2996 1336 3113 1389 istis
3138 1334 3294 1398 illud,
3344 1334 3599 1389 omnibus

2021 1435 2202 1482 autem
2226 1430 2447 1483 omnino
2476 1428 2679 1499 aliquid
2712 1428 2935 1492 accidit,
2973 1437 3029 1482 ut
3054 1426 3296 1481 universi
3331 1441 3598 1497 agnosce-

2020 1529 2140 1572 rent
2168 1534 2288 1573 sese
2312 1520 2559 1575 homines
2589 1519 2919 1586 esse.Quare
2949 1520 3102 1589 puerl
3125 1528 3210 1573 est
3260 1528 3421 1587 atque
3444 1518 3600 1572 deliri

2016 1609 2273 1674 hominis,
2297 1611 2572 1667 afﬁrmare
2588 1628 2933 1682 quemquam,
2957 1627 3018 1667 ea
3058 1627 3117 1666 se
3152 1613 3465 1674 vitaturum,
3485 1612 3603 1678 qui-

2021 1704 2122 1759 bus
2151 1706 2368 1759 obnoxii
2404 1706 2623 1761 fuerunt
2651 1722 2859 1765 omnes.
2881 1706 3014 1759 Nam
3039 1707 3084 1759 si
3115 1705 3490 1759 divinissimus
3515 1704 3603 1757 ille

2025 1793 2222 1847 Paulus
2249 1796 2449 1849 nullius
2499 1796 2714 1865 quidem
2746 1796 2823 1849 rei
2883 1794 2993 1853 sibi
3032 1796 3283 1851 c0nsrius
3335 1804 3473 1857 erat,
3508 1792 3601 1848 sed

1953 1872 1994 1927 Β
2028 1884 2377 1938 nihilominus
2403 1885 2721 1953 ignorantim
2749 1901 2860 1940 suae
2882 1886 3177 1949 metuebat,
3203 1886 3429 1955 ideoque
3450 1884 3601 1939 dice-

2015 1975 2127 2039 bat,
2156 1974 2275 2029 Non
2307 1978 2360 2029 in
2424 1978 2521 2029 hoc
2561 1978 3030 2047 tumjustiﬁcatus
3058 1978 3097 2039 ¹,
3133 1992 3240 2046 quo
3292 1985 3448 2044 pacto
3496 1991 3601 2029 non

2016 2069 2548 2122 contremiscendum
2586 2070 2880 2134 universis,
2936 2068 3128 2123 veritis
3171 2083 3239 2122 ne
3285 2067 3413 2136 quid
3461 2067 3596 2137 ipsis

2019 2160 2263 2228 ignotum
2297 2160 2386 2220 sit,
2418 2169 2469 2213 et
2500 2160 2551 2213 in
2580 2174 2644 2212 eo
2670 2159 2889 2228 jaceant
2915 2159 2966 2213 in
2991 2174 3097 2228 quo
3114 2174 3172 2213 se
3190 2169 3335 2213 stare
3356 2168 3549 2225 putant
3578 2158 3601 2208 ?

2019 2250 2227 2305 ltnrsus
2262 2252 2407 2305 enim
2448 2252 2686 2307 Paulinis
2716 2252 2895 2307 verbis
2948 2252 3188 2317 utarr;iu
3244 2252 3460 2306 tertium
3515 2251 3604 2305 ille

2013 2341 2208 2401 ccelum
2231 2344 2572 2406 ascenderat,
2607 2342 2963 2397 nihilominus
2980 2357 3178 2409 corpus
3195 2326 3352 2395 suum
3402 2342 3604 2408 suggil-

2019 2433 2167 2488 labat
2194 2433 2354 2501 inque
2384 2435 2701 2488 servitutem
2734 2433 3037 2503 redigebat,
3073 2444 3129 2487 ut
3159 2435 3389 2503 ipsemet
3423 2432 3598 2500 loqui.

2025 2534 2111 2577 tur
2131 2525 2174 2589 ',
2204 2539 2269 2578 ne
2306 2526 2393 2593 qui
2423 2526 2543 2579 aliis
2573 2525 2944 2593 praedicasset,
2978 2524 3096 2593 ipse
3127 2524 3382 2593 rejiculns
3415 2524 3598 2577 ﬁeret.

2016 2614 2151 2681 Quis
2182 2615 2348 2683 igitur
2377 2618 2550 2669 audax
2583 2618 2739 2679 adeo,
2768 2616 2892 2684 quis
2916 2616 3057 2673 adeo
3089 2616 3343 2679 stolidus,
3374 2627 3431 2668 ut
3484 2615 3600 2684 glu-

2018 2706 2149 2760 riari
2177 2705 2244 2760 de
2276 2706 2499 2760 incertis
2530 2707 2681 2770 velit,
2714 2714 2876 2777 atque
2896 2706 3090 2761 ﬁducia
3114 2716 3372 2776 concepta
3402 2716 3595 2775 putare

2015 2798 2264 2855 stabilem
2290 2812 2350 2853 se
2388 2813 2705 2853 mansurum
2735 2799 2930 2867 quovis
2951 2806 3192 2869 tempore
3226 2808 3388 2869 a'que
3417 2796 3594 2852 casu?

2015 2890 2139 2946 Haec
2155 2892 2261 2945 vita
2282 2891 2553 2962 quoddam
2571 2900 2651 2945 est
2678 2894 2779 2946 iter
2796 2892 2849 2945 in
2875 2906 2981 2960 quo
2999 2892 3305 2959 co-nplures
3328 2899 3381 2944 et
3399 2890 3591 2943 lubrici

2016 2982 2198 3052 lapsus
2227 2991 2281 3038 et
2310 2982 2638 3037 oﬁendicnla
2670 2992 2798 3038 sunt
2821 3022 2835 3046 .
2870 2982 3164 3064 itidemque
3192 2982 3498 3050 frequentes
3547 2980 3600 3033 iu

332 3073 425 3125 τία
457 3073 667 3136 τούτοις
699 3074 835 3137 ὁδὸς,
872 3073 947 3143 μὴ
983 3074 1082 3141 οὐχ
1111 3072 1248 3138 αῦτη
1347 3071 1483 3144 ὀρθὴ
1515 3072 1648 3143 πρὸς
1689 3073 1910 3143 ἀρετὴν,

2023 3086 2084 3125 eo
2111 3073 2381 3128 eksistunt
2411 3088 2626 3129 errores
2676 3074 2768 3143 qui
2818 3072 2983 3128 multa
3038 3074 3320 3128 continent
3378 3072 3604 3141 impedi-

333 3161 485 3217 εἶπεν
515 3164 580 3217 ἂν
618 3163 860 3220 Πλάτων.

2023 3172 2219 3220 menta.
2251 3169 2433 3232 Atque
2465 3164 2600 3219 adeo
2622 3168 2821 3219 bonum
2847 3165 2941 3218 libi
2968 3164 3152 3229 fuerit,
3180 3165 3393 3230 OpillJl‘,
3435 3174 3493 3216 ut
3517 3165 3604 3232 ip-

336 3278 393 3316 se
444 3262 540 3315 tibi
574 3262 769 3315 nullius
795 3263 869 3316 rei
899 3262 1169 3327 conscius,
1202 3277 1325 3316 cum
1366 3260 1531 3315 Paulo
1571 3260 1743 3325 dicas,
1797 3259 1920 3314 Non
1948 3261 2002 3314 in
2034 3265 2131 3313 hoc
2169 3277 2285 3315 sum
2323 3260 2673 3331 justiﬁcatua,
2701 3272 2889 3331 utque,
2930 3261 3332 3330 praeteritorum
3381 3259 3600 3323 oblitus,

335 3358 388 3410 in
419 3358 483 3411 iis
516 3372 634 3426 qua:
663 3367 786 3410 ante
818 3359 983 3426 pedes
1017 3356 1407 3418 suntenilaris.
1437 3355 1978 3412 etadversusfratres
2014 3373 2189 3426 neque
2221 3358 2479 3420 ferocias,
2543 3372 2715 3427 neque
2751 3368 2916 3413 temet
2952 3357 3169 3424 eﬂ'cras,
3233 3370 3403 3420 neque
3430 3355 3498 3410 de
3535 3356 3604 3408 iis

338 3450 615 3517 desperes,
675 3452 771 3505 sed
805 3462 912 3503 tam
951 3450 1016 3505 de
1048 3451 1154 3506 tuis
1178 3466 1340 3520 quam
1372 3450 1724 3506 alicnisillum
1758 3450 1899 3505 ferre
1923 3438 2187 3514 judicium
2215 3450 2384 3514 sinas,
2419 3450 2503 3503 cui
2540 3447 2697 3503 Pater
2719 3464 2881 3503 omne
2937 3448 3199 3516 judicimn
3235 3446 3405 3500 dedit.
3467 3441 3603 3496 Nam

331 3545 387 3599 ,εἰ
419 3544 555 3609 quod
594 3554 677 3597 est
748 3545 848 3597 iter
896 3544 979 3597 his
1035 3544 1389 3609 contrarium,
1424 3544 1474 3597 id
1503 3544 1809 3606 videndum,
1841 3556 1909 3595 ne
1936 3555 2041 3596 non
2075 3550 2279 3597 rectum
2310 3540 2381 3594 sit
2402 3540 2466 3594 ad
2508 3539 2789 3604 virtutem,
2812 3540 2885 3591 uti
2912 3538 3062 3591 Plato
3085 3551 3237 3591 sane
3266 3539 3600 3603 loqueretur.

430 3635 584 3688 Ἀλλὰ
614 3638 665 3690 τί
710 3638 882 3690 ταῦτά.
920 3654 1098 3707 φημι;
1140 3641 1273 3695 ὅπου
1308 3640 1400 3691 καὶ
1446 3639 1571 3708 είκῆ
1619 3641 1729 3701 τοῖς
1763 3638 1915 3693 ἁδελ-

344 3731 460 3796 φοῖς
478 3729 809 3798 ὀργιζόμεθα
837 3728 1115 3795 πολλάκις,
1146 3732 1240 3784 καὶ
1263 3730 1513 3798 οὐδαμῶς
1544 3729 1726 3790 αὐτοῖς
1782 3745 1917 3796 προσ

340 3823 591 3891 τείνομεν
638 3821 818 3883 δεξιὰν
850 3823 998 3874 κάτω
1030 3824 1326 3888 κειμένοις,
1362 3823 1454 3875 καὶ
1492 3821 1771 3888 δεομένοις
1820 3820 1917 3887 τῆς

343 3912 471 3977 παρ’
528 3911 687 3978 ἡμῶν
738 3910 1270 3978 βοηθείας.Φοὸερὸς
1316 3910 1343 3960 6
1374 3911 1527 3976 λόγος
1555 3909 1739 3968 οὗτος·
1784 3906 1922 3960 Ἀπὸ

341 4001 448 4053 τοῦ
502 4000 804 4066 στόματός
866 4013 982 4051 σου
1042 3997 1225 4063 κρινῶ
1276 4010 1385 4057 σε.
1442 3995 1665 4061 πονηρὲ
1714 3992 1916 4045 δοῦλε.

354 4089 605 4143 Ἐπειδὰν
638 4090 745 4155 γὰρ
777 4088 1015 4139 κάκεῖνοι
1044 4086 1308 4153 γένωνται
1346 4084 1571 4137 ἐκείνων
1606 4084 1715 4135 τῶν
1736 4082 1921 4135 κακῶν

340 4180 562 4249 ἥττους,
586 4178 625 4233 ὃ.
654 4177 718 4247 δὴ
748 4179 864 4238 τοῖς
904 4176 1086 4236 ἄλλοις
1127 4172 1459 4242 προφέρουσι
1489 4173 1831 4242 (γενήσονται
1867 4172 1923 4225 δὲ

346 4272 496 4336 ἴσως,
534 4272 713 4340 σάρκα
770 4268 1170 4337 περικείμενοι,
1218 4266 1310 4317 καὶ
1350 4264 1441 4319 τὸν
1488 4266 1693 4333 κόσμον
1732 4264 1922 4316 τοῦτον

343 4364 662 4427 οἰκοῦντες),
700 4362 751 4414 τί
778 4361 841 4414 ἂν
870 4361 1175 4424 πράξαιεννς
1223 4358 1276 4410 τί
1308 4357 1371 4413 ἂν
1396 4358 1577 4427 φαῖεν,
1614 4356 1771 4422 λόγον
1801 4357 1917 4408 εἰσ-

347 4457 715 4526 πραττόμενοι
745 4456 840 4523 τῆς
865 4453 1071 4507 ἑαυτῶν
1099 4451 1364 4519 πονηρίας
1387 4466 1403 4513 ;
1427 4449 1513 4518 Νὴ
1538 4450 1630 4502 τὸν
1662 4449 1915 4517 Σωτῆρα,

350 4546 676 4614 συγγνώμην
710 4546 1045 4613 αἰτήσονται.
1068 4544 1182 4595 Οὐκ
1212 4540 1496 4602 ἔνικοῦτο,
1522 4538 1624 4592 οὐκ
1655 4538 1734 4591 ἔνι
1756 4554 1771 4569 ⁸
1805 4536 1919 4590 ἀλλ’

349 4632 423 4689 ὧν
460 4640 568 4699 τοῖς
607 4636 788 4697 ἄλλοις
840 4635 1129 4701 ἐτίμησαν,
1161 4631 1369 4685 τούτων
1399 4631 1490 4683 καὶ
1523 4630 1677 4684 αὐτοὶ
1727 4646 1922 4698 πειρα-

351 4730 638 4795 Οήσονταιο
674 4726 727 4777 εἰ
757 4726 813 4776 δὲ
853 4727 948 4793 μὴ,
976 4723 1081 4776 ποῦ
1117 4740 1200 4786 τις
1238 4723 1302 4775 ἂν
1340 4722 1458 4790 Θείη
1495 4720 1557 4774 τὸ
1596 4720 1805 4773 δίκαιον
1837 4721 1933 4787 μέ-

349 4836 476 4885 τρον
520 4819 720 4881 ἐκεῖνο,
750 4817 808 4868 τὸ
859 4814 1225 4881 πεπιεσμένον
1272 4831 1332 4866 τε
1371 4814 1465 4866 καὶ
1518 4812 1931 4881 σεσαλευμένον,

352 4908 447 4961 καὶ
470 4908 571 4959 ὑπε
584 4906 1001 4975 ρεκχυνόμενον,
1025 4905 1163 4974 ὅπερ
1195 4903 1567 4957 ἀποδώσουσιν
1600 4903 1680 4965 εἰς
1708 4903 1935 4955 τδνκόλ⁹

351 5016 453 5051 πον
500 4998 690 5066 ἡμῶν,
726 4997 838 5058 Πᾶς
870 5014 951 5058 τις
986 4995 1226 5065 ἀκριϐῶς
1254 4994 1594 5059 γινωσκέτω.
1627 4994 1800 5055 Αὐτὸς
1824 4996 1929 5063 γὰρ

353 5093 379 5141 6
412 5090 602 5157 κριτὴς
636 5087 968 5156 ἀπεφήνατο,
994 5085 1225 5148 ώςἘάν
1251 5084 1334 5152 μὴ
1377 5084 1503 5151 άρῇ
1528 5102 1616 5150 τις
1650 5086 1761 5137 οὐκ
1787 5084 1932 5153 ἀφε-

334 5182 603 5245 ’θιῖσεται
630 5176 790 5241 αὐτῷ
811 5182 841 5206 ·“
859 5178 953 5228 καὶ
978 5178 1076 5243 τὴν
1103 5175 1321 5228 δικαίαν
1350 5174 1505 5244 δίκην
1541 5176 1600 5226 οὐ
1643 5173 1922 5243 φεύξεται.

356 5266 466 5319 Καὶ
520 5284 599 5323 τοι
644 5266 695 5317 τί
753 5266 1033 5334 μέμνημαι
1066 5264 1165 5333 τῆς
1207 5264 1418 5327 δικαίας
1466 5263 1699 5316 ἐνταῦθα
1731 5265 1923 5333 δίκης;

358 5358 518 5420 αὐτὸς
545 5360 651 5427 γάρ
685 5355 875 5413 ἑαυτὸν
911 5357 1232 5424 κατακρινεί
1287 5355 1316 5406 6
1361 5357 1474 5416 τοῖς
1517 5356 1723 5423 ὁμοίοις
1758 5358 1927 5426 ὁμόσε

358 5453 571 5522 χωρῶν.
609 5454 714 5503 Καὶ
750 5453 779 5518 ἡ
818 5451 927 5519 γὰρ
976 5450 1282 5518 συνείδησις
1316 5448 1537 5518 ἔλεγχος
1565 5450 1777 5517 γίνεται
1806 5453 1925 5514 ταῖς

330 5543 578 5611 ’ψυχαῖς,
613 5545 706 5595 καὶ
740 5542 858 5595 οὐδὲ
903 5541 1122 5611 ῥᾳδίως,
1169 5536 1343 5608 οἶμαι,
1366 5540 1756 5610 παραιτεῖσθαι
1786 5558 1924 5593 ταυ-

359 5633 508 5685 ταισὶ
542 5633 833 5701 συγχωρεῖ.
853 5631 907 5683 Ἐ
920 5631 1009 5682 πεῖ.
1060 5631 1153 5683 καὶ
1185 5632 1364 5685 πᾶσαν
1390 5629 1627 5699 ἔφθησαν
1656 5629 1924 5701 πρόφασιν

2084 3635 2297 3691 Atenim
2332 3634 2461 3702 quid
2494 3636 2643 3689 istaec
2681 3649 2778 3699 ego
2824 3632 3064 3703 profero,
3085 3629 3298 3698 quando
3331 3629 3494 3682 etiam
3521 3639 3603 3682 te-

2021 3742 2166 3781 mere
2192 3727 2453 3780 fratribus
2484 3730 2855 3792 saepenumero
2909 3712 3223 3786 irascimur,
3288 3737 3386 3776 nec
3452 3720 3603 3774 humi

2019 3814 2326 3884 jacentibus
2359 3827 2623 3882 opemque
2643 3822 2881 3869 nostram
2907 3810 3310 3881 requirentibus
3343 3810 3451 3863 ullo
3478 3824 3594 3864 mo-

2022 3906 2093 3958 do
2126 3906 2373 3957 dextram
2414 3905 2743 3973 porrigimus
2774 3904 2797 3956 τ
2830 3896 3099 3957 Terribilo
3134 3901 3359 3957 verbum
3400 3902 3548 3955 istuc
3586 3919 3598 3953 :
3640 3960 3643 3963 ς

2024 3992 2110 4047 Ere
2134 4007 2223 4047 ore
2240 3993 2426 4059 judico
2450 4002 2518 4056 te,
2548 4009 2689 4047 serve
2718 3993 2950 4060 improbe
2977 3993 3020 4048 ³.
3073 3990 3209 4046 Nam
3261 4007 3383 4046 cum
3439 3991 3601 4059 aliqui

2028 4084 2186 4139 malis
2216 4084 2377 4137 etiam
2411 4084 2518 4137 illis
2566 4084 2944 4147 succumbunt,
2969 4083 3224 4152 quzcaliis
3240 4083 3506 4152 objiciunt
3528 4085 3607 4151 (et

2028 4174 2385 4227 succumbent
2407 4187 2559 4237 sane,
2594 4186 2714 4225 cum
2744 4185 2909 4224 carne
2947 4170 3125 4225 vestiti
3154 4170 3261 4224 sint
3290 4180 3452 4237 atque
3503 4168 3606 4220 hoc

2028 4266 2082 4319 in
2112 4265 2313 4318 mundo
2340 4266 2592 4333 degant),
2619 4264 2942 4332 quidagent,
2962 4264 3215 4323 obsecro,
3245 4261 3371 4328 quid
3393 4260 3597 4319 dicent,

2031 4357 2397 4425 improbiaatis
2428 4357 2662 4426 proprias
2709 4356 2972 4409 rationem
3009 4353 3235 4408 reddere
3292 4351 3425 4419 jussi
3453 4350 3476 4401 ?
3506 4350 3606 4403 Per

2028 4449 2202 4518 ipsum
2229 4447 2568 4503 Salvatorem
2616 4447 2827 4501 veniam
2859 4455 3103 4514 poscent.
3138 4443 3249 4496 Non
3280 4442 3479 4511 poterit
3501 4456 3600 4493 au-

2032 4550 2139 4595 tem
2175 4541 2275 4594 hoc
2311 4540 2448 4603 ﬁeri,
2477 4554 2581 4592 non
2604 4539 2803 4608 poterit
2829 4557 2841 4590 :
2876 4537 2971 4592 sed
2999 4544 3162 4606 prout
3190 4535 3601 4590 aestimaverunt

2033 4630 2193 4697 alios,
2222 4630 2407 4686 itidem
2440 4640 2495 4685 et
2527 4630 2658 4704 ipsis
2693 4629 2907 4685 accidet
2944 4648 2957 4683 :
2992 4644 3114 4682 nam
3145 4629 3350 4697 absque
3387 4640 3452 4681 eo
3508 4625 3603 4691 sit,

2039 4736 2275 4791 quonam
2310 4720 2593 4774 referenda
2616 4720 2763 4788 justa
2799 4721 2950 4773 istaec
3010 4732 3267 4785 censura,
3324 4718 3604 4785 depressa,

2038 4823 2318 4881 quassata,
2347 4809 2851 4879 superinfundendo
2879 4810 3199 4875 abundans,
3234 4823 3398 4876 quam
3451 4807 3605 4861 nobis

2036 4905 2088 4957 in
2120 4904 2298 4957 sinum
2327 4903 2551 4956 reddent
2574 4903 2598 4955 ?
2618 4900 3106 4968 Quilibetanimum
3136 4907 3388 4953 accurate
3410 4902 3604 4952 adVer-

2036 5003 2135 5048 tat.
2164 4993 2293 5046 Nam
2323 4993 2487 5062 judex
2518 4992 2637 5060 ipse
2668 4991 3057 5060 pronuntiavit,
3093 4991 3339 5058 m'st'quis
3396 4991 3606 5049 remise-
3672 5036 3678 5045 .

2030 5086 2119 5151 rit,
2147 5085 2384 5153 futurum
2410 5094 2463 5136 ut
2525 5085 2573 5135 ei
2630 5099 2731 5139 non
2789 5082 3096 5136 remittatur
3128 5082 3175 5144 ⁵,
3214 5093 3376 5148 utque
3403 5081 3602 5152 justam

2038 5191 2254 5245 poenam
2294 5190 2396 5229 non
2420 5173 2663 5242 eﬁ‘ugiat.
2696 5172 2763 5227 Et
2791 5175 2917 5241 quid
2947 5187 3049 5240 ego
3072 5172 3228 5242 iustae
3253 5188 3425 5241 ptenze
3458 5188 3605 5225 mcu-

2038 5271 2237 5322 tionem
2271 5267 2360 5319 hic
2384 5266 2578 5325 facio?
2607 5279 2728 5318 nam
2768 5264 2881 5335 ipse
2923 5266 3159 5330 seipsum
3216 5263 3605 5318 condemnabit

2038 5358 2128 5425 qui
2161 5360 2242 5411 sui
2274 5358 2479 5411 similes
2499 5364 2774 5426 oppugnat
2800 5356 3035 5421 ;etenim
3059 5356 3269 5408 animos
3294 5356 3411 5423 ipsa
3450 5368 3607 5407 coar-

2036 5451 2151 5516 gnit
2183 5450 2539 5513 conscientia,
2575 5464 2673 5502 nec
2708 5447 2887 5511 facile,
2946 5464 3063 5502 meo
3122 5448 3335 5517 quidem
3378 5443 3602 5511 judicio,

2034 5540 2196 5593 ullam
2226 5542 2289 5595 iis
2314 5542 2718 5596 excusationem
2745 5539 3017 5605 concedit,
3051 5538 3270 5607 quando
3300 5533 3448 5603 prius
3483 5548 3602 5588 om-

2034 5648 2157 5687 nem
2192 5647 2505 5704 praetextum
2539 5635 2789 5701 amisere,
2828 5634 2919 5704 qui
2946 5636 3090 5698 ipsos
3114 5640 3351 5700 purgare
3374 5633 3598 5694 posset:

390 5852 397 5861 ι
437 5812 654 5869 'lCor.
704 5828 774 5877 tv,
811 5813 862 5867 4.
939 5811 1001 5866 ’l
1067 5810 1192 5868 Cor.
1262 5827 1336 5879 ιι,
1369 5811 1459 5867 27.
1536 5812 1555 5844 ³
1596 5810 1733 5868 Luc.
1771 5825 1882 5879 nx,

2061 5812 2080 5841 ⁵
2112 5809 2302 5867 Matth.
2332 5828 2482 5879 svnt,
2507 5814 2591 5871 33.
