  <div class='ocr_page' id='page_1' title='image "/cluster/home/n/w/nwhite01/storage/ocr_20150623/156/mdp.39015078384719/263.png"; bbox 0 0 4098 6272; ppageno 0'>
   <div class='ocr_carea' id='block_1_1' title="bbox 488 384 594 443">
    <p class='ocr_par' dir='ltr' id='par_1_1' title="bbox 488 384 594 443">
     <span class='ocr_line' id='line_1_1' title="bbox 488 384 594 443; baseline 0.028 -3"><span class='ocrx_word' id='word_1_1' title='bbox 488 385 502 440; x_wconf 78' lang='lat'><strong>!</strong></span> <span class='ocrx_word' id='word_1_2' title='bbox 526 384 594 443; x_wconf 74' lang='grc' dir='ltr'>(Π</span> 
     </span>
    </p>
   </div>
   <div class='ocr_carea' id='block_1_2' title="bbox 1650 399 2583 469">
    <p class='ocr_par' dir='ltr' id='par_1_2' title="bbox 1650 399 2583 469">
     <span class='ocr_line' id='line_1_2' title="bbox 1650 399 2583 469; baseline 0.006 -9"><span class='ocrx_word' id='word_1_3' title='bbox 1650 402 1707 460; x_wconf 88' lang='grc' dir='ltr'><strong>Μ</strong></span> <span class='ocrx_word' id='word_1_4' title='bbox 1720 399 1813 460; x_wconf 65' lang='lat' dir='ltr'>AN</span> <span class='ocrx_word' id='word_1_5' title='bbox 1824 399 2049 461; x_wconf 89' lang='lat' dir='ltr'>UELIS</span> <span class='ocrx_word' id='word_1_6' title='bbox 2125 399 2540 461; x_wconf 68' lang='grc' dir='ltr'>ΡΑιίΕΟιΟΟ</span> <span class='ocrx_word' id='word_1_7' title='bbox 2550 402 2583 469; x_wconf 83' lang='grc'>1,</span> 
     </span>
    </p>
   </div>
   <div class='ocr_carea' id='block_1_3' title="bbox 3643 398 3749 463">
    <p class='ocr_par' dir='ltr' id='par_1_3' title="bbox 3643 398 3749 463">
     <span class='ocr_line' id='line_1_3' title="bbox 3643 398 3749 463; baseline 0.019 -2"><span class='ocrx_word' id='word_1_8' title='bbox 3643 398 3749 463; x_wconf 83' lang='lat'>508</span> 
     </span>
    </p>
   </div>
   <div class='ocr_carea' id='block_1_4' title="bbox 487 493 2046 582">
    <p class='ocr_par' dir='ltr' id='par_1_4' title="bbox 487 493 2043 580">
     <span class='ocr_line' id='line_1_4' title="bbox 487 493 2043 580; baseline 0.017 -39"><span class='ocrx_word' id='word_1_9' title='bbox 487 493 952 561; x_wconf 81' lang='lat' dir='ltr'><strong>odiumiucurrat.</strong></span> <span class='ocrx_word' id='word_1_10' title='bbox 975 504 1109 561; x_wconf 80' lang='lat' dir='ltr'>Nam</span> <span class='ocrx_word' id='word_1_11' title='bbox 1164 508 1219 563; x_wconf 82' lang='lat' dir='ltr'><strong>in</strong></span> <span class='ocrx_word' id='word_1_12' title='bbox 1252 509 1627 565; x_wconf 84' lang='lat' dir='ltr'><strong>universitatis</strong></span> <span class='ocrx_word' id='word_1_13' title='bbox 1665 512 1892 580; x_wconf 82' lang='lat' dir='ltr'>hujusce</span> <span class='ocrx_word' id='word_1_14' title='bbox 1911 510 2043 577; x_wconf 87' lang='lat' dir='ltr'><strong>Deo,</strong></span> 
     </span>
    </p>
   </div>
   <div class='ocr_carea' id='block_1_5' title="bbox 2147 493 3748 582">
    <p class='ocr_par' dir='ltr' id='par_1_5' title="bbox 2165 504 3748 582">
     <span class='ocr_line' id='line_1_5' title="bbox 2165 504 3748 582; baseline -0.002 -20"><span class='ocrx_word' id='word_1_15' title='bbox 2165 510 2387 579; x_wconf 82' lang='grc' dir='ltr'>Ἐπειδὴ</span> <span class='ocrx_word' id='word_1_16' title='bbox 2429 510 2540 580; x_wconf 77' lang='grc' dir='ltr'>γάρ</span> <span class='ocrx_word' id='word_1_17' title='bbox 2583 512 2610 564; x_wconf 82' lang='grc' dir='ltr'>ό</span> <span class='ocrx_word' id='word_1_18' title='bbox 2654 508 2788 573; x_wconf 84' lang='grc' dir='ltr'>Θεδς</span> <span class='ocrx_word' id='word_1_19' title='bbox 2831 509 3024 582; x_wconf 85' lang='grc' dir='ltr'>ἀγάπη</span> <span class='ocrx_word' id='word_1_20' title='bbox 3071 508 3237 575; x_wconf 68' lang='grc' dir='ltr'>ἐστὶ,</span> <span class='ocrx_word' id='word_1_21' title='bbox 3268 507 3410 562; x_wconf 80' lang='grc' dir='ltr'>κατὰ</span> <span class='ocrx_word' id='word_1_22' title='bbox 3453 504 3547 561; x_wconf 74' lang='grc' dir='ltr'>τὸν</span> <span class='ocrx_word' id='word_1_23' title='bbox 3594 505 3748 574; x_wconf 75' lang='grc' dir='ltr'>φίλον</span> 
     </span>
    </p>
   </div>
   <div class='ocr_carea' id='block_1_6' title="bbox 488 588 2061 659">
    <p class='ocr_par' dir='ltr' id='par_1_6' title="bbox 488 588 2061 659">
     <span class='ocr_line' id='line_1_6' title="bbox 488 588 2061 659; baseline 0.013 -21"><span class='ocrx_word' id='word_1_24' title='bbox 488 588 578 651; x_wconf 73' lang='lat' dir='ltr'><strong>Qui</strong></span> <span class='ocrx_word' id='word_1_25' title='bbox 614 605 834 656; x_wconf 84' lang='lat' dir='ltr'>prorsus</span> <span class='ocrx_word' id='word_1_26' title='bbox 860 598 928 648; x_wconf 91' lang='lat' dir='ltr'>ab</span> <span class='ocrx_word' id='word_1_27' title='bbox 970 599 1225 656; x_wconf 87' lang='lat' dir='ltr'><strong>omnibus</strong></span> <span class='ocrx_word' id='word_1_28' title='bbox 1274 603 1535 658; x_wconf 89' lang='lat' dir='ltr'><strong>immunis</strong></span> <span class='ocrx_word' id='word_1_29' title='bbox 1582 614 1667 658; x_wconf 90' lang='lat' dir='ltr'>est</span> <span class='ocrx_word' id='word_1_30' title='bbox 1709 602 1877 659; x_wconf 88' lang='lat' dir='ltr'><strong>animi</strong></span> <span class='ocrx_word' id='word_1_31' title='bbox 1910 620 2061 659; x_wconf 87' lang='lat' dir='ltr'><strong>mor-</strong></span> 
     </span>
    </p>
   </div>
   <div class='ocr_carea' id='block_1_7' title="bbox 491 677 2058 765">
    <p class='ocr_par' dir='ltr' id='par_1_7' title="bbox 491 677 2058 765">
     <span class='ocr_line' id='line_1_7' title="bbox 491 677 2058 765; baseline 0.013 -34"><span class='ocrx_word' id='word_1_32' title='bbox 491 677 575 733; x_wconf 85' lang='lat' dir='ltr'>bis</span> <span class='ocrx_word' id='word_1_33' title='bbox 602 696 651 734; x_wconf 69' lang='lat' dir='ltr'><strong>e:</strong></span> <span class='ocrx_word' id='word_1_34' title='bbox 687 685 988 751; x_wconf 68' lang='lat' dir='ltr'>affectibus,</span> <span class='ocrx_word' id='word_1_35' title='bbox 1021 707 1127 759; x_wconf 89' lang='lat' dir='ltr'><strong>quo</strong></span> <span class='ocrx_word' id='word_1_36' title='bbox 1158 702 1315 761; x_wconf 88' lang='lat' dir='ltr'><strong>pacto</strong></span> <span class='ocrx_word' id='word_1_37' title='bbox 1369 699 1490 765; x_wconf 88' lang='lat' dir='ltr'><strong>quis</strong></span> <span class='ocrx_word' id='word_1_38' title='bbox 1537 698 1723 752; x_wconf 89' lang='lat' dir='ltr'><strong>odium</strong></span> <span class='ocrx_word' id='word_1_39' title='bbox 1764 699 2058 763; x_wconf 87' lang='lat' dir='ltr'><strong>invenerit,</strong></span> 
     </span>
    </p>
   </div>
   <div class='ocr_carea' id='block_1_8' title="bbox 394 775 2063 861">
    <p class='ocr_par' dir='ltr' id='par_1_8' title="bbox 394 775 2063 861">
     <span class='ocr_line' id='line_1_8' title="bbox 394 775 2063 861; baseline 0.018 -42"><span class='ocrx_word' id='word_1_40' title='bbox 394 780 395 783; x_wconf 77' lang='lat'>‘</span> <span class='ocrx_word' id='word_1_41' title='bbox 493 775 635 838; x_wconf 86' lang='lat' dir='ltr'><strong>quod</strong></span> <span class='ocrx_word' id='word_1_42' title='bbox 672 776 813 831; x_wconf 89' lang='lat' dir='ltr'><strong>inter</strong></span> <span class='ocrx_word' id='word_1_43' title='bbox 846 780 1055 846; x_wconf 78' lang='lat' dir='ltr'><strong>pejores</strong></span> <span class='ocrx_word' id='word_1_44' title='bbox 1108 787 1274 840; x_wconf 86' lang='lat' dir='ltr'><strong>animi</strong></span> <span class='ocrx_word' id='word_1_45' title='bbox 1327 790 1543 843; x_wconf 88' lang='lat' dir='ltr'><strong>morbos</strong></span> <span class='ocrx_word' id='word_1_46' title='bbox 1589 790 1846 846; x_wconf 76' lang='lat' dir='ltr'>excellit?</span> <span class='ocrx_word' id='word_1_47' title='bbox 1884 793 2063 861; x_wconf 79' lang='lat' dir='ltr'><strong>Atque</strong></span> 
     </span>
    </p>
   </div>
   <div class='ocr_carea' id='block_1_9' title="bbox 489 862 2060 950">
    <p class='ocr_par' dir='ltr' id='par_1_9' title="bbox 489 862 2060 950">
     <span class='ocr_line' id='line_1_9' title="bbox 489 862 2060 950; baseline 0.018 -37"><span class='ocrx_word' id='word_1_48' title='bbox 489 862 587 916; x_wconf 87' lang='lat' dir='ltr'><strong>hoc</strong></span> <span class='ocrx_word' id='word_1_49' title='bbox 612 881 744 919; x_wconf 89' lang='lat' dir='ltr'><strong>sane</strong></span> <span class='ocrx_word' id='word_1_50' title='bbox 775 873 1006 926; x_wconf 84' lang='lat' dir='ltr'><strong>naturali</strong></span> <span class='ocrx_word' id='word_1_51' title='bbox 1033 874 1197 931; x_wconf 86' lang='lat' dir='ltr'><strong>etiam</strong></span> <span class='ocrx_word' id='word_1_52' title='bbox 1253 882 1410 932; x_wconf 89' lang='lat' dir='ltr'><strong>modo</strong></span> <span class='ocrx_word' id='word_1_53' title='bbox 1454 882 1690 950; x_wconf 89' lang='lat' dir='ltr'><strong>quodam</strong></span> <span class='ocrx_word' id='word_1_54' title='bbox 1744 884 2060 941; x_wconf 82' lang='lat' dir='ltr'><strong>considere-</strong></span> 
     </span>
    </p>
   </div>
   <div class='ocr_carea' id='block_1_10' title="bbox 486 960 2060 1035">
    <p class='ocr_par' dir='ltr' id='par_1_10' title="bbox 486 960 2060 1035">
     <span class='ocr_line' id='line_1_10' title="bbox 486 960 2060 1035; baseline 0.016 -29"><span class='ocrx_word' id='word_1_55' title='bbox 486 971 625 1013; x_wconf 86' lang='lat' dir='ltr'><strong>mus.</strong></span> <span class='ocrx_word' id='word_1_56' title='bbox 658 960 868 1029; x_wconf 78' lang='lat' dir='ltr'>Quippe</span> <span class='ocrx_word' id='word_1_57' title='bbox 899 979 1020 1017; x_wconf 90' lang='lat' dir='ltr'><strong>cum</strong></span> <span class='ocrx_word' id='word_1_58' title='bbox 1056 966 1196 1022; x_wconf 84' lang='lat' dir='ltr'><strong>Deus</strong></span> <span class='ocrx_word' id='word_1_59' title='bbox 1230 970 1304 1024; x_wconf 84' lang='lat' dir='ltr'>sit</span> <span class='ocrx_word' id='word_1_60' title='bbox 1325 971 1561 1035; x_wconf 83' lang='lat' dir='ltr'><strong>dilectio,</strong></span> <span class='ocrx_word' id='word_1_61' title='bbox 1600 977 1896 1029; x_wconf 88' lang='lat' dir='ltr'><strong>secundum</strong></span> <span class='ocrx_word' id='word_1_62' title='bbox 1925 978 2060 1032; x_wconf 86' lang='lat' dir='ltr'><strong>cha-</strong></span> 
     </span>
    </p>
   </div>
   <div class='ocr_carea' id='block_1_11' title="bbox 485 1049 2056 1128">
    <p class='ocr_par' dir='ltr' id='par_1_11' title="bbox 485 1049 2056 1128">
     <span class='ocr_line' id='line_1_11' title="bbox 485 1049 2056 1128; baseline 0.017 -32"><span class='ocrx_word' id='word_1_63' title='bbox 485 1060 603 1100; x_wconf 85' lang='lat' dir='ltr'>rum</span> <span class='ocrx_word' id='word_1_64' title='bbox 636 1049 781 1104; x_wconf 90' lang='lat' dir='ltr'><strong>illum</strong></span> <span class='ocrx_word' id='word_1_65' title='bbox 808 1058 1133 1120; x_wconf 88' lang='lat' dir='ltr'><strong>apostolum,</strong></span> <span class='ocrx_word' id='word_1_66' title='bbox 1173 1061 1300 1128; x_wconf 86' lang='lat' dir='ltr'><strong>quid</strong></span> <span class='ocrx_word' id='word_1_67' title='bbox 1326 1077 1446 1117; x_wconf 88' lang='lat' dir='ltr'><strong>esse</strong></span> <span class='ocrx_word' id='word_1_68' title='bbox 1474 1063 1583 1118; x_wconf 90' lang='lat' dir='ltr'><strong>Deo</strong></span> <span class='ocrx_word' id='word_1_69' title='bbox 1619 1080 1906 1121; x_wconf 87' lang='lat' dir='ltr'>commune</span> <span class='ocrx_word' id='word_1_70' title='bbox 1932 1082 2056 1121; x_wconf 91' lang='lat' dir='ltr'><strong>cum</strong></span> 
     </span>
    </p>
   </div>
   <div class='ocr_carea' id='block_1_12' title="bbox 483 1139 2060 1223">
    <p class='ocr_par' dir='ltr' id='par_1_12' title="bbox 483 1139 2060 1223">
     <span class='ocr_line' id='line_1_12' title="bbox 483 1139 2060 1223; baseline 0.015 -34"><span class='ocrx_word' id='word_1_71' title='bbox 483 1139 609 1193; x_wconf 90' lang='lat' dir='ltr'><strong>odio</strong></span> <span class='ocrx_word' id='word_1_72' title='bbox 648 1145 865 1210; x_wconf 80' lang='lat' dir='ltr'><strong>possit?</strong></span> <span class='ocrx_word' id='word_1_73' title='bbox 896 1146 1079 1215; x_wconf 79' lang='lat' dir='ltr'><strong>Neque</strong></span> <span class='ocrx_word' id='word_1_74' title='bbox 1104 1166 1230 1204; x_wconf 89' lang='lat' dir='ltr'><strong>vero</strong></span> <span class='ocrx_word' id='word_1_75' title='bbox 1264 1154 1395 1207; x_wconf 88' lang='lat' dir='ltr'><strong>mihi</strong></span> <span class='ocrx_word' id='word_1_76' title='bbox 1450 1166 1640 1223; x_wconf 82' lang='lat' dir='ltr'><strong>arguta</strong></span> <span class='ocrx_word' id='word_1_77' title='bbox 1694 1157 1855 1210; x_wconf 83' lang='lat' dir='ltr'>velim</span> <span class='ocrx_word' id='word_1_78' title='bbox 1910 1158 2060 1214; x_wconf 69' lang='lat' dir='ltr'><strong>istrec</strong></span> 
     </span>
    </p>
   </div>
   <div class='ocr_carea' id='block_1_13' title="bbox 382 1232 2057 1305">
    <p class='ocr_par' dir='ltr' id='par_1_13' title="bbox 382 1232 2057 1305">
     <span class='ocr_line' id='line_1_13' title="bbox 382 1232 2057 1305; baseline 0.013 -22"><span class='ocrx_word' id='word_1_79' title='bbox 382 1248 385 1253; x_wconf 85' lang='lat'>&#39;</span> <span class='ocrx_word' id='word_1_80' title='bbox 458 1232 734 1300; x_wconf 42' lang='lat' dir='ltr'><strong>‘ohjicias,</strong></span> <span class='ocrx_word' id='word_1_81' title='bbox 769 1240 913 1305; x_wconf 90' lang='lat' dir='ltr'><strong>quod</strong></span> <span class='ocrx_word' id='word_1_82' title='bbox 942 1240 1148 1295; x_wconf 76' lang='lat' dir='ltr'><strong>scilECet</strong></span> <span class='ocrx_word' id='word_1_83' title='bbox 1172 1244 1239 1297; x_wconf 82' lang='lat' dir='ltr'>ab</span> <span class='ocrx_word' id='word_1_84' title='bbox 1271 1244 1426 1299; x_wconf 87' lang='lat' dir='ltr'><strong>initio</strong></span> <span class='ocrx_word' id='word_1_85' title='bbox 1457 1247 1625 1301; x_wconf 89' lang='lat' dir='ltr'><strong>malos</strong></span> <span class='ocrx_word' id='word_1_86' title='bbox 1651 1248 1730 1301; x_wconf 86' lang='lat' dir='ltr'><strong>vel</strong></span> <span class='ocrx_word' id='word_1_87' title='bbox 1782 1250 2057 1305; x_wconf 78' lang='lat' dir='ltr'>hominem</span> 
     </span>
    </p>
   </div>
   <div class='ocr_carea' id='block_1_14' title="bbox 484 1325 2057 1407">
    <p class='ocr_par' dir='ltr' id='par_1_14' title="bbox 484 1325 2057 1407">
     <span class='ocr_line' id='line_1_14' title="bbox 484 1325 2057 1407; baseline 0.015 -33"><span class='ocrx_word' id='word_1_88' title='bbox 484 1325 727 1379; x_wconf 86' lang='lat' dir='ltr'><strong>miserari</strong></span> <span class='ocrx_word' id='word_1_89' title='bbox 762 1340 1187 1386; x_wconf 78' lang='lat' dir='ltr'>consentaneum</span> <span class='ocrx_word' id='word_1_90' title='bbox 1219 1336 1309 1399; x_wconf 91' lang='lat' dir='ltr'>sil,</span> <span class='ocrx_word' id='word_1_91' title='bbox 1339 1348 1393 1388; x_wconf 92' lang='lat' dir='ltr'><strong>at</strong></span> <span class='ocrx_word' id='word_1_92' title='bbox 1443 1352 1539 1391; x_wconf 92' lang='lat' dir='ltr'><strong>eos</strong></span> <span class='ocrx_word' id='word_1_93' title='bbox 1570 1342 1659 1407; x_wconf 87' lang='lat' dir='ltr'>qui</span> <span class='ocrx_word' id='word_1_94' title='bbox 1713 1341 1931 1394; x_wconf 90' lang='lat' dir='ltr'><strong>virtutis</strong></span> <span class='ocrx_word' id='word_1_95' title='bbox 1991 1358 2057 1397; x_wconf 81' lang='lat' dir='ltr'><strong>ex</strong></span> 
     </span>
    </p>
   </div>
   <div class='ocr_carea' id='block_1_15' title="bbox 483 1420 2060 1493">
    <p class='ocr_par' dir='ltr' id='par_1_15' title="bbox 483 1420 2060 1493">
     <span class='ocr_line' id='line_1_15' title="bbox 483 1420 2060 1493; baseline 0.015 -24"><span class='ocrx_word' id='word_1_96' title='bbox 483 1420 794 1489; x_wconf 65' lang='lat' dir='ltr'><strong>praescripto</strong></span> <span class='ocrx_word' id='word_1_97' title='bbox 843 1423 1097 1490; x_wconf 75' lang='lat' dir='ltr'>vixerint,</span> <span class='ocrx_word' id='word_1_98' title='bbox 1149 1427 1343 1482; x_wconf 86' lang='lat' dir='ltr'><strong>deinde</strong></span> <span class='ocrx_word' id='word_1_99' title='bbox 1404 1445 1533 1485; x_wconf 87' lang='lat' dir='ltr'><strong>vero</strong></span> <span class='ocrx_word' id='word_1_100' title='bbox 1584 1432 1651 1484; x_wconf 89' lang='lat' dir='ltr'>ad</span> <span class='ocrx_word' id='word_1_101' title='bbox 1709 1433 1836 1487; x_wconf 86' lang='lat' dir='ltr'><strong>vitia</strong></span> <span class='ocrx_word' id='word_1_102' title='bbox 1890 1448 2060 1493; x_wconf 82' lang='lat' dir='ltr'><strong>cursu</strong></span> 
     </span>
    </p>
   </div>
   <div class='ocr_carea' id='block_1_16' title="bbox 481 1512 2056 1596">
    <p class='ocr_par' dir='ltr' id='par_1_16' title="bbox 481 1512 2056 1596">
     <span class='ocr_line' id='line_1_16' title="bbox 481 1512 2056 1596; baseline 0.016 -38"><span class='ocrx_word' id='word_1_103' title='bbox 481 1512 636 1574; x_wconf 86' lang='lat' dir='ltr'><strong>quasi</strong></span> <span class='ocrx_word' id='word_1_104' title='bbox 672 1514 904 1582; x_wconf 88' lang='lat' dir='ltr'><strong>quodam</strong></span> <span class='ocrx_word' id='word_1_105' title='bbox 937 1530 997 1572; x_wconf 89' lang='lat' dir='ltr'>se</span> <span class='ocrx_word' id='word_1_106' title='bbox 1059 1521 1413 1588; x_wconf 74' lang='lat' dir='ltr'>contulerint,</span> <span class='ocrx_word' id='word_1_107' title='bbox 1475 1538 1545 1579; x_wconf 90' lang='lat' dir='ltr'>ne</span> <span class='ocrx_word' id='word_1_108' title='bbox 1599 1526 1775 1595; x_wconf 88' lang='lat' dir='ltr'><strong>ipsum</strong></span> <span class='ocrx_word' id='word_1_109' title='bbox 1828 1529 2056 1596; x_wconf 82' lang='lat' dir='ltr'>quidem</span> 
     </span>
    </p>
   </div>
   <div class='ocr_carea' id='block_1_17' title="bbox 482 1605 2053 1685">
    <p class='ocr_par' dir='ltr' id='par_1_17' title="bbox 482 1605 2053 1685">
     <span class='ocr_line' id='line_1_17' title="bbox 482 1605 2053 1685; baseline 0.011 -26"><span class='ocrx_word' id='word_1_110' title='bbox 482 1605 673 1664; x_wconf 88' lang='lat' dir='ltr'><strong>Deum.</strong></span> <span class='ocrx_word' id='word_1_111' title='bbox 709 1609 919 1665; x_wconf 89' lang='lat' dir='ltr'><strong>Etenim</strong></span> <span class='ocrx_word' id='word_1_112' title='bbox 972 1629 1158 1669; x_wconf 87' lang='lat' dir='ltr'><strong>verum</strong></span> <span class='ocrx_word' id='word_1_113' title='bbox 1190 1625 1271 1671; x_wconf 91' lang='lat' dir='ltr'>est</span> <span class='ocrx_word' id='word_1_114' title='bbox 1311 1618 1409 1673; x_wconf 87' lang='lat' dir='ltr'><strong>hos</strong></span> <span class='ocrx_word' id='word_1_115' title='bbox 1436 1618 1539 1671; x_wconf 90' lang='lat' dir='ltr'><strong>illis</strong></span> <span class='ocrx_word' id='word_1_116' title='bbox 1564 1618 1864 1674; x_wconf 67' lang='lat' dir='ltr'><strong>deteriores</strong></span> <span class='ocrx_word' id='word_1_117' title='bbox 1892 1636 2053 1685; x_wconf 84' lang='lat' dir='ltr'><strong>esse;</strong></span> 
     </span>
    </p>
   </div>
   <div class='ocr_carea' id='block_1_18' title="bbox 481 1700 2059 1774">
    <p class='ocr_par' dir='ltr' id='par_1_18' title="bbox 481 1700 2059 1774">
     <span class='ocr_line' id='line_1_18' title="bbox 481 1700 2059 1774; baseline 0.011 -25"><span class='ocrx_word' id='word_1_118' title='bbox 481 1712 605 1751; x_wconf 80' lang='lat' dir='ltr'>nam</span> <span class='ocrx_word' id='word_1_119' title='bbox 633 1700 706 1753; x_wconf 92' lang='lat' dir='ltr'><strong>illi</strong></span> <span class='ocrx_word' id='word_1_120' title='bbox 737 1716 801 1756; x_wconf 86' lang='lat' dir='ltr'><strong>ne</strong></span> <span class='ocrx_word' id='word_1_121' title='bbox 832 1713 1030 1758; x_wconf 91' lang='lat' dir='ltr'><strong>norunt</strong></span> <span class='ocrx_word' id='word_1_122' title='bbox 1077 1708 1296 1774; x_wconf 85' lang='lat' dir='ltr'><strong>quidem</strong></span> <span class='ocrx_word' id='word_1_123' title='bbox 1352 1719 1609 1764; x_wconf 83' lang='lat' dir='ltr'><strong>accurate</strong></span> <span class='ocrx_word' id='word_1_124' title='bbox 1666 1710 1807 1764; x_wconf 88' lang='lat' dir='ltr'><strong>viam</strong></span> <span class='ocrx_word' id='word_1_125' title='bbox 1853 1715 2059 1766; x_wconf 86' lang='lat' dir='ltr'><strong>ducen-</strong></span> 
     </span>
    </p>
   </div>
   <div class='ocr_carea' id='block_1_19' title="bbox 481 1793 2054 1873">
    <p class='ocr_par' dir='ltr' id='par_1_19' title="bbox 481 1793 2054 1873">
     <span class='ocr_line' id='line_1_19' title="bbox 481 1793 2054 1873; baseline 0.01 -31"><span class='ocrx_word' id='word_1_126' title='bbox 481 1797 589 1844; x_wconf 71' lang='lat' dir='ltr'><strong>tem</strong></span> <span class='ocrx_word' id='word_1_127' title='bbox 622 1793 686 1847; x_wconf 91' lang='lat' dir='ltr'>ad</span> <span class='ocrx_word' id='word_1_128' title='bbox 720 1794 770 1848; x_wconf 89' lang='lat' dir='ltr'><strong>id</strong></span> <span class='ocrx_word' id='word_1_129' title='bbox 810 1797 951 1865; x_wconf 90' lang='lat' dir='ltr'><strong>quod</strong></span> <span class='ocrx_word' id='word_1_130' title='bbox 1002 1799 1289 1867; x_wconf 90' lang='lat' dir='ltr'><strong>optimum,</strong></span> <span class='ocrx_word' id='word_1_131' title='bbox 1338 1814 1438 1854; x_wconf 91' lang='lat' dir='ltr'>nec</span> <span class='ocrx_word' id='word_1_132' title='bbox 1495 1802 1767 1856; x_wconf 89' lang='lat' dir='ltr'><strong>honorum</strong></span> <span class='ocrx_word' id='word_1_133' title='bbox 1820 1803 2054 1873; x_wconf 82' lang='lat' dir='ltr'><strong>aliquem</strong></span> 
     </span>
    </p>
   </div>
   <div class='ocr_carea' id='block_1_20' title="bbox 480 1894 2060 1966">
    <p class='ocr_par' dir='ltr' id='par_1_20' title="bbox 480 1894 2060 1966">
     <span class='ocr_line' id='line_1_20' title="bbox 480 1894 2060 1966; baseline 0.012 -33"><span class='ocrx_word' id='word_1_134' title='bbox 480 1894 697 1950; x_wconf 77' lang='lat' dir='ltr'>gustum</span> <span class='ocrx_word' id='word_1_135' title='bbox 776 1898 1153 1956; x_wconf 83' lang='lat' dir='ltr'><strong>perceperunt,</strong></span> <span class='ocrx_word' id='word_1_136' title='bbox 1207 1907 1316 1961; x_wconf 90' lang='lat' dir='ltr'><strong>quo</strong></span> <span class='ocrx_word' id='word_1_137' title='bbox 1359 1894 1576 1948; x_wconf 85' lang='lat' dir='ltr'><strong>adducti</strong></span> <span class='ocrx_word' id='word_1_138' title='bbox 1616 1910 1677 1951; x_wconf 91' lang='lat' dir='ltr'>ea</span> <span class='ocrx_word' id='word_1_139' title='bbox 1731 1911 2060 1966; x_wconf 80' lang='lat' dir='ltr'><strong>magnopere</strong></span> 
     </span>
    </p>
   </div>
   <div class='ocr_carea' id='block_1_21' title="bbox 479 1980 2058 2063">
    <p class='ocr_par' dir='ltr' id='par_1_21' title="bbox 479 1980 2058 2063">
     <span class='ocr_line' id='line_1_21' title="bbox 479 1980 2058 2063; baseline 0.009 -34"><span class='ocrx_word' id='word_1_140' title='bbox 479 1990 755 2044; x_wconf 81' lang='lat' dir='ltr'><strong>appetant.</strong></span> <span class='ocrx_word' id='word_1_141' title='bbox 791 1980 920 2045; x_wconf 67' lang='lat' dir='ltr'><strong>Quae</strong></span> <span class='ocrx_word' id='word_1_142' title='bbox 945 1998 1076 2037; x_wconf 84' lang='lat' dir='ltr'><strong>sane</strong></span> <span class='ocrx_word' id='word_1_143' title='bbox 1109 1999 1211 2039; x_wconf 91' lang='lat' dir='ltr'>non</span> <span class='ocrx_word' id='word_1_144' title='bbox 1235 1988 1684 2063; x_wconf 62' lang='lat' dir='ltr'><strong>contemnendam</strong></span> <span class='ocrx_word' id='word_1_145' title='bbox 1710 1989 1790 2043; x_wconf 90' lang='lat' dir='ltr'><strong>eis</strong></span> <span class='ocrx_word' id='word_1_146' title='bbox 1833 2004 2058 2043; x_wconf 83' lang='lat' dir='ltr'><strong>excusa-</strong></span> 
     </span>
    </p>
   </div>
   <div class='ocr_carea' id='block_1_22' title="bbox 481 2072 2056 2152">
    <p class='ocr_par' dir='ltr' id='par_1_22' title="bbox 481 2072 2056 2152">
     <span class='ocr_line' id='line_1_22' title="bbox 481 2072 2056 2152; baseline 0.01 -29"><span class='ocrx_word' id='word_1_147' title='bbox 481 2072 680 2125; x_wconf 86' lang='lat' dir='ltr'><strong>tionem</strong></span> <span class='ocrx_word' id='word_1_148' title='bbox 738 2074 968 2142; x_wconf 89' lang='lat' dir='ltr'><strong>pariunt.</strong></span> <span class='ocrx_word' id='word_1_149' title='bbox 1006 2076 1075 2130; x_wconf 83' lang='lat' dir='ltr'>At</span> <span class='ocrx_word' id='word_1_150' title='bbox 1114 2076 1169 2130; x_wconf 91' lang='lat' dir='ltr'><strong>hi</strong></span> <span class='ocrx_word' id='word_1_151' title='bbox 1210 2077 1367 2133; x_wconf 84' lang='lat' dir='ltr'><strong>bonis</strong></span> <span class='ocrx_word' id='word_1_152' title='bbox 1403 2079 1454 2132; x_wconf 93' lang='lat' dir='ltr'><strong>in</strong></span> <span class='ocrx_word' id='word_1_153' title='bbox 1501 2081 1753 2147; x_wconf 85' lang='lat' dir='ltr'><strong>operibus</strong></span> <span class='ocrx_word' id='word_1_154' title='bbox 1780 2096 1809 2134; x_wconf 92' lang='lat' dir='ltr'>a</span> <span class='ocrx_word' id='word_1_155' title='bbox 1868 2085 2056 2152; x_wconf 87' lang='lat' dir='ltr'><strong>pueris</strong></span> 
     </span>
    </p>
   </div>
   <div class='ocr_carea' id='block_1_23' title="bbox 476 2168 2049 2239">
    <p class='ocr_par' dir='ltr' id='par_1_23' title="bbox 476 2168 2049 2239">
     <span class='ocr_line' id='line_1_23' title="bbox 476 2168 2049 2239; baseline 0.008 -21"><span class='ocrx_word' id='word_1_156' title='bbox 476 2168 696 2221; x_wconf 74' lang='lat' dir='ltr'><strong>exerciti</strong></span> <span class='ocrx_word' id='word_1_157' title='bbox 743 2177 889 2232; x_wconf 87' lang='lat' dir='ltr'><strong>sunt,</strong></span> <span class='ocrx_word' id='word_1_158' title='bbox 945 2178 1000 2222; x_wconf 91' lang='lat' dir='ltr'><strong>et</strong></span> <span class='ocrx_word' id='word_1_159' title='bbox 1052 2170 1118 2223; x_wconf 86' lang='lat' dir='ltr'>ad</span> <span class='ocrx_word' id='word_1_160' title='bbox 1174 2180 1447 2226; x_wconf 89' lang='lat' dir='ltr'><strong>senectam</strong></span> <span class='ocrx_word' id='word_1_161' title='bbox 1504 2187 1676 2239; x_wconf 90' lang='lat' dir='ltr'><strong>usque</strong></span> <span class='ocrx_word' id='word_1_162' title='bbox 1729 2175 1948 2230; x_wconf 90' lang='lat' dir='ltr'><strong>virtutis</strong></span> <span class='ocrx_word' id='word_1_163' title='bbox 1997 2176 2049 2231; x_wconf 91' lang='lat' dir='ltr'><strong>in</strong></span> 
     </span>
    </p>
   </div>
   <div class='ocr_carea' id='block_1_24' title="bbox 476 2258 2055 2335">
    <p class='ocr_par' dir='ltr' id='par_1_24' title="bbox 476 2258 2055 2335">
     <span class='ocr_line' id='line_1_24' title="bbox 476 2258 2055 2335; baseline 0.009 -27"><span class='ocrx_word' id='word_1_164' title='bbox 476 2258 749 2334; x_wconf 77' lang='lat' dir='ltr'><strong>exercitiis</strong></span> <span class='ocrx_word' id='word_1_165' title='bbox 787 2260 945 2312; x_wconf 85' lang='lat' dir='ltr'><strong>vitam</strong></span> <span class='ocrx_word' id='word_1_166' title='bbox 970 2272 1315 2331; x_wconf 79' lang='lat' dir='ltr'><strong>exegerunt:</strong></span> <span class='ocrx_word' id='word_1_167' title='bbox 1364 2263 1561 2318; x_wconf 80' lang='lat' dir='ltr'><strong>deinde</strong></span> <span class='ocrx_word' id='word_1_168' title='bbox 1598 2267 1777 2330; x_wconf 84' lang='lat' dir='ltr'><strong>bonis,</strong></span> <span class='ocrx_word' id='word_1_169' title='bbox 1831 2267 2055 2335; x_wconf 87' lang='lat' dir='ltr'><strong>quibus-</strong></span> 
     </span>
    </p>
   </div>
   <div class='ocr_carea' id='block_1_25' title="bbox 474 2347 2054 2419">
    <p class='ocr_par' dir='ltr' id='par_1_25' title="bbox 474 2347 2054 2419">
     <span class='ocr_line' id='line_1_25' title="bbox 474 2347 2054 2419; baseline 0.009 -21"><span class='ocrx_word' id='word_1_170' title='bbox 474 2361 595 2399; x_wconf 90' lang='lat' dir='ltr'>cum</span> <span class='ocrx_word' id='word_1_171' title='bbox 630 2347 893 2413; x_wconf 76' lang='lat' dir='ltr'><strong>vixcrant,</strong></span> <span class='ocrx_word' id='word_1_172' title='bbox 926 2365 1046 2417; x_wconf 74' lang='lat' dir='ltr'><strong>qua:</strong></span> <span class='ocrx_word' id='word_1_173' title='bbox 1104 2366 1200 2419; x_wconf 92' lang='lat' dir='ltr'>pro</span> <span class='ocrx_word' id='word_1_174' title='bbox 1251 2353 1459 2407; x_wconf 80' lang='lat' dir='ltr'><strong>deliciis</strong></span> <span class='ocrx_word' id='word_1_175' title='bbox 1512 2354 1835 2419; x_wconf 87' lang='lat' dir='ltr'><strong>habuerant,</strong></span> <span class='ocrx_word' id='word_1_176' title='bbox 1880 2358 2054 2413; x_wconf 90' lang='lat' dir='ltr'><strong>instar</strong></span> 
     </span>
    </p>
   </div>
   <div class='ocr_carea' id='block_1_26' title="bbox 473 2440 2052 2515">
    <p class='ocr_par' dir='ltr' id='par_1_26' title="bbox 473 2440 2052 2515">
     <span class='ocr_line' id='line_1_26' title="bbox 473 2440 2052 2515; baseline 0.009 -25"><span class='ocrx_word' id='word_1_177' title='bbox 473 2440 704 2503; x_wconf 65' lang='lat' dir='ltr'><strong>alicujus</strong></span> <span class='ocrx_word' id='word_1_178' title='bbox 736 2441 928 2508; x_wconf 80' lang='lat' dir='ltr'><strong>piaculi</strong></span> <span class='ocrx_word' id='word_1_179' title='bbox 957 2443 1192 2509; x_wconf 83' lang='lat' dir='ltr'><strong>reiectis,</strong></span> <span class='ocrx_word' id='word_1_180' title='bbox 1240 2444 1395 2500; x_wconf 87' lang='lat' dir='ltr'><strong>nihili</strong></span> <span class='ocrx_word' id='word_1_181' title='bbox 1424 2447 1819 2515; x_wconf 84' lang='lat' dir='ltr'><strong>turpitudinem</strong></span> <span class='ocrx_word' id='word_1_182' title='bbox 1847 2448 2052 2504; x_wconf 86' lang='lat' dir='ltr'><strong>facien-</strong></span> 
     </span>
    </p>
   </div>
   <div class='ocr_carea' id='block_1_27' title="bbox 476 2530 2048 2609">
    <p class='ocr_par' dir='ltr' id='par_1_27' title="bbox 476 2530 2048 2609">
     <span class='ocr_line' id='line_1_27' title="bbox 476 2530 2048 2609; baseline 0.008 -27"><span class='ocrx_word' id='word_1_183' title='bbox 476 2540 578 2595; x_wconf 74' lang='lat' dir='ltr'><strong>trs,</strong></span> <span class='ocrx_word' id='word_1_184' title='bbox 613 2530 764 2586; x_wconf 86' lang='lat' dir='ltr'><strong>nihili</strong></span> <span class='ocrx_word' id='word_1_185' title='bbox 805 2533 994 2586; x_wconf 87' lang='lat' dir='ltr'><strong>vitium</strong></span> <span class='ocrx_word' id='word_1_186' title='bbox 1026 2534 1280 2603; x_wconf 84' lang='lat' dir='ltr'><strong>quodque</strong></span> <span class='ocrx_word' id='word_1_187' title='bbox 1301 2537 1559 2591; x_wconf 86' lang='lat' dir='ltr'><strong>damnum</strong></span> <span class='ocrx_word' id='word_1_188' title='bbox 1588 2554 1653 2592; x_wconf 81' lang='lat' dir='ltr'>ex</span> <span class='ocrx_word' id='word_1_189' title='bbox 1685 2554 1751 2595; x_wconf 90' lang='lat' dir='ltr'>eo</span> <span class='ocrx_word' id='word_1_190' title='bbox 1778 2544 2048 2609; x_wconf 90' lang='lat' dir='ltr'><strong>provenit,</strong></span> 
     </span>
    </p>
   </div>
   <div class='ocr_carea' id='block_1_28' title="bbox 470 2622 2050 2703">
    <p class='ocr_par' dir='ltr' id='par_1_28' title="bbox 470 2622 2050 2703">
     <span class='ocr_line' id='line_1_28' title="bbox 470 2622 2050 2703; baseline 0.008 -26"><span class='ocrx_word' id='word_1_191' title='bbox 470 2622 790 2677; x_wconf 77' lang='lat' dir='ltr'><strong>servitutem</strong></span> <span class='ocrx_word' id='word_1_192' title='bbox 828 2638 954 2690; x_wconf 76' lang='lat' dir='ltr'><strong>erga</strong></span> <span class='ocrx_word' id='word_1_193' title='bbox 980 2625 1287 2695; x_wconf 83' lang='lat' dir='ltr'><strong>voluptates</strong></span> <span class='ocrx_word' id='word_1_194' title='bbox 1315 2626 1493 2683; x_wconf 89' lang='lat' dir='ltr'><strong>divina</strong></span> <span class='ocrx_word' id='word_1_195' title='bbox 1525 2645 1651 2685; x_wconf 92' lang='lat' dir='ltr'><strong>cum</strong></span> <span class='ocrx_word' id='word_1_196' title='bbox 1688 2634 1863 2703; x_wconf 83' lang='lat' dir='ltr'><strong>gratia</strong></span> <span class='ocrx_word' id='word_1_197' title='bbox 1896 2624 2050 2690; x_wconf 87' lang='lat' dir='ltr'><strong>com-</strong></span> 
     </span>
    </p>
   </div>
   <div class='ocr_carea' id='block_1_29' title="bbox 471 2709 2048 2794">
    <p class='ocr_par' dir='ltr' id='par_1_29' title="bbox 471 2709 2048 2794">
     <span class='ocr_line' id='line_1_29' title="bbox 471 2709 2048 2794; baseline 0.009 -27"><span class='ocrx_word' id='word_1_198' title='bbox 471 2709 770 2780; x_wconf 84' lang='lat' dir='ltr'><strong>mutarunt,</strong></span> <span class='ocrx_word' id='word_1_199' title='bbox 807 2716 1033 2785; x_wconf 84' lang='lat' dir='ltr'><strong>ideoque</strong></span> <span class='ocrx_word' id='word_1_200' title='bbox 1084 2719 1252 2774; x_wconf 90' lang='lat' dir='ltr'><strong>multo</strong></span> <span class='ocrx_word' id='word_1_201' title='bbox 1281 2720 1501 2791; x_wconf 79' lang='lat' dir='ltr'><strong>pejores</strong></span> <span class='ocrx_word' id='word_1_202' title='bbox 1554 2722 1661 2777; x_wconf 90' lang='lat' dir='ltr'><strong>illis</strong></span> <span class='ocrx_word' id='word_1_203' title='bbox 1711 2723 1837 2779; x_wconf 84' lang='lat' dir='ltr'><strong>facti</strong></span> <span class='ocrx_word' id='word_1_204' title='bbox 1897 2737 2048 2794; x_wconf 89' lang='lat' dir='ltr'><strong>sunt,</strong></span> 
     </span>
    </p>
   </div>
   <div class='ocr_carea' id='block_1_30' title="bbox 469 2804 2049 2872">
    <p class='ocr_par' dir='ltr' id='par_1_30' title="bbox 469 2804 2049 2872">
     <span class='ocr_line' id='line_1_30' title="bbox 469 2804 2049 2872; baseline 0.011 -18"><span class='ocrx_word' id='word_1_205' title='bbox 469 2804 559 2872; x_wconf 90' lang='lat' dir='ltr'>qui</span> <span class='ocrx_word' id='word_1_206' title='bbox 594 2804 661 2860; x_wconf 89' lang='lat' dir='ltr'>ab</span> <span class='ocrx_word' id='word_1_207' title='bbox 691 2806 847 2861; x_wconf 88' lang='lat' dir='ltr'><strong>initio</strong></span> <span class='ocrx_word' id='word_1_208' title='bbox 872 2807 995 2862; x_wconf 87' lang='lat' dir='ltr'><strong>boni</strong></span> <span class='ocrx_word' id='word_1_209' title='bbox 1024 2822 1129 2862; x_wconf 89' lang='lat' dir='ltr'>non</span> <span class='ocrx_word' id='word_1_210' title='bbox 1158 2809 1400 2865; x_wconf 85' lang='lat' dir='ltr'><strong>fuerunt.</strong></span> <span class='ocrx_word' id='word_1_211' title='bbox 1428 2810 1627 2866; x_wconf 85' lang='lat' dir='ltr'><strong>Verum</strong></span> <span class='ocrx_word' id='word_1_212' title='bbox 1652 2829 1761 2869; x_wconf 87' lang='lat' dir='ltr'>non</span> <span class='ocrx_word' id='word_1_213' title='bbox 1783 2815 1854 2869; x_wconf 88' lang='lat' dir='ltr'>ob</span> <span class='ocrx_word' id='word_1_214' title='bbox 1883 2816 2049 2872; x_wconf 88' lang='lat' dir='ltr'><strong>hasce</strong></span> 
     </span>
    </p>
   </div>
   <div class='ocr_carea' id='block_1_31' title="bbox 469 2899 2044 2969">
    <p class='ocr_par' dir='ltr' id='par_1_31' title="bbox 469 2899 2044 2969">
     <span class='ocr_line' id='line_1_31' title="bbox 469 2899 2044 2969; baseline 0.01 -19"><span class='ocrx_word' id='word_1_215' title='bbox 469 2912 665 2952; x_wconf 85' lang='lat' dir='ltr'><strong>causas</strong></span> <span class='ocrx_word' id='word_1_216' title='bbox 696 2899 926 2968; x_wconf 80' lang='lat' dir='ltr'><strong>benigno</strong></span> <span class='ocrx_word' id='word_1_217' title='bbox 958 2915 1174 2969; x_wconf 88' lang='lat' dir='ltr'><strong>quoque</strong></span> <span class='ocrx_word' id='word_1_218' title='bbox 1209 2900 1318 2956; x_wconf 89' lang='lat' dir='ltr'>Deo</span> <span class='ocrx_word' id='word_1_219' title='bbox 1346 2916 1474 2957; x_wconf 89' lang='lat' dir='ltr'><strong>sunt</strong></span> <span class='ocrx_word' id='word_1_220' title='bbox 1502 2905 1553 2957; x_wconf 91' lang='lat' dir='ltr'><strong>in</strong></span> <span class='ocrx_word' id='word_1_221' title='bbox 1585 2905 1730 2962; x_wconf 90' lang='lat' dir='ltr'><strong>odio.</strong></span> <span class='ocrx_word' id='word_1_222' title='bbox 1790 2908 2044 2965; x_wconf 90' lang='lat' dir='ltr'><strong>Sedenim</strong></span> 
     </span>
    </p>
   </div>
   <div class='ocr_carea' id='block_1_32' title="bbox 470 2989 2042 3069">
    <p class='ocr_par' dir='ltr' id='par_1_32' title="bbox 470 2989 2042 3069">
     <span class='ocr_line' id='line_1_32' title="bbox 470 2989 2042 3069; baseline 0.008 -27"><span class='ocrx_word' id='word_1_223' title='bbox 470 2989 784 3057; x_wconf 84' lang='lat' dir='ltr'><strong>persuaderi</strong></span> <span class='ocrx_word' id='word_1_224' title='bbox 825 2992 956 3045; x_wconf 89' lang='lat' dir='ltr'><strong>mihi</strong></span> <span class='ocrx_word' id='word_1_225' title='bbox 983 3006 1089 3047; x_wconf 91' lang='lat' dir='ltr'>non</span> <span class='ocrx_word' id='word_1_226' title='bbox 1132 2994 1334 3061; x_wconf 85' lang='lat' dir='ltr'><strong>patior,</strong></span> <span class='ocrx_word' id='word_1_227' title='bbox 1405 2995 1619 3064; x_wconf 89' lang='lat' dir='ltr'><strong>inquiet</strong></span> <span class='ocrx_word' id='word_1_228' title='bbox 1673 2998 2042 3069; x_wconf 88' lang='lat' dir='ltr'><strong>adversarius,</strong></span> 
     </span>
    </p>
   </div>
   <div class='ocr_carea' id='block_1_33' title="bbox 468 3082 2041 3155">
    <p class='ocr_par' dir='ltr' id='par_1_33' title="bbox 468 3082 2041 3155">
     <span class='ocr_line' id='line_1_33' title="bbox 468 3082 2041 3155; baseline 0.008 -20"><span class='ocrx_word' id='word_1_229' title='bbox 468 3098 574 3136; x_wconf 91' lang='lat' dir='ltr'>non</span> <span class='ocrx_word' id='word_1_230' title='bbox 609 3084 705 3136; x_wconf 87' lang='lat' dir='ltr'><strong>hos</strong></span> <span class='ocrx_word' id='word_1_231' title='bbox 728 3082 1121 3140; x_wconf 81' lang='lat' dir='ltr'><strong>abominabiles</strong></span> <span class='ocrx_word' id='word_1_232' title='bbox 1144 3100 1265 3140; x_wconf 91' lang='lat' dir='ltr'><strong>esse</strong></span> <span class='ocrx_word' id='word_1_233' title='bbox 1292 3085 1421 3150; x_wconf 87' lang='lat' dir='ltr'><strong>Deo,</strong></span> <span class='ocrx_word' id='word_1_234' title='bbox 1451 3088 1542 3155; x_wconf 88' lang='lat' dir='ltr'>qui</span> <span class='ocrx_word' id='word_1_235' title='bbox 1573 3089 1713 3143; x_wconf 86' lang='lat' dir='ltr'><strong>mala</strong></span> <span class='ocrx_word' id='word_1_236' title='bbox 1755 3093 1888 3154; x_wconf 88' lang='lat' dir='ltr'><strong>odit,</strong></span> <span class='ocrx_word' id='word_1_237' title='bbox 1918 3108 2041 3147; x_wconf 90' lang='lat' dir='ltr'><strong>cum</strong></span> 
     </span>
    </p>
   </div>
   <div class='ocr_carea' id='block_1_34' title="bbox 2180 596 3750 670">
    <p class='ocr_par' dir='ltr' id='par_1_34' title="bbox 2180 596 3750 670">
     <span class='ocr_line' id='line_1_34' title="bbox 2180 596 3750 670; baseline -0.003 -16"><span class='ocrx_word' id='word_1_238' title='bbox 2180 601 2504 655; x_wconf 78' lang='grc' dir='ltr'>Ἀπόστολον</span> <span class='ocrx_word' id='word_1_239' title='bbox 2527 644 2542 669; x_wconf 89' lang='grc'>,</span> <span class='ocrx_word' id='word_1_240' title='bbox 2576 601 2630 654; x_wconf 90' lang='grc' dir='ltr'>τί</span> <span class='ocrx_word' id='word_1_241' title='bbox 2661 602 2780 655; x_wconf 87' lang='grc' dir='ltr'>ποτ’</span> <span class='ocrx_word' id='word_1_242' title='bbox 2807 602 2871 655; x_wconf 85' lang='grc' dir='ltr'>ἂν</span> <span class='ocrx_word' id='word_1_243' title='bbox 2902 601 3115 670; x_wconf 81' lang='grc' dir='ltr'>γένοιτο</span> <span class='ocrx_word' id='word_1_244' title='bbox 3144 600 3322 656; x_wconf 75' lang='grc' dir='ltr'>κοινδν</span> <span class='ocrx_word' id='word_1_245' title='bbox 3351 599 3428 669; x_wconf 85' lang='grc' dir='ltr'>τῷ</span> <span class='ocrx_word' id='word_1_246' title='bbox 3457 598 3577 668; x_wconf 88' lang='grc' dir='ltr'>Θεῷ</span> <span class='ocrx_word' id='word_1_247' title='bbox 3612 596 3750 667; x_wconf 70' lang='grc' dir='ltr'>πρὸς</span> 
     </span>
    </p>
   </div>
   <div class='ocr_carea' id='block_1_35' title="bbox 2164 691 3747 765">
    <p class='ocr_par' dir='ltr' id='par_1_35' title="bbox 2164 691 3747 765">
     <span class='ocr_line' id='line_1_35' title="bbox 2164 691 3747 765; baseline -0.002 -20"><span class='ocrx_word' id='word_1_248' title='bbox 2164 694 2224 746; x_wconf 84' lang='grc' dir='ltr'>τὸ</span> <span class='ocrx_word' id='word_1_249' title='bbox 2261 698 2451 762; x_wconf 74' lang='grc' dir='ltr'>μῖσοςς</span> <span class='ocrx_word' id='word_1_250' title='bbox 2488 695 2599 749; x_wconf 77' lang='grc' dir='ltr'>Καὶ</span> <span class='ocrx_word' id='word_1_251' title='bbox 2635 696 2708 765; x_wconf 88' lang='grc' dir='ltr'>μή</span> <span class='ocrx_word' id='word_1_252' title='bbox 2746 713 2836 764; x_wconf 87' lang='grc' dir='ltr'>μοι</span> <span class='ocrx_word' id='word_1_253' title='bbox 2869 697 2936 749; x_wconf 71' lang='grc' dir='ltr'>τα</span> <span class='ocrx_word' id='word_1_254' title='bbox 2974 695 3114 765; x_wconf 80' lang='grc' dir='ltr'>σοφά</span> <span class='ocrx_word' id='word_1_255' title='bbox 3143 694 3338 757; x_wconf 85' lang='grc' dir='ltr'>ταῦτα,</span> <span class='ocrx_word' id='word_1_256' title='bbox 3370 694 3452 747; x_wconf 85' lang='grc' dir='ltr'>ὅτι</span> <span class='ocrx_word' id='word_1_257' title='bbox 3485 693 3612 754; x_wconf 81' lang='grc' dir='ltr'>τοῦς</span> <span class='ocrx_word' id='word_1_258' title='bbox 3649 691 3747 761; x_wconf 80' lang='grc' dir='ltr'>μὲν</span> 
     </span>
    </p>
   </div>
   <div class='ocr_carea' id='block_1_36' title="bbox 2165 785 3745 858">
    <p class='ocr_par' dir='ltr' id='par_1_36' title="bbox 2165 785 3745 858">
     <span class='ocr_line' id='line_1_36' title="bbox 2165 785 3745 858; baseline -0.009 -9"><span class='ocrx_word' id='word_1_259' title='bbox 2165 785 2402 857; x_wconf 75' lang='grc' dir='ltr'>ἔξαρχῆς</span> <span class='ocrx_word' id='word_1_260' title='bbox 2443 788 2680 855; x_wconf 78' lang='grc' dir='ltr'>φαύλους</span> <span class='ocrx_word' id='word_1_261' title='bbox 2721 790 2822 844; x_wconf 75' lang='grc' dir='ltr'>κάν</span> <span class='ocrx_word' id='word_1_262' title='bbox 2856 793 2938 851; x_wconf 83' lang='grc' dir='ltr'>τις</span> <span class='ocrx_word' id='word_1_263' title='bbox 2980 788 3221 858; x_wconf 78' lang='grc' dir='ltr'>ἐλεήσειε</span> <span class='ocrx_word' id='word_1_264' title='bbox 3253 788 3361 839; x_wconf 87' lang='grc' dir='ltr'>τῶν</span> <span class='ocrx_word' id='word_1_265' title='bbox 3398 786 3701 855; x_wconf 78' lang='grc' dir='ltr'>ἀνθρώπων</span> <span class='ocrx_word' id='word_1_266' title='bbox 3730 800 3745 814; x_wconf 90' lang='grc'><strong>·</strong></span> 
     </span>
    </p>
   </div>
   <div class='ocr_carea' id='block_1_37' title="bbox 2162 874 3746 949">
    <p class='ocr_par' dir='ltr' id='par_1_37' title="bbox 2162 874 3746 949">
     <span class='ocr_line' id='line_1_37' title="bbox 2162 874 3746 949; baseline 0.001 -23"><span class='ocrx_word' id='word_1_267' title='bbox 2162 876 2286 938; x_wconf 84' lang='grc' dir='ltr'>τοὺς</span> <span class='ocrx_word' id='word_1_268' title='bbox 2331 876 2376 928; x_wconf 83' lang='grc' dir='ltr'>δ’</span> <span class='ocrx_word' id='word_1_269' title='bbox 2402 880 2572 949; x_wconf 80' lang='grc' dir='ltr'>ἀρετῇ</span> <span class='ocrx_word' id='word_1_270' title='bbox 2627 878 2989 948; x_wconf 81' lang='grc' dir='ltr'>συζήσαντας,</span> <span class='ocrx_word' id='word_1_271' title='bbox 3031 874 3150 931; x_wconf 73' lang='grc' dir='ltr'>εἶτα</span> <span class='ocrx_word' id='word_1_272' title='bbox 3191 879 3303 940; x_wconf 81' lang='grc' dir='ltr'>τοῖς</span> <span class='ocrx_word' id='word_1_273' title='bbox 3344 880 3533 940; x_wconf 79' lang='grc' dir='ltr'>κακοῖς</span> <span class='ocrx_word' id='word_1_274' title='bbox 3578 892 3746 945; x_wconf 77' lang='grc' dir='ltr'>προσ-</span> 
     </span>
    </p>
   </div>
   <div class='ocr_carea' id='block_1_38' title="bbox 2164 966 3745 1038">
    <p class='ocr_par' dir='ltr' id='par_1_38' title="bbox 2164 966 3745 1038">
     <span class='ocr_line' id='line_1_38' title="bbox 2164 966 3745 1038; baseline 0 -19"><span class='ocrx_word' id='word_1_275' title='bbox 2164 966 2506 1034; x_wconf 81' lang='grc' dir='ltr'>δραμόντας,</span> <span class='ocrx_word' id='word_1_276' title='bbox 2546 968 2656 1022; x_wconf 80' lang='grc' dir='ltr'>οὐδ’</span> <span class='ocrx_word' id='word_1_277' title='bbox 2680 972 2708 1023; x_wconf 83' lang='grc' dir='ltr'>ὁ</span> <span class='ocrx_word' id='word_1_278' title='bbox 2743 970 2899 1033; x_wconf 85' lang='grc' dir='ltr'>Θεός.</span> <span class='ocrx_word' id='word_1_279' title='bbox 2929 970 3085 1021; x_wconf 86' lang='grc' dir='ltr'>Ἔστι</span> <span class='ocrx_word' id='word_1_280' title='bbox 3124 970 3222 1038; x_wconf 81' lang='grc' dir='ltr'>μὲν</span> <span class='ocrx_word' id='word_1_281' title='bbox 3256 970 3363 1038; x_wconf 72' lang='grc' dir='ltr'>γὰρ</span> <span class='ocrx_word' id='word_1_282' title='bbox 3401 969 3631 1037; x_wconf 79' lang='grc' dir='ltr'>ἀληθὲς,</span> <span class='ocrx_word' id='word_1_283' title='bbox 3667 968 3745 1029; x_wconf 86' lang='grc' dir='ltr'>ὡς</span> 
     </span>
    </p>
   </div>
   <div class='ocr_carea' id='block_1_39' title="bbox 2162 1056 3746 1135">
    <p class='ocr_par' dir='ltr' id='par_1_39' title="bbox 2162 1056 3746 1135">
     <span class='ocr_line' id='line_1_39' title="bbox 2162 1056 3746 1135; baseline 0.003 -27"><span class='ocrx_word' id='word_1_284' title='bbox 2162 1056 2308 1109; x_wconf 86' lang='grc' dir='ltr'>οῦτοι</span> <span class='ocrx_word' id='word_1_285' title='bbox 2338 1059 2555 1128; x_wconf 82' lang='grc' dir='ltr'>χείρους</span> <span class='ocrx_word' id='word_1_286' title='bbox 2582 1061 2826 1115; x_wconf 81' lang='grc' dir='ltr'>ἐκείνων.</span> <span class='ocrx_word' id='word_1_287' title='bbox 2863 1062 3087 1135; x_wconf 83' lang='grc' dir='ltr'>Ἐκεῖνοι</span> <span class='ocrx_word' id='word_1_288' title='bbox 3113 1061 3221 1131; x_wconf 85' lang='grc' dir='ltr'>γὰρ</span> <span class='ocrx_word' id='word_1_289' title='bbox 3244 1060 3354 1114; x_wconf 83' lang='grc' dir='ltr'>οὐδ’</span> <span class='ocrx_word' id='word_1_290' title='bbox 3382 1061 3560 1114; x_wconf 79' lang='grc' dir='ltr'>ἴσασιν</span> <span class='ocrx_word' id='word_1_291' title='bbox 3585 1064 3746 1130; x_wconf 78' lang='grc' dir='ltr'>ἀκρι-</span> 
     </span>
    </p>
   </div>
   <div class='ocr_carea' id='block_1_40' title="bbox 2163 1147 3740 1224">
    <p class='ocr_par' dir='ltr' id='par_1_40' title="bbox 2163 1147 3740 1224">
     <span class='ocr_line' id='line_1_40' title="bbox 2163 1147 3740 1224; baseline 0.003 -25"><span class='ocrx_word' id='word_1_292' title='bbox 2163 1147 2275 1211; x_wconf 78' lang='grc' dir='ltr'>ϐῶς</span> <span class='ocrx_word' id='word_1_293' title='bbox 2304 1150 2402 1221; x_wconf 79' lang='grc' dir='ltr'>τὴν</span> <span class='ocrx_word' id='word_1_294' title='bbox 2434 1154 2526 1205; x_wconf 70' lang='grc' dir='ltr'>ἐπὶ</span> <span class='ocrx_word' id='word_1_295' title='bbox 2557 1153 2618 1205; x_wconf 79' lang='grc' dir='ltr'>τὸ</span> <span class='ocrx_word' id='word_1_296' title='bbox 2651 1153 2929 1223; x_wconf 76' lang='grc' dir='ltr'>βέλτιστον</span> <span class='ocrx_word' id='word_1_297' title='bbox 2962 1154 3259 1224; x_wconf 75' lang='grc' dir='ltr'>φέρουσαν,</span> <span class='ocrx_word' id='word_1_298' title='bbox 3290 1151 3412 1205; x_wconf 77' lang='grc' dir='ltr'>οὐδὲ</span> <span class='ocrx_word' id='word_1_299' title='bbox 3446 1152 3740 1221; x_wconf 71' lang='grc' dir='ltr'>ἐγεύσαντο</span> 
     </span>
    </p>
   </div>
   <div class='ocr_carea' id='block_1_41' title="bbox 2161 1240 3735 1315">
    <p class='ocr_par' dir='ltr' id='par_1_41' title="bbox 2161 1240 3735 1315">
     <span class='ocr_line' id='line_1_41' title="bbox 2161 1240 3735 1315; baseline 0.005 -24"><span class='ocrx_word' id='word_1_300' title='bbox 2161 1240 2271 1294; x_wconf 85' lang='grc' dir='ltr'>τῶν</span> <span class='ocrx_word' id='word_1_301' title='bbox 2322 1243 2528 1310; x_wconf 82' lang='grc' dir='ltr'>κακῶν,</span> <span class='ocrx_word' id='word_1_302' title='bbox 2577 1244 2718 1303; x_wconf 76' lang='grc' dir='ltr'>ὥστε</span> <span class='ocrx_word' id='word_1_303' title='bbox 2770 1247 2864 1299; x_wconf 71' lang='grc' dir='ltr'>καὶ</span> <span class='ocrx_word' id='word_1_304' title='bbox 2913 1245 3284 1315; x_wconf 73' lang='grc' dir='ltr'>διαφερόντως</span> <span class='ocrx_word' id='word_1_305' title='bbox 3333 1244 3538 1298; x_wconf 87' lang='grc' dir='ltr'>τούτων</span> <span class='ocrx_word' id='word_1_306' title='bbox 3582 1246 3735 1315; x_wconf 81' lang='grc' dir='ltr'>ὲρᾷν.</span> 
     </span>
    </p>
   </div>
   <div class='ocr_carea' id='block_1_42' title="bbox 2163 1335 3734 1409">
    <p class='ocr_par' dir='ltr' id='par_1_42' title="bbox 2163 1335 3734 1409">
     <span class='ocr_line' id='line_1_42' title="bbox 2163 1335 3734 1409; baseline 0 -22"><span class='ocrx_word' id='word_1_307' title='bbox 2163 1335 2273 1390; x_wconf 71' lang='grc' dir='ltr'>Καὶ</span> <span class='ocrx_word' id='word_1_308' title='bbox 2306 1336 2479 1390; x_wconf 79' lang='grc' dir='ltr'>ταῦτα</span> <span class='ocrx_word' id='word_1_309' title='bbox 2513 1337 2724 1402; x_wconf 80' lang='grc' dir='ltr'>τούτοις</span> <span class='ocrx_word' id='word_1_310' title='bbox 2765 1339 2979 1407; x_wconf 88' lang='grc' dir='ltr'>γίνεται</span> <span class='ocrx_word' id='word_1_311' title='bbox 3019 1340 3081 1391; x_wconf 82' lang='grc' dir='ltr'>ού</span> <span class='ocrx_word' id='word_1_312' title='bbox 3122 1338 3402 1401; x_wconf 81' lang='grc' dir='ltr'>παντελῶς</span> <span class='ocrx_word' id='word_1_313' title='bbox 3435 1355 3517 1400; x_wconf 87' lang='grc' dir='ltr'>τις</span> <span class='ocrx_word' id='word_1_314' title='bbox 3559 1339 3734 1409; x_wconf 72' lang='grc' dir='ltr'>φαύλη</span> 
     </span>
    </p>
   </div>
   <div class='ocr_carea' id='block_1_43' title="bbox 2162 1427 3733 1500">
    <p class='ocr_par' dir='ltr' id='par_1_43' title="bbox 2162 1427 3733 1500">
     <span class='ocr_line' id='line_1_43' title="bbox 2162 1427 3733 1500; baseline 0.004 -23"><span class='ocrx_word' id='word_1_315' title='bbox 2162 1427 2516 1497; x_wconf 82' lang='grc' dir='ltr'>παραίτησις.</span> <span class='ocrx_word' id='word_1_316' title='bbox 2550 1432 2613 1483; x_wconf 80' lang='lat' dir='ltr'>Oi</span> <span class='ocrx_word' id='word_1_317' title='bbox 2643 1429 2688 1483; x_wconf 86' lang='grc' dir='ltr'>δ’</span> <span class='ocrx_word' id='word_1_318' title='bbox 2712 1433 2777 1483; x_wconf 87' lang='grc' dir='ltr'>ὲκ</span> <span class='ocrx_word' id='word_1_319' title='bbox 2811 1430 3021 1483; x_wconf 77' lang='grc' dir='ltr'>παίδων</span> <span class='ocrx_word' id='word_1_320' title='bbox 3051 1430 3426 1500; x_wconf 78' lang='grc' dir='ltr'>ἐπειράθησαν</span> <span class='ocrx_word' id='word_1_321' title='bbox 3456 1431 3565 1482; x_wconf 91' lang='grc' dir='ltr'>τῶν</span> <span class='ocrx_word' id='word_1_322' title='bbox 3596 1431 3733 1497; x_wconf 82' lang='grc' dir='ltr'>ἀγα-</span> 
     </span>
    </p>
   </div>
   <div class='ocr_carea' id='block_1_44' title="bbox 2161 1520 3734 1594">
    <p class='ocr_par' dir='ltr' id='par_1_44' title="bbox 2161 1520 3734 1594">
     <span class='ocr_line' id='line_1_44' title="bbox 2161 1520 3734 1594; baseline 0 -19"><span class='ocrx_word' id='word_1_323' title='bbox 2161 1520 2269 1575; x_wconf 86' lang='grc' dir='ltr'>Θῶν</span> <span class='ocrx_word' id='word_1_324' title='bbox 2310 1520 2509 1590; x_wconf 75' lang='grc' dir='ltr'>ἔργων,</span> <span class='ocrx_word' id='word_1_325' title='bbox 2552 1524 2648 1577; x_wconf 75' lang='grc' dir='ltr'>καὶ</span> <span class='ocrx_word' id='word_1_326' title='bbox 2695 1524 2854 1593; x_wconf 81' lang='grc' dir='ltr'>μέχρι</span> <span class='ocrx_word' id='word_1_327' title='bbox 2900 1525 3089 1594; x_wconf 82' lang='grc' dir='ltr'>γήρως</span> <span class='ocrx_word' id='word_1_328' title='bbox 3135 1524 3233 1577; x_wconf 82' lang='grc' dir='ltr'>σὺν</span> <span class='ocrx_word' id='word_1_329' title='bbox 3277 1525 3444 1594; x_wconf 81' lang='grc' dir='ltr'>ἀρετῇ</span> <span class='ocrx_word' id='word_1_330' title='bbox 3488 1526 3579 1577; x_wconf 85' lang='grc' dir='ltr'>τὸν</span> <span class='ocrx_word' id='word_1_331' title='bbox 3621 1524 3734 1594; x_wconf 84' lang='grc' dir='ltr'>βίον</span> 
     </span>
    </p>
   </div>
   <div class='ocr_carea' id='block_1_45' title="bbox 2158 1611 3731 1691">
    <p class='ocr_par' dir='ltr' id='par_1_45' title="bbox 2158 1611 3731 1691">
     <span class='ocr_line' id='line_1_45' title="bbox 2158 1611 3731 1691; baseline 0.003 -28"><span class='ocrx_word' id='word_1_332' title='bbox 2158 1611 2443 1691; x_wconf 70' lang='grc' dir='ltr'>διήνυσαν.</span> <span class='ocrx_word' id='word_1_333' title='bbox 2476 1614 2708 1668; x_wconf 87' lang='grc' dir='ltr'>Ἔπειτα</span> <span class='ocrx_word' id='word_1_334' title='bbox 2750 1616 2819 1668; x_wconf 85' lang='grc' dir='ltr'>τὰ</span> <span class='ocrx_word' id='word_1_335' title='bbox 2862 1616 3074 1684; x_wconf 74' lang='grc' dir='ltr'>ἀγαθὰ,</span> <span class='ocrx_word' id='word_1_336' title='bbox 3121 1611 3203 1680; x_wconf 76' lang='grc' dir='ltr'>οἷς</span> <span class='ocrx_word' id='word_1_337' title='bbox 3250 1616 3731 1686; x_wconf 77' lang='grc' dir='ltr'>συμϐεϐιὼκεσαν,</span> 
     </span>
    </p>
   </div>
   <div class='ocr_carea' id='block_1_46' title="bbox 2159 1697 3735 1779">
    <p class='ocr_par' dir='ltr' id='par_1_46' title="bbox 2159 1697 3735 1779">
     <span class='ocr_line' id='line_1_46' title="bbox 2159 1697 3735 1779; baseline 0.005 -25"><span class='ocrx_word' id='word_1_338' title='bbox 2159 1697 2241 1766; x_wconf 76' lang='grc' dir='ltr'>οἷς</span> <span class='ocrx_word' id='word_1_339' title='bbox 2284 1704 2554 1776; x_wconf 75' lang='grc' dir='ltr'>ἐτρύφων,</span> <span class='ocrx_word' id='word_1_340' title='bbox 2596 1705 2786 1778; x_wconf 88' lang='grc' dir='ltr'>ῶσπερ</span> <span class='ocrx_word' id='word_1_341' title='bbox 2826 1726 2880 1761; x_wconf 89' lang='grc' dir='ltr'>τι</span> <span class='ocrx_word' id='word_1_342' title='bbox 2923 1710 3180 1779; x_wconf 77' lang='grc' dir='ltr'>ῥίψαντες</span> <span class='ocrx_word' id='word_1_343' title='bbox 3227 1708 3381 1779; x_wconf 79' lang='grc' dir='ltr'>ἄγος,</span> <span class='ocrx_word' id='word_1_344' title='bbox 3422 1712 3554 1778; x_wconf 82' lang='grc' dir='ltr'>παρ’</span> <span class='ocrx_word' id='word_1_345' title='bbox 3580 1710 3735 1762; x_wconf 80' lang='grc' dir='ltr'>οὐδὲν</span> 
     </span>
    </p>
   </div>
   <div class='ocr_carea' id='block_1_47' title="bbox 2162 1794 3732 1871">
    <p class='ocr_par' dir='ltr' id='par_1_47' title="bbox 2162 1794 3732 1871">
     <span class='ocr_line' id='line_1_47' title="bbox 2162 1794 3732 1871; baseline 0.006 -25"><span class='ocrx_word' id='word_1_346' title='bbox 2162 1795 2261 1863; x_wconf 83' lang='grc' dir='ltr'>μὲν</span> <span class='ocrx_word' id='word_1_347' title='bbox 2293 1794 2511 1864; x_wconf 84' lang='grc' dir='ltr'>θέμενοι</span> <span class='ocrx_word' id='word_1_348' title='bbox 2541 1798 2638 1869; x_wconf 80' lang='grc' dir='ltr'>τὴν</span> <span class='ocrx_word' id='word_1_349' title='bbox 2669 1800 2934 1870; x_wconf 76' lang='grc' dir='ltr'>αἰσχύνην</span> <span class='ocrx_word' id='word_1_350' title='bbox 2956 1840 2971 1864; x_wconf 95' lang='grc'>,</span> <span class='ocrx_word' id='word_1_351' title='bbox 3007 1803 3138 1871; x_wconf 89' lang='grc' dir='ltr'>παρ’</span> <span class='ocrx_word' id='word_1_352' title='bbox 3165 1802 3316 1855; x_wconf 82' lang='grc' dir='ltr'>οὐδὲν</span> <span class='ocrx_word' id='word_1_353' title='bbox 3347 1803 3403 1855; x_wconf 84' lang='grc' dir='ltr'>δὲ</span> <span class='ocrx_word' id='word_1_354' title='bbox 3433 1803 3492 1855; x_wconf 82' lang='grc' dir='ltr'>τὸ</span> <span class='ocrx_word' id='word_1_355' title='bbox 3524 1802 3732 1866; x_wconf 85' lang='grc' dir='ltr'>κακδν,</span> 
     </span>
    </p>
   </div>
   <div class='ocr_carea' id='block_1_48' title="bbox 2092 1865 3733 1964">
    <p class='ocr_par' dir='ltr' id='par_1_48' title="bbox 2092 1865 3733 1964">
     <span class='ocr_line' id='line_1_48' title="bbox 2092 1865 3733 1964; baseline 0.006 -27"><span class='ocrx_word' id='word_1_356' title='bbox 2092 1865 2131 1919; x_wconf 78' lang='grc' dir='ltr'><strong>Β</strong></span> <span class='ocrx_word' id='word_1_357' title='bbox 2161 1886 2253 1938; x_wconf 78' lang='grc' dir='ltr'>καὶ</span> <span class='ocrx_word' id='word_1_358' title='bbox 2279 1887 2377 1958; x_wconf 80' lang='grc' dir='ltr'>τὴν</span> <span class='ocrx_word' id='word_1_359' title='bbox 2406 1889 2513 1943; x_wconf 83' lang='grc' dir='ltr'>ἀπὸ</span> <span class='ocrx_word' id='word_1_360' title='bbox 2537 1865 2687 1944; x_wconf 86' lang='grc' dir='ltr'>τοῦδε</span> <span class='ocrx_word' id='word_1_361' title='bbox 2720 1865 2949 1962; x_wconf 34' lang='grc' dir='ltr'>βλάϐη-ν,</span> <span class='ocrx_word' id='word_1_362' title='bbox 2978 1893 3074 1962; x_wconf 82' lang='grc' dir='ltr'>τὴν</span> <span class='ocrx_word' id='word_1_363' title='bbox 3090 1865 3238 1961; x_wconf 45' lang='grc' dir='ltr'>’πρὸς</span> <span class='ocrx_word' id='word_1_364' title='bbox 3271 1896 3368 1957; x_wconf 84' lang='grc' dir='ltr'>τὰς</span> <span class='ocrx_word' id='word_1_365' title='bbox 3399 1894 3587 1964; x_wconf 77' lang='grc' dir='ltr'>ἡδονὰς</span> <span class='ocrx_word' id='word_1_366' title='bbox 3615 1865 3733 1947; x_wconf 49' lang='grc' dir='ltr'>δουέ</span> 
     </span>
    </p>
   </div>
   <div class='ocr_carea' id='block_1_49' title="bbox 2158 1974 3730 2053">
    <p class='ocr_par' dir='ltr' id='par_1_49' title="bbox 2158 1974 3730 2053">
     <span class='ocr_line' id='line_1_49' title="bbox 2158 1974 3730 2053; baseline 0.006 -25"><span class='ocrx_word' id='word_1_367' title='bbox 2158 1974 2312 2030; x_wconf 89' lang='grc' dir='ltr'>λείαν</span> <span class='ocrx_word' id='word_1_368' title='bbox 2360 1980 2460 2049; x_wconf 82' lang='grc' dir='ltr'>τῆς</span> <span class='ocrx_word' id='word_1_369' title='bbox 2510 1982 2606 2034; x_wconf 87' lang='grc' dir='ltr'>τοῦ</span> <span class='ocrx_word' id='word_1_370' title='bbox 2655 1982 2793 2036; x_wconf 85' lang='grc' dir='ltr'>Θεοῦ</span> <span class='ocrx_word' id='word_1_371' title='bbox 2845 1984 3068 2053; x_wconf 85' lang='grc' dir='ltr'>χάριτος</span> <span class='ocrx_word' id='word_1_372' title='bbox 3116 1984 3435 2053; x_wconf 64' lang='grc' dir='ltr'>ἠλλάξαντο.</span> <span class='ocrx_word' id='word_1_373' title='bbox 3486 1986 3597 2037; x_wconf 67' lang='grc' dir='ltr'>Καὶ</span> <span class='ocrx_word' id='word_1_374' title='bbox 3642 1985 3730 2043; x_wconf 73' lang='grc' dir='ltr'>διὰ</span> 
     </span>
    </p>
   </div>
   <div class='ocr_carea' id='block_1_50' title="bbox 2156 2070 3737 2144">
    <p class='ocr_par' dir='ltr' id='par_1_50' title="bbox 2156 2070 3737 2144">
     <span class='ocr_line' id='line_1_50' title="bbox 2156 2070 3737 2144; baseline 0.004 -22"><span class='ocrx_word' id='word_1_375' title='bbox 2156 2070 2330 2123; x_wconf 89' lang='grc' dir='ltr'>ταῦτα</span> <span class='ocrx_word' id='word_1_376' title='bbox 2373 2072 2509 2125; x_wconf 90' lang='grc' dir='ltr'>πολύ</span> <span class='ocrx_word' id='word_1_377' title='bbox 2556 2091 2609 2126; x_wconf 88' lang='grc' dir='ltr'>τι</span> <span class='ocrx_word' id='word_1_378' title='bbox 2650 2074 2869 2144; x_wconf 85' lang='grc' dir='ltr'>χείρους</span> <span class='ocrx_word' id='word_1_379' title='bbox 2915 2075 3173 2143; x_wconf 85' lang='grc' dir='ltr'>γεγόνασι</span> <span class='ocrx_word' id='word_1_380' title='bbox 3215 2076 3324 2127; x_wconf 89' lang='grc' dir='ltr'>τῶν</span> <span class='ocrx_word' id='word_1_381' title='bbox 3366 2076 3464 2128; x_wconf 78' lang='grc' dir='ltr'>οὐκ</span> <span class='ocrx_word' id='word_1_382' title='bbox 3509 2075 3737 2141; x_wconf 76' lang='grc' dir='ltr'>ἀγαθῶν</span> 
     </span>
    </p>
   </div>
   <div class='ocr_carea' id='block_1_51' title="bbox 2156 2159 3729 2235">
    <p class='ocr_par' dir='ltr' id='par_1_51' title="bbox 2156 2159 3729 2235">
     <span class='ocr_line' id='line_1_51' title="bbox 2156 2159 3729 2235; baseline 0.003 -23"><span class='ocrx_word' id='word_1_383' title='bbox 2156 2159 2394 2229; x_wconf 80' lang='grc' dir='ltr'>ἑξαρχῆς</span> <span class='ocrx_word' id='word_1_384' title='bbox 2423 2163 2746 2229; x_wconf 78' lang='grc' dir='ltr'>γεγονότων.</span> <span class='ocrx_word' id='word_1_385' title='bbox 2784 2165 2857 2216; x_wconf 75' lang='grc' dir='ltr'>Οὐ</span> <span class='ocrx_word' id='word_1_386' title='bbox 2889 2169 2997 2233; x_wconf 84' lang='grc' dir='ltr'>μήν</span> <span class='ocrx_word' id='word_1_387' title='bbox 3023 2183 3086 2233; x_wconf 89' lang='grc' dir='ltr'>γε</span> <span class='ocrx_word' id='word_1_388' title='bbox 3118 2166 3321 2218; x_wconf 90' lang='grc' dir='ltr'>τούτων</span> <span class='ocrx_word' id='word_1_389' title='bbox 3350 2166 3510 2218; x_wconf 71' lang='grc' dir='ltr'>ἕνεκα</span> <span class='ocrx_word' id='word_1_390' title='bbox 3536 2167 3627 2218; x_wconf 65' lang='grc' dir='ltr'>καί⁵</span> <span class='ocrx_word' id='word_1_391' title='bbox 3652 2166 3729 2235; x_wconf 83' lang='grc' dir='ltr'>τῷ</span> 
     </span>
    </p>
   </div>
   <div class='ocr_carea' id='block_1_52' title="bbox 2155 2251 3727 2325">
    <p class='ocr_par' dir='ltr' id='par_1_52' title="bbox 2155 2251 3727 2325">
     <span class='ocr_line' id='line_1_52' title="bbox 2155 2251 3727 2325; baseline 0.003 -21"><span class='ocrx_word' id='word_1_392' title='bbox 2155 2251 2523 2323; x_wconf 79' lang='grc' dir='ltr'>φιλανθρώπῳ</span> <span class='ocrx_word' id='word_1_393' title='bbox 2557 2253 2674 2323; x_wconf 83' lang='grc' dir='ltr'>Θεῷ</span> <span class='ocrx_word' id='word_1_394' title='bbox 2711 2256 2928 2325; x_wconf 75' lang='grc' dir='ltr'>μισητοὶ</span> <span class='ocrx_word' id='word_1_395' title='bbox 2958 2256 3312 2310; x_wconf 74' lang='grc' dir='ltr'>καθεστᾶσιν.</span> <span class='ocrx_word' id='word_1_396' title='bbox 3349 2255 3494 2310; x_wconf 82' lang='grc' dir='ltr'>Ἀλλ’</span> <span class='ocrx_word' id='word_1_397' title='bbox 3518 2258 3579 2308; x_wconf 84' lang='grc' dir='ltr'>οὐ</span> <span class='ocrx_word' id='word_1_398' title='bbox 3612 2259 3727 2310; x_wconf 81' lang='grc' dir='ltr'>πεί-</span> 
     </span>
    </p>
   </div>
   <div class='ocr_carea' id='block_1_53' title="bbox 2156 2340 3722 2417">
    <p class='ocr_par' dir='ltr' id='par_1_53' title="bbox 2156 2340 3722 2417">
     <span class='ocr_line' id='line_1_53' title="bbox 2156 2340 3722 2417; baseline 0.004 -24"><span class='ocrx_word' id='word_1_399' title='bbox 2156 2340 2341 2409; x_wconf 87' lang='grc' dir='ltr'>θομαι,</span> <span class='ocrx_word' id='word_1_400' title='bbox 2375 2344 2527 2411; x_wconf 72' lang='grc' dir='ltr'>φησὶ,</span> <span class='ocrx_word' id='word_1_401' title='bbox 2564 2345 2637 2414; x_wconf 84' lang='grc' dir='ltr'>μὴ</span> <span class='ocrx_word' id='word_1_402' title='bbox 2671 2341 2812 2397; x_wconf 81' lang='grc' dir='ltr'>εἶναι</span> <span class='ocrx_word' id='word_1_403' title='bbox 2848 2346 3072 2409; x_wconf 83' lang='grc' dir='ltr'>τούτους</span> <span class='ocrx_word' id='word_1_404' title='bbox 3107 2347 3433 2416; x_wconf 80' lang='grc' dir='ltr'>βδελυκτοὺς</span> <span class='ocrx_word' id='word_1_405' title='bbox 3464 2347 3543 2416; x_wconf 83' lang='grc' dir='ltr'>τῷ</span> <span class='ocrx_word' id='word_1_406' title='bbox 3580 2365 3722 2417; x_wconf 78' lang='grc' dir='ltr'>μισο-</span> 
     </span>
    </p>
   </div>
   <div class='ocr_carea' id='block_1_54' title="bbox 2154 2433 3715 2509">
    <p class='ocr_par' dir='ltr' id='par_1_54' title="bbox 2154 2433 3715 2509">
     <span class='ocr_line' id='line_1_54' title="bbox 2154 2433 3715 2509; baseline 0.005 -25"><span class='ocrx_word' id='word_1_407' title='bbox 2154 2433 2377 2505; x_wconf 79' lang='grc' dir='ltr'>πονήρῳ</span> <span class='ocrx_word' id='word_1_408' title='bbox 2405 2435 2543 2505; x_wconf 80' lang='grc' dir='ltr'>Θεῷ,</span> <span class='ocrx_word' id='word_1_409' title='bbox 2573 2437 2631 2501; x_wconf 78' lang='grc' dir='ltr'>ἐξ</span> <span class='ocrx_word' id='word_1_410' title='bbox 2658 2438 2878 2505; x_wconf 83' lang='grc' dir='ltr'>ἀγαθῶν</span> <span class='ocrx_word' id='word_1_411' title='bbox 2905 2439 3285 2509; x_wconf 71' lang='grc' dir='ltr'>είςιπονηροὺς</span> <span class='ocrx_word' id='word_1_412' title='bbox 3316 2440 3715 2509; x_wconf 71' lang='grc' dir='ltr'>μεταϐεϐλημέ-</span> 
     </span>
    </p>
   </div>
   <div class='ocr_carea' id='block_1_55' title="bbox 2151 2526 3720 2601">
    <p class='ocr_par' dir='ltr' id='par_1_55' title="bbox 2151 2526 3720 2601">
     <span class='ocr_line' id='line_1_55' title="bbox 2151 2526 3720 2601; baseline 0.004 -24"><span class='ocrx_word' id='word_1_413' title='bbox 2151 2541 2277 2587; x_wconf 87' lang='grc' dir='ltr'>νους</span> <span class='ocrx_word' id='word_1_414' title='bbox 2320 2526 2554 2598; x_wconf 83' lang='grc' dir='ltr'>κακίστῃ</span> <span class='ocrx_word' id='word_1_415' title='bbox 2593 2530 2789 2599; x_wconf 83' lang='grc' dir='ltr'>γνώμῃ</span> <span class='ocrx_word' id='word_1_416' title='bbox 2815 2546 2829 2560; x_wconf 75' lang='grc' dir='ltr'><strong>ο</strong></span> <span class='ocrx_word' id='word_1_417' title='bbox 2865 2529 3065 2584; x_wconf 78' lang='grc' dir='ltr'>ὁπόταν</span> <span class='ocrx_word' id='word_1_418' title='bbox 3097 2531 3204 2601; x_wconf 80' lang='grc' dir='ltr'>γὰρ</span> <span class='ocrx_word' id='word_1_419' title='bbox 3245 2533 3293 2585; x_wconf 92' lang='grc' dir='ltr'>οἰ</span> <span class='ocrx_word' id='word_1_420' title='bbox 3336 2532 3720 2601; x_wconf 83' lang='grc' dir='ltr'>κακοδαίμονες</span> 
     </span>
    </p>
   </div>
   <div class='ocr_carea' id='block_1_56' title="bbox 2150 2610 3720 2691">
    <p class='ocr_par' dir='ltr' id='par_1_56' title="bbox 2150 2610 3720 2691">
     <span class='ocr_line' id='line_1_56' title="bbox 2150 2610 3720 2691; baseline 0.006 -24"><span class='ocrx_word' id='word_1_421' title='bbox 2150 2610 2300 2668; x_wconf 77' lang='grc' dir='ltr'>οὗτοι</span> <span class='ocrx_word' id='word_1_422' title='bbox 2332 2619 2555 2688; x_wconf 76' lang='grc' dir='ltr'>μισητοὶ</span> <span class='ocrx_word' id='word_1_423' title='bbox 2583 2620 2675 2672; x_wconf 75' lang='grc' dir='ltr'>καὶ</span> <span class='ocrx_word' id='word_1_424' title='bbox 2702 2619 2984 2688; x_wconf 73' lang='grc' dir='ltr'>βδελυκτοὶ</span> <span class='ocrx_word' id='word_1_425' title='bbox 3012 2620 3266 2689; x_wconf 81' lang='grc' dir='ltr'>γίνωνται</span> <span class='ocrx_word' id='word_1_426' title='bbox 3296 2623 3388 2675; x_wconf 84' lang='grc' dir='ltr'>καὶ</span> <span class='ocrx_word' id='word_1_427' title='bbox 3417 2625 3720 2691; x_wconf 82' lang='grc' dir='ltr'>συγγενέσι,</span> 
     </span>
    </p>
   </div>
   <div class='ocr_carea' id='block_1_57' title="bbox 2152 2706 3725 2782">
    <p class='ocr_par' dir='ltr' id='par_1_57' title="bbox 2152 2706 3725 2782">
     <span class='ocr_line' id='line_1_57' title="bbox 2152 2706 3725 2782; baseline 0.006 -23"><span class='ocrx_word' id='word_1_428' title='bbox 2152 2708 2245 2760; x_wconf 77' lang='grc' dir='ltr'>καὶ</span> <span class='ocrx_word' id='word_1_429' title='bbox 2278 2709 2475 2778; x_wconf 82' lang='grc' dir='ltr'>φίλοις,</span> <span class='ocrx_word' id='word_1_430' title='bbox 2508 2706 2665 2781; x_wconf 80' lang='grc' dir='ltr'>οἶμαι</span> <span class='ocrx_word' id='word_1_431' title='bbox 2697 2711 2743 2764; x_wconf 90' lang='grc' dir='ltr'>δ’</span> <span class='ocrx_word' id='word_1_432' title='bbox 2772 2713 2855 2766; x_wconf 85' lang='grc' dir='ltr'>ὅτι</span> <span class='ocrx_word' id='word_1_433' title='bbox 2888 2712 2982 2767; x_wconf 74' lang='grc' dir='ltr'>καὶ</span> <span class='ocrx_word' id='word_1_434' title='bbox 3016 2714 3257 2782; x_wconf 84' lang='grc' dir='ltr'>γονεῦσι,</span> <span class='ocrx_word' id='word_1_435' title='bbox 3294 2714 3388 2767; x_wconf 72' lang='grc' dir='ltr'>καὶ</span> <span class='ocrx_word' id='word_1_436' title='bbox 3421 2716 3601 2778; x_wconf 81' lang='grc' dir='ltr'>παισὶ,</span> <span class='ocrx_word' id='word_1_437' title='bbox 3635 2715 3725 2768; x_wconf 77' lang='grc' dir='ltr'>καὶ</span> 
     </span>
    </p>
   </div>
   <div class='ocr_carea' id='block_1_58' title="bbox 2149 2800 3738 2878">
    <p class='ocr_par' dir='ltr' id='par_1_58' title="bbox 2149 2800 3738 2878">
     <span class='ocr_line' id='line_1_58' title="bbox 2149 2800 3738 2878; baseline 0.009 -27"><span class='ocrx_word' id='word_1_438' title='bbox 2149 2801 2317 2853; x_wconf 81' lang='grc' dir='ltr'>πᾶσιν</span> <span class='ocrx_word' id='word_1_439' title='bbox 2351 2800 2481 2869; x_wconf 79' lang='grc' dir='ltr'>ἐξῆς</span> <span class='ocrx_word' id='word_1_440' title='bbox 2517 2803 2865 2873; x_wconf 82' lang='grc' dir='ltr'>ἀνθρώποις,</span> <span class='ocrx_word' id='word_1_441' title='bbox 2902 2806 2991 2861; x_wconf 84' lang='grc' dir='ltr'>διὰ</span> <span class='ocrx_word' id='word_1_442' title='bbox 3033 2809 3201 2876; x_wconf 82' lang='grc' dir='ltr'>μόνην</span> <span class='ocrx_word' id='word_1_443' title='bbox 3264 2811 3365 2877; x_wconf 81' lang='grc' dir='ltr'>τὴν</span> <span class='ocrx_word' id='word_1_444' title='bbox 3414 2807 3738 2878; x_wconf 83' lang='grc' dir='ltr'>φαυλότητα.</span> 
     </span>
    </p>
   </div>
   <div class='ocr_carea' id='block_1_59' title="bbox 2148 2891 3735 2969">
    <p class='ocr_par' dir='ltr' id='par_1_59' title="bbox 2148 2891 3735 2969">
     <span class='ocr_line' id='line_1_59' title="bbox 2148 2891 3735 2969; baseline 0.008 -28"><span class='ocrx_word' id='word_1_445' title='bbox 2148 2891 2241 2943; x_wconf 81' lang='grc' dir='ltr'>καὶ</span> <span class='ocrx_word' id='word_1_446' title='bbox 2271 2891 2368 2963; x_wconf 77' lang='grc' dir='ltr'>τὴν</span> <span class='ocrx_word' id='word_1_447' title='bbox 2402 2895 2670 2965; x_wconf 81' lang='grc' dir='ltr'>πονηρίαν</span> <span class='ocrx_word' id='word_1_448' title='bbox 2696 2912 2711 2929; x_wconf 77' lang='grc'><em>’</em></span> <span class='ocrx_word' id='word_1_449' title='bbox 2744 2897 2923 2968; x_wconf 89' lang='grc' dir='ltr'>πολλῷ</span> <span class='ocrx_word' id='word_1_450' title='bbox 2954 2914 3017 2966; x_wconf 87' lang='grc' dir='ltr'>γε</span> <span class='ocrx_word' id='word_1_451' title='bbox 3048 2898 3411 2969; x_wconf 88' lang='grc' dir='ltr'>δικαιότεροι,</span> <span class='ocrx_word' id='word_1_452' title='bbox 3446 2901 3735 2967; x_wconf 65' lang='grc' dir='ltr'>μισεῖσθαι⁴</span> 
     </span>
    </p>
   </div>
   <div class='ocr_carea' id='block_1_60' title="bbox 2146 2982 3720 3061">
    <p class='ocr_par' dir='ltr' id='par_1_60' title="bbox 2146 2982 3720 3061">
     <span class='ocr_line' id='line_1_60' title="bbox 2146 2982 3720 3061; baseline 0.006 -27"><span class='ocrx_word' id='word_1_453' title='bbox 2146 2982 2224 3051; x_wconf 85' lang='grc' dir='ltr'>τῷ</span> <span class='ocrx_word' id='word_1_454' title='bbox 2256 2983 2373 3054; x_wconf 86' lang='grc' dir='ltr'>Θεῷ</span> <span class='ocrx_word' id='word_1_455' title='bbox 2409 2985 2627 3040; x_wconf 85' lang='grc' dir='ltr'>πάντων</span> <span class='ocrx_word' id='word_1_456' title='bbox 2659 2987 2844 3043; x_wconf 73' lang='grc' dir='ltr'>ἕνεκα.</span> <span class='ocrx_word' id='word_1_457' title='bbox 2883 2989 2971 3057; x_wconf 84' lang='grc' dir='ltr'>Τῷ</span> <span class='ocrx_word' id='word_1_458' title='bbox 3008 2991 3117 3060; x_wconf 71' lang='grc' dir='ltr'>γὰρ</span> <span class='ocrx_word' id='word_1_459' title='bbox 3152 2989 3400 3061; x_wconf 76' lang='grc' dir='ltr'>βορϐόρῳ</span> <span class='ocrx_word' id='word_1_460' title='bbox 3436 2992 3720 3044; x_wconf 84' lang='grc' dir='ltr'>καλινδου-</span> 
     </span>
    </p>
   </div>
   <div class='ocr_carea' id='block_1_61' title="bbox 2146 3075 3735 3155">
    <p class='ocr_par' dir='ltr' id='par_1_61' title="bbox 2146 3075 3735 3155">
     <span class='ocr_line' id='line_1_61' title="bbox 2146 3075 3735 3155; baseline 0.004 -27"><span class='ocrx_word' id='word_1_461' title='bbox 2146 3075 2314 3146; x_wconf 83' lang='grc' dir='ltr'>μὲνῳ,</span> <span class='ocrx_word' id='word_1_462' title='bbox 2347 3080 2430 3141; x_wconf 89' lang='grc' dir='ltr'>τίς</span> <span class='ocrx_word' id='word_1_463' title='bbox 2460 3079 2526 3133; x_wconf 84' lang='grc' dir='ltr'>ἂν</span> <span class='ocrx_word' id='word_1_464' title='bbox 2557 3081 2641 3150; x_wconf 73' lang='grc' dir='ltr'>εἴη</span> <span class='ocrx_word' id='word_1_465' title='bbox 2679 3082 2883 3152; x_wconf 84' lang='grc' dir='ltr'>μετοχὴ</span> <span class='ocrx_word' id='word_1_466' title='bbox 2911 3082 2943 3150; x_wconf 82' lang='grc' dir='ltr'>ἢ</span> <span class='ocrx_word' id='word_1_467' title='bbox 2978 3083 3235 3135; x_wconf 84' lang='grc' dir='ltr'>κοινωνία</span> <span class='ocrx_word' id='word_1_468' title='bbox 3268 3084 3404 3151; x_wconf 75' lang='grc' dir='ltr'>πρὸς</span> <span class='ocrx_word' id='word_1_469' title='bbox 3434 3084 3602 3149; x_wconf 85' lang='grc' dir='ltr'>Θεόν;</span> <span class='ocrx_word' id='word_1_470' title='bbox 3635 3083 3735 3155; x_wconf 83' lang='grc' dir='ltr'>Τῷ.</span> 
     </span>
    </p>
   </div>
   <div class='ocr_carea' id='block_1_62' title="bbox 467 3170 2046 3267">
    <p class='ocr_par' dir='ltr' id='par_1_62' title="bbox 467 3174 2039 3241">
     <span class='ocr_line' id='line_1_62' title="bbox 467 3174 2039 3241; baseline 0.009 -15"><span class='ocrx_word' id='word_1_471' title='bbox 467 3177 703 3241; x_wconf 85' lang='lat' dir='ltr'><strong>pessimo</strong></span> <span class='ocrx_word' id='word_1_472' title='bbox 733 3174 960 3229; x_wconf 88' lang='lat' dir='ltr'><strong>consilio</strong></span> <span class='ocrx_word' id='word_1_473' title='bbox 1014 3177 1082 3231; x_wconf 89' lang='lat' dir='ltr'>de</span> <span class='ocrx_word' id='word_1_474' title='bbox 1118 3176 1278 3231; x_wconf 87' lang='lat' dir='ltr'><strong>bouis</strong></span> <span class='ocrx_word' id='word_1_475' title='bbox 1334 3179 1385 3231; x_wconf 91' lang='lat' dir='ltr'>in</span> <span class='ocrx_word' id='word_1_476' title='bbox 1424 3180 1594 3234; x_wconf 87' lang='lat' dir='ltr'><strong>malos</strong></span> <span class='ocrx_word' id='word_1_477' title='bbox 1655 3183 1848 3237; x_wconf 82' lang='lat' dir='ltr'><strong>mutati</strong></span> <span class='ocrx_word' id='word_1_478' title='bbox 1908 3187 2039 3240; x_wconf 81' lang='lat' dir='ltr'><strong>sint.</strong></span> 
     </span>
    </p>
   </div>
   <div class='ocr_carea' id='block_1_63' title="bbox 2147 3170 3719 3267">
    <p class='ocr_par' dir='ltr' id='par_1_63' title="bbox 2147 3170 3719 3246">
     <span class='ocr_line' id='line_1_63' title="bbox 2147 3170 3719 3246; baseline 0.005 -24"><span class='ocrx_word' id='word_1_479' title='bbox 2147 3170 2251 3238; x_wconf 78' lang='grc' dir='ltr'>γὰρ</span> <span class='ocrx_word' id='word_1_480' title='bbox 2289 3172 2364 3240; x_wconf 77' lang='grc' dir='ltr'>μὴ</span> <span class='ocrx_word' id='word_1_481' title='bbox 2401 3172 2661 3243; x_wconf 80' lang='grc' dir='ltr'>καθαρῷ,</span> <span class='ocrx_word' id='word_1_482' title='bbox 2700 3176 2831 3244; x_wconf 87' lang='grc' dir='ltr'>φησί</span> <span class='ocrx_word' id='word_1_483' title='bbox 2866 3192 2949 3238; x_wconf 90' lang='grc' dir='ltr'>τις</span> <span class='ocrx_word' id='word_1_484' title='bbox 2989 3176 3134 3244; x_wconf 88' lang='grc' dir='ltr'>μάλα</span> <span class='ocrx_word' id='word_1_485' title='bbox 3170 3174 3338 3246; x_wconf 54' lang='grc' dir='ltr'>ἀνὴρ,</span> <span class='ocrx_word' id='word_1_486' title='bbox 3377 3177 3719 3245; x_wconf 76' lang='grc' dir='ltr'>ἐφάπτεσθαι</span> 
     </span>
    </p>
   </div>
   <div class='ocr_carea' id='block_1_64' title="bbox 466 3259 2042 3337">
    <p class='ocr_par' dir='ltr' id='par_1_64' title="bbox 466 3259 2042 3337">
     <span class='ocr_line' id='line_1_64' title="bbox 466 3259 2042 3337; baseline 0.005 -19"><span class='ocrx_word' id='word_1_487' title='bbox 466 3263 911 3333; x_wconf 85' lang='lat' dir='ltr'><strong>Quandoquidem</strong></span> <span class='ocrx_word' id='word_1_488' title='bbox 942 3266 1086 3318; x_wconf 89' lang='lat' dir='ltr'><strong>enim</strong></span> <span class='ocrx_word' id='word_1_489' title='bbox 1119 3266 1174 3319; x_wconf 88' lang='lat' dir='ltr'><strong>hi</strong></span> <span class='ocrx_word' id='word_1_490' title='bbox 1223 3259 1409 3321; x_wconf 78' lang='lat' dir='ltr'><strong>miseri</strong></span> <span class='ocrx_word' id='word_1_491' title='bbox 1463 3284 1565 3323; x_wconf 92' lang='lat' dir='ltr'>non</span> <span class='ocrx_word' id='word_1_492' title='bbox 1626 3271 1754 3327; x_wconf 91' lang='lat' dir='ltr'><strong>odio</strong></span> <span class='ocrx_word' id='word_1_493' title='bbox 1811 3284 2042 3337; x_wconf 91' lang='lat' dir='ltr'><strong>tantum,</strong></span> 
     </span>
    </p>
   </div>
   <div class='ocr_carea' id='block_1_65' title="bbox 465 3357 2044 3430">
    <p class='ocr_par' dir='ltr' id='par_1_65' title="bbox 465 3357 2044 3430">
     <span class='ocr_line' id='line_1_65' title="bbox 465 3357 2044 3430; baseline 0.008 -22"><span class='ocrx_word' id='word_1_494' title='bbox 465 3358 557 3411; x_wconf 83' lang='lat' dir='ltr'>sed</span> <span class='ocrx_word' id='word_1_495' title='bbox 597 3357 986 3411; x_wconf 88' lang='lat' dir='ltr'><strong>abominationi</strong></span> <span class='ocrx_word' id='word_1_496' title='bbox 1008 3373 1222 3427; x_wconf 87' lang='lat' dir='ltr'><strong>quoque</strong></span> <span class='ocrx_word' id='word_1_497' title='bbox 1244 3368 1443 3415; x_wconf 82' lang='lat' dir='ltr'><strong>suntet</strong></span> <span class='ocrx_word' id='word_1_498' title='bbox 1470 3365 1735 3430; x_wconf 77' lang='lat' dir='ltr'><strong>cognatis,</strong></span> <span class='ocrx_word' id='word_1_499' title='bbox 1769 3374 1823 3417; x_wconf 86' lang='lat' dir='ltr'>et</span> <span class='ocrx_word' id='word_1_500' title='bbox 1849 3366 2044 3421; x_wconf 88' lang='lat' dir='ltr'><strong>amicis</strong></span> 
     </span>
    </p>
   </div>
   <div class='ocr_carea' id='block_1_66' title="bbox 388 3450 2042 3521">
    <p class='ocr_par' dir='ltr' id='par_1_66' title="bbox 388 3450 2042 3521">
     <span class='ocr_line' id='line_1_66' title="bbox 388 3450 2042 3521; baseline 0.005 -19"><span class='ocrx_word' id='word_1_501' title='bbox 388 3490 389 3493; x_wconf 59' lang='grc' dir='ltr'>η</span> <span class='ocrx_word' id='word_1_502' title='bbox 465 3460 517 3503; x_wconf 90' lang='lat' dir='ltr'>et</span> <span class='ocrx_word' id='word_1_503' title='bbox 549 3450 866 3519; x_wconf 87' lang='lat' dir='ltr'><strong>parentibus</strong></span> <span class='ocrx_word' id='word_1_504' title='bbox 894 3451 1112 3521; x_wconf 83' lang='lat' dir='ltr'><strong>(opinor</strong></span> <span class='ocrx_word' id='word_1_505' title='bbox 1141 3452 1302 3521; x_wconf 88' lang='lat' dir='ltr'><strong>)ipsis</strong></span> <span class='ocrx_word' id='word_1_506' title='bbox 1336 3461 1391 3507; x_wconf 85' lang='lat' dir='ltr'><strong>et</strong></span> <span class='ocrx_word' id='word_1_507' title='bbox 1441 3453 1651 3518; x_wconf 79' lang='lat' dir='ltr'><strong>liberis,</strong></span> <span class='ocrx_word' id='word_1_508' title='bbox 1685 3464 1740 3510; x_wconf 85' lang='lat' dir='ltr'>et</span> <span class='ocrx_word' id='word_1_509' title='bbox 1800 3458 2042 3511; x_wconf 90' lang='lat' dir='ltr'><strong>homini-</strong></span> 
     </span>
    </p>
   </div>
   <div class='ocr_carea' id='block_1_67' title="bbox 464 3539 2052 3613">
    <p class='ocr_par' dir='ltr' id='par_1_67' title="bbox 464 3539 2052 3613">
     <span class='ocr_line' id='line_1_67' title="bbox 464 3539 2052 3613; baseline 0.006 -20"><span class='ocrx_word' id='word_1_510' title='bbox 464 3545 565 3595; x_wconf 87' lang='lat' dir='ltr'>hus</span> <span class='ocrx_word' id='word_1_511' title='bbox 594 3543 848 3610; x_wconf 87' lang='lat' dir='ltr'><strong>deinceps</strong></span> <span class='ocrx_word' id='word_1_512' title='bbox 878 3539 1425 3613; x_wconf 65' lang='lat' dir='ltr'><strong>uuiversis,&#39;propter</strong></span> <span class='ocrx_word' id='word_1_513' title='bbox 1476 3546 1823 3602; x_wconf 70' lang='lat' dir='ltr'><strong>vitiositatem</strong></span> <span class='ocrx_word' id='word_1_514' title='bbox 1869 3552 2052 3605; x_wconf 83' lang='lat' dir='ltr'><strong>solum-</strong></span> 
     </span>
    </p>
   </div>
   <div class='ocr_carea' id='block_1_68' title="bbox 463 3636 2041 3707">
    <p class='ocr_par' dir='ltr' id='par_1_68' title="bbox 463 3636 2041 3707">
     <span class='ocr_line' id='line_1_68' title="bbox 463 3636 2041 3707; baseline 0.006 -19"><span class='ocrx_word' id='word_1_515' title='bbox 463 3647 516 3689; x_wconf 83' lang='lat' dir='ltr'>et</span> <span class='ocrx_word' id='word_1_516' title='bbox 549 3636 899 3705; x_wconf 59' lang='lat' dir='ltr'><strong>prawitatem,</strong></span> <span class='ocrx_word' id='word_1_517' title='bbox 933 3637 1103 3690; x_wconf 91' lang='lat' dir='ltr'><strong>multo</strong></span> <span class='ocrx_word' id='word_1_518' title='bbox 1120 3651 1251 3691; x_wconf 87' lang='lat' dir='ltr'><strong>sane</strong></span> <span class='ocrx_word' id='word_1_519' title='bbox 1283 3640 1456 3707; x_wconf 84' lang='lat' dir='ltr'><strong>magis</strong></span> <span class='ocrx_word' id='word_1_520' title='bbox 1502 3651 1781 3694; x_wconf 77' lang='lat' dir='ltr'><strong>uterentur</strong></span> <span class='ocrx_word' id='word_1_521' title='bbox 1809 3644 2041 3697; x_wconf 81' lang='lat' dir='ltr'><strong>utinvisi</strong></span> 
     </span>
    </p>
   </div>
   <div class='ocr_carea' id='block_1_69' title="bbox 466 3728 2043 3802">
    <p class='ocr_par' dir='ltr' id='par_1_69' title="bbox 466 3728 2043 3802">
     <span class='ocr_line' id='line_1_69' title="bbox 466 3728 2043 3802; baseline 0.004 -22"><span class='ocrx_word' id='word_1_522' title='bbox 466 3728 574 3781; x_wconf 86' lang='lat' dir='ltr'>Deo</span> <span class='ocrx_word' id='word_1_523' title='bbox 603 3730 733 3791; x_wconf 86' lang='lat' dir='ltr'><strong>sint,</strong></span> <span class='ocrx_word' id='word_1_524' title='bbox 755 3729 999 3782; x_wconf 86' lang='lat' dir='ltr'><strong>omnium</strong></span> <span class='ocrx_word' id='word_1_525' title='bbox 1034 3744 1200 3783; x_wconf 91' lang='lat' dir='ltr'><strong>causa</strong></span> <span class='ocrx_word' id='word_1_526' title='bbox 1240 3748 1254 3785; x_wconf 83' lang='lat'><strong>;</strong></span> <span class='ocrx_word' id='word_1_527' title='bbox 1305 3747 1428 3784; x_wconf 83' lang='lat' dir='ltr'>nam</span> <span class='ocrx_word' id='word_1_528' title='bbox 1458 3732 1505 3784; x_wconf 79' lang='lat' dir='ltr'><strong>ei</strong></span> <span class='ocrx_word' id='word_1_529' title='bbox 1534 3735 1626 3802; x_wconf 89' lang='lat' dir='ltr'><strong>qui</strong></span> <span class='ocrx_word' id='word_1_530' title='bbox 1655 3734 1707 3787; x_wconf 92' lang='lat' dir='ltr'><strong>in</strong></span> <span class='ocrx_word' id='word_1_531' title='bbox 1774 3734 1884 3787; x_wconf 90' lang='lat' dir='ltr'><strong>luto</strong></span> <span class='ocrx_word' id='word_1_532' title='bbox 1930 3735 2043 3787; x_wconf 89' lang='lat' dir='ltr'><strong>vol-</strong></span> 
     </span>
    </p>
   </div>
   <div class='ocr_carea' id='block_1_70' title="bbox 463 3821 2044 3892">
    <p class='ocr_par' dir='ltr' id='par_1_70' title="bbox 463 3821 2044 3892">
     <span class='ocr_line' id='line_1_70' title="bbox 463 3821 2044 3892; baseline 0.006 -21"><span class='ocrx_word' id='word_1_533' title='bbox 463 3821 627 3884; x_wconf 83' lang='lat' dir='ltr'><strong>vitur,</strong></span> <span class='ocrx_word' id='word_1_534' title='bbox 654 3821 926 3887; x_wconf 83' lang='lat' dir='ltr'><strong>quodnam</strong></span> <span class='ocrx_word' id='word_1_535' title='bbox 953 3823 1289 3875; x_wconf 85' lang='lat' dir='ltr'><strong>consortium</strong></span> <span class='ocrx_word' id='word_1_536' title='bbox 1320 3832 1510 3892; x_wconf 66' lang='lat' dir='ltr'><strong>quaeve</strong></span> <span class='ocrx_word' id='word_1_537' title='bbox 1536 3826 1773 3881; x_wconf 86' lang='lat' dir='ltr'><strong>societas</strong></span> <span class='ocrx_word' id='word_1_538' title='bbox 1789 3841 1911 3879; x_wconf 89' lang='lat' dir='ltr'>cum</span> <span class='ocrx_word' id='word_1_539' title='bbox 1935 3826 2044 3881; x_wconf 85' lang='lat' dir='ltr'><strong>Deo</strong></span> 
     </span>
    </p>
   </div>
   <div class='ocr_carea' id='block_1_71' title="bbox 461 3906 2042 3982">
    <p class='ocr_par' dir='ltr' id='par_1_71' title="bbox 461 3906 2042 3982">
     <span class='ocr_line' id='line_1_71' title="bbox 461 3906 2042 3982; baseline 0.006 -22"><span class='ocrx_word' id='word_1_540' title='bbox 461 3906 664 3962; x_wconf 81' lang='lat' dir='ltr'><strong>fuerit?</strong></span> <span class='ocrx_word' id='word_1_541' title='bbox 691 3908 898 3963; x_wconf 85' lang='lat' dir='ltr'><strong>Etenim</strong></span> <span class='ocrx_word' id='word_1_542' title='bbox 932 3925 1038 3964; x_wconf 92' lang='lat' dir='ltr'>non</span> <span class='ocrx_word' id='word_1_543' title='bbox 1092 3926 1249 3979; x_wconf 89' lang='lat' dir='ltr'><strong>puro,</strong></span> <span class='ocrx_word' id='word_1_544' title='bbox 1282 3927 1381 3966; x_wconf 89' lang='lat' dir='ltr'>ceu</span> <span class='ocrx_word' id='word_1_545' title='bbox 1414 3912 1497 3965; x_wconf 89' lang='lat' dir='ltr'>vir</span> <span class='ocrx_word' id='word_1_546' title='bbox 1522 3915 1743 3982; x_wconf 85' lang='lat' dir='ltr'><strong>quidam</strong></span> <span class='ocrx_word' id='word_1_547' title='bbox 1805 3916 2042 3969; x_wconf 77' lang='lat' dir='ltr'><strong>eximius</strong></span> 
     </span>
    </p>
   </div>
   <div class='ocr_carea' id='block_1_72' title="bbox 462 4000 2042 4072">
    <p class='ocr_par' dir='ltr' id='par_1_72' title="bbox 462 4000 2042 4072">
     <span class='ocr_line' id='line_1_72' title="bbox 462 4000 2042 4072; baseline 0.006 -23"><span class='ocrx_word' id='word_1_548' title='bbox 462 4000 1079 4069; x_wconf 78' lang='lat' dir='ltr'><strong>ait,pnrumattingere,</strong></span> <span class='ocrx_word' id='word_1_549' title='bbox 1110 4017 1449 4072; x_wconf 85' lang='lat' dir='ltr'><strong>nequaquam</strong></span> <span class='ocrx_word' id='word_1_550' title='bbox 1480 4003 1562 4057; x_wconf 77' lang='lat' dir='ltr'><strong>fas</strong></span> <span class='ocrx_word' id='word_1_551' title='bbox 1599 4004 1781 4059; x_wconf 80' lang='lat' dir='ltr'><strong>fuerit.</strong></span> <span class='ocrx_word' id='word_1_552' title='bbox 1823 4005 1935 4058; x_wconf 81' lang='lat' dir='ltr'><strong>lino</strong></span> <span class='ocrx_word' id='word_1_553' title='bbox 1955 4006 2042 4058; x_wconf 80' lang='lat' dir='ltr'>vel</span> 
     </span>
    </p>
   </div>
   <div class='ocr_carea' id='block_1_73' title="bbox 465 4090 2039 4163">
    <p class='ocr_par' dir='ltr' id='par_1_73' title="bbox 465 4090 2039 4163">
     <span class='ocr_line' id='line_1_73' title="bbox 465 4090 2039 4163; baseline 0.008 -22"><span class='ocrx_word' id='word_1_554' title='bbox 465 4090 567 4143; x_wconf 89' lang='lat' dir='ltr'>hoc</span> <span class='ocrx_word' id='word_1_555' title='bbox 602 4090 763 4142; x_wconf 87' lang='lat' dir='ltr'><strong>etiam</strong></span> <span class='ocrx_word' id='word_1_556' title='bbox 789 4092 946 4145; x_wconf 89' lang='lat' dir='ltr'><strong>modo</strong></span> <span class='ocrx_word' id='word_1_557' title='bbox 970 4093 1319 4161; x_wconf 89' lang='lat' dir='ltr'><strong>perspicuum</strong></span> <span class='ocrx_word' id='word_1_558' title='bbox 1340 4102 1443 4158; x_wconf 89' lang='lat' dir='ltr'><strong>est,</strong></span> <span class='ocrx_word' id='word_1_559' title='bbox 1472 4098 1616 4163; x_wconf 87' lang='lat' dir='ltr'><strong>quod</strong></span> <span class='ocrx_word' id='word_1_560' title='bbox 1665 4097 1870 4152; x_wconf 88' lang='lat' dir='ltr'><strong>dictum</strong></span> <span class='ocrx_word' id='word_1_561' title='bbox 1900 4100 1998 4152; x_wconf 79' lang='lat' dir='ltr'><strong>fuit</strong></span> <span class='ocrx_word' id='word_1_562' title='bbox 2024 4117 2039 4153; x_wconf 88' lang='lat'><strong>:</strong></span> 
     </span>
    </p>
   </div>
   <div class='ocr_carea' id='block_1_74' title="bbox 462 4180 2044 4253">
    <p class='ocr_par' dir='ltr' id='par_1_74' title="bbox 462 4180 2044 4253">
     <span class='ocr_line' id='line_1_74' title="bbox 462 4180 2044 4253; baseline 0.006 -22"><span class='ocrx_word' id='word_1_563' title='bbox 462 4195 585 4232; x_wconf 86' lang='lat' dir='ltr'>nam</span> <span class='ocrx_word' id='word_1_564' title='bbox 605 4180 697 4248; x_wconf 91' lang='lat' dir='ltr'>qui</span> <span class='ocrx_word' id='word_1_565' title='bbox 723 4180 992 4235; x_wconf 89' lang='lat' dir='ltr'><strong>hostiliter</strong></span> <span class='ocrx_word' id='word_1_566' title='bbox 1018 4182 1244 4239; x_wconf 87' lang='lat' dir='ltr'><strong>atl&#39;ectus</strong></span> <span class='ocrx_word' id='word_1_567' title='bbox 1262 4193 1344 4237; x_wconf 90' lang='lat' dir='ltr'>est</span> <span class='ocrx_word' id='word_1_568' title='bbox 1362 4184 1624 4238; x_wconf 86' lang='lat' dir='ltr'><strong>adversus</strong></span> <span class='ocrx_word' id='word_1_569' title='bbox 1643 4184 1874 4253; x_wconf 89' lang='lat' dir='ltr'><strong>aliquem</strong></span> <span class='ocrx_word' id='word_1_570' title='bbox 1894 4202 2044 4240; x_wconf 81' lang='lat' dir='ltr'><strong>sum-</strong></span> 
     </span>
    </p>
   </div>
   <div class='ocr_carea' id='block_1_75' title="bbox 462 4273 2039 4344">
    <p class='ocr_par' dir='ltr' id='par_1_75' title="bbox 462 4273 2039 4344">
     <span class='ocr_line' id='line_1_75' title="bbox 462 4273 2039 4344; baseline 0.005 -20"><span class='ocrx_word' id='word_1_571' title='bbox 462 4287 680 4335; x_wconf 85' lang='lat' dir='ltr'><strong>mopere</strong></span> <span class='ocrx_word' id='word_1_572' title='bbox 700 4273 976 4339; x_wconf 86' lang='lat' dir='ltr'><strong>dilectum,</strong></span> <span class='ocrx_word' id='word_1_573' title='bbox 1005 4273 1191 4328; x_wconf 90' lang='lat' dir='ltr'><strong>itidem</strong></span> <span class='ocrx_word' id='word_1_574' title='bbox 1220 4284 1275 4330; x_wconf 91' lang='lat' dir='ltr'>et</span> <span class='ocrx_word' id='word_1_575' title='bbox 1297 4289 1425 4342; x_wconf 81' lang='lat' dir='ltr'><strong>erga</strong></span> <span class='ocrx_word' id='word_1_576' title='bbox 1460 4274 1771 4344; x_wconf 77' lang='lat' dir='ltr'><strong>diligentem</strong></span> <span class='ocrx_word' id='word_1_577' title='bbox 1810 4276 2039 4332; x_wconf 77' lang='lat' dir='ltr'><strong>atTectus</strong></span> 
     </span>
    </p>
   </div>
   <div class='ocr_carea' id='block_1_76' title="bbox 459 4365 2043 4436">
    <p class='ocr_par' dir='ltr' id='par_1_76' title="bbox 459 4365 2043 4436">
     <span class='ocr_line' id='line_1_76' title="bbox 459 4365 2043 4436; baseline 0.004 -20"><span class='ocrx_word' id='word_1_578' title='bbox 459 4366 581 4418; x_wconf 87' lang='lat' dir='ltr'><strong>erit.</strong></span> <span class='ocrx_word' id='word_1_579' title='bbox 603 4365 755 4430; x_wconf 85' lang='lat' dir='ltr'><strong>Quod</strong></span> <span class='ocrx_word' id='word_1_580' title='bbox 794 4367 967 4434; x_wconf 87' lang='lat' dir='ltr'><strong>ipsum</strong></span> <span class='ocrx_word' id='word_1_581' title='bbox 1016 4381 1046 4420; x_wconf 92' lang='lat' dir='ltr'><strong>e</strong></span> <span class='ocrx_word' id='word_1_582' title='bbox 1098 4366 1378 4421; x_wconf 87' lang='lat' dir='ltr'><strong>contrario</strong></span> <span class='ocrx_word' id='word_1_583' title='bbox 1430 4368 2043 4436; x_wconf 85' lang='lat' dir='ltr'><strong>patet:quienimami-</strong></span> 
     </span>
    </p>
   </div>
   <div class='ocr_carea' id='block_1_77' title="bbox 458 4457 2041 4522">
    <p class='ocr_par' dir='ltr' id='par_1_77' title="bbox 458 4457 2041 4522">
     <span class='ocr_line' id='line_1_77' title="bbox 458 4457 2041 4522; baseline 0.006 -13"><span class='ocrx_word' id='word_1_584' title='bbox 458 4472 577 4511; x_wconf 90' lang='lat' dir='ltr'><strong>cum</strong></span> <span class='ocrx_word' id='word_1_585' title='bbox 598 4468 744 4511; x_wconf 91' lang='lat' dir='ltr'><strong>tuum</strong></span> <span class='ocrx_word' id='word_1_586' title='bbox 771 4469 938 4522; x_wconf 85' lang='lat' dir='ltr'><strong>amat,</strong></span> <span class='ocrx_word' id='word_1_587' title='bbox 962 4457 1126 4513; x_wconf 87' lang='lat' dir='ltr'><strong>etiam</strong></span> <span class='ocrx_word' id='word_1_588' title='bbox 1149 4458 1240 4512; x_wconf 85' lang='lat' dir='ltr'><strong>tibi</strong></span> <span class='ocrx_word' id='word_1_589' title='bbox 1266 4459 1336 4514; x_wconf 86' lang='lat' dir='ltr'>sit</span> <span class='ocrx_word' id='word_1_590' title='bbox 1352 4460 1557 4514; x_wconf 86' lang='lat' dir='ltr'><strong>amicus</strong></span> <span class='ocrx_word' id='word_1_591' title='bbox 1581 4475 1806 4516; x_wconf 87' lang='lat' dir='ltr'><strong>necesse</strong></span> <span class='ocrx_word' id='word_1_592' title='bbox 1826 4473 1926 4517; x_wconf 90' lang='lat' dir='ltr'><strong>est.</strong></span> <span class='ocrx_word' id='word_1_593' title='bbox 1950 4462 2041 4518; x_wconf 72' lang='lat' dir='ltr'>Sic</span> 
     </span>
    </p>
   </div>
   <div class='ocr_carea' id='block_1_78' title="bbox 458 4550 2115 4635">
    <p class='ocr_par' dir='ltr' id='par_1_78' title="bbox 458 4550 2115 4635">
     <span class='ocr_line' id='line_1_78' title="bbox 458 4550 2115 4635; baseline 0.006 -35"><span class='ocrx_word' id='word_1_594' title='bbox 458 4550 622 4617; x_wconf 79' lang='lat' dir='ltr'><strong>igitur</strong></span> <span class='ocrx_word' id='word_1_595' title='bbox 652 4561 702 4604; x_wconf 89' lang='lat' dir='ltr'>ct</span> <span class='ocrx_word' id='word_1_596' title='bbox 736 4550 825 4604; x_wconf 88' lang='lat' dir='ltr'><strong>isti</strong></span> <span class='ocrx_word' id='word_1_597' title='bbox 857 4550 1112 4604; x_wconf 79' lang='lat' dir='ltr'><strong>virtutem</strong></span> <span class='ocrx_word' id='word_1_598' title='bbox 1137 4550 1261 4605; x_wconf 90' lang='lat' dir='ltr'><strong>odio</strong></span> <span class='ocrx_word' id='word_1_599' title='bbox 1297 4562 1714 4621; x_wconf 86' lang='lat' dir='ltr'><strong>prosequentes,</strong></span> <span class='ocrx_word' id='word_1_600' title='bbox 1754 4564 2034 4622; x_wconf 84' lang='lat' dir='ltr'><strong>acceptam</strong></span> <span class='ocrx_word' id='word_1_601' title='bbox 2066 4577 2115 4635; x_wconf 79' lang='grc' dir='ltr'>ο</span> 
     </span>
    </p>
   </div>
   <div class='ocr_carea' id='block_1_79' title="bbox 459 4641 2037 4721">
    <p class='ocr_par' dir='ltr' id='par_1_79' title="bbox 459 4641 2037 4721">
     <span class='ocr_line' id='line_1_79' title="bbox 459 4641 2037 4721; baseline 0.007 -27"><span class='ocrx_word' id='word_1_602' title='bbox 459 4641 587 4707; x_wconf 80' lang='lat' dir='ltr'><strong>Deo,</strong></span> <span class='ocrx_word' id='word_1_603' title='bbox 613 4651 913 4711; x_wconf 86' lang='lat' dir='ltr'><strong>sponteque</strong></span> <span class='ocrx_word' id='word_1_604' title='bbox 938 4657 1036 4697; x_wconf 86' lang='lat' dir='ltr'>sua</span> <span class='ocrx_word' id='word_1_605' title='bbox 1068 4657 1231 4698; x_wconf 92' lang='lat' dir='ltr'><strong>cursu</strong></span> <span class='ocrx_word' id='word_1_606' title='bbox 1255 4643 1321 4697; x_wconf 87' lang='lat' dir='ltr'>ad</span> <span class='ocrx_word' id='word_1_607' title='bbox 1363 4645 1565 4699; x_wconf 88' lang='lat' dir='ltr'><strong>malum</strong></span> <span class='ocrx_word' id='word_1_608' title='bbox 1583 4645 1770 4721; x_wconf 79' lang='lat' dir='ltr'><strong>delati,</strong></span> <span class='ocrx_word' id='word_1_609' title='bbox 1798 4663 1902 4701; x_wconf 85' lang='lat' dir='ltr'>non</span> <span class='ocrx_word' id='word_1_610' title='bbox 1923 4647 2037 4716; x_wconf 83' lang='lat' dir='ltr'>jam</span> 
     </span>
    </p>
   </div>
   <div class='ocr_carea' id='block_1_80' title="bbox 458 4735 2035 4807">
    <p class='ocr_par' dir='ltr' id='par_1_80' title="bbox 458 4735 2035 4807">
     <span class='ocr_line' id='line_1_80' title="bbox 458 4735 2035 4807; baseline 0.007 -22"><span class='ocrx_word' id='word_1_611' title='bbox 458 4736 688 4802; x_wconf 89' lang='lat' dir='ltr'><strong>amplius</strong></span> <span class='ocrx_word' id='word_1_612' title='bbox 722 4736 858 4803; x_wconf 75' lang='lat' dir='ltr'><strong>grati</strong></span> <span class='ocrx_word' id='word_1_613' title='bbox 890 4745 1019 4791; x_wconf 92' lang='lat' dir='ltr'><strong>sunt</strong></span> <span class='ocrx_word' id='word_1_614' title='bbox 1053 4736 1187 4799; x_wconf 88' lang='lat' dir='ltr'><strong>Deo,</strong></span> <span class='ocrx_word' id='word_1_615' title='bbox 1223 4735 1317 4791; x_wconf 89' lang='lat' dir='ltr'>sed</span> <span class='ocrx_word' id='word_1_616' title='bbox 1385 4736 1551 4790; x_wconf 89' lang='lat' dir='ltr'><strong>dubio</strong></span> <span class='ocrx_word' id='word_1_617' title='bbox 1605 4738 1790 4807; x_wconf 89' lang='lat' dir='ltr'><strong>procul</strong></span> <span class='ocrx_word' id='word_1_618' title='bbox 1851 4740 2035 4796; x_wconf 88' lang='lat' dir='ltr'><strong>invisi.</strong></span> 
     </span>
    </p>
   </div>
   <div class='ocr_carea' id='block_1_81' title="bbox 456 4816 2035 4898">
    <p class='ocr_par' dir='ltr' id='par_1_81' title="bbox 456 4816 2035 4898">
     <span class='ocr_line' id='line_1_81' title="bbox 456 4816 2035 4898; baseline 0.006 -23"><span class='ocrx_word' id='word_1_619' title='bbox 456 4821 571 4877; x_wconf 84' lang='lat' dir='ltr'>Non</span> <span class='ocrx_word' id='word_1_620' title='bbox 601 4836 765 4890; x_wconf 84' lang='lat' dir='ltr'><strong>reete,</strong></span> <span class='ocrx_word' id='word_1_621' title='bbox 793 4825 877 4879; x_wconf 86' lang='lat' dir='ltr'>vir</span> <span class='ocrx_word' id='word_1_622' title='bbox 910 4825 1131 4895; x_wconf 87' lang='lat' dir='ltr'><strong>optime,</strong></span> <span class='ocrx_word' id='word_1_623' title='bbox 1160 4825 1479 4880; x_wconf 89' lang='lat' dir='ltr'><strong>conclusisti</strong></span> <span class='ocrx_word' id='word_1_624' title='bbox 1505 4842 1519 4893; x_wconf 92' lang='lat'><strong>;</strong></span> <span class='ocrx_word' id='word_1_625' title='bbox 1544 4843 1664 4881; x_wconf 75' lang='lat' dir='ltr'>nam</span> <span class='ocrx_word' id='word_1_626' title='bbox 1709 4816 2035 4898; x_wconf 64' lang='lat' dir='ltr'><strong>prepositio-</strong></span> 
     </span>
    </p>
   </div>
   <div class='ocr_carea' id='block_1_82' title="bbox 455 4917 2033 4983">
    <p class='ocr_par' dir='ltr' id='par_1_82' title="bbox 455 4917 2033 4983">
     <span class='ocr_line' id='line_1_82' title="bbox 455 4917 2033 4983; baseline 0.006 -16"><span class='ocrx_word' id='word_1_627' title='bbox 455 4930 555 4967; x_wconf 87' lang='lat' dir='ltr'>nes</span> <span class='ocrx_word' id='word_1_628' title='bbox 593 4917 810 4983; x_wconf 89' lang='lat' dir='ltr'><strong>quidem</strong></span> <span class='ocrx_word' id='word_1_629' title='bbox 849 4917 975 4983; x_wconf 64' lang='lat' dir='ltr'><strong>ipsae</strong></span> <span class='ocrx_word' id='word_1_630' title='bbox 1011 4933 1175 4981; x_wconf 70' lang='lat' dir='ltr'><strong>verte,</strong></span> <span class='ocrx_word' id='word_1_631' title='bbox 1238 4918 1333 4972; x_wconf 87' lang='lat' dir='ltr'>sed</span> <span class='ocrx_word' id='word_1_632' title='bbox 1390 4919 1670 4974; x_wconf 68' lang='lat' dir='ltr'>COIlCltlaiO</span> <span class='ocrx_word' id='word_1_633' title='bbox 1726 4921 1922 4976; x_wconf 85' lang='lat' dir='ltr'><strong>divinis</strong></span> <span class='ocrx_word' id='word_1_634' title='bbox 1983 4925 2033 4977; x_wconf 91' lang='lat' dir='ltr'>in</span> 
     </span>
    </p>
   </div>
   <div class='ocr_carea' id='block_1_83' title="bbox 458 5006 2034 5080">
    <p class='ocr_par' dir='ltr' id='par_1_83' title="bbox 458 5006 2034 5080">
     <span class='ocr_line' id='line_1_83' title="bbox 458 5006 2034 5080; baseline 0.006 -21"><span class='ocrx_word' id='word_1_635' title='bbox 458 5006 641 5069; x_wconf 76' lang='lat' dir='ltr'><strong>rebus,</strong></span> <span class='ocrx_word' id='word_1_636' title='bbox 676 5006 740 5060; x_wconf 92' lang='lat' dir='ltr'>ad</span> <span class='ocrx_word' id='word_1_637' title='bbox 779 5009 1175 5076; x_wconf 84' lang='lat' dir='ltr'><strong>propositiones</strong></span> <span class='ocrx_word' id='word_1_638' title='bbox 1213 5009 1440 5065; x_wconf 89' lang='lat' dir='ltr'><strong>minime</strong></span> <span class='ocrx_word' id='word_1_639' title='bbox 1508 5013 1780 5079; x_wconf 82' lang='lat' dir='ltr'><strong>quadrare</strong></span> <span class='ocrx_word' id='word_1_640' title='bbox 1837 5014 2034 5080; x_wconf 60' lang='lat' dir='ltr'><strong>depre-</strong></span> 
     </span>
    </p>
   </div>
   <div class='ocr_carea' id='block_1_84' title="bbox 456 5096 2034 5160">
    <p class='ocr_par' dir='ltr' id='par_1_84' title="bbox 456 5096 2034 5160">
     <span class='ocr_line' id='line_1_84' title="bbox 456 5096 2034 5160; baseline 0.006 -11"><span class='ocrx_word' id='word_1_641' title='bbox 456 5097 739 5151; x_wconf 83' lang='lat' dir='ltr'><strong>lieudetur.</strong></span> <span class='ocrx_word' id='word_1_642' title='bbox 779 5096 992 5154; x_wconf 84' lang='lat' dir='ltr'><strong>Nostris</strong></span> <span class='ocrx_word' id='word_1_643' title='bbox 1027 5100 1171 5154; x_wconf 90' lang='lat' dir='ltr'><strong>enim</strong></span> <span class='ocrx_word' id='word_1_644' title='bbox 1202 5100 1272 5156; x_wconf 90' lang='lat' dir='ltr'><strong>de</strong></span> <span class='ocrx_word' id='word_1_645' title='bbox 1303 5104 1467 5157; x_wconf 83' lang='lat' dir='ltr'><strong>rebus</strong></span> <span class='ocrx_word' id='word_1_646' title='bbox 1499 5111 1645 5157; x_wconf 80' lang='lat' dir='ltr'><strong>recte</strong></span> <span class='ocrx_word' id='word_1_647' title='bbox 1679 5103 1805 5157; x_wconf 78' lang='lat' dir='ltr'><strong>talia</strong></span> <span class='ocrx_word' id='word_1_648' title='bbox 1839 5105 2034 5160; x_wconf 87' lang='lat' dir='ltr'><strong>dicun-</strong></span> 
     </span>
    </p>
   </div>
   <div class='ocr_carea' id='block_1_85' title="bbox 456 5187 2032 5261">
    <p class='ocr_par' dir='ltr' id='par_1_85' title="bbox 456 5187 2032 5261">
     <span class='ocr_line' id='line_1_85' title="bbox 456 5187 2032 5261; baseline 0.006 -18"><span class='ocrx_word' id='word_1_649' title='bbox 456 5197 563 5243; x_wconf 91' lang='lat' dir='ltr'><strong>tur.</strong></span> <span class='ocrx_word' id='word_1_650' title='bbox 595 5187 728 5253; x_wconf 80' lang='lat' dir='ltr'><strong>Quae</strong></span> <span class='ocrx_word' id='word_1_651' title='bbox 761 5203 889 5244; x_wconf 83' lang='lat' dir='ltr'><strong>vero</strong></span> <span class='ocrx_word' id='word_1_652' title='bbox 920 5189 1091 5245; x_wconf 87' lang='lat' dir='ltr'><strong>Deum</strong></span> <span class='ocrx_word' id='word_1_653' title='bbox 1126 5200 1396 5261; x_wconf 85' lang='lat' dir='ltr'><strong>spectant,</strong></span> <span class='ocrx_word' id='word_1_654' title='bbox 1452 5193 1634 5250; x_wconf 67' lang='lat' dir='ltr'><strong>de‘iis</strong></span> <span class='ocrx_word' id='word_1_655' title='bbox 1691 5210 1824 5251; x_wconf 84' lang='lat' dir='ltr'><strong>sane</strong></span> <span class='ocrx_word' id='word_1_656' title='bbox 1875 5198 2032 5254; x_wconf 88' lang='lat' dir='ltr'><strong>nobis</strong></span> 
     </span>
    </p>
   </div>
   <div class='ocr_carea' id='block_1_86' title="bbox 452 5280 2027 5356">
    <p class='ocr_par' dir='ltr' id='par_1_86' title="bbox 452 5280 2027 5356">
     <span class='ocr_line' id='line_1_86' title="bbox 452 5280 2027 5356; baseline 0.007 -23"><span class='ocrx_word' id='word_1_657' title='bbox 452 5289 507 5334; x_wconf 89' lang='lat' dir='ltr'><strong>et</strong></span> <span class='ocrx_word' id='word_1_658' title='bbox 539 5280 869 5350; x_wconf 90' lang='lat' dir='ltr'><strong>loquendum</strong></span> <span class='ocrx_word' id='word_1_659' title='bbox 899 5289 954 5335; x_wconf 91' lang='lat' dir='ltr'><strong>et</strong></span> <span class='ocrx_word' id='word_1_660' title='bbox 988 5282 1336 5352; x_wconf 79' lang='lat' dir='ltr'><strong>cOgitandum</strong></span> <span class='ocrx_word' id='word_1_661' title='bbox 1370 5299 1438 5339; x_wconf 82' lang='lat' dir='ltr'><strong>ex</strong></span> <span class='ocrx_word' id='word_1_662' title='bbox 1510 5284 1685 5355; x_wconf 88' lang='lat' dir='ltr'><strong>ipsius</strong></span> <span class='ocrx_word' id='word_1_663' title='bbox 1739 5287 2027 5356; x_wconf 85' lang='lat' dir='ltr'><strong>dignitate.</strong></span> 
     </span>
    </p>
   </div>
   <div class='ocr_carea' id='block_1_87' title="bbox 453 5370 2027 5445">
    <p class='ocr_par' dir='ltr' id='par_1_87' title="bbox 453 5370 2027 5445">
     <span class='ocr_line' id='line_1_87' title="bbox 453 5370 2027 5445; baseline 0.004 -20"><span class='ocrx_word' id='word_1_664' title='bbox 453 5370 638 5426; x_wconf 87' lang='lat' dir='ltr'><strong>Fuerit</strong></span> <span class='ocrx_word' id='word_1_665' title='bbox 662 5380 840 5425; x_wconf 87' lang='lat' dir='ltr'><strong>autem</strong></span> <span class='ocrx_word' id='word_1_666' title='bbox 867 5386 933 5426; x_wconf 78' lang='lat' dir='ltr'>ex</span> <span class='ocrx_word' id='word_1_667' title='bbox 967 5371 1058 5427; x_wconf 89' lang='lat' dir='ltr'><strong>Dei</strong></span> <span class='ocrx_word' id='word_1_668' title='bbox 1099 5372 1387 5444; x_wconf 79' lang='lat' dir='ltr'><strong>dignitate,</strong></span> <span class='ocrx_word' id='word_1_669' title='bbox 1441 5375 1646 5430; x_wconf 83' lang='lat' dir='ltr'><strong>nullam</strong></span> <span class='ocrx_word' id='word_1_670' title='bbox 1681 5385 1739 5431; x_wconf 93' lang='lat' dir='ltr'><strong>ut</strong></span> <span class='ocrx_word' id='word_1_671' title='bbox 1789 5392 2027 5445; x_wconf 90' lang='lat' dir='ltr'><strong>unquam</strong></span> 
     </span>
    </p>
   </div>
   <div class='ocr_carea' id='block_1_88' title="bbox 453 5463 2031 5539">
    <p class='ocr_par' dir='ltr' id='par_1_88' title="bbox 453 5463 2031 5539">
     <span class='ocr_line' id='line_1_88' title="bbox 453 5463 2031 5539; baseline 0.006 -23"><span class='ocrx_word' id='word_1_672' title='bbox 453 5463 652 5527; x_wconf 89' lang='lat' dir='ltr'><strong>oderit,</strong></span> <span class='ocrx_word' id='word_1_673' title='bbox 681 5477 839 5531; x_wconf 90' lang='lat' dir='ltr'><strong>quem</strong></span> <span class='ocrx_word' id='word_1_674' title='bbox 874 5464 988 5535; x_wconf 90' lang='lat' dir='ltr'><strong>ipse</strong></span> <span class='ocrx_word' id='word_1_675' title='bbox 1016 5480 1171 5519; x_wconf 90' lang='lat' dir='ltr'><strong>suam</strong></span> <span class='ocrx_word' id='word_1_676' title='bbox 1193 5468 1262 5521; x_wconf 88' lang='lat' dir='ltr'>ad</span> <span class='ocrx_word' id='word_1_677' title='bbox 1298 5465 1587 5537; x_wconf 78' lang='lat' dir='ltr'><strong>imaginem</strong></span> <span class='ocrx_word' id='word_1_678' title='bbox 1623 5468 1875 5524; x_wconf 81' lang='lat' dir='ltr'><strong>manibus</strong></span> <span class='ocrx_word' id='word_1_679' title='bbox 1907 5485 2031 5539; x_wconf 87' lang='lat' dir='ltr'><strong>pro-</strong></span> 
     </span>
    </p>
   </div>
   <div class='ocr_carea' id='block_1_89' title="bbox 457 5554 2025 5630">
    <p class='ocr_par' dir='ltr' id='par_1_89' title="bbox 457 5554 2025 5630">
     <span class='ocr_line' id='line_1_89' title="bbox 457 5554 2025 5630; baseline 0.007 -23"><span class='ocrx_word' id='word_1_680' title='bbox 457 5555 587 5623; x_wconf 75' lang='lat' dir='ltr'><strong>priis</strong></span> <span class='ocrx_word' id='word_1_681' title='bbox 611 5555 883 5611; x_wconf 80' lang='lat' dir='ltr'><strong>formarit.</strong></span> <span class='ocrx_word' id='word_1_682' title='bbox 933 5554 1052 5612; x_wconf 90' lang='lat' dir='ltr'>Non</span> <span class='ocrx_word' id='word_1_683' title='bbox 1091 5559 1236 5613; x_wconf 87' lang='lat' dir='ltr'><strong>enim</strong></span> <span class='ocrx_word' id='word_1_684' title='bbox 1292 5560 1540 5616; x_wconf 82' lang='lat' dir='ltr'><strong>instituto</strong></span> <span class='ocrx_word' id='word_1_685' title='bbox 1583 5563 1749 5617; x_wconf 89' lang='lat' dir='ltr'><strong>animi</strong></span> <span class='ocrx_word' id='word_1_686' title='bbox 1795 5571 2025 5630; x_wconf 90' lang='lat' dir='ltr'><strong>mutato,</strong></span> 
     </span>
    </p>
   </div>
   <div class='ocr_carea' id='block_1_90' title="bbox 455 5656 2023 5725">
    <p class='ocr_par' dir='ltr' id='par_1_90' title="bbox 455 5656 2023 5725">
     <span class='ocr_line' id='line_1_90' title="bbox 455 5656 2023 5725; baseline 0.008 -25"><span class='ocrx_word' id='word_1_687' title='bbox 455 5658 700 5701; x_wconf 89' lang='lat' dir='ltr'><strong>naturam</strong></span> <span class='ocrx_word' id='word_1_688' title='bbox 731 5665 947 5720; x_wconf 89' lang='lat' dir='ltr'><strong>quoque</strong></span> <span class='ocrx_word' id='word_1_689' title='bbox 976 5668 1127 5707; x_wconf 83' lang='lat' dir='ltr'><strong>suam</strong></span> <span class='ocrx_word' id='word_1_690' title='bbox 1162 5658 1411 5719; x_wconf 83' lang='lat' dir='ltr'><strong>mutavit,</strong></span> <span class='ocrx_word' id='word_1_691' title='bbox 1449 5663 1509 5708; x_wconf 92' lang='lat' dir='ltr'><strong>ut</strong></span> <span class='ocrx_word' id='word_1_692' title='bbox 1539 5656 1775 5712; x_wconf 76' lang='lat' dir='ltr'><strong>maxime</strong></span> <span class='ocrx_word' id='word_1_693' title='bbox 1834 5656 2023 5725; x_wconf 86' lang='lat' dir='ltr'><strong>lapsus</strong></span> 
     </span>
    </p>
   </div>
   <div class='ocr_carea' id='block_1_91' title="bbox 456 5739 2026 5815">
    <p class='ocr_par' dir='ltr' id='par_1_91' title="bbox 456 5739 2026 5815">
     <span class='ocr_line' id='line_1_91' title="bbox 456 5739 2026 5815; baseline 0.006 -24"><span class='ocrx_word' id='word_1_694' title='bbox 456 5739 545 5793; x_wconf 91' lang='lat' dir='ltr'><strong>sit.</strong></span> <span class='ocrx_word' id='word_1_695' title='bbox 578 5741 715 5806; x_wconf 83' lang='lat' dir='ltr'><strong>Quin</strong></span> <span class='ocrx_word' id='word_1_696' title='bbox 757 5754 807 5797; x_wconf 92' lang='lat' dir='ltr'>et</span> <span class='ocrx_word' id='word_1_697' title='bbox 838 5744 914 5797; x_wconf 89' lang='lat' dir='ltr'><strong>illi</strong></span> <span class='ocrx_word' id='word_1_698' title='bbox 949 5745 1198 5800; x_wconf 84' lang='lat' dir='ltr'><strong>homines</strong></span> <span class='ocrx_word' id='word_1_699' title='bbox 1227 5746 1317 5815; x_wconf 89' lang='lat' dir='ltr'><strong>qui</strong></span> <span class='ocrx_word' id='word_1_700' title='bbox 1384 5747 1713 5815; x_wconf 85' lang='lat' dir='ltr'><strong>pravitatem</strong></span> <span class='ocrx_word' id='word_1_701' title='bbox 1771 5749 2026 5814; x_wconf 85' lang='lat' dir='ltr'><strong>oderunt,</strong></span> 
     </span>
    </p>
   </div>
   <div class='ocr_carea' id='block_1_92' title="bbox 354 5832 2023 5908">
    <p class='ocr_par' dir='ltr' id='par_1_92' title="bbox 354 5832 2023 5908">
     <span class='ocr_line' id='line_1_92' title="bbox 354 5832 2023 5908; baseline 0.008 -26"><span class='ocrx_word' id='word_1_702' title='bbox 354 5894 365 5905; x_wconf 38' lang='grc' dir='ltr'><strong>ο</strong></span> <span class='ocrx_word' id='word_1_703' title='bbox 457 5832 642 5885; x_wconf 78' lang='lat' dir='ltr'><strong>eodem</strong></span> <span class='ocrx_word' id='word_1_704' title='bbox 674 5834 828 5890; x_wconf 87' lang='lat' dir='ltr'><strong>modo</strong></span> <span class='ocrx_word' id='word_1_705' title='bbox 856 5835 989 5892; x_wconf 86' lang='lat' dir='ltr'><strong>mihi</strong></span> <span class='ocrx_word' id='word_1_706' title='bbox 1014 5850 1072 5892; x_wconf 88' lang='lat' dir='ltr'><strong>se</strong></span> <span class='ocrx_word' id='word_1_707' title='bbox 1101 5851 1293 5906; x_wconf 74' lang='lat' dir='ltr'><strong>gerere</strong></span> <span class='ocrx_word' id='word_1_708' title='bbox 1328 5837 1602 5894; x_wconf 78' lang='lat' dir='ltr'><strong>videntur.</strong></span> <span class='ocrx_word' id='word_1_709' title='bbox 1657 5840 1725 5895; x_wconf 85' lang='lat' dir='ltr'><strong>At</strong></span> <span class='ocrx_word' id='word_1_710' title='bbox 1790 5853 2023 5908; x_wconf 88' lang='lat' dir='ltr'><strong>quorum</strong></span> 
     </span>
    </p>
   </div>
   <div class='ocr_carea' id='block_1_93' title="bbox 2146 3262 3723 3338">
    <p class='ocr_par' dir='ltr' id='par_1_93' title="bbox 2146 3262 3723 3338">
     <span class='ocr_line' id='line_1_93' title="bbox 2146 3262 3723 3338; baseline 0.006 -24"><span class='ocrx_word' id='word_1_711' title='bbox 2146 3262 2240 3315; x_wconf 87' lang='grc' dir='ltr'>τοῦ</span> <span class='ocrx_word' id='word_1_712' title='bbox 2282 3263 2521 3332; x_wconf 80' lang='grc' dir='ltr'>καθαροῦ</span> <span class='ocrx_word' id='word_1_713' title='bbox 2564 3265 2640 3335; x_wconf 86' lang='grc' dir='ltr'>μὴ</span> <span class='ocrx_word' id='word_1_714' title='bbox 2676 3268 2734 3318; x_wconf 84' lang='grc' dir='ltr'>ού</span> <span class='ocrx_word' id='word_1_715' title='bbox 2779 3267 3001 3337; x_wconf 82' lang='grc' dir='ltr'>θεμιτὸν</span> <span class='ocrx_word' id='word_1_716' title='bbox 3040 3268 3150 3337; x_wconf 71' lang='grc' dir='ltr'>εἴη.</span> <span class='ocrx_word' id='word_1_717' title='bbox 3192 3270 3265 3320; x_wconf 83' lang='grc' dir='ltr'>υύ</span> <span class='ocrx_word' id='word_1_718' title='bbox 3310 3269 3417 3338; x_wconf 80' lang='grc' dir='ltr'>μὴν</span> <span class='ocrx_word' id='word_1_719' title='bbox 3455 3269 3590 3323; x_wconf 81' lang='grc' dir='ltr'>ἀλλά</span> <span class='ocrx_word' id='word_1_720' title='bbox 3627 3271 3723 3324; x_wconf 76' lang='grc' dir='ltr'>καὶ</span> 
     </span>
    </p>
   </div>
   <div class='ocr_carea' id='block_1_94' title="bbox 2148 3356 3711 3429">
    <p class='ocr_par' dir='ltr' id='par_1_94' title="bbox 2148 3356 3711 3429">
     <span class='ocr_line' id='line_1_94' title="bbox 2148 3356 3711 3429; baseline 0.006 -23"><span class='ocrx_word' id='word_1_721' title='bbox 2148 3356 2287 3407; x_wconf 81' lang='grc' dir='ltr'>κατὰ</span> <span class='ocrx_word' id='word_1_722' title='bbox 2327 3356 2475 3408; x_wconf 86' lang='grc' dir='ltr'>τόνδε</span> <span class='ocrx_word' id='word_1_723' title='bbox 2515 3357 2606 3409; x_wconf 74' lang='grc' dir='ltr'>τὸν</span> <span class='ocrx_word' id='word_1_724' title='bbox 2646 3360 2848 3425; x_wconf 78' lang='grc' dir='ltr'>τρόπον</span> <span class='ocrx_word' id='word_1_725' title='bbox 2882 3359 3045 3429; x_wconf 79' lang='grc' dir='ltr'>δῆλον</span> <span class='ocrx_word' id='word_1_726' title='bbox 3080 3360 3144 3412; x_wconf 82' lang='grc' dir='ltr'>ἂν</span> <span class='ocrx_word' id='word_1_727' title='bbox 3183 3360 3268 3429; x_wconf 80' lang='grc' dir='ltr'>εἴη</span> <span class='ocrx_word' id='word_1_728' title='bbox 3307 3360 3368 3414; x_wconf 76' lang='grc' dir='ltr'>τὸ</span> <span class='ocrx_word' id='word_1_729' title='bbox 3407 3362 3711 3429; x_wconf 79' lang='grc' dir='ltr'>εἰρημένον.</span> 
     </span>
    </p>
   </div>
   <div class='ocr_carea' id='block_1_95' title="bbox 2158 3443 3710 3520">
    <p class='ocr_par' dir='ltr' id='par_1_95' title="bbox 2158 3443 3710 3520">
     <span class='ocr_line' id='line_1_95' title="bbox 2158 3443 3710 3520; baseline 0.005 -24"><span class='ocrx_word' id='word_1_730' title='bbox 2158 3443 2216 3497; x_wconf 88' lang='lat'>&#39;0</span> <span class='ocrx_word' id='word_1_731' title='bbox 2263 3444 2392 3513; x_wconf 86' lang='grc' dir='ltr'>γοῦν</span> <span class='ocrx_word' id='word_1_732' title='bbox 2439 3446 2646 3516; x_wconf 77' lang='grc' dir='ltr'>ἐχθρῶς</span> <span class='ocrx_word' id='word_1_733' title='bbox 2692 3448 3039 3517; x_wconf 84' lang='grc' dir='ltr'>διακείμενος</span> <span class='ocrx_word' id='word_1_734' title='bbox 3079 3449 3158 3520; x_wconf 84' lang='grc' dir='ltr'>τῷ</span> <span class='ocrx_word' id='word_1_735' title='bbox 3204 3467 3309 3504; x_wconf 90' lang='grc' dir='ltr'>τινι</span> <span class='ocrx_word' id='word_1_736' title='bbox 3350 3451 3710 3519; x_wconf 77' lang='grc' dir='ltr'>διᾶφερὸντως</span> 
     </span>
    </p>
   </div>
   <div class='ocr_carea' id='block_1_96' title="bbox 2147 3536 3708 3610">
    <p class='ocr_par' dir='ltr' id='par_1_96' title="bbox 2147 3536 3708 3610">
     <span class='ocr_line' id='line_1_96' title="bbox 2147 3536 3708 3610; baseline 0.004 -23"><span class='ocrx_word' id='word_1_737' title='bbox 2147 3536 2456 3607; x_wconf 82' lang='grc' dir='ltr'>φιλουμένῳ</span> <span class='ocrx_word' id='word_1_738' title='bbox 2486 3539 2581 3597; x_wconf 70' lang='grc' dir='ltr'>καὶ</span> <span class='ocrx_word' id='word_1_739' title='bbox 2609 3539 2685 3610; x_wconf 84' lang='grc' dir='ltr'>τῷ</span> <span class='ocrx_word' id='word_1_740' title='bbox 2717 3540 2961 3610; x_wconf 87' lang='grc' dir='ltr'>φιλοῦντι</span> <span class='ocrx_word' id='word_1_741' title='bbox 2997 3542 3215 3605; x_wconf 83' lang='grc' dir='ltr'>πάντως</span> <span class='ocrx_word' id='word_1_742' title='bbox 3245 3543 3311 3595; x_wconf 79' lang='grc' dir='ltr'>ἂν</span> <span class='ocrx_word' id='word_1_743' title='bbox 3338 3544 3420 3610; x_wconf 84' lang='grc' dir='ltr'>εἰη</span> <span class='ocrx_word' id='word_1_744' title='bbox 3445 3558 3459 3572; x_wconf 88' lang='grc'><strong>·</strong></span> <span class='ocrx_word' id='word_1_745' title='bbox 3491 3543 3585 3594; x_wconf 72' lang='grc' dir='ltr'>καὶ</span> <span class='ocrx_word' id='word_1_746' title='bbox 3612 3543 3708 3609; x_wconf 80' lang='grc' dir='ltr'>δῆ-</span> 
     </span>
    </p>
   </div>
   <div class='ocr_carea' id='block_1_97' title="bbox 2144 3624 3714 3702">
    <p class='ocr_par' dir='ltr' id='par_1_97' title="bbox 2144 3624 3714 3702">
     <span class='ocr_line' id='line_1_97' title="bbox 2144 3624 3714 3702; baseline 0.006 -26"><span class='ocrx_word' id='word_1_747' title='bbox 2144 3624 2233 3677; x_wconf 84' lang='grc' dir='ltr'>λον</span> <span class='ocrx_word' id='word_1_748' title='bbox 2262 3627 2325 3680; x_wconf 81' lang='grc' dir='ltr'>ἐκ</span> <span class='ocrx_word' id='word_1_749' title='bbox 2352 3627 2445 3679; x_wconf 89' lang='grc' dir='ltr'>τοῦ</span> <span class='ocrx_word' id='word_1_750' title='bbox 2474 3631 2742 3684; x_wconf 79' lang='grc' dir='ltr'>ἐναντίου.</span> <span class='ocrx_word' id='word_1_751' title='bbox 2779 3631 2838 3683; x_wconf 84' lang='lat'>&#39;0</span> <span class='ocrx_word' id='word_1_752' title='bbox 2870 3632 2976 3702; x_wconf 82' lang='grc' dir='ltr'>γὰρ</span> <span class='ocrx_word' id='word_1_753' title='bbox 3010 3632 3184 3701; x_wconf 86' lang='grc' dir='ltr'>φιλῶν</span> <span class='ocrx_word' id='word_1_754' title='bbox 3214 3651 3297 3686; x_wconf 92' lang='grc' dir='ltr'>σοι</span> <span class='ocrx_word' id='word_1_755' title='bbox 3322 3634 3411 3686; x_wconf 75' lang='grc' dir='ltr'>τὸν</span> <span class='ocrx_word' id='word_1_756' title='bbox 3441 3633 3592 3701; x_wconf 83' lang='grc' dir='ltr'>φίλον</span> <span class='ocrx_word' id='word_1_757' title='bbox 3620 3634 3714 3686; x_wconf 67' lang='grc' dir='ltr'>καὶ</span> 
     </span>
    </p>
   </div>
   <div class='ocr_carea' id='block_1_98' title="bbox 2146 3719 3715 3794">
    <p class='ocr_par' dir='ltr' id='par_1_98' title="bbox 2146 3719 3715 3794">
     <span class='ocr_line' id='line_1_98' title="bbox 2146 3719 3715 3794; baseline 0.006 -25"><span class='ocrx_word' id='word_1_758' title='bbox 2146 3719 2293 3788; x_wconf 84' lang='grc' dir='ltr'>αὑτῴ</span> <span class='ocrx_word' id='word_1_759' title='bbox 2325 3737 2406 3773; x_wconf 89' lang='grc' dir='ltr'>σοι</span> <span class='ocrx_word' id='word_1_760' title='bbox 2438 3722 2588 3789; x_wconf 83' lang='grc' dir='ltr'>φίλος</span> <span class='ocrx_word' id='word_1_761' title='bbox 2622 3722 2798 3793; x_wconf 82' lang='grc' dir='ltr'>σαφὴς</span> <span class='ocrx_word' id='word_1_762' title='bbox 2827 3724 2999 3794; x_wconf 83' lang='grc' dir='ltr'>δήπου</span> <span class='ocrx_word' id='word_1_763' title='bbox 3033 3725 3264 3791; x_wconf 87' lang='grc' dir='ltr'>γίνεται.</span> <span class='ocrx_word' id='word_1_764' title='bbox 3297 3727 3405 3779; x_wconf 73' lang='grc' dir='ltr'>Καὶ</span> <span class='ocrx_word' id='word_1_765' title='bbox 3434 3726 3579 3779; x_wconf 76' lang='grc' dir='ltr'>οὗτοι</span> <span class='ocrx_word' id='word_1_766' title='bbox 3606 3728 3715 3779; x_wconf 83' lang='grc' dir='ltr'>τοί-</span> 
     </span>
    </p>
   </div>
   <div class='ocr_carea' id='block_1_99' title="bbox 2146 3813 3715 3889">
    <p class='ocr_par' dir='ltr' id='par_1_99' title="bbox 2146 3813 3715 3889">
     <span class='ocr_line' id='line_1_99' title="bbox 2146 3813 3715 3889; baseline 0.006 -26"><span class='ocrx_word' id='word_1_767' title='bbox 2146 3828 2239 3863; x_wconf 90' lang='grc' dir='ltr'>νυν</span> <span class='ocrx_word' id='word_1_768' title='bbox 2273 3813 2557 3881; x_wconf 83' lang='grc' dir='ltr'>μισοῦντες</span> <span class='ocrx_word' id='word_1_769' title='bbox 2582 3815 2680 3884; x_wconf 85' lang='grc' dir='ltr'>τὴν</span> <span class='ocrx_word' id='word_1_770' title='bbox 2710 3817 2934 3885; x_wconf 81' lang='grc' dir='ltr'>ἀρετὴν,</span> <span class='ocrx_word' id='word_1_771' title='bbox 2967 3818 3128 3887; x_wconf 81' lang='grc' dir='ltr'>φίλην</span> <span class='ocrx_word' id='word_1_772' title='bbox 3155 3815 3322 3875; x_wconf 77' lang='grc' dir='ltr'>οὖσαν</span> <span class='ocrx_word' id='word_1_773' title='bbox 3351 3818 3428 3889; x_wconf 88' lang='grc' dir='ltr'>τῷ</span> <span class='ocrx_word' id='word_1_774' title='bbox 3457 3818 3594 3885; x_wconf 84' lang='grc' dir='ltr'>Θεῷ,</span> <span class='ocrx_word' id='word_1_775' title='bbox 3622 3820 3715 3873; x_wconf 73' lang='grc' dir='ltr'>καὶ</span> 
     </span>
    </p>
   </div>
   <div class='ocr_carea' id='block_1_100' title="bbox 2146 3902 3719 3981">
    <p class='ocr_par' dir='ltr' id='par_1_100' title="bbox 2146 3902 3719 3981">
     <span class='ocr_line' id='line_1_100' title="bbox 2146 3902 3719 3981; baseline 0.007 -27"><span class='ocrx_word' id='word_1_776' title='bbox 2146 3902 2220 3970; x_wconf 80' lang='grc' dir='ltr'>τῷ</span> <span class='ocrx_word' id='word_1_777' title='bbox 2260 3904 2414 3974; x_wconf 87' lang='grc' dir='ltr'>κακῷ</span> <span class='ocrx_word' id='word_1_778' title='bbox 2456 3906 3001 3979; x_wconf 83' lang='grc' dir='ltr'>προσδεδραμηκότες</span> <span class='ocrx_word' id='word_1_779' title='bbox 3044 3910 3264 3974; x_wconf 81' lang='grc' dir='ltr'>ἑκόντες</span> <span class='ocrx_word' id='word_1_780' title='bbox 3286 3952 3312 3977; x_wconf 13' lang='grc' dir='ltr'>,γ</span> <span class='ocrx_word' id='word_1_781' title='bbox 3341 3911 3527 3964; x_wconf 81' lang='grc' dir='ltr'>οὐκέτι</span> <span class='ocrx_word' id='word_1_782' title='bbox 3572 3911 3719 3981; x_wconf 17' lang='grc' dir='ltr'>φίλοι,</span> 
     </span>
    </p>
   </div>
   <div class='ocr_carea' id='block_1_101' title="bbox 2144 3997 3710 4077">
    <p class='ocr_par' dir='ltr' id='par_1_101' title="bbox 2144 3997 3710 4077">
     <span class='ocr_line' id='line_1_101' title="bbox 2144 3997 3710 4077; baseline 0.006 -29"><span class='ocrx_word' id='word_1_783' title='bbox 2144 3997 2221 4066; x_wconf 81' lang='grc' dir='ltr'>τῷ</span> <span class='ocrx_word' id='word_1_784' title='bbox 2246 3997 2387 4069; x_wconf 81' lang='grc' dir='ltr'>Θεῷ,</span> <span class='ocrx_word' id='word_1_785' title='bbox 2414 4000 2548 4053; x_wconf 83' lang='grc' dir='ltr'>ἀλλὰ</span> <span class='ocrx_word' id='word_1_786' title='bbox 2578 4001 2761 4070; x_wconf 81' lang='grc' dir='ltr'>σαφῶς</span> <span class='ocrx_word' id='word_1_787' title='bbox 2788 4002 2973 4071; x_wconf 79' lang='grc' dir='ltr'>ἐχθροί</span> <span class='ocrx_word' id='word_1_788' title='bbox 2995 4020 3008 4035; x_wconf 76' lang='grc' dir='ltr'><strong>ο</strong></span> <span class='ocrx_word' id='word_1_789' title='bbox 3037 4004 3134 4073; x_wconf 78' lang='grc' dir='ltr'>οὐχ</span> <span class='ocrx_word' id='word_1_790' title='bbox 3164 4006 3353 4073; x_wconf 83' lang='grc' dir='ltr'>ὑγιῶς,</span> <span class='ocrx_word' id='word_1_791' title='bbox 3449 4005 3710 4075; x_wconf 73' lang='grc' dir='ltr'>βέλτιστε,</span> 
     </span>
    </p>
   </div>
   <div class='ocr_carea' id='block_1_102' title="bbox 2147 4091 3709 4165">
    <p class='ocr_par' dir='ltr' id='par_1_102' title="bbox 2147 4091 3709 4165">
     <span class='ocr_line' id='line_1_102' title="bbox 2147 4091 3709 4165; baseline 0.006 -26"><span class='ocrx_word' id='word_1_792' title='bbox 2147 4091 2539 4159; x_wconf 79' lang='grc' dir='ltr'>συνεπέρανας.</span> <span class='ocrx_word' id='word_1_793' title='bbox 2566 4094 2632 4144; x_wconf 83' lang='grc' dir='ltr'>Αἰ</span> <span class='ocrx_word' id='word_1_794' title='bbox 2664 4093 2771 4163; x_wconf 80' lang='grc' dir='ltr'>γὰρ</span> <span class='ocrx_word' id='word_1_795' title='bbox 2799 4095 3096 4161; x_wconf 83' lang='grc' dir='ltr'>προτάσεις</span> <span class='ocrx_word' id='word_1_796' title='bbox 3123 4097 3343 4165; x_wconf 81' lang='grc' dir='ltr'>ἀληθεῖς</span> <span class='ocrx_word' id='word_1_797' title='bbox 3363 4111 3378 4126; x_wconf 86' lang='lat'><strong><em>°</em></strong></span> <span class='ocrx_word' id='word_1_798' title='bbox 3408 4096 3469 4148; x_wconf 82' lang='grc' dir='ltr'>τὸ</span> <span class='ocrx_word' id='word_1_799' title='bbox 3495 4097 3551 4150; x_wconf 82' lang='grc' dir='ltr'>δὲ</span> <span class='ocrx_word' id='word_1_800' title='bbox 3581 4114 3709 4165; x_wconf 85' lang='grc' dir='ltr'>συμ-</span> 
     </span>
    </p>
   </div>
   <div class='ocr_carea' id='block_1_103' title="bbox 2145 4179 3713 4255">
    <p class='ocr_par' dir='ltr' id='par_1_103' title="bbox 2145 4179 3713 4255">
     <span class='ocr_line' id='line_1_103' title="bbox 2145 4179 3713 4255; baseline 0.006 -25"><span class='ocrx_word' id='word_1_801' title='bbox 2145 4179 2402 4249; x_wconf 83' lang='grc' dir='ltr'>πέρασμα</span> <span class='ocrx_word' id='word_1_802' title='bbox 2426 4183 2543 4246; x_wconf 76' lang='grc' dir='ltr'>ταῖς</span> <span class='ocrx_word' id='word_1_803' title='bbox 2573 4185 2902 4254; x_wconf 86' lang='grc' dir='ltr'>προτάσεσιν</span> <span class='ocrx_word' id='word_1_804' title='bbox 2927 4185 3018 4239; x_wconf 75' lang='grc' dir='ltr'>ἐπὶ</span> <span class='ocrx_word' id='word_1_805' title='bbox 3043 4186 3151 4238; x_wconf 86' lang='grc' dir='ltr'>τῶν</span> <span class='ocrx_word' id='word_1_806' title='bbox 3176 4186 3266 4238; x_wconf 89' lang='grc' dir='ltr'>τοῦ</span> <span class='ocrx_word' id='word_1_807' title='bbox 3295 4186 3430 4238; x_wconf 90' lang='grc' dir='ltr'>Θεοῦ</span> <span class='ocrx_word' id='word_1_808' title='bbox 3460 4188 3713 4255; x_wconf 76' lang='grc' dir='ltr'>πραγμάο</span> 
     </span>
    </p>
   </div>
   <div class='ocr_carea' id='block_1_104' title="bbox 2143 4274 3711 4349">
    <p class='ocr_par' dir='ltr' id='par_1_104' title="bbox 2143 4274 3711 4349">
     <span class='ocr_line' id='line_1_104' title="bbox 2143 4274 3711 4349; baseline 0.004 -25"><span class='ocrx_word' id='word_1_809' title='bbox 2143 4289 2252 4326; x_wconf 88' lang='grc' dir='ltr'>των</span> <span class='ocrx_word' id='word_1_810' title='bbox 2285 4274 2346 4326; x_wconf 87' lang='grc' dir='ltr'>οὐ</span> <span class='ocrx_word' id='word_1_811' title='bbox 2388 4276 2614 4343; x_wconf 83' lang='grc' dir='ltr'>συνᾷδον</span> <span class='ocrx_word' id='word_1_812' title='bbox 2647 4276 3025 4347; x_wconf 83' lang='grc' dir='ltr'>εὑρεθήσεται.</span> <span class='ocrx_word' id='word_1_813' title='bbox 3067 4279 3159 4336; x_wconf 81' lang='grc' dir='ltr'>Εἰς</span> <span class='ocrx_word' id='word_1_814' title='bbox 3207 4280 3306 4348; x_wconf 78' lang='grc' dir='ltr'>μὲν</span> <span class='ocrx_word' id='word_1_815' title='bbox 3342 4278 3451 4349; x_wconf 82' lang='grc' dir='ltr'>γάρ</span> <span class='ocrx_word' id='word_1_816' title='bbox 3484 4281 3553 4332; x_wconf 68' lang='grc' dir='ltr'>τὰ</span> <span class='ocrx_word' id='word_1_817' title='bbox 3582 4277 3711 4333; x_wconf 83' lang='grc' dir='ltr'>’καθ’</span> 
     </span>
    </p>
   </div>
   <div class='ocr_carea' id='block_1_105' title="bbox 2142 4362 3709 4437">
    <p class='ocr_par' dir='ltr' id='par_1_105' title="bbox 2142 4362 3709 4437">
     <span class='ocr_line' id='line_1_105' title="bbox 2142 4362 3709 4437; baseline 0.008 -23"><span class='ocrx_word' id='word_1_818' title='bbox 2142 4362 2289 4430; x_wconf 80' lang='grc' dir='ltr'>ἡμᾶς</span> <span class='ocrx_word' id='word_1_819' title='bbox 2324 4364 2623 4432; x_wconf 80' lang='grc' dir='ltr'>πράγματα</span> <span class='ocrx_word' id='word_1_820' title='bbox 2657 4365 2833 4431; x_wconf 84' lang='grc' dir='ltr'>ὀρθῶς</span> <span class='ocrx_word' id='word_1_821' title='bbox 2865 4366 2930 4420; x_wconf 86' lang='grc' dir='ltr'>ἂν</span> <span class='ocrx_word' id='word_1_822' title='bbox 2960 4366 3072 4437; x_wconf 77' lang='grc' dir='ltr'>ἔχοι</span> <span class='ocrx_word' id='word_1_823' title='bbox 3102 4368 3326 4422; x_wconf 89' lang='grc' dir='ltr'>τοιαῦτα</span> <span class='ocrx_word' id='word_1_824' title='bbox 3362 4370 3539 4436; x_wconf 84' lang='grc' dir='ltr'>λέγειν</span> <span class='ocrx_word' id='word_1_825' title='bbox 3565 4385 3579 4399; x_wconf 89' lang='grc'><strong>·</strong></span> <span class='ocrx_word' id='word_1_826' title='bbox 3611 4370 3709 4427; x_wconf 75' lang='grc' dir='ltr'>ὅσα</span> 
     </span>
    </p>
   </div>
   <div class='ocr_carea' id='block_1_106' title="bbox 2142 4452 3709 4528">
    <p class='ocr_par' dir='ltr' id='par_1_106' title="bbox 2142 4452 3709 4528">
     <span class='ocr_line' id='line_1_106' title="bbox 2142 4452 3709 4528; baseline 0.005 -24"><span class='ocrx_word' id='word_1_827' title='bbox 2142 4452 2198 4504; x_wconf 79' lang='grc' dir='ltr'>δὲ</span> <span class='ocrx_word' id='word_1_828' title='bbox 2229 4454 2307 4515; x_wconf 88' lang='grc' dir='ltr'>εἰς</span> <span class='ocrx_word' id='word_1_829' title='bbox 2340 4455 2431 4506; x_wconf 68' lang='grc' dir='ltr'>τὸν</span> <span class='ocrx_word' id='word_1_830' title='bbox 2458 4452 2594 4507; x_wconf 81' lang='grc' dir='ltr'>Θεὸν</span> <span class='ocrx_word' id='word_1_831' title='bbox 2623 4456 2770 4524; x_wconf 78' lang='grc' dir='ltr'>ἥκει,</span> <span class='ocrx_word' id='word_1_832' title='bbox 2807 4459 2971 4522; x_wconf 86' lang='grc' dir='ltr'>ἀξίως</span> <span class='ocrx_word' id='word_1_833' title='bbox 3002 4460 3275 4528; x_wconf 86' lang='grc' dir='ltr'>δήπουθεν</span> <span class='ocrx_word' id='word_1_834' title='bbox 3305 4460 3468 4513; x_wconf 82' lang='grc' dir='ltr'>αὐτοῦ</span> <span class='ocrx_word' id='word_1_835' title='bbox 3502 4463 3594 4513; x_wconf 74' lang='grc' dir='ltr'>καὶ</span> <span class='ocrx_word' id='word_1_836' title='bbox 3625 4462 3709 4521; x_wconf 81' lang='grc' dir='ltr'>λε-</span> 
     </span>
    </p>
   </div>
   <div class='ocr_carea' id='block_1_107' title="bbox 2142 4542 3709 4619">
    <p class='ocr_par' dir='ltr' id='par_1_107' title="bbox 2142 4542 3709 4619">
     <span class='ocr_line' id='line_1_107' title="bbox 2142 4542 3709 4619; baseline 0.005 -26"><span class='ocrx_word' id='word_1_837' title='bbox 2142 4542 2299 4594; x_wconf 79' lang='grc' dir='ltr'>κτέον</span> <span class='ocrx_word' id='word_1_838' title='bbox 2330 4545 2458 4613; x_wconf 78' lang='grc' dir='ltr'>ἡμῖν</span> <span class='ocrx_word' id='word_1_839' title='bbox 2490 4543 2554 4596; x_wconf 85' lang='grc' dir='ltr'>ἂν</span> <span class='ocrx_word' id='word_1_840' title='bbox 2583 4544 2670 4614; x_wconf 80' lang='grc' dir='ltr'>εἴη</span> <span class='ocrx_word' id='word_1_841' title='bbox 2692 4584 2706 4607; x_wconf 85' lang='grc'>,</span> <span class='ocrx_word' id='word_1_842' title='bbox 2738 4547 2833 4600; x_wconf 74' lang='grc' dir='ltr'>καὶ</span> <span class='ocrx_word' id='word_1_843' title='bbox 2863 4550 3109 4613; x_wconf 83' lang='grc' dir='ltr'>νοητέον,</span> <span class='ocrx_word' id='word_1_844' title='bbox 3138 4548 3288 4613; x_wconf 78' lang='grc' dir='ltr'>ἄξιον</span> <span class='ocrx_word' id='word_1_845' title='bbox 3314 4550 3359 4602; x_wconf 80' lang='grc' dir='ltr'>δ’</span> <span class='ocrx_word' id='word_1_846' title='bbox 3384 4550 3448 4603; x_wconf 82' lang='grc' dir='ltr'>ἂν</span> <span class='ocrx_word' id='word_1_847' title='bbox 3478 4554 3562 4619; x_wconf 75' lang='grc' dir='ltr'>εἴη</span> <span class='ocrx_word' id='word_1_848' title='bbox 3594 4550 3709 4619; x_wconf 76' lang='grc' dir='ltr'>Θεῷ</span> 
     </span>
    </p>
   </div>
   <div class='ocr_carea' id='block_1_108' title="bbox 2140 4633 3708 4705">
    <p class='ocr_par' dir='ltr' id='par_1_108' title="bbox 2140 4633 3708 4705">
     <span class='ocr_line' id='line_1_108' title="bbox 2140 4633 3708 4705; baseline 0.005 -20"><span class='ocrx_word' id='word_1_849' title='bbox 2140 4634 2200 4685; x_wconf 83' lang='grc' dir='ltr'>τὸ</span> <span class='ocrx_word' id='word_1_850' title='bbox 2228 4633 2503 4702; x_wconf 79' lang='grc' dir='ltr'>μηδέποτε</span> <span class='ocrx_word' id='word_1_851' title='bbox 2533 4638 2732 4705; x_wconf 83' lang='grc' dir='ltr'>μισεῖν,</span> <span class='ocrx_word' id='word_1_852' title='bbox 2758 4637 2815 4689; x_wconf 81' lang='grc' dir='ltr'>δν</span> <span class='ocrx_word' id='word_1_853' title='bbox 2840 4641 2960 4690; x_wconf 76' lang='grc' dir='ltr'>κατ’</span> <span class='ocrx_word' id='word_1_854' title='bbox 2980 4641 3164 4693; x_wconf 80' lang='grc' dir='ltr'>εἰκόνα</span> <span class='ocrx_word' id='word_1_855' title='bbox 3192 4641 3380 4694; x_wconf 79' lang='grc' dir='ltr'>ἑαυτοῦ</span> <span class='ocrx_word' id='word_1_856' title='bbox 3408 4645 3527 4704; x_wconf 87' lang='grc' dir='ltr'>ταῖς</span> <span class='ocrx_word' id='word_1_857' title='bbox 3555 4642 3708 4704; x_wconf 81' lang='grc' dir='ltr'>ἰδίαις</span> 
     </span>
    </p>
   </div>
   <div class='ocr_carea' id='block_1_109' title="bbox 2141 4725 3710 4803">
    <p class='ocr_par' dir='ltr' id='par_1_109' title="bbox 2141 4725 3710 4803">
     <span class='ocr_line' id='line_1_109' title="bbox 2141 4725 3710 4803; baseline 0.004 -26"><span class='ocrx_word' id='word_1_858' title='bbox 2141 4726 2325 4795; x_wconf 73' lang='grc' dir='ltr'>χερσὶν</span> <span class='ocrx_word' id='word_1_859' title='bbox 2354 4725 2610 4781; x_wconf 80' lang='grc' dir='ltr'>ἔπλασεν.</span> <span class='ocrx_word' id='word_1_860' title='bbox 2643 4729 2716 4781; x_wconf 71' lang='grc' dir='ltr'>Οὐ</span> <span class='ocrx_word' id='word_1_861' title='bbox 2748 4731 2856 4797; x_wconf 76' lang='grc' dir='ltr'>γὰρ</span> <span class='ocrx_word' id='word_1_862' title='bbox 2885 4731 2947 4800; x_wconf 83' lang='grc' dir='ltr'>δὴ</span> <span class='ocrx_word' id='word_1_863' title='bbox 2979 4732 3298 4800; x_wconf 69' lang='grc' dir='ltr'>μεταεαλὼν</span> <span class='ocrx_word' id='word_1_864' title='bbox 3325 4734 3424 4801; x_wconf 77' lang='grc' dir='ltr'>τὴν</span> <span class='ocrx_word' id='word_1_865' title='bbox 3456 4735 3710 4803; x_wconf 70' lang='grc' dir='ltr'>προαίρεη</span> 
     </span>
    </p>
   </div>
   <div class='ocr_carea' id='block_1_110' title="bbox 2141 4816 3705 4894">
    <p class='ocr_par' dir='ltr' id='par_1_110' title="bbox 2141 4816 3705 4894">
     <span class='ocr_line' id='line_1_110' title="bbox 2141 4816 3705 4894; baseline 0.006 -26"><span class='ocrx_word' id='word_1_866' title='bbox 2141 4834 2248 4881; x_wconf 82' lang='grc' dir='ltr'>σιν,</span> <span class='ocrx_word' id='word_1_867' title='bbox 2276 4818 2372 4871; x_wconf 81' lang='grc' dir='ltr'>καὶ</span> <span class='ocrx_word' id='word_1_868' title='bbox 2398 4819 2529 4871; x_wconf 78' lang='grc' dir='ltr'>αὐτὸ</span> <span class='ocrx_word' id='word_1_869' title='bbox 2553 4820 2614 4872; x_wconf 84' lang='grc' dir='ltr'>τὸ</span> <span class='ocrx_word' id='word_1_870' title='bbox 2643 4816 2781 4873; x_wconf 74' lang='grc' dir='ltr'>εἶναι</span> <span class='ocrx_word' id='word_1_871' title='bbox 2814 4823 3133 4891; x_wconf 79' lang='grc' dir='ltr'>μετέϐαλεν,</span> <span class='ocrx_word' id='word_1_872' title='bbox 3162 4823 3235 4884; x_wconf 81' lang='grc' dir='ltr'>ὡς</span> <span class='ocrx_word' id='word_1_873' title='bbox 3269 4825 3503 4893; x_wconf 87' lang='grc' dir='ltr'>μάλιστα</span> <span class='ocrx_word' id='word_1_874' title='bbox 3531 4829 3705 4894; x_wconf 71' lang='grc' dir='ltr'>ἡμαρ-</span> 
     </span>
    </p>
   </div>
   <div class='ocr_carea' id='block_1_111' title="bbox 2137 4910 3704 4985">
    <p class='ocr_par' dir='ltr' id='par_1_111' title="bbox 2137 4910 3704 4985">
     <span class='ocr_line' id='line_1_111' title="bbox 2137 4910 3704 4985; baseline 0.003 -22"><span class='ocrx_word' id='word_1_875' title='bbox 2137 4910 2341 4978; x_wconf 85' lang='grc' dir='ltr'>τηκὼς.</span> <span class='ocrx_word' id='word_1_876' title='bbox 2371 4913 2444 4964; x_wconf 84' lang='grc' dir='ltr'>Ού</span> <span class='ocrx_word' id='word_1_877' title='bbox 2482 4911 2587 4982; x_wconf 80' lang='grc' dir='ltr'>μὴν</span> <span class='ocrx_word' id='word_1_878' title='bbox 2614 4912 2748 4965; x_wconf 72' lang='grc' dir='ltr'>ἀλλὰ</span> <span class='ocrx_word' id='word_1_879' title='bbox 2780 4914 2872 4967; x_wconf 72' lang='grc' dir='ltr'>καὶ</span> <span class='ocrx_word' id='word_1_880' title='bbox 2902 4914 2952 4965; x_wconf 78' lang='grc' dir='ltr'>οἱ</span> <span class='ocrx_word' id='word_1_881' title='bbox 2985 4916 3343 4984; x_wconf 83' lang='grc' dir='ltr'>μισοπόνηροι</span> <span class='ocrx_word' id='word_1_882' title='bbox 3366 4917 3476 4968; x_wconf 88' lang='grc' dir='ltr'>τῶν</span> <span class='ocrx_word' id='word_1_883' title='bbox 3500 4917 3704 4985; x_wconf 85' lang='grc' dir='ltr'>ἀνθρώ-</span> 
     </span>
    </p>
   </div>
   <div class='ocr_carea' id='block_1_112' title="bbox 2137 5004 3705 5078">
    <p class='ocr_par' dir='ltr' id='par_1_112' title="bbox 2137 5004 3705 5078">
     <span class='ocr_line' id='line_1_112' title="bbox 2137 5004 3705 5078; baseline 0.002 -21"><span class='ocrx_word' id='word_1_884' title='bbox 2137 5022 2256 5058; x_wconf 89' lang='grc' dir='ltr'>πων</span> <span class='ocrx_word' id='word_1_885' title='bbox 2284 5005 2427 5058; x_wconf 77' lang='grc' dir='ltr'>οὕτω</span> <span class='ocrx_word' id='word_1_886' title='bbox 2461 5023 2553 5075; x_wconf 87' lang='grc' dir='ltr'>μοι</span> <span class='ocrx_word' id='word_1_887' title='bbox 2583 5004 2800 5062; x_wconf 83' lang='grc' dir='ltr'>δοκοῦσι</span> <span class='ocrx_word' id='word_1_888' title='bbox 2835 5009 3029 5060; x_wconf 86' lang='grc' dir='ltr'>ποιεῖν.</span> <span class='ocrx_word' id='word_1_889' title='bbox 3059 5008 3213 5060; x_wconf 87' lang='grc' dir='ltr'>Ὅσοι</span> <span class='ocrx_word' id='word_1_890' title='bbox 3245 5008 3301 5060; x_wconf 85' lang='grc' dir='ltr'>δὲ</span> <span class='ocrx_word' id='word_1_891' title='bbox 3332 5008 3427 5078; x_wconf 85' lang='grc' dir='ltr'>τὴν</span> <span class='ocrx_word' id='word_1_892' title='bbox 3462 5010 3705 5060; x_wconf 79' lang='grc' dir='ltr'>ἐναντίαν</span> 
     </span>
    </p>
   </div>
   <div class='ocr_carea' id='block_1_113' title="bbox 2138 5096 3707 5166">
    <p class='ocr_par' dir='ltr' id='par_1_113' title="bbox 2138 5096 3707 5166">
     <span class='ocr_line' id='line_1_113' title="bbox 2138 5096 3707 5166; baseline 0.001 -19"><span class='ocrx_word' id='word_1_893' title='bbox 2138 5097 2323 5165; x_wconf 80' lang='grc' dir='ltr'>ἔχουσι</span> <span class='ocrx_word' id='word_1_894' title='bbox 2360 5096 2621 5166; x_wconf 84' lang='grc' dir='ltr'>γνώμην,</span> <span class='ocrx_word' id='word_1_895' title='bbox 2655 5096 2749 5148; x_wconf 75' lang='grc' dir='ltr'>καὶ</span> <span class='ocrx_word' id='word_1_896' title='bbox 2778 5096 2877 5165; x_wconf 80' lang='grc' dir='ltr'>τὴν</span> <span class='ocrx_word' id='word_1_897' title='bbox 2909 5096 3107 5149; x_wconf 87' lang='grc' dir='ltr'>κακίαν</span> <span class='ocrx_word' id='word_1_898' title='bbox 3140 5097 3238 5162; x_wconf 83' lang='grc' dir='ltr'>μὲν</span> <span class='ocrx_word' id='word_1_899' title='bbox 3268 5096 3514 5165; x_wconf 79' lang='grc' dir='ltr'>οὐδαμῶς</span> <span class='ocrx_word' id='word_1_900' title='bbox 3534 5136 3550 5162; x_wconf 89' lang='grc'>,</span> <span class='ocrx_word' id='word_1_901' title='bbox 3579 5097 3707 5159; x_wconf 67' lang='grc' dir='ltr'>τοὺς</span> 
     </span>
    </p>
   </div>
   <div class='ocr_carea' id='block_1_114' title="bbox 2133 5188 3705 5259">
    <p class='ocr_par' dir='ltr' id='par_1_114' title="bbox 2133 5188 3705 5259">
     <span class='ocr_line' id='line_1_114' title="bbox 2133 5188 3705 5259; baseline -0.001 -18"><span class='ocrx_word' id='word_1_902' title='bbox 2133 5189 2178 5241; x_wconf 87' lang='grc' dir='ltr'>δ’</span> <span class='ocrx_word' id='word_1_903' title='bbox 2202 5189 2306 5241; x_wconf 80' lang='grc' dir='ltr'>ὑπὸ</span> <span class='ocrx_word' id='word_1_904' title='bbox 2336 5188 2539 5259; x_wconf 86' lang='grc' dir='ltr'>ταύτης</span> <span class='ocrx_word' id='word_1_905' title='bbox 2576 5188 3023 5257; x_wconf 78' lang='grc' dir='ltr'>κεκρατημένους</span> <span class='ocrx_word' id='word_1_906' title='bbox 3058 5188 3262 5256; x_wconf 84' lang='grc' dir='ltr'>σφόδρα</span> <span class='ocrx_word' id='word_1_907' title='bbox 3301 5188 3555 5257; x_wconf 80' lang='grc' dir='ltr'>μισοῦσι,</span> <span class='ocrx_word' id='word_1_908' title='bbox 3588 5189 3705 5240; x_wconf 79' lang='grc' dir='ltr'>δέον</span> 
     </span>
    </p>
   </div>
   <div class='ocr_carea' id='block_1_115' title="bbox 2134 5279 3705 5351">
    <p class='ocr_par' dir='ltr' id='par_1_115' title="bbox 2134 5279 3705 5351">
     <span class='ocr_line' id='line_1_115' title="bbox 2134 5279 3705 5351; baseline -0.004 -14"><span class='ocrx_word' id='word_1_909' title='bbox 2134 5300 2198 5349; x_wconf 89' lang='grc' dir='ltr'>γε</span> <span class='ocrx_word' id='word_1_910' title='bbox 2246 5282 2444 5345; x_wconf 79' lang='grc' dir='ltr'>αὐτοὺς</span> <span class='ocrx_word' id='word_1_911' title='bbox 2491 5284 2662 5335; x_wconf 78' lang='grc' dir='ltr'>ἐλεεῖν</span> <span class='ocrx_word' id='word_1_912' title='bbox 2715 5281 2853 5351; x_wconf 79' lang='grc' dir='ltr'>ὑπὲρ</span> <span class='ocrx_word' id='word_1_913' title='bbox 2897 5281 3026 5341; x_wconf 85' lang='grc' dir='ltr'>τοὺς</span> <span class='ocrx_word' id='word_1_914' title='bbox 3070 5279 3257 5343; x_wconf 69' lang='grc' dir='ltr'>ἄλλους</span> <span class='ocrx_word' id='word_1_915' title='bbox 3311 5280 3577 5343; x_wconf 79' lang='grc' dir='ltr'>ἅπαντας,</span> <span class='ocrx_word' id='word_1_916' title='bbox 3630 5280 3705 5349; x_wconf 81' lang='grc' dir='ltr'>μὴ</span> 
     </span>
    </p>
   </div>
   <div class='ocr_carea' id='block_1_116' title="bbox 2136 5370 3703 5446">
    <p class='ocr_par' dir='ltr' id='par_1_116' title="bbox 2136 5370 3703 5446">
     <span class='ocr_line' id='line_1_116' title="bbox 2136 5370 3703 5446; baseline -0.005 -17"><span class='ocrx_word' id='word_1_917' title='bbox 2136 5375 2335 5446; x_wconf 85' lang='grc' dir='ltr'>μᾶλλον</span> <span class='ocrx_word' id='word_1_918' title='bbox 2368 5373 2642 5445; x_wconf 86' lang='grc' dir='ltr'>μισεῖσθαι</span> <span class='ocrx_word' id='word_1_919' title='bbox 2675 5373 2901 5438; x_wconf 87' lang='grc' dir='ltr'>δίκαιοι,</span> <span class='ocrx_word' id='word_1_920' title='bbox 2934 5373 2967 5442; x_wconf 78' lang='grc' dir='ltr'><strong>ἦ</strong></span> <span class='ocrx_word' id='word_1_921' title='bbox 2999 5370 3092 5433; x_wconf 86' lang='grc' dir='ltr'>οὒς</span> <span class='ocrx_word' id='word_1_922' title='bbox 3127 5370 3327 5431; x_wconf 85' lang='grc' dir='ltr'>ἀδίκως</span> <span class='ocrx_word' id='word_1_923' title='bbox 3358 5370 3468 5423; x_wconf 80' lang='grc' dir='ltr'>οἵδε</span> <span class='ocrx_word' id='word_1_924' title='bbox 3511 5371 3703 5438; x_wconf 69' lang='grc' dir='ltr'>μισοῦ-</span> 
     </span>
    </p>
   </div>
   <div class='ocr_carea' id='block_1_117' title="bbox 2132 5463 3705 5536">
    <p class='ocr_par' dir='ltr' id='par_1_117' title="bbox 2132 5463 3705 5536">
     <span class='ocr_line' id='line_1_117' title="bbox 2132 5463 3705 5536; baseline -0.003 -15"><span class='ocrx_word' id='word_1_925' title='bbox 2132 5486 2249 5534; x_wconf 85' lang='grc' dir='ltr'>σιν;</span> <span class='ocrx_word' id='word_1_926' title='bbox 2278 5467 2425 5519; x_wconf 75' lang='grc' dir='ltr'>Ἀντὶ</span> <span class='ocrx_word' id='word_1_927' title='bbox 2464 5465 2574 5536; x_wconf 73' lang='grc' dir='ltr'>γὰρ</span> <span class='ocrx_word' id='word_1_928' title='bbox 2616 5464 2709 5518; x_wconf 85' lang='grc' dir='ltr'>τοῦ</span> <span class='ocrx_word' id='word_1_929' title='bbox 2758 5464 2858 5532; x_wconf 73' lang='grc' dir='ltr'>τὴν</span> <span class='ocrx_word' id='word_1_930' title='bbox 2901 5463 3075 5516; x_wconf 90' lang='grc' dir='ltr'>αἰτίαν</span> <span class='ocrx_word' id='word_1_931' title='bbox 3120 5464 3298 5531; x_wconf 88' lang='grc' dir='ltr'>μισεῖν</span> <span class='ocrx_word' id='word_1_932' title='bbox 3340 5463 3439 5531; x_wconf 83' lang='grc' dir='ltr'>τῆς</span> <span class='ocrx_word' id='word_1_933' title='bbox 3481 5463 3705 5517; x_wconf 73' lang='grc' dir='ltr'>ἐκείνων</span> 
     </span>
    </p>
   </div>
   <div class='ocr_carea' id='block_1_118' title="bbox 2131 5550 3703 5629">
    <p class='ocr_par' dir='ltr' id='par_1_118' title="bbox 2131 5550 3703 5629">
     <span class='ocr_line' id='line_1_118' title="bbox 2131 5550 3703 5629; baseline -0.005 -16"><span class='ocrx_word' id='word_1_934' title='bbox 2131 5560 2436 5629; x_wconf 76' lang='grc' dir='ltr'>ἐκτροπῆς,</span> <span class='ocrx_word' id='word_1_935' title='bbox 2470 5558 2562 5609; x_wconf 73' lang='grc' dir='ltr'>καὶ</span> <span class='ocrx_word' id='word_1_936' title='bbox 2594 5555 2777 5624; x_wconf 79' lang='grc' dir='ltr'>ζητεῖν</span> <span class='ocrx_word' id='word_1_937' title='bbox 2808 5550 3085 5624; x_wconf 75' lang='grc' dir='ltr'>ἐπιμελῶς</span> <span class='ocrx_word' id='word_1_938' title='bbox 3107 5591 3122 5615; x_wconf 93' lang='grc'>,</span> <span class='ocrx_word' id='word_1_939' title='bbox 3155 5552 3255 5620; x_wconf 79' lang='grc' dir='ltr'>τὴν</span> <span class='ocrx_word' id='word_1_940' title='bbox 3292 5551 3393 5619; x_wconf 84' lang='grc' dir='ltr'>μὲν</span> <span class='ocrx_word' id='word_1_941' title='bbox 3426 5553 3703 5621; x_wconf 76' lang='grc' dir='ltr'>πρόφασιν</span> 
     </span>
    </p>
   </div>
   <div class='ocr_carea' id='block_1_119' title="bbox 2130 5644 3701 5717">
    <p class='ocr_par' dir='ltr' id='par_1_119' title="bbox 2130 5644 3701 5717">
     <span class='ocr_line' id='line_1_119' title="bbox 2130 5644 3701 5717; baseline -0.005 -12"><span class='ocrx_word' id='word_1_942' title='bbox 2130 5652 2237 5705; x_wconf 86' lang='grc' dir='ltr'>τῶν</span> <span class='ocrx_word' id='word_1_943' title='bbox 2278 5650 2466 5704; x_wconf 88' lang='grc' dir='ltr'>κακῶν</span> <span class='ocrx_word' id='word_1_944' title='bbox 2509 5648 2740 5715; x_wconf 80' lang='grc' dir='ltr'>ἀνελεῖν,</span> <span class='ocrx_word' id='word_1_945' title='bbox 2784 5648 2881 5717; x_wconf 81' lang='grc' dir='ltr'>τὴν</span> <span class='ocrx_word' id='word_1_946' title='bbox 2926 5646 2983 5699; x_wconf 78' lang='grc' dir='ltr'>δὲ</span> <span class='ocrx_word' id='word_1_947' title='bbox 3034 5644 3190 5715; x_wconf 78' lang='grc' dir='ltr'>ῥίζαν</span> <span class='ocrx_word' id='word_1_948' title='bbox 3234 5647 3547 5699; x_wconf 80' lang='grc' dir='ltr'>ἀνασπᾶσαι</span> <span class='ocrx_word' id='word_1_949' title='bbox 3591 5647 3701 5698; x_wconf 85' lang='grc' dir='ltr'>τῶν</span> 
     </span>
    </p>
   </div>
   <div class='ocr_carea' id='block_1_120' title="bbox 2131 5732 3701 5812">
    <p class='ocr_par' dir='ltr' id='par_1_120' title="bbox 2131 5732 3701 5812">
     <span class='ocr_line' id='line_1_120' title="bbox 2131 5732 3701 5812; baseline -0.004 -16"><span class='ocrx_word' id='word_1_950' title='bbox 2131 5743 2389 5798; x_wconf 88' lang='grc' dir='ltr'>τοιούτων</span> <span class='ocrx_word' id='word_1_951' title='bbox 2419 5732 2791 5812; x_wconf 80' lang='grc' dir='ltr'>παθημάτων,</span> <span class='ocrx_word' id='word_1_952' title='bbox 2825 5739 2920 5794; x_wconf 78' lang='grc' dir='ltr'>καὶ</span> <span class='ocrx_word' id='word_1_953' title='bbox 2948 5736 3040 5791; x_wconf 88' lang='grc' dir='ltr'>τοῦ</span> <span class='ocrx_word' id='word_1_954' title='bbox 3072 5736 3353 5799; x_wconf 79' lang='grc' dir='ltr'>νοσοῦντος</span> <span class='ocrx_word' id='word_1_955' title='bbox 3385 5737 3701 5805; x_wconf 82' lang='grc' dir='ltr'>φείδεσθαι,</span> 
     </span>
    </p>
   </div>
   <div class='ocr_carea' id='block_1_121' title="bbox 2131 5829 3703 5906">
    <p class='ocr_par' dir='ltr' id='par_1_121' title="bbox 2131 5829 3703 5906">
     <span class='ocr_line' id='line_1_121' title="bbox 2131 5829 3703 5906; baseline -0.008 -13"><span class='ocrx_word' id='word_1_956' title='bbox 2131 5836 2488 5906; x_wconf 78' lang='grc' dir='ltr'>ὁπωσδήποτε</span> <span class='ocrx_word' id='word_1_957' title='bbox 2524 5833 2849 5905; x_wconf 82' lang='grc' dir='ltr'>νενόσηκεν,</span> <span class='ocrx_word' id='word_1_958' title='bbox 2881 5832 2927 5884; x_wconf 75' lang='grc' dir='ltr'>οἱ</span> <span class='ocrx_word' id='word_1_959' title='bbox 2958 5830 3016 5884; x_wconf 79' lang='grc' dir='ltr'>δὲ</span> <span class='ocrx_word' id='word_1_960' title='bbox 3045 5830 3183 5900; x_wconf 82' lang='grc' dir='ltr'>πρὸς</span> <span class='ocrx_word' id='word_1_961' title='bbox 3215 5829 3470 5883; x_wconf 77' lang='grc' dir='ltr'>τάναντία</span> <span class='ocrx_word' id='word_1_962' title='bbox 3497 5829 3572 5893; x_wconf 82' lang='grc' dir='ltr'>ὡς</span> <span class='ocrx_word' id='word_1_963' title='bbox 3602 5847 3703 5882; x_wconf 86' lang='grc' dir='ltr'>τα-</span> 
     </span>
    </p>
   </div>
  </div>
