4098 6272
342 463 448 526 509

1750 449 2031 508 ORATIO
2065 448 2143 508 Vi

3490 434 3597 499 510

341 576 515 631 πολλὰ
541 572 786 644 ρίπουσι.
809 568 1026 623 Τούτων
1055 566 1151 636 μὲν
1177 564 1280 633 γὰρ
1308 560 1499 617 οὐδένα
1520 560 1699 630 λόγον,
1725 561 1757 630 ἢ
1786 577 1909 629 σμι.

2023 560 2229 625 diversa
2264 554 2529 612 sententia
2557 561 2662 618 est,
2695 550 2899 623 quique
2925 561 3029 600 non
3080 542 3296 607 vitium,
3354 541 3447 597 sed
3502 543 3591 596 ivn-

344 668 478 738 κρδν
510 667 639 725 ἴσως
676 661 951 715 ποιοῦνται
971 674 987 691 ο
1022 658 1117 711 καὶ
1146 655 1295 726 δηλοῖ
1322 654 1389 707 τὰ
1418 652 1690 706 τουτοισὶν
1719 651 1913 719 εἰργα-

342 759 520 827 σμένα
544 772 557 787 ·
585 756 676 806 τὸν
698 753 754 806 δὲ
776 753 896 814 ταῖς
923 749 1115 818 ὕϐρεσι
1141 747 1425 806 πλύνουσι,
1452 744 1539 796 καὶ
1564 740 1910 810 κωμῳδοῦσι,

340 845 462 906 πῶς
504 846 642 907 οίεις
678 842 757 895 διὸ
800 844 891 891 καῖ
937 838 1172 907 σχέτλιοι
1214 834 1453 903 γίνονται
1496 832 1545 884 oi
1586 830 1809 892 τούτους
1850 845 1912 897 γε

344 939 526 1006 μισεῖν
572 935 855 1004 κρίναντες
900 931 969 984 δι’
998 927 1248 999 ἡντινοῦν
1292 926 1475 980 αἰτίαν
1525 925 1558 994 ἢ
1612 924 1909 994 πρᾶφασιν.

340 1027 609 1082 Τοσοῦτον
643 1027 752 1097 γὰρ
792 1019 947 1092 οἶμαι
990 1022 1161 1074 ὲνδεῖν
1192 1010 1266 1072 ’τὰ
1311 1018 1464 1086 παρὰ
1510 1015 1603 1068 σοῦ
1646 1012 1909 1083 εἰρημένα

338 1123 565 1180 τούτους
598 1118 873 1184 ἀποφῆναι
905 1112 1144 1174 δικαίους
1183 1109 1489 1179 μισεῖσθαι,
1524 1107 1646 1159 ὅσον
1680 1105 1772 1156 καὶ
1805 1104 1910 1156 δειο

339 1214 525 1267 κνύειν
567 1210 751 1278 σαφῶς
793 1208 884 1261 τοῦ
931 1205 1197 1260 ἐλεεῖσθαι
1243 1202 1426 1266 ἀξίους
1468 1200 1647 1260 ὄντας.
1691 1196 1753 1248 Εί
1802 1198 1910 1264 γὰρ

342 1303 580 1366 ἑκόντες,
607 1303 680 1364 ὡς
711 1303 774 1355 σὺ
802 1299 929 1371 φῂς,
954 1299 1050 1369 τὴν
1074 1297 1183 1350 ἀπὸ
1205 1296 1304 1363 τῆς
1331 1291 1532 1363 ἀρετῆς
1561 1289 1909 1356 εὐδαιμονίαν

338 1396 666 1456 διέπτυσαν,
700 1393 793 1445 καὶ
822 1394 931 1455 τοῖς
967 1387 1387 1458 πεπυρωμένοις
1416 1382 1512 1435 τοῦ
1548 1379 1786 1450 πονηροῦ
1823 1378 1909 1447 βέο

338 1488 483 1538 λεσιν
501 1486 725 1545 ἑαυτοὺς
745 1483 1119 1551 περιέπειραν,
1146 1479 1214 1531 δι’
1234 1470 1308 1532 ὧν
1338 1478 1365 1529 ὁ
1396 1476 1495 1543 τῆς
1513 1473 1689 1542 ψυχῆς
1720 1473 1910 1523 ἔπεισ-

342 1582 556 1651 έρχεται
579 1578 828 1638 θάνατος,
862 1576 979 1636 πῶς
997 1574 1058 1627 ού
1079 1573 1257 1625 πάντα
1278 1569 1494 1621 πάντων
1533 1564 1906 1632 ἐλεεινότεροι,

342 1672 594 1738 καθάπερ
626 1670 720 1721 καὶ
747 1667 854 1718 τῶν
882 1665 1054 1725 ἄλλως
1088 1662 1455 1731 φονευθέντων
1481 1660 1528 1711 oi
1561 1656 1909 1725 αὒτόχειρεςς

342 1763 436 1814 καὶ
479 1760 683 1813 τούτων
724 1757 900 1835 αῦθις,
939 1756 989 1808 οί
1035 1753 1196 1824 δῆθεν
1238 1750 1546 1819 σώφρονες;
1588 1748 1661 1802 Τὸ
1708 1746 1805 1814 μὲν
1846 1747 1909 1812 δὴ

2025 650 2196 704 tectos
2231 648 2363 703 vitio
2387 638 2739 700 véhementer
2770 642 2959 699 odere,
2996 650 3119 691 cum
3162 649 3350 689 eorum
3418 648 3584 700 supra

1968 788 1971 793 ,
2015 749 2245 796 caeteros
2270 753 2461 792 omnes
2492 734 2736 790 misereri
2768 732 3045 793 deberent,
3070 745 3137 783 an
3172 744 3277 782 non
3306 726 3479 797 magis
3530 726 3584 779 hi

2018 834 2162 903 digni
2197 841 2323 888 sunt
2348 830 2473 884 odio
2506 844 2670 896 quam
2713 841 2849 895 quos
2907 823 3109 891 injuste
3161 821 3263 890 ipsi
3308 818 3591 873 oderunt?

2020 941 2142 979 nam
2172 938 2267 991 pro
2300 937 2368 977 eo
2443 923 2586 990 quod
2641 932 2860 973 causam
2898 912 3321 970 exorbitatiouis'
3373 911 3586 963 illorum

2012 1020 2191 1075 odisse
2219 1017 2504 1076 debebant,
2533 1025 2587 1069 et
2618 1014 2908 1080 diligenter
2938 1022 3157 1076 cperam
3216 1006 3369 1064 dare.
3423 1003 3589 1057 malo-

2013 1127 2133 1166 rum
2169 1121 2225 1163 ut
2259 1110 2602 1165 occasionem
2638 1105 2909 1163 tollerent.
2947 1110 3001 1155 et
3041 1096 3356 1153 morborum
3405 1096 3593 1163 hujus-

2016 1205 2159 1259 modi
2192 1204 2433 1259 radicem
2462 1181 2779 1265 evellerent,
2844 1196 3225 1263 laborantique
3281 1196 3588 1259 parcerent,

2012 1298 2322 1365 quicunque
2355 1295 2571 1347 tandem
2606 1290 2827 1344 morbus
2849 1296 3014 1353 esset,
3070 1302 3123 1339 ιιι
3160 1280 3493 1338 contrarium
3534 1277 3585 1331 hi

2012 1391 2335 1460 plerumque
2364 1386 2609 1440 tendunt.
2667 1383 2800 1437 Nam
2862 1380 3063 1435 nullam
3114 1376 3333 1445 quidem
3397 1373 3587 1424 horum

2012 1482 2281 1533 rationem
2320 1478 2402 1531 vel
2447 1476 2693 1544 exiguam
2725 1472 2975 1528 lortassis
3003 1470 3222 1530 habent,
3264 1464 3408 1534 quod
3437 1464 3579 1530 ipso-

2010 1587 2128 1627 rum
2164 1586 2291 1625 sane
2314 1570 2454 1624 facta
2477 1569 2753 1625 declarant
2783 1583 2797 1620 :
2829 1578 2883 1618 at
2910 1563 3183 1617 hominem
3238 1560 3411 1628 ipsum
3468 1554 3591 1623 qui-

1994 1667 2130 1730 .bus,
2166 1666 2412 1728 obsecro,
2438 1662 2778 1717 contumeliis
2832 1658 3073 1711 alliciunt
3102 1665 3156 1708 et
3206 1646 3590 1706 insectantur?

2007 1757 2344 1826 QuaprOpter
2367 1765 2421 1808 et
2448 1754 2550 1822 ipsi
2587 1751 2885 1821 culpabiles
2919 1750 3053 1802 ﬁunt
3096 1746 3187 1815 qui
3263 1752 3589 1811 quacunque

343 1851 567 1906 τοιαῦτα
617 1851 847 1919 πάσχειν
897 1847 1081 1916 ἄκρως
1133 1845 1415 1913 δυστυχεῖν
1465 1843 1623 1894 ἐστι·
1676 1840 1800 1900 τοὺς
1853 1836 1910 1889 δὲ

2023 1850 2083 1905 de
2112 1863 2277 1903 causa
2311 1846 2392 1900 vel
2419 1853 2703 1915 praetextu,
2732 1844 2851 1899 illos
2883 1841 3009 1895 odio
3035 1838 3137 1894 sibi
3186 1832 3592 1905 persequendos

344 1944 617 2004 τοιούτους
668 1939 997 2008 δακρύομεν.
1031 1936 1193 2001 ’Δξιά
1239 1952 1305 2003 γε
1354 1934 1421 1987 τὰ
1471 1934 1674 1986 τούτων
1724 1929 1905 1993 κακὰ,

344 2038 471 2090 ὄντα
508 2034 802 2103 δυστυχίας
850 2030 1042 2102 μεστὰ,
1086 2032 1147 2083 ού
1198 2029 1357 2100 μόνον
1401 2044 1463 2093 γε
1508 2026 1570 2078 ού
1618 2022 1909 2093 μισητέους

346 2130 540 2190 αὐτοὺς
600 2125 915 2188 δεικνύναι,
969 2123 1108 2177 ἀλλὰ
1163 2122 1253 2174 καὶ
1312 2119 1715 2190 προγένεστερα
1778 2116 1937 2184 μίση¹

344 2219 516 2282 λύειν,
543 2219 590 2270 εί
619 2218 683 2287 δὴ
717 2216 811 2271 καὶ
844 2215 1015 2268 πολλά
1039 2232 1162 2267 τινα
1194 2212 1330 2282 πρὸς
1358 2211 1556 2272 αὐτούς
1586 2224 1715 2261 ποτε
1742 2206 1911 2259 ταῦτα

342 2307 430 2381 ἦν.
482 2312 544 2363 Εί
593 2309 649 2362 δὲ
679 2309 773 2361 καὶ
803 2308 906 2360 ύπδ
935 2307 1090 2359 ἐνίων
1122 2306 1363 2372 μισοῖντο
1392 2304 1440 2355 ot
1470 2302 1558 2354 τὸν
1588 2299 1699 2371 βίον
1729 2296 1910 2350 ἀναλί-

347 2418 569 2463 σκοντες
604 2403 659 2453 ἐν
690 2400 788 2452 οὑκ
820 2399 1043 2465 ἀγαθοῖς
1078 2396 1258 2464 ἔργοις
1290 2390 1449 2464 (εἶδον
1478 2392 1586 2460 γὰρ
1619 2388 1730 2458 ἐγώ
1760 2405 1911 2450 τινας

345 2493 441 2546 καὶ
484 2491 702 2559 γονεῦσι
750 2488 1136 2558 μισουμένους,
1179 2488 1253 2548 ὡς
1302 2483 1537 2552 φαύλους
1582 2481 1786 2543 ὄντας),
1837 2478 1911 2547 μὴ

345 2583 432 2637 διὰ
464 2583 621 2636 τοῦτο
655 2582 840 2642 κακῶς
874 2578 1133 2649 νομίσῃς,
1167 2577 1240 2636 ὼς
1273 2576 1382 2645 ἄρα
1413 2575 1493 2626 δεῖ
1528 2573 1620 2625 καὶ
1653 2572 1743 2623 τὸν
1778 2570 1912 2623 Θεὸν

254 2717 268 2728 .
346 2674 527 2744 πολλῷ
568 2672 879 2741 γεμᾶλλον
919 2671 1116 2731 αὐτοὺς
1164 2669 1361 2737 μισεῖν,
1402 2666 1499 2720 ἆτε
1545 2664 1911 2734 μισοπόνηρον

345 2766 491 2819 ὅντα.
534 2765 591 2817 '0
623 2767 729 2835 γὰρ
759 2763 892 2824 Θεὸς
918 2762 1015 2831 τὴν
1044 2759 1308 2830 πονηρίαν
1340 2758 1513 2827 μισῶν
1532 2798 1546 2822 ,
1574 2756 1787 2827 εὕρεμα
1819 2753 1910 2807 οὗ·

349 2876 446 2912 σαν
473 2859 565 2911 τοῦ
604 2856 843 2927 πονηροῦ
864 2897 878 2921 ,
912 2858 957 2908 εί
993 2855 1048 2908 δὲ
1087 2854 1301 2925 βούλει,
1334 2852 1751 2921 βδελυττόμενος
1775 2889 1789 2911 ,
1822 2848 1914 2901 καὶ

345 2950 443 3019 τὴν
469 2951 667 3025 ἀρετὴν
697 2948 866 3017 φιλῶν
885 2988 898 3011 ,
930 2949 1138 3001 οἰκείαν
1170 2942 1337 3000 οὖσαν
1366 2942 1513 3013 αύτῷ
1533 2984 1548 3004 ,
1578 2942 1638 2994 τὸ
1666 2942 1765 3010 μὲν
1794 2941 1941 3002 svis

350 3058 502 3112 ρετον
536 3041 713 3109 φιλεῖ,
749 3039 839 3092 τὸν
872 3038 928 3090 δὲ
967 3038 1103 3107 πρὸς
1140 3036 1299 3091 αὐτὸν
1333 3034 1661 3087 πεπτωκὼα
1691 3031 1781 3083 τὸν
1815 3031 1915 3098 τῆς

348 3132 542 3195 κακίας
574 3132 734 3201 βυθὸν
766 3133 825 3183 ού
861 3133 1031 3200 μισεῖ,
1064 3130 1178 3183 ἀλλ’
1203 3128 1371 3181 ἐλεεῖ·
1400 3128 1493 3180 καὶ
1520 3127 1622 3180 οὐκ
1653 3126 1915 3195 ἀποστρὲ-

2018 1944 2330 1999 statuerint.
2365 1938 2598 1993 Tantum
2639 1937 2781 1992 enim
2815 1935 3006 1990 abesse
3041 1940 3190 2001 puto,
3216 1938 3272 1980 ut
3328 1942 3445 1994 qua:
3497 1927 3592 1976 abs

2019 2047 2069 2091 te
2093 2035 2301 2104 prolata
2331 2042 2480 2097 sunt,
2523 2032 2623 2085 hos
2685 2030 2810 2084 odio
2861 2027 3051 2095 dignos
3078 2036 3199 2079 esse
3254 2020 3593 2073 demonstra-

2018 2127 2149 2189 rint,
2177 2136 2233 2178 ut
2260 2126 2422 2178 etiam
2457 2122 2738 2190 perspicue
2784 2118 3038 2186 probent,
3091 2128 3184 2167 eos
3240 2107 3595 2163 commisera-

2020 2219 2221 2273 tiouem
2247 2214 2467 2271 mereri.
2504 2209 2637 2266 Nam
2690 2211 2735 2265 si
2776 2210 3043 2268 volentes,
3070 2213 3128 2258 ut
3160 2214 3213 2257 tu
3237 2200 3451 2271 quidem
3488 2196 3591 2257 ais,

2019 2309 2427 2379 provenientem
2497 2321 2564 2359 ex
2608 2306 2811 2357 virtute
2880 2300 3194 2355 felicitatem
3247 2297 3591 2359 respuerunt,

2019 2418 2085 2458 ac
2115 2410 2287 2457 semet
2317 2398 2505 2469 ignitis
2537 2396 2682 2450 illius
2733 2392 2954 2462 maligni
3006 2390 3125 2444 telis
3184 2385 3591 2441 transﬁxerunt,

2024 2509 2121 2563 per
2155 2507 2276 2562 quae
2330 2490 2495 2544 animi
2551 2502 2697 2542 mors
2747 2484 3069 2554 ingreditur,
3122 2495 3229 2548 quo
3285 2483 3439 2546 pacto
3488 2488 3592 2525 non

2019 2582 2242 2637 omnino
2276 2579 2585 2635 miseriores
2611 2586 2739 2631 sunt
2770 2574 3042 2635 omnibus,
3067 2572 3209 2625 sicut
3233 2578 3287 2622 et
3331 2568 3438 2620 alio
3462 2578 3595 2633 qun-

2031 2672 2157 2726 dam
2185 2670 2347 2723 modo
2380 2668 2584 2721 necatis
2623 2666 2657 2719 ii
2689 2664 2775 2732 qui
2805 2675 2991 2716 manus
3017 2661 3117 2728 ipsi
3165 2659 3267 2712 sibi
3326 2652 3595 2708 amarunt?

2021 2771 2076 2816 et
2109 2776 2295 2815 rursus
2325 2760 2409 2814 bis
2436 2757 2525 2827 qui
2551 2765 2729 2810 mente
2750 2754 2867 2808 sani
2893 2754 2973 2808 sic
3032 2740 3256 2820 pereunt
3280 2746 3304 2799 ῖ
3329 2744 3590 2799 Nimirum

2022 2850 2150 2907 t‘alia
2185 2846 2316 2921 pati,
2370 2860 2614 2906 extrema
2670 2846 2957 2901 infelicitas
3004 2851 3106 2907 est,
3164 2852 3221 2896 et
3268 2834 3585 2907 huiusmodi

2022 2960 2151 3002 sane
2178 2944 2431 3014 lacrymis
2463 2939 2737 2996 deﬂemus.
2774 2938 2911 2992 Nam
2947 2936 3086 2990 mala
3132 2936 3398 3003 ipsorum,
3429 2928 3590 2997 plena

2022 3036 2273 3101 miserim,
2314 3049 2419 3089 non
2455 3034 2613 3087 modo
2650 3032 2862 3085 ellicere
2893 3034 3140 3098 possunt,
3175 3024 3336 3078 nullis
3372 3030 3429 3075 ut
3452 3019 3597 3073 odiis

2024 3126 2388 3198 persequendi
2411 3132 2760 3187 censeantur,
2796 3135 2980 3175 verum
3025 3119 3189 3173 etiam
3215 3115 3335 3169 odia
3392 3113 3595 3182 priora,

347 3241 540 3292 φεται,
590 3224 726 3277 ἀλλὰ
768 3225 867 3292 τὴν
915 3221 1083 3276 αὐτοῦ
1134 3221 1591 3291 πραγματεύεται
1642 3219 1919 3289 σωτηρίαν

2023 3230 2077 3275 et
2113 3219 2282 3273 multa
2315 3216 2558 3286 quidem,
2619 3214 2749 3269 olim
2808 3214 2859 3266 in
2909 3226 3003 3266 eos
3058 3216 3333 3275 suscepta,
3392 3211 3600 3273 queunt

348 3316 518 3370 ἅπασι
550 3315 793 3385 τρόποις.
824 3313 1077 3383 Τοσούτῳ
1106 3313 1150 3366 δ’
1173 3315 1235 3367 ού
1268 3314 1516 3382 προσῆκε
1546 3310 1809 3379 νομίζειν,
1840 3310 1914 3371 ὼς

350 3407 442 3461 καὶ
483 3407 559 3477 τῷ
604 3407 723 3475 Θεῷ
772 3408 991 3477 μισητοὶ
1037 3407 1384 3467 καθεστᾶσιν,
1429 3405 1546 3456 ὅσοι
1588 3402 1677 3454 διὰ
1720 3400 1817 3465 τὴν
1860 3401 1915 3451 ὲν

354 3501 504 3567 σφίσι
546 3500 742 3553 κακίαν
765 3542 777 3563 ,
815 3500 873 3552 ὲν
910 3499 1219 3567 ἀνθρώποις
1258 3497 1441 3567 ἔχουσι
1480 3498 1668 3565 μῖσος,
1704 3494 1918 3561 ὅσῳπερ

354 3592 445 3641 καὶ
476 3591 782 3643 τούναντίον
814 3588 1036 3657 εὔλογον
1065 3586 1204 3643 εἶναι
1232 3606 1245 3619 °
1276 3588 1422 3655 λέγω
1450 3587 1511 3657 δὴ
1542 3587 1604 3638 τὸ
1632 3585 1917 3653 τυγχάνειν

356 3681 554 3742 αὐτοὺς
585 3681 785 3745 ἐλέους.
818 3684 890 3735 Τὸ
921 3684 1030 3751 γὰρ
1063 3681 1125 3741 δὴ
1162 3683 1360 3752 σφόδρα
1389 3681 1613 3740 τούτους
1650 3676 1917 3746 μισεῖσθαι

355 3773 487 3841 παρ’
514 3766 586 3824 ὧν
617 3773 794 3840 ἥκιστ’
820 3775 1007 3843 ἐχρῆν,
1040 3773 1185 3827 τοῦτ’
1213 3773 1328 3826 ἔστι
1361 3772 1424 3824 τὸ
1454 3772 1545 3823 τὸν
1577 3770 1708 3821 Θεὸν
1742 3784 1917 3834 παρα-

357 3860 621 3925 σκευάζον
657 3864 791 3933 πρὸς
833 3865 1032 3927 αὐτοὺς
1070 3865 1460 3934 εὐμενέστερον
1497 3861 1732 3929 βλέπειν.
1765 3855 1921 3909 Ὥσθ⁹

354 3955 387 4022 ἡ
424 3954 531 4005 τῶν
564 3954 805 4022 γνησίων
839 3955 1160 4024 ἀποστροφὴ
1200 3953 1383 4014 ὲλέους
1417 3952 1628 4011 τούτοις
1666 3946 1923 4014 πρόξενος

353 4045 685 4114 γίνεταιτοῦ
722 4045 870 4113 παρὰ
906 4044 1061 4109 Θεοῦ,
1096 4043 1244 4112 αύτῷ
1270 4060 1332 4110 γε
1373 4041 1569 4109 τούτῳ,
1608 4037 1686 4108 τῷ
1722 4039 1799 4107 μὴ
1827 4038 1913 4089 60-

354 4138 471 4190 κείν
499 4136 728 4198 δικαίοις
772 4136 964 4188 τούτου
996 4135 1204 4204 τυχεῖν.
1244 4132 1303 4184 '0
1354 4132 1462 4202 γὰρ
1494 4129 1751 4182 τοσοῦτον
1783 4130 1922 4196 ἀφε-

357 4226 573 4295 στηκὼς
628 4226 736 4278 τῶν
793 4226 943 4296 αύτῷ
1015 4224 1422 4295 προσηκόντων,
1470 4225 1498 4275 ό
1549 4221 1782 4284 ἐλεεινὸς
1832 4222 1924 4273 καὶ

360 4315 624 4385 μηδαμῶς
677 4315 1021 4385 ἐλεούμενος,
1058 4314 1196 4365 ἀλλὰ
1248 4311 1561 4363 τούναντίον
1595 4310 1925 4380 μισούμενὸς

355 4424 416 4460 τε
474 4409 565 4459 καὶ
618 4406 1154 4474 ἀπογινευσκόμενος,
1202 4403 1276 4464 ὡς
1324 4403 1458 4471 μηδὲ
1513 4404 1611 4470 τῆς
1662 4403 1925 4455 ἀνωτάτω

360 4499 768 4568 φιλανθρωπίας
818 4496 966 4561 ἄξιος
1024 4496 1308 4564 κρίνεσθαι
1359 4494 1492 4563 παρ’
1551 4494 1752 4559 αὑτῶν,
1807 4494 1923 4556 πῶς

357 4591 456 4643 οὐκ
487 4590 600 4643 ἐστι
632 4590 842 4653 δίκαιος
892 4588 1079 4650 ἐλέους
1138 4580 1325 4655 τυχεῖν
1368 4586 1519 4655 παρὰ
1566 4584 1684 4654 Θεῷ
1724 4588 1922 4654 κριτῇ;

358 4682 432 4744 ὣς
469 4694 631 4751 φησιν
662 4687 689 4735 ὁ
738 4682 869 4737 Θεὸς
922 4680 1010 4733 διὰ
1062 4680 1285 4731 ἸΙσαῖου
1333 4678 1429 4730 τοῦ
1473 4679 1756 4746 προφήτου
1790 4681 1927 4747 πρὸς

368 4774 725 4846 Ἰερουσαλήμ
749 4787 764 4800 °
795 4774 924 4824 ’Ὀτι
956 4772 1053 4824 διὰ
1092 4771 1156 4823 τὸ
1184 4768 1339 4847 εἶνᾳί
1362 4786 1435 4823 σε
1468 4769 1933 4838 ἐγκαταλελειμ-

352 4867 568 4937 μένην,
602 4868 702 4924 καὶ
728 4864 1167 4934 μεμισημένην,
1198 4864 1296 4917 καὶ
1338 4866 1447 4915 οὐκ
1496 4864 1574 4931 ἦν
1621 4866 1653 4915 ό
1688 4860 1934 4929 βοηθῶν

360 4976 478 5014 σοι,
514 4960 577 5011 Εἰ
611 4958 670 5011 δὲ
704 4957 767 5026 δὴ
797 4957 892 5013 καὶ
921 4957 1079 5023 δίκην
1111 4954 1323 5017 αὐτοὺς
1344 4953 1701 5006 ἀποτιννύναι
1752 4970 1925 5023 προσ-

358 5054 481 5120 ῆκε,
530 5052 674 5118 μάλα
730 5066 791 5115 γε
852 5047 1050 5118 πολλὴν
1112 5048 1221 5099 οἶδε
1278 5047 1461 5099 ἔτισαν
1513 5047 1751 5098 τουτοισὶ
1816 5047 1931 5107 τοῖς

361 5140 632 5214 ὲπαχθέσι
680 5144 916 5210 κριταῖς.
956 5138 1064 5192 Καὶ
1113 5138 1172 5191 τὸ
1226 5138 1413 5191 ποιοῦν
1459 5139 1559 5207 τὴν
1597 5136 1928 5205 ὑπερϐολὴν,

359 5236 440 5287 ὅτι
496 5236 586 5286 καὶ
644 5205 882 5300 οίῖπαρ’
932 5232 1112 5284 αὐτῶν
1138 5205 1524 5298 λαμὸἑινοντες
1558 5229 1764 5299 ταύτην
1813 5205 1943 5280 est!

360 5327 584 5389 κοῦντες
617 5327 1008 5397 λαμϐάνουσιν,
1028 5325 1328 5395 οὐδαμόθεν
1354 5322 1412 5376 ὃν
1440 5323 1622 5385 αὐτοῖς
1649 5324 1931 5392 προσῆκον

360 5420 561 5483 αὐτοὺς
620 5416 986 5487 κατακρίνειν.
1051 5415 1187 5469 Θεοῦ
1253 5415 1361 5485 γὰρ
1414 5414 1575 5483 μόνον
1625 5413 1788 5466 τοῦτὸ
1844 5428 1929 5480 γε.

361 5513 578 5567 Μᾶλλον
620 5511 666 5565 δ’
712 5513 767 5563 εί
807 5526 891 5572 τις
925 5507 1170 5578 ἀκριὸὦς
1200 5507 1375 5559 ἐθέλει
1412 5507 1656 5570 σκοπεῖν,
1694 5508 1727 5574 ή
1781 5504 1931 5572 σφῶν

362 5604 543 5657 αὐτῶν
575 5602 877 5670 συνείδησις
910 5603 1002 5653 καὶ
1041 5601 1160 5653 τότε
1208 5601 1347 5667 σφᾶς
1381 5615 1445 5666 γε
1476 5599 1675 5667 κρινεῖ.
1705 5597 1779 5649 Ού
1820 5596 1931 5665 μήν

362 5714 427 5765 γε
464 5695 568 5749 ὑπὸ
620 5695 839 5749 πάντων
891 5693 1019 5763 ἑξῆς
1053 5690 1153 5761 μία
1200 5694 1411 5753 τούτοις
1446 5689 1793 5758 ἐξενήνεκται
1820 5686 1930 5754 ψῆ-

365 5806 485 5857 φος.
511 5789 573 5841 Oi
604 5788 712 5857 γὰρ
742 5788 841 5857 τὴν
879 5784 1047 5857 ὀρθὴν
1099 5782 1407 5855 βαδίζοντες
1447 5781 1584 5851 πρὸς
1626 5780 1719 5832 τὸν
1750 5779 1932 5831 εὐδαί-

371 5896 506 5951 μονα
536 5881 648 5952 βίον
682 5880 903 5944 τούτους
933 5879 997 5950 δὴ
1027 5878 1151 5943 τοὺς
1183 5878 1330 5949 παρᾶ
1363 5876 1465 5931 τῶν
1500 5873 1709 5930 πολλῶν
1743 5887 1931 5941 μισου-

2018 3314 2383 3380 exstinguere.
2431 3309 2581 3375 Quod
2604 3309 2648 3362 si
2693 3306 2929 3360 maxime
2982 3303 3304 3373 quibusdam
3330 3296 3456 3352 odio
3475 3303 3599 3369 sunt

2019 3404 2111 3473 qni
2139 3404 2304 3455 vitam
2332 3401 2386 3455 in
2418 3400 2672 3469 operibus
2704 3412 2811 3450 non
2852 3395 3006 3449 bouis
3044 3396 3270 3459 exigunt
3307 3390 3456 3459 (nam
3488 3386 3596 3440 vidi

2021 3497 2284 3564 quosdam
2317 3509 2437 3562 ego.
2474 3507 2611 3562 quos
2644 3490 2743 3559 ipsi
2781 3500 3036 3559 parentes
3062 3488 3596 3550 o.lissent,tanquam

2022 3584 2215 3653 malos)
2285 3599 2388 3637 non
2444 3590 2729 3651 propterea
2794 3594 2980 3647 parum
3054 3586 3204 3628 recte
3295 3570 3598 3642 putaveris,

2029 3675 2201 3727 multo
2248 3674 2417 3740 magis
2450 3686 2570 3725 esse
2604 3683 2853 3730 necesse,
2914 3668 3056 3719 Deus
3093 3672 3150 3717 ut
3209 3663 3352 3730 ipsos
3395 3659 3596 3722 oderit,

2025 3769 2115 3835 qui
2150 3766 2468 3833 pravitatem
2502 3765 2635 3816 odit.
2660 3761 2871 3828 Quippe
2904 3758 3043 3811 Deus
3101 3757 3228 3809 dum
3276 3752 3601 3822 pravitatem

2030 3858 2165 3919 odit,
2205 3870 2325 3922 quae
2360 3853 2577 3921 maligni
2611 3851 2756 3904 illius
2817 3851 3096 3902 inventum
3134 3854 3237 3907 est,
3280 3842 3365 3896 vel
3423 3842 3605 3910 potius

2026 3950 2388 4013 abominatur,
2421 3956 2474 3999 et
2525 3945 2775 3997 virtutem
2804 3941 2998 4005 diligit,
3031 3953 3150 4008 quae
3182 3936 3282 4005 ipsi
3313 3932 3604 4004 peculiaris

2027 4050 2151 4096 est:
2187 4040 2383 4093 virtute
2416 4036 2636 4107 quidem
2674 4034 2957 4105 praeditum
3007 4040 3175 4095 amat,
3223 4030 3321 4084 sed
3384 4027 3602 4107 interim

2027 4148 2152 4188 eum
2201 4132 2291 4201 qui
2324 4131 2391 4185 ad
2460 4124 2993 4189 itnum,vitiositatis
3058 4124 3327 4192 gurgitem
3381 4100 3605 4179 decidit,

2029 4240 2134 4280 non
2153 4224 2286 4286 odit,
2310 4224 2404 4278 sed
2425 4223 2847 4282 miseratur,non
2890 4218 3236 4278 adversatur,
3287 4215 3379 4267 sed
3410 4212 3462 4265 in
3485 4211 3606 4275 ejus

2028 4316 2210 4372 salute
2233 4310 2570 4382 procuranda
2588 4310 2762 4364 modis
2804 4307 3053 4363 omnibus
3078 4313 3402 4372 occupatur.
3427 4301 3608 4368 Usque

2031 4406 2165 4461 adeo
2184 4418 2314 4459 vero
2333 4404 2628 4473 putandum
2650 4416 2753 4455 non
2773 4408 2877 4465 est,
2918 4398 3025 4454 Deo
3067 4412 3282 4468 quoque
3328 4395 3451 4449 illos
3485 4394 3609 4446 odio

2032 4515 2177 4565 esse,
2193 4499 2501 4567 quicunque
2525 4505 2744 4566 prepter
2764 4494 3115 4548 vitiositatem
3133 4506 3285 4545 suam
3324 4487 3606 4543 hominum

2031 4594 2153 4648 odia
2185 4590 2565 4659 experiuntur,
2597 4601 2655 4644 ut
2684 4589 2848 4643 etiam
2879 4586 3212 4641 contrarium
3273 4581 3470 4637 rationi
3539 4579 3610 4633 sit

2024 4697 2473 4749 consentaneum,
2518 4682 2949 4737 misericordiam
2979 4680 3231 4734 videlicet
3281 4692 3376 4731 eos
3437 4677 3612 4742 impe-

2031 4787 2219 4832 trare:
2260 4792 2382 4829 nam
2407 4775 2532 4843 quia
2566 4776 2913 4827 vehementer
2946 4773 3099 4828 exosi
3166 4777 3295 4824 sunt
3352 4769 3420 4821 iis
3483 4767 3609 4833 qui-

2036 4869 2139 4924 bus
2204 4869 2429 4922 minime
2493 4867 2791 4931 debebant;
2883 4867 2986 4919 hoc
3018 4865 3219 4932 ‘ipsum
3282 4869 3386 4924 est,
3460 4859 3607 4927 quod

2042 4960 2211 5014 Deum
2303 4968 2594 5029 provocat,
2687 4968 2748 5010 ut
2830 4957 3160 5011 clementius
3240 4971 3336 5009 eos
3435 4953 3610 5020 respi-

2042 5052 2172 5105 eiat.
2275 5049 2616 5119 QuaprOpler
2690 5060 3039 5118 cognatorum
3127 5048 3309 5101 odium
3408 5056 3462 5099 et
3548 5062 3611 5097 a-

2044 5141 2283 5195 versatio
2331 5140 2424 5194 Dei
2465 5141 2897 5195 misericordiam
2954 5140 3085 5209 ipsis
3118 5140 3390 5204 conciliat,
3442 5146 3497 5191 et
3546 5152 3613 5190 eo

2040 5233 2258 5301 quidem
2294 5233 2410 5301 ipso
2435 5234 2581 5301 quod
2618 5232 2821 5301 indigni
2865 5232 3150 5287 videantur
3176 5233 3265 5301 qui
3296 5247 3413 5287 eam
3445 5231 3614 5297 impe-

2036 5332 2200 5377 trent.
2234 5323 2365 5377 Nam
2402 5325 2490 5393 qui
2524 5324 2592 5378 ab
2630 5323 2805 5379 emt-io
2855 5336 3134 5393 tantopere
3186 5323 3457 5383 discessit.
3515 5320 3616 5373 mi-

2035 5429 2128 5468 ser
2155 5414 2360 5481 pariter
2387 5429 2452 5469 ac
2484 5415 2616 5468 nulli
2655 5415 3003 5478 miserabilis,
3039 5414 3132 5470 sed
3161 5428 3191 5468 e
3219 5410 3490 5467 contrario
3514 5424 3610 5476 pn-

2040 5506 2145 5559 tius
2177 5521 2375 5561 exosus
2407 5518 2461 5561 et
2486 5522 2585 5573 pro
2608 5506 2896 5577 deplorato
2930 5507 3163 5569 habitus,
3194 5516 3340 5559 utne
3360 5515 3609 5569 suprema

2040 5599 2257 5667 quidem
2294 5599 2383 5652 illa
2412 5601 2694 5654 clementia
2721 5601 2915 5671 dignus
2947 5602 3013 5655 ab
3046 5602 3124 5655 eis
3160 5598 3452 5667 judicclun.
3488 5609 3611 5646 eum

2038 5706 2146 5759 quo
2179 5701 2337 5757 pacto
2368 5708 2474 5747 non
2510 5709 2726 5762 aequum
2768 5702 2850 5748 est
2882 5694 3019 5762 apud
3056 5692 3219 5743 Deum
3245 5687 3483 5755 judicent
3518 5685 3615 5736 mi-

2038 5782 2393 5835 scricordiam
2418 5784 2718 5851 consequi?
2747 5779 3196 5851 quemadmodum
3224 5776 3359 5830 Deus
3382 5775 3493 5840 ipse
3519 5790 3613 5843 per

2041 5871 2233 5928 lsaiam
2266 5882 2440 5930 vatem
2489 5872 2910 5942 Hierosolymam
2946 5869 3240 5939 alloquitur
3272 5883 3287 5920 :
3325 5866 3613 5936 Propterea
