4098 6272
410 321 418 329 ’
494 369 592 431 5n

1680 379 1730 436 Μ
1745 379 1781 433 Α
1796 380 1836 436 Ν
1849 378 1895 436 U
1909 377 2075 435 ELIS
2116 378 2200 436 ΡΛ
2215 375 2560 436 L.EOI.OGI

3628 369 3728 436 5ίὲ

485 486 628 553 quod
654 482 864 535 deserta
897 483 969 534 sis
998 491 1252 547 etexosa,
1287 496 1385 536 nec
1417 483 1613 537 habeas
1649 486 1739 550 qui
1769 486 1863 537 tibi
1889 489 2054 552 «ψῑιιιι

2167 487 2357 551 μένους
2397 486 2485 537 διὰ
2519 486 2616 548 τὴν
2665 484 2763 536 οὖκ
2816 483 3026 552 ἀγαθὴν
3078 481 3356 534 πολιτείαν
3405 478 3614 535 ἐλεοῦσί
3645 499 3724 545 τε,

487 575 650 630 lctur.
679 573 828 638 Quod
851 575 895 628 si
927 575 1088 626 etiam
1115 578 1330 641 poenam
1363 592 1455 630 eos
1482 576 1628 630 iuere
1655 594 1751 642 par
1773 589 1907 641 erat,
1931 593 2060 632 Sane

497 681 656 732 quam
709 667 936 733 amplam
985 668 1238 734 gravibus
1294 669 1440 721 hisce
1491 670 1765 736 judicibus
1820 670 2062 728 luerunt.

485 758 740 823 Quodque
757 759 977 810 nimium
997 774 1096 826 qua
1109 771 1255 811 utum
1276 776 1384 812 rem
1401 762 1673 830 auget,qui
1695 777 1880 830 ρωπος
1898 761 1962 814 ab
1980 762 2058 816 eis

481 851 837 916 exigunt,per
867 845 1121 917 inju'riam
1144 851 1383 917 exigunt,
1407 868 1528 905 cum
1565 868 1897 920 nequaquam
1927 855 2059 918 ipsis

423 955 426 962 ‘
479 941 763 992 conveniat
801 951 857 992 ut
886 956 978 995 eos
1001 943 1385 1004 condemnem,
1420 959 1542 994 nam
1568 943 1616 994 id
1639 943 1733 996 soli
1757 943 1866 996 Deo
1907 958 2052 994 com-

479 1030 728 1096 petit.Vrl
755 1033 954 1100 potius,
979 1035 1021 1085 si
1050 1035 1169 1100 quis
1201 1043 1450 1086 accurate
1490 1050 1601 1086 rem
1632 1045 1873 1100 spectare
1908 1033 2054 1098 velit,

480 1125 716 1190 ipsarum
740 1128 1013 1180 hominum
1037 1130 1368 1183 conscientia
1400 1130 1590 1198 judicii
1614 1146 1825 1198 quoque
1851 1141 2054 1198 tempoo

481 1233 535 1268 re
555 1219 618 1268 de
645 1219 772 1284 ipsis
804 1223 1127 1272 sententiam
1156 1222 1311 1274 ft'lt‘l.
1340 1219 1522 1288 Neque
1543 1240 1670 1276 vero
1706 1225 1771 1276 ab
1803 1226 2054 1278 omnibus

480 1322 581 1357 uua
620 1322 842 1371 prorsus
875 1311 928 1361 in
961 1311 1057 1363 hos
1087 1313 1360 1365 sententia
1395 1314 1502 1366 lata
1536 1315 1640 1366 dici
1675 1325 1848 1382 potest
1878 1332 1891 1368 :
1929 1331 2051 1368 nam

477 1403 563 1464 qui
585 1398 792 1451 beatam
812 1401 874 1453 ad
899 1402 1057 1455 vitam
1086 1415 1228 1455 recta
1250 1404 1572 1472 gradiuntur
1592 1407 1694 1468 via,
1719 1407 1793 1458 illi
1812 1423 1935 1474 erga
1956 1411 2052 1461 hos

479 1493 657 1542 multis
693 1508 888 1546 οκοειιε
936 1507 1153 1564 propter
1203 1501 1466 1553 rationem
1504 1500 1624 1552 vita:
1667 1517 1772 1554 non
1825 1501 2048 1566 bonam,

478 1591 529 1632 et
581 1582 770 1649 insigni
805 1586 1150 1639 miseratione
1184 1576 1498 1656 tanguntur,
1547 1600 1598 1641 et
1649 1591 1936 1642 maximam
1973 1590 2050 1642 eis

478 1689 659 1724 rurant
697 1675 1032 1743 impendunt,
1090 1678 1218 1729 dum
1274 1694 1458 1732 eorum
1498 1680 1564 1733 ad
1617 1681 2046 1732 emendationem

480 1767 796 1833 rt.'.~pieiuut,
845 1778 896 1820 et
930 1769 1092 1822 altius
1129 1770 1522 1838 sublimiusque
1557 1770 1711 1838 longe
1763 1785 1921 1838 quam
1959 1769 2046 1822 alii

481 1876 590 1910 rem
627 1861 994 1915 considerant.
1031 1863 1228 1928 Quare,
1258 1879 1354 1916 ceu
1387 1866 1585 1916 dictum
1623 1879 1651 1916 a
1686 1863 1860 1934 nobis,
1905 1863 2050 1932 digni

478 1962 606 2004 sunt
632 1954 720 2018 qui
747 1953 986 2008 favorem
1014 1966 1174 2021 atque
1194 1972 1377 2009 curam
1409 1955 1497 2008 Dei
1517 1955 1714 2024 judicis
1739 1955 2068 2029 impetrentt

478 2059 586 2095 non
617 2046 770 2097 modo
789 2059 1011 2115 propter
1035 2050 1155 2101 illos
1180 2049 1533 2103 immaniores
1554 2047 1644 2114 qui
1671 2061 1776 2099 non
1799 2045 1944 2112 juste
1963 2045 2051 2113 ju-

479 2135 687 2199 dicaut,
720 2151 903 2189 rerum
933 2139 1096 2191 etiam
1123 2148 1347 2208 propter
1367 2154 1460 2192 eos
1479 2138 1569 2207 qui
1591 2138 1690 2192 hac
1711 2137 2049 2190 humanitate

479 2235 638 2294 atque
663 2228 945 2284 clementia
981 2238 1210 2284 utuntur
1240 2249 1254 2296 ;
1283 2231 1503 2300 quando
1547 2246 1652 2282 non
1695 2245 1794 2298 par
1831 2237 1934 2292 est,
1983 2228 2049 2280 ab

480 2318 717 2384 ipsorum
749 2320 994 2373 bonitate
1024 2321 1270 2388 superari
1295 2321 1521 2389 positam
1550 2321 1695 2372 illam
1715 2329 1867 2371 extra
1892 2317 2048 2371 linem

478 2423 693 2462 omnem
730 2411 1023 2465 bonitatem
1053 2430 1067 2478 ;
1103 2422 1261 2480 atque
1305 2411 1428 2465 huic
1466 2411 1657 2464 rationi
1715 2409 2054 2464 contradicet

481 2517 658 2556 nemo.
702 2502 782 2568 Qu
811 2519 912 2574 ppe
945 2505 988 2558 si
1038 2505 1227 2573 optimi
1264 2505 1508 2557 homines
1538 2503 1719 2556 omnia
1750 2503 1932 2571 gravia
1969 2502 2068 2554 fa-'

479 2597 580 2650 cile
634 2597 933 2663 perferunt,
990 2599 1147 2652 modo
1187 2598 1316 2651 istos
1357 2597 1646 2651 emendare
1691 2596 1865 2660 liceat,
1922 2594 2049 2662 quid

479 2689 623 2761 illam
660 2687 919 2742 infinitam
953 2689 1246 2742 bonitatem
1283 2687 1826 2756 atque'clemeutiam
1869 2687 1934 2740 de
1965 2687 2050 2739 his

476 2790 716 2835 Statuere
759 2796 822 2834 ac
855 2781 992 2834 velle
1029 2781 1228 2849 putas?
1287 2781 1366 2832 An
1413 2781 1572 2833 homo
1619 2796 1786 2848 purus
1817 2789 1871 2833 et
1907 2779 2050 2833 labis

475 2887 698 2940 expers,
755 2886 945 2925 eamne
971 2873 1126 2925 bonis
1158 2872 1370 2940 quidem
1397 2873 1527 2924 viris
1549 2872 1696 2940 paria
1721 2872 1896 2927 facere
1921 2885 2048 2924 cou-

477 2962 666 3015 cedis?
698 2961 964 3015 Nimirum
999 2964 1079 3017 vis
1109 2978 1226 3016 eam
1267 2962 1533 3026 fortassis,
1580 2963 1878 3016 imitantem
1918 2977 2052 3030 quo-

480 3057 727 3110 rumdam
759 3058 1076 3123 pravitatem
1113 3057 1240 3125 (non
1267 3055 1411 3108 enim
1441 3066 1586 3108 tuam
1616 3056 1780 3124 dico),
1815 3053 2049 3106 crudeli-

2164 574 2281 636 πῶς
2333 574 2472 635 οἵεις
2515 577 2610 627 καὶ
2647 574 2910 642 μεγίστης
2955 572 3166 636 ἀξιοῦσι
3209 573 3562 642 κηδεμονίας,
3593 573 3729 640 πρὶς

2161 667 2259 735 τὴν
2297 667 2476 718 αὐτῶν
2525 666 2809 733 διόρθωσιν
2857 664 3286 726 ἀποϐλέποντες,
3332 663 3624 733 βαθύτερόν
3668 681 3727 716 τε

2161 758 2275 824 ἅμα
2309 757 2401 808 καὶ
2433 757 2764 824 ὑψηλότερον
2797 755 2931 808 πολὺ
2981 754 3088 806 τῶν
3129 754 3305 808 ἄλλων
3331 755 3725 824 διανοούμενοι;

2163 850 2316 902 Ὣσθ⁹
2347 851 2484 918 ὅπερ
2518 849 2672 917 ἔτην,
2705 848 2844 912 ἄξιοι
2883 846 3099 916 φειδοῦς
3146 849 3328 915 τυχεῖν
3360 849 3454 898 καὶ
3488 849 3726 917 κηδεμο-

2121 953 2134 966 ’
2158 944 2276 1004 νίας
2306 943 2455 1010 παρὰ
2490 941 2605 1010 Θεῴ
2635 941 2872 1010 κρίνοντι
2900 941 2960 992 οὐ
3001 941 3161 1007 μόνον
3204 957 3266 1005 γε
3301 941 3388 993 διὰ
3423 941 3549 1001 τοὺς
3575 942 3725 1009 ὠμο-

2157 1037 2350 1104 τέριτιυς
2381 1034 2638 1094 ἐκείνους,
2670 1034 2794 1093 τοὺς
2827 1032 2924 1084 οὐκ
2953 1034 3009 1084 ἐν
3040 1033 3160 1100 δίκῃ
3213 1031 3556 1096 δικάζοντας,
3591 1033 3726 1084 ἀλλὰ

2157 1127 2251 1178 καὶ
2301 1125 2387 1177 διὰ
2441 1127 2563 1185 τοὺς
2616 1127 2679 1193 τῇ
2736 1124 3121 1193 φιλανθρωπίᾳ
3168 1124 3528 1192 χρωμένονςο
3561 1123 3638 1185 ὡς
3664 1125 3724 1176 οὔ

2157 1221 2433 1288 προσῆκον
2487 1218 2785 1285 παρελθεῖν
2833 1219 2931 1285 τὴν
2981 1216 3160 1269 αὐτῶν
3205 1217 3575 1286 χρηστότητα,
3625 1218 3726 1286 τὴν

2155 1313 2407 1366 ἐπέκεινα
2445 1312 2642 1373 παντὸς
2676 1312 2925 1379 πέρατος.
2962 1311 3072 1361 Καὶ
3098 1309 3233 1378 προς
3265 1308 3422 1359 τοῦτό
3453 1326 3514 1375 γε
3546 1309 3724 1370 οὐδεὶς

2154 1407 2391 1474 ἀντερεῖ.
2425 1406 2485 1456 El
2523 1405 2629 1472 γὰρ
2661 1404 2709 1455 οί
2743 1404 3022 1472 βέλτιστοι
3050 1402 3153 1453 τῶν
3189 1400 3495 1470 ἀνθρώπων
3543 1404 3720 1456 πάντα

2155 1498 2219 1548 ἂν
2256 1496 2452 1566 ῥαδίως
2486 1497 2778 1548 ὑποσταῖεν
2803 1495 2869 1547 τὰ
2897 1494 3064 1558 δεινὰ,
3099 1493 3151 1546 εί
3192 1511 3254 1560 γε
3304 1493 3430 1560 ἐξῆν
3477 1493 3723 1556 ἐκείνους

2152 1586 2664 1658 ἐπανορθώσασθαιο
2707 1589 2736 1654 ἡ
2787 1589 3012 1650 ἄπειρος
3059 1587 3367 1654 χρηστότης
3397 1603 3454 1638 τε
3500 1587 3595 1638 καὶ
3640 1605 3725 1654 φι-

2151 1679 2469 1747 λανθρωπία
2503 1680 2553 1730 τί
2598 1697 2680 1732 σοι
2709 1680 2856 1732 δοκεῖ
2893 1682 3020 1748 περὶ
3054 1680 3283 1732 τουτωνὶ
3331 1681 3625 1746 διαγνῶναί
3665 1699 3723 1733 τε

2158 1772 2250 1821 καὶ
2280 1771 2538 1834 θελῆσαι;
2570 1767 2645 1822 ἾΙ
2679 1771 2781 1822 πού
2825 1787 2884 1837 γε
2927 1773 2954 1823 ὁ
2985 1771 3225 1840 καθαρός
3255 1789 3313 1824 τε
3349 1772 3441 1824 καὶ
3473 1773 3726 1842 ἀναμάρ-

2156 1881 2339 1930 τητος,
2371 1864 2490 1915 οὐδὲ
2537 1862 2665 1928 γοῦν
2701 1864 2758 1916 ἐν
2795 1862 2894 1932 ἴσῳ
2924 1863 3034 1915 τῶν
3077 1864 3298 1930 ἀγαθῶν
3349 1864 3557 1932 ἀνδρῶν
3605 1864 3723 1916 δια-

2154 1955 2466 2022 πράξασθαι
2499 1956 2699 2022 ταύτην
2731 1956 2922 2019 δίδως;
2962 1955 3121 2018 Ἴσως
3152 1973 3214 2022 γε
3246 1955 3453 2024 ταύτην
3485 1955 3715 2018 ἐθέλεις,

2152 2048 2252 2114 τὴν
2279 2047 2442 2099 τινῶν
2471 2049 2865 2117 μιμησαμένην
2903 2047 3216 2115 φαυλότητα
3250 2047 3393 2113 (οὐδὲ
3435 2048 3544 2113 γὰρ
3575 2046 3718 2110 λέγω

2152 2140 2250 2208 τὴν
2285 2140 2430 2210 σὴν),
2465 2140 2710 2212 ὠμότητί
2757 2159 2863 2193 τινι
2909 2141 3254 2210 χρήσασθαι·
3291 2141 3383 2192 καὶ
3413 2139 3722 2192 τούναντίον

2153 2231 2183 2300 ἢ
2232 2231 2511 2300 κέκληται,
2563 2233 2714 2302 παρὰ
2761 2233 2820 2284 τὸ
2869 2233 3017 2295 εἰκὸς
3060 2234 3194 2301 αὐτῇ
3250 2233 3536 2300 πράττειν.
3585 2230 3724 2283 Ἀλλ’

2152 2322 2251 2374 οὐκ
2295 2323 2478 2391 ἐκείνη
2525 2341 2607 2391 γε,
2650 2323 2788 2376 ἀλλὰ
2829 2323 3181 2394 πολλαχόθεν,
3212 2323 3271 2376 εῦ
3317 2323 3444 2387 ἴσθι,
3480 2325 3572 2374 καὶ
3603 2322 3715 2391 βοη-

2154 2411 2306 2481 θήσει
2338 2413 2596 2477 τούτοισι,
2652 2414 2746 2465 καὶ
2781 2413 3006 2483 παρέξει
3058 2415 3362 2483 συνδρομὴν
3401 2414 3631 2477 ἅπασαν,
3657 2413 3712 2466 τό

2153 2520 2214 2570 γε
2247 2504 2324 2564 είς
2355 2504 2569 2574 ἐκείνην
2610 2501 2740 2573 ἧκον
2773 2505 3182 2574 ἁποκληροῦσα.
3224 2506 3338 2558 Κᾶν
3385 2506 3715 2574 ἐπιμένωσιν

2152 2596 2352 2650 ἐκεῖνοι
2384 2600 2495 2659 τοῖς
2527 2601 2736 2662 κακοῖς,
2775 2600 2951 2668 πολλῷ
2985 2617 3044 2666 γε
3081 2599 3282 2667 μᾶλλον
3326 2601 3354 2651 ὀ
3395 2598 3530 2661 Θεὸς
3562 2600 3624 2650 ἐν
3651 2615 3725 2666 τῳ

2152 2685 2386 2753 χρηστὸς
2440 2683 2599 2740 εἷναι.
2644 2688 3013 2758 Ἀρνήσασθαι
3068 2691 3172 2757 γὰρ
3221 2691 3412 2742 ἑαυτὸν
3447 2689 3508 2740 οὐ
3559 2688 3722 2741 δύναο

2155 2793 2266 2829 ται.
2316 2777 2374 2828 Ὀ
2429 2778 2560 2844 γοῦν
2613 2779 2829 2849 ἀληθῶς
2874 2781 3127 2850 κηδεμών
3172 2799 3229 2834 τε
3293 2781 3384 2833 καὶ
3427 2781 3634 2847 ἀγαθὸς
3669 2781 3727 2832 οὑ

2153 2868 2287 2935 πρὸς
2338 2868 2462 2929 τοὺς
2508 2870 2628 2936 μὲν,
2665 2873 2760 2922 καὶ
2808 2873 2959 2934 ποτὲ,
2989 2871 3126 2942 πρὸς
3173 2871 3231 2923 δὲ
3281 2873 3409 2934 τοὺς
3441 2873 3723 2939 οὐδέποτε,

2151 2958 2265 3010 ἀλλ’
2300 2961 2406 3023 ἀεὶ,
2437 2962 2534 3012 καὶ
2585 2962 2722 3030 πρὸς
2765 2963 2890 3026 τοὺς
2939 2964 3168 3027 πάντας,
3207 2964 3274 3015 τὰ
3331 2964 3497 3016 αὑτοῦ
3552 2965 3730 3017 διατε-

2157 3047 2307 3100 λέσει
2342 3050 2509 3102 ποιῶν
2535 3065 2549 3081 ο
2585 3051 2675 3103 καὶ
2725 3051 2874 3105 ἔσται
2905 3051 2990 3105 διὰ
3049 3053 3264 3106 πάντων
3319 3053 3446 3121 ἑξῆς
3494 3053 3630 3107 αὑτό
3665 3071 3725 3118 γε
3779 3056 3793 3073 ⁸

480 3159 589 3204 tate
639 3149 868 3216 quadam
906 3150 1030 3211 uti,
1084 3157 1137 3202 et
1170 3159 1356 3202 contra
1408 3163 1566 3215 quam
1617 3147 1937 3216 appellatur,
1997 3145 2047 3198 id

2158 3140 2298 3193 τοῦθ’
2329 3141 2356 3193 ὃ
2397 3143 2640 3210 πέφυκεν
2667 3138 2828 3208 εἶναι,
2861 3145 3061 3210 ἀγαθὸς
3116 3146 3208 3198 καὶ
3238 3145 3490 3215 κηδεμὼν
3529 3146 3722 3198 ἅπασι.

478 3257 640 3311 agere
671 3243 811 3308 quod
831 3242 879 3294 ei
903 3241 1126 3294 minime
1144 3241 1415 3294 convenit.
1443 3239 1778 3292 Atenim-hoc
1808 3237 1859 3289 in
1881 3238 2052 3305 ipsam

481 3352 586 3388 non
618 3336 781 3399 cadit,
843 3333 940 3388 sed
993 3334 1141 3388 noris
1191 3348 1308 3385 eam
1356 3333 1440 3385 his
1486 3347 1640 3398 opem
1695 3332 2054 3398 undecunque

478 3431 730 3492 laturam,
779 3441 1046 3496 omneque
1088 3427 1451 3495 prteSIituram
1509 3426 1906 3491 adjumenlum,
1956 3425 2056 3477 im-

479 3519 710 3588 plentetn
745 3518 796 3571 id
835 3518 978 3588 quod
1025 3520 1089 3570 ad
1133 3517 1306 3586 ipsam
1341 3526 1570 3584 speetat.
1604 3515 1755 3581 Quod
1788 3516 1832 3570 si
1874 3531 2056 3582 perse-

479 3613 744 3665 verabunt
772 3611 871 3677 ipsi
901 3610 950 3662 in
977 3609 1154 3672 malis,
1181 3609 1350 3668 multo
1384 3608 1552 3677 magis
1577 3607 1712 3661 Deus
1737 3609 1787 3660 in
1816 3608 2056 3660 bonitate

479 3704 873 3771 clementiaque
887 3720 982 3756 sua
1005 3703 1278 3769 persistet;
1309 3701 1537 3760 inficiarj
1561 3714 1792 3769 namque
1810 3699 2046 3766 Seipsum

481 3811 584 3848 non
619 3805 818 3864 potest.
870 3795 1210 3862 Quapropter
1240 3793 1286 3846 is
1327 3791 1418 3859 qui
1454 3805 1578 3843 vere
1633 3803 1821 3842 curam
1881 3788 2054 3841 nostri

480 3889 638 3956 gerit,
669 3899 723 3941 et
755 3902 876 3941 vere
902 3891 1190 3951 bouusest,
1223 3901 1327 3939 non
1353 3901 1478 3952 erga
1513 3885 1630 3949 hos,
1662 3892 1715 3937 et
1744 3882 2053 3950 aliquando,

479 3996 603 4050 erga
658 3981 778 4032 illos
835 3995 984 4039 vero.
1036 3994 1306 4047 nunquam
1343 3992 1357 4028 :
1397 3978 1488 4031 sed
1531 3991 1764 4043 semper,
1822 3984 1875 4026 et
1924 3989 2053 4040 erga

481 4087 689 4131 euntes.
720 4075 860 4138 quod
910 4086 1064 4124 suum
1113 4081 1196 4124 est
1231 4070 1409 4122 facere
1441 4085 1546 4122 nou
1585 4068 1810 4131 desinet,
1847 4065 2056 4133 eritque

481 4179 574 4232 per
625 4165 802 4216 otuuia
843 4177 1064 4230 prorsus
1107 4163 1208 4216 hoc
1255 4163 1428 4230 ipsqu
1474 4162 1615 4227 quod
1653 4175 1681 4211 a
1713 4170 1902 4210 natura
1953 4166 2055 4221 est,

480 4257 655 4310 bonus
679 4264 731 4308 et
753 4269 936 4308 curam
957 4269 1152 4321 gerens
1174 4255 1440 4306 omnium.
1473 4251 1664 4305 Servat
1687 4250 2053 4316 omnes,un

483 4327 550 4403 in‘
579 4349 694 4418 ipso
722 4357 824 4414 est,
857 4361 922 4400 eo
965 4347 1266 4415 perducens
1297 4345 1549 4397 omnibus
1595 4343 1790 4402 modis,
1826 4349 1880 4391 ut.
1923 4339 2059 4391 resi-

481 4443 695 4511 piscaut
757 4451 810 4492 et
871 4450 1206 4501 serventur,
1263 4437 1468 4502 absque
1550 4433 1805 4488 violentia
1877 4440 2055 4483 tamen

480 4542 534 4587 et
563 4533 864 4596 coactione,
891 4530 1033 4600 quod
1057 4540 1108 4584 et
1138 4545 1297 4597 supra
1319 4531 1522 4581 dictum
1552 4535 1654 4579 est.
1684 4524 1890 4592 Quippe
1915 4537 2056 4576 nunc

482 4627 698 4696 quidem
721 4627 886 4689 venit,
911 4640 1018 4678 non
1040 4633 1097 4677 ut
1125 4623 1353 4691 judieet,
1375 4621 1470 4674 sed
1492 4628 1550 4674 ut
1579 4628 1753 4674 servet
1771 4617 2053 4669 mundum.

482 4719 634 4784 Quod
669 4720 715 4772 si
747 4734 852 4773 non
881 4719 991 4787 jam
1028 4717 1140 4785 ipse
1190 4715 1421 4784 judicat,
1472 4711 1567 4766 sed
1620 4708 1812 4778 judicii
1839 4718 2059 4776 tempus

486 4820 784 4880 exspectat,
817 4827 940 4864 cum
979 4811 1156 4863 Oiuuia
1190 4818 1370 4862 nostia
1404 4805 1572 4874 magis
1617 4818 1774 4872 quam
1811 4817 1906 4854 nos
1934 4800 2056 4866 ipsi,

491 4905 652 4961 norit.
680 4914 754 4966 tu,
779 4904 870 4971 qui
896 4913 949 4957 et
983 4913 1190 4971 tempus
1215 4900 1502 4969 anticipas,
1534 4907 1585 4950 et
1607 4896 1838 4948 ollicium
1861 4894 2062 4961 judicis

492 5009 746 5062 usurpas,
772 5009 892 5048 cum
927 5011 1024 5050 nec
1048 5005 1134 5049 tua
1163 5003 1308 5048 recte
1337 5005 1600 5062 agnoscas
1627 4987 1783 5052 mala,
1815 5001 1912 5040 nec
1942 4984 2059 5038 illo-

495 5099 612 5137 rum
647 5097 784 5151 quos
813 5083 1063 5147 damnas,
1115 5099 1221 5152 quo
1268 5093 1423 5152 pacto
1452 5097 1555 5137 non
1593 5079 1798 5134 facinus
1828 5078 2056 5132 imisum

497 5171 604 5226 Deo
639 5171 896 5238 perticis?
920 5171 1158 5236 Quorum
1197 5183 1246 5225 te
1274 5174 1393 5241 quis
1423 5173 1474 5225 in
1503 5186 1788 5226 numerum
1821 5165 2060 5222 referet?

493 5278 600 5317 non
637 5262 857 5316 cumino
889 5262 1248 5317 Stolidorum?
1278 5264 1475 5332 quippe
1505 5264 1550 5317 si
1578 5259 1852 5330 iudicandi
1886 5255 2058 5312 facul-

496 5365 656 5430 tatem
680 5362 868 5408 uactus
885 5370 910 5406 a
931 5353 1054 5415 Deo,
1073 5355 1391 5423 judicaudos
1410 5354 1522 5423 ipse
1537 5365 1964 5422 oppugnarcsme
1983 5350 2060 5412 sic

494 5445 710 5510 quidem
740 5460 800 5496 ea
843 5442 1048 5497 faceres
1082 5444 1147 5496 ob
1181 5460 1298 5512 qua:
1327 5444 1664 5498 admirationi
1689 5457 1839 5497 esses
1864 5441 1936 5494 illi
1967 5440 2060 5510 Qui

456 5522 469 5532 ’
487 5537 763 5602 ]ιι.1ἰ(·ιιιιιὲἰ
784 5543 1104 5603 potestatem
1121 5537 1354 5589 fecisset.
1370 5536 1419 5588 Is
1436 5539 1576 5590 enim
1597 5535 1857 5606 benignus
1874 5543 2062 5602 etpro-

496 5628 905 5696 pitiuserterga
942 5628 1180 5698 ingratos
1200 5638 1252 5680 et
1287 5627 1563 5680 malos.At
1588 5643 1707 5680 cum
1745 5627 1838 5680 abs
1874 5627 2060 5693 teipso

495 5729 813 5782 potestatem
841 5720 976 5774 hanc
991 5719 1310 5789 sumpseris,
1335 5717 1595 5786 siquidem
1616 5718 1664 5772 ei
1690 5716 1931 5771 nonnihil
1965 5717 2059 5769 ad-

500 5810 756 5894 misceres
780 5808 1131 5863 humanitatis
1158 5822 1316 5878 atque
1338 5808 1655 5873 clementim,
1678 5817 1854 5862 tamen
1877 5820 1971 5860 nec
2000 5805 2074 5860 ita

2160 3233 2268 3285 Καὶ
2313 3233 2372 3286 τὸ
2422 3236 2632 3288 ἐκείνου
2684 3237 2851 3306 μέρος
2887 3238 3132 3300 ἅπαντας
3166 3238 3352 3301 σώζει,
3385 3237 3474 3289 διὰ
3509 3238 3723 3290 πάντων

2158 3325 2353 3387 αὐτοὺς
2398 3327 2608 3394 ἐνάγων
2635 3329 2726 3380 ἐπὶ
2755 3328 2815 3398 τὸ
2847 3327 3181 3398 μετανοῆσαί
3223 3345 3285 3382 τε
3331 3332 3424 3380 καὶ
3456 3328 3715 3395 σωθῆναι,

2157 3417 2286 3470 ἄνευ
2321 3419 2508 3486 μέντοι
2556 3418 2648 3472 τοῦ
2701 3419 3010 3488 βιάζεσθαι,
3047 3422 3072 3473 ὃ
3107 3439 3200 3490 μοι
3238 3423 3332 3479 καὶ
3356 3420 3613 3489 πρότερον
3636 3418 3714 3472 εῖ-

2163 3523 2342 3574 ρηταιο
2388 3508 2472 3570 Ὠς
2509 3508 2605 3560 νῦν
2652 3526 2714 3575 γε
2761 3504 2920 3580 ἧκεν,
2961 3491 3065 3581 *οὐχ
3114 3512 3200 3564 ἵνα
3248 3515 3429 3582 κρίνῃ,
3465 3508 3578 3562 ἀλλ’
3624 3507 3712 3560 ἵνα

2161 3598 2310 3671 σώσῃ
2344 3600 2434 3652 τὸν
2467 3601 2690 3670 κόσμον.
2726 3603 2787 3656 El
2821 3605 2878 3657 δὲ
2911 3609 3116 3669 ἐκεῖνος
3151 3607 3337 3660 οὐκέτι
3369 3605 3562 3674 κρίνει,
3580 3603 3718 3657 ἀλλὰ

2156 3689 2245 3740 τὸν
2297 3691 2487 3758 καιρὸν
2534 3694 2818 3762 ἀναμένει,
2877 3698 3054 3751 πάντα
3095 3700 3164 3752 τὰ
3211 3700 3460 3769 ἡμέτερα
3520 3697 3722 3768 μᾶλλον

2157 3780 2312 3846 ἡμῶν
2343 3783 2705 3852 ἐπιστάμενος
2729 3801 2740 3812 ·
2772 3785 2834 3838 σὺ
2865 3787 2956 3838 καὶ
2987 3787 3076 3840 τὸν
3103 3789 3294 3857 καιρὸν
3325 3789 3720 3857 προαρπάζων,

2157 3870 2248 3920 καὶ
2308 3871 2400 3922 τοῦ
2444 3873 2629 3942 κριτοῦ
2695 3877 3152 3945 σφετεριζόμενος
3210 3879 3419 3947 σχῆμα,
3473 3877 3610 3946 μήτε
3659 3877 3722 3928 τὰ

2160 3960 2354 4010 σαυτοῦ
2403 3961 2583 4024 καλῶς
2622 3963 3003 4030 ἐπιγινώσκων
3039 3969 3205 4028 κακὰ,
3240 3969 3380 4034 μήτε
3432 3959 3720 4028 τάκείνων,

2157 4050 2248 4111 οῦς
2287 4054 2662 4119 κατακρίνεις,
2706 4055 2822 4116 πῶς
2874 4057 2973 4108 οὐκ
3026 4058 3184 4126 ἔργον
3233 4059 3488 4127 θεομισὲς
3521 4060 3722 4126 ἐκπληο

2161 4145 2309 4212 ροῖς;
2347 4145 2503 4207 Τίνος
2555 4146 2610 4197 δὲ
2663 4149 2756 4198 καὶ
2793 4149 2944 4216 θήσει
2998 4149 3054 4200 σέ
3096 4167 3178 4207 τις
3219 4150 3479 4220 μερίδος;
3519 4151 3579 4202 οὺ
3613 4150 3715 4203 τῶν

2158 4236 2501 4288 παντάπασιν
2529 4238 2808 4306 evan-con;
2862 4240 2922 4291 Εἰ
2971 4241 3076 4310 γὰρ
3135 4241 3229 4294 καὶ
3276 4244 3427 4310 παρᾶ
3475 4241 3611 4294 Θεοῦ
3664 4242 3724 4295 τὸ

2159 4329 2371 4396 κρίνειν
2419 4330 2679 4398 εἰληφὼς,
2711 4333 2875 4390 αὐτὸς
2911 4333 3077 4400 όμόσε
3119 4332 3348 4402 ἒχιῦρεις
3383 4335 3498 4396 τοῖς
3546 4351 3726 4403 κρινο-

2165 4421 2372 4487 μένοις,
2413 4422 2524 4472 οὐδ’
2563 4423 2704 4474 οῦτω
2754 4424 2971 4486 πάντως
3017 4423 3292 4492 ἔπραττες
3323 4425 3410 4490 ἂν,
3445 4423 3513 4476 δι’
3555 4417 3629 4476 ὧν
3659 4425 3726 4477 ἂν

2161 4508 2305 4581 εἶχες
2360 4513 2742 4582 θαυμάζεσθαι
2794 4517 2947 4585 παρὰ
3001 4516 3094 4567 τοῦ
3151 4517 3332 4578 δόντος
3382 4517 3443 4566 τὸ
3494 4517 3722 4585 κρίνειν,

2161 4607 2364 4668 ἐκεῖνος
2429 4607 2539 4674 γὰρ
2588 4607 2822 4676 χρηστός
2878 4610 3029 4660 ἐστιν
3075 4608 3167 4661 ἐπὶ
3219 4607 3346 4670 τοὺς
3397 4608 3728 4677 ἀχαρίστους

2161 4701 2256 4752 καὶ
2317 4701 2610 4769 πονηρούς.
2660 4701 2813 4752 Ἐπεὶ
2864 4701 2920 4752 δὲ
2978 4703 3073 4752 καὶ
3123 4701 3273 4770 παρὰ
3327 4700 3526 4752 σαυτοῦ
3575 4697 3730 4750 τοῦτο

2164 4793 2412 4859 εἴληφας,
2445 4792 2493 4843 εἰ
2535 4792 2635 4860 μὲν
2681 4792 2903 4860 ἐκίρνας
2944 4791 3122 4860 τούτῳ
3178 4791 3611 4861 φιλανθρωπίαν,
3661 4784 3730 4859 ἦν

2167 4885 2264 4953 μὲν
2295 4884 2404 4936 οὐδ’
2431 4883 2602 4943 οὕτως
2640 4885 2808 4948 ὅσιον,
2836 4883 2945 4936 οὐδ’
2975 4885 3180 4951 ἀγαθόν
3224 4901 3305 4935 σοι
3339 4885 3401 4936 τὸ
3427 4883 3683 4952 τόλμημα
3711 4897 3726 4910 ·

2163 4977 2361 5042 πόθεν;
2402 4977 2596 5030 πολλοῦ
2638 4994 2698 5045 γε
2731 4979 2826 5030 καὶ
2856 4977 2935 5029 δεῖ
2966 4993 2978 5005 ·
3008 4978 3069 5028 οὑ
3101 4978 3206 5047 γὰρ
3231 4977 3312 5029 δεῖ
3347 4973 3629 5043 ληῖζεσθαι
3661 4974 3730 5026 τὰ

2160 5070 2254 5123 τοῦ
2306 5069 2440 5122 Θεοῦ
2492 5071 2617 5132 τοὺς
2661 5069 2985 5139 ἀνθρώπους
3035 5069 3124 5122 ἐπ’
3173 5069 3402 5138 οὐδεμιᾷ
3453 5067 3732 5138 προφάσει

2164 5162 2573 5231 φιλανθρωπίας
2601 5177 2614 5192 ’
2661 5159 2807 5232 εἶχες
2850 5163 2894 5215 δ’
2923 5159 3014 5215 οῦν
3053 5179 3107 5213 τι
3155 5161 3547 5226 παραιτεῖσθαι
3595 5159 3734 5226 πρὸς
3783 5162 3789 5167 ’

2162 5257 2253 5306 τὸν
2287 5255 2614 5324 οἰκτίρμονα
2678 5254 2772 5307 καὶ
2823 5253 3234 5322 φιλάνθρωπον.
3288 5253 3384 5305 at;
3440 5250 3503 5320 δὴ
3562 5250 3734 5302 ποιῶν

2161 5351 2364 5412 ἐκεῖνα,
2394 5345 2473 5410 οἷς
2503 5348 2660 5408 αὐτὸς
2691 5346 2852 5398 εἴωθε
2881 5346 3114 5414 χαίρειν.
3134 5342 3270 5396 Νυνὶ
3301 5344 3356 5396 δὲ
3373 5345 3455 5412 μή
3489 5359 3547 5395 τε
3581 5343 3734 5410 παρὰ

2165 5439 2299 5493 Θεοῦ
2354 5439 2413 5490 τὸ
2467 5440 2674 5508 κρίνειν
2735 5436 2935 5501 λαϐὼν,
2984 5437 3079 5490 καὶ
3126 5435 3293 5504 ὁμόσε
3345 5433 3556 5502 χωρῶν,
3603 5430 3727 5486 κατ’

2165 5533 2331 5602 ἄμφω
2361 5530 2617 5582 τάναντία
2653 5529 2821 5599 φαίνῃ
2867 5526 3056 5580 ποιῶν.
3096 5522 3228 5578 Εἶτα
3272 5525 3334 5576 σὺ
3375 5525 3473 5594 μὲν
3504 5525 3600 5592 τῆς
3636 5523 3753 5584 οὐε

2167 5626 2284 5685 σίας
2325 5621 2746 5690 διαρπαγείσης,
2781 5618 2814 5686 ἢ
2856 5619 2947 5670 καὶ
2995 5616 3286 5670 πολλοστοῦ
3343 5631 3487 5676 τινος
3530 5613 3731 5682 ταύτης

2171 5717 2392 5784 μέρους,
2425 5716 2567 5766 ἔστω
2597 5712 2652 5763 δέ
2688 5713 2780 5763 καὶ
2821 5711 2924 5762 ὑπὸ
2961 5709 3068 5761 τῶν
3101 5709 3375 5777 φιλτάτων
3409 5706 3609 5769 αὐτῶν,
3633 5704 3731 5756 οὐκ

2185 5811 2248 5866 ἂν
2287 5809 2554 5876 ἐνέγκαις,
2598 5806 2711 5859 ἀλλ’
2757 5803 2986 5872 ἐϐόησας
3022 5802 3199 5867 εὐθὺς,
3239 5801 3340 5854 Τὸν
3374 5795 3722 5867 πατραλοίαν,
