4098 6272
332 332 441 396 513

1746 320 2034 379 ORATIO
2067 322 2165 379 Vl.

328 442 419 496 τὸν
452 441 660 493 ἄσωτον
685 455 698 468 ’
736 438 829 492 ἐπὶ⁸
854 438 909 490 δέ
940 436 1048 490 τῶν
1085 433 1180 488 τοῦ
1202 431 1337 487 Θεοῦ
1368 431 1489 485 οὐδὲ
1523 431 1654 499 γοῦν
1689 431 1755 482 τὰ
1796 432 1887 481 ἴσα
1914 476 1923 490 ,

2030 429 2206 481 ιοὶιιιιε
2236 426 2453 494 aliquod
2475 428 2619 494 pimn
2651 440 2740 479 aut
2769 426 2967 479 bonuzu
3010 425 3238 479 faceres.
3283 425 3402 489 Quo
3433 428 3577 480 enim

331 532 518 595 δίδως,
549 527 686 582 ἀλλὰ
715 527 899 588 κακῶς
934 508 1278 595 διακείμενος
1308 523 1402 576 καὶ
1443 524 1511 575 τὰ
1544 522 1677 590 πρδς
1710 518 1896 582 αὐτὸν,

334 623 431 675 καὶ
448 621 517 673 τὰ
541 618 676 691 πρὸς
697 617 795 671 ἀνθ
806 610 1175 686 ρώπους,τίνα
1198 614 1427 684 annona
1439 613 1621 683 ψῆφον
1642 612 1791 681 παρὰ
1807 611 1901 664 τοῦ

328 711 466 766 θεοῦ
492 707 820 777 δέξασθαι,ἢ
842 707 936 760 καὶ
955 707 1108 778 παρὰ
1128 706 1239 759 τῶν
1261 704 1357 758 ἀνθ
1368 704 1566 774 ρώπων
1593 702 1771 754 αὐτῶν
1793 717 1808 766 ;
1827 699 1902 753 Οὐ

326 805 428 875 τὴν
450 797 717 870 συμπαθῆ
740 815 754 861 ;
780 800 838 850 ού
864 797 963 867 τὴν
980 797 1190 869 ἥμερον
1216 814 1230 863 ;
1254 795 1315 848 ού
1335 795 1435 865 τὴν
1458 793 1670 848 πολλῶν
1694 793 1903 861 οἰκτιρ-

333 894 456 963 μῶν
508 892 827 961 γέμουσανς
882 887 1043 942 Ἀλλὰ
1093 891 1158 942 σὺ
1210 887 1310 956 μὲν
1371 886 1500 949 ἴσως
1539 885 1634 939 καὶ
1679 884 1904 938 σεαυτδν

335 986 591 1054 μισήσεις
616 993 632 1010 ⁸
665 979 819 1050 παρὰ
849 981 907 1033 δὲ
925 979 1022 1033 τοῦ
1048 977 1438 1049 φιλανθρώπου
1464 976 1601 1031 Θεοῦ
1626 976 1726 1031 οὐκ
1749 976 1826 1030 ἔνι
1846 992 1906 1028 σε

332 1073 699 1130 τοῦτοπαθεῖν
718 1088 733 1105 ο
767 1070 965 1126 οῠκουν
994 1071 1115 1125 οὐδὲ
1145 1072 1295 1142 παρὰ
1323 1069 1431 1122 τῶν
1477 1068 1907 1137 ἐπιεικεστέρων

332 1165 656 1238 ἀνθρώπων.
680 1164 862 1218 Δεινὸν
883 1166 989 1234 γὰρ
1011 1162 1404 1226 δντως,δεινδν,
1424 1164 1472 1215 εἰ
1495 1162 1530 1215 ἆ
1555 1178 1637 1215 σοι
1658 1161 1754 1215 νῦν
1774 1178 1909 1232 προ-

334 1260 596 1329 φέρουσιν
631 1257 835 1326 ἒτεροι,
862 1254 1115 1325 πανταχῆ
1143 1255 1204 1307 τδ
1244 1255 1515 1324 αὐστηρὸν
1557 1253 1904 1321 ἐπαινοῦντι,

332 1350 474 1404 αὑτά
508 1366 571 1417 γε
599 1348 778 1403 ταῦτα
798 1347 1038 1411 πάθοιεν,
1057 1348 1255 1399 ἐκεῖνοι
1281 1388 1295 1413 ,
1330 1347 1422 1399 ἐπὶ
1454 1344 1513 1399 τδ
1542 1346 1626 1399 σοὶ
1664 1345 1908 1409 δικάζειν

334 1444 602 1506 ἐλθόντες.
620 1443 679 1496 Ὅ
700 1442 878 1494 τοίνυν
898 1443 955 1493 ἐν
984 1438 1298 1512 ἀνθρώποις
1329 1438 1472 1509 δρῶν
1497 1438 1908 1508 φιλανθρωπίας

339 1532 483 1601 ῐχνος
544 1529 735 1585 καὶτὸ
772 1529 1112 1601 βραχύτατον
1157 1529 1219 1582 οὔ
1282 1530 1351 1583 τὰ
1402 1531 1592 1583 εἰκότα
1648 1529 1911 1599 φρονήσει

337 1624 467 1692 περὶ
493 1621 591 1690 τῆς
626 1621 1056 1691 ἁνεξερευνήτου
1087 1622 1525 1690 μεγαλειότητος,
1550 1622 1597 1674 εί
1632 1621 1708 1691 μὴ
1731 1639 1910 1691 παρα·

340 1714 483 1784 πλήξ
509 1729 593 1778 τις
622 1714 730 1782 εἴη,
751 1715 848 1768 καὶ
876 1714 987 1767 τῶν
1042 1715 1142 1774 τὰς
1190 1714 1393 1782 φρένας
1449 1713 1581 1766 ἀπο)
1594 1713 1914 1779 ωλεκότων’;

2002 523 2204 592 pacto?
2234 522 2459 577 multum
2493 522 2708 592 quidem
2742 523 2916 577 abest.
2943 518 3059 573 Non
3089 520 3230 573 enim
3274 521 3583 575 hominibus

2003 631 2064 670 ea
2087 597 2279 684 rapere
2316 616 2392 671 fas
2406 624 2510 681 est,
2531 631 2648 685 quae
2663 614 2754 669 Dei
2770 623 2916 675 sunt,
2932 612 3166 666 uilotum
3188 622 3449 679 prmtextu
3471 611 3582 666 cie-

2004 708 2239 762 menlim.
2274 708 2645 763 Nihilominus
2713 707 2914 774 aliquid
2982 720 3109 776 erga
3163 698 3599 760 misericordem

2005 801 2156 856 illum
2186 807 2239 856 et
2290 802 2611 855 clementem
2669 799 2831 853 Deum
2891 797 3262 852 excusationis
3327 800 3583 863 haberes,

2007 892 2153 946 velut
2185 906 2246 945 ea
2278 890 2483 945 faciens
2548 888 2748 959 quibus
2776 889 2891 958 ipse
2947 888 3208 943 delectari
3275 891 3580 945 consuevit.

2005 984 2162 1040 Nunc
2179 998 2299 1038 cum
2321 997 2420 1037 nec
2446 997 2474 1035 a
2502 980 2610 1036 Deo
2637 981 2902 1051 judicium
2933 981 3230 1049 acceperis,
3257 991 3313 1034 et
3338 981 3473 1034 alios
3492 996 3588 1047 op-

2008 1091 2215 1148 pugnes
2244 1083 2602 1142 utrorumque
2658 1074 2893 1139 ratione,
2949 1075 3229 1129 contraria
3291 1084 3341 1127 te
3404 1073 3586 1128 facere

2010 1167 2274 1221 declaras.
2313 1165 2516 1219 Deinde
2547 1175 2599 1215 tu
2637 1163 2885 1231 quidem,
2946 1161 3176 1227 direptis
3236 1160 3586 1214 facultatibus

2011 1259 2143 1322 tuis,
2180 1269 2271 1311 aut
2314 1272 2500 1311 earum
2529 1255 2723 1322 exigua
2788 1263 2965 1322 parte,
3010 1264 3174 1321 atque
3219 1255 3355 1306 adeo
3380 1251 3462 1305 vel
3518 1252 3587 1304 ab

2010 1349 2366 1403 amicissimis
2390 1348 2485 1402 tibi
2515 1360 2857 1414 nequaquam
2889 1345 2943 1397 id
3006 1345 3216 1407 tuleris,
3249 1332 3344 1397 sed
3398 1343 3586 1398 confe-

2010 1441 2134 1496 stim
2167 1439 2499 1510 parricidam
2529 1449 2582 1493 et
2606 1438 2876 1506 perditum
2912 1438 3184 1492 imminent
3230 1438 3436 1490 clamas
3466 1453 3479 1488 :
3533 1443 3588 1488 at

2040 1550 2072 1587 ιι
2098 1533 2187 1600 iis,
2219 1533 2285 1587 ad
2321 1531 2494 1585 Deum
2545 1546 2664 1601 qua:
2717 1530 3010 1596 pertinent,
3044 1545 3109 1582 ne
3154 1529 3302 1596 paria
3364 1528 3585 1595 quidem

2014 1626 2290 1689 cancedis,
2327 1624 2421 1678 sed
2450 1624 2591 1676 male
2629 1635 2735 1673 tam
2765 1638 2896 1689 erga
2930 1622 3105 1689 ipsum
3137 1636 3303 1689 quam
3340 1621 3589 1671 homines

2017 1722 2180 1769 temet
2217 1730 2433 1784 gerens,
2468 1729 2759 1783 quemnam
2786 1712 3034 1772 obsecro,
3065 1712 3206 1764 ferre
3263 1710 3588 1763 sententiam

3476 319 3695 382 51:1,.

339 1818 368 1861 ιι
401 1807 509 1861 Deo
537 1806 623 1861 vel
656 1807 790 1877 ipsis
845 1806 1156 1861 hominibus
1202 1808 1379 1862 velis?
1419 1803 1535 1861 Non
1567 1808 1886 1871 humanam,
1921 1822 2026 1861 non
2060 1807 2270 1871 mitem,
2314 1823 2422 1860 non
2482 1806 2870 1859 miscricordize
2899 1806 3149 1873 plenam?
3180 1803 3333 1856 Enim
3373 1819 3497 1853 vero
3530 1812 3584 1854 tu

339 1897 559 1968 quidem
588 1897 836 1953 fortassis
865 1898 967 1967 ipsi
998 1898 1092 1953 tibi
1128 1900 1237 1954 eris
1259 1898 1402 1966 odio,
1433 1912 1619 1953 verum
1650 1915 1680 1953 a
1711 1898 1948 1966 benigno
1977 1906 2031 1952 et
2059 1895 2308 1951 clementi
2343 1894 2454 1949 Deo
2501 1894 2688 1963 nequit
2718 1893 2820 1948 hoc
2868 1894 2963 1947 tibi
3021 1893 3362 1960 contingere,
3425 1900 3586 1960 atque.

340 1990 473 2043 adeo
506 2002 609 2044 nec
643 1989 710 2043 ab
737 1987 1047 2043 hominibus
1083 1988 1244 2058 paulo
1276 1988 1718 2045 modestioribus.
1750 1985 2035 2042 Nefarium
2071 1999 2323 2055 namque,
2362 1984 2630 2039 nefarium
2663 1997 2852 2051 reapse
2878 1982 3039 2046 foret,
3062 1985 3104 2036 si
3142 1998 3263 2050 quze
3314 1983 3414 2034 tibi
3445 1994 3589 2035 nunc

341 2078 605 2149 objiciunt
651 2079 766 2144 alii,
815 2057 1167 2136 severitatem
1243 2080 1298 2137 in
1330 2081 1581 2136 omniius
1611 2079 1875 2143 laudanti,
1903 2095 1968 2134 ea
2000 2078 2239 2134 vicissim
2264 2088 2319 2132 et
2359 2076 2495 2145 ipsis
2532 2074 2854 2131 acciderent
2910 2084 3088 2129 tecum
3144 2057 3590 2141 disceptantibns.

340 2170 440 2236 Qui
469 2185 599 2238 ergo
624 2169 707 2224 vel
738 2170 1156 2226 minutissimum
1208 2171 1514 2226 clementia:
1542 2168 1833 2239 vestigium
1865 2169 1918 2223 iu
1954 2169 2269 2224 hominibus
2320 2168 2614 2237 perspicit,
2663 2182 2731 2220 an
2791 2182 2901 2220 non
2959 2177 3318 2220 consentanea
3378 2167 3593 2219 ratione

337 2268 409 2323 de
461 2264 551 2320 illa
613 2265 951 2320 inscrutabiii
1009 2265 1294 2334 majestate
1337 2265 1555 2328 sentiet,
1590 2264 1692 2319 nisi
1720 2278 1954 2319 vesanus
1985 2265 2077 2329 sit',
2102 2274 2155 2318 et
2182 2278 2369 2319 eorum
2401 2277 2431 2315 e
2464 2277 2688 2317 numero
2713 2262 2805 2332 qui
2858 2272 3093 2317 mentem
3132 2262 3469 2316 amiserunt?

425 2358 569 2414 Ἀλλ’
602 2359 787 2428 ἡμεῖς,
814 2351 859 2411 ὦ
889 2357 1133 2427 φίλτατε,
1165 2359 1297 2411 πᾶσι
1345 2361 1458 2420 τοῖς
1487 2357 1748 2420 τοιούτοις
1780 2356 1908 2427 χαί.
1949 2364 1991 2417 Β

342 2468 463 2524 ρειν
498 2450 766 2513 εἰπόντες,
796 2448 888 2526 τὸν
915 2449 1274 2519 προκείμενον
1302 2449 1433 2519 ἡμῖν
1479 2446 1910 2518 ἐξεργαξὼμεθα

341 2545 524 2612 λόγον.
557 2541 746 2604 Οὐδεὶς
778 2540 1082 2611 ἀπόϐλητος
1129 2539 1208 2609 τῷ
1238 2538 1558 2610 δημιουργῷ
1582 2556 1598 2572 ο
1644 2541 1821 2601 οὐδεὶς
1854 2541 1914 2591 ἐν

344 2634 487 2709 λήθῃ
514 2635 607 2689 τοῦ
643 2633 997 2705 προνοοῦντος
1030 2635 1250 2688 πάντων
1274 2635 1403 2704 ἐεῆς
1424 2650 1437 2666 ⁸
1469 2635 1645 2697 οὐδεὶς
1676 2636 1732 2685 ἐν
1763 2636 1912 2703 μίσει

330 2728 443 2789 ,τοῦ
495 2726 761 2789 ἀπαθοῦς,
791 2726 893 2778 οὐκ
947 2726 1004 2777 ἐν
1052 2724 1283 2794 ἀμελείᾳ
1325 2724 1456 2789 τινὶ,
1487 2726 1586 2777 οὐκ
1644 2726 1701 2777 ἐν
1739 2725 1915 2777 οὐδενὶ

346 2818 461 2871 τῶν
486 2817 766 2871 τοιούτων.
800 2818 913 2880 Πᾶς
946 2819 1003 2871 ἐν
1034 2816 1274 2889 φροντίδι
1310 2816 1406 2869 τοῦ
1429 2817 1732 2887 κηδεμόνος
1752 2833 1765 2846 ·
1804 2816 1915 2878 πᾶς

348 2909 408 2959 ἐν
437 2910 621 2979 ἀγάπῃ
647 2908 744 2963 τοῦ
772 2905 915 2962 τοῦτ’
942 2909 1074 2962 αὑτὴ
1101 2907 1440 2978 καλουμένου
1465 2924 1479 2941 θ
1513 2908 1917 2978 εὐπρόσδεκτος

352 3000 458 3061 πᾶς
484 2998 754 3063 ὁστισοῦν,
793 2998 1195 3071 μεταμεληθείς
1231 3015 1362 3051 ποτε
1399 2997 1506 3049 τῶν
1531 2996 1740 3051 κακῶν.
1769 2997 1831 3049 Ei
1861 2996 1918 3049 δὲ

353 3092 601 3153 καὶτοὺς
647 3091 856 3155 πάντας
887 3093 1207 3160 παρήνεγκέ
1236 3108 1320 3153 τις
1352 3090 1442 3143 ἐπὶ
1476 3090 1689 3151 κακοῖς.
1720 3091 1814 3142 τὸν
1849 3089 1915 3159 δὴ

352 3184 592 3237 τοιοῦτον
644 3184 869 3247 είκότως
928 3183 1209 3254 χρησίμην
1244 3181 1375 3253 ὓλην
1422 3182 1567 3235 εἴποι
1615 3199 1699 3244 τις
1727 3180 1793 3235 ἂν
1820 3196 1918 3248 γε-

355 3275 620 3346 γενῆσθαι
647 3279 715 3347 τῇ
746 3274 841 3328 τοῦ
870 3274 1006 3328 Θεοῦ
1046 3274 1376 3345 χρηστότητι
1415 3276 1507 3327 καὶ
1540 3273 1921 3344 φιλανθρωπίᾳ

355 3366 490 3434 πρὸς
543 3367 741 3436 ἑαυτῆς
797 3365 1079 3431 ἐπίδειξιν.
1127 3365 1283 3420 Οὕτω
1328 3367 1421 3419 καὶ
1467 3365 1655 3428 παῖδες
1696 3365 1917 3434 ίατρῶν,

358 3457 452 3507 καὶ
498 3457 700 3516 πάντες
727 3452 809 3517 οἷς
840 3457 1139 3526 ἐπιστήμη,
1166 3458 1396 3525 δυνάμει
1434 3459 1533 3528 μὲν
1579 3456 1773 3526 ἀγαθοί
1803 3476 1818 3488 ·
1855 3458 1923 3528 ἣν

360 3545 416 3597 δέ
447 3545 540 3596 καὶ
571 3546 605 3615 ἡ
629 3545 730 3615 ὕλη
771 3549 946 3618 παρῇ,
978 3547 1100 3599 τότε
1153 3548 1340 3600 λοιπὸν
1394 3549 1488 3601 καὶ
1540 3546 1793 3619 ἐνεργείᾳ
1822 3546 1924 3617 τὴν

363 3635 675 3705 ἐπιστήμην
728 3638 1070 3703 δεικνύντες,
1116 3639 1262 3693 τοῦθ’
1313 3640 1449 3709 ὅπερ
1495 3641 1656 3704 εἰσὶν,
1725 3638 1924 3706 ἀγαθοὶ

2109 2357 2363 2412 Sedcnim
2399 2371 2519 2420 nos,
2552 2371 2585 2410 ο
2620 2356 2966 2417 cbarissime,
3001 2355 3254 2409 erunibus
3288 2355 3592 2422 imjusmodi

2021 2450 2408 2519 valerejussis,
2445 2447 2746 2503 orationem
2773 2449 3073 2501 institutam
3099 2448 3464 2517 perficiamus.
3492 2447 3597 2501 Ne-

2023 2543 2221 2595 minem
2256 2555 2435 2593 rerum
2460 2539 2636 2609 opifex
2675 2539 2765 2593 ille
2798 2540 2992 2607 rejicit,
3028 2539 3264 2592 neminis
3311 2540 3591 2593 oblivisci-

2026 2640 2113 2686 tur
2147 2632 2237 2700 qui
2272 2632 2525 2686 omnihus
2560 2630 2820 2699 prospicit
2849 2646 2862 2693 ;
2891 2644 3051 2683 nemo
3093 2644 3293 2683 exosus
3318 2639 3399 2683 est
3426 2632 3595 2684 animi

2024 2724 2496 2793 perturbationum
2534 2723 2769 2791 experti,
2805 2737 2905 2775 nec
2935 2724 3002 2774 ab
3032 2737 3098 2776 eo
3144 2723 3457 2793 negligitur,
3492 2738 3595 2779 nec

2024 2815 2168 2869 aliud
2203 2814 2327 2883 quid
2366 2814 2626 2883 ejusmodi
2652 2814 2965 2883 experitur:
3001 2829 3160 2869 nemo
3187 2831 3291 2868 non
3317 2815 3435 2883 ejus
3466 2828 3595 2868 cura

2026 2911 2355 2976 continetur,
2388 2909 2477 2976 qui
2507 2924 2691 2963 curam
2744 2909 2993 2972 omnium
3052 2908 3215 2977 gerit,
3275 2924 3432 2965 nemo
3490 2926 3594 2963 non

2026 3003 2144 3074 ejus
2175 3002 2463 3056 dilectione
2494 3000 2828 3064 continetur,
2860 3001 2949 3069 qui
3002 3002 3102 3056 hoc
3158 3003 3332 3069 ipsum
3396 3017 3592 3056 nomen

2027 3093 2211 3147 habet.
2256 3091 2622 3160 Acceptabilis
2674 3090 2753 3144 illi
2805 3091 3006 3159 quivis,
3041 3105 3067 3145 a
3100 3092 3244 3147 vitiis
3302 3093 3598 3160 aliquando

2026 3186 2117 3254 qui
2148 3184 2461 3253 resipuerit.
2490 3181 2643 3248 Quod
2674 3182 2720 3236 si
2754 3183 2877 3250 quis
2911 3197 3103 3237 omnes
3131 3184 3294 3239 etiam
3329 3184 3475 3238 vitiis
3506 3200 3599 3239 su-

2028 3277 2254 3347 perarit,
2281 3290 2401 3331 eum
2431 3288 2536 3327 non
2561 3276 2627 3327 ab
2661 3288 2718 3327 re
2742 3271 2940 3326 factum
2974 3274 3097 3343 quis
3126 3275 3327 3329 dixerit
3351 3276 3597 3332 idoneam

2031 3367 2311 3424 materiam
2347 3366 2572 3422 bonitati
2609 3366 3021 3432 clementiaeque
3057 3366 3281 3424 divinze.
3310 3376 3367 3421 ut
3404 3369 3454 3422 in
3530 3384 3596 3422 eo

2030 3474 2149 3515 sese
2184 3459 2443 3513 declaret.
2481 3456 2571 3512 Sic
2605 3458 2769 3512 etiam
2809 3458 3029 3521 medici,
3057 3466 3110 3511 et
3143 3474 3334 3511 omnes
3367 3459 3596 3513 scientia

2031 3549 2261 3619 praediti,
2294 3549 2419 3603 boni
2456 3548 2672 3618 quidem
2697 3562 2815 3602 esse
2834 3559 3084 3617 possunt,
3114 3564 3302 3601 verum
3333 3548 3378 3603 si
3410 3559 3464 3603 et
3490 3567 3603 3602 ma-

2019 3641 2199 3695 ‘teries
2226 3640 2388 3704 adsit,
2422 3650 2543 3693 actu
2568 3654 2784 3708 quoque
2811 3640 3097 3694 scientiam
3146 3642 3473 3713 probantes,
3549 3642 3600 3693 id

360 3725 496 3777 πᾶσι
520 3724 805 3792 φαίνονται
828 3740 845 3757 '
878 3727 973 3779 καὶ
996 3727 1030 3796 ἡ
1061 3725 1337 3797 ὑπερϐολὴ
1369 3706 1461 3779 τοῦ
1496 3727 1772 3795 Θαύματος
1796 3725 1923 3794 παρ’

2032 3730 2173 3800 quod
2205 3738 2349 3793 sunt,
2390 3730 2644 3782 omnibus
2676 3744 2800 3783 esse
2837 3730 2958 3783 boni
2984 3710 3257 3783 videntur.
3291 3730 3355 3782 Et
3416 3729 3602 3783 admi-

360 3816 565 3881 αὐτοῖς,
605 3815 656 3870 οἲ
684 3815 1023 3886 διορθοῦνται
1052 3819 1110 3871 τὸ
1138 3818 1542 3888 χαλεπώτερον.
1573 3816 1734 3869 Τοῦτ’
1770 3816 1859 3886 ἄρ’
1895 3817 1927 3884 ἡ

364 3906 572 3976 μείζων
599 3902 859 3972 ἐπίδειξις
889 3907 991 3975 τῆς
1020 3908 1339 3962 ἀνεικὰστου
1390 3909 1834 3976 φιλανθρωπίας,
1869 3907 1930 3958 τὸ

358 4000 453 4052 τὸν
497 3998 692 4062 σκεῦος
737 3998 1153 4070 χρηματίσαντα
1200 4000 1299 4068 τῆς
1344 3997 1439 4051 τοῦ
1495 3998 1631 4050 Θεοῦ
1682 4001 1926 4068 χάριτος,

361 4088 482 4144 εἶτα
534 4093 725 4154 σκεῦος
770 4093 1035 4160 γεγονότα
1083 4093 1181 4162 τῆς
1230 4091 1515 4160 ἐνεργείας
1548 4090 1642 4143 τοῦ
1690 4090 1932 4161 πονηροῦ

360 4183 449 4238 διὰ
492 4184 759 4252 κακίστην
800 4183 1142 4252 προαίρεσιν,
1177 4183 1345 4249 ἄγγος
1401 4182 1610 4251 πλῆρες
1657 4181 1934 4244 ἀναδεῖξαι

362 4275 462 4339 τῆς
490 4272 899 4345 φιλανθρωπίας
926 4274 1166 4343 ἐκείνης,
1193 4268 1260 4335 ἧς
1294 4274 1324 4341 ἡ
1361 4271 1497 4340 πρὸς
1522 4272 1737 4335 πάντας
1767 4271 1934 4341 ἔκχυ-

365 4364 602 4434 σις,τὴν
655 4364 899 4418 ὠκεανοῦ
937 4364 1300 4433 παρατρέχει,
1358 4365 1481 4435 ὅσον
1532 4366 1628 4433 οὔχ
1677 4363 1770 4435 ἥδε
1823 4381 1937 4433 χει-

295 4509 300 4513 ,
367 4433 634 4526 μάρρους.
661 4452 969 4525 Τολμήσειε
1013 4454 1057 4506 δ’
1095 4455 1162 4507 ἄν
1203 4470 1306 4516 τις,
1331 4433 1507 4521 οἴμἀι,
1537 4433 1725 4507 τοῦτον
1761 4454 1937 4505 εἰπεῖν

363 4549 461 4601 καὶ
489 4548 717 4618 ἐκλογῆς
748 4542 886 4600 εἶναι
916 4547 1128 4609 σκεῦος,
1165 4546 1348 4609 καλῶς
1374 4562 1437 4614 γε
1468 4545 1798 4600 διαστέλλων
1829 4544 1937 4600 ἀπὸ

298 4688 311 4701 ,
366 4637 465 4694 τοῦ
502 4639 749 4693 Παύλου.
791 4638 1032 4700 Ἐκεῖνο-ς
1084 4639 1183 4706 μὲν
1233 4637 1342 4705 γὰρ
1400 4636 1557 4689 τοῦτο
1604 4634 1833 4708 ἐκλήθη.
1871 4635 1939 4690 δι’

365 4730 437 4801 ἢν
471 4730 684 4794 ἐδέξατο
709 4730 868 4799 χάριν
902 4729 1040 4793 ὑπὲρ
1076 4727 1172 4781 τοῦ
1217 4730 1315 4798 τῆς
1363 4728 1599 4790 πίστεως
1643 4729 1940 4799 κηρύγμα-

364 4837 502 4884 τος·
561 4820 670 4875 Τοῦ
725 4820 833 4888 γὰρ
879 4817 1213 4882 βαστάσαι,
1252 4819 1407 4888 φησὶ,
1443 4820 1510 4872 τὸ
1573 4819 1761 4888 ὄνομά
1814 4837 1937 4887 μου

366 4911 621 4966 ἐνώπιον
665 4909 875 4975 ἐθνῶν,
908 4910 1005 4963 καὶ
1025 4909 1360 4973 βασιλέων,
1388 4908 1532 4962 υἱῶν
1567 4925 1633 4962 τε
1675 4910 1940 4977 Ἰσραήλ·

2038 3823 2302 3876 rationem
2338 3820 2411 3873 iiii
2447 3820 2600 3888 longe
2632 3822 2929 3873 maximam
2964 3830 3266 3884 merentur,
3333 3824 3423 3890 qui
3461 3823 3603 3876 dim-

2036 3913 2196 3967 cilius
2230 3911 2433 3980 aliquid
2468 3910 2682 3979 egregie
2708 3911 3017 3977 perficiunt.
3081 3913 3255 3981 Atque
3304 3914 3416 3969 haec
3473 3932 3605 3969 sane

2038 4003 2272 4055 maxima
2324 3999 2619 4054 deciaratio
2678 4002 3075 4055 inaestimabilis
3130 4016 3216 4058 est
3265 4014 3321 4060 et
3380 4008 3607 4065 inﬁnita:

2037 4090 2182 4146 illius
2207 4091 2529 4153 clementia},
2562 4090 2703 4159 quod
2729 4105 2876 4157 eutu,
2905 4094 2997 4160 qui
3036 4094 3231 4150 divina:
3264 4097 3600 4152 instrumen-

2040 4191 2150 4235 tum
2180 4196 2303 4236 esse
2338 4181 2567 4235 debebat
2594 4182 2803 4248 gratim,
2846 4191 3141 4252 posteaque
3180 4186 3605 4243 instrumeuanm

2038 4275 2374 4331 eiiicaeitatis
2407 4276 2629 4346 maligni
2670 4277 2815 4330 illius
2850 4278 3101 4332 instituto
3126 4283 3367 4347 pessimo
3433 4283 3610 4339 factus

2040 4379 2141 4434 est,
2167 4384 2263 4424 vas
2292 4369 2503 4437 plenum
2530 4370 2647 4439 ejus
2682 4370 2985 4425 clementia:
3024 4372 3285 4437 declarat,
3348 4376 3504 4444 cujus
3557 4378 3610 4429 in

2040 4473 2237 4513 omnes
2269 4457 2460 4512 effusio
2489 4459 2691 4526 majore
2724 4460 2890 4515 vincit
2925 4463 3083 4531 copia
3154 4466 3355 4519 ﬂuxum
3411 4447 3605 4522 oceani

2040 4563 2202 4617 quam
2243 4546 2403 4626 hujus
2444 4548 2601 4602 undae
2633 4558 2904 4605 torrentes
2952 4564 3233 4620 superant.
3298 4556 3361 4608 Et
3391 4558 3607 4625 quidem

2042 4634 2352 4707 hujusmodi
2376 4638 2646 4692 hominem
2675 4649 2823 4695 recte
2843 4643 2989 4710 quis,
3011 4643 3227 4710 opinor,
3260 4646 3405 4699 ausit
3433 4649 3615 4703 dioere

2045 4744 2138 4783 vas
2168 4730 2331 4783 etiam
2374 4729 2660 4785 electionis
2689 4748 2836 4795 esse,
2893 4735 2939 4789 si
2999 4750 3121 4790 eum
3157 4752 3188 4791 a
3240 4735 3412 4795 Paulo
3466 4751 3616 4797 recte

2043 4820 2369 4889 distinguat.
2405 4818 2605 4876 Paulus
2628 4823 2771 4877 enim
2825 4824 2925 4879 hoc
2990 4829 3209 4883 nomine
3256 4843 3479 4886 vocatus
3530 4847 3609 4889 est

2044 4914 2115 4969 ob
2147 4928 2263 4967 eam
2296 4913 2526 4979 gratiam
2548 4929 2707 4982 quam
2738 4918 3093 4983 praedicanda:
3120 4936 3281 4976 causa
3315 4926 3435 4979 ﬁdei
3456 4942 3616 4982 acce-

369 4995 529 5063 οῦτος
558 5001 612 5054 δέ
646 5000 744 5072 τὴν
790 5000 985 5066 κλῆσιν
1029 4997 1235 5069 ταύτην
1265 4996 1469 5060 δίκαιος
1506 4998 1573 5052 ἂν
1617 4998 1705 5067 εἴη
1738 4998 1923 5069 κληθῆ·

2044 5011 2219 5072 perat.
2251 5002 2316 5058 Ut
2351 5012 2541 5072 gestes,
2587 5004 2763 5073 inquit
2810 5007 2968 5071 Deus,
3016 5026 3201 5066 nomen
3233 5029 3405 5068 meum
3435 5033 3613 5072 coram

368 5110 486 5156 ναι,
514 5092 595 5154 ὡς
648 5091 877 5162 μηδενὸς
923 5092 1073 5152 ὄντος
1120 5091 1306 5159 ἐτέρου
1359 5090 1798 5159 ἐπιτηδειοτέραν
1850 5091 1940 5142 τὸν

371 5183 525 5237 ἔλεον
552 5181 807 5249 δέξασθαι
836 5181 928 5234 τοῦ
953 5181 1109 5234 Θεοῦ.
1136 5182 1345 5234 Πολλὰ
1368 5180 1487 5249 μὲν
1512 5181 1620 5251 γὰρ
1645 5182 1714 5234 τὰ
1747 5164 1939 5249 σκεύη

371 5272 559 5342 ἐν’τῇ
591 5272 824 5342 μεγάλῃ
864 5273 1043 5338 οἰκίᾳ,
1082 5270 1215 5340 φησὶ
1244 5270 1302 5322 τὸ
1334 5271 1525 5333 σκεῦος
1558 5271 1654 5340 τῆς
1684 5271 1937 5342 ἐκλογῆς,

375 5369 451 5422 οὐ
497 5364 694 5420 πάντα
742 5364 810 5417 δὲ
863 5363 1014 5431 πρὸς
1063 5363 1178 5430 τὴν
1209 5360 1424 5427 αὐτὴν,
1475 5362 1615 5416 ἀλλ’
1659 5363 1831 5431 ἔτει.ηά
1875 5381 1941 5433 γε

379 5460 532 5529 πρὸς
586 5460 779 5525 ἄλλας
833 5457 1036 5527 χρείας
1095 5455 1429 5525 ἡτοίμαστό
1482 5472 1546 5509 τε
1612 5456 1711 5509 καὶ
1763 5476 1939 5512 κατε-

379 5554 705 5606 σκεύαστο.
738 5550 846 5604 Καὶ
886 5551 1020 5617 πρὸς
1063 5548 1161 5618 μὲν
1195 5547 1366 5618 μύρου
1416 5546 1578 5619 δοχὴν
1623 5548 1942 5619 ἀλάϐαστρά

369 5647 438 5699 ’τε
465 5645 558 5696 καὶ
584 5644 652 5696 τὰ
694 5642 939 5707 τοιαῦτα,
974 5640 1063 5694 καὶ
1094 5642 1154 5694 ἐκ
1204 5641 1432 5692 τουτωνὶ
1479 5640 1592 5692 τῶν
1632 5644 1939 5711 περιμαχὴ.

455 5761 474 5793 ⁸
500 5759 544 5814 ιι
574 5757 713 5815 Titu.
748 5774 807 5829 tt,
831 5759 922 5815 20.

2045 5097 2310 5165 gentibus,
2336 5105 2385 5149 et
2415 5098 2644 5164 regibus,
2675 5108 2722 5151 et
2749 5099 2876 5165 ﬁliis
2929 5099 3174 5158 Isi-actis.
3212 5105 3315 5161 Hic
3383 5125 3503 5164 vero
3524 5127 3618 5178 ap-

2045 5187 2384 5255 pellationem
2403 5187 2538 5239 hanc
2566 5190 2748 5243 merito
2768 5195 3104 5262 consequitur
3128 5237 3143 5262 ,
3166 5213 3284 5251 cum
3340 5217 3491 5254 nemo
3550 5203 3617 5254 sit

2051 5281 2187 5333 alius
2219 5280 2387 5348 magis
2424 5279 2638 5334 idoneus
2672 5282 2740 5334 ad
2767 5285 3128 5353 excipiendam
3185 5289 3283 5345 Dei
3315 5293 3618 5345 misericor-

2048 5373 2214 5425 diam.
2248 5376 2388 5424 Nam
2412 5388 2539 5425 vasa
2562 5375 2771 5441 quidem
2811 5376 2978 5430 multa
3011 5391 3133 5434 sunt
3153 5384 3208 5435 in
3236 5384 3413 5452 ampla
3438 5384 3615 5440 domo.

2051 5462 2226 5531 ivquit
2244 5477 2335 5515 vas
2358 5461 2488 5516 illud
2506 5462 2813 5535 electionis,
2829 5484 2930 5521 non
2948 5474 3125 5525 omnia
3141 5489 3257 5526 vero
3276 5475 3346 5526 ad
3360 5472 3619 5536 eumdem,

2049 5555 2235 5621 παρά
2264 5553 2396 5607 alios
2428 5572 2555 5608 usus
2591 5558 2700 5612 alia
2757 5571 2950 5628 parata
2984 5575 3109 5618 sunt
3135 5554 3292 5633 alqué
3327 5563 3617 5630 confecla‘.

2051 5645 2316 5717 Unguenti
2350 5660 2447 5716 pro
2477 5654 2845 5721 receptaculo,
2882 5655 3184 5721 alabastra,
3220 5665 3274 5710 et
3301 5655 3464 5725 hujus
3516 5668 3610 5724 ge.-
