4098 6272
422 392 441 427 1

521 322 629 389 515

1676 310 2072 378 MANUELIS
2112 308 2559 376 PALAZOLOGI

3650 311 3751 382 516

520 441 666 495 neris
689 439 814 504 alia,
840 438 1017 502 deque
1049 434 1280 489 metallis
1310 431 1530 488 eximiis
1581 432 1688 486 alia
1719 431 1861 485 facta
1908 448 1922 484 :
1961 445 2088 483 rur--

2202 450 2300 485 των
2334 431 2613 500 μετάλλων
2638 430 2829 501 ἕτερον
2866 432 2999 501 πρὸς
3045 434 3099 486 δὲ
3148 433 3245 494 τὰς
3281 432 3468 502 χρείας
3517 433 3620 495 τὰς
3664 452 3759 484 κα-

521 548 615 596 Sil};
650 534 713 585 ad
757 546 888 585 usus
912 528 1223 591 inferiores,
1249 541 1373 580 vasa
1409 525 1515 579 illis
1539 525 1673 593 ipsis
1702 521 2081 592 congruentia.

523 625 657 677 Sunt
685 632 866 673 autent
893 628 946 675 et
980 619 1083 671 alia
1127 634 1250 672 vasa
1284 618 1531 687 quaedam
1589 614 1654 668 ad
1715 613 2088 682 ignominiam,

522 717 690 769 nihilo
719 713 946 765 materie
1005 709 1259 765 inferiora
1321 708 1658 778 dignioribus
1728 706 1858 759 illis.
1918 706 2092 773 Atque

521 806 634 858 bare
665 803 846 855 omnia
882 802 1017 855 ﬁunt
1049 799 1194 855 illius
1224 802 1371 870 justo
1402 800 1633 869 judicio,
1686 800 1775 865 qui
1815 782 2094 863 vasa‘pns-

523 894 679 947 sidet.
713 892 777 945 Et
807 894 878 946 sit
912 906 1045 946 sane
1075 892 1156 943 vir
1185 891 1377 953 bonus,
1433 890 1636 943 electus
1662 904 1690 941 a
1746 887 1875 951 Deo,
1935 885 2089 956 quasi

524 986 822 1054 pretiosum
852 978 1122 1051 quoddam
1167 998 1286 1045 vas,
1341 983 1406 1035 ad
1464 976 1842 1049 excipiendam
1916 981 2089 1047 ipsius

523 1078 778 1147 gratiam.
813 1075 917 1142 Qui
946 1091 1073 1128 vero
1106 1075 1278 1127 malus
1304 1066 1477 1127 factus
1510 1072 1616 1136 est,
1650 1088 1711 1126 ac
1741 1066 1936 1125 deinde
1997 1086 2093 1138 per

524 1169 955 1237 resipiscentiam
987 1182 1050 1221 eo
1080 1180 1329 1220 reversus
1363 1180 1469 1234 quo
1503 1158 1767 1227 debebat,
1806 1163 1928 1216 aliis
1973 1176 2091 1213 om-

523 1261 683 1311 nibus
708 1268 790 1312 est
814 1260 1070 1325 capacior
1099 1248 1240 1310 illius
1305 1256 1711 1319 misericordiae,
1767 1268 1885 1322 qum
1916 1266 1944 1304 a
1985 1252 2093 1305 cle-

526 1351 725 1403 mentia
754 1349 1018 1417 provenit.
1052 1346 1415 1418 lgnominiosa
1448 1347 1678 1415 denique
1707 1360 1833 1399 vasa
1866 1335 2091 1408 fuerint,

525 1443 738 1508 opinor,
776 1441 853 1495 illi
886 1440 975 1509 qui
1032 1449 1086 1494 et
1141 1439 1305 1493 vitam
1339 1439 1392 1492 in
1454 1438 1777 1491 inﬁdelitate
1828 1437 2093 1503 malisque

526 1531 869 1599 dogmatibus
893 1516 1207 1598 exegerunt,
1241 1538 1294 1583 et
1329 1528 1535 1597 quibus
1568 1543 1731 1581 unum
1769 1527 1872 1580 boc
1905 1540 2096 1593 perpe-

526 1631 617 1675 tuo
649 1619 799 1674 cordi
832 1630 970 1678 erat,
995 1630 1049 1672 ut
1100 1619 1296 1672 vitiose
1335 1620 1594 1682 viverent,
1655 1631 1761 1669 non
1796 1615 1986 1678 etiam,
2034 1623 2093 1667 ut

524 1712 932 1778 resipiscerent,
968 1710 1184 1777 quando
1213 1707 1305 1775 qui
1342 1707 1575 1777 pessima
1613 1714 1964 1775 peregerunt,
2029 1718 2092 1757 ae

2192 526 2418 591 τωτέρω
2463 527 2534 579 τὰ
2576 526 2832 579 ταυταισὶ
2884 527 3197 592 κατάλληλά
3239 542 3298 580 τε
3344 526 3438 578 καὶ
3488 522 3762 594 συμϐησόσ

2196 634 2351 685 μενα.
2393 617 2547 671 Ἔστι
2586 618 2643 671 δὲ
2677 618 2770 671 καὶ
2799 617 2932 671 ἄλλα
2970 617 3139 685 σκεύη
3170 617 3309 683 πρὸς
3339 616 3585 685 ἀτιμίαν,
3612 616 3762 669 οὐδὲν

2193 708 2334 760 κατὰ
2372 708 2473 777 τήν
2526 707 2661 774 ὕλην
2712 709 2919 762 ἐλάττω
2969 708 3076 761 τῶν
3119 708 3466 776 τιμιωτέρων
3519 708 3761 761 ἐκείνων.

2193 798 2305 852 Καὶ
2335 800 2505 852 ταῦτα
2539 798 2746 865 γίνεται
2781 798 2978 858 πάντα.
3012 798 3183 866 κρίσει
3209 798 3397 867 δικαίᾳ
3439 797 3532 851 τοῦ
3567 814 3765 864 κεκτη-

2198 889 2358 956 μένου
2384 888 2453 941 τά
2486 888 2680 957 σκεύη.
2721 889 2819 955 Εἴη
2852 889 2895 940 δ’
2922 888 2986 941 ἂν
3013 891 3040 941 6
3079 888 3178 955 μὲν
3203 889 3405 954 ἀγαθὸς
3440 888 3581 956 ἀνὴρ
3609 889 3763 941 ἐκλεο

2193 979 2457 1048 λεγμὲνος
2505 979 2582 1048 τῷ
2612 980 2751 1049 Θεῷ,
2789 980 2979 1049 ὥσπερ
3009 997 3060 1031 τι
3094 979 3287 1041 σκεῦος
3322 980 3502 1047 τίμιον
3534 980 3671 1048 πρὸς
3703 981 3765 1032 τὸ

2194 1072 2292 1139 τὴν
2320 1058 2483 1124 αὑτοῦ
2519 1072 2680 1141 χάριν
2729 1071 3019 1136 δέξασθαι·
3053 1073 3081 1124 6
3115 1071 3174 1123 δὲ
3229 1071 3401 1133 κακὸς
3443 1072 3763 1139 γενόμενος,

2186 1156 2297 1215 εἶτ’
2352 1161 2665 1215 ἐπανελθὼν
2716 1163 2804 1214 διὰ
2865 1162 3148 1231 μετανοίας
3197 1163 3282 1227 ἐφ’
3312 1164 3447 1230 ὅπερ
3496 1161 3624 1224 ἔδει,
3658 1160 3767 1214 τῶν

2194 1252 2367 1308 ἄλλων
2390 1254 2607 1306 πάντων
2633 1253 2985 1323 χωρητικώτε
2994 1270 3087 1323 ρος
3110 1253 3203 1306 τοῦ
3226 1254 3325 1320 τῆς
3349 1253 3767 1322 φιλανθρωπίας

2201 1339 2404 1408 ἐλέους.
2463 1344 2546 1397 Τὰ
2598 1345 2654 1397 δὲ
2697 1345 2998 1414 ἀτιμότερα
3058 1347 3226 1413 σκεύη
3287 1339 3398 1397 εἷεν
3448 1345 3533 1409 ἂν,
3587 1340 3763 1410 οἶμαι,

2196 1435 2417 1501 ἐκεῖνοι,
2455 1437 2507 1489 οἶ
2555 1454 2614 1490 τε
2660 1436 2753 1489 τὸν
2800 1437 2912 1505 βίον
2967 1436 3229 1504 διήνυσαν
3281 1438 3339 1489 ὲν
3394 1436 3622 1505 ἀπιστία
3672 1437 3768 1488 καὶ

2194 1528 2463 1598 δόγμασιν
2507 1529 2566 1580 οὐ
2624 1528 2832 1590 καλοῖς,
2866 1527 2959 1579 καλ⁵
2988 1523 3069 1589 οἷς
3114 1527 3176 1579 τὸ
3210 1525 3308 1596 ζῇν
3342 1529 3399 1579 ἓν
3432 1529 3544 1589 τοῖς
3574 1530 3767 1591 κακοῖς

2142 1680 2145 1685 Α
2196 1620 2357 1689 ἔργον
2387 1617 2456 1689 ἦν
2504 1621 2782 1687 διηνεκὲς,
2828 1618 2890 1672 τὸ
2922 1619 2979 1672 δὲ
3012 1618 3455 1688 μεταμεληθῆναι
3510 1616 3609 1672 οὐκ
3641 1618 3720 1671 ἔτι
3747 1636 3764 1651 ο

2195 1715 2269 1777 ὡς
2317 1718 2366 1768 οἱ
2410 1716 2479 1767 τὰ
2519 1714 2765 1784 χείριστα
2802 1712 2902 1782 μὲν
2939 1712 3395 1780 διαπραξάμενοι,
3426 1706 3545 1763 εἶτα
3592 1729 3763 1779 μετα-

527 1797 723 1855 deinde
740 1816 861 1854 cum
881 1800 1198 1868 poenitentia
1218 1799 1284 1853 de
1302 1800 1402 1852 hac
1421 1798 1879 1873 vitamigrarunt,
1901 1809 2005 1849 non
2038 1791 2090 1848 in

2202 1806 2314 1876 νοίᾳ
2344 1804 2790 1867 συναπελθόντες,
2817 1803 2917 1855 οὐκ
2956 1804 3014 1855 ὲν
3045 1802 3241 1871 ἀτιμίᾳ
3273 1802 3423 1871 παρὰ
3456 1801 3596 1871 Θεῷ,
3627 1803 3765 1855 ἀλλὰ

526 1892 818 1959 ignominia
836 1901 961 1946 sunt
976 1889 1115 1959 apud
1139 1890 1323 1955 Deum,
1344 1889 1434 1943 sed
1459 1888 1692 1942 maxime
1712 1887 1877 1941 etiam
1895 1883 2091 1953 pretio,

526 1992 580 2034 ut
604 1984 967 2048 appareat,ait
1006 1983 1222 2045 Paulus,
1253 1978 1632 2048 principatibus
1671 1988 1827 2047 atque
1859 1985 2095 2045 potesta-

528 2074 666 2130 tibus
700 2076 1062 2145 multipliciter
1088 2074 1235 2127 varia
1277 2073 1368 2126 Dei
1404 2072 1725 2139 sapientia'.
1768 2070 1832 2123 Et
1870 2068 2089 2135 adjecis.

528 2178 609 2223 set
626 2169 847 2221 omnino
864 2167 1204 2220 clementiam
1225 2180 1460 2234 quoque,
1477 2165 1520 2218 si
1535 2165 1731 2232 opusid
1748 2160 1891 2215 facto
1906 2160 2096 2215 fuisset

598 2259 772 2327 Atque
819 2260 931 2311 lizee
981 2256 1198 2324 quidem
1264 2254 1316 2308 in
1372 2255 1515 2307 hunc
1571 2254 1787 2306 modum
1846 2250 2095 2320 exposita

526 2364 710 2404 sunto.
739 2348 907 2402 Nobis
935 2359 1113 2401 autem
1146 2361 1277 2402 sane
1304 2358 1550 2415 preestat,
1610 2345 1834 2399 alterius
1890 2336 2094 2397 lustra-

532 2443 695 2495 tionis
749 2458 852 2493 non
906 2455 1088 2508 egere,
1138 2439 1231 2494 sed
1281 2440 1420 2492 intra
1476 2436 1708 2505 primaut
1765 2434 2098 2489 consistere.

529 2530 996 2597 Quemadmodum
1025 2531 1323 2597 GregOrius
1351 2528 1436 2582 ille
1469 2520 1776 2595 Theologus
1808 2526 1906 2588 ait,
1926 2539 2097 2594 quani

528 2627 600 2678 do
631 2632 685 2678 et
713 2632 973 2690 perpetuo
1004 2634 1165 2674 sanos
1197 2633 1415 2671 manere
1444 2626 1686 2683 prmstat,
1711 2631 1873 2685 quam
1907 2612 2100 2668 morbo

512 2720 806 2784 correptos
836 2712 1043 2767 sanari.
1083 2712 1212 2764 Nam
1240 2718 1294 2763 et
1330 2711 1430 2764 hoc
1465 2710 1619 2761 Valde
1645 2707 1843 2760 malum
1875 2716 1981 2772 est,
2040 2716 2098 2760 ut

533 2809 672 2863 idem
714 2806 802 2860 ille
840 2801 1238 2873 pronuntiavit,
1272 2817 1369 2870 pro
1399 2808 1622 2868 peccato
1657 2792 2098 2853 emendationem

530 2896 796 2951 remetiri.
832 2881 1123 2947 Enimvero
1186 2891 1412 2945 fervidis
1447 2905 1584 2959 opus
1611 2897 1693 2943 est
1738 2888 2015 2957 lacrymis,
2046 2893 2101 2940 et

535 2989 662 3043 totis
703 2986 1018 3042 enitendum
1074 2983 1306 3043 viribus,
1379 2992 1437 3035 ut
1485 2982 1707 3035 morbus
1782 2979 2100 3035 vitiositatis

532 3090 763 3134 exuatur
797 3095 812 3131 :
847 3092 968 3130 cum
999 3078 1269 3129 incertum
1292 3075 1513 3128 omnino
1539 3075 1607 3127 sit
1645 3089 1712 3126 an
1755 3072 1877 3126 linis
1905 3085 2096 3147 emen-

2197 1898 2289 1950 καὶ
2321 1898 2379 1948 ἐν
2426 1896 2586 1968 χρείᾳ
2635 1895 2868 1965 μεγίστῃ
2895 1912 2910 1926 ·
2961 1892 3086 1948 Ἵνα
3136 1892 3319 1962 φανῇ,
3352 1892 3484 1961 φησι
3527 1893 3763 1954 Παῦλος,

2196 1986 2324 2051 ταῖς
2349 1968 2562 2054 ἀρχαῖς
2608 1986 2707 2039 καὶ
2752 1985 2881 2049 ταῖς
2907 1984 3218 2049 ἐξουσίαις
3239 1984 3276 2052 ἡ
3324 1982 3765 2047 πολυποίκιλος

2198 2079 2383 2147 σοφία
2420 2077 2526 2131 τοῦ
2563 2077 2730 2131 Θεοῦ.
2754 2074 2889 2130 Eine
2932 2078 2976 2130 δ’
3006 2075 3071 2130 ἂν
3107 2076 3343 2137 πάντως,
3375 2074 3469 2127 καὶ
3500 2076 3533 2142 ή
3572 2076 3759 2140 φιλαν-

2200 2171 2226 2223 θ
2237 2171 2435 2241 ρωπία,
2471 2168 2672 2238 δεῆσαν
2700 2169 2893 2221 εἰπεῖν.

2269 2263 2379 2315 Καὶ
2434 2261 2606 2314 ταῦτα
2658 2261 2756 2330 μὲν
2804 2261 2969 2329 τῇδε’
3003 2260 3133 2329 ἡμῖν
3175 2246 3231 2311 δὲ
3273 2256 3381 2327 ἄρα
3426 2258 3633 2327 βέλτιον
3692 2258 3765 2328 μὴ

2199 2352 2462 2423 δευτέρας
2504 2352 2761 2421 δεηθῆναι
2796 2350 3140 2418 καθάρσεως,
3173 2349 3311 2402 ἀλλά
3366 2352 3558 2417 στῆναι
3602 2349 3755 2418 μέχρι

2199 2446 2299 2513 τῆς
2331 2445 2581 2515 πρώτης,
2613 2444 2755 2496 κατὰ
2801 2441 2901 2514 τήν
2929 2440 3023 2494 τοῦ
3055 2442 3320 2507 Θεολόγου
3355 2442 3561 2510 φωνήν.
3593 2441 3651 2492 Εἰ
3692 2439 3755 2508 δὴ

2201 2540 2423 2592 κάκεῖνο
2470 2536 2701 2607 βέλτιον,
2732 2535 2920 2604 μένειν
2948 2536 3005 2588 ἒν
3040 2534 3199 2603 ὑγεία
3227 2528 3517 2602 διηνεκῶς,
3548 2534 3581 2602 ἢ
3614 2532 3763 2598 ίαθῆ-

2200 2646 2289 2682 ναι
2331 2618 2689 2698 νοσήσαντας.
2727 2622 2834 2678 Καὶ
2867 2626 2978 2697 γὰρ
3028 2626 3253 2679 κάκεῖνο
3288 2626 3433 2678 πάνυ
3463 2624 3660 2689 δεινὸν,
3696 2625 3769 2687 ὼς

2199 2723 2227 2774 6
2256 2721 2418 2783 αὐτὸς
2445 2720 2787 2789 ἀπεφήνατο,
2806 2717 3157 2787 ἀντιμετρείν
3188 2718 3433 2788 ἁμαρτίᾳ
3457 2717 3770 2786 διόρθωσιν.

2200 2814 2292 2865 Δεῖ
2323 2811 2421 2881 μὲν
2453 2808 2547 2864 οὖν
2590 2811 2850 2878 δακρύειν
2883 2809 3122 2880 θερμῶς,
3155 2814 3248 2862 καὶ
3292 2810 3391 2880 τήν
3441 2813 3542 2879 τῆς
3574 2809 3772 2871 κακίας

2201 2903 2563 2971 ἀγωνίζεσθαι
2594 2900 2769 2966 νόσον,
2820 2902 2920 2970 ὅση
2951 2900 3205 2969 δύναμις,
3236 2900 3655 2955 ἀποδύσασθαιο
3699 2900 3771 2961 ὡς

2200 2992 2259 3048 δν
2309 3010 2371 3060 γε
2422 2988 2639 3055 πάντως
2664 2993 2880 3062 ἄδηλον,
2914 2994 2962 3044 εῑ
3015 2993 3170 3063 μενεῖ
3219 2993 3317 3063 τὴν
3365 2993 3669 3062 θεραπείαν
3712 2993 3772 3044 τὸ

2201 3087 2375 3149 τέλος.
2412 3087 2557 3154 Πλὴν
2589 3088 2646 3138 ὲν
2689 3084 2921 3152 ἀγαθαῖς
2953 3084 3133 3141 ἐλπίσι
3184 3085 3279 3136 καὶ
3324 3084 3375 3136 οἱ
3405 3083 3578 3137 δεινόν
3605 3102 3656 3136 τι
3689 3102 3770 3136 νο-

534 3174 804 3227 dati0nem
840 3174 913 3222 sit
940 3169 1171 3221 laturus.
1207 3166 1353 3221 Bona
1390 3177 1566 3220 tamen
1600 3166 1652 3218 in
1675 3179 1770 3232 spe
1795 3163 2098 3230 sint,etiatl

2211 3180 2453 3246 σοῦντες,
2501 3177 2701 3231 ὁπόσον
2761 3170 2963 3247 βούλει,
3020 3175 3139 3247 Θεῷ
3194 3170 3269 3243 τῷ
3330 3177 3550 3230 πάντων
3605 3177 3770 3247 ἰατρῷ

533 3265 623 3334 qni
684 3262 1034 3331 quantumvis
1081 3261 1233 3329 gravi
1298 3263 1528 3328 quodam
1595 3259 1785 3312 morbo
1827 3258 2097 3325 laborant,

534 3354 724 3423 scipsis
752 3355 804 3404 in
835 3350 1022 3413 Deum,
1055 3351 1144 3417 qui
1172 3349 1415 3401 omnium
1449 3348 1691 3401 medicus
1718 3357 1825 3413 est,
1859 3346 2098 3416 rejectis,

534 3455 587 3499 et
623 3445 781 3496 allata
817 3441 1119 3495 sanationis
1173 3440 1492 3505 cupiditate.
1541 3438 1719 3505 Atque
1773 3440 1887 3492 haec
1934 3438 2104 3491 conli-

535 3538 725 3589 denter
760 3534 866 3596 aio,
931 3531 1230 3599 resiiiciens
1275 3529 1345 3583 ad
1401 3528 1894 3598 inexsuperabilem
1955 3528 2100 3581 illam

536 3624 854 3687 bonitatem,
899 3624 966 3676 ad
995 3624 1110 3691 ejus
1140 3636 1269 3689 erga
1308 3636 1408 3676 nos
1440 3621 1811 3682 dilectionem.
1864 3634 1983 3688 qusi
2011 3633 2102 3673 su-

534 3731 632 3781 pra
668 3717 883 3769 ntodum
924 3727 979 3768 et
1032 3725 1287 3777 tuentem,
1317 3724 1368 3767 et
1427 3714 1717 3777 rationem,
1769 3721 1825 3765 et
1878 3726 2095 3765 omnem

534 3807 1169 3877 cogitatimtemstupore
1215 3803 1474 3873 complet,
1503 3805 1569 3858 ad
1625 3802 1821 3857 divinae
1868 3802 2104 3870 denique

535 3896 837 3951 voluntatis
888 3905 1051 3963 atque
1127 3903 1336 3947 naturae
1384 3894 1905 3947 imtnutabilitatem.
1966 3891 2099 3945 Nam

538 3988 651 4040 ﬁeri
688 3986 871 4055 nequit
903 3994 960 4037 ut
987 4000 1051 4038 ex
1098 3985 1202 4038 hoc
1236 3984 1289 4038 in
1353 3984 1484 4038 illud
1541 3984 1834 4037 immobilis
1896 3992 2106 4039 naturae

538 4086 776 4131 mutetur
802 4092 975 4143 amor,
1002 4087 1164 4145 utque
1208 4077 1325 4131 dua:
1360 4093 1446 4130 res
1485 4078 1733 4131 accidant
1759 4079 1890 4143 Deo,
1917 4078 2105 4145 paeni-

538 4170 704 4222 tentia
734 4180 787 4222 et
822 4181 1039 4234 motus;
1074 4169 1273 4237 quippe
1308 4168 1548 4222 divinum
1579 4168 1709 4223 illud
1745 4183 1943 4222 numen
2002 4169 2106 4223 im-

538 4261 736 4314 mobile
760 4269 863 4324 est,
899 4269 952 4312 et
973 4274 1091 4328 qua
1125 4262 1191 4313 ab
1219 4274 1282 4312 eo
1313 4259 1478 4323 ﬁunt,
1505 4260 1683 4313 omnis
1702 4261 1946 4328 expertia
1977 4270 2107 4315 sunt

539 4353 888 4421 pmtiitentim.
914 4350 1025 4404 Non
1044 4351 1206 4420 igitur
1223 4351 1337 4421 ipsa
1362 4352 1452 4405 illa
1476 4352 1773 4414 bonitas,et
1796 4352 2105 4421 clementia,

2206 3272 2344 3339 σφᾶς
2374 3285 2437 3337 γε
2468 3269 2666 3330 αὐτοὺς
2703 3257 3113 3338 ἑπιρῤίψαντες,
3148 3267 3243 3320 και
3271 3265 3334 3319 τὸ
3368 3266 3769 3335 προθυμεῖσθαι

2205 3360 2612 3430 θεραπευθῆναι
2648 3360 3075 3427 είσενεγκόντες.
3109 3360 3218 3412 Καὶ
3261 3358 3434 3413 ταῦτα
3466 3359 3605 3426 λέγω
3635 3359 3769 3429 91p-

2206 3453 2462 3526 ῥούντως,
2504 3454 2583 3514 εἰς
2630 3451 2727 3519 τὴν
2773 3450 3186 3521 ἀνυπέρϐλητον
3235 3451 3371 3520 ὁρῶν
3426 3450 3763 3519 ἀγαθότητα,

2205 3547 2287 3610 εἷς
2337 3534 2436 3615 τὴν
2466 3546 2602 3614 πρὸς
2653 3546 2802 3614 ἡμᾶς
2834 3543 3050 3614 ἐκείνης
3103 3544 3355 3613 ἀγάπην,
3382 3543 3767 3612 ὑπερεκπλήτ-

2205 3655 2408 3691 τουσαν
2446 3636 2539 3688 καὶ
2571 3634 2697 3689 νοῦν
2727 3636 2821 3690 καὶ
2858 3637 3039 3704 λόγον,
3072 3639 3167 3688 καὶ
3214 3637 3392 3691 πᾶσαν
3435 3636 3662 3699 ἔννοιαν,
3690 3638 3775 3697 εἰς

2204 3728 2266 3780 τὸ
2298 3727 2394 3795 τῆς
2422 3726 2575 3789 θείας
2608 3726 2807 3796 βουλῆς
2838 3726 2931 3780 καὶ
2962 3726 3177 3795 φύσεως
3224 3727 3658 3797 ἀμετάτρεπτον.
3700 3720 3777 3779 Οὐ

2208 3817 2315 3886 γὰρ
2355 3821 2418 3869 ὲκ
2448 3817 2641 3869 τούτου
2686 3817 2822 3885 πρὸς
2858 3820 3039 3870 ἐκεῖνο
3067 3821 3093 3871 ὁ
3122 3816 3219 3887 τῆς
3266 3817 3528 3887 ἀκινήτου
3560 3819 3782 3885 φύσεως

2206 3908 2346 3976 ἔρως
2394 3909 2844 3977 μετατεθήσεται,
2902 3910 2998 3961 καὶ
3051 3908 3213 3964 πάθοι
3256 3907 3350 3963 δύο
3404 3910 3565 3962 ταυτὶ
3621 3910 3781 3975 Θεὸς,

2209 3999 2517 4072 μετάμελόν
2550 4016 2609 4053 τε
2660 4000 2755 4055 καλ
2787 4000 3026 4069 κίνησιν.
3062 3996 3138 4055 Τὸ
3167 4002 3323 4056 Θεῖον
3355 4002 3465 4071 γὰρ
3496 4002 3782 4072 ἀκίνητον,

2208 4094 2301 4145 καὶ
2348 4092 2417 4144 τὰ
2447 4091 2674 4145 αὐτόθεν
2720 4084 3135 4161 ἀμεταμέλητα.
3170 4093 3243 4146 Οὐ
3278 4094 3459 4147 τοίνυν
3500 4094 3533 4163 ἡ
3583 4096 3785 4146 αὐτοα-

2206 4184 2445 4254 γαθότης
2484 4200 2545 4235 τε
2614 4187 2710 4237 καὶ
2757 4184 3160 4254 φιλανθρωπία,
3190 4187 3284 4237 καὶ
3307 4185 3656 4254 αὐτοατάπη,
3692 4205 3789 4254 μι-

2211 4278 2366 4347 σήσει
2401 4276 2462 4346 τέ
2508 4292 2642 4327 ποτε
2690 4274 2785 4328 καὶ
2836 4277 3327 4347 ἀποστραφήσεται
3374 4276 3464 4331 τδν
3506 4278 3646 4347 αὐτῇ
3687 4296 3788 4331 το-

2211 4367 2400 4419 σοῦτον
2429 4366 2825 4436 πεφιλημένον,
2853 4367 2977 4421 ὅσον
3005 4368 3115 4420 οὐδ’
3148 4368 3525 4438 ἐνθυμηθῆναι
3552 4364 3667 4423 οἷόν
3698 4389 3788 4424 τε.

538 4446 721 4514 etipsa
750 4442 1011 4503 Charitas,
1052 4444 1175 4497 odio
1205 4452 1564 4511 prosequetur
1628 4459 1891 4512 unquam,
1940 4454 1993 4499 et
2038 4461 2098 4499 a-

2210 4458 2284 4510 Οὐ
2319 4456 2713 4526 πειραθήσεταί
2773 4474 2920 4519 τινος
2964 4457 3173 4521 πάθους
3220 4460 3247 4510 ὁ
3298 4459 3533 4527 ἀπαθής,
3570 4458 3708 4529 παρ’
3748 4446 3797 4527 ᾧ

541 4538 847 4591 versabitur
878 4534 981 4588 sibi
1019 4542 1169 4587 tanto
1200 4533 1455 4588 dilectum
1485 4550 1669 4603 opere,
1702 4548 1964 4605 quantum
2033 4553 2102 4593 ne

536 4627 761 4696 cogitari
789 4626 1002 4694 quidem
1037 4633 1236 4692 potest.
1279 4621 1397 4677 Non
1462 4624 1805 4679 alIectioncni
1866 4627 2102 4697 aliquam

537 4716 869 4785 experietur,
914 4712 1006 4782 qui
1060 4711 1367 4767 alrectionis
1417 4713 1596 4766 omnis
1654 4724 1851 4780 expers
1902 4722 2007 4775 est,
2051 4721 2107 4768 et

540 4806 678 4872 apud
707 4820 866 4872 quem
902 4804 1049 4857 nulla
1082 4803 1311 4857 mutatio
1338 4802 1420 4855 vel
1450 4803 1770 4857 mutationis
1818 4806 2107 4857 adumbra—

545 4898 620 4948 tio
648 4907 751 4955 est,
785 4897 859 4947 uti
892 4897 1046 4949 divus
1071 4895 1159 4947 ilie
1180 4894 1417 4948 Jacobus
1444 4893 1709 4961 loquitur,
1743 4894 1894 4963 cujus
1938 4905 1993 4948 et
2018 4896 2105 4950 illa

545 5001 646 5038 vox
679 4995 761 5039 est
796 5003 807 5037 2
841 4986 974 5037 Deus
1014 4986 1275 5037 malorum
1305 4999 1486 5050 expers
1544 4995 1646 5047 est,
1702 4995 1749 5036 et
1786 4985 1896 5052 ipse
1945 4986 2110 5037 nemi-

542 5092 659 5130 nem
693 5086 855 5128 tentat
886 5078 929 5130 ²,
956 5075 1259 5130 Humanum
1313 5077 1411 5129 boe
1452 5075 1648 5128 malum
1677 5084 1776 5139 est,
1835 5075 2108 5128 immutari

540 5171 752 5226 scilicet
800 5180 854 5223 et
885 5170 1066 5223 odisse
1098 5173 1250 5238 prius
1303 5169 1552 5222 dilectos.
1594 5166 1805 5221 Etenim
1864 5155 2109 5235 plerique

544 5269 788 5322 homines
812 5278 970 5329 teSIa,
1005 5266 1147 5334 quod
1180 5267 1356 5328 aiunt,
1405 5264 1643 5328 inversa,
1680 5261 1968 5318 confestim
1995 5278 2108 5315 ιιιο-

541 5376 749 5425 vcmur,
786 5371 835 5413 et
870 5374 1101 5427 qttorum
1137 5374 1300 5413 causa
1338 5357 1495 5411 facile
1549 5356 1634 5410 vel
1667 5366 1894 5410 mortem
1943 5371 2111 5425 oppe-

545 5454 845 5515 tiissenius,
877 5466 973 5520 pro
1001 5451 1065 5505 iis
1091 5457 1348 5518 poscente
1378 5448 1708 5503 necessitate
1755 5463 1855 5501 nec
1885 5447 2104 5502 oboluin

542 5547 821 5599 solvimus.
851 5543 983 5596 Nam
1037 5542 1191 5595 mitto
1244 5541 1448 5605 dicere,
1510 5541 1770 5610 quosdam
1818 5554 1960 5603 esse,
2018 5540 2108 5607 qui

542 5639 624 5691 vel
660 5636 1200 5703 Sanguinemeorum
1262 5630 1511 5684 lubenter
1568 5629 1873 5684 haurirent.
1927 5629 2106 5683 Causa

582 5749 632 5782 ⁸⁸
673 5748 896 5815 Ενιιεε.,
927 5763 1004 5813 ιιι,
1035 5745 1122 5801 10.
1201 5745 1220 5775 ²
1244 5742 1358 5799 Jac.
1393 5758 1431 5811 ι,
1470 5744 1557 5797 15.

2205 4549 2307 4601 οὐκ
2355 4548 2431 4601 ενι
2470 4547 2818 4617 παραλλαγὴ,
2869 4549 2902 4620 ἢ
2952 4550 3162 4619 τροπῆς
3215 4550 3594 4618 ἀποσκίασμα,
3642 4553 3799 4605 κατὰ

2205 4643 2297 4693 τὸν
2341 4641 2487 4692 θεῖον
2533 4640 2821 4705 Ἰάκωϐον,
2858 4640 2915 4701 ὃς
2973 4641 3147 4710 δήπου
3199 4644 3292 4695 καὶ
3347 4641 3504 4694 τοῦτό
3567 4659 3749 4711 φησιν
3780 4660 3795 4675 '

2214 4733 2269 4786 '0
2305 4732 2449 4798 Θεὸς
2471 4732 2837 4800 ἀπείραστός
2864 4733 2997 4787 ἐστι
3031 4732 3252 4788 κακῶν.
3290 4731 3548 4800 Πειράζει
3572 4732 3647 4785 δὲ
3674 4738 3762 4787 αὑ
3782 4766 3797 4773 -

2204 4820 2307 4886 τὸς
2333 4820 2574 4876 οὐδένα.
2618 4820 2987 4890 Ἀνθρώτιινον
3026 4821 3179 4873 τουτὶ
3228 4821 3289 4872 τὸ
3331 4822 3502 4873 κακὸν
3540 4822 3794 4889 μεταϐε-

2206 4914 2438 4984 ϐλῆσθαί
2472 4930 2530 4965 τε
2565 4913 2659 4966 καὶ
2692 4915 2872 4981 μισεῖν
2903 4913 3031 4975 τοὺς
3061 4912 3165 4983 πρὸ
3206 4911 3299 4965 τοῦ
3344 4914 3795 4982 πεφιλημένους.

2216 5006 2280 5058 Οἱ
2331 5005 2437 5075 γὰρ
2493 5004 2679 5058 πολλοὶ
2740 5004 2849 5057 τῶν
2907 5004 3231 5074 ἀνθρώπιον,
3280 5005 3547 5073 ὀστράκου
3601 5009 3797 5077 (φασὶ)

2219 5097 2643 5164 μεταπεσόντος,
2672 5097 2834 5158 εὐθὺς
2889 5097 3190 5166 κινούμεθα
3211 5113 3224 5127 ο
3257 5098 3349 5149 καὶ
3375 5096 3442 5149 δι’
3462 5096 3554 5159 οὒς
3586 5100 3807 5167 ῥᾳδίως

2214 5186 2281 5240 ἂν
2325 5188 2733 5258 ἐτεθνήκειμεν,
2788 5188 2899 5241 οὐδ’
2948 5188 3133 5241 ὀϐολὸν
3186 5188 3326 5256 ὑπὲρ
3374 5190 3551 5240 αὐτῶν
3595 5192 3807 5257 χρείας

2215 5279 2489 5348 καλούσης
2524 5280 2997 5351 καταϐαλλόμεθα.
3044 5282 3149 5333 Ἐὦ
3190 5281 3299 5351 γὰρ
3332 5280 3512 5348 λέγειν
3540 5282 3807 5349 κάκεῖνο,

2214 5370 2287 5431 ὡς
2312 5374 2401 5422 καὶ
2426 5371 2519 5423 τοῦ
2552 5373 2779 5441 αἵματος
2807 5373 2986 5426 αὐτῶν
3014 5372 3182 5442 ἡδέως
3202 5373 3266 5426 ἄν
3291 5389 3434 5432 τινες
3458 5372 3657 5425 πίοιεν.
3688 5376 3811 5427 Καὶ

2216 5458 2275 5509 τὸ
2312 5459 2487 5511 αἴτιον
2524 5461 2664 5512 πάνυ
2702 5462 2895 5529 σαφές.
2928 5463 3001 5514 Οὐ
3032 5461 3141 5531 γὰρ
3185 5462 3250 5514 δι’
3282 5461 3480 5523 αὐτοὺς
3521 5462 3809 5531 ἐκείνους,

2216 5545 2309 5608 οὓς
2338 5563 2400 5612 γε
2438 5548 2721 5618 φιλοῦμεν,
2748 5550 2867 5602 οὐδὲ
2905 5550 2991 5601 διὰ
3040 5552 3130 5603 τὸν
3159 5550 3395 5619 Χριστὸν
3431 5550 3527 5603 καὶ
3562 5550 3669 5613 τὰς
3710 5554 3811 5604 ὲν-

2218 5636 2378 5699 τολὰς
2412 5638 2602 5707 αὐτοῦ,
2631 5640 2726 5692 καὶ
2752 5640 2813 5693 τὸ
2844 5640 3047 5708 ἀγαθὸν
3077 5640 3229 5707 αὐτὸ,
3255 5638 3369 5692 ἀλλ’
3400 5640 3478 5701 είς
3502 5638 3561 5691 τὸ
3592 5639 3813 5698 δοκοῦν
