4098 6272
352 364 457 426 517

1771 361 2055 422 οιιΑΤιο
2080 363 2181 425 v1.
3487 349 3593 411 518

346 478 626 542 λυσιτελὲς
653 479 986 549 ἀφορῶντες,
1004 481 1099 536 καὶ
1122 482 1181 534 τὸ
1205 480 1327 550 ἡδὺ,
1364 481 1542 533 πάντα
1578 479 1913 547 πράττομεν.

2033 478 2237 546 :luidetn
2296 478 2409 547 ipsa
2453 478 2605 533 valde
2632 477 2914 547 perspicua
2947 482 3052 530 est.
3096 472 3213 526 Non
3278 468 3424 525 enim
3469 483 3598 536 pro-

348 562 514 624 ’σθεν
542 569 607 640 δὴ
637 572 731 622 καὶ
761 572 863 639 τῆς
888 572 1129 640 ἀγάπης,
1165 572 1239 634 ὡς
1265 572 1464 631 ἔοικεν,
1493 573 1589 623 οὐκ
1618 568 1918 639 ἀληθευού·

351 670 475 730 σης,
512 662 561 713 εξ
594 661 687 714 καί
716 679 769 714 τι
807 661 1070 730 λήψονται
1104 662 1233 733 παρ’
1263 663 1423 732 ἡμῶν
1445 664 1493 714 οἱ
1525 662 1772 730 δεόμενοι
1808 660 1917 713 τῶν

351 753 542 820 φίλων,
583 752 615 821 ἢ
653 753 933 821 προτέρων
968 753 1131 805 ἕνεκα
1174 752 1395 822 δωρεῶν
1422 751 1584 804 τοῦτο
1616 752 1849 819 γίνεται,
1884 752 1918 820 ἢ

351 842 729 909 ἐλπιζομένων
763 843 988 912 ἐτέρων.
1020 844 1203 895 Ταῦτα
1223 843 1288 911 δὴ
1316 844 1383 895 τὰ
1412 843 1510 913 τὴν
1542 843 1728 913 φιλίαν
1761 843 1918 913 ἡμῶν

354 934 713 1000 συνιστῶντα,
739 929 805 986 ἐἴ
846 953 907 1003 γε
961 937 1059 989 καὶ
1103 936 1290 1005 φιλίαν
1329 937 1531 1006 ταύτην
1575 936 1761 989 καλεῖν
1792 936 1927 1006 χρὴ,¹

353 1026 487 1078 ἀλλὰ
541 1026 616 1094 μὴ
665 1028 934 1096 καπήλοις
980 1030 1094 1080 τισὶ
1142 1029 1457 1095 πρέπουσαν
1513 1030 1807 1098 ἐμπορίαν.
1842 1028 1921 1079 Τὰ

354 1118 482 1182 γοῦν
520 1116 646 1169 καθ’
678 1119 847 1187 ἡμᾶς,
883 1120 979 1171 καὶ
1029 1119 1304 1188 ἡμέτερα,
1335 1120 1560 1172 τοιαῦτα
1612 1125 1708 1173 καὶ
1744 1119 1922 1182 οὕτως

354 1211 568 1277 ἔχοντα.
612 1210 675 1261 '0
713 1210 769 1262 δέ
802 1227 866 1277 γε
904 1211 1115 1273 πλάσας
1164 1214 1313 1282 ἡμᾶς
1343 1213 1474 1276 Θεὸς
1505 1214 1688 1282 χαίρει
1733 1213 1811 1282 τῷ
1847 1213 1926 1265 δι-

354 1300 500 1353 δόναι
553 1301 775 1369 μᾶλλον,
810 1302 842 1370 ἢ
877 1305 1036 1373 ἡμεῖς
1080 1304 1474 1374 λαμὸάνοντες.
1507 1308 1616 1360 Καὶ
1660 1307 1780 1359 οὐδὲ
1826 1306 1924 1377 λή-

354 1391 515 1461 ψεταέ
545 1411 675 1447 ποτε
713 1395 870 1465 κόρον
898 1397 1229 1466 εὐεργετῶν,
1247 1397 1543 1468 ἀγαθότητι
1576 1397 1922 1468 κινούμενος.

357 1485 431 1559 Οὐ
460 1486 595 1556 γάρ,
628 1486 695 1539 ἵν’
724 1488 917 1558 ἐκείνῳ
962 1489 1337 1559 προσγένηται
1381 1507 1433 1542 τι
1477 1491 1586 1543 ἀπὸ
1624 1490 1731 1544 τῶν
1758 1490 1926 1543 αὑτοῦ

357 1578 889 1649 δημιουργημάτων,
953 1582 1073 1634 ούδέ
1133 1581 1209 1645 ὡς
1276 1582 1639 1652 ὑπαρξάντων
1704 1584 1928 1635 ἐκείνων

357 1660 675 1735 ἡστινοσοῦν
725 1671 951 1741 χάριτος
974 1688 990 1702 ·
1026 1673 1148 1735 πῶς
1183 1674 1336 1743 γάρ;
1366 1674 1456 1727 διὰ
1503 1676 1566 1743 δὴ
1596 1675 1775 1729 ταῦτα
1805 1677 1929 1729 οὐδὲ

358 1756 457 1825 τὴν
490 1759 711 1826 ἀγάπην
758 1762 967 1815 ἐκείνου
1020 1764 1118 1829 τὴν
1165 1764 1299 1833 πρὸς
1327 1768 1475 1834 ἡμᾶς
1506 1766 1614 1818 τῶν
1645 1767 1929 1834 ἐνδεχομέ-

362 1864 467 1899 νων
506 1852 621 1902 ἐστι
657 1852 968 1921 κινηθῆναι.
1015 1852 1231 1923 Ἐπειδὴ
1279 1856 1387 1925 γὰρ
1414 1857 1493 1917 εἰς
1531 1856 1589 1909 τὸ
1617 1856 1841 1924 ἀγαπᾷν
1872 1875 1930 1910 τε

363 1944 456 1995 καὶ
481 1938 536 1993 εὖ
572 1944 739 1993 ποιεῖν
768 1942 828 1994 τὸ
860 1944 1047 1996 κινοῦν
1071 1946 1225 1997 οὐδέν
1260 1946 1411 1999 ἐστιν
1435 1947 1623 2015 ἕτερον
1648 1949 1679 2018 ἢ
1712 1953 1744 2016 ἡ
1777 1948 1934 2000 ἄπει-

365 2050 454 2101 ρος
492 2033 704 2086 ἐκείνου
756 2036 1066 2104 χρηστότης
1092 2053 1150 2087 τε
1182 2038 1279 2089 καὶ
1321 2038 1654 2106 ἀγαθωσύνη
1681 2055 1695 2068 ι
1725 2040 1933 2107 ταύτην

361 2125 417 2177 δέ
475 2126 622 2177 πᾶσα
676 2125 891 2194 ἀνάγκη
944 2126 1211 2189 ὡσαύτως
1264 2128 1427 2197 ἔχειν,
1473 2131 1566 2181 καὶ
1619 2130 1718 2198 τὴν
1762 2132 1933 2199 αὐτὴν

360 2207 501 2269 εἶναι
528 2230 541 2246 °
585 2217 820 2285 φανερὸν
866 2216 1043 2270 ἅπασι
1082 2218 1354 2285 γίγνεται,
1405 2219 1480 2281 ὡς
1523 2220 1677 2272 ἔσται
1729 2221 1824 2272 καὶ
1865 2223 1933 2273 τά

360 2312 500 2380 πρὸς
547 2311 696 2378 ἡμᾶς
751 2307 808 2371 ἐξ
866 2310 1101 2369 ἐκείνου,
1131 2313 1316 2363 ὁποῖόν
1365 2313 1417 2364 τί
1463 2312 1575 2364 ἐστι
1620 2314 1841 2365 κακεῖνο
1873 2312 1932 2364 τὸ

363 2400 566 2452 κινοῦν.
598 2399 705 2451 Καὶ
732 2395 892 2449 τοῦτο
922 2398 1086 2451 παντί
1113 2415 1213 2450 που
1247 2399 1431 2467 δῆλον.
1475 2402 1568 2454 Ἐκ
1611 2403 1929 2468 περιουσίας

358 2488 419 2542 δὲ
453 2489 548 2541 νῦν
580 2490 710 2559 ἐρῶ.
742 2488 911 2543 Ὅταν
935 2490 1042 2559 γὰρ
1071 2490 1142 2542 τά
1165 2492 1262 2559 τὴν
1299 2492 1521 2558 ἀγάπην
1553 2494 1683 2561 ἡμῖν
1720 2495 1932 2545 κινοῦν-

360 2599 451 2647 τα,
486 2581 611 2651 μηδ’
634 2581 943 2635 ὁπωστιοῦν
976 2581 1198 2651 κινηθῇ,
1233 2582 1351 2633 τότε
1386 2583 1478 2634 καὶ
1507 2585 1666 2651 ἡμεῖς
1688 2584 1932 2651 δηλονότι

362 2672 678 2725 παντάπασι
713 2672 926 2741 παγίως
959 2673 1229 2741 ῖστάμεθα
1264 2673 1320 2724 ὲν
1347 2674 1423 2741 τῷ
1458 2674 1700 2743 ἀγαπᾷν.
1742 2676 1848 2728 Καὶ
1883 2677 1931 2728 εί

362 2764 448 2833 ἐφ’
498 2764 656 2833 ἡμῶν
703 2763 863 2817 τοῦτο
914 2765 1161 2831 γίγνεται
1228 2765 1411 2835 πολλῷ
1466 2782 1529 2833 γε
1587 2769 1788 2834 μᾶλλον
1838 2770 1932 2821 ἐπὶ

364 2856 519 2910 Θεοῦ.
564 2857 716 2909 Ἐπεὶ
756 2856 811 2909 δὲ
843 2857 874 2926 ἡ
912 2856 1007 2910 τοῦ
1053 2856 1189 2910 Θεοῦ
1227 2858 1363 2926 πρὸς
1404 2861 1549 2928 ἡμᾶς
1588 2860 1777 2929 ἀγάπη
1832 2861 1931 2912 οὐκ

363 2949 562 3014 ἔξωθέν
603 2949 767 3002 ποθέν
803 2950 920 3002 ἐστι
952 2951 1189 3014 πάντως,
1229 2950 1344 3003 ἀλλ’
1380 2951 1470 3019 ὑφ’
1511 2953 1713 3021 ἐαυτῆς
1760 2956 1931 3006 κινεῖ-

361 3060 448 3097 ται
474 3057 490 3073 ⁶
522 3044 732 3112 ἀνάγκη
769 3042 973 3112 ταύτην
1003 3042 1263 3106 ὡσαύτως
1286 3044 1431 3111 ἔχειν
1462 3044 1552 3097 τὸν
1576 3046 1766 3098 -πάντα

2019 579 2143 640 pter
2169 569 2288 623 illos
2320 572 2466 639 ipsos
2486 584 2621 639 quos
2662 568 2965 639 diligimus,
3004 579 3179 633 neque
3205 572 3424 631 propter
3438 559 3567 615 ϐίη-Ξ

2019 670 2165 716 stum
2199 670 2254 715 et
2287 662 2405 731 ejus
2442 664 2715 723 mandata,
2765 673 2940 727 neque
2996 657 3165 726 ipsius
3228 653 3355 709 boni
3405 667 3594 720 causa,

2023 753 2118 808 sed
2151 754 2205 807 id
2228 755 2371 822 quod
2391 754 2646 822 expedire
2679 753 2915 816 videtur,
2942 761 2996 804 et
3028 750 3358 817 voluptatem
3384 738 3596 800 intuen-

2025 852 2130 910 tes,
2164 844 2346 898 omnia
2380 844 2630 898 facimus.
2660 842 3005 911 Quapmpter
3063 852 3118 895 ct
3149 841 3266 908 ipsa
3326 838 3597 901 citat-itas,

2026 938 2101 989 uti
2134 937 2365 997 videtur,
2401 951 2521 988 cum
2556 951 2679 987 vera
2718 950 2824 989 non
2851 937 2944 995 sit,
2968 932 3185 985 etiamsi
3244 931 3372 999 quid
3411 946 3441 983 a
3500 946 3600 983 no-

2027 1028 2110 1081 bis
2131 1039 2350 1097 egentes
2376 1028 2535 1081 amici
2563 1018 2863 1094 accipiant,
2897 1036 3075 1079 tamen
3145 1025 3246 1076 hoc
3268 1023 3353 1075 vel
3404 1037 3600 1091 praece-

2027 1121 2269 1174 dentium
2304 1121 2385 1174 vel
2428 1121 2731 1189 positorum
2756 1120 2808 1174 in
2845 1134 2940 1187 spe
2970 1132 3259 1171 munerum
3319 1133 3483 1171 causa
3520 1115 3597 1167 ﬁt.

2029 1209 2155 1264 llaec
2189 1219 2315 1265 sunt
2338 1210 2428 1264 illa
2452 1212 2661 1265 scilicet
2689 1210 2986 1263 amicitiam
3016 1224 3135 1276 qua:
3172 1221 3412 1261 nostram
3481 1218 3591 1260 sta-

2029 1302 2252 1367 biliunt,
2289 1302 2334 1356 si
2368 1304 2585 1369 quidem
2616 1301 2933 1370 appellanda
2965 1308 3047 1355 est
3076 1299 3193 1353 haec
3212 1300 3475 1362 amicitia,
3538 1314 3602 1353 ac

2030 1410 2135 1449 non
2173 1396 2352 1465 petius
2389 1396 2584 1449 decens
2616 1408 2891 1461 caupones
2918 1400 3177 1460 quaestus.
3214 1392 3269 1444 lu
3307 1392 3451 1451 hunc
3486 1407 3602 1445 mo-

2031 1489 2157 1541 dum
2190 1502 2279 1540 res
2308 1486 2504 1541 nostiae
2527 1496 2856 1554 comparata:
2888 1495 3038 1539 sunt.
3080 1485 3147 1537 At
3173 1485 3310 1552 ipse,
3347 1485 3441 1552 qui
3496 1499 3598 1536 nos

2035 1580 2210 1643 ﬁnxit,
2251 1580 2414 1642 Deus,
2451 1578 2728 1647 largiendo
2765 1580 2942 1647 magis
2972 1579 3272 1633 delectatur
3309 1593 3470 1647 quam
3505 1594 3605 1630 nos

2033 1670 2375 1739 accipiendo.
2397 1669 2507 1723 Nec
2542 1685 2782 1738 unquam
2808 1670 3182 1725 benefaciendi
3216 1671 3441 1723 satietas
3475 1684 3618 1736 eum~

2033 1762 2226 1829 capiet,
2261 1762 2352 1828 qui
2383 1764 2448 1815 ad
2478 1764 2577 1815 hoc
2605 1763 2849 1817 bonitate
2875 1777 2972 1817 sua
2993 1760 3309 1829 impellitur.
3327 1759 3439 1813 Non
3460 1760 3602 1813 enim

2034 1853 2137 1905 hoc
2164 1851 2283 1905 ideo
2305 1853 2454 1916 facit,
2482 1862 2540 1906 ut
2570 1855 2617 1907 ei
2644 1854 2759 1908 suis
2784 1870 2811 1907 ιι
2856 1854 3056 1909 creatis
3106 1854 3309 1921 aliquid
3341 1853 3592 1917 accedat,

2035 1960 2134 1998 ttee
2164 1944 2313 2011 quod
2353 1946 2439 1998 illa
2474 1948 2623 2015 prius
2652 1946 2869 2015 aliquod
2903 1947 2956 1999 in
2987 1960 3109 1999 eum
3132 1946 3448 1999 beneﬁcium
3480 1960 3609 1997 con-

2035 2037 2258 2090 tulerint
2290 2054 2305 2089 :
2338 2053 2445 2105 quo
2468 2037 2611 2091 enim
2640 2037 2694 2091 id
2729 2038 2924 2105 pacto?
2946 2038 3142 2105 quibus
3162 2051 3291 2090 sane
3320 2040 3383 2088 de
3403 2038 3602 2099 causis,

2033 2142 2133 2180 nec
2171 2127 2339 2194 ipsius
2377 2142 2500 2195 erga
2569 2142 2667 2180 nos
2710 2140 2862 2180 amor
2898 2135 2955 2178 ut
3006 2126 3126 2180 loco
3180 2136 3459 2179 moveatur
3511 2136 3606 2179 aut

2034 2228 2294 2282 mutetur,
2324 2218 2546 2271 conﬁeri
2580 2227 2776 2285 potest.
2805 2217 2936 2272 Nam
2965 2233 3088 2271 cum
3146 2218 3291 2271 nulla
3353 2234 3439 2272 res
3492 2220 3602 2279 alia

2033 2312 2104 2364 sit
2137 2326 2254 2378 qua:
2286 2312 2462 2379 ipsum
2490 2311 2555 2364 ad
2589 2311 2878 2363 amandum
2921 2320 2975 2364 et
3006 2311 3456 2365 benefaciendum
3499 2312 3600 2363 im-

2033 2402 2195 2469 pellat
2217 2418 2383 2469 quam
2413 2402 2624 2457 inﬁnita
2652 2402 2954 2472 benignitas
2979 2402 3098 2471 ejus
3147 2412 3310 2471 atque
3343 2402 3602 2466 .ltonitas,

2031 2505 2150 2543 eam
2184 2506 2312 2544 vero
2345 2490 2506 2559 plane
2541 2505 2761 2544 necesse
2794 2490 2867 2545 sit
2925 2492 3116 2544 eodem
3157 2490 3405 2544 affectam
3445 2494 3606 2543 modo

2032 2592 2086 2635 et
2108 2583 2355 2635 eamdem
2395 2597 2517 2637 esse
2562 2599 2577 2634 :
2619 2581 2912 2636 manifesto
2947 2589 3093 2647 patet
3123 2582 3472 2648 omnibus,et
3518 2585 3615 2636 imi

2032 2686 2151 2740 qua:
2172 2671 2223 2723 in
2251 2686 2348 2724 nos
2376 2670 2442 2724 ab
2479 2672 2595 2739 ipso
2635 2669 3079 2737 proﬁciscumur,
3121 2671 3250 2723 talia
3280 2672 3414 2734 fere,
3443 2674 3607 2737 quale

2031 2761 2380 2832 qniddamest
2411 2762 2459 2816 id
2480 2762 2621 2832 quod
2642 2779 2762 2816 eum
2794 2762 3059 2831 impellit,
3096 2771 3257 2831 atque
3274 2762 3377 2816 hoc
3400 2765 3606 2833 perspi-

2034 2867 2193 2906 cuum
2230 2852 2404 2906 cuivis
2433 2862 2535 2906 est.
2572 2851 2758 2905 Dicam
2794 2867 2973 2906 au.em
3007 2852 3212 2919 aliquid
3236 2869 3302 2906 ex
3342 2870 3605 2923 διεμεμα-

2033 2958 2157 2998 cno.
2186 2942 2395 3013 Quippe
2426 2958 2551 2998 cum
2579 2959 2642 2997 ea
2674 2959 2795 3013 quae
2821 2959 3061 3000 amorem
3089 2946 3140 2997 in
3171 2944 3330 2998 nobis
3362 2947 3606 3001 excitant

2034 3035 2190 3104 plane
2224 3036 2584 3106 nonamplins
2611 3036 2839 3104 impulsa
2874 3046 3129 3106 motaque
3195 3036 3424 3103 fuerint,
3475 3047 3605 3093 tunc

361 3152 472 3193 νον.
497 3136 594 3187 καὶ
641 3136 711 3187 τὰ
761 3136 897 3203 πρὸς
934 3138 1081 3205 ἡμᾶς
1112 3134 1173 3199 ἐξ
1203 3137 1418 3206 ἐκείνης
1452 3136 1529 3204 τῷ
1567 3138 1771 3201 ταύτης
1806 3138 1930 3207 ὕψει

2040 3126 2205 3182 etiam
2242 3142 2340 3181 nos
2371 3128 2579 3182 scilicet
2612 3129 2664 3181 in
2700 3144 2885 3183 amore
2920 3128 3064 3182 velut
3087 3128 3292 3182 immoti
3351 3129 3606 3185 subst-ti-

367 3226 571 3297 μᾶλλον
614 3227 932 3293 συμϐαίνειν
982 3226 1015 3295 ἢ
1066 3229 1130 3296 τῇ
1185 3227 1430 3299 ἡμετέρᾳ
1471 3229 1790 3299 φαυλότητι.
1832 3227 1933 3284 Δῖἀ

369 3316 521 3367 ,ιιῦτο
570 3317 667 3369 καὶ
721 3318 996 3384 προτείνει
1025 3318 1191 3369 πᾶσιν
1241 3316 1367 3385 ἑξῆς
1419 3318 1555 3387 πρὸς
1592 3321 1702 3382 τοῖς
1749 3321 1932 3384 ἄλλοις

360 3406 588 3475 ἀγαθοῖς
623 3412 649 3461 ό
693 3409 889 3478 Σωτὴρ
929 3410 1180 3462 κάκεῖνον
1219 3411 1471 3479 ἀφθόνως
1515 3411 1607 3463 τὸν
1635 3412 1930 3482 θησαυρ“.ν,

365 3497 422 3549 ὃν
452 3501 655 3560 ἐκεῖνος
707 3502 905 3567 ἀφῖκτο
954 3501 1138 3568 φέρων
1185 3501 1244 3565 ἐξ
1296 3501 1547 3571 ούρανοῦ.
1580 3505 1690 3556 Καὶ
1745 3504 1803 3557 τὸ
1853 3506 1933 3566 είς

368 3589 572 3642 ἐκεῖνον
609 3586 762 3659 ἧκον,
795 3592 970 3655 οὐδείς
1006 3609 1093 3645 πω
1134 3593 1244 3646 τῶν
1285 3594 1589 3665 ἀνθρώπων
1641 3597 1932 3665 ἐστέρηται

366 3678 465 3745 τῆς
489 3678 821 3749 τηλικαύτης
845 3684 1168 3749 εὐεργεσίας
1190 3700 1204 3715 ·
1232 3685 1369 3739 ἀλλά
1394 3689 1479 3756 ῥεῖ
1504 3687 1565 3739 τὸ
1593 3686 1821 3754 ἀγαθὸν,
1839 3689 1934 3738 καὶ

368 3771 608 3836 ἐκχεῖται
669 3775 943 3841 πανταχοῦ
1000 3775 1102 3843 τῆς
1152 3776 1478 3846 οἰκουμένης
1534 3777 1779 3846 ἀπάσης,
1840 3779 1936 3829 καὶ

366 3860 544 3926 ἔξεστι
590 3862 715 3921 τοὺς
767 3865 973 3928 πάντας
1021 3869 1225 3937 προῖκα
1273 3868 1549 3931 πλουτεῖν,
1583 3871 1677 3922 καὶ
1719 3870 1935 3921 ἀκονιτὶ

366 3953 475 4004 τῶν
515 3953 737 4020 ἀγαθῶν
766 3956 1154 4023 ἐμφορεῖσθαι·
1188 3958 1354 4011 ἔδωκε
1389 3959 1499 4028 γὰρ
1525 3962 1728 4022 αὐτοῖς,
1746 3961 1933 4030 φησὶν,

366 4042 615 4106 ἐξουσίαν
658 4045 823 4096 τέκνα
875 4044 1012 4097 Θεοῦ
1047 4045 1328 4113 γενέσθαι.
1366 4047 1431 4100 Ei
1466 4048 1518 4099 δέ
1568 4048 1805 4114 τάγαθόν
1851 4065 1935 4111 τις

366 4130 512 4200 ὁρῴη
547 4132 633 4183 ἐπ’
678 4134 839 4184 αὑτὸν
872 4132 1067 4203 ὥσπερ
1111 4133 1472 4203 αὖτομολοῦν,
1522 4130 1641 4188 εἶτα
1686 4136 1935 4189 διαπτύει

365 4223 521 4274 τοῦτο
551 4224 645 4275 καὶ
674 4223 1103 4293 ἀποστρέφεται,
1124 4224 1183 4277 ού
1207 4225 1486 4291 λογιστέον
1516 4226 1835 4299 τοῦγκλημα
1856 4229 1935 4299 τῷ

368 4331 430 4380 γε
480 4315 677 4366 διδόλτι
715 4317 819 4385 τὴν
868 4317 1052 4385 χάριν,
1082 4318 1217 4371 ἁλλά
1271 4321 1381 4380 τοῖς
1431 4322 1568 4390 μηδέ
1622 4321 1721 4390 τὴν
1759 4323 1935 4391 ἀρχὴν

366 4405 703 4475 δεξαμένοις,
736 4407 767 4475 ἥ
804 4408 899 4459 καὶ
935 4408 1073 4475 μετά
1126 4409 1184 4461 τὸ
1230 4408 1414 4461 λαϐεῖν
1474 4412 1782 4481 ἀτιμάσασα.
1838 4417 1933 4467 καὶ

370 4501 812 4567 παρωπαμένοις,
845 4500 988 4552 οὕτω
1028 4499 1125 4569 μὲν
1149 4499 1214 4552 ὃν
1241 4502 1469 4569 ἀγαθὸν,
1501 4503 1645 4556 οὕτω
1677 4505 1735 4557 δὲ
1766 4507 1933 4575 μέγα,

368 4590 461 4640 καὶ
513 4593 735 4658 προσέτι
778 4594 1027 4661 μόνιμον,
1063 4596 1158 4646 καὶ
1201 4595 1401 4664 ῥᾳδίως
1437 4597 1731 4664 ἐπιδιδοῦν,
1766 4599 1822 4651 εἴ
1849 4617 1933 4660 τις

367 4683 526 4733 τοῦτο
558 4682 833 4749 βούλοιτο.

2042 3234 2183 3273 Inus.
2209 3219 2359 3285 Quod
2380 3220 2595 3289 quidem
2626 3220 2681 3274 in
2710 3221 2864 3275 nobis
2891 3223 2935 3276 si
2966 3221 3241 3284 usnt'enit,
3271 3221 3441 3278 multo
3492 3240 3607 3276 ma-

2034 3314 2119 3381 gis
2150 3314 2202 3365 in
2232 3311 2362 3369 Deo.
2403 3311 2597 3367 Verum
2628 3314 2883 3383 quoniam
2913 3314 3003 3369 Dei
3027 3330 3155 3383 erga
3179 3332 3280 3371 nos
3303 3331 3457 3371 amor
3497 3310 3625 3373 non

2037 3406 2379 3459 extrinsecus
2413 3407 2662 3461 alicunde
2693 3408 3080 3475 proﬁciscitur,
3110 3408 3203 3461 sed
3238 3410 3463 3476 aseipsn
3486 3427 3602 3463 mo-

2035 3508 2213 3559 vetur,
2237 3513 2455 3552 necesse
2485 3510 2565 3552 est
2589 3516 2708 3551 eum
2739 3512 2952 3567 semper
2991 3500 3177 3565 eodem
3207 3498 3459 3552 all'ectutn
3484 3516 3606 3555 esse

2037 3596 2221 3652 modo,
2261 3599 2314 3643 et
2332 3607 2451 3659 qua:
2482 3591 2537 3644 in
2571 3607 2666 3643 nos
2723 3592 2789 3644 ab
2820 3607 2885 3644 eo
2944 3591 3383 3658 proﬁciscuntur,
3436 3595 3607 3661 magis

2039 3681 2208 3749 ipsius
2246 3683 2541 3736 convenire
2575 3683 2893 3735 sublimitati
2922 3698 3082 3751 quam
3144 3685 3335 3736 vilitati
3384 3696 3603 3737 nostrae.

2038 3772 2266 3840 Ideoque
2288 3772 2535 3825 Salvator
2561 3772 2649 3825 ille
2682 3781 2888 3837 noster,
2912 3782 3121 3840 praeter
3152 3773 3259 3825 alia
3285 3772 3448 3836 bona,
3474 3787 3629 3827 cun-i

2037 3864 2142 3917 etis
2166 3873 2217 3915 et
2251 3863 2401 3915 illum
2442 3863 2753 3916 thesaurum
2778 3863 2979 3931 jngiter
3009 3864 3168 3917 oﬂ‘ert
3203 3879 3360 3933 quem
3399 3865 3513 3931 ipse
3543 3868 3608 3919 de

2037 3947 2178 4000 cwlo
2203 3947 2536 4001 descendens
2566 3964 2753 4003 secum
2814 3950 3018 4002 attulit.
3059 3952 3120 4004 Et
3176 3953 3394 4019 quidem
3459 3954 3605 4022 quod

2012 4028 2213 4108 {ipsum
2245 4041 2458 4103 attinet,
2485 4039 2614 4093 nnlli
2655 4041 2930 4095 hominum
2986 4058 3225 4111 unquam
3254 4054 3462 4099 tantum
3519 4048 3608 4100 bc-

2041 4131 2286 4185 ncﬁcinm
2324 4132 2640 4200 denegatum
2672 4132 2795 4194 fuit,
2823 4133 2914 4186 sed
2954 4134 3071 4186 linit
3128 4138 3228 4190 line
3260 4139 3484 4202 b0nutn,
3552 4145 3607 4190 et

2039 4224 2237 4292 ubique
2270 4233 2537 4276 terrarum
2573 4223 2891 4289 effundatur,
2918 4226 3277 4295 Omnibusque
3307 4231 3475 4294 gratis
3516 4229 3603 4281 di-

2040 4323 2249 4370 tescere
2282 4316 2407 4369 licet
2440 4331 2502 4369 ac
2529 4318 2735 4383 alisque
2774 4317 2960 4372 labore
2994 4320 3152 4372 bonis
3184 4321 3396 4373 satiari.
3448 4321 3607 4373 Dedit

2041 4409 2184 4462 enim
2207 4410 2306 4469 eis,
2344 4409 2536 4476 inquit,
2575 4418 2898 4476 potestatem
2932 4412 3193 4465 evadendi
3245 4414 3294 4464 in
3332 4412 3467 4465 lilios
3488 4412 3603 4466 Dei.

2041 4504 2157 4559 Jam
2185 4505 2227 4557 si
2261 4504 2383 4571 quis
2426 4504 2626 4555 bonum
2696 4503 2874 4569 ipsum
2932 4518 3161 4556 cernens
3208 4504 3271 4555 ad
3313 4518 3370 4555 se
3416 4516 3607 4571 sponte

2042 4597 2194 4666 quasi
2232 4611 2325 4649 stta
2355 4596 2560 4665 venire.
2596 4610 2714 4646 mox
2773 4595 2900 4647 illud
2938 4605 3155 4661 respuat
3214 4605 3263 4648 et
3300 4608 3603 4653 aversetur,

2046 4705 2152 4745 non
2181 4688 2491 4756 imputanda
2520 4689 2594 4741 illi
2624 4690 2803 4753 culpa,
2840 4688 2927 4756 qui
2959 4688 3276 4742 beneﬁt-inm
3318 4691 3483 4753 dedit,
3511 4706 3603 4744 seu

370 4776 435 4829 iis
467 4779 557 4846 qni
603 4794 822 4847 prorsus
855 4780 905 4833 id
931 4796 1036 4834 non
1078 4784 1443 4851 acoeperunt,
1500 4795 1594 4837 aut
1642 4796 1929 4854 postquam
1959 4788 2321 4854 accepissent,
2379 4798 2499 4838 cum
2544 4784 2843 4851 ignominia
2901 4784 3237 4848 repulerunt,
3308 4797 3419 4835 rem
3472 4785 3607 4840 adeo

368 4872 588 4936 bonam.
620 4874 754 4928 adeo
787 4890 1060 4945 magnam,
1112 4889 1171 4931 et
1224 4888 1480 4947 praeterea
1526 4882 1828 4935 durabilem
1887 4894 1939 4936 et
1976 4890 2355 4952 angesccntem
2388 4880 2571 4941 facile,
2600 4879 2640 4932 si
2676 4880 2796 4946 quis
2832 4878 2933 4931 hoc
2966 4878 3109 4931 velit.

446 4966 551 5019 Καὶ
579 4965 764 5017 τοίνυν
800 4967 827 5017 ὁ
854 4966 1097 5030 τοιοῦτος
1131 4970 1431 5039 Δεσπότης,
1455 4974 1547 5022 καὶ
1582 4973 1671 5023 τὸν
1702 4975 1800 5041 τὴν
1832 4991 1930 5041 με·

367 5059 540 5128 γάλην
573 5059 725 5111 δοκὸν
762 5060 988 5122 ἐκεῖνον,
1044 5062 1136 5112 καὶ
1166 5062 1226 5112 τὸ
1258 5063 1471 5127 κάρφος
1515 5063 1711 5132 ἔχοντα
1758 5064 1818 5115 τὸ
1850 5083 1935 5133 μι-

368 5149 496 5220 κρὸν
554 5150 683 5217 (τῶν
735 5153 843 5218 γάρ
899 5150 1136 5219 ἐξαρχῆς
1192 5152 1585 5221 μνησθήσομαι
1614 5153 1812 5221 λόγων)
1870 5155 1932 5207 ού

365 5240 689 5310 περιόψεταί
722 5258 873 5303 ποτε,
920 5243 1054 5295 ἀλλά
1091 5225 1268 5297 πάντα
1305 5246 1505 5313 πράξει
1543 5247 1636 5297 καὶ
1672 5264 1935 5316 πραγμα-

362 5337 615 5386 τεύσεται
648 5334 786 5402 ὑπὲρ
812 5336 907 5402 τῆς
938 5335 1117 5386 αὐτῶν
1176 5338 1471 5404 σωτηρίας.
1526 5339 1779 5405 Γίγνεται
1825 5342 1932 5408 γὰρ

365 5425 707 5484 παντοδαπὸς
758 5425 1051 5494 ἐπίκουρος
1102 5429 1257 5496 ἡμῖν,
1291 5429 1383 5481 καὶ
1411 5429 1505 5481 νῦν
1542 5430 1638 5497 μὲν
1687 5431 1845 5483 τοῦτο
1876 5432 1935 5483 τὸ

364 5518 678 5585 φάρμακον,
736 5515 831 5567 νῦν
863 5514 918 5567 δὲ
953 5518 1130 5568 ἐκεῖνο
1188 5519 1481 5585 προσάγει.
1534 5522 1642 5573 Καὶ
1675 5523 1789 5583 τοῖς
1838 5523 1935 5589 μὲν

368 5606 762 5676 φλεγμαίνουσι
811 5606 917 5658 τῶν
968 5608 1302 5677 τραυμάτων
1343 5610 1412 5661 τὰ
1446 5611 1540 5679 τῆς
1577 5613 1934 5682 παραμυθίας

371 5699 680 5767 προσάγει*
716 5698 815 5760 τὰς
843 5697 899 5751 δὲ
946 5700 1245 5766 σηπεδόνας
1278 5702 1562 5766 ἐκκόπτει,
1600 5703 1697 5772 τὴν
1747 5704 1838 5755 ἐπὶ
1867 5704 1935 5756 τά

369 5791 537 5861 χείρω
567 5791 734 5861 νομὴν
765 5792 1089 5847 συστέλλων.
1113 5793 1187 5845 Οὐ
1223 5794 1329 5866 μὴν
1361 5793 1496 5847 ἀλλὰ
1530 5796 1621 5847 καὶ
1653 5794 1935 5865 μέμψεταί

2032 5023 2037 5027 .
2114 4974 2258 5027 Talis
2332 4988 2462 5039 ergo
2553 4970 2811 5023 Dominus
2858 4986 2954 5023 nec
3036 4971 3180 5023 illum
3237 4988 3428 5043 magna
3483 4993 3603 5030 eum

2042 5068 2214 5127 trabe,
2254 5080 2351 5117 nec
2387 5063 2613 5115 alterum
2661 5062 2784 5115 exili
2817 5075 2937 5114 cum
2997 5061 3203 5116 festuca
3258 5064 3409 5133 (licet
3457 5067 3601 5120 enim

2042 5169 2168 5212 ante
2228 5158 2366 5209 dicta
2426 5156 2695 5222 repetere)
2764 5155 3141 5221 aspernabitur
3175 5174 3435 5227 unquam,
3507 5162 3602 5214 sed

2041 5246 2220 5299 ennia
2259 5260 2356 5314 pro
2415 5246 2652 5311 ipsorum
2698 5243 2870 5295 salute
2918 5242 3084 5298 faciet
3136 5255 3297 5313 atque
3331 5249 3601 5303 tnolietnr.

2044 5334 2220 5390 Variis
2257 5336 2402 5390 enim
2438 5335 2612 5388 modis
2646 5348 2709 5387 ac
2737 5334 3038 5389 rationibus
3084 5337 3239 5389 nobis
3278 5339 3597 5404 epitulatnr,

2038 5446 2098 5482 ac
2139 5429 2299 5481 modo
2339 5427 2558 5495 quidem
2585 5426 2685 5479 hoc
2746 5426 3223 5492 medicamentum,
3265 5431 3423 5479 modo
3473 5426 3601 5480 illud

2038 5517 2283 5570 adltileet.
2333 5516 2388 5569 Si
2423 5533 2541 5584 qua:
2576 5516 2799 5569 vulnera
2858 5517 3212 5584 suppurantia
3258 5526 3486 5576 tument,
3539 5530 3599 5566 ea

2038 5612 2286 5677 mitigat:
2324 5610 2637 5676 putredines
2662 5625 2773 5661 etSt
2795 5609 2952 5671 indit,
2996 5619 3051 5660 ut
3076 5623 3183 5674 quo
3215 5607 3392 5657 minus
3424 5607 3472 5653 in
3510 5620 3603 5669 pe-

2030 5702 2120 5770 jus
2151 5711 2389 5767 serpant,
2425 5700 2703 5768 impediat.
2741 5702 2878 5766 Quin
2917 5701 3081 5753 etiam
3115 5697 3311 5765 saepius
3346 5697 3602 5763 objurga-

2032 5794 2110 5846 bit
2140 5800 2390 5861 aegrotos,
2453 5799 2506 5845 et
2542 5791 2921 5860 castigatione,
2977 5789 3022 5841 si
3059 5787 3127 5842 sit
3164 5800 3325 5856 opus,
3383 5801 3565 5841 coerc.
