4098 6272
522 351 624 416 519

1644 361 2041 423 MANUELlS
2082 360 2521 426 FALIEOLOGI

3638 363 3742 434 520

505 469 1032 538 bit.‘Nonnunqnam
1068 474 1118 524 et
1149 473 1509 525 severioribus
1557 477 1810 530 remediis
1864 487 2060 543 utetur,

2180 497 2228 545 γε
2255 481 2514 541 πολλάκις
2541 483 2652 542 τοῖς
2684 482 3050 550 ἀρρωστοῦσι,
3073 483 3166 536 καὶ
3198 485 3479 553 ἐπιπλήξει
3513 488 3738 548 τούτους

504 580 626 618 cum
666 565 908 617 bonitate
955 564 1351 630 cletnentiaqne
1387 567 1485 619 sibi
1519 567 1794 624 familiari.
1832 569 1946 624 Non
1972 589 2063 625 vo-

506 655 579 709 let
609 654 716 717 illis
745 669 866 708 esse
897 661 1057 716 male,
1095 669 1233 722 quos
1261 657 1325 709 de
1355 657 1521 711 nihilo
1567 660 1833 720 condidit,
1890 661 2064 713 mani-

507 747 715 814 busque
751 745 985 815 propriis
1011 747 1289 807 formavit,
1324 751 1414 801 sed
1453 751 1530 803 cis
1554 760 1810 818 perpetuo
1842 751 2062 805 benefa-

515 843 646 906 ciet,
672 855 734 894 ac
782 855 876 907 per
907 839 1112 902 onmia,
1158 841 1346 894 dextra
1387 843 1601 908 inquam
1631 851 1683 894 et
1709 842 1950 908 sinistra,
2009 849 2067 895 ut

505 935 659 987 divus
679 930 766 984 ille
789 931 1083 1000 Apostolus
1114 931 1379 1000 loquitur,
1407 933 1520 986 sive
1553 941 1697 986 recte
1721 933 1929 996 vivant,
1951 933 2066 987 sive

503 1037 683 1078 secus.
717 1021 1183 1086 Quemadmodum
1221 1022 1430 1075 scilicet
1470 1033 1521 1086 et
1552 1021 1789 1089 pluviam
1821 1031 1873 1075 et
1898 1021 2064 1075 solem

504 1114 584 1167 eis
643 1113 972 1182 suppeditat,
1024 1127 1212 1166 rursus
1264 1113 1428 1166 etiam
1492 1113 1728 1180 ipsorum
1779 1113 2065 1166 utilitatem

503 1214 779 1272 spectans,
841 1207 905 1256 ad
946 1215 1153 1271 tempus
1195 1205 1412 1270 aliquod
1471 1205 1656 1258 eadem
1711 1203 1941 1258 inhibet.
1986 1203 2066 1257 Ad

504 1310 795 1362 summam,
824 1309 926 1348 non
967 1309 1070 1347 una
1099 1297 1207 1359 via,
1233 1296 1324 1347 sed
1353 1296 1538 1348 multis
1575 1309 1638 1347 ac
1669 1294 1916 1360 diversis,
1945 1309 2068 1363 per-

504 1401 731 1457 queres
789 1385 1094 1439 Contrarias
1155 1400 1565 1452 nonnunquam,
1615 1386 1684 1439 ad
1747 1401 1908 1438 unum
1972 1400 2067 1439 nos

508 1482 666 1532 tinem
696 1477 962 1545 perducit,
990 1486 1047 1529 nt
1083 1487 1228 1530 recte
1277 1478 1456 1531 vivere
1519 1479 1810 1545 possimus.
1847 1478 1906 1530 Et
1963 1493 2066 1545 quo

505 1584 661 1641 paeto
691 1580 1118 1624 consi'ntancum
1165 1579 1332 1631 esset,
1393 1570 1546 1621 aliter
1579 1585 1698 1622 eum
1750 1585 1929 1638 agere,
1978 1571 2066 1638 qui

505 1678 600 1731 pro
639 1661 906 1714 Universis
964 1669 1046 1712 est
1097 1668 1362 1720 mortuus,
1411 1675 1627 1712 crucem
1698 1661 1959 1714 sustinuit
2006 1667 2069 1714 ac

507 1755 829 1814 nuditatem,
859 1767 970 1805 rem
1023 1752 1284 1805 Inaleticis
1335 1753 1680 1814 destinatam,
1723 1753 1923 1820 quique
1976 1753 2067 1804 de-

2171 570 2390 635 δεῆσαν.
2419 570 2526 622 Καί
2559 587 2660 622 που
2706 573 2799 624 καὶ
2828 573 2938 634 τοῖς
2967 573 3387 643 αὐστηροτέροις
3423 578 3737 648 βοηθήματι

2173 659 2435 729 χρήσεται
2466 661 2601 730 μετᾶ
2634 662 2732 730 τῆς
2767 663 3027 733 συνήθους
3063 665 3209 733 αὐτῷ
3238 670 3608 738 χρηστότητος
3642 676 3737 724 καὶ

2175 746 2608 817 φιλανθρωπίας.
2650 751 2723 801 Οὐ
2755 751 2818 820 δὴ
2851 752 3063 820 θελήσει
3120 757 3302 817 κακῶς
3352 758 3518 825 ἔχειν,
3554 761 3647 823 οὓς
3682 765 3738 829 ἐξ

2173 837 2270 889 οὐκ
2303 837 2473 890 ὄντων
2503 840 2812 907 παρήγαγε,
2850 844 2944 892 καὶ
2973 844 3091 905 ταῖς
3115 844 3311 897 ἑαυτοῦ
3345 849 3534 914 χερσῖν
3566 849 3737 900 ἔπλα-

2176 946 2266 980 σεν
2288 943 2300 957 ·
2338 929 2456 981 ἀλλ’
2488 929 2548 982 εὖ
2584 931 2801 1000 ποιήσει
2835 934 3054 995 τούτους
3081 933 3343 1003 διηνεκῶς
3380 939 3466 989 διὰ
3495 940 3735 998 πάντων,

2174 1020 2280 1072 τῶν
2325 1037 2383 1071 τε
2416 1019 2603 1083 δεξιῶν
2637 1039 2777 1090 φημι
2811 1025 2903 1077 καὶ
2939 1025 3265 1095 ἀριστερῶν,
3299 1028 3441 1080 κατὰ
3474 1031 3564 1081 τὸν
3595 1033 3740 1084 θεῖον

2187 1111 2526 1176 ’Λπὸςτολον,
2561 1113 2734 1182 ὀρθῶς
2760 1113 3006 1183 βιοῦντας
3042 1119 3134 1169 καὶ
3160 1119 3233 1188 μή
3263 1135 3275 1148 ·
3310 1119 3500 1188 ὥσπερ
3547 1125 3739 1190 ἀμέλει

2177 1205 2268 1257 καὶ
2299 1206 2454 1260 ὑετὸν
2513 1210 2606 1259 καὶ
2648 1207 2799 1277 ἥλιον
2829 1211 3038 1272 τούτοις
3064 1212 3316 1280 παρέχει.
3355 1215 3460 1266 Καὶ
3493 1213 3642 1280 αὖθῑς
3681 1236 3740 1282 γε

2180 1298 2314 1364 πρὸς
2365 1299 2428 1349 τὸ
2465 1300 2742 1366 συμφέρον
2801 1301 2978 1352 αὐτῶν
3020 1303 3197 1374 ὀρῶν,
3234 1306 3326 1356 ἐπὶ
3382 1309 3576 1374 καιρόν
3621 1327 3740 1360 τινα

2176 1391 2346 1442 ταῦτα
2378 1389 2582 1459 ἐπέχει.
2621 1393 2726 1446 Καὶ
2745 1393 2878 1456 ὅλως
2902 1394 2961 1446 ού
2996 1394 3084 1447 διὰ
3119 1397 3246 1461 μιᾶς
3273 1396 3410 1458 ὀδοῦ,
3449 1398 3586 1468 ἀλλὰ
3618 1400 3742 1449 πσλ-
3812 1388 3819 1391 ’

2176 1478 2283 1529 λῶν
2316 1497 2371 1529 τε
2403 1481 2495 1531 καὶ
2523 1480 2818 1548 διαφόρων,
2837 1486 2929 1534 καὶ
2959 1485 3297 1551 πραγμάτων
3316 1487 3570 1539 ἐναντίων
3596 1490 3742 1540 ἔστιν

2176 1571 2258 1634 οὗ,
2292 1572 2426 1638 πρὸς
2461 1574 2517 1624 ἕν
2569 1594 2618 1626 τι
2670 1577 2818 1637 τέλος
2871 1579 3016 1644 ἡμᾶς
3055 1581 3258 1644 ἐνάγει,
3303 1583 3359 1632 τὸ
3413 1582 3510 1649 ζῇν
3565 1586 3740 1651 ὁρῦῶς

2177 1663 2490 1731 δυνηθῆναι.
2527 1667 2636 1718 Καὶ
2674 1669 2788 1728 πῶς
2837 1667 2901 1719 ἂν
2941 1670 3116 1732 ἄλλως
3155 1673 3300 1734 εἰκὸς
3347 1670 3412 1742 ἦν
3458 1677 3736 1744 πράττειν,

2179 1755 2234 1816 ὃς
2269 1756 2406 1824 ὑπὲρ
2435 1758 2654 1809 πάντων
2700 1758 2968 1824 ἀπέθανε,
3005 1764 3237 1828 σταυρὶν
3297 1766 3392 1832 μὲν
3443 1766 3740 1834 ὑπομείνας

506 1848 670 1900 decus
712 1855 765 1898 et
791 1845 1147 1912 ignominiam
1192 1844 1414 1895 omnino
1465 1858 1569 1894 non
1619 1845 1853 1907 curavit,
1890 1843 2068 1896 inlini-

2180 1848 2266 1899 καῖ
2315 1849 2617 1915 γύμνωσιν,
2678 1853 2911 1920 πρᾶγμα
2964 1854 3301 1922 κακούργοις
3358 1859 3738 1927 διωρισμένον,

509 1933 670 2001 taque
700 1933 985 1994 sustinuit,
1013 1933 1076 1984 ad
1104 1932 1370 1984 inﬁnitam
1401 1931 1619 1984 inventa
1653 1931 2066 1994 contumeliam,

507 2025 614 2079 illis
636 2026 767 2078 solis
793 2033 1208 2092 competentem,
1251 2024 1428 2091 qui-ea
1487 2025 1660 2090 ipsum
1716 2023 2068 2077 aﬂ‘ecerunt?

508 2119 634 2173 Haec
674 2132 802 2185 ergo
833 2133 954 2169 cum
1009 2130 1422 2183 cognoscamus,
1472 2115 1768 2179 auditores,
1807 2123 2073 2183 quotquot.

508 2211 735 2272 adestis,
801 2209 947 2260 illmn
988 2208 1231 2260 omnium
1269 2206 1686 2259 stolidissimum
1743 2206 2070 2271 iudicemus,

509 2305 600 2373 qui
643 2302 800 2356 facile
835 2299 1182 2375 condemnat,
1221 2295 1424 2349 oblitus
1480 2311 1749 2363 suprema:
1783 2295 1930 2348 illius
1963 2297 2074 2348 cle-

510 2391 752 2459 mentiae,
791 2393 1049 2449 bonitatis
1075 2390 1546 2462 incomparabilis,
1612 2389 2074 2456 inexsuperabilis

510 2488 884 2558 benignitatis.
914 2495 968 2538 et
997 2483 1133 2550 ejus,
1171 2482 1258 2549 qui
1287 2491 1565 2549 peccatum
1616 2495 1779 2534 omne
1837 2483 2074 2549 sustulit,

507 2597 560 2641 ct
592 2585 782 2639 mortis
807 2583 874 2636 ab
900 2596 961 2634 eo
986 2596 1080 2648 pro
1105 2578 1260 2631 nobis
1317 2576 1494 2638 obiur,
1547 2577 1866 2644 prohrorum
1899 2615 1913 2640 ,
1946 2591 2070 2629 cru-

505 2676 772 2740 ciatunm,
806 2671 1152 2739 iniuriarum,
1188 2677 1242 2720 et
1265 2681 1603 2735 quaecunque
1646 2676 1770 2720 tunc
1817 2667 2075 2720 comitata

508 2775 637 2821 sunt
666 2764 956 2819 absurdam
1000 2758 1340 2812 iracundiam
1373 2757 1786 2819 sceleratorum,
1846 2772 1908 2811 ex
1947 2758 2080 2809 invi-

508 2859 594 2910 dia
650 2857 846 2910 cacdem
901 2853 1071 2921 ipsius
1126 2850 1450 2911 sitientium,
1510 2857 1567 2899 ut
1612 2849 1813 2915 cavilli,
1864 2861 2077 2922 atroces

509 2947 739 3018 injuriae,
783 2943 1089 3003 maledicta,
1124 2949 1300 3007 sputa,
1370 2939 1558 3004 alaptc,
1601 2941 1744 2992 nulla
1801 2957 1904 2994 non
1959 2942 2080 2994 illn-

517 3035 730 3096 sionum
773 3035 1006 3105 species,
1062 3043 1222 3098 atquc
1275 3031 1438 3084 e'iam
1485 3045 1682 3083 corona
1715 3033 2078 3096 cuntumelim,

2172 1934 2432 2007 αἰσχύνης
2464 1939 2518 1990 δὲ
2551 1941 2899 1994 παντάπασιν
2932 1943 3228 2012 ἀλογήσας,
3279 1949 3372 1999 καί
3403 1951 3572 2017 μυρία
3602 1953 3739 2019 πρά-

2175 2044 2354 2096 γματα
2379 2028 2618 2091 ὑποστὰς
2645 2031 2777 2098 πρὸς
2820 2031 2976 2101 ὓϐριν
3011 2036 3211 2103 μυρίαν
3249 2037 3611 2107 ἐξευρημένα,
3649 2041 3736 2108 μό-

2175 2136 2282 2180 νοις
2315 2119 2539 2181 ἐκείνοις
2572 2121 2847 2188 πρέποντα
2880 2124 2993 2184 τοῖς
3029 2125 3382 2193 ὲξυϐρίσασιν
3417 2129 3499 2190 εἰς
3536 2129 3730 2194 αύτὸνς

2175 2209 2341 2261 Ταῦτ’
2371 2210 2466 2263 οὖν
2499 2211 2882 2276 γινώσκοντες,
2917 2206 2960 2264 ὦ
3021 2215 3310 2282 παρόντες,
3343 2217 3563 2272 πάντων
3606 2219 3728 2288 εὑη-

2177 2301 2429 2369 θέστερον
2446 2301 2634 2353 τοῦτον
2667 2303 2966 2369 κρίνωμεν,
2991 2304 3081 2357 τὸν
3112 2306 3352 2376 εὐχερῶς
3381 2311 3723 2380 κατακρίνονε

2177 2409 2265 2453 τα,
2311 2392 2803 2461 ἐπιλανθανόμενον
2839 2394 2936 2462 τῆς
2969 2397 3230 2449 ἀνωτάτω
3285 2399 3716 2470 φιλανθρωπῖας,

2177 2481 2276 2548 τῆς
2303 2482 2625 2534 ἁνεικοὶστου
2649 2483 3027 2550 ἀγαθωσύνης,
3055 2487 3154 2556 τῆς
3183 2489 3588 2559 ἀνυπερϐλήτου
3612 2509 3726 2562 χρη-

2182 2572 2460 2639 στότητος,
2494 2575 2587 2624 τοῦ
2622 2591 2679 2625 τε
2706 2576 2993 2644 ἀναιρέτου
3039 2577 3139 2644 τῆς
3189 2580 3464 2647 ἀμαρτῐας
3501 2581 3728 2650 ἁπάσης,

2180 2662 2275 2714 καὶ
2308 2664 2400 2714 τοῦ
2432 2662 2498 2715 δι’
2526 2666 2675 2733 ἡμᾶς
2706 2667 2916 2717 ἐκείνου
2947 2667 3199 2733 θανέτου,
3235 2672 3343 2722 τῶν
3378 2674 3733 2735 ὀνειδὲινπῶν

2183 2755 2540 2822 παθημάτων,
2571 2757 2678 2807 τῶν
2715 2756 2924 2821 ὕϐρεων
2946 2796 2961 2820 ,
2999 2760 3090 2810 καὶ
3123 2760 3220 2812 ὅσα
3251 2763 3368 2814 τότε
3401 2768 3734 2834 παρηκολού-

2181 2844 2313 2912 θησε
2335 2845 2412 2912 τῷ
2439 2847 2732 2916 παραλόγῳ
2765 2846 2921 2916 θυμῷ
2955 2850 3063 2901 τῶν
3095 2841 3378 2917 φονῶντων
3493 2857 3584 2908 τοῦ
3613 2856 3738 2925 φθό-

2181 2952 2272 2986 νου
2301 2933 2691 3007 καθαρμάτων,
2729 2938 3055 3007 σκώμματα,
3083 2943 3551 3013 προπηλακισμοὶ,
3583 2949 3738 3016 βλαυ-

2183 3029 2400 3096 φημίαι,
2478 3031 2809 3098 ἐμπτυσμοῖ,
2842 3033 3184 3111 ῥαπίσματα,
3231 3036 3376 3090 ἆπαν
3406 3039 3736 3112 ἐμπαιγμῶν

507 3139 785 3201 caputque
808 3126 1008 3181 feriens
1041 3124 1303 3178 calamus.
1339 3121 1603 3174 Nimirum
1633 3121 2075 3177 dcstillabattunc

2183 3117 2358 3183 εἷδοςο
2412 3121 2504 3174 καὶ
2532 3123 2596 3192 δὴ
2625 3125 2718 3175 καὶ
2771 3125 3034 3192 στέφανος
3089 3125 3316 3199 ὕϐρεως,
3368 3133 3462 3184 καὶ
3502 3131 3735 3204 κάλαμος

509 3241 540 3279 e
568 3219 892 3288 beatzqtarie
917 3217 1080 3271 divini
1123 3217 1339 3282 capitis,
1373 3215 1668 3281 vulnerati,
1707 3231 1825 3270 mea
1857 3216 2070 3281 quidem

510 3292 806 3371 sententia,
831 3316 938 3360 tam
981 3322 1008 3359 a
1042 3306 1257 3358 calamo
1300 3320 1464 3373 quam
1497 3317 1525 3356 a
1559 3305 1748 3371 spinis,
1779 3304 1846 3360 de
1877 3305 2074 3372 quibus

510 3401 766 3457 salutaris
802 3397 892 3451 illa
941 3396 1095 3449 nobis
1135 3409 1333 3451 corona
1381 3393 1626 3447 manibus
1681 3392 2072 3447 homicidarum

511 3502 766 3550 contexta
821 3491 942 3545 fuit.
1007 3489 1186 3553 Babae,
1226 3497 1429 3556 quanta
1459 3483 1618 3541 fecit!
1673 3495 1872 3556 quanta
1915 3488 2077 3540 susti-

509 3587 658 3640 nuit!
719 3592 777 3636 et
829 3582 1043 3650 quidem
1104 3579 1500 3647 proinimicis,
1557 3591 1652 3645 pro
1703 3577 2076 3629 condemnatis

511 3674 868 3731 hominibus:
906 3682 1132 3741 propter
1168 3686 1303 3738 quos
1366 3679 1420 3723 et
1479 3671 1640 3722 homo
1684 3668 1858 3722 factus
1889 3678 1990 3730 est,
2047 3685 2078 3722 c

509 3769 742 3823 muliere
777 3776 959 3828 natus,
988 3772 1041 3817 et
1071 3777 1291 3818 carnem
1325 3777 1386 3814 ac
1416 3770 1788 3830 paupertatem
1835 3769 2077 3813 nostram

509 3859 771 3926 suscepit,
803 3872 908 3924 quo
937 3856 1046 3923 pati
1072 3862 1255 3920 posset
1296 3871 1310 3908 :
1345 3864 1403 3906 ut
1453 3868 1552 3905 nos
1581 3851 1842 3906 liberaret
1871 3867 1898 3903 a
1949 3866 2106 3904 cru-.

512 3951 656 4004 eiatu
721 3958 772 4000 et
807 3948 960 3999 malis
994 3945 1210 3999 ancrnis
1246 3943 1410 3996 animi
1455 3943 1658 4010 pariter
1686 3952 1850 4010 atque
1882 3955 2077 4009 corpo-

511 4043 610 4104 ris,
670 4041 868 4108 quibus
920 4039 1236 4093 universum
1285 4051 1454 4106 genus
1508 4035 1782 4088 hominum
1831 4033 2072 4092 obnoxii,

510 4115 807 4188 multorum
839 4143 1264 4198 magnorumque
1292 4141 1456 4180 causa
1485 4127 1807 4191 delictorum
1833 4140 2074 4178 eramus.

512 4225 636 4280 llaec
689 4233 867 4276 autem
931 4221 1110 4274 omnia
1165 4220 1536 4271 demonstrant
1594 4217 1761 4285 ipsius
1803 4229 1928 4282 erga
1981 4230 2078 4267 nos

509 4331 751 4370 antorem
811 4313 1101 4382 quemdam
1164 4297 1513 4370 ineﬂ‘atiilem,
1571 4316 1624 4359 et
1663 4311 1826 4374 Stlpt‘a
1885 4305 2078 4358 mentis

512 4410 923 4478 intelligentiam
967 4407 1222 4469 positum.
1261 4401 1480 4453 Poterat
1512 4399 1654 4450 enim
1689 4399 1886 4450 (-celum
1923 4398 2076 4450 inco-

2179 3211 2317 3264 κατά
2349 3216 2588 3282 κορυφῆς
2626 3215 2822 3268 παίων.
2865 3211 2942 3268 Ἦ
2969 3234 3072 3269 που
3111 3221 3409 3282 κατέσταξε
3435 3223 3526 3276 τοῦ
3559 3243 3734 3294 μακα-

2181 3303 2451 3371 ρίου⁹τὸτε
2492 3307 2878 3374 προσώπούτὺ
2921 3308 3021 3374 τῆς
3073 3308 3261 3378 θεῖκῆς
3306 3315 3546 3383 κεφαλῆς
3573 3311 3730 3384 αἷμα,

2177 3391 2679 3465 τρωθείσης,οἷμαι,
2709 3398 2803 3448 καὶ
2819 3397 2894 3466 τῷ
2926 3398 3175 3470 καλάμῳ,
3198 3403 3290 3454 καὶ
3317 3408 3424 3464 ταῖς
3445 3404 3723 3469 ἀκάνθαις,

2180 3480 2265 3548 αἷς
2291 3488 2315 3538 ὁ
2340 3487 2603 3556 σωτήριος
2637 3489 2766 3556 ἡμῖν
2813 3491 2970 3558 χερσὶ
3018 3491 3126 3543 τῶν
3178 3493 3483 3562 ἀλαστόρων
3516 3496 3720 3565 ἐπλάκη

2180 3576 2457 3642 στέφανος.
2495 3577 2664 3629 Βαϐαῖ
2686 3619 2700 3641 ,
2755 3579 2838 3631 ὅτ’
2868 3580 3142 3648 ἕπραξενῐ
3201 3583 3280 3634 63'
3307 3584 3550 3654 ύπέττηῐ
3596 3585 3728 3654 ὑπὲρ

2181 3667 2412 3735 ἐχθρῶν,
2449 3668 2588 3736 ὑπὲρ
2649 3671 2995 3739 κατακρίτων
3025 3672 3362 3742 ἀνθρώπων·
3400 3675 3466 3726 δι’
3521 3673 3612 3736 οὓς
3647 3674 3736 3727 καὶ
3817 3676 3830 3688 ”

2181 3758 2406 3824 γέγονεν
2459 3757 2767 3826 ἄνθρωπος,
2827 3763 2889 3813 ὲκ
2921 3764 3180 3828 γυναικὸς
3226 3764 3530 3833 γεννηθεῖς,
3566 3767 3737 3834 σάρκα

2182 3849 2275 3899 καὶ
2306 3848 2496 3900 πενίαν
2521 3849 2617 3917 τὴν
2662 3851 2940 3920 ἡμετέραν
2974 3852 3430 3921 καταδεξὰμενος,
3470 3856 3609 3923 ὑπὲρ
3651 3855 3738 3908 τοῦ

2182 3939 2374 3990 παθεῖν
2394 3940 2685 4010 δυνηθῆναι
2707 3955 2721 3970 ⁸
2757 3942 2825 3993 ἵν’
2849 3944 2995 4011 ἡμᾶς
3020 3944 3362 4016 ἐλευθερώσῃ
3397 3947 3622 4009 πάθους,
3653 3951 3739 3998 καὶ

2181 4022 2370 4083 δεινῶν
2403 4031 2683 4084 ἀθανάτων
2727 4033 2861 4099 ὁμοῦ
2896 4033 3075 4102 ψυχῆς
3107 4051 3164 4086 τε
3201 4037 3294 4086 καὶ
3343 4035 3619 4102 σώματος,
3670 4028 3742 4087 ὧν

2182 4123 2242 4173 τὸ
2273 4123 2425 4190 γένος
2460 4123 2602 4176 ἆπαν
2651 4123 2904 4194 ὕπόχρεῲ
2936 4121 3096 4193 ἦμεν,
3131 4127 3251 4178 ἀντ)⁸
3281 4125 3493 4178 πολλῶν
3525 4127 3618 4178 καῖ
3651 4143 3743 4194 με-

2149 4248 2151 4250 -
2183 4214 2362 4281 γάλων
2393 4217 2830 4284 ἁμαρτημάτων.
2873 4215 3055 4269 Ταῦτα
3089 4217 3144 4268 δὲ
3173 4216 3349 4268 πάντα
3383 4217 3625 4270 δείκνυσι
3651 4218 3745 4287 τὴν

2185 4307 2262 4367 εἰς
2291 4307 2436 4373 ἡμᾶς
2466 4305 2687 4375 ἀγάπην
2710 4307 2897 4370 αὐτοῦ,
2924 4307 3159 4378 ἄρρητον
3182 4325 3299 4360 τινα
3326 4311 3419 4360 καὶ
3444 4309 3746 4376 ἀκατανόη-

2183 4415 2270 4449 τον
2303 4397 2486 4451 οὖσαν.
2514 4399 2769 4452 Ἐδύνατο
2797 4400 2896 4467 μὲν
2920 4401 3047 4470 γὰρ,
3075 4401 3166 4452 τὸν
3206 4401 3439 4470 οὐρανόν
3470 4417 3526 4452 τε
3557 4402 3743 4464 οἰκῶν,

508 4507 644 4569 lens,
691 4513 1030 4568 nequaquam
1077 4506 1350 4562 assumpta
1417 4502 1610 4546 natura
1665 4502 1874 4556 nostra,
1911 4492 2075 4546 verbo

2185 4489 2278 4540 καὶ
2325 4489 2589 4558 μηδαμῶς
2641 4490 3045 4558 ἀναλαϐόμενος
3074 4491 3132 4542 τὸ
3169 4493 3452 4560 ἡμέτερον,
3488 4491 3579 4543 καὶ
3604 4491 3746 4560 λόγῳ

509 4598 775 4650 duntaxat
813 4609 876 4645 ac
915 4599 1045 4644 nutu
1088 4589 1318 4642 liberare
1344 4600 1510 4654 genus
1539 4592 1784 4637 nostrum
1823 4599 1852 4637 e
1880 4583 2106 4638 diaboli'

512 4687 744 4739 vinculis
785 4700 848 4738 ac
891 4681 1198 4754 tyrannide,
1231 4692 1436 4745 nosque
1473 4691 1564 4744 per
1593 4677 1772 4729 omnia
1800 4675 2076 4730 beneﬁciis

513 4779 749 4832 allicere.
785 4778 970 4829 itidem
996 4775 1105 4843 pati
1139 4787 1246 4843 non
1274 4775 1562 4840 potuisset,
1593 4783 1696 4822 non
1739 4766 2078 4837 factusejus-

515 4875 635 4921 dem
700 4867 979 4920 nobiscum
1051 4837 1371 4917 substantiae
1425 4860 1714 4928 particeps.
1768 4856 1966 4912 Verum
2023 4865 2081 4908 ut

515 4973 754 5012 amorem
789 4971 915 5026 erga
954 4973 1072 5020 nos,
1106 4957 1236 5024 proli
1269 4955 1552 5022 quantuml
1599 4952 1938 5015 ostenderet,
1975 4967 2079 5003 non

514 5063 802 5109 contentus
822 5065 946 5116 uno,
983 5053 1234 5104 nimirum
1264 5058 1321 5102 ut
1352 5049 1508 5101 nobis
1537 5047 1896 5107 benefacta-et,
1917 5044 2078 5097 etiam

518 5148 748 5200 alterum
785 5143 1004 5210 adjecit,
1064 5144 1340 5197 cruciatus
1398 5139 1649 5194 videlicet
1713 5148 1935 5206 propter
1983 5152 2082 5189 nos

517 5233 668 5302 suos,
705 5252 839 5306 quos
864 5236 1026 5287 carne
1059 5247 1254 5296 passus
1285 5242 1387 5286 est.
1425 5231 1554 5284 Nam
1595 5231 1701 5283 tale
1725 5229 1982 5298 quiddam
2000 5235 2082 5280 cst
2107 5267 2124 5276 ,

521 5347 679 5386 w-rus
715 5342 871 5382 amor
897 5345 910 5380 :
947 5324 1078 5378 facit
1109 5335 1168 5377 ut
1199 5339 1388 5378 amans
1413 5325 1691 5377 continere
1719 5336 1777 5376 se
1809 5337 1910 5373 non
1947 5335 2041 5386 pos
2063 5349 2079 5357 -

521 5428 615 5491 sit,
640 5423 769 5493 quin
795 5425 1017 5488 propter
1040 5415 1296 5469 dilectum
1331 5416 1592 5483 patiatur.
1624 5416 1798 5479 Atque
1831 5413 1930 5464 hoc
1951 5408 2080 5461 mihi

514 5501 674 5590 caput
710 5512 1056 5570 .lemissionis
1081 5515 1134 5562 et
1170 5507 1453 5561 societatis
1481 5521 1606 5574 erga
1640 5521 1739 5558 nos
1779 5503 2083 5557 Salvatoris

477 5615 680 5667 'nostri
713 5611 924 5663 videtur
972 5618 1108 5657 esse.
1142 5598 1275 5652 Nam
1309 5600 1352 5650 si
1393 5600 1532 5650 hunc
1589 5613 1828 5650 ιιιιιυινιιιιι
1901 5597 1948 5645 in
1989 5595 2083 5644 ho-

519 5703 756 5755 minibus
809 5701 969 5753 etiam
1004 5693 1250 5749 invenire
1311 5691 1458 5753 licet,
1495 5705 1667 5755 neque
1728 5689 1819 5740 Dei
1877 5697 2081 5738 tantum

511 5805 698 5851 causa.
723 5795 823 5849 sed
851 5793 1131 5849 hominum
1155 5799 1395 5857 quoque,
1435 5791 1680 5838 mortuos
1727 5780 1930 5834 scimus
1984 5777 2082 5832 ali-

2187 4580 2352 4648 μόνῳ,
2390 4583 2484 4632 καὶ
2515 4579 2768 4651 νεύματι,
2804 4583 2912 4634 τῶν
2946 4580 3038 4634 τοῦ
3082 4583 3328 4636 διαϐόλου
3361 4583 3579 4652 δεσμῶν
3605 4622 3619 4644 ,
3656 4584 3749 4635 καὶ

2182 4673 2280 4740 τῆς
2309 4673 2659 4742 τυραννίδος,
2715 4673 2982 4726 λύσασθαι
3033 4674 3093 4726 τὸ
3129 4675 3285 4742 γένος
3330 4676 3482 4743 ἡμῖν,
3534 4675 3630 4727 καὶ
3661 4675 3747 4728 διὰ

2187 4767 2402 4818 πάντων
2431 4766 2774 4835 εὐεργετεῖν·
2812 4767 3004 4819 παθεῖν
3043 4766 3098 4818 δὲ
3129 4767 3226 4820 οὐκ
3261 4765 3327 4819 ἂν
3355 4764 3487 4835 εἶχε,
3529 4767 3607 4837 μὴ
3648 4766 3750 4834 τῆς

2184 4857 2352 4925 αὐτῆς
2384 4858 2514 4928 ἡμῖν
2547 4859 2887 4926 κοινωνήσας
2930 4857 3140 4920 οὐσίας,
3171 4859 3243 4910 Τὸ
3287 4859 3330 4909 δ’
3355 4858 3447 4910 οὖν
3493 4858 3572 4920 εἰς
3600 4860 3752 4927 ἡμᾶς

2185 4950 2630 5018 ἐπιδεικνύμενος
2697 4951 2918 5018 φίλτρον
2978 4952 3142 5014 ὃσον;
3218 4950 3334 5004 Οὐκ
3383 4950 3624 5020 ἠρκέσθη
3685 4967 3749 5017 γε

2185 5042 2421 5112 θατέρῳ,
2456 5041 2600 5106 λέγω
2658 5040 2728 5110 δὴ
2775 5041 2853 5110 τῷ
2907 5035 2966 5094 εὖ
3022 5041 3224 5102 ποιεῖν,
3273 5041 3410 5093 ἀλλὰ
3439 5041 3531 5093 καὶ
3593 5038 3752 5093 θάτε-

2187 5151 2280 5203 ρον
2326 5135 2660 5204 προσέθηκε,
2715 5132 2786 5184 τὰ
2852 5132 2919 5184 δι’
2980 5133 3126 5200 ἡμᾶς
3186 5134 3394 5183 ἐκείνου
3449 5133 3749 5200 παθήματα

2183 5225 2272 5279 διὰ
2301 5227 2398 5294 τῆς
2432 5225 2652 5292 σαρκός.
2685 5222 2940 5276 Τοιοῦτον
2988 5223 3096 5292 γὰρ
3137 5225 3162 5275 ὁ
3205 5222 3409 5290 ἀληθὴς
3439 5222 3599 5293 ἔρως.
3633 5223 3753 5276 Οὐκ

2187 5315 2472 5384 ἀνέχεσθαι
2509 5317 2652 5368 ποιεῖ
2677 5316 2766 5366 τὸν
2793 5313 3024 5384 ἐρῶντα,
3059 5313 3108 5364 εἰ
3137 5313 3212 5381 μὴ
3242 5313 3328 5365 διὰ
3355 5312 3444 5364 τὸν
3475 5313 3753 5379 ἐρώμενον

2188 5407 2368 5459 πάθοι.
2406 5407 2513 5458 Καὶ
2547 5404 2702 5457 τοῦῑό
2745 5421 2834 5473 μοι
2867 5403 3011 5455 δοκεῖ
3054 5403 3112 5454 τὸ
3142 5402 3436 5470 κεφάλαιον
3481 5397 3621 5454 εἶναι
3651 5405 3755 5472 τῆς

2192 5496 2323 5564 πρὸς
2355 5497 2499 5563 ἡμᾶς
2533 5495 2625 5547 τοῦ
2663 5495 2914 5563 Σωτῆρος
2944 5493 3404 5561 συγκαταϐιὶισεὼς
3434 5510 3493 5546 τε
3516 5494 3607 5546 καὶ
3635 5509 3756 5546 κοι-

2187 5590 2402 5650 νωνίας.
2441 5590 2500 5639 Εἰ
2551 5589 2658 5656 γὰρ
2711 5589 2768 5639 ὲν
2803 5585 3114 5657 ἀνθρώποις
3156 5585 3302 5638 ἔστιν
3331 5586 3513 5656 εὑρεῖν
3545 5583 3756 5637 τουτονὶ

2186 5681 2274 5732 τὸν
2300 5680 2496 5750 ἔρωτα,
2530 5682 2625 5730 καὶ
2656 5677 2752 5745 οὐχ
2783 5676 2920 5745 ὑπὲρ
2947 5675 3038 5730 τοῦ
3097 5673 3228 5727 Θεοῦ
3280 5676 3460 5743 μόνον,
3492 5674 3626 5727 ἀλλά
3658 5675 3756 5727 καὶ

2191 5774 2329 5838 ὑπὲρ
2363 5770 2666 5837 ἀνθρώπων
2693 5767 2974 5833 χαίροντές
3008 5782 3152 5825 τινες
3183 5766 3400 5821 τεθνᾶσι
3448 5766 3619 5820 πολλά
3646 5783 3756 5820 1::-
