4098 6272
310 346 409 416 5’21

1654 432 1657 433 ί
1707 344 1997 405 ORATIO
2041 347 2136 407 vr.

3445 338 3550 402 52‘2

313 471 520 530 θόντες,
557 465 668 528 πῶς
717 465 815 517 οὐκ
851 464 916 518 ἂν
949 462 1209 532 ἁρμόσειε
1259 460 1418 514 τοῦτο
1459 460 1538 528 τῷ
1578 461 1674 529 τῆς
1715 461 1888 529 ἄκρας

2016 475 2126 530 ιυοε
2153 475 2271 515 cum
2316 459 2610 528 voluptate,
2657 458 2822 510 multa
2881 455 3033 523 prius
3087 467 3391 522 perpessos,
3447 452 3591 521 quo'

312 558 646 626 ἀγαθότητος
673 556 875 625 Δίξρωτις
913 554 1012 606 Διὶ
1049 553 1261 605 πολλῶν
1318 553 1415 621 μὲν
1446 551 1552 620 γὰρ
1584 551 1677 603 καὶ
1705 552 1881 604 ἄλλων

310 652 548 721 ἠδύνατο
578 649 794 720 τρόπων
827 648 995 701 σῶσαι
1023 646 1112 700 τὸν
1143 646 1428 714 ἄνθρωπον
1458 645 1484 695 ὁ
1503 644 1712 712 Σωτὴρ,
1746 644 1880 695 ἐσω-

314 756 377 794 σε
409 740 453 792 δ’
476 738 568 790 οὖν
595 737 915 806 σαρκωθεὶς,
953 734 1158 804 πρέπον
1191 732 1252 784 ὃν
1272 731 1414 784 οὓτω
1448 731 1724 798 γενέσθαι,
1755 729 1883 780 πο).-

310 831 422 884 λῶν
454 828 550 899 μὲν
585 829 748 881 ἕνεκα
784 827 875 879 καὶ
920 825 1192 894 μεγάλων,
1251 823 1488 892 μάλιστα
1539 819 1592 872 δὲ
1617 821 1717 884 τῆς
1748 820 1882 888 πρὸς

311 923 462 994 ἡμᾶς
495 920 715 988 ἀγάπης
756 919 942 981 αὑτοῦ,
999 915 1313 986 ὑπερφυοῦς
1354 912 1539 981 οὔσης.
1573 909 1684 962 Καὶ
1730 908 1882 960 ταῦτ’

311 1013 471 1074 εἰδὼς
501 1013 606 1071 πᾶς
628 1007 880 1062 ὁστισοῦν
908 1007 1016 1061 τῶν
1041 1005 1330 1076 προϐάτιον
1354 1005 1603 1062 ἐκείνων,
1627 1000 1660 1053 ἀ
1693 999 1757 1068 δὴ
1787 999 1884 1065 τῆς

313 1104 483 1170 αὐλῆς
532 1103 649 1154 ἐστι
701 1100 799 1167 τῆς
847 1100 1194 1166 δεσποτικῆς,
1237 1093 1510 1162 σκιρτάτω
1547 1091 1757 1161 χαίρων
1791 1089 1883 1142 καὶ

311 1195 763 1264 φαιδρυνὸμενος.
799 1194 890 1244 Ἂν
948 1191 1046 1258 μὲν
1081 1182 1249 1257 γὰρῇ
1290 1188 1354 1254 τῇ
1392 1183 1598 1253 μάνδρᾳ
1645 1181 1884 1234 συνδιαι-

312 1285 578 1354 τιτψενος,
604 1285 696 1336 καὶ
741 1282 968 1350 πληρῶν
999 1279 1091 1331 τὸν
1139 1277 1372 1345 ἀριθμὸν
1410 1274 1511 1342 τῆς
1547 1272 1886 1343 θρυλλουμέ-

311 1397 412 1449 νης
439 1374 792 1435 ἑκατοντάδος
844 1371 930 1443 (εὖ
983 1373 1091 1440 γὰρ
1124 1369 1294 1422 ποιῶν
1328 1369 1353 1419 ὁ
1388 1367 1540 1433 λόγος
1572 1366 1722 1436 ἡμᾶς
1761 1365 1885 1430 ἐνή-

312 1487 487 1538 γαγεν
519 1468 607 1521 ἐπὶ
662 1466 760 1535 τὴν
792 1462 1112 1535 παραϐολὴν
1167 1461 1268 1531 ἤδη
1304 1460 1556 1529 ταύτην),
1597 1457 1690 1510 ὑπ’
1719 1453 1884 1508 αὑτοῦ

314 1561 574 1630 ποιμένος
604 1559 923 1627 ἀχθήσεται,
967 1554 1060 1606 τοῦ
1095 1553 1260 1608 καλοῦ
1294 1570 1375 1614 τε,
1411 1554 1502 1604 καὶ
1532 1551 1600 1603 τὰ
1635 1550 1885 1618 πρόϐατα

315 1655 666 1722 κτησαμένου
701 1648 881 1718 πολλῷ
929 1650 1222 1718 τιμήματι.
1274 1647 1384 1699 Καὶ
1413 1646 1519 1715 γὰρ
1553 1645 1715 1708 αὐτὸς
1745 1645 1884 1713 ὑπὲρ

315 1745 500 1798 αὐτῶν
522 1744 617 1812 τὴν
641 1741 816 1811 ψυχὴν
846 1740 1082 1801 τέθεικε,
1115 1741 1211 1792 καὶ
1235 1739 1293 1792 τὺ
1321 1739 1454 1790 [διον
1484 1737 1700 1807 ἐξέχεεν
1729 1733 1884 1807 αἷμα,

315 1838 416 1889 καὶ
463 1833 658 1888 ἑαυτοῦ
686 1834 778 1886 τὸν
824 1831 1027 1900 τρόπον
1054 1831 1242 1883 τοῦτον
1273 1829 1601 1895 πεποίηκεν,
1635 1829 1889 1881 οὐδέποτε

313 1930 412 1983 καὶ
444 1929 574 1997 πρὶν
590 1927 723 1980 ὅντα
754 1926 904 1990 ξένα.
940 1925 1006 1976 Τί
1041 1924 1148 1992 γὰρ
1179 1923 1272 1976 καὶ
1317 1921 1767 1992 παραδραμείται
1796 1923 1893 1991 τὴν

314 2020 484 2075 αὐτοῦ
505 2019 827 2072 δεσποτείαν
852 2034 866 2080 ς
894 2016 1094 2086 τριπλῆ
1126 2017 1234 2083 γὰρ
1263 2015 1482 2068 πάντων
1511 2015 1775 2083 δεσπότης
1809 2006 1894 2066 οὗ·

313 2112 412 2174 τός
443 2113 558 2162 ἐστι
579 2125 593 2138 ο
617 2108 694 2178 τῷ
725 2107 1066 2174 παραγαγεῖν
1097 2107 1193 2157 καὶ
1212 2103 1642 2175 δημιουργῆσαι,
1660 2102 1737 2172 τῷ
1767 2121 1899 2172 προ-

313 2205 460 2256 νοεῖν
487 2220 544 2254 τε
579 2203 672 2254 καὶ
701 2197 759 2253 εὖ
794 2201 986 2262 ποιεῖν,
1013 2199 1088 2266 τῷ
1111 2197 1372 2250 δύνασθαι
1396 2196 1489 2248 καὶ
1519 2196 1750 2263 νεύματι
1779 2195 1895 2247 δια-

317 2293 563 2362 φθεῖραι.
605 2293 677 2344 Τὸ
701 2293 757 2344 δὲ
792 2291 1090 2361 μυστήριον
1139 2289 1330 2356 γέγονε
1362 2289 1423 2340 τὸ
1476 2287 1728 2356 φρικτὸν,
1767 2284 1833 2336 ῐν’
1863 2279 1896 2357 ᾗ

314 2385 383 2437 τὸ
411 2383 570 2451 φύσει
621 2383 822 2453 προσὸν
867 2382 1017 2450 αὑτῷ
1051 2381 1143 2433 καὶ
1199 2379 1397 2448 γνώμῃ
1455 2376 1896 2446 βασιλευόμενον.

318 2477 417 2538 Εἰς
456 2476 615 2527 τοῦτο
645 2475 753 2541 γὰρ
781 2470 935 2540 οίμαι
985 2470 1174 2539 φέρειν
1227 2470 1310 2534 τὸ,
1349 2469 1412 2519 '0
1452 2468 1667 2535 Κύριος
1699 2466 1902 2518 ἐϐασί-

319 2572 531 2622 ⁸ιευοίῑ.
568 2566 642 2618 Τὸ
691 2565 798 2633 γὰρ
848 2561 1268 2630 βασιλευόμενον
1325 2558 1460 2626 μὲν,
1502 2554 1654 2609 νᾶκον
1704 2557 1780 2619 δὲ,
1831 2554 1901 2608 δι’

319 2660 548 2727 ἄγνοιαν
589 2654 684 2708 τοῦ
715 2650 1225 2724 δημιουργοῢννυνὶ
1275 2652 1375 2719 τῆς
1402 2646 1747 2715 ἐπιγνώσεως
1782 2648 1903 2698 ἐπι-

324 2747 623 2817 λαμψάσης
679 2742 755 2814 τῷ
808 2742 1024 2812 κόσμῳ,
1083 2738 1377 2820 αὐτομολεῖ
1418 2753 1501 2799 τε,
1538 2736 1633 2820 καὶ
1663 2733 1818 2802 ζητεῖ
1846 2734 1907 2820 το

329 2834 714 2908 βασιλεύεσθαι
762 2832 899 2901 παρ’
940 2828 1128 2882 αὑτοῦ.
1161 2828 1352 2889 Ὅστις
1390 2825 1488 2896 μὲν
1535 2819 1627 2878 οὖν
1658 2821 1758 2892 τὴν
1805 2819 1904 2874 τοῦ

330 2931 590 3000 ποιμένος
624 2925 808 2994 φωνὴν
836 2919 966 2986 οἶδε,
1018 2921 1115 2974 καὶ
1150 2910 1436 2974 ἀκολουθεῖ
1485 2913 1602 2970 κατ’
1630 2915 1777 2985 ίχνος
1807 2930 1907 2966 πο-

331 3023 632 3092 ρευομένῳ,
658 3022 714 3071 ὲν
744 3016 945 3088 χλοερᾷ
981 3018 1048 3086 τῇ
1085 3014 1194 3084 πόᾳ
1224 3009 1662 3080 κατασκηνώσει,
1695 3007 1790 3062 καὶ
1816 3007 1911 3059 ἐπὶ⁸

1986 561 2145 621 pacto
2177 566 2281 605 non
2324 551 2465 604 idem
2500 552 2600 603 hoc
2632 549 2776 601 illius
2805 561 3069 615 supremae
3104 544 3361 598 bonitatis
3380 547 3550 598 amori

1988 641 2368 712 rompetierit?
2399 641 2608 709 Quippe
2641 640 2827 692 multis
2877 639 2997 691 aliis
3030 638 3190 689 etiam
3249 636 3419 689 modis
3453 635 3556 689 lto.-

1989 735 2152 788 Ininis
2187 734 2344 788 saluti
2380 733 2665 787 consulere
2702 730 2953 783 Salvator
2993 737 3227 797 poterat,
3266 736 3320 780 et
3375 734 3550 779 tamen

1987 841 2110 879 eum
2137 825 2393 888 servavit,
2441 833 2716 886 assumpta
2755 836 2940 886 carne,
2972 822 3112 888 quod
3160 821 3230 872 ita
3275 835 3384 871 rem
3420 833 3554 871 con-

1990 915 2104 970 ﬁeri
2150 918 2385 979 deceret,
2433 929 2557 968 cum
2622 914 2801 980 plures
2855 922 2908 967 et
2965 927 3184 978 magnas
3235 913 3304 965 ob
3338 927 3552 976 causas,

1990 1018 2100 1060 tum
2139 1007 2403 1074 imprimis
2428 1009 2496 1060 ob
2519 1007 2686 1074 ipsius
2716 1021 2841 1074 erga
2875 1021 2972 1059 nos
3007 1019 3247 1058 amorem
3277 1005 3556 1058 eximium.

1988 1101 2165 1168 Atque
2219 1099 2322 1154 hoc
2383 1114 2505 1153 cum
2560 1100 2701 1152 norit
2745 1098 2972 1166 quilibet
3027 1112 3211 1151 carum
3270 1113 3333 1150 ex
3376 1099 3556 1152 ovium

1990 1202 2214 1242 numero
2237 1205 2355 1257 quae
2387 1191 2545 1258 hujus
2569 1192 2635 1244 ad
2690 1190 2804 1243 beri
2838 1189 3109 1244 stabulum
3144 1189 3436 1256 pertinent,
3467 1189 3559 1240 lie-

1991 1291 2074 1334 tus
2099 1290 2152 1332 et
2177 1281 2364 1333 hilaris
2395 1281 2651 1336 exsultet.
2693 1280 2825 1333 Nam
2883 1282 2928 1336 si
2975 1280 3128 1333 eaula
3186 1295 3291 1333 non
3347 1281 3558 1345 relicta,

1989 1379 2173 1424 notum
2236 1371 2384 1424 illum
2411 1372 2783 1425 centenarium
2835 1369 3121 1424 numerum
3171 1369 3359 1437 implet
3391 1371 3561 1435 (recte

1983 1463 2094 1530 jam
2132 1463 2275 1514 enim
2309 1462 2373 1516 ad
2427 1477 2548 1515 eam
2598 1462 3012 1517 similitudinem
3066 1462 3184 1528 ipsa
3235 1475 3330 1515 nos
3369 1460 3566 1515 invitat

1989 1553 2206 1620 oratio),
2234 1553 2300 1606 ab
2331 1554 2449 1622 ipso
2487 1562 2705 1621 pastore
2734 1555 2984 1618 ducetur,
3041 1553 3152 1616 illo,
3187 1551 3433 1621 inquam,
3470 1570 3562 1618 pa-
3633 1553 3636 1556 ’

1992 1655 2138 1700 store
2176 1647 2338 1709 bono,
2365 1647 2564 1714 quique
2601 1661 2791 1714 magno
2830 1661 2956 1699 suas
3009 1659 3140 1699 oves
3189 1645 3364 1713 pretio
3417 1660 3567 1697 com-

1992 1736 2220 1803 paravit.
2254 1736 2467 1789 Etenim
2505 1737 2619 1803 ipse
2650 1751 2746 1802 pro
2774 1735 2854 1789 eis
2901 1736 3140 1788 animam
3173 1751 3327 1788 suam
3359 1737 3563 1803 posuit,

1994 1841 2046 1884 et
2104 1830 2379 1900 proprium
2441 1829 2759 1896 sanguinem
2815 1825 3019 1893 eﬂ‘iidit,
3073 1839 3232 1894 atque
3270 1829 3372 1882 ltoc
3408 1828 3567 1880 modo

1997 1937 2124 1976 suas
2177 1923 2322 1985 fecit,
2358 1938 2477 1989 quae
2543 1937 2606 1974 ne
2644 1922 2794 1987 prius
2847 1921 3063 1988 quidem
3125 1935 3358 1986 unquam
3411 1929 3572 1972 erant

1999 2017 2210 2070 aliena'.
2243 2014 2381 2080 Quid
2411 2017 2552 2069 enim
2593 2016 2760 2084 ipsius
2786 2013 3022 2082 effugere
3057 2012 3353 2065 dominium
3378 2011 3572 2075 possit?

1999 2105 2219 2176 Triplici
2242 2122 2474 2175 namque
2503 2107 2710 2159 ratione
2735 2105 2996 2160 Dominus
3020 2113 3107 2158 est
3123 2106 3362 2158 omnium
3388 2119 3401 2154 :
3423 2104 3567 2171 quod

2000 2200 2054 2253 in
2096 2209 2277 2253 ortum
2338 2199 2658 2267 produxerit
2703 2206 2757 2251 et
2813 2196 3162 2259 condiderit,,
3194 2195 3335 2264 quod
3382 2209 3572 2248 curam

2001 2299 2154 2358 gerat
2189 2301 2237 2344 et
2265 2290 2591 2351 benefaciat,
2623 2289 2765 2357 quod
2800 2289 2963 2340 etiam
3007 2296 3140 2340 nutu
3179 2287 3407 2354 perdere
3449 2300 3575 2352 pos-

2003 2385 2092 2437 sit.
2117 2381 2517 2436 Inearnationis
2547 2395 2676 2435 vero
2708 2381 3049 2435 tremendum
3099 2378 3413 2450 mysterium
3441 2393 3571 2431 con-

2005 2472 2142 2542 tigit,
2176 2479 2234 2524 ut
2287 2471 2428 2539 quod
2463 2479 2656 2524 natura
2693 2470 2864 2539 ipsius
2899 2479 3038 2532 erat,
3067 2478 3259 2537 sponte
3291 2482 3351 2522 se
3411 2481 3575 2535 regno

2003 2564 2241 2632 ejusdem
2274 2563 2577 2628 subiiceret.
2610 2563 2728 2616 Huc
2779 2562 2919 2616 enim
2966 2563 3051 2615 illa
3121 2571 3365 2629 spectare
3412 2561 3576 2614 verba

2006 2662 2134 2723 puto
2173 2670 2186 2706 :
2214 2653 2472 2706 Dominus
2500 2655 2756 2721 regnavit.
2786 2651 2918 2705 Nam
2942 2651 3084 2721 quod
3108 2662 3254 2706 recto
3273 2652 3575 2721 subjectum

2008 2754 2146 2807 erat,
2198 2746 2367 2798 invite
2436 2754 2636 2811 tamen,
2705 2755 2924 2814 propter
2977 2745 3366 2814 ignorationem
3413 2745 3582 2812 ipsius

2009 2835 2248 2904 Opitlcis,
2284 2851 2426 2889 nunc
2459 2845 2747 2904 postquam
2800 2835 2916 2904 ejus
2970 2836 3172 2905 agnitio
3231 2836 3330 2889 toti
3374 2835 3580 2889 mundo

2007 2928 2206 2991 illuxit,
2248 2943 2342 2983 sua
2375 2939 2566 2996 sponte
2601 2929 2811 2983 accedit
2841 2939 2894 2982 et
2945 2944 3112 2996 regno
3163 2929 3279 2997 ejus
3307 2929 3581 2983 contineri

2012 3020 2182 3087 cupit.
2217 3018 2474 3088 Quisquis
2498 3034 2627 3087 ergo
2660 3034 2845 3074 vocem
2875 3021 3104 3088 paStoris
3131 3021 3299 3084 novit,
3331 3030 3384 3074 et
3413 3021 3584 3072 vesti-

333 3113 524 3173 ὓδατος
556 3109 915 3170 ἀναπαύσεως
948 3105 1360 3176 ἐκτραφήσεται
1382 3119 1396 3134 ·
1437 3102 1530 3154 καὶ
1573 3101 1634 3153 οὐ
1667 3100 1910 3170 φοϐηθή-

2016 3111 2113 3181 giis
2136 3110 2426 3179 praeeuntis
2476 3111 2702 3174 insistit,
2733 3112 2783 3165 in
2820 3111 2978 3165 viridi
3039 3113 3282 3180 gramine
3335 3127 3584 3166 commo-

339 3222 488 3256 σεται
515 3204 683 3268 κακὰ,
710 3201 818 3254 οὐδ’
847 3200 913 3253 ἂν
933 3199 1071 3270 τύχῃ
1095 3197 1461 3268 πορευόμενος
1488 3195 1546 3247 ὲν
1573 3193 1723 3263 μέσῳ
1755 3195 1914 3254 σκιᾶς

339 3295 602 3347 θανάτου.
648 3293 773 3345 Ἐὰν
819 3292 875 3344 δὲ
925 3290 1135 3358 πλάνης
1180 3286 1440 3356 πειραθῇ,
1495 3286 1589 3337 καὶ
1637 3284 1916 3346 ἀπολωλός

342 3402 473 3438 ποτε
503 3385 730 3454 γένηται
763 3381 1082 3453 (ἀνθέξομαι
1127 3379 1237 3448 γὰρ
1281 3379 1382 3446 τῆς
1412 3375 1775 3446 παραϐολῆς),
1806 3376 1918 3429 οὐδ’

346 3476 490 3527 οὕτω
520 3477 658 3538 τέως
683 3473 1092 3543 ἀμεληθήσεται
1113 3484 1127 3498 ·
1150 3469 1286 3524 ἀλλὰ
1309 3470 1511 3539 σπουδῇ
1531 3467 1916 3536 ζητηθήσεται,

349 3566 442 3614 καὶ
475 3565 826 3633 εὑρεθὲν.ὲπὶ
849 3561 958 3614 τῶν
1002 3563 1170 3630 ὤμων
1203 3561 1523 3629 ἀχθήσεται,
1574 3561 1668 3612 καὶ
1703 3560 1814 3620 τοῖς
1847 3559 1921 3627 μὴ

350 3656 785 3721 πεπλανημένοις
812 3653 1081 3720 ὁμοταγὲς
1108 3653 1285 3707 ἔσται.
1320 3651 1514 3704 Καίτοι
1541 3652 1636 3702 καὶ
1659 3649 1921 3718 μειζόνως

347 3748 527 3815 χαίρει
559 3746 635 3815 τῷ
668 3747 748 3798 ἑνὶ
782 3745 954 3815 τούτῳ
984 3745 1016 3815 ἢ
1050 3748 1162 3807 τοῖς
1195 3745 1414 3806 πολλοῖς
1441 3742 1692 3803 ἐκείνοις,
1729 3744 1841 3802 τοῖς
1864 3741 1922 3790 ὲν

347 3843 415 3910 τῇ
452 3838 682 3908 μάτιδρα,
718 3838 830 3899 τοῖς
865 3836 1071 3892 ἀεὶτσὺν
1101 3833 1251 3902 αὑτῷ
1291 3834 1566 3902 μένουσιν.
1599 3830 1775 3891 Αὐτὸς
1803 3828 1924 3880 τοῦ-

347 3946 407 3980 το
437 3929 651 3997 εἴρηκε.
692 3928 980 3995 Συνίστησι
1007 3925 1063 3976 δὲ
1097 3925 1189 3976 τὸν
1217 3923 1377 3987 λόγον
1409 3923 1504 3973 καὶ
1533 3921 1716 3979 αὐτοῖς
1748 3919 1925 3987 πράγ-

355 4038 510 4093 μασι.
566 4018 830 4072 Τοσοῦτον
904 4020 1013 4084 γὰρ
1063 4014 1376 4076 ἐπεδείξατο
1426 4011 1650 4079 φίλτρον
1699 4009 1836 4078 πρὸς
1867 4008 1926 4059 τὸ

352 4107 724 4176 πλανώμενον,
777 4108 853 4168 ὡς
902 4107 1123 4172 ἀφεῖναι
1161 4102 1260 4172 μὲν
1290 4103 1476 4154 ἐκεῖνα
1507 4100 1574 4152 τὰ
1609 4099 1800 4163 πολλὰ,
1833 4098 1927 4148 ἐπὶ

349 4202 408 4254 δὲ
438 4203 537 4269 τὴν
569 4199 662 4251 τοῦ
695 4200 813 4260 ἑνὸς
865 4197 1096 4264 ζήτησιν
1133 4192 1370 4258 ἐξελθείν
1397 4208 1410 4222 ⁸
1461 4190 1603 4243 οὕτω
1634 4190 1732 4259 τὴν
1761 4188 1926 4242 αὐτοῦ

355 4293 630 4361 σωτηρίαν
651 4289 744 4344 τοῦ
780 4289 978 4350 παντὸς
1015 4288 1229 4357 ἡγεῖται
1260 4285 1419 4351 ἀξίαν
1454 4281 1614 4338 εἶναι.
1649 4284 1754 4336 Καὶ
1780 4281 1930 4351 δηλοί

351 4377 414 4429 τὸ
448 4377 633 4446 μηδενὶ
657 4377 717 4428 τὸ
744 4377 976 4446 πρᾶγμα
1017 4374 1176 4426 τοῦτο
1205 4373 1518 4426 πιστεῦσαι.
1556 4372 1629 4425 Οὐ
1663 4372 1770 4440 γὰρ
1799 4371 1927 4422 πολ-

2019 3202 2232 3257 rabitur
2254 3212 2305 3255 et
2333 3203 2400 3258 ad
2454 3203 2713 3271 requietis
2766 3218 2958 3272 aquam
3002 3211 3252 3271 pascetur
3285 3219 3300 3255 :
3336 3205 3504 3258 nullis
3556 3222 3586 3258 a

2021 3294 2176 3348 malis
2212 3293 2312 3347 sibi
2349 3304 2573 3358 metuet,
2612 3309 2679 3348 ne
2708 3295 2923 3362 quidem
2956 3295 3000 3348 si
3039 3310 3160 3348 eum
3202 3297 3252 3349 in
3286 3297 3462 3351 medio
3512 3296 3590 3350 le-

2021 3389 2143 3442 talis
2178 3390 2381 3442 umbra:
2413 3389 2695 3456 contingat
2727 3391 2829 3462 iter
2879 3389 3076 3444 facere.
3120 3388 3275 3455 Quod
3327 3391 3373 3443 si
3427 3392 3587 3442 aber-

2022 3481 2193 3534 rando
2245 3481 2554 3544 deflexerit,
2581 3465 2808 3549 ovisque
2834 3481 3048 3548 perdita
3083 3480 3257 3534 factus
3304 3480 3592 3550 fuerit(in-
3670 3495 3681 3513 ν

2023 3572 2238 3628 haerebo
2277 3588 2508 3642 namque
2565 3572 2908 3626 similitudini
2972 3571 3305 3641 proposita’),
3379 3587 3446 3624 ne
3511 3575 3591 3626 sic

2023 3665 2240 3730 quidem
2305 3666 2625 3734 negligetur,
2689 3665 2781 3718 sed
2817 3665 3062 3718 studiose
3117 3664 3484 3731 perquiretur,
3539 3673 3595 3716 ct

2025 3755 2266 3808 humeris
2315 3755 2564 3822 imposita
2597 3754 2921 3821 perferetur,
2950 3770 3011 3807 ac
3060 3755 3292 3819 caeteris,
3324 3771 3444 3822 qua:
3487 3769 3592 3806 non

2027 3845 2426 3904 abcrraverint.
2461 3845 2868 3914 aggregabitur.
2914 3845 3024 3898 imo
3074 3845 3327 3913 majorem
3370 3860 3432 3898 ex
3493 3845 3597 3898 bac

2029 3948 2136 3985 una
2180 3934 2512 4000 voluptatem
2546 3943 2731 4003 pastor
2788 3935 3017 4002 percipit
3055 3928 3216 4003 quam
3263 3936 3328 3990 de
3351 3935 3597 4005 pluribus

2031 4025 2136 4078 illis
2163 4025 2212 4077 in
2244 4025 2394 4077 raula
2426 4025 2892 4079 commorantibus
2943 4037 2995 4080 et
3028 4041 3241 4095 semper
3275 4028 3415 4096 apud
3474 4044 3595 4082 cum

2033 4114 2396 4169 manentibus.
2436 4113 2548 4170 Hoc
2574 4115 2804 4183 ipsemet
2833 4114 2971 4168 dixit
3016 4125 3070 4170 et
3107 4118 3412 4172 orationem
3445 4135 3598 4173 suam

2033 4193 2546 4278 factis-comprobat.
2575 4209 2805 4263 Tantum
2825 4210 2968 4265 enim
2996 4225 3237 4264 amorem
3267 4226 3391 4280 erga
3417 4227 3599 4274 orem,

2033 4315 2152 4370 quae
2187 4310 2302 4354 erat
2361 4300 2605 4369 perdita,
2640 4301 3056 4366 demonstravit,
3108 4311 3164 4355 ut
3197 4301 3304 4354 illis
3357 4303 3602 4370 pluribus

2035 4391 2276 4455 amissis,
2313 4391 2377 4444 ad
2415 4390 2558 4445 hanc
2593 4405 2756 4443 unam
2803 4392 3182 4458 inquirendam
3215 4393 3408 4458 exiret,
3474 4394 3606 4446 adeo

352 4469 483 4531 λοϋς
513 4467 927 4536 μισθωσάμενος
958 4464 1222 4535 ἔπεμψεν,
1259 4463 1383 4516 οὐδὲ
1431 4462 1667 4532 ἀνέθηκέ
1695 4479 1805 4514 τισι
1829 4462 1911 4532 rip

2035 4482 2262 4538 salutem
2305 4483 2466 4551 hujus
2513 4483 2670 4552 pretii
2718 4483 2992 4550 quantivis
3040 4484 3228 4550 ducit;
3279 4491 3470 4554 estque
3507 4486 3609 4538 hoc

353 4562 448 4614 τοῦ
477 4561 638 4629 ἔργου
673 4559 1008 4628 ἐπιμέλειαν,
1041 4559 1100 4609 οὐ
1149 4555 1375 4620 δούλοις,
1413 4555 1474 4607 οὐ
1504 4554 1702 4623 φίλοις,
1725 4553 1785 4604 οὐ
1819 4554 1930 4614 τοῖς

359 4651 611 4719 ἀγγέλοις
637 4651 842 4712 αὐτοῖς,
871 4650 986 4702 ἀλλ’
1011 4649 1185 4718 ἑαυτῷ
1215 4665 1276 4715 γε
1311 4648 1456 4717 μόνῳ
1481 4646 1539 4700 τὸ
1565 4649 1674 4698 πᾶν
1698 4646 1936 4716 tedam-

361 4761 422 4795 σε
440 4759 455 4774 ο
488 4742 756 4796 παιδεύων
787 4743 955 4810 ἡμᾶς,
982 4737 1157 4811 οἶμαι,
1183 4743 1244 4793 οὐ
1270 4740 1430 4808 μόνον
1452 4741 1714 4809 πράττειν
1736 4739 1772 4792 ἃ.
1805 4738 1932 4807 χρὴ.

360 4836 498 4890 ἀλλὰ
525 4837 618 4887 καὶ
650 4835 727 4904 τῷ
765 4832 994 4901 βελτίονι
1042 4833 1226 4903 τρόπῳ
1250 4848 1264 4863 ο
1315 4834 1410 4885 καὶ
1445 4834 1586 4902 μήτε
1644 4831 1800 4897 δόξαν
1837 4831 1934 4901 τὴν

361 4926 750 4995 φθειρομένην,
788 4928 924 4994 μήτε
947 4923 1180 4993 τρυφὴν,
1216 4923 1341 4992 μήτ’
1364 4923 1684 4991 ἀσφάλειαν,
1716 4923 1810 4975 τοῦ
1839 4940 1936 4976 κα-

362 5016 456 5070 λοῦ
481 5019 576 5070 καὶ
609 5017 910 5086 πρέποντος
940 5014 1278 5084 προτιθέναι.
1311 5015 1386 5065 Οὐ
1422 5014 1529 5083 μὴν
1554 5014 1688 5066 ἀλλὰ
1717 5014 1813 5066 καὶ
1841 5013 1939 5082 τὴν

367 5108 674 5176 ὑπερϐολὴν
703 5108 796 5174 τῆς
821 5107 1042 5175 ἀγάπης
1074 5105 1246 5174 ταύτῃ
1281 5106 1519 5169 δεικνὺς,
1544 5107 1609 5173 ἣν
1647 5105 1782 5172 πρὸς
1807 5105 1940 5156 ἔκα-

370 5217 492 5254 στον
525 5199 682 5269 ἡμῶν
714 5192 866 5259 οὗτος
897 5197 1030 5264 ἔχει,
1058 5197 1155 5266 τὴν
1181 5197 1257 5256 εἰς
1289 5196 1554 5264 ἀλλήλους
1579 5196 1785 5265 σφόδρα
1813 5196 1942 5249 ἀνά-

369 5309 517 5344 πτει.
557 5289 829 5344 Τοσοῦτον
885 5288 990 5356 γὰρ
1020 5285 1270 5356 ἠκμαζεν
1302 5288 1358 5338 ὲν
1398 5285 1543 5354 αὐτῷ
1594 5285 1652 5338 τὸ
1685 5284 1777 5338 τοῦ
1827 5288 1944 5349 ἑνὸς

371 5383 614 5452 τρίλτρον,
647 5381 720 5441 ὡς
752 5381 895 5433 ἆπαν
919 5379 1065 5446 ὅρος,
1098 5381 1206 5431 πᾶν
1244 5378 1430 5441 ἄλσος,
1456 5381 1565 5432 πᾶν
1599 5379 1822 5443 ἄϐατον,
1846 5380 1944 5449 βά-

381 5492 540 5545 σιμον
586 5472 731 5542 αὐτῷ
762 5472 1072 5539 φαίνεσθαι,
1127 5471 1220 5524 καὶ
1272 5470 1417 5541 μάλα
1467 5471 1670 5540 κοῦφον
1700 5473 1946 5542 νομίζειν

380 5566 727 5637 ἀχθοφορείν,
755 5564 820 5616 ἶν’
855 5563 986 5616 αὐτὸ
1025 5562 1084 5613 τὸ
1115 5561 1388 5632 πλανηθὲν
1426 5565 1539 5626 τοῖς
1573 5563 1785 5616 πλείοσι
1820 5581 1949 5618 συν·

380 5655 684 5727 αριθμηθῇ.
739 5653 896 5707 Εἴποι
925 5669 1009 5715 τις
1041 5653 1128 5716 ἂν,
1163 5649 1340 5721 οἶμαι,
1367 5653 1653 5724 θαυμάσας
1682 5657 1841 5710 τοῦτο
1891 5658 1951 5709 τὸ

373 5749 562 5820 ἔργον,
587 5747 716 5817 ὼςή
749 5747 845 5816 μὲν
888 5747 1120 5816 ζήτησις·
1144 5747 1437 5814 ἀναγκαία,
1473 5749 1568 5804 καὶ
1596 5748 1662 5803 τὰ
1706 5751 1762 5802 ὲν
1811 5750 1949 5820 αὐτῇ

699 5844 1115 5905 Ρλτιιοισϐιι.
1155 5842 1357 5903 LJLYI.

2039 4578 2213 4645 ipsum
2247 4576 2451 4630 indicio
2485 4576 2627 4644 quod
2663 4577 2868 4630 nemini
2905 4592 3013 4630 rem
3064 4577 3203 4630 banc
3247 4579 3604 4631 commiserit.

2037 4669 2248 4738 Quippe
2271 4684 2376 4722 non
2414 4667 2600 4738 plures
2631 4668 2806 4737 pretio
2851 4669 3148 4724 conductos
3184 4670 3478 4739 ablegavit,
3513 4686 3610 4724 nec

2040 4773 2231 4812 curam
2264 4757 2445 4826 operis
2470 4757 2630 4823 huius
2667 4756 2942 4824 aliquibus
2987 4757 3288 4823 imposuit:
3336 4773 3439 4810 non
3498 4772 3614 4812 ser.

2044 4850 2144 4912 vis,
2181 4864 2284 4900 non
2315 4848 2528 4911 amicis,
2560 4862 2662 4900 non
2694 4847 2902 4913 angelis
2932 4847 3068 4912 suis,
3106 4849 3197 4901 sed
3253 4848 3354 4901 sibi
3401 4849 3498 4902 soli
3538 4858 3616 4902 to-
3690 4834 3700 4862 “

2042 4950 2152 4993 tam
2179 4954 2289 4990 rem
2322 4939 2571 5001 credidit,
2635 4952 2756 5002 nos,
2819 4946 2877 4990 ut
2919 4938 3164 5006 equidem
3210 4940 3421 5008 opinor,
3486 4956 3616 4995 cru-

2044 5029 2217 5094 diens,
2253 5043 2356 5080 non
2413 5037 2618 5080 tantum
2675 5035 2835 5081 utea
2884 5026 3151 5082 faciamus
3203 5046 3322 5100 qua:
3381 5041 3617 5098 oportet.

2045 5116 2138 5168 sed
2174 5116 2338 5168 etiam
2371 5115 2647 5169 meliorem
2680 5116 2732 5169 in
2768 5117 3010 5182 modum,
3053 5127 3218 5187 utque
3270 5135 3368 5174 nec
3423 5136 3620 5175 evane-

2046 5215 2282 5260 scentem
2317 5204 2700 5274 gloriarm-nec
2726 5206 3078 5276 voluptatem,
3108 5225 3209 5264 nec
3243 5213 3616 5274 securitatem,

2049 5298 2281 5352 honesto
2313 5308 2474 5367 atque
2495 5301 2696 5354 decoro
2726 5308 3149 5369 anteponamus.
3179 5302 3468 5364 Praeterea,
3497 5317 3619 5355 cum

2051 5387 2152 5443 bac
2183 5389 2394 5443 ratione
2421 5404 2578 5444 suum
2611 5390 2662 5442 in
2691 5405 2788 5445 nos
2827 5393 3070 5460 singulos
3098 5406 3360 5457 amorem,
3400 5393 3622 5444 nimium

2050 5489 2337 5549 quantum,
2384 5482 2749 5546 demonstrat,
2806 5484 3162 5538 vehementer
3214 5497 3452 5536 amorem
3491 5496 3622 5548 erga

2054 5585 2151 5625 nos
2183 5581 2430 5626 mutuum
2469 5576 2738 5629 accendit.
2787 5573 2921 5628 Nam
2957 5576 3008 5628 in
3057 5575 3176 5642 ipso
3221 5580 3404 5626 tantus
3466 5574 3625 5626 unius

2054 5669 2171 5714 erat
2203 5663 2320 5717 ovis
2352 5678 2525 5728 amor,
2559 5674 2614 5718 ut
2640 5680 2857 5718 omnem
2890 5677 3145 5726 montem,
3176 5665 3375 5716 saltum
3411 5677 3624 5716 omnem

2057 5763 2113 5809 et
2146 5754 2408 5823 quidquid
2440 5756 2802 5822 inaccesSum,
2824 5771 2922 5826 pro
2944 5757 3133 5826 pervio
3165 5756 3408 5818 duceret,
3431 5754 3620 5822 ipsanr

3202 5848 3276 5905 17
