4098 6272
536 342 643 406 523

1718 332 2110 393 MANUELIS
2149 330 2596 393 PALzEOLOGI

3673 329 3784 397 524

534 475 641 530 que
679 458 1031 526 gesmtioncm
1088 451 1273 505 oneris
1314 450 1535 505 minimc
1598 465 1815 519 gravem
1858 460 2093 519 putaret,

2212 445 2415 516 χαλεπὰ
2468 442 2776 506 ἀκολούθως
2818 442 3017 511 ἔπεισι,
3058 449 3153 501 καὶ
3207 449 3288 502 δεῖ
3317 464 3432 510 πως
3460 446 3653 518 φέρειν
3690 449 3784 501 τόν

537 551 697 607 ιιιυάο
733 548 1011 615 deperdita
1041 559 1138 612 per
1167 557 1409 596 errorem
1440 542 1558 594 ovis
1607 540 1671 594 ad
1702 550 1929 594 caateras
1960 541 2103 594 redi—

537 654 640 696 ret.
674 641 934 695 Fortasse
994 636 1138 701 quis,
1200 634 1413 700 Opinor,
1453 632 1670 695 diverit,
1739 630 1940 684 factum
2000 632 2103 683 hoc

541 733 865 788 admiratus,
898 741 1053 781 ovem
1080 724 1390 779 necessario
1422 724 1730 791 quaesitam,
1765 732 1816 776 et
1849 722 1902 775 iu
1957 736 2104 787 quae-

540 823 707 877 rendo
782 818 1059 873 molestias
1119 832 1225 869 non
1280 816 1377 869 abs
1408 830 1464 869 re
1496 816 1691 879 obitas,
1757 814 2103 883 quodamque

538 915 697 967 modo
728 912 1037 966 tolerandas
1058 907 1321 977 querenti
1358 907 1546 961 fuisse.
1596 904 1793 958 Verum
1838 918 1957 971 quae
2016 916 2103 955 res

540 1005 675 1057 ursit
726 1004 1025 1055 utinventa
1053 1000 1260 1055 ovicula
1286 1014 1390 1051 nun
1446 1012 1593 1052 more
1647 996 1849 1066 vulgari
1883 996 2105 1049 ducere-

538 1107 651 1162 tur,
687 1095 779 1149 sed
804 1095 857 1148 in
884 1093 1125 1150 humeris
1155 1098 1481 1161 portaretur,
1514 1104 1826 1158 quanquam
1856 1087 1970 1141 sala
2000 1102 2103 1141 cae-

544 1201 689 1243 teras
717 1190 859 1241 inter
888 1201 1015 1239 ores
1067 1184 1265 1253 negotii
1330 1192 1538 1236 tautttm
1586 1180 1971 1235 exhibuisset?
2003 1178 2094 1232 Ni-

540 1281 740 1333 mirum
809 1280 909 1332 hoc
961 1277 1077 1345 ipso
1125 1273 1489 1328 demonstrari
1552 1272 1784 1334 videtur,
1826 1278 2101 1339 pastorem

540 1371 687 1424 hunc
738 1368 955 1437 plurimi
1013 1366 1361 1419 securitatem
1410 1372 1649 1415 nostram
1706 1360 1905 1415 facere.
1962 1357 2102 1412 Prte-

543 1474 685 1515 terea
719 1460 844 1513 licet
873 1458 999 1512 hinc
1032 1458 1194 1510 etiam
1251 1454 1381 1508 illud
1426 1453 1716 1516 aestimare,
1766 1451 1909 1519 quod
1958 1450 2105 1503 scili-

537 1562 621 1605 cet
649 1550 950 1604 errabunda
1006 1548 1122 1601 ovis
1171 1547 1408 1610 inventa,
1448 1545 1513 1598 de
1551 1545 1684 1614 ipsis
1728 1541 2105 1611 obvagationis

538 1642 897 1697 incommodis
930 1639 1128 1693 aliiicla
1161 1638 1396 1705 graviter
1427 1636 1591 1690 fuerit
1626 1648 1681 1689 et
1714 1648 1834 1688 eum
1869 1634 1923 1686 in
1981 1647 2102 1685 mo-

537 1736 664 1787 dum
697 1732 907 1795 ali‘ecta,
935 1741 991 1783 ut
1028 1747 1131 1784 non
1164 1728 1320 1782 facile
1349 1727 1545 1782 reverti
1576 1734 1777 1796 posset,
1802 1725 1894 1777 sed
1946 1723 2104 1779 auxi-

2206 554 2267 604 γε
2292 535 2559 607 ζητοῦντα
2585 553 2596 565 ·
2630 536 2681 587 τί
2714 534 2769 588 δὲ
2799 531 2867 605 ἦν
2890 536 2947 588 τὸ
2976 542 3326 605 κατεπεῖγον,
3368 539 3506 605 μετὰ
3531 537 3592 589 τὸ
3623 538 3784 603 εὕρε-

2207 629 2367 696 Οῆναι
2398 627 2457 679 τὸ
2494 625 2767 695 πρόόατον
2793 666 2808 691 ,
2867 627 2966 679 οὐκ
3012 629 3240 696 ἄγεσθαι
3284 630 3427 683 κατὰ
3456 629 3524 681 τὰ
3583 628 3780 689 πολλὰ.

2208 719 2324 772 ἀλλ’
2352 719 2445 772 ἐπὶ
2473 718 2581 772 τῶν
2604 718 2771 788 ὤμων
2809 721 3156 787 κομίζεσθαι,
3176 724 3379 792 καίπερ
3408 725 3643 775 τοσαῦτα
3676 742 3781 774 πα-

2211 810 2475 880 ρεσχηκδς
2526 811 2827 879 πράγματα
2881 813 3041 879 μόνον
3085 812 3195 865 τῶν
3230 814 3409 866 ἄλλων
3446 813 3777 884 προϐάτων;

2207 902 2316 955 Καὶ
2336 902 2488 955 δοκεῖ
2516 901 2673 955 τοῦτο
2703 901 2999 967 δεικνύναι,
3026 904 3150 956 ὅσον
3183 906 3310 974 περὶ
3331 904 3585 957 πλείστου
3618 908 3781 959 ποιεῖ-

2206 1010 2294 1045 ται
2334 994 2430 1062 τὴν
2483 994 2761 1061 ἡμετέραν
2810 994 3132 1061 ἀσφάλειαν.
3171 995 3403 1065 Προσέτι
3450 996 3507 1049 δὲ
3562 997 3784 1050 κάκεῖνο

2211 1085 2402 1154 μαθεῖν
2438 1083 2647 1147 ἔξεστιν
2677 1083 2784 1136 ἀπὸ
2806 1084 3020 1149 τούτου,
3044 1087 3125 1138 ὅτι
3152 1086 3212 1138 τὸ
3245 1086 3596 1155 πλανώμενον
3623 1088 3784 1154 εὑρε-

2208 1176 2299 1226 θὲν
2325 1174 2457 1227 πολὺ
2485 1177 2886 1245 τετριχωμένον
2923 1177 3165 1246 ὑπῆρχεν
3194 1179 3258 1230 ἐκ
3283 1180 3391 1230 τῶν
3419 1180 3518 1247 τῆς
3548 1179 3785 1247 πλάνης,

2210 1264 2391 1337 οἶμαι,
2423 1270 2609 1323 κακῶν
2628 1286 2643 1302 ·
2677 1274 2772 1323 καὶ
2802 1267 2869 1340 ἦν
2898 1267 3009 1325 οἷον
3042 1274 3115 1341 μὴ
3138 1273 3397 1328 δύνασθαι
3427 1275 3626 1345 ῥᾳδίως
3642 1277 3782 1328 ἐπα-

2208 1360 2538 1430 νιέρχεσθαι,ι
2566 1361 2700 1416 ἀλλὰ
2728 1362 2825 1429 τῆ‹⁵
2853 1362 2949 1415 τοῦ
2978 1363 3182 1430 ἀγαθοῦ
3224 1365 3480 1432 ποιμένος
3524 1367 3783 1436 δεόμενον

2208 1451 2528 1522 ἐπικουρίας
2550 1452 2629 1514 είς
2658 1450 2837 1506 τοῦτο.
2867 1453 3027 1515 Ἴσως
3050 1453 3170 1506 οὐδὲ
3197 1454 3476 1523 πρόθυμον
3498 1450 3566 1525 ἧν
3594 1444 3784 1508 τοσοῦο

2207 1564 2297 1601 τον
2342 1548 2480 1618 πρὸς
2515 1546 2614 1617 τὴν
2642 1547 2873 1617 ἀρίστην
2918 1548 3178 1601 ἐπάνοδον
3204 1564 3217 1579 ⁶
3252 1546 3285 1620 ἦ
3325 1549 3433 1617 γὰρ
3468 1550 3534 1603 ἂν
3584 1550 3787 1621 ἐχρῆτο

2208 1639 2320 1700 τοῖς
2348 1639 2525 1701 ποσὶν,
2557 1638 2680 1691 ὅσον
2704 1634 2814 1690 οἷόν
2843 1653 2923 1690 τε.
2942 1638 3159 1709 Ἐπειδὴ
3177 1637 3232 1690 δὲ
3250 1638 3403 1691 τοῦτο
3438 1638 3786 1706 μανθάνομεν

2207 1727 2328 1780 οὐδὲ
2373 1726 2502 1794 γοῦν
2533 1728 2766 1798 σμικρόν
2792 1745 2843 1781 τι
2890 1728 3114 1798 βαδίσαν
3143 1770 3155 1783 .
3215 1729 3423 1793 δόξειαν
3457 1729 3523 1782 ἂν
3558 1729 3786 1790 εἰκότως

541 1827 613 1880 lio
652 1826 778 1880 boui
810 1824 1045 1893 pastoris
1085 1821 1152 1875 ad
1187 1821 1289 1876 hoc
1342 1820 1627 1887 indigeret.
1686 1817 1941 1877 Fortasse
2002 1831 2106 1870 nec

2212 1816 2290 1869 ἐτι
2325 1834 2444 1880 πως
2469 1794 2593 1881 τοὺς
2643 1794 2940 1888 λογισμούς
2988 1819 3109 1888 δίχα
3142 1820 3475 1889 τεμνόμενον
3508 1814 3672 1873 εἶναι.
3714 1819 3785 1872 Ἢ

540 1917 761 1977 alacris,
795 1916 871 1969 uti
908 1915 1161 1978 debebat,
1195 1912 1449 1981 optimam
1482 1912 1545 1963 ad
1581 1910 1905 1963 reditiouem
1960 1916 2101 1970 erat,

541 2025 664 2063 nam
695 1986 993 2077 αιτιοι-οηυῖ
1025 2006 1252 2075 pedibus
1278 2019 1374 2060 usa
1400 2019 1497 2073 pro
1528 2002 1672 2055 virili
1704 2001 1916 2055 fuisset.
1947 1999 2102 2054 Ideo-

540 2116 644 2170 que
670 2116 793 2154 cutn
857 2113 1273 2168 cognoscamus,
1331 2111 1449 2149 eam
1506 2110 1571 2149 ne
1625 2095 1842 2163 paulum
1890 2091 2103 2161 quidem

539 2204 901 2258 progressam,
937 2205 1044 2242 non
1088 2188 1184 2242 abs
1219 2201 1277 2239 re
1313 2186 1478 2239 videri
1527 2185 1718 2254 possit,
1750 2184 2104 2252 cogitationes

540 2283 657 2349 ejus
717 2283 893 2334 adhuc
939 2280 1097 2349 quasi
1167 2277 1416 2332 bifariam
1465 2276 1633 2331 fuisse
1697 2275 1921 2329 divisas.
1967 2273 2100 2326 Nam

2210 1910 2319 1978 γὰρ
2361 1909 2622 1979 συνήθεια
2651 1911 2711 1963 τὸ
2740 1912 2911 1965 κακὸν
2945 1912 3207 1974 πολλάκις
3233 1911 3332 1980 ήδὺ
3362 1913 3529 1973 ποιεῖ,
3566 1912 3663 1963 καὶ
3694 1911 3784 1964 διὰ

2208 2000 2379 2055 ταῦτα
2419 2003 2447 2053 ό
2480 2001 2650 2055 θέλων
2681 2002 2837 2055 τοῦτο
2866 2002 3128 2072 σωθῆναι,
3158 2002 3251 2054 ἐπὶ
3278 2002 3385 2055 τῶν
3413 2001 3584 2071 ῶμων
3618 2004 3779 2071 κομί-

2211 2091 2340 2156 ζων,
2356 2095 2469 2157 τοῖς
2491 2094 2797 2163 ποσὶνύπὲρ
2812 2093 3023 2147 ἐκείνου
3047 2093 3343 2164 προθύμως
3362 2095 3647 2163 κέχρηται.
3672 2096 3781 2148 Καὶ

2210 2184 2394 2248 ἁπλῶς
2419 2185 2553 2254 πρὸς
2584 2184 2818 2249 ἅπαντα,
2839 2185 2983 2254 ἅπερ
3004 2186 3171 2253 ἐχρῆν
3191 2186 3289 2253 μὲν
3314 2188 3511 2251 έκεῖνο,
3530 2182 3779 2255 οὐκῆνδὲ

2209 2273 2438 2343 δύναμις
2464 2275 2639 2329 ταῦτα
2672 2276 2955 2345 πράττειν,
2983 2275 3194 2329 οἴκοθεν
3221 2277 3378 2338 αὐτὸς
3412 2278 3771 2347 συνεισφέρει.

541 2380 879 2431 consuetudo
912 2375 1108 2428 malum
1142 2388 1281 2442 saepe
1320 2372 1619 2442 jucundum
1651 2370 1850 2434 reddit,
1920 2383 1982 2422 ac
2016 2378 2304 2438 propterea
2373 2370 2465 2440 qni
2523 2370 2789 2425 oviculam
2844 2386 3062 2425 servare
3124 2370 3355 2434 volebat,
3412 2372 3466 2425 in
3539 2370 3766 2425 humeris

547 2473 688 2525 illam
721 2478 965 2539 portans,
1005 2466 1231 2537 pedibus
1269 2466 1384 2534 ipse
1422 2465 1535 2517 suis
1570 2462 1820 2515 alacriter
1842 2473 1972 2514 usus
2008 2474 2104 2528 pro
2136 2475 2199 2514 ea
2261 2460 2409 2515 fuit:
2443 2462 2510 2515 ad
2573 2463 2753 2516 omnia
2808 2463 3039 2531 denique
3100 2462 3442 2532 simpliciter,
3510 2478 3625 2533 quae
3678 2458 3765 2518 illa

542 2564 759 2637 quidem
792 2570 1052 2632 prastare
1072 2557 1321 2619 debebat,
1348 2555 1439 2610 sed
1478 2555 1697 2609 minime
1719 2562 1950 2622 poterat,
1976 2567 2192 2622 operam
2229 2553 2345 2624 ipse
2364 2569 2516 2609 suam
2557 2555 2800 2610 confert.

609 2658 847 2725 Quilibet
907 2669 1037 2723 ergo
1099 2650 1476 2720 resipiscentia
1547 2648 1741 2709 fretus,
1770 2646 1947 2714 ampla
1978 2660 2103 2701 cum

518 2765 634 2815 spe
659 2748 855 2801 bonum
880 2745 946 2796 ad
975 2745 1115 2796 hunc
1141 2750 1410 2810 pastorem
1442 2738 1685 2800 accedat,
1709 2736 1799 2804 qui
1832 2742 1884 2789 ct
1913 2736 2111 2791 drach-

541 2854 684 2895 mam
755 2837 899 2890 illam
956 2834 1220 2901 perditam
1266 2829 1537 2899 quaesivit,
1570 2828 1795 2896 ejusque
1826 2826 2108 2895 reperiun-

539 2935 621 2986 (ιω
655 2943 815 2984 causa
852 2926 1007 2981 valde
1038 2923 1317 2988 laboravit,
1346 2929 1397 2976 et
1429 2935 1547 2976 eum
1574 2934 1690 2974 eam
1715 2927 2106 2986 recuperasset,

541 3021 676 3077 tanti
712 3018 858 3072 dedit
894 3015 1091 3070 iudicia
1127 3013 1329 3085 gaudii,
1372 3019 1631 3081 quantum
1688 3026 1758 3066 ne
1787 3011 1860 3066 illi
1889 3008 2104 3078 quidem

2286 2649 2401 2711 Πᾶς
2433 2666 2517 2707 τις
2550 2648 2644 2702 οὖν
2690 2651 2756 2718 τῇ
2797 2648 3138 2717 μεταγνώσει
3173 2650 3477 2723 θαρρήσας,
3510 2653 3778 2722 προσιέτω

2220 2742 2358 2810 μετὰ
2389 2741 2660 2810 λαμπρῶν
2699 2740 2808 2795 τῶν
2838 2741 3071 2796 ἐλπίδων
3118 2744 3195 2811 τῷ
3249 2743 3401 2813 καλῷ
3431 2745 3614 2814 τούτῳ
3668 2764 3781 2799 ποι·

2220 2834 2362 2902 μένι,
2394 2832 2469 2901 τῷ
2507 2833 2603 2885 καὶ
2626 2832 2724 2901 τὴν
2758 2832 3143 2902 ἀπολλυμένην
3170 2834 3419 2905 δραχμήν
3457 2835 3777 2905 ζητήσαντι,

2216 2924 2311 2976 καλ⁵
2340 2923 2533 2992 κομιδῆ
2566 2925 2869 2992 μογήσαντι
2902 2925 3038 2993 πρὸς
3074 2926 3172 2995 τὴν
3201 2925 3417 2993 εὕρεσιν
3450 2927 3668 2997 ἐκείνης
3691 2930 3783 2982 καὶ

2215 3013 2388 3082 χαρὰν
2416 3012 2776 3095 ὲνδειξαμένφ
2827 3014 3119 3085 τοσαύτην,
3156 3016 3317 3085 ήνίκα
3348 3016 3555 3087 ταύτην
3589 3019 3784 3071 ἐπανεο

542 3111 846 3182 percipiunt
869 3109 962 3178 qui
993 3108 1131 3161 bona
1156 3106 1389 3175 quadam
1405 3103 1623 3159 fortuna
1655 3106 1943 3160 thesauros
1970 3104 2107 3157 inter

2215 3106 2475 3171 κτήσατο,
2508 3103 2643 3171 ὅσην
2674 3104 2785 3155 οὐδ’
2820 3104 2869 3157 οί
2897 3104 3204 3176 θησαυροὺς
3234 3110 3290 3158 ἐν
3316 3108 3394 3176 τῷ
3420 3107 3674 3175 ὀρύττειν
3699 3109 3787 3162 εὑ-

542 3202 854 3259 fodieudum
888 3198 1184 3265 reperiunt,
1224 3196 1345 3249 licet
1375 3197 1492 3249 auri
1532 3211 1722 3267 magna
1749 3197 1900 3262 copia
1937 3194 2028 3257 sit,
2057 3202 2110 3248 et

540 3308 805 3364 pauperes
825 3291 879 3345 hi
906 3288 1146 3359 quidem,
1187 3297 1240 3341 at
1280 3287 1428 3355 gravi
1467 3288 1710 3341 avaritiae
1744 3287 1931 3341 morbo
1965 3284 2108 3338 labo-

540 3396 759 3450 rantes;
827 3381 1071 3445 accedat,
1121 3380 1363 3448 inquam,
1410 3379 1476 3431 ad
1526 3392 1647 3431 eum
1703 3377 1793 3445 qui
1840 3376 1979 3431 ferre
2003 3390 2108 3428 non

539 3479 807 3549 potuit,ut
837 3475 974 3528 illius
1002 3472 1090 3526 ille
1108 3470 1364 3539 prodigus
1393 3471 1608 3522 domum
1627 3468 1858 3530 veniret,
1888 3466 2109 3535 quando

544 3574 927 3627 adventantem
967 3575 1143 3619 autem
1191 3569 1497 3631 acceperat,
1538 3561 1630 3614 sed
1659 3558 1724 3613 ad
1757 3569 2106 3627 conspectum

541 3663 682 3716 illius
703 3671 757 3715 et
796 3671 1080 3713 occursum
1135 3644 1357 3722 prodiit,
1392 3665 1629 3719 eumque
1660 3649 1831 3704 multo
1860 3664 1980 3703 cum
2016 3649 2113 3702 ho-

543 3769 675 3808 nore
710 3749 943 3818 excepit,
990 3757 1045 3802 et
1080 3744 1354 3813 frequenti
1386 3742 1765 3810 complexuum
1826 3738 2111 3792 iteratione

541 3842 828 3913 quemdam
858 3836 1229 3893 admirabilem
1263 3836 1316 3889 in
1354 3833 1503 3887 illum
1537 3846 1775 3886 amorem
1810 3844 1874 3884 ac
1897 3830 2111 3884 deside—

541 3939 678 3989 rium
729 3930 1048 3995 declaravit,
1102 3940 1153 3984 et
1177 3929 1247 3983 ob
1281 3927 1398 3997 ejus
1423 3925 1680 3988 salutem,
1739 3922 2107 3978 celebritatem

542 4026 831 4094 quamdam
890 4036 1237 4078 communem
1294 4018 1559 4073 instituit:
1604 4018 1670 4070 ad
1714 4029 1835 4069 eum
1869 4013 2109 4075 accedat,

541 4118 632 4187 qui
663 4128 999 4184 nequaquam
1020 4112 1364 4167 abominatus
1384 4120 1463 4165 est
1488 4116 1725 4164 scortum
1751 4104 1878 4160 illud
1911 4104 2111 4169 nobile,

542 4207 687 4278 quod
724 4209 896 4278 ipsum
936 4215 987 4259 et
1018 4204 1314 4271 aspiciebat
1339 4212 1390 4255 et
1419 4199 1809 4265 contrectabat,
1840 4210 2113 4265 purosque

542 4302 705 4371 pedes
734 4300 849 4369 ejus
878 4296 1316 4359 exosculabatur,
1353 4303 1405 4348 et
1429 4293 1612 4346 multis
1643 4291 1862 4345 eosdem
1895 4289 2110 4359 rigabat

545 4392 821 4464 lacrymis,
854 4406 915 4445 ac
958 4390 1199 4443 vicissim
1240 4402 1434 4456 magno
1466 4385 1684 4455 pietatis
1711 4384 1891 4439 studio
1919 4383 2111 4451 eapitis

2214 3196 2489 3263 ρίσκοντες
2527 3196 2585 3258 ἐξ
2631 3196 2839 3265 ἀγαθῆς
2870 3212 3015 3258 τινος
3053 3196 3246 3266 τύχης,
3296 3198 3500 3251 ὁπόταν
3534 3198 3567 3274 ᾖ
3608 3202 3702 3253 καὶ
3724 3201 3780 3251 τὸ

2212 3288 2435 3355 χρυσίον
2463 3286 2645 3354 ἁδρὸν,
2696 3289 2789 3340 καὶ
2834 3287 2940 3339 οἶδε
2986 3286 3097 3341 τῶν
3124 3290 3377 3358 πενήτων
3405 3293 3527 3357 μὲν,
3564 3292 3781 3360 μακρὰν

2211 3375 2267 3428 δὲ
2298 3376 2437 3430 πάνυ
2482 3377 2848 3448 φιλαργυρίαν
2900 3378 3201 3433 νοσούντων
3226 3395 3240 3411 ο
3278 3380 3351 3449 τῷ
3400 3381 3527 3448 μηδ’
3553 3382 3779 3449 ἀναμεί-

2213 3484 2364 3520 ναντι
2416 3468 2505 3521 τὸν
2543 3470 2751 3522 ἄσωτον
2806 3470 2978 3523 οἴκαδ’
3005 3470 3221 3537 ἐλθεῖν,
3271 3472 3565 3539 ἐπειδήπερ
3630 3473 3770 3538 έγνῳ

2212 3559 2399 3611 τοῦτον
2424 3559 2742 3630 ἐρχόμενον,
2772 3560 2906 3613 ἀλλὰ
2934 3562 3029 3615 καὶ
3055 3562 3191 3629 πρὸς
3217 3561 3313 3631 τὴν
3333 3560 3538 3623 ἐκείνου
3566 3562 3691 3614 θέαν
3711 3578 3773 3613 τε

2214 3649 2306 3700 καὶ⁸
2341 3650 2661 3718 συνάντησιν
2696 3651 2988 3717 ἐξελθόντι,
3045 3655 3137 3705 καὶ
3172 3653 3557 3723 ὑποδεξαμένῳ
3587 3653 3779 3705 τοῦτον

2213 3737 2381 3807 πολλῇ
2436 3742 2593 3809 τιμῇ,
2638 3741 2736 3793 καὶ
2767 3744 2887 3803 ταῖς
2924 3746 3148 3811 συχναῖς
3181 3742 3541 3813 περιπλοκαῖς
3572 3742 3786 3811 θαυμαο

2215 3828 2336 3879 στὸν
2382 3829 2745 3899 ἐνδειξαμὲνῳ
2796 3831 2890 3884 τὸν
2937 3832 3074 3902 πρὸς
3109 3833 3317 3887 ἐκεῖνον
3362 3832 3547 3901 ἐρωτά
3595 3849 3652 3884 τε
3687 3834 3783 3884 καὶ

2214 3918 2397 3983 πόθον,
2427 3919 2520 3971 καὶ
2550 3920 2734 3987 κοινὴν
2770 3921 3076 3992 πανήγυριν
3124 3921 3222 3990 τὴν
3258 3922 3471 3975 ἐκείνου
3506 3921 3785 3990 σωτηρίαν

2214 4008 2569 4077 πο.ησαμένῳ
2594 4024 2607 4037 ·
2646 4009 2721 4078 τῷ
2750 4010 3013 4079 μηδαμῶς
3041 4010 3419 4081 βδελυξαμένῳ
3455 4013 3556 4080 τὴν
3592 4013 3788 4081 ὀνομα-

2216 4099 2346 4167 στὴν
2376 4099 2497 4151 τότε
2527 4098 2753 4168 πόρνην,
2785 4099 2999 4169 όρῶσάν
3028 4118 3086 4153 τε
3117 4102 3303 4165 αὐτὸν,
3332 4103 3426 4154 καὶ
3466 4102 3789 4171 ἁπτομένην

2213 4189 2399 4252 αὑτοῦ,
2443 4191 2535 4243 καὶ
2560 4191 2685 4253 τοὺς
2714 4191 3018 4261 ἀχράντους
3046 4193 3212 4255 πόδας
3234 4193 3663 4259 καταφιλοῦσαν,
3690 4196 3787 4246 καὶ

2216 4281 2407 4351 συχνὸν
2440 4280 2498 4332 τὸ
2553 4281 2788 4351 δάκρυον
2832 4282 3013 4335 αὐτῶν
3044 4284 3473 4351 καταχεύουσαν,
3519 4284 3615 4335 καὶ
3656 4289 3788 4347 ταῖς

2214 4371 2358 4439 θριξὶ
2382 4371 2481 4438 τῆς
2523 4370 2764 4439 κεφαλῆς
2793 4369 2852 4435 ἐξ
2874 4370 3052 4424 αὐτῶν
3081 4372 3459 4438 ἐκμάττουσαν
3486 4371 3645 4424 τοῦτο
3678 4373 3789 4425 ὑπὸ

543 4491 625 4544 sui
664 4486 874 4555 capillis
920 4498 1012 4538 ras
1070 4478 1432 4548 abstergebat.
1478 4477 1542 4530 Et
1598 4485 1776 4530 tamen
1827 4490 1921 4543 per
1960 4475 2107 4530 istaec

2217 4463 2413 4532 πολλῆς
2445 4462 2752 4525 εὐλαόείας.
2788 4462 2981 4515 Καίτοι
3023 4462 3110 4515 διὰ
3146 4463 3365 4515 πάντων
3399 4462 3647 4527 ἐκείνων,
3706 4458 3789 4527 οἷς

542 4578 744 4641 omnia,
773 4574 969 4644 quibus
994 4581 1121 4625 tunc
1156 4578 1360 4622 castum
1387 4567 1535 4621 illum
1563 4579 1803 4621 amorem
1848 4573 1993 4619 recte
2017 4564 2109 4617 de-

543 4669 810 4731 clarabat,
833 4680 956 4720 cum
995 4663 1145 4732 prius
1188 4658 1410 4714 libidine
1443 4656 1717 4727 flagraret,
1752 4657 1952 4712 multos
1983 4671 2107 4725 per-

546 4760 775 4821 diderat,
805 4767 857 4811 et
880 4756 1112 4809 fortasse
1144 4751 1236 4820 qui
1265 4750 1469 4817 aliquid
1500 4764 1622 4803 esse
1656 4749 1988 4802 viderentur.
2016 4744 2107 4799 Ni-

545 4850 845 4905 hilominus
892 4849 1030 4899 hauc
1074 4844 1189 4911 ipse
1215 4856 1318 4894 nou
1354 4839 1584 4907 repulit,
1613 4853 1711 4892 nec
1748 4840 2106 4905 impudentem

549 4955 612 4992 ae
649 4951 932 5008 procacem
983 4930 1295 5001 appellavit,
1342 4929 1433 4981 sed
1467 4929 1542 4981 illi
1586 4941 1800 4996 quoque
1831 4926 2109 4979 Phariszeo

549 5029 783 5098 praetulit
836 5027 926 5095 qui
971 5038 1164 5092 magna
1215 5023 1267 5075 in
1331 5020 1586 5089 opinione
1633 5019 1847 5072 virtutis
1872 5026 2009 5079 erat,
2046 5032 2111 5070 ac

552 5123 740 5176 laudes
790 5118 1030 5186 denique
1058 5116 1324 5184 quasdam
1370 5112 1418 5166 ei
1450 5112 1659 5166 tribuit.
1692 5110 1833 5164 Idem
1854 5119 1907 5163 et
1937 5108 2110 5176 publi-

548 5216 668 5273 caui
734 5212 1113 5271 humilitatem,
1161 5210 1205 5264 si
1259 5206 1476 5277 quidem
1520 5206 1589 5283 ita
1626 5213 1743 5259 erat
1793 5202 2107 5272 appellanda

548 5307 895 5379 propriorum
926 5301 1194 5356 malorum
1216 5300 1441 5371 agnitio,
1458 5297 1705 5367 pluribus
1720 5296 1889 5363 ipsius
1907 5294 2114 5348 delictis

547 5411 843 5469 opponens,
868 5395 1038 5459 magis
1066 5408 1187 5447 eum
1213 5391 1574 5459 justilicatum
1592 5403 1622 5441 e
1645 5389 1844 5456 templo
1872 5389 2112 5451 deduxit,

549 5505 709 5561 quam
736 5488 991 5549 alterum,
1039 5483 1132 5552 qui
1160 5488 1305 5533 recte
1328 5480 1542 5547 quidem
1590 5478 1818 5543 vixerat,
1860 5479 1952 5532 sed
1980 5490 2115 5532 acta:

550 5581 805 5649 praeclare
840 5580 961 5631 vitae
992 5587 1151 5626 causa
1184 5571 1546 5638 superbiebat.
1580 5569 1820 5624 Ezechiae
1851 5570 2115 5639 lacrymas

552 5671 806 5732 admittit,
873 5675 926 5721 et
998 5660 1408 5719 conversionem
1489 5662 1581 5714 lilii
1645 5662 1786 5730 ejus,
1845 5659 2112 5714 consimili

552 5763 713 5815 modo
741 5760 957 5822 factam,
999 5752 1145 5809 velut
1182 5749 1408 5809 aliorum
1447 5767 1609 5821 Opera
1657 5752 1851 5807 eximia
1884 5751 2114 5806 libenter

2211 4554 2301 4607 τὸν
2332 4555 2586 4624 σώφρονα
2623 4555 2834 4608 ἐκεῖνον
2853 4554 3033 4623 ἔρωτα
3056 4555 3235 4619 καλῶς
3258 4555 3630 4620 ἐπεδείκνυτο,
3660 4558 3793 4609 ἀκο-

2214 4647 2579 4700 λασταίνουσα
2610 4646 2828 4715 τοπρὶν,
2878 4648 3003 4708 τοὺς
3034 4646 3262 4709 πολλοὺς
3316 4646 3619 4710 ἀπώλεσεν,
3655 4648 3790 4709 ῖσως

2213 4739 2257 4791 δ’
2276 4739 2341 4790 ἂν
2361 4738 2577 4790 καὶτῶν
2601 4736 2900 4790 δοκούντων
2935 4732 3076 4790 εἶναί
3097 4754 3169 4790 τι.
3188 4737 3246 4789 '0
3266 4737 3310 4787 δ’
3336 4737 3435 4789 οὐκ
3452 4737 3793 4790 ἀπεσείσατο

2217 4830 2445 4898 ταύτην,
2476 4828 2597 4881 οὐδὲ
2627 4829 2817 4891 ἀναιδῆ
2848 4828 3115 4896 προσεῖπε
3146 4827 3239 4880 καὶ
3272 4826 3463 4895 ἰταμόν
3487 4842 3501 4857 ⁸
3526 4826 3669 4880 ἀλλὰ
3698 4831 3793 4879 καὶ

2213 4921 2306 4974 τοῦ
2336 4922 2630 4990 Φαρισαίου
2685 4919 2984 4989 προῠθηκε,
3024 4919 3117 4972 τοῦ
3170 4918 3367 4971 πολλοῦ
3425 4916 3792 4987 νομιζομένου

2216 5012 2310 5082 τὴν
2353 5012 2576 5082 ἀρετὴν,
2610 5012 2702 5063 καὶ
2730 5010 2849 5061 κατ’
2881 5010 3051 5078 αὐτῆς
3090 5008 3342 5077 ἐγκώμιά
3387 5025 3510 5060 τινα
3536 5010 3792 5077 εἴρηκεν.

2216 5104 2382 5168 Οὗτος
2408 5104 2462 5155 δὲ
2490 5102 2583 5154 καὶ
2608 5100 2701 5153 τοῦ
2724 5098 2958 5152 τελώνου
2986 5099 3086 5167 τὴν
3106 5098 3455 5158 ταπείνωσιν,
3483 5096 3585 5163 εἴγ’
3610 5101 3792 5167 ἐχρῆν

2214 5197 2355 5249 οὕτω
2390 5194 2574 5247 καλεῖν
2606 5191 2703 5260 τὴν
2727 5189 2834 5241 τῶν
2867 5190 3017 5241 ἰδίων
3063 5189 3249 5240 κακῶν
3292 5188 3610 5254 ἐπίγνωσιν,
3637 5190 3792 5240 ἀντι-

2214 5284 2379 5345 τιθεὶς
2418 5284 2531 5344 τοῖς
2566 5282 2778 5342 πολλοῖς
2801 5280 3014 5334 ἐκείνου
3040 5276 3499 5347 πλημμελήμασι,
3536 5279 3792 5346 κατήγα-

2214 5392 2310 5442 γεν
2341 5374 2501 5425 αὐτὸν
2524 5375 2587 5425 ἐκ
2616 5371 2709 5425 τοῦ
2745 5369 2891 5439 ἱεροῦ
2924 5368 3343 5436 δεδικαιωμένον
3380 5366 3523 5438 ὑπὲρ
3556 5368 3647 5420 τὸν
3700 5385 3796 5421 κα-

2214 5468 2320 5530 λῶς
2350 5467 2447 5536 μὲν
2482 5465 2806 5535 βεϐιωκότα,
2872 5461 3086 5529 μεγαλα
3118 5460 3177 5513 δέ
3206 5461 3556 5530 φρονήσαντα
3585 5459 3664 5528 τῷ
3694 5478 3795 5512 κα-

2216 5565 2321 5627 λῶς
2347 5564 2516 5633 βιοῦν.
2553 5562 2780 5629 Δέχεται
2810 5559 2904 5611 τοῦ
2940 5555 3186 5619 Ἐζεκίου
3209 5556 3277 5607 τὰ
3297 5557 3537 5627 δάκρυα,
3579 5556 3674 5609 καὶ⁵
3698 5555 3795 5608 τοῦ

2219 5657 2406 5719 παιδὸς
2440 5653 2606 5707 αὑτοῦ
2643 5654 2738 5721 τήν
2774 5650 3111 5720 ἐπιστροφὴν
3140 5649 3313 5717 ὁμοίῳ
3355 5650 3541 5718 τρόπῳ
3566 5665 3796 5716 γεγενη-

2221 5749 2389 5817 μένην
2432 5745 2506 5808 ὼς
2564 5744 2737 5799 ἄλλων
2795 5740 3073 5813 ἀριστείας
3124 5739 3480 5808 ήαμενῖσατο.
3536 5741 3645 5812 Τήν
3684 5740 3795 5811 γαρ
