4098 6272
354 376 469 442 525

1762 367 2051 429 ORATIO
2081 368 2174 429 VI.

3512 372 3614 435 526

356 493 651 563 ίσόρροπον
688 489 898 543 ἔκτισιν
932 486 1085 555 ζητεῖ
1117 484 1225 536 τῶν
1271 462 1689 552 ἁμαρτημάτων
1743 484 1808 536 ἐκ
1836 485 1932 552 τῆς

2043 479 2285 548 accepit:
2312 479 2511 549 quippe
2539 479 2821 536 luitionem
2874 480 3197 539 delictorum
3233 481 3380 538 velut
3402 486 3617 554 aequili-

351 585 732 655 προαιρέσεως
762 581 872 633 τῶν
921 575 1360 646 μετανοούντων·
1417 576 1485 627 τὰ
1516 575 1571 627 δὲ
1609 575 1750 645 ἔργα
1794 580 1936 633 κατά

348 677 607 741 δύναμιν,
648 673 722 732 ὡς
749 672 847 723 κάν
883 672 997 731 τοῖς
1026 667 1297 733 φθάσασιν
1325 666 1564 735 εἴρηται.
1603 667 1693 728 Ὠς
1720 667 1787 721 ἂν
1832 688 1936 739 μη-

349 766 543 834 δαμῶς
580 764 674 832 ἐξῇ
708 761 1147 825 συνεισενεγκεῖν
1179 760 1274 810 καὶ
1324 757 1516 820 ταῦτα,
1552 759 1775 825 ἀρκέσει
1810 761 1934 812 τού-

348 874 430 925 τῳ
461 857 554 907 καὶ
578 852 771 921 γνώμη
800 852 955 921 μόνη.
1000 849 1156 904 Οὕτω
1196 866 1279 900 τοι
1323 848 1419 900 καὶ
1459 847 1551 900 τὸν
1594 848 1799 919 λῃστὴν
1840 853 1936 903 αὖ-

350 947 597 1016 θημερὸν
630 944 868 1008 ἐδέξατο,
900 942 1104 1011 μᾶλλον
1126 941 1182 992 δὲ
1206 940 1297 991 καὶ
1320 938 1592 1009 αύθωρὸν,
1627 941 1675 993 εί
1712 940 1769 993 δὲ
1805 939 1933 1009 βού-

350 1037 437 1089 λει
470 1054 533 1103 γε
556 1077 571 1100 ,
604 1035 700 1088 καὶ
731 1036 788 1088 ὲν
818 1035 1033 1101 ἀκαρεῖ,
1068 1030 1332 1101 ὁμολογίᾳ
1380 1032 1647 1097 στόματος
1677 1033 1835 1101 μόνῃ,
1864 1033 1933 1085 δι’

349 1129 419 1199 ἥν
456 1127 611 1180 οὐδὲν
641 1127 854 1193 ὑπέστη
884 1124 1056 1176 δεινὸν
1082 1161 1096 1186 ,
1144 1122 1253 1174 οὐδ’
1284 1118 1353 1192 ἦν
1400 1122 1547 1184 εἰκὸς
1598 1123 1928 1192 φοϐηθῆναι.

350 1220 419 1272 Τί
453 1218 563 1289 γάρ
589 1218 685 1271 καὶ
709 1218 871 1269 πλέον
903 1209 977 1269 ὧν
1014 1214 1244 1282 ἔπασχε,
1279 1214 1372 1265 καὶ
1396 1214 1564 1282 αὐτῆς
1590 1215 1689 1281 τῆς
1718 1217 1933 1283 ἀποφά-

351 1327 493 1372 σεως
548 1309 640 1361 τοῦ
672 1308 943 1371 θανάτου;
1001 1306 1141 1359 Ἀλλ’
1179 1305 1367 1375 ἐπειδὴ
1412 1305 1597 1373 φωνῆς
1626 1300 1694 1374 ἦν
1728 1306 1933 1376 Κύριος

347 1403 473 1454 τότε
499 1388 690 1470 μόνης,
720 1400 922 1469 ταύτην
946 1397 1150 1460 πιστῶς
1179 1397 1562 1466 είσενηνοχὼς,
1581 1398 1744 1450 αὑτὸν
1775 1397 1933 1466 ἐκέρ-

346 1493 478 1545 δανε
517 1490 610 1543 τὸν
646 1489 999 1559 παράδεισον,
1033 1482 1198 1539 ἆθλον
1262 1484 1555 1554 μακαρίοις
1616 1484 1930 1554 ἀφωρισμέ-

347 1600 476 1635 νον·
510 1584 569 1635 ὄν
617 1599 680 1649 γε
736 1581 785 1633 oi
833 1581 1181 1646 προπάτορες
1226 1575 1554 1639 ἀπώλεσαν,
1610 1575 1708 1644 οὐχ
1738 1576 1930 1643 ὅτιπερ

344 1676 658 1743 ἐξήμαρτον
700 1673 781 1733 είς
814 1671 905 1723 τὸν
948 1669 1275 1739 εὐεργέτην,
1309 1667 1424 1719 ἀλλ’
1453 1668 1647 1733 ὅτιπερ
1678 1667 1929 1733 ἀπέγνω-

347 1784 452 1820 σαν
472 1767 570 1828 τῆς
594 1766 744 1832 σφῶν
776 1763 955 1816 αὐτῶν
984 1761 1278 1830 σωτηρίας.
1307 1760 1368 1812 Εἰ
1409 1758 1518 1829 γὰρ
1542 1762 1622 1827 μὴ
1653 1759 1811 1811 τοῦτο
1834 1754 1924 1828 ἦν,

2042 572 2191 625 hrem
2226 573 2476 640 requirit,
2529 588 2597 627 ex
2622 572 2876 627 instituto
2904 574 3072 627 animi
3108 575 3551 643 resipiscentium
3596 596 3611 641 ;

2038 677 2203 730 opera
2260 679 2410 729 vero,
2440 680 2539 732 pro
2571 664 2797 729 viribus,
2830 666 2905 719 uti
2938 682 3099 733 supra
3136 682 3352 736 quoque
3405 668 3615 723 dictum

2037 766 2154 811 cst:
2185 773 2304 825 qua:
2339 772 2468 811 sane
2500 758 2543 812 si
2602 773 2946 827 nequaquam
2982 760 3142 813 simul
3201 759 3396 814 afferre
3433 761 3615 828 liceat,

2040 848 2154 915 ipsa
2190 851 2455 903 duntaxat
2489 849 2742 903 voluntas
2773 851 2821 903 ei
2855 849 3106 905 sulliciet.
3135 850 3228 904 Sic
3257 861 3311 906 et
3347 852 3614 909 latronem

2038 940 2187 994 illum
2216 942 2407 995 eodem
2441 942 2527 995 die
2567 942 2791 1010 recepit,
2822 943 2901 995 vel
2934 942 3111 1009 potius
3128 944 3315 998 eadem
3344 946 3498 1009 hora,
3528 948 3617 1001 vel

2036 1029 2083 1083 si
2117 1032 2316 1094 mavis,
2352 1033 2404 1085 in
2442 1040 2719 1087 momento
2758 1033 3037 1102 temporis,
3078 1050 3172 1102 per
3202 1037 3373 1090 solam
3407 1038 3620 1092 confes-

2034 1122 2246 1176 sionem
2270 1125 2401 1188 oris,
2428 1135 2650 1193 propter
2676 1140 2839 1193 quam
2860 1126 2991 1179 nihil
3022 1142 3317 1195 perpessus
3355 1140 3438 1183 est
3467 1131 3615 1192 ntali,

2034 1228 2137 1267 nec
2190 1213 2469 1268 formidati
2506 1214 2802 1287 quidquam
2870 1232 2969 1284 par
3006 1228 3141 1271 erat.
3193 1217 3332 1284 Quid
3368 1220 3511 1273 enim
3543 1221 3616 1274 illi

2037 1314 2277 1359 metuere
2301 1306 2475 1375 majus
2501 1315 2714 1373 poterat
2733 1324 2895 1377 quam
2925 1325 3046 1377 qua:
3068 1317 3196 1363 tunc
3216 1312 3619 1377 perpetiebatur
3656 1383 3661 1387 _

2032 1406 2088 1452 et
2115 1398 2228 1465 ipsa
2265 1402 2455 1453 mortis
2477 1399 2794 1453 sententia?
2826 1400 2919 1453 sed
2949 1401 3078 1468 quia
3115 1402 3261 1455 vocis
3290 1411 3418 1456 tunc
3446 1404 3617 1457 solius

2033 1486 2287 1540 dominus
2316 1501 2455 1549 erat,
2483 1504 2545 1543 ea
2568 1489 2799 1542 fideliter
2834 1490 3051 1554 collata,
3082 1493 3392 1559 paradisum
3431 1494 3608 1562 ipsum

2032 1576 2276 1630 lucratus
2329 1589 2432 1644 εει,
2465 1579 2745 1645 praemium
2788 1580 2963 1632 beatis
3008 1580 3379 1635 destinatum:
3448 1598 3608 1649 quem

2034 1678 2295 1735 parentes
2326 1669 2404 1721 illi
2429 1669 2593 1737 primi
2629 1670 2886 1731 amisere,
2916 1686 3021 1723 non
3055 1671 3194 1737 quod
3226 1672 3489 1726 adversus
3519 1672 3614 1725 be—

2034 1756 2373 1810 nefactorem
2420 1772 2580 1810 suum
2615 1757 3000 1826 deliquissent,
3031 1760 3123 1812 sed
3150 1760 3296 1826 quod
3330 1759 3397 1812 de
3435 1761 3614 1813 salute

343 1857 451 1909 οὐκ
487 1856 553 1910 ἂν
591 1855 761 1923 ’Δδὰμ
805 1855 899 1906 ἐπὶ
941 1854 1043 1916 τὴν
1096 1854 1357 1918 γυναῖκα,
1394 1850 1579 1918 ἐκείνη
1610 1849 1667 1901 δὲ
1701 1850 1796 1900 ἐπὶ
1835 1849 1927 1900 τὸν

2034 1864 2126 1903 sua
2164 1848 2572 1916 desperassent.
2636 1849 2770 1902 Nam
2816 1851 3024 1918 absque
3069 1852 3173 1904 hoc
3240 1850 3465 1915 luisset,
3502 1868 3610 1907 non

342 1948 496 2015 ὅφιν,
522 1946 619 2010 τὴν
644 1946 740 2012 τῆς
778 1944 1141 2012 παραϐάσεως
1190 1940 1370 1993 αἰτίαν
1409 1940 1731 1993 ἀνετίθεσαν
1756 1956 1768 1969 ·
1807 1939 1924 1991 ἀλλ’

345 2037 668 2105 ὡμολόγουν
698 2036 797 2105 μὲν
822 2035 882 2087 τὸ
912 2034 1103 2099 κακὲν,
1129 2031 1541 2102 προσήγγελλον
1565 2030 1622 2083 δὲ
1669 2029 1923 2091 ἑαυτοὺς,

342 2131 443 2182 καὶ
468 2128 714 2198 ἀπῄτουν
759 2126 857 2195 τὴν
886 2123 1176 2193 διόρθωσιν
1212 2122 1319 2174 ἀπ’)
1354 2122 1556 2183 παντὸς
1584 2121 1812 2191 τρόπου.

430 2302 569 2356 Ἀλλ’
600 2302 687 2356 ἵνα
710 2303 786 2372 μὴ
815 2303 881 2371 τῇ
905 2300 1063 2371 χρείᾳ
1090 2299 1198 2352 τῶν
1218 2299 1392 2367 λόγων
1425 2302 1452 2352 ὁ
1491 2299 1684 2369 χρόνος
1712 2300 1814 2354 οὐκ
1838 2301 1925 2366 ἐξ·

343 2394 579 2465 αρκέσῃ,
634 2393 731 2455 τὰς
766 2391 1037 2453 ἀϐύσσους
1074 2388 1180 2441 τῶν
1235 2388 1497 2441 τοιούτων
1544 2389 1805 2458 ἐρευνῶν,
1858 2388 1927 2442 τὰ

348 2486 451 2554 μὲν
486 2484 656 2538 πολλὰ
682 2482 788 2536 τῶν
810 2472 1081 2534 ἐπὶτοῦτο
1108 2478 1385 2549 φερόντων
1420 2477 1681 2547 παρίημι,
1710 2478 1799 2528 ὅτε
1832 2477 1929 2532 καὶ

345 2578 463 2637 ’τοῖς
505 2574 823 2644 εἰρημένοις
853 2573 1038 2633 αὐτοῖς
1069 2569 1382 2639 ἀρκούντως
1425 2563 1578 2636 οἶμαι
1631 2565 1924 2633 δεδεῖχθαι,

347 2665 384 2718 ἃ
418 2683 508 2737 μοι
564 2665 762 2727 σκοπὸς
793 2659 860 2734 ἦν
890 2661 1129 2732 ἐξαρχῆς
1153 2677 1166 2690 ·
1207 2661 1386 2712 ὲκεῖνο
1412 2658 1458 2710 δ’
1488 2658 1555 2711 ἂν
1588 2658 1701 2719 τοῖς
1752 2656 1927 2709 ἅπασι

351 2754 851 2824 συμϐουλεύσαιμι,
901 2754 994 2805 καὶ
1034 2750 1143 2822 πρὸ
1189 2751 1411 2803 πάντων
1456 2747 1717 2817 ἐμαυτῷ,
1757 2762 1959 2815 προσ-,

344 2848 571 2919 δραμεῖν
604 2850 663 2902 ὲν
696 2847 960 2917 μετανοίᾳ
993 2846 1085 2897 καὶ
1138 2845 1373 2913 δάκρυσι
1405 2841 1483 2911 τῷ
1516 2839 1769 2894 καλοῦντι
1799 2840 1928 2901 τοὺς

345 2938 705 3010 ἁμαρτωλοὺς
727 2940 806 3000 εἰς
831 2937 1143 3007 μετάνοιαν,
1173 2937 1300 2998 τοὺς
1322 2933 1593 3002 διψῶντας
1620 2932 1713 2984 ἐπὶ
1734 2931 1794 2983 τὲ
1817 2930 1927 2995 ζῶν

346 3031 513 3099 ὕδωρ,
536 3030 627 3082 ἐπὶ
654 3030 745 3081 τὸν
774 3028 1011 3098 χρηστὸν
1040 3025 1206 3093 ζυγὸν
1238 3027 1336 3077 καὶ
1366 3024 1426 3075 τὸ
1459 3023 1683 3091 φορτίον
1710 3024 1770 3073 τὸ
1800 3020 1926 3072 ὲλα-

345 3123 480 3193 φρδν
510 3124 637 3183 τοὺς
668 3120 977 3181 κοπιῶντας
1012 3119 1108 3170 καὶ
1150 3115 1623 3185 πεφορτισμένους
1655 3113 1804 3183 πόνῳ
1832 3114 1929 3166 καὶ

344 3185 498 3283 ἀχθει
525 3214 625 3283 τῆς
644 3213 921 3282 ἁμαρτίας
948 3227 962 3242 ⁸
997 3209 1074 3280 τῷ
1102 3212 1222 3271 ταῖς
1245 3206 1540 3278 ἡμετέραις
1565 3206 1765 3276 ψυχαῖς
1788 3221 1931 3273 παρ·
1956 3185 2001 3246 c

344 3309 591 3378 εχομένῳ
640 3306 994 3374 τάλεξιτήρια
1047 3302 1156 3356 τῶν
1191 3300 1376 3355 κακῶν
1423 3302 1484 3354 οὐ
1522 3299 1684 3369 μόνον
1725 3300 1930 3368 προῖκα

347 3401 441 3452 καὶ
492 3397 708 3468 ἀμισθὶ,
748 3397 884 3450 ἀλλά
945 3396 1039 3448 καὶ
1091 3394 1255 3475 χάριν
1308 3392 1659 3460 γινώσκοντι,
1699 3391 1753 3444 εί
1783 3407 1931 3453 τινες

350 3493 491 3542 αὐτὰ
525 3491 804 3553 δέξαιντο’
837 3490 895 3551 ὃς
947 3488 1048 3539 οὐκ
1086 3486 1362 3555 ἐξεδέχετο
1398 3486 1578 3553 μένων
1615 3482 1754 3535 οἴκοι
1807 3480 1932 3544 τοὺς

349 3581 711 3647 ἀφιξομένους
738 3579 811 3641 ὡς
846 3577 1009 3631 αὑτὸν
1055 3577 1194 3646 ὑπὲρ
1228 3575 1552 3645 θεραπείας,
1590 3573 1622 3643 ἢ
1675 3572 1806 3641 γοῦν
1838 3573 1932 3625 τὸν

352 3672 652 3723 καλέσοντα
706 3670 798 3724 καὶ¹
834 3668 1334 3739 μεταπεμψάμενον
1368 3666 1514 3719 κατὰ
1546 3666 1672 3727 τοὺς
1700 3666 1812 3716 τῶν
1850 3666 1934 3715 ία-

347 3760 495 3829 τρῶν
525 3762 745 3829 νόμους,
776 3762 1007 3814 τουτωνὶ
1024 3760 1131 3813 τῶν
1163 3759 1481 3828 δυναμένων
1509 3756 1746 3826 ἀμύνειν
1772 3772 1787 3788 ·
1814 3754 1933 3807 ἀλλ’

348 3855 509 3916 αὐτὸς
539 3854 626 3906 ἀεὶ
654 3854 1085 3922 παρερχόμενος,
1120 3853 1249 3914 τοὺς
1282 3850 1473 3921 χρείαν
1510 3848 1735 3916 ἔχοντας
1767 3845 1931 3899 αὐτοῦ

347 3945 737 4014 προύκαλεῖτο,
780 3943 1110 4012 παρεκάλει,
1152 3941 1431 4008 μετεδίδου
1464 3938 1665 4001 παντὸς
1694 3937 1931 4005 ἀγαθοῦ,

345 4042 441 4091 καὶ
475 4033 533 4091 εὖ
583 4038 754 4090 ποιῶν
801 4052 866 4103 γε
900 4034 1110 4095 πάντας
1161 4032 1310 4100 ὲξῆς,
1347 4030 1512 4091 εὐθὺς
1548 4030 1729 4082 αὐτῶν
1761 4029 1935 4099 ἀπηλ-

344 4132 591 4195 λάττετο,
624 4130 711 4181 ἵνα
750 4128 825 4199 μὴ
857 4125 1049 4197 μισθὸν
1077 4125 1225 4179 ἄκων
1251 4124 1428 4179 λάϐοι.
1462 4122 1596 4175 Τίνα
1623 4121 1685 4190 δὴ
1722 4118 1929 4186 τούτον;

344 4224 454 4292 Τὴν
513 4222 736 4275 ἐκείνων
776 4219 1057 4288 εὐφημίαν
1122 4217 1264 4287 μετὰ
1318 4215 1529 4284 κρότων
1578 4213 1929 4282 γιγνομένην.

344 4314 625 4384 λαίρομεν
650 4311 826 4365 τοίνυν
861 4309 1002 4377 ὁμοῦ
1037 4308 1253 4369 πάντες.
1280 4306 1402 4359 Τῶν
1434 4307 1543 4376 γὰρ
1576 4307 1663 4368 εἰς
1698 4303 1933 4358 ἐκεῖνον

348 4405 838 4460 πεπιστευκότων
885 4404 959 4455 οὐ
1008 4399 1300 4469 ,λογίζεται
1336 4398 1408 4452 τὰ
1441 4396 1833 4466 ἁμαρτήματα
1856 4435 1872 4459 ,
1903 4397 1931 4449 ό

344 4496 639 4558 ἀπόστολος
664 4495 873 4555 Παῦλος
902 4489 1048 4544 εἷπε.
1083 4489 1302 4559 Ταύτην
1333 4489 1391 4541 δὲ
1433 4489 1605 4558 δήπου
1642 4486 1741 4557 τὴν
1769 4485 1931 4555 χάριν
1961 4520 2006 4571 D

344 4584 525 4643 δίδωσι
553 4589 653 4657 μὲν
681 4585 829 4651 ἅπαξ
860 4587 918 4638 τὸ
947 4585 1253 4654 βάπτισμα,
1277 4581 1463 4635 δίδωσι
1485 4580 1541 4632 δὲ
1572 4581 1605 4649 ἡ
1635 4579 1923 4648 μετάνοια,

346 4681 540 4749 ἐκείνῳ
591 4695 655 4746 γε
695 4676 1035 4747 βοηθουμένη
1090 4674 1169 4743 τῷ
1203 4672 1439 4742 λουτρῷ,
1494 4671 1687 4733 ὁσάκις
1724 4671 1789 4725 ἄν
1838 4686 1925 4732 τις

346 4772 585 4840 γνησίως
617 4770 802 4839 ἐκείνῃ
834 4769 1119 4836 χρήσαιτο.
1169 4766 1333 4818 Ὥστε
1367 4766 1575 4824 ἐκεῖνος
1600 4761 1803 4829 ἀγαθὸς
1831 4760 1926 4814 καὶ

346 4864 459 4924 τοῖς
501 4861 746 4928 ἀγαθοῖς,
782 4859 875 4910 καὶ
917 4859 1030 4919 τοῖς
1075 4858 1150 4925 μὴ
1190 4854 1474 4914 τοιούτοις.
1539 4854 1649 4903 Καὶ
1702 4852 1818 4914 πῶς
1864 4850 1924 4903 ού

348 4956 555 5016 πάντας
586 4952 799 5023 χαίρειν
831 4950 930 5012 δεῖ,
967 4949 1209 5001 τοιοῦτον
1243 4947 1463 5018 ἔχοντας
1489 4944 1778 5013 δεσπότην,
1814 4938 1926 4995 οἷον

344 5049 372 5098 ὁ
409 5046 563 5113 λόγος
596 5046 724 5116 ἡμῖν
758 5041 927 5105 ἔδειξε
955 5039 1220 5105 ίΜσῖλλον
1259 5039 1316 5091 δὲ
1372 5034 1484 5089 οἷον
1549 5036 1657 5087 οὐδ’
1725 5036 1791 5088 ἂν
1847 5029 1927 5092 εἷς

346 5139 517 5202 ἔδειξε
546 5139 724 5206 λόγος,
773 5135 881 5188 οὐδ’
914 5133 979 5186 ἂν
1012 5131 1273 5202 συνῆλθον
1320 5129 1458 5199 ὁμοῦ
1499 5130 1593 5182 καὶ
1623 5127 1732 5181 τῶν
1763 5126 1928 5194 ἀγγέ-

347 5234 477 5295 λων,
512 5231 607 5285 καὶ
646 5228 751 5284 τῶν
794 5224 1102 5294 ἀνθρώπων
1129 5226 1185 5277 att
1224 5224 1492 5291 γλῶσσαι.
1525 5220 1600 5274 Οὐ
1654 5220 1759 5289 μὴν
1810 5216 1927 5272 ἀλλ’

346 5325 494 5375 ἔστιν
517 5322 576 5377 ἓν
603 5337 656 5374 τι
684 5320 778 5373 καὶ
805 5318 995 5370 λυπεῖν
1024 5317 1172 5381 ἄξιον
1204 5315 1332 5377 τοὺς
1360 5314 1419 5378 ὲξ
1445 5312 1723 5381 ἁμαρτίας
1760 5327 1927 5380 μεταο

347 5415 671 5484 νοήσαντας,
713 5412 808 5464 καὶ
843 5412 938 5480 τῆς
982 5409 1210 5478 ἀπείρου
1244 5406 1661 5477 φιλανθρωπίας
1694 5421 1926 5473 τετυχη-

348 5507 532 5568 κότας.
570 5507 633 5559 Ἰ’ί
662 5504 857 5569 τοῦτο;
892 5502 966 5555 Τὸ
1003 5502 1337 5572 μεμνῆσθαι,
1371 5502 1449 5563 είς
1483 5492 1595 5552 οἷον
1626 5500 1753 5551 ὄντα
1789 5497 1929 5561 πρὸς

345 5599 542 5660 αὐτοὺς
571 5596 918 5666 ὲξυϐρίκασι.
945 5595 1053 5648 Καὶ
1079 5597 1129 5648 τί
1182 5594 1246 5648 ἂν
1276 5589 1441 5665 ἦσαν,
1479 5591 1553 5662 μὴ
1583 5590 1742 5644 τοῦτο
1782 5591 1927 5663 πρόι-

421 5777 441 5849 f
470 5774 630 5832 Rom.
664 5790 716 5837 v.
755 5774 841 5831 l5.

2027 1940 2269 1994 Adamus
2296 1941 2346 1994 in
2375 1955 2625 2011 uxorem,
2662 1940 2751 1994 illa
2775 1955 2965 1995 rursus
2996 1942 3046 1994 in
3068 1952 3402 2010 serpentem,
3431 1954 3614 2000 trans-

2028 2028 2324 2097 gressionis
2365 2029 2580 2099 culpam
2637 2030 3020 2097 ccutulissent,
3075 2032 3169 2084 sed
3216 2030 3456 2086 confessi
3486 2035 3611 2087 dili-

2029 2133 2196 2185 ctum,
2228 2110 2439 2190 seipsos
2473 2138 2597 2178 reos
2644 2122 2909 2178 fecissent
2932 2124 3193 2193 omnique
3230 2128 3390 2181 modo
3427 2141 3612 2182 emen-

2028 2210 2304 2265 dationem
2335 2212 2691 2283 ﬂagitassent.

2044 2344 2049 2348 .
2101 2302 2299 2358 Verum
2321 2320 2388 2359 ne
2412 2308 2675 2362 orationis
2705 2307 2827 2362 usui
2870 2317 3083 2379 ternpus
3112 2313 3293 2381 ipsum
3322 2314 3465 2369 haud
3500 2318 3613 2369 sul-

2030 2393 2197 2459 liciat,
2259 2396 2386 2449 dum
2448 2398 2762 2466 huiusmodi
2814 2414 2997 2453 rerum
3050 2403 3278 2471 abyssos
3315 2403 3607 2473 investigo,

2029 2485 2330 2552 complura,
2379 2501 2498 2552 quae
2539 2487 2644 2541 huc
2699 2498 2947 2555 spectant
2988 2492 3204 2557 omitto,
3256 2494 3475 2562 quando
3514 2510 3612 2563 per

2030 2573 2291 2628 hactenus
2345 2576 2581 2631 indicata
2613 2580 2749 2633 satis
2790 2589 3007 2635 ostensa
3047 2595 3176 2650 puto
3209 2600 3329 2652 quae
3358 2585 3425 2639 ah
3448 2588 3606 2641 initio

2031 2666 2303 2732 proposita
2329 2666 2485 2720 nobis
2507 2677 2686 2721 erant.
2720 2667 2832 2722 Hoc
2861 2672 3081 2739 quidem
3112 2674 3386 2729 universis
3409 2692 3610 2729 consu-

2031 2752 2205 2819 luero,
2228 2754 2572 2823 etimprimis
2599 2757 2847 2813 mihimet
2872 2761 2999 2830 ipsi,
3036 2770 3095 2815 ut
3135 2763 3188 2816 in
3225 2765 3608 2833 resipiscentia

2028 2856 2082 2897 et
2123 2844 2381 2914 lacrymis
2436 2848 2504 2900 ad
2546 2861 2670 2901 eum
2712 2865 3024 2916 curramus,
3056 2854 3147 2922 qui
3174 2865 3496 2923 peccatores
3529 2864 3598 2911 ad

2030 2935 2461 3004 resipiscendum
2498 2940 2733 3007 invitat;
2773 2942 3024 2998 sitientes
3053 2945 3120 2998 ad
3169 2961 3364 3015 aquam
3390 2949 3562 3002 vivam
3592 2967 3607 3013 ;

2030 3025 2205 3082 fessos
2237 3039 2291 3083 et
2332 3041 2591 3086 oneratos
2650 3031 2839 3087 dolore
2877 3037 3223 3107 pondereque
3276 3042 3510 3108 peccati,
3542 3046 3610 3096 ad

2033 3119 2373 3172 commodum
2406 3118 2593 3188 jugum
2626 3132 2680 3174 et
2711 3137 2852 3176 onus
2887 3124 3002 3178 leve
3032 3140 3046 3188 ;
3102 3127 3169 3180 ad
3197 3142 3317 3180 eum
3349 3129 3439 3198 qui
3486 3129 3611 3183 ani-

2035 3208 2135 3262 mis
2167 3212 2367 3265 nostris
2420 3212 2686 3266 malorum
2723 3216 2961 3270 remedia
3004 3232 3112 3271 non
3164 3220 3325 3273 modo
3354 3222 3526 3289 gratis
3558 3232 3612 3276 et

2034 3300 2246 3368 absque
2287 3302 2460 3371 pretio
2503 3305 2840 3373 suppeditat,
2893 3322 3082 3361 verum
3123 3310 3288 3364 etiam
3347 3313 3390 3366 si
3424 3316 3515 3383 qui
3543 3329 3609 3368 ea

2036 3392 2320 3459 recipiant,
2363 3394 2593 3462 gratiam
2652 3396 2846 3462 habet;
2886 3400 2977 3467 qui
3036 3413 3141 3453 non
3174 3400 3320 3455 domi
3353 3418 3607 3471 manens,

2034 3484 2384 3551 exspectabat
2413 3488 2532 3555 opis
2574 3486 2929 3556 impetrandae
2978 3504 3143 3544 causa
3185 3501 3468 3557 venturos,
3505 3505 3603 3549 aut

2036 3574 2225 3629 saltem
2242 3577 2477 3647 aliquem
2497 3594 2556 3634 se
2585 3591 2900 3635 vocaturum
2922 3590 2978 3636 et
2994 3583 3262 3637 arcessitu
3273 3599 3607 3649 rum,eorum

2039 3669 2369 3723 medicorum
2401 3685 2551 3726 more
2582 3673 2670 3741 qui
2706 3687 3029 3727 succurrere
3066 3673 3445 3729 laborantibus
3477 3692 3607 3745 pos-

2037 3764 2190 3823 sunt,
2219 3763 2310 3811 sed
2341 3760 2568 3826 ipsemet
2586 3776 2802 3830 semper
2835 3763 3115 3829 prodiens,
3142 3764 3196 3816 in
3235 3767 3477 3819 transitu
3513 3783 3609 3822 eos

2036 3849 2126 3914 qui
2159 3861 2260 3913 ope
2318 3847 2491 3915 ipsius
2549 3850 2874 3917 indigerent,
2928 3853 3227 3917 invitabat,
3263 3855 3606 3921 hortabatur,

2036 3940 2328 4007 participes
2352 3939 2528 3994 omnis
2561 3940 2691 3995 boni
2728 3942 2988 3996 reddebat
3012 3959 3024 4006 ;
3045 3954 3094 3996 et
3121 3954 3404 4015 postquam
3432 3950 3611 4001 omni-

2037 4029 2134 4082 bus
2159 4029 2532 4095 benci‘ecisset,
2552 4046 2673 4085 mox
2697 4031 2762 4086 ab
2785 4031 2864 4086 eis
2887 4032 3220 4099 discedebat,
3243 4052 3309 4091 ne
3329 4040 3608 4107 praemium

2036 4122 2242 4177 invitus
2288 4121 2582 4189 acciperet.
2638 4123 2921 4188 Quodnam
2980 4124 3149 4179 illud?
3204 4128 3448 4197 Ipsorum
3484 4146 3608 4183 cum

2036 4214 2225 4283 plausu
2257 4217 2493 4267 faustam
2526 4214 2994 4268 acclamatiOnem.
3043 4215 3229 4285 Itaque
3260 4219 3365 4272 Leti
3403 4221 3611 4288 pariter

2035 4320 2228 4361 omnes
2258 4307 2452 4360 simus.
2488 4306 2623 4360 Nam
2651 4307 2758 4359 illis
2784 4307 2872 4377 qui
2906 4307 3240 4360 creuiderunt
3260 4311 3468 4373 incum,
3488 4326 3610 4378 pec-

2037 4408 2155 4451 cata
2178 4414 2284 4451 non
2305 4399 2635 4466 imputantur
2655 4399 2694 4463 ¹,
2716 4399 2891 4467 inquit
2907 4399 3190 4468 apostolus
3216 4398 3438 4457 Paulus.
3460 4402 3612 4456 llanc

2036 4503 2165 4543 vero
2208 4489 2435 4561 gratiam
2470 4488 2637 4543 semel
2673 4489 2892 4558 quidem
2950 4490 3106 4544 nobis
3158 4490 3271 4560 ipse
3309 4490 3613 4558 baptisnms

2038 4579 2247 4644 tribuit,
2287 4580 2381 4632 sed
2440 4579 2627 4633 tribuit
2669 4588 2724 4634 et
2759 4580 3136 4650 resipiscentia
3165 4595 3496 4637 succurrens
3537 4583 3612 4636 illi

2035 4672 2275 4736 lavacro,
2305 4675 2519 4739 quoties
2550 4687 2612 4725 ca
2646 4687 2905 4741 germane
2931 4675 3020 4741 qui
3049 4690 3175 4729 usus
3208 4674 3394 4729 fuerit.
3427 4676 3614 4746 Itaque

2036 4759 2207 4811 hOuus
2241 4767 2326 4813 est
2378 4759 2495 4825 ipse
2540 4767 2647 4811 tam
2679 4759 2838 4819 bonis
2867 4776 3027 4825 quam
3065 4778 3173 4816 non
3207 4764 3384 4819 bonis.
3417 4767 3478 4819 Et
3504 4782 3615 4836 quo

2036 4860 2194 4919 pacto
2223 4865 2328 4923 non
2353 4864 2542 4904 omnes
2568 4849 2720 4905 lentos
2750 4866 2870 4906 esse
2895 4854 3169 4919 convenit,
3190 4856 3282 4922 qui
3312 4858 3470 4912 talem
3514 4860 3616 4914 Do-

2040 4945 2242 4997 minum
2264 4944 2557 4998 habeamus
2583 4945 2793 5012 qualem
2829 4948 3064 4999 ostendit
3089 4949 3286 5013 oratio,
3319 4950 3401 5005 vel
3426 4953 3609 5020 p0tius

2038 5036 2252 5104 qualem
2278 5036 2424 5088 nulla
2460 5036 2631 5104 possit
2659 5036 2951 5090 ostendere
2976 5038 3173 5103 oratio,
3207 5056 3271 5092 ne
3306 5043 3522 5109 quidem
3564 5044 3611 5096 si

2039 5138 2235 5181 coeant
2276 5128 2327 5180 in
2367 5141 2531 5179 unum
2568 5141 2759 5181 omnes
2793 5140 2849 5179 et
2886 5128 3206 5198 angelorum
3239 5140 3294 5184 et
3323 5132 3608 5187 hominum

2037 5217 2274 5287 linguas?
2313 5215 2418 5270 Sed
2461 5225 2639 5269 tamen
2664 5232 2827 5270 unum
2861 5219 3065 5288 aliquid
3094 5229 3178 5273 est
3207 5222 3349 5291 quod
3381 5239 3485 5277 non
3511 5224 3611 5277 abs

2036 5324 2095 5363 re
2136 5310 2377 5363 dolorem
2411 5307 2516 5363 illis
2544 5307 2724 5373 allcrt,
2751 5310 2842 5377 qui
2872 5324 2937 5363 ex
2963 5323 3190 5379 peccato
3240 5314 3610 5381 resipucrunt,

2036 5415 2087 5456 et
2152 5403 2295 5457 illius
2337 5404 2562 5457 inﬁnita:
2595 5403 2899 5458 clementiae
2950 5405 3244 5474 participes
3305 5406 3432 5458 lacti
3462 5418 3613 5461 sunt.

2032 5493 2172 5559 Quid
2207 5494 2393 5549 istuc?
2443 5493 2596 5560 Quod
2648 5495 3007 5550 recordantur
3038 5496 3092 5549 in
3133 5495 3348 5563 qualem
3394 5508 3518 5560 erga
3552 5508 3616 5548 se

2030 5585 2294 5659 ﬂagitiose
2324 5602 2382 5644 sc
2413 5589 2704 5660 gesserint.
2746 5587 2810 5643 Et
2846 5589 2976 5658 quid
3031 5596 3235 5649 essent,
3270 5585 3524 5651 obsecro,
3560 5584 3615 5642 si
