4098 6272
536 400 636 463 ίλΞἺ

1715 396 2113 458 MANUELIS
2144 397 2599 458 PALEOLOGI

3651 400 3754 465 ΩΒ

455 512 471 532 ⁵
524 521 631 572 hoc
666 532 767 570 non
828 514 1116 569 fecissent?
1152 512 1283 567 Nam
1321 511 1423 581 qui.
1458 526 1563 567 non
1593 513 1676 581 pie
1713 513 1988 574 vixerunt,
2019 525 2083 564 ac

2190 508 2419 574 ξαντες;
2449 508 2511 560 Οἳ
2548 508 2656 577 γὰρ
2704 509 2800 578 οὐχ
2850 508 3009 571 ὁσίως
3052 508 3403 577 βεϐιώκεσαν,
3444 512 3635 566 ἔπειτα
3684 519 3757 584 τῇ

525 606 720 660 deinde
752 605 1130 671 resipisccntes
1162 618 1224 656 ex
1274 603 1395 657 istis
1421 601 1774 666 facinoribus,
1809 602 1922 669 ipsa
1954 616 2078 669 pro-

526 700 781 768 pensione
812 699 875 749 ad
896 697 1089 748 bonum
1116 696 1398 764 propitium
1432 692 1635 762 experti
1668 704 1790 747 sunt
1829 690 1994 748 Deum
2016 694 2083 748 ab

526 807 583 845 se
613 792 815 851 laesum,
856 798 1168 855 tantumque
1230 786 1353 838 boui
1386 786 1452 840 ab
1478 800 1540 841 eo
1587 786 1881 849 consecuti,
1909 800 2083 853 quau-

527 890 636 931 tum
674 885 953 944 optarunt,
978 852 1139 943 quem
1179 874 1556 942 impetrassent
1604 875 1884 938 honorem,
1920 852 2082 927 obse-

524 984 639 1030 cro,
676 968 719 1020 si
747 968 906 1035 plane
934 966 1119 1034 polluti
1154 981 1257 1018 nun
1292 965 1554 1020 fuissent?
1576 966 1729 1032 Quod
1761 967 1805 1020 si
1845 964 1956 1020 fieri
1988 978 2085 1033 po-

527 1068 629 1112 test
659 1068 715 1111 ut
762 1058 813 1111 in
866 1057 1031 1111 altera
1065 1072 1277 1125 quoque
1295 1059 1403 1110 vita
1429 1069 1616 1110 eorum
1644 1057 1809 1109 animi
1844 1056 2081 1109 dolorem

525 1150 691 1205 ullutn
750 1150 971 1203 omnino
1026 1148 1284 1210 sentiant,
1316 1146 1417 1200 hoc
1447 1162 1540 1201 ecs
1582 1162 1697 1201 mea
1727 1148 1940 1215 quidem
1969 1148 2084 1213 opi-

523 1244 685 1296 nione
709 1251 926 1310 punget,
975 1242 1117 1307 quod
1154 1239 1499 1293 vehementer
1527 1240 1725 1292 amanti
1779 1240 2079 1292 molestiam

522 1333 795 1403 peccando
828 1331 1067 1384 crearint
1099 1344 1265 1398 seque
1298 1330 1420 1383 vitis
1444 1330 1544 1397 ipsi
1595 1330 1907 1397 pollueriut.
1942 1329 2083 1395 Qua-

523 1432 743 1493 propter
786 1423 1069 1475 universos
1098 1422 1349 1487 equidem
1386 1422 1689 1474 monuerim
1713 1429 1768 1474 et
1805 1429 1931 1474 ante
1962 1436 2081 1473 om.

524 1531 621 1571 nes
654 1530 831 1568 meum
864 1511 1035 1581 ipsius
1061 1512 1324 1573 animum,
1359 1526 1427 1565 ne
1458 1514 1799 1566 committere
1835 1512 2081 1576 velimus,

525 1617 743 1678 propter
763 1621 882 1674 qua:
906 1605 1103 1657 multas
1134 1603 1404 1671 profusuri
1432 1605 1600 1658 simus
1621 1604 1894 1673 laerymas
1918 1612 2083 1672 atque

524 1699 778 1766 gemitus,
815 1695 906 1749 ubi
951 1696 1089 1746 viam
1125 1695 1189 1748 ad
1226 1696 1484 1762 optimam
1540 1696 1741 1750 reversi
1796 1694 2080 1761 fuerimus,

525 1789 616 1844 sed
646 1786 825 1840 utillis
849 1786 1229 1843 inhmreamus.
1264 1786 1327 1837 de
1353 1785 1546 1852 quibus
1578 1801 1707 1853 pura
1768 1785 1966 1853 percipi
1993 1801 2086 1838 vo-

526 1879 707 1946 luptas
754 1878 946 1945 possit,
996 1891 1129 1943 pure
1153 1876 1405 1928 nimirum
1435 1875 1684 1940 vivendo,
1717 1876 2091 1945 sperandaque

526 1986 624 2023 nos
649 1969 916 2036 petituros
937 1967 1153 2020 aeternis
1171 1965 1273 2020 illis
1297 1967 1663 2035 voluptatibﬁts
1691 1983 1705 2020 :
1744 1982 1861 2035 quae
1885 1968 2092 2020 scilicet

526 2060 713 2113 oculus
747 2053 980 2110 neminis
1025 2055 1262 2123 aspexit,
1321 2069 1421 2108 nec
1484 2056 1631 2109 auris
1662 2056 1885 2117 audivit,
1932 2056 2092 2125 inque

526 2162 620 2201 cor
650 2143 884 2199 hominis
912 2157 1016 2197 non
1047 2150 1425 2211 penetrarunt,
1454 2152 1512 2197 ut
1534 2144 1690 2197 divus
1720 2146 1808 2198 ille
1849 2146 2085 2214 Apostov

526 2240 609 2292 Ius
636 2238 874 2307 loquitur
900 2239 939 2289 ι.
965 2235 1099 2290 Cum
1120 2246 1300 2289 autem
1338 2236 1424 2289 hic
1449 2236 1678 2290 orationi
1701 2246 1893 2290 nostra:
1931 2236 2089 2292 finem

525 2327 910 2399 imponendum
984 2342 1258 2390 censeam,
1301 2327 1476 2381 dicam
1532 2327 1733 2396 aliquid
1766 2330 1831 2382 de
1878 2342 2089 2381 summa

525 2422 619 2475 illa
669 2419 973 2483 clementia,
1013 2419 1175 2473 breve
1225 2418 1440 2486 quidem
1469 2418 1597 2473 illud
1653 2419 1964 2483 admodum,
1996 2418 2091 2473 sed

526 2520 672 2566 recte
697 2520 871 2565 tamen
890 2525 1104 2564 omnem
1126 2510 1199 2564 rei
1223 2524 1467 2578 scopum,
1487 2525 1603 2565 mea
1638 2526 1767 2566 sane
1800 2511 2088 2576 sententia,

524 2611 1096 2657 commonstraturum.

509 2742 513 2744 .
596 2696 698 2749 Aio
754 2692 847 2747 Dei
908 2705 1149 2749 nostrum
1200 2708 1326 2764 erga
1374 2710 1543 2763 genus
1593 2694 1915 2757 clernentiw,
1973 2710 2093 2763 quae

523 2801 746 2855 prorsus
766 2794 847 2841 est
878 2785 1109 2854 infinita,
1137 2802 1242 2840 non
1268 2801 1423 2855 posse
1440 2787 1731 2854 quidquam
1762 2785 2088 2854 azquiparari

524 2877 609 2931 vel
664 2891 783 2929 cum
834 2890 895 2929 ea
929 2878 1254 2945 comparari,
1313 2878 1507 2931 nedum
1558 2878 1742 2945 lapsus
1782 2878 2087 2938 hominum.

531 2968 629 3037 qui
677 2968 898 3021 omnino
934 2970 1068 3021 lines
1123 2984 1250 3022 suos
1279 2969 1502 3022 habent.
1547 2969 1697 3034 Quod
1736 2986 1858 3022 eum
1894 2971 1965 3022 ita
1999 2969 2088 3035 sit,

537 3073 879 3127 nequaquam
938 3059 1133 3112 divinat
1183 3059 1483 3113 clementite
1539 3060 1834 3125 suffecerit,
1881 3062 1943 3112 ad
2001 3076 2092 3113 ar-

2188 600 2528 668 μεταγνῶσει
2573 600 2683 652 τῶν
2714 602 2911 669 ἔργων,
2934 601 3028 652 καὶ
3052 601 3117 669 τῇ
3150 602 3285 670 πρὸς
3315 603 3376 654 τὸ
3395 604 3602 669 ἀγαθὸν
3632 607 3759 660 νεύ-

2186 708 2289 753 σει,
2316 691 2443 743 ῐλεώ
2462 707 2520 743 τε
2546 692 2905 758 πεπείρανται
2933 691 3027 743 τοῦ
3056 692 3146 743 ὑπ’
3168 693 3349 745 αὐτῶν
3376 694 3750 763 ὑδρισθέντος,

2183 784 2277 835 καὶ
2324 782 2577 835 τοσοῦτον
2623 778 2683 834 εὖ
2720 782 3023 834 πεπόνθασι
3060 785 3189 852 παρ’
3225 785 3413 848 αὑτοῦ,
3446 787 3644 839 ὁπόσον
3690 791 3759 841 ἀν

2184 873 2452 941 εὔξαιντο,
2485 875 2660 941 πόσης
2694 874 2757 926 ἂν
2801 874 3029 941 ὴξίωντο
3060 876 3247 944 τιμῆς,
3284 876 3357 945 μὴ
3396 877 3756 944 μολυνθέντες

2184 965 2282 1034 τὴν
2322 965 2584 1033 πρώτηνς
2623 965 2684 1017 El
2727 964 2772 1016 δ’
2805 964 2981 1016 ἔνεστι
3015 967 3179 1017 κάκεῖ
3209 968 3309 1029 τὰς
3341 969 3544 1019 τούτων
3574 970 3757 1037 ψυχὰς

2184 1055 2362 1124 λύπην
2392 1054 2638 1123 ἡντινοῦν
2655 1056 2795 1116 ὅλως
2826 1054 3016 1121 ἴσχειν,
3049 1053 3197 1106 τοῦτ’
3226 1055 3290 1107 ἂν
3319 1050 3471 1123 οἶμαι
3502 1056 3564 1108 τὸ
3587 1059 3758 1127 πλῆτ-

2185 1162 2298 1208 τον,
2334 1146 2414 1196 ότι
2449 1144 2539 1195 τὸν
2575 1144 2778 1213 σφόδρα
2815 1145 3115 1212 φιλήσαντα
3143 1144 3375 1197 ἐλύπουν
3411 1147 3757 1214 ἁμαρτάνουο

2189 1255 2298 1301 σαι,
2338 1240 2431 1291 καὶ
2486 1240 2599 1299 τοῖς
2642 1240 2831 1296 κακοῖς
2874 1237 3205 1303 μολύνουσαι
3259 1239 3481 1300 ἑαυτάς.
3524 1241 3635 1292 Καὶ
3666 1241 3755 1293 διὰ

2185 1329 2355 1381 ταῦτα
2384 1331 2495 1390 τοῖς
2524 1329 2691 1382 πᾶσιν
2722 1327 2786 1380 ἂν
2806 1327 3230 1396 παραινέσαιμι,
3259 1330 3355 1382 καὶ
3389 1329 3497 1398 πρό
3528 1349 3591 1399 γε
3622 1336 3757 1384 πάν-

2186 1438 2294 1473 των
2343 1422 2409 1488 τῇ
2442 1417 2679 1486 ἐμαυτοῦ
2727 1418 2900 1488 ψυχῇ,
2935 1418 3010 1487 μὴ
3070 1420 3244 1473 ταῦτα
3294 1422 3560 1488 πράττειν
3609 1425 3756 1492 ἡμᾶς

2188 1510 2412 1571 ἐθέλειν,
2466 1509 2535 1562 δι’
2564 1509 2599 1562 ἀ
2650 1509 2829 1577 δεήσει
2873 1509 3087 1561 πολλῶν
3117 1508 3369 1578 δακρύων
3403 1513 3498 1563 καὶ
3532 1529 3759 1580 στεναγ--

2192 1602 2343 1670 μῶν,
2391 1601 2486 1652 ἐπὶ
2541 1599 2637 1669 τὴν
2690 1601 2921 1669 ἀρίστην
2973 1598 3095 1653 ὁδὸν
3158 1602 3587 1671 ἐπιστρέψασιν·
3641 1605 3757 1658 ἀλλ’

2189 1693 2411 1745 ἐκείνων
2457 1690 2695 1761 ἔχεσθαι,
2729 1684 2810 1754 οἷς
2860 1690 2926 1744 ἀν
2966 1690 3051 1758 εἴη
3092 1693 3347 1759 καθαρῶς
3385 1693 3636 1762 ἥδετθαι,
3679 1697 3758 1763 τῷ

2188 1802 2247 1837 τε
2296 1783 2555 1853 καθαρῶς
2610 1781 2783 1850 βιοῦν,
2811 1780 2890 1852 τῷ
2928 1799 2987 1833 τε
3024 1782 3269 1845 ἐλπίζειν
3298 1783 3583 1847 τεύξεσθαι
3629 1788 3759 1836 αξωι

2195 1877 2324 1929 νίων
2358 1876 2728 1937 ἀπολαύσεων,
2766 1871 2802 1926 d
2836 1873 3138 1942 ὀφθαλμὸς
3185 1875 3297 1927 οὐκ
3326 1871 3472 1936 οἶδε,
3505 1877 3605 1930 καί
3653 1868 3760 1940 οὖς

2195 1968 2305 2020 οὐκ
2337 1967 2590 2033 ἢκουσε,
2623 1965 2721 2016 καὶ
2754 1964 2852 2017 ἐπὶ
2883 1964 3135 2030 καρδίαν
3167 1965 3484 2032 ἀνθρώπου
3514 1969 3626 2018 οὐκ
3656 1967 3756 2019 ἀν-

2192 2057 2321 2124 έϐη,
2376 2058 2517 2109 κατά
2569 2057 2656 2109 τδν
2687 2056 2828 2109 θεῖον
2877 2055 3226 2109 Ἀπόστολον.
3283 2056 3543 2109 Ἐνταῦθα
3578 2057 3633 2108 δέ
3669 2073 3755 2125 μοι

2192 2152 2284 2201 τὸν
2307 2150 2463 2215 λόγον
2493 2149 2727 2217 οἰομένῳ
2751 2147 2861 2198 δεῖν
2890 2145 3216 2206 καταλῦσαι,
3249 2145 3527 2215 είρήσεταί
3556 2163 3606 2198 τι
3634 2148 3755 2214 περὶ

2193 2240 2292 2308 τῆς
2325 2240 2585 2293 ἀνωτάτω
2619 2238 3066 2308 φιλανθρωπίας,
3104 2236 3278 2307 βραχὺ
3322 2238 3421 2303 μὲν
3467 2238 3628 2300 πάνυ,
3659 2255 3753 2289 κα-

2194 2330 2300 2392 λῶς
2332 2330 2377 2383 δ’
2398 2329 2489 2381 οὖν
2526 2331 2672 2397 ὅμως
2707 2329 2769 2381 τὸ
2798 2330 2905 2383 πᾶν
2930 2328 3195 2391 δεικνύον,
3262 2328 3337 2391 ὡς
3375 2329 3562 2399 ἔμοιγε
3597 2331 3746 2399 παρί-

2198 2439 2412 2487 σταται,
2444 2422 2537 2473 τοῦ
2580 2419 2805 2475 σκοποῦ.

2276 2693 2437 2760 Λέγω
2465 2695 2528 2763 δὴ
2560 2695 2628 2763 τῇ
2658 2693 2752 2747 τοῦ
2773 2691 2908 2747 Θεοῦ
2930 2696 3055 2763 περὶ
3082 2696 3142 2747 τὸ
3173 2711 3330 2763 γενος
3360 2698 3752 2766 φιλανθρωπίᾳ.

2178 2774 2405 2856 ἀπείρῳ
2442 2802 2504 2853 γε
2567 2786 2913 2839 παντάπασιν
2960 2785 3116 2857 οὔσῃ,
3152 2788 3225 2856 μὴ
3264 2786 3521 2840 δύνασθαί
3549 2806 3601 2840 τι
3650 2787 3757 2839 τῶν

2197 2877 2415 2930 πάντων
2466 2874 2817 2942 ἐξισωθῆναι,
2842 2875 2879 2944 ⁴ἢ
2922 2874 3049 2941 γοῦν
3082 2877 3263 2944 ἐκείνῃ
3314 2875 3757 2946 παραϐληθῆναι,

2200 2967 2359 3036 μήτοι
2388 2983 2449 3034 γε
2488 2967 2554 3018 τὰ
2579 2967 2897 3034 πταίσματα
2916 2964 3023 3016 τῶν
3058 2963 3377 3033 ἀνθρώπων,
3418 2959 3492 3018 ὧν
3525 2967 3641 3018 ἐστι
3670 2982 3760 3017 πε-

2199 3057 2520 3127 περασμένα
2546 3057 2615 3107 τά
2638 3058 2833 3109 πάντα,
2870 3056 2979 3107 Καὶ
3006 3058 3091 3108 ὅτε
3127 3056 3273 3107 τοῦθ’
3308 3054 3481 3118 οὕτως
3506 3057 3640 3124 ἔχει,
3671 3057 3760 3108 οὐ-

524 3150 927 3204 euratissimum
952 3151 1345 3219 suispecimcn,
1402 3150 1702 3204 abolevisse
1733 3152 1926 3205 delicta
1967 3152 2084 3205 uni-

2194 3149 2381 3217 δαμῶς
2417 3149 2703 3219 ἀρκέσειεν
2744 3149 2807 3201 ἂν
2840 3149 2975 3217 αὐτῇ
3011 3148 3147 3215 πρὸς
3176 3148 3272 3216 τὴν
3302 3150 3503 3217 ἑαυτῆς
3538 3149 3761 3219 ἀκριϐε-

524 3258 804 3296 versornm
850 3241 1148 3303 hominum,
1189 3242 1277 3309 qui
1332 3241 1580 3295 videlicet
1618 3242 1667 3294 in
1692 3241 1858 3295 Deum
1896 3257 2081 3295 revera

523 3345 671 3400 spem
692 3346 841 3383 suam
876 3330 1208 3384 collocarunt
1240 3347 1252 3382 :
1292 3330 1465 3395 nullo,
1492 3330 1730 3399 inquam,
1763 3332 1941 3395 modo,
1977 3347 2083 3383 non

526 3422 571 3476 si
618 3421 934 3488 contingere
978 3429 1182 3485 posset,
1217 3430 1272 3473 ut
1303 3421 1390 3473 illa
1427 3421 1625 3475 millies
1651 3420 1857 3489 majora
1891 3419 2085 3486 scipsis

526 3513 737 3568 fierent.
803 3510 919 3564 Non
973 3511 1227 3581 pertingit
1280 3511 1514 3567 hominis
1567 3527 1720 3565 mens
1768 3516 1833 3567 ad
1881 3512 2083 3580 aliquid

523 3618 734 3665 eorum,
778 3603 844 3656 de
878 3602 985 3655 Deo
1014 3619 1132 3672 quae
1161 3604 1599 3670 considerantur,
1638 3619 1737 3657 nec
1786 3603 2086 3672 propinquo

523 3692 593 3746 ab
625 3691 731 3745 illis
759 3692 1040 3745 intervallo
1068 3694 1236 3746 abest.
1269 3692 1538 3761 Quidquid
1563 3707 1691 3761 ergo
1724 3707 1973 3761 magnum
2004 3701 2086 3746 est

522 3794 576 3839 et
608 3795 913 3856 augustum,
951 3787 1063 3838 sive
1093 3798 1312 3847 nomen,
1345 3784 1459 3837 sive
1494 3796 1598 3845 res,
1624 3793 1716 3836 aut
1748 3784 2087 3851 quideunque

525 3882 739 3932 tandem
767 3876 950 3938 fuerit,
979 3876 1119 3942 quod
1146 3875 1340 3928 mentis
1364 3884 1630 3943 potestate
1654 3887 1956 3944 naturaque
1978 3876 2089 3930 for-

526 3969 659 4021 mari
697 3977 751 4021 et
784 3967 986 4037 percipi
1019 3968 1208 4037 possit,
1250 3967 1299 4021 id
1337 3976 1610 4021 ostensum
1643 3976 1727 4022 est
1761 3968 1898 4022 infra
1948 3984 2087 4038 per-

525 4060 836 4127 ceptionem
880 4069 1197 4113 accuratam
1253 4060 1554 4115 clementiae
1610 4058 1909 4114 Salvatoris
1964 4078 2087 4115 esse

523 4150 783 4216 positum.
811 4150 913 4219 Ipsi
947 4151 1135 4218 gloria,
1165 4166 1284 4204 cum
1310 4150 1468 4206 Patre
1510 4162 1811 4218 sanctoque
1860 4152 2086 4219 Spiritu,

526 4240 578 4292 in
608 4243 803 4293 saecula
831 4239 1114 4293 tribuatur.
1146 4241 1339 4295 Amen.

1098 4351 1352 4405 ORATIO
1394 4351 1503 4407 γη.

2195 3241 2397 3311 στάτην
2474 3240 2734 3303 ἐπίδειξιν
2792 3243 2850 3291 τὸ
2912 3244 3011 3309 τὴν
3073 3243 3348 3309 ἁμαρτίαν
3430 3242 3761 3311 ἀνῃρηκέναι

2194 3330 2444 3381 πάντωνά
2469 3328 2973 3399 νθρῶπων,δηλαδὴ
3011 3330 3117 3381 τῶν
3149 3332 3226 3390 είς
3267 3331 3400 3382 Θεὸν
3439 3333 3513 3392 ὡς
3544 3331 3761 3399 ἀληθῶς

2193 3422 2502 3490 hama/.6th
2528 3436 2541 3450 '
2592 3421 2852 3490 οῠμενουν
2891 3420 3166 3488 οὐδαμῶς,
3206 3422 3317 3474 οὐδ’
3352 3425 3397 3474 εί
3428 3422 3651 3475 δυνατὸν
3687 3419 3755 3490 ἦν

2194 3515 2359 3582 αὐτὴν
2390 3515 2649 3584 μυριάκις
2673 3514 2871 3583 ἑαυτῆς
2907 3515 3076 3584 μείζω
3103 3515 3369 3581 γενέσθαι.
3390 3513 3461 3565 Οὖ
3492 3514 3614 3576 νοῦς
3656 3516 3752 3567 ἀν-

2194 3605 2463 3676 θρώπινος
2494 3606 2793 3672 ἐφικνεῖται
2823 3606 2961 3676 πρός
2984 3622 3035 3657 τι
3060 3606 3166 3657 τῶν
3208 3606 3332 3674 περὶ
3366 3605 3494 3658 Θεὸν
3533 3606 3759 3674 νοουμέ-

2194 3715 2320 3763 νων,
2352 3698 2458 3749 οὑδ⁹
2483 3699 2667 3764 ἐγγύς.
2705 3699 2815 3758 Πᾶς
2850 3694 2941 3749 οὖν
2974 3698 3001 3750 ὃ
3036 3700 3178 3765 μέγα
3213 3714 3271 3749 τε
3301 3698 3391 3750 καὶ
3427 3699 3621 3767 σεμνὸν
3650 3700 3760 3751 εἴτε

2196 3790 2451 3857 πρᾶγμα,
2485 3789 2593 3841 εἴτε
2625 3789 2671 3841 τ’
2704 3790 2891 3857 ὄνομα.
2927 3789 2959 3860 ἢ
2988 3791 3014 3843 δ
3042 3806 3094 3843 τι
3132 3790 3249 3844 ποτ’
3281 3791 3347 3844 ἀν
3378 3792 3473 3844 καὶ
3511 3790 3614 3859 εἴη,
3671 3791 3761 3842 νοῦ

2196 3881 2291 3932 καὶ
2322 3880 2540 3950 ἐξουσίᾳ
2563 3881 2655 3931 καὶ
2674 3882 2941 3947 πεφυκότι
2970 3882 3278 3950 πλασθῆναι
3301 3899 3359 3933 τε
3383 3884 3477 3934 καὶ
3506 3881 3759 3949 νοηθῆναι

2195 3969 2513 4037 δυνάμενον,
2547 3971 2677 4021 εἴσω
2704 3972 2901 4024 πῖπτον
2944 3971 3219 4024 δείκνυται
3250 3973 3386 4043 πρὸς
3422 3974 3622 4040 ἀκριϐῆ
3666 3990 3760 4024 κα-

2196 4062 2425 4131 τάληψιν
2446 4064 2544 4131 τῆς
2567 4062 2659 4117 τοῦ
2684 4064 2935 4134 Σωτῆρος
2963 4064 3561 4135 φιλανθρωπίας.Αὐτῴ
3586 4067 3616 4134 ἠ
3640 4065 3761 4129 δόξα

2196 4153 2312 4221 ἅμα
2344 4153 2418 4223 τῷ
2440 4155 2635 4225 Πατρὶ,
2670 4158 2763 4208 καὶ
2783 4156 2919 4225 ἁγίῳ
2948 4157 3247 4227 Πνεῦματι,
3279 4158 3359 4219 εἰς
3385 4156 3510 4219 τοὺς
3543 4156 3759 4217 αἰῶνας.

2198 4247 2395 4317 Ἀμήν.

2808 4366 3027 4419 ΛΟΓΟΣ
3087 4365 3161 4420 Z'.

519 4444 596 4498 De
629 4444 960 4508 humilitate,
1000 4452 1151 4511 atque
1184 4445 1341 4497 etiam
1375 4460 1439 4497 ex
1471 4453 1654 4514 parte,
1690 4446 1754 4499 de
1786 4447 2084 4504 dilectione.

2200 4454 2336 4521 Περὶ
2372 4459 2977 4546 ταπεινοφροσύνῃςςν
3029 4469 3095 4511 εκ
3134 4457 3357 4525 μέρους
3401 4458 3469 4512 δὲ
3506 4462 3603 4514 καὶ
3635 4458 3761 4527 περὶ

589 4604 929 4659 Postremum
958 4611 1120 4673 caput
1146 4618 1208 4657 ex
1240 4604 1305 4659 iis
1332 4621 1447 4670 quae
1478 4606 1571 4661 tibi
1598 4622 1627 4661 a
1654 4608 1808 4663 nobis
1839 4611 1904 4664 ad
1933 4626 2090 4667 exco-

519 4692 734 4750 lendum
778 4710 956 4749 mores
998 4695 1294 4749 laudabiles
1337 4697 1531 4751 tradita
1572 4708 1723 4762 sunt,
1771 4702 1835 4754 de
1874 4702 2091 4756 humili-

520 4798 628 4843 tate
658 4789 976 4844 disserebat.
1006 4789 1191 4856 ltaque
1219 4804 1326 4841 non
1357 4788 1452 4843 abs
1483 4806 1537 4843 re
1565 4802 1837 4860 postrema
1870 4810 2087 4863 quoque

517 4878 594 4931 sic
623 4894 649 4930 a
679 4880 833 4931 nobis
864 4880 1175 4933 instituatur
1201 4881 1395 4945 oratio,
1426 4891 1482 4934 ut
1516 4882 1566 4935 in
1598 4884 1838 4951 ejusdem
1870 4886 2085 4940 virtutis

516 4970 897 5035 prtedicatione
924 4986 1043 5022 cum
1074 4968 1163 5023 illo
1192 4973 1510 5023 consentiat.
1544 4970 1684 5035 Quin
1715 4973 1877 5026 etiam
1910 4974 1995 5026 illa
2032 4975 2081 5026 in

515 5058 777 5120 oratione,
814 5074 919 5126 qua
961 5068 1009 5112 te
1048 5064 1113 5115 ad
1152 5060 1473 5130 eloquentia:
1513 5062 1689 5115 studia
1734 5064 2078 5131 cohortabar,

513 5150 689 5201 obiter
721 5150 877 5217 quasi
913 5150 1163 5218 quiddam
1201 5152 1265 5204 de
1304 5150 1670 5205 moderatione
1704 5152 2037 5206 disserebam
2062 5195 2076 5219 ,

513 5241 630 5306 ipso
660 5255 760 5294 nos
791 5242 1049 5293 orationis
1081 5242 1280 5308 impetu
1313 5252 1494 5294 secum
1526 5242 1843 5309 abripiente.
1876 5241 2079 5295 Intelli-

506 5344 640 5397 gere
671 5347 799 5385 vero
829 5335 1000 5401 potui,
1032 5332 1197 5385 fuisse
1228 5340 1353 5385 tunc
1380 5342 1617 5386 arrectas
1647 5334 1862 5387 illorum
1900 5350 2081 5397 aures,

510 5425 602 5490 qui
646 5426 898 5488 aderant,
936 5427 1080 5479 velut
1124 5425 1551 5477 existimantium
1597 5442 1654 5478 se
1694 5428 1787 5479 illo
1833 5430 1896 5481 de
1941 5430 2083 5482 bono

508 5517 773 5582 prolixius
807 5516 1008 5584 aliquid
1044 5515 1342 5569 audituros.
1375 5520 1440 5568 At
1471 5532 1569 5587 ego
1600 5528 1722 5572 tunc
1753 5520 1966 5588 quidem
2003 5523 2081 5574 eis

507 5618 611 5657 non
647 5607 1017 5673 gratiticabar,
1053 5618 1118 5657 ne
1154 5613 1355 5659 temere
1388 5612 1542 5674 quasi
1578 5618 1920 5667 transversus
1954 5628 2079 5681 age-

576 5783 593 5811 ⁸
628 5780 644 5831 l
682 5779 806 5833 Cor.
853 5798 914 5851 ιι,
955 5784 1010 5839 9.

2844 4527 3103 4593 ἀγάπης.

2263 4619 2380 4671 Τῶν
2410 4619 2718 4688 κεφαλαίων
2744 4620 2801 4672 τ’»
2832 4618 3080 4685 ὕστατον,
3108 4623 3141 4674 ἆ
3177 4638 3257 4674 σοι
3294 4622 3421 4694 παρ’
3448 4623 3607 4693 ἡμῶν
3633 4623 3759 4674 ἀποο

2187 4708 2394 4762 δέδοται
2424 4712 2503 4772 εἰς
2531 4709 2676 4777 ἠθῶν
2705 4710 3008 4762 σπουδαίων
3032 4713 3379 4780 ἐπιμέλειαν,
3414 4716 3542 4781 περὶ
3579 4731 3763 4767 ταπει.

2189 4795 2526 4865 νοφροσύνης
2574 4798 2869 4865 διελέγετο.
2903 4800 3140 4862 Εἰκότως
3187 4802 3253 4854 ἂν
3292 4799 3384 4855 οὖν
3432 4805 3641 4871 γένοιτο
3672 4804 3763 4857 καὶ

2186 4887 2213 4938 ὁ
2252 4887 2563 4948 τελευταῖος
2613 4889 2744 4957 ἡμῖν
2780 4890 2935 4955 λόγος
2974 4891 3148 4957 οὗτος,
3192 4893 3383 4963 ἐκείνῳ
3417 4896 3762 4963 συμφθεγγό-

2194 4994 2375 5041 μενος,
2426 4978 2504 5047 τῷ
2543 4980 2643 5047 τὴν
2697 4980 2865 5049 αὐτὴν
2903 4982 3091 5052 ἐκείνῳ
3131 4984 3330 5056 ἀρετὴν
3377 4986 3649 5055 ἐξυμνεῖν.
3688 4988 3757 5038 Οὐ

2194 5066 2298 5135 μὴν
2355 5068 2489 5121 ἀλλὰ
2557 5068 2648 5121 καὶ
2696 5070 2753 5119 ἐν
2799 5069 2875 5138 τῷ
2910 5071 3042 5139 πρὸς
3080 5073 3269 5140 λάγους
3309 5090 3368 5125 σε
3402 5076 3759 5145 προτρέποντι

2187 5159 2328 5227 λόγῳ
2361 5155 2513 5211 εἶπόν
2540 5175 2593 5210 τι
2633 5159 2705 5222 ὡς
2740 5160 2797 5212 ἐν
2829 5162 3085 5232 παρέργῳ
3113 5165 3241 5232 περὶ
3276 5166 3644 5236 μετριότητος,
3673 5166 3760 5237 βίᾳ

2182 5249 2275 5301 τοῦ
2308 5250 2466 5316 λόγου
2511 5250 2891 5319 παρενεχθείς.
2918 5254 3135 5321 Συνῆκα
3168 5254 3215 5306 δ’
3243 5254 3335 5308 οὖν
3369 5258 3602 5325 ποιήσας
3637 5273 3761 5326 μετ-

2184 5341 2355 5411 έωρον
2384 5340 2481 5410 τὴν
2498 5342 2668 5406 ἀκοὴν
2691 5345 2799 5395 τῶν
2822 5344 3123 5413 παρόντων,
3148 5346 3223 5409 ὡς
3248 5349 3577 5415 νομιζόντων
3602 5350 3760 5401 ἀκού-

2190 5431 2378 5484 σεσθαί
2416 5449 2468 5484 τι
2503 5436 2842 5505 μακρότερον
2873 5439 3001 5508 περὶ
3030 5439 3242 5491 τουτουῒ
3264 5442 3356 5493 τοῦ
3393 5442 3577 5497 καλοῦ.
3621 5443 3760 5509 Ἐγὼ

2182 5522 2235 5574 δὲ
2266 5524 2383 5575 τότε
2412 5526 2509 5593 μὲν
2541 5527 2725 5589 αὐτοῖς
2757 5528 2857 5580 οὐκ
2889 5531 3260 5600 ἐχαρισάμην,
3288 5534 3363 5596 ὡς
3399 5535 3473 5605 μὴ
3505 5538 3759 5603 ἐκφεροξ-

2184 5634 2292 5685 μην
2321 5618 2440 5668 ὅποι
2474 5618 2739 5687 ἂντύχοιο
2774 5620 2888 5675 ἀλλ’
2927 5621 3186 5691 ἐχώρουν,
3223 5626 3306 5694 ἐφ’
3336 5628 3471 5698 ὅπερ
3506 5628 3634 5693 ἔδει,
3662 5625 3756 5680 τοῦ
