4098 6272
408 381 517 446 529

1731 349 1756 366 ’
1779 343 2068 447 ennio
2099 384 2231 449 vn.

3555 379 3660 441 530

411 497 777 570 προκειμένου
800 497 962 569 μόνου
981 499 1257 570 ἐχόμενος,
1278 501 1370 554 καὶ
1391 502 1820 573 ὑπισχνούμενος
1839 507 1983 574 ἐρεῖν

2095 519 2210 568 rer;
2242 501 2335 556 sed
2370 501 2678 571 pergebam,
2712 514 2819 569 quo
2849 513 2938 555 res
2971 499 3083 570 ipsa
3118 499 3366 562 vocabat,
3404 495 3657 552 instituto

417 594 556 664 μετὰ
581 592 674 645 τοῦ
702 593 921 663 καιροῦ.
963 593 1071 646 Καὶ
1103 593 1167 662 δή
1207 611 1298 663 μοι
1328 594 1677 659 τελεσθέντος
1713 595 1807 650 τοῦ
1851 597 1980 668 πρὶν

412 680 653 746 διαύλου,
685 682 801 752 ὥρα
830 683 1109 748 κάκείνοις
1157 685 1502 755 χαρίζεσθαι,
1531 687 1624 740 καὶ
1666 687 1748 740 σοὶ
1776 686 1835 740 τὸ
1865 687 1982 740 δέον

414 774 766 842 ἀποπληροῦν
793 791 805 804 ·
832 775 893 826 τὸ
937 775 991 827 δὲ
1027 774 1256 828 ὕστατον
1287 776 1464 830 είπεῖν
1495 778 1624 845 περὶ
1670 778 1768 846 τῆς
1807 780 1983 831 πάντα

412 865 622 930 ἀγαθῆς
663 865 1162 934 ταπεινοφροσύνης
1208 866 1268 919 ού
1318 867 1458 919 κατὰ
1513 867 1684 937 τύχην
1734 869 1980 936 γέγονεν,

415 953 533 1005 ἀλλ’
588 953 729 1005 cii-uo
757 951 916 1018 δόξαν
969 953 1262 1006 ἀκόλουθον
1316 951 1478 1008 εἶναι.
1527 954 1745 1024 Ἐπειδὴ
1783 957 1894 1024 γὰρ
1927 959 1984 1008 ἐν

414 1047 523 1106 τοῖς
567 1045 886 1111 κεφαλαίοις
923 1046 1170 1108 ἐκείνοις,
1205 1046 1301 1098 καὶ
1341 1047 1398 1099 ἐν
1427 1047 1539 1109 τοῖς
1575 1047 1680 1114 πρὸ
1704 1045 1855 1099 τοῦδε
1893 1044 1984 1098 λό-

415 1153 532 1202 γοις
578 1135 844 1189 ἔπλαττον
874 1137 973 1204 μέν
1009 1155 1103 1190 σου
1133 1137 1234 1207 τὴν
1265 1138 1448 1206 φύσιν,
1487 1138 1560 1200 ὡς
1587 1138 1652 1192 ἀν
1688 1155 1772 1200 τις
1818 1139 1986 1201 εἴποι,

415 1226 714 1294 ἐπήλειφον
741 1227 798 1280 δὲ
841 1229 941 1296 τὴν
973 1229 1201 1297 γνώμην
1233 1228 1368 1295 πρὸς
1410 1228 1480 1280 τὰ
1529 1227 1742 1298 βελτίω,
1776 1227 1870 1279 καὶ
1897 1225 1988 1278 τὸν

414 1316 595 1384 ἐρωτα
633 1315 744 1369 τῶν
769 1317 992 1384 ἀγαθῶν
1024 1317 1200 1388 ἔργων
1239 1320 1533 1373 ἐνετύπουν
1562 1318 1650 1371 διὰ
1681 1318 1900 1371 πάντων
1931 1319 1987 1369 ἐν

415 1410 534 1468 ταῖς
561 1408 658 1477 τῆς
685 1407 863 1477 ψυχῆς
901 1426 992 1462 σου
1024 1409 1317 1478 δυνάμεσιν
1343 1427 1356 1484 ς
1387 1411 1415 1462 ὁ
1435 1410 1490 1462 δέ
1515 1409 1583 1461 τὰ
1609 1409 1749 1461 καλὰ
1781 1409 1988 1474 κτησὰ-

419 1513 579 1565 μενος
602 1499 779 1550 πάντα
798 1497 950 1550 ούδέν
982 1500 1176 1552 ἑαυτὸν
1205 1500 1434 1572 ῶνησεν,
1467 1502 1513 1551 εί
1552 1501 1626 1570 μὴ
1655 1501 1748 1552 καὶ
1777 1499 1876 1569 τὴν
1897 1516 1990 1553 τα-

417 1590 859 1659 πεινοφροσύνην
910 1593 1341 1660 προσεκτήσατο,
1368 1592 1444 1653 ὡς
1473 1588 1639 1644 οὖσάν
1671 1608 1734 1659 γε
1785 1591 1990 1659 ταύτην

419 1682 588 1752 μόνην
616 1665 850 1752 μάλιστα
874 1683 1062 1736 πασῶν
1091 1681 1301 1751 ἀρετῶν
1333 1682 1635 1754 λαμπτῆρά
1665 1699 1746 1747 τε,
1771 1683 1860 1736 καὶ
1887 1683 1988 1748 φύ-

415 1775 559 1826 λακα
588 1774 695 1825 τῶν
731 1774 948 1840 ἀγαθῶν
991 1773 1230 1828 πάντων.
1261 1773 1392 1828 Ὀτε
1427 1775 1606 1827 τοίνυν
1636 1773 1787 1826 ταῦθ’
1816 1773 1986 1834 οὕτως

417 1867 552 1936 ἔχει,
585 1866 688 1918 ἔδει
719 1882 784 1933 με
817 1865 986 1936 δήπου
1016 1864 1144 1937 περὶ
1176 1866 1284 1918 τῶν
1315 1866 1485 1919 ἀλλων
1515 1867 1755 1928 εἰπόντα,
1789 1859 1868 1928 οἷς
1908 1866 1974 1918 ἂν

418 1957 598 2025 γένοιο
638 1958 778 2027 ἀνήρ
807 1974 865 2008 τε
915 1958 1007 2009 καὶ
1047 1956 1303 2025 βασιλεὺς
1335 1957 1558 2022 ἀγαθδς,
1593 1954 1862 2008 τελευτῶν
1888 1956 1982 2008 καὶ

421 2049 551 2116 περὶ
599 2048 696 2117 τῆς
728 2047 1018 2117 καλλίστης
1063 2046 1172 2098 τῶν
1216 2046 1426 2116 ἀρετῶν
1474 2047 1702 2114 ταυτησὶ
1732 2045 1979 2098 διελθεῖν.

430 2138 583 2190 Ἐπεί
611 2153 693 2191 τοι
725 2139 818 2190 καὶ
853 2138 1038 2206 σαφῶς
1075 2139 1191 2189 ἐστι
1237 2138 1380 2191 κατὰ
1429 2136 1564 2188 πολὺ
1600 2136 1982 2206 χαλεπώτερον

416 2229 477 2280 τό
509 2246 569 2294 γε
602 2227 835 2296 φυλάξαι
863 2228 1076 2296 τάγαθά
1105 2214 1198 2281 καί
1223 2227 1594 2280 διασώσασθαι
1622 2227 1984 2298 μέχριτέλους

417 2318 512 2372 τοῦ
547 2320 640 2387 τὴν
687 2320 862 2390 ἀρχὴν
893 2319 1064 2372 ταῦτα
1113 2320 1448 2389 κτήσασθαι.
1478 2323 1582 2374 Καὶ
1631 2322 1834 2390 ταύτην
1885 2321 1983 2387 τὴν

417 2409 640 2478 γνώμην
675 2407 794 2463 εἷπε
832 2412 930 2480 μέν
959 2428 1042 2473 τις
1081 2411 1188 2463 τῶν
1226 2411 1395 2465 πάλαι
1427 2411 1859 2479 θαυμαζομένων
1892 2413 1985 2466 ἐπὶ

420 2501 582 2573 σοφίᾳ
630 2501 1000 2570 (Δημοσθένης
1051 2494 1206 2562 οὗτός
1251 2503 1420 2564 ἐστιν,
1462 2501 1520 2552 οὗ
1574 2502 1712 2572 μετὰ
1765 2501 1984 2572 μνήμης

419 2592 628 2659 ἀγαθῆς
670 2595 696 2642 ὁ
726 2591 813 2644 διὰ
857 2593 1021 2660 μέσου
1067 2592 1172 2652 πᾶς
1217 2591 1410 2660 χρόνος
1459 2592 1818 2660 διατετήρηκε
1863 2591 1985 2644 τοῦ·

420 2682 617 2752 νομα)·
664 2683 833 2749 ἐφάνη
877 2681 1028 2733 δὲέκ
1081 2683 1187 2734 τῶν
1224 2684 1565 2751 πραγμάτων
1619 2683 1982 2753 ἀληθεστάτη,

421 2774 514 2826 καὶ
541 2773 650 2826 οὐδ’
687 2775 752 2826 ἂν
783 2768 862 2835 εἷς
891 2772 1002 2842 ἔχοι
1026 2775 1158 2842 πρὸς
1190 2774 1357 2841 αὖτὴν
1385 2777 1655 2843 ἀντερεῖν.
1692 2777 1766 2828 Οὐ
1797 2775 1900 2846 χρὴ
1929 2776 1985 2828 δὲ

417 2861 571 2932 οἶμαι
621 2863 954 2932 θαυμάζειν,¹
981 2865 1030 2915 εί
1067 2864 1286 2933 καθῆκα
1334 2865 1572 2933 ἐμαυτὸν
1605 2866 1682 2926 είς
1716 2863 1774 2917 δν
1820 2866 1986 2934 ἐχρῆν

421 2957 839 3028 ἀποδιδράσκειν
889 2958 1098 3025 ἀγῶνα.
1129 2957 1202 3013 Οὐ
1244 2957 1352 3028 γὰρ
1381 2956 1440 3020 ἐξ
1480 2957 1737 3020 ἀπονοίας
1766 2974 1986 3012 κατενε-

421 3050 638 3118 χθέντες
689 3050 782 3110 τὰς
820 3049 1021 3117 φρένας
1069 3048 1473 3111 ἀπολωλεκότες
1522 3050 1708 3118 ἐσμὲν,
1759 3050 1833 3112 ὠς
1881 3047 1974 3100 καὶ

2086 604 2272 647 nostro
2308 594 2568 648 duntaxat
2601 592 2908 656 intuerens,
2944 605 3009 645 ac
3044 591 3364 659 promittens
3399 603 3460 640 ea
3499 587 3564 640 de
3597 599 3657 639 re

2086 698 2184 739 suo
2231 700 2315 739 me
2361 693 2600 752 tempore
2644 684 2936 738 dicturum.
2988 681 3141 736 Nunc
3185 679 3430 734 absoluto
3475 676 3660 748 priore

2085 769 2618 842 eiirrieulo,'tempus
2651 775 2828 844 ipsum
2877 772 3122 843 ﬂagitat,
3152 781 3202 827 et
3241 772 3346 825 illis
3377 770 3452 824 uti
3487 769 3655 836 grati-

2088 864 2236 928 ficer,
2280 874 2335 918 et
2372 879 2436 918 ex
2485 863 2658 918 ofﬁcio
2701 863 2798 917 tibi
2847 877 3063 932 quoque
3109 860 3460 916 satisfaciam.
3502 857 3657 922 Quod

2087 961 2263 1006 autem
2301 952 2366 1008 de
2401 951 2732 1026 humilitate,
2768 968 2826 1007 re
2861 967 3084 1022 prorsus
3116 952 3347 1021 optima,
3384 957 3660 1018 postremo

2086 1046 2204 1099 loco
2235 1046 2496 1111 dicamus,
2526 1061 2628 1100 non
2666 1047 2888 1100 fortuito
2920 1046 3119 1100 factum
3152 1053 3256 1107 est,
3285 1044 3379 1098 sed
3409 1042 3550 1111 quod
3585 1043 3658 1096 ita

2085 1146 2507 1191 consentaneum
2540 1138 2694 1194 nobis
2722 1139 2895 1192 visum
2925 1147 3086 1193 esset.
3117 1137 3250 1191 Cum
3278 1136 3419 1190 enim
3453 1135 3506 1188 in
3541 1134 3661 1191 istis

2088 1227 2378 1295 capitibus,
2425 1237 2479 1281 et
2528 1228 2578 1281 in
2629 1228 2965 1283 orationibus
3013 1228 3154 1282 hanc
3207 1225 3658 1297 praecedentibus,

2088 1327 2337 1372 naturam
2375 1327 2522 1371 tuam
2558 1318 2804 1372 finxerint
2830 1359 2843 1380 ,
2878 1329 2935 1373 ut
2967 1319 3039 1373 ita
3073 1318 3285 1387 loquar,
3319 1332 3383 1372 ac
3413 1318 3661 1370 volunta-

2091 1418 2194 1464 tem
2223 1408 2288 1461 ad
2323 1409 2544 1462 meliora
2577 1410 2722 1463 velut
2751 1411 3011 1464 athletam
3041 1425 3247 1477 ungens
3274 1407 3658 1469 escitaverim,

2089 1497 2446 1568 omnibusque
2487 1499 2664 1552 modis
2702 1499 2755 1552 in
2797 1498 2961 1551 animi
3009 1499 3082 1551 tui
3126 1497 3469 1552 facultatibus
3509 1511 3662 1548 amo-

2089 1604 2202 1643 rem
2247 1589 2511 1644 bonorum
2558 1605 2783 1660 Operum
2829 1591 3224 1658 impresserim;
3269 1598 3324 1644 at
3370 1590 3459 1643 ille
3505 1588 3659 1641 bonis

2089 1683 2340 1737 omnibus
2369 1683 2649 1751 acquisitis
2669 1723 2682 1748 ,
2710 1697 2832 1736 eum
2863 1682 2998 1736 nihil
3027 1683 3128 1737 sibi
3163 1684 3365 1736 fruetus
3388 1680 3659 1748 attulerit,

2090 1772 2133 1826 si
2169 1787 2274 1826 non
2307 1782 2361 1826 et
2388 1772 2746 1826 humilitatem
2779 1774 3135 1841 compararit,
3167 1772 3242 1826 uti
3273 1787 3391 1842 qua:
3421 1771 3534 1826 sola
3566 1785 3662 1840 ρος

2093 1865 2359 1918 tissimum
2409 1866 2479 1918 sit
2522 1865 2700 1918 lumen
2739 1865 3000 1924 virtutum
3047 1865 3449 1929 universarum,
3495 1862 3665 1916 bono-

2084 1971 2313 2025 rumque
2354 1966 2538 2012 custos
2580 1957 2819 2012 omnium
2866 1975 2880 2010 :
2930 1959 3043 2012 luce
3080 1972 3210 2028 ergo
3253 1971 3372 2011 eum
3415 1957 3490 2009 ita
3533 1954 3660 2019 sint,

2085 2061 2216 2100 sane
2255 2063 2350 2115 par
2384 2057 2504 2102 erat
2542 2057 2599 2102 nt
2633 2049 2724 2118 qui
2759 2049 2822 2102 de
2858 2049 3068 2103 caeteris
3111 2032 3532 2111 disseruissem,
3569 2061 3663 2114 per

2087 2153 2206 2208 quae
2247 2146 2354 2191 tam
2401 2140 2453 2192 in
2491 2140 2662 2192 virum
2703 2155 2864 2210 quam
2911 2155 3091 2210 regem
3136 2140 3337 2194 bonum
3381 2139 3659 2202 evadet-cs,

2091 2238 2423 2297 po~tremnm
2463 2230 2621 2283 etiam
2659 2229 2725 2284 de
2761 2230 2860 2285 hac
2897 2230 3262 2299 pulcherrima
3296 2229 3495 2282 virtute
3534 2241 3661 2298 per-

2091 2329 2403 2374 traetarem.
2433 2321 2643 2390 Quippe
2673 2321 2838 2374 dubio
2869 2323 3055 2390 procul
3087 2319 3355 2375 difﬁcilius
3380 2327 3462 2374 est
3488 2334 3662 2386 smpe-

2053 2403 2064 2410 ’
2090 2423 2336 2474 numero,
2367 2408 2666 2464 costodisse
2700 2409 2840 2464 bona
2869 2419 2921 2462 et
2951 2409 3017 2461 ad
3049 2409 3204 2462 finem
3237 2422 3412 2477 usque
3441 2421 3664 2462 c0nscr-

2097 2514 2252 2553 vasse
2299 2515 2459 2569 quam
2508 2500 2694 2555 eadem
2743 2501 2809 2555 ab
2861 2498 3017 2558 initio
3061 2499 3439 2570 acquisivisse.
3487 2495 3661 2562 Quam

2094 2605 2224 2644 sane
2255 2592 2580 2644 sententiam
2615 2589 2840 2658 protulit
2872 2591 3127 2659 quidam,
3162 2591 3251 2657 qui
3284 2590 3412 2643 olim
3445 2594 3663 2656 sapien-

2100 2682 2184 2735 tiae
2218 2682 2436 2736 nomine
2470 2682 2524 2734 in
2561 2682 2917 2736 admiratione
2953 2682 3544 2749 erat(Demosthenes,
3579 2680 3666 2731 in-

2098 2789 2282 2841 quam,
2307 2772 2466 2840 cujus
2495 2787 2688 2826 nomen
2717 2774 2944 2827 honesta
2971 2788 3092 2827 cum
3124 2771 3502 2826 recordatione
3529 2785 3662 2825 cono

2100 2863 2332 2918 servavit
2354 2875 2561 2932 tempus
2579 2864 2631 2917 id
2650 2877 2810 2923 omne
2828 2865 2968 2932 quod
2990 2863 3128 2917 inter
3145 2863 3319 2932 ipsum
3340 2871 3664 2930 aetatemque

2105 2966 2346 3008 nostram
2391 2955 2765 3022 intercessit),
2797 2955 2972 3023 deque
3005 2954 3169 3009 rebus
3204 2953 3336 3024 ipsis
3375 2953 3662 3021 apparuit,

2091 3060 2209 3099 eam
2237 3060 2360 3099 esse
2385 3047 2748 3112 verissimam,
2776 3047 2862 3100 eui
2892 3061 3054 3101 nemo
3073 3047 3443 3101 contradicere
3469 3045 3661 3114 possit.

419 3143 532 3200 τοῖς
563 3140 842 3201 ἀδυνάτοις
887 3141 1186 3210 ἐπιχειρεῖν
1209 3181 1222 3204 ,
1259 3141 1351 3192 καὶ
1389 3140 1599 3193 οῖεσθαί
1645 3157 1706 3208 γε
1737 3141 1986 3208 γλῶτταν

2095 3137 2274 3207 Neque
2301 3154 2427 3194 vero
2454 3139 2778 3203 mirandum,
2805 3139 3020 3206 opinor,
3048 3142 3102 3193 in
3129 3141 3179 3194 id
3204 3155 3287 3194 me
3313 3137 3663 3194 descendisse

424 3230 758 3301 χαμαίζηλον
804 3230 1066 3283 δύνασθαί
1096 3247 1148 3283 τι
1179 3231 1308 3301 περὶ
1359 3231 1573 3300 ἐκείνης
1615 3233 1889 3300 προσῆκον
1919 3231 1994 3283 εί-

423 3329 566 3388 πεῖν,
594 3328 690 3394 τῆς
723 3323 856 3391 ὑψοῦ
902 3325 999 3392 μέν
1041 3325 1364 3394 πετομένης,
1401 3325 1537 3394 ὑψοῦ
1566 3325 1623 3377 δὲ
1656 3326 1993 3395 ἐπαιρούσης

425 3420 686 3482 ἐκείνους,
717 3417 766 3468 οἳ
803 3416 1036 3484 τάγαθὸν
1070 3416 1450 3486 ἐργαζόμενοι,
1483 3418 1584 3470 οὐκ
1621 3416 1802 3470 ίσασιν
1837 3416 1994 3470 ἐπαί-

428 3508 636 3575 ρεσθαι.
666 3508 739 3560 Οὐ
762 3506 988 3574 τοίνυνῆ
1009 3507 1066 3559 τὸ
1100 3505 1329 3576 μέγεθος
1351 3505 1450 3575 τῆς
1479 3505 1572 3558 νῦν
1600 3507 1992 3577 ἐγχειρήσεως,

427 3597 460 3665 ἢ
521 3598 756 3664 ἐμαυτὸν
812 3599 1060 3664 ἀγνοῶν,
1118 3598 1354 3651 ἐνταῦθα
1416 3597 1620 3668 τόλμης
1675 3597 1990 3666 ἐξελήλυθα.

429 3688 563 3740 Οὐδὲ
621 3689 729 3758 γὰρ
787 3690 1012 3758 Φαῖδρον
1063 3691 1283 3756 ἀγνοῶ,
1342 3693 1390 3742 εἰ
1460 3692 1534 3761 μὴ
1600 3693 1693 3743 καὶ
1754 3689 1993 3759 ἐμαυτοῦ

429 3779 812 3849 ἐπιλέλησμαι,
868 3783 1004 3836 κατά
1065 3785 1154 3837 τὸν
1215 3785 1534 3851 Ἀρίστωνος
1581 3784 1859 3838 Πλάτωνα.
1923 3783 1994 3836 Σὺ

429 3867 483 3919 δέ
561 3885 652 3936 μοι
705 3869 942 3933 πάντως,
1014 3863 1059 3922 ὦ
1130 3871 1384 3934 φίλτατε,
1455 3873 1547 3923 καὶ
1616 3872 1677 3923 τὸ
1730 3872 1859 3939 περὶ
1936 3872 1994 3922 σὲ

432 3961 575 4034 μέγα
609 3959 853 4029 φίλτρον.
891 3961 1147 4023 ὑπόθεσίς
1195 3980 1285 4030 μοι
1338 3961 1431 4014 τοῦ
1489 3963 1842 4030 τολμήματος
1896 3962 1996 4030 ἤδη

433 4066 549 4107 πως
583 4051 796 4117 γέγονε.
828 4050 893 4102 Σὲ
935 4052 1033 4119 μέν
1063 4052 1166 4120 γὰρ
1193 4053 1240 4102 εἰ
1275 4052 1348 4118 μὴ
1378 4050 1544 4118 ἴδοιμι
1579 4051 1755 4103 πάντα
1795 4051 1998 4118 ἀγαθον

433 4141 627 4209 ἄνδρα,
656 4140 805 4192 οὐδὲν
839 4140 944 4194 τῶν
975 4141 1033 4193 ἐν
1063 4139 1142 4208 τῷ
1174 4140 1272 4210 βίῳ
1303 4139 1552 4208 τερπνῶν
1588 4143 1907 4212 ἡγησαίμην
1933 4141 2000 4196 ἀν

436 4248 565 4284 ποτε
594 4231 708 4285 τῶν
729 4231 980 4300 τερπνῶν
1012 4229 1172 4286 εἶναι.
1199 4231 1271 4287 Τὸ
1300 4233 1521 4302 φίλτρον
1551 4233 1606 4286 δέ
1633 4250 1694 4302 γε
1724 4236 1998 4301 τοσοῦτον,

431 4327 556 4378 ὅσον
627 4341 693 4392 με
753 4325 851 4376 καὶ
913 4326 1256 4395 παροτρῦναι
1317 4326 1613 4395 πράγμασι
1679 4327 2000 4382 παντάπασι

435 4415 676 4484 μείζοσιν
727 4415 760 4487 ἢ
814 4416 956 4469 κοιτά
998 4419 1100 4486 τὴν
1149 4417 1427 4486 ἡμετέραν
1477 4417 1636 4486 ἰσχὺν
1697 4420 1997 4488 ἐγχειρεῖν.

2095 3239 2366 3284 certamen
2413 3231 2556 3300 quod
2596 3229 2787 3300 fugere
2826 3231 3108 3286 debebam.
3158 3230 3363 3300 Quippe
3405 3245 3512 3284 non
3558 3229 3663 3284 im-

2095 3321 2234 3390 pulsi
2268 3323 2588 3386 temeritate,
2621 3330 2854 3377 mentem
2888 3323 3195 3388 amisimus,
3225 3333 3283 3376 ut
3312 3337 3372 3376 ea
3405 3335 3667 3375 conemur

2095 3427 2214 3481 qua:
2241 3413 2488 3480 prmstari
2519 3423 2811 3482 nequeant,
2839 3413 3208 3484 humilemque
3236 3414 3472 3482 linguam
3507 3421 3664 3481 pute-

2097 3520 2219 3560 mus
2245 3507 2450 3576 aliquid
2481 3507 2564 3560 illa
2595 3509 2794 3562 virtute
2821 3508 3039 3576 dignum
3069 3507 3313 3576 proferre
3339 3521 3520 3573 posse,
3547 3522 3668 3573 qum

2097 3599 2151 3653 in
2187 3599 2401 3653 snhliml
2441 3599 2618 3666 volat,
2656 3607 2709 3653 et
2747 3602 2798 3654 in
2837 3601 3001 3653 altum
3038 3599 3236 3653 attollit
3268 3613 3362 3653 eos
3396 3599 3484 3664 qui
3522 3600 3664 3666 quod

2099 3699 2304 3742 rectum
2335 3699 2418 3744 est
2449 3704 2568 3743 cum
2599 3699 2880 3761 peragant,
2915 3691 3112 3743 animis
3145 3698 3323 3743 tamen
3356 3687 3532 3743 efferri
3571 3703 3668 3742 nc-

2098 3780 2298 3832 sCiunt.
2328 3779 2468 3844 Non,
2498 3781 2741 3848 inquam,
2773 3781 2851 3834 vel
2886 3792 3115 3835 conatus
3143 3781 3311 3850 ipsius
3341 3779 3666 3848 magnitudi-

2102 3884 2246 3934 nem,
2278 3869 2358 3922 vel
2395 3869 2657 3937 meipsiim
2693 3869 2971 3937 ignorans,
3007 3871 3112 3923 huc
3141 3869 3385 3922 audaciae
3416 3883 3667 3937 progres-

2103 3972 2197 4010 sus
2231 3971 2370 4010 sum.
2406 3955 2516 4010 Nec
2549 3959 2694 4011 enim
2733 3958 2920 4025 ignoro
2952 3958 3236 4013 Phaedrum
3261 3999 3274 4022 ,
3310 3959 3411 4012 nisi
3447 3960 3670 4013 meimet

2103 4047 2271 4112 ipsius
2302 4046 2501 4099 oblitus
2536 4046 2635 4099 sim
2658 4086 2671 4110 ,
2707 4046 3004 4100 secundum
3041 4046 3204 4100 filium
3241 4048 3510 4110 Aristonis
3542 4046 3669 4100 Pla-

2104 4147 2304 4190 tonem.
2331 4135 2594 4189 Nimirum
2626 4145 2700 4198 tu,
2729 4137 3048 4191 charissime
3076 4137 3180 4200 fili,
3207 4148 3260 4192 et
3285 4134 3514 4193 eximias
3539 4152 3667 4206 erga

2104 4238 2155 4281 te
2199 4241 2348 4281 meus
2389 4241 2560 4288 amor,
2605 4227 2827 4280 audacis
2872 4225 3099 4293 hujusce
3144 4227 3401 4282 facinoris
3447 4241 3667 4281 causam

2105 4315 2233 4369 mihi
2270 4314 2519 4385 prmhnit.
2558 4313 2690 4367 Nam
2732 4314 2834 4368 nisi
2874 4324 2923 4367 te
2959 4327 3052 4382 per
3087 4314 3267 4367 omnia
3301 4314 3478 4367 virum
3513 4327 3672 4379 egre-

2102 4408 2247 4476 gium
2286 4407 2535 4470 videam,
2573 4405 2704 4459 nihil
2739 4408 2791 4459 in
2827 4406 2936 4458 vita
2971 4404 3272 4474 jucundum
3307 4404 3500 4472 volupe
3538 4403 3667 4455 mihi

430 4503 600 4556 Τοῦτὸ
633 4520 722 4574 μοι
752 4505 810 4556 τὸ
833 4504 1058 4574 φίλτρον
1091 4505 1391 4574 εἰργάσατο
1419 4504 1546 4568 τούς
1573 4523 1632 4558 τε
1662 4507 1851 4574 λόγους
1871 4525 1990 4560 του-

2108 4513 2342 4567 unquam
2391 4497 2575 4552 fuerit.
2611 4498 2777 4551 Antor
2810 4511 2938 4551 vero
2981 4506 3164 4551 tantus
3203 4503 3319 4559 est,
3355 4505 3414 4548 ut
3450 4493 3515 4546 ad
3555 4504 3672 4544 ten-

433 4595 583 4648 τουσι
616 4597 736 4656 τοὺς
760 4595 1010 4657 πολλοὺς,
1046 4597 1140 4648 καὶ
1181 4597 1249 4649 τὰ
1292 4596 1431 4665 πρὸς
1480 4597 1538 4648 σὲ
1585 4598 1861 4662 κεφάλαια
1903 4599 1998 4652 σὺν

432 4685 764 4747 ἐπιστολαῖς.
802 4684 974 4738 Τοῦτο
1001 4685 1123 4738 καθ’
1153 4687 1481 4757 ὑπερϐολὴν,
1527 4688 1646 4755 μεθ’
1682 4689 1887 4758 ἑαυτῆς
1937 4691 1997 4742 τὸ

433 4777 656 4842 εῦῢογον
689 4775 940 4844 ἔχουσαν,
995 4774 1339 4844 βιαζόμενον,
1371 4778 1452 4839 είς
1485 4777 1645 4830 τοῦτό
1703 4795 1769 4847 με
1813 4796 1993 4848 πραγο

440 4867 628 4935 μάτων
651 4866 967 4935 ἐξήνεγκεν,
989 4868 1045 4918 ἐν
1062 4871 1274 4937 καιροῖς
1306 4868 1366 4920 οὐ
1401 4871 1750 4938 συγχωροῦσι
1782 4873 1872 4923 τὸν
1904 4873 1996 4924 ἐπὶ

434 4963 542 5011 τῶν
571 4960 771 5013 οἰάκων
804 4961 1132 5028 καθήμενον,
1154 4961 1348 5014 ἄλλοσέ
1383 4979 1474 5014 ποι
1505 4963 1631 5024 τοὺς
1683 4963 1996 5032 ὀφθαλμοὺς

434 5050 657 5118 τρέπειν
688 5049 719 5118 ἦ
761 5049 892 5118 πρὸς
924 5049 1088 5118 μόνας
1126 5051 1222 5110 τὰς
1245 5050 1355 5102 τῶν
1393 5051 1655 5118 κυμάτων
1707 5053 1994 5120 ἐπιφοράς.

436 5332 501 5407 ᾯ
539 5337 646 5406 γὰρ
695 5336 833 5389 ,λαοί
888 5323 1451 5407 τ’έπιτετράφαται,
1505 5343 1602 5395 καί
1654 5346 1848 5397 τόσσα
1902 5345 2007 5412 μέε

1743 5431 1759 5464 ι

1743 5431 1759 5464 ι

439 5492 593 5548 εἶπεν
633 5495 699 5548 ἂν
728 5496 754 5548 ὁ
788 5493 1038 5564 ποιητὴς,
1066 5496 1128 5548 οὐ
1165 5496 1363 5567 ῥᾳδίως
1387 5497 1609 5552 δύναται
1643 5412 1742 5563 οίίςι
1766 5419 2004 5554 121820:-

433 5588 621 5658 λήσειε
652 5584 908 5656 χρῆσθαι.
942 5585 1139 5655 Δῑγάρ
1167 5587 1304 5655 ὑπὲρ
1352 5587 1460 5640 τῶν
1500 5590 1698 5642 κοινῶν
1727 5591 1999 5663 ἀσχολίαι,
2034 5647 2043 5654 ,

439 5680 574 5748 πρὸς
616 5679 813 5738 ἑαυτὰς
841 5675 934 5728 τὸν
972 5676 1096 5729 νοῦν
1125 5677 1581 5747 ἐπιστρέφουσαι,
1629 5680 1818 5751 ῶσπερ
1877 5683 2000 5735 τινὰ

439 5767 727 5838 δεσμώτην
765 5765 1021 5820 πεδοῦσαι
1051 5767 1262 5834 τοῦτον,
1291 5768 1548 5837 ἀσφαλῶς
1595 5769 1998 5842 διακατέχουσι.

2103 4594 2322 4646 tandum
2361 4607 2446 4646 res
2482 4593 2702 4645 omnino
2736 4591 2942 4645 viribus
2978 4590 3180 4645 nostris
3213 4589 3446 4656 majores
3479 4586 3670 4654 impel-

2101 4685 2215 4737 lere
2247 4684 2505 4752 pomerit.
2536 4681 2634 4735 llic
2667 4695 2820 4734 amor
2847 4690 2900 4732 et
2930 4680 3238 4748 complures
3269 4679 3436 4734 hasce
3465 4678 3666 4730 oratio-

2103 4791 2218 4840 nes,
2246 4783 2308 4840 _et
2342 4774 2430 4826 illa
2467 4773 2595 4827 mihi
2630 4773 2829 4839 capita,
2860 4787 2983 4825 enni
3017 4769 3286 4838 epistolis,
3317 4767 3616 4822 elaboravit
3650 4783 3665 4819 :

2100 4867 2188 4920 hic
2223 4882 2306 4920 me
2341 4866 2504 4918 nimia
2536 4865 2584 4917 vi
2619 4863 2850 4933 quadam
2882 4878 3120 4930 urgens,
3153 4875 3273 4914 cum
3307 4875 3410 4930 qua
3444 4859 3667 4925 conjun-

2103 4968 2188 5010 cta
2218 4956 2512 5026 probabilis
2539 4965 2681 5008 esset
2712 4955 2880 5018 ratio,
2908 4952 2974 5006 ad
3002 4954 3099 5007 has
3126 4951 3358 5019 abripuit
3385 4965 3668 5003 commen-

2105 5050 2356 5110 tationes,
2403 5056 2458 5099 et
2503 5046 2606 5099 illis
2651 5045 2863 5113 quidem
2912 5040 3245 5111 teniporihus
3286 5057 3402 5109 qua:
3449 5041 3670 5093 minime

2105 5139 2425 5208 permittunt
2466 5148 2523 5189 ut
2563 5136 2656 5205 qni
2697 5136 2850 5190 sedet
2893 5136 2958 5188 ad
2998 5137 3206 5188 clavum
3248 5134 3352 5186 alio
3393 5139 3671 5186 convertat

2105 5233 2293 5286 oculos
2322 5247 2478 5298 quam
2508 5229 2653 5284 solos
2679 5229 2743 5281 ad
2771 5229 3001 5296 impetus
3029 5225 3409 5294 procellarum.
3439 5223 3570 5275 Nam
3602 5221 3667 5285 is,

2213 5342 2314 5396 Cui
2353 5340 2534 5408 populi
2558 5340 2849 5401 commissi,
2875 5349 2921 5392 et
2960 5339 3088 5392 (alia
3119 5345 3371 5402 tantaque
3399 5349 3561 5395 cura‘,

2109 5497 2565 5564 quemadmodum
2598 5504 2753 5563 poeta
2785 5495 3120 5564 loqueretur,
3151 5505 3256 5544 non
3285 5487 3446 5542 facile
3471 5486 3670 5552 quibus

2111 5589 2224 5640 vult
2257 5589 2332 5640 uti
2367 5596 2562 5656 potest.
2595 5586 2806 5640 Etenim
2835 5583 3224 5652 occupationes
3264 5593 3360 5646 pro
3394 5575 3670 5642 republica

2113 5687 2347 5730 mentem
2378 5678 2494 5745 ejus
2527 5678 2591 5729 ad
2640 5690 2698 5729 sc
2734 5676 3091 5737 retrahentes,
3127 5669 3388 5738 quasique
3429 5666 3670 5717 νὶιιοιυηι

2112 5768 2346 5837 aliquem
2390 5767 2595 5836 pedicis
2629 5767 3081 5833 constringentes,
3120 5765 3370 5812 accurate
3403 5757 3670 5820 detinent,
