4098 6272
474 389 573 458 531

1662 405 2053 468 MANUELIS
2087 408 2534 472 PALxEOLOGI

3615 408 3722 472 53?.

466 506 529 561 Et
567 507 787 576 pedicas
812 517 976 577 atque
1006 508 1227 565 vincula
1258 510 1451 566 merito
1474 512 1598 583 quis
1626 514 2041 581 existimaverit,

2151 519 2327 581 Πέδας
2346 519 2403 593 ⁶δ’
2443 519 2510 573 ἂν
2545 511 2702 588 οἶμαι
2734 520 2830 574 καὶ
2869 517 3046 590 δεσμὰ
3070 518 3301 583 δικαίως
3324 519 3434 584 πᾶς
3456 537 3541 584 τις
3570 523 3723 590 νομί⁹

467 602 681 662 ιιῃῙιιοτ,
718 608 976 669 urgentes
1008 601 1126 656 illas
1159 614 1419 670 perpetuo
1454 619 1635 659 rerum
1670 606 2037 662 difﬁcultates.

466 687 599 738 Cum
634 700 811 743 autem
845 691 1027 758 plures
1056 702 1109 746 et
1146 694 1321 763 magni
1351 695 1476 761 viri,
1510 705 1616 750 tam
1645 698 1840 766 priscis
1873 702 2035 769 quain

469 781 675 836 nostris
723 783 1083 851 temporibus,
1120 787 1397 841 orationes
1439 797 1565 841 ante
1599 803 1696 843 nos
1723 790 1791 844 de
1821 791 2041 844 humili-

467 880 579 925 tate
622 871 926 939 habuerint,
965 889 1122 930 nemo
1153 885 1332 931 tamen
1370 893 1604 946 unquam
1654 884 1836 935 omnia
1878 883 2039 940 dixit.

465 963 623 1030 Atqui
674 963 789 1017 suis
839 964 983 1018 illam
1031 968 1582 1039 orationibus-quam
1629 973 1845 1041 egregie
1881 981 2040 1042 putas

465 1055 779 1107 ornarunt?
819 1054 1024 1109 Tamen
1072 1073 1192 1111 eum
1228 1061 1439 1131 angelis
1482 1077 1544 1115 ea
1583 1062 1803 1131 degens,
1843 1065 2043 1119 nimio-

463 1156 597 1211 pcre
643 1159 804 1211 supra
836 1147 1025 1202 laudes
1054 1164 1246 1205 omnes
1275 1168 1393 1220 qure
1444 1153 1546 1223 ipsi
1582 1156 1896 1213 tribuuntur
1932 1159 2039 1213 sita

464 1245 568 1288 est.
613 1236 828 1292 Scimus
864 1242 1027 1307 igitur
1077 1242 1200 1298 illos
1239 1244 1500 1312 prmclare
1553 1247 1785 1314 locutos,
1826 1249 1871 1303 si
1919 1251 2041 1319 quis

464 1336 518 1379 et
549 1327 788 1397 ipsorum
822 1332 1098 1386 hominum
1132 1343 1184 1387 et
1213 1336 1520 1390 orationum
1549 1337 1655 1391 vim
1683 1349 1912 1408 spectet,
1943 1342 2038 1397 sed

464 1419 626 1473 iidem
664 1421 869 1477 scimus
901 1434 954 1478 et
984 1426 1127 1481 hanc
1176 1427 1436 1481 virtutem
1470 1443 1565 1483 eos
1597 1430 1689 1499 qui
1738 1431 1943 1502 aliquid
1978 1434 2042 1488 de

464 1526 527 1564 ea
573 1512 757 1567 dicere
794 1526 1084 1580 conantur,
1132 1517 1420 1588 cupiditati
1451 1535 1565 1576 suae
1616 1522 1841 1578 minime
1885 1540 2045 1594 pares

465 1603 765 1659 declarare.
818 1607 1185 1673 Quamobrem
1227 1609 1519 1666 manifesto
1561 1620 1733 1681 patet,
1769 1615 2041 1671 neminem

464 1697 518 1751 id
566 1708 970 1764 assecuturum,
1015 1711 1075 1754 ut
1118 1717 1185 1755 ex
1232 1703 1498 1772 dignitate
1532 1706 1596 1759 de
1638 1706 1739 1761 hac
1782 1707 2039 1763 disserat.

466 1789 678 1859 Quippe
709 1791 962 1845 virtutem
996 1808 1092 1860 per
1114 1809 1171 1849 se
1203 1803 1309 1847 tam
1340 1796 1637 1865 egregiam,
1665 1807 1772 1852 tam
1801 1799 2041 1868 splendi-

467 1882 611 1949 dam,
651 1891 757 1936 tam
802 1885 1027 1937 omnino
1061 1885 1260 1939 bonam
1299 1896 1352 1941 et
1378 1887 1758 1953 excellentem,
1788 1907 2035 1960 quaenam

466 1988 683 2041 aequare
715 1979 889 2043 possit
927 1978 1149 2032 oratio?
1185 1976 1294 2034 Nec
1321 1988 1498 2035 tamen
1537 1983 1740 2038 idcirco
1771 1985 2039 2039 silendum

466 2069 765 2134 universis,
812 2075 903 2125 sed
952 2086 1175 2140 prorsus
1217 2087 1247 2126 e
1282 2075 1559 2128 contrario
1591 2076 1816 2130 dicenda
1850 2076 2043 2132 confe-

467 2162 747 2231 rend'aque
773 2163 825 2217 in
861 2166 1122 2230 medium,
1147 2180 1486 2235 quaecunque
1517 2170 1750 2237 proferri
1789 2179 2040 2240 possunt.

463 2253 723 2312 Fortasse
755 2257 1023 2326 quispiam
1074 2273 1182 2312 non
1231 2259 1463 2315 celebris
1511 2272 1696 2316 orator
1727 2263 1791 2317 de
1818 2279 1879 2319 ea
1913 2262 2039 2333 quid

466 2347 668 2417 dixerit
697 2349 764 2402 ab
799 2349 914 2417 ejus
940 2349 1237 2404 eminentia
1268 2367 1373 2405 non
1404 2352 1667 2419 alienum,
1691 2366 1742 2407 et
1761 2354 1900 2408 alius
1923 2371 2044 2410 rur-

466 2454 609 2502 sum,
647 2440 919 2507 similiter,
953 2442 1262 2512 iterumque
1292 2443 1545 2499 fortassis
1575 2454 1628 2499 et
1653 2446 1812 2500 alius.
1845 2445 1978 2500 Nam
2010 2462 2038 2501 a

468 2532 680 2585 ratione
723 2548 829 2585 non
863 2528 1140 2592 abhorret,
1172 2534 1404 2602 aliquem
1458 2550 1559 2589 una
1595 2535 1648 2589 in
1682 2548 1835 2605 parte
1872 2537 2042 2606 magis

464 2623 613 2678 illam
637 2633 959 2679 ornaturum
992 2641 1154 2692 quam
1181 2626 1315 2680 alios
1339 2627 1433 2681 illo
1459 2630 1887 2696 praestantiores.
1917 2630 2041 2685 Vidi

463 2716 714 2784 equidem
763 2717 866 2771 hoc
914 2717 1076 2771 rebus
1110 2717 1164 2770 in
1210 2719 1468 2774 omnibus
1517 2721 1762 2783 evenire,
1801 2735 1901 2776 nec
1930 2737 2040 2776 non

465 2822 586 2860 eum
633 2807 803 2862 feram
841 2819 1083 2877 nactum,
1122 2812 1212 2881 qui
1254 2828 1360 2867 non
1396 2813 1684 2868 admodum
1717 2825 1833 2869 arte
1861 2816 2040 2884 sagit-

467 2900 616 2953 tandi
639 2901 959 2970 excelleret,
990 2919 1054 2958 ac
1082 2903 1298 2959 felicius
1325 2906 1543 2975 quidem
1565 2907 1649 2961 vel
1684 2908 1803 2977 ipso
1830 2906 2042 2961 Teucro

465 3000 522 3045 et
561 2990 649 3045 lda
683 2993 889 3061 prisco,
924 3003 978 3049 et
1009 2994 1052 3049 si
1093 2995 1216 3063 quis
1255 2996 1395 3051 alius
1422 3012 1554 3051 arcu
1592 3000 1881 3051 maximam
1913 2999 2042 3053 ade-

465 3093 597 3153 ptus
615 3095 697 3138 est
720 3085 968 3155 gloriam.
994 3086 1335 3156 Quapmpter
1357 3102 1548 3143 omnes
1570 3088 1817 3144 conferre
1841 3088 2042 3144 debent

2144 625 2255 662 σειε
2283 610 2382 674 τάς
2414 611 2502 663 ἀεὶ
2529 611 2966 680 κατεπειγούσας
2988 612 3260 680 ἀνάγκας.
3293 612 3514 665 Πολλῶν
3546 613 3603 665 δὲ
3633 614 3723 666 δν-

2144 718 2251 755 των
2283 703 2376 755 καὶ
2409 704 2661 772 μεγάλων
2692 703 2802 756 τῶν
2833 703 2961 774 περὶ
2986 703 3498 774 ταπεινοφροσύνης
3537 720 3723 773 προει-

2148 795 2401 861 ρηκότων
2429 800 2524 848 καὶ
2555 797 2612 847 ὲν
2642 798 2753 858 τοῖς
2782 794 2975 859 πάλαι,
3006 795 3101 848 καὶ
3124 796 3182 847 ἐν
3212 796 3323 857 τοῖς
3366 794 3489 861 νῦν,
3549 795 3725 857 οὐδεὶς

2140 886 2357 940 οὐδέπω
2380 887 2442 940 τὸ
2461 889 2570 939 πᾶν
2595 888 2808 958 εἴρηκε.
2852 888 3046 940 Καίτοι
3075 889 3189 950 τοῖς
3222 887 3353 955 παρ’
3384 887 3601 941 ἑαυτῶν
3640 886 3724 937 λό-

2142 996 2262 1047 γοις
2301 980 2421 1043 πῶς
2452 981 2552 1034 οἴει
2591 980 2800 1051 ταύτην
2838 981 3199 1052 ἐκόσμησαν;
3249 980 3397 1033 Ἀλλ’
3447 981 3544 1050 ἥδε
3608 984 3721 1045 τοῖς

2141 1073 2404 1138 ἀγγέλοις
2435 1073 2894 1142 συνδιαιτωμένη,
2931 1072 3069 1142 μετὰ
3100 1068 3307 1141 πολλῆς
3335 1071 3437 1140 τῆς
3486 1073 3724 1143 ὑπερσο-

2141 1164 2240 1233 λῆς
2279 1164 2604 1233 ὑπέρκειται
2637 1164 2745 1217 τῶν
2795 1164 2917 1216 κατ’
2955 1164 3129 1232 αὐτῆς
3176 1165 3490 1233 ἐγκωμίων.
3533 1166 3720 1232 Ἴσμεν

2138 1260 2318 1311 τοίνυν
2352 1258 2597 1319 ἐκείνους
2634 1258 2732 1326 μὲν
2766 1257 2953 1320 καλῶς
2989 1258 3269 1321 εἰπόντας,
3297 1258 3351 1309 εί
3373 1275 3459 1320 τις
3489 1260 3568 1319 είς
3618 1258 3719 1326 τὴν

2141 1349 2249 1401 τῶν
2308 1349 2616 1419 ἀνθρώπων
2648 1351 2746 1401 καὶ
2795 1349 2897 1419 τὴν
2928 1349 3038 1402 τῶν
3074 1348 3249 1416 λόγων
3305 1349 3457 1417 ἰσχὺν
3494 1348 3673 1401 ἀπίδοι
3701 1365 3719 1380 ⁶

2143 1440 2303 1510 ἴσμεν
2329 1441 2385 1494 δὲ
2415 1443 2507 1493 καὶ
2543 1442 2750 1509 ταύτην
2784 1442 2882 1511 ﬁt:
2916 1441 3120 1510 ἀρετὴν
3161 1440 3303 1493 πολῦ
3339 1441 3574 1492 κατόπιν
3621 1442 3720 1508 τῆς

2142 1533 2459 1602 προθυμίας
2488 1534 2887 1587 ἀποδεικνῦσαν
2910 1532 3036 1595 τοῦς
3060 1549 3124 1601 γε
3154 1532 3281 1603 περὶ
3328 1532 3502 1599 αὐτῆς
3537 1550 3590 1583 τι
3636 1531 3721 1584 λέ-

2141 1642 2259 1695 γειν
2288 1625 2726 1696 ἐπιχειροῦντας.
2782 1626 2946 1678 Ὥστε
2978 1625 3213 1695 φανερὸν
3263 1626 3398 1693 ἡμῖν
3446 1624 3717 1692 γίγνεται,

2145 1715 2270 1786 μὴδ¹
2317 1716 2559 1769 ὁντινοῦν
2602 1716 2935 1786 δυνήσεσθαι
2985 1716 3078 1769 τὸν
3140 1716 3262 1769 κατ’
3300 1714 3459 1779 ἀξίαν
3514 1715 3715 1769 είπεῖν.

2156 1809 2350 1879 Ἀρετῇ
2377 1810 2487 1879 γὰρ
2525 1809 2667 1880 οῧσῃ
2697 1809 2821 1863 καθ’
2843 1810 3012 1878 αὐτὴν
3040 1807 3183 1861 οὕτω
3206 1808 3372 1877 καλῇ,
3412 1807 3558 1861 οὕτω
3584 1808 3720 1875 λαμ-

2142 1902 2277 1972 πρᾷ,
2304 1900 2448 1954 οὕτω
2480 1902 2658 1955 πάντα
2689 1900 2867 1971 ἀγαθῇ
2894 1902 2990 1954 καὶ
3010 1899 3283 1970 βελτίστῃ,
3308 1899 3393 1961 τίς
3428 1899 3494 1953 ἂν
3522 1897 3720 1962 ἐξισω-

2139 1992 2264 2062 θείη
2293 1993 2421 2045 ποτὲ
2444 1992 2634 2058 λόγος;
2678 1992 2753 2044 Οὐ
2807 1992 2918 2062 μήν
2972 2007 3034 2059 γε
3090 1989 3179 2043 διὰ
3236 1987 3397 2042 τοῦτο
3451 1990 3721 2058 προσήκει

2142 2086 2300 2156 σιγὴν
2338 2084 2465 2148 τοὺς
2495 2086 2749 2148 ἅπαντας
2801 2086 2978 2151 ἄγειν,
3018 2083 3155 2137 ἀλλὰ
3197 2082 3513 2135 τούναντίον
3569 2082 3715 2137 ἅπαν

2140 2180 2326 2246 λέγειν
2342 2195 2401 2231 τε
2430 2177 2527 2231 καὶ
2571 2176 2954 2245 συνεισφέρειν
3003 2174 3063 2227 τὸ
3092 2174 3234 2228 κατὰ
3264 2173 3517 2240 δύναμιν.
3569 2174 3719 2244 Τάχα

2141 2289 2225 2334 τις
2253 2270 2383 2340 περὶ
2422 2270 2593 2338 αὐτῆς
2634 2271 2729 2323 καὶ
2754 2269 2864 2321 τῶν
2894 2268 2990 2320 οὒκ
3025 2268 3105 2331 εἰς
3151 2268 3341 2334 λόγους
3370 2267 3719 2333 εὐδοκιμούν-

2139 2380 2249 2416 των
2273 2365 2390 2434 ἐρεῖ
2409 2362 2483 2432 μὴ
2508 2361 2743 2430 πάμπαν
2769 2360 2976 2430 ἀπᾷδον
3004 2358 3097 2411 τοῦ
3130 2357 3341 2426 ταύτης
3380 2356 3554 2426 ὕψους
3579 2374 3592 2386 ⁸
3621 2357 3710 2409 καὶ

2141 2456 2300 2517 ἄλλος
2330 2450 2487 2516 αὖθις
2513 2454 2715 2524 ὁμοίως
2749 2467 2764 2481 ⁶
2804 2456 2899 2507 καὶ
2926 2453 3089 2505 πάλιν
3115 2452 3302 2521 ἕτερος
3332 2451 3484 2514 ἴσως.
3516 2450 3583 2504 Οὐ
3606 2450 3710 2518 γάρ

2140 2549 2366 2612 ἀπεικὸς
2392 2548 2482 2600 τὸν
2518 2547 2665 2599 δεῖνα
2705 2545 2788 2600 ἑνί
2840 2562 2918 2614 τῳ
2981 2547 3139 2613 μέρει
3169 2542 3395 2613 ζταύτην
3443 2543 3715 2612 κοσμῆσαι

2142 2642 2283 2711 ὑπὲρ
2312 2644 2443 2705 τοὺς
2477 2639 2727 2709 μείζους.
2770 2634 2923 2692 Εἶδον
2956 2638 3109 2691 τουτὶ
3132 2636 3461 2705 γιγνόμενον
3494 2636 3587 2687 ἐπὶ
3616 2634 3723 2686 τῶν

2142 2733 2417 2797 ἁπάντων,
2445 2732 2541 2785 καὶ
2579 2728 2921 2800 τετυχηκότα
2949 2727 3145 2798 θηρίου
3170 2727 3242 2796 μὴ
3271 2726 3415 2779 πάνυ
3446 2724 3723 2795 θαυμαζόο

2147 2840 2309 2893 μενον
2346 2823 2440 2875 ἐπὶ
2474 2820 2688 2891 τοξικῇ,
2734 2820 2958 2890 ἄμεινον
2990 2813 3141 2887 οἶμαι
3178 2818 3274 2869 καὶ
3306 2815 3578 2884 Τεύκρου,
3629 2815 3723 2868 καὶ

2145 2916 2264 2970 Ἴδα
2297 2913 2393 2967 τοῦ
2421 2911 2681 2978 παλαιοῦ,
2714 2911 2811 2966 xal.
2842 2912 2896 2964 εί
2922 2928 3005 2973 τις
3047 2909 3204 2973 ἄλλος
3236 2908 3330 2961 ἐπὶ
3375 2910 3489 2960 τοῖς
3546 2906 3724 2972 τόξοις
3808 2944 3813 2947 -

2147 3008 2417 3078 μεγίστην
2438 3007 2705 3075 κέκτηται
2740 3003 2926 3069 δόξαν.
2963 3002 3126 3055 Ὥστε
3168 3000 3250 3052 δεῖ
3284 2998 3411 3060 τοὺς
3475 2997 3727 3065 ἅπαντας

2145 3098 2542 3165 συνεισφέρειν,
2569 3096 2697 3149 ὅταν
2730 3095 2789 3147 τὸ
2824 3096 2933 3147 πᾶν
2964 3092 3307 3157 ἐνδείξασθαι
3352 3089 3420 3143 τά
3452 3089 3562 3142 τῶν
3606 3106 3727 3156 μει-

468 3190 590 3229 cum
647 3174 987 3231 declaranda:
1027 3176 1103 3231 rei
1159 3178 1254 3231 toti
1300 3178 1566 3247 majorum
1614 3182 1892 3235 orationes
1936 3196 2041 3236 non

2150 3190 2317 3253 ζόνων
2353 3188 2455 3240 οὐκ
2493 3187 2698 3256 ἐξαρκῇ
2727 3202 2740 3213 ’
2762 3185 2866 3238 κᾶν
2890 3182 3203 3255 προσθὼσιν
3236 3182 3470 3241 ἕκαστος
3498 3181 3565 3232 τὰ
3591 3179 3723 3249 παρ’

469 3265 767 3333 ειιθίοἱυιιι,
818 3282 882 3321 ac
931 3268 1199 3338 siquidem
1248 3284 1343 3324 sua
1392 3270 1621 3339 quisque
1666 3273 1950 3343 adjecerit,
1986 3284 2041 3328 et

469 3368 722 3427 congesta
748 3359 953 3414 fuerint
981 3361 1221 3413 omnium
1253 3361 1418 3427 dicta,
1447 3363 1601 3430 quasi
1636 3378 1732 3430 per
1759 3364 2041 3419 collectam

468 3452 785 3521 quamdam,
815 3454 1167 3523 ipsorumque
1193 3462 1468 3509 oratorum
1489 3471 1581 3511 ora
1606 3457 1719 3512 visa
1750 3456 1953 3512 fuerint
1981 3472 2043 3512 os

470 3561 641 3599 unum
670 3560 814 3611 esse,
846 3545 1077 3602 fortasse
1115 3544 1343 3615 pr0pius
1377 3549 1728 3613 accesserint,
1766 3549 1828 3602 de
1853 3562 1914 3602 ea
1950 3549 2040 3618 qui

469 3639 766 3704 disserunt,
808 3638 875 3693 ad
915 3640 1039 3703 hoc,
1084 3650 1142 3692 ut
1167 3639 1391 3693 oniuino
1429 3640 1685 3709 quiddam
1722 3654 1784 3694 ea
1821 3640 2040 3710 dignum

469 3730 651 3786 dicere
673 3732 980 3786 videantur.
1008 3730 1074 3784 Et
1102 3732 1322 3802 quidem
1353 3731 1625 3795 usuvcnit,
1677 3740 1736 3784 ut
1768 3731 2040 3801 aenigmati

469 3822 751 3877 consimile
774 3825 867 3887 sit,
895 3823 1034 3877 hanc
1064 3824 1209 3878 circa
1231 3823 1485 3876 virtutem
1517 3823 1658 3892 quod
1683 3823 1899 3877 accidit.
1925 3820 2039 3875 Non

466 3914 608 3966 enim
636 3913 781 3967 illam
819 3929 886 3966 ex
918 3913 1187 3982 dignitate
1217 3914 1565 3979 admirando,
1601 3914 1893 3967 maximam
1920 3928 2042 3968 esse

469 4003 771 4067 declarant,
806 4004 899 4058 sed
938 4006 1061 4059 dum
1098 4004 1299 4074 pariter
1329 4019 1519 4059 omnes
1557 4019 1675 4059 eam
1710 4004 2041 4058 convenien-

470 4102 552 4147 ter
593 4094 815 4149 laudare
845 4107 1142 4165 nequeunt,
1184 4096 1386 4149 nullam
1423 4096 1725 4149 orationem
1760 4109 1919 4163 posse
1952 4108 2042 4148 su-

466 4184 793 4238 blimitatem
847 4184 1006 4253 hujus
1067 4186 1309 4254 assequi,
1355 4184 1665 4240 ostendunt.
1714 4184 1830 4250 Quo
1874 4185 1932 4237 fit
1983 4194 2043 4238 ut

469 4276 696 4331 omnino
739 4277 850 4331 sint
887 4278 997 4332 haec
1040 4278 1313 4347 arnigmati
1358 4278 1581 4341 similia,
1615 4276 1901 4345 siquidem
1945 4291 2041 4346 per

469 4384 576 4423 non
610 4371 1000 4424 convenientes
1034 4369 1216 4424 laudes
1245 4368 1590 4422 convenienti
1617 4382 1817 4421 corona
1860 4382 1920 4423 se
1955 4383 2045 4422 re-

469 4461 648 4516 dimit.
682 4460 918 4530 Ideoque
941 4470 1158 4529 rogatos
1201 4460 1484 4513 auditores
1506 4458 1773 4521 volumus,
1819 4474 1885 4513 ne
1912 4460 2040 4528 quid

2148 3280 2378 3345 ἑαυτῶν,
2401 3280 2494 3333 καὶ
2523 3277 2817 3348 συνενεχθῇ
2842 3278 2910 3331 τὰ
2938 3276 3160 3329 πάντων
3178 3273 3252 3336 ὡς
3281 3275 3340 3337 ἐξ
3369 3273 3593 3342 ἐράνου,
3625 3272 3721 3323 καὶ

2146 3373 2205 3426 ἓν
2223 3389 2285 3440 γε
2306 3371 2433 3442 δόξῃ
2452 3370 2628 3440 στόμα
2648 3369 2712 3422 τὰ
2735 3368 2844 3421 τῶν
2868 3369 3155 3432 εἰπόντων,
3185 3365 3385 3418 ἔλθοιεν
3401 3363 3464 3416 άν
3481 3364 3649 3429 ἐγγὺς
3666 3363 3716 3413 ot

2147 3463 2280 3532 περὶ
2332 3461 2552 3528 ἐκείνης
2607 3461 2852 3521 εἰπόντες
2889 3457 2982 3512 τοῦ
3025 3457 3209 3526 λέγειν
3237 3456 3365 3517 ὅλως
3398 3454 3543 3518 ἄξιον
3580 3454 3711 3522 περὶ

2144 3557 2381 3624 ταυτησὶ
2393 3554 2563 3619 δόξαι.
2583 3554 2654 3605 Συ
2664 3552 2879 3623 μ6αίνει
2898 3553 2965 3623 δή
2986 3568 3038 3604 τι
3058 3552 3234 3604 δοκεῖν
3260 3550 3483 3617 αἴνιγμα
3506 3546 3566 3598 τὸ
3582 3545 3710 3615 περὶ

2144 3648 2304 3717 τήνδε
2322 3646 2666 3716 γιγνόμενον.
2692 3644 2767 3699 Οὐ
2801 3645 2909 3713 γὰρ
2942 3642 3018 3713 τῷ
3049 3643 3215 3707 ἀξίως
3239 3640 3537 3710 θαυμάσαι,
3564 3636 3717 3707 μεγί-

2149 3757 2281 3809 στην
2312 3738 2517 3806 ταύτην
2553 3733 2720 3790 οὖσαν
2758 3735 3141 3805 ἐμφαίνουσιν,
3169 3732 3285 3786 ἀλλ’
3315 3727 3396 3793 οἷς
3422 3746 3484 3799 γε
3519 3731 3719 3789 πάντες

2145 3831 2282 3899 ὁμοῦ
2318 3828 2412 3881 τοῦ
2457 3828 2827 3896 προσήκοντος
2871 3824 3095 3877 ἐπαίνου
3130 3821 3496 3881 διαπίπτουσι,
3527 3817 3585 3869 τὸ
3612 3833 3716 3883 μη·

2143 3917 2269 3970 δὲνα
2312 3914 2571 3969 δύνασθαι
2632 3914 2785 3979 λόγον
2831 3910 3117 3979 ἐφικέσθαι
3167 3910 3260 3962 τοῦ
3292 3909 3497 3978 ταύτης
3554 3906 3719 3976 ὕψους

2092 4006 2097 4009 “
2143 4007 2504 4061 δεικνύουσιν.
2534 4006 2700 4057 Ὥστε
2743 4002 2932 4072 σαφῶς
2971 4004 3254 4071 αἰνίγματι
3294 4002 3468 4053 ταῦτα
3517 3999 3715 4065 ἔοικεν,

2145 4101 2194 4153 εἰ
2217 4100 2281 4169 δὴ
2312 4101 2425 4163 τοῖς
2466 4099 2543 4170 μὴ
2570 4098 2921 4168 γιγνομένοις
2971 4098 3216 4159 ἐπαίνοις
3271 4096 3365 4149 τὸν
3396 4096 3719 4165 γιγνόμενον

2147 4191 2412 4259 στέφανον
2441 4191 2608 4261 ἑαυτῇ
2639 4189 2976 4259 περιτίθησι.
3036 4189 3145 4241 Καὶ
3189 4189 3370 4240 τοίνυν
3421 4185 3719 4254 παραιτού-

2148 4280 2289 4348 μεθα
2318 4280 2442 4343 τοὺς
2469 4279 2770 4348 ἀκροατὰς,
2818 4279 2984 4349 μηδὲν
3022 4277 3283 4347 δυσχερὲς
3314 4276 3716 4347 ἐντεθυμῆσθαι

2145 4370 2275 4439 περὶ
2310 4369 2487 4438 ἡμῶν,
2517 4369 2652 4438 μηδὲ
2690 4367 3029 4436 προπετείας
3049 4366 3269 4435 γραφὴν
3301 4365 3453 4432 ἡμᾶς
3494 4362 3712 4431 γράψα-

2148 4458 2294 4522 σθαι,
2320 4458 2370 4511 οἳ
2395 4457 2868 4528 προύθυμήθημεν
2894 4458 3066 4511 εἰπεῖν
3101 4472 3167 4507 πε
3179 4455 3231 4524 pl.
3255 4455 3509 4508 τοσούτου
3543 4452 3723 4521 πράγ-

469 4554 721 4609 acerbius
761 4553 829 4607 de
876 4552 1036 4607 nobis
1086 4553 1345 4622 cogitent,
1382 4564 1517 4604 neve
1568 4549 1894 4605 temeritatis
1941 4566 2041 4605 nos

2149 4564 2343 4617 ματος,
2369 4548 2419 4599 οί
2454 4550 2553 4616 τὴν
2584 4546 2738 4616 ίσχὺν
2778 4546 2988 4616 ἀδρανῆ
3031 4538 3386 4614 κεκτημένοι.
3429 4542 3723 4610 Παραιτεῖ-

469 4650 751 4707 accusent,
790 4642 883 4711 qui
925 4648 1077 4695 tanta
1112 4640 1179 4694 de
1211 4654 1267 4695 re
1302 4639 1682 4695 disserendum
1712 4642 2044 4713 cogitaveri-

396 4740 405 4749 "
468 4750 617 4798 mus,
657 4750 779 4788 cum
818 4733 963 4788 vires
1015 4732 1066 4786 in
1114 4731 1273 4785 nobis
1327 4746 1463 4785 sane
1500 4741 1690 4787 tenues
1730 4722 1880 4799 sint;
1919 4748 2041 4787 nam

466 4834 617 4878 recte
652 4840 753 4879 nos
797 4833 1064 4880 excusant
1099 4839 1218 4892 qua:
1265 4824 1416 4893 prius
1456 4821 1717 4880 diximus.
1753 4823 1818 4877 Et
1844 4836 2042 4879 caetero

467 4917 559 4981 qui
594 4916 719 4984 jure
752 4916 892 4970 facta
927 4932 958 4971 a
991 4917 1149 4972 nobis
1174 4917 1313 4971 hanc
1342 4917 1751 4971 excusationem
1783 4917 2039 4972 arbitror.

467 5005 680 5060 Etenim
731 5006 967 5074 primum
1016 5012 1066 5061 id
1100 5009 1243 5079 quod
1285 5008 1549 5077 compulit
1596 5023 1699 5064 nos
1730 5017 1789 5063 ut
1834 5007 1888 5062 in
1941 5008 2044 5063 hoc

469 5097 694 5167 pelagus
724 5109 942 5152 uosmet
972 5099 1413 5165 immitteremus,
1435 5116 1591 5156 acres
1622 5102 1688 5155 ad
1717 5103 2044 5169 persuaden-

470 5191 599 5244 dum
634 5190 776 5242 vires
819 5187 1005 5253 habet,
1052 5199 1112 5243 ut
1146 5192 1406 5246 audacter
1439 5208 1554 5247 rem
1600 5193 2039 5262 aggrederemur,

468 5291 524 5336 et
553 5295 772 5336 omnem
802 5278 1042 5334 laborem
1083 5291 1246 5350 atque
1277 5284 1572 5350 perieulum
1604 5299 1701 5353 pro
1728 5285 1829 5339 levi
1863 5300 1928 5338 ae
1958 5293 2042 5339 to-

468 5374 679 5429 lerabili
719 5374 1060 5428 duceremus.
1096 5374 1255 5429 Fecit
1277 5377 1421 5430 enim
1462 5376 1565 5430 hoe
1590 5393 1742 5432 amor
1770 5378 1887 5442 lilii,
1926 5387 2039 5431 tum

467 5467 672 5520 virtute
694 5464 1029 5534 praestantis,
1056 5475 1167 5519 tum
1197 5476 1471 5536 sceptrum
1497 5468 1551 5522 in
1580 5469 1831 5523 manilius
1853 5483 2044 5538 geren-

470 5560 562 5615 tis.
594 5559 803 5615 Deinde
836 5559 1298 5614 considerandum
1333 5559 1439 5615 hoc
1467 5576 1686 5630 quoque
1726 5561 1892 5615 venit.
1924 5559 2039 5614 Non

464 5652 611 5707 enim
633 5652 1016 5707 ostentationis
1045 5666 1208 5706 causa
1242 5660 1514 5708 certamen
1545 5653 1647 5708 hoc
1673 5654 2039 5721 suscepimus,
2070 5640 2075 5645 ’

466 5754 571 5794 nec
591 5753 656 5794 eo
678 5743 1058 5810 spectabanius
1082 5744 1148 5796 ab
1177 5742 1359 5808 initio,
1392 5744 1537 5812 quod
1561 5741 1913 5797 admirationi
1945 5756 2039 5796 no-

468 5828 560 5881 bis
594 5840 737 5884 esset
766 5832 1044 5888 humilitas
1079 5836 1210 5905 (non
1239 5834 1388 5892 enim
1421 5833 1726 5913 eanostris
1765 5832 2033 5888 laudatio-

2143 4657 2236 4694 ται
2264 4639 2372 4708 γὰρ
2414 4638 2591 4702 καλῶς
2633 4639 2702 4691 τά
2727 4638 3128 4707 προειρημένα.
3195 4636 3304 4689 Καὶ
3333 4633 3506 4709 ἄλλως
3537 4632 3595 4684 δὲ
3627 4632 3723 4685 σὺν

2144 4733 2221 4802 τῷ
2244 4733 2439 4796 δικαίῳ
2470 4731 2568 4803 τὴν
2598 4734 2714 4786 νυνὶ
2744 4730 3084 4800 παραίτησιν
3110 4726 3444 4796 γεγενῆσθαί
3476 4743 3567 4794 μοι
3594 4724 3720 4792 φαί-

2144 4840 2318 4878 νεται.
2387 4821 2613 4893 Πρῶτον
2662 4820 2763 4891 μὲν
2796 4820 2907 4888 γὰρ
2958 4818 3019 4870 τὸ
3077 4815 3379 4870 συνελάσαν
3444 4814 3592 4883 ἡμᾶς
3644 4812 3724 4873 εἰς

2145 4916 2293 4971 τοῦτ’
2322 4918 2544 4985 ἀφεῖναι
2578 4915 2637 4966 τὸ
2670 4914 2907 4980 πέλαγος
2932 4911 3104 4965 δεινόν
3137 4927 3189 4961 τι
3241 4908 3454 4962 πείθειν
3494 4905 3721 4974 τολμᾷν,

2144 5011 2241 5063 καὶ
2272 5010 2451 5064 πάντα
2474 5010 2637 5061 πόνον
2668 5008 2763 5059 καὶ
2797 5005 3043 5058 κίνδυνον
3072 5002 3278 5070 κοῦφον
3326 4999 3584 5069 ἡγεῖσθαι
3625 4995 3719 5049 καὶ

2146 5101 2429 5171 φορητόνο
2503 5099 2694 5161 παιδὸς
2722 5099 2832 5167 γὰρ
2896 5095 3142 5164 φίλτρον,
3195 5092 3294 5145 καὶ
3338 5089 3567 5157 ἀγαθοῦ,
3627 5088 3722 5140 καὶ

2147 5193 2426 5263 σκῆπτρον
2467 5192 2684 5263 ἔχοντος
2711 5194 2767 5242 ὲν
2796 5191 2976 5260 χεροῖν
3003 5204 3019 5220 ο
3068 5186 3263 5239 ἔπειτα
3295 5185 3390 5239 καὶ
3417 5181 3576 5238 τοῦτο
3604 5197 3727 5233 σκο-

2146 5287 2269 5335 πεῖν
2300 5283 2402 5339 δεῖ.
2427 5284 2502 5337 Οὐ
2536 5284 2643 5352 γάρ
2675 5282 2740 5350 δὴ
2765 5281 2888 5333 κατ’
2925 5278 3186 5343 ἐπίδειξιν
3209 5277 3345 5347 πρὸς
3369 5276 3583 5328 τουτονὶ
3629 5274 3722 5326 τὸν

2145 5372 2308 5429 ἆθλον
2338 5374 2756 5440 ἀπεδυσάμεθα,
2789 5373 2909 5425 οὐδὲ
2974 5372 3035 5425 τὸ
3082 5370 3368 5441 θαυμάσαι
3398 5368 3497 5436 τὴν
3535 5382 3725 5418 ταπειο

2144 5464 2486 5534 νοφροσύνην
2516 5464 2690 5526 οὕτως
2730 5462 2916 5524 ἁπλῶς
2946 5464 2973 5515 ὁ
2993 5461 3190 5522 σκοπὸς
3221 5461 3358 5529 ἡμῖν
3389 5457 3621 5526 ὲξαρχῆς
3653 5450 3722 5526 ἧν

2146 5555 2284 5612 (οὐδὲ
2314 5554 2421 5624 γὰρ
2447 5553 2618 5606 δεῖται
2643 5553 2749 5605 τῶν
2771 5551 2902 5621 παρ’
2937 5550 3095 5621 ἡμῶν
3116 5549 3355 5603 ἐπαίνων
3384 5547 3566 5617 ἐκείνη
3603 5545 3713 5616 ys)‘

2144 5647 2261 5701 ἀλλ’
2298 5648 2447 5709 ὅπως
2479 5648 2616 5715 αῦτη
2662 5646 2874 5715 γένοιτο
2925 5642 3000 5713 τῷ
3041 5644 3195 5696 παιδὶ
3248 5642 3400 5710 φίλη,
3450 5639 3723 5702 καλλίστη

2144 5736 2317 5805 τούτῳ
2353 5738 2585 5806 φανεῖσα
2616 5751 2630 5766 ·
2660 5736 2755 5787 καὶ
2784 5732 3017 5804 ζητηθῇ,
3061 5732 3235 5785 διὰτὸ
3268 5729 3543 5798 φιλεῖσθαι
3577 5743 3591 5757 ⁸
3625 5727 3722 5780 καὶ

2148 5828 2347 5901 εὑρεθῇ
2374 5844 2477 5882 που
2509 5828 2725 5890 πάντως
2759 5827 2930 5897 αὐτῷ,
2960 5825 3265 5888 σπουδαίως
3304 5822 3512 5890 ταύτην
3550 5819 3723 5891 ίχνεύ-
