4098 6272
388 383 492 448 533

1750 387 2038 447 ORATIO
2077 385 2213 449 VII.

3533 387 3635 450 535

383 510 501 547 οντι
532 512 544 525 ’
573 496 668 549 καὶ
693 496 725 566 ἦ
744 496 939 565 κτῆσίς
963 511 1025 564 γε
1054 497 1225 566 αὐτῆς
1275 497 1539 567 χαρίεσσά
1586 514 1672 560 τις
1734 497 1963 565 γένηται

2074 496 2233 549 nibus
2267 496 2515 567 indiget),
2549 496 2642 551 sed
2674 505 2730 549 ut
2778 496 2886 551 lilio
2934 498 3098 552 chara
3140 494 3394 561 tiatf'visa
3431 512 3477 551 et
3519 498 3635 565 pul-

386 586 487 638 καὶ
517 588 709 657 ἡδίστη
737 589 824 641 διὰ
852 591 951 659 τὴν
988 592 1129 659 μετὰ
1157 591 1399 659 σπουδῆς
1433 591 1670 661 ζήτησιν
1692 605 1703 615 ·
1735 592 1828 643 καὶ
1862 610 1965 661 φυς-

384 677 560 747 λαχθῇ
586 678 892 746 φιλοπόνως
924 681 1031 735 τῶν
1056 682 1365 752 εἰρημένων
1393 683 1557 735 ἕνεκα
1594 683 1831 736 πάντων.
1857 681 1964 734 Τοῦ

386 766 499 835 γὰρ
529 767 605 828 ὡς
652 768 843 837 ἔτυχεν
902 770 1220 839 εὑρεθέντος
1249 773 1371 825 οὑδὲ
1425 773 1562 826 πολὺ
1602 791 1653 826 τι
1710 772 1963 841 δάκνονῆ

387 856 698 927 λυπηρδνὴ
738 858 995 930 στέρησις
1040 861 1388 929 καθίσταται,
1412 866 1459 917 εἰ
1507 866 1599 917 καὶ
1632 865 1766 931 ταχῦ
1803 881 1967 934 μετα-

392 947 577 1016 σταίη,
602 948 713 1015 ὅγε
748 950 845 1002 καὶ
876 952 1088 1020 συχνῶς
1118 953 1265 1019 φιλεῖ
1300 954 1606 1022 γίγνεσθαι.
1650 954 1768 1008 Κᾶν
1905 955 1966 1007 τὸ

391 1041 579 1110 κτῆμα
630 1044 1028 1112 πνευματικὸν,
1060 1046 1268 1114 πτηνοῦ
1317 1064 1464 1109 τινος
1504 1048 1661 1116 δίκην
1706 1048 1967 1111 πολλάκις

392 1132 693 1202 ἀφίπταται
725 1135 822 1202 τῆς
846 1136 1048 1206 ψυχῆς,
1077 1140 1170 1192 καὶ
1198 1139 1319 1192 οὑδὲ
1352 1141 1669 1194 αἰσθάνεται
1699 1143 1725 1195 ό
1754 1143 1829 1212 μὴ
1869 1144 1966 1196 σὺν

393 1222 545 1292 πόθῳ
573 1225 938 1293 κτησάμενος,
967 1228 1145 1281 δεινόν
1173 1246 1226 1282 τι
1264 1229 1576 1291 πεπονθώς.
1631 1228 1730 1298 Είη
1772 1230 1828 1283 δέ
1884 1247 1965 1282 σοι

390 1314 470 1383 τῷ
500 1315 744 1386 φιλτάτῳ
766 1319 907 1369 κατά
931 1317 1027 1381 τὰς
1052 1319 1278 1385 ἐλπίδας
1303 1320 1535 1388 ἐκϐῆναι
1561 1321 1629 1372 τὰ
1663 1321 1793 1390 παρ’
1810 1320 1966 1389 ἡμῶν

391 1407 683 1477 εἰρημένα.
715 1410 825 1462 Καὶ
854 1412 902 1462 εἰ
931 1410 1189 1479 δόξαιμεν
1214 1414 1377 1482 ἡμεῖς
1409 1414 1547 1482 μήτε
1578 1413 1645 1466 τὰ
1669 1411 1852 1464 δέοντα
1880 1412 1968 1463 εὑ-

393 1499 617 1570 ρηκέναι
656 1501 784 1571 περὶ
816 1503 1047 1571 ταυτησὶ
1070 1503 1172 1573 τῆς
1228 1504 1359 1574 ὕλης
1390 1506 1393 1511 ’
1420 1505 1619 1563 εἰπεῖν.
1657 1504 1792 1572 μήτε
1860 1504 1965 1571 μὴν

389 1594 460 1645 τά
499 1594 795 1663 εὑρεθέντα
844 1597 1029 1659 καλῶς
1076 1598 1318 1667 ἁρμόσαι
1367 1598 1504 1666 πρὸς
1552 1595 1777 1665 ἄλληλα,
1832 1599 1967 1667 μήτε

391 1688 673 1754 εἰρηκέναι
693 1689 865 1740 ταῦτα
903 1690 997 1743 σὺν
1029 1690 1245 1760 κόσμῳ,
1288 1690 1430 1743 ὥστε
1461 1690 1789 1761 ἐρρωμένως
1823 1689 1967 1759 ἔχειν

393 1776 481 1842 ἐφ’
503 1771 584 1839 οἷς
605 1778 756 1830 πόλλ’
786 1779 1059 1848 ἐμόγησα.
1106 1780 1429 1850 Ὁμηρικῶς
1463 1784 1635 1834 εἰπεῖν
1669 1797 1681 1810 ·
1708 1782 1770 1834 οὑ
1807 1784 1965 1850 μόνον

396 1869 588 1937 πράως
618 1872 859 1940 οἴσομεν,
892 1873 1028 1925 ἀλλὰ
1052 1873 1145 1926 καὶ
1179 1876 1340 1944 χάριν
1368 1876 1652 1943 ἀνοίσομεν
1675 1874 1750 1942 τῷ
1783 1874 1967 1927 τοιαὺ-

394 1974 495 2026 την
527 1958 779 2013 δεδωκότι
813 1978 894 2015 σοι
955 1964 1138 2034 χάριν,
1193 1966 1269 2027 ὡς
1325 1966 1655 2034 ὠφελεῖσθαι
1704 1965 1965 2019 δύνασθαι

394 2052 752 2120 πανταχόθεν,
785 2056 880 2107 καὶ
916 2049 997 2119 οἷς
1030 2058 1128 2110 οὑκ
1153 2057 1219 2110 ἂν
1248 2057 1454 2128 ἔτερος.
1476 2059 1636 2126 Ἦμϊν
1670 2059 1714 2112 δ’
1736 2058 1967 2112 ἐνταῦθα

393 2145 711 2212 γενομένοις
747 2148 840 2201 τοῦ
879 2148 1040 2215 λόγου
1082 2150 1236 2214 δκνος
1278 2168 1361 2214 τις
1412 2153 1705 2222 ἐπέρχεται
1755 2154 1968 2223 θαυμα-

395 2235 543 2299 οτδς,
579 2239 673 2289 καὶ
699 2240 987 2311 ἁποπηδᾷν
1012 2246 1274 2310 παραινεί
1298 2246 1379 2307 εἰς
1424 2247 1523 2315 τὴν
1572 2246 1844 2317 ἡμετέραν
1871 2248 1966 2299 αὑ-

392 2329 504 2382 τῶν
532 2330 758 2400 δύναμιν
783 2334 1051 2403 ἀφορῶσι,
1080 2339 1177 2389 καὶ
1203 2340 1263 2391 τὸ
1291 2338 1386 2390 τοῦ
1424 2340 1754 2409 πράγματος
1803 2341 1967 2409 μέγε-

396 2422 507 2485 θος.
579 2423 843 2478 Ἐνταῦθα
884 2428 991 2496 γὰρ
1035 2428 1096 2481 τδ
1162 2429 1424 2498 δυσχερὲς
1463 2432 1607 2484 οὑτω
1646 2433 1815 2485 νικῶν
1852 2436 1965 2485 ἐστι

399 2514 519 2582 μεθ’
548 2515 879 2583 ὑπερϐολῆς,
913 2518 988 2576 ὡς
1016 2519 1170 2572 οὐδὲν
1200 2519 1413 2588 ἓτερον.
1446 2521 1576 2573 Λὺει
1604 2537 1661 2574 τε
1685 2523 1792 2590 γὰρ
1817 2522 1966 2573 τόνον

392 2604 594 2675 ψυχῆς,
628 2607 719 2658 καὶ
742 2611 928 2675 χαυνοῖ
957 2610 1081 2670 τοὺς
1103 2610 1424 2680 λογισμοὺς,
1456 2613 1551 2666 καὶ
1578 2613 1675 2683 τὴν
1729 2614 1966 2668 διάνοιαν

391 2696 616 2750 ἐκλυτον
674 2699 988 2766 ἀποφαίνει.
1032 2700 1129 2764 Τίς
1177 2702 1288 2771 γὰρ
1349 2701 1493 2755 οὑτω
1554 2706 1683 2767 παῖς
1733 2705 1964 2778 ἐστιν,ἢ

399 2788 587 2857 πόρρω
646 2807 750 2843 που
797 2790 889 2843 τοῦ
951 2791 1161 2854 δέοντος
1212 2794 1319 2847 ὑπὸ
1368 2794 1602 2863 θράσους
1655 2797 1964 2851 ἀκαθέκτου

396 2881 761 2947 παρασυρε’.ς,
798 2880 871 2943 ὼς
890 2881 1102 2933 οἴεσθαι
1148 2882 1401 2950 γλῶτταν
1452 2884 1641 2951 γήϊνον
1695 2885 1773 2947 εἰς
1833 2884 1965 2951 ὕψος

394 2970 765 3039 ἀναϐήσεσθαι
789 2973 887 3038 τῆς
912 2972 1422 3044 ταπεινοφροσὺνης
1454 2975 1554 3039 ςτί
1584 2975 1639 3028 δὲ
1671 2977 1765 3029 καὶ
1795 2975 1966 3029 εἰπὼν

396 3066 523 3131 περὶ
553 3064 759 3133 ταύτης
794 3065 939 3117 οὑτω
967 3067 1422 3137 μεγαλοπρεποῦς
1453 3066 1642 3137 οὑσης,
1666 3067 1834 3137 ὲγγὺς
1861 3086 1962 3121 που

2070 590 2342 643 cherrima
2372 605 2387 654 ;
2412 598 2465 642 et
2491 597 2782 658 quaeratur,
2819 590 3072 658 quoniam
3107 591 3270 645 chara
3306 591 3414 655 sit;
3443 597 3497 643 et
3521 604 3638 641 omo

2072 680 2200 733 nino
2231 680 2538 734 inveniatur
2568 681 2634 735 ab
2673 696 2760 746 eo,
2786 682 3032 736 studiose
3060 680 3199 735 hanc
3227 681 3518 751 lndagante
3543 701 3557 748 ;
3586 695 3638 735 et

2070 770 2333 838 acquisito
2361 771 2479 840 ejus
2506 780 2654 840 grata
2678 771 2748 825 sit
2778 781 2831 826 et
2859 771 3279 841 jucmtdissima,
3313 782 3530 841 propter
3560 777 3637 828 in-

2070 865 2423 934 dagationem
2473 866 2772 922 studiosam
2804 886 2816 930 ;
2864 878 2918 920 et
2953 866 3239 935 diligenter
3272 867 3635 933 custodiatur,

2070 969 2292 1026 propter
2323 958 2502 1011 omnia
2530 974 2671 1013 nunc
2695 959 2953 1012 indicata.
2977 957 3109 1011 Nam
3141 958 3257 1026 ejus
3282 959 3423 1020 quod
3448 960 3639 1013 inven~

2071 1060 2184 1103 tum
2232 1061 2318 1103 est
2372 1047 2621 1116 fortuito,
2677 1065 2783 1105 non
2826 1050 3115 1105 admodum
3158 1050 3380 1103 mordax
3421 1060 3505 1104 est
3546 1058 3641 1103 aut

2075 1140 2304 1194 molesta
2342 1140 2598 1209 privatio,
2640 1140 2855 1195 tametsi
2893 1141 3145 1195 celeriter
3179 1141 3462 1194 amittatur
3495 1140 3637 1207 quod

2071 1248 2204 1286 sane
2241 1232 2557 1296 frequenter
2608 1232 2724 1287 ﬁeri
2761 1233 2921 1287 solet.
2958 1233 3033 1286 Ac
3071 1230 3334 1300 siquidem
3365 1245 3452 1284 res
3478 1230 3639 1298 spiri-

2070 1323 2231 1375 tualis
2264 1321 2444 1387 fuerit,
2493 1324 2608 1377 avis
2639 1323 2811 1377 inStar
2852 1338 2916 1377 ex
2968 1322 3153 1375 animo
3187 1322 3381 1390 saepius
3414 1320 3594 1375 avolat
3622 1339 3634 1384 ;

2070 1413 2267 1482 quique
2294 1428 2399 1467 non
2434 1428 2551 1466 eam
2581 1430 2701 1467 eum
2729 1414 3002 1469 desiderio
3030 1413 3387 1482 comparavit,
3419 1427 3485 1465 ne
3513 1428 3637 1465 scn-

2074 1506 2138 1556 tit
2160 1503 2374 1571 quidem
2403 1505 2603 1571 aliquid
2632 1520 2796 1574 grave
2827 1505 2927 1558 sibi
2963 1505 3249 1558 accidisse.
3282 1502 3420 1571 Opto
3456 1512 3636 1556 autem

2070 1603 2126 1645 ut
2171 1594 2265 1648 tibi
2308 1595 2466 1662 looge
2499 1594 2629 1647 mihi
2668 1595 3011 1657 charissimo,
3053 1609 3115 1647 ex
3151 1593 3316 1646 animi
3352 1590 3475 1647 voto
3509 1607 3635 1647 eve~

2070 1684 2221 1737 niant
2255 1700 2372 1752 qua:
2409 1700 2437 1738 a
2483 1686 2638 1737 nobis
2690 1683 2834 1738 dicta
2871 1694 3015 1738 sunt.
3064 1683 3172 1737 Nos
3215 1686 3430 1752 quidem
3462 1685 3504 1737 si
3536 1699 3640 1737 nec

2071 1774 2345 1827 invenisse
2392 1773 2697 1827 videbimur
2729 1789 2847 1842 qua-
2880 1775 2945 1827 de
2986 1774 3088 1827 huc
3127 1773 3356 1826 materia
3404 1774 3507 1827 dici
3540 1788 3640 1841 par

2068 1874 2210 1929 erat,
2247 1882 2345 1919 nec
2382 1867 2599 1919 inventa
2643 1876 2791 1920 recte
2823 1874 3261 1933 coagmentasse,
3292 1880 3389 1919 nec
3425 1880 3488 1918 ea
3514 1882 3637 1919 cum

2070 1958 2332 2026 dignitate
2364 1958 2842 2026 concinnitateque
2873 1958 3220 2026 exposuisse,
3256 1958 3423 2011 robur
3454 1968 3512 2011 ut
3544 1958 3640 2011 ali-

2069 2046 2199 2115 quid
2236 2048 2474 2102 habeant
2523 2049 2754 2112 scilicet,
2806 2049 2859 2101 in
2897 2050 3094 2118 quibus
3129 2050 3377 2117 equidem
3412 2048 3642 2101 multum

2070 2140 2334 2204 laboravi,
2379 2152 2438 2194 ut
2476 2140 2767 2196 Homerico
2800 2141 2964 2195 verbo
3014 2150 3229 2227 uta‘mur
3266 2159 3280 2195 :
3319 2157 3424 2195 non
3462 2140 3638 2196 solum

2072 2233 2124 2285 id
2156 2233 2436 2287 commode
2473 2233 2735 2296 feremus,
2759 2249 2944 2288 verum
2976 2234 3138 2288 etiam
3173 2234 3247 2287 illi
3287 2235 3516 2303 gratiam
3546 2234 3642 2286 ha-

2072 2324 2345 2389 bebimus,
2378 2324 2467 2392 qui
2498 2325 2657 2378 talem
2698 2326 2793 2379 tibi
2825 2325 3099 2379 conceSSit
3130 2326 3381 2394 gratiam,
3408 2334 3466 2379 ut
3491 2338 3640 2378 emo-

2072 2416 2371 2469 lumentum
2415 2416 2576 2470 rebus
2624 2432 2683 2471 ex
2728 2417 2978 2470 omnibus
3010 2432 3208 2481 capere
3247 2416 3447 2483 possis,
3495 2425 3549 2468 et
3576 2413 3642 2469 iis

2069 2509 2285 2577 quidem
2324 2510 2464 2563 unde
2493 2509 2624 2563 nihil
2654 2509 2743 2563 alii
2778 2509 2985 2563 fructus
3020 2511 3334 2564 accesserit.
3366 2508 3641 2564 Caeterum

2073 2600 2377 2669 progressis
2407 2601 2561 2655 nobis
2584 2601 2648 2653 ad
2682 2601 2821 2654 hanc
2851 2603 3117 2655 orationis
3144 2612 3375 2669 partem,
3411 2602 3642 2656 farmido

2069 2695 2312 2762 quaedam
2342 2693 2679 2748 admirabilis
2705 2708 2765 2749 se
2788 2692 2975 2759 oﬂ‘ert,
2996 2693 3258 2761 quasique
3289 2692 3641 2747 resiliendum

2069 2786 2137 2841 ab
2160 2787 2411 2840 instituto
2444 2795 2652 2850 monet,
2686 2786 2953 2855 siquidem
2987 2794 3042 2839 et
3072 2786 3214 2839 vires
3246 2795 3460 2838 nostras
3486 2795 3536 2837 et
3564 2782 3643 2835 rei

2075 2879 2501 2947 magnitudinem
2539 2888 2786 2945 spectare
2812 2876 3065 2931 velimus.
3096 2876 3303 2947 Quippe
3337 2886 3483 2928 tanta
3510 2874 3646 2929 dini—

2070 2968 2244 3022 cultas
2279 2966 2368 3021 hic
2401 2968 2699 3035 nimiopere
2734 2976 2925 3032 regnat
2966 2976 3169 3034 quanta
3194 2968 3279 3019 vix
3312 2965 3416 3018 alia
3455 2964 3640 3019 fuerit.

2068 3060 2202 3113 Nam
2242 3070 2297 3115 et
2344 3059 2509 3113 animi
2541 3061 2943 3114 contentionem
2980 3059 3143 3122 laxat,
3195 3067 3250 3112 et
3285 3056 3646 3127 cogitationes

394 3156 490 3209 τοὺ
519 3160 891 3227 προσήκοντος
920 3160 1207 3230 εἰρηκέναι
1229 3160 1371 3226 δόξει
1397 3177 1412 3224 ς
1469 3161 1633 3216 Οὐδὲν
1669 3163 1777 3233 γὰρ
1811 3158 1967 3232 οἴμαι

2078 3152 2301 3221 frangit,
2339 3162 2392 3207 et.
2445 3161 2680 3206 mentem
2730 3151 3037 3221 languidam
3091 3149 3294 3205 reddit.
3326 3150 3458 3215 Quis
3497 3152 3644 3201 enim

397 3253 618 3319 σεμνὸν.
653 3252 684 3321 ἢ
713 3254 879 3321 μέγα,
908 3254 941 3323 ἢ
976 3255 1252 3325 λαμπρὸν,
1293 3256 1413 3323 μεθ’
1442 3257 1572 3327 ὅσης
1622 3256 1846 3309 δύναταί
1887 3273 1970 3318 τις

397 3344 703 3411 ὑπερϐολῆς
743 3346 941 3409 εἰπεῖν,
965 3345 993 3397 ὅ
1029 3346 1102 3417 μὴ
1124 3347 1191 3399 ἂν
1218 3349 1357 3417 πρὸς
1384 3348 1701 3401 τοὺναντίον
1738 3349 1969 3417 περιστῇ
2008 3366 2013 3377 '

394 3434 472 3503 τῷ
502 3435 811 3504 βουλομένῳ
826 3435 1031 3505 ταύτην
1051 3441 1302 3507 κοσμεῖν,
1331 3440 1427 3508 τὴν
1454 3439 1663 3509 ἀέριον,
1692 3438 1791 3505 τὴν
1822 3440 1971 3491 αἰθέ-

400 3542 538 3592 ριον,
574 3526 670 3594 τὴν
699 3527 974 3594 οὑράνιον,
1006 3528 1107 3595 τὴν
1148 3530 1570 3600 ὑπερουράνιον,
1611 3531 1712 3598 τὴν
1755 3533 1811 3583 ἒν
1862 3532 1971 3593 τοῖς

397 3614 618 3675 κόλποις
659 3614 754 3666 τοῦ
797 3617 1010 3683 Πατρός
1037 3617 1133 3669 νῦν
1156 3619 1435 3683 οἰκοῦσαν,
1485 3621 1644 3689 εἰπερ
1701 3624 1729 3674 ὁ
1783 3620 1972 3691 Σωτὴρ

397 3706 550 3773 ἡμῖν,
600 3708 626 3757 ό
670 3705 940 3775 θησαυρὸς
996 3709 1212 3778 ἐκείνης
1274 3713 1514 3781 ἀπάσης,
1578 3712 1970 3781 ὑπερουράνιος

399 3796 639 3867 ἀληθῶς,
674 3799 768 3850 καὶ
794 3800 850 3850 ἐν
873 3801 985 3862 τοῖς
1010 3803 1107 3853 τοὺ
1142 3804 1353 3872 Πατρός
1383 3804 1502 3855 ὲστι
1535 3803 1778 3861 κόλποις.
1815 3804 1973 3854 Ἐστι

398 3891 506 3960 γὰρ
548 3892 698 3942 πᾶσα
744 3891 980 3959 ἀνάγκη,
1010 3893 1256 3963 ὅπουπερ
1288 3894 1352 3947 ἂν
1383 3895 1410 3946 ὁ
1439 3894 1672 3961 Χριστὸς
1705 3894 1813 3962 εἴη,
1855 3895 1975 3945 ἐκεῖ

398 3982 492 4032 καὶ
516 3980 727 4051 ταὺτην
752 3975 895 4033 εἶναι
925 3982 1213 4050 διηνεκῶς.
1250 3985 1358 4035 Καὶ
1380 3979 1448 4051 ἧν
1487 3982 1684 4050 ἀμέλει
1715 3984 1772 4035 ἐν
1825 3983 1974 4051 αὑτῴ

395 4076 423 4124 ὅ
454 4073 662 4141 ταύτης
687 4072 826 4141 ἔρως
874 4066 1172 4139 ὑπερφυῶς
1219 4073 1312 4124 καὶ
1355 4072 1461 4140 πρὸ
1508 4072 1604 4125 τοῦ
1657 4072 1779 4125 καθ’
1826 4074 1975 4143 ἡμᾶς

396 4167 605 4217 ἐκεῖνον
630 4163 909 4232 γενέσθαι.
948 4164 1009 4216 Εἰ
1036 4163 1112 4232 μὴ
1146 4162 1255 4231 γὰρ
1287 4161 1448 4216 τοῦτο
1496 4162 1715 4233 ἀληθὲς,
1762 4164 1861 4218 οὑκ
1909 4165 1975 4216 ἂν

398 4256 559 4318 αὑτὸς
585 4256 719 4325 ἡμῖν
749 4255 1061 4324 ἐπεδήμησε
1096 4257 1238 4325 μετὰ
1262 4256 1359 4323 τῆς
1385 4257 1607 4325 σαρκὸς,
1651 4256 1841 4317 κλίνας
1876 4256 1976 4325 μὲν

398 4344 525 4405 τοὺς
552 4343 1021 4412 οὑρανοὺς,κατά
1079 4343 1171 4394 τὸν
1229 4345 1538 4414 προφήτην,
1601 4345 1869 4415 μηδαμῶς
1918 4346 1975 4397 δὲ

2077 3247 2212 3299 adeo
2240 3259 2372 3313 puer
2391 3254 2495 3309 est,
2519 3244 2597 3297 vel
2618 3241 2804 3297 eﬂ'reni
2823 3245 3053 3313 quadam
3080 3242 3305 3296 audacia
3332 3253 3437 3295 tam
3460 3242 3648 3310 procul

2076 3347 2227 3391 extra
2264 3337 2449 3391 decori
2476 3337 2677 3391 limites
2706 3337 2984 3403 abreptus,
3018 3344 3077 3390 ut
3105 3336 3344 3405 linguam
3369 3344 3644 3388 terrenam

2075 3427 2141 3481 ad
2188 3427 2509 3482 humilitatis
2547 3426 2935 3481 sublimitatem
2971 3441 3399 3481 conscensuram
3437 3423 3644 3493 putet?

2075 3521 2330 3589 quidnam
2355 3521 2421 3575 de
2443 3519 2544 3573 hac
2568 3520 2619 3573 in
2647 3520 2885 3573 medium
2920 3520 3221 3587 prolerens,
3241 3532 3358 3582 quae
3380 3531 3511 3569 sane
3537 3527 3645 3568 tam

2078 3612 2361 3681 magniﬁca
2381 3620 2486 3675 est,
2501 3625 2565 3665 ex
2584 3612 2845 3681 dignitate
2865 3610 3069 3664 dixisse
3085 3609 3351 3663 videbitur
3369 3607 3392 3659 ?
3408 3606 3539 3660 Nam
3567 3608 3651 3660 ni-

2077 3702 2173 3764 hil,
2201 3704 2414 3771 Opinor,
2446 3709 2552 3755 tam
2588 3711 2897 3771 augusmm,
2937 3700 3016 3753 vel
3046 3715 3329 3769 magnum,
3360 3698 3445 3752 vel
3468 3698 3649 3766 splen-

2078 3794 2259 3847 didum
2306 3795 2401 3849 abs
2436 3809 2707 3862 quoquam
2745 3794 2852 3847 dici
2901 3803 3100 3861 potest,
3149 3790 3294 3859 quod
3334 3791 3384 3843 in
3420 3800 3646 3844 contra-

2078 3883 2217 3935 rium
2252 3898 2359 3937 non
2409 3886 2566 3938 cadat
2596 3884 2645 3936 ei
2687 3884 2776 3952 qui
2810 3884 2952 3935 hanc
3002 3896 3199 3935 ornare
3233 3882 3385 3945 velit,
3420 3868 3647 3946 aeriam,

2078 3975 2384 4037 aetheriam,
2424 3974 2728 4039 cmlcstcm,
2760 3975 2991 4029 ultraca:
3015 3984 3209 4040 estem,
3237 3975 3288 4027 in
3318 3976 3441 4029 sinu
3472 3976 3651 4027 Patris

2082 4081 2225 4120 nunc
2253 4067 2587 4121 habitantem
2624 4084 2637 4119 :
2670 4066 2937 4135 siquidem
2965 4067 3146 4121 omnis
3179 4062 3503 4123 humilitatis
3535 4068 3651 4121 the-

2079 4173 2298 4222 saurus,
2342 4158 2602 4213 Servator
2634 4158 2724 4212 ille
2771 4168 2977 4222 noster,
3030 4174 3215 4212 revera
3263 4159 3652 4215 ultracmlestis

2079 4262 2188 4316 est,
2230 4261 2285 4306 et
2310 4251 2363 4305 in
2402 4252 2523 4307 sinu
2552 4250 2731 4306 Patris
2759 4261 3153 4305 commoratur.
3191 4252 3398 4319 Quippe
3430 4265 3652 4306 necesse

2079 4354 2167 4399 est
2204 4344 2426 4398 omnino
2476 4352 2535 4396 ut
2569 4344 2880 4412 ubicunque
2917 4343 3169 4397 Chrisms
3203 4354 3305 4408 est,
3359 4344 3554 4396 ibidem
3596 4352 3652 4396 et

399 4436 692 4504 χωρισθεὶς
718 4435 827 4487 τῶν
856 4434 1141 4504 πατρικῶν
1172 4435 1392 4488 κόλπων
1427 4452 1439 4464 '
1474 4437 1587 4488 οὐδ’
1636 4436 1702 4489 ἂν
1731 4435 1969 4505 ὑπήνεγ-

2084 4432 2197 4487 haec
2228 4442 2487 4501 perpetuo
2521 4433 2611 4487 sit.
2642 4431 2709 4487 Et
2736 4443 2854 4488 erat
2893 4434 3056 4488 dubio
3086 4434 3273 4502 procul
3308 4434 3359 4485 in
3395 4434 3513 4502 ipso
3546 4437 3649 4487 hu-

399 4544 495 4579 κεν
526 4527 666 4594 ὑπὲρ
695 4527 850 4594 ἡμῶν
879 4527 1119 4587 ἅπαντα,
1160 4526 1194 4579 ἃ
1222 4529 1316 4581 καὶ
1342 4529 1455 4590 τοῖς
1496 4526 1710 4589 δούλοις
1770 4528 1830 4578 οὑ
1881 4544 1976 4595 φο·

400 4619 561 4688 ρητά.
594 4618 751 4671 Ὢσθ¹
776 4618 914 4687 ὅπερ
945 4614 1121 4681 εἰπον,
1156 4618 1557 4689 ὑπερουράνιον
1598 4620 1976 4673 ἀποδέδεικται

399 4712 461 4762 τὸ
487 4711 675 4779 χρῆμα
705 4711 802 4777 τῆς
829 4708 1361 4779 ταπεινοφροσύνης.
1386 4710 1557 4779 Δῆλον
1609 4699 1665 4764 δὲ
1713 4713 1809 4765 καὶ
1851 4712 1975 4765 κατ’

400 4804 605 4855 ἐκεῖνον
633 4804 723 4854 τὸν
752 4803 973 4871 τρόπον.
1010 4802 1185 4871 ’Υπὲρ
1215 4804 1324 4873 γὰρ
1364 4804 1488 4865 τοὺς
1523 4804 1791 4873 οὐρανοὺς
1842 4809 1976 4859 ἀνα-

400 4894 691 4962 ϐεϐηκυῖα,
718 4892 809 4945 τὸν
848 4892 1244 4962 ὑπερουράνιον
1303 4893 1377 4956 ὡς
1443 4895 1593 4964 ἡμᾶς
1643 4898 1925 4966 κατήγαγε
1957 4912 1971 4925 ⁸

404 4984 605 5054 μᾶλλον
635 4983 692 5036 δὲ
721 4982 871 5051 αὑτῷ
911 4982 1485 5053 συμπαρομαρτοῦσα.
1524 4986 1768 5056 ὅπουπερ
1821 4989 1971 5039 Exsi-

400 5088 509 5136 vo;,
534 5070 783 5139 κάκείνη.
821 5070 987 5133 Εἴτις
1038 5071 1137 5139 μὲν
1165 5066 1261 5124 οὑν
1306 5074 1632 5142 σκοπήσειεν
1700 5075 1967 5145 ἀκριϐῶς,

401 5165 495 5218 καὶ
526 5163 632 5217 ἀπὸ
656 5164 764 5217 τῶν
794 5162 1100 5233 προοιμίων
1136 5164 1313 5217 αὐτῶν
1339 5165 1564 5235 εὑρήσει
1610 5165 1816 5235 ταύτην
1845 5168 1969 5236 ἥτις

399 5258 537 5319 ἐστὶ,
557 5258 652 5308 καὶ
687 5258 765 5318 εἰς
790 5257 911 5309 οἵαν
941 5256 1003 5323 γέ
1034 5272 1155 5308 τινα
1176 5256 1274 5325 τὴν
1299 5258 1577 5327 ὑπεροχὴν
1603 5258 1969 5328 ἀναϐέϐηκεν

399 5349 560 5416 ἡμεῖς
606 5347 661 5399 δὲ
704 5348 1043 5419 μακρότερον
1067 5350 1198 5417 περί
1229 5347 1401 5417 αὐτῆς
1435 5349 1534 5417 ἤδη
1583 5348 1853 5419 λέγωμεν,
1888 5350 1975 5403 ἵνα

400 5438 494 5489 καὶ
523 5438 610 5490 διὰ
634 5437 899 5490 πλειόνων
921 5438 1090 5505 αὑτὴν
1112 5438 1514 5509 κοσμήσαιμεν.
1545 5439 1620 5492 Τὸ
1634 5442 1741 5509 γάρ
1760 5440 1972 5494 πλείοσι

401 5529 568 5596 φανὲν
592 5529 789 5598 μᾶλλον
816 5527 1086 5596 φιλεῖσθαι
1110 5507 1331 5581 δίκαιον
1348 5507 1550 5597 μᾶλλον
1586 5532 1677 5582 καὶ
1706 5507 1967 5597 φιλεῖται.

2075 4524 2167 4593 jus
2208 4540 2365 4577 amor
2398 4523 2632 4579 eximius
2663 4526 2828 4577 etiam
2877 4525 3191 4593 priusquam
3244 4525 3414 4578 nostri
3451 4525 3650 4582 similis

2079 4617 2256 4671 ﬁeret.
2279 4615 2411 4669 Nam
2439 4617 2484 4670 si
2514 4617 2718 4685 absque
2742 4618 2844 4671 hoc
2875 4617 3088 4683 fuisset,
3112 4620 3177 4670 ad
3208 4633 3306 4674 nos
3334 4633 3457 4674 eum
3484 4633 3651 4670 carne

2079 4722 2187 4761 non
2224 4692 2486 4771 ve'lsset,
2520 4706 2797 4760 inclinatis
2824 4707 3039 4774 quidem
3072 4708 3247 4772 caelis,
3282 4709 3359 4760 uti
3392 4717 3539 4761 vates
3569 4709 3646 4761 lo-

2077 4799 2284 4865 quitur,
2322 4808 2377 4852 at
2408 4797 2557 4850 nullo
2589 4798 2749 4851 modo
2781 4800 2953 4865 patris
2984 4792 3025 4852 av
3050 4805 3171 4854 sinu
3202 4802 3443 4866 avulsus,
3476 4817 3652 4870 nequo

2082 4903 2178 4955 pro
2204 4887 2363 4942 nobis
2398 4889 2579 4942 omnia
2606 4890 2939 4955 pertulisset,
2967 4906 3064 4945 nec
3088 4891 3374 4960 mancipiis
3406 4893 3649 4947 toleran-

2080 4980 2169 5033 da.
2211 4979 2332 5044 Quo
2382 4980 2440 5033 iit
2478 4989 2535 5033 ut
2572 4979 2962 5045 humilitatem,
3013 4998 3111 5037 ceu
3150 4982 3355 5038 dictum
3392 4995 3493 5047 est,
3537 4999 3648 5040 τετυ

2079 5070 2360 5125 caalestem
2409 5085 2551 5137 esse,
2597 5073 2669 5125 sit
2715 5073 3186 5140 demonstratum;
3222 5077 3361 5144 quod
3411 5092 3541 5131 sane
3569 5078 3648 5128 vel

2081 5164 2183 5217 hoc
2214 5164 2376 5218 etiam
2418 5164 2579 5219 modo
2617 5164 2961 5233 perspicuum
3001 5180 3105 5224 cst.
3138 5166 3271 5224 Nam
3304 5170 3469 5224 caelos
3507 5169 3650 5237 ipsos

2077 5270 2455 5325 supergressa,
2490 5256 2628 5311 ultra
2653 5257 2931 5313 caelestem
2964 5260 3116 5313 illum
3151 5261 3215 5314 ad
3262 5276 3359 5315 nos
3388 5260 3609 5313 deduxit
3632 5302 3645 5323 ,

2077 5349 2157 5401 vel
2197 5349 2376 5415 potius
2421 5351 2692 5403 comitans
2738 5365 2883 5417 eum,
2931 5351 3244 5420 ubicunque
3275 5352 3483 5405 scilicet
3534 5353 3648 5418 ipse

2072 5447 2176 5503 est,
2196 5437 2393 5493 ibidem
2417 5448 2469 5492 ει
2492 5439 2630 5508 ipsa.
2650 5437 2802 5503 Quod
2823 5439 2867 5493 si
2893 5440 3015 5509 quis
3039 5449 3289 5494 accurate
3307 5454 3416 5491 rem
3436 5447 3647 5501 speeta-

2082 5532 2243 5592 verit,
2283 5532 2350 5584 de
2380 5531 2511 5600 ipsis
2538 5532 2795 5592 exordiis.
2822 5548 3069 5599 quamam
3110 5533 3222 5584 haec
3252 5530 3344 5584 sit.
3381 5528 3645 5587 inveniet,

401 5631 455 5678 et
488 5622 702 5690 qualem
742 5620 808 5673 ad
858 5621 1206 5675 eminentiam
1243 5621 1571 5676 ascenderit.
1623 5621 1732 5675 Nos
1776 5632 1955 5675 autem
2001 5623 2263 5687 prolixius
2295 5626 2363 5676 de
2407 5639 2470 5675 ea
2504 5639 2647 5677 nunc
2694 5625 3049 5686 disseramus,
3081 5630 3137 5673 ut
3202 5619 3447 5688 pluribus
3519 5631 3639 5669 eam

403 5730 698 5781 ornemus;
735 5716 879 5784 quod
909 5716 1054 5771 enim
1082 5716 1327 5789 pluribus
1355 5725 1580 5786 apparet
1615 5717 1809 5771 merito
1848 5718 2202 5786 diligendum,
2251 5716 2424 5780 magis
2461 5717 2626 5771 etiam
2652 5717 2919 5786 diligitur.

474 5812 546 5867 Τὸ
579 5811 721 5865 θεῖον
753 5810 933 5866 τοίνυν
964 5813 1057 5867 καὶ
1085 5810 1668 5885 πολυύμνητονχρῆμα
1697 5813 1729 5883 ἡ
1770 5829 1962 5867 ταπει-

2144 5810 2431 5868 llumilitas
2456 5827 2604 5881 ergo,
2637 5814 2877 5869 divinum
2908 5811 3159 5883 quiddam
3178 5806 3470 5876 multisque
3504 5808 3641 5863 celo-
