4098 6272
457 324 481 359 κ

454 324 558 385 535
1655 325 1710 382 Μ
1717 322 2040 384 ANUELIS

2146 324 2537 386 ALEOLOGI

3576 325 3685 395 536

452 443 665 495 bratum
699 441 968 502 laudibus,
1001 439 1142 492 nulla
1179 451 1281 490 non
1303 445 1456 506 parte
1489 446 1710 493 venusta
1741 440 2018 494 etincom-

2145 439 2460 510 ιοφροσύνη,
2491 439 2823 509 πολλαχόθεν
2855 440 2987 493 οὖσα
3011 440 3236 514 κοσμία,
3292 442 3381 492 καὶ
3423 439 3518 492 σὺν
3544 439 3689 509 ἀμη-

454 534 678 601 parahili
711 547 832 586 cum
867 529 1266 598 pulchritudine
1293 528 1639 591 circumiens,
1661 531 1928 584 omnesad
1960 545 2018 583 se

457 622 742 690 pertraliit,
769 629 819 674 et
848 621 898 673 in
929 633 1168 673 amorem
1205 619 1286 672 sui
1319 619 1522 686 pellicit
1570 617 1838 689 prudente
1891 635 2019 689 qua-

457 717 578 768 dam
611 728 729 768 cum
765 711 996 775 insania,
1029 711 1156 765 licet
1189 711 1288 764 ista
1317 712 1425 764 duo
1450 711 1736 775 voeabula,
1795 726 2021 778 prorsus

456 805 679 858 invicem
714 801 812 855 sibi
844 801 1144 863 contraria,
1177 802 1326 854 coire
1355 816 1459 854 non
1494 817 1651 868 posse
1683 803 1963 856 videantur
2003 821 2018 868 ;

452 895 595 964 quod
633 894 885 962 equidem
914 894 1110 962 opinor
1138 893 1358 946 minime
1385 894 1578 946 mirum
1606 895 1774 948 videri
1804 893 2022 957 debere,

457 1003 578 1041 nam
609 987 832 1040 omnino
859 985 1134 1054 complura
1171 987 1222 1038 in
1253 985 1374 1049 hac,
1403 999 1519 1051 quae
1573 999 1866 1054 repugnare
1918 985 2020 1038 sibi

455 1080 732 1144 videntur,
767 1087 986 1142 coeunt,
1021 1078 1161 1129 sicut
1182 1086 1232 1129 et
1257 1077 1308 1130 in
1342 1076 1431 1131 illo
1458 1078 1588 1129 vitio
1615 1078 1752 1144 quod
1777 1077 1904 1130 huic
1926 1077 2023 1128 all-

457 1186 673 1223 versum
707 1179 812 1234 est,
849 1169 1099 1223 nimirum
1142 1169 1193 1221 in
1227 1167 1483 1222 elatione.
1503 1166 1708 1235 Quippe
1761 1166 2022 1220 vocabulo

457 1265 674 1331 quidem
707 1272 861 1318 tenus
891 1263 1003 1316 lucc
1027 1259 1271 1314 sublimis
1291 1270 1390 1323 est,
1424 1273 1542 1312 cum
1575 1257 1706 1312 nihil
1740 1273 1801 1312 ea
1833 1258 1905 1312 sit
1926 1257 2028 1310 hu-

460 1352 640 1406 utilius
669 1366 768 1406 nec
800 1351 968 1418 magis
1025 1349 1240 1404 afﬁxum
1292 1351 1476 1411 humo,
1519 1347 1951 1417 quandoquidem
1973 1355 2026 1400 et

464 1442 676 1494 illorum
709 1441 905 1509 quibus
935 1441 1085 1493 adest
1117 1440 1330 1492 animos
1363 1438 1553 1502 deiicit
1578 1447 1626 1490 et
1654 1443 1718 1491 ad
1775 1439 2018 1491 iulimum

460 1548 629 1604 usque
662 1533 975 1586 barathrum
999 1532 1229 1599 ablegat.
1263 1531 1474 1584 indicio
1502 1543 1629 1585 sunt
1658 1545 1718 1583 ea
1749 1544 1866 1597 quae
1892 1529 2028 1582 Pha—

464 1627 679 1679 rismum
722 1623 871 1677 illum
914 1624 1293 1690 deturbavere,
1339 1637 1604 1690 perpauca
1656 1636 1783 1676 sane
1841 1621 2022 1684 verba,

462 1718 756 1784 gratiarum
783 1715 996 1784 quidem
1025 1715 1292 1768 actionem
1327 1728 1454 1779 erga
1479 1712 1643 1766 Deum
1670 1712 2026 1775 continentia,

465 1815 682 1875 propter
715 1821 833 1860 eam
863 1806 1118 1860 virtutem
1151 1819 1255 1873 qua
1295 1804 1554 1872 praeditus
1595 1813 1759 1869 esset,
1792 1805 1884 1858 sed
1939 1804 2028 1856 iti.

463 1901 582 1953 dem
617 1908 671 1952 et
701 1898 915 1965 superbi
945 1897 1220 1964 quidpiam
1253 1897 1688 1964 complectentia,
1719 1898 1860 1964 quod
1899 1897 2030 1950 taci-

466 2001 517 2042 te
547 1992 804 2060 mistum(
838 1993 915 2043 uti
954 1991 1074 2056 quis
1098 1990 1292 2043 dixerit
1324 1989 1342 2058 )
1378 1989 1674 2057 gratiarum
1713 1989 1822 2044 illis
1859 1990 2030 2042 aetio-

466 2083 624 2137 nibus
655 2083 824 2150 aequis
864 2092 916 2136 et
961 2082 1121 2150 justis
1171 2090 1338 2135 esset.
1383 2081 1654 2135 Modestiae
1710 2096 1840 2136 vero
1890 2081 2035 2134 inest

466 2173 681 2239 quidem
713 2172 887 2241 ipsum
924 2184 1119 2224 nomen
1142 2170 1496 2233 humilitatis,
1533 2185 1638 2238 qua
1671 2171 2034 2238 appellatione

465 2263 594 2331 quid
623 2277 743 2318 esse
772 2263 1059 2318 demissius
1083 2263 1295 2330 potest?
1317 2261 1411 2318 sed
1439 2263 1490 2316 in
1508 2263 1728 2316 sublimi
1756 2264 2031 2327 habitans,

468 2356 695 2408 suscitat
721 2354 786 2408 de
823 2363 964 2406 terra
985 2353 1218 2420 inopem,
1249 2354 1423 2422 deque
1451 2362 1690 2409 stercore
1742 2366 2032 2422 pauperem

468 2444 647 2510 erigit.
673 2445 848 2511 Atque
875 2443 999 2496 huic
1029 2443 1264 2496 orationi
1286 2458 1415 2497 mete
1438 2443 1744 2498 testimonio
1766 2451 1868 2510 est,
1890 2442 2034 2512 quod

470 2535 758 2602 publicano
787 2535 1053 2588 divinitus
1083 2534 1326 2603 contigit.
1387 2533 1568 2599 Quare
1619 2536 1699 2589 vel
1755 2534 2033 2589 insanissi-

470 2641 588 2679 mus
617 2642 772 2680 amor
803 2628 853 2679 in
886 2628 985 2680 bac
1014 2635 1069 2679 ut
1101 2640 1310 2680 summa
1350 2641 1472 2680 cum
1525 2626 1813 2695 prudentia
1858 2635 2035 2690 coeat,

473 2719 588 2794 fieri
615 2726 806 2788 potest.
839 2717 972 2771 Nam
998 2733 1116 2785 quae
1144 2703 1196 2771 in
1230 2730 1291 2772 ea
1325 2726 1454 2772 sunt
1475 2717 1678 2782 omnia,
1708 2717 1861 2786 quasi
1896 2731 2036 2771 nova

471 2821 537 2864 et-
553 2811 832 2865 hominum
861 2809 928 2864 ab
957 2809 1214 2878 Opinione
1236 2809 1583 2864 abhorrentia
1604 2810 1871 2864 videntur.
1893 2808 2035 2874 Quin

473 2912 528 2956 et
555 2904 655 2956 hoc
681 2917 875 2955 novum
907 2902 1162 2968 quiddam
1187 2915 1307 2955 esse
1333 2901 1587 2954 arbitror.
1617 2901 1750 2956 Cum
1769 2900 2039 2956 enimlnec

476 2991 527 3042 iu
565 2990 630 3042 iis
659 2990 853 3057 quibus
885 2989 1046 3040 chara
1074 2996 1180 3050 est,
1218 2988 1260 3040 si
1293 2989 1510 3056 quidem
1545 2988 1734 3052 velint,
1762 2990 2038 3044 exsistere

475 3081 669 3146 soleat,
695 3079 1029 3134 contrarium
1052 3079 1125 3131 illi
1142 3079 1328 3132 vitium
1351 3079 1595 3133 nolentes
1613 3087 1862 3150 occupat,
1881 3087 2040 3148 quot-

479 3179 694 3238 quoteo
726 3170 994 3223 laborant.
1020 3169 1231 3238 Quippe
1262 3177 1471 3224 tantum
1506 3171 1658 3224 abest
1680 3181 1738 3224 ut
1785 3171 1837 3226 id
1887 3172 2042 3228 nobis

478 3265 656 3314 inesse
681 3259 924 3325 velimus,
956 3269 1016 3314 ut
1044 3261 1204 3312 etiam
1233 3254 1475 3314 extrema
1504 3275 1604 3315 nos
1628 3260 1765 3314 allici
1797 3252 2045 3329 putemus

481 3353 699 3422 injuria,
737 3353 778 3406 si
804 3352 924 3421 quis
953 3352 1218 3420 superbire
1256 3365 1354 3406 nos
1391 3351 1604 3405 deditos
1651 3354 1815 3406 dicat.
1879 3351 2042 3406 Caete-

480 3461 599 3499 rum
644 3445 848 3499 volenti
887 3444 1020 3498 mihi
1071 3445 1137 3498 de
1200 3444 1623 3514 proprietatibus
1683 3445 1843 3515 hujus
1881 3447 2044 3500 etiam

483 3540 749 3609 prolixius
777 3538 1072 3604 disserere,
1106 3539 1249 3608 quod
1282 3538 1421 3592 istuc
1469 3552 1684 3608 quoque
1753 3538 2047 3593 convenire

482 3629 678 3684 dicenti
711 3630 774 3682 de
804 3629 1108 3682 humilitate
1137 3629 1434 3692 videretur,
1473 3629 1688 3682 interim
1739 3629 1844 3683 alia
1904 3644 2048 3698 quae-

483 3723 604 3774 dam
636 3721 701 3773 ad
727 3721 962 3774 animum
990 3720 1188 3774 accidit
1213 3719 1489 3788 cogitatio,
1557 3734 1677 3787 quae
1706 3720 1890 3788 potior"
1930 3733 2049 3774 esse

485 3812 594 3865 visa
628 3811 744 3865 fuit.
778 3811 986 3880 Quippe
1015 3811 1340 3878 cogitabam,
1363 3825 1472 3864 non
1506 3810 1894 3864 instituendam
1917 3824 2040 3865 esse

485 3904 551 3956 de
575 3904 676 3956 hoc
703 3902 832 3956 vitio
858 3901 1155 3968 longiorem
1174 3900 1499 3965 orationem,
1515 3913 1636 3953 cum
1663 3900 1851 3969 paucis
1875 3900 2050 3954 ofﬁcio

485 3991 794 4044 satisfacere
819 3991 996 4045 liceat.
1029 3989 1240 4043 Etenim
1269 3991 1393 4044 dum
1424 3989 1786 4045 laudationem
1836 3991 2053 4045 humili-

489 4083 618 4134 tatis
644 4084 1005 4146 conteximus,
1037 4083 1289 4137 elationis
1327 4097 1545 4152 quoque
1599 4083 2050 4152 vituperationem

487 4173 816 4242 perlieimus.
864 4173 996 4226 Nam
1032 4190 1154 4228 cum
1186 4175 1269 4228 lite
1308 4173 1408 4228 sibi
1460 4185 1756 4242 repugnent
1798 4175 2051 4241 invicem,

486 4265 647 4319 etiam
681 4266 1031 4334 repugnantia
1051 4274 1178 4318 sunt
1203 4265 1270 4317 de
1297 4265 1362 4316 iis
1403 4277 1521 4330 quas
1550 4264 1824 4317 dicuntur.
1881 4263 2050 4318 Unam

485 4359 629 4411 enim
659 4372 871 4422 ornare,
909 4356 1119 4424 probris
1147 4363 1228 4408 est
1259 4355 1482 4407 alteram
1515 4354 1748 4423 allicere.
1791 4353 2054 4409 Similiter

2123 533 2270 601 χάνῳ
2331 532 2517 586 κάλλει
2578 533 2886 603 περιιοῦσα,
2947 533 3085 602 πρὸς
3153 531 3354 601 ἑαυτὴν
3405 531 3692 597 ἐφέλκεται

2124 629 2355 692 πάντας,
2387 630 2483 680 καὶ
2507 630 2740 680 ποιεῖται
2774 627 2977 694 ἑαυτῆς
3003 625 3239 695 ἐραστὰς
3298 625 3438 691 μετὰ
3497 623 3691 690 μανίας

2126 720 2421 786 σώφρονος,
2455 721 2502 771 εί
2527 723 2619 771 καὶ
2647 719 2723 772 τὼ
2745 719 2978 786 ὀνόματε
3030 718 3225 776 τούτω,
3292 716 3414 769 ὅντε
3473 714 3694 767 ἐναντίω

2126 809 2400 872 καθάπαξ,
2431 809 2578 862 δοκεῖ
2613 809 2689 880 μὴ
2718 810 2981 864 δύνασθαι
3010 809 3310 867 συνελθεῖν.
3356 809 3468 861 Καὶ
3511 808 3694 871 τοῦτο,

2127 898 2385 968 οἶμαι,οὐ
2418 902 2522 971 χρὴ
2552 901 2878 970 θαυμάζειν.
2936 900 3117 956 Πολλὰ
3159 901 3268 969 γὰρ
3324 901 3547 961 πάντως
3612 900 3694 951 ἐπ’

2127 993 2264 1063 αὐτῇ
2303 993 2369 1046 τὰ
2423 993 2763 1046 ἀντικεῖσθαι
2792 991 3051 1046 δοκοῦντα
3085 992 3402 1062 συνέρχεται
3436 1009 3450 1022 ·
3507 989 3694 1057 ὥσπερ

2129 1086 2226 1136 καὶ
2253 1087 2317 1153 τῇ
2351 1084 2488 1152 πρὸς
2512 1085 2680 1154 αὐτὴν
2709 1083 2965 1144 ἐναντίως
3003 1081 3327 1151 διακειμένη
3365 1081 3554 1150 κακίᾳ,
3601 1080 3699 1148 τὴν

2127 1176 2359 1244 ἔπαρσιν
2398 1175 2558 1241 λέγω.
2585 1175 2718 1227 ’Ἡδε
2752 1175 2849 1243 μέν
2880 1174 2988 1242 γὰρ
3012 1175 3078 1225 ἐκ
3108 1173 3206 1241 τῆς
3232 1171 3476 1240 κλήσεως
3499 1169 3698 1238 ὑψηλὴ,

2127 1263 2195 1337 ἧς
2226 1266 2376 1320 οὐδὲν
2408 1266 2471 1318 ἂν
2499 1268 2710 1333 γένοιτο
2735 1264 3291 1334 ταπεινότερον,ὀύδέ
3321 1262 3701 1331 χαμερπέστεὶ

2134 1377 2246 1429 ρον,
2291 1360 2427 1412 ὅπου
2457 1360 2546 1413 καὶ
2579 1356 2656 1420 οἷς
2684 1376 2744 1427 γε
2770 1359 3007 1418 σύνεστι,
3048 1356 3375 1412 καταϐάλλει
3426 1355 3528 1417 τὰς
3583 1354 3704 1407 τού-

2131 1467 2238 1502 των
2303 1450 2506 1518 ψυχὰς,
2547 1451 2640 1501 καὶ
2698 1449 3065 1517 παραπέμπει
3109 1445 3244 1514 πρὸς
3290 1446 3352 1498 τὸ
3389 1444 3702 1498 κατώτατον

2134 1537 2415 1608 βάραθρον
2449 1555 2462 1568 ο
2532 1539 2630 1590 καὶ
2663 1537 2815 1607 δηλοῖ
2837 1537 2904 1590 τὰ
2953 1536 3249 1604 Φαρισαῖον
3281 1533 3488 1585 ἐκεῖνον
3541 1547 3705 1585 κατε-

2133 1628 2394 1692 νεγκόντα
2437 1627 2644 1697 βραχέα
2668 1627 2910 1694 ῥήματα,
2943 1624 3299 1692 εὐχαριστίαν
3361 1621 3459 1690 μέν
3509 1621 3704 1690 ἔχοντα

2135 1719 2271 1784 πρὸς
2309 1718 2441 1770 Θεδν
2475 1717 2560 1770 διὰ
2590 1717 2685 1785 τὴν
2719 1716 2869 1786 αύτῷ
2928 1717 3188 1768 συνοῦσαν
3232 1715 3455 1785 ἀρετὴν,
3510 1714 3702 1783 ἔχοντα

2137 1808 2191 1860 δέ
2217 1825 2269 1860 τι
2311 1809 2404 1859 καὶ
2431 1807 2811 1876 ὑπερήφανον,
2845 1807 3187 1875 μεμιγμένον
3212 1806 3358 1858 εἴποι
3389 1821 3472 1865 τις
3521 1805 3587 1856 ἂν
3619 1805 3705 1857 λε-

2137 1900 2374 1970 ληθότως
2400 1898 2518 1958 ταῖς
2546 1897 2897 1966 γιγνομέναις
2945 1896 3316 1966 εὐχαριστίαις
3351 1913 3364 1927 ’
3416 1899 3481 1966 τῇ
3513 1896 3569 1948 δὲ
3607 1911 3702 1964 με·

2139 1991 2379 2060 τριότητι
2402 1989 2664 2058 πρόσεστι
2693 1989 2794 2058 μὲν
2825 1988 2885 2041 τὸ
2929 1989 3026 2056 τῆς
3075 1987 3454 2048 ταπεινώσεως
3511 1987 3700 2059 ὄνομα,

2141 2083 2236 2135 καὶ
2261 2081 2494 2150 ταυτησὶ
2517 2082 2616 2148 τῆς
2655 2081 2903 2148 κλήσεως
2934 2082 2985 2134 τί
3018 2081 3108 2133 καὶ
3153 2080 3221 2134 ἂν
3259 2081 3470 2147 γένοιτο
3526 2096 3705 2132 κατωο

2138 2175 2279 2244 τέρω
2314 2193 2326 2237 ;
2363 2172 2477 2226 ἀλλ’
2515 2172 2650 2240 ὑψοῦ
2679 2173 2781 2242 τὴν
2825 2171 3040 2242 οἴκησιν
3107 2171 3442 2241 κεκτημένη,
3499 2169 3700 2238 ἐγείρει

2145 2268 2243 2336 μὲν
2275 2266 2381 2317 ἀπὸ
2412 2264 2513 2332 γῆς
2547 2264 2635 2316 τὸν
2667 2265 2896 2333 πένητα,
2941 2263 3046 2316 ἀπὸ
3086 2261 3144 2314 δέ
3179 2262 3414 2331 κοπρίας
3455 2262 3696 2330 ἀνίστησι

2139 2358 2232 2409 τὴν
2267 2355 2503 2425 πτωχόν.
2530 2357 2642 2409 Καὶ
2676 2356 2945 2426 μαρτυρεῖ
2975 2371 3064 2423 μοι
3116 2353 3195 2418 τῷ
3235 2353 3378 2422 λόγῳ
3425 2351 3490 2404 τδ
3555 2351 3696 2420 παρὰ

2140 2446 2277 2499 Θεοῦ
2311 2448 2444 2516 πρὸς
2481 2447 2572 2498 τὸν
2590 2446 2830 2517 τελώνην
2862 2446 3251 2515 γεγενημένον.
3289 2444 3454 2496 Ὥστε
3493 2443 3583 2497 καὶ
3606 2442 3689 2494 τὸν

2146 2539 2522 2610 μανικώτατον
2574 2538 2752 2606 ἔρωτα
2793 2537 2931 2605 μετὰ
2992 2535 3346 2604 σωφροσύνης
3400 2532 3702 2603 ἀκροτάτης

2143 2635 2235 2687 ἐπὶ
2267 2633 2471 2703 ταύτης
2505 2633 2774 2688 συνελθεῖν
2806 2631 2904 2684 οὐκ
2932 2631 3214 2686 ἀδύνατον.
3254 2632 3414 2682 Δοκεῖ
3440 2629 3551 2699 γὰρ
3572 2624 3706 2681 εἶναι

2143 2727 2208 2778 τὰ
2244 2726 2414 2794 αὐτῆς
2467 2723 2706 2792 ὡσπερεὶ
2732 2722 3011 2790 παράδοξα
3042 2720 3243 2774 πάντα.
3309 2721 3419 2773 Καὶ
3468 2718 3576 2788 μὴν
3617 2716 3711 2770 καὶ

2143 2817 2300 2870 τοῦτό
2326 2832 2389 2883 γε
2424 2815 2612 2868 καινὸν
2659 2809 2842 2883 οἶμαι.
2891 2812 3110 2882 Ταύτης
3159 2811 3268 2880 γὰρ
3332 2810 3708 2880 ἐπιδημούσης

2144 2909 2257 2968 τοῖς
2288 2906 2486 2976 φίλοις,
2507 2904 2572 2960 ἂν
2605 2905 2883 2965 ἐθέλωσιν,
2926 2905 2959 2972 ἡ
3015 2902 3076 2967 ἐξ
3122 2901 3367 2963 ἐναντίας
3418 2902 3589 2954 κακία
3632 2899 3707 2969 μὴ

2149 2997 2496 3066 βουλομένοις
2527 2996 2640 3058 τοῖς
2664 2994 2871 3060 ταύτην
2903 2995 3116 3065 ἔχουσιν
3152 2993 3554 3061 ἐπεισέρχεται.
3607 2992 3710 3044 Το-

2069 3115 2112 3174 c
2148 3087 2340 3142 σοῦτον
2373 3088 2478 3157 γὰρ
2503 3087 2778 3156 ἀπέχομεν
2809 3084 3016 3153 ταύτην
3069 3084 3268 3136 ἐθέλειν
3321 3083 3452 3174 ἡμῖν
3515 3081 3707 3174 παρεῖο

2149 3197 2258 3241 ναι,
2288 3179 2410 3230 ὅσον
2442 3179 2538 3231 καὶ
2561 3178 2628 3230 τὰ
2683 3177 2888 3245 ἔσχατα
2930 3173 3441 3244 προπηλακίζεσθαι
3499 3168 3708 3239 νομίζο-

2151 3287 2271 3338 μεν.
2320 3272 2367 3322 εί
2396 3267 2746 3339 ὑπερηφανίᾳ
2782 3268 3226 3337 κεκρατημένους
3255 3266 3404 3334 ἡμᾶς
3433 3279 3515 3323 τις
3539 3261 3707 3314 εἴποι.

2148 3359 2467 3428 Βουλομένῳ
2503 3357 2558 3410 δέ
2593 3374 2681 3426 μοι
2714 3356 3054 3426 μακρότερον
3080 3357 3256 3423 λέγειν
3287 3353 3377 3406 καὶ
3426 3350 3551 3419 περὶ
3596 3348 3701 3400 τῶν

2149 3452 2352 3519 ταύτης
2375 3448 2682 3518 ίδιωμόιτων
2712 3448 2908 3517 (ἐδόκει
2948 3447 3051 3517 γὰρ
3081 3448 3177 3499 καὶ
3211 3443 3362 3497 τοῦτο
3408 3442 3703 3509 προσήκειν

2149 3539 2228 3611 τῷ
2253 3540 2383 3610 περὶ
2431 3537 2947 3608 ταπεινοφροσύνης
2976 3537 3214 3607 λέγοντι)
3243 3534 3469 3600 ἐπῆλθεν
3518 3531 3703 3598 ἕτερος,⁹

2150 3630 2410 3700 λογισμὸς
2437 3631 2494 3680 ἐν
2525 3628 2602 3697 τῷ
2632 3627 2861 3696 μεταξὺ,
2897 3626 2991 3679 καὶ
3037 3624 3216 3689 ἔδοξεν
3253 3621 3710 3694 ἐπικρατέστερος

2151 3716 2315 3772 εἶναι.
2372 3718 2432 3770 Ὀ
2452 3716 2508 3769 δέ
2545 3715 2808 3784 λογισμὸς
2843 3715 2916 3786 μὴ
2965 3716 3078 3768 δεῖν
3126 3711 3536 3766 ἐπεκτείνεσθαι
3589 3707 3715 3778 περὶ

2150 3810 2367 3880 ἐκείνης
2404 3809 2684 3875 λέγοντας,
2729 3808 2906 3877 παρὸν
2936 3806 3385 3872 συνεσταλμένως
3444 3802 3717 3864 εἰπόντας,

2151 3906 2212 3956 τὸ
2241 3904 2360 3956 δέον
2399 3900 2826 3971 ἀποπληρῶσαι.
2864 3899 2941 3952 Δι’
2967 3893 3040 3951 ὧν
3069 3898 3177 3967 γὰρ
3209 3897 3383 3966 δήπου
3434 3895 3526 3946 τὸν
3577 3891 3718 3958 ὑπὲρ

2154 3993 2252 4064 τῆς
2281 3992 2785 4060 ταπεινοφροσύνης
2816 3990 3175 4058 ἐξυφαίνομεν
3203 3989 3445 4050 ἔπαινον,
3477 3984 3570 4035 καὶ
3623 3981 3720 4033 τὸν

2155 4086 2300 4139 κατὰ
2344 4083 2442 4150 τῆς
2475 4082 2771 4150 ἐπάρσεως
2817 4078 3232 4150 ἐξεργαζόμεθα
3263 4076 3454 4146 ψόγον.
3501 4068 3722 4138 Ἐπειδὴ

2155 4179 2263 4248 γὰρ
2289 4171 2446 4230 αὗται
2472 4173 2826 4237 ἀντίκεινται,
2859 4173 2954 4224 καὶ
2982 4171 3052 4224 τὰ
3083 4169 3208 4239 περὶ
3245 4166 3424 4220 αὐτῶν
3453 4163 3726 4232 λεγόμενα

2154 4265 2414 4335 δηλονότι.
2449 4263 2520 4314 Τὸ
2551 4261 2657 4330 γὰρ
2683 4261 2781 4329 τὴν
2815 4260 3010 4328 ἐτέραν
3036 4257 3313 4326 κοσμῆσαι
3355 4250 3726 4320 καταισχῦναι

2155 4356 2254 4428 τὴν
2285 4354 2476 4422 ἑτέραν
2510 4353 2681 4406 ἐστίν.
2738 4350 3014 4410 Ὡσαύτως
3053 4347 3109 4400 δὲ
3141 4346 3231 4398 καὶ
3260 4345 3322 4396 τὸ
3353 4341 3613 4411 ἔμπαλιν.
3667 4335 3727 4428 Ὦ

487 4458 539 4502 et
574 4449 690 4502 vice
723 4463 900 4510 versa,
938 4447 1261 4514 vituperium
1293 4445 1450 4498 unius
1483 4452 1628 4498 certa
1649 4443 1772 4498 laus
1790 4454 1876 4498 est
1906 4446 2040 4501 alte-

2159 4426 2267 4515 γόιρ
2290 4445 2388 4512 τῆς
2421 4441 2612 4509 ἐτέρας
2657 4439 2828 4511 ψόγος
2855 4443 2920 4510 τῇ
2954 4438 3116 4508 ἑτέρᾳ
3155 4433 3330 4504 σαφὴς
3385 4431 3606 4522 ἔπαινος
3643 4426 3732 4494 γί-

487 4557 623 4594 “lli.

561 4633 850 4687 llumilitas
879 4647 1029 4701 ergo,
1062 4647 1458 4710 quamornare
1511 4631 1876 4703 decrevimus,
1932 4633 2051 4685 ani-

490 4727 595 4779 mis
628 4727 794 4792 exigit
827 4723 978 4787 vitia,
1013 4739 1251 4792 saneque
1286 4721 1553 4777 mirabilia
1600 4721 1846 4791 qumdam
1874 4721 2058 4775 ellicit

489 4830 612 4868 eum
641 4814 890 4868 liJelibus
924 4815 1100 4880 adest,
1136 4822 1190 4867 et
1225 4813 1382 4867 malis
1408 4811 1580 4882 geniis
1608 4821 1666 4865 ut
1701 4811 1958 4874 exitialis,
1980 4812 2059 4866 sic

491 4906 806 4958 eorumdem
831 4907 1104 4972 expultrix
1133 4916 1234 4960 est.
1265 4905 1465 4974 Copias
1488 4905 1608 4958 illas
1640 4905 1915 4968 etelestes,
1937 4919 2058 4972 qua:

493 5000 638 5051 eirea
675 4995 838 5048 Deum
872 5008 1018 5063 sunt,
1045 4999 1096 5050 in
1128 5006 1268 5052 statu
1304 5013 1403 5052 suo
1427 5005 1757 5052 conservat:
1786 5009 1890 5048 non
1915 4997 2059 5050 enim

495 5091 550 5143 in
579 5090 680 5141 ista
709 5088 828 5142 luce
853 5091 1300 5158 permansissent,
1319 5091 1362 5145 si
1391 5091 1459 5145 ab
1481 5091 1558 5144 eis
1582 5089 1695 5158 ipsa
1717 5089 2058 5144 recessisset.

496 5183 831 5246 Argu'mento
862 5187 946 5230 est
978 5181 1118 5246 quod
1149 5181 1332 5248 lapsus
1360 5180 1430 5234 sit
1451 5177 1686 5242 Lucifer,
1722 5178 1789 5232 ob
1813 5177 2064 5248 Splendo—

498 5287 610 5325 rem
635 5269 859 5323 nimium
887 5270 1068 5322 animo
1095 5285 1257 5339 supra
1277 5269 1556 5339 dignitatis
1573 5269 1935 5323 conditionem
1954 5268 2065 5320 ela-

498 5373 573 5416 to.
601 5361 713 5416 lloc
745 5361 859 5427 ipse
885 5360 988 5414 telo
1011 5361 1342 5426 vulneratus,
1372 5362 1509 5414 idem
1527 5361 1785 5415 adversus
1809 5375 1905 5413 nos
1930 5373 2064 5427 quo-

501 5471 603 5520 que
632 5454 890 5507 continuo
922 5460 1157 5518 torquet,
1186 5461 1374 5505 contra
1404 5451 1626 5519 quosvis
1657 5451 1708 5505 id
1739 5450 2064 5504 serviturum

506 5545 611 5599 sibi
669 5555 866 5613 putans
909 5559 921 5595 :
982 5557 1143 5610 quam
1193 5543 1414 5611 quidem
1471 5543 1780 5610 Opinionem
1833 5541 1948 5596 suis
2001 5555 2068 5594 ex

508 5638 666 5689 malis
697 5636 895 5690 haurit.
922 5636 987 5689 Et
1005 5647 1087 5690 est
1113 5649 1242 5690 sane
1278 5634 1444 5688 telum
1472 5635 1573 5689 hoc
1605 5634 1711 5687 alio
1741 5633 1931 5702 quovis
1974 5648 2070 5685 no-

510 5727 744 5794 centius,
777 5728 880 5784 nisi
913 5729 1120 5797 objecta
1170 5727 1293 5783 huic
1335 5724 1618 5794 modestia,
1657 5725 1761 5780 vim
1795 5724 1910 5793 ejus
1937 5723 2066 5779 irri-

2160 4557 2332 4593 νεται.

2240 4632 2306 4698 ἸΙ
2338 4631 2522 4683 τοίνυν
2566 4629 2698 4698 ἡμῖν
2752 4620 3093 4695 προκειμένη
3137 4613 3462 4684 κοσμεῖσθαι
3503 4611 3572 4663 τὰ
3634 4607 3734 4676 μέν

2163 4697 2312 4793 πάοᾜ
2337 4724 2442 4776 τῶν
2471 4697 2660 4790 ψυχῶν
2702 4715 3009 4781 ἐξελαύνει,
3061 4706 3474 4778 θαυματουργεῖ
3529 4701 3587 4756 δέ
3642 4716 3732 4793 κο-

2167 4814 2293 4886 μιδῆ
2326 4813 2537 4872 πιστοῖς
2571 4808 2799 4878 ἀνδράσι
2868 4802 3142 4856 συνοῦσα·
3197 4796 3292 4849 καὶ
3343 4793 3563 4862 γίνεταί
3619 4791 3732 4886 τοῖς

2162 4876 2410 4974 δαίμοσιν
2435 4876 2685 4967 ὀλέθριός.
2725 4913 2809 4959 τις
2862 4894 2960 4946 καὶ
3005 4889 3394 4958 ἁποτρόπαιος.
3437 4881 3550 4974 Τὰς
3604 4876 3730 4974 περὶ

2163 4971 2295 5048 Θεδν
2342 4993 2604 5060 δυνάμεις
2639 4989 2696 5043 ἐν
2729 4983 2807 5056 τῷ
2855 4981 3218 5050 καθεστηκότι
3273 4977 3451 5044 τηρεῖ.
3511 4971 3591 5025 Οὐ
3621 4971 3731 5038 γὰρ

2166 5089 2232 5140 ἂν
2275 5087 2527 5155 διέμενον
2556 5085 2612 5134 ἐν
2637 5079 2713 5149 τῷ
2744 5075 3033 5148 φωτισμῷ,
3066 5072 3237 5138 αὐτῆς
3266 5068 3492 5119 ἐκείνων
3519 5065 3733 5117 διιστα-

2171 5182 2358 5249 μένης.
2411 5177 2523 5229 Kal.
2555 5174 2798 5226 δείκνυσι
2831 5169 2892 5222 τδ
2926 5164 3278 5220 πεπτωκέναι
3312 5161 3403 5212 τὸν
3455 5156 3733 5249 ἑωσφόρον

2167 5241 2398 5336 όιπὺντῆς
2426 5266 2566 5333 ἄγαν
2596 5261 3002 5331 λαμπρότητος,
3039 5254 3182 5322 ὑπὲρ
3214 5252 3272 5303 τὸ
3311 5249 3498 5317 σχῆμα
3529 5241 3728 5336 φρονηῗ

2171 5375 2363 5412 σαντα.
2403 5356 2594 5424 Τούτῳ
2622 5353 2698 5421 τῷ
2765 5350 2907 5419 βέλει
2951 5346 3181 5416 τρωθεὶς
3227 5341 3410 5401 αὐτὸς,
3469 5337 3564 5389 καὶ
3615 5329 3730 5424 itali:

2169 5453 2325 5522 ἡμῶν
2358 5449 2583 5516 ἀφίησιν
2614 5445 2746 5500 αὐτὸ
2796 5439 3059 5508 συνεχῶς,
3115 5433 3349 5503 νομίζων
3407 5427 3629 5482 ἔσεσθαί
3681 5419 3730 5528 ei

2171 5520 2308 5596 κατᾶ
2341 5540 2561 5600 παντὸς,
2597 5539 2660 5587 ἐκ
2690 5534 2796 5585 τῶν
2831 5530 3022 5585 ἐαυτυῦ
3061 5527 3247 5580 κακῶν
3291 5523 3388 5591 τὴν
3416 5520 3570 5582 δόξαν
3604 5520 3731 5568 ταύ-

2168 5651 2268 5702 της
2297 5631 2614 5700 λαμϐάνων.
2653 5627 2760 5682 Καὶ
2796 5625 2980 5692 μέντοι
3023 5637 3095 5688 ,γε
3149 5616 3242 5670 καὶ
3281 5615 3517 5684 βλάπτον
3544 5607 3726 5702 “te-rw

2303 5695 2454 5778 οὐδὲν
2504 5721 2712 5793 ἕτερον,
2743 5717 2835 5770 ἐὰν
2880 5715 2956 5784 μὴ
3005 5713 3066 5767 τὸ
3131 5711 3351 5780 μέτριον
3419 5695 3722 5773 προϐληθὲν
