4098 6272
320 381 428 440 5‘37

1691 380 1979 442 ORATIO
2018 381 2156 444 VII.

3441 373 3548 440 538

320 498 608 564 ἄπρακτον
639 493 768 547 αὐτὸ
799 494 970 566 δείξῃ.
1005 492 1168 569 Ὥστε
1196 492 1228 562 ἡ
1259 491 1357 561 μέν
1391 491 1618 563 ἔπαρσις
1645 496 1740 546 καὶ
1763 494 1878 555 τοὺς

1995 503 2100 550 tam
2134 494 2342 550 reddat.
2372 491 2728 560 Quamobrem
2777 492 2939 548 elatio
2980 492 3122 564 ipsos
3141 490 3301 547 etiam
3331 491 3553 560 angelos

319 587 587 654 ἀγγέλους
618 587 881 640 ἀπόλλυσι
923 603 937 616 ·
968 587 1027 640 τὸ
1048 587 1103 640 δὲ
1133 586 1336 655 ταύτης
1375 585 1619 640 ἐναντίον
1681 589 1741 640 τὸ
1794 586 1889 651 μέ-

315 694 472 745 τριον
504 679 817 742 ἀναγκαίως
841 678 1101 732 τάναντία
1124 676 1510 746 διαπράξεται,
1559 678 1654 730 καί
1681 679 1888 731 ἐπανα-

318 771 486 822 σὼσει
517 768 645 828 τοὺς
677 767 1000 838 ἀνθρώπους
1030 769 1108 836 τῷ
1140 768 1428 830 πλάσαντι,
1467 764 1546 822 ὧν
1578 770 1705 832 τοὺς
1753 785 1888 838 προ-

317 861 514 924 γόνους
544 857 831 910 ἀπὼλεσεν
878 860 909 925 ὴ
949 858 1262 920 ἐξεναντίας
1297 860 1362 928 τῇ
1413 847 1887 929 ταπεινοφροσύνῃ

317 953 511 1004 κακία.
568 948 827 1002 Ἰσοθεταν
859 950 967 1018 γὰρ
990 949 1410 1016 φαντασθέντες,
1437 951 1761 1003 ἐκπίπτουσι
1789 952 1887 1019 μὲν

317 1043 523 1093 ἐκεῖνοι
555 1040 652 1092 τοῦ
677 1040 1006 1109 παραδείσου
1047 1043 1142 1094 καὶ
1171 1040 1266 1094 τοῦ
1303 1041 1461 1104 Θεοῦ,
1490 1042 1552 1094 τὸ
1579 1041 1635 1094 δέ
1668 1058 1730 1108 γε
1757 1041 1886 1094 τού⁸

316 1149 435 1193 τοις
465 1133 682 1200 συμϐὰν
707 1130 1023 1194 ἀκολούθως
1055 1135 1150 1185 καὶ
1204 1136 1317 1197 τοῖς
1342 1134 1401 1197 ἐξ
1426 1133 1609 1186 αὐτῶν
1641 1134 1889 1200 ἐπισυμ-

317 1224 498 1277 ϐαίνει
525 1225 732 1277 παισίν.
773 1224 915 1276 Ἀλλ’
955 1225 1046 1278 ἐπὶ
1076 1225 1276 1278 νύσσαν
1299 1225 1391 1277 τὸν
1415 1225 1620 1280 πῶλον.
1680 1226 1744 1277 Ἦ
1776 1224 1887 1276 τοί-

314 1332 413 1365 νυν
442 1317 918 1384 ταπεινοφροσύνη
943 1317 1038 1367 καὶ
1065 1315 1166 1382 τῆς
1198 1315 1430 1377 Αἴαντος
1463 1316 1694 1376 ἀσπίδος
1728 1314 1887 1382 ἀμεί-

314 1421 425 1456 νων
451 1404 894 1473 προϐεϐλημένη.
933 1400 1041 1457 Ἦν
1089 1409 1188 1475 μὲν
1225 1406 1335 1474 γάρ
1364 1405 1591 1474 κάκείνη
1635 1405 1883 1472 τοιαύτη,

317 1495 552 1563 βύρσαις
585 1495 725 1548 ἐπτά
755 1499 1263 1565 κατεσκευασμένη,
1303 1495 1390 1548 οἵα
1437 1496 1506 1548 τά
1567 1495 1675 1548 τῶν
1730 1495 1888 1547 πολε·

320 1590 462 1657 μίων
509 1589 637 1656 βέλη
677 1589 843 1658 μηδὲν
874 1590 1001 1642 ὄντα
1020 1590 1212 1654 δεῖξαι.
1254 1590 1328 1642 Οὐ
1363 1589 1470 1659 μὴν
1495 1591 1718 1643 κάκεῖνο
1747 1605 1887 1658 παρ-

315 1684 435 1750 εῖχε
490 1681 736 1752 θαρρεῖν,
791 1682 866 1744 ὡς
911 1681 1002 1751 ἄρ’
1055 1682 1209 1735 οὐδὲν
1266 1681 1415 1734 ἔσται
1471 1681 1794 1751 μηχάνημα,
1827 1681 1889 1733 τὸ

315 1772 686 1840 δυνησόμενὸν
719 1789 847 1824 ποτε
874 1772 1080 1840 ταύτην
1110 1772 1330 1842 βλάψαι.
1350 1772 1414 1825 Ἦ
1445 1771 1501 1825 δέ
1527 1788 1888 1841 ταπεινοφρο-

319 1862 484 1930 σύνη,
520 1862 800 1931 μονοειδής
829 1879 910 1924 τις
943 1858 1081 1916 οὖσα
1113 1863 1206 1914 καὶ
1247 1862 1395 1929 ἁπλῆ
1436 1865 1499 1932 τῇ
1534 1862 1680 1932 ψυχῇ
1732 1861 1890 1914 δύνα-

321 1969 440 2020 μις,
469 1952 569 2004 εἴτ’
617 1947 710 2004 οῦν
753 1952 886 2018 ἕξις,
919 1952 1177 2016 διασώζει
1224 1953 1350 2014 τοὺς
1400 1952 1569 2021 αὐτὴν
1622 1952 1893 2020 κεκτημέ-

317 2062 467 2107 νους,
499 2044 590 2110 ἀφ’
625 2046 766 2098 ὅσων
821 2045 888 2098 ἂν
933 2044 1184 2114 φοϐερῶν
1241 2044 1618 2114 ἐνθυμηθῆναι
1659 2040 1770 2096 οἷόν
1805 2059 1886 2098 τε.

316 2136 397 2184 αὖ
430 2136 589 2186 μόνον
617 2137 673 2186 δὲ
708 2138 822 2199 τοῖς
869 2137 951 2199 είς
995 2139 1168 2208 αὐτήν
1221 2156 1281 2206 γε
1314 2138 1680 2208 τεθαρῤηκόσι
1729 2137 1888 2188 πάντ·

315 2225 389 2278 ἂν
420 2225 636 2290 γένοιτο
673 2227 743 2280 τὰ
779 2229 1179 2298 προειρημένα,
1220 2230 1354 2280 ἀλλά
1383 2232 1476 2282 καὶ
1506 2229 1708 2289 πάντες
1761 2227 1888 2292 ἑξῆς

312 2316 368 2366 οἱ
396 2318 621 2384 καρποὶ,
649 2316 742 2377 οὓς
775 2320 825 2370 οἱ
854 2318 952 2387 τῆς
983 2320 1186 2389 ἀρετῆς
1223 2320 1450 2389 φέρουσι
1489 2322 1661 2381 πόνοι,
1686 2321 1736 2370 εἰ
1791 2320 1888 2370 σὺν

316 2409 461 2476 αὐτῇ
495 2408 590 2460 καὶ⁸
615 2409 790 2475 καλοὶ,
813 2409 942 2461 ἄνευ
973 2409 1028 2460 δέ
1058 2409 1263 2479 ταύτης
1293 2411 1478 2463 οὐκέτι
1507 2427 1522 2443 ο
1554 2412 1644 2462 ὅτε
1673 2411 1763 2461 καὶ
1797 2409 1888 2460 λυ-

317 2500 601 2569 μήνασθαι
652 2499 910 2553 δύνανται
935 2503 1051 2564 τοῖς
1111 2502 1186 2571 μὴ
1230 2502 1366 2569 μετά
1413 2501 1514 2564 τῆς
1571 2501 1887 2570 πρεπούσης

318 2592 796 2663 μετριοφροσύνης
867 2592 1066 2656 αὐτοὺς
1113 2594 1414 2663 τρυγῶσιν.
1486 2592 1563 2647 Οὐ
1600 2593 1712 2662 μὴν
1770 2592 1884 2644 ἀλλ’

313 2683 438 2734 ἐστὶ
473 2685 565 2735 καὶ
600 2683 797 2751 μοχλὸς
839 2682 1003 2751 αῦτη,
1066 2685 1420 2738 παντάπασιν
1470 2683 1886 2754 ἀνεπιχείρητος

315 2776 602 2837 κλέπταις.
661 2776 801 2838 Τοὺς
854 2775 899 2826 δ’
937 2774 1399 2837 ἐπιϐουλεύοντας
1450 2775 1630 2829 πάντα
1684 2775 1884 2846 τρόπον

314 2869 619 2934 ἀναγκάζει
644 2869 948 2938 σωφρονεῖν
981 2870 1078 2920 καὶ
1115 2871 1188 2937 μὴ
1224 2868 1602 2937 βουλομένους,
1633 2868 1887 2935 ἀπόγνωο

317 2977 403 3012 σιν
429 2959 609 3020 αὐτοῖς
635 2957 961 3025 ἐμποιοῦσα.
990 2958 1229 3029 Ἀρπαξί
1261 2958 1323 3013 τέ
1373 2965 1469 3012 καὶ
1507 2959 1754 3028 λῃσταῖς,
1785 2961 1881 3012 καὶ

317 3046 452 3098 πᾶσι
480 3047 595 3107 τοῖς
619 3047 886 3108 τοιούτοις
931 3046 1360 3115 ἀναιδεστάτοις,
1412 3049 1532 3101 οὐδὲ
1585 3049 1878 3119 πειρᾶσθαι

319 3224 536 3293 κτηθέν.
571 3226 750 3292 Λῆρον
771 3224 1027 3295 ἄντικρυς
1061 3229 1204 3298 σαφῆ
1237 3231 1329 3284 καὶ
1352 3229 1560 3297 γέλωτα
1587 3231 1880 3298 ἀποφαίνει

319 3317 500 3367 πᾶσαν
533 3313 779 3383 μηχανὴν
811 3316 932 3368 κατ’
965 3318 1132 3387 αὐτῆς
1185 3319 1497 3388 εὑρημένην
1559 3321 1652 3373 τὸν
1704 3320 1880 3374 πάντα

319 3406 531 3473 χρόνον.
576 3407 903 3474 Σήμαντρον
943 3406 1043 3475 μὲν
1105 3409 1328 3477 ἀκριϐές
1364 3412 1499 3475 ἐστι,
1555 3411 1790 3482 σφραγὶς
1822 3411 1878 3463 δὲ

322 3496 462 3546 πάνυ
494 3496 1279 3569 θαυμαστὴ,ὲγκεκολαμμένη
1330 3502 1514 3565 καλῶς
1572 3505 1629 3565 ἐς
1694 3501 1877 3570 βάθος.

323 3586 498 3648 Ὅλως
525 3587 582 3638 δὲ
617 3589 724 3639 τῶν
747 3592 1057 3658 εἰρημένων
1093 3593 1348 3647 ἀπάντων
1383 3594 1726 3671 διασώζουσα
1787 3593 1880 3645 τύ-

319 3692 438 3737 πον,
472 3675 828 3743 ἀσφαλίζεται
857 3684 982 3744 τοὺς
1013 3681 1322 3751 θησαυροὺς
1367 3687 1492 3748 τοὺς
1547 3685 1604 3749 ἐξ
1658 3683 1879 3751 ἀγαθῶν

321 3767 676 3832 συλλεγέντας
704 3769 901 3838 ἔργων,
959 3773 1310 3828 ἀποσοϐοῦσα
1365 3777 1492 3835 τοὺς
1551 3778 1879 3845 κακουργεῖν

315 3862 477 3928 ἔργον
501 3860 722 3928 ἔχοντας
753 3860 924 3914 ἅπασι
958 3865 1198 3931 τρόποις.
1230 3854 1348 3919 ’Καὶ
1382 3868 1488 3936 μὴν
1522 3868 1877 3930 κάκείνωςάν

316 3968 400 4012 τις
433 3952 546 4018 ἔχοι
574 3951 873 4019 θαυμάσαι.
908 3954 1064 4007 Ἐστι
1101 3957 1208 4024 γὰρ
1243 3957 1303 4009 ού
1341 3958 1503 4024 μόνον
1541 3958 1768 4024 τούτων,
1792 3955 1874 4021 οἷς

314 4043 728 4108 ἐξατφαλίσαιτ’
755 4044 820 4095 ἄν
851 4061 935 4104 τις
971 4046 1137 4096 αὐτὸν
1189 4047 1376 4100 καὶτὰ
1425 4048 1620 4101 ἑαυτοῦ
1676 4049 1889 4119 πάντα,

313 4133 476 4185 είκών
507 4150 592 4195 τις
623 4134 767 4202 μάλα
802 4138 1210 4209 ἐμφερεστάτη,
1239 4139 1375 4193 ἀλλά
1406 4140 1470 4210 δὴ
1514 4143 1608 4193 καὶ
1639 4142 1750 4194 τῶν
1789 4144 1879 4195 ἀν-

314 4223 547 4292 θρώπων
615 4225 880 4290 ἐκείνων,
959 4227 1008 4280 οἳ
1065 4232 1192 4297 περὶ
1262 4230 1388 4293 τοὺς
1450 4233 1876 4300 τυραννεύοντας

312 4316 556 4379 ἵστανται
587 4319 1133 4388 καταπεφραγμένοι,
1177 4320 1328 4374 ἀπαν
1383 4324 1547 4378 ὅπλον
1575 4324 1788 4395 ἔχοντες
1819 4328 1874 4378 ἐν

311 4409 513 4474 χεροῖν,
543 4407 618 4468 ὡς
651 4407 716 4461 ἂν
733 4409 998 4474 γενναίως
1032 4411 1334 4477 ἀμύνεσθαι
1360 4401 1626 4477 δύναιντο.
1658 4417 1711 4469 εῖ
1733 4416 1874 4479 τινές

1915 1815 1963 1874 Β

1990 589 2188 656 perdit,
2209 588 2324 641 atei
2343 586 2614 643 contraria
2646 586 2905 640 modestia
2941 586 3246 640 necessario
3275 585 3551 638 diversum

1989 681 2203 743 eIIiciet,
2262 679 2621 748 hominesque
2665 679 2844 733 salvos
2902 677 3082 747 opitici
3145 690 3245 730 suo
3275 677 3548 737 restituet,

1989 787 2216 840 quorum
2252 772 2455 841 primos
2511 781 2762 839 parentes
2815 770 3120 838 oppositum
3150 768 3443 823 humilitati
3477 768 3553 822 vi-

1991 865 2122 918 tium
2158 863 2424 931 perdidit:
2452 865 2649 932 quippe
2676 875 2796 915 cum
2822 861 2961 928 apud
2977 861 3185 914 animos
3215 875 3341 914 suos
3370 875 3553 933 aequa-

1989 955 2197 1010 litatem
2242 969 2363 1010 eum
2397 953 2506 1006 Deo
2547 953 2835 1020 quamdam
2861 951 3138 1016 imaginati
3168 950 3415 1014 fuissent,
3450 951 3549 1017 ipsi

1988 1045 2203 1114 quidem
2267 1043 2518 1096 excidere
2570 1050 2677 1095 tam
2732 1041 2983 1110 paradiso
3031 1055 3189 1109 quam
3237 1041 3366 1094 Deo.
3397 1040 3548 1104 Quod

1989 1147 2166 1192 autem
2225 1135 2304 1190 eis
2352 1135 2566 1200 accidit,
2608 1134 2750 1187 idem
2794 1132 3061 1187 consimili
3119 1132 3280 1186 mo-lo
3320 1132 3552 1199 posteris

1988 1226 2149 1283 etiam
2191 1226 2432 1292 ipsorum
2493 1223 2764 1277 usuvenit.
2823 1221 3026 1275 Verum
3065 1224 3129 1277 ad
3150 1233 3347 1276 metam
3376 1235 3550 1289 equus

1989 1317 2180 1385 agitor.
2213 1315 2496 1369 llumilitas
2523 1328 2675 1383 ergo,
2719 1313 2841 1368 telis
2872 1314 2988 1368 istis
3012 1314 3240 1378 objecta,
3275 1313 3358 1366 vel
3379 1315 3548 1379 ipsum

1987 1411 2170 1479 Ajacis
2208 1409 2453 1480 clypeum
2487 1416 2731 1471 superat.
2782 1404 2916 1458 Nam
2946 1415 3001 1460 et
3034 1405 3122 1459 ille
3144 1407 3208 1459 de
3247 1405 3406 1459 boum
3443 1414 3552 1458 ter-

1988 1500 2207 1568 goribus
2275 1506 2478 1566 septem
2503 1497 2578 1551 ita
2611 1494 2892 1550 confectus
2940 1492 3550 1556 erat,uthostiumtela

1990 1593 2187 1646 nullius
2218 1607 2340 1646 esse
2365 1587 2621 1646 momenti
2655 1586 2974 1641 declararet.
3009 1583 3192 1653 Neque
3223 1594 3397 1638 tamen
3430 1599 3549 1635 eam

1988 1685 2230 1754 praebere
2261 1683 2512 1737 ﬁduciam
2565 1688 2796 1750 poterat,
2833 1688 2892 1732 ut
2917 1677 3038 1746 quis
3054 1677 3154 1731 sibi
3180 1676 3549 1745 polliceretur,

1991 1793 2049 1832 se
2103 1776 2248 1829 nullo
2292 1787 2526 1842 unquam
2555 1780 2860 1826 commento
2892 1768 3012 1823 laedi
3037 1781 3214 1836 posse.
3264 1765 3550 1820 lltnnilitas

1995 1881 2144 1929 vero,
2162 1881 2281 1919 cum
2311 1863 2599 1918 uniformis
2622 1862 2692 1916 sit
2713 1876 2776 1915 ac
2803 1859 3028 1927 simplex
3050 1857 3215 1913 animi
3243 1857 3357 1910 sive
3378 1853 3552 1908 facul-

1994 1969 2095 2022 tas,
2127 1957 2238 2011 sive
2271 1955 2493 2009 habitus
2514 1994 2528 2017 ,
2563 1969 2622 2009 se
2650 1954 2901 2022 praeditos
2929 1967 2957 2004 a
2984 1950 3267 2019 quibusvis
3293 1948 3552 2001 formida-

1990 2047 2208 2110 bilibus,
2241 2059 2572 2114 quaecunque
2613 2043 2805 2096 mentis
2830 2043 3161 2112 cogitatione
3189 2039 3397 2105 concipi
3426 2052 3552 2104 pos-

1991 2147 2134 2202 sunt,
2172 2148 2374 2190 servat.
2401 2135 2590 2202 Neque
2627 2144 2831 2188 tantum
2858 2134 2959 2186 hac
2988 2131 3145 2186 fretis
3185 2133 3445 2184 hactenus
3472 2129 3553 2182 itt-

1989 2226 2161 2280 dicata
2183 2225 2503 2294 contingunt
2526 2225 2728 2290 omnia,
2753 2226 2846 2280 sed
2868 2237 3056 2277 omnes
3080 2223 3297 2277 omnino
3323 2220 3551 2275 fructus.

1988 2332 2124 2384 quos
2183 2318 2442 2370 exantlati
2499 2316 2716 2370 virtutis
2767 2317 2977 2369 labores
3027 2315 3226 2378 ferunt,
3254 2312 3299 2368 si
3331 2311 3553 2380 quidetn

1988 2406 2258 2474 conjuncti
2293 2423 2412 2461 cum
2441 2407 2543 2460 hac
2579 2406 2805 2469 fuerint,
2837 2407 2960 2462 boni
2995 2415 3154 2459 erunt
3183 2423 3196 2457 :
3233 2404 3316 2458 sin
3347 2414 3550 2462 autem,

1987 2515 2095 2554 non
2122 2499 2352 2568 amplius
2383 2499 2548 2564 boni;
2604 2499 3038 2566 quandoquidem
3073 2506 3126 2550 et
3159 2496 3304 2549 noxii
3328 2503 3555 2564 possunt

1989 2597 2094 2651 illis
2151 2611 2292 2662 esse,
2355 2603 2622 2664 quotquot
2674 2609 2767 2648 eos
2821 2607 2926 2646 non
2995 2591 3354 2646 conveniente
3433 2604 3553 2642 cum

1987 2689 2250 2744 modestia
2349 2689 2668 2754 decerpunt.
2778 2685 2982 2740 Eadem
3078 2690 3132 2737 et
3232 2681 3552 2751 repagulum

1983 2777 2256 2846 quoddam
2299 2785 2381 2832 est
2448 2777 2592 2844 quod
2648 2775 2870 2831 omnino
2929 2774 3078 2829 fures
3141 2782 3410 2831 attentare
3450 2787 3552 2826 ne-

1984 2877 2209 2937 queunt.
2257 2867 2608 2928 Insidiatores
2653 2882 2781 2920 vero
2839 2867 3012 2920 modis
3064 2864 3322 2920 omnibus
3384 2864 3550 2932 cogit,

1984 2961 2230 3015 utetiam
2281 2959 2526 3013 nolentes
2572 2957 2802 3014 modesti
2858 2958 2996 3020 sint,
3061 2956 3190 3010 dttm
3225 2956 3280 3009 in
3326 2954 3406 3009 eis
3460 2954 3556 3008 de-

1982 3054 2347 3123 sperationem
2378 3052 2598 3106 excitat.
2624 3049 2976 3119 Raptoribus,
3002 3050 3328 3113 latronibus,
3352 3057 3405 3103 et
3429 3046 3553 3100 uni-

216 3205 222 3211 _
316 3134 533 3187 δίδωσιν
589 3136 886 3202 ἀφελέσθαι
941 3137 1001 3190 τὸ
1051 3137 1190 3207 μετά
1254 3139 1725 3210 μετριοφροσύνης
1777 3141 1878 3194 τινὶ

1987 3147 2158 3201 versis
2186 3147 2400 3206 talibus,
2423 3145 2581 3211 longe
2604 3143 3118 3214 impudentissimis,
3156 3159 3222 3197 nc
3241 3141 3293 3196 id
3332 3143 3550 3211 quidem

1988 3238 2250 3305 concedit,
2271 3246 2328 3292 ut
2353 3235 2572 3291 auferre
2601 3245 2832 3300 tentent,
2851 3236 2995 3304 quod
3019 3251 3142 3290 eum
3175 3235 3551 3290 moderatione

1986 3330 2053 3385 ab
2082 3330 2264 3397 aliquo
2302 3339 2386 3384 est
2416 3328 2768 3399 acquisitum.
2799 3326 2878 3381 Ad
2911 3341 3090 3384 meras
3137 3325 3295 3395 plane
3358 3339 3552 3394 nugas,

1987 3437 2304 3490 merumque
2333 3423 2498 3475 risum
2525 3420 2743 3491 redigit,
2771 3418 3036 3488 quidquid
3094 3418 3362 3471 adversus
3423 3430 3547 3469 eam

1984 3516 2273 3570 commenti
2293 3514 2484 3584 quovis
2505 3523 2746 3582 tempore
2790 3511 3154 3580 excogitatur.
3200 3508 3552 3578 Signaculum

1985 3613 2295 3658 accuratum
2321 3610 2424 3664 est,
2485 3603 2718 3671 sigillum
2784 3598 3123 3661 admirabile,
3188 3609 3335 3652 recte
3386 3607 3553 3664 atque

1985 3694 2091 3746 alte
2121 3694 2374 3748 incisum.
2395 3692 2634 3760 Denique
2667 3693 2897 3746 formam
2919 3689 3280 3744 iudicatorum
3303 3687 3547 3742 omnium

1987 3785 2229 3839 retinens
2290 3795 2452 3852 atque
2506 3799 2865 3849 conservans,
2918 3783 3204 3837 thesauros
3251 3797 3317 3836 ex
3391 3783 3552 3836 bonis

1986 3875 2242 3929 collectos
2283 3876 2617 3942 operibusin
2647 3882 2763 3928 tuto
2819 3873 3086 3936 collocat;
3147 3887 3243 3927 eos
3302 3872 3547 3940 abigens,

1985 3964 2075 4032 qui
2102 3965 2274 4018 modis
2301 3964 2554 4018 omnibus
2587 3964 2688 4016 hoc
2719 3978 2886 4016 ttnum
2922 3971 3112 4032 agunt,
3147 3973 3205 4017 ut
3236 3963 3548 4019 stellionum

1987 4069 2136 4110 more
2167 4055 2420 4107 damnum
2451 4054 2599 4106 dent.
2636 4052 2774 4118 Quin
2804 4055 2968 4109 etiam
3003 4053 3104 4108 hac
3161 4056 3373 4110 ratione
3430 4051 3550 4124 quis

1985 4146 2130 4200 illam
2167 4145 2482 4201 admiretur.
2508 4145 2622 4199 Non
2654 4147 2798 4199 enim
2828 4147 3015 4200 horum
3043 4147 3326 4212 duntaxat,
3351 4150 3550 4218 quibus

1984 4239 2258 4292 securitati
2303 4251 2434 4301 suae,
2478 4253 2766 4306 rerumque
2823 4254 3037 4294 suarum
3088 4240 3347 4305 omnium,
3423 4256 3550 4309 pro-

1983 4329 2190 4391 spicere
2234 4329 2354 4397 quis
2385 4331 2575 4397 possit,
2609 4330 2893 4399 aptissima
2929 4331 3174 4400 quaadam
3219 4332 3396 4400 imago
3423 4313 3544 4387 est:

1982 4419 2072 4473 sed
2126 4420 2337 4474 illorum
2390 4422 2551 4476 etiam
2602 4422 2902 4487 hominum,
2961 4425 3052 4490 qui
3120 4423 3310 4477 mttniti
3368 4437 3546 4476 rerum

309 4513 437 4548 ποτε
472 4497 591 4549 κατ’
627 4498 806 4551 αὐτῶν
832 4499 1055 4554 ἔλθοιεν.
1091 4503 1200 4556 Καὶ
1234 4503 1329 4574 ἥδε
1375 4507 1482 4573 γάρ
1514 4509 1628 4568 τοῖς
1679 4507 1870 4576 δαίμο-

1982 4513 2240 4577 potientes
2273 4513 2651 4577 circumstant,
2683 4514 2891 4568 nullum
2922 4529 3029 4570 non
3059 4530 3231 4585 genus
3260 4531 3538 4570 armorum

313 4603 418 4650 σιν,
447 4587 664 4640 ἐπειδὰν
721 4591 987 4644 ἐπέλθωσι
1028 4591 1148 4644 καθ’
1191 4594 1367 4662 ἡμῶν,
1409 4599 1871 4669 ἀντεπερχομένη,

308 4676 408 4728 οὐκ
437 4678 501 4747 ἐᾷ
531 4680 752 4740 τούτους
785 4680 1084 4748 ληῖσασθαι
1118 4682 1184 4736 τὰ
1218 4682 1276 4746 ἐξ
1310 4684 1508 4756 ἀρετῆς
1541 4690 1670 4758 ἡμῖν
1719 4708 1874 4760 περι-

305 4766 567 4833 γενόμενα
606 4769 791 4838 κέρδη.
826 4771 927 4821 Ἢν
951 4771 1130 4833 καλῶς
1157 4774 1352 4844 εὑρεθῇ
1386 4780 1543 4831 ταυτὶ
1585 4796 1870 4850 συμπεφο-

311 4857 521 4923 ρημένα
553 4858 609 4908 ἐν
631 4860 746 4921 ταῖς
774 4859 960 4918 καλαῖς
1001 4861 1304 4928 ἀποθήκαις
1347 4867 1446 4933 τῆς
1501 4871 1868 4940 μετριότητος,

304 4947 468 5015 λῆρος
498 4947 553 5000 at!
581 4950 802 5003 ἐκείνων
839 4952 1131 5020 προσϐολαὶ
1156 4955 1249 5006 καὶ
1286 4957 1513 5024 μέθοδοι.
1565 4960 1868 5033 Ἀπέκρυψε

309 5035 409 5101 μὲν
434 5038 840 5108 ὑπασπιστάςή
891 5046 1384 5114 ταπεινοφροσύνη,
1443 5051 1567 5112 τοὺς
1625 5053 1869 5124 ἀκριϐῶς

304 5125 403 5189 τὴν
434 5127 586 5191 τάξιν
608 5129 1059 5200 διατηρήσαντας,
1082 5136 1138 5186 ἐν
1169 5141 1378 5208 καιροῖς
1403 5141 1463 5194 ού
1493 5146 1867 5215 συγχωροῦσιν

301 5217 547 5286 ἀτρέμας
602 5220 850 5272 ἵστασθαι
889 5238 903 5252 ·
953 5225 1339 5296 ὑπερηκόντισε
1393 5231 1448 5282 δὲ
1507 5233 1862 5303 δορυφόρους,

299 5305 495 5361 οἷοτισι
537 5311 812 5379 φιλοτιμία
838 5321 1186 5383 παρενεγκεῖν
1223 5319 1510 5390 θερμότητί
1562 5341 1618 5375 τε
1661 5325 1858 5394 ψυχῆς,

303 5399 396 5447 καὶ
425 5403 589 5467 συχνῇ
623 5401 782 5471 πείρᾳ.
802 5403 1055 5472 πολέμου,
1081 5409 1254 5476 ὁρμὴν
1294 5410 1522 5464 λεόντων
1555 5420 1648 5466 καὶ
1698 5417 1860 5467 δύνα-

302 5503 416 5553 μιν.
467 5491 666 5560 ’Λφῆκέ
687 5509 744 5545 τε
774 5494 995 5548 κατόπιν
1022 5498 1080 5548 τὸ
1108 5499 1313 5568 τάγμα,
1353 5496 1429 5559 οἷς
1466 5520 1524 5569 γε
1585 5507 1860 5560 καθεύδειν

275 5578 396 5626 ὀὐκ
426 5576 617 5645 ἕξεσιν,
642 5580 820 5650 ἔχουσι
848 5587 1032 5654 σχῆμα
1064 5590 1334 5654 φυλάκων.
1358 5592 1466 5644 Καὶ
1494 5595 1537 5645 εξ
1559 5595 1634 5646 δεῖ
1664 5597 1722 5648 τὸ
1755 5601 1860 5650 πᾶν

296 5665 581 5721 σγιιελόντα
605 5672 796 5736 εἰπεῖν,
821 5674 924 5743 ὅλῳ
959 5693 1014 5728 τε
1039 5678 1132 5730 καὶ
1161 5677 1236 5747 τῷ
1292 5682 1453 5734 παντὶ
1498 5683 1854 5754 ὑπερήλαςεν,

291 5755 429 5808 oin-at
499 5758 563 5814 ἂν
647 5763 1074 5836 ὑπερ-μαχήσειεν
1142 5771 1448 5826 οὑτινοσοῦν
1508 5778 1852 5847 πράγματος,

1979 4605 2227 4658 manibus
2251 4614 2513 4668 tenentes,
2535 4616 2592 4658 ιιι
2614 4605 2823 4659 fortiter
2843 4606 2946 4660 vim
2969 4607 3287 4675 propulsare
3316 4615 3545 4674 queant,

1976 4694 2021 4748 si
2053 4694 2140 4760 qui
2172 4693 2270 4748 hos
2296 4694 2614 4748 invaserint.
2647 4694 2784 4748 Nam
2809 4696 2921 4749 haec
2945 4710 3158 4763 quoque
3190 4696 3346 4749 malis
3369 4697 3544 4764 geniis

1975 4800 2075 4838 nos
2108 4784 2486 4839 adorientibus
2527 4800 2846 4852 occurrens,
2876 4801 2980 4839 non
3013 4786 3168 4850 sinit,
3203 4799 3259 4839 ut
3287 4787 3361 4840 illi
3390 4787 3548 4844 nobis

1971 4873 2203 4940 eripiant
2227 4890 2285 4928 ea
2321 4875 2490 4937 lucra,
2521 4890 2639 4943 qua:
2669 4890 2731 4929 ex
2764 4877 2960 4930 virtute
3011 4878 3286 4932 consecuti
3322 4894 3534 4934 sumus.

1973 4964 2180 5033 Quippe
2208 4967 2251 5018 si
2286 4965 2401 5020 haec
2433 4977 2576 5020 recte
2605 4977 2865 5036 congesta
2933 4967 3138 5024 fuerint
3195 4970 3248 5023 in
3302 4972 3546 5040 egregias

1973 5057 2092 5110 illas
2126 5058 2421 5126 apothecas
2454 5068 2507 5112 et
2541 5059 2736 5112 horrea
2771 5060 3070 5125 modestiae,
3103 5061 3177 5114 nil
3236 5062 3339 5115 nisi
3385 5079 3546 5126 nugae

1973 5160 2094 5201 sunt
2138 5149 2374 5216 ipsorum
2404 5151 2782 5220 aggressiones
2815 5161 2866 5205 et
2899 5159 3067 5208 artes.
3130 5153 3397 5209 Obscurat
3453 5158 3536 5209 vel

1969 5237 2087 5292 illos
2111 5249 2445 5306 protectores
2459 5241 2756 5306 humilitas,
2783 5243 2873 5310 qui
2899 5242 3072 5298 locum
3099 5258 3255 5298 suum
3289 5257 3544 5300 accurate

1968 5340 2209 5392 tuentur,
2238 5342 2291 5385 et
2316 5333 2420 5386 illis
2451 5333 2671 5403 quidem
2725 5337 3080 5404 temporibus,
3131 5338 3331 5408 quibus
3367 5338 3542 5392 intre-

1965 5421 2086 5488 pide
2112 5433 2254 5475 stare
2291 5440 2396 5478 tum
2423 5427 2750 5493 permittitur
2784 5446 2799 5478 :
2855 5430 3118 5485 satellites
3152 5441 3393 5500 superat,
3444 5432 3543 5498 qui

1962 5513 2123 5564 animi
2143 5513 2320 5567 calore
2340 5516 2683 5586 bellandique
2707 5536 2801 5575 usu
2842 5522 3065 5576 assiduo
3088 5525 3300 5577 vincere
3318 5523 3542 5575 leonum

1965 5601 2218 5668 impetum
2247 5615 2408 5674 atque
2470 5610 2616 5663 vires
2645 5612 2865 5664 student
2895 5629 2909 5665 :
2947 5614 3279 5680 legionarios
3301 5631 3328 5664 ιι
3383 5622 3554 5680 tergo-

1962 5693 2236 5762 reliuquit,
2269 5696 2467 5764 quibus
2507 5701 2740 5756 dormire
2787 5717 2893 5756 non
2935 5706 3085 5768 licet,
3145 5702 3542 5759 excubitorum:

1960 5784 2138 5840 cilicia
2179 5787 2544 5857 iungentibus.
2576 5792 2629 5845 Si
2664 5792 2897 5864 denique
2939 5804 3046 5848 tota
3089 5810 3172 5850 res
3209 5795 3549 5863 explicatum~
