4098 6272
555 406 662 473 539
683 462 719 480 -

1702 410 2096 472 MANUELTS
2135 410 2580 474 PALIEOLOGI

3713 385 3823 471 540

548 527 805 582 brevibus
830 532 937 587 est,
970 525 1021 578 in
1057 525 1370 578 universum
1399 534 1614 591 prmstat
1646 529 1921 594 omnibus,
1972 542 2118 596 qua:-

2242 532 2425 597 τφόδρα
2460 531 2558 599 μὲν
2582 529 2942 599 περιποθήτου
2977 531 3084 592 τοῖς
3120 531 3493 600 κεκτημένοις,
3548 551 3814 602 περιμα-

548 635 763 686 cunque
821 631 1160 684 propugnare
1226 631 1609 685 quamcunque
1668 634 1781 671 rem
1864 630 2112 688 possunt,

544 710 703 773 valde,
731 716 938 777 gratam
981 716 1369 776 acceptamque
1417 708 1837 775 possidentibus,
1863 719 1917 763 et
1963 711 2118 779 cujus

549 800 913 869 adipiscenda
950 815 1107 853 causa
1147 800 1329 853 caeteri
1356 815 1544 855 omnes
1594 811 1813 857 strenue
1848 812 2111 874 pugnant.

547 893 882 957 Quinetiam
932 892 976 946 si
1037 892 1152 946 fieri
1200 903 1379 959 posset
1439 902 1497 945 ut
1554 895 1768 947 animus
1824 909 2113 961 purpuram

546 966 804 1046 sumeret,
833 993 992 1049 atque
1051 982 1151 1036 hoc
1187 981 1345 1035 modo
1398 983 1655 1037 adversus
1719 984 1849 1037 vitia
1894 998 2115 1051 regnum

544 1076 812 1129 obtineret
845 1090 858 1125 :
893 1089 999 1128 non
1032 1074 1134 1128 hoc
1165 1074 1319 1127 aliter
1347 1074 1584 1128 futurum
1636 1076 1896 1143 arbitror,
1954 1092 2113 1144 quam

545 1168 719 1235 ipsam
748 1167 1105 1220 humilitatem
1165 1166 1461 1221 induendo.
1523 1170 1883 1234 Quamobrem
1937 1172 2119 1225 dicere

545 1258 624 1311 fa~
661 1266 743 1312 est
780 1260 839 1309 ιιι·
869 1259 971 1310 bac
996 1258 1309 1323 disserenti,
1342 1273 1462 1313 esse
1514 1261 1680 1313 dubio
1716 1261 1905 1327 procul
1962 1261 2120 1331 longe

547 1351 822 1405 meliorem
858 1350 984 1416 illis,
1018 1366 1139 1417 quae
1172 1352 1238 1403 ad
1292 1352 1641 1406 securitatem
1698 1352 1978 1407 hominum
2033 1355 2121 1408 in-

547 1451 703 1495 venta
737 1450 882 1505 sunt,
914 1451 969 1495 et
1023 1443 1267 1496 eamdem
1322 1443 1581 1497 eximium
1642 1444 1697 1498 in
1753 1445 1971 1499 modum
2026 1462 2120 1500 eos

545 1547 763 1594 ornare.
789 1534 990 1601 quibus
1019 1533 1218 1599 adest;
1271 1549 1544 1604 omneque
1598 1536 1860 1589 virtutum
1926 1552 2119 1604 agmen

547 1626 876 1694 proprietate
910 1642 1030 1690 sua,
1060 1628 1223 1696 vique
1252 1627 1457 1691 nativa,
1494 1627 1753 1697 singulari
1788 1642 1910 1681 cum
1952 1629 2121 1697 maje-

548 1724 696 1770 state
731 1732 793 1770 ac
822 1716 1226 1786 magnificentia
1255 1718 1636 1771 eohonestare.
1671 1717 1859 1787 Itaque
1885 1734 1991 1772 non
2025 1722 2121 1774 abs

548 1824 608 1862 re
635 1810 803 1863 virtus
837 1809 972 1872 haec,
1007 1824 1170 1877 quam
1232 1810 1615 1878 pra-dicamus,
1666 1810 1934 1866 iudicatas
1994 1812 2121 1865 hac-

2225 623 2391 691 χήτου
2414 622 2469 673 δὲ
2502 622 2693 689 κομιδῆ
2725 622 2889 673 πᾶσιν
2918 621 3116 685 ἄλλοις.
3150 623 3222 673 Οὐ
3255 624 3358 689 μὴν
3382 623 3497 675 ἀλλ’
3544 623 3675 689 εἴγε
3719 624 3812 676 ἔνο

2224 730 2339 766 εστι
2362 713 2505 783 ψυχῇ
2539 713 2957 781 περιϐεϐλῆσθαι
2982 712 3286 784 πορφύραν,
3309 714 3401 766 καὶ
3428 715 3607 783 ταύτῃ
3650 714 3814 783 βασι-

2224 804 2409 856 λεῦσαι
2436 804 2573 855 κατά
2606 802 2811 865 παθῶν,
2848 804 2921 871 μὴ
2956 802 3019 854 ἂν
3063 802 3261 870 ἑτέρως
3306 798 3457 871 οῐμαι
3492 803 3663 856 τοῦτο
3714 822 3811 872 γε-

2228 895 2432 957 νέσθαι,
2474 893 2631 963 ἢτὴν
2682 896 3176 961 ταπεινοφροσύνην
3239 893 3407 962 αὐτὴν
3439 894 3805 948 ἐνδύσασθαι.

2229 985 2392 1036 Ὥστε
2427 983 2635 1047 ἔξεστιν
2669 985 2859 1045 εἰπεῖν,
2894 984 3021 1052 περὶ
3046 982 3249 1051 ταύτης
3285 982 3695 1054 διαλεγόμενον,
3730 986 3809 1048 ὡς

2227 1075 2341 1127 ἔστι
2373 1074 2471 1141 μὲν
2496 1073 2736 1143 ἀτεχνῶς
2768 1072 2899 1125 πολύ
2922 1090 2972 1125 τι
3003 1074 3268 1141 κρείσσων
3290 1074 3508 1127 ἐκείνων
3535 1076 3640 1144 ἣδε
3698 1077 3809 1128 τῶν

2226 1166 2304 1228 είς
2340 1164 2640 1232 ἀσφάλειαν
2680 1162 3054 1233 ἐξευρημένων
3087 1164 3412 1232 ἀνθρώποις,
3457 1167 3577 1218 ἔστι
3630 1167 3691 1219 δὲ
3723 1162 3809 1229 οἷς

2225 1254 2292 1329 ἂν
2324 1257 2496 1324 προσῇ
2521 1254 2812 1322 ὑπερφυῶς
2843 1252 3062 1312 τούτους
3092 1253 3387 1321 κοσμοῦσα,
3420 1255 3515 1307 καὶ
3567 1255 3629 1306 τὸ
3693 1255 3807 1305 τῶν

2225 1344 2435 1413 ἀρετῶν
2454 1343 2598 1396 ἅπαν
2629 1342 2911 1411 σύνταγμα
2944 1343 3084 1412 μετά
3117 1343 3313 1412 πολλῆς
3346 1344 3682 1411 σεμνότητος
3707 1346 3806 1396 καὶ

2232 1434 2703 1503 μεγαλοπρεπείας
2745 1433 3112 1504 φαιδρύνουσα
3158 1433 3234 1501 τῷ
3290 1434 3486 1500 ἑαυτῆς
3540 1434 3801 1500 ἰδιώματι

2228 1530 2323 1581 καὶ
2346 1528 2422 1597 τῷ
2452 1528 2737 1595 πεφυκότι.
2760 1527 2994 1588 Εἰκότως
3029 1524 3093 1578 ἂν
3119 1520 3208 1577 οὖν
3232 1524 3439 1588 δέξαιτο
3470 1525 3501 1593 ἡ
3538 1524 3637 1575 νῦν
3670 1526 3803 1591 ἡμῖν

2229 1619 2536 1687 ὑμνουμένη
2570 1618 2668 1680 τάς
2713 1618 2841 1685 περὶ
2890 1616 3055 1684 αὐτῆς
3090 1614 3384 1684 εἰρημένας
3422 1616 3800 1682 προσηγορίας

2228 1712 2460 1772 ἁπάσας.
2497 1711 2570 1761 Οὐ
2607 1708 2710 1778 μὴν
2738 1707 2851 1759 ἀλλ’
2901 1707 2948 1758 εί
2997 1707 3221 1758 κάκεῖνα
3269 1704 3486 1756 δυνατὸν
3534 1700 3627 1774 ἦν,
3666 1704 3797 1765 ὅσας

2231 1800 2454 1870 σεμνὰς,
2490 1801 2620 1862 ὅσας
2654 1798 2884 1865 ἀγαθὰς,
2907 1798 3035 1857 ὅσας
3071 1796 3404 1866 προσφιλεῖς,
3437 1795 3795 1864 ἐξευρηκέναι

547 1910 704 1954 tenus
749 1900 1137 1969 appellationes
1208 1914 1399 1956 omnes
1453 1901 1667 1969 recipit.
1727 1901 1840 1956 lmo
1900 1903 1946 1957 si
2008 1902 2121 1956 fieri

2242 1892 2319 1943 ταὶ
2363 1890 2703 1959 προσδιδόναι
2740 1889 2806 1958 τῇ
2860 1886 3204 1956 μετριότητι,
3251 1884 3379 1946 ἴσως
3422 1883 3520 1951 μὲν
3561 1886 3590 1936 ό
3638 1883 3795 1935 τοῦτο

548 2002 754 2059 posset,
821 2001 879 2044 ut
961 1989 1359 2059 appellationes
1445 2005 1786 2060 quaecunque
1858 1991 2121 2058 honestat,

546 2096 888 2151 quaecunque
920 2081 1091 2147 bonae,
1149 2096 1493 2150 quaecunque
1524 2090 1713 2150 gratae,
1736 2081 2125 2151 excogitaren-

549 2185 658 2237 tur,
689 2185 745 2228 et
772 2174 1053 2229 modestiae
1086 2173 1461 2229 tribuerentur
1491 2192 1503 2227 :
1540 2173 1776 2230 fortasse
1804 2174 2023 2243 quidem
2051 2177 2123 2239 is,

546 2268 640 2337 qui
678 2270 777 2322 hoc
816 2267 1041 2331 faceret,
1102 2282 1218 2321 rem
1268 2282 1379 2321 non
1457 2266 1629 2322 levem
1710 2267 2012 2336 peregerit;
2073 2276 2127 2319 at

549 2358 865 2424 humilitati,
907 2375 1029 2428 quae
1062 2358 1363 2414 Salvatoris
1394 2359 1564 2427 ipsius
1594 2368 1677 2414 est
1729 2361 1885 2429 quasi
1924 2358 2126 2413 collac-

550 2463 729 2518 tanea,
789 2453 1008 2508 minime
1072 2469 1329 2522 magnum
1394 2455 1595 2523 aliquid
1628 2454 1963 2516 contulerit;
2015 2468 2123 2506 non

549 2546 694 2598 enim
752 2547 897 2614 quod
973 2545 1137 2599 alicui
1194 2560 1474 2615 magnum,
1532 2545 1672 2599 idem
1736 2555 1790 2599 et
1849 2532 2128 2600 universis

550 2651 828 2704 magnum.
878 2634 1058 2703 lisque
1091 2635 1228 2690 adeo
1261 2636 1429 2690 vincit
1463 2636 1644 2691 omnia
1678 2636 1850 2705 ipsius
1876 2635 2129 2690 sublimi-

539 2735 636 2805 tas
668 2737 723 2781 et
755 2727 1097 2797 magnitudo,
1129 2742 1471 2796 quaacunque
1500 2727 1582 2781 vel
1637 2726 1973 2791 securitatis,
2038 2727 2121 2781 vel

553 2821 993 2889 pulchritudinis,
1051 2821 1132 2873 vel
1166 2820 1467 2876 honestatis
1524 2820 1979 2890 significationem
2033 2821 2129 2874 ha-

553 2915 732 2967 bentia
762 2914 1022 2967 vocabula
1055 2914 1133 2967 vel
1162 2922 1313 2978 sunt,
1341 2913 1424 2967 vel
1453 2923 1638 2976 erunt,
1692 2913 1775 2967 vel
1833 2912 2131 2982 excogitari

555 3016 811 3071 possunt.
842 3004 1094 3070 Quonam
1138 3005 1304 3074 igitur
1340 3004 1481 3058 hanc
1548 3003 1726 3073 pretio
1797 3004 1921 3073 quis
1986 3005 2132 3058 redi-

556 3112 734 3163 mens,
761 3112 867 3152 non
892 3097 1171 3165 egregium
1199 3104 1469 3165 quaestum
1527 3094 1757 3150 fecerit?
1815 3103 1910 3149 aut
1966 3110 2132 3164 quam

556 3187 809 3241 virtutem
871 3187 1033 3240 aliam
1090 3186 1213 3255 quis
1272 3187 1375 3240 ista
1434 3185 1620 3240 dicere
1700 3187 2130 3255 prmstantiorem

556 3281 773 3352 possit?
802 3280 957 3347 Quod
988 3282 1032 3335 si
1067 3281 1191 3348 quis
1224 3280 1389 3335 etiam
1441 3279 1658 3334 cunctis
1716 3280 1860 3332 hanc
1911 3289 2134 3347 antepo-

558 3391 690 3431 nere
718 3375 864 3439 velt,
897 3374 942 3427 is
975 3388 1089 3426 mea
1125 3387 1257 3428 sane
1302 3372 1569 3427 sententia
1614 3370 1737 3440 jure
1798 3386 1903 3424 non
1958 3384 2141 3439 repre-

561 3467 845 3519 hendetur.
884 3464 993 3533 Ego
1038 3465 1257 3534 quidem
1311 3465 1454 3518 hanc
1502 3464 1759 3517 virtutem
1815 3472 1874 3514 ut
1930 3461 2140 3515 creteris

560 3560 885 3629 digniorem,
922 3558 991 3611 itri
1016 3557 1298 3611 dilectioni
1323 3572 1507 3625 parem
1572 3555 1828 3609 arbitror.
1884 3553 1992 3608 Nec
2038 3554 2137 3608 abs

566 3667 625 3704 re
678 3652 876 3705 dixerit
936 3651 1157 3719 aliquis,
1212 3652 1310 3705 has
1366 3650 1502 3703 adeo
1559 3657 1821 3717 cognatas
1877 3662 2041 3709 esse,
2078 3652 2140 3698 ut

575 3743 969 3811 propemodum
1004 3742 1145 3796 idem
1180 3741 1436 3810 quiddam
1458 3741 1524 3794 iis
1547 3755 1668 3795 esse
1698 3739 1869 3792 videri
1904 3738 2137 3807 possint,

569 3848 801 3900 quorum
823 3847 977 3885 mens
1001 3830 1374 3899 perspicacius
1394 3845 1479 3883 res
1501 3828 1850 3884 sublimiores
1870 3832 2138 3895 penetrat.

577 3926 790 3993 Quippe
847 3924 1073 3979 dilectio
1135 3923 1460 3991 principium
1508 3928 1590 3975 est
1647 3920 1817 3988 ipsius
1883 3919 2144 3970 virtutum

566 4015 805 4070 circuli:
860 4014 1128 4069 modestia
1181 4028 1309 4067 vero
1370 4012 1514 4066 linis.
1591 4010 1935 4063 Circulorum
2011 4021 2143 4061 vero

571 4109 835 4176 principia
889 4117 945 4162 et
993 4108 1125 4161 fines
1193 4108 1334 4161 idem
1391 4115 1542 4160 sunt.
1592 4103 1730 4170 Quin
1792 4103 1954 4155 etiam
2019 4112 2145 4153 cum

568 4202 894 4270 principium
927 4202 1055 4266 sint,
1093 4208 1144 4255 et
1178 4200 1323 4264 linis,
1363 4212 1424 4251 ac
1483 4205 1769 4267 propterea
1821 4195 1891 4248 de
1947 4192 2149 4244 relato—

568 4310 688 4348 rum
746 4295 811 4349 ad
864 4294 1068 4362 aliquid
1120 4305 1401 4346 numero:
1469 4297 1689 4357 pmpter
1739 4286 1881 4339 hanc
1933 4298 2148 4353 quoque

570 4390 835 4442 rationem
865 4387 1090 4442 outuino
1123 4383 1368 4453 separari
1434 4396 1543 4435 non
1612 4389 1929 4460 potuerunt,
1987 4386 2149 4443 atque

571 4483 661 4534 ubi
695 4480 937 4543 dilectio,
1003 4478 1203 4531 ibidem
1251 4476 1353 4530 erit
1384 4485 1437 4529 et
1488 4473 1798 4537 modeStia;
1860 4469 2151 4525 similiter-

2230 1983 2459 2051 ποιήσας
2494 1978 2824 2048 κατώρθωκέ
2868 1994 2921 2028 τι
2960 1977 3068 2028 τῶν
3101 1975 3161 2027 οὐ
3193 1975 3388 2044 ῥᾳδίων
3424 1987 3442 2006 ⁸
3480 1976 3547 2042 τῇ
3601 1974 3659 2026 δὲ
3716 1973 3793 2041 τῷ

2230 2074 2438 2141 Σωτῆρι
2456 2070 2755 2139 συντρόφῳ,
2779 2068 2843 2119 ἵν’
2863 2069 2981 2119 ἀντὶ
3004 2067 3217 2118 πάντων
3234 2064 3376 2116 τοῦτ’
3392 2064 3619 2132 εἴποιμι,
3640 2063 3791 2116 οὐδὲν

2232 2164 2568 2234 προσήνεγκε
2604 2160 2766 2230 μέγα.
2794 2156 2871 2212 Ob
2893 2155 3000 2224 γάρ
3026 2154 3171 2223 δήτὸ
3201 2154 3343 2222 μέγα
3391 2155 3497 2205 τινὶ
3527 2155 3666 2221 μέγα
3723 2151 3789 2205 ἄν

2232 2256 2317 2324 εἴη
2346 2254 2438 2307 καὶ
2459 2253 2641 2304 πᾶσιν.
2691 2248 2874 2311 Οὕτως
2902 2246 3115 2299 ἅπαντα
3153 2244 3280 2313 νικᾷ
3304 2241 3381 2295 sb’
3407 2244 3591 2311 κείνης
3660 2243 3787 2310 ὕψος

2235 2345 2327 2398 καὶ
2361 2342 2610 2411 μέγεθος,
2640 2341 2737 2391 ὅσα
2772 2338 2906 2407 πρὸς
2935 2335 3249 2403 ἀσφάλειαν,
3298 2332 3395 2384 καὶ
3441 2332 3775 2400 φαιδρότητα,

2236 2437 2327 2489 καὶ
2343 2432 2741 2499 καλοκαγαθίαν
2764 2429 3127 2499 προσρήματα
3152 2425 3184 2496 ἢ
3225 2425 3390 2485 ἔστιν,
3417 2422 3451 2490 ἢ
3486 2425 3772 2491 γενήσεται,

2235 2526 2539 2597 ἢνοηθῆναι
2573 2517 2660 2575 οἶά
2687 2539 2769 2574 τε.
2795 2520 2948 2583 Τίνος
2976 2518 3068 2572 οὖν
3090 2520 3156 2572 ἀν
3184 2534 3265 2578 τις
3282 2517 3487 2586 ταύτην
3504 2514 3776 2583 ὠνησάμε-

2236 2635 2344 2682 νος,
2381 2617 2455 2686 μὴ
2486 2616 2624 2669 πάνυ
2656 2612 2834 2675 καλῶς
2863 2612 3265 2681 ὲμπορεύσαιτο
3295 2624 3311 2673 ;
3354 2608 3423 2659 Ἢ
3449 2606 3608 2659 ποίαν
3629 2604 3784 2677 ἀλλην

2236 2712 2342 2763 τῶν
2366 2708 2572 2780 ἀρετῶν
2610 2708 2722 2777 ἐρεῖ
2744 2723 2825 2769 τις
2854 2703 3051 2772 ταύτης
3088 2701 3293 2773 ἀμείνω
3317 2715 3332 2767 ;
3396 2700 3461 2756 Ei
3490 2700 3545 2755 ἴε
3574 2705 3664 2755 καὶ
3689 2718 3785 2754 πα⁸

2240 2803 2346 2855 σῶν
2370 2814 2474 2854 τινι
2505 2799 2655 2870 φίλον
2681 2797 2881 2864 ταύτην
2897 2794 3199 2868 προθεῖναι,
3229 2799 3256 2850 ὁ
3296 2796 3360 2866 δὴ
3406 2794 3642 2857 τοιοῦτος
3694 2793 3788 2844 οὐκ

2241 2895 2305 2949 ἂν
2330 2893 2552 2955 δικαίως
2574 2887 2725 2960 οῐμαι
2747 2888 2956 2956 δέξαιτο
2985 2890 3213 2959 μέμψιν.
3228 2887 3368 2955 Ἐγὼ
3397 2887 3455 2939 δὲ
3477 2886 3676 2953 ταύτην
3694 2883 3789 2949 τὴν

2239 2986 2437 3057 ἀρετὴν
2481 2983 2648 3054 μείζω
2685 2986 2779 3053 μὲν
2808 2983 2916 3036 τῶν
2954 2982 3127 3034 ἄλλων
3180 2978 3566 3047 ὑπολαμϐάνω,
3611 2976 3791 3044 ἀγάπῃ

2239 3079 2295 3132 δὲ
2326 3078 2607 3148 ὁμότιμον.
2646 3076 2801 3129 Εἴποι
2833 3074 2879 3125 δ’
2898 3075 2963 3126 ἄν
2992 3089 3075 3133 τις
3104 3070 3306 3132 ταύτας
3343 3071 3444 3121 οὐκ
3496 3068 3791 3125 ἀπεικότως

2241 3170 2383 3225 οὕτω
2408 3188 2520 3232 πως
2554 3168 2695 3236 ἔχειν
2726 3165 2983 3233 γνησίως,
3035 3164 3110 3223 ὡς
3162 3160 3357 3233 μικροῦ
3417 3159 3611 3211 ταυτὸν
3661 3154 3793 3208 εἶναι

2242 3264 2410 3328 δόξαι,
2440 3257 2519 3325 οἷς
2546 3277 2607 3329 γε
2636 3256 3105 3327 θεωρητικώτερον
3136 3257 3164 3308 ὁ
3196 3255 3319 3313 νοῦς
3373 3250 3658 3319 ἐμϐατεύει
3685 3249 3793 3306 τοῖς

2242 3357 2349 3409 τῶν
2380 3354 2718 3424 πραγμάτων
2746 3349 3115 3419 ὑψηλοτέροις.
3155 3346 3320 3415 Ἀρχὴ
3347 3344 3451 3411 γάρ
3480 3340 3737 3410 δήπουθεν
3755 3339 3788 3404 ἠ

2244 3449 2432 3516 ἀγάπη
2464 3447 2556 3498 τοῦ
2590 3445 2695 3497 τῶν
2723 3441 2932 3513 ἀρετῶν
2971 3441 3084 3492 ἐστι
3109 3438 3301 3491 κύκλου
3326 3452 3339 3465 ⁸
3369 3437 3399 3503 ἠ
3425 3434 3480 3486 δὲ
3507 3430 3789 3499 μετριότης

2245 3544 2304 3595 τὸ
2349 3540 2521 3602 τέλος.
2578 3539 2687 3590 Καὶ
2744 3534 2857 3587 τῶν
2875 3532 3090 3585 κύκλων
3142 3532 3198 3581 αἱ
3231 3526 3409 3596 ἀρχαὶ,
3439 3524 3530 3575 καὶ
3551 3523 3617 3573 τὰ
3642 3519 3789 3582 τέλη,

2244 3633 2456 3687 ταυτόν.
2500 3632 2574 3683 Ού
2610 3630 2715 3699 μὴν
2741 3627 2853 3680 ἀλλ’
2881 3624 3174 3691 ἐπειδήπερ
3205 3619 3343 3688 ἁρχὴ
3371 3615 3462 3669 καὶ
3488 3614 3655 3676 τέλος,
3700 3610 3798 3662 καὶ

2244 3726 2330 3778 διὰ
2357 3723 2510 3775 τοῦτο
2539 3720 2643 3772 τῶν
2668 3718 2796 3788 πρός
2832 3734 2905 3779 τι,
2929 3711 3036 3767 εἷεν
3064 3712 3129 3765 ἂν
3153 3712 3244 3763 καὶ
3272 3710 3359 3761 διὰ
3388 3706 3568 3758 τοῦτον
3597 3703 3681 3754 τὸν
3714 3699 3799 3750 λό-

2246 3835 2340 3886 γον
2367 3813 2641 3876 παντελῶς
2664 3811 2961 3885 ὰχώριστσ,
3010 3805 3105 3860 καὶ
3154 3804 3239 3857 ἱνα
3267 3805 3300 3871 ἡ
3348 3800 3554 3868 ἀγάπη,
3600 3795 3700 3885 καὶ
3745 3792 3802 3845 τὸ

2251 3910 2470 3980 μέτριον
2493 3923 2506 3937 ο
2539 3905 2611 3966 ὡς
2643 3905 2698 3957 δὲ
2729 3904 2824 3957 καὶ
2850 3902 2909 3954 τὸ
2940 3898 3208 3952 ἀνάπαλιν
3232 3912 3245 3926 °
3281 3894 3421 3946 ὥστε
3450 3892 3665 3980 κάκεῖνο
3694 3902 3803 3980 Ασα·

2248 3977 2367 4070 ipss.
2408 3998 2525 4052 Ἰνα
2545 3996 2654 4065 γὰρ
2684 3994 2744 4047 ού
2777 3992 3036 4059 πάρεστιν
3075 3989 3108 4057 ἡ
3142 3986 3323 4055 ἑτέρα,
3363 3983 3457 4036 καὶ
3481 3980 3577 4048 τὴν
3622 3977 3806 4070 ἑτέραν

2248 4096 2461 4149 ἀπεῖναι
2482 4091 2589 4144 τῶν
2614 4085 2946 4155 ἀναγκαίων.
2977 4083 3090 4134 Οὐκ
3123 4081 3236 4131 ἔστι
3271 4075 3447 4129 τοίνυν
3479 4072 3699 4140 θάτερον
3723 4062 3811 4119 εί-

2250 4201 2357 4245 ναι,
2393 4183 2426 4251 ἢ
2458 4180 2734 4249 νοηθῆναι,
2790 4176 2895 4228 κᾶν
2924 4174 2951 4226 ὅ
2982 4190 3036 4223 τι
3070 4171 3298 4239 γένοιτο,
3356 4165 3582 4234 ϐατέρου
3620 4177 3685 4228 γε
3711 4157 3810 4251 pi}

2250 4246 2468 4342 liv-cogi,
2502 4246 2809 4340 νοουμένου.
2845 4267 2941 4316 “Av
2962 4260 3054 4317 οὖν
3088 4262 3200 4329 ἀπῇ
3231 4257 3290 4309 τὸ
3329 4253 3602 4315 ταπεινὸν,
3639 4249 3733 4302 καὶ
3758 4246 3812 4297 ei

2250 4370 2346 4434 τῆς
2381 4365 2604 4431 ἀγάπης
2636 4361 2829 4414 ἄπεστι
2863 4357 3070 4427 χρῆμα.
3103 4352 3318 4420 Ταύτης
3367 4350 3421 4402 δὲ
3449 4348 3549 4416 τῆς
3594 4342 3815 4434 ξυνωρί-

2252 4433 2337 4519 δος
2360 4454 2629 4522 ἀπούσης,
2653 4451 2760 4503 οὐδ’
2808 4450 2874 4502 ἂν
2903 4446 3024 4500 οὐδὲ
3051 4444 3156 4498 τῶν
3199 4441 3407 4511 ἀρετῶν
3441 4438 3585 4491 ἆπαν
3620 4433 3818 4497 σύστη-
3888 4504 3894 4509 ﬁ

695 4522 937 4543 ...ωυηη
1003 4522 1203 4531 κων..-
1254 4522 1353 4530 --η
1386 4522 1437 4529 --
1492 4522 1751 4528 ,πεπρ
1783 4522 1798 4537 ,
1861 4522 1880 4525 _

571 4589 675 4638 que
693 4573 808 4626 vice
834 4585 1011 4624 versa.
1041 4569 1386 4638 Quapropter
1404 4567 1509 4621 hoc
1536 4578 1755 4635 quoque
1782 4561 2122 4631 perspicuum

2265 4565 2340 4615 μα
2396 4538 2906 4638 προσγένοιτόμποτέ
2934 4554 3037 4638 τινι
3065 4534 3173 4637 τῶν
3201 4532 3519 4638 ἀνθρώπων.
3549 4525 3690 4638 ΧΤη-ςὶ

572 4608 675 4638 ψ...
700 4608 808 4626 ..νυ
840 4608 1011 4624 ηις...
1044 4608 1376 4649 uesper“.
1406 4608 1509 4621 ..νν
1537 4608 1755 4635 Ἵππην
1783 4608 2047 4631 γνηπη

572 4664 705 4719 Nam
743 4665 831 4718 uhi
877 4679 981 4717 non
1014 4663 1168 4717 adest
1228 4676 1356 4726 una,
1420 4658 1497 4712 ibi
1562 4665 1617 4711 et
1675 4656 1902 4709 alteram
1958 4652 2135 4705 abesSt

2255 4608 2671 4710 ἀρχῆς-καῖτοῦ
2700 4631 2883 4689 τέλους
2927 4624 3191 4697 μηδαμῶς
3234 4623 3422 4721 όντων,
3479 4616 3571 4721 καὶ
3625 4614 3698 4726 τὶ
3741 4608 3820 4661 διὰ

576 4751 886 4813 necessario
910 4755 1175 4823 sequitur.
1200 4752 1438 4819 ideoque
1469 4750 1653 4820 nequit
1710 4748 1902 4801 horum
1948 4746 2153 4797 alteru-

579 4857 717 4901 trum
767 4849 847 4902 vel
871 4862 1015 4913 esse,
1056 4846 1136 4900 vel
1158 4845 1487 4914 cogitatione
1541 4837 1953 4909 comprehendi,
1986 4835 2149 4902 quid-

578 4940 707 5007 quid
730 4955 863 4993 sane
895 4941 1019 5003 fiat,
1051 4938 1097 4995 si
1131 4939 1457 4992 alterutrum
1490 4934 1573 4987 vel
1596 4946 1701 4987 non
1736 4931 1826 4992 sit,
1859 4928 1940 4982 vel
1971 4942 2152 4981 mente

582 5046 688 5082 non
725 5031 1075 5098 percipiatur.
1135 5030 1316 5093 Quare
1339 5028 1382 5081 si
1443 5024 1583 5078 absit
1638 5020 1939 5083 humilitas,
1994 5018 2157 5070 etiam

584 5126 740 5177 abest
772 5122 1014 5184 dilectio.
1053 5122 1110 5177 Si
1139 5137 1268 5178 vero
1303 5136 1397 5190 par
1424 5118 1573 5175 istud
1616 5116 1781 5180 absit,
1814 5127 1884 5167 ne
1935 5109 2158 5180 quidem

581 5215 896 5269 universum
926 5229 1126 5279 corpus
1157 5214 1417 5267 virtutum
1452 5210 1704 5279 aquirere
1742 5205 1864 5275 quis
1923 5214 2160 5273 unquam

585 5317 784 5379 potest.
840 5304 976 5359 Nam
1063 5304 1108 5358 si
1161 5319 1337 5373 neque
1398 5301 1754 5371 principium.
1814 5308 1992 5364 ηθίιιιε
2042 5290 2164 5345 “ms
2273 5290 2393 5379 Τήν⁶
2648 5375 2658 5379 _
2954 5357 3053 5379 ,ευ

585 5356 877 5463 exsistant,
934 5396 1099 5451 etiam
1151 5396 1473 5450 intermedia
1530 5403 1725 5448 cuncta
1777 5387 2025 5443 fortassis
2064 5384 2167 5437 hoc
2206 5378 2404 5433 habere
2436 5375 2695 5463 possunt,
2719 5372 2774 5417 ut
2797 5374 2919 5416 esse
2949 5356 3205 5463 ειυιτιιιε

587 5504 644 5545 ιιι
674 5504 862 5547 revera
894 5488 1022 5544 sint.
1065 5487 1429 5556 Consequitur
1474 5502 1627 5557 ergo,
1683 5482 2029 5539 dilectionem
2082 5475 2298 5533 abesse,
2368 5468 2412 5522 si
2469 5461 2893 5559 modestiamop
2927 5450 3154 5559 ἐἴδειιὶ

586 5586 633 5638 si
695 5595 1005 5645 careamus,
1049 5578 1249 5632 nullam
1315 5545 1833 5631 hominivvirtuteiu
1893 5568 2159 5635 reliquam
2199 5575 2318 5617 esse
2352 5578 2367 5615 :
2401 5571 2519 5627 qum
2562 5564 2693 5607 sane
2723 5548 2767 5601 Si
2826 5545 3001 5599 αῧεῖηι

594 5682 785 5748 ticcps,
849 5678 996 5746 quod
1062 5674 1360 5730 secundum
1445 5672 1702 5725 virtutem
1755 5668 1959 5722 factum
1995 5662 2261 5714 videatur.

670 5772 735 5824 Et
767 5773 881 5824 harc
911 5770 1130 5840 quidem
1165 5767 1216 5820 in
1250 5766 1393 5819 hunc
1423 5766 1640 5818 modum
1673 5777 1791 5815 esse
1842 5765 2175 5824 cuinparata,

597 5861 667 5914 de
693 5861 759 5916 iis
787 5870 992 5917 constat
1029 5875 1146 5931 qum
1178 5860 1316 5915 dicta
1348 5866 1498 5912 sunt.
1534 5855 1686 5909 Scire
1736 5867 1865 5906 vero
1899 5849 2178 5909 debemus,

2264 4704 2429 4800 μέσου
2460 4726 2635 4779 πάντα
2671 4723 2732 4774 τό
2760 4738 2822 4788 γε
2861 4720 3035 4771 δοκεῖν
3077 4714 3194 4784 μεθ’
3243 4708 3459 4800 ἑαυτῶν*
3487 4709 3616 4800 ἴσως
3674 4704 3821 4800 Exodo

2265 4789 2368 4886 σιν,
2394 4820 2453 4872 ού
2489 4817 2548 4869 τὸ
2578 4811 2789 4883 ἀληθῶς
2812 4804 2971 4862 εἶναι.
2998 4804 3290 4875 Συμσαίνει
3314 4801 3378 4869 δὴ
3410 4797 3507 4866 τὴν
3564 4795 3661 4886 μὲν
3696 4789 3825 4886 dyi-

2395 4912 2631 4972 ἀπεῖναι,
2667 4880 2730 4959 ἀν
2761 4904 2834 4974 μὴ
2863 4903 3008 4969 παρῇ
3035 4898 3128 4951 καὶ
3153 4896 3212 4947 τὸ
3243 4893 3455 4963 μέτριον
3480 4905 3517 4981 ον
3542 4880 3824 4981 ταύτηςδὲ

2268 4975 2367 5073 της
2402 5000 2659 5068 συζυγίας
2692 4998 2820 5066 ἡμῖν
2856 4990 3154 5055 ούκοῦσης,
3192 4984 3458 5056 μηδεμίαν
3501 4977 3699 5073 ἀρετὴν

2271 5060 2781 5166 ὓρῶπῳ-προσεῖναι
2822 5099 2836 5114 ·
2891 5083 2986 5136 καὶ
3010 5083 3076 5149 τῇ
3103 5077 3307 5130 τούτων
3328 5073 3393 5128 αὖ
3424 5066 3667 5166 ἀπουσία
3702 5060 3826 5166 μηδὲ

2271 5157 2472 5260 ἀβετῆξ
2505 5157 2748 5255 μετέχειν
2772 5179 2832 5231 τό
2858 5193 2921 5246 γε
2966 5172 3155 5227 δοκοῦν
3196 5164 3505 5236 πεπρᾶχθαι
3546 5157 3667 5213 κατ’
3718 5159 3829 5222 ἀρε·

2273 5299 2303 5334 τ
2346 5299 2393 5333 ν.
3109 5305 3111 5307 ί

2277 5282 2404 5413 him
2436 5375 2684 5413 ηηςςιιηι.
2719 5372 2774 5413 ιιι
2797 5374 2919 5413 esse
2949 5357 3053 5412 sibi
3089 5355 3412 5413 videantur;
3475 5359 3580 5399 non
3656 5352 3829 5397 autent

3233 5460 3329 5512 eaq
3340 5457 3405 5496 ue
3456 5436 3831 5507 conjunctione

3015 5582 3029 5608 ,
3107 5555 3206 5597 nec
3258 5534 3477 5589 virtutis
3532 5544 3652 5586 esse
3722 5537 3835 5597 par-

2358 5746 2481 5799 Ὀτι
2517 5743 2613 5811 μὲν
2640 5739 2731 5793 οὖν
2760 5734 2929 5790 ταῦτα
2971 5731 3115 5803 τῇδε,
3158 5727 3311 5781 δίλον
3342 5724 3441 5791 ἤδη
3496 5720 3725 5811 γέγονεν
3778 5716 3837 5763 ὲκ

2286 5841 2390 5893 τῶν
2417 5834 2721 5907 εἰρημένων
2742 5847 2755 5861 °
2780 5828 2934 5884 δεῖδὲ
2964 5825 3113 5897 ἡμᾶς
3150 5822 3247 5890 τὴν
3305 5813 3578 5885 μακαρίαν
3627 5810 3837 5877 ἀγάπην
