4098 6272
247 391 347 459 Ml

1618 406 1905 471 ORATIO
1946 411 2080 476 VII.

3416 409 3520 480 542

243 508 486 576 κρηπῖδα
508 507 601 562 καὶ
631 508 880 580 θεμέλιον
923 513 1163 582 ἀσφαλὲς
1223 516 1445 583 εἰδέναι,
1502 518 1827 591 ἐρηρεισμέ-

1936 525 2318 586 beatamillam
2363 531 2709 587 dilectionem
2754 543 2877 585 esse
2922 528 3253 598 crepidinem
3295 537 3351 583 et
3390 539 3517 580 tun-

242 614 342 664 νην
371 599 578 668 ἑπὶτῆς
600 602 828 672 πέτρας,
854 604 1016 659 αὐτοῦ
1075 607 1312 678 Χριστοῦ
1348 626 1365 642 ⁸
1412 610 1569 682 ῥίζαν
1607 629 1666 664 τε
1719 614 1830 668 τῶν

244 690 467 756 ἀγαθῶν
496 692 623 761 ἑξῆς
653 695 930 763 ἁπάντων,
962 701 1345 776 διικνουμένην
1372 706 1428 766 ἒς
1470 705 1632 774 βάθος
1665 707 1828 777 μέγα,

244 784 340 835 καὶ
391 784 527 853 ὕψος
578 786 747 852 ὅντως
788 792 1225 865 ἀνεξερεύνητον,
1273 796 1432 867 εἴπερ
1479 798 1544 851 τὰ
1592 798 1694 868 μὲν
1736 799 1829 852 τοῦ

247 876 381 929 Θεοῦ
418 879 643 932 τοιαῦτα
674 897 687 911 '
722 884 753 952 ἠ
784 884 839 936 δὲ
863 887 1116 939 τοσοῦτον
1163 889 1222 941 ἐν
1263 889 1338 958 τῷ
1370 890 1510 960 Θεῷ,
1560 892 1682 945 ὅσον
1737 892 1832 945 καὶ

247 968 605 1038 αὑτοαγάπην
636 974 844 1029 ἐκεῖνον
870 976 1145 1043 λέγεσθαι.
1203 982 1313 1034 Καὶ
1344 984 1392 1035 εἰ
1416 983 1497 1035 δεῖ
1524 985 1584 1036 τὸ
1612 986 1720 1037 πᾶν
1751 987 1829 1038 εῖ-

247 1063 388 1118 πεῖν.
422 1066 581 1133 σειρᾷ
608 1066 705 1132 μὲν
724 1066 900 1122 ἔοικεν
923 1069 1179 1140 ἄντικρυς
1204 1073 1262 1126 τὸ
1290 1074 1397 1127 τῶν
1419 1078 1630 1144 ἀρετῶν
1650 1076 1834 1145 ἄθροι-

248 1169 380 1217 σμα,
409 1155 500 1206 καὶ
530 1156 772 1225 ἀλλήλων
807 1158 1017 1230 ἔχονται
1062 1164 1257 1227 πᾶσαι,
1291 1165 1521 1234 ταυτησὶ
1558 1167 1612 1220 δὲ
1666 1168 1832 1237 μόνης

247 1244 577 1313 ἐξήρτηνται
602 1249 698 1315 τῆς
721 1251 956 1321 ἀγάπης.
988 1254 1149 1308 Ὥστε
1177 1256 1356 1310 πάντα
1382 1257 1448 1311 ἂν
1470 1259 1731 1329 ἁρμόσειε
1762 1262 1832 1313 τά

254 1336 510 1403 μέγιστα,
538 1339 632 1391 καὶ
668 1341 936 1410 βέλτιστα,
965 1346 1059 1398 καὶ
1089 1348 1373 1415 κάλλιστα,
1398 1352 1490 1403 καὶ
1524 1344 1704 1421 τ’ίμια,
1738 1355 1833 1407 καὶ

249 1429 447 1497 σεμνὰ,
484 1432 538 1484 εῖ
558 1451 643 1496 τις
667 1436 894 1504 ἀγείρας
928 1439 1023 1491 καὶ
1050 1440 1305 1506 συνελὼν,
1355 1442 1491 1513 αὐτῇ
1547 1460 1609 1507 γε
1661 1443 1832 1498 ταῦτα

248 1523 550 1590 προσοίσει.
586 1526 751 1580 Οὐδὲν
784 1530 892 1599 γὰρ
927 1527 1104 1600 οἴμαι,
1139 1534 1291 1586 οὐδὲν
1312 1534 1420 1587 τῶν
1450 1535 1670 1603 ἀγαθῶν
1706 1536 1833 1605 ἑξῆς

248 1614 497 1679 πάντων,
527 1616 661 1688 ὅπερ
697 1620 762 1672 ἂν
794 1613 1000 1693 ἀπᾷδον
1033 1624 1120 1693 εἴη
1147 1625 1255 1678 τῶν
1284 1627 1470 1697 ἐκείνῃ
1512 1644 1574 1695 γε
1607 1628 1836 1697 προσόν-

247 1724 361 1758 των
386 1709 693 1775 ἰδιωμάτων
729 1728 743 1743 ο
775 1712 963 1784 ὥσπερ
988 1716 1098 1768 οὐδ’
1132 1715 1247 1770 ἔστι
1278 1718 1387 1771 τῶν
1418 1720 1692 1784 ἁπάντων,
1716 1721 1831 1789 εῐγε

247 1798 350 1867 τῆς
391 1802 608 1871 μερίδος
634 1804 742 1856 τῶν
782 1806 1001 1870 ἀγαθῶν
1034 1808 1199 1873 ἐστιν,
1231 1810 1368 1880 ὅπερ
1412 1811 1487 1878 μὴ
1519 1811 1660 1864 πάνυ
1692 1829 1831 1880 συμ-

250 1892 487 1960 ϐήσεται
520 1896 585 1963 τῇ
635 1895 732 1962 τῆς
763 1899 1268 1969 ταπεινοφροσύνης
1322 1902 1605 1972 ἀκρότητι.
1649 1903 1831 1971 Οὔσης

246 1980 345 2038 οὖν
374 1985 585 2055 ἐκείνης
616 1989 643 2040 ὅ
676 2005 836 2060 τιπερ
858 1991 1152 2058 κεφάλαιον
1184 1993 1290 2045 τῶν
1316 1994 1515 2061 καλῶν,
1548 1996 1698 2048 οὐδέν
1726 2012 1829 2049 που

247 2080 635 2147 ταπεινότερον
665 2080 812 2147 ὅμως
844 2081 905 2134 τδ
928 2082 1028 2147 τῆς
1062 2085 1415 2154 μετριότητος
1467 2086 1693 2154 μέγεθος
1732 2087 1828 2141 τοῦ

247 2168 354 2237 τῆς
377 2169 596 2237 ἀγάπης
627 2169 794 2239 ὕψους
829 2174 922 2227 καὶ
950 2172 1274 2244 ἀξιώματος.
1308 2176 1414 2227 Καὶ
1448 2176 1555 2247 γάρ
1595 2180 1710 2230 ἐστι
1737 2176 1832 2232 καὶ

248 2261 380 2314 καθ’
418 2261 585 2331 αὐτὴν
614 2262 869 2334 ἀγαθδνή
904 2267 1398 2338 ταπεινοφροσύνη,
1437 2270 1527 2321 καθι.
1559 2269 1831 2339 θησαυρὸς

178 2428 181 2431 γ
247 2353 636 2408 ἀποδέδεικται
661 2356 769 2406 τῶν
802 2358 1231 2427 συνειλεγμένων
1262 2362 1394 2429 ἡμῖν
1428 2362 1612 2414 καλῶν
1636 2363 1700 2415 ἐκ
1736 2362 1828 2415 τοῦ

246 2448 352 2515 τῆς
375 2448 594 2516 ἀγάπης
628 2449 828 2501 εὐθέων
858 2450 1125 2520 πτόρθων.
1186 2453 1347 2505 Ὥστε
1384 2452 1443 2517 ἐξ
1474 2455 1676 2521 ἀμφοῖν
1709 2454 1833 2520 ἀρίο

251 2552 377 2604 στη.
416 2538 540 2591 Εἴτε
567 2537 675 2606 γὰρ
702 2537 775 2600 ὡς
818 2539 970 2601 τέλος
1019 2539 1190 2608 αὐτὴν
1242 2540 1642 2611 θεωρήσαιμεν,
1680 2542 1831 2595 οὐδὲν

250 2626 424 2696 αὐτῆς
451 2627 675 2695 ἄμεινον
708 2643 723 2658 ⁶
752 2627 854 2680 εἴθ’
887 2629 963 2691 ὡς
1006 2631 1141 2699 πρὸς
1168 2630 1228 2682 τὸ
1254 2630 1404 2693 τέλος
1434 2631 1571 2700 αὐτῇ
1603 2633 1832 2702 χρησαί-

252 2717 418 2785 μεθα,
451 2720 552 2771 οὑκ
584 2718 730 2771 ἔστιν
760 2720 1050 2789 ἀποτυχεῖν
1076 2718 1167 2773 τοῦ
1197 2719 1427 2775 σκοποῦ.
1467 2722 1670 2792 Ἀγαθὴ
1722 2723 1832 2790 γάρ

252 2814 369 2864 ἐστι
395 2810 520 2864 καθ’
547 2812 734 2879 αὑτὴν,
772 2811 844 2874 ὡς
865 2812 1113 2881 εἰρηνική
1143 2829 1200 2864 τε
1234 2812 1328 2865 καὶ
1352 2814 1655 2884 πραοτάτη,
1710 2814 1737 2865 ὃ
1766 2814 1829 2885 δὴ

250 2899 388 2953 θεοῦ
417 2901 561 2951 ἐστιν
582 2899 736 2953 ῐδιον.
774 2899 978 2969 Ἀγαθὴ
1002 2900 1056 2952 δὲ
1079 2896 1145 2953 αὖ
1172 2902 1263 2953 καὶ
1287 2901 1460 2953 ἄλλων
1487 2902 1644 2955 ἕνεκα
1685 2900 1829 2954 πλεί-

252 3008 395 3044 στων
428 3007 443 3021 ο
476 2990 571 3043 καὶ
604 2991 691 3043 διὰ
738 2989 897 3044 τοῦτο
940 2991 1211 3061 θησαυρὸς
1275 2992 1491 3045 πάντων
1548 2990 1675 3059 ἑξῆς
1723 2985 1831 3045 τῶν

254 3082 437 3136 καλῶν
468 3088 561 3135 καὶ
596 3084 832 3153 εἴρηται,
862 3086 956 3138 καὶ
986 3085 1132 3138 ἔστιν
1161 3101 1174 3117 ο
1209 3085 1400 3155 ἐπειδὴ
1427 3085 1629 3156 ταύτης
1662 3088 1831 3156 χωρὶς

1937 614 2249 671 damentum
2282 626 2514 683 certum,
2567 618 2812 672 innixum
2866 625 3056 686 petrae,
3120 617 3373 669 nimirum
3420 614 3519 683 ipsi

1935 706 2175 773 Christo,
2238 709 2591 780 radicemque
2625 710 2892 765 bonorum
2927 708 3521 777 omnium,pertingen-

1936 810 2044 854 tem
2121 801 2188 855 ad
2240 818 2490 871 magnam
2552 802 3003 872 profunditatem,
3062 811 3117 855 et
3169 801 3513 853 altitudinem

1934 906 2126 960 reapse
2162 906 2267 945 non
2297 892 2773 959 pcrscrutabilem.
2809 892 3081 959 siquidem
3113 905 3233 959 qua:
3268 888 3362 943 Dei
3388 896 3521 942 sunt

1936 983 2063 1037 talia
2091 992 2217 1038 sunt
2245 1002 2259 1049 ;
2289 994 2343 1039 et
2371 983 2486 1052 ipsa
2534 999 2709 1052 usque
2741 984 2874 1038 adeo
2904 983 2957 1037 in
3010 984 3116 1035 Deo
3137 991 3240 1045 εει,
3288 980 3408 1034 ιιιίε
3439 983 3522 1049 ip—

1933 1075 2149 1130 sissima
2183 1090 2399 1144 quoque
2439 1075 2659 1132 dilectio
2690 1084 3053 1144 nuncupetur.
3090 1074 3168 1128 Ad
3224 1087 3515 1134 summam,

1934 1177 2141 1221 catena:
2164 1167 2466 1222 consimilis
2498 1177 2578 1223 cst
2608 1168 2873 1222 virtutum
2905 1179 3079 1223 cretus
3114 1183 3130 1233 ;
3165 1176 3217 1220 et
3242 1176 3300 1218 ut
3329 1176 3520 1218 omnes

1938 1259 2169 1314 invicem
2211 1260 2509 1325 cohaerent,
2570 1262 2845 1316 sicasola
2906 1260 3199 1315 dilectione
3260 1258 3522 1325 pendent.

1936 1352 2300 1418 Quamobrem
2330 1353 2451 1407 huic
2500 1353 2684 1408 omnia
2756 1352 3104 1422 congruerint
3160 1348 3420 1408 maxima,
3467 1356 3523 1401 et

1937 1446 2166 1514 optima,
2201 1453 2256 1500 et
2280 1445 2669 1515 pulcherrima,
2701 1454 2751 1499 et
2777 1444 3107 1507 veneranda,
3136 1450 3188 1496 et
3237 1448 3459 1509 augusta
3503 1454 3519 1503 ;

1941 1539 1984 1593 si
2021 1537 2146 1606 quis
2169 1553 2232 1593 ea
2264 1537 2515 1601 collecta,
2549 1544 2939 1605 congestaque,
3002 1533 3130 1587 huic
3187 1530 3523 1590 altrihuerit,

1936 1628 2155 1683 Nullum
2174 1628 2348 1693 enim,
2412 1632 2629 1697 opinor,
2681 1626 2889 1681 nullum
2924 1627 3146 1678 omnino
3181 1624 3380 1676 bonum
3416 1629 3522 1684 est,

1938 1722 2079 1791 quod
2106 1723 2174 1777 iis
2200 1736 2226 1773 a
2248 1718 2670 1788 proprietatibus
2685 1718 2973 1783 discrepet.
2991 1729 3110 1782 qua:
3132 1712 3257 1765 huic
3282 1711 3519 1764 adsunt:

1938 1812 2097 1868 sicuti
2140 1824 2241 1865 nec
2260 1809 2486 1864 omnino
2520 1808 2813 1875 quidquam
2848 1813 2965 1871 est,
2999 1802 3159 1856 modo
3199 1800 3463 1855 bonorum
3492 1814 3523 1849 τι

1937 1904 2198 1959 societate
2222 1917 2328 1957 non
2366 1901 2693 1963 excluditur,
2721 1898 2865 1968 quod
2918 1912 3021 1951 non
3073 1894 3356 1963 insigniter
3416 1893 3525 1947 hu~

1939 1997 2186 2052 militatis
2208 1994 2519 2049 eminentia:
2545 2007 2810 2060 supremae
2837 1990 3150 2045 conveniat.
3175 1988 3311 2043 Cum
3348 1988 3524 2057 igitur

1938 2091 2056 2159 ipsa
2093 2096 2259 2158 caput
2294 2096 2347 2142 et
2380 2096 2568 2141 vertex
2623 2086 2776 2154 quasi
2828 2083 3047 2152 quidam
3106 2083 3374 2136 honorum
3430 2076 3529 2142 sit,’

1938 2194 2047 2233 non
2085 2188 2265 2232 tamen
2299 2176 2561 2231 humilior
2578 2184 2660 2230 est
2690 2175 2967 2228 modestiae
2990 2174 3324 2242 magnitudo,
3358 2186 3520 2239 quam

1940 2267 2561 2325 dilectioniseminentia
2593 2266 2662 2320 sit
2684 2276 2850 2334 atque
2875 2263 3134 2333 dignitas.
3165 2262 3261 2316 Est
3290 2261 3437 2316 enim
3465 2269 3522 2315 ct

1940 2378 2037 2431 per
2066 2377 2124 2417 se
2151 2361 2350 2415 bonum
2377 2359 2649 2429 quoddam
2677 2358 2979 2419 humilitas,
3005 2366 3059 2410 et
3095 2368 3379 2410 ostensum
3413 2360 3521 2417 est,

1940 2455 2081 2508 hanc
2138 2469 2261 2508 esse
2302 2454 2617 2507 thesaurum
2681 2452 2947 2504 bonorum
2980 2465 3007 2502 a
3058 2448 3212 2502 nobis
3241 2447 3307 2501 de
3365 2444 3527 2499 rectis

1939 2542 2248 2598 dilectionis
2286 2542 2455 2595 ramis
2481 2541 2866 2595 collectorum.
2897 2539 3266 2605 Quamobrem
3294 2542 3527 2604 utraque

1939 2636 2148 2689 ratione
2181 2632 2632 2702 praestantissima
2665 2640 2769 2685 est.
2800 2631 2933 2684 Nam
2961 2630 3075 2684 sive
3106 2630 3251 2681 illam
3281 2634 3339 2681 ut
3365 2626 3523 2680 tinem

1939 2723 2497 2789 consideraverimus,
2517 2720 2657 2774 nihil
2690 2735 2753 2774 ea
2783 2720 3015 2775 melius:
3040 2718 3154 2773 sive
3178 2728 3434 2785 tanquam
3457 2714 3524 2769 ad

1941 2815 2102 2870 linem
2133 2829 2195 2867 ea
2227 2813 2494 2868 fuerimus
2523 2812 2625 2876 usi,
2652 2812 2908 2867 aberrare
2932 2826 2960 2862 a
2988 2825 3153 2878 scopo
3188 2825 3295 2863 non
3330 2822 3527 2873 possu-

1940 2922 2086 2962 mus.
2122 2907 2217 2961 Est
2243 2906 2387 2960 enim
2416 2914 2469 2959 et
2498 2919 2596 2973 per
2625 2918 2685 2958 se
2706 2903 2868 2967 bona,
2905 2912 3160 2970 tanquam
3204 2898 3426 2968 paciﬁca
3472 2907 3527 2949 et

1937 2998 2252 3059 mitissima,
2277 2994 2421 3063 quod
2456 3007 2587 3048 sane
2636 2991 2746 3046 Deo
2799 2989 3076 3061 proprium
3113 2998 3238 3044 est:
3289 2998 3345 3043 et
3384 2987 3527 3041 bona

1942 3097 2151 3147 rursus,
2183 3082 2318 3134 alias
2347 3079 2613 3150 plurimas
2634 3078 2708 3133 ob
2740 3092 2937 3133 causas
2971 3095 2986 3144 ;
3024 3078 3254 3147 ideoque
3305 3077 3528 3131 thesau-

254 3175 535 3239 παντελῶς
554 3175 813 3227 ἀδύνατον
842 3176 874 3244 ἢ
903 3175 1187 3247 διαρκέσαι
1213 3177 1449 3247 χρηστόν
1477 3195 1597 3231 τινα
1620 3178 1830 3247 ἀνθρω-

1939 3190 2036 3229 rus
2056 3176 2322 3228 bonorum
2358 3173 2602 3227 omnium
2632 3183 2686 3226 et
2708 3172 3033 3242 appellatur,
3057 3180 3212 3226 etest
3243 3173 3519 3240 :quaudo-

258 3284 358 3321 πον
390 3266 540 3329 ὄντα,
569 3264 600 3334 ἦ
636 3264 729 3318 καὶ
761 3263 859 3331 τὴν
898 3264 1075 3334 ἀρχὴν
1096 3264 1399 3333 γεγονέναι.
1435 3265 1623 3335 Ἰσμεν
1649 3265 1705 3317 δὲ
1740 3266 1835 3317 αὑ-

257 3357 355 3427 τὴν
384 3358 479 3411 καί⁵
522 3357 682 3409 τοῦτο
709 3356 1051 3427 χορηγοῦσαν
1076 3358 1208 3425 ἡμῖν
1233 3356 1292 3409 τὸ
1320 3356 1501 3410 καλόν.
1536 3356 1677 3425 Πρὸς
1726 3357 1832 3425 γὰρ

258 3447 349 3499 τὸν
383 3447 801 3517 εἰρηνικὼτατον
848 3446 940 3499 καὶ
968 3448 1271 3517 πραότατον
1319 3448 1590 3518 κηδεμόνα
1638 3466 1696 3501 τε
1740 3450 1834 3501 καὶ

262 3537 527 3604 δεσπότην
555 3538 700 3606 ἡμᾶς
758 3537 857 3607 τὴν
899 3538 1159 3605 ταχίστην
1221 3537 1558 3603 ἀναϐιϐάζει.
1620 3540 1834 3610 Ταύτην

262 3629 369 3698 γάρ
402 3630 605 3691 ἐκεῖνος
635 3630 927 3697 ὑπερφυῶς
955 3630 1232 3695 διανύσας,
1265 3632 1323 3697 ἐξ
1354 3633 1576 3700 ἀγάπης
1611 3633 1831 3702 ἀμηχά-

261 3737 353 3773 νου
376 3718 638 3788 κινηθεὶς,
667 3720 814 3788 ἡμᾶς
843 3721 905 3773 ἐκ
927 3720 1017 3773 τοῦ
1044 3720 1319 3792 βαράθρου
1342 3723 1439 3791 τῆς
1481 3724 1580 3791 γῆς
1632 3724 1836 3793 ἀνήγα-

256 3831 356 3881 γεν
385 3816 464 3876 είς
490 3813 581 3866 τδν
608 3813 856 3882 οὐρανὸν,
886 3815 1185 3883 ἑπομένους
1219 3816 1367 3884 αὐτῷ
1393 3816 1509 3867 κατ’
1565 3817 1727 3884 ἴχνος.
1774 3816 1835 3866 Et

259 3905 367 3975 γὰρ
398 3905 496 3972 τὴν
523 3903 693 3971 αὐτὴν
724 3902 918 3972 ἐκείνῳ
964 3905 1205 3975 χωρήσει
1251 3923 1335 3966 τις
1388 3905 1667 3972 ἀσφαλῶς,
1718 3904 1835 3967 πῶς

257 3998 319 4050 ού
361 3996 557 4068 ῥᾳδίως
589 3994 748 4047 αὐτὸν
776 3994 1148 4063 καταλήψεται
1184 4013 1197 4060 ;
1248 3991 1308 4047 οὗ
1339 3996 1391 4046 τί
1426 3994 1835 4065 μακαριώτερον

258 4090 452 4158 γένοιτ’
476 4087 540 4141 ἄν
569 4106 582 4152 ;
617 4089 712 4141 καὶ
738 4088 824 4140 διὰ
852 4087 1044 4150 ταῦτα,
1078 4088 1173 4139 ἐὰν
1210 4089 1437 4157 παραδῶ
1474 4089 1571 4150 τὰς
1627 4090 1838 4157 σάρκας

259 4199 386 4250 μου,
427 4181 513 4232 ἵνα
583 4178 973 4246 καυθήσωμαι,
1028 4179 1249 4245 ἀγάπην
1311 4178 1365 4232 δὲ
1392 4177 1464 4249 μὴ
1514 4179 1642 4247 ἔχω,
1685 4179 1837 4231 οὐδὲν

212 4312 227 4333 ,
255 4271 591 4340 ὠφελοῦμαι.
634 4272 741 4324 Καὶ
773 4269 1061 4338 γινώσκειν
1096 4271 1247 4338 παρά
1274 4270 1367 4324 τοῦ
1399 4273 1651 4341 Σωτῆρος
1698 4272 1837 4326 δεδί-

252 4367 481 4432 δαγμαι,
519 4361 613 4414 τοῦ
637 4362 817 4432 έργοις
862 4379 929 4430 με
974 4362 1033 4412 τὸ
1077 4361 1297 4431 μέτριον
1338 4362 1537 4431 μᾶλλον
1580 4363 1610 4433 ἢ
1660 4364 1836 4431 λόγοις

252 4453 583 4517 διδάξαντος,
620 4452 803 4504 δοῦλον
849 4452 1067 4518 ἀχρεῖον
1138 4452 1395 4521 ἐμαυτὸν,
1445 4454 1574 4505 ὅταν
1627 4455 1834 4523 εὑρεθῶ

252 4545 484 4613 πληρῶν
525 4542 617 4596 καὶ
655 4542 829 4595 πάντα
858 4542 925 4593 τά
956 4541 1159 4594 ἐκείνου
1226 4544 1646 4613 προστάγματα.
1710 4547 1832 4601 Ὀτι

253 4635 357 4702 μὲν
389 4630 482 4687 οὖν
509 4632 679 4694 οὕτως
710 4631 821 4700 ἔχει
851 4629 918 4683 τὰ
940 4632 1036 4696 τῆς
1065 4632 1286 4702 ἀγάπης
1322 4635 1417 4686 καὶ
1452 4637 1826 4706 μετριότητος,

246 4728 429 4800 δῆλον.

328 4992 391 5044 Ei
422 4991 479 5044 δὲ
511 4991 575 5059 δὴ
600 4991 693 5042 καὶ
731 4989 889 5042 τοῦτο
916 4987 1093 5059 χρεών
1132 4989 1268 5054 ἔστι,
1309 4990 1624 5054 συνελόντας
1680 4994 1830 5061 ἡμᾶς

250 5084 433 5136 εἰπεῖν
461 5082 702 5151 ὡσπερεὶ
727 5081 1279 5152 κεφαλαιωδέστερον,
1310 5083 1574 5154 ἑκατέρας
1600 5080 1849 5155 τοῦργον

247 5177 344 5229 καὶ
373 5173 433 5226 τὸ
467 5173 598 5226 ἴδιον
624 5172 739 5225 ἔστι
776 5172 875 5242 μὲν
908 5173 939 5242 ἡ
974 5173 1189 5243 ἀγάπη,
1246 5175 1430 5244 μήτηρ
1456 5191 1513 5226 τε
1551 5174 1691 5239 ἅμα,
1734 5175 1829 5228 καὶ

244 5264 468 5333 τροφὸς,
503 5264 599 5317 καὶ
629 5264 776 5335 ῥίζα,
809 5264 900 5316 καὶ
932 5265 1140 5333 κρηπὶς
1160 5264 1422 5333 ἄντικρυς
1450 5264 1528 5335 τῷ
1561 5267 1670 5317 τῶν
1701 5268 1828 5334 ἀρε·

247 5358 361 5410 τῶν
390 5359 718 5427 συστήματι,
751 5356 894 5426 ἀρχή
926 5373 984 5407 τε
1015 5357 1126 5419 τοῖς
1149 5354 1393 5409 ὁδεύουσι
1440 5357 1576 5427 πρὸς
1625 5358 1827 5428 ἀρετὴν

253 5448 449 5510 ἅπασι,
481 5447 576 5500 καὶ
605 5445 872 5516 πλάστης,
916 5447 1008 5498 καὶ
1031 5444 1313 5515 ἀλείπτης,
1340 5445 1413 5508 ὠς
1447 5446 1513 5500 ἄν
1547 5464 1628 5508 τις
1654 5448 1821 5512 εἴποι,

258 5537 356 5588 καὶ
389 5534 730 5599 ἁπαξαπλῶς
763 5535 872 5587 πᾶν
910 5534 1171 5599 τοιοῦτον,
1202 5529 1262 5587 οῦ
1299 5537 1464 5606 χωρὶς
1494 5536 1595 5589 οὐκ
1648 5538 1823 5592 ἔνεστι

249 5624 503 5691 γενέσθαι
534 5642 585 5677 τι
616 5624 725 5676 τῶν
761 5624 1013 5695 χρηστῶν
1061 5627 1180 5687 ταῖς
1238 5626 1535 5695 ἡμετέραις
1574 5626 1772 5697 ψυχαῖς
1805 5649 1820 5660 ·

249 5715 364 5769 ἔστι
388 5715 444 5769 δὲ
471 5717 503 5784 ἡ
536 5715 1006 5785 ταπεινοφροσύνη
1033 5715 1199 5767 οἱονεί
1217 5734 1297 5778 τις
1320 5716 1460 5781 ὁδὸς,
1505 5719 1596 5770 καὶ
1626 5720 1817 5789 πέρας,

249 5805 348 5858 καὶ
372 5807 397 5857 ὅ
423 5822 585 5877 τιπερ
609 5804 673 5859 ἂν
697 5805 905 5875 γένοιτο
936 5804 967 5875 ἢ
1018 5808 1190 5860 νοοῖτο
1237 5806 1475 5878 ἔρεισμα
1519 5808 1613 5862 καὶ
1646 5813 1816 5879 φυλα-

1936 3267 2155 3337 quidem
2182 3264 2388 3334 absque
2443 3265 2547 3319 hac
2592 3264 2707 3319 ﬁeri
2756 3264 2899 3318 nulla
2956 3263 3168 3318 ratione
3215 3271 3414 3332 potest,
3471 3272 3528 3318 ut

1938 3360 2100 3414 homo
2143 3358 2223 3412 vel
2248 3358 2425 3413 bonus
2452 3372 2576 3412 esse
2600 3363 2936 3427 perseveret,
2966 3355 3047 3408 vel
3100 3356 3269 3409 bonus
3306 3353 3528 3408 omnino

1939 3451 2053 3505 ﬁat.
2093 3450 2353 3504 Eamdem
2381 3450 2585 3504 scimus
2609 3450 2713 3505 hoc
2745 3462 2963 3519 quoque
2988 3447 3117 3501 boni
3154 3436 3314 3500 nobis
3332 3461 3529 3514 suppe-

1938 3540 2135 3595 ditare.
2190 3539 2321 3594 Nam
2367 3540 2434 3594 ad
2472 3554 2685 3595 summe
2740 3538 3028 3608 pacificum
3070 3537 3528 3604 mitissimumque

1939 3642 2247 3687 curatorem
2290 3646 2356 3685 ac
2406 3632 2690 3684 dominum
2752 3638 3002 3684 nostrum
3035 3643 3197 3697 quam
3238 3626 3527 3682 celerrime

1939 3739 2038 3779 nos
2060 3722 2318 3777 sustullit.
2349 3720 2522 3790 Hujus
2548 3722 2692 3776 enim
2730 3721 2819 3775 ille
2847 3736 3069 3775 cursum
3144 3734 3267 3773 cum
3303 3719 3528 3771 mirifice

1941 3814 2287 3882 complesset,
2316 3827 2502 3866 amore
2532 3820 2710 3865 motus
2740 3812 3033 3875 immenso,
3068 3824 3169 3864 nos
3190 3826 3218 3862 e
3242 3818 3402 3864 terra:
3426 3811 3526 3865 ba-

1940 3905 2127 3957 rathro
2156 3903 2412 3958 subduxit
2437 3906 2502 3955 ad
2525 3904 2746 3968 ccelum,
2769 3902 3007 3971 vestigiis
3030 3902 3145 3969 ejus
3173 3901 3523 3958 inhmreutes.

1938 3990 2072 4045 Nam
2097 3992 2138 4045 si
2171 3992 2290 4060 quis
2312 3992 2501 4045 eodem
2534 3984 2654 4045 cum
2719 3992 2811 4045 illo
2860 4006 3052 4046 secure
3084 4003 3272 4061 pergat
3307 3993 3523 4060 itinere,

1939 4099 2047 4153 quo
2076 4092 2233 4154 pacto
2267 4099 2374 4137 non
2409 4085 2474 4137 ad
2517 4100 2641 4139 eum
2685 4084 2845 4139 facile
2872 4089 3153 4153 perveniet
3182 4088 3204 4139 ?
3245 4103 3351 4155 quo
3394 4102 3527 4142 snne

1940 4176 2069 4244 quid
2109 4176 2361 4231 accidere
2408 4175 2623 4231 beatius
2682 4177 2885 4231 homini
2923 4177 3139 4246 possit?
3192 4179 3421 4244 ideoque
3480 4181 3526 4233 si

1942 4267 2146 4321 tradam
2178 4281 2372 4322 carnes
2410 4282 2579 4330 meas,
2605 4276 2661 4321 ut
2683 4268 3002 4331 comburar,
3033 4268 3374 4323 dilectionem
3398 4284 3526 4323 vero

1938 4376 2043 4414 non
2079 4361 2305 4417 habeam
2340 4377 2356 4427 ;
2393 4360 2524 4415 nihil
2553 4361 2677 4415 inde
2702 4376 3005 4430 consequor
3035 4362 3411 4417 emolmneuti.
3462 4362 3529 4415 Et

1939 4455 2165 4509 edoctus
2223 4469 2251 4507 a
2302 4453 2586 4509 Salvatore
2650 4470 2792 4521 sum,
2856 4456 2947 4524 qui
3010 4456 3326 4510 modestiam
3369 4456 3526 4510 factis

1938 4545 2118 4613 potius
2177 4561 2339 4613 quam
2382 4546 2562 4601 verbis
2595 4561 2681 4601 nte
2706 4547 2916 4611 docuit,
2954 4555 3010 4600 ut
3044 4548 3305 4616 meipsum
3356 4564 3526 4618 agno-

1933 4649 2082 4687 scam
2116 4635 2363 4688 inutilem
2392 4650 2636 4699 servum,
2665 4636 2829 4689 etiam
2858 4652 2981 4690 cum
3038 4637 3289 4689 mandata
3350 4637 3523 4714 ipsius

1930 4726 2115 4780 omnia
2199 4743 2286 4780 me
2346 4728 2603 4794 implesse
2663 4728 2991 4782 constiterit.
3049 4727 3338 4782 Enimvero
3390 4730 3527 4782 hanc

1932 4826 2041 4868 tum
2062 4815 2394 4879 dilectionis,
2431 4826 2542 4870 tum
2572 4818 2852 4881 modestia:
2886 4818 3149 4872 rationem
3215 4832 3355 4883 esse,
3410 4834 3528 4871 ma-

1934 4909 2138 4963 nifesto
2175 4921 2353 4977 paret.

2001 4996 2154 5062 Quod
2172 4999 2216 5051 si
2243 5008 2421 5053 autem
2444 5014 2470 5051 a
2495 5000 2648 5055 nobis
2667 5009 2718 5054 et
2742 5000 2843 5055 hoc
2870 5002 3187 5070 requiritur,
3211 5013 3269 5057 ut
3288 5003 3526 5058 breviter

1930 5091 2201 5159 quasique
2254 5094 2566 5146 summatim
2608 5094 2891 5163 utriusque
2921 5102 3029 5148 tam
3061 5094 3329 5162 ofﬁcium,
3354 5113 3522 5166 quam

1937 5182 2328 5250 proprietatem
2363 5199 2749 5253 exponamus;
2797 5188 3012 5241 dilectio
3070 5190 3290 5256 quidem
3350 5201 3524 5243 mater

1936 5282 2018 5327 cst
2050 5275 2279 5342 pariter,
2308 5286 2360 5330 et
2386 5278 2591 5344 nutrix,
2648 5289 2701 5333 et
2758 5281 2935 5345 radix,
2968 5290 3022 5334 ct
3071 5283 3296 5347 crepido
3357 5282 3520 5334 totius

1936 5362 2201 5416 virtutum
2234 5367 2501 5431 corporis,
2576 5376 2739 5435 atque
2793 5370 3115 5438 principium
3167 5370 3517 5439 pergentibus

1933 5451 1998 5503 ad
2038 5451 2292 5505 virtutem
2317 5454 2611 5519 universis,
2635 5467 2688 5509 et
2721 5456 3030 5521 formati-ix,
3065 5470 3119 5512 et
3150 5460 3386 5522 unctrix,
3437 5458 3517 5509 uti

1931 5543 2056 5611 quis
2083 5543 2306 5610 dixerit,
2339 5553 2392 5599 et
2419 5546 2740 5614 simpliciter
2773 5549 2905 5603 nihil
2936 5566 3041 5602 non
3067 5548 3358 5616 ejusmodi.
3384 5548 3515 5600 abs-

1931 5648 2038 5699 quc
2069 5648 2177 5702 quo
2205 5633 2330 5687 boni
2359 5636 2635 5704 quidpiam
2676 5641 2876 5694 nosu'is
2905 5642 2957 5694 iu
2999 5641 3196 5694 animis
3248 5639 3515 5692 exsistere

1932 5725 2139 5792 tthuit.
2177 5723 2469 5780 Huntilitas
2501 5743 2630 5782 vero
2661 5730 2817 5797 quasi
2867 5732 2952 5784 via
3012 5728 3259 5798 qumdam
3314 5738 3419 5792 est,
3453 5735 3510 5781 ct

1931 5815 2052 5871 linis
2077 5826 2129 5872 ct
2171 5818 2530 5891 quodcunque
2586 5820 2670 5877 vel
2710 5837 2856 5889 esse,
2914 5822 2995 5877 vel
3056 5821 3280 5891 cogitari
3337 5827 3515 5891 possit
