4098 6272
543 398 674 464 ἶ43ί

1709 391 2108 455 MANUELIS
2146 391 2589 454 PALZEOLOGI

3699 393 3809 457 5i!-

539 499 1233 575 ruterum,accuratumque
1262 502 1573 576 praesidium
1630 504 1899 560 bonorum
1937 503 2112 558 omni-
2143 532 2156 566 λ

2260 504 2444 575 τήριον
2478 503 2704 575 ἀκριϐὲς
2739 504 2955 559 πάντων
2996 505 3124 576 ἑξῆς
3153 506 3260 558 τῶν
3296 505 3503 569 καλῶν,
3531 503 3700 572 λῆξίς
3746 521 3808 556 τε

545 621 657 667 ιιιιι,
686 604 1054 668 virtutumque
1117 598 1402 662 terminus,
1467 606 1517 651 et
1550 598 1790 667 requies,
1830 607 1881 649 et
1928 605 2113 664 portus

542 692 819 754 Sztlttlat‘iS,
883 699 936 742 et
993 689 1146 742 locus
1209 698 1378 756 tutus,
1449 687 1586 742 ultra
1642 703 1801 756 quem
1861 683 2113 756 progredi

543 785 755 851 longius
809 781 1036 836 minime
1060 781 1141 834 las
1189 790 1292 846 est,
1353 780 1445 834 sed
1491 780 1728 833 victores
1772 779 1857 832 bic
1892 777 2118 830 ﬁrmiter

546 879 886 942 insistentes,
949 891 1043 943 spe
1112 874 1518 929 reconditorum
1596 873 1696 926 sibi
1777 873 2117 940 prmtniorum

545 978 715 1023 semet
752 967 1042 1020 oblectent.
1074 965 1212 1031 Quin
1252 965 1411 1019 etiam
1465 968 1564 1018 hac
1597 963 1809 1016 ratione
1874 961 2018 1014 velut
2066 959 2119 1013 iu

547 1058 851 1126 :equilibrio
890 1073 986 1122 par
1019 1057 1162 1111 istud
1199 1065 1303 1110 est.
1350 1054 1815 1122 Quemadmodum
1878 1053 2020 1106 enim
2077 1049 2120 1103 si

550 1150 770 1202 dilectio
798 1164 899 1202 non
946 1149 1112 1213 adsit,
1157 1148 1290 1200 nihil
1329 1147 1453 1199 boni
1525 1146 1640 1200 fieri
1699 1153 1922 1212 potest:
1959 1142 2031 1195 ita
2076 1138 2122 1194 si

553 1242 695 1293 absit
735 1239 1033 1303 humilitas,
1073 1239 1218 1292 nulla
1239 1236 1542 1292 dilectionis
1587 1237 1724 1290 bona
1776 1234 1932 1288 nobis
1975 1231 2125 1286 salva

558 1333 871 1392 Illat‘ielttllll,
905 1332 995 1385 setl
1045 1329 1330 1384 confeSIim
1387 1327 1545 1398 quasi
1592 1326 1796 1395 dilapsa
1851 1322 2124 1392 peribunt,

556 1421 729 1473 instar
774 1421 1126 1474 hibernarunt
1187 1419 1404 1481 florum,
1463 1431 1694 1486 quorum
1747 1413 1999 1480 splendor
2033 1413 2127 1468 diu

559 1524 664 1561 non
706 1508 970 1572 durat,et
997 1508 1294 1576 fragrantia
1330 1506 1488 1560 exilis
1535 1514 1638 1568 est,
1696 1513 1748 1558 et
1795 1503 2004 1557 fruetus
2054 1500 2132 1552 iu-

562 1601 935 1668 tempestivus,
967 1599 1010 1655 si
1067 1601 1298 1652 maxime
1355 1598 1640 1666 proveniat
1669 1611 1731 1650 ac
1776 1600 2130 1656 maturescat,

560 1693 987 1761 perexiguusest
1012 1705 1074 1744 ac
1126 1692 1390 1758 ingratus,
1431 1704 1608 1756 neque
1662 1689 1860 1740 durare
1923 1691 2129 1755 potest.

565 1783 712 1848 ilice,
781 1793 838 1836 ut
883 1783 1132 1850 equidem
1193 1785 1411 1849 opinor,
1466 1778 1892 1848 pr0prietatibus
1941 1778 2128 1828 harum

2215 595 2322 652 τῶν
2349 595 2580 661 ἀρετῶν,
2613 596 2706 652 καὶ
2753 596 3080 660 ἀνάπαυσις,
3128 597 3223 651 καὶ
3277 598 3548 665 σωτήριος
3606 595 3806 664 λιμὴν,

2217 688 2305 739 καὶ
2330 685 2528 756 χωρίον
2563 685 2822 754 ἀσφαλὲς,
2845 679 2906 740 οὗ
2930 703 2993 751 γε
3013 688 3092 741 δεῖ
3121 687 3194 755 μὴ
3226 687 3543 756 περαιτέρῳ
3574 687 3804 756 χωρεῖν,

2217 777 2331 829 ἀλλ’
2390 777 2638 845 ἑδραίους
2682 778 3004 845 ἱσταμένους
3053 777 3284 830 ἐνταῦθα
3345 781 3473 838 τοὺς
3531 777 3808 846 ἀριστέας

2221 867 2608 937 εὐφραίνεσθαι
2640 870 2758 929 ταῖς
2790 867 2969 922 ὲλπίσι
3019 869 3126 920 τῶν
3176 869 3561 934 ἀποκειμένων
3616 868 3809 929 αὐτοῖς

2222 960 2422 1030 γερῶν.
2456 959 2566 1011 Καὶ
2601 959 2709 1029 μὴν
2741 959 3005 1014 καὶκατὰ
3051 960 3170 1013 τόδε
3229 960 3517 1030 ἰσόρροπός
3569 961 3728 1012 ἐστιν
3773 961 3808 1029 η

2227 1049 2454 1120 ξυνωρὶς
2475 1048 2635 1118 αὕτη.
2681 1049 2767 1111 Ὠς
2794 1050 2903 1118 γὰρ
2948 1048 3048 1117 τῆς
3077 1049 3300 1118 ἀγάπης
3329 1048 3607 1117 ἀπούσης,
3656 1049 3810 1100 οὐδὲν

2225 1142 2290 1196 ἂν
2311 1141 2486 1210 δήπου
2526 1139 2630 1192 τῶν
2669 1140 2887 1208 ἀγαθῶν
2911 1141 3141 1208 γένοιτο,
3175 1138 3318 1193 οὓτω
3348 1141 3440 1192 καὶ
3469 1139 3575 1208 τῆς
3615 1155 3813 1190 ταπει-

2227 1228 2562 1299 νοφροσύνης
2601 1227 3013 1295 ἀφεστηκυίας,
3080 1225 3232 1279 οὐδὲν
3299 1227 3428 1294 ἡμῖν
3484 1224 3814 1292 παραμενεῖ

2231 1323 2338 1374 τῶν
2389 1321 2490 1388 τῆς
2547 1319 2766 1388 ἀγάπης
2818 1317 3025 1380 καλῶν,
3073 1315 3207 1370 ἀλλά
3258 1315 3457 1368 αὐτίκα
3511 1314 3810 1382 οἰχήσεται

2233 1411 2613 1482 καταρῤυέντα
2663 1411 2790 1480 περὶ¹
2825 1409 2982 1472 αὐτὰ,
3033 1408 3171 1462 κατὰ
3229 1406 3298 1461 τὰ
3355 1405 3654 1474 χειμερινά
3700 1403 3809 1456 τῶν

2232 1503 2456 1564 ἀνθέων,
2481 1496 2554 1555 ὧν
2585 1502 2683 1553 οὐκ
2741 1502 2820 1562 είς
2861 1498 3066 1569 μακρὸν
3111 1498 3139 1564 ἡ
3185 1497 3523 1564 λαμπρότης,
3586 1495 3687 1545 καὶ
3749 1495 3812 1544 το

2235 1597 2430 1658 εὐῶδες
2461 1593 2689 1663 ἀδρανὲς
2715 1609 2726 1622 ·
2757 1592 2849 1646 καὶ
2881 1592 2907 1643 ὁ
2941 1589 3013 1659 μὴ
3045 1588 3141 1641 σὺν
3197 1587 3314 1656 ὥρᾳ
3363 1585 3576 1655 καρπὸς
3612 1584 3668 1637 εῐ
3707 1585 3807 1634 πού

2235 1708 2298 1759 γε
2327 1689 2419 1742 καὶ
2465 1688 2692 1756 γένοιτο,
2723 1686 2815 1736 καὶ
2859 1681 3264 1749 τελεσφορήσει,
3315 1676 3559 1745 ἐξίτηλος
3593 1691 3681 1740 τις
3717 1673 3810 1728 καὶ

2237 1780 2430 1850 ἀηδὴς,
2457 1773 2551 1830 καὶ
2589 1776 2830 1843 διαρκεῖν
2863 1772 2937 1842 μὴ
2960 1771 3274 1837 δυνάμενος.
3329 1766 3497 1819 Ταυτὶ
3564 1766 3666 1832 μὲν
3715 1764 3809 1818 οὖν

565 1873 936 1942 congruerint.
987 1873 1125 1938 Quid
1161 1884 1339 1925 autem
1379 1873 1457 1926 eis
1489 1885 1779 1925 commune
1811 1868 1903 1930 sit,
1931 1881 2133 1935 cogno-

2260 1848 2530 1941 ὶρμόσειεν
2558 1866 2623 1920 ἂν
2651 1863 2804 1934 οἶμαι
2825 1865 2943 1926 ταῖς
2973 1861 3196 1914 ἐκείνων
3225 1858 3480 1927 ἰδιότησιν
3509 1872 3522 1886 ’
3559 1857 3589 1910 ὃ
3613 1857 3672 1910 δὲ
3698 1872 3808 1907 κοι-

565 1977 718 2015 scere
743 1962 786 2015 si
817 1963 1002 2028 cupias
1035 1979 1048 2016 :
1083 1961 1137 2015 id
1185 1977 1299 2016 mea
1336 1977 1464 2016 sane
1514 1959 1780 2016 sententia
1819 1960 1920 2012 hoc
1963 1956 2136 2025 ipsum

571 2053 838 2121 imprimis
878 2052 1063 2107 fuerit.

643 2233 775 2286 Esse
809 2231 934 2283 mihi
971 2229 1227 2283 videntur
1259 2229 1356 2283 alae
1382 2229 1533 2284 illius
1589 2227 1818 2297 egregiae
1857 2225 2140 2288 columbae,

578 2323 832 2375 nimirum
871 2321 1125 2390 Spiritus,
1155 2335 1289 2390 quas
1315 2331 1366 2373 et
1394 2319 1626 2372 Davides
1650 2317 1878 2386 optavit,
1918 2326 1974 2369 ιιι
1997 2331 2140 2368 avo-

578 2416 715 2468 larct
759 2429 820 2467 ac
865 2415 1252 2482 requiesceret.
1301 2411 1405 2466 Sed
1469 2411 1864 2480 reprehendent
1916 2408 2146 2464 fortasse

580 2523 676 2559 nos
708 2505 947 2574 quidam,
987 2515 1043 2558 ut
1072 2507 1159 2572 qui
1200 2513 1399 2558 metum
1452 2502 1726 2557 dilectioni
1787 2518 1892 2556 non
1927 2515 2140 2574 pracpo-

581 2598 872 2649 Snerimus.
927 2594 1095 2648 Aiunt
1148 2595 1290 2646 enim
1353 2592 1518 2654 divini
1551 2593 1822 2657 doctores,
1857 2591 1972 2657 pios
2003 2571 2148 2643 viros

581 2687 898 2753 incipientes
931 2686 995 2738 ad
1034 2685 1284 2738 virtutem
1342 2685 1584 2748 tendere,
1617 2697 1646 2736 a
1699 2693 1842 2735 metu
1877 2680 2146 2750 supplicii,

537 2785 541 2788 ’
581 2787 836 2845 tanquam
872 2794 898 2828 a
944 2777 1278 2843 carceribus,
1322 2774 1603 2844 progredi;
1640 2774 1830 2827 deinde
1887 2785 1979 2842 per
2018 2771 2152 2824 alias

584 2870 859 2938 pergeudo
897 2870 1274 2938 cogitationes,
1335 2868 1400 2921 ad
1440 2881 1680 2921 amorem
1732 2866 2022 2934 quemdam
2059 2862 2152 2916 ad-

587 2961 887 3012 mirabilem
916 2959 1316 3012 reeonditarum
1347 2956 1666 3011 fruitionum
1709 2957 1992 3025 pervenire
2013 2993 2031 3020 ,
2063 2965 2152 3007 at-

588 3065 692 3117 que
723 3053 866 3103 hunc
900 3051 951 3102 in
981 3051 1200 3103 modum
1240 3048 1483 3116 deposito
1520 3057 1689 3111 metu,
1743 3061 1983 3100 amorem
2024 3060 2153 3117 erga

2241 1963 2329 2016 νόν
2361 1963 2504 2013 ἐστιν
2552 1957 2756 2021 αὐτοῖς,
2808 1955 2925 2022 εἴγε
2987 1952 3206 2020 ζητοίης
3253 1949 3466 2019 μαθεῖν,
3511 1949 3691 2002 έκεῖνο
3740 1948 3805 2000 ἂν

2242 2052 2324 2119 είη
2377 2050 2604 2120 μάλιστα
2638 2047 2887 2112 πάντων,
2946 2044 3018 2108 ὡς
3054 2044 3240 2114 ἔμοιγε
3283 2042 3617 2112 παρίσταται
3682 2039 3804 2107 περὶ

2241 2144 2431 2197 τῶνδε.
3447 2180 3457 2190 .

2314 2233 2540 2290 Δοκοῦσί
2597 2249 2685 2302 μοι
2736 2230 3006 2300 πτέρυγες
3063 2219 3202 2280 εἶναι
3257 2226 3462 2278 ἐκεῖναι
3487 2223 3586 2291 τῆς
3635 2221 3800 2290 καλῆς

2247 2325 2597 2396 περιστερᾶς,
2632 2321 2833 2394 δηλαδὴ
2858 2321 2949 2373 τοῦ
2985 2320 3319 2388 Πνεύματος,
3349 2311 3425 2369 ὧν
3456 2319 3482 2367 ὁ
3507 2315 3664 2368 Δαᾶδ
3704 2316 3796 2364 ἐπ-

2247 2418 2547 2486 εθύμησεν,
2587 2415 2662 2476 ὼς
2721 2411 3055 2480 πετασθῆναι
3109 2411 3198 2465 καὶ
3250 2407 3616 2460 καταπαῦσαι.
3659 2402 3775 2454 Ἀλλ

2250 2509 2379 2570 ἴσως
2409 2506 2469 2574 γέ
2495 2522 2636 2566 τινες
2666 2503 2821 2574 ἡμῶν
2851 2501 3229 2571 ἐπιλήψονται,
3265 2498 3337 2559 ὡς
3369 2497 3442 2566 μὴ
3469 2496 3562 2564 τῆς
3590 2495 3793 2562 ἀγάπης

2251 2598 2675 2672 προτεθεικότων
2698 2595 2788 2648 τὸν
2817 2593 2997 2663 φόϐον.
3034 2591 3252 2659 Ἐπειδὴ
3281 2605 3443 2656 φασιν
3480 2589 3526 2639 οἱ
3559 2585 3685 2638 θεῖοι
3727 2581 3802 2634 δι-

2254 2692 2528 2754 δάσκαλοι,
2585 2687 2658 2750 ὡς
2725 2687 2772 2739 οἱ
2819 2685 3062 2746 εὐσεϐεῖς
3113 2683 3301 2750 ἄνδρες
3332 2680 3624 2750 ἀρχόμενοι
3677 2675 3804 2745 πρδς

2256 2783 2456 2854 ἀρετὴν
2486 2779 2804 2848 ἀνάγεσθαι,
2849 2775 2958 2829 ἀπὸ
3009 2771 3104 2826 τοῦ
3157 2773 3254 2840 τῆς
3307 2773 3581 2831 κολάσεως
3627 2766 3804 2835 φόϐου,

2254 2876 2327 2940 ὡς
2359 2873 2465 2928 ἀπὺ
2491 2870 2756 2941 βαλϐῖδος,
2782 2867 3078 2938 ὁρμῶνται.
3112 2861 3244 2918 Είτα
3275 2862 3340 2915 δι’
3378 2861 3554 2914 ἄλλων
3609 2858 3806 2912 ὁδεύον-

2257 2982 2348 3029 τες
2389 2961 2686 3031 λογισμῶν,
2755 2956 3102 3010 καταντῶσιν
3175 2954 3254 3016 εἱς
3322 2951 3639 3020 θαυμαστόν
3695 2965 3808 3001 τινα

2259 3054 2436 3124 ἔρωτα
2459 3053 2565 3104 τῶν
2593 3049 2968 3118 ἀποκειμένων
2989 3044 3362 3099 ἀπολαύσεων.
3415 3043 3527 3095 Καὶ
3558 3041 3725 3111 ταύτῃ
3752 3054 3811 3106 γε

593 3142 755 3194 Deum
787 3142 1212 3209 apprehendere.
1240 3139 1452 3209 Quippe
1481 3147 1756 3210 nequeunt
1785 3143 1942 3193 ambo
1989 3139 2142 3213 pari-

2260 3143 2528 3210 τδνφόόον
2557 3140 2900 3209 ἀποθέμενοι,
2935 3139 3032 3207 τῆς
3075 3138 3212 3204 πρὸς
3272 3133 3362 3188 τὸν
3419 3135 3555 3186 Θεὸν
3603 3132 3811 3200 ἀγάπης

591 3244 673 3285 tur
697 3233 902 3296 adcsSe,
945 3233 1037 3286 sed
1071 3249 1135 3287 ex
1175 3232 1252 3287 eis
1279 3232 1512 3287 alterum
1543 3233 1662 3286 loco
1709 3231 1902 3285 cedere
1934 3243 2154 3283 necesse

591 3333 696 3387 est,
749 3324 1020 3391 siquidem
1053 3325 1284 3378 alterum
1341 3325 1531 3378 adesse
1584 3322 1799 3377 debeat.
1841 3321 1966 3376 Haec
1998 3322 2159 3392 igitur

594 3417 691 3478 illi,
722 3416 788 3470 de
822 3417 970 3470 hisce
993 3415 1202 3469 duobus
1231 3415 1580 3478 disserentes,
1600 3415 1841 3482 adeoque
1859 3413 2014 3482 longe
2047 3411 2163 3479 plu-

596 3524 652 3560 ra
685 3508 1101 3578 pulchrioraque
1135 3509 1372 3562 tradunt.
1410 3507 1523 3578 Ego
1571 3521 1700 3562 vero
1744 3506 2164 3576 reprehensuros

595 3603 716 3656 illus
755 3603 1053 3655 orationem
1127 3601 1359 3656 fortasse
1454 3609 1720 3663 nostram,
1774 3597 1954 3652 verbis
1983 3597 2168 3663 hujus-

599 3693 740 3746 mutii
770 3692 1187 3760 compellavero.
1247 3689 1390 3744 Heus
1451 3700 1529 3754 ιιι,
1564 3691 1704 3746 bone
1753 3690 1853 3753 vir,
1885 3689 1985 3742 hoc
2003 3686 2165 3742 etiam

599 3786 1048 3839 considerandum
1080 3786 1244 3838 venit.
1275 3783 1400 3837 Mihi
1436 3783 1769 3852 propositum
1802 3789 1919 3835 erat
1949 3781 2016 3833 ab
2069 3777 2171 3831 ini—

601 3882 697 3941 tio,
749 3880 814 3932 de
877 3878 1186 3942 νίτιιιιὶὺιιε,
1223 3886 1275 3931 et
1311 3892 1496 3952 earum
1547 3877 1689 3931 inter
1747 3888 1807 3928 se
1845 3871 2170 3940 cognatione

601 3972 852 4038 quiddam
887 3972 1036 4040 quasi
1070 3969 1432 4040 perfunctorie
1461 3969 1746 4028 disserere,
1789 3979 1895 4018 non
1921 3963 1984 4017 de
2005 3961 2170 4015 aﬂ'ec-

605 4064 933 4132 tibusluqui.
966 4063 1168 4127 thuia
1191 4071 1390 4115 metum
1411 4059 1522 4116 scio
1563 4074 1664 4112 non
1700 4055 2018 4129 laudabilem
2042 4053 2174 4106 aﬂ‘e-

604 4168 751 4208 ctum
784 4169 906 4208 esse
929 4169 1024 4222 per
1046 4169 1124 4217 se,
1155 4153 1282 4208 licet
1334 4155 1398 4204 ad
1427 4150 1629 4219 optima
1655 4161 1881 4216 quaeque
1913 4158 2172 4212 conpere-

606 4259 713 4309 tur,
743 4247 786 4299 si
821 4247 1112 4301 secundum
1168 4245 1331 4297 Deum
1381 4243 1500 4306 sit;
1552 4241 1776 4293 minime
1829 4233 2170 4290 referendum

605 4339 747 4392 inter
773 4339 1000 4389 virtutes
1029 4336 1240 4398 censui,
1283 4339 1616 4401 quapropter
1649 4344 1757 4381 non
1787 4327 1880 4380 abs
1915 4340 1974 4379 re
2007 4325 2176 4377 silen-

607 4434 680 4483 tio
716 4431 1018 4499 praeteritus
1047 4438 1150 4481 est.
1182 4427 1366 4492 itaque
1397 4425 1508 4476 Deo
1533 4432 1585 4476 te
1638 4421 1862 4486 juvante
1918 4420 1968 4471 in
2001 4418 2177 4471 susei-

2260 3234 2738 3303 ἐπιλαμϐάνονται.
2766 3229 2841 3283 Οὐ
2882 3229 2990 3298 γὰρ
3024 3227 3172 3278 ἔστιν
3199 3227 3366 3294 ἄμφω
3397 3225 3670 3292 παρεῖναι,
3703 3217 3813 3273 ἀλλ’

2261 3327 2555 3394 ἀναγκαῖον
2590 3321 2940 3391 ὑποχωρῆσαι
2971 3317 3031 3370 τὸ
3053 3318 3264 3386 ἕτερον,
3307 3316 3354 3367 εί
3417 3313 3600 3382 μέλλει
3645 3326 3817 3377 παρα-

2263 3417 2506 3487 γίνεσθαι
2541 3415 2786 3483 θάτερον.
2820 3410 2987 3462 Ταυτὶ
3036 3409 3137 3478 μὲν
3173 3405 3263 3461 οὖν
3309 3408 3521 3470 ἐκεῖνοι,
3569 3404 3634 3457 τά
3682 3402 3812 3470 περὶ

2263 3509 2435 3572 τοῖνδε
2474 3502 2916 3575 φιλοσοφοῦντες,
2945 3501 3040 3554 κοιλ⁸
3068 3500 3236 3553 πλείω
3271 3497 3362 3550 καὶ
3407 3495 3611 3548 καλλίω
3635 3490 3813 3560 πολλῷ

2267 3600 2342 3667 τῷ
2374 3599 2616 3666 περιόντι
2645 3595 2986 3648 διδάσκουσιν
3021 3610 3034 3625 ’
3071 3593 3182 3657 ἐγὼ
3229 3589 3271 3642 δ’
3307 3588 3371 3642 ἀν
3410 3589 3618 3653 εἴποιμι.
3648 3582 3819 3636 ταῦτα

2269 3695 2405 3763 πρὸς
2431 3694 2555 3754 τοὺς
2592 3688 3022 3759 ἐπιληψομένους
3055 3686 3183 3747 ἴσως
3215 3683 3310 3736 τοῦ
3355 3682 3532 3750 λόγου.
3596 3677 3730 3733 Ἀλλ’
3777 3668 3820 3726 ὦ
3859 3693 3862 3704 ·

2268 3789 2388 3848 τᾶν,
2417 3785 2636 3837 σκοπεῖν
2665 3782 2881 3834 κάκεῖνο
2910 3778 3036 3847 χρὴ.
3085 3776 3142 3828 '0
3168 3775 3275 3844 γὰρ
3314 3772 3435 3842 ἐμοὶ
3485 3770 3680 3831 σκοπὸς
3736 3764 3823 3830 ἐξ·

2271 3875 2446 3946 αρχῆς
2480 3875 2610 3942 περὶ
2641 3869 2850 3940 ἀρετῶν
2878 3869 2972 3920 καὶ
2994 3867 3090 3934 τῆς
3125 3866 3204 3926 είς
3226 3863 3456 3932 ἀλλήλας
3479 3859 3824 3929 γνησιὸτητος

2271 3970 2444 4020 εἰπεῖν
2466 3982 2539 4031 τι,
2573 3965 2665 4017 καὶ
2687 3957 3097 4028 ἀφοσιώσασθαι
3129 3951 3218 4027 ἦν,
3255 3955 3315 4008 οὐ
3349 3953 3475 4023 περὶ
3531 3950 3712 4004 παθῶν
3746 3948 3828 3999 λέ-

2274 4077 2408 4129 γειν.
2443 4059 2551 4111 Καὶ
2581 4055 2878 4123 ἐπειδήπερ
2899 4050 2988 4103 τὸν
3017 4048 3180 4118 φόϐον
3218 4044 3389 4108 πάθος
3417 4044 3518 4096 οὐκ
3555 4039 3830 4096 ἐπαινετὸν

2274 4146 2392 4204 οἶδα
2413 4148 2472 4201 τὸ
2501 4145 2622 4200 καθ’
2643 4144 2824 4208 αὐτὸν,
2851 4143 2898 4194 εί
2923 4139 3015 4194 καὶ
3050 4137 3304 4208 συνεργεῖ
3332 4135 3467 4203 πρὸς
3498 4135 3564 4186 τά
3588 4132 3831 4200 βέλτιστα

2276 4241 2415 4296 κατὰ
2437 4239 2567 4292 Θεὸν
2589 4236 2893 4306 γινόμενος,
2930 4231 3030 4283 οὐκ
3065 4232 3120 4282 ὲν
3155 4227 3232 4298 τῷ
3261 4225 3407 4296 χορῷ
3466 4224 3573 4276 τῶν
3631 4219 3834 4290 ἀρετῶν

2276 4331 2467 4384 τοῦτον
2493 4329 2702 4397 ἠξίωσα
2759 4323 2940 4388 τάξαι.
3002 4321 3241 4381 Εἰκότως
3302 4313 3396 4369 οὖν
3429 4315 3708 4384 σεσίγηται
3759 4309 3836 4361 διὰ

2283 4420 2474 4475 ταῦτα.
2517 4416 2652 4470 Θεοῦ
2694 4433 2774 4467 σοι
2840 4414 3022 4467 τοίνυν
3084 4409 3477 4479 συναιρομένου
3537 4405 3673 4473 πρὸς
3721 4401 3837 4459 τοὺς

607 4523 815 4590 picttdis
848 4536 941 4588 pro
972 4520 1166 4573 virtute
1215 4515 1611 4571 certaminibus
1642 4511 1948 4584 (namillum
1977 4510 2156 4563 venire

2275 4513 2416 4580 ὑπὲρ
2450 4509 2647 4578 ἀρετῆς
2678 4506 2873 4568 ἄθλους
2899 4504 2999 4572 (δεῖ
3018 4502 3126 4572 γὰρ
3157 4502 3363 4554 ἐκεῖνον
3421 4495 3652 4565 μερίτην
3707 4488 3836 4590 εἷναί

610 4629 784 4670 tecum
812 4615 861 4666 iu
901 4623 1103 4682 partem
1137 4611 1379 4665 laborum
1409 4621 1629 4662 necesse
1654 4613 1759 4669 est,
1787 4605 1829 4658 si
1866 4603 1993 4673 quid
2023 4618 2177 4671 egre-

610 4709 695 4777 gie
751 4709 824 4762 sis
877 4702 1250 4774 pra-staturus)
1298 4699 1510 4754 exteris
1543 4697 1798 4766 praeditus
1863 4693 2177 4759 virtutibus,

611 4812 661 4852 et
693 4815 922 4854 exorsus
965 4813 991 4850 a
1043 4796 1332 4848 dilectione
1359 4792 1629 4844 mordicus
1678 4790 1941 4843 inhzereto
2000 4787 2181 4839 mode-

613 4895 762 4956 stite;
796 4909 914 4960 qua:
944 4890 1156 4958 quidem
1190 4887 1293 4939 huc
1327 4884 1420 4938 tibi
1466 4883 1685 4942 tribuet,
1739 4889 1794 4932 ιιι
1833 4893 1954 4932 rere
2007 4876 2184 4930 bonus

615 4983 810 5045 factus,
857 4984 907 5035 in
940 4983 1094 5036 bonis
1138 4991 1481 5049 perseveres,
1514 4973 1748 5040 talisque
1779 4972 1853 5025 sis
1880 4983 1942 5024 ac
1997 4968 2182 5020 videa-

617 5077 709 5137 tis,
743 5073 831 5140 qui
859 5074 1032 5140 capite
1061 5089 1156 5124 suo
1213 5071 1454 5136 recipere
1493 5066 1685 5135 dignus
1739 5065 1808 5117 sit
1835 5073 1888 5115 et
1945 5073 2164 5112 servare

618 5180 851 5218 eurouas
883 5163 1038 5216 benis
1083 5162 1214 5215 viris
1242 5160 1534 5230 repositas,
1577 5167 1630 5212 et
1662 5155 1881 5224 quidem
1915 5159 2172 5220 expertes

619 5256 875 5310 interitus
905 5271 919 5318 ;
945 5269 1172 5322 quarum
1211 5254 1492 5305 materiem
1553 5245 1926 5302 laudatissima
1963 5241 2184 5295 dilectio

619 5345 947 5413 suppeditat,
979 5355 1033 5396 et
1065 5359 1198 5411 quas
1229 5355 1440 5396 caetera:
1472 5341 1697 5393 virtutes
1719 5342 2039 5397 contexunt,
2075 5345 2191 5384 mo-

627 5437 904 5505 :lt'stiaqttc
967 5435 1239 5504 capitibus
1298 5433 1429 5497 illis,
1465 5430 1666 5501 quibus
1715 5425 2192 5488 conveniunt,im-

625 5529 796 5596 punit.
843 5528 957 5593 Quo
989 5526 1069 5592 fit,
1110 5533 1168 5577 ut
1203 5524 1370 5576 solam
1427 5524 1566 5574 inter
1598 5521 1820 5571 virtutes
1847 5531 2034 5571 omnes
2084 5529 2200 5566 mo-

624 5621 852 5674 destiam
902 5619 1330 5673 demonstratum
1374 5614 1444 5667 sit
1484 5627 1600 5666 eam
1642 5625 1783 5672 esse,
1841 5623 1958 5676 qua:
1993 5622 2192 5660 corona

625 5729 726 5766 nos
759 5711 991 5766 redimit.
1014 5707 1333 5763 Modestiam
1354 5722 1483 5759 vero
1508 5704 1734 5775 appello,
1757 5703 1807 5754 in
1831 5700 2061 5753 sublime
2084 5699 2201 5766 qui-

623 5807 752 5856 dem
778 5801 1077 5858 attollentia
1134 5801 1332 5864 faeere,
1368 5799 1460 5853 sed
1499 5798 1714 5851 interim
1748 5792 1903 5846 valde
1954 5789 2200 5861 modch

2281 4620 2362 4656 σοι
2418 4600 2581 4653 τῶνδε
2624 4598 2730 4651 τῶν
2757 4597 2957 4659 πόνων,
3010 4595 3059 4645 εί
3103 4591 3318 4662 μέλλεις
3350 4606 3402 4641 τι
3430 4579 3837 4654 κατορθώσειν),

2281 4690 2418 4758 ἔχων
2445 4689 2544 4748 τὰς
2571 4686 2736 4741 ἄλλας
2766 4684 2990 4751 ἀρετὰς,
3020 4682 3082 4732 ἐκ
3113 4679 3213 4746 τῆς
3245 4677 3465 4744 ἀγάπης
3522 4673 3838 4743 ἀρχόμενος.

2281 4780 2451 4844 ἀπρὶξ
2487 4779 2610 4848 ἔχου
2640 4778 2736 4846 τῆς
2775 4774 3148 4846 μετριότητος,
3188 4769 3257 4822 δι’
3285 4769 3350 4838 ἦν
3412 4767 3476 4819 ἂν
3533 4763 3721 4833 σχοίης
3775 4761 3841 4820 ὡς
3911 4813 3917 4820 η

2283 4874 2497 4944 ἀληθῶς
2527 4869 2728 4938 ἀγαθὸς
2752 4868 3041 4936 γενόμενος
3071 4860 3422 4926 ὲναπομεῖναι
3451 4857 3561 4918 τοῖς
3605 4853 3842 4919 ἀγαθοῖς,

2285 4943 2422 5020 εἶναί
2457 4980 2514 5016 τε
2543 4959 2782 5019 τοιοῦτος
2807 4957 2896 5007 καὶ
2923 4954 3119 5017 δοκεῖν,
3148 4947 3259 5010 οἷος
3280 4951 3346 5002 ἂν
3379 4943 3632 5009 δέξασθαι
3660 4944 3727 5012 τῇ
3767 4956 3848 5016 κε-

2287 5058 2430 5127 φαλῇ
2467 5051 2561 5106 καὶ
2590 5048 2828 5119 τηρῆσαι
2853 5045 2977 5103 τοὺς
3006 5045 3117 5104 τοῖς
3149 5037 3374 5107 ἀγαθοῖς
3402 5023 3661 5102 ἀνδράσιν
3713 5032 3845 5082 ἀπο-

2289 5145 2566 5214 κειμένους
2599 5139 2920 5206 στεφάνους,
2946 5133 3255 5202 ἀφθάρτους
3279 5129 3438 5190 ὄντας
3461 5143 3474 5157 ·
3501 5121 3577 5180 ὧν
3596 5125 3695 5196 τὴν
3724 5125 3847 5192 ὓλην

2294 5241 2389 5310 μὲν
2429 5235 2655 5305 παρέχει
2684 5230 2745 5282 τὸ
2778 5229 2873 5296 τῆς
2902 5224 3124 5292 ἀγάπης
3164 5217 3600 5288 πολυθρύλλητον
3641 5215 3848 5285 χρῆμα,

2291 5304 2348 5385 αἱ
2379 5330 2434 5382 δὲ
2456 5304 2614 5381 ἄλλαι
2645 5323 2835 5393 ἀρεταὶ
2865 5315 3086 5374 τούτους
3117 5312 3394 5375 πλέκουσι,
3447 5309 3507 5360 τὸ
3557 5307 3614 5359 δέ
3657 5323 3720 5374 γε
3766 5304 3854 5372 μέ-

2292 5413 2772 5490 τριονὲπιτίθησιν
2804 5404 2889 5471 αἷς
2938 5407 3002 5459 ἂν
3056 5405 3314 5476 ἁρμόσειε
3363 5399 3645 5466 κεφαλαῖς.
3695 5397 3853 5448 Ὥστε

2296 5489 2389 5563 καὶ
2431 5507 2566 5576 μόνη
2617 5502 2726 5556 τῶν
2774 5496 2983 5569 ἀρετῶν
3027 5493 3352 5562 στεφοθέτης
3378 5490 3646 5543 δέδεικται
3695 5489 3726 5554 ἡ
3770 5501 3857 5554 με·

2297 5594 2689 5668 τριοφροσύνη.
2731 5589 2890 5672 Λέγω
2933 5587 2986 5638 δὲ
3039 5581 3507 5653 μετριοφροσύνην
3567 5578 3626 5630 τὸ
3687 5579 3858 5630 ποιεῖν

2304 5667 2402 5759 μὲν
2431 5689 2498 5739 τὰ
2529 5681 2789 5750 ὑψοῦντα,
2820 5667 3037 5747 φρονεῖν
3065 5674 3120 5726 δὲ
3158 5673 3300 5725 πάνυ
3331 5670 3522 5739 μέτρια
3559 5685 3572 5697 ·
3625 5667 3720 5719 καὶ
3768 5683 3858 5734 με·

2303 5781 2444 5851 γάλα
2477 5775 2803 5846 πράττοντα,
2831 5763 3093 5838 μηδαμῶς
3117 5760 3440 5832 ἐπαίρεσθαι
3482 5776 3496 5791 ο
3544 5759 3636 5812 καὶ
3665 5758 3760 5828 τὴν
3794 5758 3862 5817 είς
