4098 6272
286 396 406 461 545

1665 392 1956 455 ORATIO
1996 393 2130 452 νη.

3438 388 3541 457 ἰᾶϐ

296 512 433 580 ὕψος
468 509 695 579 πορείαν
719 509 1060 578 ποιούμενον,
1110 509 1291 563 δοκεῖν
1327 506 1545 560 ἑστάναι
1599 507 1733 575 μετὰ
1767 506 1865 557 τῶν

1978 507 2043 559 de
2078 520 2135 558 se
2166 504 2399 569 sentire;
2440 517 2747 572 magnaque
2782 511 3153 571 prmstantem,
3195 516 3537 573 nequaquam

291 605 476 657 κάτω·
502 602 561 653 ού
591 602 668 669 τῷ
695 602 860 668 μηδὲν
881 601 1056 669 ἐαυτῷ
1082 601 1376 652 συνειδέναι
1411 597 1588 659 καλῶς
1623 596 1862 649 ποιοῦντι

295 694 441 762 (πῶς
470 692 665 762 γάρ;),
708 692 837 742 ἀλλὰ
894 693 970 760 τῷ
1029 692 1207 753 καλῶς
1264 691 1463 743 εἰδέναι
1525 689 1863 756 ὑψηλοτέρας

292 784 463 844 οὖσας
500 783 592 841 τὰς
627 782 826 851 ἀρετὰς
858 782 966 834 τῶν
1002 782 1286 849 ἡμετέρων
1314 780 1507 849 ἔργων.
1554 778 1724 830 Τοῦτο
1754 779 1862 845 γὰρ

292 874 448 944 οἶμαι
478 876 941 942 ταπεινοφρὸνων,
976 876 1034 927 ού
1060 875 1120 925 τὺ
1167 874 1343 941 φαῦλα
1384 874 1716 939 πράττοντας
1770 886 1863 921 και

296 967 515 1016 πολλῶν
547 966 671 1027 ἄξια
696 966 930 1034 θρήνων,
988 965 1137 1017 κάτω
1190 980 1290 1015 που
1357 963 1585 1015 κύπτειν
1637 961 1860 1023 ἐθέλειν,

295 1060 390 1109 καὶ
419 1060 493 1125 μὴ
518 1056 616 1127 τὴν
655 1057 826 1126 ὀφρὺν
846 1058 1116 1125 ἀνασπᾷ-δ.
1152 1056 1222 1107 Τὸ
1246 1057 1349 1123 γὰρ
1384 1053 1448 1121 δὴ
1484 1052 1695 1122 μεγάλα
1734 1066 1864 1117 φρο-

294 1152 407 1201 νεῖν
438 1147 611 1208 οὕτως
635 1147 827 1215 ἔχοντα
856 1148 977 1199 οὑδὲ
1010 1148 1101 1199 νοῦ
1142 1146 1459 1216 μετέχοντος
1486 1148 1653 1206 ἐστιν,
1684 1139 1859 1211 οἶμαι.

307 1240 452 1292 Ἀλλ’
507 1239 627 1292 οὑδὲ
671 1243 845 1293 ἐκεῖνό
910 1257 972 1306 γε
1026 1239 1246 1306 μέτριον
1277 1276 1294 1298 ,
1356 1237 1473 1289 οὐδὲ
1521 1235 1744 1301 ἀγαθὸν,
1805 1233 1866 1284 τὸ

294 1332 471 1382 ποιεῖν
488 1331 546 1381 τὸ
563 1330 812 1400 ἀγαθὸνῆ
837 1330 1094 1398 μηδαμῶς
1115 1326 1541 1395 ἐπιστάμενον,ἢ
1562 1326 1634 1393 μὴ
1654 1323 1865 1391 καθαρᾷ

293 1420 635 1487 προαιρέσει.
698 1420 771 1471 Τὸ
804 1421 899 1488 μὲν
923 1421 1029 1488 γὰρ
1074 1419 1288 1479 πάντως
1322 1418 1515 1482 ἄγνοια
1552 1430 1566 1444 ⁸
1601 1415 1662 1466 τὸ
1695 1412 1750 1464 δέ
1784 1429 1867 1474 τις

1975 594 2152 649 efferri
2183 594 2361 647 animo
2403 610 2417 651 :
2450 594 2498 646 in
2530 595 2757 648 sublime
2789 596 3016 660 denique
3055 602 3381 663 pergentem,
3418 608 3539 647 cum

1974 685 2177 739 inﬁmis
2218 693 2365 738 stare
2405 685 2572 738 videri
2612 703 2625 739 :
2662 701 2769 738 non
2801 686 2946 752 quod
2980 685 3178 737 nullius
3200 684 3379 752 operis
3412 686 3539 738 boni

1972 779 2126 830 nobis
2158 777 2362 830 conscii
2398 779 2587 839 simus,
2642 791 2668 827 a
2702 777 2862 830 nobis
2896 777 3096 843 peracti
3151 777 3274 843 (quo
3307 777 3448 828 enim
3489 780 3539 830 id

1968 865 2160 933 pacto?
2189 865 2229 932 ),
2273 866 2365 917 sed
2409 866 2552 929 quod
2606 875 2749 916 recte
2786 866 3057 925 sciamus,
3103 868 3338 921 virtutes
3395 869 3542 935 ipsas

1969 959 2169 1010 nostris
2202 957 2362 1010 factis
2394 936 2739 1008 sublimiores
2771 970 2911 1008 esse.
2974 954 3085 1009 Hoc
3128 960 3270 1011 enim
3304 960 3542 1013 arbitror

1969 1063 2088 1103 esse
2136 1048 2446 1111 humilium,
2489 1061 2593 1098 non
2649 1058 2703 1099 ut
2744 1048 2881 1099 mala
2924 1049 3235 1115 designans,
3273 1062 3321 1103 et
3359 1054 3540 1107 multis

1968 1141 2126 1209 (ligna
2166 1140 2444 1209 lacrymis,
2480 1139 2668 1193 oculos
2701 1141 2981 1209 dejicianl,
3032 1150 3086 1194 et
3116 1145 3399 1210 supercilia
3434 1160 3538 1195 non

1971 1233 2240 1286 attollant.
2278 1232 2410 1284 Nam
2440 1247 2587 1295 eum,
2626 1232 2819 1299 quisic
2852 1233 3074 1289 aﬂ‘ectus
3128 1238 3217 1299 sit,
3262 1238 3542 1307 magniﬁce

1972 1323 2037 1375 de
2082 1335 2139 1374 se
2198 1320 2440 1383 sentire,
2500 1336 2566 1375 ne
2620 1331 2796 1376 mente
2845 1324 3060 1390 quidem
3114 1328 3318 1393 praediti
3352 1328 3538 1389 fuerit,

1973 1411 2184 1476 Opinor.
2230 1410 2338 1465 Nec
2384 1411 2512 1464 item
2568 1411 2696 1465 illud
2732 1413 2816 1465 vel
2872 1416 3178 1469 modestum
3235 1419 3412 1480 fuerit,
3461 1418 3540 1470 \‘el

294 1511 388 1579 βία
412 1515 571 1563 ποιεῖ.
604 1509 824 1562 Τούτοιν
846 1511 900 1561 δὲ
930 1510 1206 1579 οὐδέτερόν
1234 1511 1381 1561 ἐστιν
1412 1506 1612 1573 ἀγαθόν
1635 1521 1646 1535 ⁸
1673 1503 1865 1556 ούκοῦν

1976 1501 2197 1566 bonum,
2235 1500 2415 1555 facere
2461 1501 2667 1555 scilicet
2707 1503 2834 1557 boni
2875 1507 3155 1573 quidpiam
3189 1509 3269 1561 vel
3311 1524 3411 1561 non
3458 1510 3541 1561 in-

290 1599 415 1651 ούδὲ
453 1600 673 1669 μέτριον
697 1615 709 1628 ⁸
746 1602 865 1651 ἐπεὶ
890 1600 947 1652 τὸ
973 1602 1191 1668 μέτριον
1223 1597 1442 1663 ἀγαθόν.

1978 1594 2326 1661 telligentem,
2374 1595 2457 1648 vel
2509 1595 2758 1649 instituto
2807 1599 2969 1650 animi
3033 1614 3139 1652 non
3202 1615 3359 1665 puro,
3419 1616 3539 1652 nam

292 1696 553 1759 alterum,
590 1696 657 1748 ab
685 1696 1058 1763 ignoratione,
1094 1693 1322 1746 alterum
1376 1707 1402 1744 ο
1440 1691 1490 1744 vi
1526 1690 1758 1758 quadam
1802 1689 2187 1757 proﬁciscitur.
2224 1691 2429 1743 Horum
2470 1704 2595 1745 vero
2634 1702 2880 1745 neutrum
2931 1694 3129 1747 bonum
3176 1706 3279 1759 est,
3317 1696 3542 1763 ideoque

292 1804 398 1843 nec
438 1788 760 1853 modestum,
811 1785 935 1855 quia
977 1786 1171 1839 bonum
1197 1796 1301 1851 est,
1339 1786 1478 1855 quod
1524 1783 1845 1837 modestum.
1920 1816 1929 1825 .

376 1949 515 2003 Ἀλλ’
544 1950 708 2019 ἐρεῖς,
742 1944 787 2004 ὦ
820 1952 1058 2020 φίλτατε,
1088 1954 1223 2022 πρὸς
1256 1954 1421 2021 ἡμᾶς,
1474 1953 1676 2005 δίκαιον
1724 1951 1853 2019 γὰρ,

293 2030 493 2110 ὠςλτὴν
525 2042 1015 2111 ταπεινοφροσύνην
1051 2043 1181 2095 πολὺ
1217 2042 1521 2111 Θαυμάσας,
1557 2041 1585 2093 ὃ
1618 2041 1695 2093 δεῖ
1729 2038 1858 2091 θαυ-

297 2131 491 2201 μάζειν
514 2131 882 2200 τεθαύμακας.
928 2132 1177 2201 ’Υῲώσας
1199 2134 1254 2186 δὲ
1288 2134 1490 2201 ταύτην
1543 2131 1854 2201 ὑπερφυῶς,

297 2222 469 2275 πολὺν
506 2223 595 2275 τὸν
631 2223 831 2291 ταύτης
856 2224 1029 2295 ἔρωτα
1075 2227 1166 2278 καὶ
1205 2227 1332 2295 πρὶν
1376 2226 1694 2295 ἐντετηκότα
1756 2242 1856 2293 μου

294 2316 366 2381 τῇ
399 2313 565 2381 ψυχῇ,
592 2312 766 2381 πολλῷ
796 2329 857 2379 γε
890 2314 1085 2382 μᾶλλον
1131 2314 1225 2367 νῦν
1273 2315 1536 2384 ηὑξησας.
1599 2316 1721 2375 Τοῖς
1751 2312 1858 2384 γὰρ

296 2403 364 2472 δὴ
413 2404 564 2470 παρὰ
605 2403 799 2455 σαυτοῦ
839 2404 1012 2469 λόγοις
1072 2407 1370 2474 ἐργάσομαι
1428 2406 1566 2475 (πῶς
1618 2406 1792 2468 δοκεῖς
1818 2408 1857 2469 ς)

294 2494 503 2563 ταύτης
540 2494 907 2563 μανικώτατον
942 2497 1194 2564 ἐραστήν.
1226 2498 1299 2547 Ού
1331 2498 1434 2564 μήν
1465 2513 1524 2561 γε
1559 2496 1645 2546 διὰ
1690 2493 1862 2545 ταῦτα

304 2603 396 2655 μοι
429 2584 592 2654 φαίνῃ
617 2585 677 2637 τὸ
710 2586 823 2637 δέον
852 2584 997 2637 ἅπαν
1047 2586 1177 2655 ἡμῖν
1226 2586 1526 2653 ἐκπλήσας.
1599 2583 1719 2653 Χρὴ
1756 2584 1862 2651 γὰρ

302 2678 648 2747 προστιθέναι
678 2678 803 2738 τοὺς
849 2678 1102 2744 τρόπους,
1158 2679 1227 2731 δι’
1266 2672 1339 2731 ὧν
1376 2679 1439 2729 ἂν
1478 2678 1683 2743 γένοιτο
1746 2677 1862 2734 σαῖς

304 2769 494 2837 εὐχαῖς
530 2769 618 2820 τὸν
654 2767 881 2823 πλοῦτον
912 2768 1094 2822 τοῦτον
1148 2771 1290 2839 ἡμᾶς
1326 2768 1645 2836 πλουτῆσαι.
1709 2767 1865 2818 Δοκεῖ

306 2858 415 2927 γάρ
486 2874 573 2925 μοι
603 2857 953 2927 δυσπόριστος
1000 2859 1193 2928 κομιδῆ
1252 2861 1344 2909 καὶ
1397 2861 1506 2919 τοῖς
1570 2855 1706 2925 μετὰ
1740 2871 1864 2920 σφο-

305 2946 431 3013 δροῦ
470 2964 611 3009 τινος
654 2948 853 3017 ἔρωτος
910 2948 1095 3001 τούτον
1158 2949 1390 3018 θηρᾶσαι
1440 2945 1863 3016 περινοστοῦσιν.

307 3039 380 3089 Οὑ
411 3038 519 3107 γὰρ
564 3039 636 3106 τῷ
663 3039 792 3109 ἐρᾷ-ι
842 3056 898 3091 τε
951 3043 1041 3092 καὶ
1080 3039 1259 3107 ζητεῖν
1307 3039 1613 3103 ἀναγκαίως
1678 3038 1865 3088 ἕπεται

308 3130 399 3180 καὶ
431 3130 488 3181 τὸ
525 3131 807 3196 τυγχάνειν
833 3129 940 3181 τῶν
992 3130 1281 3198 ἐρωμένων
1309 3146 1321 3159 ⁸
1373 3129 1507 3181 ἀλλὰ
1538 3127 1705 3180 πολλά
1770 3128 1865 3195 μὲν

2028 1945 2279 1999 Sedenim
2328 1946 2561 2002 fortasse
2591 1964 2709 2011 nos,
2741 1950 3063 2005 charissime
3118 1952 3213 2017 ﬁli,
3236 1955 3416 2008 verbis
3449 1955 3544 2008 lm-

1956 2030 2189 2101 jusmodi
2241 2041 2616 2106 compellabis,
2665 2053 2717 2096 et
2784 2044 2978 2096 merito
3032 2045 3289 2112 quidem:
3324 2063 3543 2112 magno-

1960 2145 2088 2198 pere
2118 2146 2214 2183 nos
2249 2132 2540 2186 admiratos
2594 2134 2799 2186 scilicet
2853 2135 3241 2199 humilitatem,
3288 2138 3338 2191 id
3364 2140 3537 2190 admi-

1962 2229 2111 2273 ratos
2146 2235 2286 2282 esse,
2319 2222 2459 2289 quod
2514 2223 2926 2277 admirationem
2955 2235 3243 2281 mereatur.
3281 2226 3534 2281 Eamdem

1963 2311 2157 2363 eximie
2200 2311 2325 2364 dum
2386 2312 2759 2377 extulerimus,
2830 2330 3079 2382 magnum
3132 2316 3245 2385 ejus
3295 2332 3535 2371 amorem

1961 2404 2111 2469 prius
2144 2403 2305 2454 etiam
2339 2402 2557 2457 insitum
2602 2404 2780 2456 animo
2830 2414 2940 2469 tuo,
2968 2423 3111 2459 nunc
3148 2408 3431 2476 insigniter
3448 2424 3540 2462 au-

1965 2495 2127 2544 tisse.
2160 2490 2477 2546 nationibus
2506 2494 2650 2547 enim
2686 2496 2817 2548 meis
2868 2495 3140 2558 elTectnm,
3195 2507 3251 2551 ut
3280 2499 3420 2552 hanc
3456 2501 3539 2552 in.

1964 2579 2251 2632 sanissimo
2285 2582 2515 2648 quodam
2564 2598 2747 2636 amore
2777 2586 3054 2651 depereis.
3095 2588 3211 2640 Non
3246 2598 3425 2643 tamen
3455 2590 3536 2641 id-

1964 2667 2109 2720 circo
2145 2683 2241 2721 nos
2278 2669 2373 2721 tibi
2406 2670 2572 2722 videri
2620 2673 2753 2724 Satis
2810 2677 3031 2726 omnino
3067 2676 3281 2730 fecisse.
3334 2678 3539 2747 Quippe

1968 2759 2276 2812 necessario
2308 2761 2495 2814 modos
2534 2761 2694 2814 etiam
2738 2764 3093 2829 adjiciendos,
3137 2768 3335 2835 quibus
3364 2771 3538 2823 modis

1967 2852 2189 2907 conﬁeri
2227 2852 2479 2921 possitex
2538 2856 2699 2908 animi
2739 2858 2813 2911 tui
2873 2861 3030 2923 votis,
3068 2868 3124 2913 ut
3186 2874 3315 2927 opes
3379 2862 3540 2916 hasce

1967 2945 2334 3010 consequaris.
2368 2944 2498 2998 Nam
2534 2946 2823 3031 videri‘tibi
2860 2950 3008 3002 valde
3044 2951 3313 3004 dillicilem
3346 2954 3534 3005 harum

1970 3033 2422 3101 adquirendarum
2458 3038 2742 3102 rationem,
2772 3039 2936 3091 etiam
2972 3040 3057 3104 iis,
3099 3041 3191 3107 qui
3226 3042 3538 3096 vehemente

1972 3139 2096 3176 cum
2154 3124 2425 3181 desiderio
2474 3128 2827 3192 circumeunt,
2875 3142 2934 3182 ut
2983 3147 3074 3184 eas
3109 3144 3527 3199 consequantur.

306 3220 415 3271 τῶν
448 3220 785 3288 πραγμάτων
815 3221 912 3271 οὑκ
940 3221 1174 3290 εὐχερῶς
1197 3219 1505 3289 εὑρίσκεται
1528 3221 1638 3281 τοῖς
1676 3218 1864 3287 ζητοῦ-

1971 3211 2181 3281 Quippe
2233 3215 2554 3268 desiderium
2604 3226 2657 3270 et
2713 3218 3119 3286 inquisitionem
3184 3239 3287 3275 non
3352 3239 3535 3279 neces-

310 3327 392 3361 σιν
426 3326 439 3340 ⁸
470 3309 585 3361 ἔνια
618 3310 670 3360 δέ
700 3326 807 3360 τ.σι
836 3316 1215 3379 παραγίνεται,
1267 3311 1386 3379 μηδ’
1440 3308 1675 3361 ὁντινοῦν
1733 3309 1864 3360 ὑπο-

312 3402 464 3454 στᾶσι
496 3401 675 3453 πόνον.
721 3402 840 3451 Ἐπὶ
873 3400 927 3452 δὲ
972 3400 1061 3451 τὸν
1112 3403 1202 3453 καὶ
1262 3399 1470 3468 μάλισθ’
1519 3394 1705 3470 ὅτανῇ
1756 3398 1864 3450 τῶν

310 3491 628 3553 καλλίστων,
680 3491 776 3559 οὑχ
807 3490 945 3541 οὕτω
977 3490 1118 3557 φιλεῖ
1145 3491 1446 3557 γίγνεσθαι,
1470 3491 1580 3543 ἀλλ’
1625 3492 1732 3558 ὅσῳ
1766 3489 1861 3558 ζη-

312 3579 474 3645 τητέα
501 3579 663 3641 δοκεῖ,
694 3579 925 3648 τοσούτῳ
973 3583 1065 3631 καὶ
1114 3582 1467 3649 δυσπόριστα.
1503 3581 1687 3651 Χρεὼν
1728 3578 1864 3633 εἶναι

314 3682 395 3717 σοι
420 3666 591 3716 τοίνυν
633 3665 1009 3734 ὑπολαμϐάνω,
1052 3668 1194 3730 ὅπως
1234 3668 1862 3738 ἂνκτησαίμηνταύτην,

314 3754 561 3824 φράζειν.
597 3754 753 3807 Ἀλλὰ
790 3756 870 3808 σο)⁸
896 3759 1014 3826 μὲν,
1040 3753 1083 3811 ὦ
1120 3760 1278 3826 ’γαθὲ
1311 3759 1532 3812 τοιαῦτα
1565 3761 1772 3826 λέγοντι
1808 3759 1866 3810 τὸ

311 3849 626 3916 γιγνόμενον
652 3849 925 3917 εἰρήσεται
953 3867 968 3882 ⁸
996 3856 1088 3905 καὶ
1136 3852 1277 3923 ἅπερ
1311 3855 1374 3906 ἂν
1419 3854 1683 3923 εὐξαίμην
1738 3853 1866 3921 περὶ

311 3938 429 4000 σού,
462 3937 634 3991 ταῦτα
665 3938 886 4007 πράξεις
919 3957 933 3971 ⁸
964 3943 1113 3993 τουτὶ
1143 3942 1196 3994 δὲ
1244 3945 1303 3994 τὸ
1342 3944 1655 4011 γιγνόμενον
1712 3944 1867 4011 χαλε-

315 4031 411 4081 πδν
444 4029 565 4097 ἐμοὶ
597 4030 793 4097 λέγειν.
837 4031 942 4084 Καὶ
966 4027 1108 4099 εἶχόν
1130 4050 1191 4099 γε
1220 4033 1491 4085 δεικνύναι
1523 4034 1583 4084 τὸ
1612 4033 1866 4086 δύσκολον

310 4121 521 4181 πολλοῖς
547 4138 684 4173 τισιν
706 4118 857 4190 οἶμαι
889 4121 1129 4192 τρόποις.
1184 4124 1286 4175 Τὸν
1316 4124 1472 4192 κόρον
1518 4124 1574 4176 δὲ
1616 4124 1859 4192 βουλόμεο

310 4227 397 4273 νος
436 4210 677 4280 φεύγειν,
703 4211 811 4280 ὲρῶ
841 4211 1070 4264 τοσόνδε.
1099 4208 1231 4264 Εἷπέ
1262 4230 1343 4275 τις
1370 4214 1535 4282 μέγας
1560 4214 1716 4283 ἀνὴρ,
1760 4214 1871 4265 ἰω-

310 4303 471 4371 ἀννης
508 4302 739 4372 τοῦνομα
769 4298 856 4372 (ἦν
894 4302 949 4354 δὲ
980 4302 1087 4354 τῶν
1131 4302 1344 4367 ζώντων
1372 4306 1447 4375 τῷ
1473 4306 1610 4374 Θεῷ,
1640 4306 1733 4359 καὶ
1771 4307 1867 4374 οὑχ

311 4393 539 4462 ἑαυτοῖς)
574 4394 800 4463 τριὸὀλῳ
868 4393 1209 4462 ἐοικέναιτὴν
1243 4394 1637 4463 ὑπερηφανίαν.
1671 4397 1776 4448 Καὶ
1805 4397 1865 4464 δὴ

312 4483 755 4553 προσαγορεύσας
787 4478 951 4543 αὑτὴν
980 4482 1168 4552 ταύτῃ,
1192 4479 1310 4535 εἶτα
1345 4484 1436 4534 καὶ
1468 4484 1644 4545 καλῶς
1673 4483 1862 4545 εἰπὼν,
1900 4516 1941 4569 D

311 4574 527 4637 ἔδειξεν.
567 4575 706 4642 Ἔφη
731 4578 839 4640 γὰρ
892 4574 1023 4640 (ὲρῶ
1047 4572 1100 4625 δὲ
1130 4574 1219 4626 τὸν
1274 4574 1479 4627 ἐκείνου
1524 4576 1745 4637 σκοπον,
1804 4577 1863 4627 ού

308 4667 378 4716 τὰ
411 4666 673 4739 ῥήματαγ
697 4666 793 4715 Ἂν
826 4664 1019 4732 πράξω
1051 4682 1101 4716 τι
1146 4663 1253 4716 τῶν
1281 4666 1481 4724 καλῶν,
1516 4666 1697 4738 ἐκείνη
1729 4685 1865 4739 παρα

312 4758 537 4808 ελθούσα
564 4733 796 4824 χκροτεῖ,
856 4754 947 4806 καὶ
1011 4756 1146 4823 μετὰ
1211 4754 1341 4825 βοῆς
1393 4756 1599 4827 ἐξαίρει
1638 4759 1866 4827 τοῦργον

311 4852 503 4901 ἐκεῖνο.
534 4848 633 4899 Ἢν
659 4847 715 4898 δὲ
753 4847 843 4897 καὶ
879 4844 986 4897 τῶν
1025 4845 1083 4897 ού
1128 4846 1322 4914 ῥᾳδίως
1355 4848 1802 4917 κατορθουμένων

310 4942 370 4992 τὸ
404 4940 662 5009 πραχθὲν,
704 4937 842 5007 ὑπὲρ
894 4936 1207 5006 ἀνθρώπους
1259 4954 1325 5005 με
1368 4937 1573 5001 πάντας
1640 4941 1864 5010 τίθησι-⁸

311 5032 414 5085 κᾶν
453 5031 795 5099 ἀποκρουσθῇ
824 5030 919 5095 τὴν
946 5028 1186 5098 πρώτην,
1246 5030 1343 5082 οὑκ
1383 5030 1670 5095 ἀφίσταται
1706 5049 1718 5062 ⁸
1777 5032 1866 5084 καὶ

309 5124 566 5183 πολλάκις
612 5122 933 5190 ἠττηθεῖσα,
995 5121 1349 5189 ἐπανέρχεται
1404 5123 1599 5191 χείρων
1646 5124 1864 5189 ἑαυτῆς,

311 5217 425 5278 πῶς
455 5216 592 5279 oft-zz;
628 5214 775 5266 ἆπαν
815 5213 1013 5282 ὕφαλον
1054 5214 1167 5281 μεθ’
1224 5215 1418 5282 ἑαυτῆς
1467 5215 1680 5282 ἔχουσα.
1736 5216 1864 5276 Ταῖς

306 5306 415 5373 γὰρ
444 5306 642 5371 ψυχαῖς
667 5296 774 5355 τῶν
814 5304 869 5367 ἐξ
910 5304 1123 5371 ἀγαθῶν
1150 5304 1469 5371 ὑψωθέντων
1506 5307 1704 5374 ἔργων,
1746 5303 1864 5359 εἶτα

310 5393 474 5460 μηδὲν
511 5392 708 5460 ὑψηλὸν
738 5390 882 5458 ὑπὲρ
913 5391 1089 5443 αὑτῶν
1122 5392 1548 5457 φαντασθέντων,
1587 5395 1720 5446 ἀλλὰ
1752 5413 1865 5462 μει-

308 5484 510 5535 νάντων
551 5482 634 5549 ἐφ’
662 5476 811 5551 ᾧπερ
841 5480 971 5545 ἔδει,
1014 5482 1311 5552 λεληθότως
1338 5483 1739 5552 ὑπεισέρχεται,
1772 5486 1865 5537 καὶ

308 5574 522 5644 ἡσύχως
556 5573 615 5625 τὸ
642 5572 875 5637 ζιζάνιον
896 5573 1237 5639 ὑποσπείρει,
1268 5576 1393 5637 ἴσως
1428 5593 1526 5627 που
1550 5578 1642 5627 καὶ
1666 5577 1864 5629 καθευ-

305 5664 525 5725 δούσαις
554 5666 741 5731 αὑταῖς
770 5665 833 5716 ὲκ
863 5664 960 5733 τῆς
992 5664 1191 5732 πολλῆς
1220 5666 1313 5718 καὶ
1344 5667 1589 5719 συντόνου
1622 5669 1858 5737 νηψεως.

308 5756 461 5823 Λέγω
483 5755 535 5808 δὲ
567 5755 800 5820 ζιζάνιον
836 5754 929 5810 νῦν
958 5756 1016 5809 τὸ
1047 5756 1465 5827 ὑπολογίσασθαι
1509 5760 1756 5829 τάληθὲς,
1788 5763 1862 5825 ὡς

1965 3306 2111 3357 sario
2145 3305 2391 3359 comitari
2424 3323 2601 3360 rerum
2627 3321 3000 3378 exoptatarum
3028 3314 3367 3382 adeptionem
3397 3332 3410 3368 :
3445 3316 3537 3369 sed

1966 3411 2053 3448 res
2099 3395 2383 3465 plerasque
2444 3399 2788 3455 diﬁicullera
2845 3406 3210 3471 qumreutihus
3267 3408 3533 3471 inveniri,

1968 3488 2251 3542 nonnullas
2279 3489 2545 3554 aliquibus
2571 3494 2903 3559 contingere,
2953 3497 3158 3550 nul'uui
3214 3498 3537 3551 omniuola-

1967 3576 2153 3630 borem
2183 3578 2598 3647 perferentibus.
2631 3582 2686 3634 In
2724 3581 2828 3637 illis
2860 3594 3059 3647 autem,
3086 3601 3203 3650 quae
3237 3588 3535 3654 praesertim

1968 3668 2340 3735 pulcherrima:
2399 3671 2527 3736 sint,
2581 3687 2682 3725 non
2742 3674 2820 3727 sic
2888 3676 3105 3729 evenire
3162 3677 3381 3731 solere:
3445 3679 3537 3734 sed

1967 3768 2169 3827 quanto
2209 3762 2377 3825 magis
2405 3764 2705 3828 quaerenda:
2734 3765 3043 3831 videantur,
3103 3776 3249 3819 tanto
3293 3783 3412 3821 esse
3445 3782 3538 3823 ac-

1968 3850 2168 3917 quisitu
2198 3850 2544 3905 diﬁiciliores.
2594 3852 2953 3915 Quamobrem
3010 3857 3179 3910 videri
3222 3858 3314 3913 tibi
3352 3874 3538 3914 neces-

1969 3938 2193 4002 sarium,
2224 3950 2279 3992 ut
2306 3956 2411 4009 quo
2440 3952 2595 4009 pacto
2621 3944 2756 3996 hanc
2784 3958 3095 4010 comparare
3148 3950 3345 4015 possis,
3376 3964 3541 4018 expo-

1970 4046 2113 4083 nam.
2150 4029 2479 4087 indicabitur
2528 4033 2646 4098 tibi,
2702 4045 2918 4088 strenue
2945 4037 3039 4099 ﬁli,
3092 4041 3182 4107 qui
3234 4041 3538 4108 huiusmodi

1968 4119 2199 4192 profers,
2228 4122 2368 4191 quod
2408 4123 2630 4176 indicari
2673 4129 2975 4182 conveniet.
3003 4129 3080 4183 Tu
3106 4134 3246 4201 quod
3301 4136 3349 4188 in
3385 4138 3527 4191 votis

1968 4223 2050 4268 est
2090 4215 2218 4269 mihi
2249 4215 2315 4268 de
2354 4225 2435 4279 te,
2473 4214 2666 4282 facies;
2713 4217 2849 4271 mihi
2885 4222 3098 4287 quidem
3152 4234 3297 4280 certe
3326 4229 3538 4282 dilIicile

1968 4305 2154 4370 dictu,
2211 4305 2351 4373 quod
2414 4306 2697 4359 dicendum
2757 4309 2921 4362 venit.
2988 4310 3052 4365 Et
3110 4324 3350 4382 poteram
3409 4332 3539 4371 sane

1971 4394 2334 4450 dzﬁicultatem
2368 4397 2505 4450 hanc
2537 4398 2736 4464 multis,
2768 4402 2976 4466 opinor,
3006 4407 3176 4460 modis
3205 4410 3527 4463 ostendere:

1970 4485 2063 4540 sed
2112 4487 2310 4540 vitandi
2350 4487 2491 4541 tedii
2550 4488 2750 4553 studio,
2790 4500 2991 4546 tantum
3041 4498 3331 4563 proferam.
3395 4500 3538 4553 Dixit

1972 4577 2185 4644 quidam
2217 4579 2297 4629 vir
2328 4593 2572 4646 magnus,
2600 4580 2684 4633 cui
2715 4596 2907 4637 nomen
2934 4584 3172 4642 Joannes
3199 4590 3336 4658 (erat
3357 4601 3533 4644 autem

1968 4664 2211 4721 eorum'e
2246 4684 2485 4733 numero,
2518 4669 2607 4737 qui
2644 4669 2759 4723 Deo
2788 4674 2991 4737 vivunt,
3024 4693 3128 4730 non
3159 4680 3305 4746 sibi),
3343 4682 3537 4735 tribulo

1968 4758 2200 4811 similem
2233 4774 2353 4812 esse
2400 4762 2736 4827 superbiam,
2768 4770 2821 4815 et
2848 4752 3064 4832 quidem
3094 4769 3194 4823 hac
3221 4771 3266 4823 ei
3300 4772 3532 4839 primutn

1971 4849 2323 4917 appellatione
2359 4852 2545 4917 indita,
2585 4853 2777 4908 deinde
2813 4864 2956 4910 recte
2988 4859 3055 4912 ab
3090 4874 3147 4915 se
3184 4864 3403 4917 verbum
3437 4865 3537 4918 hoc

1970 4940 2237 5005 prolatum
2272 4945 2525 4997 ostendit.
2554 4944 2687 4998 Nam
2721 4947 2767 4999 si
2796 4949 2947 5015 quid,
2985 4951 3179 5019 inquit,
3206 4955 3328 5008 boni
3361 4956 3537 5011 fecero

1971 5028 2211 5098 (scepum
2243 5040 2417 5085 autem
2456 5034 2619 5101 ipsius
2652 5037 3051 5108 indicabo,|non
3073 5043 3278 5109 verba),
3303 5060 3423 5098 mox
3450 5046 3537 5098 illa

1970 5122 2224 5185 prodiens
2258 5125 2553 5193 applaudit,
2581 5137 2633 5180 et
2669 5145 2788 5181 cum
2819 5131 3054 5187 clamore
3085 5134 3282 5189 factum
3305 5137 3533 5192 extollit.

1968 5214 2118 5277 Quod
2154 5230 2281 5267 sane
2340 5217 2383 5269 si
2416 5218 2656 5285 praestitu
2698 5222 2920 5277 difﬁcile
2965 5227 3159 5293 fuerit,
3218 5244 3405 5283 omnes
3453 5244 3537 5282 me
3596 5292 3599 5293 ν

1968 5316 2127 5368 Supra
2165 5306 2420 5359 mortales
2472 5308 2718 5363 collocat.
2773 5312 2850 5365 Ac
2886 5315 3151 5382 siquidem
3186 5319 3337 5371 initio
3375 5317 3539 5370 fuerit

1970 5394 2187 5460 rejceta,
2223 5411 2329 5447 non
2356 5396 2564 5451 desistit
2594 5417 2607 5453 :
2636 5412 2689 5454 et
2730 5405 2926 5471 saepius
2956 5421 3172 5476 quoque
3202 5408 3360 5469 vieta,
3387 5407 3536 5473 pejor

1967 5487 2141 5553 seipsa
2176 5487 2354 5540 multis
2405 5493 2577 5543 modis
2626 5498 2937 5560 revertitur,
2981 5500 3109 5551 nihil
3165 5515 3271 5551 non
3326 5496 3534 5550 subdoli

1967 5590 2150 5629 secum
2202 5576 2453 5632 afferens.
2490 5563 2620 5634 Nam
2660 5586 2869 5639 animos
2891 5588 3120 5650 illorum,
3150 5587 3238 5655 qui
3272 5587 3424 5638 bonis
3468 5601 3532 5637 ex

1965 5672 2217 5738 operibus
2244 5673 2542 5728 eminentes
2572 5674 2698 5731 facti
2735 5692 2879 5743 sunt,
2916 5696 2977 5733 ac
3008 5681 3195 5733 deinde
3244 5679 3374 5730 nihil
3405 5677 3506 5729 sub

1966 5762 2092 5817 lime
2125 5762 2188 5817 de
2232 5763 2428 5833 scipsis
2475 5768 2804 5837 concipiunt,
2842 5773 2931 5825 sed
2985 5772 3120 5823 intra
3172 5769 3367 5823 limites
3415 5782 3535 5824 sese
