4098 6272
562 364 669 432 567

1756 360 2161 423 MANUELIS
2203 362 2657 427 PALEEOIDGI

3730 376 3843 441 518

566 481 867 542 continent,
927 476 1229 532 clanculum
1298 471 1463 539 subit,
1525 472 1799 542 taciteque
1871 474 2055 529 lolium
2104 475 2150 529 in

2264 476 2351 547 ἄρ’
2384 478 2536 531 οὐδὲν
2574 481 2633 531 ἐν
2672 479 2859 544 αὑταῖς
2900 482 3267 552 ὑπερήφανον,
3304 487 3490 556 ἐπειδὴ
3539 490 3639 559 τὴν
3664 492 3843 564 ὑπερ-

569 573 649 626 eis
680 571 831 633 serit,
858 568 1089 621 fortasse
1112 566 1535 621 dormitantibus
1559 566 1628 621 ob
1655 566 1817 620 nimis
1868 566 2149 621 assiduam

570 662 919 734 vigilantiam.
964 660 1170 713 Lolium
1204 668 1381 712 autem
1424 674 1567 712 nunc
1615 658 1851 727 appello,
1885 660 2028 728 quod
2060 675 2152 714 se-

568 772 687 809 cum
722 753 823 822 ipsi
874 761 1147 821 reputant,
1188 752 1389 804 nullant
1437 750 1616 805 inesse
1652 750 1753 804 sibi
1801 751 2150 818 superbiam:

566 844 1002 914 quandoquidem
1066 842 1375 910 superbiam
1408 841 1725 908 rcpulerint.
1787 839 1898 895 Hoc
1943 848 2152 907 autem,

568 936 650 991 vel
685 937 738 989 in
791 936 984 1006 primis
1048 935 1339 1003 superbum
1390 930 1647 1002 quiddam
1695 940 1816 987 cst:
1879 947 2153 1001 propeque

567 1030 790 1099 gravius
822 1029 1082 1093 arbitror,
1111 1043 1275 1096 quam
1309 1035 1368 1079 ut
1404 1027 1587 1081 sanari
1615 1026 1803 1095 possit.
1834 1026 1972 1092 Quid
2004 1026 2147 1080 enim

568 1125 831 1187 deterius,
863 1139 1021 1190 quam
1071 1123 1113 1176 si
1140 1122 1395 1175 humilem
1423 1136 1482 1175 se
1541 1130 1714 1189 putet,
1747 1120 1837 1189 qui
1886 1119 2153 1188 superbia

568 1218 760 1271 morbo
797 1214 1049 1269 laborat?
1073 1216 1181 1269 Aut
1215 1230 1322 1283 quo
1353 1222 1513 1282 paeto
1555 1214 1885 1267 medicinam
1917 1220 2148 1280 quaeret,

565 1309 661 1377 qui
698 1307 823 1361 mali
860 1307 991 1360 nihil
1023 1321 1082 1360 se
1118 1308 1227 1374 pati
1263 1304 1611 1373 suspicatur?
1648 1303 1765 1369 Quo
1795 1302 1853 1355 fit
1879 1310 2155 1355 uttamet-

564 1402 610 1455 si
671 1402 773 1455 sim
830 1400 1003 1453 factus
1048 1400 1292 1462 humilis,
1360 1413 1573 1452 rursum
1639 1406 1817 1451 tamen
1882 1394 2149 1459 extollar;

564 1493 997 1561 quandoquidem
1027 1507 1110 1545 me
1148 1492 1404 1546 humilem
1454 1489 1657 1544 factum
1698 1488 1845 1542 novi.
1893 1488 2152 1555 Adeoque

564 1601 635 1641 ne
668 1586 844 1640 sentio
874 1585 1090 1653 quidem
1117 1585 1255 1637 elato
1286 1598 1370 1639 me
1421 1583 1604 1636 animo
1656 1597 1796 1638 esse.
1828 1578 1980 1633 Licet
2037 1577 2152 1632 ela-

564 1679 767 1730 tionem
802 1678 985 1731 statim
1008 1688 1571 1744 agnoscam,eamque
1598 1672 1751 1726 valde
1778 1686 2005 1739 perosus
2043 1670 2155 1723 abi-

566 1782 709 1834 gam,
750 1780 811 1819 ac
854 1766 1118 1844 nteipsntn
1162 1773 1380 1831 propter
1413 1766 1552 1816 hanc
1603 1762 2037 1831 reprehendam:
2073 1768 2153 1815 ta-

2256 570 2497 638 ηφανίαν
2532 572 2961 638 ἀπεκρούσαντο.
3000 575 3160 627 Τουτὶ
3190 577 3246 629 δὲ
3300 578 3648 648 ὑπερήφανον
3678 584 3845 651 μάλι-

2254 662 2409 716 λιστά
2442 680 2504 731 γε
2540 666 2632 717 καὶ
2675 664 2873 735 μικροῦ
2913 667 3023 719 δεῖν
3070 671 3316 737 κρεῖττον
3353 666 3524 739 οἶμαι,
3555 673 3588 740 ἦ
3619 674 3844 743 ἰαθῆναι

2254 752 2365 808 οἶόν
2422 773 2481 807 τε
2540 750 2698 810 εἶναι.
2735 756 2841 810 Τοῦ
2886 759 2994 827 γὰρ
3037 760 3424 814 ταπεινοῦσθαι
3473 765 3712 832 νομίζειν
3745 768 3842 820 τὸν

2256 847 2637 917 ὑπερηφανίαν
2669 847 2929 903 νοσοῦντα
2971 850 3023 902 τί
3049 852 3270 920 χεῖρον;
3304 853 3372 905 Ἢ
3433 854 3551 916 πῶς
3613 858 3839 926 ζητήσει

2256 938 2351 1008 τὴν
2380 939 2523 993 τασιν
2549 941 2576 992 ὁ
2604 940 2742 1010 μηδὲ
2776 941 3004 1010 πάσχειν
3032 941 3433 1011 ὑπολαμϐάνων
3460 963 3474 1010 ;
3529 947 3694 999 Ὥστε
3733 949 3839 1001 κᾶν

2255 1031 2599 1098 ταπεινωθῶ,
2631 1032 2791 1085 πάλιν
2812 1032 3037 1102 αἴρομαι
3062 1050 3073 1062 ·
3100 1034 3277 1097 εἰδὼς,
3301 1035 3375 1094 ὡς
3390 1040 3794 1109 τεταπείνωμαι
3820 1057 3836 1071 ·

2257 1122 2349 1174 καὶ
2378 1122 2818 1194 ὑπερφρονήσας,
2853 1125 2970 1177 οὐδὲ
3011 1125 3372 1194 αἰσθάνομαιο
3413 1129 3522 1181 κᾶν
3558 1130 3675 1197 γνῶ
3740 1133 3841 1200 τὴν

2258 1213 2637 1283 ὑπερηφανίαν
2662 1215 2847 1279 εὐθὺς,
2878 1218 2973 1269 καὶ
3006 1218 3340 1285 ἁποσοδήσω
3402 1221 3549 1287 μάλα
3597 1224 3841 1292 μισήσας

2256 1304 2351 1356 καὶ
2375 1305 2476 1373 τῆς
2514 1305 2892 1376 ὑπερηφανίας
2926 1306 3163 1368 ἐμαυτὸν
3190 1308 3514 1378 μέμψωμαι,
3540 1311 3652 1364 οὔτ’
3679 1313 3840 1380 ἀγνο-

2257 1399 2372 1466 ήσω
2421 1395 2582 1449 πάλιν
2643 1398 3031 1463 ταπεινωθεὶς,
3097 1399 3191 1450 καὶ
3268 1401 3541 1455 ἐπαινέσω
3598 1405 3837 1469 ἐμαυτὸν

2256 1486 2644 1557 κατορθοῦντα.
2678 1490 2745 1540 Ἀ
2774 1488 2835 1553 δή
2866 1487 3077 1551 παθὼν,
3111 1490 3184 1551 ὡς
3219 1490 3291 1559 μὴ
3317 1491 3545 1559 ὤφελον,
3575 1494 3699 1547 ὅθεν
3736 1498 3838 1566 ἠρ-

2258 1580 2434 1649 ξάμην
2467 1579 2655 1650 ὥσπερ
2692 1583 2746 1633 ὲν
2777 1581 2960 1649 κύκλῳ
3003 1583 3335 1650 κατήντηκα.
3394 1586 3555 1638 Ὥστε
3590 1589 3835 1656 τρίόολός

2256 1671 2404 1721 ἐστιν
2436 1672 2595 1737 αὕτη,
2640 1673 2733 1721 καὶ
2762 1670 2822 1722 τὸ
2856 1672 3078 1742 κέντρον
3104 1672 3286 1739 ὄρθιον
3319 1674 3451 1742 ἔχει,
3476 1678 3574 1729 καὶ
3600 1679 3834 1746 χαλεπὸν

2255 1761 2539 1827 διαφυγεῖν
2565 1759 2655 1813 καὶ
2684 1762 2807 1822 τοὺς
2847 1761 2980 1812 πολύ
3021 1779 3072 1813 τι
3109 1762 3270 1832 βάρος
3297 1764 3386 1817 νοῦ
3435 1769 3831 1835 κεκτημένους.

567 1875 689 1914 men
728 1875 912 1913 rursus
964 1860 1305 1912 humiliatum
1353 1873 1439 1913 me
1474 1873 1579 1913 nou
1630 1859 1912 1927 ignorabo,
1963 1873 2150 1926 meque

2261 1852 2370 1903 Καὶ
2427 1851 2654 1913 πολλοὺς
2696 1851 2761 1903 ἂν
2796 1847 2945 1920 εἶχον
2990 1854 3271 1923 μάρτυρας
3322 1856 3622 1924 ἀναστῆσαι
3680 1860 3833 1913 τοῦδε

567 1960 712 2005 recte
764 1960 1010 2017 agentem
1066 1949 1405 2004 collaudabo.
1461 1951 1640 2018 Atque
1682 1949 1797 2003 haec
1845 1948 1977 2001 mihi
2029 1963 2151 2002 cum

569 2044 821 2097 accidunt
867 2043 1098 2109 (utinam
1138 2043 1351 2111 quidem
1391 2057 1456 2096 ne
1484 2041 1721 2108 fierent),
1764 2043 1905 2094 unde
1942 2040 2150 2094 fuerant

564 2149 815 2199 exorsus,
842 2134 987 2187 velut
1022 2134 1073 2186 in
1102 2133 1310 2187 circulo
1349 2142 1616 2187 revertor.
1653 2132 2016 2199 Quamobrem
2050 2135 2150 2186 tri-

565 2223 723 2277 bulus
763 2232 843 2277 est
883 2222 1161 2289 superbia,
1217 2221 1603 2291 stimulutnque
1653 2236 1868 2275 sursum
1902 2232 2148 2276 erectum

568 2314 752 2380 habet,
779 2328 937 2383 quem
986 2312 1277 2367 difficulter
1319 2314 1524 2368 evitare
1579 2324 1827 2382 possunt,
1864 2314 2028 2367 etiam
2061 2316 2151 2382 qui

567 2420 763 2473 tuagno
791 2404 985 2459 mentis
1013 2402 1251 2473 pondere
1299 2412 1427 2457 sunt
1461 2404 1694 2471 praediti.
1740 2399 1906 2471 Cujus
1934 2404 2152 2473 quidem

566 2497 830 2550 orationis
865 2506 1029 2551 testes
1065 2495 1367 2564 producere
1414 2495 1616 2549 multos
1640 2495 1798 2549 exiis
1858 2495 1990 2560 ipsis
2031 2512 2154 2563 pns-

567 2600 703 2650 sem,
737 2586 827 2654 qui
870 2586 1013 2640 hunc
1059 2586 1341 2639 stimulum
1367 2585 1578 2653 experti
1637 2585 1811 2640 fuere.
1873 2586 1977 2640 Sed
2026 2602 2147 2640 cum

2257 1944 2351 1996 τοῦ
2411 1944 2593 2009 λόγου,
2627 1944 2819 2006 αὐτοὺς
2847 1946 3088 2007 ἐκείνους
3128 1947 3252 2007 τοὺς
3283 1948 3650 2017 βεδλημένους
3698 1952 3832 2019 τῷδε

2255 2034 2336 2102 τῷ
2364 2033 2592 2103 κέντρῳ.
2629 2034 2806 2101 Σαφὲς
2839 2035 2893 2087 δὲ
2921 2034 2981 2087 ὃν
3023 2036 3083 2088 τὸ
3114 2039 3345 2105 πρᾶγμα
3398 2040 3491 2092 καὶ
3540 2043 3829 2112 πρόδηλον,

2254 2126 2315 2178 οὐ
2351 2125 2819 2178 κατασκευαστέον
2858 2122 2996 2178 εἶναι
3024 2127 3184 2192 δοκεῖ,
3206 2129 3378 2194 ἄλλως
3406 2148 3462 2183 τε
3489 2134 3581 2185 καὶ
3615 2136 3747 2202 πρὸς
3771 2136 3831 2187 σὲ

2253 2217 2612 2286 δυσπόριστόν
2643 2234 2762 2269 τινα
2787 2217 3011 2271 πλοῦτον
3045 2218 3139 2287 τήν
3170 2224 3667 2293 ταπεινοφροσύνην
3701 2242 3833 2295 προ-

2263 2307 2542 2376 ειρηκότα.
2596 2307 2817 2361 ’Δκτέον
2848 2308 2910 2377 δή
2937 2309 3028 2362 τὸν
3069 2310 3222 2377 λόγον
3261 2313 3353 2364 ἐπὶ
3387 2312 3476 2365 τὸν
3522 2316 3732 2383 τρόπον,
3780 2310 3825 2383 ᾧ

2263 2401 2326 2452 ἄν
2351 2417 2432 2462 τις
2464 2398 2678 2469 πράξας
2709 2401 2766 2453 τὸ
2790 2400 3015 2468 ἀγαθὸν,
3041 2401 3291 2470 διαφύγοι
3320 2402 3379 2454 τὸ
3402 2405 3523 2473 περὶ
3552 2406 3706 2457 αὑτοῦ
3733 2408 3817 2459 δο-

2261 2493 2419 2558 ξάσαι
2452 2510 2503 2544 τι
2549 2493 2710 2561 μέγα,
2743 2494 2837 2545 καὶ
2856 2492 2923 2545 τὰ
2947 2492 3140 2562 μέτρια
3168 2495 3463 2563 φρονήσας,
3499 2495 3569 2565 μὴ
3608 2497 3823 2567 Quoi-

2259 2601 2367 2648 ναι,
2408 2581 2437 2634 δ
2463 2583 2558 2636 καὶ⁴
2588 2582 2964 2652 χαλεπώτερον
2991 2582 3257 2635 δέδεικται
3287 2585 3379 2637 τοῦ
3400 2587 3687 2657 προτέρου.

564 2696 655 2737 res
686 2684 799 2753 ipsa
846 2682 1130 2752 perspicua
1192 2682 1262 2735 sit
1292 2692 1347 2736 et
1394 2683 1704 2745 manifesta,
1749 2682 1947 2737 nullius
1985 2698 2142 2751 egere
2210 2680 2546 2751 probationis
2606 2678 2841 2745 videtur,
2915 2681 3215 2748 praesertim
3254 2681 3397 2749 apud
3431 2691 3524 2747 te,
3591 2684 3681 2751 qui
3736 2698 3831 2737 an-

566 2794 651 2841 tea
706 2780 943 2845 dicebas,
984 2778 1342 2833 humilitatem
1396 2793 1517 2833 esse
1566 2779 1782 2833 divitias
1836 2780 2104 2849 acquisitu
2148 2778 2411 2833 difﬁciles.
2488 2775 2680 2844 Itaque
2745 2774 3075 2830 traducenda
3110 2777 3215 2830 erit
3273 2777 3341 2832 ad
3372 2778 3592 2832 modum
3638 2781 3831 2848 oratio,

568 2887 675 2941 quc
706 2874 825 2941 quis
862 2873 1103 2927 efficiens
1136 2875 1278 2941 quod
1310 2872 1514 2927 bonum
1545 2882 1648 2939 est,
1706 2874 1912 2928 evitare
1951 2873 2143 2943 possit,
2175 2889 2241 2926 ne
2266 2886 2517 2940 magnam
2545 2871 2612 2925 de
2643 2884 2703 2924 se
2752 2868 3026 2937 concipiat
3069 2869 3416 2938 opinionem;
3476 2882 3534 2926 et
3581 2883 3639 2927 ut
3706 2888 3825 2927 mo-

568 2968 722 3021 deste
755 2969 821 3021 de
875 2983 933 3022 se
987 2968 1251 3034 sentiens,
1298 2983 1404 3022 non
1463 2967 1766 3034 efferatur;
1795 2976 1938 3039 quod
1994 2970 2157 3024 etiam
2185 2983 2307 3024 esse
2329 2968 2758 3021 demonstratum
2790 2975 2870 3019 est
2894 2965 2986 3017 illo
3011 2960 3191 3033 p'riore
3224 2963 3522 3020 difficilius.

634 3063 909 3117 Arbritror
938 3063 1122 3132 igitur,
1152 3078 1310 3117 unam
1344 3064 1633 3133 quamdam
1664 3064 1806 3119 hanc
1828 3065 1967 3118 viam
1997 3078 2142 3131 esse,

569 3171 693 3225 qua:
724 3170 822 3209 nos
885 3155 950 3208 ad
999 3155 1358 3210 humilitatem
1418 3156 1655 3209 evehat:
1696 3165 1754 3209 ut
1813 3166 1959 3210 recte
2005 3155 2147 3210 facta

2256 3156 2345 3209 ἐπὶ
2382 3156 2480 3225 τὴν
2513 3153 3012 3223 ταπεινοφροσύνην
3050 3151 3487 3216 ἁναόιϐἀζουσαν
3524 3170 3539 3185 ·

571 3242 773 3297 scilicet
795 3242 859 3295 ad
886 3241 1050 3295 Deum
1082 3245 1257 3310 ipsum
1281 3243 1605 3299 referamus.
1634 3244 1830 3315 Nequit
1858 3246 2024 3309 enim,
2060 3260 2153 3300 ne-

568 3333 687 3402 quit
709 3332 933 3386 omniuo
964 3328 1105 3396 ﬁeri,
1132 3332 1288 3388 nobis
1316 3343 1371 3385 ιιι
1397 3334 1551 3403 ipsis,
1576 3349 1696 3402 quae
1718 3337 1857 3388 facta
1885 3341 2035 3401 sunt,
2058 3335 2155 3388 ad-

569 3424 896 3486 scribentes,
930 3422 1352 3491 cogitationibus
1382 3425 1486 3478 hoc
1511 3425 1645 3479 vitio
1692 3425 2005 3493 superiores
2030 3440 2156 3479 eva-

569 3516 781 3569 damus.
843 3513 1041 3585 Opiuio
1093 3529 1329 3583 namque
1397 3514 1464 3570 de
1536 3524 1685 3570 recte
1752 3516 1913 3571 factis
1990 3516 2153 3572 dubio

567 3608 756 3677 procul
788 3608 840 3661 in
896 3607 1052 3661 nobis
1098 3609 1337 3661 maxima
1364 3609 1635 3675 superbiae
1662 3610 1880 3663 occasio
1940 3618 2041 3673 εει,
2074 3608 2149 3662 ιιιί

561 3701 672 3767 iam
727 3710 849 3754 ante
898 3701 1218 3755 docuimus.
1273 3698 1507 3753 Tantum
1572 3715 1700 3755 vero
1763 3701 1971 3755 malum
2046 3706 2147 3758 hoc

566 3803 670 3859 est,
727 3805 786 3847 ut
841 3792 1003 3859 etiam
1069 3791 1493 3860 Cbrysostomus
1533 3793 1736 3847 alicubi
1781 3780 2152 3858 docuerit,ci~

569 3896 652 3939 tra
709 3884 1135 3939 controversiam
1197 3884 1392 3938 melius
1455 3899 1596 3952 esse,
1647 3901 1750 3939 non
1784 3885 1966 3940 facere
2027 3887 2150 3942 boui

568 3971 845 4039 quidpiam
877 3964 1165 4041 poenaeque
1190 3988 1247 4027 se
1280 3972 1531 4026 maximae
1563 3988 1711 4027 reum
1739 3973 1958 4041 ducere,
1990 3990 2150 4044 quam

569 4075 734 4128 opera
767 4064 1027 4129 praeclara
1055 4062 1345 4117 facientem
1395 4072 1611 4131 putare,
1639 4079 1699 4117 sc
1756 4080 1917 4133 supra
1965 4080 2155 4120 omnes

569 4165 690 4206 esse
721 4155 975 4220 positum.
1012 4153 1382 4220 Quamobrem
1417 4155 1663 4210 actiones
1696 4155 1868 4210 bonas
1918 4156 2151 4225 imputet

571 4244 703 4310 Deo,
738 4261 842 4300 non
875 4247 999 4313 sibi,
1033 4248 1122 4316 qui
1159 4249 1437 4302 modestus
1471 4263 1592 4302 esse
1617 4248 1842 4317 cogitat.
1882 4249 2011 4303 Haec
2031 4248 2151 4318 cpi-

570 4337 665 4392 nio
696 4338 951 4392 immunis
981 4349 1065 4393 est
1098 4342 1167 4393 ab
1201 4340 1349 4392 omni
1385 4353 1596 4403 errore,
1627 4353 1690 4391 ac
1725 4339 1942 4393 veritati
2003 4354 2151 4393 sum-

572 4445 656 4484 me
684 4430 961 4495 innititur,
990 4431 1164 4498 posita
1194 4430 1403 4498 pariter
1430 4438 1585 4482 extra
1657 4431 1898 4498 pericula
1933 4441 1987 4485 et
2045 4433 2147 4486 tela

2325 3063 2479 3117 Δοκῶ
2507 3062 2687 3115 τοίνυν
2722 3079 2810 3131 μοι
2834 3062 2962 3131 μίαν
3017 3062 3137 3114 τινὰ
3195 3061 3293 3130 τήν
3356 3064 3477 3115 ὁδὸν
3532 3065 3699 3127 εἶναι,
3744 3066 3835 3135 τὴν

3599 3157 3662 3207 τὸ
3701 3156 3839 3224 πρὸς

2257 3246 2350 3298 τὸν
2378 3246 2510 3298 θεὸν
2548 3243 2789 3311 δηλονότι
2825 3243 2895 3297 τὰ
2929 3243 3108 3305 καλῶς
3141 3243 3487 3313 πραττόμενα
3518 3245 3839 3313 ἀναφέρεινέ

2261 3334 2336 3387 Οὑ
2370 3334 2479 3403 γὰρ
2497 3335 2663 3400 ἔστιν,
2695 3334 2796 3387 οὐκ
2829 3334 2976 3386 ἔστιν
3014 3334 3224 3397 ἑαυτοῖς
3264 3351 3323 3386 τε
3382 3336 3719 3402 ἀναγράφειν
3770 3339 3842 3390 τὰ

2261 3425 2648 3495 πεπραγμένα,
2683 3424 2777 3477 καὶ
2796 3423 3073 3493 λογισμοῖς
3102 3425 3365 3494 κρατῆσαι
3406 3424 3557 3475 τοῦδε
3582 3424 3674 3475 τοῦ
3725 3427 3836 3478 πά-

2260 3515 2407 3575 θους.
2439 3515 2511 3566 Τὸ
2536 3514 2641 3583 γὰρ
2669 3514 3015 3583 κατορθῶσαι
3067 3515 3279 3583 νομίσαι
3336 3514 3577 3580 γίγνεται
3640 3515 3834 3581 σαφῶς

2261 3610 2391 3678 ἡμῖν
2439 3608 2815 3677 ὑπερηφανίας
2869 3607 3101 3676 μεγίστη
3156 3608 3444 3677 πρόφασις,
3477 3606 3551 3667 ὡς
3600 3608 3630 3658 δ
3675 3607 3839 3674 λόγος

2258 3701 2358 3769 ήδη
2382 3699 2597 3762 διδάξας
2625 3698 2784 3766 ἔφθη.
2814 3698 2983 3751 Τοῦτο
3012 3698 3069 3751 δὲ
3096 3698 3333 3765 τοσούτῳ
3358 3697 3547 3762 κακδν,
3572 3697 3710 3750 ὥστε
3743 3700 3840 3751 καὶ

2258 3792 2349 3843 τὸν
2382 3793 2423 3843 Χ
2436 3791 2818 3863 ρυσορρήμονά
2854 3808 2956 3843 που
2998 3790 3207 3856 διδάξαι
3240 3790 3449 3860 βέλτιον
3476 3793 3659 3859 σαφῶς
3694 3787 3838 3844 εἶναι

2261 3882 2336 3952 μὴ
2364 3883 2563 3950 πρᾶξαί
2584 3899 2635 3935 τι
2667 3881 2775 3934 τῶν
2805 3882 3006 3947 καλῶν,
3034 3883 3123 3934 καὶ
3157 3882 3262 3935 ὑπὸ
3283 3883 3437 3950 δίκην
3464 3882 3655 3934 ἑαυτὸν
3683 3884 3841 3951 μεγίο

2260 3987 2390 4039 στην
2415 3970 2840 4039 ὑπολαμϐάνειν,
2874 3970 2906 4040 ἢ
2939 3970 3308 4039 κατορθοῦντα
3360 3970 3571 4023 οἴεσθαι
3622 3971 3842 4025 πάντων

2257 4057 2383 4125 ἑξῆς
2411 4058 2789 4129 ὑπερκεῖσθαι.
2834 4060 2997 4111 Ὥστε
3021 4059 3330 4126 λογίζεσθαι
3368 4059 3474 4130 χρὴ
3500 4061 3595 4122 τὰς
3623 4061 3839 4127 ἀγαθᾶς

2257 4150 2483 4221 πράξεις
2513 4152 2592 4221 τῷ
2631 4151 2770 4220 Θεῷ,
2816 4151 2910 4204 καὶ
2938 4152 3037 4220 οὑχ
3081 4151 3284 4220 ἐαυτῷ,
3323 4152 3373 4203 εί
3409 4151 3594 4220 μέλλει
3625 4169 3710 4214 τις
3748 4170 3843 4221 μεο

2255 4244 2517 4314 τριάξειν.
2559 4245 2708 4313 Αὕτη
2735 4247 2766 4315 ή
2794 4244 2920 4310 δόξα
2949 4244 3245 4314 καθαρεύει
3294 4243 3395 4313 μὲν
3436 4244 3642 4313 πλάνης
3700 4245 3845 4298 ﬁnd-

2260 4354 2378 4407 σης,
2404 4337 2584 4406 ἔχεται
2614 4338 2671 4391 δὲ
2701 4337 2797 4406 τῆς
2822 4336 3079 4406 ἀληθείας
3131 4338 3188 4399 ἐς
3225 4337 3413 4405 ἄκρον,
3466 4337 3735 4389 κινδύνων
3789 4338 3843 4390 δὲ

2256 4431 2414 4491 ἐκτὸς
2479 4428 2681 4497 ἕστηκε
2732 4432 2824 4481 καὶ
2861 4427 3055 4499 βελῶν,
3106 4426 3142 4482 ἆ
3196 4428 3316 4480 καθ’
3366 4427 3525 4497 ήμῶν
3556 4429 3839 4498 ἀφίησινή

570 4534 691 4588 quae
721 4531 909 4575 contra
947 4536 1043 4574 nos
1071 4530 1286 4574 versuta
1339 4530 1555 4588 torquet
1578 4521 1765 4577 elatio.
1824 4523 1937 4578 Nec
2003 4527 2147 4580 enim

2256 4520 2635 4590 πολυμήχανος
2663 4520 2916 4591 ἔπαρσις.
2952 4518 3089 4572 υῦτε
3120 4519 3229 4588 γὰρ
3277 4500 3657 4587 ἀπατηθῆναι,
3722 4519 3841 4572 οὔτε

573 4612 800 4681 decipit,
839 4628 938 4666 nec
958 4614 1009 4666 in
1040 4612 1345 4679 periculum
1374 4615 1564 4667 venire
1586 4626 1784 4683 potest,
1810 4616 1900 4685 qui
1925 4618 2147 4672 cuicun-

571 4720 676 4774 que
702 4721 828 4760 vero
865 4706 1041 4760 fretus
1100 4714 1204 4760 est.
1256 4705 1396 4771 Quid
1458 4698 1639 4759 autem
1705 4708 2144 4779 tuagisgverum,

570 4812 730 4862 quam
764 4799 1099 4859 existimare,
1139 4798 1304 4851 Deum
1331 4812 1454 4852 esse
1511 4798 1823 4867 largitorem
1883 4802 2146 4856 bonorum

570 4891 836 4954 omnium,
869 4902 922 4945 et
960 4892 1028 4945 ab
1047 4892 1233 4946 eodem
1262 4890 1546 4944 universos
1573 4894 1831 4947 mortales
1859 4894 1993 4946 bona
2021 4910 2150 4947 con-

574 4981 766 5048 sequi?
801 4981 1138 5047 Argutneuto
1172 4991 1278 5044 est,
1306 4981 1449 5050 quod
1482 4998 1511 5035 a
1552 4980 1838 5038 Salvatore
1862 4985 2147 5054 discipulis

573 5077 657 5123 est
692 5070 893 5124 dictum
934 5090 947 5125 :
983 5071 1109 5126 Sine
1155 5089 1233 5126 me
1280 5074 1413 5125 nihil
1458 5076 1675 5140 potestis
1724 5074 1921 5143 facere.
1991 5075 2146 5140 Quod

575 5178 708 5216 sane
739 5162 964 5217 verbum
1010 5173 1069 5217 ttt
1139 5180 1263 5219 esse
1306 5166 1655 5220 verissimum
1717 5169 2145 5232 demonstretur,

578 5255 677 5307 hoc
714 5268 880 5305 unum
950 5253 1131 5308 dicere
1174 5255 1392 5320 sufﬁcit,
1447 5272 1478 5310 a
1532 5257 1816 5310 Salvatore
1880 5259 2149 5326 prolatum

573 5358 715 5399 esse.
748 5343 863 5399 Non
898 5346 1199 5400 rationibus
1224 5362 1360 5413 opus
1383 5348 1488 5401 erit
1516 5348 1646 5400 mihi
1695 5363 1795 5401 nec
1825 5350 2150 5416 prisrorum,

575 5451 675 5491 nec
703 5436 1037 5502 recentium;
1079 5438 1274 5507 quibus
1338 5440 1479 5492 hanc
1506 5439 1857 5503 sententiam,
1911 5456 2009 5495 ceu
2065 5456 2153 5495 ve-

578 5544 717 5591 ram,
756 5527 1225 5596 probareliceret.
1262 5528 1377 5583 Non
1406 5530 1670 5598 exemplis
1713 5540 1855 5595 utar,
1896 5547 2002 5584 non
2037 5532 2150 5600 syl-

578 5618 840 5689 lOgismis.
875 5618 1019 5673 Nihil
1066 5620 1289 5674 omnino
1352 5623 1693 5690 perquirunt,
1750 5624 1895 5691 quod
1948 5625 2047 5677 hac
2100 5625 2150 5677 in

578 5720 731 5779 parte
759 5712 892 5766 mihi
921 5712 1379 5782 patrocinaretur,
1407 5715 1451 5766 si
1486 5728 1577 5766 res
1606 5715 1674 5767 ita
1702 5726 1975 5781 posceret.
2016 5713 2149 5768 ham

580 5800 671 5855 ubi
706 5804 907 5859 veritas
928 5806 1045 5874 ipsa
1071 5804 1217 5859 velut
1248 5804 1473 5861 oraculo
1497 5806 1627 5872 quid
1662 5807 1935 5873 decernit,
2004 5822 2151 5861 uzcra

2017 6071 2034 6101 Ι

2251 4612 2592 4665 κινδυνεῦσαι
2627 4606 2735 4664 οἷόν
2766 4629 2849 4675 τε,
2884 4612 2973 4664 τὸν
3006 4611 3091 4679 ἐφ’
3133 4610 3335 4679 ὁτῳοῦν
3387 4610 3579 4679 ἀληθεῖ
3642 4610 3844 4682 θαῤῥή·

2252 4721 2442 4758 σαντα.
2475 4704 2624 4756 Τίδὲ
2655 4704 3022 4773 ἀληθέστερον
3075 4701 3168 4755 τοῦ
3228 4702 3475 4766 δοξάζειν
3536 4698 3685 4755 εἶναι
3746 4703 3841 4771 μὲν

2252 4796 2471 4847 πάντων
2511 4794 2619 4845 τῶν
2653 4793 2873 4861 ἀγαθῶν
2897 4794 3095 4862 δοτῆρα
3121 4792 3210 4845 τὸν
3247 4793 3401 4857 Θεὸν,
3438 4789 3580 4845 εἶναι
3616 4793 3677 4845 δὲ
3710 4792 3841 4846 πάν-

2251 4906 2347 4951 τας
2384 4888 2704 4956 ἀνθρώπους
2737 4887 2947 4940 ἐκεῖθεν
2976 4887 3296 4957 δεχομένους
3317 4886 3569 4952 τάγαθάς
3611 4885 3718 4939 Καὶ
3753 4886 3841 4953 δη-

2254 4982 2336 5032 λοῖ
2387 4980 2449 5033 τὸ
2482 4979 2557 5049 τῷ
2586 4980 2799 5048 Σωτῆρι
2859 4980 2995 5049 προς
3053 4981 3179 5042 τοὺς
3221 4978 3467 5047 μαθητὰς
3504 4978 3796 5048 εἰρημένον
3827 4991 3840 5004 ⁸

2254 5076 2441 5143 Χωρὶς
2469 5076 2615 5144 ἐμοῦ
2648 5078 2720 5129 οὐ
2769 5076 3038 5129 δύνασθε
3070 5076 3268 5130 ποιεῖν
3321 5076 3524 5129 οὐδέν.
3599 5077 3841 5146 Ἀπόχρη

2254 5170 2429 5219 εἰπεῖν
2458 5170 2607 5237 ήμᾱς
2635 5170 2696 5220 τὸ
2730 5168 2821 5219 τὸν
2856 5168 3090 5237 Σωτῆρα
3137 5167 3283 5219 τοῦτ’
3343 5168 3646 5236 εἰρηκέναι,
3710 5167 3841 5235 πρὸς

2254 5259 2315 5311 τὸ
2345 5260 2714 5327 ἀληθέστατον
2755 5260 2846 5311 τὸν
2870 5260 3026 5326 λόγον
3058 5258 3463 5312 ἀποδεικνύναι.
3511 5256 3591 5311 Οὐ
3627 5257 3693 5326 δὴ
3717 5256 3839 5324 δεή-

2257 5368 2338 5402 σει
2375 5340 2685 5420 μοιλόγων,
2726 5350 2850 5403 οὗτε
2881 5351 3147 5413 παλαιῶν,
3173 5349 3295 5403 οὔτε
3343 5350 3497 5413 νέων,
3554 5343 3640 5412 οἷς
3672 5348 3739 5401 ἂν
3776 5344 3842 5418 ἦν

2258 5440 2525 5509 συστῆσαι
2558 5441 2715 5493 τοῦτο
2746 5443 2806 5493 τὸ
2836 5442 3035 5510 δόγμα,
3067 5443 3141 5504 ὡς
3174 5440 3395 5510 ἀληθές.
3434 5441 3508 5492 UO
3539 5438 3841 5508 παραδείγ-

2260 5547 2387 5600 μασι
2418 5532 2717 5601 χρήσομαι,
2749 5531 2810 5583 οὑ
2840 5531 3221 5600 συλλογισμοῖς
3252 5546 3266 5561 ο
3322 5529 3475 5583 οὐδὲν
3524 5527 3841 5596 ἐπιζητήσω

2257 5624 2366 5675 τῶν
2400 5626 2638 5691 πάντων,
2667 5624 2695 5676 ὃ
2724 5624 3098 5694 συνηγόρησεν
3130 5622 3195 5676 ἄν
3236 5640 3324 5693 μοι
3358 5622 3492 5692 προς
3537 5620 3696 5673 τοῦτο
3722 5620 3841 5687 δεῆ-

2260 5733 2379 5771 σαν.
2406 5718 2577 5770 Ὅπου
2607 5718 2717 5789 γὰρ
2747 5720 2779 5788 ή
2814 5716 3174 5787 αὑτοάλήθεια
3208 5718 3557 5787 χρηματίζει,
3586 5716 3843 5781 ἄντικρυς

2261 5808 2604 5878 βλασφημεῖν
2640 5812 2787 5863 ἐστιν
2822 5809 3125 5879 ἐπιχειρεῖν
3153 5806 3382 5877 ἀμύνειν
3413 5806 3489 5877 τῷ
3515 5805 3729 5875 ἐκείνης
3754 5803 3839 5855 λό-
