4098 6272
734 322 761 345 /

314 364 417 427 549

1705 354 1989 416 ORATIO
2019 355 2090 416 Vl
2101 355 2145 415 Ι.

3461 359 3564 419 350

318 493 421 546 γῳ.
463 475 720 538 Ἐκείνοις
770 474 877 542 γὰρ
936 473 1229 543 βοηθητέον
1280 472 1411 543 ἡμῖν
1463 471 1631 533 δστιν,
1682 468 1775 530 οὓς
1825 466 1889 519 ἂν

1996 462 2327 530 blasphemia
2356 473 2458 527 est,
2480 467 2779 523 orationem
2808 467 2924 538 ejus
2956 468 3091 524 tueri
3124 468 3274 524 velle.
3293 467 3560 526 Nimirum

317 567 584 636 γνοίημεν
607 567 896 641 δεομένους
932 568 1029 635 τῆς
1058 568 1187 635 παρ’
1218 566 1375 634 ἡμῶν
1424 560 1762 631 συμμαχίας,
1803 559 1889 608 ὲ).-

315 656 490 719 λιπῶς
525 657 646 709 καθ’
668 658 845 711 ὁτιοῦν
867 658 1085 729 ἔχοντας
1110 659 1243 727 πρός
1270 673 1331 724 γε
1359 655 1417 708 τὸ
1463 653 1645 721 σφίσιν
1706 651 1890 711 αὐτοῖς

318 750 601 816 ἐπαρκεῖν.
638 749 756 816 Θεῷ
789 749 843 801 δὲ
870 751 951 811 τίς
980 748 1253 810 ἀσθένεια,
1312 745 1386 808 ὡς
1412 743 1617 798 δεῖσθαί
1652 758 1754 806 που
1787 741 1887 808 τῆς

317 842 451 908 παρ’
481 840 635 908 ἡμῶν
668 840 921 909 βοηθείας
950 857 964 904 ;
1023 840 1182 892 Ἀλλὰ
1209 838 1316 907 γὰρ
1349 838 1441 890 καὶ
1482 834 1639 888 τοῦτο
1687 832 1890 899 παρέλ-

317 947 416 982 κον
448 926 625 998 οἶμαι,
649 931 708 983 τὸ
744 932 837 984 καὶ
874 933 982 992 τοῖς
1017 930 1217 997 ὀλίγοις
1257 928 1464 988 τούτοις
1495 923 1727 977 ἐνταῦθα
1750 922 1887 992 χρή-

319 1016 514 1068 σασθαι
540 1018 743 1084 λόγοις.
768 1017 864 1078 Τίς
895 1017 1001 1085 γὰρ
1027 1018 1126 1068 οὐκ
1161 1010 1323 1075 οἶδεν,
1357 1015 1432 1076 ὠς
1460 1015 1509 1065 ei
1535 1012 1632 1082 μὲν
1672 1009 1884 1080 ἀνθρώ-

316 1124 492 1173 πινον,
521 1108 581 1159 οῦ
608 1108 769 1161 καλόν
800 1125 816 1173 ;
852 1110 899 1160 εἰ
935 1107 990 1158 δὲ
1033 1106 1188 1169 Θεοῦ,
1242 1106 1333 1158 καὶ
1364 1104 1563 1167 καλόν;
1624 1102 1779 1169 Λέγω
1828 1100 1884 1151 δὲ

315 1197 653 1266 ἀνθρώπινον
686 1199 783 1268 μὲν
825 1197 884 1250 τὸ
928 1197 1025 1265 τῆς
1056 1196 1149 1250 τοῦ
1180 1196 1314 1249 Θεοῦ
1348 1194 1519 1265 ῥοπῆς
1570 1193 1885 1247 παντάπασι

314 1288 467 1356 ψιλὸν
497 1288 554 1342 δν
574 1290 740 1342 ’Θεοῦ
766 1290 822 1343 δὲ
855 1288 951 1357 τὴν
984 1289 1193 1341 ἐκείνου
1239 1288 1376 1357 πρὸς
1434 1287 1579 1355 ἡμᾶς
1619 1282 1885 1336 εὐδοκίαν.

314 1380 388 1432 Τὸ
412 1380 517 1449 γὰρ
544 1380 1045 1447 ἐγκαταλελεῖφθαι,
1084 1379 1176 1430 καὶ
1215 1378 1312 1444 τῆς
1366 1376 1532 1445 ὀργῆς
1563 1372 1733 1427 αὐτοῦ
1772 1390 1889 1424 πει-

316 1470 564 1539 ραθῆναι,
597 1473 887 1541 ἡμέτερον.
910 1472 1042 1525 Οὐδὲ
1075 1474 1182 1541 γὰρ
1222 1470 1382 1541 ἔργον
1418 1468 1572 1521 Θεοῦ.
1617 1467 1884 1531 Ἐκεῖνος

313 1562 423 1631 γὰρ
445 1563 809 1630 ἀπείραστός
832 1563 961 1617 ἐστι
991 1561 1213 1627 κακῶν,
1256 1559 1510 1629 πειράζει
1539 1559 1609 1612 δὲ
1645 1558 1886 1622 οὐδένα,

316 1655 458 1709 κατὰ
487 1654 574 1706 τὸν
592 1654 958 1721 ’Δδελφόθεον.
982 1655 1144 1706 Ὥστε
1174 1654 1231 1706 τὸ
1257 1654 1435 1715 καλῶς
1455 1654 1625 1706 ποιεῖν
1648 1649 1886 1719 ἀτεχνῶς

316 1750 467 1816 παρὰ
508 1746 642 1800 Θεοῦ
676 1749 789 1808 τοῖς
811 1745 1138 1815 ἀνθρώποις,
1174 1745 1234 1797 τὸ
1263 1744 1319 1797 δὲ
1352 1744 1531 1803 κακῶς
1580 1743 1637 1808 ἐξ
1680 1741 1887 1811 ἀνθρώ-

1996 553 2072 607 illi
2102 554 2259 621 nobis
2292 556 2612 637 defendendi
2646 569 2796 622 sunt,
2829 576 2962 629 quos
3017 561 3366 631 intelligimus
3429 565 3565 617 indi-

1995 662 2119 717 gere
2148 659 2333 703 nostro
2358 652 2583 716 auxilio,
2605 656 2812 709 viribus
2853 657 3030 723 aliqua
3060 666 3207 724 parte
3226 658 3563 721 deficientes,
3614 678 3634 710 ιι

1993 758 2101 811 quo
2137 744 2313 797 minus
2340 759 2493 811 opem
2531 746 2631 813 ipsi
2653 748 2752 800 sibi
2789 747 2930 802 ferre
2957 749 3187 817 possint.
3242 750 3310 802 At
3352 751 3403 802 in
3449 751 3561 804 Deo

1995 850 2240 903 qumnam
2269 847 2353 890 est
2385 838 2752 903 imbecillitas,
2790 851 2986 895 nostra:
3030 854 3088 895 ιιι
3115 843 3230 911 opis
3286 843 3563 911 indigeat?

1994 925 2291 980 Enimvero
2354 943 2813 997 supervacaneum
2845 943 2899 986 et
2931 932 3059 985 illud
3105 933 3362 998 arbitror,
3417 936 3560 1001 quod

1991 1016 2157 1069 etiam
2221 1021 2505 1087 perpaucis
2536 1020 2685 1075 hisce
2716 1022 2895 1075 verbis
2937 1023 3036 1076 hoc
3076 1022 3193 1077 loco
3219 1024 3391 1079 simus
3453 1028 3561 1080 usi.

1991 1107 2127 1173 Quis
2155 1111 2297 1163 enim
2332 1111 2567 1180 ignorat,
2606 1113 2649 1166 si
2682 1113 2809 1181 quid
2847 1113 3144 1167 humanum
3192 1117 3282 1177 sit,
3307 1130 3412 1167 non
3441 1130 3563 1169 esse

1995 1202 2341 1255 bonumisin
2387 1203 2503 1267 Dei,
2560 1204 2758 1258 bonum
2813 1205 2968 1258 esse?
3020 1204 3330 1259 Humanum
3381 1217 3561 1260 autem

1992 1292 2043 1344 id
2075 1293 2303 1361 appello,
2341 1296 2482 1362 quod
2510 1296 2710 1349 auxilio
2761 1296 2856 1350 Dei
2893 1298 3052 1365 plane
3081 1296 3397 1351 destituitur
3432 1313 3447 1350 :
3485 1299 3565 1350 di-

1991 1383 2178 1434 vinum
2211 1398 2357 1446 vero,
2393 1384 2564 1452 ipsius
2597 1398 2721 1454 erga
2757 1400 2854 1438 nos
2886 1386 3331 1455 propensionem.
3356 1388 3564 1454 Quippe

1993 1474 2192 1538 deseri,
2225 1487 2381 1543 atque
2411 1478 2545 1529 iram
2608 1478 2780 1545 ipsius
2841 1479 3098 1541 experiri,
3154 1488 3396 1543 nostrum
3454 1490 3562 1532 est.

1990 1561 2187 1631 Nequit
2208 1565 2351 1617 enim
2383 1564 2473 1620 Dei
2502 1566 2603 1620 hoc
2626 1582 2761 1636 opus
2791 1582 2936 1622 esse.
2966 1567 3098 1621 Nam
3130 1570 3268 1622 Deus
3293 1569 3559 1623 malorum

1991 1670 2186 1723 expers
2243 1668 2346 1719 est,
2411 1666 2467 1711 et
2518 1658 2789 1711 neminem
2854 1666 3046 1723 tentat,
3101 1659 3557 1727 quemadmodum

1996 1747 2161 1801 frater
2189 1747 2276 1800 ille
2311 1747 2513 1801 Christi
2563 1749 2827 1816 loquitur.
2863 1748 3015 1802 Unde
3054 1750 3345 1819 coTligitur,
3397 1764 3559 1816 opera

316 1857 456 1902 πων,
498 1838 709 1907 καὶτῆς
733 1835 1105 1905 προαιρέσεως
1140 1834 1329 1904 μόνης.
1382 1834 1491 1886 Καὶ
1522 1832 1568 1883 εἰ
1600 1831 1885 1884 κάλλιστόν

1995 1836 2132 1890 bona
2158 1834 2323 1888 dubio
2356 1834 2541 1903 procul
2571 1835 2624 1887 in
2658 1835 2967 1889 hominibus
3001 1852 3028 1889 a
3062 1837 3169 1889 Deo
3238 1835 3509 1903 proficisci
3541 1851 3556 1886 :

314 1933 428 1984 ἐστι
450 1930 510 1982 τὸ
540 1929 631 1981 ἐπὶ
681 1930 799 1991 ταῖς
850 1927 1081 1995 ἀγαθαῖς
1138 1926 1368 1997 πράξεσι
1418 1926 1884 1995 ταπεινοφρονεῖν,

316 2020 503 2089 σαφῶς
543 2020 637 2071 καὶ
658 2020 802 2072 τοῦθ’
832 2021 962 2090 ἡμῖν
992 2017 1168 2087 πολλῷ
1227 2034 1291 2086 γε
1332 2018 1552 2087 μᾶλλον,
1589 2017 1665 2079 ὡς
1717 2016 1775 2068 ὗν
1826 2032 1885 2083 γε

314 2112 437 2179 μεθ’
490 2111 791 2181 ὑπερϐολῆς
847 2111 1071 2179 ἀγαθόν.
1114 2112 1234 2163 Καὶ
1297 2111 1418 2163 ἐπεὶ
1442 2111 1597 2163 ταυτὶ
1645 2108 1888 2173 ξυνδοκεῖ

316 2200 457 2264 (πῶς
483 2202 590 2271 γὰρ
623 2200 682 2255 οὒ
719 2201 783 2272 ;),
811 2202 871 2254 οὐ
903 2203 981 2255 δεῖ
1008 2202 1097 2254 τὸν
1128 2201 1500 2269 κατορθοῦντα
1536 2200 1882 2269 ἐπαίρεσθαι.

315 2293 380 2345 Ei
443 2294 551 2364 γὰρ
600 2294 864 2364 ἐφ’ὴμῶν
896 2297 1001 2347 τῶν
1045 2292 1344 2363 ἀνθρώπων
1390 2294 1566 2355 οὐδεὶς
1624 2291 1691 2345 ἃν
1746 2293 1888 2363 μέγα

316 2385 449 2437 ποτὲ
477 2386 794 2455 φρονήσειεν
824 2386 1243 2455 ἀριστεύσαντος
1277 2386 1462 2453 ἑτέρου
1492 2385 1716 2452 (πόθεν;
1762 2385 1889 2436 πολ-

317 2475 411 2528 λοῦ
449 2493 511 2543 γε
535 2478 627 2529 καὶ
656 2476 776 2546 δεῖ),
806 2477 922 2538 πῶς
960 2476 1025 2529 ἂν
1071 2475 1155 2544 εἴη
1188 2476 1394 2528 δίκαιον
1425 2475 1886 2543 ὑψηλοφρονῆσαι,

316 2568 410 2621 τοῦ
446 2568 579 2621 Θεοῦ
602 2567 1027 2637 κατωρθωκότος
1068 2566 1134 2618 δι’
1185 2565 1341 2635 ἡμῶν
1372 2566 1434 2617 τὸ
1488 2564 1628 2633 ὑπὲρ
1689 2563 1886 2632 suav;

326 2660 473 2711 Ἀλλ’
502 2661 618 2728 ἐρεῖ
646 2676 728 2722 τις
765 2659 893 2722 ἴσως
925 2660 1178 2729 αρπάσας
1211 2658 1292 2721 τὸ,
1326 2657 1400 2709 Δι’
1436 2656 1615 2727 ἡμῶν,
1655 2657 1729 2718 ὡς
1782 2657 1888 2722 ἄρα

317 2767 371 2803 τι
400 2751 494 2803 καὶ
526 2751 584 2802 τὸ
634 2750 898 2820 ἡμέτερον
948 2749 1310 2819 συνεισφέρει.
1373 2750 1722 2816 Συνεισφέρει
1769 2747 1885 2815 μὲν,

316 2838 363 2897 ὦ
387 2845 503 2907 τᾶν,
533 2842 723 2896 Οὐδὲν
754 2841 807 2893 δὲ
831 2840 1013 2910 ἔχεις,
1047 2841 1233 2909 φησὶν,
1272 2839 1302 2892 ὃ
1349 2843 1459 2893 οὐκ
1513 2838 1746 2902 ἔλαϐες.
1814 2836 1887 2889 Τὰ

318 2939 427 3007 γὰρ
463 2936 658 2989 πάντα
690 2936 755 2989 ἐκ
790 2935 957 2989 Θεοῦ.
995 2935 1101 2989 Καὶ
1125 2935 1305 2996 αὑτός
1326 2934 1497 2987 ἐστιν
1548 2935 1581 2986 ὁ
1628 2930 1889 2999 ἐνεργῶν

319 3030 387 3081 ἐν
416 3029 559 3096 ἡμῖν
588 3028 684 3083 καὶ
716 3029 780 3081 τὸ
827 3027 1027 3081 θέλειν
1064 3027 1160 3079 καὶ
1195 3026 1261 3077 τὸ
1292 3025 1561 3093 ἐνεργεῖν
1599 3023 1747 3090 ὑπὲρ
1778 3021 1887 3089 τῆς

1993 1924 2133 1979 mala
2173 1940 2303 1978 vero
2380 1927 2448 1979 ab
2488 1925 2820 1992 hominibus,
2855 1936 2907 1981 et
2941 1927 3246 1981 animorum
3298 1928 3563 1979 duntaxat

1993 2017 2265 2071 instituto.
2296 2016 2372 2072 Ac
2395 2017 2439 2070 si
2474 2019 2895 2087 pulcherrimum
2922 2019 3173 2087 quiddam
3194 2027 3298 2083 est,
3329 2019 3378 2071 in
3409 2032 3565 2086 egre-

1990 2110 2092 2177 giis
2120 2108 2277 2163 factis
2300 2110 2580 2163 humiliter
2615 2124 2735 2165 sese
2765 2125 2996 2180 gerere:
3026 2126 3128 2162 non
3165 2109 3389 2163 dubium
3452 2119 3556 2170 est,

1991 2201 2096 2254 hoc
2128 2201 2304 2269 ipsum
2332 2216 2543 2271 quoque
2589 2200 2745 2255 nobis
2774 2217 2802 2254 a
2827 2201 2936 2255 Deo
2965 2201 3131 2255 multo
3164 2202 3334 2270 magis
3368 2215 3564 2254 conce-

1991 2293 2066 2356 di,
2105 2309 2224 2345 cum
2261 2294 2518 2346 eximium
2562 2294 2762 2347 bonum
2794 2293 2883 2346 sit.
2917 2292 3093 2361 Atque
3124 2284 3207 2345 bis
3244 2293 3557 2346 necessario

1990 2400 2111 2439 cum
2142 2385 2390 2438 assentiri
2416 2400 2697 2449 cogamur,
2724 2386 2817 2452 qui
2854 2398 2944 2438 res
2966 2384 3254 2452 praeclaras
3282 2384 3414 2451 agit,
3446 2383 3567 2435 ani-

1994 2492 2079 2529 nio
2112 2493 2216 2531 non
2246 2477 2404 2530 debet
2440 2477 2643 2532 eﬂurri.
2696 2475 2829 2529 Nam
2858 2476 2904 2531 si
2953 2490 3056 2528 nos
3119 2477 3261 2529 inter
3314 2474 3562 2527 homines

1994 2569 2173 2621 nullus
2202 2582 2439 2635 unquam
2468 2577 2761 2635 propterea
2803 2567 3086 2634 magniﬁce
3118 2566 3184 2619 de
3216 2581 3274 2620 se
3310 2562 3564 2623 senserit,

1992 2660 2135 2727 quod
2165 2659 2304 2712 alius
2337 2660 2552 2728 egregie
2579 2674 2637 2713 se
2662 2659 2836 2726 gessit
2889 2658 3018 2728 (quo
3062 2660 3202 2710 enim
3232 2657 3353 2724 jure
3380 2657 3402 2708 ?
3442 2656 3562 2709 nul-

1990 2747 2043 2801 lo
2074 2750 2284 2814 certe);
2317 2749 2536 2817 quinam
2572 2750 2736 2803 fuerit
2786 2764 2999 2818 aequum
3030 2748 3277 2803 sublimia
3333 2762 3433 2800 nos
3494 2746 3563 2800 de

1994 2840 2263 2894 nobismet
2290 2842 2515 2903 sentire,
2546 2857 2669 2897 eum
2727 2840 2871 2895 Deus
2918 2856 3013 2910 per
3079 2856 3178 2894 nos
3228 2841 3359 2893 utile
3409 2839 3563 2892 nobis

1992 2948 2125 3001 opus
2148 2934 2355 2987 efﬁcit?
2411 2932 2514 2988 Sed
2544 2934 2687 2988 dicet
2755 2932 2987 2988 fortasse
3043 2934 3337 3003 quispiam,
3399 2942 3559 3000 rapto

1992 3025 2087 3082 illo
2128 3027 2292 3079 verbo
2320 3038 2526 3087 nostro,
2574 3024 2676 3080 Per
2740 3041 2876 3090 nos;
2927 3026 3030 3079 hoc
3090 3027 3267 3093 ipsum
3331 3024 3560 3089 scilicet,

317 3121 618 3187 εὐδοκίας.
655 3122 783 3186 Καὶ,
829 3122 931 3174 Ἐν
960 3119 1119 3184 αὐτῷ
1146 3118 1239 3171 καὶ
1277 3116 1481 3185 ζῶμεν,
1536 3114 1635 3167 καὶ
1684 3116 1881 3167 κινού-

1995 3118 2157 3172 etiam
2197 3128 2435 3172 nostrum
2469 3119 2674 3187 aliquid
2713 3134 2898 3173 secum
2928 3118 3159 3174 inferre.
3228 3118 3374 3173 Sane
3433 3134 3563 3171 vero

314 3216 489 3281 μεθα,
537 3212 634 3264 καὶ
660 3212 868 3279 ἐσμέν.
900 3212 1004 3263 Kal.
1038 3211 1172 3271 ὅλως
1205 3208 1263 3261 αῖ
1293 3226 1349 3261 τε
1371 3207 1562 3275 ψυχαὶ,
1592 3204 1658 3257 τά
1694 3221 1753 3255 τε
1786 3205 1888 3256 σώ-

321 3321 486 3372 ματα,
518 3306 608 3355 καὶ
638 3302 695 3354 αῖ
733 3303 873 3356 κατὰ
909 3302 1040 3355 Θεὸν
1067 3301 1311 3370 πράξεις,
1334 3300 1427 3352 καὶ
1459 3299 1593 3367 ὅπερ
1632 3297 1696 3349 ἂν
1730 3296 1890 3365 μετέ-

320 3412 412 3462 χον
435 3394 519 3464 εἴη
543 3392 781 3465 χρηστοῦ
815 3410 977 3458 τινος,
1028 3392 1324 3462 οὐδαμόθεν
1362 3391 1620 3459 ἀτεχνῶς,
1664 3389 1696 3458 ἢ
1742 3389 1889 3459 παρὰ

321 3484 454 3536 Θεοῦ
495 3488 605 3545 τοῖς
641 3484 974 3552 ἀνθρώποις.
1019 3483 1182 3535 Ὥστε
1215 3484 1312 3536 καὶ
1372 3483 1432 3533 τὸ
1468 3480 1890 3549 συνεισφερόμε-

324 3590 433 3638 νον,
473 3576 565 3626 καὶ
592 3575 724 3626 αᾷτὸ
749 3574 807 3625 τὸ
843 3578 1269 3642 συνεισενεγκεῖν
1302 3573 1722 3644 προθυμεῖσθαι,
1774 3570 1889 3622 θεό-

324 3663 413 3715 θεν
440 3665 593 3733 ἡμῖν.
627 3665 735 3716 Καὶ
763 3665 842 3716 δεῖ
890 3682 952 3733 γε
1005 3666 1142 3735 ὑπὲρ
1201 3666 1407 3717 τούτων
1456 3664 1652 3717 εἰδέναι
1706 3663 1886 3732 χάριν,

320 3758 442 3825 οὐχὶ
469 3742 880 3826 ὑψηλοφρονλν.
916 3760 1023 3811 Καὶ
1048 3759 1098 3811 τί
1140 3758 1308 3811 ταῦτα
1366 3758 1537 3825 λέγω;
1590 3758 1723 3809 ὅπου
1790 3756 1880 3808 καὶ

319 3848 413 3899 τοῦ
447 3849 533 3901 διὰ
559 3847 856 3917 μαρτυρίου
887 3849 1118 3903 θανάτου
1146 3850 1238 3902 τὸν
1263 3848 1395 3901 Θεὸν
1421 3849 1688 3901 αἰτιατέον
1748 3846 1888 3908 ἐστὶ,

320 3936 413 3990 καὶ
448 3936 545 4007 τὴν
574 3937 860 4006 μεγίστην,
886 3938 1034 4007 αὐτῷ
1061 3939 1153 3991 καὶ
1172 3938 1312 4006 ὑπὲρ
1347 3936 1537 3989 τούτου
1565 3936 1725 4003 χάριν
1752 3933 1890 3984 εἰδέ-

319 4045 408 4081 ναι
441 4027 752 4096 ὀφείλομεν,
788 4030 839 4081 el
863 4045 947 4092 τις
977 4029 1218 4097 ἀκριϐῶς
1272 4028 1590 4095 σκοπήσειε,
1638 4028 1732 4078 καὶ
1789 4027 1889 4076 οὐκ

318 4123 529 4191 οἰητέον
556 4121 745 4173 τούτου
771 4122 931 4191 χάριν
957 4122 1120 4174 αὐτὸν
1147 4121 1425 4188 ὀφειλέτην
1468 4120 1596 4187 ἡμῖν
1627 4118 1887 4170 καθιστά-

319 4232 429 4268 ναι.
462 4214 544 4268 Τὰ
570 4213 677 4283 γὰρ
712 4215 885 4266 πάντα
927 4215 987 4265 ὲκ
1021 4212 1180 4275 Θεοῦ,
1214 4210 1394 4273 καθὼς
1421 4210 1469 4263 οἱ
1504 4209 1736 4278 πρόσθεν
1760 4209 1889 4277 ἡμῖν

322 4309 507 4375 σαφῶς
543 4307 828 4370 ἀπέδειξαν
860 4306 1028 4373 λόγοι.
1064 4306 1123 4356 Εἰ
1156 4306 1261 4373 γὰρ
1295 4303 1372 4373 τῷ
1400 4304 1589 4373 ῥήτορι
1627 4302 1776 4355 δοκεῖ
1814 4296 1892 4354 εἷ-

321 4418 405 4453 ναι
428 4400 534 4452 τῶν
560 4398 769 4466 φύντων
798 4399 969 4450 αἴτιον
998 4397 1090 4448 τὸν
1138 4395 1487 4464 παρασχόντα
1541 4394 1605 4446 τὸ
1642 4396 1884 4463 σπέρμα,

320 4496 412 4547 καὶ
441 4496 467 4547 ὁ
494 4494 650 4560 λόγος
682 4488 773 4561 ἦν,
801 4493 859 4544 οὐ
890 4490 1016 4560 περὶ
1041 4490 1197 4553 Θεοῦ,
1223 4490 1357 4542 ἀλλὰ
1384 4489 1514 4559 περὶ
1542 4488 1846 4557 ἀνθρώπων
1874 4502 1889 4517 ο
1926 4470 1968 4522 Ῑ)

321 4588 437 4648 πῶς
460 4586 579 4654 οὐχὶ
614 4583 721 4636 τῶν
755 4586 811 4636 έν
832 4586 963 4652 ἡμῖν
989 4583 1210 4650 ἀγαθῶν
1233 4583 1450 4635 πάντων
1502 4579 1594 4634 τὸν
1627 4577 1763 4632 Θεὸν
1808 4581 1890 4633 αῖ·

319 4677 573 4739 τιατέονς
616 4676 745 4727 ὅντα
781 4673 879 4743 μὲν
904 4672 1255 4741 δημιουργὸν,
1317 4673 1445 4723 ὅντα
1502 4670 1559 4723 δὲ
1595 4669 1888 4740 κηδεμόνα,

320 4769 415 4821 καὶ
452 4766 677 4836 ταμίαν,
706 4765 799 4817 καὶ
826 4763 1028 4832 δοτῆρα
1060 4764 1273 4814 πάντων
1306 4760 1430 4829 ἑξῆς
1468 4760 1573 4813 τῶν
1608 4762 1687 4823 εἰς
1742 4762 1890 4830 ἡμᾶς

323 4860 410 4913 ἀεὶ
438 4854 839 4926 γινομένων.υὺ
878 4857 983 4923 μὴν
1013 4852 1126 4905 ἀλλ’
1167 4852 1224 4903 ἓν
1251 4868 1309 4918 γε
1340 4852 1421 4903 ἔτι
1462 4851 1707 4904 λείπεται
1740 4852 1893 4920 βέλος

320 4950 432 5010 τοῖς
481 4945 861 5016 ὑπερηφανίαν
915 4942 1171 4996 νοσοῦσι·
1222 4943 1314 4995 καὶ
1358 4941 1515 4994 τοῦτό
1548 4959 1610 5007 γε
1660 4941 1891 4995 ὕστατον

325 5040 424 5110 μὲν
464 5038 788 5108 (κεκένωται
812 5037 918 5106 γὰρ
949 5036 1127 5095 αὐτοῖς
1159 5034 1193 5102 ἡ
1226 5032 1493 5101 φαρέτρα)
1525 5028 1635 5085 οἷον
1666 5032 1722 5085 δὲ
1752 5028 1897 5102 παρέ

322 5130 469 5197 ἐχειν
518 5126 779 5189 ἐλπίζειν,
814 5124 888 5186 ὡς
921 5124 1029 5193 ἄρα
1085 5121 1345 5191 τρώσειεν
1402 5123 1622 5189 ἀφεθέν.
1680 5122 1891 5176 Οὐκοῦν

322 5221 424 5274 κᾶν
475 5217 632 5270 τοῦτο
691 5219 800 5279 τοῖς
848 5214 1203 5285 προλαϐοῦσιν
1274 5213 1679 5281 ἁκολουθῆσαν,
1728 5217 1892 5286 μηδὲν

328 5309 552 5381 ἰσχῦσαν
601 5309 765 5377 φανῇ,
816 5305 929 5361 ἀλλ’
979 5306 1258 5375 ἄπρακτον
1302 5305 1552 5375 ἐξενεχθῇ
1603 5309 1716 5369 τοῖς
1770 5308 1892 5359 καθ’

323 5400 481 5469 ἡμῶν
539 5400 795 5466 ἀφιεῖσιν,
836 5396 920 5465 εἴη
965 5396 1030 5449 ἂν
1068 5397 1097 5449 6
1154 5398 1308 5463 λόγος
1357 5392 1512 5459 οὗτος
1545 5399 1727 5462 καλῶς
1757 5402 1893 5469 ἡμῖν

323 5490 874 5560 συμπεπερασμένος.
912 5488 1021 5539 Καὶ
1050 5487 1113 5557 δὴ
1140 5488 1201 5539 τὸ
1226 5486 1376 5556 βέλος
1423 5490 1673 5553 ἐκείνοις,
1701 5489 1761 5543 τὸ
1792 5490 1893 5555 φά-

322 5597 473 5634 σκειν
515 5575 671 5650 οἶμαι
723 5578 918 5642 τοιάδε,
960 5578 1040 5630 ὅτι
1092 5579 1159 5630 τὰ
1211 5581 1308 5647 μὲν
1357 5580 1664 5650 ἀνθρώποις
1717 5582 1892 5652 ἐξειρ-

321 5674 589 5742 γασμένα,
625 5674 673 5725 εἰ
735 5671 835 5740 μὲν
883 5669 1152 5741 παραθείη
1212 5688 1294 5734 τις
1341 5673 1459 5734 ταῖς
1505 5673 1609 5725 ἀπὸ
1637 5672 1729 5726 τοῦ
1756 5674 1890 5728 Θεοῦ

322 5763 558 5836 χάρισιν,
598 5761 746 5815 οὐδὲν
800 5760 924 5815 ὄντα
963 5761 1203 5831 εὑρήσει.
1242 5760 1442 5823 Ἄλλως
1490 5760 1618 5829 γὰρ,
1668 5760 1767 5815 οὐκ
1826 5762 1890 5816 ἂν

1994 3211 2063 3263 ita
2090 3218 2195 3275 est,
2227 3225 2257 3263 ο
2292 3210 2450 3263 bone.
2515 3209 2620 3265 Sed
2682 3210 2757 3264 nil
2791 3212 2967 3275 habes,
3033 3212 3207 3281 inquit
3251 3212 3561 3280 Apostolus,

1991 3304 2129 3371 quod
2168 3319 2270 3355 non
2333 3304 2601 3371 accepisti.
2625 3302 2708 3355 E1:
2747 3303 2850 3356 Deo
2872 3320 3095 3374 namque
3148 3305 3348 3357 omnia.
3422 3302 3558 3355 Deus

1991 3403 2087 3449 est.
2114 3396 2202 3461 qui
2231 3394 2377 3461 eﬂicit
2404 3395 2457 3446 in
2488 3396 2659 3459 nobis,
2687 3404 2736 3447 et
2766 3405 2822 3447 ut
2857 3396 3092 3456 velimus,
3150 3407 3195 3448 σι
3228 3404 3284 3447 ut
3326 3394 3567 3463 perﬁcia-

1992 3502 2128 3552 mus,
2166 3502 2259 3553 pro
2288 3502 2384 3539 sua
2416 3488 2469 3539 in
2511 3503 2604 3540 nos
2634 3489 2999 3554 propensione.
3038 3486 3169 3540 ltcrn
3207 3503 3220 3539 :
3257 3485 3325 3538 In
3367 3488 3479 3553 ipso
3516 3492 3566 3536 et

1993 3579 2231 3642 vivimus,
2293 3587 2339 3630 et
2376 3593 2660 3640 movemur,
2693 3587 2741 3629 et
2771 3594 2975 3630 sumus.
3026 3575 3105 3629 Ad
3142 3589 3409 3627 summam
3434 3612 3450 3637 ,
3514 3583 3568 3624 et

1993 3672 2229 3731 animos,
2266 3680 2319 3723 et
2346 3684 2598 3735 corpora,
2632 3669 2947 3743 etactiones
2964 3668 3071 3719 Deo
3100 3674 3301 3733 gratas,
3330 3675 3380 3719 et
3401 3664 3565 3732 quid-

1993 3760 2123 3827 quid
2163 3761 2285 3813 boni
2309 3761 2579 3827 particeps
2610 3766 2715 3820 est,
2748 3772 3013 3826 nusquam
3050 3757 3268 3810 aliunde
3301 3755 3562 3810 mortales

1991 3851 2197 3912 habent
2256 3865 2416 3916 quam
2449 3864 2475 3901 a
2512 3850 2641 3902 Deo.
2683 3848 3028 3916 Quapropter
3075 3856 3130 3900 et
3159 3847 3305 3914 quod
3355 3861 3385 3900 a
3412 3846 3568 3901 nobis

1993 3943 2298 4004 confertur,
2334 3951 2389 3993 et
2425 3940 2538 4009 ipsa
2570 3939 2843 4007 cupiditas
2890 3939 3235 4005 conferendi,
3306 3940 3568 3994 divinitus

1994 4035 2151 4089 nobis
2182 4032 2520 4086 c0nceditur.
2555 4031 2801 4095 Quorum
2853 4046 2987 4086 sane
3023 4047 3185 4086 causa
3215 4041 3342 4087 sunt
3365 4032 3568 4086 baben-

1995 4127 2074 4179 dae
2109 4123 2316 4194 gratim,
2357 4138 2461 4175 non
2499 4121 2949 4190 superbiendum.
2987 4123 3051 4176 Et
3086 4124 3214 4192 quid
3244 4125 3357 4179 haec
3388 4124 3569 4193 profe-

1996 4234 2055 4270 ro
2104 4218 2123 4268 ?
2151 4215 2364 4284 quando
2386 4214 2549 4267 etiam
2578 4213 2768 4267 mortis
2791 4213 2954 4267 obita:
2984 4214 3037 4266 in
3078 4215 3339 4283 martyrio
3400 4227 3565 4267 causa

1995 4310 2187 4363 referri
2213 4306 2279 4360 ad
2317 4308 2479 4360 Deum
2539 4306 2726 4369 debet,
2777 4306 3137 4373 maximaeque
3190 4305 3265 4357 illi
3306 4305 3569 4359 habenda

1996 4411 2287 4471 propterea
2328 4398 2540 4467 gratiae,
2564 4398 2609 4452 si
2637 4398 2759 4465 quis
2797 4407 3052 4452 accurate
3075 4412 3186 4451 rem
3223 4397 3566 4463 consideret;

2001 4509 2102 4548 nec
2130 4492 2331 4546 idcirco
2370 4489 2692 4558 putandum,
2725 4497 2916 4543 nostro
2944 4488 2996 4541 in
3031 4503 3137 4542 aere
3195 4486 3361 4541 Deum
3420 4502 3564 4543 esse.

1998 4583 2133 4639 Nam
2165 4601 2195 4638 ε.
2240 4584 2349 4636 Deo
2379 4581 2801 4651 proﬁciscuntur
2850 4580 3059 4644 omnia,
3104 4580 3561 4648 quemadmodum

2002 4678 2231 4729 antehac
2258 4675 2402 4728 clare
2425 4672 2795 4742 probavimus.
2824 4671 3034 4740 Quippe
3054 4674 3100 4725 si
3128 4671 3331 4725 oratori
3352 4675 3569 4728 videtur

2000 4783 2209 4830 eorum,
2247 4783 2362 4834 quae
2386 4775 2515 4819 nata
2541 4766 2670 4824 sint,
2702 4763 2768 4817 ad
2824 4764 2971 4816 illum
3038 4766 3323 4819 referenda
3377 4781 3565 4832 causa,

2001 4859 2090 4925 qui
2123 4874 2306 4912 semen
2339 4857 2719 4925 suppeditarit,
2753 4857 2843 4909 ubi
2900 4856 3117 4924 quidem
3153 4872 3261 4910 non
3321 4857 3388 4912 de
3436 4860 3568 4926 Deo,

2001 4951 2092 5003 sed
2128 4949 2440 5003 hominibus
2472 4950 2707 5017 loquitur
2740 4967 2752 5001 :
2789 4964 2897 5017 quo
2954 4959 3112 5016 pacto
3169 4965 3273 5002 non
3319 4950 3567 5006 omnium

2003 5040 2265 5093 bonorum
2292 5041 2342 5093 in
2377 5042 2535 5094 nobis
2560 5041 2703 5094 Deus
2732 5050 2927 5094 auctor
2988 5039 3320 5094 habendus?
3371 5043 3463 5110 qui
3517 5053 3573 5096 et

2000 5132 2191 5200 opifex.
2230 5146 2415 5187 nos‘tcr
2454 5144 2565 5195 est,
2623 5142 2676 5186 et
2740 5147 2926 5185 curam
2982 5134 3152 5185 nostri
3219 5134 3385 5201 gerit,
3443 5149 3574 5202 sup-

2002 5223 2206 5291 peditat
2232 5233 2393 5291 atque
2425 5224 2656 5289 largitur
2683 5224 2888 5283 omnia,
2926 5239 3264 5292 quaecunque
3292 5234 3565 5292 perpetuo

2002 5314 2159 5369 nobis
2199 5316 2517 5369 obveniunt.
2540 5314 2853 5369 tEnimvero
2878 5317 3040 5367 telum
3077 5316 3253 5369 adhuc
3284 5330 3448 5369 unum
3482 5330 3571 5368 re—

2000 5411 2109 5456 stat
2176 5405 2441 5470 superbia:
2521 5407 2713 5458 morbo
2772 5405 3173 5468 laborantibus,
3244 5411 3301 5457 et
3359 5412 3572 5471 postre-

2003 5509 2150 5549 mum
2176 5494 2229 5547 id
2263 5493 2482 5562 quidem
2519 5496 2667 5563 (nam
2702 5494 2968 5548 exhausta
3005 5494 3247 5560 ipsorum
3291 5501 3375 5546 est
3436 5493 3574 5567 plia-

2004 5584 2196 5651 τευ-ιι),
2232 5588 2375 5652 quod
2402 5595 2583 5637 tamen
2619 5599 2770 5653 spem
2807 5585 3054 5654 aliquant
3093 5585 3352 5652 prmbeat,
3411 5584 3571 5651 quasi

2001 5678 2196 5731 Vttllttts
2220 5677 2293 5731 sit
2321 5678 2675 5741 inllicturum,
2709 5677 2753 5731 si
2780 5679 3088 5732 emittatur.
3121 5675 3309 5743 Itaque
3360 5675 3406 5728 si
3467 5675 3569 5730 huc

2001 5767 2164 5823 etiam
2197 5776 2444 5823 secutum
2467 5768 2854 5838 praecedentia,
2915 5765 3088 5821 nullas
3128 5762 3383 5818 habuisse
3435 5767 3577 5820 vires
