4098 6272
561 385 672 453 551

1756 377 2154 441 MANUELIS
2197 377 2648 438 PALAEOLOGI

3692 377 3810 441 552

565 499 830 573 paruerit,
848 498 939 554 sed
977 495 1188 551 irritum
1223 493 1482 550 ceciderit
1513 495 1597 559 iis,
1629 508 1657 547 a
1692 494 1888 562 quibus
1927 492 1978 546 in
2025 505 2122 546 nos

2236 484 2382 560 ἧσαν,
2415 489 2441 542 ὅ
2472 506 2534 556 γε
2582 487 2892 552 καλοῦνται,
2927 487 3167 558 χάριτες.
3201 488 3260 540 Εἰ
3290 486 3343 539 δέ
3373 486 3436 556 δὴ
3486 486 3636 556 τάμὰ
3660 488 3806 554 πρὸς

567 598 853 661 torquetur
881 605 894 641 :
923 593 1068 642 recte
1101 585 1504 641 scilicetoratio
1536 593 1723 640 nostra
1764 583 2022 652 perducta
2054 583 2120 637 ad

568 680 726 733 linem
753 676 878 732 erit.
912 675 1101 728 Telum
1162 684 1341 729 autem
1378 676 1477 728 hoc
1531 673 1774 742 ipsorum
1820 678 1923 735 est,
1979 669 2122 739 quod

567 769 776 831 dicunt,
821 766 865 819 si
907 765 1029 832 quis
1077 765 1142 818 ab
1187 764 1497 818 hominibus
1552 763 1692 817 facta
1749 775 1872 816 cum
1928 759 2124 814 divinis

564 859 755 928 gratiis
784 857 1078 921 conferat;
1135 857 1619 924 deprehensurum,
1670 869 1732 908 ea
1796 851 1932 906 nihil
1983 864 2120 903 esse.

565 950 698 1003 Nam
745 949 1080 1018 caeteroquin
1133 963 1235 1001 non
1286 956 1491 1009 essent,
1552 945 1692 1014 quod
1761 943 2122 1013 appellantur,

564 1047 753 1116 gratiae
771 1043 1000 1098 scilicet.
1029 1044 1097 1096 At
1121 1043 1166 1096 si
1197 1057 1313 1095 mea
1337 1057 1459 1095 cum
1491 1039 1734 1102 alterius,
1791 1045 1846 1090 et
1897 1051 2018 1105 qua:
2066 1033 2126 1088 il-

564 1137 667 1190 lius
700 1144 850 1199 sunt,
879 1150 998 1188 cum
1036 1133 1141 1187 tuis
1167 1175 1182 1199 ,
1223 1134 1467 1200 adeoque
1506 1143 1692 1184 nosrra
1731 1129 1867 1182 inter
1896 1142 1954 1181 se
1982 1141 2128 1181 com-

563 1235 751 1294 parata
784 1225 986 1279 fuerint
1031 1238 1352 1292 :magnum,
1412 1221 1688 1289 inquiunt,
1738 1219 2032 1273 discrimen
2069 1217 2124 1271 in

565 1317 650 1370 his
691 1319 1109 1385 perspiciemus.
1145 1316 1398 1380 Quaedam
1451 1313 1618 1375 enim,
1667 1311 1733 1365 ad
1774 1311 2074 1379 gehennam
2107 1325 2123 1375 ;

565 1408 641 1462 uti
689 1423 809 1476 quae
845 1408 980 1460 bona
1013 1415 1158 1471 sunt,
1211 1405 1276 1457 ad
1311 1419 1430 1458 eum
1463 1403 1741 1458 deducunt
1798 1402 1972 1455 locum
2009 1418 2024 1466 ;
2069 1400 2123 1452 in

564 1514 674 1567 quo
705 1498 890 1552 laetitia
926 1498 1048 1552 finis
1083 1511 1281 1564 expers
1329 1504 1430 1560 est,
1489 1504 1542 1548 et
1593 1495 1734 1549 circa
1785 1493 2124 1546 Salvatorem

562 1589 763 1641 chorus
796 1586 885 1640 ille
914 1587 1214 1643 beatorum.
1241 1585 1431 1653 Itaque
1475 1584 1590 1638 fieri
1643 1584 1854 1650 nequit,
1890 1591 1947 1635 ut
1979 1580 2128 1648 quid-

565 1691 784 1746 cunque
836 1679 1049 1732 tandem
1073 1677 1279 1744 fecero,
1308 1676 1443 1730 nihil
1474 1691 1539 1729 ex
1570 1690 1635 1729 eo
1663 1673 1795 1728 mihi
1822 1674 2123 1742 contingat.

553 1770 776 1840 Quippe
810 1771 854 1825 si
894 1771 1092 1823 malum
1117 1783 1400 1838 peregero,
1438 1769 1641 1821 vultum
1675 1767 1739 1820 ad
1802 1775 1999 1820 terram
2032 1766 2126 1819 de-

2189 589 2192 593 '
2224 579 2292 632 τὰ
2331 579 2524 642 δεῖνος,
2561 581 2656 632 καὶ
2682 579 2930 633 τάκείνου
2983 579 3116 647 πρὸς
3157 579 3224 632 τὰ
3255 580 3343 642 σὰ,
3400 580 3494 630 καὶ
3536 578 3673 641 ὅλως
3727 580 3806 632 τὰ

2225 671 2473 739 ἡμέτερα
2510 671 2645 741 πρὸς
2673 672 2876 740 ἄλληλα
2914 671 3255 739 συγκριθείη,
3277 670 3409 722 πολύ
3440 688 3492 722 τι
3521 671 3581 722 τὸ
3610 669 3805 737 διάφο-

2229 777 2316 831 ρον
2356 764 2411 813 ἐν
2435 763 2670 814 τουτοισὶ
2705 761 3076 834 θεωρήσομεν.
3119 763 3271 814 Ἐπεὶ
3311 762 3378 814 τὰ
3409 761 3508 830 μὲν
3534 763 3614 823 εἰς
3640 763 3802 824 γέεν-

2225 867 2341 915 ναν,
2374 852 2439 905 τὰ
2476 853 2532 904 δὲ
2554 852 2888 922 χρηστότερα
2944 853 3080 923 πρὸς
3135 853 3296 905 αὐτὸν
3337 852 3652 914 ἀναόιὸἁζει
3703 853 3799 904 τδν

2225 941 2424 1010 χῶρον,
2452 943 2509 993 ἐν
2536 935 2578 1009 ᾧ
2611 943 2901 1013 φαιδρότης
2930 945 3076 995 ἐστὶν
3101 943 3351 1011 ἄληκτος.
3381 944 3472 994 καὶ
3509 942 3798 1011 μακαρίων

2226 1033 2386 1103 χορὸς
2408 1035 2535 1102 περὶ
2559 1035 2651 1087 τὸν
2684 1035 2931 1104 Σωτῆρα.
2985 1035 3060 1088 Οὐ
3095 1035 3270 1087 τοίνυν
3297 1034 3405 1087 τῶν
3435 1034 3797 1103 ἐνδεχομένων

2226 1125 2392 1190 ἐστὶν,
2433 1127 2609 1178 ὁτιοῦν
2645 1143 2709 1193 με
2745 1119 3134 1196 ἐργασάμενον,
3190 1125 3309 1194 μηδ’
3360 1125 3535 1177 ὁτιοῦν
3564 1142 3628 1194 γε
3661 1126 3799 1194 πρὸς

2227 1216 2438 1270 ἐκείνου
2471 1216 2680 1270 παθεῖν.
2725 1217 2784 1270 Εί
2811 1218 2918 1286 γὰρ
2943 1218 3130 1278 κακὸν,
3174 1217 3333 1285 κόψω
3379 1218 3513 1286 πρὸς
3551 1217 3653 1285 γῆν
3679 1233 3694 1246 ·
3748 1222 3798 1270 εἰ

2225 1308 2282 1360 δὲ
2304 1309 2488 1374 καλὸν,
2522 1309 2907 1378 ὑψωθήσομαι.
2927 1309 3146 1379 Ἐπειδὴ
3191 1310 3299 1377 γὰρ
3325 1308 3520 1369 πάντες
3544 1308 3710 1376 ἐσμὲν
3739 1310 3799 1374 ἐξ

2227 1401 2343 1462 ἐνὸς
2376 1401 2715 1470 φυράματος,
2757 1403 2898 1472 χειρὶ
2928 1403 3028 1470 μιᾷ
3061 1403 3124 1469 τῇ
3155 1399 3248 1452 τοῦ
3295 1399 3430 1452 Θεοῦ
3491 1400 3801 1468 πεπλασμέ-

2227 1509 2305 1544 vet.
2339 1493 2472 1561 πρὸς
2495 1491 2551 1543 ἐν
2578 1509 2631 1544 τι
2659 1490 2797 1554 εἶδος
2826 1508 2841 1523 ο
2897 1490 2998 1545 εἶθ’
3048 1494 3094 1545 οί
3149 1493 3244 1561 μέν
3297 1493 3506 1544 ἐοίκασι
3552 1494 3795 1556 πτηνοῖς,

2227 1585 2322 1636 καὶ
2375 1584 2645 1637 πολιτείαν
2699 1584 2996 1653 ἀγγελικὴν
3044 1584 3464 1649 ἐπιδείκνυνται,
3492 1587 3541 1638 οἱ
3567 1585 3624 1636 δέ
3659 1586 3799 1653 μετᾶ

2227 1674 2333 1726 τῶν
2350 1677 2526 1742 ὄφεων
2551 1676 2804 1744 τέρπουσι,
2856 1678 2950 1732 καὶ
2987 1677 3464 1745 ὑπερακοντίζουσι
3486 1677 3586 1748 τὴν
3616 1679 3798 1730 αὐτῶν

2229 1768 2364 1834 πρὸς
2402 1768 2525 1830 τοὺς
2558 1768 2877 1837 ἀνθρώπους
2903 1769 3100 1836 μανίαν
3139 1785 3154 1801 ο
3205 1769 3332 1821 ὅταν
3387 1769 3556 1822 ταῦτα
3609 1769 3800 1822 τοῦτον

568 1863 775 1916 mittam
809 1879 823 1915 :
857 1863 938 1917 sin
973 1862 1098 1915 boni
1138 1860 1438 1929 quidpiam,
1489 1858 1670 1910 animo
1702 1856 1918 1914 efferar.
1973 1855 2120 1920 Quo-

2236 1856 2318 1927 ξχῃ
2341 1857 2430 1910 τὸν
2467 1861 2685 1928 τρόπον,
2722 1860 2814 1912 καὶ
2842 1860 2892 1912 οί
2938 1861 3036 1929 μὲν
3065 1854 3167 1913 ὦσι
3200 1864 3378 1922 κακοὶ,
3402 1862 3452 1911 oi
3482 1860 3539 1912 δέ
3568 1861 3666 1927 τὴν
3715 1864 3801 1912 ἐν·

567 1955 710 2009 niam
736 1955 876 2008 enim
902 1968 964 2007 ex
993 1968 1096 2007 una
1145 1967 1321 2006 massa
1379 1965 1566 2006 sumus
1617 1964 1824 2016 omnes,
1877 1962 1980 2001 una
2034 1947 2124 2001 Dei

566 2061 730 2100 manu
771 2045 836 2099 ad
869 2061 1029 2098 unam
1065 2045 1304 2111 speciem
1339 2041 1596 2108 formati;
1627 2041 1829 2096 deinde
1851 2059 1978 2098 vero
2035 2057 2129 2096 vo-

568 2135 810 2188 lucribus
847 2119 1016 2203 aliqui
1051 2133 1277 2196 similes,
1319 2133 1620 2202 angelicam
1653 2135 1815 2187 vitam
1843 2133 2125 2195 exhibent,

567 2227 692 2281 aliis
724 2228 864 2280 inter
890 2242 1103 2295 angues
1139 2227 1287 2280 humi
1335 2227 1669 2294 repentibus,
1693 2239 1992 2293 eorumque
2043 2224 2126 2278 fu-

568 2332 744 2372 rorem
770 2318 1028 2372 adversus
1080 2319 1333 2373 homines
1368 2318 1748 2387 superantibus
1787 2336 1800 2372 :
1851 2319 1963 2370 hzec
2000 2331 2129 2385 ergo

567 2421 690 2462 cum
718 2409 770 2461 in
795 2409 942 2461 hunc
975 2417 1282 2477 comparata
1318 2407 1424 2461 sint
1480 2407 1718 2472 modum,
1749 2418 1801 2460 et
1823 2407 1874 2460 hi
1910 2405 2125 2476 quidem

569 2498 678 2552 sint
705 2498 854 2563 mali,
881 2498 1160 2551 diversum
1209 2498 1331 2553 aliis
1378 2495 1481 2551 itc'r
1512 2498 1866 2561 sectantibus,
1906 2499 2125 2567 quinam

571 2601 994 2647 consentaneum
1023 2601 1129 2658 est,
1186 2591 1334 2660 paria
1365 2593 1430 2646 de
1464 2608 1522 2646 se
1560 2594 1786 2655 sentire,
1815 2605 1920 2645 non
1975 2591 2128 2659 paria

569 2681 872 2736 facientes?
901 2682 1141 2746 Quorum
1178 2682 1323 2736 enim
1374 2683 1590 2737 diversa
1642 2683 1750 2736 vita
1788 2690 1895 2747 est,
1936 2695 2124 2736 eorum

555 2787 670 2826 nec
696 2773 859 2827 animi
889 2783 1016 2827 sunt
1041 2773 1229 2828 eodem
1261 2771 1439 2828 aﬂ‘ecti
1475 2775 1661 2828 modo.
1701 2772 2038 2841 Quapropter
2077 2781 2130 2825 et

570 2865 662 2932 qni
687 2865 832 2918 vitiis
861 2865 1095 2928 inhiant,
1128 2871 1183 2918 et
1205 2864 1294 2932 qui
1327 2871 1513 2917 amant
1539 2863 1704 2928 bona,
1729 2863 1938 2933 seipsos
1964 2875 2129 2930 agno-

571 2963 744 3018 scent,
779 2955 855 3007 illi
895 2956 1116 3022 quidem
1145 2954 1280 3007 viris
1319 2954 1478 3010 bonis
1525 2954 1834 3016 inferiores,
1885 2954 1940 3007 hi
1997 2968 2128 3009 vero

573 3042 728 3096 malis
756 3058 813 3096 se
836 3043 1112 3106 meliores,
1137 3043 1298 3111 idque
1338 3043 1405 3096 de
1442 3043 1599 3097 factis
1622 3043 1768 3110 ipsis.
1816 3042 1926 3096 [loc
1949 3051 2126 3096 autem

571 3131 705 3184 nihil
753 3141 834 3185 est
864 3131 1029 3195 aliud,
1087 3146 1244 3200 quam
1294 3131 1412 3187 illos
1479 3125 1678 3186 animis
1741 3131 1982 3199 deiectis,
2027 3131 2127 3185 hos

571 3223 729 3276 elatis
755 3237 897 3277 esse.
930 3223 1066 3276 Nam
1095 3225 1364 3290 quomodo
1386 3239 1472 3278 res
1493 3224 1651 3277 aliter
1700 3224 1901 3277 habere
1935 3237 1991 3278 se
2007 3237 2132 3291 pos~

571 3314 688 3368 sit?
713 3314 826 3381 Ego
861 3329 992 3369 vero
1019 3315 1130 3368 haec
1152 3330 1270 3383 quae
1300 3315 1398 3370 abs
1432 3325 1482 3370 te
1538 3314 1906 3382 proferuntur,
1957 3330 2133 3385 oppu-

572 3413 773 3470 gnante
790 3417 964 3457 meam
988 3403 1314 3468 orationem,
1347 3417 1452 3456 non
1483 3403 1705 3456 omnino
1743 3402 1958 3471 quidem
2017 3404 2134 3457 nul-

523 3521 528 3529 -
573 3493 676 3548 lius
699 3507 820 3547 esse
855 3494 1109 3549 momenti
1144 3492 1374 3546 dixerim
1403 3533 1419 3556 ,
1445 3494 1536 3546 sed
1594 3495 1774 3547 omnia
1808 3508 1916 3548 non
1953 3496 2137 3550 admo-

573 3587 696 3640 dum
733 3585 897 3650 adid,
942 3585 1084 3654 quod
1117 3587 1403 3653 quaeritur,
1439 3587 1726 3656 quadrare.
1750 3586 1886 3640 Nam
1909 3602 2135 3657 magno-

572 3691 699 3742 pere
733 3675 890 3742 hujus
932 3676 1072 3731 facta
1098 3677 1318 3730 differre
1353 3691 1383 3730 a
1414 3677 1574 3732 factis
1603 3676 1853 3741 aliorum,
1901 3687 1955 3732 et
1995 3677 2135 3732 bona

570 3765 878 3834 facientem,
933 3771 1132 3822 bonum
1175 3769 1310 3823 εαὶοί
1340 3788 1353 3834 ;
1384 3769 1740 3839 similiterque
1795 3769 2019 3833 malum,
2047 3770 2136 3836 qui

573 3857 716 3912 mala
782 3860 992 3926 faciat;
1041 3861 1212 3916 cuivis
1263 3870 1346 3915 est
1396 3861 1764 3930 perspicuum.
1801 3860 1974 3915 Etiam
2008 3861 2138 3914 illud

574 3965 759 4002 verum
802 3960 904 4013 est,
945 3951 1079 4005 tales
1118 3965 1146 4002 a
1189 3950 1386 4018 seipsis
1454 3951 1671 4019 agnosci
1705 3966 1721 4015 ;
1761 3951 2012 4020 quodque
2043 3951 2140 4006 hos

573 4042 853 4108 gehennaf,
898 4042 1022 4096 illos
1074 4042 1353 4095 beatorum
1399 4043 1670 4096 hominum
1735 4043 1936 4096 chorus
1993 4045 2141 4098 exci-

575 4133 711 4199 piat.
742 4130 845 4185 Sed
879 4132 1020 4200 quod
1082 4148 1146 4186 ex
1203 4132 1287 4187 his
1337 4133 1699 4198 concluditur,
1738 4133 1990 4187 nimirum
2042 4135 2143 4188 hoc

576 4225 752 4290 ipsum
785 4237 907 4278 esse
943 4223 1026 4278 vel
1053 4223 1233 4278 etferri
1281 4225 1575 4290 hominem,
1615 4226 1700 4280 vel
1753 4228 1934 4280 animo
1963 4225 2141 4294 dejici,

572 4316 718 4382 quod
771 4330 890 4370 sese
917 4315 999 4369 vel
1047 4315 1267 4382 bonum,
1301 4316 1381 4368 vel
1438 4318 1635 4369 malum
1701 4333 1823 4371 esse
1881 4318 2057 4382 norit;
2091 4319 2142 4370 id

574 4405 662 4476 aio
690 4421 793 4459 non
825 4407 1190 4461 necessarium
1223 4422 1364 4469 esse,
1402 4407 1529 4460 licet
1558 4408 1609 4460 in
1639 4408 1918 4476 aliquibus
1954 4410 2144 4478 depre-

2229 1952 2412 2004 αντίοιν
2460 1953 2688 2014 ἐκείνοις
2752 1952 3012 2021 τρέχωσι,
3086 1952 3204 2015 πῶς
3261 1954 3404 2014 εἰκὸς
3437 1952 3525 2005 ἴσα
3583 1954 3798 2020 φρονεῖν

2230 2042 2352 2104 τοὺς
2384 2042 2482 2093 οὐκ
2513 2042 2603 2094 ῐσα
2625 2044 2999 2110 πράττοντας;
3031 2038 3132 2098 Ὧν
3156 2042 3262 2112 γὰρ
3294 2043 3321 2093 ὁ
3350 2041 3458 2112 βίος
3492 2041 3795 2108 διέστηκεν,

2228 2130 2335 2182 οὐδ’
2363 2131 2428 2182 ἂν
2467 2131 2522 2182 αἱ
2551 2130 2765 2200 γνῶμαι
2799 2123 3126 2186 συνέλθοιεν.
3161 2133 3325 2184 Ὥστε
3359 2133 3451 2184 καὶ
3481 2132 3529 2182 οἱ
3565 2132 3700 2200 πρὸς
3733 2131 3798 2182 τὰ

2229 2219 2375 2272 κακὰ
2399 2219 2708 2287 κεχηνότες,
2744 2220 2837 2272 καὶ
2863 2222 2908 2272 οἱ
2941 2219 3049 2273 τῶν
3075 2219 3252 2274 καλῶν
3275 2221 3518 2288 ἐρασταὶ,
3551 2220 3691 2287 σφᾶς
3735 2237 3792 2280 γε

2228 2310 2422 2371 αὐτοὺς
2454 2309 2862 2376 ἐπιγνώσονται,
2913 2312 2961 2363 οἱ
3007 2311 3108 2380 μὲν
3171 2311 3280 2362 τῶν
3319 2311 3536 2378 ἀγαθῶν
3590 2310 3789 2378 ἀνδρῶν

2230 2400 2461 2468 χείρους,
2494 2402 2540 2452 οἱ
2569 2401 2627 2452 δέ
2661 2417 2725 2467 γε
2753 2401 3037 2468 κρείττους
3068 2403 3289 2456 ἐκείνων
3315 2404 3488 2466 ὄντας,
3519 2404 3619 2454 ἀπὸ
3682 2402 3784 2452 τῶν

2230 2491 2430 2562 ἔργων.
2465 2491 2630 2544 Τουτὶ
2657 2492 2705 2545 δ’
2731 2493 2845 2545 ἐστὶ
2871 2493 2996 2557 τοὺς
3023 2495 3121 2564 μὲν
3155 2495 3553 2558 ταπεινοῦσθαι,
3577 2495 3698 2556 τοὺς
3744 2491 3783 2544 δ’

2230 2588 2500 2657 αῖρεσθαι.
2520 2588 2644 2650 Πῶς
2676 2587 2785 2656 γὰρ
2819 2587 2992 2650 ἄλλως
3019 2606 3034 2654 ;
3072 2588 3216 2657 Ἐγὼ
3249 2589 3306 2642 δέ
3336 2587 3486 2642 ταῦθ’
3518 2587 3553 2641 ἃ
3581 2589 3644 2640 σὺ
3671 2587 3790 2657 φῂς,

2228 2681 2256 2731 ὁ
2281 2676 2691 2746 διαμαχόμενος
2742 2695 2844 2747 μου
2882 2677 2957 2746 τῷ
2998 2677 3163 2748 λόγῳ,
3207 2679 3410 2746 ἀγεννῆ
3462 2679 3794 2730 παντάπασιν

2229 2771 2328 2824 οὐκ
2364 2771 2430 2823 ἂι
2463 2771 2674 2838 εἴποιμι
2709 2783 2724 2798 ·
2757 2769 2829 2839 μὴ
2863 2769 3001 2820 πάνυ
3033 2769 3087 2820 δὲ
3140 2770 3387 2839 συνᾴδειν
3434 2769 3572 2838 πρὸς
3604 2768 3660 2820 τὸ
3711 2770 3794 2834 ζη-

2229 2861 2485 2929 τούμενον
2509 2859 2747 2912 ἅπαντα.
2789 2859 2911 2912 Ὅτι
2948 2859 3046 2927 μὲν
3087 2858 3193 2928 γὰρ
3223 2860 3470 2928 διαφέρει
3513 2858 3691 2928 πολλῷ
3726 2858 3794 2925 τῷ

2235 2951 2382 3019 μέσῳ
2419 2949 2486 3002 τὰ
2526 2949 2603 3020 τῷ
2636 2951 2768 3002 δεῖνι
2795 2950 3161 3020 πεπραγμένα
3195 2951 3328 3021 πρὸς
3365 2951 3433 3004 τὰ
3462 2956 3576 3014 τοῖς
3607 2953 3789 3013 ἄλλοις,

2231 3041 2326 3093 καὶ
2354 3041 2434 3092 ὅτι
2463 3040 2527 3093 τὰ
2555 3039 2746 3108 βελτίω
2779 3040 2944 3093 καλὸν
2979 3040 3070 3092 τόν
3105 3055 3170 3108 γε
3205 3041 3457 3095 ποιοῦντα
3489 3042 3795 3113 ἐργάζεται,

2233 3130 2326 3182 καὶ
2372 3130 2438 3182 αὖ
2494 3131 2696 3200 ὁμοίως
2750 3129 2924 3184 κακὸν
2948 3130 3015 3184 τὰ
3065 3133 3250 3202 χείρω,
3289 3133 3453 3185 παντί
3489 3151 3592 3185 που
3623 3135 3800 3201 δῆλον.

2235 3223 2343 3274 Καὶ
2370 3221 2525 3275 τοῦτο
2545 3223 2600 3275 δέ
2624 3222 2842 3293 ἀληθὲς,
2877 3224 2952 3288 ὡς
2982 3225 3404 3292 ἐπιγινώσκουσι
3436 3230 3576 3294 σφᾶς
3608 3227 3802 3289 αὐτοὺς

2235 3314 2281 3364 oi
2310 3312 2539 3366 τοιοῦτοι
2569 3329 2586 3347 ο
2643 3314 2739 3366 καὶ
2770 3315 2850 3366 ὅτι
2906 3317 3030 3378 τοὺς
3087 3317 3183 3383 μὲν
3214 3319 3247 3387 ή
3275 3318 3485 3385 γέεννα,
3522 3319 3651 3379 τοὺς
3688 3316 3735 3370 δ’
3769 3321 3799 3370 ὁ

2236 3404 2394 3472 χορὸς
2435 3403 2710 3472 ἐκδέχεται
2753 3405 2861 3457 τῶν
2922 3408 3209 3474 μακαρίων
3267 3408 3487 3475 ἀνδρῶν.
3527 3407 3598 3459 Τὸ
3629 3407 3685 3458 δὲ
3726 3410 3789 3459 ἐκ

2237 3493 2438 3546 τούτων
2475 3496 2868 3564 συμπέρασμα,
2903 3498 2979 3558 ὡς
3011 3497 3155 3548 τοῦτ’
3188 3497 3328 3550 ἐστὶν
3357 3496 3673 3566 ἐπαίρεσθαι
3697 3498 3794 3548 καὶ

2237 3583 2626 3638 ταπεινοῦσθαι
2652 3586 2742 3638 τὸν
2777 3585 3084 3655 ἄνθρωπον,
3123 3587 3182 3640 τὸ
3215 3587 3406 3640 ειδέναι
3436 3580 3622 3639 ἐαντὶν
3668 3586 3800 3637 ὄντα

2241 3674 2442 3742 ἀγαθὸν
2477 3675 2508 3744 ἢ
2534 3677 2725 3740 κακὸν,
2750 3679 2849 3732 οὐκ
2878 3681 3181 3742 ἀναγκαῖον
3221 3676 3359 3733 εἷναί
3389 3697 3550 3746 φημι,
3585 3677 3642 3730 ἐν
3663 3696 3804 3731 τισιν

2241 3766 2580 3836 εὑρίσκηται,
2614 3771 2779 3838 συχνῇ
2813 3787 2918 3822 τινι
2968 3770 3277 3824 δουλεύουσι
3334 3770 3531 3842 πλάνῃ.
3593 3771 3655 3823 Εἰ
3696 3771 3806 3838 γὰρ

2241 3858 2536 3924 ἀναγκαῖον
2579 3861 2751 3923 τουτὶ,
2803 3861 2900 3914 καὶ
2944 3863 3129 3924 καλῶς
3181 3862 3558 3931 συνεπεράνθη
3610 3878 3691 3914 σοι
3739 3863 3810 3914 τὰ

2242 3950 2681 4020 προτεταγμένοι,
2709 3951 2964 4021 οὐδαμῶς
2997 3951 3064 4023 ἦν
3081 3953 3588 4024 ταπεινοφροσύνην
3622 3954 3806 4024 εὑρεῖν

2243 4039 2300 4090 ἐν
2327 4038 2504 4090 οὐδενὶ
2562 4039 2673 4093 τῶν
2717 4041 3046 4111 ἀνθρώπων.
3091 4043 3298 4106 Πάντες
3342 4043 3451 4112 γὰρ
3485 4043 3810 4096 ἐπίστανται

2246 4134 2385 4201 σφᾶς
2413 4135 2613 4197 αὐτοὺς
2649 4135 2814 4188 καλόν
2853 4153 2904 4189 τι
2934 4139 3269 4207 πράξαντας,
3304 4139 3335 4208 ἢ
3379 4139 3571 4192 κακόν.
3623 4139 3737 4193 Καὶ
3764 4141 3812 4191 εἰ

2245 4224 2394 4277 τοῦτ’
2425 4221 2492 4295 ἦν
2530 4225 2860 4297 ἐπαίρεσθαι
2889 4230 3018 4292 τοὺς
3044 4231 3100 4282 ἐν
3125 4231 3292 4299 ἀρετῇ
3321 4229 3558 4293 ζῶντας,
3590 4231 3648 4282 τὸ
3672 4232 3813 4299 σφᾶς

2247 4316 2448 4378 αὐτοὺς
2473 4317 2826 4380 ἐπίστασθαι,
2927 4321 2989 4372 σὺ
3025 4321 3149 4391 φῄς·
3179 4321 3376 4384 πάντες
3430 4323 3487 4375 οῖ
3508 4339 3570 4389 γε
3601 4321 3815 4396 σώφρο-

2249 4423 2338 4469 νες
2387 4409 2618 4470 ἑαυτοὺς
2652 4410 3096 4478 ἐπιγνώσκοντες
3128 4414 3342 4475 πάντως
3364 4412 3430 4466 ἂν
3473 4413 3614 4481 μέγα
3646 4416 3810 4484 ἐφρὸο

575 4495 862 4558 hendatur,
921 4496 1095 4550 errori
1153 4511 1261 4550 non
1317 4497 1418 4550 levi
1471 4497 1855 4552 servientibus.
1907 4498 2041 4552 Nam
2097 4500 2134 4554 si

2247 4516 2394 4565 νουν,
2415 4501 2511 4564 καὶ
2551 4502 2611 4552 τὸ
2660 4505 2759 4570 τῆς
2793 4504 3302 4574 ταπεινοφροσύνης
3336 4506 3649 4570 ἐξαπόλωλε
3683 4507 3814 4577 χρῆ-

575 4586 938 4639 necessarium
985 4585 1086 4638 hoc
1143 4586 1301 4649 foret,
1342 4599 1405 4640 ac
1444 4596 1592 4641 recte
1652 4588 1907 4641 conclusa
1962 4600 2146 4643 essent

573 4674 670 4727 abs
699 4685 769 4740 te,
801 4689 920 4744 quae
977 4691 1306 4743 praecessere
1340 4691 1718 4746 :nequaquam
1779 4680 2005 4734 inveniri
2039 4681 2147 4736 ullo

574 4764 630 4818 in
681 4767 898 4822 homine
963 4768 1070 4822 ulla
1122 4777 1307 4837 posset
1367 4769 1665 4825 humilitas.
1721 4769 1937 4826 Norunt
2001 4774 2144 4827 enim

574 4868 783 4918 omnes,
816 4871 843 4908 a
875 4857 1070 4924 seipsis
1111 4857 1193 4911 vel
1249 4858 1372 4912 boni
1436 4859 1562 4925 quid
1601 4859 1822 4926 factum,
1858 4861 1943 4914 vel
1996 4861 2144 4914 mali.

578 4945 642 4997 Et
701 4948 745 4998 si
796 4949 898 5000 hoc
929 4957 1075 5003 esset
1125 4947 1304 5003 efferri
1362 4951 1560 5004 animis
1596 4965 1710 5012 eos,
1744 4951 1834 5020 qui
1895 4953 2146 5006 virtutem

575 5038 781 5102 colunt,
818 5040 955 5106 quod
1013 5042 1223 5108 seipsos
1275 5043 1562 5107 norint,uti
1605 5053 1658 5096 tu
1693 5044 1910 5112 quidem
1964 5045 2096 5099 dicis
2133 5061 2144 5095 :

573 5143 762 5182 omnes
789 5143 924 5184 sane
960 5133 1242 5198 prudentia
1295 5135 1502 5203 praediti
1557 5137 1764 5203 seipsos
1819 5137 2152 5206 adgnoscen-

577 5227 678 5283 tes,
740 5219 961 5273 omnino
1021 5224 1302 5292 magnifice
1368 5236 1542 5280 semet
1585 5227 1856 5291 efferrent,
1909 5229 2152 5297 adeoque

576 5311 642 5362 de
667 5309 846 5364 medio
889 5311 1166 5366 tolleretur
1199 5316 1378 5371 omnis
1437 5318 1736 5374 humilitas.
1762 5321 1830 5373 At
1876 5336 2003 5375 vero
2052 5337 2150 5375 nec

575 5407 692 5470 ipse
751 5402 988 5471 ignoras,
1055 5403 1412 5461 humilitatem
1483 5419 1647 5477 atque
1721 5413 2038 5467 modestiam
2097 5417 2150 5468 in

575 5507 682 5546 non
738 5495 924 5561 paucis
959 5495 1210 5566 inveniri,
1241 5500 1334 5565 qui
1371 5500 1684 5556 mortalibus
1739 5504 1790 5557 in
1837 5505 2151 5571 corporibus

577 5581 740 5636 vitam
793 5583 1178 5652 prepetnodum
1235 5587 1564 5653 incorporeis
1607 5591 2013 5643 convenientem
2063 5607 2154 5646 re-

577 5683 920 5738 praesentant.
969 5671 1327 5740 Quamobrem
1397 5677 1532 5732 falsa
1592 5689 1679 5734 tua
1733 5685 2007 5739 conclusio
2049 5695 2150 5753 est,

577 5779 640 5818 ac
667 5778 922 5834 praeterea
958 5785 1182 5838 prorsus
1211 5770 1469 5826 absurda.
1517 5771 1664 5836 Nam,
1689 5777 1734 5830 si
1760 5776 1896 5831 alios
1927 5779 2148 5847 quidem

2251 4605 2348 4654 μα.
2397 4587 2560 4642 Ἀλλὰ
2593 4592 2704 4660 μὴν
2727 4592 2848 4644 οὐδέ
2885 4593 3046 4656 αὐτὸς
3075 4595 3312 4662 ἀγνοεῖς,
3345 4595 3418 4657 ὡς
3458 4597 3518 4648 τὸ
3554 4597 3816 4649 ταπεινόν

2245 4695 2305 4730 τε
2329 4679 2424 4730 καὶ
2455 4679 2678 4749 μέτριον
2708 4683 2767 4733 ἐν
2793 4683 2892 4736 οὐκ
2946 4685 3152 4751 ὀλίγοις
3215 4687 3531 4754 εὑρίσκεται
3586 4687 3704 4740 τῶν
3762 4689 3816 4739 ἐν

2251 4770 2465 4842 θνητοῖς
2523 4777 2637 4834 τοῖς
2703 4775 2923 4845 σώμασι
2986 4779 3084 4848 τὴν
3147 4781 3462 4848 ἀσωμάτοις
3496 4781 3816 4848 πρέπουσαν

2249 4861 2534 4917 πολιτείαν
2599 4863 2783 4932 ὀλίγου
2843 4866 2955 4918 δεῖν
3007 4868 3460 4939 ἐπιδειξαμένων.
3509 4872 3678 4923 Ὥστε
3739 4889 3817 4924 σοι

2247 4954 2446 5022 ψευδὲς
2480 4957 2542 5007 τὸ
2585 4957 2983 5028 συμπέρασμα,
3014 4962 3110 5012 καὶ
3173 4964 3403 5031 προσέτι
3468 4966 3816 5017 παντάπασιν

2253 5047 2476 5100 ἄτοπον.
2512 5047 2571 5101 Εἰ
2608 5050 2714 5117 γὰρ
2735 5050 2862 5111 τοὶς
2894 5050 2995 5118 μὲν
3024 5053 3054 5120 ἠ
3085 5052 3308 5115 κόλασις
3340 5053 3670 5122 διαδέχεται,
3696 5055 3816 5117 τοὺς

2251 5140 2490 5210 ὲξαρχῆς
2525 5159 2668 5210 φημι
2702 5143 2965 5209 φαύλους,
2999 5146 3126 5208 τοὺς
3149 5147 3197 5199 δ’
3220 5150 3388 5218 ἀρετῇ
3446 5149 3817 5217 συζήσαντας,

2253 5228 2356 5284 εἶτ’
2393 5235 2724 5300 ἐπιγνόντας
2773 5238 3002 5299 ἑαυτοὺς
3037 5239 3348 5308 ἐναρέτους,
3389 5241 3488 5293 οὐκ
3513 5241 3696 5294 ἔνεστι
3723 5260 3814 5294 τα-

2253 5327 2653 5394 πεινοφρονεῖν,
2689 5326 2914 5391 τούτους
2945 5329 2988 5380 δ’
3020 5326 3086 5381 αὖ
3121 5331 3284 5384 πάλιν
3337 5332 3649 5401 ἐγγράψαις
3682 5333 3815 5401 μετά

2249 5413 2363 5465 τῶν
2412 5415 2670 5480 φαύλωνο
2707 5415 2830 5468 οὔτε
2883 5418 3386 5490 ταπεινοφροσύνην
3436 5419 3585 5472 ἐστιν
3638 5422 3815 5488 εὑρεῖν

2252 5505 2310 5555 ἐν
2343 5503 2418 5574 τῷ
2454 5506 2574 5574 βίῳ,
2612 5505 2723 5558 οὔτ’
2774 5508 2831 5559 ἐν
2888 5509 3204 5580 ἀνθρώποις
3260 5511 3351 5564 τὸν
3411 5512 3811 5581 σωθησόμενον.

2267 5598 2422 5650 Ἐπεὶ
2459 5600 2561 5668 τῆς
2594 5604 3105 5672 ταπεινοφροσύνης
3139 5605 3340 5674 μηκέτ’
3368 5604 3556 5675 οὔσης,
3588 5605 3696 5657 οὐδ’
3753 5603 3815 5655 ἂν

2254 5684 2333 5751 εἷς
2365 5689 2638 5759 δήπουθεν
2697 5693 2803 5744 τῶν
2849 5693 3156 5764 ἀνθρώπων
3209 5695 3466 5759 ἐσώζετο,
3499 5696 3570 5760 ὡς
3609 5693 3816 5760 ἔξεστιν

2257 5781 2457 5836 εἰδέναι
2525 5783 2714 5852 σαφῶς
2765 5784 2872 5838 ἀπὸ
2929 5786 3038 5840 τῶν
3087 5789 3218 5860 πρὶν
3273 5781 3602 5860 εἰρημένων.
3658 5782 3816 5838 Ἀλὶὰ
