4098 6272
303 353 419 421 593
1677 358 1913 421 ORATI‘

2017 361 2133 421 νη.
2338 375 2348 389 ν
2965 369 2972 376 '
3447 373 3561 436 554

321 471 429 540 μὴν
452 467 502 522 οί
527 469 869 538 σεσωσμένοι
913 469 1008 522 καὶ
1038 469 1129 522 τὸν
1155 469 1262 522 τῶν
1291 468 1510 539 ἄστρων
1542 468 1777 540 ἀριθμὸν
1800 468 1876 538 τῷ
1907 518 1913 532 ,

2017 469 2306 539 upplicium
2369 483 2567 542 manet,
2609 477 2676 532 ab
2725 477 2879 534 initio
2929 479 3100 537 malos
3155 483 3385 550 scilicet,
3425 488 3561 541 alios

305 561 502 630 πλήθει
545 559 982 630 παρεληλύθασι.
1040 561 1150 615 Καὶ
1181 560 1247 613 σὺ
1307 559 1468 623 αὐτὸς
1518 559 1769 631 εἴρηκας,
1797 561 1874 624 ὡς

2017 569 2156 615 utem
2189 563 2434 620 addictos
2489 566 2698 633 virtuti,
2726 572 2817 639 qui
2855 571 3046 628 deinde
3105 589 3167 628 se
3193 576 3391 632 virtute
3423 593 3561 648 prte-

306 650 436 712 τοὺς
475 649 576 720 μὲν
603 649 844 718 φαύλους
872 650 905 720 ἡ
929 649 1172 714 κόλασις,
1216 650 1344 712 τοὺς
1367 649 1413 702 δ’
1436 651 1464 702 ὀ
1510 650 1671 721 χορὸς
1727 649 1875 702 exse

2017 651 2122 706 itos
2163 663 2522 724 agnbverun‘t,
2552 660 2829 717 humiliter
2867 659 2936 718 de
2969 678 3028 720 se
3057 668 3261 723 sentire
3318 684 3426 723 non
3475 683 3562 725 est

302 759 464 812 χεται
491 742 602 794 τῶν
643 741 933 811 μακαρίων
978 741 1214 813 ἀνδρῶν.
1277 742 1441 794 Ὥστε
1485 749 1580 795 σου
1621 742 1718 795 καὶ
1754 745 1876 806 ταῖς

2017 744 2253 810 ossibile,
2283 756 2446 818 atque
2503 753 2602 806 hos
2636 765 2825 808 rursus
2907 755 3047 812 inter
3100 759 3272 815 malos
3338 763 3557 820 refers:

306 834 492 887 Θέσεσι
519 833 869 904 διαμάχεται,
895 828 978 897 οἷς
1002 850 1065 902 γε
1099 834 1274 896 δοκεῖς
1310 833 1502 898 αὐταῖς
1533 834 1840 904 ἐπαμύνειν
1858 873 1873 900 ,

2017 848 2076 891 ec
2113 835 2340 892 inveniri
2366 838 2641 898 humilitas
2670 843 2721 898 in
2761 846 2867 900 vita
2925 850 3140 915 poterit,
3166 867 3264 907 nec
3288 853 3431 907 inter
3462 856 3563 909 lto-

306 927 402 980 καὶ
449 927 706 996 γίγνεται
765 927 1036 981 πάντοθεν
1092 927 1287 996 σαφὲς,
1347 926 1422 990 ὡς
1474 926 1622 980 ἔστιν
1673 927 1877 996 ἀγαθὸν

2017 926 2156 980 tines
2184 927 2274 996 qui
2328 929 2508 986 salvus
2539 933 2650 989 fiat.
2687 934 3002 993 [humilitate
3049 957 3284 1011 namque
3329 944 3561 1008 sublata,

306 1018 505 1081 ποιεῖν,
536 1017 632 1070 καὶ
664 1016 741 1086 μὴ
800 1016 1223 1086 ὑψηλοφρονεῖν.
1269 1014 1508 1068 Ἀτοπον
1541 1017 1651 1101 ἄρα
1685 1027 1767 1069 σοι
1816 1016 1877 1070 τὺ

2018 1030 2080 1070 ec
2115 1032 2253 1073 unus
2305 1021 2521 1089 quidem
2583 1027 2889 1081 mortalium
2951 1035 3387 1097 scrvaretur,uti
3444 1050 3567 1104 pet"-

309 1108 694 1177 συμπέρασμα
735 1106 1001 1160 καὶκατὰ
1025 1106 1175 1159 τόνδε
1202 1105 1295 1159 τὸν
1335 1104 1516 1174 λόγον.
1549 1099 1611 1160 El
1670 1107 1729 1161 δὲ
1785 1107 1878 1161 καὶ

2017 1109 2168 1176 picue
2195 1112 2261 1166 de
2291 1115 2441 1180 prius
2490 1115 2742 1173 iudicatis
2806 1134 3134 1189 cognoscere
3163 1124 3310 1178 licet.
3343 1127 3410 1178 At
3440 1142 3568 1181 vero

1981 1201 2074 1272 qui
2105 1213 2414 1269 servantur,
2439 1205 2606 1261 etiam
2635 1209 2872 1265 siderum
2901 1207 3184 1267 numerum
3224 1213 3570 1272 multitudine

1981 1309 2080 1350 sua
2116 1305 2395 1361 superant.
2443 1294 2506 1349 Et
2536 1297 2764 1367 ipsemet
2795 1303 3001 1364 dixisti,
3027 1305 3194 1358 malos
3222 1305 3565 1374 supplicium,

1982 1386 2142 1440 saluti
2185 1386 2482 1442 destinatos
2511 1389 2793 1445 beatorum
2848 1392 3125 1468 hominum
3161 1406 3363 1450 emtum
3416 1399 3569 1456 exci-

1983 1492 2132 1547 pere.
2159 1476 2278 1543 Quo
2303 1478 2380 1540 tit,
2419 1490 2477 1532 ut
2516 1480 2733 1536 tuismet
2766 1497 2889 1538 cum
2931 1485 3175 1540 thesibus
3211 1501 3272 1542 ea
3304 1503 3566 1559 pugnent.

1983 1570 2184 1639 quibus
2229 1568 2347 1625 illas
2384 1571 2520 1624 tueri
2564 1581 2615 1626 te
2645 1582 2798 1641 putas
2841 1584 2935 1629 :et
2968 1577 3326 1647 uudequaque
3360 1591 3569 1647 pareat,

315 1656 612 1726 ἀπέφηνας
635 1671 651 1688 ⁸
685 1657 821 1727 πρὸς
844 1657 872 1709 ὃ
895 1674 956 1725 γε
991 1658 1089 1710 καὶ
1121 1657 1286 1720 αὑτός
1345 1673 1430 1711 σοι
1459 1658 1635 1712 ταῦτα
1663 1657 1843 1728 φρονῶ
1863 1675 1876 1689 ο

2017 1676 2144 1716 osse
2187 1661 2422 1731 aliquem
2461 1662 2661 1728 facere,
2711 1666 2856 1734 quod
2897 1668 3094 1722 bonum
3136 1670 3231 1735 sit,
3279 1680 3334 1725 et
3389 1682 3569 1726 tamen

319 1748 380 1800 ού
414 1749 521 1818 μὴν
547 1749 818 1818 ἀήττητον
851 1749 1134 1812 παντελῶς
1161 1748 1305 1802 τοῦτ’
1336 1748 1402 1802 ἂν
1450 1749 1629 1816 ἔγωγε
1690 1750 1878 1819 φαίην,

2017 1766 2102 1806 ton
2163 1766 2287 1807 esse
2339 1753 2519 1808 animo
2559 1755 2723 1810 elato.
2779 1756 3142 1821 Quamobrem
3203 1763 3304 1814 hac
3356 1779 3573 1831 quoque

321 1841 414 1892 ὅτε
468 1841 594 1912 μηδ’
651 1817 815 1904 αύτὸς
842 1841 1129 1905 ἀπέδειξάς
1155 1858 1217 1908 γε
1248 1842 1379 1894 αὐτὸ
1411 1841 1617 1911 εὐλόγῳ
1661 1817 1895 1911 κρατοῦν

2017 1843 2212 1897 ’σιῑοησ
2241 1843 2474 1898 absurda
2512 1854 2596 1900 est
2653 1855 2742 1900 tua
2783 1851 3084 1905 conclusio.
3112 1851 3267 1917 Quod
3295 1856 3336 1907 si
3370 1817 3572 1910 inultos

320 1931 552 2000 δυνάμει
573 1945 587 1960 °
613 1930 712 1984 οὐκ
737 1931 825 2000 ἄρ’
848 1930 970 1983 οὐδὲ
1001 1931 1130 1994 τοὺς
1164 1929 1258 1983 ὑπ’
1275 1930 1439 1986 αὑτοῦ
1453 1932 1886 2003 κρατουμένους,

2017 1934 2184 1998 tabes,
2222 1936 2312 2004 qui
2356 1946 2531 2006 tecum
2570 1939 2814 1994 iaciunt:
2875 1957 2981 1996 non
3016 1952 3198 1998 tamen
3242 1960 3444 2000 eorum
3475 1961 3569 2002 ενοι

322 2021 533 2086 ἁθώους
567 2039 632 2090 γε
671 2022 830 2088 ὄντας
864 2023 962 2076 σὺν
992 2021 1138 2096 δίκῃ.
1163 2018 1241 2077 Ἦ
1267 2023 1375 2094 γὰρ
1401 2022 1466 2078 ἂν
1497 2023 1723 2095 ἐκράτει
1747 2024 1884 2078 πάν-

2017 2027 2162 2080 :ietas
2192 2027 2286 2081 tibi
2315 2028 2571 2096 praesidio
2594 2038 2698 2084 est.
2737 2030 2868 2085 Nam
2909 2033 2983 2088 illi
3021 2035 3119 2102 ipsi
3166 2047 3315 2101 sunt,
3346 2039 3438 2106 qui
3469 2039 3573 2091 hac

320 2129 428 2166 των
451 2113 602 2182 ἑξῆς.
1492 2131 1500 2143 “
1990 2118 2237 2172 oratione
2273 2129 2627 2186 accusantur;
2677 2137 2847 2190 quare
2878 2125 3003 2179 fieri.
3043 2128 3252 2195 nequit,
3293 2138 3353 2182 ut
3403 2129 3572 2183 dictis

319 2209 428 2266 tuis
449 2211 651 2281 aliquid
675 2210 798 2282 epis
837 2211 1082 2266 afferant.
1122 2210 1388 2268 (laterum
1420 2211 1728 2280 huiusmodi
1761 2211 2068 2280 proferens,
2101 2213 2274 2282 ipsius
2344 2229 2476 2269 sane
2521 2216 2637 2269 vitii
2685 2218 2952 2272 maximas
3016 2219 3161 2276 vires
3228 2223 3573 2276 demoustrr

317 2303 424 2360 sti:
453 2319 558 2372 qua
596 2305 648 2358 in
676 2316 831 2375 parte
871 2305 968 2360 tibi
1001 2315 1056 2360 et
1089 2305 1320 2376 ipsemet
1357 2308 1646 2361 assentior.
1680 2303 1798 2359 Non
1834 2315 2011 2359 tamen
2044 2304 2305 2361 invictum
2343 2317 2565 2376 prorsUs
2625 2308 2676 2363 id
2739 2310 2986 2380 equidem
3057 2313 3284 2367 dixerim
3357 2317 3573 2382 quando

320 2410 419 2451 nec
448 2395 562 2464 ipse
589 2398 853 2464 probasti,
881 2396 1022 2466 quod
1065 2398 1111 2450 vi
1141 2398 1290 2472 justa
1329 2399 1546 2465 vincat;
1601 2414 1700 2453 nec
1744 2398 1887 2468 quod
1947 2398 2016 2451 ab
2071 2412 2136 2453 eo
2194 2398 2347 2465 victi,
2412 2400 2606 2454 merito
2659 2401 2829 2470 culpa:
2887 2403 2996 2459 sint
3033 2413 3307 2476 expertes.
3341 2406 3474 2462 Nam
3529 2408 3573 2462 si

322 2484 516 2548 resita
574 2500 889 2559 comparata
949 2491 1109 2558 foret,
1176 2506 1367 2546 omnes
1431 2493 1654 2546 omnino
1719 2493 1982 2546 vinceret.

311 1199 540 1263 πολλοὺς
569 1199 636 1253 ἂν
664 1198 809 1271 ἔχοις
841 1202 968 1265 τοὺς
1001 1199 1422 1270 συναιροῦντας,
1470 1200 1590 1254 ἀλλ’
1615 1200 1768 1255 οὐδέν
1796 1218 1878 1254 σοι

308 1291 452 1361 πρὸς
478 1290 789 1360 βοήθειανή
815 1291 1028 1345 τούτων
1056 1291 1370 1361 συμμαχία.
1407 1285 1576 1346 Αὐτοὶ
1597 1293 1706 1362 γὰρ
1730 1285 1879 1346 οὗτοι

307 1383 677 1452 τυγχάνουσιν
707 1383 756 1435 οἱ
806 1380 1204 1452 ιγκεκλημένοι
1231 1381 1312 1451 τῷ
1361 1383 1482 1436 νυνὶ
1527 1382 1693 1452 λόγῳ.
1726 1377 1880 1435 Ἵλατ’

307 1474 411 1527 οὐκ
445 1473 656 1538 ἔξεστιν
713 1475 959 1538 ἐκείνους
1003 1475 1391 1545 συλλήπτοράς
1429 1491 1512 1528 σοι
1550 1475 1659 1527 τῶν
1703 1474 1880 1541 λόγων

310 1561 474 1618 εἶναι.
501 1566 576 1618 Τὸ
607 1565 781 1628 πάθος
811 1568 1019 1637 μέντοι,
1064 1564 1296 1619 τοιαῦτα
1341 1565 1538 1634 λέγων,
1586 1566 1880 1636 κράτιστον

394 2581 539 2639 Εἶεν.
573 2583 646 2636 Σὺ
680 2577 737 2636 δέ
766 2600 852 2650 γε,
875 2583 1094 2636 πάντων
1132 2584 1258 2652 ἐμοὶ
1305 2584 1552 2650 φίλτατε,
1581 2584 1630 2635 εί
1681 2583 1779 2662 μὲν
1810 2583 1894 2646 τίς

325 2675 419 2730 σού
457 2692 586 2728 ποτε
631 2674 741 2728 τῶν
772 2675 1023 2744 πλησίον,
1058 2675 1117 2727 τὸ
1146 2675 1224 2744 τῷ
1255 2675 1374 2744 Θεῷ
1415 2676 1570 2743 φίλον
1609 2678 1773 2740 ποιεῖ,
1811 2677 1894 2729 σοὶ

323 2768 380 2819 δὲ
413 2767 486 2836 μὴ
514 2765 672 2819 τοῦτο
713 2767 1028 2834 πράττοιτο,
1079 2766 1501 2835 ταπεινοφρόνει
1534 2769 1630 2819 καὶ
1671 2766 1891 2819 πένθει·

327 2859 406 2911 δεῖ
429 2859 538 2927 γὰρ
575 2859 769 2911 εἰδέναι
803 2859 929 2927 τῇδε
968 2857 1165 2911 σαυτὸν
1193 2858 1295 2912 οὐκ
1330 2859 1583 2912 ἐθέλοντα
1614 2857 1778 2911 καλὸν
1814 2857 1893 2910 εἶ-

330 2970 417 3005 ναι
437 2968 450 2982 ο
478 2951 541 3022 ἣν
569 2951 623 3004 δὲ
650 2952 962 3005 τούναντίον
987 2951 1108 3022 δρᾷ,
1141 2952 1403 3022 ῥᾳθύμως
1436 2952 1543 3015 ζῶν
1570 2953 1662 3006 καὶ
1691 2952 1896 3022 ἠμελη-

336 3042 532 3110 μένως,
570 3042 662 3096 σοῦ
690 3061 752 3112 γε
782 3043 999 3110 τάγαθὰ
1031 3043 1209 3096 πάντα
1243 3043 1595 3112 πράττοντος,
1643 3043 1718 3112 μὴ
1761 3042 1900 3111 ὑψη-

2072 2583 2249 2650 Atque
2281 2583 2546 2648 hactenus
2582 2585 2718 2641 haec.
2773 2585 2853 2642 Tu
2894 2601 3023 2642 vero
3074 2588 3232 2658 longe
3272 2591 3405 2645 mihi
3443 2593 3580 2648 cha-

2001 2672 2223 2729 rissime
2262 2675 2358 2740 fili,
2399 2676 2442 2750 si
2483 2678 2604 2742 quis
2640 2677 2932 2746 aliquando
2983 2683 3267 2748 proximus
3303 2691 3426 2737 tuus
3464 2701 3574 2739 rem

2003 2764 2115 2828 Deo
2142 2774 2349 2835 gratam
2392 2751 2541 2830 facit,
2577 2777 2626 2821 te
2658 2784 2764 2823 nou
2817 2769 3067 2835 faciente,
3104 2773 3360 2828 humilem
3401 2783 3452 2828 te
3485 2792 3579 2843 ge-

2004 2871 2115 2914 ras.
2159 2871 2221 2910 ac
2245 2857 2453 2914 doleas.
2532 2858 2666 2914 Nam
2719 2862 2845 2915 hinc
2879 2877 3172 2931 agnoscere
3208 2866 3397 2931 debes,
3435 2871 3581 2924 nolle

1998 2957 2056 3006 te
2090 2949 2288 3002 bonum
2321 2964 2462 3004 esse.
2500 2949 3072 3012 Sin,ille‘cnntrarium
3098 2955 3248 3024 facit,
3278 2960 3582 3014 socci-diter

2006 3055 2069 3107 ac
2101 3041 2427 3111 negligenter
2472 3043 2684 3108 vivens,
2740 3051 2794 3100 te
2847 3050 3029 3103 omnia
3086 3049 3223 3103 bona
3263 3061 3579 3119 peragente,

337 3133 612 3201 λοφρόνει.
644 3135 720 3186 Οὐ
749 3135 858 3204 γὰρ
886 3134 976 3187 διὰ
1003 3135 1103 3202 τὴν
1138 3134 1348 3187 ἐκείνου
1384 3135 1584 3188 κακίαν
1621 3136 1903 3197 σπουδαῖος

2017 3147 2138 3188 cave
2187 3137 2368 3188 animo
2412 3134 2678 3191 effcraris.
2716 3137 2832 3194 Non
2869 3140 3011 3196 enim
3067 3153 3288 3211 propter
3319 3144 3466 3198 illius
3499 3146 3583 3198 vi-

337 3225 500 3286 αὐτὸς
549 3226 801 3291 γέγονας,
838 3226 953 3278 ἀλλ’
984 3227 1172 3289 ἁπλῶς
1223 3225 1312 3279 διὰ
1345 3225 1444 3288 τὰς
1493 3227 1747 3296 πράξεις.
1796 3227 1906 3279 Καὶ

337 3314 494 3366 τοῦτο
525 3311 683 3384 δῆλον
716 3317 967 3370 ἐντεῦθεν
991 3334 1008 3351 ο
1051 3319 1111 3371 ού
1143 3303 1250 3389 γὰρ
1282 3319 1681 3388 στεφανοῦσθαι
1721 3320 1907 3388 γίγνε-

339 3420 428 3455 ται
457 3405 584 3468 τοὺς
624 3405 944 3476 ἀνθρώπους
977 3409 1083 3461 ἀπὸ
1123 3409 1224 3479 τῆς
1257 3411 1368 3464 τῶν
1408 3411 1578 3475 πέλας
1616 3411 1909 3465 καταπτώ-

345 3507 502 3551 σεως.
533 3492 649 3545 ἀλλ’
697 3495 760 3545 ἐκ
805 3496 912 3547 τῶν
951 3497 1102 3550 ἰδίων
1144 3499 1616 3570 κατορθωμάτων.
1652 3501 1910 3555 Φαίνεται

343 3582 520 3633 τοίνυν
557 3585 631 3651 μὴ
663 3580 775 3638 οἷόν
804 3587 853 3637 τ’
887 3583 1026 3641 εἶναι
1058 3590 1279 3655 τούτους
1309 3593 1446 3663 πρὸς
1476 3591 1741 3662 ἀλλήλους
1773 3610 1913 3662 παρ-

345 3667 715 3741 εξετὰζεσθαι,
745 3678 860 3730 ὅσοι
887 3679 1022 3749 πρὸς
1055 3682 1154 3752 τὴν
1190 3683 1567 3754 ὑπερηφανίαν
1601 3685 1913 3740 ἀπεδύσαν-

344 3781 426 3818 το.
458 3767 596 3828 Τοὺς
627 3767 738 3838 γὰρ
777 3769 1013 3838 ἀθλητὰς
1045 3773 1307 3840 ἐκείνους,
1355 3771 1438 3838 οἷς
1469 3777 1529 3828 τὸ
1559 3775 1728 3844 γέρας
1766 3778 1914 3830 κότι-

345 3868 456 3918 νος,
488 3858 580 3911 καὶ
610 3852 682 3911 ὧν
721 3861 755 3928 ή
782 3859 928 3928 πάλη
960 3863 1097 3932 πρὸς
1127 3862 1267 3934 αἷμα
1297 3866 1392 3919 καὶ
1430 3866 1633 3936 σάρκα,
1673 3861 1827 3918 εἶπεν
1849 3866 1916 3919 ἂν

345 3949 373 3998 6
397 3953 538 4013 θεῖος
574 3951 914 4016 Ἀπόστολος,
944 3955 1088 4018 εἰκός
1120 3957 1235 4008 ἐστι
1261 3959 1354 4008 καὶ
1372 3958 1914 4026 παραϐληθῆναικα-

346 4039 450 4099 λὼς
477 4038 746 4109 ἀλλήλοις.
781 4041 1035 4093 Δείκνυσι
1074 4044 1184 4114 γὰρ
1223 4045 1315 4095 τὸν
1345 4045 1750 4115 εὐδοκιμηκότα
1777 4047 1918 4114 ὑπὲρ

346 4131 472 4200 τοῖς
529 4131 726 4193 ἄλλους
778 4129 1237 4202 πλεονεκτήματὰ
1290 4151 1447 4197 τινα,
1503 4136 1918 4206 ἐπιδεδειγμένα

285 4205 298 4212 ’
347 4223 460 4284 τοῖς
496 4221 802 4289 ὀφθαλμοῖς
826 4221 934 4273 τῶν
967 4223 1250 4289 ὁρώντωνο
1289 4226 1445 4295 ῥώμη
1478 4225 1727 4295 σώματος
1757 4205 1919 4298 (ρημὶ,

350 4312 442 4360 καὶ
479 4311 779 4378 γυμνάσια,
815 4310 908 4363 καὶ
953 4312 1113 4378 πεῖρα
1161 4311 1271 4363 τῶν
1320 4327 1383 4378 γε
1432 4313 1690 4364 τοιούτων
1722 4315 1922 4380 ἀγωνιι

354 4399 598 4469 σμάτων.
644 4401 750 4452 ’Ἢν
781 4399 837 4452 δὲ
887 4400 1073 4452 καὶτὸ
1119 4395 1351 4470 ἀκριϐὲς
1393 4402 1468 4470 μὴ
1502 4403 1814 4456 παντάπασι
1853 4405 1919 4472 τῇ

1998 3225 2305 3285 ,tiositatem
2344 3228 2592 3297 egregius
2625 3228 2740 3297 ipse
2778 3230 2859 3284 vir
2903 3232 3081 3288 factus
3117 3247 3196 3298 es,
3250 3237 3343 3289 sed
3377 3237 3586 3305 simpli-v-

2010 3316 2149 3370 citer
2182 3317 2251 3370 ob
2286 3317 2426 3369 facta
2463 3327 2574 3372 tua.
2614 3320 2789 3388 Atque
2826 3322 2928 3376 hoc
2954 3322 3036 3376 vel
3073 3324 3200 3378 inde
3235 3329 3581 3396 perspicuum

2009 3415 2112 3462 est.
2154 3405 2287 3461 Nam
2321 3423 2524 3464 corona
2555 3426 2658 3464 non
2701 3412 2984 3482 potiuntur
3041 3415 3287 3470 homines
3334 3435 3398 3472 ex
3435 3420 3586 3488 lapsu

2001 3497 2266 3565 proximi,
2320 3500 2413 3554 scd
2452 3513 2516 3554 ex
2553 3501 2664 3557 suis
2719 3503 2950 3571 egregiis
2990 3503 3163 3558 factis.
3221 3507 3457 3574 Apparet
3491 3509 3588 3574 igi—

2012 3598 2120 3652 tur,
2156 3602 2260 3642 non
2298 3603 2458 3658 posse
2493 3591 2627 3654 fieri,
2668 3600 2728 3644 ut
2760 3592 2899 3646 inter
2946 3609 3006 3647 se
3040 3606 3448 3661 comparentur,
3491 3600 3586 3664 qui

2013 3689 2288 3734 certamen
2355 3683 2615 3738 adversus
2671 3687 2984 3754 superbiam
3065 3690 3391 3757 suscipiunt.
3463 3690 3590 3744 Illos

2013 3772 2156 3824 cnim
2207 3771 2460 3838 athletas,
2501 3776 2697 3848 quibus
2753 3778 2872 3832 olea
2911 3781 3211 3846 praemium,
3250 3792 3304 3836 et
3337 3784 3427 3850 qui
3465 3797 3586 3839 cum

2015 3861 2289 3928 sanguine
2321 3879 2599 3940 carucque
2635 3866 3016 3932 colluctantur,
3050 3880 3108 3924 ut
3142 3871 3433 3940 Apostolus
3462 3889 3593 3932 sane

2015 3951 2347 4019 loqueretur,
2383 3939 2656 4008 veristnile
2672 3964 2755 4008 est
2773 3967 2916 4010 recte
2935 3959 3075 4013 inter
3091 3975 3151 4016 se
3171 3963 3428 4017 conferri.
3447 3965 3595 4032 Qua!-

2018 4043 2140 4096 dam
2177 4043 2319 4096 enim
2354 4047 2505 4113 dotes
2544 4047 2864 4115 singulares,
2903 4053 3166 4118 expositae
3223 4069 3592 4124 speetatoium

2019 4133 2215 4197 oculis,
2277 4150 2398 4188 eum
2441 4136 2838 4206 demonstrant,
2877 4145 2968 4210 qui
3024 4159 3186 4213 supra
3239 4157 3465 4203 caeteros
3508 4167 3595 4204 ex-

2021 4226 2206 4280 rcllil:
2252 4229 2583 4296 utcorporis
2613 4230 2800 4295 robur,
2831 4242 2885 4286 et
2936 4237 3380 4302 exercitationes,
3427 4255 3483 4294 et
3541 4243 3596 4298 in

2022 4316 2330 4384 huiusmodi
2365 4319 2754 4375 certaminibus
2780 4327 3141 4393 experientia.
3168 4328 3322 4393 Quod
3353 4331 3398 4384 si
3430 4334 3595 4385 etiam

2024 4425 2130 4463 non
2195 4412 2418 4467 omnino
2455 4417 2880 4470 accuratelata
2943 4423 3216 4506 sententi?
3252 4422 3431 4487 fuerit,
3491 4439 3596 4485 non

350 4490 518 4559 ψήφῳ
552 4492 725 4560 παρῇ,
757 4491 818 4542 ού
861 4489 980 4542 λίαν
1009 4493 1353 4545 ἐπικίνδυνον
1387 4493 1446 4544 τὸ
1480 4493 1816 4563 ἁμάρτημα’
1859 4494 1913 4546 ού

2031 4503 2320 4558 admodum
2355 4506 2700 4575 periculosus
2729 4509 2818 4563 hic
2843 4525 2997 4564 error
3029 4523 3131 4568 est.
3163 4484 3279 4570 ἀοι]
3309 4517 3450 4570 enim
3475 4519 3600 4570 ani—

353 4579 461 4650 γὰρ
498 4579 822 4649 λυμαίνεται
869 4582 990 4640 ταῖς
1035 4579 1259 4650 ψυχαῖς,
1290 4581 1478 4650 ὀλίγην
1511 4582 1565 4633 δέ
1594 4599 1716 4636 τινα
1760 4584 1919 4649 δόξαν

356 4675 452 4723 καὶ
482 4671 850 4740 σϐεννυμένην
877 4671 1076 4725 αὐτίκα
1107 4674 1139 4742 ἢ
1173 4656 1456 4744 χαρίζεται
1485 4676 1726 4737 τοίς-οὑκ
1752 4676 1922 4740 ἀξίοις

359 4764 487 4823 ἴσως
517 4761 729 4823 λαϐεῖν,
765 4761 797 4830 ἢ
832 4761 1124 4832 ὑποστερεῖ
1147 4766 1329 4832 τυχὸν,
1359 4759 1438 4826 οἷς
1473 4766 1763 4818 ἀποδοῦναι
1793 4768 1924 4819 ταύ-

355 4859 458 4918 την
491 4849 795 4917 προσῆκεν.
831 4848 1017 4911 Ὅσοις
1064 4850 1109 4901 δ’
1155 4847 1222 4903 αὖ
1266 4852 1326 4904 τὸ
1360 4854 1620 4921 πολεμεῖν
1662 4856 1798 4925 πρὸς
1827 4856 1924 4917 τὰς

360 4929 533 5010 ἇρχὰς
561 4941 700 5003 ἐστι,
734 4938 829 4991 καὶ
857 4941 954 5001 τὰς
984 4941 1255 5007 ἐξουσίας,
1279 4943 1502 5006 τούτους
1523 4944 1580 4996 δὲ
1610 4945 1725 5008 πῶς
1757 4947 1821 5022 ἄν
1847 4961 1926 5010 τις

363 5033 498 5102 ἔχοι,
523 5033 616 5083 καὶ
648 5031 781 5100 πρὸς
808 5031 958 5093 τίνας
981 5033 1115 5096 ὅλως
1139 5035 1510 5105 παραϐαλεῖν;
1539 5038 1768 5108 πότερον
1793 5042 1928 5109 πρὸς

362 5125 490 5185 τοὺς
521 5123 964 5191 ἁποδυσαμὲνους
994 5125 1076 5187 εἰς
1125 5125 1217 5177 τὸν
1258 5127 1423 5180 αὑτὸν
1448 5129 1635 5189 αὐτοῖς
1674 5127 1858 5194 ἆθλον,
1894 5133 1926 5202 ἢ

365 5215 501 5284 πρὸς
534 5215 763 5267 ταυτασὶ
810 5217 912 5276 τὰς
957 5215 1079 5268 καθ’
1115 5217 1274 5285 ἡμῶν
1321 5221 1815 5289 παραταττομὲνας
1841 5224 1929 5275 δυ-

367 5306 602 5375 νάμειςς
652 5304 794 5358 Ἀλλ’
843 5306 1033 5376 ἔμοιγε
1080 5308 1227 5361 δοκεῖ
1275 5311 1400 5379 μηδ’
1445 5312 1749 5366 ὁπωστιοῦν
1791 5312 1929 5368 εἶναι

366 5400 476 5451 τῶν
507 5399 869 5467 γιγνομένων,
921 5399 1148 5463 δοξάσαι
1193 5401 1420 5470 θάτερον
1451 5405 1622 5468 τοῖνδε
1676 5405 1931 5473 γενέσθαι

366 5483 480 5539 οἷόν
503 5502 564 5539 τε
611 5484 770 5541 εῖναι.
805 5487 1118 5554 Ἐχθίστους
1151 5490 1251 5559 μὲν
1281 5493 1389 5564 γὰρ
1420 5492 1634 5556 ὲκείνας
1666 5497 1815 5566 ἡμῖν,
1839 5498 1934 5559 τὰς

372 5578 616 5648 ’πονηρὰς
636 5579 782 5646 λέγω
811 5580 1088 5650 δυνάμεις,
1122 5580 1340 5651 εὔλογον
1371 5589 1510 5638 νοεῖν
1530 5603 1587 5639 τε
1618 5588 1710 5641 καὶ
1735 5590 1932 5657 λέγειν’

370 5664 786 5738 ἀνταγωνιστῶν
813 5671 869 5724 δὲ
889 5673 1050 5724 τόπον
1072 5673 1291 5742 ἐπέχειν
1319 5677 1492 5740 αὐτας
1518 5679 1650 5746 πρὸς
1668 5680 1812 5750 ἡμᾶς
1845 5684 1937 5735 οὐ·

372 5759 583 5832 δαμῶς.
618 5761 754 5820 Οὔτε
787 5763 894 5831 γὰρ
922 5763 1078 5830 δόξης
1126 5764 1344 5833 ἐρῶσιν.
1394 5768 1516 5824 οὕτε
1558 5772 1636 5835 είς
1675 5773 1736 5824 τὸ
1765 5773 1931 5844 γέρας

683 5857 956 5922 Parum"
991 5861 1109 5920 (iu.
1157 5857 1339 5919 CLVI

2031 4597 2136 4658 mis
2161 4598 2383 4671 exitium
2409 4596 2588 4663 affert,
2649 4601 2744 4654 scd
2777 4601 3025 4670 exiguam
3056 4607 3598 4674 qttamdamgloriam

2032 4695 2221 4761 etquae
2251 4690 2433 4742 statim
2454 4691 2840 4760 exstinguitur,
2876 4693 2957 4746 vel
2986 4693 3218 4762 indignis
3245 4697 3473 4752 fortasse
3507 4701 3603 4752 tri-

2035 4777 2188 4842 buit,
2251 4778 2330 4833 vel
2396 4780 2461 4833 iis
2531 4780 2740 4844 adimit,
2797 4783 2994 4849 quibus
3051 4795 3170 4837 erat
3230 4786 3600 4842 attribuenda.

2035 4866 2136 4934 Qui
2174 4885 2300 4923 vero
2358 4869 2553 4923 bellum
2585 4881 2776 4938 gerunt
2832 4874 3092 4928 adversus
3154 4877 3496 4946 principatus
3549 4891 3606 4935 et

2037 4971 2356 5030 potestates,
2393 4977 2492 5018 eos
2517 4979 2756 5031 quonam
2789 4974 2948 5034 pacto
2982 4967 3124 5031 quis,
3168 4979 3221 5023 et
3256 4985 3378 5024 cum
3410 4973 3605 5041 quibus

2040 5056 2266 5106 omnino
2291 5055 2674 5122 compararet?
2707 5066 2887 5109 utrum
2934 5074 3052 5110 cum
3088 5058 3216 5124 illis,
3254 5061 3346 5128 qui
3378 5077 3500 5116 cum
3527 5063 3609 5116 eis

2042 5147 2182 5199 idem
2226 5146 2278 5199 in
2329 5156 2600 5201 certamen
2638 5149 2995 5215 descendunt,
3045 5167 3113 5204 an
3150 5168 3271 5207 cum
3323 5155 3611 5223 pugnanti-

2040 5237 2140 5290 bus
2163 5237 2418 5291 adversus
2439 5254 2537 5293 nos
2567 5240 2975 5308 potestatibus?
3035 5242 3164 5297 Mihi
3216 5260 3346 5299 sane
3379 5245 3609 5307 videtur,

2043 5342 2391 5397 nequaquam
2454 5332 2768 5396 convenire,
2831 5343 2889 5386 ιιι
2948 5334 3342 5398 existimemus,
3405 5336 3612 5388 alteru-

2045 5427 2186 5470 trum
2218 5418 2413 5472 horum
2443 5419 2619 5475 locum
2646 5422 2850 5478 habere
2875 5439 3054 5492 posse.
3110 5425 3244 5481 Nam
3275 5425 3443 5480 malas
3490 5426 3611 5480 illas

2045 5517 2345 5577 potestates
2386 5525 2488 5562 non
2521 5512 2618 5565 abs
2649 5526 2706 5567 re
2751 5516 2905 5570 nobis
2961 5517 3177 5585 quidem
3229 5515 3616 5569 infestissimas

2046 5608 2099 5651 ct
2123 5599 2361 5669 cogitare
2407 5614 2710 5668 possumus,
2737 5615 2790 5659 et
2823 5607 3041 5661 dicere:
3075 5609 3180 5662 sed
3231 5605 3407 5659 aemuli
3440 5608 3612 5660 nostri

2049 5689 2195 5742 nullo
2223 5703 2343 5744 esse
2382 5691 2542 5746 modo
2595 5705 2838 5761 possunt.
2878 5695 2988 5751 Nec
3014 5699 3160 5750 enim
3195 5695 3417 5765 gloriam
3449 5712 3616 5764 expeo

2051 5788 2190 5846 tunt,
2222 5794 2320 5836 nec
2382 5785 2662 5852 praemium
2722 5797 2968 5846 spectant
3003 5809 3012 5818 -
3064 5787 3159 5840 sed
3200 5785 3480 5843 interitum
3513 5805 3615 5844 no-

3111 5883 3184 5939 18
