4098 6272
453 342 568 434 $59

1582 355 1984 423 MANUELIS
2023 355 2471 421 PALEOLOGI

3571 369 3704 431 -.'60

445 468 619 520 timus
657 479 671 517 :
698 479 801 520 nec
837 463 889 520 in
922 477 1004 521 me
1029 463 1426 532 praestationem
1456 476 1669 532 eurum,
1699 481 1822 538 qua!
1858 467 1996 522 tradi

2117 466 2314 531 αὐτοὺς
2345 468 2444 520 οὐκ
2474 466 2635 530 ὄντας
2664 483 2728 537 γε
2765 467 3026 540 τοιαύτης
3054 468 3360 541 δυνάμεως.
3399 474 3618 540 Ἔξεστι
3640 481 3702 534 δέ

446 569 572 610 eum
599 545 819 613 docendi
864 557 1080 610 "ratiotte
1109 555 1482 626 coniunctam,
1518 559 1758 628 reperire
1785 559 2014 625 cogites.

375 661 380 671 '
450 648 584 702 Nam
613 649 815 703 scii‘nns
847 648 975 714 i'psi,
1011 663 1111 702 nos
1145 664 1207 702 ea
1248 648 1506 704 facultate
1537 650 1780 705 destitui.
1807 648 2019 704 Nihilo-

449 741 627 794 minus
660 731 971 794 auctoritati
1024 755 1150 810 erga
1198 748 1250 795 te
1295 756 1426 795 mea!
1451 756 1774 797 concessum
1800 752 1901 808 est,
1939 741 2016 794 uti

422 834 516 894 Jte
552 832 712 885 rebus
743 824 849 885 illis
881 832 1169 897 disseram,
1202 833 1444 901 adeoque
1467 833 1821 900 persuadeam
1849 849 1864 900 ;
1896 832 2018 903 qui-

445 927 546 978 bus
576 939 605 977 τι
637 921 799 978 t‘ebtts
848 923 1098 992 equidem
1145 919 1304 991 longe
1335 914 1550 978 absttm.
1596 914 1711 978 Nec
1739 924 1882 978 cnim
1917 922 2013 978 tibi

445 1019 527 1080 t‘as
553 1025 659 1078 est,
699 1015 776 1078 iis
810 1014 950 1070 haud
981 1017 1377 1084 obtemperare,
1404 1031 1526 1085 qua:
1568 1031 1598 1071 a
1631 1016 1787 1071 nobis
1817 1016 2012 1070 tradita

445 1115 594 1159 sunt.
648 1103 777 1158 Nam
813 1106 858 1159 si
894 1117 1163 1174 prmeepta
1214 1107 1518 1174 priscorum
1565 1108 1909 1161 sacerdotum
1950 1115 2014 1161 ac

447 1197 846 1251 Pharisaeorum
881 1198 1164 1264 aspernari
1200 1207 1306 1251 non
1347 1196 1568 1260 licebat,
1605 1197 1687 1252 uti
1725 1198 1816 1268 Qui
1851 1188 2014 1253 Mosi:

442 1289 495 1341 in
524 1288 777 1341 cathedra
805 1289 1087 1351 sedebant,
1121 1297 1450 1358 quamquam
1483 1284 1616 1343 nihil
1647 1296 1859 1351 eorum,
1893 1293 2012 1358 quia

425 1379 728 1443 docebant,
768 1380 1010 1436 facerent
1039 1397 1054 1433 :
1089 1379 1263 1435 multo
1307 1381 1481 1450 magis
1517 1379 1697 1446 decet,
1731 1380 2013 1450 obtempe-

440 1486 560 1526 rare
595 1480 645 1527 te
675 1473 828 1536 mihi,
863 1471 954 1541 qui
1011 1472 1153 1539 quod
1207 1471 1553 1543 profuturum
1591 1479 1674 1526 est
1705 1471 1798 1526 tibi
1833 1475 2010 1538 trado,

438 1567 564 1620 licet
611 1565 757 1620 idem
792 1565 909 1634 ipse
949 1579 1055 1620 non
1092 1572 1241 1619 recte
1282 1564 1500 1618 faciam.
1539 1557 1674 1618 Nam
1709 1573 1764 1618 et
1811 1559 1927 1633 Ipse
1955 1563 2008 1619 in

440 1659 640 1710 throno
669 1659 856 1720 sedeo,
881 1664 1150 1725 praecepta
1184 1655 1280 1710 tibi
1309 1662 1469 1710 modo
1499 1669 1828 1723 proponens,
1858 1665 2009 1709 tanto

436 1734 631 1816 priscis
653 1747 757 1800 illis
784 1748 1181 1815 praestantiora,
1213 1746 1397 1815 quanti
1427 1744 1575 1800 venit
1601 1746 2006 1808 aestimandum,

438 1837 580 1906 quod
613 1836 701 1890 illa
743 1836 961 1900 veteris,
994 1839 1108 1890 haec
1132 1850 1284 1888 nova:
1312 1836 1420 1889 sint
1462 1834 1818 1903 legislationis
1847 1842 2010 1903 atque

439 1930 646 1998 gratiae.
661 1924 758 1982 Vel
776 1927 820 1983 si
840 1929 937 1980 hoc
958 1927 1150 1990 mavis,
1173 1925 1261 1980 illa
1280 1924 1502 1993 legalem
1522 1924 1588 1978 ad
1609 1925 1876 1987 umbram,
1896 1924 2008 1977 haec

439 2034 621 2078 nostra
652 2020 901 2076 veritatis
935 2019 1001 2073 ad
1038 2017 1477 2087 praedicationem
1495 2015 2006 2088 pertinent.ltidcm

441 2115 545 2166 hoc
563 2111 756 2166 solium
790 2111 840 2164 in
872 2123 1137 2178 quouunc
1185 2109 1302 2179 ipse
1333 2109 1521 2174 sedeo,
1547 2110 1896 2178 praestantius
1925 2116 2008 2162 est

438 2203 531 2259 illo
579 2203 760 2274 prisco
796 2201 1065 2270 longoque
1099 2200 1384 2255 intervallo
1404 2201 1453 2254 id
1474 2209 1717 2270 superat,
1741 2215 1862 2255 eum
1885 2199 2004 2253 solii

433 2301 601 2355 divini
630 2299 698 2370 (si
732 2299 948 2369 quidem
981 2298 1084 2351 hoc.
1118 2312 1223 2351 non
1269 2296 1432 2350 nimis
1482 2295 1740 2350 audacter
1781 2294 2002 2364 dicitur)

433 2388 786 2450 simulacrum
809 2393 900 2447 sit.
949 2391 1083 2446 Nam
1105 2402 1159 2444 ut
1182 2391 1247 2445 de
1271 2390 1372 2454 alia
1397 2390 1630 2460 quadam
1651 2389 1999 2456 auctoritate,

431 2502 550 2554 quae
577 2484 777 2553 aliquid
809 2481 1119 2538 eminentia:
1149 2481 1364 2548 habeat,
1428 2481 1566 2535 nihil
1601 2480 1805 2546 dicam,
1845 2490 2001 2552 pater

423 2580 545 2633 'titio
567 2578 820 2648 princeps
853 2583 938 2629 est
1004 2584 1166 2644 atque
1203 2575 1476 2634 dominus.
1501 2588 1567 2628 ex
1604 2574 1718 2642 ipsa
1783 2582 1997 2629 natura.

431 2671 552 2728 Pari
584 2672 796 2725 ratione
827 2670 968 2724 Deus
1005 2682 1224 2738 quoque
1281 2667 1441 2720 nobis
1489 2678 1542 2722 et
1613 2665 1869 2736 princeps
1942 2673 1999 2720 et

429 2763 691 2818 Dominus
720 2771 827 2817 est.
856 2761 923 2815 At
956 2761 1264 2813 declaretur
1286 2774 1414 2812 sane
1435 2773 1520 2813 res
1568 2759 1844 2827 aliquanto
1881 2773 1998 2811 ma-

350 2913 354 2917 _
433 2858 702 2911 aifestius.
728 2853 868 2919 Quid
900 2853 1060 2922 igitur
1091 2867 1216 2920 erga
1257 2867 1352 2905 uos
1389 2851 1526 2906 Deus
1553 2851 1575 2905 2
1603 2867 1708 2904 ιιοιι
1769 2852 1946 2919 Opiter
1974 2851 1998 2904 ?

431 2964 535 3002 non
564 2945 753 3017 pater?
777 2959 881 2998 non
925 2946 1064 2999 rex?
1098 2959 1205 2998 non
1260 2944 1555 3008 provisor?
1610 2957 1714 2996 non
1769 2942 1998 2996 doctor?

433 3039 558 3092 Haec
586 3037 792 3100 omnia,
847 3045 898 3089 te
935 3050 1065 3088 sane
1123 3033 1263 3102 quod
1313 3034 1530 3098 attinet,
1593 3034 1725 3089 mihi
1782 3031 1995 3103 quoque

2126 575 2230 626 μου
2259 559 2336 628 τῷ
2368 559 2506 628 πρὸς
2540 561 2597 612 σὲ
2652 561 2898 630 σχήματι
2948 562 3128 634 τούτῳ
3169 566 3266 619 καὶ
3297 567 3425 637 περὶ
3470 571 3702 626 ἐκείνων

2122 649 2325 716 λέγειν,
2373 652 2465 704 καὶ
2503 647 2649 720 μάλα
2678 649 2908 717 πείθειν,
2945 642 3020 708 ὧν
3057 673 3118 723 γε
3152 659 3246 710 καὶ
3287 661 3504 729 μακρὰν
3542 663 3699 732 ἀφει-

2124 741 2368 811 στήκειν.
2399 738 2529 794 Ούδέ
2565 746 2673 814 γὰρ
2703 741 2861 814 θέμις
2890 742 3139 800 ἀπειθεῖν
3183 763 3242 800 σε
3277 751 3392 813 τοῖς
3438 751 3699 822 δεδογμέ-

2119 848 2250 893 νοις.
2287 828 2347 885 Et
2377 833 2486 902 γὰρ
2529 833 2641 897 τοῖς
2673 835 2840 890 πάλαι
2871 837 3078 908 ίερεῠσι
3115 840 3214 894 καὶ
3243 841 3563 910 Φαρισαίοις
3593 847 3696 899 οὐκ

2117 920 2365 996 ᾁπειθεῖν
2396 917 2524 986 ἔδει,
2570 924 2646 988 ὡς
2672 927 3020 980 καθεσθεῖσιν
3049 930 3144 982 ἐπὶ
3173 931 3273 999 τῆς
3301 933 3552 1000 Μωσέως
3597 955 3696 990 κα-

2119 1007 2334 1083 θέδρας,
2383 1014 2561 1071 καίτοι
2616 1017 2787 1090 μηδὲν
2839 1017 3236 1092 ἐργαζομένοις
3302 1011 3489 1099 ὧνπερ
3520 1031 3694 1084 ἐδίδσ·

2119 1123 2268 1172 σκον,
2321 1108 2498 1178 πο).λῷ
2537 1125 2601 1179 γε
2645 1111 2846 1181 μᾶλλον
2876 1115 3086 1183 πρέπον
3117 1116 3285 1183 ἐστὶν,
3318 1118 3467 1190 ἐμοέ,
3505 1137 3588 1175 σοι
3630 1124 3694 1175 τδ

2116 1201 2367 1252 συνοῖσον
2399 1199 2641 1269 λέγοντι,
2672 1202 2980 1268 πείθεσθαι,
3014 1206 3061 1258 εί
3090 1205 3155 1275 δὴ
3185 1208 3277 1262 καὶ
3312 1209 3389 1282 μὴ
3413 1214 3567 1266 τοῦτο
3593 1232 3694 1268 κα-

2113 1282 2221 1352 λῶς
2257 1291 2580 1361 πράττοιμι.
2639 1292 2904 1366 Κάθημαι
2933 1296 3044 1369 γὰρ
3091 1295 3156 1371 δὴ
3197 1302 3300 1366 ¹καὶ
3350 1303 3532 1367 αὐτὸς,
3573 1307 3692 1358 νυνί

2116 1399 2198 1439 σοι
2227 1386 2583 1453 παραινέσεις
2633 1381 2960 1458 προτείνων,
3011 1389 3276 1444 τοσοῦτόν
3329 1409 3392 1459 γε
3432 1395 3690 1464 ἀμείνους

2111 1478 2222 1535 τῶν
2248 1479 2391 1541 τότε,
2432 1480 2560 1533 ὅσον
2600 1482 2656 1534 αί
2690 1474 2790 1552 μέν
2819 1482 2918 1551 τῆς
2948 1484 3209 1548 παλαιᾶς,
3241 1487 3296 1538 αί
3339 1487 3395 1540 δέ
3425 1488 3531 1553 τῆς
3561 1490 3688 1552 νέας

2113 1569 2222 1623 sint
2255 1569 2582 1641 νομοθεσίας
2605 1573 2700 1625 καὶ
2735 1574 2993 1642 χάριτος·
3044 1577 3092 1628 εί
3118 1577 3173 1630 δέ
3199 1576 3380 1647 βούλει
3407 1597 3494 1648 γε,
3531 1587 3692 1646 σκιᾶς

2111 1664 2320 1718 ἐκεῖναι
2353 1665 2452 1733 τῆς
2478 1663 2732 1734 νομικῆς,
2782 1667 2838 1720 at
2860 1665 2916 1718 δέ
2944 1668 3073 1738 παρ’
3100 1669 3258 1737 ἡμῶν
3280 1666 3439 1725 αὗται
3467 1673 3564 1727 τοῦ
3589 1675 3689 1746 τῆς

2112 1751 2374 1821 ἀληθείας
2417 1753 2782 1824 κηρύγματος
2834 1755 3068 1825 ἔχονται.
3113 1759 3176 1812 Ἥ
3207 1761 3264 1815 δὲ
3308 1762 3372 1832 δὴ
3423 1766 3685 1834 καθέδρα,

2119 1848 2203 1917 ἐφ’
2225 1843 2294 1920 ἦς
2324 1849 2502 1917 ἐγωγε
2539 1849 2654 1915 νῦν,
2685 1851 2952 1921 κρείττων
2995 1854 3209 1924 ἐκείνης
3252 1856 3351 1925 τῆς
3381 1859 3684 1925 πρεσϐυτὲ-

2113 1957 2237 2011 ρας,
2267 1940 2362 1992 καὶ
2400 1940 2583 2013 πολλῷ
2617 1942 2694 2012 τῷ
2740 1944 2984 2014 περιόντι
3034 1947 3280 2012 νικῶσα,
3342 1950 3437 2003 ἆτε
3480 1952 3544 2019 δὴ
3588 1952 3688 2022 τὴν

2112 2034 2208 2086 τοῦ
2233 2030 2369 2084 Θεοῦ
2400 2033 2468 2103 (εί
2503 2035 2577 2103 μὴ
2610 2032 2885 2105 τολμηρὸν
2926 2033 3125 2108 εἰπεῖν)
3154 2032 3524 2103 είκονίζουσα.
3574 2042 3685 2094 Καὶ

2111 2124 2220 2193 γὰρ
2250 2123 2418 2192 χωρίς
2448 2134 2592 2185 τινος
2624 2123 2788 2177 ἄλλου
2840 2126 3118 2196 σχήματος
3163 2129 3438 2201 ὑπεροχὴν
3469 2131 3682 2201 ἔχοντος

2112 2216 2296 2287 ἄρχων
2318 2218 2346 2270 ὁ
2371 2216 2552 2286 πατήρ
2588 2217 2704 2270 ἐστι
2733 2213 2813 2288 τῷ
2840 2216 3013 2283 παιδὶ,
3051 2220 3146 2274 καὶ
3166 2222 3454 2292 δεσπότης,
3498 2220 3554 2289 ἐξ
3583 2225 3679 2277 αύ-

2110 2309 2208 2379 τῆς
2239 2309 2340 2372 τῆς
2376 2307 2608 2378 φύσεως.
2636 2307 2820 2364 Ταῦτα
2845 2311 2901 2364 δὲ
2922 2313 3053 2382 ἡμῖν
3087 2316 3114 2367 ὁ
3149 2306 3302 2378 Θεός.
3342 2312 3588 2387 Εὲρήσθω
3614 2314 3670 2369 δέ

2109 2416 2229 2463 πως
2255 2401 2351 2452 καὶ
2385 2399 2788 2471 φανερώτερον.
2821 2402 2886 2454 Τί
2926 2402 3018 2456 οὖν
3051 2403 3116 2475 δὴ
3147 2406 3212 2459 τὰ
3244 2405 3338 2459 τοῦ
3373 2405 3500 2458 Θεοῦ
3532 2407 3664 2474 πρδς

2108 2493 2294 2562 huic;
2340 2491 2400 2544 οὗ
2431 2491 2799 2560 δημιουργός;
2830 2491 2892 2545 ού
2920 2496 3141 2563 πατήρς
3187 2495 3248 2548 ού
3286 2495 3569 2564 βασιλεύςς
3606 2497 3667 2548 οὐ

2108 2581 2450 2652 προνοητής;
2506 2583 2564 2634 ού
2601 2581 2918 2646 διδάσκαλος
2939 2603 2953 2649 ;
2991 2584 3165 2637 Ταυτὶ
3199 2585 3255 2638 δὲ
3299 2588 3478 2640 πάντα
3511 2587 3677 2656 κάμοὶ

2108 2674 2419 2744 πρόσεστιν,
2454 2674 2555 2726 ὅσα
2590 2671 2655 2725 τὰ
2678 2674 2815 2743 πρὸς
2838 2675 2923 2728 σέ.
2955 2674 3108 2729 Ὠστ⁹
3135 2676 3245 2745 ἐγὼ
3283 2678 3406 2747 μὲν,
3437 2681 3574 2746 ὅπερ
3600 2675 3675 2732 εί-

2105 2781 2229 2830 πον,
2261 2765 2354 2818 ἐπὶ
2383 2765 2477 2817 τοῦ
2510 2765 2702 2834 θρόνου
2734 2765 3003 2837 κάθημαι,
3050 2768 3146 2820 τοῦ
3181 2769 3273 2822 τὸν
3311 2770 3446 2822 Θεὸν
3482 2771 3677 2823 εἶκονίι

2105 2857 2312 2922 ζοντος,
2361 2856 2411 2909 oi
2440 2855 2494 2908 δέ
2530 2858 2696 2927 ίερεῐς
2738 2874 2797 2910 τε
2833 2859 2927 2911 καὶ
2959 2861 3246 2929 Φαρισαῖοι
3290 2863 3381 2914 ἐπὶ
3419 2863 3517 2929 τῆς
3547 2863 3668 2916 Μω-

2105 2946 2243 3008 σέως
2265 2945 2554 3016 καθέδρας.
2587 2948 2734 3016 Α’ύτη
2767 2948 2822 3002 δὲ
2845 2950 2946 3018 τῆς
2975 2952 3246 3022 ἡμετέρας
3276 2953 3533 3008 ἐλάττων.
3569 2955 3675 3006 Καί

2054 3014 2068 3034 ⁸
2105 3053 2207 3107 μου
2241 3014 2804 3106 μηδεὶςήκαταγνώτω
2832 3014 3061 3113 τόλμης,
3092 3014 3218 3115 μηδ’
3253 3046 3566 3106 αὐθαδείας.
3601 3047 3672 3100 Οὐ

428 3136 762 3195 competunt.
796 3125 1160 3191 Quamobrem
1193 3137 1292 3191 ego
1353 3123 1572 3191 quidem
1623 3139 1721 3177 ceu
1785 3123 1989 3177 dictum

2101 3126 2208 3198 γὰρ
2239 3128 2474 3195 ἐμαυτὸν
2527 3129 2662 3196 πρὸς
2707 3131 2798 3184 τὸν
2850 3131 3085 3203 θεόπτην
3115 3136 3412 3205 ξσυγκρίνω
3449 3137 3671 3205 (adlisa;

427 3232 532 3286 est,
568 3221 620 3272 in
646 3235 710 3275 eo
743 3220 939 3270 throno
988 3219 1173 3278 sedeo,
1219 3218 1307 3285 qui
1373 3216 1551 3269 throni
1616 3215 1782 3268 divini
1821 3215 1994 3270 sintu-

423 3298 635 3365 lacrum
666 3320 748 3363 cst
779 3325 794 3363 :
832 3318 888 3362 at
919 3309 1008 3362 isti
1037 3306 1347 3361 sacerdotes
1377 3296 1541 3375 atque
1575 3305 1853 3368 Pharisaei,
1884 3303 1996 3358 Mo-

425 3403 502 3456 sis
537 3402 592 3456 in
636 3401 892 3455 cathedra
939 3399 1218 3453 sedebant.
1272 3398 1348 3452 Ea
1394 3412 1529 3452 vero
1580 3398 1741 3466 longe
1805 3404 1994 3451 nostra

419 3496 654 3552 inferior
690 3504 794 3548 est.
826 3491 998 3548 Nolim
1025 3501 1204 3546 autem
1239 3507 1324 3545 me
1357 3491 1640 3560 quisquam
1674 3491 1996 3546 temeritatis

440 3591 685 3652 damnet,
713 3585 794 3640 vel
825 3582 1169 3654 arrogantiae.
1213 3582 1326 3637 Non
1351 3583 1495 3638 enim
1545 3584 1810 3651 meipsum
1869 3596 1992 3636 cum

424 3681 591 3744 Mose,
618 3680 710 3750 qui
740 3680 912 3733 Deum
973 3676 1244 3745 adspexit,
1307 3690 1615 3744 comparo:
1677 3676 1798 3744 (cur
1855 3675 1994 3728 istuc

427 3771 706 3829 facerem?
748 3771 891 3826 absit
923 3786 938 3824 :
967 3769 986 3841 )
1019 3771 1113 3824 sed
1151 3769 1472 3838 simpliciter
1507 3769 1652 3837 ipsas
1679 3768 1991 3823 cathedras.

423 3866 926 3922 Eteonsideremus
954 3861 1402 3941 rem-subtilius,
1436 3863 1479 3914 si
1533 3861 1734 3931 placet.
1785 3859 1994 3929 Quippe

423 3957 640 4012 tametsi
672 3955 937 4010 divinitus
966 3955 1182 4024 utrique
1236 3953 1494 4008 traditum
1556 3954 1629 4007 sit
1680 3953 1989 4022 imperimn,

423 4046 554 4101 mihi
586 4047 732 4109 dico,
767 4054 818 4100 et
849 4044 982 4098 Mosi
1013 4060 1029 4100 :
1063 4045 1212 4114 (nam
1244 4052 1296 4098 et
1353 4044 1441 4098 ille
1493 4043 1599 4096 dux
1659 4042 1784 4105 fuit,
1828 4052 1991 4111 atque

419 4136 634 4190 doctor.
667 4133 735 4188 At
767 4134 916 4186 istaec
934 4133 1160 4188 omnino
1190 4135 1517 4202 proveniunt
1549 4147 1578 4185 a
1635 4132 1765 4194 Deo,
1818 4149 1993 4200 quan-

420 4224 710 4293 doquidem
736 4221 803 4276 ab
825 4221 918 4277 illo
948 4229 1188 4290 potestas
1216 4222 1414 4285 omnis,
1437 4222 1732 4274 secundum
1757 4221 1990 4287 Apostoo

414 4319 531 4372 tum
548 4317 589 4386 :)
611 4330 836 4383 regnum
861 4324 1042 4368 tamen
1073 4313 1228 4368 ducis
1261 4313 1488 4380 imperio
1510 4312 1852 4380 prmstantius
1880 4321 1986 4376 est,

415 4417 473 4462 et
491 4407 660 4475 hujus
695 4404 955 4474 temporis
982 4403 1243 4456 doctrinze
1266 4401 1464 4469 priscis
1487 4402 1596 4455 illis
1652 4402 1810 4470 longe
1859 4409 1987 4456 Sunt

2098 3218 2321 3285 ἄπαγε),
2341 3220 2439 3282 τὰς
2461 3221 2516 3272 δὲ
2539 3221 2806 3291 καθέδρας
2828 3223 3034 3288 ἁπλῶς.
3061 3227 3171 3278 Καὶ
3198 3227 3493 3297 σκοπῶμεν
3515 3230 3673 3299 ἀκρι·

2096 3309 2372 3380 σέστερον,
2407 3311 2454 3363 εί
2485 3311 2650 3365 δοκεῖ.
2683 3315 2744 3366 Et
2778 3314 2886 3384 γὰρ
2917 3315 3010 3367 καὶ
3037 3316 3218 3369 θεόθεν
3242 3319 3574 3387 ἀμφοτέροις
3600 3321 3669 3371 τὰ

2095 3399 2196 3469 τῆς
2231 3402 2426 3471 ἀρχῆς,
2482 3403 2605 3472 ἐμοί
2638 3420 2698 3456 τε
2732 3404 2874 3473 λέγω
2909 3407 3001 3459 καὶ
3050 3408 3129 3475 τῷ
3180 3408 3342 3478 arma
3391 3409 3505 3480 (καὶ
3553 3411 3664 3478 γὰρ

2095 3494 2347 3556 κάκεῖνος
2381 3493 2608 3563 ἡγεμὼν
2643 3495 2735 3547 καὶ
2780 3496 3132 3562 διδάσκαλος⁶
3165 3499 3322 3552 ταυτὶ
3362 3501 3414 3552 δὲ
3446 3502 3661 3563 πάντως

2095 3585 2158 3636 ἐκ
2189 3585 2281 3636 τοῦ
2312 3585 2467 3651 Θεοῦ,
2502 3587 2624 3640 ἐπεὶ
2650 3587 2742 3638 καὶ
2768 3589 2916 3639 πᾶσα
2947 3589 3186 3653 ἐξουσία,
3219 3590 3355 3642 κατὰ
3377 3592 3468 3642 τὸν
3500 3591 3662 3644 ’Λπό-

2097 3675 2307 3743 στολον)
2329 3691 2344 3706 °
2377 3676 2494 3728 ἀλλ’
2525 3679 2556 3745 ὴ
2590 3677 2839 3747 βασιλεία
2873 3680 3116 3746 ἀμείνων
3144 3682 3463 3750 ἡγεμονίας,
3501 3683 3562 3736 αῐ
3605 3701 3664 3736 τε

2093 3765 2210 3816 νυνὶ
2232 3765 2445 3834 διδαχαὶ
2473 3767 2582 3816 τῶν
2613 3767 2958 3835 παλαιτέρων
2989 3771 3170 3840 πολλῷ
3199 3771 3546 3843 τελεώτεραι,
3571 3775 3664 3827 ἅτε
3770 3807 3784 3822 μ

2094 3854 2159 3925 δὴ
2189 3854 2291 3924 τῆς
2331 3855 2458 3918 νέας
2487 3855 2761 3926 Διαθήκης
2797 3858 2888 3926 ἐξη
2902 3859 3189 3928 ρτημέναι,
3222 3863 3321 3931 τῆς
3349 3863 3666 3934 τελειούσης

2093 3945 2184 3999 τὸν
2216 3947 2404 4016 νόμον.
2443 3947 2600 3998 Ὥστε
2630 3947 2690 3998 τὸ
2722 3947 2854 4013 πρὸς
2880 3949 2936 4000 σέ
2968 3967 3069 4017 μου
3102 3950 3290 4021 σχῆμα
3316 3953 3492 4023 πολλῷ
3527 3972 3661 4022 προ-

2093 4038 2205 4106 έχει
2232 4037 2294 4089 ού
2331 4037 2490 4106 μόνον
2515 4039 2608 4090 τοῦ
2634 4039 2744 4091 τῶν
2783 4041 2974 4110 ἱερέων
3015 4043 3111 4094 καὶ
3149 4045 3486 4112 Φαρισαίων,
3523 4047 3658 4116 πρὸς

2092 4130 2182 4181 τὸν
2207 4129 2315 4181 τῶν
2356 4130 2631 4183 Ἰουδαίων
2675 4132 2820 4192 ὶῖαδν,
2850 4132 2986 4186 ἀλλὰ
3027 4136 3123 4186 καὶ
3162 4135 3261 4203 τῆς
3292 4135 3384 4190 τοῦ
3419 4138 3660 4202 Μωτέως

2093 4221 2368 4293 ὑπεροχῆς
2419 4223 2518 4290 τῆς
2565 4224 2702 4292 πρὸς
2731 4224 2975 4283 ἐκείνους
3024 4227 3291 4289 ἅπαντας.
3343 4228 3406 4281 El
3459 4229 3515 4280 δέ
3562 4231 3659 4283 καὶ

2092 4312 2378 4380 προφήτης
2405 4308 2474 4381 ἦν
2493 4315 2520 4364 ὁ
2548 4313 2772 4380 Μωσῆς,
2805 4315 2964 4383 ἡμεῖς
2984 4315 3029 4368 δ’
3057 4318 3115 4366 ἐν
3139 4316 3330 4386 πλήθει
3359 4336 3661 4388 παραπτω-

2095 4401 2281 4472 μάτων
2301 4417 2314 4432 ⁸
2339 4402 2456 4456 ἀλλ’
2485 4404 2516 4473 ἡ
2551 4403 2827 4473 πατρότης
2861 4405 3210 4475 βεϐαιότερόν
3239 4425 3290 4460 τι
3322 4409 3512 4480 χρῆμα
3546 4412 3660 4473 τοῖς

413 4500 799 4569 perfectiores,
825 4497 904 4549 uti
937 4510 1058 4564 qua:
1085 4493 1318 4562 pendent
1343 4509 1371 4547 a
1400 4508 1541 4547 novo
1583 4493 1807 4555 laedere,
1840 4494 1983 4561 quod

2100 4492 2514 4564 κεκτημένοιςῆ
2554 4496 2613 4546 τὸ
2666 4497 3035 4566 προφητεύειν
3087 4500 3202 4558 τοῖς
3248 4499 3452 4568 ἔχουσι,
3490 4499 3660 4554 Τοῦτο

412 4592 587 4662 trgum
605 4590 839 4660 perlicit.
862 4586 1046 4655 anue
1066 4597 1287 4656 propter
1306 4585 1358 4639 in
1381 4595 1432 4639 te
1449 4584 1580 4638 mihi
1601 4599 1718 4652 qua:
1740 4585 1984 4638 auctori-

414 4694 504 4737 tas
524 4691 629 4748 est,
641 4695 755 4735 non
777 4679 957 4734 solum
985 4677 1372 4732 auctoritatem
1392 4677 1738 4730 sacerdotum
1759 4691 1822 4731 ac
1847 4677 1987 4731 Pha-

417 4777 702 4828 risnorum
745 4786 871 4842 erga
918 4769 1170 4840 populum
1202 4766 1485 4824 Judaicum
1515 4777 1762 4836 superat,
1794 4769 1982 4822 verum

417 4862 591 4932 Ipsius
615 4865 780 4918 etiam
799 4862 965 4916 Mosi;
985 4876 1111 4931 erga
1143 4860 1263 4914 illos
1293 4859 1578 4914 universos
1607 4859 1981 4914 eminentiam.

413 4954 568 5019 Quod
593 4954 638 5006 si
661 4954 895 5007 maxime
916 4953 1184 5015 dicamus,
1209 4950 1410 5005 Mosent
1441 4950 1609 5005 fuisse
1635 4951 1983 5019 prophetam,

419 5059 518 5099 nos
546 5060 678 5098 vero
715 5044 1058 5098 multitudine
1076 5043 1395 5097 delictorum
1418 5042 1624 5096 obsitos
1650 5055 1664 5094 ε
1691 5049 1866 5106 tamen
1891 5057 1984 5107 pa-

414 5136 646 5192 ternitas
666 5133 868 5190 certius
886 5134 1140 5202 quiddam
1161 5143 1242 5187 cst
1262 5134 1328 5188 iis
1346 5132 1440 5201 qui
1460 5141 1583 5186 sunt
1597 5141 1798 5199 patres,
1817 5146 1980 5199 quam

415 5225 742 5282 vaticinandi
763 5225 964 5277 donum
990 5225 1117 5285 illis,
1136 5223 1225 5291 qui
1251 5239 1315 5277 eo
1334 5232 1460 5277 sunt
1480 5223 1710 5290 praediti.
1732 5221 1860 5274 Nam
1882 5222 1982 5274 hoc

408 5319 631 5390 quidem
662 5333 690 5370 a
717 5315 905 5370 multis
939 5315 1087 5368 velut
1120 5315 1375 5372 avolavit.
1435 5314 1522 5368 illa
1563 5329 1699 5368 vero.
1725 5313 1838 5366 fieri
1889 5329 1983 5368 ne-

408 5411 529 5481 quit
561 5407 1034 5475 utexstinguatur,
1070 5406 1298 5473 ideoque
1326 5404 1524 5471 Moses,
1549 5405 1624 5458 uti
1657 5407 1747 5473 qui
1783 5421 1890 5459 non
1911 5404 1978 5459 ad

412 5503 556 5556 lilios
588 5500 908 5562 dissereret,
939 5496 1272 5566 persuadere
1308 5496 1442 5549 nihil
1480 5497 1678 5564 potuit.
1708 5511 1829 5550 cum
1855 5499 1978 5565 qni-

408 5593 531 5651 dem
566 5602 619 5646 et
650 5591 1064 5651 vaticinaretur,
1093 5596 1145 5640 et
1179 5588 1422 5656 prodigia
1467 5590 1710 5654 qmedam
1751 5588 1972 5642 faceret.

402 5685 626 5752 Mersa
657 5694 844 5752 patres
893 5679 1260 5733 inobedientia
1299 5679 1568 5746 reperitur
1595 5681 1680 5733 illa
1733 5681 1975 5749 quidem.

410 5776 505 5842 sed
529 5775 730 5840 rarius,
765 5784 818 5832 ct
849 5774 902 5830 in
933 5772 1241 5829 hominibus
1276 5771 1523 5840 famosis,
1557 5788 1659 5826 non
1691 5775 1782 5842 qui
1828 5789 1976 5829 incn-

2090 4584 2197 4653 γὰρ
2231 4585 2443 4636 πολλῶν
2491 4586 2733 4656 ἁπέπτη,
2771 4589 2985 4656 ἐκείνην
3025 4589 3082 4642 δὲ
3115 4591 3212 4659 οὐχ
3257 4585 3369 4643 οἷόν
3394 4608 3454 4642 τε
3493 4608 3660 4660 μετα-

2089 4679 2460 4732 πεπτωκέναι.
2518 4678 2615 4732 Διὰ
2667 4679 2730 4748 δὴ
2777 4679 2971 4746 ταῦτα,
3025 4681 3101 4742 ὡς
3137 4682 3210 4751 μὴ
3250 4681 3388 4749 πρὸς
3437 4683 3590 4744 υἱέας
3629 4684 3659 4734 ὀ

2088 4771 2296 4839 Μωσῆς
2325 4771 2730 4839 διαλεγόμενος,
2768 4771 2920 4825 οὗδέν
2951 4772 3158 4838 ἔπειθε,
3201 4774 3293 4826 καὶ
3322 4771 3493 4826 ταῦτα
3524 4788 3660 4843 προ-

2087 4861 2338 4932 φητεύων
2370 4864 2466 4916 καὶ¹
2512 4863 2976 4932 θαυματουργῶν.
3031 4863 3280 4934 Πατράσι
3313 4863 3368 4916 δὲ
3411 4862 3657 4916 ἀπειθεῖν

2085 4953 2163 5006 ἔνι
2199 4953 2321 5024 μὲν,
2356 4956 2583 5008 σπάνιον
2609 4955 2688 5016 δὲ,
2718 4955 2814 5006 καὶ
2852 4954 3201 5024 βεϐοημένων
3233 4953 3559 5023 ἀνθρώπων,
3592 4953 3655 5006 οὐ

2084 5044 2212 5098 νοῦν
2245 5045 2339 5098 καὶ
2369 5046 2607 5115 τρόπους
2632 5046 2876 5114 ἀγαθοὺς
2907 5045 3284 5114 κεκτημένων.
3332 5045 3492 5098 Ἀλλὰ
3519 5061 3655 5098 ταυ-

2082 5141 2204 5207 τηνὶ
2236 5139 2336 5208 τὴν
2385 5139 2687 5210 ύπεροχὴνζ
2706 5139 2803 5192 καὶ
2849 5139 2944 5192 τὸν
2993 5138 3184 5208 θρόνον
3227 5136 3383 5192 οῐσθα
3439 5138 3558 5208 μέν,
3591 5137 3656 5191 εὖ

2082 5225 2220 5291 οἶδα,
2267 5229 2468 5292 καλῶς.
2505 5231 2789 5300 Νουνεχής
2829 5247 2888 5282 τε
2930 5231 3039 5300 γὰρ
3086 5230 3253 5299 ἀνὴρ,
3291 5230 3383 5283 καὶ
3416 5230 3522 5282 ἀπὸ
3556 5232 3656 5299 τῆς

2082 5319 2368 5380 εὐλαϐείας
2392 5321 2483 5372 καὶ
2520 5324 2753 5390 στοργῆς
2788 5321 2887 5388 τῆς
2925 5322 3062 5390 πρὸς
3093 5325 3218 5383 τοὺς
3251 5323 3656 5392 γεγεννηκότας

2080 5412 2246 5480 ἡμᾶς,
2286 5411 2606 5477 λογίσασθαί
2635 5429 2695 5465 σε
2728 5413 2787 5465 τὸ
2819 5413 2990 5476 εξκδς,
3025 5414 3250 5483 εὐχερές
3276 5417 3444 5479 ἐστιν,
3472 5412 3653 5484 οῐμαι.

2091 5503 2403 5572 ’Δμήχανον
2428 5503 2471 5556 δ’
2500 5503 2591 5556 οὖν
2625 5504 2871 5574 ἀκριϐῶς
2901 5505 3122 5568 εἰδέναι,
3157 5506 3280 5557 ὅσον
3312 5507 3344 5576 ἡ
3376 5508 3656 5577 πατρὸτης

2077 5595 2224 5647 ἐστὶν
2255 5597 2419 5660 υἱέσι,
2466 5596 2557 5648 τὸν
2603 5597 2828 5666 μηδέπω
2858 5597 3120 5665 γεγονότα
3155 5597 3388 5665 πατέρα.
3423 5596 3512 5665 Τῷ
3541 5597 3654 5666 γὰρ

2076 5685 2183 5738 τῶν
2220 5687 2564 5756 πραγμάτων
2598 5687 2893 5756 γεγεῦσθαι
2926 5689 3135 5758 βέλτιον
3173 5687 3358 5741 ἐκεῖνα
3384 5689 3648 5755 γινώσκος

2081 5783 2180 5846 μέν
2213 5780 2243 5849 ἢ
2269 5779 2346 5848 τῷ
2381 5781 2666 5851 λογισμοῖς
2699 5780 2996 5847 ἐξετάζειν.
3041 5779 3169 5850 Δοίη
3200 5796 3280 5834 σοι
3311 5778 3365 5833 δέ
3397 5778 3527 5842 Θεὸς
3555 5779 3650 5831 καὶ
