4098 6272
456 333 556 396 Mil
1604 330 1896 391 ORATIO
1936 329 2038 390 AD
2081 323 2477 389 SUBDITOS.
3117 386 3123 390 ,
3601 305 3709 380 5ὓῖ

457 445 642 507 αὐτοῖς
675 445 787 506 τοῖς
825 442 1148 512 πράγμασιν
1193 441 1268 504 ὼς
1327 440 1555 508 τάχιστα
1601 440 1926 506 ιπιγνῶναι,
1972 437 2026 491 τί
2057 444 2087 500 Α

2159 435 2477 502 ebonisque
2502 431 2747 486 moribus
2787 428 2998 501 praediti
3043 437 3189 486 sunt.
3258 424 3360 480 Sed
3416 425 3564 480 enim
3617 435 3701 477 stt

459 553 594 588 ποτε
625 535 808 604 πατὴρ
823 536 939 587 εστι
970 534 1106 603 πρὸς
1120 533 1247 596 τοὺς
1265 532 1464 594 παῖδας
1485 547 1498 562 ⁶
1515 531 1543 584 ὃ
1563 532 1657 584 καὶ
1675 529 1912 593 ἐλπίζω,
1937 529 2036 582 καὶ

2159 529 2276 591 icio,
2311 527 2449 580 bene
2475 523 2568 578 tibi
2605 532 2789 576 notam
2817 535 2940 574 esse
2966 518 3232 572 rationem
3266 513 3431 583 hujus
3460 512 3706 566 eminen-

459 627 712 698 εὔχομαι,
756 599 857 680 καὶ
882 599 1245 689 ταῖςτὲλπίσιν
1285 622 1803 697 εὐφραίνομαιηκαὶ
1831 621 1927 675 σοῦ
1969 637 2036 689 γε

2159 619 2232 673 .ia:
2258 627 2417 685 atque
2441 615 2645 670 throni.
2707 611 2917 681 Quippe
2967 610 3050 662 vir
3109 607 3350 677 prudens
3400 619 3482 668 es,
3531 599 3707 670 deque

461 718 782 789 μᾶλλον,ὡς
815 712 992 788 οἶμαι.
1030 716 1128 779 Δὸς
1163 717 1227 785 δὴ
1256 717 1485 779 πάντας,
1509 709 1556 769 ὧ
1589 715 1835 785 φίλτατε,
1862 712 2042 766 εὐδαί-

2159 710 2342 765 iietate
2364 721 2427 762 ac
2461 720 2646 760 amore
2679 714 2772 758 tuo
2795 719 2923 772 erga
2979 715 3103 763 nos,
3149 701 3240 769 qui
3283 709 3332 752 te
3389 698 3706 766 genuimus.

459 781 600 880 μονά
619 827 686 880 με
714 781 978 879 νομίζειν,
1007 808 1196 880 ῶσπερ
1213 781 1296 878 τῷ
1313 807 1571 876 καλδνζφῦ
1580 781 1668 861 σαι
1695 807 1790 859 καὶ
1810 805 2040 873 ἀγαθὸν,

2159 799 2302 855 'acile
2333 807 2386 851 te
2415 795 2556 867 quod
2586 809 2798 864 mquuut
2835 800 2938 855 est,
2962 790 3232 845 mstituare
3283 785 3538 840 arbitror.
3563 781 3706 836 Fieri

459 901 602 954 οῦτω
646 901 702 953 δὲ
743 903 838 954 καὶ
868 901 946 969 τῷ
986 900 1303 964 παιδεῦσαι,
1343 902 1438 952 καὶ
1489 898 1729 953 τοιοῦτον
1762 897 2043 966 ἀποφῆναι

2159 903 2328 944 tamen
2358 887 2566 956 nequit,
2599 885 2675 939 uti
2724 892 2924 949 quanta
2979 896 3064 935 res
3097 881 3169 934 sit
3230 878 3529 947 paternilas
3581 887 3708 939 erro

461 989 696 1058 βασιλέα
729 990 820 1043 τὸν
843 990 983 1054 υῖὺν,
1008 984 1118 1043 οἷον
1147 991 1214 1044 ἂν
1246 990 1297 1045 οῖ
1325 992 1596 1061 νουνεχεῖς
1624 989 1734 1044 τῶν
1761 989 1853 1042 ὑπ’
1882 987 2044 1042 αὐτιν

2159 983 2374 1047 liberos,
2403 992 2655 1034 accurate
2688 977 2852 1039 norit.
2872 976 2960 1043 qui
2993 974 3222 1027 necdum
3247 970 3419 1023 factus
3438 975 3711 1034 estpater.

463 1079 744 1145 εὔξαιντο.
1486 1058 1516 1061 ﬂ
2072 1133 2074 1136 ,
2148 1071 2279 1126 Nam
2300 1071 2366 1125 de
2389 1084 2569 1124 rerum
2593 1075 2753 1139 gustu
2789 1065 2992 1120 rectius
3015 1077 3107 1115 eas
3126 1058 3531 1128 cognoscimus,
3552 1067 3711 1121 quam

464 1169 810 1241 iudagatione
833 1169 1252 1240 cogitationum.
1287 1170 1517 1225 Triltuat
1541 1179 1725 1223 autem
1764 1166 1859 1221 tibi
1887 1165 2028 1220 Deus
2070 1171 2129 1218 ut
2158 1176 2276 1231 tpsa
2307 1176 2367 1216 re
2398 1159 2799 1230 quamprimum
2866 1153 3157 1220 intelligas,
3210 1147 3344 1218 quid
3407 1146 3481 1241 sit
3575 1155 3704 1241 erg-a

465 1233 663 1320 liberos
683 1281 812 1320 esse
842 1233 1050 1334 putrem
1082 1282 1096 1320 :
1125 1265 1269 1335 quod
1321 1274 1376 1319 et
1419 1264 1661 1317 futurum
1712 1275 1897 1330 spero,
1957 1267 2008 1313 et
2041 1265 2193 1326 epto,
2256 1263 2315 1309 et
2381 1254 2496 1323 ipsa
2551 1252 2617 1307 de
2651 1264 2748 1320 spe
2767 1249 3126 1317 voluptatem,
3154 1241 3414 1335 majorem
3444 1237 3526 1306 (ut
3585 1233 3703 1335 opi-

466 1370 585 1430 nor)
619 1376 780 1430 quam
833 1371 911 1424 tu,
977 1362 1238 1432 percipio.
1294 1358 1423 1426 Fac,
1469 1328 1796 1414 charissime
1822 1355 1921 1420 fili,
1973 1360 2034 1408 ut
2066 1366 2258 1408 omnes
2280 1364 2364 1406 me
2389 1350 2609 1405 beatum
2673 1345 3008 1407 existiment,
3047 1354 3168 1400 cum
3224 1334 3370 1406 quod
3438 1328 3715 1401 egregium

468 1468 518 1511 te
545 1459 973 1528 procreaverim,
1021 1467 1136 1512 tum
1162 1459 1352 1523 etiam,
1382 1457 1526 1526 quod
1594 1452 1970 1518 educaverim,
2037 1449 2319 1521 liliumque
2363 1447 2524 1503 talem
2575 1445 2961 1514 imperatorem
3026 1434 3272 1500 fecerim,
3322 1430 3538 1502 qualern
3589 1437 3712 1480 cor-

467 1552 577 1605 dati
610 1551 816 1606 subditi
862 1551 1190 1621 Optaveriut.

1465 1748 2988 1775 M________.._’
2640 1732 3692 1772 ’.ψ’-’ΜΝ

1229 1945 1369 2032 ΩΣ
1431 1935 1577 2030 ΕΞ
1655 1933 2262 2028 ΕΥΜΕΝΟΥΣ
2319 1929 2910 2018 ΑΡΧΟΝΤΟΣ

1347 2121 1524 2176 ΠΡΟΣ
1561 2119 1835 2175 ΕΥΝΟΥΣ
1858 2113 2238 2172 ΥΠΗΚΟΟΥΣ
2267 2111 2449 2170 ΤΟΥΣ
2483 2111 2568 2165 EN
2611 2111 2834 2169 ΛΚΜΙΙ.

1169 2453 1626 2547 ORATIO
1751 2449 2306 2543 PBOPITII
2412 2451 3030 2541 PRINCIPIS

949 2652 1052 2713 AD
1099 2648 1576 2714 BENEVOLOS
1616 2644 2001 2710 SUBDITOS
2038 2642 2178 2719 QUI
2225 2643 2534 2707 IETATIS
2560 2646 2634 2704 1N
2703 2644 2968 2706 FLORE
3015 2643 3237 2704 SUNT.

544 2978 622 3033 1a
652 2977 780 3044 ὑμῖν
830 2975 1074 3025 συνοῖσον
1121 2970 1422 3040 εὐχόμενός
1472 2987 1532 3025 τε
1588 2970 1878 3038 διατελῶν,
1941 2973 2087 3034 καὶ]

2215 2968 2316 3037 Qui
2369 2985 2583 3042 semper
2615 2984 2644 3024 c
2674 2980 2859 3026 vestro
2904 2970 3046 3037 quod
3086 2969 3370 3023 commodo
3411 2971 3500 3036 sit,
3531 2981 3730 3040 optare

475 3072 659 3141 ζητῶν
714 3067 885 3122 ἅπασι
946 3064 1195 3133 τρόποις,
1249 3064 1362 3114 δεῖν
1417 3061 1606 3133 ᾠήθην
1656 3063 1745 3116 διὰ
1802 3065 2051 3136 βραχέων

479 3165 674 3231 ὥσπερ
704 3177 755 3212 τι
791 3159 965 3227 δῶρον
991 3156 1227 3209 ταυτασὶ
1272 3155 1376 3218 τὰς
1442 3155 1796 3224 παραινέσεις
1848 3161 2051 3217 εἰπεῖν.

492 3252 714 3319 Ἐπειδὴ
745 3249 934 3302 τοίνυν
973 3247 1166 3316 ῶσπερ
1201 3246 1492 3315 ἐμπέφυκε
1518 3248 1633 3308 τοῖς
1659 3247 1972 3318 ἀνθρώποις
1993 3252 2053 3305 τὸ

481 3345 574 3396 καὶ
601 3344 714 3403 τοῖς
752 3339 990 3407 θύραθεν
1025 3336 1324 3390 ἐπιδιδόναι
1355 3337 1560 3406 ζητεῖν*
1593 3338 1691 3401 τὰς
1733 3339 1884 3392 ἔνδον
1931 3341 2053 3394 ἑπι-

481 3437 660 3496 δόσεις
692 3429 974 3502 προῦργου
1002 3427 1252 3481 τίθεσθαι
1279 3413 1411 3499 χρή.
1438 3428 1683 3492 Ταύταις
1715 3431 1824 3499 γὰρ
1846 3433 2054 3486 ἐκεῖναι

484 3527 849 3594 παρίπονται.
887 3521 951 3573 Εί
989 3519 1114 3588 γοῦν
1154 3518 1360 3585 ἀγαθός
1391 3536 1476 3582 τις
1507 3515 1579 3588 εί,
1611 3522 1706 3573 καὶ
1758 3521 2056 3592 παρελθεῖν

485 3619 692 3678 ἐθέλεις
724 3616 851 3675 τοὺς
888 3613 1082 3682 ἥλικας
1123 3611 1184 3664 ἐν
1210 3629 1271 3666 τε
1319 3612 1613 3681 δημοσίαις
1651 3616 1865 3682 τιμαῖς,
1902 3613 1963 3667 εν
1995 3629 2056 3665 τε

487 3709 676 3770 πᾶσιν,
707 3703 788 3765 οἷς
819 3704 1059 3774 ζηλωτὸς
1094 3703 1161 3758 ἂν
1183 3704 1366 3771 γένοιο
1397 3718 1412 3734 ·
1457 3703 1656 3773 θήρευε
1689 3705 1858 3757 ταῦτα
1887 3721 2058 3757 σπου-

485 3795 652 3856 δαίοις
690 3793 898 3864 ἔργοις,
923 3795 982 3845 ὲν
1017 3792 1191 3845 ἅπασι
1212 3791 1471 3861 παρέχων
1506 3791 1708 3844 σαυτὸν
1758 3793 1857 3861 ούχ
1889 3787 2055 3861 ἦττον

485 3889 772 3958 πρόθυμον
799 3886 832 3955 ἦ
859 3885 1071 3938 πιστόν.
1099 3883 1270 3951 Φεῦγε
1317 3885 1419 3954 μὲν
1452 3883 1711 3947 νωθείαν,
1743 3885 1839 3938 καὶ
1889 3884 2062 3955 ῥαθυ-

491 3981 644 4050 μίαν,
677 3977 771 4032 καὶ
797 3977 859 4029 τὸ
884 3975 1170 4030 καθεύδειν
1216 3975 1410 4038 ὕπτιος
1450 3976 1542 4029 ἰπὶ
1593 3974 1855 4044 μαλακῶν
1882 3992 2061 4045 στρωο

485 4070 697 4140 μάτων,
733 4067 906 4120 θέλων
940 4065 1306 4134 εὐδαιμονεῖν.
1333 4064 1410 4117 Oti
1439 4066 1548 4135 γὰρ
1579 4065 1751 4129 εστιν,
1775 4067 1876 4120 οὐκ
1910 4067 2063 4119 ἐστιν

487 4158 547 4215 εὖ
600 4160 868 4226 πράττειν
928 4156 1219 4226 ἄνθρωπον
1275 4156 1647 4227 ῥᾳθυμοῦντα,
1715 4157 1810 4210 καὶ
1851 4157 2059 4211 ἀναπε-

490 4249 774 4314 πτωκότα,
803 4248 900 4300 καὶ
930 4246 1327 4315 θρυπτόμενον.
1360 4246 1532 4299 Δίωκε
1559 4247 1615 4300 δὲ
1639 4248 1842 4310 ἐκεῖνα,
1863 4247 1900 4302 ἃ
1928 4248 2059 4301 πολ-

488 4339 614 4402 λοὺς
640 4341 704 4393 εκ
740 4336 954 4406 φαύλης
986 4335 1158 4405 τύχης
1181 4329 1323 4388 οἶδεν
1351 4337 1576 4404 ἀνάγειν
1628 4339 1723 4391 ιπι
1769 4337 2055 4408 λαμπράν.

488 4430 655 4486 Μίσει
689 4431 786 4483 καὶ
817 4428 878 4482 τὺ
902 4427 1080 4481 θέλειν
1103 4426 1303 4482 ἐσθίειν
1327 4428 1498 4496 ἀργός
1527 4445 1594 4496 γε
1647 4418 1744 4494 ὧν,
1775 4429 1933 4492 είδὼς
1981 4429 2060 4493 ῶς

489 4524 650 4591 ῐργον
678 4520 837 4574 τοῦτο
869 4522 1158 4589 κηφήνων,
1179 4520 1274 4582 οὓς
1301 4519 1401 4588 οὐχ
1423 4521 1574 4581 ὅπως
1598 4514 1657 4573 εὖ
1682 4522 1882 4586 ποιεῖν,
1917 4519 2062 4574 ἀλλὰ

489 4615 583 4668 καὶ
610 4613 846 4667 κτείνειν
875 4611 1095 4680 φύσεως
1124 4610 1291 4679 νόμος
1328 4614 1440 4673 τοῖς
1467 4611 1578 4664 τῶν
1607 4610 1887 4681 μελισσῶν
1919 4611 2060 4683 api}-

489 4719 654 4758 νεσιν.
691 4701 903 4756 Οὔκουν
933 4716 997 4768 γε
1012 4699 1316 4768 λαμϐάνειν
1331 4701 1597 4771 ἁρμόττει
1625 4703 1740 4765 τοῖς
1763 4703 1918 4772 παρὰ
1938 4703 2063 4770 σφί-

493 4813 582 4872 σιν
613 4795 799 4855 αὐτοῖς
833 4792 942 4846 alet
970 4791 1072 4854 τὰς
1113 4793 1307 4861 χεῖρας
1365 4792 1682 4864 κατέχουσι.
1724 4794 1900 4847 Τοῦτο
1949 4796 2063 4865 γὰρ

490 4883 899 4953 λελωϐημένοις
931 4881 1250 4952 ἀνθρώποις
1314 4883 1411 4936 καὶ
1459 4883 1814 4953 παρειμένοις
1847 4887 2064 4956 προσή-

490 4995 610 5032 κειν
634 4975 842 5030 Ξοικεν·
869 4969 953 5037 οἷς
990 4974 1047 5027 δὲ
1081 4973 1176 5028 καὶ
1207 4975 1366 5044 ῥώμη
1404 4973 1679 5043 σώματος,
1719 4976 1819 5028 καὶ
1845 4976 2060 5044 νεότης.

492 5069 587 5122 καὶ
621 5067 824 5136 ὑγίεια,
882 5066 977 5120 καὶ
1027 5065 1091 5119 τὺ
1137 5064 1326 5130 ἀξιοῦν
1375 5064 1613 5119 κτᾶσθαι
1666 5065 1907 5135 μεγάλα,
1965 5067 2064 5120 καὶ

494 5161 676 5213 σοϐεῖν
705 5157 1258 5230 παραπεμπομένους
1293 5158 1401 5210 ὑπὸ
1451 5156 1684 5222 πολλῶν,
1730 5158 1953 5222 τούτους
2005 5159 2065 5213 δὶ

493 5251 782 5319 γενναίους
811 5249 1015 5318 ἄνδρας
1058 5249 1260 5312 αὐτοὺς
1315 5248 1591 5302 δεικνύναι
1648 5251 1791 5320 ὑπὲρ
1843 5252 2061 5318 γένους,

492 5342 634 5410 ὑπὲρ
663 5340 952 5411 πατρίδος,
999 5339 1138 5414 ὑπὲρ
1173 5340 1266 5393 τοῦ
1306 5339 1641 5410 κρατοῦντος
1679 5342 1871 5396 αὐτοῦ.
1903 5343 2063 5398 οὕτω

494 5451 557 5502 γε
581 5433 840 5503 δρῶντες,
868 5427 913 5487 ὦ
939 5432 1198 5501 φίλτατον
1223 5436 1348 5504 ἐμοὶ
1397 5436 1611 5505 χρῆμα,
1647 5434 1742 5488 τοῦ
1784 5434 2060 5504 ζητουμέ-

494 5541 589 5576 νου
640 5523 838 5593 ῥᾳδίως
894 5524 1178 5592 ἐπιτυχεῖς
1239 5523 1449 5588 ισεσθε,
1493 5523 1629 5576 Θεοῦ
1685 5525 2059 5594 συλλήπτορος

494 5614 797 5683 γεγονότος.
833 5613 952 5671 Κᾶν
1006 5613 1082 5686 μὴ
1133 5614 1304 5687 λάϐῃς
1359 5615 1545 5680 εὐθὺς.
1611 5617 1866 5687 αἰτήσας,
1930 5616 2056 5685 μήτ’

2154 3078 2261 3118 non
2289 3063 2496 3126 desino,
2526 3074 2576 3118 et
2604 3062 2857 3117 omnibus
2900 3061 3040 3114 idem
3093 3059 3267 3112 modis
3295 3075 3558 3130 qumrere,
3606 3078 3734 3129 υτοο

2153 3155 2404 3212 ferendas
2437 3155 2628 3224 paucis
2676 3153 3069 3208 admonitiones
3123 3151 3308 3211 hasce.
3341 3151 3620 3218 cujusdam
3648 3153 3732 3204 in-

2153 3255 2269 3301 star
2319 3245 2583 3311 muneris,
2615 3244 2828 3314 putavi.
2865 3243 2998 3296 Cum
3031 3257 3159 3312 ergo
3213 3242 3368 3312 quasi
3414 3243 3734 3298 mortalibus

2156 3335 2401 3393 innatum
2434 3339 2526 3402 sit,
2561 3347 2614 3392 ut
2664 3338 2831 3392 etiam
2862 3338 3124 3392 bonorum
3154 3347 3504 3391 externorum
3557 3338 3738 3391 inere-

2157 3443 2336 3486 menta
2364 3431 2707 3487 desiderent:
2738 3444 2844 3498 quo
2874 3439 3177 3500 augeantur
3206 3428 3438 3489 interna,
3467 3429 3733 3496 pra‘eipua

2155 3524 2330 3578 danda
2359 3530 2441 3576 est
2474 3536 2670 3590 opera;
2707 3535 2830 3574 nam
2868 3521 2984 3575 haec
3027 3520 3118 3572 illa
3152 3520 3502 3574 comitantur.
3547 3518 3735 3588 Itaque

2155 3617 2208 3671 si
2234 3617 2406 3672 bonus
2435 3617 2604 3678 es,'et
2635 3615 2873 3684 aequales
2906 3627 3164 3679 superare
3229 3611 3409 3682 cupis,
3466 3625 3586 3664 cum
3635 3627 3736 3678 ρο.

2156 3707 2315 3761 blicis
2345 3707 2397 3758 in
2451 3704 2768 3767 honoribus,
2817 3712 2932 3755 tum
2960 3703 3010 3754 in
3046 3699 3317 3761 omnibus,
3353 3698 3550 3767 quibus
3591 3698 3732 3752 eﬂici

2156 3797 2378 3867 poterit.
2414 3805 2472 3848 ut
2508 3795 2692 3863 aliquo
2743 3794 2820 3847 sis
2856 3794 2906 3845 iu
2940 3793 3113 3859 pretio
3143 3789 3438 3845 :studiusis
3477 3790 3590 3844 haec
3642 3789 3730 3843 fa-

2159 3888 2227 3942 tis
2259 3885 2488 3948 enitere,
2511 3894 2668 3952 teque
2700 3898 2804 3938 non
2853 3882 3031 3938 minus
3063 3882 3318 3944 alacrem,
3367 3895 3531 3950 quam
3565 3879 3732 3935 liduut

2157 3977 2216 4033 in
2276 3975 2527 4030 omnibus
2569 3973 2760 4045 gerito.
2792 3973 2898 4028 Fac
2932 3973 3216 4043 segnitiem
3257 3972 3625 4044 desidiamque
3649 3973 3736 4024 fu-

2159 4067 2297 4137 gias,
2328 4073 2382 4119 et
2415 4063 2665 4118 mollibus
2698 4063 2749 4118 in
2780 4063 3038 4134 stragulis
3065 4064 3315 4134 supinam
3362 4064 3729 4127 cubationcm,

2159 4159 2204 4215 si
2239 4158 2550 4214 heatitatem
2600 4156 2824 4224 adipisci
2858 4157 3086 4226 cogitas.
3150 4155 3346 4226 Neqult
3379 4158 3524 4212 enim
3557 4165 3728 4220 certe,

2161 4246 2350 4322 nequit
2397 4250 2537 4314 fieri,
2564 4249 2818 4305 secundis
2849 4258 2908 4303 ut
2943 4249 3104 4304 rebus
3137 4257 3318 4303 utatur
3346 4247 3508 4304 homo
3537 4247 3739 4302 desidis

2161 4344 2386 4414 ingenii,
2441 4342 2692 4410 supinus,
2728 4341 2959 4396 delicate
3005 4341 3212 4395 vivens.
3255 4339 3348 4394 Illa
3383 4355 3510 4394 vero
3557 4354 3740 4407 prosu-

2159 4451 2348 4506 quere,
2382 4450 2502 4505 quae
2525 4435 2590 4490 de
2621 4433 2835 4489 fortuna
2869 4433 3016 4490 tenui
3067 4433 3265 4495 multos
3299 4433 3367 4488 ad
3403 4432 3736 4504 splendidam

2161 4527 2458 4598 perducere
2508 4526 2708 4582 solent.
2746 4526 2830 4580 Sit
2860 4527 3022 4582 etiam
3058 4527 3183 4581 odio
3229 4525 3352 4593 tibi,
3407 4523 3736 4578 manducare

2162 4620 2442 4682 otiosum;
2479 4618 2626 4692 quod
2679 4619 2856 4688 ipsum
2914 4630 3047 4672 sane
3096 4617 3348 4672 fucorum
3403 4631 3523 4671 esse
3561 4615 3731 4681 noris,

2161 4728 2300 4786 quos
2327 4729 2433 4768 non
2472 4711 2692 4768 afﬁcere
2744 4711 3056 4776 beneﬁciis,
3093 4710 3187 4773 sed
3246 4709 3518 4775 occidere,
3567 4711 3732 4764 duetu

2165 4814 2372 4856 natura:
2402 4801 2662 4871 quodam.
2691 4815 2851 4870 apum
2891 4799 3143 4859 examina
3166 4810 3591 4854 consueverunt.
3631 4799 3738 4851 Ac-

2163 4897 2343 4960 cipere
2371 4891 2590 4962 quidem
2647 4901 2797 4946 certe
2831 4904 2938 4945 non
2986 4899 3070 4944 est
3101 4905 3198 4960 par
3227 4890 3366 4950 illos.
3406 4891 3496 4960 qui
3546 4903 3739 4943 manus

2162 4979 2216 5036 in
2243 4980 2368 5039 sinu
2425 4992 2642 5048 semper
2687 4978 2944 5034 retinent.
2985 4977 3098 5033 Hoc
3127 4967 3278 5034 "enim
3337 4979 3604 5033 mutilatis
3640 4979 3738 5030 lto-

2162 5072 2397 5126 minibus
2454 5081 2509 5126 et
2556 5068 2879 5124 effeminatis
2933 5070 3225 5126 convenire
3251 5070 3484 5124 videtur.
3513 5072 3580 5123 At
3610 5068 3733 5138 qui-

2164 5165 2264 5220 bus
2311 5173 2364 5218 et
2405 5163 2646 5230 corporis
2689 5161 2852 5216 robur
2892 5161 3066 5225 adest,
3094 5170 3148 5217 et
3187 5160 3440 5229 juvenilis
3497 5172 3629 5215 astas
3685 5169 3739 5213 et

2166 5253 2443 5316 valetudo,
2493 5261 2548 5306 et
2601 5266 2922 5321 magnorum
2953 5252 3468 5337 .aequirendorum,
3497 5263 3734 5315 eumque

2166 5343 2401 5412 plurium
2429 5343 2686 5397 comitatu
2723 5340 3003 5396 incedendi
3032 5341 3300 5412 cupiditas
3351 5357 3364 5394 :
3396 5353 3489 5394 eos
3531 5353 3626 5408 par
3653 5346 3738 5391 est

2162 5437 2392 5505 probare
2412 5448 2472 5488 se
2519 5435 2663 5488 viros
2694 5443 2948 5490 strenuos
2989 5444 3151 5502 atque
3183 5433 3370 5495 fortes,
3397 5444 3491 5497 pro
3518 5429 3735 5482 natione

2163 5541 2283 5589 sua,
2318 5541 2415 5595 pro
2439 5527 2631 5594 patria,
2673 5540 2769 5594 pro
2803 5526 2920 5594 ipso
2960 5526 3305 5594 imperatore.
3340 5521 3395 5576 Si
3428 5523 3528 5575 hoc
3564 5520 3733 5574 facie-

2168 5617 2257 5680 tis.
2283 5616 2585 5671 eharissimi
2616 5616 2840 5681 subditi,
2871 5615 3028 5670 facile
3078 5614 3188 5669 Deo
3207 5614 3429 5682 juvante
3453 5610 3558 5664 reti
3586 5623 3735 5663 com-

498 5707 838 5790 ᾲγανακτεῖν
873 5705 1242 5779 (μικρόψυχον
1272 5708 1425 5780 γὰρ),
1447 5708 1582 5782 μήτε
1617 5708 2054 5779 καθυφεῖναιτοῦ

2160 5719 2318 5783 potes
2355 5708 2529 5766 eritis.
2558 5706 2710 5778 Quod
2745 5707 2792 5766 si
2827 5721 2933 5764 non
2963 5705 3143 5764 statim
3172 5701 3446 5772 acceperis
3478 5701 3553 5769 id,
3584 5703 3736 5771 quod
