4098 6272
419 304 526 367 563

1587 304 1750 371 MAN
1766 304 2000 366 UELIS
2039 307 2479 370 PALIEOLOGI

3551 309 3658 372 566

409 416 614 486 petiisti
652 433 670 470 :
695 431 867 486 neque
900 432 1216 474 succensere
1263 417 1430 475 debes
1473 419 1599 490 (hoc
1644 423 1790 476 enim
1822 422 1984 475 animi

2107 423 2292 493 Βρόμου
2360 423 2631 494 (μαλακὸν
2696 426 2828 495 γὰρ)
2861 424 3129 497 ’ἔχεσθαι
3175 424 3275 494 μὲν
3310 417 3407 477 οῦν
3446 422 3659 476 ἐκείνου

410 507 589 578 pusilli
636 507 865 579 fuerit),
897 523 1070 578 neque
1105 510 1171 566 de
1228 523 1388 574 cursu
1431 510 1742 577 ,remittere
1810 511 1981 586 (qu‘od

411 602 590 654 mollis
614 601 656 669 ),
690 600 779 653 sed
803 616 924 655 eum
953 603 1298 658 contentione
1354 611 1608 671 perpetua
1636 617 1852 674 urgere,
1883 618 1984 673 spe

410 693 546 746 bona
571 693 831 747 subnixus
858 710 870 745 :
901 701 1061 761 atque
1089 694 1251 747 etiam
1281 694 1453 747 virum
1487 701 1650 748 temet
1673 692 1982 756 ostendere,

409 789 535 838 dum
576 785 739 853 priori
798 785 979 840 studio
1030 795 1084 840 et
1125 787 1391 842 alacritati
1454 786 1680 840 alteram
1718 784 1981 854 majorem

411 875 654 944 mljicies.
689 873 803 930 lloc
853 876 1010 931 modo
1035 878 1080 931 si
1109 878 1216 931 eris
1251 876 1498 940 affectus.
1533 885 1588 930 et
1631 875 1807 930 oﬂicio
1844 890 1986 929 mor-

411 968 562 1020 dicus
601 966 909 1032 inhaerebis,
944 983 1010 1022 ex
1061 970 1225 1023 animi
1279 978 1401 1023 voto
1463 967 1812 1037 consequeris
1863 981 1984 1020 oui-

412 1057 521 1121 nia,
560 1060 794 1114 maxime
833 1062 1052 1129 quidem
1084 1061 1283 1116 abillis
1318 1076 1415 1132 pro
1473 1063 1634 1126 virili,
1667 1063 1866 1129 quibus
1904 1070 1986 1118 te-

411 1148 589 1216 ipsuin
621 1152 836 1219 egregie
893 1155 1073 1208 trades
1107 1171 1119 1206 :
1146 1158 1255 1212 sed.
1286 1153 1555 1222 imprimis
1585 1170 1616 1210 a
1673 1153 1804 1222 Deo,
1833 1153 1986 1221 cujus

413 1238 741 1300 voluntatem
777 1243 894 1312 ipsa
928 1243 1159 1299 facultas
1191 1247 1242 1298 in
1289 1246 1541 1301 euntibus
1571 1243 1886 1301 comitatur.

2092 516 2379 579 συντόνως,
2413 517 2645 584 ἀγαθαῖς
2695 518 2877 571 ἐλπίσι
2910 516 3270 587 πυρούμενος
3319 516 3412 568 καὶ
3470 515 3656 585 μέντοι

2092 609 2185 659 καὶ
2212 608 2486 660 δεικνύναι
2517 608 2608 660 τὸν
2638 608 2828 679 ἄνδρα,
2869 608 2950 677 τῷ
2983 610 3047 680 τῇ
3082 606 3324 678 προτέρᾳ
3361 606 3568 675 σπουδῇ
3593 622 3656 659 τι

2091 701 2185 752 καὶ
2218 688 2504 770 προοιέμίᾳ
2540 700 2802 771 δευτέραν
2839 699 3012 770 μείζω
3071 698 3414 770 προσθεῖναι.
3463 698 3656 752 Ἔσται

2094 807 2179 842 σοι
2207 793 2274 845 τὰ
2301 793 2439 844 κατὰ
2467 792 2616 857 νοῦν,
2664 792 2841 862 ταύτῃ
2869 807 2930 845 τε
2979 791 3337 860 διακειμένῳ,
3401 789 3498 843 καὶ
3548 788 3656 844 τῶν

2092 881 2322 936 δεόντων
2374 883 2545 953 ἀπρὶξ
2598 883 2880 954 -ὲχομένῳ,
2943 882 3183 952 μάλιστα
3225 882 3330 950 μὲν
3379 881 3476 934 καὶ
3522 880 3658 950 παρ’

2092 974 2319 1027 ἐκείνων
2357 976 2439 1039 εὶς
2467 974 2720 1044 δύναμιν,
2769 969 2853 1037 οἷς
2893 975 3093 1027 σαυτὸν
3133 972 3316 1035 καλῶς
3347 971 3526 1036 δίδως,
3555 972 3652 1039 οὐχ

2091 1067 2294 1135 ἥκιστα
2359 1067 2416 1119 δὲ
2455 1067 2550 1120 καὶ
2604 1067 2755 1135 παρὰ
2799 1066 2961 1128 Θεοῦ,
3007 1065 3101 1117 τοῦ
3147 1068 3215 1135 τῇ
3293 1064 3513 1134 θελήσει
3558 1064 3657 1132 τὴν

2091 1157 2322 1229 δύναμιν
2358 1161 2704 1230 ὲφεπομένην
2729 1160 2788 1211 ὲν
2820 1161 3026 1215 ἅπασιν
3066 1157 3307 1229 ἔχοντος.

441 1431 3653 1476 W

979 1608 1288 1692 ΕΥΧΗ
1356 1607 1584 1696 ΤΟΥ
1659 1605 2002 1692 ΑΥἹῸ]

2117 1605 2651 1691 ΒΑΣιΑΕΩΣ
2709 1579 3142 1692 nec)an

1585 1788 1901 1857 Δοξολογίαν
1925 1788 2122 1858 ἔχουσα
2170 1790 2305 1861 πρὸς
2337 1789 2491 1854 Θεὸν,

713 1907 810 1964 σὺν
835 1905 1096 1976 ὁμολογίᾳ
1123 1905 1220 1974 τῆς
1247 1903 1546 1970 εὐσεϐείας,
1577 1899 1693 1958 εἶτα
1725 1903 1908 1970 δέησιν
1949 1906 2402 1976 συγκεκραμένην
2445 1905 2766 1977 εὐχαριστία
2806 1907 2899 1961 καὶ
2943 1905 3349 1977 ἐξομολογήσει.

620 2149 1432 2314 lMPERATORIS
1567 2219 2106 2308 EJUSDEM
2229 2218 2669 2309 PRECES
2805 2220 3476 2313 MATUTINIE

1490 2413 1596 2474 Dei
1645 2410 2137 2476 celebrationem
2172 2411 2597 2488 continentes,

427 2563 568 2616 eum
603 2546 996 2626 professione
1037 2546 1310 2626 pietatis,
1376 2562 1446 2608 ac
1478 2544 1706 2606 deinde
1739 2543 2134 2624 petitionem,
2194 2545 2534 2623 gratiarum
2596 2543 2832 2607 actioni
2863 2549 2924 2608 et
2953 2544 3344 2608 confessioni
3393 2545 3666 2610 mistam.

493 2859 677 2916 Gloria
723 2861 862 2916 lucis
915 2859 1164 2926 Auctori,
1193 2860 1364 2930 gloria
1411 2861 1465 2916 in
1518 2861 1750 2917 excelsis
1787 2861 1918 2928 Deo,
1941 2868 1993 2915 et

2169 2862 2306 2929 Δόξα
2331 2878 2414 2916 σοι
2443 2861 2521 2932 τῷ
2549 2861 2784 2927 δείξαντι
2806 2863 2867 2917 τὸ
2888 2861 3026 2933 φῶς,
3043 2862 3170 2928 δόξα
3186 2864 3245 2917 ὲν
3267 2862 3512 2932 ὑψίστοις
3529 2862 3663 2934 Θεῷ,

428 2952 651 3006 interra
701 2967 828 3023 pax,
884 2967 1010 3023 erga
1060 2953 1307 3009 homines
1363 2952 1769 3010 benevolentia.
1821 2953 2004 3009 Gloria

427 3044 547 3111 tibi,
571 3045 745 3110 Pater,
765 3043 933 3114 gloria
957 3043 1071 3112 lilii,
1094 3043 1213 3110 Fili,
1241 3045 1410 3115 gloria
1440 3046 1565 3112 tibi,
1601 3045 1841 3112 Spiritus
1873 3059 2002 3100 san-

428 3145 552 3199 cte;
585 3133 838 3202 simplici,
893 3142 949 3189 et
994 3134 1464 3200 consubstantiali,
1519 3144 1574 3191 et
1613 3134 1923 3199 individua,
1952 3143 2009 3190 et

426 3227 727 3284 Enconl'usaa
779 3225 1032 3281 Trinitati
1073 3244 1091 3292 ί
1136 3225 1308 3296 gloria
1357 3225 1477 3294 tibi,
1519 3241 1555 3282 ο
1615 3226 1889 3296 Sapientia
1951 3232 2008 3282 et

426 3318 622 3374 Sermo
659 3319 848 3375 aeterni
895 3318 1094 3385 Patris,
1155 3321 1225 3375 ob
1261 3319 1787 3375 administrationem
1833 3330 2006 3384 tuam,

427 3426 589 3482 quam
635 3429 739 3483 pro
779 3412 937 3469 nobis
1002 3412 1117 3482 ipse
1164 3412 1472 3482 suscepisti,
1507 3413 1651 3484 quod
1683 3412 1755 3467 ita
1778 3411 2008 3482 benigne

428 3506 607 3560 visum
660 3516 807 3562 esset
840 3515 1131 3569 comterno,
1177 3513 1231 3559 et
1275 3505 1526 3574 principii
1587 3515 1760 3560 tecum
1798 3505 2006 3574 experti

431 3596 575 3650 Patri
604 3607 720 3662 tuo,
750 3602 1073 3664 cooperante
1107 3595 1332 3664 Spiritu,
1365 3595 1456 3664 qui
1521 3595 1636 3662 pari
1679 3604 1856 3648 tecum
1889 3610 2005 3648 ma-

427 3690 625 3759 jestate
692 3703 756 3741 ac
803 3687 944 3742 solio
969 3687 1229 3753 ,fruitur;
1282 3685 1451 3756 gloria
1517 3686 1744 3741 bonitati
1799 3695 1853 3740 et
1905 3687 2011 3742 cle-

437 3782 651 3836 tnentim
683 3789 806 3844 tute,
857 3793 956 3850 pro
980 3779 1045 3833 iis
1076 3794 1194 3849 qua:
1227 3777 1482 3848 privatim
1513 3793 1576 3834 ac
1605 3778 1817 3847 publice
1850 3780 2007 3834 nobis

435 3891 463 3927 a
497 3886 587 3929 tua
617 3888 831 3944 semper
854 3873 1177 3942 proveniunt
1199 3875 1440 3938 dextera,
1463 3886 1566 3926 nec
1603 3872 1724 3927 istis
1746 3873 2006 3939 exclusis,

433 3982 552 4036 qure
602 3966 851 4019 videntur
897 3964 984 4018 illa
1031 3964 1248 4034 quidem
1313 3963 1602 4028 interdum,
1644 3964 1736 4020 sed
1788 3965 2008 4018 omnino

437 4072 543 4111 non
577 4066 704 4109 sunt
727 4056 977 4111 adversa.
1011 4055 1144 4110 Nam
1171 4057 1436 4128 quidquid
1495 4058 1593 4112 abs
1630 4064 1704 4122 te,
1773 4055 1866 4125 qui
1949 4071 2009 4112 es

431 4150 552 4218 ipsa
619 4147 857 4215 bonitas,
911 4149 1305 4219 proliciScitur,
1362 4164 1467 4205 non
1519 4157 1701 4224 potest
1736 4161 1841 4206 non
1887 4161 2007 4204 esse

434 4241 660 4295 bonum.

511 4331 907 4404 Benignissime
937 4349 1000 4388 ac
1031 4331 1597 4403 incomprehensibilis
1629 4331 1880 4398 Domine,
1911 4333 2003 4404 qui

439 4439 571 4480 usus
625 4425 957 4480 demissione
989 4433 1222 4479 mentem
1259 4433 1570 4494 superante,
1625 4434 1844 4494 propter
1897 4440 2004 4489 me,

441 4519 545 4573 mei
579 4519 791 4583 similis,
816 4518 882 4572 ad
906 4518 1230 4572 servandum
1260 4533 1364 4579 me,
1380 4517 1598 4582 venisti,
1647 4517 1833 4586 imple,
1865 4517 2006 4586 quod

440 4611 802 4682 proposuisti;
834 4610 1053 4682 perlice,
1081 4610 1222 4679 quod
1267 4609 1499 4680 ccepisti.
1533 4608 1645 4664 Nec
1676 4609 1817 4664 eni'n
1853 4609 2011 4665 aliter

445 4703 560 4758 lieri
600 4720 697 4772 par
725 4710 826 4758 est.

511 4795 589 4861 Ne
634 4797 843 4866 magnis
876 4795 1085 4850 delictis
1143 4805 1194 4850 et
1236 4808 1427 4865 magna
1477 4793 1863 4864 ingrathudine
1911 4796 2011 4848 du-

443 4889 675 4956 ritieqne
724 4904 866 4951 mea,
901 4903 1021 4958 qua:
1069 4889 1228 4942 ﬁnem
1285 4899 1466 4940 tamen
1509 4887 1736 4951 habent,
1795 4886 2008 4943 infinita

446 4992 536 5034 tua
575 4981 744 5050 gratia
781 4980 1007 5037 inferior
1061 4989 1362 5050 appareat;
1399 4979 1492 5036 sed
1547 4987 1784 5042 ostenso,
1853 4994 2011 5048 posse

445 5071 496 5124 id
523 5085 617 5138 per
659 5078 710 5129 te
744 5070 951 5138 perﬁci,
986 5071 1144 5141 cujus
1175 5072 1289 5140 ipse
1339 5085 1502 5125 causa
1562 5070 1756 5124 venisti
1787 5106 1803 5134 ,
1863 5070 2012 5138 eripe

445 5178 530 5216 me
557 5164 622 5216 de
655 5169 841 5217 ventre
874 5161 1061 5222 bellone
1092 5164 1368 5232 perdentis
1397 5164 1627 5229 animas,
1658 5171 1866 5216 tantum
1902 5178 2008 5216 nett

447 5259 616 5327 ipsius
639 5256 895 5328 opinione
912 5258 1226 5326 absorptum
1253 5277 1269 5325 ;
1299 5275 1362 5313 ac
1384 5260 1435 5313 in
1459 5269 1733 5329 posterum
1767 5259 1884 5326 ejus
1919 5258 2014 5313 ad-

448 5366 640 5406 \‘CI'SIS
667 5364 750 5404 me
784 5348 1044 5413 furorem,
1080 5359 1133 5406 et
1162 5358 1351 5410 contra
1409 5361 1460 5412 te
1493 5349 1756 5404 (ferociam
1812 5352 2010 5418 (quan-

447 5442 735 5512 doquidem
767 5457 886 5495 eam
936 5453 1082 5496 metu
1136 5443 1415 5510 praepediri
1465 5441 1660 5496 debere
1708 5451 1859 5508 puto,
1901 5455 2010 5509 quo

449 5536 626 5588 minus
661 5534 764 5586 tuis
798 5532 1012 5602 eripere
1044 5532 1293 5598 manibus
1330 5541 1580 5596 conetur,
1644 5531 1786 5598 quod
1831 5529 2012 5584 multis

450 5627 622 5680 modis
663 5637 810 5679 tuum
847 5636 951 5689 est,
989 5639 1053 5678 ac
1112 5625 1160 5690 si
1193 5625 1257 5676 ad
1301 5624 1470 5692 ipsum
1508 5623 1829 5692 pertineret)
1889 5624 2012 5676 irri-

448 5728 555 5785 tam
589 5733 887 5796 vanamque
934 5718 1144 5782 reddito
1169 5733 1185 5784 :_
1224 5725 1474 5786 artesque
1501 5715 1704 5792 pariter
1766 5723 1820 5778 et
1862 5714 2012 5779 dolos

2109 2958 2206 3010 καὶ
2232 2955 2325 3008 ἐπὶ
2356 2956 2459 3024 γῆς
2488 2957 2707 3026 εἰρήνη,
2769 2957 2830 3010 ἐν
2888 2954 3202 3023 ἀνθρώποις
3261 2956 3500 3009 εὐδοκία.
3534 2956 3662 3018 Δόξα

2109 3062 2215 3112 σοι,
2242 3046 2269 3098 ό
2297 3045 2506 3116 Πατὴρ,
2533 3046 2662 3111 δόξα
2691 3061 2794 3112 σοι,
2835 3049 2863 3100 ὁ
2897 3048 3047 3111 me,
3073 3047 3200 3112 δόξα
3225 3064 3333 3112 σοι,
3357 3047 3419 3100 τδ
3450 3048 3664 3117 Πνεῦμα

2106 3139 2168 3190 τὸ
2211 3137 2390 3206 ἅγιον,
2439 3142 2506 3210 τῇ
2541 3139 2686 3210 ἁπλῇ
2743 3140 2837 3193 καὶ
2895 3138 3188 3209 ὀμοουσίῳ,
3225 3139 3322 3192 καὶ
3356 3140 3670 3210 ἀδιαιρέτῳ,

2109 3233 2202 3284 καὶ
2226 3232 2520 3302 ἀσυγχύτῳ
2549 3232 2765 3301 Τριάδι·
2797 3233 2923 3297 δόξα
2949 3249 3054 3297 σοι,
3077 3233 3248 3301 Σοφία
3280 3232 3372 3285 καὶ
3389 3233 3679 3301 Mycalen-

2109 3324 2224 3379 νίου
2245 3323 2598 3396 Γεννήτορος,
2627 3323 2792 3378 ἓνεκα
2825 3323 2929 3392 τῆς
2957 3323 3058 3394 σῆς
3111 3322 3422 3392 οἰκονομίας
3480 3339 3541 3376 τι
3579 3323 3678 3376 καὶ

2113 3415 2448 3486 σαρκώσεως
2481 3415 2602 3486 τῆς,
2637 3415 2776 3485 ὑπὲρ
2809 3415 2989 3486 ἡμῶν,
3035 3408 3105 3486 ἦς
3162 3413 3320 3477 αὐτὸς
3368 3412 3673 3483 αὐτουργὸς

2109 3509 2383 3579 ὑπῆρξας,
2423 3509 2643 3578 εὐδοκία
2699 3508 2795 3562 τοῦ
2841 3507 3118 3562 συναῖδίου
3163 3507 3258 3560 καὶ
3317 3505 3665 3574 σννανὰρχου

2101 3600 2325 3671 Πατρός
2357 3616 2476 3662 σου,
2509 3600 2606 3653 καὶ
2627 3600 2920 3669 συνεργείᾳ
2955 3599 3048 3652 τοῦ
3077 3595 3334 3667 ὁμοδόξου
3397 3597 3494 3649 καὶ
3535 3598 3672 3666 δμο-

2109 3693 2300 3762 ορόνου
2327 3708 2409 3744 σοι
2437 3692 2753 3760 Πνεῦματος
2771 3707 2785 3721 ·
2817 3691 2944 3756 δόξα
2970 3692 3037 3762 τῇ
3074 3692 3142 3761 σῇ
3192 3689 3527 3759 χρηστότητι
3577 3687 3674 3740 καὶ

2110 3784 2506 3856 φιλανθρωπίᾳ
2531 3783 2673 3855 ὑπὲρ
2701 3783 2810 3838 τῶν
2838 3785 2945 3853 ίδία
2971 3783 3070 3837 καὶ
3100 3784 3256 3852 κοινῇ
3291 3782 3371 3843 είς
3410 3781 3559 3851 ἡμᾶς
3587 3780 3676 3833 ἀεὶ

2107 3876 2414 3948 γινομένων
2445 3877 2550 3930 ὑπὸ
2580 3876 2679 3946 τῆς
2697 3875 2797 3944 σῆς
2823 3875 3028 3940 δεξιᾶς,
3059 3875 3154 3927 καὶ
3185 3873 3365 3927 αὐτῶν
3397 3872 3505 3925 τῶν
3522 3873 3674 3924 ἐναν-

2108 3974 2240 4027 τίων
2271 3970 2578 4026 δοκούντων
2609 3970 2709 4038 μὲν
2741 3969 2888 4022 ιστιν
2916 3971 3028 4032 ὅτε,
3085 3968 3188 4021 οὐκ
3228 3967 3400 4020 όντων
3445 3965 3503 4019 δὲ
3539 3965 3676 4020 πάν.

2102 4082 2242 4126 τως.
2269 4065 2337 4120 ’0
2365 4066 2473 4133 γὰρ
2497 4063 2648 4134 παρὰ
2673 4061 2768 4115 τοῦ
2791 4062 2890 4131 τῆς
2911 4060 3380 4131 αὐταταθότητος,
3421 4059 3481 4113 οὐ
3513 4056 3672 4110 δύνα-

2107 4173 2201 4212 ται
2233 4157 2310 4228 μὴ
2341 4153 2485 4211 εἶναι
2511 4156 2620 4210 τῶν
2643 4153 2892 4225 ἀγαθῶν.

2185 4337 2482 4404 Πανὰγαθε
2517 4336 2616 4388 καὶ
2650 4332 3006 4404 ἀκατάληπτε
3046 4332 3318 4394 Δέσποτα,
3363 4333 3392 4384 ὀ
3434 4327 3559 4382 νοῦν
3589 4343 3673 4382 νι-

2108 4424 2264 4498 aethon
2297 4425 2710 4494 συγκαταϐἁσει
2761 4423 3138 4493 χρησάμενος,
3165 4421 3234 4474 δι’
3268 4421 3370 4490 ἐμὲ
3403 4418 3525 4472 κατ’
3572 4418 3673 4488 ὶμι

2108 4518 2562 4586 παραγενόμενος
2593 4516 2674 4578 εὶς
2712 4514 2969 4567 τδσὼσαί
3003 4529 3091 4582 με,
3119 4511 3392 4580 ἓκπλησον
3419 4513 3446 4565 ὃ
3465 4527 3532 4576 γι
3549 4527 3677 4581 προ-

2111 4610 2269 4663 έοου·
2305 4610 2547 4671 τέλεσον,
2572 4602 2743 4675 οὗπερ
2781 4607 3054 4677 ὑπῆρξας,
3093 4607 3230 4659 υὺδὲ
3279 4606 3389 4674 γὰρ
3415 4605 3676 4673 γιγνόμεο

2111 4719 2202 4756 νον
2224 4700 2557 4754 τούναντίον.

2182 4795 2272 4863 Μὴ
2312 4791 2513 4864 πολλῆς
2551 4791 2649 4856 μὲν
2687 4791 2985 4861 ἁμαρτίας,
3024 4789 3229 4858 πολλῆς
3256 4789 3304 4843 δ’
3349 4789 3674 4859 ἀχαριστίας

2111 4903 2170 4939 τε
2203 4887 2299 4937 καὶ
2347 4885 2717 4958 σκληρότητος
2775 4887 2875 4954 τῆς
2928 4885 3094 4952 ἐμῆς,
3144 4882 3581 4951 πεπερασμένων
3628 4879 3674 4931 δ’

2111 4975 2208 5032 οὖν
2236 4979 2406 5047 ὅμως,
2434 4981 2466 5046 ἡ
2495 4978 2722 5048 ἄπειρός
2751 4993 2845 5031 σου
2877 4977 3038 5048 χάρις
3061 4977 3244 5046 ἥττων
3264 4976 3530 5046 φανήτω·
3557 4971 3676 5026 ἀλλ’

2112 5070 2198 5139 ὲφ’
2221 5064 2374 5139 ᾧπερ
2423 5064 2582 5146 ἧκες,
2617 5069 2796 5136 δείξας
2827 5069 3113 5138 ἀνύσιμον,
3179 5067 3274 5120 τοῦ
3331 5066 3677 5137 ψυχοφθόροο

2116 5174 2185 5228 με
2219 5158 2384 5226 Θηρὸς
2419 5159 2694 5212 ἔκσπασον
2724 5162 2822 5228 τῆς
2850 5158 3110 5227 γαστρὸς,
3133 5159 3418 5226 μονονουχὶ
3440 5161 3503 5225 τῇ
3535 5156 3679 5224 γνώ-

2116 5266 2192 5318 μῃ
2229 5249 2641 5305 καταποοένταο
2679 5248 2777 5302 καὶ
2815 5249 2873 5310 ἐς
2905 5248 2962 5300 τὸ
3002 5248 3198 5315 μέλλον
3226 5246 3325 5316 τὴν
3380 5244 3678 5316 αὖτοῦη-μαο

2116 5343 2235 5394 νίαν
2264 5341 2364 5411 τὴν
2391 5343 2510 5396 κατ’
2539 5341 2700 5410 ἐμοῦ,
2731 5341 2827 5394 καὶ
2855 5341 2957 5409 τὴν
2985 5341 3284 5407 ἰταμότητα
3310 5339 3407 5408 τὴν
3445 5338 3581 5408 πρὸς
3615 5337 3679 5390 σι

2117 5431 2293 5504 (οἶμαι
2321 5435 2428 5504 γὰρ
2469 5434 2874 5503 φιλονεικήσειν
2899 5432 3060 5485 αὑτὸν
3102 5431 3220 5484 δέον
3267 5431 3532 5499 φρίττειν,
3568 5429 3680 5483 τῶν

2123 5528 2232 5579 σῶν
2261 5527 2505 5595 ἁρπάσαι
2539 5527 2746 5595 χειρῶν
2765 5526 2828 5577 τὸ
2857 5521 3188 5591 πολλαχόθεν
3214 5538 3297 5573 σοι
3329 5523 3537 5589 κτῆμα,
3570 5520 3681 5572 ὥσ-

2122 5634 2228 5686 περ
2260 5617 2325 5668 ἂν
2377 5618 2428 5668 εἰ
2477 5616 2776 5685 ἐτύγχανεν
2806 5613 2956 5684 αῦτῷ
3012 5611 3316 5681 διαφέρον),
3369 5610 3678 5678 ἀπράκτοις

2122 5715 2426 5784 ἀποψήναις
2461 5717 2552 5767 καὶ
2607 5713 2772 5764 ἕωλόν
2806 5730 2856 5764 τι
2885 5728 2897 5740 ·
2939 5711 3038 5776 τάς
3085 5726 3142 5764 τε
3201 5707 3452 5779 μηχανὰς
3483 5706 3672 5774 αὑτοῦ,
