4098 6272
388 397 490 461 ξ’ὖθ

1583 405 1874 470 PRECES
1907 411 2341 480 MATUTINKE.

3519 418 3626 482 570

393 515 575 582 πάσης
602 514 828 582 λογικῆς
869 515 1125 589 φύσεως),
1179 519 1287 574 τῶν
1347 526 1733 595 χρηστοτέρων
1798 529 1950 581 ἑλπίί

2063 543 2244 586 natura
2276 536 2502 591 rationis
2535 538 2805 608 particeps
2835 539 3046 608 assequi
3071 537 3277 608 nequit.
3302 539 3481 592 animo
3503 555 3627 604 spes

389 612 495 663 ὃων
529 611 627 681 τὴν
662 612 838 682 ψυχὴν
878 613 1262 685 ἐμπεπλῆσθαι
1295 616 1390 668 καὶ
1447 618 1533 670 διὰ
1588 620 1685 688 μὲν
1727 620 1955 692 θάτερον

392 701 706 767 ὀδυνᾶσθαι,
739 703 953 775 θατέρῳ
974 705 1030 758 δὲ
1060 705 1324 771 ἐλπίζειν,
1354 710 1448 762 καὶ
1484 711 1604 772 ταῖς
1632 711 1844 766 ἐλπίσιν
1867 716 1954 767 εύ-

391 795 742 861 φραίνεσθαι.
781 819 784 822 ·
1249 809 1258 830 ⁴

463 886 534 939 Σὺ
560 885 668 954 γὰρ
691 889 718 940 6
749 889 952 958 ποιμὴν
982 890 1010 942 6
1043 891 1224 955 καλὸς,
1258 893 1285 945 6
1313 892 1414 964 τὴν
1473 892 1654 964 ψυχήν
1682 887 1802 949 ίσου
1840 895 1956 959 θεὶς

395 975 538 1046 ὑπὲρ
561 977 669 1030 τῶν
702 981 1062 1048 προῦάτων,ὀ
1090 983 1164 1053 μὴ
1208 983 1377 1036 θέλων
1427 985 1520 1037 τὸν
1577 987 1807 1038 θάνατον
1856 987 1952 1040 τοῦ

396 1067 740 1137 ἀςλαρτωλόῦ,
806 1071 834 1123 6
893 1071 1103 1146 εἰπὼν,⁸
1143 1076 1389 1138 Αἰτεῖτε,
1472 1077 1572 1130 καὶ
1624 1077 1947 1145 δοθήσεται

396 1160 560 1226 ὑμῖν.
599 1161 708 1214 Καὶ
748 1165 820 1232 μή
859 1181 969 1232 μοι,
1001 1166 1128 1235 μόνε
1157 1168 1529 1238 φιλάνθρωπε,
1560 1170 1706 1239 μόνῳ
1735 1188 1799 1239 γε
1847 1171 1959 1224 τῶν

402 1250 619 1330 πάντων
645 1252 971 1322 ἀνθρώπων,
1009 1256 1065 1310 ἐν
1116 1259 1181 1328 τῇ
1216 1259 1354 1329 ὀργῇ
1411 1277 1504 1313 σου
1555 1262 1780 1332 συνέξῃς
1831 1264 1958 1327 τοὺς

397 1341 718 1410 οίκτιρμούς
778 1361 896 1410 σου,
955 1346 1014 1411 ὃς
1070 1347 1133 1419 δὴ
1183 1351 1436 1421 φανερῶς
1519 1353 1800 1422 ίσχυρίζου
1869 1354 1960 1408 διὰ

409 1432 634 1487 Ἡσαΐου
668 1437 761 1489 τοῦ
790 1437 1106 1510 θαυμαστοῦ
1135 1458 1229 1494 σου
1262 1444 1544 1511 προφήτου
1605 1446 1699 1497 καὶ
1738 1446 1868 1499 αὐτὸ
1899 1446 1960 1498 :6

401 1524 671 1592 μητρικδν
689 1527 1013 1597 ἀποκρύψαι
1041 1530 1359 1600 σπλάγχνον
1392 1534 1460 1602 τῇ
1511 1533 1652 1602 πρὸς
1694 1535 1823 1598 τοὺς
1873 1535 1960 1587 ἀεὶ

398 1613 673 1682 σκληροὺς
701 1618 795 1671 καὶ
818 1619 1190 1684 ἀπειθοῦντας
1222 1621 1450 1693 ἀγάπῃ·
1479 1622 1596 1676 ἀλλ’
1629 1623 1709 1687 είς
1741 1623 1965 1676 σεαυτὸν

402 1703 547 1770 ίδὼν,
579 1708 673 1761 καὶ
729 1709 822 1760 :6v
869 1709 1180 1781 ἀπόρρητον
1227 1713 1408 1780 ἔρωτά
1439 1731 1532 1766 σου
1583 1715 1677 1767 τὸν
1702 1715 1783 1777 είς
1834 1715 1960 1784 ἐμὲ,

401 1796 573 1866 αὐτὴν
603 1798 825 1868 ἐκείνην
873 1802 981 1854 τῶν
1021 1804 1464 1874 άνεξερευνήτων
1519 1804 1808 1874 κριμάτων
1867 1822 1960 1857 σου

399 1887 498 1958 τὴν
523 1891 889 1960 γρηστότητα,
921 1894 956 1963 ἦ
990 1909 1049 1945 σε
1088 1894 1411 1962 κατήγαγεν
1443 1896 1507 1948 ἐκ
1555 1893 1664 1947 τῶν
1721 1895 1966 1966 οὐρανῶν

399 1975 764 2044 ἀμεταδότως
798 1981 889 2033 ἐπὶ
932 1982 1034 2050 τὴν
1084 1983 1190 2052 γῆν
1224 1984 1365 2054 ὑπὲρ
1418 1985 1692 2062 σωτηρίας
1743 1985 1968 2040 πάντων

401 2066 710 2135 ἀνθρώπων
772 2072 1058 2141 μονονουχί
1116 2090 1176 2127 σε
1251 2076 1599 2144 μισούντων,
1659 2075 1811 2142 δέξαι
1865 2077 1966 2148 τὴν

399 2159 593 2213 ἀθλίαν
638 2161 815 2233 ψυχήν
857 2181 982 2232 μου,
1026 2163 1356 2235 αὐχμῶσαν,
1402 2167 1688 2239 ρυπῶσαν,
1732 2171 1969 2224 ἐσπιλω-

399 2250 593 2323 μένην,
660 2254 1099 2328 μεμολυσμένην,
1157 2259 1237 2321 είς
1287 2260 1348 2313 :6
1405 2261 1643 2330 πέλαγος
1688 2260 1798 2315 τῶν
1854 2261 1967 2315 σῶν

397 2346 698 2415 οἰκτιρμῶν
791 2347 992 2419 ἑαυτὴν
1085 2349 1228 2422 ὑπὲρ
1341 2351 1669 2434 καθάρσεως
1755 2353 1970 2428 ἐπιῤῥί-

399 2439 535 2500 rion
545 2456 663 2494 σαν.

469 2532 560 2600 Μὴ
590 2531 720 2599 γοῦν
761 2532 1121 2604 ἀποστρέψεις
1152 2533 1216 2587 :6
1264 2533 1563 2605 πρόσωπόν
1595 2552 1690 2590 σου
1727 2537 1837 2593 ἀπὸ
1869 2537 1965 2591 τοῦ

398 2621 588 2682 παιδός
613 2638 734 2688 σου,
768 2623 901 2692 μηδὲ
934 2625 1131 2696 άπώσῃ
1171 2624 1230 2678 :6
1266 2625 1358 2678 σὺν
1409 2627 1656 2697 πλάσμα,
1701 2629 1837 2698 μηδὲ
1867 2649 1967 2682 κα·

397 2712 597 2785 ταδέξῃ
625 2713 881 2782 γενέσθαι
912 2714 1015 2785 τὴν
1048 2718 1148 2786 σὴν
1175 2717 1366 2772 εἰκόνα
1395 2719 1650 2786 παίγνιον
1709 2719 1791 2774 ἔτι
1847 2721 1966 2775 δαι-

403 2804 601 2873 μόνων,
644 2805 767 2876 εἱκῆ
821 2806 1190 2874 φθονούντων,
1223 2809 1362 2878 ἔχων
1414 2827 1477 2878 γε
1524 2813 1968 2886 παραιτουμένην

401 2891 542 2962 ὑπὲρ
599 2891 733 2960 ἐμοῦ
794 2896 894 2964 τὴν
946 2895 1349 2966 άνεξιχνίαστόν
1404 2915 1497 2953 σου
1559 2903 1966 2975 μακροθυμίαν,

399 2983 675 3054 ὑπερφυεῖ
723 2986 1020 3057 ἀγαθότητι
1074 2989 1440 3061 ἐπιτεταμένην
1472 2993 1553 3054 είς
1604 2995 1864 3064 ἄπειρον·
1898 2997 1966 3050 δι’

398 3075 466 3143 ῆν
496 3078 555 3128 ού
587 3077 798 3147 διιστᾷς
841 3096 931 3148 μοι
959 3080 1060 3148 τὴν
1091 3081 1218 3150 γῆν,
1283 3083 1403 3136 οὐδὲ
1440 3088 1744 3156 κεραυνοὺς
1798 3106 1971 3143 κατα·

2061 625 2312 682 meliores
2343 629 2646 698 concipiam
2689 649 2701 684 :
2729 640 2912 699 utque,
2975 641 3196 698 prnpter
3227 629 3358 683 illud
3393 629 3625 683 alterum

2059 715 2296 782 doleam,
2359 719 2522 788 hujus
2547 735 2679 774 vero
2736 735 2899 775 causa
2945 735 3183 790 sperem,
3243 719 3471 788 ipsaque
3531 733 3626 788 spe

2059 807 2320 876 meipsum
2358 811 2533 865 exhila
2546 828 2681 868 rem.

2134 898 2218 955 Tu
2253 901 2396 956 enim
2431 913 2618 972 pastor
2648 905 2737 958 ille
2764 904 2939 958 bonus
2963 919 3043 969 es,
3077 904 3167 972 qui
3197 902 3433 956 animam
3481 909 3627 953 tuam

2059 1011 2158 1063 pro
2187 997 2378 1051 ovibus
2411 997 2591 1066 ponis,
2628 997 2719 1066 qui
2753 1012 2854 1049 non
2882 998 2962 1050 vis
3020 1009 3248 1048 mortem
3305 993 3628 1063 peccatoris.

2061 1086 2151 1155 qui
2209 1086 2391 1140 dixisti
2421 1104 2436 1142 :
2467 1086 2659 1151 Petite,
2695 1103 2756 1140 ac
2790 1086 3003 1139 dabitur
3037 1085 3198 1139 vobis.
3252 1081 3392 1143 Noli,
3426 1096 3630 1149 qua-so,

2061 1173 2149 1240 qui
2188 1173 2335 1227 solus
2384 1173 2624 1227 clemens
2653 1189 2736 1238 es,
2774 1189 2900 1242 erga
2946 1187 3030 1226 me
3077 1171 3250 1225 solum
3295 1171 3452 1224 'iuter
3516 1183 3634 1219 om-

2062 1279 2157 1318 nes
2208 1263 2478 1328 homines,
2533 1265 2693 1318 inira
2748 1273 2851 1323 tuaj
2882 1265 3261 1318 miserationes
3311 1273 3434 1315 tuas
3482 1260 3635 1312 clau-

2063 1353 2192 1406 dere
2230 1371 2243 1408 :
2278 1369 2399 1407 cum
2451 1370 2548 1426 per
2591 1355 2965 1410 admirabilem
3018 1356 3164 1407 illum
3227 1365 3406 1407 vatem
3481 1361 3630 1404 tttuut

2063 1442 2256 1498 Isaiam
2290 1445 2578 1499 manifesto
2615 1444 2878 1509 affirmes,
2905 1454 3149 1498 materna
3183 1458 3396 1513 quoque
3421 1442 3632 1496 viscera

2063 1533 2224 1603 longe
2254 1534 2495 1602 superari
2531 1533 2597 1588 ab
2628 1548 2813 1588 amore
2843 1545 2936 1587 tuo
2978 1549 3105 1604 erga
3159 1543 3419 1602 perpetuo
3474 1532 3637 1585 duros

2063 1633 2119 1678 et
2153 1624 2686 1678 inobedicntcs:sed
2733 1625 2907 1678 oculis
2964 1627 3016 1678 in
3068 1626 3298 1692 teipsuut
3341 1623 3555 1685 deﬁxis,
3583 1632 3638 1675 et

2067 1719 2122 1774 in
2183 1733 2420 1772 amorem
2476 1733 2604 1787 erga
2639 1732 2722 1770 me
2771 1726 2921 1771 tuum
2973 1715 3322 1780 ineffabilem,
3358 1716 3638 1783 ipsamque

2063 1809 2399 1880 iudiciorum
2471 1818 2685 1862 tuorum
2721 1824 2827 1861 non
2874 1807 3348 1876 perscrutabilinm
3389 1807 3637 1875 benigni-

2069 1911 2255 1964 tatem,
2297 1916 2416 1970 quae
2445 1909 2495 1954 te
2523 1901 2589 1955 de
2641 1900 2796 1956 caelis
2829 1901 2880 1954 in
2917 1913 3123 1954 terram
3165 1899 3299 1970 citra
3335 1906 3638 1952 commuta-

2068 1991 2272 2044 tionem
2331 1987 2496 2041 ullam
2560 1987 2810 2042 locorum
2866 1987 3111 2050 deduxit,
3146 1967 3369 2055 propter
3407 1983 3635 2038 salutem

2065 2081 2309 2138 omnium
2338 2079 2637 2146 hominum,
2663 2079 2845 2149 jmodo
2889 2095 2996 2134 non
3037 2079 3161 2132 odio
3202 2090 3254 2132 te
3291 2087 3639 2145 prosequen-

2066 2179 2223 2242 tium,
2257 2176 2437 2244 recipe
2463 2174 2720 2228 miseram
2748 2170 2987 2224 animam
3030 2183 3228 2232 meam,
3253 2165 3638 2236 squallentem,

2065 2270 2424 2333 sordidatam,
2461 2265 2812 2326 maculatam,
2862 2261 3225 2329 inquinatam,
3268 2259 3501 2326 seipsam
3553 2255 3639 2309 lu-

2063 2362 2346 2419 strationis
2371 2357 2774 2427 consequendae
2818 2369 2982 2410 causa
3012 2354 3066 2408 in
3084 2351 3490 2408 tniserationum
3517 2355 3639 2402 tua-

2065 2471 2185 2512 rum
2212 2453 2429 2522 pelagus
2470 2450 2833 2520 abjicientem.

2141 2545 2220 2598 Ne
2257 2543 2449 2596 faciem
2516 2548 2658 2594 tuam
2714 2546 2928 2591 avertas
2986 2549 3014 2589 a
3074 2531 3278 2586 famulo
3332 2538 3446 2595 tuo,
3501 2542 3638 2583 neve

2066 2631 2378 2701 ﬁgmentum
2414 2639 2566 2682 tuum
2599 2625 2875 2694 rejeceris,
2938 2638 3039 2677 nec
3095 2621 3409 2690 permiseris
3443 2619 3638 2686 imagi-

2067 2739 2188 2778 nem
2221 2733 2364 2776 tuam
2401 2721 2516 2774 ﬁeri
2539 2719 2772 2789 amplius
2801 2715 3094 2770 ludibrium
3155 2712 3417 2766 malorum
3449 2710 3638 2778 genio-

2066 2832 2211 2880 rum,
2242 2815 2446 2883 absque
2497 2825 2664 2866 causa
2700 2808 3055 2864 invidentium
3089 2823 3106 2872 ;
3148 2819 3268 2859 cum
3305 2803 3506 2857 habeas
3535 2801 3634 2855 de-

2065 2901 2378 2977 precantem
2406 2918 2506 2973 pro
2538 2917 2625 2956 me
2656 2898 3128 2970 longanimitatem
3169 2903 3314 2949 tuam
3362 2909 3468 2948 non
3509 2908 3638 2962 per-

2065 2997 2736 3070 vestigabilem,immensa
2762 2991 3010 3046 bonitate
3060 2997 3366 3060 porrectam
3401 2988 3452 3040 in
3511 2986 3637 3040 luli-

2065 3093 2238 3148 nitum
2266 3109 2279 3146 :
2311 3100 2536 3161 propter
2600 3101 2763 3155 quam
2786 3084 2918 3140 mihi
2970 3093 3168 3138 terram
3203 3097 3308 3136 non
3361 3081 3444 3134 vis
3484 3079 3639 3133 dehi-

398 3167 664 3234 πέμπεις,
688 3169 898 3224 δίκαιον
919 3171 996 3234 ὃν,
1029 3173 1104 3236 ὡς
1138 3174 1352 3238 πάντας
1393 3177 1516 3242 τοὺς
1572 3179 1629 3232 ἐν
1662 3180 1961 3252 ἁμαρτίαις

2068 3199 2245 3247 scere,
2277 3197 2375 3236 nec
2406 3182 2460 3236 in
2498 3195 2583 3233 me
2612 3177 2839 3231 fulmina
2889 3187 3127 3245 torques,
3181 3171 3256 3225 uti
3299 3171 3477 3225 facere
3509 3168 3634 3237 jure

398 3259 763 3331 βεϐοημένους
793 3262 1224 3333 ὕπερελάσαντι.

369 3509 372 3512 _
466 3445 685 3510 Ταύτης
760 3445 822 3516 δή
886 3463 945 3498 σε
1024 3447 1399 3520 δυσωπούσης,
1465 3452 1776 3522 οἰκτίρμον,
1861 3455 1963 3522 τῆς

394 3538 796 3605 ἀνεξαγγέλτου
857 3540 1266 3610 μακροθυμίας,
1325 3543 1550 3611 ἐλέησόν
1609 3563 1699 3613 με,
1749 3547 1778 3600 6
1825 3548 1964 3615 μᾶλ-

393 3631 485 3684 λον
548 3632 757 3702 χαίρων
827 3631 989 3686 τοῦτο
1064 3635 1236 3689 ποιῶν
1300 3636 1410 3689 τῶν
1479 3637 1791 3711 δεχομένων
1870 3642 1964 3693 τὸν

397 3717 572 3774 ἔλεον.

468 3811 578 3864 Καί
606 3828 696 3880 μοι
722 3813 941 3866 κάκεῖνο
973 3816 1303 3886 χορήγησον,
1327 3818 1387 3870 :6
1413 3819 1498 3873 σοὶ
1528 3818 1630 3890 μὶν
1661 3821 1965 3890 βουλεύσα-

398 3905 619 3967 σασθαι,
651 3906 776 3975 ἒμοὶ
809 3906 864 3959 δὶ
914 3908 1126 3977 πρέπον
1169 3912 1534 3982 ἐργάσασθαι,
1589 3915 1834 3979 δυνατῶς
1865 3917 1966 3971 ούκ

392 3999 574 4068 ἔχοντι
607 3998 742 4069 πρὸς
771 3997 1086 4068 οὐδέτερονο
1121 4003 1202 4054 ὃτι
1237 4019 1328 4072 μοι
1361 4005 1457 4055 καὶ
1487 4003 1613 4067 νοῦς
1672 4005 1964 4062 ἑκλέλυτσι

391 4092 581 4155 πάλαι,
609 4091 704 4144 καὶ
726 4091 980 4143 διόλωλεν
1039 4092 1195 4160 ἰσχὺς
1237 4093 1571 4163 πνεύματος,
1629 4094 1964 4166 εύεκτούσης

390 4182 491 4252 τῆς
526 4183 752 4252 σαρκὸς,
796 4182 888 4234 καὶ
918 4181 1265 4251 βαρυνούσης
1296 4185 1602 4254 ἀμφότερα.
1643 4186 1742 4249 Δὸς
1760 4187 1825 4258 δὴ
1845 4187 1963 4240 διά-

393 4295 546 4330 νοιαν
575 4275 772 4345 ἀληθῆ,
803 4273 890 4338 δὸς
912 4273 974 4344 δὴ
1005 4274 1280 4343 βούλησιν,
1309 4275 1398 4338 δὸς
1451 4278 1562 4330 πᾶν
1606 4277 1634 4329 ὃ
1675 4293 1729 4330 τι
1778 4277 1962 4346 μέλλει

391 4368 505 4436 φῶς
541 4366 762 4419 ἔσεσθαι
798 4365 1100 4433 λογισμοῖς,
1128 4363 1507 4430 τυφλώττουσι
1526 4365 1760 4420 πάθεσιν
1781 4381 1795 4396 °
1819 4366 1961 4420 ὥστε

392 4459 525 4527 πρὶν
561 4458 640 4520 είς
667 4457 774 4527 γῆν
805 4456 1153 4525 ἀποστρέψαι
1183 4455 1417 4526 θανάτῳ,
1451 4455 1510 4519 ὃς
1532 4457 1702 4524 ἐγγύς
1734 4475 1839 4511 που
1865 4457 1961 4511 νῦν

2066 3285 2306 3344 poteras,
2342 3285 2464 3326 cum
2494 3282 2684 3324 omnes
2734 3268 2790 3320 in
2835 3264 3074 3334 peccatis
3123 3261 3364 3316 famosos
3412 3269 3641 3328 praeter-

2065 3380 2283 3435 gressus
2316 3367 2440 3421 sim.

2135 3459 2246 3514 Hac
2271 3460 2434 3529 igitur
2460 3463 2722 3513 exorante
2754 3463 2827 3518 te,
2855 3466 2888 3507 ο
2920 3447 3255 3510 misericors,
3277 3439 3630 3497 inenarrabili

2064 3550 2492 3620 lungaminitate,
2539 3547 2801 3601 miserere
2855 3543 2984 3606 mei,
3019 3539 3111 3611 qui
3142 3538 3399 3608 gaudium
3465 3532 3640 3601 majus

2065 3639 2426 3710 impertienda
2457 3637 2890 3694 misericordiam
2930 3632 3186 3704 percipis,
3224 3643 3387 3699 quam
3413 3626 3488 3680 illi
3513 3624 3639 3693 ipsi,

2063 3733 2154 3800 qui
2189 3731 2614 3785 misericordiam
2649 3736 3078 3796 consequuntur.

2135 3821 2252 3877 iloe
2278 3821 2442 3874 etiam
2473 3820 2604 3874 mihi
2639 3819 2887 3889 largitor,
2907 3828 2964 3873 ut
2998 3816 3093 3871 tibi
3126 3822 3276 3883 grata
3304 3810 3628 3875 deliberem,

2063 3921 2119 3968 et
2142 3910 2480 3966 medecentia
2512 3924 2795 3978 peragam,
2815 3923 2938 3962 cum
2969 3907 3083 3976 ipse
3105 3914 3353 3961 neutrum
3382 3911 3642 3973 praestare

2064 4003 2292 4076 possim.
2353 4001 2489 4055 Nam
2538 4011 2593 4056 et
2649 4015 2802 4054 mens
2839 4013 2956 4053 mea
3009 3996 3324 4068 jamdudum
3375 3994 3638 4062 elanguit,

2064 4107 2120 4152 et
2145 4097 2228 4153 vis
2252 4094 2475 4165 spiritus
2504 4093 2688 4165 periit,
2730 4092 2858 4148 dum
2886 4106 3014 4145 caro
3045 4090 3212 4144 nitide
3250 4094 3442 4144 curata
3475 4086 3634 4138 luxu-

2065 4189 2191 4254 riat,
2236 4187 2495 4256 etiambo
2525 4185 2801 4256 deprimit.
2857 4183 2930 4237 Da
2966 4197 3150 4238 veram
3202 4177 3637 4249 intelligentiam,

2063 4281 2130 4334 da
2165 4280 2515 4342 voluntatem,
2545 4277 2613 4332 da
2640 4276 2903 4347 quidquid
2953 4274 3246 4328 allaturum
3282 4279 3364 4325 est
3419 4268 3637 4338 aliquod

2064 4369 2248 4424 lumen
2279 4366 2720 4437 cogitationibus,
2751 4377 2872 4434 quae
2903 4371 3129 4431 propter
3182 4359 3410 4413 aﬂectus
3462 4369 3638 4411 emcn-

2066 4461 2204 4515 tiunt
2234 4474 2250 4512 :
2278 4469 2334 4511 ut
2365 4461 2534 4528 prius,
2558 4472 2720 4525 quam
2753 4455 2806 4509 in
2871 4466 3071 4508 terram
3129 4461 3306 4532 morte
3369 4456 3636 4510 revertar,

382 4550 542 4600 ,ἑστιν
571 4547 721 4608 ἴσως,
747 4546 968 4616 ἀλήκτῳ
999 4545 1178 4616 δρόμῳ
1211 4547 1684 4616 παραγινόμενος,
1725 4549 1862 4619 πρὸς
1898 4549 1958 4604 et

2065 4565 2185 4622 qua:
2214 4558 2473 4619 perpetuo
2511 4564 2671 4603 cursu
2694 4545 3161 4614 accedens'prope
3222 4556 3365 4597 nunc
3393 4540 3640 4593 fortassis

392 4639 491 4706 τὴν
524 4637 667 4707 ζωὴν
716 4637 1044 4705 ιπιστρέψαι
1078 4640 1134 4691 ὲν
1197 4638 1503 4706 ἐπιγνώσει
1532 4639 1628 4694 τοῦ
1668 4638 1958 4713 βελτίονος.

404 4727 651 4798 ’Δγγέλῳ
695 4728 897 4799 πιστῷ,
935 4727 1162 4797 φύλακι,
1223 4729 1325 4798 τὴν
1375 4731 1516 4802 ἐμὴν
1564 4732 1960 4802 παρακατάθου

390 4822 592 4892 ψυχήνο
1139 4822 1149 4834 ⁸

461 4911 705 4978 Χάρισαί
735 4927 847 4980 μοι,
881 4909 1106 4980 βασιλεῦ
1151 4927 1253 4979 μου
1271 4911 1364 4965 καὶ
1394 4910 1586 4982 Κύριε,
1619 4914 1802 4968 πᾶσαν
1820 4913 1958 4969 ταύ-

388 5019 490 5071 την
515 5001 611 5071 τὴν
645 5003 884 5069 ἡμέραν,
910 5001 1004 5052 καὶ
1036 4999 1098 5052 :6
1137 5001 1330 5053 λοιπὸν
1358 5001 1459 5069 τῆς
1507 5002 1662 5070 ζωῆς
1709 5021 1836 5075 μου,
1897 5007 1958 5059 ἐν

389 5093 841 5162 άγραιφνεστάτῃ
865 5091 1069 5156 πίστει,
1112 5092 1205 5143 καὶ
1247 5092 1466 5159 γνώσει,
1521 5096 1617 5146 καὶ
1669 5099 1953 5169 μετανοῖᾳ,

389 5185 581 5253 είρήνῃ
605 5200 664 5234 τε
702 5185 767 5252 τῇ
803 5185 891 5252 σῇ,
928 5183 1023 5234 καὶ
1062 5180 1390 5253 εὐχαριστία⁵
1422 5183 1676 5251 διελθεῖν,
1713 5187 1954 5256 χρῆσθαι

383 5293 443 5329 τε
495 5275 812 5349 δικαιοσύνῃ
869 5276 962 5328 καὶ
1020 5274 1250 5346 ἀληθείᾳ
1300 5274 1600 5346 λογισμῶν,
1675 5279 1949 5348 πράξεων,

385 5368 652 5438 γλώττης,
685 5367 784 5418 σὺν
838 5364 1193 5436 αὐτομεμψίᾳ
1229 5366 1326 5420 καὶ
1385 5368 1726 5438 μετριότητι.
1764 5373 1950 5434 Ἀνες,

2065 4641 2242 4705 abest,
2276 4641 2329 4694 in
2360 4638 2479 4709 ejus
2509 4638 2810 4709 agnitione,
2853 4636 2998 4708 quod
3050 4634 3248 4690 melius
3294 4639 3400 4694 est,
3450 4631 3516 4682 ad
3561 4638 3640 4698 te,

2061 4728 2154 4798 qui
2186 4744 2244 4783 es
2281 4727 2395 4798 ipsa
2418 4731 2547 4792 vita,
2573 4741 2658 4781 me
2683 4737 3016 4780 convertam.
3042 4721 3251 4792 Augelo
3281 4716 3426 4774 ﬁdeli
3461 4727 3644 4772 custo-

2058 4822 2226 4888 dique
2253 4820 2534 4875 committe
2566 4820 2804 4875 animam
2832 4832 3033 4872 meam.

2128 4913 2356 4984 Largire
2408 4913 2561 4976 mihi,
2601 4912 2673 4966 mi
2703 4926 2793 4966 rex
2837 4922 3002 4979 atque
3049 4909 3295 4976 Domine,
3357 4917 3531 4964 totum
3581 4919 3642 4969 ut

2061 5005 2211 5060 hunc
2259 5005 2426 5069 diem,
2479 5005 2734 5072 quodque
2783 4999 2917 5056 mihi
2961 5000 3086 5056 vita:
3112 5001 3380 5071 reliquum
3424 5010 3528 5066 est,
3584 4999 3638 5054 iu

2058 5096 2432 5152 sincerissima
2475 5094 2603 5160 ﬂde,
2664 5103 2719 5148 et
2772 5094 3072 5163 agnitione,
3136 5101 3192 5148 et
3241 5092 3636 5162 rcsipiscentia,

2057 5201 2302 5258 paceque
2330 5197 2445 5250 tua,
2479 5194 2533 5241 et
2556 5185 2854 5256 gratiarum
2887 5184 3105 5240 actione
3157 5183 3370 5252 exigam
3405 5197 3423 5241 :
3476 5192 3642 5248 utque

2057 5280 2271 5352 justitia
2303 5290 2357 5336 et
2389 5281 2619 5334 veritate
2673 5287 2798 5332 utar
2851 5276 2905 5331 in
2953 5275 3407 5345 cogitationibus,
3457 5270 3638 5336 tactis,

2061 5374 2261 5443 lingua,
2302 5387 2426 5427 cum
2461 5370 2884 5438 reprehensione
2912 5368 3016 5422 mei
3061 5367 3230 5435 ipsius
3267 5374 3316 5419 et
3345 5362 3636 5417 modestia.

383 5459 540 5527 ἄφες,
581 5459 961 5526 συγχώρησον,
1008 5459 1036 5510 6
1075 5462 1236 5526 μόνος
1276 5457 1438 5512 τοῦτο
1483 5460 1804 5528 δυνάμενος,
1850 5463 1950 5516 ὅσα

2063 5464 2309 5528 Dimitte,
2343 5465 2583 5528 remitte,
2616 5463 2887 5526 condoua,
2943 5453 3035 5528 qui
3102 5459 3252 5512 solus
3302 5457 3404 5510 hoc
3457 5453 3638 5508 facere

385 5567 445 5602 σε
501 5550 944 5620 παρώργισακαὶ
1008 5551 1412 5620 παρεπίκρανα,
1477 5550 1671 5621 Κύριε,
1728 5554 1828 5605 ὅσα
1866 5569 1948 5606 σοι

2063 5567 2235 5626 potes,
2267 5554 2526 5624 quidquid
2555 5571 2583 5605 a
2615 5567 2700 5606 me
2731 5549 3063 5616 profectum,
3115 5558 3166 5600 te
3196 5543 3507 5616 provocavit
3567 5544 3636 5597 ad

382 5641 784 5712 προσέκρουσα,
813 5643 902 5695 καὶ
932 5641 1072 5695 ἑκὼν
1105 5643 1137 5713 ἢ
1169 5643 1317 5696 άκων
1340 5644 1648 5714 ἐξήμαρτον
1679 5646 1787 5697 ἀπὸ
1813 5662 1944 5700 παι·

2063 5649 2197 5702 iram
2223 5656 2275 5700 et
2315 5644 2686 5705 exacerbavit,
2707 5640 2930 5695 Domine
2957 5657 2972 5695 :
2995 5650 3322 5709 quocunque
3346 5643 3396 5686 te
3409 5632 3638 5704 oﬂendi,

379 5735 467 5798 δὸς
491 5736 619 5804 ἀχρι
649 5734 746 5788 νῦν
788 5737 847 5786 ἐν
908 5734 1077 5805 ἔργῳ,
1124 5739 1185 5787 ὲν
1238 5736 1401 5805 λόγῳ,
1448 5740 1505 5790 ἐν
1561 5738 1792 5809 διανοίᾳ,
1849 5741 1945 5792 καὶ

2063 5738 2306 5810 ιιιίιίιιυίιί
2338 5755 2367 5790 a
2401 5752 2485 5791 me
2509 5743 2725 5802 sponte,
2757 5733 2841 5787 vel
2870 5747 2976 5806 non
3019 5737 3211 5797 sponte
3235 5735 3515 5795 peceatum
3551 5736 3638 5779 est

383 5828 533 5911 πάσῃ
559 5845 664 5899 μου
703 5830 768 5900 τῇ
804 5829 1075 5900 αίσθήσεν,
1110 5833 1267 5884 παντί
1313 5833 1487 5914 καιρῷ
1546 5848 1603 5885 τε
1661 5831 1754 5886 καὶ
1787 5832 1934 5904 πάσῃ

2063 5849 2073 5886 ι
2093 5845 2259 5907 puero
2278 5830 2331 5886 in
2353 5829 2491 5895 hunc
2508 5829 2674 5896 diem,
2692 5825 2858 5892 facto,
2879 5825 3048 5889 dicto,
3066 5815 3416 5889 cogitatione,
3439 5819 3637 5910 quovis
