4096 6300
497 332 3721 391 Ma

1722 536 1893 580 ANNO
1939 529 2162 579 DOMINI
2210 532 2504 579 MCDXXX.
3095 547 3098 550 '

863 726 1830 990 JOANNES
1972 717 3346 903 ANAGNOSTA.

1826 1216 2384 1310 NOTITIA.

1471 1409 1732 1482 (Iiankius,
1759 1410 1827 1470 De
1867 1416 1979 1467 Her.
2006 1413 2259 1480 Byzantia.
2291 1413 2480 1479 script.,
2514 1426 2568 1477 p.
2585 1401 2724 1476 636.)

575 1767 620 1825 Ι.
643 1755 906 1837 Tempus,
928 1781 1037 1836 quo
1057 1772 1335 1832 superstes
1366 1763 1675 1831 Anagnosta
1705 1761 1829 1826 fuit,
1856 1760 2232 1829 cognoscimus
2255 1773 2320 1813 ex
2343 1756 2744 1813 Thessalonica
2774 1755 3124 1812 Macedomtm
3157 1758 3311 1813 urbis
3329 1755 3475 1830 [qum
3499 1759 3728 1830 scripto-

501 1857 657 1911 ribus
685 1855 893 1911 Gratcis
926 1853 1320 1909 recentioribus
1357 1853 1522 1907 etiam
1573 1851 1807 1904 Thernta
1840 1846 2059 1919 dicitur]
2091 1846 2355 1901 extremis
2371 1843 2794 1899 calamitatibus.
2836 1844 2990 1907 Eam,
3028 1844 3096 1898 ab
3129 1842 3458 1914 imperatore
3487 1845 3731 1902 Manuele

500 1943 807 2013 Palaaologo
835 1951 994 2011 patre
1020 1951 1327 2011 acceptam,
1380 1939 1730 2018 imperatoris
1765 1935 1996 1992 Joannis
2028 1933 2316 2001 Palaeologi
2351 1932 2542 1986 fratris
2575 1929 2688 2002 [qui
2713 1932 2781 1985 ab
2807 1928 2872 2018 Δί.
2897 1931 2961 1987 C.
2988 1931 3127 1986 1419
3153 1936 3218 2018 ad
3251 1932 3387 2018 Ηξὸ
3419 1935 3731 2006 imperavit]

500 2039 661 2085 aetate
693 2011 1005 2098 possidebat
1035 2028 1379 2082 Andronicus
1401 2015 1734 2094 Palaeologus
1765 2025 2011 2093 despota.
2038 2023 2215 2076 Ducas
2239 2019 2518 2075 Michaelis
2552 2035 2719 2088 nepos
2752 2019 2806 2073 in
2841 2017 3082 2074 Historia
3109 2011 3426 2090 lli/zantina,
3470 2038 3588 2092 cap.
3639 2024 3730 2091 29,

500 2118 799 2186 interprete
822 2115 1048 2170 lsmaele
1079 2114 1378 2170 Bulliaido:
1441 2114 1768 2166 Andronicus
1831 2113 2045 2179 despota
2077 2108 2335 2162 Manuelis
2364 2107 2697 2174 imperatoris
2735 2106 2876 2174 ﬁlius
2925 2119 3042 2176 post
3071 2107 3336 2163 Joannem
3363 2111 3728 2178 imperatorem

499 2217 549 2261 et
580 2205 907 2261 Theodorum
933 2205 1086 2258 tertio
1105 2205 1327 2272 genitus,
1350 2203 1540 2273 quique
1561 2216 1711 2255 sacro
1737 2197 1917 2253 morbo
1940 2207 2276 2265 consumptus
2299 2206 2397 2258 est,
2430 2192 2818 2248 Thessalonicae
2847 2194 3244 2250 dominabatur.
3284 2196 3551 2252 Laonicus
3575 2200 3734 2254 Chal-

501 2293 830 2364 cocondylas
854 2291 929 2345 De
961 2293 1114 2345 rebus
1142 2282 1404 2354 Turcieis,
1430 2289 1568 2343 libro
1601 2303 1674 2353 Iv,
1705 2287 2000 2355 interprete
2028 2282 2276 2339 Conrado
2291 2282 2591 2339 Clausero:
2623 2283 2924 2338 Andronico
2945 2294 3121 2337 autem
3152 2283 3726 2358 [Manueli‘alaeologus

502 2370 824 2451 imperator]
850 2373 1070 2448 imperio
1123 2378 1405 2447 regendam
1461 2376 1717 2432 concessit
1749 2373 2026 2428 Thermum
2050 2412 2066 2438 ,
2091 2373 2180 2442 qui
2234 2374 2424 2427 virtute
2451 2381 2571 2441 post
2621 2372 2882 2428 Joannem
2909 2374 3168 2428 secundus
3195 2375 3331 2430 inter
3360 2375 3504 2443 filios
3552 2377 3718 2445 regios

501 2475 637 2521 erat.

575 2551 641 2605 ll.
675 2553 930 2606 Eamdem
960 2552 1150 2605 urbem
1185 2566 1214 2603 a
1237 2545 1453 2613 Turcis,
1491 2549 1794 2619 Bajazetem
1819 2547 2117 2617 principem
2150 2545 2502 2609 habentibus,
2524 2547 2768 2615 graviter
2791 2557 3187 2618 Oppugnatam,
3219 2565 3342 2606 cum
3374 2551 3726 2608 Andronicus

501 2656 696 2708 parum
727 2639 1021 2694 defendere
1075 2640 1304 2702 valeret,
1339 2639 1565 2705 imperio
1611 2652 1713 2691 suo
1744 2636 1931 2690 Veneti
1972 2633 2362 2690 subdiderunt.
2419 2632 2513 2687 His
2533 2621 2603 2686 ab
2645 2634 2958 2688 Andronico
2996 2637 3275 2690 venditam
3301 2629 3731 2692 commemorant

503 2728 774 2783 Laonicus
795 2727 1257 2797 Chalcocondylas
1304 2726 1423 2780 loco
1456 2727 1604 2779 dicto
1636 2743 1649 2779 :
1681 2725 1957 2779 Ther-main
1996 2735 2218 2796 quoque,
2287 2731 2343 2772 ut
2377 2737 2494 2789 qua:
2525 2735 2629 2774 non
2667 2722 2893 2792 amplius
2949 2724 3165 2777 retineri
3198 2737 3389 2793 posset,
3410 2738 3620 2794 propter
3647 2743 3730 2781 res

501 2805 734 2869 ciuitatis
778 2814 1062 2868 admodum
1120 2816 1348 2877 accisas,
1396 2811 1604 2866 Venetis
1638 2812 1894 2865 uendidit.
1952 2809 2084 2864 Cum
2113 2809 2276 2876 igitur
2301 2809 2574 2875 judicaret
2607 2799 2727 2862 earn
2767 2809 3122 2865 venditionem
3159 2821 3266 2865 tum
3299 2813 3422 2876 sibi,
3461 2823 3572 2866 tum
3609 2817 3727 2867 urbi

503 2900 768 2965 expedire,
797 2917 958 2966 paruo
1007 2902 1174 2967 pretio
1223 2909 1434 2969 accepto
1472 2916 1585 2954 eam
1623 2898 1831 2953 Venetis
1869 2897 2119 2953 tradidit.
2166 2898 2428 2969 Georgius
2467 2899 2714 2953 Phranza
2744 2900 2835 2954 lib.
2867 2918 2882 2956 ι
2917 2902 3184 2968 Chroniei,
3225 2918 3343 2972 cap.
3405 2903 3512 2958 2|:
3555 2905 3724 2959 Etiam

509 2986 739 3054 Despota
769 2985 1104 3039 Andronicus
1139 2985 1568 3039 Thessalonicam
1609 2984 1916 3040 Venetorum
1951 2984 2173 3039 Senatui
2191 2987 2570 3057 quinquagenis
2603 3003 2880 3040 aureorum
2904 2973 3495 3057 inillibuiyenundedit.
3526 2993 3724 3046 Contra

506 3075 783 3127 deditione
821 3074 1324 3138 voluntaria,invito
1359 3075 1694 3138 Andronico,
1737 3074 1998 3127 traditam
2054 3074 2230 3129 Ducas
2259 3074 2311 3127 in
2337 3072 2574 3128 Historia
2610 3073 2910 3143 Byzantina
2944 3066 3244 3146 relertcap.
3294 3079 3386 3134 29.
3455 3079 3729 3150 lndignati

507 3159 1002 3219 Thessalonicenses.
1029 3158 1319 3212 Turcorum
1356 3160 1684 3213 incursiones
1715 3160 2094 3229 quodidianas,
2132 3176 2225 3214 nec
2254 3161 2318 3214 ab
2347 3162 2457 3214 ullo
2478 3178 2694 3215 suorum
2723 3163 2999 3218 liberatum
3023 3165 3093 3218 iri
3119 3179 3408 3233 sperantes,
3442 3169 3578 3237 quod
3607 3170 3728 3223 urbs

503 3246 898 3298 calamitatibus
969 3245 1229 3298 intestinis
1281 3256 1631 3314 premeretur,
1684 3263 1774 3300 nec
1828 3248 2051 3301 tolerare
2105 3257 2272 3317 posset
2342 3249 2536 3317 famem
2587 3261 2877 3320 urgentem,
2939 3256 3273 3318 omniumque
3321 3257 3728 3310 necessariorum

503 3334 805 3401 penuriam,
856 3349 914 3385 co
930 3333 1082 3385 nsilio
1113 3332 1313 3397 habito,
1368 3333 1595 3403 Despota
1628 3334 1822 3388 volente
1854 3335 2087 3400 nolente,
2134 3335 2422 3404 primarios
2453 3337 2596 3391 uritis
2621 3339 2752 3392 cives
2787 3339 2855 3391 ad
2892 3335 3109 3393 Venetos
3149 3340 3357 3407 misere,
3383 3343 3474 3412 qui
3500 3342 3728 3399 Thessa-

507 3419 729 3472 lonicam
764 3418 838 3472 eis
869 3419 1136 3472 dederent.
3203 3463 3230 3484 κ

580 3503 670 3559 ill.
705 3499 1148 3559 Thessalonicam
1209 3496 1448 3570 Veuetis,
1497 3515 1591 3561 seu
1619 3505 1950 3569 venditione;
2010 3523 2106 3565 seu
2134 3509 2408 3567 deditione
2455 3514 2712 3569 traditam
2739 3509 2976 3573 Murates
3001 3517 3066 3582 il,
3101 3518 3403 3574 Turcarum
3436 3523 3716 3591 princeps,

505 3589 854 3676 expugnabat
877 3592 964 3646 die
991 3589 1169 3646 Martii
1203 3608 1353 3656 χιιι,
1385 3608 1529 3647 anno
1565 3595 1911 3662 imperatoris
1937 3592 2169 3652 Joannis
2192 3591 2476 3670 Palaaologi
2501 3602 2738 3670 Junioris
2763 3603 2850 3670 l2,
2875 3607 3059 3661 mundi
3122 3607 3308 3662 Greco
3336 3589 3498 3676 6958,
3524 3608 3730 3666 Christi

509 3673 670 3735 N30.
699 3679 968 3751 Georgius
1016 3679 1260 3734 Phranza
1291 3681 1386 3736 lib.
1417 3697 1455 3735 ιι
1514 3679 1786 3747 Chronici,
1821 3697 1942 3752 cap.
1983 3684 2016 3740 9
2044 3702 2059 3740 :
2114 3683 2226 3750 Quo
2260 3699 2483 3754 tempore
2516 3692 2675 3743 etiam
2709 3691 2939 3746 Amuras
2975 3696 3256 3749 Amnrates
3298 3673 3727 3753 Thessalonicam

509 3767 730 3829 obsedit,
759 3778 927 3854 quam
955 3778 1065 3820 tum
1129 3765 1310 3854 i’eneti
1342 3767 1608 3822 tenebant.
1669 3767 1870 3823 ibidem
1905 3771 2064 3840 paulo
2091 3782 2212 3842 post
2241 3788 2256 3828 :
2291 3773 2461 3845 Atque
2490 3777 2562 3829 ita
2592 3793 2764 3831 mense
2793 3778 2968 3846 Aprili
3005 3779 3134 3851 [non
3157 3781 3350 3850 Aprili,
3382 3785 3477 3839 sed
3518 3785 3726 3854 Martio,

515 3855 562 3945 si
593 3863 783 3909 nostro
805 3853 1079 3909 credimus
1130 3853 1476 3921 Anagnostaa,
1530 3855 1622 3923 qui
1653 3857 1919 3924 potiorem
1956 3860 2062 3913 hac
2117 3861 2171 3914 in
2205 3877 2261 3914 re
2301 3863 2460 3916 iidem
2513 3864 2775 3937 meretur]
2810 3868 3043 3931 eiusdem
3067 3873 3198 3923 anni
3229 3871 3416 3945 [6958]
3465 3853 3721 3944 inclytam

510 3933 940 3995 Thessalonicam
972 3942 1139 3994 armis
1171 3942 1499 4011 subjugavit.
1535 3942 1656 4010 ipse
1741 3954 1927 3999 noster
1947 3945 2260 4015 Anagnosta
2296 3951 2346 4003 in
2379 3950 2518 4005 libro
2548 3951 2628 4006 De
2669 3933 2847 4008 excisa
2879 3933 3255 4012 Thessalonica
3293 3933 3414 4027 cap:
3440 3962 3526 4026 l3,
3557 3933 3720 4016 inter-

506 4037 664 4098 prete
689 4029 886 4116 ‘Leone
915 4029 1163 4116 Allatioi:
1195 4027 1252 4081 Is
1282 4028 1336 4100 [e
1360 4028 1577 4095 Turcis,
1604 4032 1694 4101 qui
1726 4033 1936 4101 primus
1967 4031 2539 4091 Thessalonicensium
2575 4055 2758 4094 muros
2778 4043 3122 4115 ascenderat]
3161 4045 3342 4100 Latini
3363 4049 3494 4100 inter
3523 4065 3718 4116 propu-

503 4113 731 4184 gnacula
761 4115 993 4184 confossi
1048 4115 1347 4170 vulneribus
1389 4127 1440 4170 et
1475 4129 1768 4173 extremum
1799 4121 2055 4189 spirantis
2113 4133 2269 4188 caput
2300 4123 2566 4177 abcissum
2599 4127 2738 4179 inter
2759 4113 3367 4200 confligentesiprojeeit,
3389 4113 3631 4199 innitens,
3663 4119 3722 4189 se

505 4201 678 4268 partis
708 4202 851 4255 illius
871 4205 1112 4288 potitum,
1142 4212 1190 4256 et
1213 4203 1432 4257 desertis
1460 4207 1622 4259 muris
1649 4207 1804 4273 plane
1832 4224 2007 4261 omnes
2039 4208 2093 4260 in
2123 4209 2300 4277 fugam
2330 4226 2464 4274 sese,
2494 4212 2691 4266 reditus
2715 4215 3064 4283 immemores,
3095 4219 3402 4288 conjecisse.
3440 4220 3586 4275 Diem
3615 4235 3725 4276 tum

508 4289 773 4356 aperiebat
806 4293 998 4360 mensis
1033 4283 1266 4342 Martius
1296 4304 1489 4342 nonum
1524 4299 1574 4344 et
1603 4285 1904 4345 vicesimum
1932 4295 2060 4346 anni
2091 4306 2183 4348 sea:
2214 4293 2485 4350 millesimi
2532 4302 2908 4367 nongentesimi
2937 4283 3200 4358 tricesimi
3215 4311 3409 4363 octavi.
3446 4309 3618 4374 Quare
3643 4311 3732 4364 ille

503 4377 702 4444 pedites
726 4393 902 4430 omnes
929 4376 1219 4430 adhortans
1250 4385 1298 4428 et
1327 4374 1639 4430 destitutum
1671 4395 1703 4430 a
1733 4379 2098 4444 defensoribus
2126 4381 2300 4435 locum
2331 4385 2663 4453 signiﬁcans,
2696 4397 2751 4440 ut
2788 4389 3320 4458 illicoascenderent,
3354 4398 3604 4452 clamare.
3639 4400 3732 4456 lati

505 4475 563 4517 ut
586 4473 828 4532 poterant
853 4461 1025 4516 subito
1051 4460 1210 4516 scalis
1235 4463 1488 4552 universis
1508 4464 1754 4530 admotis,
1781 4466 2078 4537 frequentes
2106 4471 2414 4538 ascendere,
2436 4471 2664 4526 clamore
2696 4483 2743 4527 et
2769 4480 3009 4547 strepitu,
3035 4482 3126 4550 qui
3161 4487 3423 4552 tympanis
3448 4490 3590 4541 corio
3611 4504 3732 4542 con-

504 4550 658 4618 fectis
681 4549 912 4603 elicitur.
1258 4549 1283 4576 ἰ
1831 4596 1844 4601 κ

578 4637 671 4692 ιν.
695 4641 1002 4706 Anagnosta
1029 4648 1228 4704 noster,
1263 4653 1388 4693 cum
1410 4637 1642 4695 Murales
1675 4641 1901 4711 imperio
1937 4643 2378 4698 Thessalonicam
2414 4645 2647 4701 Turcico
2677 4651 2992 4720 subjiceret,
3035 4655 3090 4708 in
3119 4672 3178 4710 ea
3210 4645 3446 4727 virebat,
3494 4678 3731 4719 commu-

508 4724 656 4822 nioni
679 4725 964 4821 malorum,
986 4724 1179 4794 quibus
1203 4726 1399 4780 incola:
1433 4738 1540 4780 tum
1567 4727 1786 4781 luerunt
1815 4733 2058 4797 obnoxii,
2080 4747 2335 4786 consors.
2375 4731 2554 4788 Testis
2581 4745 2665 4788 est
2703 4738 2940 4805 ipsemet
2964 4743 3015 4794 in
3044 4743 3311 4812 libroJam
3341 4724 3581 4815 laudato,
3609 4771 3726 4822 cap.

506 4808 565 4869 2,
604 4809 692 4862 ubi
728 4812 1018 4880 compellat
1045 4813 1126 4866 his
1166 4813 1352 4869 verbis
1378 4815 1612 4868 amicum
1643 4832 1657 4868 :
1685 4815 1801 4881 Ipse
1849 4835 1966 4872 vero
1994 4836 2057 4873 ea
2089 4823 2416 4876 solummodo
2445 4824 2780 4904 complectar,
2809 4845 2925 4898 qua:
2951 4831 3060 4885 haec
3085 4808 3270 4890 civilius
3303 4838 3400 4892 hoc
3429 4844 3511 4894 sui
3539 4808 3731 4898 eacidii

507 4904 733 4963 tempore
755 4914 915 4996 passa
941 4909 1035 4962 est,
1085 4910 1243 4968 tuque
1274 4901 1422 4954 nobis
1453 4902 1616 4978 paulo
1646 4916 1767 4958 ante
1796 4922 1953 4974 quam
1982 4921 2047 4959 ea:
2068 4924 2127 4962 ea
2157 4915 2452 4976 excederes,
2501 4901 2831 4984 insinuaras,
2857 4933 3242 4994 proptereaque
3268 4929 3570 4996 infortunii,
3596 4937 3731 5002 quod

505 4996 621 5033 eam
645 4985 924 5084 oppressit,
950 5000 1052 5038 non
1085 4987 1364 5088 admodum
1397 5004 1615 5056 gnarus.
1652 4989 1746 5044 Res
1779 4994 2039 5062 siquidem
2068 4995 2378 5051 Latinorum
2403 5011 2458 5053 tu
2480 5004 2661 5070 etiam,
2697 5021 2814 5057 cum
2842 5009 2894 5060 in
2920 4985 3046 5063 urbe
3068 4985 3466 5085 quotidianum
3491 4985 3732 5088 gereren:

508 5081 617 5172 tur,
662 5075 1009 5179 conspiceres,
1061 5075 1396 5179 aptimelnec
1429 5078 1618 5150 fallor]
1679 5092 1841 5134 tenes.
1913 5081 2114 5138 Ibidem
2152 5089 2312 5156 paulo
2344 5101 2502 5160 post:
2563 5091 2745 5162 Neque
2769 5098 2906 5149 enim
2944 5075 3142 5154 Turcte'
3170 5120 3284 5157 cum
3308 5075 3519 5162 Latinis
3560 5112 3729 5179 ftedus

506 5159 691 5222 iniere,
726 5159 847 5212 licet
882 5164 1072 5259 stcpins
1123 5164 1378 5231 legatione
1431 5168 1593 5219 missa
1641 5169 1695 5220 id
1726 5181 2129 5238 pertentassent,
2184 5159 2545 5245 supplicesque
2574 5159 2737 5233 etiam
2774 5197 3048 5253 rogassent
3074 5203 3093 5242 :
3127 5206 3293 5259 neque
3323 5159 3524 5250 eratin
3553 5159 3731 5254 {an};

507 5255 788 5345 potestate,
824 5250 985 5314 copiis
1021 5253 1306 5345 nostris-in
1339 5265 1623 5320 angustum
1651 5257 1843 5323 o;‘pido
1886 5261 2101 5324 coactis,
2131 5270 2179 5316 et
2209 5266 2632 5322 discordantibus
2651 5272 2784 5324 votis
2809 5250 2873 5326 ab
2905 5279 3150 5331 unanimi
3180 5250 3432 5338 sententia
3453 5250 3709 5345 cmi'ulsis

509 5332 710 5445 aliquid
737 5351 911 5401 agere,
938 5346 993 5387 ut
1030 5346 1136 5389 tute
1168 5339 1328 5389 etiam
1359 5344 1514 5404 nosti,
1554 5343 1644 5410 qui
1697 5359 1801 5395 una
1836 5346 2104 5400 nobiscum
2127 5365 2266 5417 eras,
2307 5354 2572 5408 malorum
2604 5359 2841 5424 perinde,
2875 5373 3029 5429 atque
3053 5366 3172 5425 alii,
3201 5332 3729 5445 erpei'ttts:(i'ap.wil';

565 5424 764 5445 --.--.'.-.-
796 5437 909 5445 -..ΑΔ
945 5426 1006 5445 ...Ι
1037 5428 1369 5445 ..ημ-.---.ιμη-
1415 5439 1448 5445 _.
1536 5432 1546 5445 ι
1772 5431 1782 5440 ο
1961 5444 1965 5445 ,
2158 5437 2169 5445 .
2330 5441 2340 5445 _
2379 5442 2432 5445 ___

511 5418 764 5473 Omnibus
788 5437 910 5490 ergo
938 5426 1374 5525 ail’uynandum
1403 5439 1448 5480 et
1479 5432 1728 5482 adversus
1765 5431 2045 5497 irruentes,
2080 5437 2255 5489 aninto
2289 5441 2432 5493 virili
2463 5447 2810 5515 prementique
2836 5418 3066 5517 paratis,
3095 5457 3243 5509 aliud
3263 5418 3466 5525 ,Iprtctevi'
3497 5418 3732 5518 In“;le

509 5510 946 5570 exspectationem
968 5509 1204 5563 Marates
1230 5515 1550 5582 exsequitur.
1577 5517 1691 5570 Nos
1723 5521 1862 5571 enim
1892 5536 2066 5574 omnes
2089 5527 2510 5594 suspicabamur,
2541 5509 2737 5584 tantam
2758 5509 3032 5602 copiarum
3055 5509 3244 5596 molem

504 5611 636 5663 quas
671 5597 956 5650 multitudo
994 5601 1308 5653 CtttttclOt'ttm
1345 5611 1392 5654 et
1425 5619 1675 5657 curruum
1735 5609 1968 5675 quotidie
1997 5613 2296 5678 adrehebat,
2343 5620 2649 5686 conspicati,
2681 5624 2850 5687 primo
2884 5626 2969 5677 sui
3005 5634 3228 5696 appulsu
3274 5635 3508 5701 furenter
3535 5597 3732 5695 iratum

509 5697 691 5736 muros
724 5691 1098 5754 appelitut'ttttt,
1153 5704 1340 5756 eosque
1364 5689 1592 5758 lapidum
1625 5697 1927 5761 nmnufarto
1955 5703 2151 5753 tonitru
2184 5705 2653 5773 dit‘Ct'l'eralut‘um,
2703 5727 2793 5767 nee
2827 5729 2878 5768 tt;
2898 5731 2926 5767 tt
2955 5726 3002 5769 et
3030 5689 3190 5786 supra
3214 5689 3390 5781 muros
3420 5689 3730 5786 manicis—ii:

3269 5555 3317 5597 el
3347 5550 3732 5613 machinarum,
