  <div class='ocr_page' id='page_1' title='image "/cluster/home/n/w/nwhite01/storage/ocr_20150623/156/mdp.39015078384719/302.png"; bbox 0 0 4096 6300; ppageno 0'>
   <div class='ocr_carea' id='block_1_1' title="bbox 382 393 1999 464">
    <p class='ocr_par' dir='ltr' id='par_1_1' title="bbox 382 399 1999 464">
     <span class='ocr_line' id='line_1_1' title="bbox 382 399 1999 464; baseline 0 -1"><span class='ocrx_word' id='word_1_1' title='bbox 382 402 486 463; x_wconf 68' lang='lat'><strong>585</strong></span> <span class='ocrx_word' id='word_1_2' title='bbox 1319 399 1656 464; x_wconf 79' lang='lat' dir='ltr'><strong><em>JOANNES</em></strong></span> <span class='ocrx_word' id='word_1_3' title='bbox 1706 399 1999 463; x_wconf 80' lang='lat' dir='ltr'><strong><em>ANAGNC</em></strong></span> 
     </span>
    </p>
   </div>
   <div class='ocr_carea' id='block_1_2' title="bbox 1984 393 3601 464">
    <p class='ocr_par' dir='ltr' id='par_1_2' title="bbox 1984 393 3601 463">
     <span class='ocr_line' id='line_1_2' title="bbox 1984 393 3601 463; baseline -0.005 0"><span class='ocrx_word' id='word_1_4' title='bbox 1984 400 2179 463; x_wconf 77' lang='lat' dir='ltr'><strong><em>3STA.</em></strong></span> <span class='ocrx_word' id='word_1_5' title='bbox 2227 423 2296 436; x_wconf 68' lang='grc'><strong><em>’-</em></strong></span> <span class='ocrx_word' id='word_1_6' title='bbox 2325 395 2687 461; x_wconf 81' lang='grc' dir='ltr'><strong><em>ΝΟΤῙΤΙΑ.1</em></strong></span> <span class='ocrx_word' id='word_1_7' title='bbox 3502 393 3601 455; x_wconf 82' lang='grc'><strong><em>586</em></strong></span> 
     </span>
    </p>
   </div>
   <div class='ocr_carea' id='block_1_3' title="bbox 385 502 3604 585">
    <p class='ocr_par' dir='ltr' id='par_1_3' title="bbox 385 502 3604 585">
     <span class='ocr_line' id='line_1_3' title="bbox 385 502 3604 585; baseline -0.003 -18"><span class='ocrx_word' id='word_1_8' title='bbox 385 514 529 583; x_wconf 86' lang='lat' dir='ltr'><strong><em>gittis</em></strong></span> <span class='ocrx_word' id='word_1_9' title='bbox 559 512 798 581; x_wconf 89' lang='lat' dir='ltr'><strong><em>impulsis</em></strong></span> <span class='ocrx_word' id='word_1_10' title='bbox 826 513 1174 579; x_wconf 85' lang='lat' dir='ltr'><strong><em>dimoturum,</em></strong></span> <span class='ocrx_word' id='word_1_11' title='bbox 1199 516 1568 585; x_wconf 72' lang='lat' dir='ltr'><strong><em>machinasque</em></strong></span> <span class='ocrx_word' id='word_1_12' title='bbox 1596 533 1773 569; x_wconf 88' lang='lat' dir='ltr'><strong><em>omnes</em></strong></span> <span class='ocrx_word' id='word_1_13' title='bbox 1803 517 1873 568; x_wconf 91' lang='lat' dir='ltr'><strong><em>ad</em></strong></span> <span class='ocrx_word' id='word_1_14' title='bbox 1895 502 2074 568; x_wconf 81' lang='lat' dir='ltr'><strong><em>urbem</em></strong></span> <span class='ocrx_word' id='word_1_15' title='bbox 2101 514 2444 567; x_wconf 76' lang='lat' dir='ltr'><strong><em>excidendam</em></strong></span> <span class='ocrx_word' id='word_1_16' title='bbox 2475 521 2884 579; x_wconf 88' lang='lat' dir='ltr'><strong><em>usurpatarum.</em></strong></span> <span class='ocrx_word' id='word_1_17' title='bbox 2916 510 3047 579; x_wconf 85' lang='lat' dir='ltr'><strong><em>Cap.</em></strong></span> <span class='ocrx_word' id='word_1_18' title='bbox 3084 510 3309 575; x_wconf 78' lang='lat' dir='ltr'><strong><em>i5,cum</em></strong></span> <span class='ocrx_word' id='word_1_19' title='bbox 3350 523 3380 562; x_wconf 86' lang='lat' dir='ltr'><strong><em>a</em></strong></span> <span class='ocrx_word' id='word_1_20' title='bbox 3415 505 3604 560; x_wconf 80' lang='lat' dir='ltr'><strong><em>Turcis</em></strong></span> 
     </span>
    </p>
   </div>
   <div class='ocr_carea' id='block_1_4' title="bbox 390 598 3603 676">
    <p class='ocr_par' dir='ltr' id='par_1_4' title="bbox 390 598 3603 676">
     <span class='ocr_line' id='line_1_4' title="bbox 390 598 3603 676; baseline -0.002 -25"><span class='ocrx_word' id='word_1_21' title='bbox 390 602 579 652; x_wconf 81' lang='lat' dir='ltr'>urbem</span> <span class='ocrx_word' id='word_1_22' title='bbox 618 610 928 666; x_wconf 77' lang='lat' dir='ltr'><strong><em>superatam</em></strong></span> <span class='ocrx_word' id='word_1_23' title='bbox 960 602 1369 655; x_wconf 83' lang='lat' dir='ltr'><strong><em>memoravisset</em></strong></span> <span class='ocrx_word' id='word_1_24' title='bbox 1389 620 1402 655; x_wconf 92' lang='lat'>:</span> <span class='ocrx_word' id='word_1_25' title='bbox 1424 603 1617 656; x_wconf 81' lang='lat' dir='ltr'><strong><em>Omnes</em></strong></span> <span class='ocrx_word' id='word_1_26' title='bbox 1643 604 1823 673; x_wconf 82' lang='lat' dir='ltr'><strong><em>itaque</em></strong></span> <span class='ocrx_word' id='word_1_27' title='bbox 1858 618 1971 664; x_wconf 91' lang='lat' dir='ltr'><strong><em>nos,</em></strong></span> <span class='ocrx_word' id='word_1_28' title='bbox 2001 612 2057 653; x_wconf 89' lang='lat' dir='ltr'><strong><em>ut</em></strong></span> <span class='ocrx_word' id='word_1_29' title='bbox 2077 604 2262 669; x_wconf 88' lang='lat' dir='ltr'><strong><em>cuique</em></strong></span> <span class='ocrx_word' id='word_1_30' title='bbox 2281 601 2447 661; x_wconf 86' lang='lat' dir='ltr'><strong><em>licuit,</em></strong></span> <span class='ocrx_word' id='word_1_31' title='bbox 2481 606 2662 669; x_wconf 84' lang='lat' dir='ltr'><strong><em>fugam</em></strong></span> <span class='ocrx_word' id='word_1_32' title='bbox 2690 609 3041 661; x_wconf 89' lang='lat' dir='ltr'><strong><em>maturantes,</em></strong></span> <span class='ocrx_word' id='word_1_33' title='bbox 3085 599 3176 650; x_wconf 82' lang='lat' dir='ltr'><strong><em>alii</em></strong></span> <span class='ocrx_word' id='word_1_34' title='bbox 3201 598 3466 650; x_wconf 73' lang='lat' dir='ltr'><strong><em>incudibus</em></strong></span> <span class='ocrx_word' id='word_1_35' title='bbox 3494 610 3603 676; x_wconf 80' lang='lat' dir='ltr'><strong><em>sese</em></strong></span> 
     </span>
    </p>
   </div>
   <div class='ocr_carea' id='block_1_5' title="bbox 388 685 3603 757">
    <p class='ocr_par' dir='ltr' id='par_1_5' title="bbox 388 685 3603 757">
     <span class='ocr_line' id='line_1_5' title="bbox 388 685 3603 757; baseline -0.002 -19"><span class='ocrx_word' id='word_1_36' title='bbox 388 686 597 746; x_wconf 84' lang='lat' dir='ltr'><strong><em>abdere,</em></strong></span> <span class='ocrx_word' id='word_1_37' title='bbox 647 686 743 738; x_wconf 90' lang='lat' dir='ltr'><strong><em>alii</em></strong></span> <span class='ocrx_word' id='word_1_38' title='bbox 775 687 828 738; x_wconf 87' lang='lat' dir='ltr'><strong><em>in</em></strong></span> <span class='ocrx_word' id='word_1_39' title='bbox 862 688 1129 741; x_wconf 87' lang='lat' dir='ltr'><strong><em>cuniculos</em></strong></span> <span class='ocrx_word' id='word_1_40' title='bbox 1160 700 1206 741; x_wconf 91' lang='lat' dir='ltr'><strong><em>et</em></strong></span> <span class='ocrx_word' id='word_1_41' title='bbox 1246 691 1489 756; x_wconf 85' lang='lat' dir='ltr'><strong><em>sepulcra</em></strong></span> <span class='ocrx_word' id='word_1_42' title='bbox 1517 730 1531 749; x_wconf 85' lang='lat'><strong><em>.</em></strong></span> <span class='ocrx_word' id='word_1_43' title='bbox 1580 698 1630 742; x_wconf 90' lang='lat' dir='ltr'><strong><em>et</em></strong></span> <span class='ocrx_word' id='word_1_44' title='bbox 1674 692 1719 743; x_wconf 89' lang='lat' dir='ltr'><strong><em>si</em></strong></span> <span class='ocrx_word' id='word_1_45' title='bbox 1749 687 1874 757; x_wconf 85' lang='lat' dir='ltr'><strong><em>quid</em></strong></span> <span class='ocrx_word' id='word_1_46' title='bbox 1917 688 2065 741; x_wconf 86' lang='lat' dir='ltr'><strong><em>aliud</em></strong></span> <span class='ocrx_word' id='word_1_47' title='bbox 2092 690 2255 740; x_wconf 84' lang='lat' dir='ltr'><strong><em>saluti</em></strong></span> <span class='ocrx_word' id='word_1_48' title='bbox 2285 688 2671 741; x_wconf 80' lang='lat' dir='ltr'><strong><em>conducibilius</em></strong></span> <span class='ocrx_word' id='word_1_49' title='bbox 2718 686 3011 751; x_wconf 71' lang='lat' dir='ltr'><strong><em>videbatur,</em></strong></span> <span class='ocrx_word' id='word_1_50' title='bbox 3042 702 3143 737; x_wconf 89' lang='lat' dir='ltr'><strong><em>non</em></strong></span> <span class='ocrx_word' id='word_1_51' title='bbox 3169 685 3357 751; x_wconf 81' lang='lat' dir='ltr'><strong><em>absque</em></strong></span> <span class='ocrx_word' id='word_1_52' title='bbox 3378 693 3603 736; x_wconf 75' lang='lat' dir='ltr'><strong><em>tremore</em></strong></span> 
     </span>
    </p>
   </div>
   <div class='ocr_carea' id='block_1_6' title="bbox 389 768 3607 841">
    <p class='ocr_par' dir='ltr' id='par_1_6' title="bbox 389 768 3607 841">
     <span class='ocr_line' id='line_1_6' title="bbox 389 768 3607 841; baseline -0.001 -18"><span class='ocrx_word' id='word_1_53' title='bbox 389 772 688 839; x_wconf 90' lang='lat' dir='ltr'><strong><em>subrepere.</em></strong></span> <span class='ocrx_word' id='word_1_54' title='bbox 721 772 854 841; x_wconf 86' lang='lat' dir='ltr'><strong><em>Cap.</em></strong></span> <span class='ocrx_word' id='word_1_55' title='bbox 885 773 972 836; x_wconf 86' lang='grc'><strong><em>18,</em></strong></span> <span class='ocrx_word' id='word_1_56' title='bbox 1007 774 1183 828; x_wconf 70' lang='grc' dir='ltr'>ιιωόθ</span> <span class='ocrx_word' id='word_1_57' title='bbox 1218 774 1442 828; x_wconf 74' lang='lat' dir='ltr'><strong><em>Muralis</em></strong></span> <span class='ocrx_word' id='word_1_58' title='bbox 1472 791 1501 828; x_wconf 87' lang='lat' dir='ltr'><strong><em>a</em></strong></span> <span class='ocrx_word' id='word_1_59' title='bbox 1539 774 2122 828; x_wconf 87' lang='lat' dir='ltr'><strong><em>Tltessalonicensihus</em></strong></span> <span class='ocrx_word' id='word_1_60' title='bbox 2160 773 2311 827; x_wconf 89' lang='lat' dir='ltr'><strong><em>abitu</em></strong></span> <span class='ocrx_word' id='word_1_61' title='bbox 2344 774 2620 841; x_wconf 88' lang='lat' dir='ltr'><strong><em>loquitur:</em></strong></span> <span class='ocrx_word' id='word_1_62' title='bbox 2653 772 2976 825; x_wconf 84' lang='lat' dir='ltr'><strong><em>Primatibus</em></strong></span> <span class='ocrx_word' id='word_1_63' title='bbox 3012 773 3121 825; x_wconf 88' lang='lat' dir='ltr'><strong><em>suis</em></strong></span> <span class='ocrx_word' id='word_1_64' title='bbox 3150 768 3459 841; x_wconf 78' lang='lat' dir='ltr'><strong><em>[Muratem]</em></strong></span> <span class='ocrx_word' id='word_1_65' title='bbox 3492 770 3607 835; x_wconf 84' lang='lat' dir='ltr'><strong><em>qui-</em></strong></span> 
     </span>
    </p>
   </div>
   <div class='ocr_carea' id='block_1_7' title="bbox 390 854 3607 928">
    <p class='ocr_par' dir='ltr' id='par_1_7' title="bbox 390 854 3607 928">
     <span class='ocr_line' id='line_1_7' title="bbox 390 854 3607 928; baseline -0.002 -19"><span class='ocrx_word' id='word_1_66' title='bbox 390 859 511 909; x_wconf 88' lang='lat' dir='ltr'><strong><em>dam</em></strong></span> <span class='ocrx_word' id='word_1_67' title='bbox 532 860 687 911; x_wconf 88' lang='lat' dir='ltr'><strong><em>etiam</em></strong></span> <span class='ocrx_word' id='word_1_68' title='bbox 716 870 1041 913; x_wconf 84' lang='lat' dir='ltr'><strong><em>sacramento</em></strong></span> <span class='ocrx_word' id='word_1_69' title='bbox 1065 860 1238 927; x_wconf 86' lang='lat' dir='ltr'><strong><em>ferunt</em></strong></span> <span class='ocrx_word' id='word_1_70' title='bbox 1258 862 1453 915; x_wconf 77' lang='lat' dir='ltr'><strong><em>dixisse</em></strong></span> <span class='ocrx_word' id='word_1_71' title='bbox 1480 880 1492 915; x_wconf 89' lang='lat'><strong>:</strong></span> <span class='ocrx_word' id='word_1_72' title='bbox 1524 860 1789 928; x_wconf 83' lang='lat' dir='ltr'><strong><em>Injustum</em></strong></span> <span class='ocrx_word' id='word_1_73' title='bbox 1813 870 1910 924; x_wconf 86' lang='lat' dir='ltr'><strong><em>est,</em></strong></span> <span class='ocrx_word' id='word_1_74' title='bbox 1956 876 2073 913; x_wconf 90' lang='lat' dir='ltr'><strong><em>cum</em></strong></span> <span class='ocrx_word' id='word_1_75' title='bbox 2127 862 2279 912; x_wconf 86' lang='lat' dir='ltr'><strong><em>rebus</em></strong></span> <span class='ocrx_word' id='word_1_76' title='bbox 2312 860 2701 912; x_wconf 87' lang='lat' dir='ltr'><strong><em>debellatorum</em></strong></span> <span class='ocrx_word' id='word_1_77' title='bbox 2731 854 3342 928; x_wconf 77' lang='lat' dir='ltr'><strong><em>[Tltessalonicensium]</em></strong></span> <span class='ocrx_word' id='word_1_78' title='bbox 3376 854 3607 906; x_wconf 88' lang='lat' dir='ltr'><strong><em>debella-</em></strong></span> 
     </span>
    </p>
   </div>
   <div class='ocr_carea' id='block_1_8' title="bbox 395 941 3603 1017">
    <p class='ocr_par' dir='ltr' id='par_1_8' title="bbox 395 941 3603 1017">
     <span class='ocr_line' id='line_1_8' title="bbox 395 941 3603 1017; baseline -0.002 -21"><span class='ocrx_word' id='word_1_79' title='bbox 395 956 473 996; x_wconf 90' lang='lat' dir='ltr'><strong><em>tos</em></strong></span> <span class='ocrx_word' id='word_1_80' title='bbox 506 961 709 1014; x_wconf 84' lang='lat' dir='ltr'><strong><em>quoque</em></strong></span> <span class='ocrx_word' id='word_1_81' title='bbox 739 946 790 998; x_wconf 88' lang='lat' dir='ltr'><strong><em>in</em></strong></span> <span class='ocrx_word' id='word_1_82' title='bbox 821 948 1029 1000; x_wconf 88' lang='lat' dir='ltr'><strong><em>vincula</em></strong></span> <span class='ocrx_word' id='word_1_83' title='bbox 1062 949 1272 1017; x_wconf 83' lang='lat' dir='ltr'><strong><em>conjici,</em></strong></span> <span class='ocrx_word' id='word_1_84' title='bbox 1313 958 1362 1001; x_wconf 91' lang='lat' dir='ltr'><strong><em>et</em></strong></span> <span class='ocrx_word' id='word_1_85' title='bbox 1392 950 1567 1015; x_wconf 87' lang='lat' dir='ltr'><strong><em>patria</em></strong></span> <span class='ocrx_word' id='word_1_86' title='bbox 1591 949 1698 1000; x_wconf 89' lang='lat' dir='ltr'><strong><em>alio</em></strong></span> <span class='ocrx_word' id='word_1_87' title='bbox 1730 948 1983 1005; x_wconf 86' lang='lat' dir='ltr'><strong><em>abductos</em></strong></span> <span class='ocrx_word' id='word_1_88' title='bbox 2014 947 2272 1015; x_wconf 86' lang='lat' dir='ltr'><strong><em>spoliari:</em></strong></span> <span class='ocrx_word' id='word_1_89' title='bbox 2304 947 2599 999; x_wconf 85' lang='lat' dir='ltr'><strong><em>libertatem</em></strong></span> <span class='ocrx_word' id='word_1_90' title='bbox 2629 947 2806 1014; x_wconf 89' lang='lat' dir='ltr'><strong><em>itaque</em></strong></span> <span class='ocrx_word' id='word_1_91' title='bbox 2835 945 2941 996; x_wconf 89' lang='lat' dir='ltr'><strong><em>illis</em></strong></span> <span class='ocrx_word' id='word_1_92' title='bbox 2972 944 3326 999; x_wconf 83' lang='lat' dir='ltr'><strong><em>stabiliamus,</em></strong></span> <span class='ocrx_word' id='word_1_93' title='bbox 3359 941 3495 993; x_wconf 89' lang='lat' dir='ltr'><strong><em>siita</em></strong></span> <span class='ocrx_word' id='word_1_94' title='bbox 3528 942 3603 991; x_wconf 81' lang='lat' dir='ltr'><strong><em>vi-</em></strong></span> 
     </span>
    </p>
   </div>
   <div class='ocr_carea' id='block_1_9' title="bbox 394 1026 3609 1105">
    <p class='ocr_par' dir='ltr' id='par_1_9' title="bbox 394 1026 3609 1105">
     <span class='ocr_line' id='line_1_9' title="bbox 394 1026 3609 1105; baseline -0.002 -22"><span class='ocrx_word' id='word_1_95' title='bbox 394 1033 564 1091; x_wconf 86' lang='lat' dir='ltr'><strong><em>detur,</em></strong></span> <span class='ocrx_word' id='word_1_96' title='bbox 594 1042 685 1084; x_wconf 89' lang='lat' dir='ltr'><strong><em>aut</em></strong></span> <span class='ocrx_word' id='word_1_97' title='bbox 716 1032 827 1084; x_wconf 85' lang='lat' dir='ltr'><strong><em>sine</em></strong></span> <span class='ocrx_word' id='word_1_98' title='bbox 856 1036 1021 1100; x_wconf 87' lang='lat' dir='ltr'><strong><em>pretio</em></strong></span> <span class='ocrx_word' id='word_1_99' title='bbox 1045 1034 1168 1086; x_wconf 90' lang='lat' dir='ltr'><strong><em>illos</em></strong></span> <span class='ocrx_word' id='word_1_100' title='bbox 1199 1035 1532 1101; x_wconf 72' lang='lat' dir='ltr'><strong><em>accipientes.</em></strong></span> <span class='ocrx_word' id='word_1_101' title='bbox 1566 1046 1655 1086; x_wconf 90' lang='lat' dir='ltr'><strong><em>aut</em></strong></span> <span class='ocrx_word' id='word_1_102' title='bbox 1684 1033 1819 1086; x_wconf 90' lang='lat' dir='ltr'><strong><em>illud</em></strong></span> <span class='ocrx_word' id='word_1_103' title='bbox 1863 1050 1956 1086; x_wconf 89' lang='lat' dir='ltr'><strong><em>nos</em></strong></span> <span class='ocrx_word' id='word_1_104' title='bbox 1991 1041 2303 1101; x_wconf 87' lang='lat' dir='ltr'><strong><em>erogantes:</em></strong></span> <span class='ocrx_word' id='word_1_105' title='bbox 2337 1032 2641 1084; x_wconf 85' lang='lat' dir='ltr'><strong><em>auditorum</em></strong></span> <span class='ocrx_word' id='word_1_106' title='bbox 2676 1031 2806 1083; x_wconf 87' lang='lat' dir='ltr'><strong><em>alios</em></strong></span> <span class='ocrx_word' id='word_1_107' title='bbox 2866 1031 3174 1082; x_wconf 87' lang='lat' dir='ltr'><strong><em>sententiam</em></strong></span> <span class='ocrx_word' id='word_1_108' title='bbox 3204 1029 3473 1105; x_wconf 86' lang='lat' dir='ltr'><strong><em>laudasse,</em></strong></span> <span class='ocrx_word' id='word_1_109' title='bbox 3506 1026 3609 1076; x_wconf 88' lang='lat' dir='ltr'><strong><em>ad-</em></strong></span> 
     </span>
    </p>
   </div>
   <div class='ocr_carea' id='block_1_10' title="bbox 394 1114 3611 1187">
    <p class='ocr_par' dir='ltr' id='par_1_10' title="bbox 394 1114 3611 1187">
     <span class='ocr_line' id='line_1_10' title="bbox 394 1114 3611 1187; baseline 0 -24"><span class='ocrx_word' id='word_1_110' title='bbox 394 1115 653 1180; x_wconf 88' lang='lat' dir='ltr'><strong><em>hortatos,</em></strong></span> <span class='ocrx_word' id='word_1_111' title='bbox 679 1128 731 1168; x_wconf 88' lang='lat' dir='ltr'><strong><em>ut</em></strong></span> <span class='ocrx_word' id='word_1_112' title='bbox 762 1116 999 1183; x_wconf 85' lang='lat' dir='ltr'><strong><em>faceret;</em></strong></span> <span class='ocrx_word' id='word_1_113' title='bbox 1030 1119 1117 1171; x_wconf 88' lang='lat' dir='ltr'><strong><em>sed</em></strong></span> <span class='ocrx_word' id='word_1_114' title='bbox 1147 1134 1306 1171; x_wconf 86' lang='lat' dir='ltr'><strong><em>unum</em></strong></span> <span class='ocrx_word' id='word_1_115' title='bbox 1333 1134 1397 1172; x_wconf 71' lang='lat' dir='ltr'><strong><em>ex</em></strong></span> <span class='ocrx_word' id='word_1_116' title='bbox 1423 1121 1666 1182; x_wconf 86' lang='lat' dir='ltr'><strong><em>ducibus,</em></strong></span> <span class='ocrx_word' id='word_1_117' title='bbox 1718 1120 1806 1183; x_wconf 89' lang='lat' dir='ltr'><strong><em>qui</em></strong></span> <span class='ocrx_word' id='word_1_118' title='bbox 1844 1119 2103 1187; x_wconf 76' lang='lat' dir='ltr'><strong><em>dignitate</em></strong></span> <span class='ocrx_word' id='word_1_119' title='bbox 2131 1127 2348 1171; x_wconf 70' lang='lat' dir='ltr'><strong><em>cwteros</em></strong></span> <span class='ocrx_word' id='word_1_120' title='bbox 2380 1117 2721 1171; x_wconf 82' lang='lat' dir='ltr'><strong><em>antecellebat</em></strong></span> <span class='ocrx_word' id='word_1_121' title='bbox 2745 1158 2759 1175; x_wconf 86' lang='lat'><strong><em>.</em></strong></span> <span class='ocrx_word' id='word_1_122' title='bbox 2796 1133 2894 1168; x_wconf 89' lang='lat' dir='ltr'><strong><em>non</em></strong></span> <span class='ocrx_word' id='word_1_123' title='bbox 2920 1124 3127 1169; x_wconf 84' lang='lat' dir='ltr'><strong><em>tantum</em></strong></span> <span class='ocrx_word' id='word_1_124' title='bbox 3154 1131 3256 1167; x_wconf 87' lang='lat' dir='ltr'><strong><em>non</em></strong></span> <span class='ocrx_word' id='word_1_125' title='bbox 3290 1114 3611 1181; x_wconf 72' lang='lat' dir='ltr'><strong><em>approbasse</em></strong></span> 
     </span>
    </p>
   </div>
   <div class='ocr_carea' id='block_1_11' title="bbox 395 1200 3610 1273">
    <p class='ocr_par' dir='ltr' id='par_1_11' title="bbox 395 1200 3610 1273">
     <span class='ocr_line' id='line_1_11' title="bbox 395 1200 3610 1273; baseline -0 -21"><span class='ocrx_word' id='word_1_126' title='bbox 395 1202 547 1253; x_wconf 88' lang='lat' dir='ltr'><strong><em>verba</em></strong></span> <span class='ocrx_word' id='word_1_127' title='bbox 580 1200 644 1253; x_wconf 90' lang='lat' dir='ltr'><strong><em>de</em></strong></span> <span class='ocrx_word' id='word_1_128' title='bbox 671 1202 934 1267; x_wconf 79' lang='lat' dir='ltr'><strong><em>libertate,</em></strong></span> <span class='ocrx_word' id='word_1_129' title='bbox 966 1206 1055 1256; x_wconf 83' lang='lat' dir='ltr'><strong><em>sed</em></strong></span> <span class='ocrx_word' id='word_1_130' title='bbox 1083 1213 1130 1256; x_wconf 92' lang='lat' dir='ltr'><strong><em>et</em></strong></span> <span class='ocrx_word' id='word_1_131' title='bbox 1150 1206 1337 1273; x_wconf 86' lang='lat' dir='ltr'><strong><em>quibus</em></strong></span> <span class='ocrx_word' id='word_1_132' title='bbox 1363 1214 1566 1273; x_wconf 87' lang='lat' dir='ltr'><strong><em>poterat</em></strong></span> <span class='ocrx_word' id='word_1_133' title='bbox 1602 1205 1931 1268; x_wconf 84' lang='lat' dir='ltr'><strong><em>rationibus,</em></strong></span> <span class='ocrx_word' id='word_1_134' title='bbox 1955 1204 2231 1255; x_wconf 85' lang='lat' dir='ltr'><strong><em>consilium</em></strong></span> <span class='ocrx_word' id='word_1_135' title='bbox 2263 1203 2513 1269; x_wconf 86' lang='lat' dir='ltr'><strong><em>principis</em></strong></span> <span class='ocrx_word' id='word_1_136' title='bbox 2561 1203 2893 1270; x_wconf 81' lang='lat' dir='ltr'><strong><em>impedivisse</em></strong></span> <span class='ocrx_word' id='word_1_137' title='bbox 2916 1218 2934 1254; x_wconf 88' lang='lat'><strong><em>:</em></strong></span> <span class='ocrx_word' id='word_1_138' title='bbox 2968 1212 3017 1254; x_wconf 89' lang='lat' dir='ltr'><strong><em>et</em></strong></span> <span class='ocrx_word' id='word_1_139' title='bbox 3048 1218 3166 1253; x_wconf 85' lang='lat' dir='ltr'><strong><em>vero</em></strong></span> <span class='ocrx_word' id='word_1_140' title='bbox 3194 1201 3389 1253; x_wconf 84' lang='lat' dir='ltr'><strong><em>similia</em></strong></span> <span class='ocrx_word' id='word_1_141' title='bbox 3414 1201 3610 1262; x_wconf 78' lang='lat' dir='ltr'><strong><em>dicere,</em></strong></span> 
     </span>
    </p>
   </div>
   <div class='ocr_carea' id='block_1_12' title="bbox 396 1287 3615 1359">
    <p class='ocr_par' dir='ltr' id='par_1_12' title="bbox 396 1287 3615 1359">
     <span class='ocr_line' id='line_1_12' title="bbox 396 1287 3615 1359; baseline 0 -22"><span class='ocrx_word' id='word_1_142' title='bbox 396 1289 533 1354; x_wconf 88' lang='lat' dir='ltr'><strong><em>quod</em></strong></span> <span class='ocrx_word' id='word_1_143' title='bbox 554 1288 687 1339; x_wconf 90' lang='lat' dir='ltr'><strong><em>alios</em></strong></span> <span class='ocrx_word' id='word_1_144' title='bbox 710 1292 953 1354; x_wconf 85' lang='lat' dir='ltr'><strong><em>anteiret,</em></strong></span> <span class='ocrx_word' id='word_1_145' title='bbox 979 1292 1115 1342; x_wconf 87' lang='lat' dir='ltr'><strong><em>visus</em></strong></span> <span class='ocrx_word' id='word_1_146' title='bbox 1137 1300 1238 1342; x_wconf 89' lang='lat' dir='ltr'><strong><em>est.</em></strong></span> <span class='ocrx_word' id='word_1_147' title='bbox 1270 1290 1403 1343; x_wconf 86' lang='lat' dir='ltr'><strong><em>Erat</em></strong></span> <span class='ocrx_word' id='word_1_148' title='bbox 1440 1292 1597 1358; x_wconf 84' lang='lat' dir='ltr'><strong><em>plane</em></strong></span> <span class='ocrx_word' id='word_1_149' title='bbox 1624 1292 1676 1344; x_wconf 86' lang='lat' dir='ltr'><strong><em>id</em></strong></span> <span class='ocrx_word' id='word_1_150' title='bbox 1699 1305 1901 1359; x_wconf 80' lang='lat' dir='ltr'><strong><em>quoque</em></strong></span> <span class='ocrx_word' id='word_1_151' title='bbox 1927 1303 2161 1342; x_wconf 86' lang='lat' dir='ltr'><strong><em>meorum</em></strong></span> <span class='ocrx_word' id='word_1_152' title='bbox 2191 1288 2442 1341; x_wconf 90' lang='lat' dir='ltr'><strong><em>scelerum</em></strong></span> <span class='ocrx_word' id='word_1_153' title='bbox 2474 1288 2701 1355; x_wconf 90' lang='lat' dir='ltr'><strong><em>fructus,</em></strong></span> <span class='ocrx_word' id='word_1_154' title='bbox 2743 1298 2795 1339; x_wconf 93' lang='lat' dir='ltr'><strong><em>ut</em></strong></span> <span class='ocrx_word' id='word_1_155' title='bbox 2833 1290 2941 1348; x_wconf 90' lang='lat' dir='ltr'><strong><em>ipse</em></strong></span> <span class='ocrx_word' id='word_1_156' title='bbox 2972 1288 3098 1340; x_wconf 87' lang='lat' dir='ltr'><strong><em>mihi</em></strong></span> <span class='ocrx_word' id='word_1_157' title='bbox 3122 1287 3339 1349; x_wconf 86' lang='lat' dir='ltr'><strong><em>suadeo,</em></strong></span> <span class='ocrx_word' id='word_1_158' title='bbox 3367 1288 3615 1353; x_wconf 81' lang='lat' dir='ltr'><strong><em>quemad-</em></strong></span> 
     </span>
    </p>
   </div>
   <div class='ocr_carea' id='block_1_13' title="bbox 401 1362 3608 1445">
    <p class='ocr_par' dir='ltr' id='par_1_13' title="bbox 401 1362 3608 1445">
     <span class='ocr_line' id='line_1_13' title="bbox 401 1362 3608 1445; baseline 0 -20"><span class='ocrx_word' id='word_1_159' title='bbox 401 1374 610 1426; x_wconf 86' lang='lat' dir='ltr'><strong><em>modum</em></strong></span> <span class='ocrx_word' id='word_1_160' title='bbox 632 1382 681 1427; x_wconf 89' lang='lat' dir='ltr'><strong><em>et</em></strong></span> <span class='ocrx_word' id='word_1_161' title='bbox 702 1390 816 1443; x_wconf 81' lang='lat' dir='ltr'><strong><em>qua:</em></strong></span> <span class='ocrx_word' id='word_1_162' title='bbox 846 1392 1051 1429; x_wconf 83' lang='lat' dir='ltr'><strong><em>evenere</em></strong></span> <span class='ocrx_word' id='word_1_163' title='bbox 1077 1378 1276 1444; x_wconf 88' lang='lat' dir='ltr'><strong><em>reliqua</em></strong></span> <span class='ocrx_word' id='word_1_164' title='bbox 1298 1393 1319 1441; x_wconf 87' lang='lat'><strong><em>;</em></strong></span> <span class='ocrx_word' id='word_1_165' title='bbox 1345 1378 1463 1445; x_wconf 86' lang='lat' dir='ltr'><strong><em>licet</em></strong></span> <span class='ocrx_word' id='word_1_166' title='bbox 1494 1377 1730 1430; x_wconf 84' lang='lat' dir='ltr'><strong><em>nonnulli</em></strong></span> <span class='ocrx_word' id='word_1_167' title='bbox 1782 1390 2073 1429; x_wconf 85' lang='lat' dir='ltr'><strong><em>sermonem</em></strong></span> <span class='ocrx_word' id='word_1_168' title='bbox 2129 1374 2266 1426; x_wconf 87' lang='lat' dir='ltr'><strong><em>hunc</em></strong></span> <span class='ocrx_word' id='word_1_169' title='bbox 2298 1390 2396 1427; x_wconf 91' lang='lat' dir='ltr'><strong><em>non</em></strong></span> <span class='ocrx_word' id='word_1_170' title='bbox 2424 1362 2718 1439; x_wconf 71' lang='lat' dir='ltr'><strong><em>patentibus</em></strong></span> <span class='ocrx_word' id='word_1_171' title='bbox 2757 1374 2974 1426; x_wconf 78' lang='lat' dir='ltr'><strong><em>auribus</em></strong></span> <span class='ocrx_word' id='word_1_172' title='bbox 2995 1375 3324 1441; x_wconf 81' lang='lat' dir='ltr'><strong><em>arripientes,</em></strong></span> <span class='ocrx_word' id='word_1_173' title='bbox 3352 1388 3514 1441; x_wconf 78' lang='lat' dir='ltr'><strong><em>neque</em></strong></span> <span class='ocrx_word' id='word_1_174' title='bbox 3539 1388 3608 1425; x_wconf 64' lang='lat' dir='ltr'><strong><em>sev</em></strong></span> 
     </span>
    </p>
   </div>
   <div class='ocr_carea' id='block_1_14' title="bbox 402 1457 3617 1532">
    <p class='ocr_par' dir='ltr' id='par_1_14' title="bbox 402 1457 3617 1532">
     <span class='ocr_line' id='line_1_14' title="bbox 402 1457 3617 1532; baseline 0 -20"><span class='ocrx_word' id='word_1_175' title='bbox 402 1463 647 1529; x_wconf 83' lang='lat' dir='ltr'><strong><em>metipsos</em></strong></span> <span class='ocrx_word' id='word_1_176' title='bbox 673 1478 888 1515; x_wconf 89' lang='lat' dir='ltr'><strong><em>causam</em></strong></span> <span class='ocrx_word' id='word_1_177' title='bbox 914 1464 1076 1529; x_wconf 90' lang='lat' dir='ltr'><strong><em>fuisse</em></strong></span> <span class='ocrx_word' id='word_1_178' title='bbox 1091 1457 1423 1532; x_wconf 72' lang='lat' dir='ltr'><strong><em>judicante&#39;s,</em></strong></span> <span class='ocrx_word' id='word_1_179' title='bbox 1485 1465 1675 1517; x_wconf 87' lang='lat' dir='ltr'><strong><em>divinis</em></strong></span> <span class='ocrx_word' id='word_1_180' title='bbox 1700 1464 1974 1531; x_wconf 67' lang='lat' dir='ltr'><strong><em>praeceptis</em></strong></span> <span class='ocrx_word' id='word_1_181' title='bbox 2002 1461 2271 1530; x_wconf 87' lang='lat' dir='ltr'><strong><em>neglectis,</em></strong></span> <span class='ocrx_word' id='word_1_182' title='bbox 2320 1461 2617 1513; x_wconf 87' lang='lat' dir='ltr'><strong><em>hominibus</em></strong></span> <span class='ocrx_word' id='word_1_183' title='bbox 2649 1472 2924 1514; x_wconf 80' lang='lat' dir='ltr'><strong><em>eventuum</em></strong></span> <span class='ocrx_word' id='word_1_184' title='bbox 2948 1477 3140 1515; x_wconf 90' lang='lat' dir='ltr'><strong><em>causas</em></strong></span> <span class='ocrx_word' id='word_1_185' title='bbox 3181 1460 3471 1513; x_wconf 84' lang='lat' dir='ltr'><strong><em>ascribunt.</em></strong></span> <span class='ocrx_word' id='word_1_186' title='bbox 3504 1458 3617 1527; x_wconf 83' lang='lat' dir='ltr'><strong><em>Ego</em></strong></span> 
     </span>
    </p>
   </div>
   <div class='ocr_carea' id='block_1_15' title="bbox 402 1550 2662 1620">
    <p class='ocr_par' dir='ltr' id='par_1_15' title="bbox 402 1550 2662 1620">
     <span class='ocr_line' id='line_1_15' title="bbox 402 1550 2662 1620; baseline 0.002 -20"><span class='ocrx_word' id='word_1_187' title='bbox 402 1564 543 1613; x_wconf 90' lang='lat' dir='ltr'><strong><em>vero,</em></strong></span> <span class='ocrx_word' id='word_1_188' title='bbox 562 1550 815 1618; x_wconf 84' lang='lat' dir='ltr'><strong><em>quidquid</em></strong></span> <span class='ocrx_word' id='word_1_189' title='bbox 842 1551 895 1602; x_wconf 87' lang='lat' dir='ltr'><strong><em>id</em></strong></span> <span class='ocrx_word' id='word_1_190' title='bbox 917 1552 1096 1618; x_wconf 86' lang='lat' dir='ltr'><strong><em>fuerit.</em></strong></span> <span class='ocrx_word' id='word_1_191' title='bbox 1123 1553 1316 1605; x_wconf 74' lang='lat' dir='ltr'><strong><em>divintz</em></strong></span> <span class='ocrx_word' id='word_1_192' title='bbox 1343 1552 1608 1620; x_wconf 90' lang='lat' dir='ltr'><strong><em>punitioui</em></strong></span> <span class='ocrx_word' id='word_1_193' title='bbox 1637 1560 1848 1619; x_wconf 85' lang='lat' dir='ltr'><strong><em>propter</em></strong></span> <span class='ocrx_word' id='word_1_194' title='bbox 1876 1566 2045 1603; x_wconf 83' lang='lat' dir='ltr'><strong><em>meam</em></strong></span> <span class='ocrx_word' id='word_1_195' title='bbox 2071 1551 2443 1604; x_wconf 79' lang='lat' dir='ltr'><strong><em>correctionem</em></strong></span> <span class='ocrx_word' id='word_1_196' title='bbox 2467 1551 2662 1605; x_wconf 84' lang='lat' dir='ltr'><strong><em>tribuo.</em></strong></span> 
     </span>
    </p>
   </div>
   <div class='ocr_carea' id='block_1_16' title="bbox 477 1635 3619 1708">
    <p class='ocr_par' dir='ltr' id='par_1_16' title="bbox 477 1635 3619 1708">
     <span class='ocr_line' id='line_1_16' title="bbox 477 1635 3619 1708; baseline -0.001 -17"><span class='ocrx_word' id='word_1_197' title='bbox 477 1635 539 1691; x_wconf 83' lang='lat' dir='ltr'><strong><em>V.</em></strong></span> <span class='ocrx_word' id='word_1_198' title='bbox 569 1637 697 1691; x_wconf 86' lang='lat' dir='ltr'><strong><em>Post</em></strong></span> <span class='ocrx_word' id='word_1_199' title='bbox 728 1638 861 1702; x_wconf 68' lang='lat' dir='ltr'><strong><em>haec,</em></strong></span> <span class='ocrx_word' id='word_1_200' title='bbox 898 1638 1095 1691; x_wconf 87' lang='lat' dir='ltr'><strong><em>nudam</em></strong></span> <span class='ocrx_word' id='word_1_201' title='bbox 1144 1638 1352 1692; x_wconf 83' lang='lat' dir='ltr'><strong><em>civibus</em></strong></span> <span class='ocrx_word' id='word_1_202' title='bbox 1380 1638 1823 1691; x_wconf 80' lang='lat' dir='ltr'><strong><em>Thessalonicam</em></strong></span> <span class='ocrx_word' id='word_1_203' title='bbox 1870 1635 2109 1689; x_wconf 83' lang='lat' dir='ltr'><strong><em>Murates</em></strong></span> <span class='ocrx_word' id='word_1_204' title='bbox 2135 1638 2325 1708; x_wconf 75' lang='lat' dir='ltr'><strong><em>incolis</em></strong></span> <span class='ocrx_word' id='word_1_205' title='bbox 2356 1638 2677 1689; x_wconf 82' lang='lat' dir='ltr'><strong><em>instructam</em></strong></span> <span class='ocrx_word' id='word_1_206' title='bbox 2729 1636 3004 1702; x_wconf 88' lang='lat' dir='ltr'><strong><em>cupiebat,</em></strong></span> <span class='ocrx_word' id='word_1_207' title='bbox 3057 1635 3287 1705; x_wconf 86' lang='lat' dir='ltr'><strong><em>ideoque</em></strong></span> <span class='ocrx_word' id='word_1_208' title='bbox 3311 1635 3540 1689; x_wconf 80' lang='lat' dir='ltr'><strong><em>diversis</em></strong></span> <span class='ocrx_word' id='word_1_209' title='bbox 3566 1636 3619 1687; x_wconf 90' lang='lat' dir='ltr'><strong><em>in</em></strong></span> 
     </span>
    </p>
   </div>
   <div class='ocr_carea' id='block_1_17' title="bbox 305 1720 3619 1790">
    <p class='ocr_par' dir='ltr' id='par_1_17' title="bbox 305 1720 3619 1790">
     <span class='ocr_line' id='line_1_17' title="bbox 305 1720 3619 1790; baseline -0.001 -12"><span class='ocrx_word' id='word_1_210' title='bbox 305 1766 322 1778; x_wconf 64' lang='grc' dir='ltr'><strong><em>ρ</em></strong></span> <span class='ocrx_word' id='word_1_211' title='bbox 403 1723 536 1776; x_wconf 86' lang='lat' dir='ltr'><strong><em>locis</em></strong></span> <span class='ocrx_word' id='word_1_212' title='bbox 570 1735 975 1777; x_wconf 87' lang='lat' dir='ltr'><strong><em>commorantes</em></strong></span> <span class='ocrx_word' id='word_1_213' title='bbox 1032 1723 1551 1779; x_wconf 77' lang='lat' dir='ltr'><strong><em>&#39;l‘bessalonicenses</em></strong></span> <span class='ocrx_word' id='word_1_214' title='bbox 1599 1724 1650 1776; x_wconf 86' lang='lat' dir='ltr'><strong><em>in</em></strong></span> <span class='ocrx_word' id='word_1_215' title='bbox 1701 1722 1947 1776; x_wconf 86' lang='lat' dir='ltr'><strong><em>eamdem</em></strong></span> <span class='ocrx_word' id='word_1_216' title='bbox 1979 1725 2287 1777; x_wconf 77' lang='lat' dir='ltr'><strong><em>revocabat.</em></strong></span> <span class='ocrx_word' id='word_1_217' title='bbox 2330 1722 2476 1775; x_wconf 88' lang='lat' dir='ltr'><strong><em>Inter</em></strong></span> <span class='ocrx_word' id='word_1_218' title='bbox 2532 1723 2655 1786; x_wconf 81' lang='lat' dir='ltr'><strong><em>hos,</em></strong></span> <span class='ocrx_word' id='word_1_219' title='bbox 2684 1722 2774 1788; x_wconf 84' lang='lat' dir='ltr'><strong><em>qui</em></strong></span> <span class='ocrx_word' id='word_1_220' title='bbox 2804 1720 3245 1776; x_wconf 84' lang='lat' dir='ltr'><strong><em>Thessalonicam</em></strong></span> <span class='ocrx_word' id='word_1_221' title='bbox 3268 1722 3619 1790; x_wconf 80' lang='lat' dir='ltr'><strong><em>repetierant,</em></strong></span> 
     </span>
    </p>
   </div>
   <div class='ocr_carea' id='block_1_18' title="bbox 404 1807 3616 1877">
    <p class='ocr_par' dir='ltr' id='par_1_18' title="bbox 404 1807 3616 1877">
     <span class='ocr_line' id='line_1_18' title="bbox 404 1807 3616 1877; baseline -0 -16"><span class='ocrx_word' id='word_1_222' title='bbox 404 1823 589 1876; x_wconf 80' lang='lat' dir='ltr'><strong><em>postea</em></strong></span> <span class='ocrx_word' id='word_1_223' title='bbox 616 1825 744 1864; x_wconf 89' lang='lat' dir='ltr'><strong><em>vero</em></strong></span> <span class='ocrx_word' id='word_1_224' title='bbox 771 1826 925 1862; x_wconf 88' lang='lat' dir='ltr'><strong><em>suum</em></strong></span> <span class='ocrx_word' id='word_1_225' title='bbox 951 1813 999 1863; x_wconf 93' lang='lat' dir='ltr'><strong><em>in</em></strong></span> <span class='ocrx_word' id='word_1_226' title='bbox 1032 1826 1150 1865; x_wconf 89' lang='lat' dir='ltr'><strong><em>eam</em></strong></span> <span class='ocrx_word' id='word_1_227' title='bbox 1176 1811 1405 1864; x_wconf 71' lang='lat' dir='ltr'><strong><em>reditum</em></strong></span> <span class='ocrx_word' id='word_1_228' title='bbox 1438 1811 1793 1871; x_wconf 89' lang='lat' dir='ltr'><strong><em>damnabant,</em></strong></span> <span class='ocrx_word' id='word_1_229' title='bbox 1830 1824 1953 1862; x_wconf 89' lang='lat' dir='ltr'><strong><em>cum</em></strong></span> <span class='ocrx_word' id='word_1_230' title='bbox 1976 1807 2211 1863; x_wconf 88' lang='lat' dir='ltr'><strong><em>Murates</em></strong></span> <span class='ocrx_word' id='word_1_231' title='bbox 2231 1810 2611 1877; x_wconf 84' lang='lat' dir='ltr'><strong><em>aliquotannis</em></strong></span> <span class='ocrx_word' id='word_1_232' title='bbox 2635 1809 2831 1876; x_wconf 86' lang='lat' dir='ltr'><strong><em>elapsis</em></strong></span> <span class='ocrx_word' id='word_1_233' title='bbox 2864 1819 2986 1877; x_wconf 89' lang='lat' dir='ltr'><strong><em>post</em></strong></span> <span class='ocrx_word' id='word_1_234' title='bbox 3014 1807 3313 1869; x_wconf 79' lang='lat' dir='ltr'><strong><em>excidium,</em></strong></span> <span class='ocrx_word' id='word_1_235' title='bbox 3332 1808 3616 1877; x_wconf 77' lang='lat' dir='ltr'><strong><em>ingressus</em></strong></span> 
     </span>
    </p>
   </div>
   <div class='ocr_carea' id='block_1_19' title="bbox 405 1892 3617 1964">
    <p class='ocr_par' dir='ltr' id='par_1_19' title="bbox 405 1892 3617 1964">
     <span class='ocr_line' id='line_1_19' title="bbox 405 1892 3617 1964; baseline -0 -17"><span class='ocrx_word' id='word_1_236' title='bbox 405 1897 618 1961; x_wconf 86' lang='lat' dir='ltr'><strong><em>urbem,</em></strong></span> <span class='ocrx_word' id='word_1_237' title='bbox 651 1898 914 1964; x_wconf 88' lang='lat' dir='ltr'><strong><em>promissa</em></strong></span> <span class='ocrx_word' id='word_1_238' title='bbox 948 1892 1528 1951; x_wconf 88' lang='lat' dir='ltr'><strong><em>Thessalonicensibus</em></strong></span> <span class='ocrx_word' id='word_1_239' title='bbox 1579 1912 1684 1948; x_wconf 78' lang='lat' dir='ltr'><strong><em>non</em></strong></span> <span class='ocrx_word' id='word_1_240' title='bbox 1723 1903 1985 1958; x_wconf 86' lang='lat' dir='ltr'><strong><em>servaret,</em></strong></span> <span class='ocrx_word' id='word_1_241' title='bbox 2021 1905 2205 1949; x_wconf 86' lang='lat' dir='ltr'><strong><em>noster</em></strong></span> <span class='ocrx_word' id='word_1_242' title='bbox 2236 1896 2546 1963; x_wconf 80' lang='lat' dir='ltr'><strong><em>Anagnosta</em></strong></span> <span class='ocrx_word' id='word_1_243' title='bbox 2592 1895 2713 1949; x_wconf 83' lang='lat' dir='ltr'><strong><em>fuit.</em></strong></span> <span class='ocrx_word' id='word_1_244' title='bbox 2745 1894 2933 1948; x_wconf 81' lang='lat' dir='ltr'><strong><em>Tradit</em></strong></span> <span class='ocrx_word' id='word_1_245' title='bbox 2965 1896 3077 1949; x_wconf 67' lang='lat' dir='ltr'><strong><em>haec</em></strong></span> <span class='ocrx_word' id='word_1_246' title='bbox 3117 1909 3235 1963; x_wconf 87' lang='lat' dir='ltr'><strong><em>cap.</em></strong></span> <span class='ocrx_word' id='word_1_247' title='bbox 3289 1894 3395 1948; x_wconf 78' lang='lat' dir='ltr'><strong><em>i9:</em></strong></span> <span class='ocrx_word' id='word_1_248' title='bbox 3444 1893 3617 1947; x_wconf 87' lang='lat' dir='ltr'><strong><em>Porro</em></strong></span> 
     </span>
    </p>
   </div>
   <div class='ocr_carea' id='block_1_20' title="bbox 406 1980 3623 2052">
    <p class='ocr_par' dir='ltr' id='par_1_20' title="bbox 406 1980 3623 2052">
     <span class='ocr_line' id='line_1_20' title="bbox 406 1980 3623 2052; baseline 0 -19"><span class='ocrx_word' id='word_1_249' title='bbox 406 1981 583 2035; x_wconf 89' lang='lat' dir='ltr'><strong><em>abiere</em></strong></span> <span class='ocrx_word' id='word_1_250' title='bbox 599 1999 889 2050; x_wconf 70' lang='lat' dir='ltr'><strong><em>pra’cones,</em></strong></span> <span class='ocrx_word' id='word_1_251' title='bbox 924 1983 1206 2051; x_wconf 89' lang='lat' dir='ltr'><strong><em>inquiens,</em></strong></span> <span class='ocrx_word' id='word_1_252' title='bbox 1231 1984 1300 2036; x_wconf 88' lang='lat' dir='ltr'><strong><em>ad</em></strong></span> <span class='ocrx_word' id='word_1_253' title='bbox 1323 1982 1491 2035; x_wconf 86' lang='lat' dir='ltr'><strong><em>multa</em></strong></span> <span class='ocrx_word' id='word_1_254' title='bbox 1521 1982 1667 2035; x_wconf 90' lang='lat' dir='ltr'><strong><em>illius</em></strong></span> <span class='ocrx_word' id='word_1_255' title='bbox 1692 1982 1911 2034; x_wconf 86' lang='lat' dir='ltr'><strong><em>ditionis</em></strong></span> <span class='ocrx_word' id='word_1_256' title='bbox 1933 1980 2049 2035; x_wconf 90' lang='lat' dir='ltr'><strong><em>loca</em></strong></span> <span class='ocrx_word' id='word_1_257' title='bbox 2070 2023 2087 2047; x_wconf 90' lang='lat'><strong><em>,</em></strong></span> <span class='ocrx_word' id='word_1_258' title='bbox 2116 1992 2172 2034; x_wconf 90' lang='lat' dir='ltr'><strong><em>ut</em></strong></span> <span class='ocrx_word' id='word_1_259' title='bbox 2202 1982 2403 2035; x_wconf 88' lang='lat' dir='ltr'><strong><em>dictant</em></strong></span> <span class='ocrx_word' id='word_1_260' title='bbox 2438 1991 2513 2035; x_wconf 90' lang='lat' dir='ltr'><strong><em>est</em></strong></span> <span class='ocrx_word' id='word_1_261' title='bbox 2538 2022 2553 2048; x_wconf 91' lang='lat'><strong><em>,</em></strong></span> <span class='ocrx_word' id='word_1_262' title='bbox 2579 1999 2705 2052; x_wconf 89' lang='lat' dir='ltr'><strong><em>quos</em></strong></span> <span class='ocrx_word' id='word_1_263' title='bbox 2736 1997 2967 2050; x_wconf 86' lang='lat' dir='ltr'><strong><em>reperere</em></strong></span> <span class='ocrx_word' id='word_1_264' title='bbox 2997 1980 3498 2046; x_wconf 88' lang='lat' dir='ltr'><strong><em>Thessalonicenses,</em></strong></span> <span class='ocrx_word' id='word_1_265' title='bbox 3529 1982 3623 2049; x_wconf 88' lang='lat' dir='ltr'><strong><em>qui</em></strong></span> 
     </span>
    </p>
   </div>
   <div class='ocr_carea' id='block_1_21' title="bbox 410 2068 3623 2137">
    <p class='ocr_par' dir='ltr' id='par_1_21' title="bbox 410 2068 3623 2137">
     <span class='ocr_line' id='line_1_21' title="bbox 410 2068 3623 2137; baseline 0 -19"><span class='ocrx_word' id='word_1_266' title='bbox 410 2079 529 2120; x_wconf 90' lang='lat' dir='ltr'><strong><em>ante</em></strong></span> <span class='ocrx_word' id='word_1_267' title='bbox 585 2068 864 2121; x_wconf 86' lang='lat' dir='ltr'><strong><em>nonnullos</em></strong></span> <span class='ocrx_word' id='word_1_268' title='bbox 897 2085 1063 2121; x_wconf 87' lang='lat' dir='ltr'><strong><em>annos</em></strong></span> <span class='ocrx_word' id='word_1_269' title='bbox 1101 2085 1275 2121; x_wconf 86' lang='lat' dir='ltr'><strong><em>rerum</em></strong></span> <span class='ocrx_word' id='word_1_270' title='bbox 1306 2068 1565 2136; x_wconf 87' lang='lat' dir='ltr'><strong><em>angustiis</em></strong></span> <span class='ocrx_word' id='word_1_271' title='bbox 1599 2069 1761 2134; x_wconf 87' lang='lat' dir='ltr'><strong><em>pressi</em></strong></span> <span class='ocrx_word' id='word_1_272' title='bbox 1792 2083 1854 2120; x_wconf 80' lang='lat' dir='ltr'><strong><em>ea:</em></strong></span> <span class='ocrx_word' id='word_1_273' title='bbox 1882 2083 1943 2121; x_wconf 91' lang='lat' dir='ltr'><strong><em>ea</em></strong></span> <span class='ocrx_word' id='word_1_274' title='bbox 1975 2080 2313 2133; x_wconf 84' lang='lat' dir='ltr'><strong><em>secesserant,</em></strong></span> <span class='ocrx_word' id='word_1_275' title='bbox 2355 2071 2514 2122; x_wconf 86' lang='lat' dir='ltr'><strong><em>etiam</em></strong></span> <span class='ocrx_word' id='word_1_276' title='bbox 2540 2071 2586 2122; x_wconf 89' lang='lat' dir='ltr'><strong><em>vi</em></strong></span> <span class='ocrx_word' id='word_1_277' title='bbox 2616 2068 2827 2121; x_wconf 86' lang='lat' dir='ltr'><strong><em>reduces</em></strong></span> <span class='ocrx_word' id='word_1_278' title='bbox 2860 2069 3045 2137; x_wconf 78' lang='lat' dir='ltr'><strong><em>fecere,</em></strong></span> <span class='ocrx_word' id='word_1_279' title='bbox 3082 2071 3310 2136; x_wconf 88' lang='lat' dir='ltr'><strong><em>captivos</em></strong></span> <span class='ocrx_word' id='word_1_280' title='bbox 3342 2070 3461 2120; x_wconf 87' lang='lat' dir='ltr'><strong><em>item</em></strong></span> <span class='ocrx_word' id='word_1_281' title='bbox 3491 2084 3623 2135; x_wconf 75' lang='lat' dir='ltr'><strong><em>qu0~</em></strong></span> 
     </span>
    </p>
   </div>
   <div class='ocr_carea' id='block_1_22' title="bbox 407 2153 3623 2222">
    <p class='ocr_par' dir='ltr' id='par_1_22' title="bbox 407 2153 3623 2222">
     <span class='ocr_line' id='line_1_22' title="bbox 407 2153 3623 2222; baseline -0.001 -16"><span class='ocrx_word' id='word_1_282' title='bbox 407 2170 507 2220; x_wconf 90' lang='lat' dir='ltr'><strong><em>quo</em></strong></span> <span class='ocrx_word' id='word_1_283' title='bbox 538 2155 689 2207; x_wconf 88' lang='lat' dir='ltr'><strong><em>modo</em></strong></span> <span class='ocrx_word' id='word_1_284' title='bbox 716 2155 772 2207; x_wconf 89' lang='lat' dir='ltr'><strong><em>in</em></strong></span> <span class='ocrx_word' id='word_1_285' title='bbox 795 2155 1091 2208; x_wconf 77' lang='lat' dir='ltr'><strong><em>libertatem</em></strong></span> <span class='ocrx_word' id='word_1_286' title='bbox 1119 2156 1430 2209; x_wconf 84' lang='lat' dir='ltr'><strong><em>vindicatos.</em></strong></span> <span class='ocrx_word' id='word_1_287' title='bbox 1463 2154 1667 2209; x_wconf 82' lang='lat' dir='ltr'><strong><em>Ibidem</em></strong></span> <span class='ocrx_word' id='word_1_288' title='bbox 1702 2156 1860 2222; x_wconf 90' lang='lat' dir='ltr'><strong><em>paulo</em></strong></span> <span class='ocrx_word' id='word_1_289' title='bbox 1876 2162 2005 2221; x_wconf 82' lang='lat' dir='ltr'><strong><em>post</em></strong></span> <span class='ocrx_word' id='word_1_290' title='bbox 2033 2171 2047 2208; x_wconf 90' lang='lat'><strong>:</strong></span> <span class='ocrx_word' id='word_1_291' title='bbox 2082 2153 2444 2221; x_wconf 86' lang='lat' dir='ltr'><strong><em>Opinabamur</em></strong></span> <span class='ocrx_word' id='word_1_292' title='bbox 2483 2169 2626 2217; x_wconf 86' lang='lat' dir='ltr'><strong><em>vero,</em></strong></span> <span class='ocrx_word' id='word_1_293' title='bbox 2661 2154 2840 2207; x_wconf 87' lang='lat' dir='ltr'><strong><em>urbem</em></strong></span> <span class='ocrx_word' id='word_1_294' title='bbox 2872 2170 3053 2206; x_wconf 86' lang='lat' dir='ltr'><strong><em>rursus</em></strong></span> <span class='ocrx_word' id='word_1_295' title='bbox 3076 2155 3356 2221; x_wconf 79' lang='lat' dir='ltr'><strong><em>pristinum</em></strong></span> <span class='ocrx_word' id='word_1_296' title='bbox 3381 2154 3623 2205; x_wconf 81' lang='lat' dir='ltr'><strong><em>decorem</em></strong></span> 
     </span>
    </p>
   </div>
   <div class='ocr_carea' id='block_1_23' title="bbox 411 2241 3624 2311">
    <p class='ocr_par' dir='ltr' id='par_1_23' title="bbox 411 2241 3624 2311">
     <span class='ocr_line' id='line_1_23' title="bbox 411 2241 3624 2311; baseline 0.001 -20"><span class='ocrx_word' id='word_1_297' title='bbox 411 2250 759 2307; x_wconf 83' lang='lat' dir='ltr'><strong><em>recepturum,</em></strong></span> <span class='ocrx_word' id='word_1_298' title='bbox 797 2250 847 2294; x_wconf 91' lang='lat' dir='ltr'><strong><em>et</em></strong></span> <span class='ocrx_word' id='word_1_299' title='bbox 879 2244 1123 2307; x_wconf 86' lang='lat' dir='ltr'><strong><em>pietatem</em></strong></span> <span class='ocrx_word' id='word_1_300' title='bbox 1171 2243 1318 2296; x_wconf 89' lang='lat' dir='ltr'><strong><em>novis</em></strong></span> <span class='ocrx_word' id='word_1_301' title='bbox 1353 2243 1572 2311; x_wconf 82' lang='lat' dir='ltr'><strong><em>ﬂoribus</em></strong></span> <span class='ocrx_word' id='word_1_302' title='bbox 1603 2258 1945 2303; x_wconf 83' lang='lat' dir='ltr'><strong><em>emersurum,</em></strong></span> <span class='ocrx_word' id='word_1_303' title='bbox 1978 2249 2048 2303; x_wconf 93' lang='lat' dir='ltr'><strong><em>et,</em></strong></span> <span class='ocrx_word' id='word_1_304' title='bbox 2082 2252 2135 2293; x_wconf 93' lang='lat' dir='ltr'><strong><em>ul</em></strong></span> <span class='ocrx_word' id='word_1_305' title='bbox 2180 2254 2356 2305; x_wconf 83' lang='lat' dir='ltr'><strong><em>antea,</em></strong></span> <span class='ocrx_word' id='word_1_306' title='bbox 2386 2242 2539 2310; x_wconf 86' lang='lat' dir='ltr'><strong><em>longe</em></strong></span> <span class='ocrx_word' id='word_1_307' title='bbox 2573 2241 2775 2309; x_wconf 81' lang='lat' dir='ltr'><strong><em>lateque</em></strong></span> <span class='ocrx_word' id='word_1_308' title='bbox 2806 2242 3205 2310; x_wconf 84' lang='lat' dir='ltr'><strong><em>divagaturam.</em></strong></span> <span class='ocrx_word' id='word_1_309' title='bbox 3244 2241 3305 2294; x_wconf 84' lang='lat' dir='ltr'><strong><em>Et</em></strong></span> <span class='ocrx_word' id='word_1_310' title='bbox 3332 2242 3469 2309; x_wconf 88' lang='lat' dir='ltr'><strong><em>forte</em></strong></span> <span class='ocrx_word' id='word_1_311' title='bbox 3502 2241 3624 2308; x_wconf 72' lang='lat' dir='ltr'><strong><em>effe-</em></strong></span> 
     </span>
    </p>
   </div>
   <div class='ocr_carea' id='block_1_24' title="bbox 412 2324 3626 2397">
    <p class='ocr_par' dir='ltr' id='par_1_24' title="bbox 412 2324 3626 2397">
     <span class='ocr_line' id='line_1_24' title="bbox 412 2324 3626 2397; baseline 0 -17"><span class='ocrx_word' id='word_1_312' title='bbox 412 2337 551 2380; x_wconf 90' lang='lat' dir='ltr'><strong><em>ctum</em></strong></span> <span class='ocrx_word' id='word_1_313' title='bbox 583 2324 872 2393; x_wconf 80' lang='lat' dir='ltr'><strong><em>habuisset,</em></strong></span> <span class='ocrx_word' id='word_1_314' title='bbox 904 2330 957 2382; x_wconf 89' lang='lat' dir='ltr'><strong><em>ni</em></strong></span> <span class='ocrx_word' id='word_1_315' title='bbox 989 2344 1172 2381; x_wconf 88' lang='lat' dir='ltr'><strong><em>rursus</em></strong></span> <span class='ocrx_word' id='word_1_316' title='bbox 1203 2344 1437 2381; x_wconf 89' lang='lat' dir='ltr'><strong><em>meorum</em></strong></span> <span class='ocrx_word' id='word_1_317' title='bbox 1490 2328 1797 2383; x_wconf 83' lang='lat' dir='ltr'><strong><em>delictorum</em></strong></span> <span class='ocrx_word' id='word_1_318' title='bbox 1850 2329 2000 2395; x_wconf 84' lang='lat' dir='ltr'><strong><em>capia</em></strong></span> <span class='ocrx_word' id='word_1_319' title='bbox 2023 2328 2331 2393; x_wconf 70' lang='lat' dir='ltr'><strong><em>obstitisset,</em></strong></span> <span class='ocrx_word' id='word_1_320' title='bbox 2369 2329 2627 2397; x_wconf 88' lang='lat' dir='ltr'><strong><em>datusque</em></strong></span> <span class='ocrx_word' id='word_1_321' title='bbox 2652 2336 2785 2382; x_wconf 80' lang='lat' dir='ltr'><strong><em>esset</em></strong></span> <span class='ocrx_word' id='word_1_322' title='bbox 2819 2328 2965 2382; x_wconf 85' lang='lat' dir='ltr'><strong><em>locus</em></strong></span> <span class='ocrx_word' id='word_1_323' title='bbox 2998 2329 3349 2396; x_wconf 86' lang='lat' dir='ltr'><strong><em>improbitati.</em></strong></span> <span class='ocrx_word' id='word_1_324' title='bbox 3401 2328 3484 2381; x_wconf 76' lang='lat' dir='ltr'><strong><em>Ea:</em></strong></span> <span class='ocrx_word' id='word_1_325' title='bbox 3524 2346 3626 2391; x_wconf 87' lang='lat' dir='ltr'><strong><em>quo</em></strong></span> 
     </span>
    </p>
   </div>
   <div class='ocr_carea' id='block_1_25' title="bbox 410 2414 3612 2482">
    <p class='ocr_par' dir='ltr' id='par_1_25' title="bbox 410 2414 3612 2482">
     <span class='ocr_line' id='line_1_25' title="bbox 410 2414 3612 2482; baseline 0 -15"><span class='ocrx_word' id='word_1_326' title='bbox 410 2417 548 2467; x_wconf 81' lang='lat' dir='ltr'><strong><em>enim</em></strong></span> <span class='ocrx_word' id='word_1_327' title='bbox 578 2416 765 2467; x_wconf 85' lang='lat' dir='ltr'><strong><em>civitas</em></strong></span> <span class='ocrx_word' id='word_1_328' title='bbox 823 2416 1123 2481; x_wconf 85' lang='lat' dir='ltr'><strong><em>captivitate</em></strong></span> <span class='ocrx_word' id='word_1_329' title='bbox 1152 2431 1331 2482; x_wconf 90' lang='lat' dir='ltr'><strong><em>pressa</em></strong></span> <span class='ocrx_word' id='word_1_330' title='bbox 1385 2416 1581 2481; x_wconf 78' lang='lat' dir='ltr'><strong><em>fuerat,</em></strong></span> <span class='ocrx_word' id='word_1_331' title='bbox 1610 2424 1659 2467; x_wconf 90' lang='lat' dir='ltr'><strong><em>et</em></strong></span> <span class='ocrx_word' id='word_1_332' title='bbox 1693 2414 1934 2468; x_wconf 80' lang='lat' dir='ltr'><strong><em>Murates</em></strong></span> <span class='ocrx_word' id='word_1_333' title='bbox 1968 2416 2168 2480; x_wconf 87' lang='lat' dir='ltr'><strong><em>omnia,</em></strong></span> <span class='ocrx_word' id='word_1_334' title='bbox 2202 2426 2248 2468; x_wconf 91' lang='lat' dir='ltr'><strong><em>et</em></strong></span> <span class='ocrx_word' id='word_1_335' title='bbox 2282 2414 2505 2482; x_wconf 71' lang='lat' dir='ltr'><strong><em>cedi/icio</em></strong></span> <span class='ocrx_word' id='word_1_336' title='bbox 2533 2456 2547 2479; x_wconf 95' lang='lat'><strong><em>,</em></strong></span> <span class='ocrx_word' id='word_1_337' title='bbox 2584 2426 2630 2467; x_wconf 94' lang='lat' dir='ltr'><strong><em>et</em></strong></span> <span class='ocrx_word' id='word_1_338' title='bbox 2656 2417 3025 2482; x_wconf 87' lang='lat' dir='ltr'><strong><em>possessiones,</em></strong></span> <span class='ocrx_word' id='word_1_339' title='bbox 3054 2426 3101 2468; x_wconf 93' lang='lat' dir='ltr'><strong><em>et</em></strong></span> <span class='ocrx_word' id='word_1_340' title='bbox 3126 2432 3282 2469; x_wconf 89' lang='lat' dir='ltr'><strong><em>sacra</em></strong></span> <span class='ocrx_word' id='word_1_341' title='bbox 3319 2416 3535 2481; x_wconf 86' lang='lat' dir='ltr'><strong><em>templa.</em></strong></span> <span class='ocrx_word' id='word_1_342' title='bbox 3577 2432 3612 2467; x_wconf 58' lang='lat' dir='ltr'><strong><em>et</em></strong></span> 
     </span>
    </p>
   </div>
   <div class='ocr_carea' id='block_1_26' title="bbox 413 2499 3628 2572">
    <p class='ocr_par' dir='ltr' id='par_1_26' title="bbox 413 2499 3628 2572">
     <span class='ocr_line' id='line_1_26' title="bbox 413 2499 3628 2572; baseline 0 -19"><span class='ocrx_word' id='word_1_343' title='bbox 413 2499 755 2565; x_wconf 82' lang='lat' dir='ltr'><strong><em>monasteria,</em></strong></span> <span class='ocrx_word' id='word_1_344' title='bbox 790 2512 840 2554; x_wconf 92' lang='lat' dir='ltr'><strong><em>et</em></strong></span> <span class='ocrx_word' id='word_1_345' title='bbox 874 2517 1054 2553; x_wconf 91' lang='lat' dir='ltr'><strong><em>eorum</em></strong></span> <span class='ocrx_word' id='word_1_346' title='bbox 1077 2502 1295 2563; x_wconf 89' lang='lat' dir='ltr'><strong><em>reditus,</em></strong></span> <span class='ocrx_word' id='word_1_347' title='bbox 1338 2500 1485 2553; x_wconf 90' lang='lat' dir='ltr'><strong><em>nobis</em></strong></span> <span class='ocrx_word' id='word_1_348' title='bbox 1526 2502 1893 2554; x_wconf 82' lang='lat' dir='ltr'><strong><em>revertentibus</em></strong></span> <span class='ocrx_word' id='word_1_349' title='bbox 1925 2516 2130 2569; x_wconf 89' lang='lat' dir='ltr'><strong><em>quoquo</em></strong></span> <span class='ocrx_word' id='word_1_350' title='bbox 2162 2503 2313 2553; x_wconf 89' lang='lat' dir='ltr'><strong><em>modo</em></strong></span> <span class='ocrx_word' id='word_1_351' title='bbox 2350 2502 2527 2554; x_wconf 90' lang='lat' dir='ltr'><strong><em>liberis</em></strong></span> <span class='ocrx_word' id='word_1_352' title='bbox 2551 2504 2705 2572; x_wconf 86' lang='lat' dir='ltr'><strong><em>factis</em></strong></span> <span class='ocrx_word' id='word_1_353' title='bbox 2733 2502 3004 2571; x_wconf 82' lang='lat' dir='ltr'><strong><em>magnifice</em></strong></span> <span class='ocrx_word' id='word_1_354' title='bbox 3029 2511 3079 2555; x_wconf 93' lang='lat' dir='ltr'><strong><em>et</em></strong></span> <span class='ocrx_word' id='word_1_355' title='bbox 3111 2504 3328 2570; x_wconf 88' lang='lat' dir='ltr'><strong><em>scripto,</em></strong></span> <span class='ocrx_word' id='word_1_356' title='bbox 3353 2512 3402 2555; x_wconf 89' lang='lat' dir='ltr'><strong><em>et</em></strong></span> <span class='ocrx_word' id='word_1_357' title='bbox 3425 2519 3628 2555; x_wconf 84' lang='lat' dir='ltr'><strong><em>sermo-</em></strong></span> 
     </span>
    </p>
   </div>
   <div class='ocr_carea' id='block_1_27' title="bbox 415 2587 3628 2658">
    <p class='ocr_par' dir='ltr' id='par_1_27' title="bbox 415 2587 3628 2658">
     <span class='ocr_line' id='line_1_27' title="bbox 415 2587 3628 2658; baseline 0.002 -20"><span class='ocrx_word' id='word_1_358' title='bbox 415 2602 477 2639; x_wconf 86' lang='lat' dir='ltr'><strong><em>ne</em></strong></span> <span class='ocrx_word' id='word_1_359' title='bbox 504 2588 754 2653; x_wconf 86' lang='lat' dir='ltr'><strong><em>elargitus</em></strong></span> <span class='ocrx_word' id='word_1_360' title='bbox 783 2596 883 2648; x_wconf 89' lang='lat' dir='ltr'><strong><em>est,</em></strong></span> <span class='ocrx_word' id='word_1_361' title='bbox 937 2596 986 2640; x_wconf 93' lang='lat' dir='ltr'><strong><em>et</em></strong></span> <span class='ocrx_word' id='word_1_362' title='bbox 1022 2588 1151 2640; x_wconf 90' lang='lat' dir='ltr'><strong><em>locis</em></strong></span> <span class='ocrx_word' id='word_1_363' title='bbox 1183 2602 1247 2640; x_wconf 75' lang='lat' dir='ltr'><strong><em>ex</em></strong></span> <span class='ocrx_word' id='word_1_364' title='bbox 1297 2588 1535 2641; x_wconf 84' lang='lat' dir='ltr'><strong><em>omnibus</em></strong></span> <span class='ocrx_word' id='word_1_365' title='bbox 1586 2588 1984 2640; x_wconf 75' lang='lat' dir='ltr'><strong><em>advenientibus</em></strong></span> <span class='ocrx_word' id='word_1_366' title='bbox 2029 2587 2323 2638; x_wconf 87' lang='lat' dir='ltr'><strong><em>libertatem</em></strong></span> <span class='ocrx_word' id='word_1_367' title='bbox 2350 2590 2531 2655; x_wconf 77' lang='lat' dir='ltr'><strong><em>palam</em></strong></span> <span class='ocrx_word' id='word_1_368' title='bbox 2553 2588 2741 2652; x_wconf 69' lang='lat' dir='ltr'><strong><em>edixit,</em></strong></span> <span class='ocrx_word' id='word_1_369' title='bbox 2777 2600 2821 2640; x_wconf 91' lang='lat' dir='ltr'><strong><em>et</em></strong></span> <span class='ocrx_word' id='word_1_370' title='bbox 2846 2605 2969 2641; x_wconf 89' lang='lat' dir='ltr'><strong><em>suas</em></strong></span> <span class='ocrx_word' id='word_1_371' title='bbox 3004 2590 3207 2652; x_wconf 87' lang='lat' dir='ltr'><strong><em>domus,</em></strong></span> <span class='ocrx_word' id='word_1_372' title='bbox 3241 2599 3289 2641; x_wconf 88' lang='lat' dir='ltr'><strong><em>et</em></strong></span> <span class='ocrx_word' id='word_1_373' title='bbox 3308 2606 3628 2658; x_wconf 80' lang='lat' dir='ltr'><strong><em>quwcuuque</em></strong></span> 
     </span>
    </p>
   </div>
   <div class='ocr_carea' id='block_1_28' title="bbox 416 2674 3627 2743">
    <p class='ocr_par' dir='ltr' id='par_1_28' title="bbox 416 2674 3627 2743">
     <span class='ocr_line' id='line_1_28' title="bbox 416 2674 3627 2743; baseline 0.001 -17"><span class='ocrx_word' id='word_1_374' title='bbox 416 2674 704 2727; x_wconf 87' lang='lat' dir='ltr'><strong><em>immobilia</em></strong></span> <span class='ocrx_word' id='word_1_375' title='bbox 729 2691 903 2728; x_wconf 84' lang='lat' dir='ltr'><strong><em>omnes</em></strong></span> <span class='ocrx_word' id='word_1_376' title='bbox 939 2685 1335 2739; x_wconf 82' lang='lat' dir='ltr'><strong><em>recuperarunt,</em></strong></span> <span class='ocrx_word' id='word_1_377' title='bbox 1381 2684 1428 2728; x_wconf 90' lang='lat' dir='ltr'><strong><em>et</em></strong></span> <span class='ocrx_word' id='word_1_378' title='bbox 1455 2676 1582 2728; x_wconf 90' lang='lat' dir='ltr'><strong><em>ordo</em></strong></span> <span class='ocrx_word' id='word_1_379' title='bbox 1637 2678 1825 2738; x_wconf 87' lang='lat' dir='ltr'><strong><em>omnis,</em></strong></span> <span class='ocrx_word' id='word_1_380' title='bbox 1850 2684 1899 2727; x_wconf 90' lang='lat' dir='ltr'><strong><em>et</em></strong></span> <span class='ocrx_word' id='word_1_381' title='bbox 1927 2690 2049 2743; x_wconf 87' lang='lat' dir='ltr'><strong><em>gens</em></strong></span> <span class='ocrx_word' id='word_1_382' title='bbox 2087 2677 2325 2727; x_wconf 82' lang='lat' dir='ltr'><strong><em>universa</em></strong></span> <span class='ocrx_word' id='word_1_383' title='bbox 2353 2675 2580 2727; x_wconf 89' lang='lat' dir='ltr'><strong><em>civitatis</em></strong></span> <span class='ocrx_word' id='word_1_384' title='bbox 2632 2675 2857 2727; x_wconf 89' lang='lat' dir='ltr'><strong><em>secundo</em></strong></span> <span class='ocrx_word' id='word_1_385' title='bbox 2904 2676 3084 2743; x_wconf 83' lang='lat' dir='ltr'><strong><em>augeri</em></strong></span> <span class='ocrx_word' id='word_1_386' title='bbox 3115 2678 3452 2742; x_wconf 88' lang='lat' dir='ltr'><strong><em>renovarique</em></strong></span> <span class='ocrx_word' id='word_1_387' title='bbox 3484 2678 3627 2730; x_wconf 83' lang='lat' dir='ltr'><strong><em>haud</em></strong></span> 
     </span>
    </p>
   </div>
   <div class='ocr_carea' id='block_1_29' title="bbox 419 2760 3631 2830">
    <p class='ocr_par' dir='ltr' id='par_1_29' title="bbox 419 2760 3631 2830">
     <span class='ocr_line' id='line_1_29' title="bbox 419 2760 3631 2830; baseline 0.001 -17"><span class='ocrx_word' id='word_1_388' title='bbox 419 2760 737 2829; x_wconf 84' lang='lat' dir='ltr'><strong><em>improspere</em></strong></span> <span class='ocrx_word' id='word_1_389' title='bbox 770 2776 988 2830; x_wconf 66' lang='lat' dir='ltr'><strong><em>coepere,</em></strong></span> <span class='ocrx_word' id='word_1_390' title='bbox 1020 2770 1066 2813; x_wconf 90' lang='lat' dir='ltr'><strong><em>et</em></strong></span> <span class='ocrx_word' id='word_1_391' title='bbox 1096 2771 1279 2828; x_wconf 90' lang='lat' dir='ltr'><strong><em>pastor</em></strong></span> <span class='ocrx_word' id='word_1_392' title='bbox 1338 2761 1482 2812; x_wconf 86' lang='lat' dir='ltr'><strong><em>urbis</em></strong></span> <span class='ocrx_word' id='word_1_393' title='bbox 1528 2770 1754 2821; x_wconf 88' lang='lat' dir='ltr'><strong><em>creatus,</em></strong></span> <span class='ocrx_word' id='word_1_394' title='bbox 1808 2769 1856 2812; x_wconf 91' lang='lat' dir='ltr'><strong><em>el</em></strong></span> <span class='ocrx_word' id='word_1_395' title='bbox 1916 2761 2151 2813; x_wconf 81' lang='lat' dir='ltr'><strong><em>Ecclesia</em></strong></span> <span class='ocrx_word' id='word_1_396' title='bbox 2207 2763 2437 2814; x_wconf 84' lang='lat' dir='ltr'><strong><em>constitit</em></strong></span> <span class='ocrx_word' id='word_1_397' title='bbox 2496 2763 2606 2814; x_wconf 86' lang='lat' dir='ltr'><strong><em>suis</em></strong></span> <span class='ocrx_word' id='word_1_398' title='bbox 2676 2763 2931 2815; x_wconf 84' lang='lat' dir='ltr'><strong><em>institutis</em></strong></span> <span class='ocrx_word' id='word_1_399' title='bbox 2979 2764 3278 2829; x_wconf 88' lang='lat' dir='ltr'><strong><em>conspicua,</em></strong></span> <span class='ocrx_word' id='word_1_400' title='bbox 3336 2776 3385 2817; x_wconf 90' lang='lat' dir='ltr'><strong><em>et</em></strong></span> <span class='ocrx_word' id='word_1_401' title='bbox 3440 2782 3631 2818; x_wconf 84' lang='lat' dir='ltr'><strong><em>mona-</em></strong></span> 
     </span>
    </p>
   </div>
   <div class='ocr_carea' id='block_1_30' title="bbox 422 2848 3625 2917">
    <p class='ocr_par' dir='ltr' id='par_1_30' title="bbox 422 2848 3625 2917">
     <span class='ocr_line' id='line_1_30' title="bbox 422 2848 3625 2917; baseline 0.001 -17"><span class='ocrx_word' id='word_1_402' title='bbox 422 2848 506 2900; x_wconf 91' lang='lat' dir='ltr'><strong><em>chi</em></strong></span> <span class='ocrx_word' id='word_1_403' title='bbox 526 2849 847 2901; x_wconf 88' lang='lat' dir='ltr'><strong><em>monasteria</em></strong></span> <span class='ocrx_word' id='word_1_404' title='bbox 879 2858 1175 2909; x_wconf 86' lang='lat' dir='ltr'><strong><em>tenuerunt,</em></strong></span> <span class='ocrx_word' id='word_1_405' title='bbox 1207 2858 1253 2900; x_wconf 92' lang='lat' dir='ltr'><strong><em>et</em></strong></span> <span class='ocrx_word' id='word_1_406' title='bbox 1284 2848 1513 2900; x_wconf 88' lang='lat' dir='ltr'><strong><em>studiose</em></strong></span> <span class='ocrx_word' id='word_1_407' title='bbox 1537 2848 1819 2899; x_wconf 84' lang='lat' dir='ltr'><strong><em>admodum</em></strong></span> <span class='ocrx_word' id='word_1_408' title='bbox 1845 2862 2020 2900; x_wconf 76' lang='lat' dir='ltr'><strong><em>eorum</em></strong></span> <span class='ocrx_word' id='word_1_409' title='bbox 2054 2850 2346 2917; x_wconf 85' lang='lat' dir='ltr'><strong><em>augmentis</em></strong></span> <span class='ocrx_word' id='word_1_410' title='bbox 2374 2848 2669 2914; x_wconf 88' lang='lat' dir='ltr'><strong><em>inhiabant,</em></strong></span> <span class='ocrx_word' id='word_1_411' title='bbox 2710 2864 2984 2912; x_wconf 87' lang='lat' dir='ltr'><strong><em>omnesque</em></strong></span> <span class='ocrx_word' id='word_1_412' title='bbox 3018 2865 3103 2916; x_wconf 87' lang='lat' dir='ltr'><strong><em>spe</em></strong></span> <span class='ocrx_word' id='word_1_413' title='bbox 3123 2848 3458 2902; x_wconf 84' lang='lat' dir='ltr'><strong><em>lactabamur</em></strong></span> <span class='ocrx_word' id='word_1_414' title='bbox 3488 2852 3625 2904; x_wconf 86' lang='lat' dir='ltr'><strong><em>bona</em></strong></span> 
     </span>
    </p>
   </div>
   <div class='ocr_carea' id='block_1_31' title="bbox 418 2924 3628 3005">
    <p class='ocr_par' dir='ltr' id='par_1_31' title="bbox 418 2924 3628 3005">
     <span class='ocr_line' id='line_1_31' title="bbox 418 2924 3628 3005; baseline 0 -15"><span class='ocrx_word' id='word_1_415' title='bbox 418 2947 490 3001; x_wconf 89' lang='lat' dir='ltr'><strong><em>et,</em></strong></span> <span class='ocrx_word' id='word_1_416' title='bbox 525 2948 580 2990; x_wconf 88' lang='lat' dir='ltr'><strong><em>ut</em></strong></span> <span class='ocrx_word' id='word_1_417' title='bbox 615 2938 837 2989; x_wconf 87' lang='lat' dir='ltr'><strong><em>breviter</em></strong></span> <span class='ocrx_word' id='word_1_418' title='bbox 870 2952 949 2991; x_wconf 89' lang='lat' dir='ltr'><strong><em>me</em></strong></span> <span class='ocrx_word' id='word_1_419' title='bbox 983 2936 1280 3004; x_wconf 78' lang='lat' dir='ltr'><strong><em>expediam,</em></strong></span> <span class='ocrx_word' id='word_1_420' title='bbox 1314 2945 1530 3002; x_wconf 85' lang='lat' dir='ltr'><strong><em>propter</em></strong></span> <span class='ocrx_word' id='word_1_421' title='bbox 1555 2935 1818 2989; x_wconf 70' lang='lat' dir='ltr'><strong><em>excidium</em></strong></span> <span class='ocrx_word' id='word_1_422' title='bbox 1846 2938 1991 2988; x_wconf 89' lang='lat' dir='ltr'><strong><em>nobis</em></strong></span> <span class='ocrx_word' id='word_1_423' title='bbox 2016 2935 2273 2987; x_wconf 84' lang='lat' dir='ltr'><strong><em>malorum</em></strong></span> <span class='ocrx_word' id='word_1_424' title='bbox 2307 2924 2581 2987; x_wconf 65' lang='lat' dir='ltr'><strong><em>illato&#39;rum</em></strong></span> <span class='ocrx_word' id='word_1_425' title='bbox 2614 2937 2869 2989; x_wconf 90' lang='lat' dir='ltr'><strong><em>memoria</em></strong></span> <span class='ocrx_word' id='word_1_426' title='bbox 2896 2939 3116 3002; x_wconf 85' lang='lat' dir='ltr'><strong><em>amissa,</em></strong></span> <span class='ocrx_word' id='word_1_427' title='bbox 3149 2938 3508 3005; x_wconf 83' lang='lat' dir='ltr'><strong><em>gaudebamus</em></strong></span> <span class='ocrx_word' id='word_1_428' title='bbox 3532 2956 3628 3005; x_wconf 90' lang='lat' dir='ltr'><strong><em>pro</em></strong></span> 
     </span>
    </p>
   </div>
   <div class='ocr_carea' id='block_1_32' title="bbox 426 3022 3631 3094">
    <p class='ocr_par' dir='ltr' id='par_1_32' title="bbox 426 3022 3631 3094">
     <span class='ocr_line' id='line_1_32' title="bbox 426 3022 3631 3094; baseline 0.001 -18"><span class='ocrx_word' id='word_1_429' title='bbox 426 3024 511 3089; x_wconf 89' lang='lat' dir='ltr'><strong><em>iis,</em></strong></span> <span class='ocrx_word' id='word_1_430' title='bbox 542 3040 657 3094; x_wconf 72' lang='lat' dir='ltr'><strong><em>qua?</em></strong></span> <span class='ocrx_word' id='word_1_431' title='bbox 692 3024 835 3076; x_wconf 84' lang='lat' dir='ltr'><strong><em>nobis</em></strong></span> <span class='ocrx_word' id='word_1_432' title='bbox 874 3025 1138 3091; x_wconf 88' lang='lat' dir='ltr'><strong><em>insperato</em></strong></span> <span class='ocrx_word' id='word_1_433' title='bbox 1166 3024 1481 3092; x_wconf 85' lang='lat' dir='ltr'><strong><em>obtigerant,</em></strong></span> <span class='ocrx_word' id='word_1_434' title='bbox 1505 3034 1551 3076; x_wconf 88' lang='lat' dir='ltr'><strong><em>et</em></strong></span> <span class='ocrx_word' id='word_1_435' title='bbox 1577 3023 1855 3089; x_wconf 87' lang='lat' dir='ltr'><strong><em>pristinam</em></strong></span> <span class='ocrx_word' id='word_1_436' title='bbox 1884 3023 2188 3090; x_wconf 80' lang='lat' dir='ltr'><strong><em>felicitatem</em></strong></span> <span class='ocrx_word' id='word_1_437' title='bbox 2241 3022 2788 3091; x_wconf 87' lang='lat' dir='ltr'><strong><em>tranquillitatemque</em></strong></span> <span class='ocrx_word' id='word_1_438' title='bbox 2820 3034 3217 3077; x_wconf 81' lang='lat' dir='ltr'><strong><em>consecuturum</em></strong></span> <span class='ocrx_word' id='word_1_439' title='bbox 3250 3024 3427 3077; x_wconf 87' lang='lat' dir='ltr'><strong><em>urbem</em></strong></span> <span class='ocrx_word' id='word_1_440' title='bbox 3446 3042 3631 3093; x_wconf 87' lang='lat' dir='ltr'><strong><em>spera-</em></strong></span> 
     </span>
    </p>
   </div>
   <div class='ocr_carea' id='block_1_33' title="bbox 424 3110 3630 3179">
    <p class='ocr_par' dir='ltr' id='par_1_33' title="bbox 424 3110 3630 3179">
     <span class='ocr_line' id='line_1_33' title="bbox 424 3110 3630 3179; baseline 0.001 -16"><span class='ocrx_word' id='word_1_441' title='bbox 424 3112 642 3171; x_wconf 87' lang='lat' dir='ltr'><strong><em>bamus;</em></strong></span> <span class='ocrx_word' id='word_1_442' title='bbox 673 3119 780 3162; x_wconf 90' lang='lat' dir='ltr'><strong><em>tum</em></strong></span> <span class='ocrx_word' id='word_1_443' title='bbox 803 3126 868 3163; x_wconf 75' lang='lat' dir='ltr'><strong><em>ea:</em></strong></span> <span class='ocrx_word' id='word_1_444' title='bbox 891 3114 1059 3177; x_wconf 88' lang='lat' dir='ltr'><strong><em>nobis,</em></strong></span> <span class='ocrx_word' id='word_1_445' title='bbox 1103 3122 1156 3163; x_wconf 85' lang='lat' dir='ltr'><strong><em>ut</em></strong></span> <span class='ocrx_word' id='word_1_446' title='bbox 1190 3110 1462 3178; x_wconf 86' lang='lat' dir='ltr'><strong><em>proverbio</em></strong></span> <span class='ocrx_word' id='word_1_447' title='bbox 1510 3111 1699 3178; x_wconf 81' lang='lat' dir='ltr'><strong><em>fertur,</em></strong></span> <span class='ocrx_word' id='word_1_448' title='bbox 1722 3111 1890 3161; x_wconf 82' lang='lat' dir='ltr'><strong><em>lorum</em></strong></span> <span class='ocrx_word' id='word_1_449' title='bbox 1919 3120 2182 3176; x_wconf 86' lang='lat' dir='ltr'><strong><em>sumptum</em></strong></span> <span class='ocrx_word' id='word_1_450' title='bbox 2221 3119 2317 3179; x_wconf 58' lang='lat' dir='ltr'><strong><em>est,</em></strong></span> <span class='ocrx_word' id='word_1_451' title='bbox 2349 3119 2423 3170; x_wconf 89' lang='lat' dir='ltr'><strong><em>et,</em></strong></span> <span class='ocrx_word' id='word_1_452' title='bbox 2443 3124 2557 3177; x_wconf 71' lang='lat' dir='ltr'><strong><em>qua:</em></strong></span> <span class='ocrx_word' id='word_1_453' title='bbox 2585 3112 2994 3177; x_wconf 70' lang='lat' dir='ltr'><strong><em>expectabantur</em></strong></span> <span class='ocrx_word' id='word_1_454' title='bbox 3026 3113 3186 3174; x_wconf 85' lang='lat' dir='ltr'><strong><em>bona,</em></strong></span> <span class='ocrx_word' id='word_1_455' title='bbox 3220 3113 3272 3165; x_wconf 90' lang='lat' dir='ltr'><strong><em>in</em></strong></span> <span class='ocrx_word' id='word_1_456' title='bbox 3303 3114 3630 3168; x_wconf 86' lang='lat' dir='ltr'><strong><em>contrarium</em></strong></span> 
     </span>
    </p>
   </div>
   <div class='ocr_carea' id='block_1_34' title="bbox 426 3194 3636 3270">
    <p class='ocr_par' dir='ltr' id='par_1_34' title="bbox 426 3194 3636 3270">
     <span class='ocr_line' id='line_1_34' title="bbox 426 3194 3636 3270; baseline 0.003 -24"><span class='ocrx_word' id='word_1_457' title='bbox 426 3199 738 3249; x_wconf 77' lang='lat' dir='ltr'><strong><em>reciderunt.</em></strong></span> <span class='ocrx_word' id='word_1_458' title='bbox 768 3197 899 3264; x_wconf 83' lang='lat' dir='ltr'><strong><em>Cap.</em></strong></span> <span class='ocrx_word' id='word_1_459' title='bbox 927 3197 998 3251; x_wconf 72' lang='lat'><strong><em>20</em></strong></span> <span class='ocrx_word' id='word_1_460' title='bbox 1026 3213 1039 3250; x_wconf 90' lang='lat'><strong>:</strong></span> <span class='ocrx_word' id='word_1_461' title='bbox 1080 3194 1221 3249; x_wconf 84' lang='lat' dir='ltr'><strong><em>Nam</em></strong></span> <span class='ocrx_word' id='word_1_462' title='bbox 1280 3195 1706 3250; x_wconf 84' lang='lat' dir='ltr'><strong><em>Thessalonicam</em></strong></span> <span class='ocrx_word' id='word_1_463' title='bbox 1756 3206 1986 3262; x_wconf 81' lang='lat' dir='ltr'><strong><em>repetens</em></strong></span> <span class='ocrx_word' id='word_1_464' title='bbox 2024 3196 2265 3250; x_wconf 78' lang='lat' dir='ltr'><strong><em>Murates</em></strong></span> <span class='ocrx_word' id='word_1_465' title='bbox 2297 3196 2578 3268; x_wconf 90' lang='lat' dir='ltr'><strong><em>[secundus</em></strong></span> <span class='ocrx_word' id='word_1_466' title='bbox 2607 3208 2717 3251; x_wconf 87' lang='lat' dir='ltr'><strong><em>tum</em></strong></span> <span class='ocrx_word' id='word_1_467' title='bbox 2750 3201 2991 3253; x_wconf 89' lang='lat' dir='ltr'><strong><em>currebat</em></strong></span> <span class='ocrx_word' id='word_1_468' title='bbox 3018 3199 3094 3253; x_wconf 88' lang='lat' dir='ltr'><strong><em>vel</em></strong></span> <span class='ocrx_word' id='word_1_469' title='bbox 3124 3201 3307 3253; x_wconf 87' lang='lat' dir='ltr'><strong><em>tertias</em></strong></span> <span class='ocrx_word' id='word_1_470' title='bbox 3340 3212 3452 3270; x_wconf 86' lang='lat' dir='ltr'><strong><em>post</em></strong></span> <span class='ocrx_word' id='word_1_471' title='bbox 3492 3205 3636 3257; x_wconf 74' lang='lat' dir='ltr'><strong><em>exci-</em></strong></span> 
     </span>
    </p>
   </div>
   <div class='ocr_carea' id='block_1_35' title="bbox 419 3281 3636 3355">
    <p class='ocr_par' dir='ltr' id='par_1_35' title="bbox 419 3281 3636 3355">
     <span class='ocr_line' id='line_1_35' title="bbox 419 3281 3636 3355; baseline 0.002 -21"><span class='ocrx_word' id='word_1_472' title='bbox 419 3282 573 3336; x_wconf 87' lang='lat' dir='ltr'><strong><em>dium</em></strong></span> <span class='ocrx_word' id='word_1_473' title='bbox 601 3282 792 3354; x_wconf 87' lang='lat' dir='ltr'><strong><em>annus]</em></strong></span> <span class='ocrx_word' id='word_1_474' title='bbox 820 3293 877 3335; x_wconf 91' lang='lat' dir='ltr'><strong><em>ut</em></strong></span> <span class='ocrx_word' id='word_1_475' title='bbox 898 3301 1012 3338; x_wconf 90' lang='lat' dir='ltr'><strong><em>eam</em></strong></span> <span class='ocrx_word' id='word_1_476' title='bbox 1035 3284 1300 3348; x_wconf 88' lang='lat' dir='ltr'><strong><em>inviseret,</em></strong></span> <span class='ocrx_word' id='word_1_477' title='bbox 1329 3286 1732 3351; x_wconf 84' lang='lat' dir='ltr'><strong><em>accuratiusque</em></strong></span> <span class='ocrx_word' id='word_1_478' title='bbox 1763 3299 1842 3336; x_wconf 87' lang='lat' dir='ltr'><strong><em>res</em></strong></span> <span class='ocrx_word' id='word_1_479' title='bbox 1865 3284 2008 3335; x_wconf 89' lang='lat' dir='ltr'><strong><em>illius</em></strong></span> <span class='ocrx_word' id='word_1_480' title='bbox 2040 3281 2354 3347; x_wconf 86' lang='lat' dir='ltr'><strong><em>addisceret,</em></strong></span> <span class='ocrx_word' id='word_1_481' title='bbox 2381 3294 2427 3336; x_wconf 89' lang='lat' dir='ltr'><strong><em>et</em></strong></span> <span class='ocrx_word' id='word_1_482' title='bbox 2453 3284 2599 3337; x_wconf 83' lang='lat' dir='ltr'><strong><em>bonis</em></strong></span> <span class='ocrx_word' id='word_1_483' title='bbox 2625 3286 2769 3338; x_wconf 88' lang='lat' dir='ltr'><strong><em>illius</em></strong></span> <span class='ocrx_word' id='word_1_484' title='bbox 2802 3287 3086 3355; x_wconf 88' lang='lat' dir='ltr'><strong><em>frueretur,</em></strong></span> <span class='ocrx_word' id='word_1_485' title='bbox 3116 3297 3161 3338; x_wconf 89' lang='lat' dir='ltr'><strong><em>et</em></strong></span> <span class='ocrx_word' id='word_1_486' title='bbox 3190 3289 3486 3341; x_wconf 79' lang='lat' dir='ltr'><strong><em>muneribus</em></strong></span> <span class='ocrx_word' id='word_1_487' title='bbox 3515 3305 3636 3341; x_wconf 88' lang='lat' dir='ltr'><strong><em>mu-</em></strong></span> 
     </span>
    </p>
   </div>
   <div class='ocr_carea' id='block_1_36' title="bbox 423 3372 3639 3444">
    <p class='ocr_par' dir='ltr' id='par_1_36' title="bbox 423 3372 3639 3444">
     <span class='ocr_line' id='line_1_36' title="bbox 423 3372 3639 3444; baseline 0.002 -21"><span class='ocrx_word' id='word_1_488' title='bbox 423 3372 595 3439; x_wconf 74' lang='lat' dir='ltr'><strong><em>nificis</em></strong></span> <span class='ocrx_word' id='word_1_489' title='bbox 629 3372 960 3424; x_wconf 88' lang='lat' dir='ltr'><strong><em>contenderet</em></strong></span> <span class='ocrx_word' id='word_1_490' title='bbox 982 3388 1096 3425; x_wconf 90' lang='lat' dir='ltr'><strong><em>cum</em></strong></span> <span class='ocrx_word' id='word_1_491' title='bbox 1124 3389 1219 3426; x_wconf 90' lang='lat' dir='ltr'><strong><em>suo</em></strong></span> <span class='ocrx_word' id='word_1_492' title='bbox 1245 3375 1596 3442; x_wconf 86' lang='lat' dir='ltr'><strong><em>progenitore,</em></strong></span> <span class='ocrx_word' id='word_1_493' title='bbox 1622 3374 1864 3441; x_wconf 88' lang='lat' dir='ltr'><strong><em>illiusque</em></strong></span> <span class='ocrx_word' id='word_1_494' title='bbox 1904 3372 2132 3442; x_wconf 88' lang='lat' dir='ltr'><strong><em>vestigiis</em></strong></span> <span class='ocrx_word' id='word_1_495' title='bbox 2164 3372 2426 3425; x_wconf 82' lang='lat' dir='ltr'><strong><em>insisteret</em></strong></span> <span class='ocrx_word' id='word_1_496' title='bbox 2459 3389 2476 3427; x_wconf 90' lang='lat'><strong><em>:</em></strong></span> <span class='ocrx_word' id='word_1_497' title='bbox 2512 3374 2601 3441; x_wconf 87' lang='lat' dir='ltr'><strong><em>qui</em></strong></span> <span class='ocrx_word' id='word_1_498' title='bbox 2627 3372 3001 3427; x_wconf 79' lang='lat' dir='ltr'><strong><em>Thessalonica</em></strong></span> <span class='ocrx_word' id='word_1_499' title='bbox 3028 3375 3221 3441; x_wconf 87' lang='lat' dir='ltr'><strong><em>potitus</em></strong></span> <span class='ocrx_word' id='word_1_500' title='bbox 3249 3377 3450 3444; x_wconf 89' lang='lat' dir='ltr'><strong><em>gratias</em></strong></span> <span class='ocrx_word' id='word_1_501' title='bbox 3478 3378 3639 3429; x_wconf 83' lang='lat' dir='ltr'><strong><em>innu-</em></strong></span> 
     </span>
    </p>
   </div>
   <div class='ocr_carea' id='block_1_37' title="bbox 422 3457 3634 3530">
    <p class='ocr_par' dir='ltr' id='par_1_37' title="bbox 422 3457 3634 3530">
     <span class='ocr_line' id='line_1_37' title="bbox 422 3457 3634 3530; baseline 0.002 -22"><span class='ocrx_word' id='word_1_502' title='bbox 422 3473 593 3509; x_wconf 89' lang='lat' dir='ltr'><strong><em>meras</em></strong></span> <span class='ocrx_word' id='word_1_503' title='bbox 648 3457 1051 3525; x_wconf 87' lang='lat' dir='ltr'><strong><em>largitionesque</em></strong></span> <span class='ocrx_word' id='word_1_504' title='bbox 1105 3461 1360 3511; x_wconf 72' lang='lat' dir='ltr'><strong><em>maximas</em></strong></span> <span class='ocrx_word' id='word_1_505' title='bbox 1410 3459 1573 3525; x_wconf 89' lang='lat' dir='ltr'><strong><em>fecit:</em></strong></span> <span class='ocrx_word' id='word_1_506' title='bbox 1629 3462 1747 3519; x_wconf 86' lang='lat' dir='ltr'><strong><em>huc,</em></strong></span> <span class='ocrx_word' id='word_1_507' title='bbox 1768 3460 2000 3528; x_wconf 83' lang='lat' dir='ltr'><strong><em>inquam,</em></strong></span> <span class='ocrx_word' id='word_1_508' title='bbox 2052 3459 2217 3528; x_wconf 86' lang='lat' dir='ltr'><strong><em>fretus</em></strong></span> <span class='ocrx_word' id='word_1_509' title='bbox 2262 3469 2448 3523; x_wconf 77' lang='lat' dir='ltr'><strong><em>mente,</em></strong></span> <span class='ocrx_word' id='word_1_510' title='bbox 2489 3461 2731 3529; x_wconf 87' lang='lat' dir='ltr'><strong><em>illiusque</em></strong></span> <span class='ocrx_word' id='word_1_511' title='bbox 2782 3462 3122 3530; x_wconf 78' lang='lat' dir='ltr'><strong><em>exsequenda:</em></strong></span> <span class='ocrx_word' id='word_1_512' title='bbox 3174 3478 3341 3516; x_wconf 88' lang='lat' dir='ltr'><strong><em>causa</em></strong></span> <span class='ocrx_word' id='word_1_513' title='bbox 3399 3464 3634 3527; x_wconf 89' lang='lat' dir='ltr'><strong><em>veniens,</em></strong></span> 
     </span>
    </p>
   </div>
   <div class='ocr_carea' id='block_1_38' title="bbox 421 3542 3637 3621">
    <p class='ocr_par' dir='ltr' id='par_1_38' title="bbox 421 3542 3637 3621">
     <span class='ocr_line' id='line_1_38' title="bbox 421 3542 3637 3621; baseline 0.003 -25"><span class='ocrx_word' id='word_1_514' title='bbox 421 3544 750 3606; x_wconf 86' lang='lat' dir='ltr'><strong><em>postmodum</em></strong></span> <span class='ocrx_word' id='word_1_515' title='bbox 776 3542 931 3595; x_wconf 89' lang='lat' dir='ltr'><strong><em>malis</em></strong></span> <span class='ocrx_word' id='word_1_516' title='bbox 960 3542 1189 3596; x_wconf 86' lang='lat' dir='ltr'><strong><em>aliorum</em></strong></span> <span class='ocrx_word' id='word_1_517' title='bbox 1218 3546 1601 3598; x_wconf 87' lang='lat' dir='ltr'><strong><em>monitionibus</em></strong></span> <span class='ocrx_word' id='word_1_518' title='bbox 1638 3547 1947 3607; x_wconf 84' lang='lat' dir='ltr'><strong><em>distractus,</em></strong></span> <span class='ocrx_word' id='word_1_519' title='bbox 1986 3547 2265 3600; x_wconf 88' lang='lat' dir='ltr'><strong><em>consilium</em></strong></span> <span class='ocrx_word' id='word_1_520' title='bbox 2299 3550 2680 3617; x_wconf 88' lang='lat' dir='ltr'><strong><em>pristinamque</em></strong></span> <span class='ocrx_word' id='word_1_521' title='bbox 2714 3552 3023 3603; x_wconf 85' lang='lat' dir='ltr'><strong><em>sententiam</em></strong></span> <span class='ocrx_word' id='word_1_522' title='bbox 3051 3560 3217 3604; x_wconf 89' lang='lat' dir='ltr'><strong><em>mutat</em></strong></span> <span class='ocrx_word' id='word_1_523' title='bbox 3246 3567 3264 3604; x_wconf 89' lang='lat'><em>:</em></span> <span class='ocrx_word' id='word_1_524' title='bbox 3295 3560 3344 3604; x_wconf 91' lang='lat' dir='ltr'><strong><em>et</em></strong></span> <span class='ocrx_word' id='word_1_525' title='bbox 3371 3568 3508 3615; x_wconf 81' lang='lat' dir='ltr'><strong><em>qute,</em></strong></span> <span class='ocrx_word' id='word_1_526' title='bbox 3534 3569 3637 3621; x_wconf 88' lang='lat' dir='ltr'><strong><em>quo</em></strong></span> 
     </span>
    </p>
   </div>
   <div class='ocr_carea' id='block_1_39' title="bbox 426 3627 3639 3707">
    <p class='ocr_par' dir='ltr' id='par_1_39' title="bbox 426 3627 3639 3707">
     <span class='ocr_line' id='line_1_39' title="bbox 426 3627 3639 3707; baseline 0.001 -16"><span class='ocrx_word' id='word_1_527' title='bbox 426 3627 569 3693; x_wconf 72' lang='grc' dir='ltr'><strong><em>σαρίί</em></strong></span> <span class='ocrx_word' id='word_1_528' title='bbox 597 3641 777 3677; x_wconf 66' lang='grc' dir='ltr'><strong><em>δυβιαε</em></strong></span> <span class='ocrx_word' id='word_1_529' title='bbox 813 3635 1061 3693; x_wconf 55' lang='lat' dir='ltr'><strong><em>tempore.</em></strong></span> <span class='ocrx_word' id='word_1_530' title='bbox 1088 3642 1191 3680; x_wconf 70' lang='grc' dir='ltr'><strong><em>που</em></strong></span> <span class='ocrx_word' id='word_1_531' title='bbox 1218 3629 1439 3696; x_wconf 72' lang='grc' dir='ltr'><strong><em>Ρενεθίῑ,</em></strong></span> <span class='ocrx_word' id='word_1_532' title='bbox 1467 3644 1525 3681; x_wconf 75' lang='grc' dir='ltr'><strong><em>ϐο</em></strong></span> <span class='ocrx_word' id='word_1_533' title='bbox 1578 3628 1822 3694; x_wconf 74' lang='grc' dir='ltr'><strong><em>ιιηιροτὶε</em></strong></span> <span class='ocrx_word' id='word_1_534' title='bbox 1854 3629 2103 3695; x_wconf 61' lang='lat' dir='ltr'><strong><em>lter/icere</em></strong></span> <span class='ocrx_word' id='word_1_535' title='bbox 2132 3637 2424 3689; x_wconf 88' lang='lat' dir='ltr'><strong><em>constituit.</em></strong></span> <span class='ocrx_word' id='word_1_536' title='bbox 2458 3636 2651 3707; x_wconf 86' lang='lat' dir='ltr'><strong><em>Igitur,</em></strong></span> <span class='ocrx_word' id='word_1_537' title='bbox 2689 3640 2809 3692; x_wconf 88' lang='lat' dir='ltr'><strong><em>licet</em></strong></span> <span class='ocrx_word' id='word_1_538' title='bbox 2841 3641 2930 3692; x_wconf 91' lang='lat' dir='ltr'><strong><em>ille</em></strong></span> <span class='ocrx_word' id='word_1_539' title='bbox 2969 3638 3184 3702; x_wconf 80' lang='lat' dir='ltr'><strong><em>diceret,</em></strong></span> <span class='ocrx_word' id='word_1_540' title='bbox 3211 3640 3327 3694; x_wconf 90' lang='lat' dir='ltr'><strong><em>ideo</em></strong></span> <span class='ocrx_word' id='word_1_541' title='bbox 3358 3656 3415 3693; x_wconf 87' lang='lat' dir='ltr'><strong><em>se</em></strong></span> <span class='ocrx_word' id='word_1_542' title='bbox 3441 3643 3639 3693; x_wconf 84' lang='lat' dir='ltr'><strong><em>venisse</em></strong></span> 
     </span>
    </p>
   </div>
   <div class='ocr_carea' id='block_1_40' title="bbox 431 3712 3635 3795">
    <p class='ocr_par' dir='ltr' id='par_1_40' title="bbox 431 3712 3635 3795">
     <span class='ocr_line' id='line_1_40' title="bbox 431 3712 3635 3795; baseline 0.005 -34"><span class='ocrx_word' id='word_1_543' title='bbox 431 3720 484 3762; x_wconf 87' lang='lat' dir='ltr'><strong><em>ut</em></strong></span> <span class='ocrx_word' id='word_1_544' title='bbox 515 3712 693 3763; x_wconf 88' lang='lat' dir='ltr'><strong><em>urbem</em></strong></span> <span class='ocrx_word' id='word_1_545' title='bbox 725 3724 769 3763; x_wconf 90' lang='lat' dir='ltr'><strong><em>et</em></strong></span> <span class='ocrx_word' id='word_1_546' title='bbox 793 3712 1000 3781; x_wconf 87' lang='lat' dir='ltr'><strong><em>singula</em></strong></span> <span class='ocrx_word' id='word_1_547' title='bbox 1030 3714 1177 3767; x_wconf 87' lang='lat' dir='ltr'><strong><em>illius</em></strong></span> <span class='ocrx_word' id='word_1_548' title='bbox 1205 3715 1654 3781; x_wconf 88' lang='lat' dir='ltr'><strong><em>circumspiceret,</em></strong></span> <span class='ocrx_word' id='word_1_549' title='bbox 1690 3717 1896 3782; x_wconf 89' lang='lat' dir='ltr'><strong><em>otioque</em></strong></span> <span class='ocrx_word' id='word_1_550' title='bbox 1923 3724 1970 3766; x_wconf 90' lang='lat' dir='ltr'><strong><em>et</em></strong></span> <span class='ocrx_word' id='word_1_551' title='bbox 2002 3714 2198 3773; x_wconf 89' lang='lat' dir='ltr'><strong><em>laboris</em></strong></span> <span class='ocrx_word' id='word_1_552' title='bbox 2229 3722 2529 3775; x_wconf 86' lang='lat' dir='ltr'><strong><em>remissione</em></strong></span> <span class='ocrx_word' id='word_1_553' title='bbox 2558 3733 2817 3786; x_wconf 88' lang='lat' dir='ltr'><strong><em>uteretur,</em></strong></span> <span class='ocrx_word' id='word_1_554' title='bbox 2856 3725 3111 3795; x_wconf 87' lang='lat' dir='ltr'><strong><em>bonisque</em></strong></span> <span class='ocrx_word' id='word_1_555' title='bbox 3148 3726 3291 3778; x_wconf 89' lang='lat' dir='ltr'><strong><em>illius</em></strong></span> <span class='ocrx_word' id='word_1_556' title='bbox 3330 3726 3399 3778; x_wconf 94' lang='lat' dir='ltr'><strong><em>ad</em></strong></span> <span class='ocrx_word' id='word_1_557' title='bbox 3429 3731 3635 3779; x_wconf 82' lang='lat' dir='ltr'><strong><em>saturi-</em></strong></span> 
     </span>
    </p>
   </div>
   <div class='ocr_carea' id='block_1_41' title="bbox 435 3796 3639 3878">
    <p class='ocr_par' dir='ltr' id='par_1_41' title="bbox 435 3796 3639 3878">
     <span class='ocr_line' id='line_1_41' title="bbox 435 3796 3639 3878; baseline 0.006 -30"><span class='ocrx_word' id='word_1_558' title='bbox 435 3804 596 3850; x_wconf 90' lang='lat' dir='ltr'><strong><em>tatem</em></strong></span> <span class='ocrx_word' id='word_1_559' title='bbox 623 3798 1005 3865; x_wconf 74' lang='lat' dir='ltr'><strong><em>luxuriaretur,</em></strong></span> <span class='ocrx_word' id='word_1_560' title='bbox 1030 3803 1205 3869; x_wconf 87' lang='lat' dir='ltr'><strong><em>sicque</em></strong></span> <span class='ocrx_word' id='word_1_561' title='bbox 1233 3818 1336 3855; x_wconf 89' lang='lat' dir='ltr'><strong><em>non</em></strong></span> <span class='ocrx_word' id='word_1_562' title='bbox 1376 3803 1550 3855; x_wconf 90' lang='lat' dir='ltr'><strong><em>minus</em></strong></span> <span class='ocrx_word' id='word_1_563' title='bbox 1577 3804 1630 3854; x_wconf 89' lang='lat' dir='ltr'><strong><em>in</em></strong></span> <span class='ocrx_word' id='word_1_564' title='bbox 1663 3817 1775 3853; x_wconf 87' lang='lat' dir='ltr'><strong><em>eam</em></strong></span> <span class='ocrx_word' id='word_1_565' title='bbox 1812 3800 2048 3854; x_wconf 79' lang='lat' dir='ltr'><strong><em>benevole</em></strong></span> <span class='ocrx_word' id='word_1_566' title='bbox 2100 3806 2319 3871; x_wconf 66' lang='lat' dir='ltr'><strong><em>aﬁ&#39;ectus</em></strong></span> <span class='ocrx_word' id='word_1_567' title='bbox 2344 3844 2358 3869; x_wconf 95' lang='lat'><strong><em>,</em></strong></span> <span class='ocrx_word' id='word_1_568' title='bbox 2387 3808 2603 3859; x_wconf 88' lang='lat' dir='ltr'><strong><em>meliora</em></strong></span> <span class='ocrx_word' id='word_1_569' title='bbox 2629 3814 2889 3875; x_wconf 88' lang='lat' dir='ltr'><strong><em>speranda</em></strong></span> <span class='ocrx_word' id='word_1_570' title='bbox 2924 3810 3072 3863; x_wconf 88' lang='lat' dir='ltr'><strong><em>nobis</em></strong></span> <span class='ocrx_word' id='word_1_571' title='bbox 3103 3811 3156 3862; x_wconf 92' lang='lat' dir='ltr'><strong><em>in</em></strong></span> <span class='ocrx_word' id='word_1_572' title='bbox 3186 3796 3451 3878; x_wconf 83' lang='lat' dir='ltr'><strong><em>posterum</em></strong></span> <span class='ocrx_word' id='word_1_573' title='bbox 3478 3812 3639 3866; x_wconf 87' lang='lat' dir='ltr'><strong><em>relin-</em></strong></span> 
     </span>
    </p>
   </div>
   <div class='ocr_carea' id='block_1_42' title="bbox 425 3886 3638 3961">
    <p class='ocr_par' dir='ltr' id='par_1_42' title="bbox 425 3886 3638 3961">
     <span class='ocr_line' id='line_1_42' title="bbox 425 3886 3638 3961; baseline 0.004 -25"><span class='ocrx_word' id='word_1_574' title='bbox 425 3893 647 3951; x_wconf 87' lang='lat' dir='ltr'><strong><em>queret;</em></strong></span> <span class='ocrx_word' id='word_1_575' title='bbox 679 3886 1017 3940; x_wconf 90' lang='lat' dir='ltr'><strong><em>nihilominus</em></strong></span> <span class='ocrx_word' id='word_1_576' title='bbox 1048 3889 1612 3951; x_wconf 56' lang='lat' dir='ltr'><strong><em>primum‘mandatum</em></strong></span> <span class='ocrx_word' id='word_1_577' title='bbox 1644 3886 1808 3948; x_wconf 89' lang='lat' dir='ltr'><strong><em>dedit,</em></strong></span> <span class='ocrx_word' id='word_1_578' title='bbox 1834 3888 1969 3952; x_wconf 70' lang='lat' dir='ltr'><strong><em>quod</em></strong></span> <span class='ocrx_word' id='word_1_579' title='bbox 2011 3902 2103 3939; x_wconf 88' lang='lat' dir='ltr'><strong><em>nec</em></strong></span> <span class='ocrx_word' id='word_1_580' title='bbox 2134 3904 2228 3954; x_wconf 90' lang='lat' dir='ltr'><strong><em>per</em></strong></span> <span class='ocrx_word' id='word_1_581' title='bbox 2258 3892 2522 3942; x_wconf 89' lang='lat' dir='ltr'><strong><em>somnium</em></strong></span> <span class='ocrx_word' id='word_1_582' title='bbox 2548 3894 2758 3959; x_wconf 87' lang='lat' dir='ltr'><strong><em>quidem</em></strong></span> <span class='ocrx_word' id='word_1_583' title='bbox 2776 3896 3034 3960; x_wconf 88' lang='lat' dir='ltr'><strong><em>quispiam</em></strong></span> <span class='ocrx_word' id='word_1_584' title='bbox 3057 3906 3405 3961; x_wconf 75' lang='lat' dir='ltr'><strong><em>expectasset.</em></strong></span> <span class='ocrx_word' id='word_1_585' title='bbox 3439 3898 3503 3951; x_wconf 88' lang='lat' dir='ltr'><strong><em>Id</em></strong></span> <span class='ocrx_word' id='word_1_586' title='bbox 3535 3914 3638 3950; x_wconf 65' lang='lat' dir='ltr'><strong><em>auo</em></strong></span> 
     </span>
    </p>
   </div>
   <div class='ocr_carea' id='block_1_43' title="bbox 427 3973 3641 4050">
    <p class='ocr_par' dir='ltr' id='par_1_43' title="bbox 427 3973 3641 4050">
     <span class='ocr_line' id='line_1_43' title="bbox 427 3973 3641 4050; baseline 0.005 -26"><span class='ocrx_word' id='word_1_587' title='bbox 427 3981 529 4024; x_wconf 91' lang='lat' dir='ltr'><strong><em>tem</em></strong></span> <span class='ocrx_word' id='word_1_588' title='bbox 559 3980 692 4036; x_wconf 90' lang='lat' dir='ltr'><strong><em>erat,</em></strong></span> <span class='ocrx_word' id='word_1_589' title='bbox 730 3976 1050 4025; x_wconf 86' lang='lat' dir='ltr'><strong><em>monasteria</em></strong></span> <span class='ocrx_word' id='word_1_590' title='bbox 1081 3976 1258 4026; x_wconf 89' lang='lat' dir='ltr'><strong><em>omnia</em></strong></span> <span class='ocrx_word' id='word_1_591' title='bbox 1284 3973 1583 4040; x_wconf 87' lang='lat' dir='ltr'><strong><em>templaque</em></strong></span> <span class='ocrx_word' id='word_1_592' title='bbox 1624 3973 1956 4038; x_wconf 87' lang='lat' dir='ltr'><strong><em>occupanda,</em></strong></span> <span class='ocrx_word' id='word_1_593' title='bbox 2005 3987 2186 4025; x_wconf 88' lang='lat' dir='ltr'><strong><em>eorum</em></strong></span> <span class='ocrx_word' id='word_1_594' title='bbox 2216 3977 2414 4027; x_wconf 88' lang='lat' dir='ltr'><strong><em>reditus</em></strong></span> <span class='ocrx_word' id='word_1_595' title='bbox 2445 3993 2621 4030; x_wconf 82' lang='lat' dir='ltr'><strong><em>omnes</em></strong></span> <span class='ocrx_word' id='word_1_596' title='bbox 2667 3981 3120 4049; x_wconf 82' lang='lat' dir='ltr'><strong><em>possessionesque</em></strong></span> <span class='ocrx_word' id='word_1_597' title='bbox 3146 3985 3482 4050; x_wconf 83' lang='lat' dir='ltr'><strong><em>auferendus,</em></strong></span> <span class='ocrx_word' id='word_1_598' title='bbox 3509 3995 3557 4038; x_wconf 88' lang='lat' dir='ltr'><strong><em>et</em></strong></span> <span class='ocrx_word' id='word_1_599' title='bbox 3584 3987 3641 4039; x_wconf 74' lang='lat' dir='ltr'><strong><em>in</em></strong></span> 
     </span>
    </p>
   </div>
   <div class='ocr_carea' id='block_1_44' title="bbox 426 4059 3641 4139">
    <p class='ocr_par' dir='ltr' id='par_1_44' title="bbox 426 4059 3641 4139">
     <span class='ocr_line' id='line_1_44' title="bbox 426 4059 3641 4139; baseline 0.005 -29"><span class='ocrx_word' id='word_1_600' title='bbox 426 4069 711 4127; x_wconf 89' lang='lat' dir='ltr'><strong><em>angustum</em></strong></span> <span class='ocrx_word' id='word_1_601' title='bbox 735 4062 921 4128; x_wconf 85' lang='lat' dir='ltr'><strong><em>oppido</em></strong></span> <span class='ocrx_word' id='word_1_602' title='bbox 953 4077 1033 4113; x_wconf 87' lang='lat' dir='ltr'><strong><em>res</em></strong></span> <span class='ocrx_word' id='word_1_603' title='bbox 1067 4071 1274 4114; x_wconf 88' lang='lat' dir='ltr'><strong><em>nostras</em></strong></span> <span class='ocrx_word' id='word_1_604' title='bbox 1302 4062 1579 4128; x_wconf 86' lang='lat' dir='ltr'><strong><em>cogendas.</em></strong></span> <span class='ocrx_word' id='word_1_605' title='bbox 1635 4059 1783 4124; x_wconf 86' lang='lat' dir='ltr'><strong><em>Quod</em></strong></span> <span class='ocrx_word' id='word_1_606' title='bbox 1815 4074 1914 4111; x_wconf 89' lang='lat' dir='ltr'><strong><em>non</em></strong></span> <span class='ocrx_word' id='word_1_607' title='bbox 1940 4060 2102 4111; x_wconf 90' lang='lat' dir='ltr'><strong><em>multo</em></strong></span> <span class='ocrx_word' id='word_1_608' title='bbox 2133 4071 2246 4127; x_wconf 90' lang='lat' dir='ltr'><strong><em>post</em></strong></span> <span class='ocrx_word' id='word_1_609' title='bbox 2276 4062 2478 4130; x_wconf 89' lang='lat' dir='ltr'><strong><em>factum</em></strong></span> <span class='ocrx_word' id='word_1_610' title='bbox 2520 4073 2596 4116; x_wconf 87' lang='lat' dir='ltr'><strong><em>est</em></strong></span> <span class='ocrx_word' id='word_1_611' title='bbox 2621 4065 2684 4117; x_wconf 91' lang='lat' dir='ltr'><strong><em>ab</em></strong></span> <span class='ocrx_word' id='word_1_612' title='bbox 2716 4065 2824 4117; x_wconf 91' lang='lat' dir='ltr'><strong><em>illis</em></strong></span> <span class='ocrx_word' id='word_1_613' title='bbox 2843 4066 3135 4136; x_wconf 89' lang='lat' dir='ltr'><strong><em>insigniter.</em></strong></span> <span class='ocrx_word' id='word_1_614' title='bbox 3169 4068 3301 4139; x_wconf 85' lang='lat' dir='ltr'><strong><em>Cap.</em></strong></span> <span class='ocrx_word' id='word_1_615' title='bbox 3339 4072 3402 4124; x_wconf 73' lang='grc'><strong><em>21</em></strong></span> <span class='ocrx_word' id='word_1_616' title='bbox 3435 4089 3449 4126; x_wconf 88' lang='lat'><strong>:</strong></span> <span class='ocrx_word' id='word_1_617' title='bbox 3481 4071 3641 4125; x_wconf 90' lang='lat' dir='ltr'><strong><em>Nunc</em></strong></span> 
     </span>
    </p>
   </div>
   <div class='ocr_carea' id='block_1_45' title="bbox 426 4140 3642 4226">
    <p class='ocr_par' dir='ltr' id='par_1_45' title="bbox 426 4140 3642 4226">
     <span class='ocr_line' id='line_1_45' title="bbox 426 4140 3642 4226; baseline 0.005 -31"><span class='ocrx_word' id='word_1_618' title='bbox 426 4159 605 4210; x_wconf 90' lang='lat' dir='ltr'><strong><em>porro,</em></strong></span> <span class='ocrx_word' id='word_1_619' title='bbox 644 4146 790 4214; x_wconf 88' lang='lat' dir='ltr'><strong><em>quia</em></strong></span> <span class='ocrx_word' id='word_1_620' title='bbox 822 4146 1144 4215; x_wconf 89' lang='lat' dir='ltr'><strong><em>longioribus</em></strong></span> <span class='ocrx_word' id='word_1_621' title='bbox 1174 4149 1281 4200; x_wconf 87' lang='lat' dir='ltr'><strong><em>oris</em></strong></span> <span class='ocrx_word' id='word_1_622' title='bbox 1314 4147 1489 4210; x_wconf 90' lang='lat' dir='ltr'><strong><em>illius,</em></strong></span> <span class='ocrx_word' id='word_1_623' title='bbox 1532 4158 1788 4213; x_wconf 87' lang='lat' dir='ltr'><strong><em>compotes</em></strong></span> <span class='ocrx_word' id='word_1_624' title='bbox 1811 4145 1969 4221; x_wconf 87' lang='lat' dir='ltr'><strong><em>fiendi</em></strong></span> <span class='ocrx_word' id='word_1_625' title='bbox 1993 4146 2253 4199; x_wconf 87' lang='lat' dir='ltr'><strong><em>desiderio</em></strong></span> <span class='ocrx_word' id='word_1_626' title='bbox 2288 4148 2633 4212; x_wconf 73' lang='lat' dir='ltr'><strong><em>exardebant,</em></strong></span> <span class='ocrx_word' id='word_1_627' title='bbox 2663 4168 2749 4205; x_wconf 95' lang='lat' dir='ltr'><strong><em>eos</em></strong></span> <span class='ocrx_word' id='word_1_628' title='bbox 2778 4153 2861 4207; x_wconf 88' lang='lat' dir='ltr'><strong><em>sui</em></strong></span> <span class='ocrx_word' id='word_1_629' title='bbox 2890 4140 3155 4219; x_wconf 85' lang='lat' dir='ltr'><strong><em>desiderii,</em></strong></span> <span class='ocrx_word' id='word_1_630' title='bbox 3189 4160 3280 4209; x_wconf 88' lang='lat' dir='ltr'><strong><em>sed</em></strong></span> <span class='ocrx_word' id='word_1_631' title='bbox 3314 4169 3360 4211; x_wconf 91' lang='lat' dir='ltr'><strong><em>et</em></strong></span> <span class='ocrx_word' id='word_1_632' title='bbox 3390 4175 3485 4211; x_wconf 90' lang='lat' dir='ltr'><strong><em>nos</em></strong></span> <span class='ocrx_word' id='word_1_633' title='bbox 3510 4175 3642 4226; x_wconf 87' lang='lat' dir='ltr'><strong><em>quo-</em></strong></span> 
     </span>
    </p>
   </div>
   <div class='ocr_carea' id='block_1_46' title="bbox 425 4232 3640 4305">
    <p class='ocr_par' dir='ltr' id='par_1_46' title="bbox 425 4232 3640 4305">
     <span class='ocr_line' id='line_1_46' title="bbox 425 4232 3640 4305; baseline 0.005 -22"><span class='ocrx_word' id='word_1_634' title='bbox 425 4248 523 4299; x_wconf 91' lang='lat' dir='ltr'><strong><em>que</em></strong></span> <span class='ocrx_word' id='word_1_635' title='bbox 560 4233 615 4284; x_wconf 88' lang='lat' dir='ltr'><strong><em>in</em></strong></span> <span class='ocrx_word' id='word_1_636' title='bbox 634 4248 748 4285; x_wconf 90' lang='lat' dir='ltr'><strong><em>eam</em></strong></span> <span class='ocrx_word' id='word_1_637' title='bbox 777 4234 1054 4287; x_wconf 87' lang='lat' dir='ltr'><strong><em>reditionis</em></strong></span> <span class='ocrx_word' id='word_1_638' title='bbox 1080 4234 1291 4301; x_wconf 72' lang='lat' dir='ltr'><strong><em>pwnitet</em></strong></span> <span class='ocrx_word' id='word_1_639' title='bbox 1320 4251 1341 4299; x_wconf 88' lang='lat'><strong><em>;</em></strong></span> <span class='ocrx_word' id='word_1_640' title='bbox 1373 4250 1492 4286; x_wconf 92' lang='lat' dir='ltr'><strong><em>cum</em></strong></span> <span class='ocrx_word' id='word_1_641' title='bbox 1521 4249 1635 4301; x_wconf 82' lang='lat' dir='ltr'><strong><em>spes</em></strong></span> <span class='ocrx_word' id='word_1_642' title='bbox 1670 4232 1902 4286; x_wconf 89' lang='lat' dir='ltr'><strong><em>melioris</em></strong></span> <span class='ocrx_word' id='word_1_643' title='bbox 1924 4241 2098 4286; x_wconf 88' lang='lat' dir='ltr'><strong><em>status</em></strong></span> <span class='ocrx_word' id='word_1_644' title='bbox 2123 4236 2331 4302; x_wconf 86' lang='lat' dir='ltr'><strong><em>penitus</em></strong></span> <span class='ocrx_word' id='word_1_645' title='bbox 2376 4239 2582 4289; x_wconf 88' lang='lat' dir='ltr'><strong><em>sublata</em></strong></span> <span class='ocrx_word' id='word_1_646' title='bbox 2612 4240 2700 4292; x_wconf 88' lang='lat' dir='ltr'><strong><em>sit.</em></strong></span> <span class='ocrx_word' id='word_1_647' title='bbox 2728 4238 2829 4294; x_wconf 89' lang='lat' dir='ltr'><strong><em>Ubi</em></strong></span> <span class='ocrx_word' id='word_1_648' title='bbox 2864 4250 3044 4305; x_wconf 89' lang='lat' dir='ltr'><strong><em>noles,</em></strong></span> <span class='ocrx_word' id='word_1_649' title='bbox 3082 4250 3354 4297; x_wconf 83' lang='lat' dir='ltr'><strong><em>auctorem</em></strong></span> <span class='ocrx_word' id='word_1_650' title='bbox 3388 4256 3640 4298; x_wconf 72' lang='lat' dir='ltr'><strong><em>noetrum</em></strong></span> 
     </span>
    </p>
   </div>
   <div class='ocr_carea' id='block_1_47' title="bbox 427 4318 3632 4393">
    <p class='ocr_par' dir='ltr' id='par_1_47' title="bbox 427 4318 3632 4393">
     <span class='ocr_line' id='line_1_47' title="bbox 427 4318 3632 4393; baseline 0.004 -23"><span class='ocrx_word' id='word_1_651' title='bbox 427 4321 604 4386; x_wconf 88' lang='lat' dir='ltr'><strong><em>capite</em></strong></span> <span class='ocrx_word' id='word_1_652' title='bbox 634 4318 724 4383; x_wconf 73' lang='lat'><strong><em>20,</em></strong></span> <span class='ocrx_word' id='word_1_653' title='bbox 756 4334 879 4374; x_wconf 91' lang='lat' dir='ltr'><strong><em>cum</em></strong></span> <span class='ocrx_word' id='word_1_654' title='bbox 898 4320 970 4375; x_wconf 88' lang='lat' dir='ltr'><strong><em>sit</em></strong></span> <span class='ocrx_word' id='word_1_655' title='bbox 996 4319 1217 4385; x_wconf 84' lang='lat' dir='ltr'><strong><em>dubius,</em></strong></span> <span class='ocrx_word' id='word_1_656' title='bbox 1253 4321 1427 4374; x_wconf 85' lang='lat' dir='ltr'><strong><em>altero</em></strong></span> <span class='ocrx_word' id='word_1_657' title='bbox 1458 4336 1526 4374; x_wconf 90' lang='lat' dir='ltr'><strong><em>an</em></strong></span> <span class='ocrx_word' id='word_1_658' title='bbox 1577 4321 1739 4374; x_wconf 89' lang='lat' dir='ltr'><strong><em>tertio</em></strong></span> <span class='ocrx_word' id='word_1_659' title='bbox 1771 4334 1935 4382; x_wconf 90' lang='lat' dir='ltr'><strong><em>anno,</em></strong></span> <span class='ocrx_word' id='word_1_660' title='bbox 1978 4329 2102 4388; x_wconf 88' lang='lat' dir='ltr'><strong><em>post</em></strong></span> <span class='ocrx_word' id='word_1_661' title='bbox 2134 4321 2283 4374; x_wconf 90' lang='lat' dir='ltr'><strong><em>urbis</em></strong></span> <span class='ocrx_word' id='word_1_662' title='bbox 2323 4321 2820 4381; x_wconf 83' lang='lat' dir='ltr'><strong><em>Thessalonicensis</em></strong></span> <span class='ocrx_word' id='word_1_663' title='bbox 2844 4328 3143 4393; x_wconf 84' lang='lat' dir='ltr'><strong><em>excidium,</em></strong></span> <span class='ocrx_word' id='word_1_664' title='bbox 3187 4330 3238 4382; x_wconf 91' lang='lat' dir='ltr'><strong><em>id</em></strong></span> <span class='ocrx_word' id='word_1_665' title='bbox 3294 4339 3378 4384; x_wconf 87' lang='lat' dir='ltr'><strong><em>est</em></strong></span> <span class='ocrx_word' id='word_1_666' title='bbox 3426 4347 3632 4385; x_wconf 76' lang='lat' dir='ltr'><strong><em>almum</em></strong></span> 
     </span>
    </p>
   </div>
   <div class='ocr_carea' id='block_1_48' title="bbox 427 4402 3643 4480">
    <p class='ocr_par' dir='ltr' id='par_1_48' title="bbox 427 4402 3643 4480">
     <span class='ocr_line' id='line_1_48' title="bbox 427 4402 3643 4480; baseline 0.004 -24"><span class='ocrx_word' id='word_1_667' title='bbox 427 4402 627 4458; x_wconf 90' lang='lat' dir='ltr'><strong><em>Christi</em></strong></span> <span class='ocrx_word' id='word_1_668' title='bbox 667 4406 826 4471; x_wconf 73' lang='lat' dir='ltr'><strong><em>H50,</em></strong></span> <span class='ocrx_word' id='word_1_669' title='bbox 858 4422 967 4472; x_wconf 86' lang='lat' dir='ltr'><strong><em>res,</em></strong></span> <span class='ocrx_word' id='word_1_670' title='bbox 1000 4423 1138 4477; x_wconf 85' lang='lat' dir='ltr'><strong><em>quas</em></strong></span> <span class='ocrx_word' id='word_1_671' title='bbox 1178 4408 1278 4461; x_wconf 89' lang='lat' dir='ltr'><strong><em>hoc</em></strong></span> <span class='ocrx_word' id='word_1_672' title='bbox 1318 4409 1435 4461; x_wconf 88' lang='lat' dir='ltr'><strong><em>loco</em></strong></span> <span class='ocrx_word' id='word_1_673' title='bbox 1470 4416 1676 4472; x_wconf 85' lang='lat' dir='ltr'><strong><em>narrat,</em></strong></span> <span class='ocrx_word' id='word_1_674' title='bbox 1708 4407 2041 4471; x_wconf 77' lang='lat' dir='ltr'><strong><em>acciderint;</em></strong></span> <span class='ocrx_word' id='word_1_675' title='bbox 2075 4406 2253 4460; x_wconf 82' lang='lat' dir='ltr'><strong><em>facere</em></strong></span> <span class='ocrx_word' id='word_1_676' title='bbox 2284 4409 2439 4463; x_wconf 84' lang='lat' dir='ltr'><strong><em>nobis</em></strong></span> <span class='ocrx_word' id='word_1_677' title='bbox 2475 4409 2689 4480; x_wconf 78' lang='lat' dir='ltr'><strong><em>aliquod</em></strong></span> <span class='ocrx_word' id='word_1_678' title='bbox 2732 4412 3014 4478; x_wconf 90' lang='lat' dir='ltr'><strong><em>indicium,</em></strong></span> <span class='ocrx_word' id='word_1_679' title='bbox 3044 4429 3137 4467; x_wconf 83' lang='lat' dir='ltr'><strong><em>eas</em></strong></span> <span class='ocrx_word' id='word_1_680' title='bbox 3170 4432 3228 4469; x_wconf 87' lang='lat' dir='ltr'><strong><em>se</em></strong></span> <span class='ocrx_word' id='word_1_681' title='bbox 3261 4416 3457 4470; x_wconf 88' lang='lat' dir='ltr'><strong><em>litteris</em></strong></span> <span class='ocrx_word' id='word_1_682' title='bbox 3489 4432 3643 4469; x_wconf 90' lang='lat' dir='ltr'><strong><em>com-</em></strong></span> 
     </span>
    </p>
   </div>
   <div class='ocr_carea' id='block_1_49' title="bbox 395 4492 3642 4572">
    <p class='ocr_par' dir='ltr' id='par_1_49' title="bbox 395 4492 3642 4572">
     <span class='ocr_line' id='line_1_49' title="bbox 395 4492 3642 4572; baseline 0.005 -30"><span class='ocrx_word' id='word_1_683' title='bbox 395 4552 403 4559; x_wconf 30' lang='lat'><em>.</em></span> <span class='ocrx_word' id='word_1_684' title='bbox 430 4492 645 4545; x_wconf 84' lang='lat' dir='ltr'><strong><em>misisse</em></strong></span> <span class='ocrx_word' id='word_1_685' title='bbox 675 4502 797 4561; x_wconf 88' lang='lat' dir='ltr'><strong><em>post</em></strong></span> <span class='ocrx_word' id='word_1_686' title='bbox 816 4508 988 4549; x_wconf 88' lang='lat' dir='ltr'><strong><em>annos</em></strong></span> <span class='ocrx_word' id='word_1_687' title='bbox 1015 4496 1083 4548; x_wconf 86' lang='lat' dir='ltr'><strong><em>ab</em></strong></span> <span class='ocrx_word' id='word_1_688' title='bbox 1101 4503 1406 4571; x_wconf 79' lang='lat' dir='ltr'><strong><em>expugpata</em></strong></span> <span class='ocrx_word' id='word_1_689' title='bbox 1437 4494 1823 4549; x_wconf 83' lang='lat' dir='ltr'><strong><em>Thessalonica</em></strong></span> <span class='ocrx_word' id='word_1_690' title='bbox 1850 4493 2049 4561; x_wconf 89' lang='lat' dir='ltr'><strong><em>plures,</em></strong></span> <span class='ocrx_word' id='word_1_691' title='bbox 2070 4508 2232 4567; x_wconf 83' lang='lat' dir='ltr'><strong><em>quam</em></strong></span> <span class='ocrx_word' id='word_1_692' title='bbox 2279 4504 2387 4549; x_wconf 88' lang='lat' dir='ltr'><strong><em>tres</em></strong></span> <span class='ocrx_word' id='word_1_693' title='bbox 2426 4507 2504 4561; x_wconf 90' lang='lat' dir='ltr'><strong><em>ut,</em></strong></span> <span class='ocrx_word' id='word_1_694' title='bbox 2536 4510 2701 4567; x_wconf 89' lang='lat' dir='ltr'><strong><em>quoto</em></strong></span> <span class='ocrx_word' id='word_1_695' title='bbox 2727 4514 2869 4555; x_wconf 87' lang='lat' dir='ltr'><strong><em>anno</em></strong></span> <span class='ocrx_word' id='word_1_696' title='bbox 2886 4514 3051 4572; x_wconf 71' lang='lat' dir='ltr'><strong><em>gesta:</em></strong></span> <span class='ocrx_word' id='word_1_697' title='bbox 3074 4503 3294 4568; x_wconf 68' lang='lat' dir='ltr'><strong><em>inierint,</em></strong></span> <span class='ocrx_word' id='word_1_698' title='bbox 3321 4515 3510 4559; x_wconf 81' lang='lat' dir='ltr'><strong><em>exacte</em></strong></span> <span class='ocrx_word' id='word_1_699' title='bbox 3536 4520 3642 4558; x_wconf 90' lang='lat' dir='ltr'><strong><em>non</em></strong></span> 
     </span>
    </p>
   </div>
   <div class='ocr_carea' id='block_1_50' title="bbox 351 4575 3643 4658">
    <p class='ocr_par' dir='ltr' id='par_1_50' title="bbox 351 4575 3643 4658">
     <span class='ocr_line' id='line_1_50' title="bbox 351 4575 3643 4658; baseline 0.005 -29"><span class='ocrx_word' id='word_1_700' title='bbox 351 4645 353 4647; x_wconf 17' lang='grc' dir='ltr'><strong><em>ι</em></strong></span> <span class='ocrx_word' id='word_1_701' title='bbox 429 4578 660 4646; x_wconf 86' lang='lat' dir='ltr'><strong><em>amplius</em></strong></span> <span class='ocrx_word' id='word_1_702' title='bbox 688 4581 963 4635; x_wconf 86' lang='lat' dir='ltr'><strong><em>recordari</em></strong></span> <span class='ocrx_word' id='word_1_703' title='bbox 995 4583 1248 4649; x_wconf 88' lang='lat' dir='ltr'><strong><em>potuerit.</em></strong></span> <span class='ocrx_word' id='word_1_704' title='bbox 1272 4581 1447 4647; x_wconf 87' lang='lat' dir='ltr'><strong><em>Unde,</em></strong></span> <span class='ocrx_word' id='word_1_705' title='bbox 1487 4598 1592 4636; x_wconf 89' lang='lat' dir='ltr'><strong><em>non</em></strong></span> <span class='ocrx_word' id='word_1_706' title='bbox 1625 4593 1829 4636; x_wconf 84' lang='lat' dir='ltr'><strong><em>tantum</em></strong></span> <span class='ocrx_word' id='word_1_707' title='bbox 1863 4595 2005 4634; x_wconf 88' lang='lat' dir='ltr'><strong><em>anno</em></strong></span> <span class='ocrx_word' id='word_1_708' title='bbox 2046 4575 2245 4635; x_wconf 84' lang='lat' dir='ltr'><strong><em>Christi</em></strong></span> <span class='ocrx_word' id='word_1_709' title='bbox 2303 4582 2457 4646; x_wconf 76' lang='grc'><strong>1455,</strong></span> <span class='ocrx_word' id='word_1_710' title='bbox 2494 4587 2585 4638; x_wconf 84' lang='lat' dir='ltr'><strong><em>sed</em></strong></span> <span class='ocrx_word' id='word_1_711' title='bbox 2622 4586 2785 4640; x_wconf 87' lang='lat' dir='ltr'><strong><em>etiam</em></strong></span> <span class='ocrx_word' id='word_1_712' title='bbox 2815 4586 3020 4656; x_wconf 84' lang='lat' dir='ltr'><strong><em>aliquot</em></strong></span> <span class='ocrx_word' id='word_1_713' title='bbox 3057 4590 3214 4643; x_wconf 85' lang='lat' dir='ltr'><strong><em>annis</em></strong></span> <span class='ocrx_word' id='word_1_714' title='bbox 3244 4600 3364 4658; x_wconf 87' lang='lat' dir='ltr'><strong><em>post</em></strong></span> <span class='ocrx_word' id='word_1_715' title='bbox 3390 4592 3444 4644; x_wconf 89' lang='lat' dir='ltr'><strong><em>in</em></strong></span> <span class='ocrx_word' id='word_1_716' title='bbox 3506 4592 3643 4645; x_wconf 83' lang='lat' dir='ltr'><strong><em>vivis</em></strong></span> 
     </span>
    </p>
   </div>
   <div class='ocr_carea' id='block_1_51' title="bbox 429 4666 1617 4751">
    <p class='ocr_par' dir='ltr' id='par_1_51' title="bbox 429 4666 1617 4751">
     <span class='ocr_line' id='line_1_51' title="bbox 429 4666 1617 4751; baseline 0.003 -32"><span class='ocrx_word' id='word_1_717' title='bbox 429 4666 793 4734; x_wconf 76' lang='lat' dir='ltr'><strong><em>Anagnostam</em></strong></span> <span class='ocrx_word' id='word_1_718' title='bbox 817 4676 1059 4722; x_wconf 81' lang='lat' dir='ltr'><strong><em>nostrum</em></strong></span> <span class='ocrx_word' id='word_1_719' title='bbox 1084 4671 1358 4726; x_wconf 81' lang='lat' dir='ltr'><strong><em>exstitisse</em></strong></span> <span class='ocrx_word' id='word_1_720' title='bbox 1376 4671 1617 4751; x_wconf 77' lang='lat' dir='ltr'><strong><em>colligas.</em></strong></span> 
     </span>
    </p>
   </div>
   <div class='ocr_carea' id='block_1_52' title="bbox 909 4803 3115 4878">
    <p class='ocr_par' dir='ltr' id='par_1_52' title="bbox 909 4803 3115 4878">
     <span class='ocr_line' id='line_1_52' title="bbox 909 4803 3115 4878; baseline 0.004 -23"><span class='ocrx_word' id='word_1_721' title='bbox 909 4803 1135 4865; x_wconf 72' lang='lat' dir='ltr'><strong><em>Joannis</em></strong></span> <span class='ocrx_word' id='word_1_722' title='bbox 1164 4808 1475 4877; x_wconf 76' lang='lat' dir='ltr'><strong><em>Anagnostte</em></strong></span> <span class='ocrx_word' id='word_1_723' title='bbox 1498 4811 1712 4878; x_wconf 88' lang='lat' dir='ltr'><strong><em>scripta.</em></strong></span> <span class='ocrx_word' id='word_1_724' title='bbox 1750 4811 1823 4866; x_wconf 88' lang='lat' dir='ltr'><strong><em>De</em></strong></span> <span class='ocrx_word' id='word_1_725' title='bbox 1844 4814 1993 4866; x_wconf 90' lang='lat' dir='ltr'><strong><em>rebus</em></strong></span> <span class='ocrx_word' id='word_1_726' title='bbox 2018 4810 2712 4878; x_wconf 86' lang='lat' dir='ltr'><strong><em>Constantinopolitanorum</em></strong></span> <span class='ocrx_word' id='word_1_727' title='bbox 2741 4807 3115 4864; x_wconf 83' lang='lat' dir='ltr'><strong><em>Macedonicis.</em></strong></span> 
     </span>
    </p>
   </div>
   <div class='ocr_carea' id='block_1_53' title="bbox 506 4903 3729 4989">
    <p class='ocr_par' dir='ltr' id='par_1_53' title="bbox 506 4903 3729 4989">
     <span class='ocr_line' id='line_1_53' title="bbox 506 4903 3729 4989; baseline 0.002 -19"><span class='ocrx_word' id='word_1_728' title='bbox 506 4914 591 4971; x_wconf 83' lang='lat' dir='ltr'><strong><em>Vl.</em></strong></span> <span class='ocrx_word' id='word_1_729' title='bbox 624 4915 702 4969; x_wconf 78' lang='lat' dir='ltr'><strong><em>Ad</em></strong></span> <span class='ocrx_word' id='word_1_730' title='bbox 732 4915 1018 4983; x_wconf 80' lang='lat' dir='ltr'><strong><em>quemdam</em></strong></span> <span class='ocrx_word' id='word_1_731' title='bbox 1073 4916 1247 4969; x_wconf 88' lang='lat' dir='ltr'><strong><em>virum</em></strong></span> <span class='ocrx_word' id='word_1_732' title='bbox 1319 4918 1664 4981; x_wconf 87' lang='lat' dir='ltr'><strong><em>laudabilem,</em></strong></span> <span class='ocrx_word' id='word_1_733' title='bbox 1716 4922 1870 4989; x_wconf 84' lang='lat' dir='ltr'><strong><em>cujus</em></strong></span> <span class='ocrx_word' id='word_1_734' title='bbox 1917 4934 2110 4974; x_wconf 89' lang='lat' dir='ltr'><strong><em>nomen</em></strong></span> <span class='ocrx_word' id='word_1_735' title='bbox 2171 4918 2389 4973; x_wconf 87' lang='lat' dir='ltr'><strong><em>silentio</em></strong></span> <span class='ocrx_word' id='word_1_736' title='bbox 2435 4916 2586 4986; x_wconf 80' lang='lat' dir='ltr'><strong><em>tegit,</em></strong></span> <span class='ocrx_word' id='word_1_737' title='bbox 2646 4918 3007 4979; x_wconf 89' lang='lat' dir='ltr'><strong><em>narrationem</em></strong></span> <span class='ocrx_word' id='word_1_738' title='bbox 3059 4919 3125 4972; x_wconf 89' lang='lat' dir='ltr'><strong><em>de</em></strong></span> <span class='ocrx_word' id='word_1_739' title='bbox 3159 4903 3398 4973; x_wconf 75' lang='lat' dir='ltr'><strong><em>extremo</em></strong></span> <span class='ocrx_word' id='word_1_740' title='bbox 3431 4920 3648 4975; x_wconf 78' lang='lat' dir='ltr'><strong><em>excidio</em></strong></span> <span class='ocrx_word' id='word_1_741' title='bbox 3725 4970 3729 4974; x_wconf 90' lang='lat'><strong><em>.</em></strong></span> 
     </span>
    </p>
   </div>
   <div class='ocr_carea' id='block_1_54' title="bbox 434 5002 3646 5073">
    <p class='ocr_par' dir='ltr' id='par_1_54' title="bbox 434 5002 3646 5073">
     <span class='ocr_line' id='line_1_54' title="bbox 434 5002 3646 5073; baseline 0 -15"><span class='ocrx_word' id='word_1_742' title='bbox 434 5003 837 5058; x_wconf 72' lang='lat' dir='ltr'><strong><em>Thessalonicae</em></strong></span> <span class='ocrx_word' id='word_1_743' title='bbox 868 5003 1110 5070; x_wconf 86' lang='lat' dir='ltr'><strong><em>scripsit.</em></strong></span> <span class='ocrx_word' id='word_1_744' title='bbox 1156 5002 1267 5056; x_wconf 85' lang='lat' dir='ltr'><strong><em>Hoc</em></strong></span> <span class='ocrx_word' id='word_1_745' title='bbox 1302 5003 1480 5059; x_wconf 87' lang='lat' dir='ltr'><strong><em>libello</em></strong></span> <span class='ocrx_word' id='word_1_746' title='bbox 1513 5016 1718 5068; x_wconf 85' lang='lat' dir='ltr'><strong><em>narrat,</em></strong></span> <span class='ocrx_word' id='word_1_747' title='bbox 1745 5017 1798 5058; x_wconf 86' lang='lat' dir='ltr'><strong><em>et</em></strong></span> <span class='ocrx_word' id='word_1_748' title='bbox 1828 5007 2185 5068; x_wconf 85' lang='lat' dir='ltr'><strong><em>obsidionem,</em></strong></span> <span class='ocrx_word' id='word_1_749' title='bbox 2212 5015 2267 5057; x_wconf 89' lang='lat' dir='ltr'><strong><em>et</em></strong></span> <span class='ocrx_word' id='word_1_750' title='bbox 2307 5003 2761 5072; x_wconf 79' lang='lat' dir='ltr'><strong><em>expugnationem</em></strong></span> <span class='ocrx_word' id='word_1_751' title='bbox 2793 5004 3118 5057; x_wconf 84' lang='lat' dir='ltr'><strong><em>istiusurbis</em></strong></span> <span class='ocrx_word' id='word_1_752' title='bbox 3150 5003 3500 5059; x_wconf 79' lang='lat' dir='ltr'><strong><em>Macedonum</em></strong></span> <span class='ocrx_word' id='word_1_753' title='bbox 3537 5008 3646 5073; x_wconf 80' lang='lat' dir='ltr'><strong><em>pri-</em></strong></span> 
     </span>
    </p>
   </div>
   <div class='ocr_carea' id='block_1_55' title="bbox 435 5089 3645 5162">
    <p class='ocr_par' dir='ltr' id='par_1_55' title="bbox 435 5089 3645 5162">
     <span class='ocr_line' id='line_1_55' title="bbox 435 5089 3645 5162; baseline 0.002 -20"><span class='ocrx_word' id='word_1_754' title='bbox 435 5091 640 5153; x_wconf 64' lang='lat' dir='ltr'><strong><em>mariae,</em></strong></span> <span class='ocrx_word' id='word_1_755' title='bbox 661 5105 823 5157; x_wconf 89' lang='lat' dir='ltr'><strong><em>quam</em></strong></span> <span class='ocrx_word' id='word_1_756' title='bbox 849 5091 1074 5158; x_wconf 88' lang='lat' dir='ltr'><strong><em>imperio</em></strong></span> <span class='ocrx_word' id='word_1_757' title='bbox 1094 5090 1387 5143; x_wconf 84' lang='lat' dir='ltr'><strong><em>CPolitano</em></strong></span> <span class='ocrx_word' id='word_1_758' title='bbox 1443 5090 1762 5157; x_wconf 74' lang='lat' dir='ltr'><strong><em>subiectam,</em></strong></span> <span class='ocrx_word' id='word_1_759' title='bbox 1798 5108 1918 5146; x_wconf 89' lang='lat' dir='ltr'><strong><em>cum</em></strong></span> <span class='ocrx_word' id='word_1_760' title='bbox 1961 5094 2218 5146; x_wconf 87' lang='lat' dir='ltr'><strong><em>adversus</em></strong></span> <span class='ocrx_word' id='word_1_761' title='bbox 2255 5089 2462 5145; x_wconf 85' lang='lat' dir='ltr'><strong><em>Turcas</em></strong></span> <span class='ocrx_word' id='word_1_762' title='bbox 2500 5089 2767 5160; x_wconf 87' lang='lat' dir='ltr'><strong><em>Cpolitani</em></strong></span> <span class='ocrx_word' id='word_1_763' title='bbox 2795 5090 3084 5146; x_wconf 83' lang='lat' dir='ltr'><strong><em>defendere</em></strong></span> <span class='ocrx_word' id='word_1_764' title='bbox 3110 5095 3243 5146; x_wconf 87' lang='lat' dir='ltr'><strong><em>satis</em></strong></span> <span class='ocrx_word' id='word_1_765' title='bbox 3271 5110 3371 5147; x_wconf 91' lang='lat' dir='ltr'><strong><em>non</em></strong></span> <span class='ocrx_word' id='word_1_766' title='bbox 3400 5106 3645 5162; x_wconf 86' lang='lat' dir='ltr'><strong><em>possent.</em></strong></span> 
     </span>
    </p>
   </div>
   <div class='ocr_carea' id='block_1_56' title="bbox 438 5175 3645 5247">
    <p class='ocr_par' dir='ltr' id='par_1_56' title="bbox 438 5175 3645 5247">
     <span class='ocr_line' id='line_1_56' title="bbox 438 5175 3645 5247; baseline 0.002 -20"><span class='ocrx_word' id='word_1_767' title='bbox 438 5175 769 5230; x_wconf 85' lang='lat' dir='ltr'><strong><em>Venetorum</em></strong></span> <span class='ocrx_word' id='word_1_768' title='bbox 804 5176 1054 5243; x_wconf 86' lang='lat' dir='ltr'><strong><em>potestati</em></strong></span> <span class='ocrx_word' id='word_1_769' title='bbox 1097 5175 1391 5239; x_wconf 86' lang='lat' dir='ltr'><strong><em>subditam,</em></strong></span> <span class='ocrx_word' id='word_1_770' title='bbox 1422 5192 1564 5230; x_wconf 83' lang='lat' dir='ltr'><strong><em>anno</em></strong></span> <span class='ocrx_word' id='word_1_771' title='bbox 1604 5179 1947 5247; x_wconf 86' lang='lat' dir='ltr'><strong><em>imperatoris</em></strong></span> <span class='ocrx_word' id='word_1_772' title='bbox 1974 5177 2200 5233; x_wconf 83' lang='lat' dir='ltr'><strong><em>Joannis</em></strong></span> <span class='ocrx_word' id='word_1_773' title='bbox 2233 5177 2514 5244; x_wconf 72' lang='lat' dir='ltr'><strong><em>Palasologi</em></strong></span> <span class='ocrx_word' id='word_1_774' title='bbox 2548 5176 2789 5232; x_wconf 73' lang='lat' dir='ltr'><strong><em>iunioris</em></strong></span> <span class='ocrx_word' id='word_1_775' title='bbox 2810 5178 2894 5243; x_wconf 73' lang='grc'><strong><em>12,</em></strong></span> <span class='ocrx_word' id='word_1_776' title='bbox 2929 5178 3131 5234; x_wconf 88' lang='lat' dir='ltr'><strong><em>Christi</em></strong></span> <span class='ocrx_word' id='word_1_777' title='bbox 3155 5180 3312 5243; x_wconf 74' lang='lat' dir='ltr'><strong><em>M50,</em></strong></span> <span class='ocrx_word' id='word_1_778' title='bbox 3345 5181 3582 5234; x_wconf 80' lang='lat' dir='ltr'><strong><em>Muratcs</em></strong></span> <span class='ocrx_word' id='word_1_779' title='bbox 3605 5178 3645 5231; x_wconf 79' lang='lat' dir='ltr'><strong><em>ll</em></strong></span> 
     </span>
    </p>
   </div>
   <div class='ocr_carea' id='block_1_57' title="bbox 434 5261 3647 5335">
    <p class='ocr_par' dir='ltr' id='par_1_57' title="bbox 434 5261 3647 5335">
     <span class='ocr_line' id='line_1_57' title="bbox 434 5261 3647 5335; baseline 0.001 -21"><span class='ocrx_word' id='word_1_780' title='bbox 434 5261 734 5317; x_wconf 86' lang='lat' dir='ltr'><strong><em>Turcarum</em></strong></span> <span class='ocrx_word' id='word_1_781' title='bbox 756 5262 1007 5331; x_wconf 78' lang='lat' dir='ltr'><strong><em>princeps</em></strong></span> <span class='ocrx_word' id='word_1_782' title='bbox 1036 5264 1280 5316; x_wconf 91' lang='lat' dir='ltr'><strong><em>dominio</em></strong></span> <span class='ocrx_word' id='word_1_783' title='bbox 1308 5261 1539 5317; x_wconf 82' lang='lat' dir='ltr'><strong><em>Turcico</em></strong></span> <span class='ocrx_word' id='word_1_784' title='bbox 1574 5264 1824 5330; x_wconf 87' lang='lat' dir='ltr'><strong><em>subjecit.</em></strong></span> <span class='ocrx_word' id='word_1_785' title='bbox 1866 5264 2073 5325; x_wconf 86' lang='lat' dir='ltr'><strong><em>Prodiit</em></strong></span> <span class='ocrx_word' id='word_1_786' title='bbox 2097 5263 2281 5317; x_wconf 73' lang='lat' dir='ltr'><strong><em>Graece</em></strong></span> <span class='ocrx_word' id='word_1_787' title='bbox 2303 5275 2356 5319; x_wconf 90' lang='lat' dir='ltr'><strong><em>et</em></strong></span> <span class='ocrx_word' id='word_1_788' title='bbox 2387 5264 2594 5328; x_wconf 80' lang='lat' dir='ltr'><strong><em>Latine,</em></strong></span> <span class='ocrx_word' id='word_1_789' title='bbox 2631 5265 2927 5335; x_wconf 78' lang='lat' dir='ltr'><strong><em>interprete</em></strong></span> <span class='ocrx_word' id='word_1_790' title='bbox 2946 5266 3125 5323; x_wconf 87' lang='lat' dir='ltr'><strong><em>Leone</em></strong></span> <span class='ocrx_word' id='word_1_791' title='bbox 3153 5268 3377 5332; x_wconf 78' lang='lat' dir='ltr'><strong><em>Allatlo,</em></strong></span> <span class='ocrx_word' id='word_1_792' title='bbox 3410 5270 3463 5321; x_wconf 91' lang='lat' dir='ltr'><strong><em>in</em></strong></span> <span class='ocrx_word' id='word_1_793' title='bbox 3498 5265 3647 5333; x_wconf 82' lang='lat' dir='ltr'><strong><em>ejus-</em></strong></span> 
     </span>
    </p>
   </div>
   <div class='ocr_carea' id='block_1_58' title="bbox 432 5347 2827 5438">
    <p class='ocr_par' dir='ltr' id='par_1_58' title="bbox 432 5347 2827 5438">
     <span class='ocr_line' id='line_1_58' title="bbox 432 5347 2827 5438; baseline 0.005 -35"><span class='ocrx_word' id='word_1_794' title='bbox 432 5348 555 5404; x_wconf 85' lang='lat' dir='ltr'><strong><em>dem</em></strong></span> <span class='ocrx_word' id='word_1_795' title='bbox 612 5347 964 5418; x_wconf 81' lang='lat' dir='ltr'><strong><em>Symtuictis,</em></strong></span> <span class='ocrx_word' id='word_1_796' title='bbox 995 5348 1230 5404; x_wconf 66' lang='lat' dir='ltr'><strong><em>Coloniae</em></strong></span> <span class='ocrx_word' id='word_1_797' title='bbox 1247 5348 1555 5419; x_wconf 72' lang='lat' dir='ltr'><strong><em>Agrippinae</em></strong></span> <span class='ocrx_word' id='word_1_798' title='bbox 1586 5365 1680 5420; x_wconf 87' lang='lat' dir='ltr'><strong><em>per</em></strong></span> <span class='ocrx_word' id='word_1_799' title='bbox 1716 5349 1976 5405; x_wconf 81' lang='lat' dir='ltr'><strong><em>Jodocum</em></strong></span> <span class='ocrx_word' id='word_1_800' title='bbox 2010 5354 2349 5421; x_wconf 74' lang='lat' dir='ltr'><strong><em>naleovium,</em></strong></span> <span class='ocrx_word' id='word_1_801' title='bbox 2377 5354 2660 5422; x_wconf 83' lang='lat' dir='ltr'><strong><em>MDCLIII,</em></strong></span> <span class='ocrx_word' id='word_1_802' title='bbox 2684 5358 2747 5438; x_wconf 59' lang='lat' dir='ltr'><strong><em>in</em></strong></span> <span class='ocrx_word' id='word_1_803' title='bbox 2773 5357 2827 5415; x_wconf 82' lang='lat'><strong><em>8.</em></strong></span> 
     </span>
    </p>
   </div>
   <div class='ocr_carea' id='block_1_59' title="bbox 411 5590 2057 5625">
    <p class='ocr_par' dir='ltr' id='par_1_59' title="bbox 411 5590 2057 5625">
     <span class='ocr_line' id='line_1_59' title="bbox 411 5590 2057 5625; baseline 0 -20"><span class='ocrx_word' id='word_1_804' title='bbox 411 5613 418 5618; x_wconf 59' lang='lat'><strong><em>-</em></strong></span> <span class='ocrx_word' id='word_1_805' title='bbox 460 5606 489 5625; x_wconf 43' lang='grc' dir='ltr'>χ</span> <span class='ocrx_word' id='word_1_806' title='bbox 1986 5590 2057 5605; x_wconf 77' lang='lat'><strong>-</strong></span> 
     </span>
    </p>
   </div>
   <div class='ocr_carea' id='block_1_60' title="bbox 746 5797 2363 5893">
    <p class='ocr_par' dir='ltr' id='par_1_60' title="bbox 746 5797 2247 5893">
     <span class='ocr_line' id='line_1_60' title="bbox 746 5797 2247 5893; baseline 0.024 -35"><span class='ocrx_word' id='word_1_807' title='bbox 746 5798 1019 5862; x_wconf 57' lang='lat' dir='ltr'><strong><em>Parnasi.</em></strong></span> <span class='ocrx_word' id='word_1_808' title='bbox 1054 5803 1170 5866; x_wconf 82' lang='lat' dir='ltr'><strong><em>Gn.</em></strong></span> <span class='ocrx_word' id='word_1_809' title='bbox 1210 5797 1405 5861; x_wconf 86' lang='lat' dir='ltr'><strong><em>CLVI.</em></strong></span> <span class='ocrx_word' id='word_1_810' title='bbox 1704 5836 1705 5843; x_wconf 50' lang='grc' dir='ltr'><strong>η</strong></span> <span class='ocrx_word' id='word_1_811' title='bbox 1887 5888 1897 5893; x_wconf 37' lang='grc' dir='ltr'><strong>η</strong></span> 
     </span>
    </p>
   </div>
   <div class='ocr_carea' id='block_1_61' title="bbox 1613 5797 3230 5893">
    <p class='ocr_par' dir='ltr' id='par_1_61' title="bbox 1704 5801 3230 5893">
     <span class='ocr_line' id='line_1_61' title="bbox 1704 5801 3230 5893; baseline 0.001 -2"><span class='ocrx_word' id='word_1_812' title='bbox 1704 5836 1705 5843; x_wconf 14' lang='grc' dir='ltr'>γ</span> <span class='ocrx_word' id='word_1_813' title='bbox 1887 5888 1897 5893; x_wconf 81' lang='grc'><em>,</em></span> <span class='ocrx_word' id='word_1_814' title='bbox 1980 5882 2144 5893; x_wconf 34' lang='grc' dir='ltr'><strong><em>,νηηαμ</em></strong></span> <span class='ocrx_word' id='word_1_815' title='bbox 2726 5826 2730 5829; x_wconf 24' lang='grc' dir='ltr'><strong>Δ</strong></span> 
     </span>
    </p>
   </div>
  </div>
