4096 6300
516 542 2158 585 W

1706 396 2024 455 JOANNIS
2062 394 2532 454 ΑΝΑΟΝΟΞΤᾸΞ

3630 390 3755 454 588

2020 536 3721 571 W

2160 556 2429 573 Μ

1149 708 1893 845 ΙΩΑΝΝΟΥ
1971 655 3113 834 ΑΝΑΓΝΩΣΤΟΥ

1776 942 2088 997 ΔΙΗΓΗΣΙΣ
2136 939 2295 993 ΠΕΡΙ
2347 940 2484 991 ΤΗΣ

857 1109 1546 1195 ΤΕΛΕΥΤΑΙΑΣ
1628 1101 2128 1191 ΑΛΩΣΕΩΣ
2200 1102 2416 1186 ΤΗΣ
2531 1100 3387 1188 ΘΕΣΣΑΛΟΝΙΚΕΙΣ

1939 1291 2327 1342 ΣΥΝΤΕΘΕΙΣΑ

759 1404 928 1452 ΠΡΟΣ
947 1406 1095 1453 ΤῙΝᾹ
1141 1403 1267 1453 ΤΩΝ
1327 1402 1695 1453 ᾹΞῙΟΛΟΙῺΝ
1737 1399 2062 1449 ΠΟΛΔΑΚΙΣ
2120 1369 2478 1448 ᾸΙΤΗΣᾹΝΤΔ
2524 1394 2669 1444 ΠΕΡΙ
2711 1392 2978 1453 ΤᾹΥΤΗΣ,
3034 1386 3116 1442 EN
3193 1390 3501 1456 ΕΠΙΤΟΜῼ.

1042 1727 1853 1909 JOANNIS
2005 1724 2079 1876 Α

2177 1723 3218 1882 .‘IAGNOSTKE

1983 1990 2338 2049 NARRATlO

838 2164 984 2251 DE
1066 2160 1652 2257 EXTBEMO
1726 2158 2828 2255 THESSALONICENSI
2927 2158 3440 2254 EXClDlO

641 2358 707 2417 IN
758 2370 1040 2418 GRA'I'IAM
1103 2367 1428 2415 CUJUSDAH
1464 2367 1843 2414 LAUDABILIS
1891 2369 2045 2425 YlRl,
2114 2369 2222 2422 QUI
2267 2370 2501 2415 SBPIUS
2544 2372 2671 2417 EAM
2733 2374 3203 2429 EFFLAGITAVIT,
3263 2373 3616 2417 COMI’BNDIO

1918 2473 2341 2520 CONCINNATA.

1593 2619 1901 2684 (Eleeonis
1944 2619 2114 2671 Allatil
2142 2618 2440 2684 Symmiclis,
2467 2635 2511 2683 p.
2554 2620 2676 2681 318.)

598 2923 648 2975 ί.
677 2917 840 2975 Multa
880 2921 1132 2988 cquidem
1165 2916 1320 2977 nobis
1347 2932 1720 2990 saepenumero
1743 2928 1798 2975 et
1825 2920 1930 2975 alia
1954 2935 2079 2988 gna-

2256 2927 2327 2975 a'.
2367 2921 2542 2975 Πολλά
2574 2921 2673 2989 μὲν
2727 2923 2859 2988 ἡμῖν
2903 2919 3163 2984 πολλάκις
3197 2920 3293 2973 καὶ
3350 2921 3485 2974 ἄλλα
3538 2921 3603 2974 τὸ
3651 2921 3747 2987 τῆς

522 3025 651 3065 vum
700 3019 853 3063 tuum
892 3018 1055 3078 atque
1093 3009 1416 3063 industrium
1468 3008 1705 3062 animum
1730 3010 1907 3078 palam
1941 3011 2082 3066 indi-

522 3109 737 3167 carunt,
785 3101 863 3154 vir
894 3102 1094 3170 Optime
1126 3111 1181 3156 et
1201 3100 1572 3165 doctrinarum
1622 3102 2077 3169 studiosissime;

524 3208 627 3265 nnn
677 3191 856 3244 minus
888 3205 1016 3245 vero
1041 3207 1166 3259 erga
1194 3206 1379 3245 eorum
1401 3192 1769 3247 narrationem
1801 3209 1923 3262 quae
1952 3209 2082 3259 per-

523 3282 713 3336 illustri
777 3292 935 3336 antea
993 3281 1112 3335 urbi
1141 3281 1709 3338 Thessalonicensium
1739 3286 2082 3351 contigerunt

522 3384 765 3438 conatus,
802 3382 856 3428 et
884 3374 950 3428 ad
981 3388 1043 3428 ea
1058 3374 1363 3429 enarranda
1390 3379 1743 3443 ponendaque
1765 3375 1866 3429 sub
1886 3377 2078 3442 oculis,

522 3475 579 3519 ut
632 3466 791 3520 nobis
823 3467 947 3521 licet
980 3466 1362 3536 integrumque
1403 3475 1510 3529 est,
1563 3468 1840 3535 prudentia
1888 3468 2081 3521 incita-

521 3564 721 3611 menta.
786 3555 910 3611 Haec
969 3570 1202 3623 namque
1259 3555 1550 3612 manifesto
1600 3557 1918 3624 pervulgarit
1973 3573 2081 3626 quo

518 3655 679 3716 pacto
706 3644 773 3701 ad
805 3648 1142 3702 necessarias
1174 3647 1492 3716 disciplinas
1528 3648 1826 3716 dispositus
1865 3650 1933 3702 sit
1966 3652 2081 3703 ani-

521 3753 640 3791 mus
672 3748 817 3800 tuus,
841 3749 896 3792 et
927 3738 1173 3794 historiis
1204 3755 1265 3794 ac
1288 3740 1648 3805 sermonibus,
1678 3740 1878 3808 quibus
1904 3742 2078 3795 homi-

522 3844 616 3883 nes
641 3830 707 3883 ad
754 3830 980 3886 meliora
1017 3831 1393 3894 deﬂectuntur,
1425 3832 1767 3893 incumbens,
1826 3837 1969 3884 totus
2022 3830 2075 3884 in

522 3918 699 3971 futura
731 3919 1041 3989 mutarique
1079 3920 1263 3974 nescia
1297 3926 1457 3989 plane
1498 3921 1798 3989 ingeratur.
1848 3918 2075 3974 Verum-

522 4016 731 4070 tamen,
768 4009 897 4065 licet
947 4009 997 4064 id
1024 4011 1260 4065 studium
1293 4026 1391 4066 sua
1417 4010 1578 4065 laude
1608 4018 1660 4065 et
1719 4011 2079 4065 admiratione

520 4111 624 4149 nou
647 4106 851 4162 careat,
871 4106 1132 4163 attamen,
1172 4100 1476 4167 quicunque
1507 4100 1647 4168 sapit
1664 4099 1821 4167 pleno
1840 4107 2076 4165 pectore,

520 4201 626 4240 non
657 4186 800 4241 illius
832 4189 1209 4243 mstimationis
1236 4200 1365 4243 esse
1393 4190 1568 4251 ducet,
1601 4198 1654 4242 te
1681 4189 1809 4254 illis,
1844 4189 1936 4257 qui
1962 4197 2077 4241 arte

518 4278 731 4334 dicendi
780 4280 1072 4349 plurimum
1130 4281 1315 4335 valent
1348 4290 1400 4333 et
1450 4292 1574 4333 ante
1601 4281 1781 4334 omnia
1818 4289 2078 4349 perpetuo

517 4370 809 4426 scribendo
845 4382 1055 4440 tempus
1091 4374 1392 4429 insumunt,
1418 4370 1700 4439 neglectis.
1735 4370 1864 4423 mihi
1890 4384 2079 4438 parum

514 4464 878 4527 considerate,
917 4462 1123 4516 hemiui
1152 4460 1303 4531 segni
1352 4460 1622 4530 inertique
1657 4470 1711 4515 et
1742 4462 1808 4514 ad
1832 4460 2079 4515 scriben-

516 4552 645 4609 dum
674 4554 836 4623 plane
864 4551 1229 4621 ineptissimo,
1270 4564 1371 4606 nec
1403 4565 1508 4605 non
1531 4549 1690 4606 rebus
1717 4551 2079 4607 laudabilihus

516 4644 1157 4713 compara‘ndis'prorsus
1203 4642 1408 4704 hebeti,
1439 4656 1560 4696 eam
1598 4641 1936 4711 provinciam
1971 4645 2077 4698 (ιε-

516 4738 828 4798 mandasse,
866 4734 1226 4798 consimilem,
1255 4744 1315 4787 ut
1345 4747 1484 4797 reor,
1528 4732 1741 4802 apibus,
1800 4748 1919 4803 qua:
1946 4734 2075 4786 dum

514 4825 777 4893 principia
803 4825 975 4878 mcllis
996 4837 1288 4892 emungere
1315 4822 1731 4892 compelluntur,
1765 4824 2075 4888 uttradunt,

518 4927 681 4967 suave
714 4915 959 4970 odoratis
992 4914 1215 4971 floribus
1244 4915 1478 4970 desertis
1536 4916 1799 4984 thymum,
1854 4917 2075 4971 herbam

519 4992 822 5057 acritudine
855 5006 1068 5073 plenam
1101 5004 1419 5074 nulliusque
1455 5019 1681 5073 prorsus
1703 5005 1884 5059 odoris
1922 5020 2073 5059 com-

518 5099 721 5160 potem,
761 5093 1223 5148 circumvolitant.
1244 5093 1349 5149 Sed
1376 5094 1557 5164 gravis
1584 5106 1673 5149 res
1702 5102 1787 5148 est
1813 5094 2073 5156 amicitia,

514 5196 706 5236 omnes
734 5183 801 5234 ab
838 5195 898 5235 se
958 5183 1199 5239 irretitos
1256 5185 1438 5240 omnia
1475 5186 1771 5239 amicorum
1820 5186 1991 5253 gratia
2018 5195 2075 5239 et

511 5285 671 5339 agere
702 5280 754 5324 et
786 5270 966 5325 dicere
992 5272 1044 5325 vi
1073 5274 1304 5342 quadam
1330 5288 1549 5343 cogens.
1571 5283 1625 5329 et
1646 5289 1674 5328 a
1709 5275 1892 5328 multis
1924 5288 2074 5329 ema-

512 5372 731 5415 nantem
766 5360 976 5415 laudem
998 5361 1105 5416 illis
1126 5363 1424 5418 conciliare
1450 5372 1626 5426 sueta,
1667 5362 1771 5418 hoc
1800 5363 2068 5433 siquidem

512 5462 565 5506 te
594 5462 650 5506 et
684 5452 751 5506 ad
780 5460 985 5506 tantam
1014 5467 1125 5507 rem
1167 5455 1317 5509 nobis
1349 5453 1807 5521 persuadendum,
1860 5470 2067 5524 praeco-

2187 3011 2369 3080 ψυχῆς
2398 3028 2492 3062 σου
2537 3010 2824 3077 φιλόπονον
2854 3012 3124 3081 ἀριδήλως
3172 3012 3489 3080 ἐγνώρισεν,
3539 3011 3747 3078 ἀνδρῶν

2186 3107 2372 3174 ἄριστε
2396 3104 2487 3155 καὶ
2520 3103 2971 3170 φιλομαθέστατε,
3011 3104 3108 3172 οὑχ
3144 3098 3307 3173 ἦττον
3339 3104 3393 3156 δὲ
3420 3104 3515 3155 καὶ
3554 3105 3586 3172 ἡ
3612 3103 3748 3171 πρὸς

2184 3194 2282 3260 τὴν
2302 3190 2554 3259 διήγησιν
2583 3191 2690 3243 τῶν
2711 3192 2812 3260 ἠδη
2836 3194 2901 3260 τῇ
2935 3195 3224 3263 περιφανεῖ
3266 3192 3325 3243 τὺ
3359 3194 3624 3261 πρότερον
3657 3193 3748 3244 πό-

2184 3281 2266 3333 λει
2299 3281 2664 3351 Θεσσαλονίκῃ
2715 3282 3139 3351 συμϐεϐηκότων
3180 3284 3383 3346 σπουδή
3422 3299 3538 3347 σου,
3573 3285 3661 3334 καὶ
3688 3285 3749 3335 τὸ

2184 3369 2359 3436 λόγοις
2385 3372 2531 3439 ἡμᾶς
2557 3372 2794 3434 συνετῶς
2842 3373 2981 3438 ἄγαν
3007 3372 3192 3441 ἔχουσι
3229 3372 3512 3442 διεγεῖραι,
3546 3372 3750 3436 ταύτην

2181 3458 2257 3521 ὡς
2281 3461 2345 3513 ἂν
2375 3461 2630 3530 ἐπίδηλόν
2667 3478 2746 3514 σοι
2783 3463 2921 3515 κατὰ
2966 3460 3190 3531 δύναμιν
3221 3462 3407 3517 θέσθαι
3430 3464 3528 3532 τὴν
3548 3465 3750 3532 ἡμετέ-

2184 3569 2285 3621 ραν
2332 3553 2722 3621 σπουδάσωμεν
2772 3555 2863 3605 καὶ
2912 3552 3098 3623 ῶσπερ
3134 3554 3225 3606 ὑπ’
3258 3554 3395 3623 ’ὄψιν
3424 3555 3744 3623 ἀγάγωμεν.

2182 3642 2430 3694 Δείκνυσι
2481 3642 2591 3710 γάρ
2622 3656 2716 3694 σου
2759 3642 3082 3710 περιφανῶς
3107 3644 3205 3712 τὴν
3233 3642 3437 3712 ψυχὴν,
3475 3646 3602 3713 περὶ
3648 3644 3746 3709 τὴν

2181 3732 2289 3783 τῶν
2323 3731 2637 3799 ἀναγκαίων
2673 3733 2819 3794 ὅπως
2854 3732 3090 3802 μάθησιν
3134 3734 3269 3802 ἔχει,
3306 3734 3398 3785 καὶ
3449 3734 3522 3795 ὡς
3551 3733 3613 3785 ὲκ
3653 3732 3747 3785 τοῦ

2181 3824 2473 3891 προσέχειν
2510 3822 2774 3891 ἱστορίαις
2810 3825 2903 3876 καὶ
2951 3823 3151 3890 λόγοις,
3188 3819 3269 3885 οἷς
3298 3822 3582 3892 ἄνθρωποι
3608 3824 3746 3893 πρὸς

2180 3911 2245 3962 τὰ
2270 3911 2503 3979 κρείττω
2534 3912 2719 3979 σαφῶς
2744 3911 3151 3980 μετατίθενται,
3176 3913 3285 3965 τῶν
3324 3913 3623 3982 μελλόντων
3651 3916 3744 3981 ὅλη

2180 4001 2272 4051 καὶ
2305 4001 2378 4069 μὴ
2425 4001 2841 4071 μεθισταμένων
2886 4002 3236 4057 καθίσταται.
3283 4003 3430 4073 Πλὴν
3462 4004 3577 4057 ἀλλ’
3606 4004 3745 4056 οὕτω

2180 4091 2492 4161 θαυμασίας
2521 4090 2690 4162 οὔσης
2726 4110 2790 4159 γε
2823 4093 2921 4162 τῆς
2950 4088 3207 4162 σπουδῆς,
3239 4097 3419 4147 ἐκεῖνο
3465 4097 3573 4158 πᾶς
3606 4099 3739 4149 ἐστι·

2179 4180 2305 4234 σοῦν
2339 4177 2398 4233 εὗ
2448 4182 2660 4250 φρονῶν
2684 4222 2699 4247 ,
2731 4182 2838 4233 τῶν
2864 4182 2963 4235 οὐκ
2993 4185 3404 4253 ἐπαινουμένων
3436 4186 3502 4238 ἂν
3531 4187 3743 4253 οίηθείη

2110 4256 2152 4310 Β
2180 4273 2261 4326 ὅτι
2293 4290 2356 4339 γε
2393 4275 2519 4335 τοὺς
2572 4275 2650 4336 είς
2681 4274 2849 4344 ἄκρον
2879 4275 3165 4343 δυνάμεως
3203 4276 3374 4335 λόγων
3407 4276 3741 4345 ἐληλακότας

2182 4366 2578 4436 παραδραμὼν,
2634 4369 2726 4420 καὶ
2757 4367 3035 4436 προῦργου
3066 4372 3265 4434 παντὸς
3294 4372 3353 4422 τὸ
3384 4370 3744 4441 λογογραφεῖν

2180 4456 2268 4509 ἀεὶ
2286 4459 2664 4526 ποιουμένους,
2696 4460 2821 4527 ἐμοὶ
2850 4461 2948 4528 τὴν
2974 4463 3245 4531 τοσαύτην
3276 4463 3591 4533 ἐγχείρησιν
3613 4466 3743 4516 ἀπε-

2184 4548 2489 4616 ρισκέπτως
2516 4548 2728 4613 ἀνέθου,
2752 4550 3051 4617 νωθρότητι
3083 4552 3321 4612 διανοίας
3349 4553 3576 4621 ἀμαθῶς
3608 4552 3741 4621 ἀλη-

2180 4637 2287 4699 θῶς
2317 4636 2492 4705 ἐχοντι
2536 4639 2667 4708 περὶ
2696 4638 2887 4706 λόγους
2929 4644 3027 4695 καὶ
3074 4642 3210 4710 πρὸς
3260 4644 3440 4695 πᾶσαν
3492 4642 3738 4711 ἡντινοῦν

2178 4726 2400 4794 ἀγαθῶν
2444 4727 2635 4797 κτῆσιν
2691 4730 3023 4800 ρᾳθυμοῦντι
3083 4732 3355 4796 καθάπαξ.
3405 4734 3514 4785 Καὶ
3551 4734 3740 4784 rativa

2178 4811 2329 4885 οἶμαι
2360 4816 2634 4879 πέπονθας
2660 4822 2777 4880 ταῖς
2832 4820 3147 4887 μελίσσαιθ
3192 4823 3279 4874 ὅτε
3308 4825 3408 4884 τὰς
3438 4825 3608 4891 ἀρχὰς
3640 4824 3738 4892 ξη-

2177 4907 2289 4957 τεῖν
2330 4904 2424 4957 τοῦ
2455 4906 2673 4976 μέλιτος
2702 4909 3120 4977 κατεπείγονται
3148 4924 3164 4941 ο
3200 4912 3606 4981 παρατρέχουσι
3637 4912 3735 4979 μὲν
3837 4908 3863 4931 ⁸

2176 4998 2309 5066 γὰρ.
2333 4996 2405 5059 ὥς
2434 5014 2584 5066 φασι,
2608 4998 2714 5051 τῶν
2736 4998 2941 5053 ἀνθέων
2969 4999 3038 5053 τὰ
3064 4999 3299 5070 εὔοσμα,
3331 5003 3650 5069 ὲφίπτανται
3680 5002 3735 5055 δὲ

2177 5090 2254 5156 τῷ
2285 5090 2463 5158 θύμῳ,
2507 5091 2660 5157 φυτῷ
2708 5090 3037 5161 δριμύτητος
3069 5093 3291 5162 γέμοντι
3327 5094 3422 5146 καὶ
3466 5094 3588 5148 λίαν
3617 5093 3737 5146 ἀνό-

2178 5195 2320 5249 σμῳ.
2363 5180 2523 5233 Ἀλλὰ
2552 5182 2721 5232 δεινὸν
2741 5184 2774 5251 ἠ
2805 5182 2980 5249 φιλία,
3008 5183 3216 5245 πάντας
3256 5182 3441 5245 ἁπλῶς
3476 5183 3599 5244 τοὺς
3626 5184 3737 5233 ἐνι-

2177 5272 2483 5339 σχημένους
2512 5289 2575 5339 γε
2604 5274 2778 5342 ταύτῃ
2806 5273 2982 5326 πάντα
3009 5275 3105 5326 καὶ
3134 5274 3311 5340 λέγειν
3347 5273 3484 5342 ὑπὲρ
3514 5273 3623 5325 τῶν
3651 5272 3739 5339 φί-

2175 5360 2281 5412 λων
2310 5363 2400 5413 καὶ
2434 5364 2694 5431 πράττειν
2724 5365 2862 5433 πρὸς
2891 5363 3010 5433 βίαν
3042 5362 3292 5424 κινοῦσα,
3331 5362 3423 5414 τὸν
3453 5365 3603 5431 παρᾶ
3632 5365 3737 5415 τῶν

2176 5453 2385 5504 πολλῶν
2416 5453 2635 5505 ἔπαινον
2689 5456 2872 5517 αὐτοῖς
2928 5456 3209 5524 προξενεῖν
3262 5454 3509 5506 εἰωθυῖα.
3566 5454 3738 5506 Τοῦτο

511 5543 599 5596 nia
630 5556 698 5596 ex
732 5541 1077 5597 auditoribus
1109 5546 1263 5598 nobis
1295 5544 1435 5599 forte
1472 5555 1857 5615 procurantem
1911 5546 2065 5600 inde-

2177 5542 2277 5611 γὰρ
2324 5538 2391 5612 ἦν
2428 5545 2486 5594 τὸ
2520 5545 2614 5596 καὶ
2651 5546 2709 5597 σὲ
2759 5545 3012 5598 τοσοῦτον
3048 5548 3193 5615 ἡμᾶς
3243 5548 3536 5596 ἀναπεῖσαι
3570 5563 3741 5598 κατα-

510 5647 616 5698 que
658 5633 856 5700 placita
889 5633 1144 5687 amicitia:
1198 5632 1587 5700 conferentem,
1628 5637 1910 5702 compulit.
1953 5635 2065 5706 Ego

2177 5636 2478 5701 ναγκάσαν,
2537 5637 2633 5706 τὴν
2665 5638 2729 5688 ὲκ
2762 5639 2870 5690 τῶν
2918 5640 3227 5691 ἀκουόντων
3288 5637 3419 5705 ἡμῖν
3464 5636 3737 5705 εὐφημίαν

510 5736 671 5790 porro
689 5724 961 5781 silentium
984 5735 1240 5796 tanquam
1271 5726 1450 5781 minus
1480 5728 1838 5794 periculosum
1866 5728 2061 5795 clcgis-

2172 5726 2302 5787 ἴσως
2330 5729 2730 5794 προσγενέσθαι
2763 5730 3185 5799 βεϐουλημένον,
3219 5727 3511 5783 κάντεῦθεν
3533 5728 3596 5795 τῇ
3654 5742 3738 5793 φι-
