4096 6300
463 343 562 409 591

1666 340 1987 403 JOANNIS
2023 340 2495 406 ANAGNOSTr-E

3601 355 3722 414 ξυέ

457 466 594 509 uttu
628 461 746 508 cate
774 454 934 516 nosti,
980 460 1186 506 tantum
1235 450 1499 504 malorum
1530 461 1826 507 sustineret
1867 463 1922 507 et
1946 454 2029 507 di-

2145 456 2208 518 i);
2237 453 2404 520 οἶδας,
2432 457 2526 508 καὶ
2557 456 2827 527 ὁσημέραι
2860 457 3071 527 θλίψεις
3100 459 3231 528 ἡμῖν
3262 459 3529 527 ἐπήγοντο
3566 476 3719 513 Ἰταν-⁵

425 604 429 612 ,
459 550 537 603 ris
568 548 809 617 quotidie
852 544 1035 598 exiliis
1073 545 1310 613 undique
1347 543 1609 597 confertis
1646 542 2025 610 amictaretur,

459 649 515 693 et
566 651 845 692 sermones
900 635 1053 688 multi
1087 636 1470 702 conferrentur
1493 650 1726 704 quonam
1761 646 1918 705 pacto
1961 652 2027 690 ex

436 709 542 783 tot
599 728 752 781 malis
807 741 1089 794 cmergere
1139 739 1444 795 possemus,
1492 725 1696 779 nullum
1732 726 2028 780 remedium

444 820 807 880 occurrebat,
862 832 961 872 nec
1005 818 1191 871 aderat
1230 819 1598 871 Averruncus.
1658 816 1843 885 Neque
1882 817 2027 871 enim

461 910 651 965 Turcze
670 925 790 963 cum
807 908 1011 963 Latinis
1028 908 1203 963 foedus
1220 909 1410 971 iniere,
1437 907 1565 963 licet
1585 908 1780 976 saepius
1800 908 2030 977 legatio-

465 1021 531 1057 ne
556 1004 721 1057 missa
747 1003 798 1057 id
819 1011 1236 1071 pertentassent,
1256 1002 1637 1069 supplicesque
1655 1003 1817 1056 etiam
1844 1016 2031 1070 rogas-

463 1106 621 1159 sent;
646 1109 819 1164 neque
846 1105 961 1148 erat
992 1094 1043 1147 in
1080 1103 1265 1148 nostra
1295 1100 1587 1162 potestate,
1616 1094 1787 1161 c0piis
1824 1093 2030 1149 nostris

464 1188 519 1239 iu
558 1193 847 1256 angustum
880 1183 1078 1251 oppido
1108 1182 1311 1236 coactis
1332 1190 1385 1236 et
1419 1181 1858 1237 discordantibus
1888 1187 2032 1237 votis

465 1276 534 1327 ab
568 1272 810 1327 unanimi
861 1273 1131 1327 sententia
1164 1271 1462 1337 convulsis,
1496 1272 1714 1340 ‘aliquid
1745 1286 1932 1341 agere,
1973 1280 2033 1327 ut

468 1375 581 1419 tute
616 1365 778 1419 etiam
805 1362 971 1427 nosti,
995 1363 1084 1430 qui
1121 1378 1224 1416 una
1259 1361 1543 1417 nobiscum
1589 1375 1736 1427 cras,
1761 1362 2030 1441 malorum

464 1457 691 1526 perinde
733 1465 898 1522 atque
930 1454 1017 1507 alii
1050 1462 1329 1521 expertus.
1662 1467 1667 1475 '

535 1550 588 1600 3.
620 1547 753 1601 Cum
779 1547 961 1613 itaque
993 1560 1078 1598 res
1101 1555 1305 1599 nostrae
1341 1544 1411 1599 ita
1440 1560 1497 1601 se
1533 1545 1814 1612 haberent,
1843 1557 1899 1600 et
1924 1546 2036 1601 sin-

466 1638 586 1706 gula
634 1644 906 1689 momenta
951 1634 1267 1689 innumeras
1315 1649 1484 1705 prope
1534 1649 1705 1690 noxas
1743 1635 2033 1702 inferrent,

464 1731 640 1798 deque
669 1728 839 1782 salute
891 1728 1321 1795 desperaremus.
1377 1725 1577 1781 malum
1613 1727 1757 1781 aliud
1811 1739 2036 1796 repente

2130 548 2379 615 ταχόθεν,
2432 548 2524 600 καὶ
2573 548 2745 613 λόγων
2774 548 2985 602 πολλῶν
3038 552 3171 617 παρ’
3209 549 3462 612 ἑκάστοις
3493 550 3606 613 πῶς
3640 554 3717 602 ἂν

2131 638 2469 708 άναθείημεν
2516 640 2857 709 γιγνομὲνων
2893 642 3093 710 τρόπος
3121 637 3190 710 ἦν
3238 640 3347 694 οὐδ’
3396 643 3643 696 ὁστισοῦν
3680 646 3716 695 ὀ

2129 729 2331 783 τούτων
2358 732 2504 800 ἡμᾶς
2534 732 2644 783 τῶν
2688 731 2881 785 δεινῶν
2915 731 3259 796 ἀπαλλάξων.
3316 732 3454 785 Οὔτε
3502 736 3606 801 γάρ
3652 735 3711 785 οί

2131 820 2362 888 Τοῦρκοι
2390 824 2499 884 τοῖς
2528 821 2776 883 Λατίνοις
2825 820 3109 873 ἐϐούλοντο
3152 821 3479 874 σπείσασθαι
3511 824 3712 874 πολλά-

2132 926 2218 972 κις
2250 910 2753 980 πρεσϐευσαμένοις
2778 911 2907 980 περὶ
2935 911 3130 966 τούτου
3153 913 3247 965 καὶ
3267 912 3558 990 δεηθεῖσιν,
3589 911 3708 966 οὗθ’

2131 1003 2263 1070 ἡμῖν
2288 1001 2414 1067 ἐξῆν
2452 1003 2652 1072 πρᾶξαι
2680 1004 2740 1056 τὸ
2766 1004 2904 1056 κατὰ
2943 1003 3193 1073 γνώμην,
3225 1003 3424 1069 ὀλίγοις
3447 1004 3582 1069 ἄγαν
3610 1023 3682 1056 κα

2134 1093 2422 1162 θεστηκόσι
2465 1094 2555 1146 καὶ
2597 1094 2880 1164 άνισότητι
2926 1093 3154 1164 γνώμης
3189 1095 3591 1161 ἀποϐεϐληκόσι
3642 1098 3713 1149 τὸ

2134 1184 2399 1251 ὁμονοεῖν,
2434 1185 2510 1247 ῶς
2553 1186 2662 1253 ἄρα
2693 1186 2785 1238 καὶ
2818 1186 2902 1239 σοὶ
2925 1185 3204 1255 γνώριμον
3236 1187 3396 1239 τοῦτο
3426 1188 3522 1240 σὺν
3572 1191 3708 1258 ἡμῖν

2133 1292 2196 1343 γε
2228 1275 2340 1328 όντι
2357 1277 2449 1329 καὶ
2476 1276 2585 1329 τῶν
2613 1277 2802 1331 δεινῶν
2822 1278 3048 1333 ἐκείνων
3077 1280 3188 1341 τοῖς
3213 1278 3395 1342 ἄλλοις
3426 1282 3715 1349 παραπλη-

2137 1367 2267 1431 σίως
2300 1368 2543 1437 εἰληφότι
2571 1368 2672 1439 τὴν
2698 1372 2910 1439 πεῖραν.

2207 1544 2277 1613 γ’.
2315 1544 2501 1607 Οὕτως
2533 1539 2628 1600 οῦν
2660 1546 2794 1616 ἡμῖν
2822 1546 3063 1617 ἔχουσιν,
3098 1548 3220 1602 ὅσαι
3251 1565 3311 1601 τε
3344 1542 3484 1619 ὧραι
3538 1551 3715 1619 μυρία

2135 1638 2205 1692 τὰ
2256 1637 2471 1707 χαλεπὰ
2506 1639 2731 1708 φέρουσι
2767 1640 2861 1693 καὶ
2896 1639 2995 1711 τὴν
3024 1642 3300 1712 σωτηρίαν
3328 1643 3713 1712 ἀπαγορεύον-

2138 1748 2243 1793 σιν,
2278 1731 2444 1785 κακὸν
2477 1732 2738 1803 ἐξαίφνης
2761 1731 2993 1802 ἐπῆλθεν
3012 1735 3196 1803 ἕτερον
3218 1734 3312 1787 καὶ
3346 1737 3711 1805 στερροτέραν

466 1820 684 1887 irrupit,
708 1828 763 1871 et
784 1817 1098 1870 validiorem
1127 1818 1417 1871 adamante
1446 1817 1690 1872 animum
1734 1818 2036 1887 disjicietts,

2145 1824 2319 1878 εἰπεῖν
2341 1824 2649 1893 ἀδάμαντος
2678 1822 2889 1889 πλῆξαν
2916 1824 3117 1895 ψυχήν.
3156 1826 3228 1878 Τδ
3247 1826 3292 1878 δ’
3331 1820 3399 1895 ἦν
3427 1827 3459 1892 ἡ
3493 1826 3585 1878 τοῦ
3614 1845 3715 1878 κα-

467 1911 593 1964 boni
654 1909 861 1963 scilicet
925 1908 1161 1987 paswris
1191 1915 1265 1971 et,
1314 1923 1466 1977 aeque
1498 1922 1561 1963 ac
1585 1910 1791 1979 primus
1824 1920 2028 1978 pastor,

466 2004 711 2073 quotidie
734 2004 953 2073 profuse
986 2005 1219 2056 animam
1254 2004 1531 2072 ponentis,
1567 2004 1749 2059 divino
1795 2004 2029 2060 consilio

463 2095 667 2158 obitus,
699 2095 774 2147 illi
801 2094 1013 2161 quidem
1045 2093 1317 2148 fortunate
1350 2092 1673 2160 succedens,
1707 2096 1865 2150 nobis
1893 2111 2025 2151 vero

466 2188 685 2252 damna,
743 2201 915 2255 eaque
972 2185 1237 2255 iugentia,
1283 2186 1607 2253 concilians,
1650 2186 1743 2257 qui
1794 2187 1939 2244 illius
1966 2189 2047 2243 ad.

469 2279 637 2334 Deum
667 2279 943 2346 precibus,
982 2278 1178 2347 quibus
1198 2277 1360 2331 saluti
1384 2286 1585 2334 nostra:
1619 2280 2031 2347 providebatur,

466 2373 767 2438 privamur.
801 2369 866 2422 Et
896 2370 1080 2425 divino
1105 2370 1342 2425 consilio
1378 2370 1530 2424 illum
1569 2372 1872 2440 contigisse
1902 2387 2036 2427 con-

466 2464 626 2532 jicies
667 2477 739 2515 ex.
763 2461 873 2516 illis
907 2476 1025 2529 qum
1072 2461 1148 2515 illi
1180 2461 1357 2517 adhuc
1403 2465 1685 2532 superstiti
1720 2464 1863 2518 inter
1890 2480 2036 2520 som-

469 2553 723 2632 niandum
752 2563 1067 2607 evenerant.
1121 2554 1280 2609 Visus
1308 2562 1390 2609 est
1416 2555 1542 2621 sibi,
1580 2565 1873 2625 antequam
1907 2558 2036 2613 urbs

468 2643 609 2697 bello
640 2644 970 2706 concideret,
1003 2643 1224 2697 domum
1281 2646 1602 2713 praeclaram
1636 2657 1691 2700 et
1742 2650 2034 2703 maximam

471 2736 737 2802 ingresso,
781 2735 1021 2803 singulas
1052 2736 1200 2789 illius
1226 2745 1409 2804 partes
1445 2737 1722 2805 inSpicere
1755 2748 1809 2791 et
1838 2739 2033 2794 decora

472 2812 536 2882 ac
562 2827 985 2895 magnitudinem
1002 2842 1326 2897 magnOpere
1341 2828 1595 2882 demirari
1619 2846 1634 2895 ;
1665 2830 1749 2885 bis
1769 2830 2035 2885 intentum

472 2932 681 2979 vocem,
705 2917 905 2971 deforis
924 2919 1297 2972 advenientem
1315 2919 1623 2975 inaudisse:
1655 2920 1884 2975 «Domus
1902 2923 2036 2996 haec,

473 3008 629 3076 cujus
660 3016 842 3076 partes
873 3008 1114 3075 singulas
1155 3009 1395 3065 illustres
1423 3019 1584 3078 atque
1614 3021 1868 3067 venustas
1898 3028 2036 3067 con-

476 3099 725 3152 siderans
756 3097 1066 3162 admiraris,
1095 3106 1339 3151 actutum
1369 3100 1660 3163 concidet;
1692 3110 1745 3155 et
1772 3115 1837 3153 ne
1874 3110 1925 3154 te
1942 3116 2037 3155 sua

476 3191 632 3243 ruina
650 3191 937 3257 opprimat,
974 3203 1135 3258 quam
1174 3189 1283 3243 cito
1321 3189 1467 3244 foras
1511 3191 1660 3257 eripe
1702 3200 1809 3245 te.»
1848 3192 2037 3247 Visum

476 3285 582 3337 hoc
604 3282 799 3337 etlectu
829 3297 936 3336 non
995 3280 1167 3336 multo
1203 3288 1327 3351 post
1361 3284 1768 3353 comprobatum
1808 3293 1913 3338 est.
1949 3284 2043 3339 Ille

474 3376 673 3430 ctenim
699 3384 756 3428 ut
774 3373 956 3443 justus
974 3384 1258 3441 appareret
1283 3384 1337 3428 et
1368 3376 1585 3430 virtutis
1610 3391 1720 3429 suae
1748 3377 2040 3431 multorqu

474 3467 725 3522 laborum
763 3465 989 3535 praemia
1020 3464 1270 3532 referret,
1297 3466 1492 3528 sic,uti
1526 3482 1623 3535 par
1660 3477 1800 3531 erat,
1831 3478 1886 3522 et
1920 3477 2044 3523 ante

475 3576 766 3617 commune
818 3557 1207 3621 infortunium,
1240 3559 1307 3613 ad
1333 3560 1532 3622 Deum,
1566 3574 1727 3628 quem
1754 3569 2043 3629 tantopere

476 3654 878 3721 concupiverat,
940 3651 1210 3722 migravit.
1240 3652 1426 3721 Neque
1480 3652 1623 3706 enim
1659 3652 1867 3721 justum
1903 3652 2043 3719 apud

480 3746 644 3800 Deum
682 3745 1039 3814 reputabatur
1088 3745 1349 3798 similium
1379 3744 1642 3798 malorum
1672 3759 1794 3797 eum
1826 3743 2046 3812 partici-

478 3851 597 3905 pem
631 3837 768 3899 fieri,
796 3835 904 3889 vita
929 3835 1194 3903 siquidem
1223 3834 1370 3889 illius
1397 3849 1503 3888 non
1532 3842 1652 3889 erat
1679 3835 1875 3889 similis
1894 3835 2042 3900 aliis,

477 3934 534 3980 et
554 3928 759 3982 semitae
790 3926 1108 3989 immutatae,
1144 3934 1339 3978 utcum
1368 3924 1660 3980 Salomone
1687 3924 1900 3992 loquar.
1925 3925 2036 3979 Nos

481 4032 610 4071 vero
677 4016 1025 4084 improbitate
1073 4017 1229 4084 plane
1259 4016 1470 4084 repleti,
1504 4028 1559 4069 et
1608 4017 1663 4068 in
1695 4015 2047 4083 cogitationi-

481 4110 584 4162 bus
607 4107 791 4161 cordis
823 4107 995 4161 nostri
1029 4108 1250 4175 pessimi
1280 4106 1640 4171 ambulantes,
1683 4115 1741 4159 ut
1776 4105 2046 4162 Jeremias

481 4200 679 4267 inquit,
721 4209 776 4252 et
831 4197 1057 4264 perinde
1107 4208 1273 4267 atque
1331 4196 1769 4267 antiquuslsrael
1808 4212 2048 4250 murmu-

484 4298 692 4351 rantes,
721 4298 779 4341 ut
812 4288 967 4343 nobis
998 4288 1301 4351 allubescit,
1343 4289 1505 4341 rebus
1564 4302 1670 4339 non
1705 4287 2049 4340 succedenti-

484 4382 609 4444 bus,
634 4378 759 4447 jure
795 4380 986 4433 merito
1010 4379 1152 4430 mala
1182 4394 1245 4432 ac
1279 4378 1449 4431 solida
1500 4377 1809 4432 calamitate
1844 4387 2048 4431 macta-

2134 1914 2227 1968 λοῦ
2258 1915 2517 1984 ποιμένος
2557 1916 2651 1969 καλ⁸
2676 1917 2818 1970 κατὰ
2850 1918 2942 1969 τὸν
2968 1917 3187 1987 πρῶτον
3208 1919 3442 1988 ποιμένα
3480 1922 3576 1988 τὴν
3602 1919 3710 1988 dru-

2135 2008 2235 2077 χὴν
2263 2009 2346 2077 ἐφ’
2375 2009 2612 2078 ἑκάστης
2637 2009 2871 2077 ἀφειδῶς
2898 2010 3039 2079 ὑπὲρ
3072 2010 3166 2063 τοῦ
3192 2012 3448 2081 ποιμνίου
3470 2013 3710 2074 τιθέντος

2135 2099 2278 2152 κατὰ
2309 2098 2450 2151 θεῖον
2479 2098 2728 2170 βούλημα
2749 2099 2999 2169 τελευτὴ,
3024 2101 3081 2153 ἐν
3104 2101 3253 2171 καλῷ
3279 2102 3379 2172 μέν
3410 2102 3602 2172 ἐκείνῳ
3618 2120 3710 2168 γε-

2137 2189 2435 2257 γενημένη,
2493 2189 2689 2258 βλάϐος
2728 2188 2773 2241 δ’
2806 2191 2938 2259 ἡμῖν
2966 2191 3341 2256 ἐπενεγκοῦσα
3390 2192 3546 2256 πολὺ,
3598 2192 3711 2243 τῶν

2137 2278 2347 2331 ἐκείνου
2371 2278 2535 2332 λιτῶν
2568 2280 2705 2350 πρὸς
2746 2279 2869 2333 θεὸν
2909 2282 3274 2351 στερηθεῖσιν,
3308 2278 3397 2345 αἶς
3432 2282 3710 2353 ἐσωζόμε-

2138 2368 2220 2421 θα.
2260 2370 2384 2423 Ὀτι
2411 2371 2467 2423 δὲ
2502 2370 2642 2424 κατὰ
2665 2372 2816 2425 θείαν
2848 2370 2987 2441 αὕτη
3018 2372 3274 2443 βούλησιν
3303 2370 3391 2445 ἦν,
3416 2374 3584 2428 ἄκουε
3612 2376 3709 2429 τοῦ

2140 2460 2399 2528 φανέντος
2436 2460 2516 2530 τῷ
2552 2460 2816 2530 μακαρίῳ
2849 2462 3096 2531 περιόντι
3149 2464 3272 2516 κατ’
3301 2463 3434 2531 όναρ
3491 2464 3707 2532 ἐκείνῳ.

2142 2549 2326 2613 Ἔδοξε
2361 2550 2466 2618 πρὸ
2496 2549 2587 2603 τοῦ
2609 2550 2708 2620 τὴν
2738 2551 2892 2603 πόλιν
2915 2552 2993 2621 τῷ
3019 2552 3245 2621 πολέμῳ
3267 2552 3535 2622 ληφθῆναι
3562 2549 3709 2607 οἶκόν

2139 2658 2262 2693 τινα
2292 2640 2549 2711 λαμπρὸν
2580 2642 2809 2694 εἰσιέναι
2843 2643 2936 2694 καὶ
2967 2644 3322 2711 παμμεγέθη,
3354 2645 3711 2713 περισκοπεῖν

2139 2749 2199 2783 τε
2231 2732 2393 2785 αὐτὸν
2414 2732 2557 2784 κατὰ
2578 2732 2740 2802 μέρος
2765 2736 2861 2786 καὶ
2889 2733 3194 2802 θαυμάζειν
3220 2737 3383 2789 αὑτοῦ
3406 2737 3465 2789 τό
3488 2754 3545 2789 τε
3569 2737 3710 2789 κάλ-

2139 2822 2232 2885 λος
2279 2824 2373 2875 καὶ
2404 2825 2654 2893 μέγεθος,
2711 2827 2769 2877 ἐν
2821 2826 2997 2896 τούτῳ
3051 2827 3094 2878 δ’
3127 2827 3239 2879 ὄντι
3281 2827 3465 2898 φωνὴν
3513 2829 3710 2893 ἔξωθεν

2140 2915 2425 2985 ἐνεχθῆναι
2455 2916 2721 2982 λέγουσαν
2766 2936 2784 2969 ι
2831 2919 2891 2970 '0
2926 2919 3025 2987 μὲν
3048 2915 3191 2981 οἶκος
3219 2920 3393 2987 οὗτος,
3422 2916 3481 2974 οὗ
3502 2924 3571 2974 τὰ
3592 2920 3710 2974 καθ’

2142 3008 2390 3069 ἕκαστον,
2422 3002 2468 3061 ὦ
2504 3009 2762 3075 δέσποτα,
2816 3011 2891 3073 ῶς
2942 3010 3062 3063 λίαν
3108 3011 3337 3080 λαμπρά
3393 3012 3488 3065 καὶ
3538 3014 3713 3083 ὡραῖα

2144 3096 2445 3167 θαυμάζεις
2475 3100 2811 3169 περιαθρῶν,
2848 3100 3039 3153 πίπτει
3070 3101 3128 3152 τὸ
3169 3103 3352 3168 τάχος,
3395 3102 3487 3154 καὶ
3516 3103 3602 3155 ἵνα
3633 3103 3706 3172 μή

2147 3201 2205 3237 σε
2233 3185 2452 3257 καλύψῃ
2487 3186 2690 3251 πεσὼν,
2722 3185 2857 3251 ἔξιθι
2882 3188 3069 3241 τούτου
3104 3190 3335 3258 ταχέως.
3366 3211 3384 3242 ι
3421 3192 3606 3254 Οὕτως
3638 3188 3711 3243 εῖ-

2146 3291 2240 3343 χεν
2288 3275 2496 3344 ήῦψις,
2544 3278 2638 3330 καὶ
2676 3279 2756 3340 είς
2786 3278 2945 3346 ἔργον
2999 3274 3137 3349 ἧκεν
3184 3281 3281 3332 οὐκ
3334 3284 3414 3342 εἰς
3468 3284 3702 3351 μακράν.

2157 3364 2394 3428 Ἐκεῖνος
2451 3367 2708 3436 μὲνγὰρ,
2750 3369 2837 3422 ἵνα
2887 3369 3139 3443 ἀναφανῇ
3199 3372 3405 3434 δίκαιος
3456 3378 3547 3426 καὶ
3592 3376 3701 3427 τῶν

2146 3454 2359 3508 πολλῶν
2383 3459 2482 3525 τῆς
2517 3458 2718 3527 ἀρετῆς
2744 3459 2954 3513 ἐκείνου
2989 3463 3249 3529 καμάτων
3274 3462 3411 3533 λάϐῃ
3434 3464 3527 3526 τὰς
3556 3466 3700 3518 ἀντι-

2145 3544 2341 3609 δόσεις,
2367 3548 2593 3610 εἰκότως
2620 3549 2763 3603 ούτω
2791 3551 2887 3604 καὶ
2921 3553 3026 3621 πρὸ
3050 3554 3149 3622 τῆς
3186 3554 3367 3623 κοινῆς
3398 3558 3705 3625 συμφορᾶς,

2146 3637 2282 3705 πρὸς
2307 3636 2364 3689 ὃν
2394 3639 2579 3692 ἐπόθει
2618 3640 2825 3710 Κύριον
2856 3643 3215 3714 ἐξεδήμησεν.
3248 3647 3323 3699 Οὐ
3367 3646 3472 3716 γάρ
3504 3647 3711 3699 δίκαιον

2146 3726 2306 3779 τοῦτο
2346 3730 2497 3798 παρά
2526 3732 2646 3802 Θεῷ
2676 3732 2919 3803 κέκριτο,
2952 3736 3210 3789 τοιούτοιν
3243 3736 3335 3790 ἵνα
3365 3738 3553 3792 κακῶν
3598 3741 3715 3791 πεῖο

2152 3832 2251 3884 ραν
2274 3820 2375 3888 σχῇ
2395 3822 2491 3875 καὶ
2519 3824 2830 3895 κοινωνήσῃ
2856 3824 2964 3877 τῶν
2991 3826 3125 3880 ίσων
3144 3827 3275 3895 ἡμῖν
3291 3844 3306 3857 ο
3327 3828 3584 3898 ἀνόμοιος
3609 3830 3712 3898 γὰρ

2147 3900 2216 3976 ἦν
2244 3910 2353 3969 τοίς
2387 3909 2568 3973 ἄλλοις
2606 3912 2633 3964 ό
2683 3913 2799 3982 βίος
2831 3916 3043 3969 ἐκείνου
3078 3919 3174 3970 καὶ
3218 3918 3624 3989 ἐξηλλαγμέναι
3657 3922 3711 3973 αί

2148 3997 2348 4066 τρίσοι,
2379 4000 2440 4052 τὸ
2469 4002 2819 4070 Σολομῶντος
2849 4007 3044 4062 εἰπεῖν.
3085 4007 3274 4076 Ἡμεῖς
3302 4009 3359 4061 δὲ
3390 4010 3585 4073 κακίας
3618 4013 3714 4076 γέ-

2153 4103 2344 4155 μοντες
2375 4090 2533 4155 ὅλως,
2562 4093 2657 4145 καὶ
2688 4094 2867 4148 ὀπίσω
2894 4097 3004 4150 τῶν
3032 4096 3435 4167 ἐνθυμημάτων
3464 4099 3561 4166 τῆς
3584 4118 3716 4167 καρο

2147 4185 2261 4249 δίας
2285 4189 2441 4257 ἡμῶν
2470 4187 2566 4256 τῆς
2594 4190 2861 4257 πονηρᾶς,
2908 4189 3071 4242 τοῦτο
3111 4190 3174 4261 δὴ
3202 4192 3262 4243 τὸ
3296 4190 3391 4243 τοῦ
3428 4192 3715 4261 Ἰερεμίου,

2150 4278 2531 4347 πορευόμενοι,
2567 4278 2662 4331 καὶ
2689 4280 2831 4331 κατὰ
2856 4279 2948 4332 τὸν
2974 4280 3141 4332 πάλαι
3183 4282 3491 4349 γογγυσταὶ
3518 4283 3719 4350 τυγχα-

2151 4386 2334 4431 νοντες
2378 4368 2625 4439 Ἰσραὴλ,
2659 4369 2797 4422 κατὰ
2836 4374 2933 4437 τὴν
2961 4371 3240 4440 ἡμετέραν
3264 4373 3565 4441 ἐπιθυμίαν
3588 4376 3720 4424 ἁπε-

485 4487 630 4535 mur,
685 4480 739 4526 et
767 4469 858 4523 tali
914 4469 1035 4522 viro
1054 4468 1323 4522 orbamur
1355 4468 1447 4535 qui
1498 4466 1646 4521 solus
1679 4465 2040 4522 aﬂlictissimis

2162 4460 2348 4514 λαύειν
2378 4460 2528 4522 ὅπως
2558 4461 2656 4514 οὐκ
2689 4460 2903 4530 ἔχωμεν
2931 4464 3039 4513 τῶν
3086 4465 3448 4533 πραγμάτων,
3493 4465 3718 4527 δικαίως

485 4565 637 4618 hisee.
665 4560 1004 4630 temporibus
1034 4559 1086 4612 in
1117 4559 1279 4611 tantis
1306 4573 1484 4611 rerum
1521 4557 1933 4611 discriminibus
1964 4573 2053 4613 so-

484 4655 670 4708 latium
718 4659 1077 4715 remanserat,
1110 4662 1299 4702 omnes
1351 4649 1617 4715 siquidem
1650 4662 1772 4701 eum
1802 4649 1877 4701 uti
1907 4648 2048 4701 vita-

486 4746 589 4799 lem
627 4744 680 4799 in
734 4742 895 4799 nobis
948 4739 1269 4795 facultatem
1326 4739 1719 4809 reputabamus
1748 4778 1763 4802 ,
1794 4739 2051 4808 illiusque

493 4847 720 4890 mortem
807 4833 1188 4889 tantummodo
1242 4831 1885 4886 dueebamusadversus
1952 4844 2051 4886 nos

487 4908 803 4996 iustissimae
837 4928 1070 4981 numinis
1100 4924 1404 4995 punitionis
1444 4922 1756 4977 exordium.
1795 4921 1908 4977 Hoc
1958 4937 2051 4976 eos

494 5018 769 5087 redarguit
790 5018 1136 5085 apertissime
1170 5017 1259 5084 qui
1301 5016 1517 5085 indigna
1548 5015 1694 5068 dicta
1726 5016 1778 5068 in
1813 5029 1935 5069 eum
1970 5015 2053 5067 in-

487 5118 684 5179 gerunt
714 5117 770 5161 et
809 5108 1033 5162 infamia
1072 5116 1330 5171 onerant,
1352 5106 1499 5177 quod
1534 5106 1903 5177 proditionem
1940 5122 2046 5159 non

485 5198 745 5261 suaserit,
777 5205 832 5251 et
853 5199 993 5265 quod
1022 5211 1117 5251 eos
1145 5196 1382 5266 propriis
1415 5195 1682 5260 consiliis,
1710 5195 1871 5248 altius
1897 5195 2055 5263 quid-

485 5291 630 5360 piam
662 5289 977 5349 meditatus,
1006 5285 1128 5353 jure
1188 5287 1528 5356 represserit.
1558 5286 1765 5355 Opinor
1797 5286 2049 5356 equidem

488 5395 608 5449 ego,
630 5394 755 5432 cum
791 5376 952 5431 vellet
984 5375 1128 5429 Deus
1156 5384 1211 5429 ut
1242 5377 1496 5430 omnibus
1529 5376 1895 5431 inuotesceret
1929 5377 2051 5444 quis

491 5473 573 5524 vir
596 5470 687 5525 ille
707 5484 863 5524 sacer
889 5477 1034 5521 esset
1065 5476 1118 5521 et
1152 5480 1379 5534 quorum
1410 5466 1623 5535 dignus,
1657 5469 1748 5535 qui
1790 5483 1916 5519 vero
1952 5482 2052 5518 nos

487 5572 542 5617 et
593 5561 792 5629 quibus
842 5559 1022 5629 [)(Bllis
1067 5556 1311 5617 obnoxii,
1393 5557 1591 5621 quibus
1632 5560 1867 5612 miseriis
1905 5558 2053 5625 juste

488 5652 863 5711 cxcruciandi,
908 5651 960 5704 id
1012 5656 1230 5718 preptet'
1264 5661 1349 5700 res
1374 5650 1662 5717 utriusque
1688 5650 1737 5703 iu
1765 5665 1877 5703 rem
1914 5649 2055 5703 utri-

489 5756 594 5810 Que
616 5742 967 5810 disposuisse.

2154 4551 2297 4605 οὕτω
2317 4553 2681 4623 πεπράγαμεν
2706 4552 3139 4621 δυστυχέστατα,
3163 4556 3258 4607 καὶ
3282 4555 3473 4609 τούτου
3494 4557 3721 4625 τάνδρὸς

2157 4642 2521 4714 ἐστερήμεθα,
2557 4644 2718 4711 μόνου
2755 4644 3196 4713 περιλειφθέντος
3223 4648 3280 4700 ἐν
3301 4648 3565 4710 τοιούτοις
3596 4666 3720 4701 και-

2162 4735 2272 4803 ροῖς
2306 4736 2400 4788 καὶ
2422 4734 2699 4797 τοσούτοις
2727 4736 2971 4804 ἀνιαροῖς
3002 4738 3081 4800 εἰς
3110 4738 3481 4807 παραμύθιον.
3518 4740 3721 4802 Πάντες

2157 4825 2264 4892 γὰρ
2295 4824 2480 4895 ὥσπερ
2515 4827 2636 4878 τινὰ
2660 4826 2889 4895 δύναμιν
2926 4827 3167 4899 ζωτικὴν
3212 4831 3272 4883 ἐν
3305 4832 3434 4900 ἡμῖν
3472 4832 3720 4899 ἐνομίζο-

2160 4933 2261 4986 μεν
2297 4916 2511 4982 τοῦτον,
2561 4920 2654 4971 καὶ
2691 4919 2791 4989 τὴν
2832 4920 3086 4988 τελευτὴν
3130 4902 3341 4974 ἐκείνου
3391 4925 3557 4991 μηδὲν
3594 4924 3723 4976 ἄλλο

2157 5008 2399 5078 νομίζειν
2428 5008 2649 5078 εἴχομεν
2678 5010 2710 5077 ἢ
2734 5012 2833 5077 τῆς
2868 5011 2951 5079 ἐφ’
2982 5014 3129 5083 ἡμᾶς
3161 5011 3254 5067 τοῦ
3282 5013 3419 5066 Θεοῦ
3452 5016 3722 5083 δικαιοτά-

2156 5116 2258 5168 της
2286 5099 2535 5162 παιδείας
2577 5094 2689 5153 οἷον
2731 5103 3039 5172 προοίμιον.
3088 5102 3258 5156 Τοῦτο
3303 5106 3412 5158 τῶν
3443 5110 3723 5159 κατειπεῖν

2160 5192 2450 5261 ᾑρημένων
2473 5192 2683 5243 ἐκείνου
2711 5193 3046 5260 σαφέστατος
3071 5193 3310 5265 ἔλεγχος,
3343 5198 3435 5249 καὶ
3464 5198 3588 5258 τοὺς
3614 5198 3723 5250 ἁδι-

2158 5283 2278 5333 κίαν
2303 5282 2423 5334 κατ’
2447 5281 2653 5334 ἐκείνου
2683 5282 2981 5343 λαλοῦντας
3020 5286 3103 5337 ὅτι
3144 5287 3217 5357 μὴ
3249 5287 3545 5354 προδοσίαν
3572 5291 3717 5339 ἐσκέ-

2155 5372 2317 5442 ψατο,
2357 5374 2489 5442 μηδέ
2514 5374 2621 5427 τῶν
2652 5375 2803 5442 σφίσι
2835 5375 3136 5428 δοκούντων
3168 5380 3444 5441 συνιέντας
3499 5379 3714 5447 βαθύτε-

2161 5482 2274 5532 ρον,
2326 5464 2547 5526 ἐνδίκως
2592 5465 2958 5534 ἐπιστομίξει.
3013 5464 3185 5535 Οἶμαι
3223 5451 3328 5538 γάρ
3379 5470 3510 5537 ἐγὼ,
3562 5469 3728 5532 δεῖξαι

2160 5555 2437 5624 βουληθεὶς
2466 5560 2491 5607 ό
2525 5554 2656 5618 Θεὸς
2688 5550 2798 5618 οἷος
2841 5557 2939 5625 μὲν
2979 5557 3007 5609 ὁ
3060 5558 3204 5623 ἱερὸς
3232 5560 3439 5621 ἐκεῖνος
3462 5558 3600 5628 ἀνὴρ
3634 5556 3726 5609 καὶ

2157 5646 2318 5696 τίνων
2346 5644 2496 5709 ἄξιος
2522 5640 2611 5714 ἧν,
2642 5640 2742 5697 οἷοι
2770 5646 2816 5697 δ’
2860 5647 3021 5716 ἡμεῖς
3047 5647 3143 5698 καὶ
3175 5647 3327 5709 τίνας
3393 5651 3716 5717 εἰσπραχυῆσ

2158 5756 2269 5789 ναι·
2291 5731 2445 5797 δίκας
2471 5737 2669 5789 δίκαιοι
2698 5731 2859 5805 ἦμεν,
2890 5736 2977 5789 διά
3007 5737 3168 5788 τοῦτο
3193 5738 3261 5790 τὰ
3313 5736 3441 5791 καθ’
3470 5739 3733 5807 ἑκάτερον

2166 5829 2329 5898 μέρος
2362 5828 2529 5890 οὕτως
2557 5827 2873 5898 ᾠκονόμησε
2906 5829 3319 5898 συμφερόντως.
