4096 6300
391 357 496 420 593
1412 370 1509 428 DE
1554 368 1867 430 EXCIDIO
1901 369 2630 437 THESSAIDNICENSI.
3522 370 3624 433 594

454 475 517 532 δ’.
556 478 761 532 Τούτου
798 477 890 533 οὖν
919 478 1013 533 τοῦ
1043 481 1235 547 δεινοῦ,
1276 485 1373 552 τῆς
1421 487 1682 553 τελευτῆς
1736 488 1948 540 ἐκείνου

2130 490 2186 543 ἐ.
2215 492 2402 559 Itaque
2429 501 2537 545 tam
2565 492 2681 545 diro
2711 492 2875 555 malo,
2900 491 3048 546 obitu
3082 505 3274 559 nempe
3310 490 3476 552 illius,
3531 506 3628 544 cut-

385 573 550 640 φημὶ,
584 573 1039 642 προστεθειμένον
1067 578 1179 638 τοῖς
1212 576 1411 640 ἄλλοις,
1447 581 1539 631 καὶ
1585 578 1803 633 πάντων
1841 580 1948 633 τῶν

2082 582 2182 635 eris
2207 584 2506 647 adnexo,et
2526 573 2844 637 dmnibusin
2867 583 3084 636 civitate
3110 582 3258 643 viris,
3280 580 3626 642 mulieribus,

386 662 445 713 ἐν
474 664 541 731 τῇ
578 662 749 725 πόλει,
802 662 1011 734 ἀνδρῶν
1043 665 1321 732 γυναικῶν
1353 666 1558 719 παίδων
1610 667 1855 720 Λατίνων
1888 684 1948 718 τε

2082 671 2256 732 tueris,
2284 670 2761 736 Latinis,Jutlaeis
2808 685 3021 739 quoque
3054 671 3206 737 ipsis,
3259 670 3624 723 miserandum

386 754 481 805 καὶ
530 755 710 807 αὐτῶν
753 756 1044 815 Ἰουδαίων.
1083 758 1331 821 ἐλεεινῶς
1378 759 1514 829 πρὸς
1547 759 1811 827 ἀλλήλους
1838 759 1950 811 διο-

2082 778 2105 814 ιι
2138 762 2351 816 tnodum
2380 778 2683 816 sermonem
2709 762 3137 823 conferentibus,
3167 772 3220 814 et
3249 760 3451 827 reliqua
3500 775 3620 811 om-
3690 814 3695 821 ,

392 844 707 913 μιλούντων,
739 847 836 899 καὶ
858 847 924 898 τὰ
948 846 1047 915 μὲν
1071 846 1184 901 ἀλλ’
1206 849 1306 901 ὅσα
1331 849 1554 910 τούτους
1586 848 1768 912 ἐπίεζε
1799 847 1950 917 δηλοο

2082 852 2140 906 ιία
2164 869 2283 921 quae
2336 868 2430 908 eos
2460 863 2567 907 tum
2600 852 2904 920 aﬂligebant
2937 867 2966 905 e
2994 851 3254 906 memoria
3299 846 3647 919 deponenti-’
3694 872 3709 909 π

388 936 499 988 νότι
530 938 593 1004 τῇ
631 935 765 1006 λήθῃ
798 940 1304 1005 παραπεμπόντων,
1356 940 1456 1009 τὴν
1489 940 1582 992 τοῦ
1620 940 1875 1008 ποιμένος
1897 939 1953 991 δὲ

2082 961 2174 1009 ius,
2208 946 2439 1015 pastoris
2466 946 2597 999 tanti
2627 945 2979 1013 privationem
3010 945 3063 998 in
3091 952 3321 999 mentem
3374 956 3636 997 revocan-
3683 980 3719 1020 ,ν

393 1026 646 1094 στέρησιν
688 1027 780 1079 ἐπὶ
825 1026 950 1079 νοῦν
982 1028 1371 1096 λαμϐανόντων
1417 1034 1512 1084 καὶ
1544 1031 1785 1100 συνεχῶς
1820 1049 1953 1100 προ-

2084 1036 2199 1090 ἱὺιιε
2229 1048 2284 1090 et
2329 1040 2528 1106 saepius
2572 1036 2973 1105 proferentibus
3027 1032 3531 1100 asserentibusqne,
3570 1039 3637 1083 ut
3690 1025 3720 1033 ’“

391 1118 689 1185 φερόντων,
715 1118 815 1187 τῆς
849 1118 946 1171 τοῦ
990 1119 1125 1173 Θεοῦ
1153 1138 1212 1173 τε
1253 1121 1527 1183 παιδείας,
1574 1124 1649 1183 ὡς
1680 1122 1952 1191 προῠφην,

2082 1144 2164 1180 atn
2188 1128 2357 1193 innui,
2389 1140 2443 1183 et
2467 1144 2571 1183 non
2599 1139 2800 1183 temere
2817 1127 3169 1183 credentibus
3195 1125 3454 1179 indicium
3493 1122 3627 1175 illud

393 1210 488 1261 καὶ
520 1211 619 1277 τῆς
672 1211 1047 1279 γεγενημένης
1105 1212 1355 1277 ἁλώσεως
1407 1214 1501 1266 καὶ
1532 1214 1804 1281 λεγόντων
1863 1230 1959 1282 ση-

2082 1235 2180 1275 isse
2210 1229 2264 1274 et
2291 1221 2482 1274 divinae
2514 1220 2809 1289 punitiouis
2839 1228 2892 1273 et
2918 1217 3192 1273 subsecuti
3242 1214 3438 1269 excidii
3464 1232 3477 1278 ;
3502 1213 3630 1275 hoc,

399 1300 547 1366 μεῖον
597 1298 753 1351 τοῦτο
803 1299 896 1352 καὶ
927 1300 1316 1366 πιστευόντων,
1348 1333 1415 1344 —-
1448 1301 1621 1365 οὕτως
1655 1298 1746 1355 οὖν
1778 1303 1959 1354 διατε-

2085 1320 2466 1379 nquam,statu
2500 1326 2705 1374 rerum,
2729 1325 2849 1365 cum
2880 1310 3148 1363 modicum
3182 1315 3395 1375 tempus
3418 1304 3640 1359 interim

398 1388 621 1451 θέντων,
666 1389 758 1441 καὶ
786 1389 969 1457 ὀλίγου
997 1390 1062 1460 δή
1100 1408 1244 1456 τινος
1274 1394 1332 1444 ἐν
1357 1390 1433 1460 τῷ
1467 1391 1673 1461 μεταξὺ
1717 1391 1961 1460 παρελη⁶

2082 1402 2443 1465 irocessisset,
2476 1402 2529 1452 in
2550 1400 2701 1469 pejus
2725 1415 2887 1468 quam
2911 1408 3068 1453 antea
3094 1412 3253 1452 ruere
3278 1395 3486 1459 omnia,
3517 1410 3637 1446 ma-

396 1480 616 1542 λυθότος
640 1479 733 1532 τοῦ
766 1481 986 1550 χρόνου,
1017 1485 1198 1551 χεῖρον
1226 1482 1258 1550 ἢ
1291 1483 1560 1551 πρότερον
1586 1482 1709 1549 ἔσχε
1738 1482 1807 1534 τά
1828 1483 1965 1550 πρά-

2082 1506 2168 1562 gna
2190 1492 2436 1546 confusio
2460 1491 2674 1544 animos
2697 1503 2990 1558 occupare,
3022 1502 3143 1540 eum
3175 1485 3281 1539 alia
3306 1485 3397 1539 alii
3442 1484 3639 1537 decer—

396 1589 603 1639 γματα,
656 1573 749 1625 καὶ
795 1572 1059 1642 σύγχυσις
1094 1572 1397 1643 πανταχοῦ,
1429 1574 1626 1628 ’ἄλλων
1678 1573 1811 1625 ἀλλα
1843 1573 1966 1641 βου-

396 1664 699 1732 λευομένων
730 1664 823 1717 καὶ
847 1667 1013 1735 μηδὲν
1042 1669 1100 1719 ἐν
1118 1666 1301 1735 ταυτῷ
1330 1664 1605 1717 συνελθεῖν
1631 1665 1962 1733 δυναμένων·

399 1757 494 1807 καὶ
531 1757 915 1826 παραπλήσιόν
972 1775 1025 1809 τι
1078 1758 1193 1818 τοῖς
1249 1756 1344 1808 ἐπὶ
1379 1756 1506 1824 νηὸς
1559 1756 1965 1825 χειμαζομένης

402 1847 735 1916 ἐπάσχομεν,
757 1847 885 1901 ὅταν
910 1849 938 1900 ό
969 1846 1312 1916 κυϐερνήτης
1335 1830 1448 1914 ἀπῇ
1472 1860 1487 1875 ·
1520 1845 1696 1898 πάντα
1720 1845 1971 1913 γὰρ’ἐκεῖ

401 1940 642 2008 ταράχου
680 1940 872 2009 μεστὰ,
900 1941 1047 2008 καὶὴ
1080 1938 1213 2001 ναῦς
1244 1939 1344 1991 οὐκ
1375 1937 1571 2007 ἔχουσα
1601 1937 1692 1989 τὸν
1720 1936 1969 1989 ἰθύνοντα

400 2032 519 2092 ταῖς
549 2030 655 2082 τῶν
680 2031 895 2098 ἀνέμων
934 2029 1075 2101 βιίαις
1099 2029 1195 2082 τοῦ
1235 2030 1423 2096 πρόσω
1446 2030 1646 2097 χωρεῖν
1675 2026 1969 2090 ἀκινδύνως

400 2121 460 2172 οὐ
494 2123 875 2189 συγχωρεῖται.
900 2120 1020 2173 Τῶν
1049 2118 1149 2188 μὲν
1178 2118 1268 2172 οὖν
1291 2118 1356 2187 δὴ
1382 2117 1646 2171 πλειόνων
1684 2118 1972 2186 δυσχεραι-

401 2212 600 2264 νόντων
634 2213 714 2264 ὅτι
747 2212 822 2283 μὴ
854 2212 1036 2279 σφίσιν
1065 2210 1191 2281 ἐξῆν
1221 2208 1514 2275 προδοῦναι
1551 2209 1649 2279 τὴν
1672 2209 1829 2262 πόλιν
1859 2210 1970 2271 τοῖς

401 2304 955 2372 Ἰ“ούρκοις,δεδιότων
987 2304 1118 2364 ῐσως
1146 2302 1175 2354 δ
1199 2302 1423 2369 γέγονεν
1459 2302 1712 2371 ὕστερον,
1737 2300 1969 2369 ἀγγελος

399 2390 501 2466 ⁴ἧκε
532 2397 622 2446 τὸν
673 2395 969 2464 Μουράτην
1016 2394 1102 2462 ἐφ’
1150 2393 1296 2461 ἡμᾶς
1349 2392 1670 2461 κεκινῆσθαι
1723 2390 1965 2460 μηνύων,

404 2486 655 2537 πλεῖστον
689 2486 811 2536 ὅσον
846 2482 1079 2552 στρατὸν
1120 2481 1544 2550 συναγείραντα,
1592 2481 1685 2532 καὶ
1712 2480 1799 2533 διὰ
1831 2483 1965 2532 πάν-

404 2592 515 2628 των
564 2574 744 2636 καλῶς
774 2572 1314 2643 παρεσκευασμένον.
1350 2572 1475 2631 Τοῖς
1510 2573 1611 2640 μὲν
1642 2568 1734 2624 οῦν
1780 2570 1970 2623 δεκτέα

407 2682 526 2726 πως
558 2664 735 2729 ἔδοξεν
781 2665 814 2733 ἡ
851 2663 1077 2729 ἀγγελία
1108 2661 1204 2714 καὶ
1239 2660 1474 2731 πιθανὴ,
1505 2663 1618 2722 τοῖς
1644 2660 1701 2712 δέ
1736 2660 1832 2729 μὴ,
1881 2662 1972 2712 καὶ

412 2758 646 2828 μάλιστα
692 2757 961 2817 Λατίνοις,
990 2756 1099 2808 είτε
1135 2754 1533 2824 μεγαλοψυχεῖν
1570 2752 1974 2822 προσποιουμέ-

408 2867 538 2910 νοις.
562 2850 670 2901 είτε
710 2850 906 2917 πεῖραν
932 2847 1032 2919 odit
1066 2846 1321 2915 ἐσχηκόσι
1362 2845 1471 2897 τῶν
1498 2844 1778 2913 Τούρκων,
1881 2845 1974 2897 καὶ

412 2940 611 3010 μᾶλλον
643 2938 819 3005 ἔγωγε
852 2937 1133 3005 πείθομαι.
1167 2936 1337 2989 Πόθεν
1368 2935 1479 3005 γάρ
1521 2934 1729 3002 είδησις
1759 2934 1972 2995 τούτοις

409 3036 466 3086 ἐν
498 3031 739 3100 θαλάττῃ
771 3030 864 3082 καὶ
894 3028 1256 3096 γεννωμένοις
1288 3027 1385 3079 καὶ
1434 3026 1513 3087 εις
1542 3026 1725 3094 γῆρας
1755 3027 1973 3079 διαιτωι

2067 1593 2267 1657 nerent
2303 1597 2402 1637 nec
2437 1590 2659 1652 possent
2687 1581 2739 1635 in
2774 1595 2934 1633 unam
2964 1584 3287 1635 sententiam
3307 1575 3598 1631 convenire
3628 1614 3645 1639 ,

2069 1690 2275 1744 nosque
2300 1674 2409 1728 illis
2426 1672 2516 1742 qui
2546 1673 2603 1727 in
2622 1672 2743 1726 navi
2766 1671 3010 1727 adversis
3034 1668 3453 1735 tempestatibus
3477 1674 3644 1719 utun-

2072 1776 2160 1821 tur
2187 1780 2309 1818 eum
2341 1764 2669 1833 gubernator
2697 1762 2872 1825 abest,
2904 1776 3009 1813 non
3043 1757 3343 1821 absimiles,
3372 1749 3647 1821 variisre-

2075 1872 2191 1911 rum
2221 1854 2471 1910 ﬂuctibus
2491 1854 2714 1925 jactari.
2745 1853 2996 1920 Namque
3024 1852 3097 1905 ibi
3128 1850 3307 1906 omnia
3355 1858 3483 1903 sunt
3532 1856 3650 1900 tur-

2070 1949 2263 2005 barum
2290 1940 2473 2017 plena,
2502 1956 2558 2003 et
2585 1946 2764 2012 navis,
2796 1945 3028 2015 spoliata
3060 1953 3273 1999 rectore
3300 1956 3364 1996 ac
3391 1942 3440 1995 vi
3460 1950 3650 1995 vento-

2070 2054 2191 2092 rum
2217 2052 2480 2093 concussa
2507 2037 2614 2091 iter
2637 2050 2795 2091 suum
2830 2035 3149 2088 continuare
3202 2030 3405 2100 absque
3456 2030 3651 2083 discri-

2072 2130 2217 2185 mine
2244 2144 2353 2183 non
2388 2127 2739 2197 permittitur.
2773 2126 2910 2180 Cum
2942 2139 3070 2195 ergo
3092 2123 3337 2191 plerique
3354 2134 3499 2190 aegre
3527 2120 3643 2172 fer-

2074 2230 2194 2276 rent
2218 2236 2320 2275 non
2344 2218 2571 2274 concedi
2593 2218 2695 2273 sibi
2722 2218 2915 2272 Turcis
2941 2217 3128 2271 urbem
3152 2214 3365 2276 dedere,
3397 2219 3650 2267 eventum

2072 2309 2417 2381 postmodum
2445 2317 2694 2363 secutum
2713 2308 3216 2377 perhorrescentes,
3240 2301 3462 2357 nuntius
3488 2302 3652 2355 adve-

2076 2403 2156 2457 nit
2182 2402 2441 2455 Muratem
2473 2401 2735 2455 adversus
2764 2413 2864 2454 nos
2888 2398 2991 2452 iter
3018 2410 3324 2466 capessere,
3351 2393 3646 2462 quamplu-

2074 2495 2229 2549 rimis
2256 2494 2429 2562 copiis
2452 2502 2505 2547 et
2536 2494 2697 2547 rebus
2714 2492 2837 2547 aliis
2860 2491 3110 2546 omnibus
3142 2486 3647 2543 instructissimum.

2074 2584 2304 2651 Quidam
2334 2585 2523 2639 nuntio
2550 2585 2706 2639 [idem
2741 2598 2860 2637 esse
2898 2581 3258 2635 adhibendam
3305 2579 3492 2633 dicunt
3520 2594 3535 2639 ς
3562 2590 3654 2630 ne-

2076 2687 2207 2745 gant
2239 2677 2355 2738 alii,
2391 2686 2445 2729 et
2472 2675 2647 2728 Latini
2702 2674 3067 2743 potissimum,
3122 2672 3237 2725 sive
3294 2668 3653 2737 magnanimi-

2076 2777 2243 2822 tatem
2280 2766 2625 2829 simulantes,
2656 2766 2770 2819 sive
2800 2763 3121 2826 Turcarum,
3151 2760 3295 2832 quod
3335 2757 3651 2813 credibilius

2074 2859 2309 2919 videtur,
2343 2857 2634 2923 inexperti.
2661 2854 2907 2924 Namque
2939 2854 3081 2908 unde
3106 2853 3235 2915 illis,
3269 2852 3321 2904 in
3385 2851 3519 2903 mari
3561 2864 3652 2918 ge-

2076 2948 2206 3000 nitis
2257 2957 2311 3001 et
2338 2948 2533 3001 ultimo
2562 2948 2722 3001 etiam
2759 2944 2934 2999 aetatis
2966 2953 3206 3011 tempore
3231 2944 3394 2995 vitam
3440 2941 3650 3008 agenti—

2076 3035 2199 3100 bus,
2232 3052 2332 3091 nec
2367 3052 2472 3091 non
2497 3037 2563 3089 ad
2593 3036 2877 3089 conﬂictus
2907 3043 2961 3093 et
2988 3048 3215 3103 pugnas,
3268 3032 3465 3102 quibus
3514 3029 3654 3083 Tur-

413 3126 615 3193 μένοις,
666 3122 801 3190 πρὸς
840 3118 1158 3187 συμπλοκάς
1209 3134 1267 3169 τε
1296 3118 1388 3170 καὶ
1428 3118 1630 3185 μάχας,
1662 3110 1747 3177 αῖς
1773 3118 1831 3168 τὸ
1860 3116 1965 3167 τῶν

2082 3144 2251 3185 :arutn
2269 3143 2398 3198 gens
2416 3129 2604 3192 utitur,
2634 3127 2852 3196 ineptis,
2879 3140 2976 3181 nec
2996 3124 3300 3180 valentibus
3319 3137 3444 3177 cum
3492 3123 3649 3177 trire-

409 3216 668 3283 Τούρκων
698 3212 961 3280 κέχρηται
1004 3209 1179 3276 γένος,
1229 3207 1443 3276 ἔχουσιν
1481 3207 1583 3258 οὐκ
1627 3204 1970 3274 ἐπιτηδείως,

411 3308 505 3358 καὶ
543 3304 674 3373 μηδέ
720 3302 1033 3368 δυναμένοις
1081 3300 1114 3368 ἢ
1169 3298 1256 3351 διὰ
1305 3297 1548 3367 τριηρῶν
1598 3296 1852 3349 ἀπελθεῖν
1899 3295 1978 3356 είς

413 3398 732 3467 ὑπερορίαν,
777 3395 916 3464 ἡνίκ’
941 3394 1005 3446 ἂν
1043 3392 1137 3445 καὶ⁹
1164 3391 1293 3444 ἔνθα
1325 3390 1643 3460 βούλοιντο;
1683 3387 1877 3457 μικρὸν
1919 3387 1980 3438 τὸ

417 3488 644 3560 μεταξὺ,
680 3488 775 3540 καὶ
822 3484 986 3537 πάλιν
1029 3482 1214 3551 ἔτερος
1248 3481 1499 3547 ἄγγελος,
1533 3478 1709 3532 ταυτά
1736 3476 1814 3546 τῷ
1846 3493 1981 3547 προ-

414 3582 558 3649 τέρῳ
588 3580 681 3631 καὶ
713 3577 871 3638 αὐτὸς
905 3574 1262 3642 διαγγέλλων,
1288 3572 1527 3634 καὶτοὺς
1574 3570 1763 3637 λόγους
1798 3571 1980 3637 ὅρκοις

420 3667 780 3736 πιστούμενος
833 3665 1159 3732 ἀσφαλέσιν,
1211 3664 1295 3732 ἐφ’
1336 3657 1417 3725 οἷς
1472 3662 1809 3730 ἐπείσθημεν
1880 3664 1977 3729 μὲν

418 3760 603 3827 ἡμεῖς,
654 3757 820 3825 μηδὲν
868 3756 992 3809 ἄλλο
1030 3753 1162 3825 παρ’
1187 3754 1319 3807 αὐτὸ
1352 3753 1760 3823 προσδοκῶντες
1806 3752 1983 3822 (τοῦτο

418 3852 526 3918 γὰρ
555 3850 583 3900 ό
613 3847 889 3916 πολυετὴςι
914 3847 1062 3915 ἡμᾶς
1090 3846 1337 3898 ἐδίδασκε
1379 3844 1745 3913 συγκλεισμὸς
1774 3844 1865 3894 καὶ
1914 3842 1983 3893 τὶι

419 3938 769 4010 πράγματα),
806 3936 1134 4003 ἐπείσθησαν
1181 3936 1239 3987 δέ
1269 3936 1365 3986 καὶ
1410 3935 1652 3992 Λατῖνοι.
1702 3933 1796 3983 καὶ
1846 3930 1985 4001 πρδις

417 4029 776 4101 παρασκευὴν
809 4028 919 4079 δεῖν
944 4024 1089 4089 ἔδοξε
1115 4024 1327 4087 τούτοις
1356 4012 1739 4090 διεγηγέρθαι.

488 4126 551 4173 ε’.
584 4121 693 4174 Καὶ
719 4118 782 4188 δὴ
804 4116 1021 4187 πρῶτον
1058 4115 1180 4184 μὲν,
1203 4110 1373 4183 οὗπερ
1420 4112 1656 4181 ήρξαντο
1721 4112 1986 4181 πρότερον

418 4212 602 4279 ἔργου,
636 4209 770 4279 πρὸς
798 4207 1077 4260 τελείωσιν
1098 4205 1520 4274 σπουδαιότερον
1549 4204 1886 4272 διετέθησαν.
1914 4203 1987 4255 Τὸ

418 4301 462 4353 δ’
488 4299 553 4369 ἦν
585 4300 617 4369 ἡ
647 4300 775 4369 περὶ
801 4299 899 4360 τάς
929 4296 1189 4361 ἐπάλξεις
1240 4296 1419 4348 αὐτῶν
1438 4294 1747 4364 ἐπιμέλεια.
1779 4292 1987 4361 Μικρὸν

420 4392 528 4461 γὰρ
564 4390 797 4459 πρόσθεν
825 4388 912 4441 διά
944 4387 1220 4457 φροντίδος
1258 4386 1455 4453 πολλῆς
1478 4384 1853 4453 πεποιήκεσαν
1888 4383 1985 4446 τὰς

424 4481 674 4545 ἐπάλξεις
703 4482 795 4533 τοῦ
819 4481 1028 4548 τείχους
1068 4479 1266 4540 παντὸς
1317 4474 1614 4547 διαφράξαι
1651 4476 1879 4536 σανίσιν,
1910 4474 1986 4537 ὡς

391 4576 481 4626 ηέν
523 4573 751 4637 ἀσπίσι,
792 4574 916 4634 τοὺς
957 4574 1054 4641 μὲν
1103 4571 1207 4637 ἐξω
1242 4572 1539 4638 πολεμίους
1586 4566 1985 4638 ἀπειργούσαις

426 4665 516 4716 τοῦ
555 4664 732 4731 βέλεσι
758 4663 1078 4732 τιτρώσκειν
1104 4663 1227 4723 τοὺς
1256 4660 1399 4713 ἔνδον
1428 4661 1630 4729 δεῆσαν
1678 4658 1982 4727 προκῦψαι,

426 4758 536 4815 τοῖς
570 4754 611 4805 δ’
638 4753 856 4805 ἐπὶτῶν
882 4751 1073 4821 τειχῶν
1105 4752 1409 4819 ἱσταμένοις
1446 4749 1643 4818 πολλὴν
1679 4749 1775 4819 τὴν
1803 4750 1985 4802 ἄδειαν

428 4846 795 4917 παρεχούσαις
846 4844 1067 4912 ἀφανῶς
1109 4843 1275 4906 λίθοις
1325 4842 1531 4897 ἀνωθεν
1592 4841 1809 4909 βάλλειν
1861 4842 1987 4903 τοὺς

426 4938 677 4997 ἐπιόντας
727 4935 819 4986 καὶ
867 4934 942 5002 τῷ
979 4932 1335 5001 προστυχόντι
1385 4932 1548 4983 παντὶ
1610 4931 1984 4999 προσπελάσαι

424 5032 534 5091 τοῖς
579 5027 784 5096 τείχεσι
820 5024 1203 5095 βουληθέντας.
1242 5023 1474 5074 Ἔπειτα
1509 5021 1568 5074 δέ
1607 5022 1716 5073 δεῖν
1749 5020 1987 5090 ἀριθμῆ-

428 5136 515 5170 σαι
539 5119 661 5179 τοὺς
710 5117 912 5184 ἄνδρας
951 5114 1212 5185 ᾠήθησαν
1263 5113 1355 5167 καὶ
1389 5114 1730 5180 καταμαθεῖν
1759 5115 1805 5165 εί
1849 5113 1988 5181 πρὸς

425 5211 521 5270 τὰς
555 5209 646 5260 τοῦ
672 5209 793 5262 ὅλου
819 5208 1031 5278 τείχους
1055 5206 1310 5271 ἐπάλξεις
1342 5207 1437 5258 καὶ
1467 5206 1559 5258 τὸν
1583 5205 1869 5274 περίϐολον
1895 5204 1986 5257 τὸν

427 5299 559 5368 πρδς
583 5302 810 5370 ἤπειρον
838 5301 1151 5372 ἐξαρκοῦσι.
1195 5300 1303 5352 Καὶ
1334 5299 1398 5368 δὴ
1431 5302 1623 5369 στῆναι
1653 5301 1858 5361 πάντας
1898 5301 1986 5351 ἐπὶ

424 5393 534 5442 τῶν
581 5393 776 5462 τειχῶν
818 5393 934 5462 μεθ’
983 5389 1058 5446 ὧν
1110 5388 1255 5463 εἶχεν
1307 5392 1538 5452 ἕκαστος
1598 5390 1986 5458 ἐπιτρέπουσιν

424 5484 623 5544 ὅπλων,
648 5484 723 5546 ὡς
743 5483 808 5537 ἂν
827 5485 919 5537 καὶ
944 5486 1223 5555 μάρτυρας
1244 5485 1368 5543 τοὺς
1395 5483 1556 5544 ἰδίους
1576 5481 1769 5550 ἔχωσιν
1789 5480 1986 5548 ὀφθαλ-

430 5573 586 5642 μούς.
620 5568 694 5627 Οὖ
727 5575 790 5645 δὴ
824 5577 1106 5645 γεγονότος
1154 5572 1222 5646 ἦν
1255 5577 1381 5628 ίδεῖν
1438 5573 1531 5627 ἐπὶ
1558 5573 1653 5625 δύο
1699 5573 1794 5625 καὶ
1837 5575 1982 5641 τρεῖς

427 5665 677 5730 ἐπάλξεις
730 5666 827 5720 ἕνα
885 5668 1051 5738 ἄνδρα
1105 5668 1414 5734 ἱστάμενον,
1466 5665 1557 5717 καὶ
1612 5662 1817 5716 τούτων
1860 5663 1985 5726 τοὺς

428 5757 644 5823 πλείους
700 5759 829 5829 μήθ’
859 5760 996 5814 ὅπλα
1032 5761 1399 5831 κεκτημένους
1454 5748 1837 5829 (προαναλωσε
1880 5756 1989 5828 γὰρ

2086 3222 2260 3275 mibus
2290 3220 2394 3273 alio
2416 3226 2569 3272 extra
2602 3235 2733 3271 suos
2769 3218 2923 3280 ﬁnes,
2950 3230 3007 3270 ut
3035 3216 3142 3270 illis
3165 3214 3472 3277 allubescit,
3493 3214 3649 3268 diva-

2082 3311 2221 3381 gari,
2252 3310 2493 3379 cognitio
2548 3310 2754 3363 venerit
2776 3309 2798 3362 ’ί
2820 3309 3075 3379 exiguum
3117 3309 3253 3363 abiit
3315 3316 3536 3376 tempus
3560 3346 3573 3369 ,
3601 3314 3655 3359 et

2084 3414 2272 3453 rursus
2300 3399 2434 3454 alius
2460 3398 2678 3453 nuntius
2703 3399 2890 3453 eadem
2922 3413 3042 3467 qua:
3103 3396 3312 3466 primus
3342 3396 3650 3458 denuntiat,

2082 3501 2135 3545 et
2158 3490 2514 3558 jurejurando
2536 3491 2690 3544 [idem
2711 3489 2895 3559 alligat
2919 3503 3071 3543 suam
3103 3504 3119 3550 ;
3151 3503 3257 3555 quo
3279 3502 3375 3540 nos
3396 3487 3644 3555 persuasi

2082 3593 2293 3644 sumus,
2313 3580 2446 3633 nihil
2467 3578 2610 3632 aliud
2630 3587 3011 3648 exspectantes
3038 3594 3052 3630 :
3083 3578 3182 3630 hoc
3199 3577 3341 3631 enim
3364 3575 3532 3628 nostri
3559 3589 3654 3642 per

2084 3660 2282 3725 multos
2312 3684 2483 3724 annos
2515 3670 2565 3723 in
2607 3679 2891 3739 angustum
2948 3668 3250 3723 contractio
3283 3681 3476 3734 resque
3522 3666 3655 3733 ipsa;

2083 3760 2405 3814 clamabant.
2438 3760 2732 3814 Credidere
2755 3769 2811 3813 et
2836 3759 3013 3813 Latini
3044 3776 3058 3825 ;
3094 3760 3378 3827 visumque
3411 3768 3491 3811 est
3515 3757 3647 3821 illis,

2086 3847 2315 3904 sollicite
2344 3848 2649 3902 necessaria
2706 3859 3032 3916 praeparare.

2158 4114 2211 4166 5.
2246 4113 2307 4166 Et
2342 4111 2577 4181 primum
2612 4109 2852 4179 quidem,
2894 4110 3036 4180 quod
3064 4120 3219 4166 antea
3266 4111 3655 4166 inchoaveram

2087 4210 2241 4274 opus,
2271 4202 2793 4273 propugnaculorum
2843 4204 3105 4256 duntaxat
3151 4218 3335 4257 curam
3391 4204 3655 4271 perlicere

2088 4284 2413 4351 concitatius
2441 4294 2770 4350 animantur.
2798 4293 2967 4348 Paulo
2988 4295 3131 4348 enim
3160 4305 3284 4348 ante
3299 4308 3512 4348 summo
3531 4309 3650 4343 cum

2088 4389 2269 4442 labore
2305 4404 2367 4442 ac
2404 4387 2571 4441 nimio
2596 4401 2758 4455 opere
2775 4395 3103 4441 accurarunt
3130 4394 3187 4438 ut
3218 4400 3497 4438 murorum
3528 4400 3654 4452 pro-

2091 4478 2410 4546 pugnacula,
2440 4476 2684 4529 adinstar
2716 4485 3016 4536 scutorum,
3069 4473 3265 4527 tabulis
3310 4473 3650 4533 obserarent,

2088 4582 2206 4636 quae
2239 4567 2471 4620 advenas
2492 4567 2675 4620 hostes
2698 4565 3021 4633 impedirent
3050 4579 3115 4616 ne
3142 4563 3353 4631 sagittis
3409 4563 3575 4627 cives,
3608 4562 3653 4614 si

2089 4659 2305 4725 quando
2334 4673 2469 4726 opus
2500 4664 2644 4711 esset
2664 4658 2841 4723 capite
2866 4670 3169 4724 emergere,
3196 4656 3567 4717 vulnerarent,
3588 4654 3655 4706 iis

2088 4760 2264 4803 autem
2296 4752 2386 4816 qui
2414 4748 2582 4802 muris
2610 4749 2923 4801 insisterent
2945 4746 3251 4800 facultatem
3274 4744 3491 4798 uberem
3512 4743 3657 4797 face-

2091 4852 2208 4894 rent
2238 4841 2374 4894 clam
2402 4856 2433 4894 e
2466 4840 2729 4909 superiori
2760 4847 2908 4907 parte
2938 4838 3083 4891 saxis
3108 4836 3457 4891 advenientes
3481 4838 3659 4905 impe-

2093 4943 2227 4995 tere,
2268 4931 2617 4999 admmosque
2643 4932 2707 4983 ad
2730 4945 2913 4984 muros
2932 4929 3092 4983 obvio
3122 4943 3333 4997 quoque
3371 4929 3649 4997 repellere.

2090 5023 2291 5076 Deinde
2314 5022 2676 5074 numerandos
2693 5033 2814 5073 esse
2833 5022 2977 5072 viros
3004 5018 3323 5080 decernunt,
3352 5029 3409 5072 ut
3441 5019 3652 5072 discant

2090 5132 2158 5169 an
2185 5114 2247 5166 ad
2265 5113 2442 5168 omnia
2464 5128 2739 5165 murorum
2762 5110 3161 5180 propugnacula
3190 5120 3244 5163 et
3271 5110 3559 5165 circuitum
3582 5111 3648 5163 ad

2093 5208 2480 5262 mediterranea
2515 5214 2821 5272 vergentem
2855 5203 3158 5266 sutlici..nt;
3194 5211 3246 5255 et
3278 5201 3357 5255 sic
3389 5201 3648 5254 omnesiu

2094 5300 2283 5361 muris,
2313 5295 2425 5353 suis
2451 5309 2719 5366 quemque
2754 5294 2923 5348 armis
2954 5294 3306 5355 instructum,
3340 5303 3486 5346 stare
3543 5289 3652 5342 im-

2091 5398 2303 5457 perant,
2338 5398 2391 5439 ut
2420 5390 2485 5440 ad
2507 5386 2559 5441 id
2593 5384 2819 5439 testibus
2850 5386 3084 5454 propriis
3121 5384 3292 5439 oculis
3346 5389 3653 5437 uterentur.

2090 5478 2209 5543 Qun
2240 5478 2384 5532 facta
2403 5477 2837 5545 conspiciebatur
2861 5475 2911 5528 in
2932 5476 3139 5530 duobus
3170 5485 3225 5529 et
3250 5475 3420 5528 tribus
3454 5485 3654 5539 propn-

2090 5569 2334 5637 gnaculis
2358 5556 2497 5623 unus
2522 5577 2764 5632 tantum;
2808 5580 3108 5636 eorumque
3134 5567 3308 5636 potior
3338 5576 3653 5631 pars-nequo

2092 5678 2237 5715 arma
2271 5664 2622 5731 gerere,'qn;e
2639 5661 3331 5729 paupertasabsumpserat,
3356 5669 3528 5721 neque
3548 5667 3649 5718 pu-

2088 5770 2203 5823 gnae
2229 5767 2319 5809 aut
2351 5756 2624 5812 conﬂictui
2655 5762 2775 5823 apta
2805 5770 2818 5818 ;
2852 5752 3064 5807 assidua
3087 5765 3318 5817 namque
3337 5746 3473 5801 mala
3495 5746 3652 5800 etvi-
