4096 6300
484 286 591 345 ἶο5

480 490 735 558 lmninus,
759 512 879 551 cum
903 499 975 553 rei
995 504 1276 568 providere
1296 507 1452 560 aliter
1472 526 1574 563 non
1592 526 1810 579 possent
1830 519 1849 587 (
1870 536 2041 587 neque

473 586 614 635 enim
638 586 770 639 alios
789 588 931 643 viros
947 591 1231 648 bellatores
1250 606 1442 662 pneter
1462 603 1671 657 accolas
1693 586 2044 678 urbisposse-

474 680 664 727 derant
684 678 703 744 )
726 717 745 741 τ
767 682 1131 736 necessarium
1164 685 1369 741 duxere
1397 706 1586 746 omnes
1612 696 1676 749 ad
1697 704 2040 766 pugnandum

473 779 750 835 promptos
777 786 921 835 esse,
946 786 1233 845 rerumque
1254 782 1517 847 venalium
1541 785 1713 841 forum
1735 790 2040 861 alioaspor-

478 871 593 913 tare
624 877 721 928 pro
751 869 1078 921 aceuratiori
1115 872 1347 926 civitatis
1366 879 1610 933 custodia
1633 881 2039 954 deliberarent;

473 950 602 1003 l‘cet
633 953 682 1004 id
715 955 779 1006 ad
817 955 972 1009 finem
1002 962 1222 1025 perduci
1259 979 1361 1016 nou
1401 970 1658 1033 potuerit,
1696 985 1815 1024 cum
1840 990 1902 1027 ex
1935 950 2039 1027 im;

472 1044 694 1108 proviso
720 1046 925 1113 hostes,
960 1058 1011 1101 et
1048 1063 1227 1105 nostra
1249 1060 1655 1122 exspectatione
1673 1062 1856 1130 citius,
1896 1066 2037 1119 irru-

478 1132 706 1200 pissent.
736 1136 971 1204 Etenim,
992 1140 1265 1209 dicebant,
1283 1145 1639 1203 siadvcrsarii
1661 1154 1845 1208 urbem
1869 1159 2038 1225 copiis

472 1222 743 1281 cinxerint
759 1241 811 1282 et
836 1232 1027 1299 pugnis
1049 1244 1172 1287 raro
1191 1236 1672 1295 iutermittentibus
1692 1222 2035 1310 indulserint,

471 1320 570 1368 nos
610 1330 739 1368 vero
773 1320 837 1370 ad
874 1318 1046 1373 forum
1077 1322 1234 1392 longe
1252 1325 1497 1379 dissitum
1521 1332 1829 1385 necessaria
1855 1346 2036 1389 coem-

468 1405 610 1472 ptnri
637 1409 947 1475 abierimus,
973 1411 1203 1469 desertis
1230 1418 1397 1471 muris
1424 1421 1810 1478 ctcustodibus
1832 1427 2038 1491 vacuis,

479 1497 629 1551 nullo
660 1501 861 1567 praevio
894 1504 1076 1560 labore
1104 1506 1210 1561 illis
1233 1508 1506 1563 civitatem
1542 1512 1839 1569 trademus.
1866 1516 2034 1573 Recte

478 1588 662 1658 itaque
693 1596 964 1659 omnibus,
997 1607 1049 1651 et
1073 1610 1130 1654 ut
1163 1602 1303 1657 vires
1322 1605 1707 1672 concedebant,
1740 1610 2039 1679 dispositis,

469 1696 681 1746 Omnes,
712 1686 832 1740 unis
895 1689 1089 1743 animis
1138 1695 1317 1747 omnia
1374 1712 1469 1763 pro
1502 1700 1671 1765 patria
1704 1702 1815 1768 pati
1846 1706 2039 1772 parati,

1703 312 2027 379 IOANNIS
2063 324 2540 413 axitoxosw

478 400 637 454 γυηάί
671 414 879 475 egestas
894 408 1036 462 vires
1066 411 1287 467 insimul
1314 418 1681 478 cxtiuxeraut.
1705 424 1880 483 Latini
1902 431 2034 484 nihi-

2144 437 2175 500 ἠ
2197 439 2378 503 πενία)

3604 343 3717 408 596

2412 444 2547 509 μήτε
2584 442 2718 511 προς
2749 443 2930 515 ειάλην
2958 447 3304 516 ἐπιτηδείους
3328 449 3419 503 καὶ
3450 451 3714 520 πόλεημονο

2147 530 2257 591 τοῖς
2284 530 2390 599 γὰρ
2423 534 2669 601 συνεχέσι
2697 538 2890 620 κακοῖς
2917 538 3011 590 καὶ
3040 541 3104 609 τῇ
3136 541 3264 609 περὶ
3290 541 3349 593 τὸ
3383 542 3484 614 ζῇν
3516 545 3719 618 ἀπορίᾳ

2148 622 2508 693 περιῄρηνται
2544 627 2638 679 καὶ
2688 628 2750 681 τὸ
2793 628 3077 684 δύνασθαι.
3127 634 3189 685 Ol
3220 634 3439 687 Λατῖνοι
3487 637 3532 689 δ’
3565 638 3719 705 ὅμως

2145 714 2244 765 οὑκ
2279 714 2495 784 ἔχοντες
2526 717 2929 787 διαπράξασθαι
2969 721 3194 791 (ἄνδρας
3216 724 3324 791 γὰρ
3353 724 3571 795 ἐτέρους
3609 745 3717 796 μα-

2147 805 2342 874 χίμους
2365 809 2465 859 οὑκ
2500 805 2646 878 εἶχον
2676 811 2827 879 παρὰ
2860 812 2987 875 τοὺς
3012 812 3174 877 ὂντας
3209 818 3275 883 τῇ
3313 817 3490 886 πόλει)
3520 820 3629 873 δεῖν
3656 822 3718 887 ἐξ

2148 896 2391 964 ἀνάγκης
2415 896 2584 968 ᾤοντο
2607 900 2813 965 πάντας
2858 904 2987 972 γοῦν
3017 905 3251 976 ἑτοίμως
3283 906 3430 977 ἔχειν
3458 910 3591 978 πρὸς
3622 913 3718 964 πό-

2147 988 2328 1054 λεμον.
2365 990 2718 1059 Μεταστῆσαι
2744 993 2799 1045 δὲ
2818 994 2911 1059 καὶ
2948 996 3045 1064 τὴν
3074 996 3282 1064 ἀγορὰν
3306 998 3443 1068 πρὸς
3467 1002 3718 1075 φυλακὴν

2146 1077 2545 1147 ἀκριϐεστέραν
2576 1083 2671 1149 τῆς
2720 1083 2926 1145 πόλεως
2973 1084 3090 1138 δέον
3142 1088 3498 1157 κεκρίκασιν,
3537 1092 3583 1143 εί
3618 1093 3714 1145 καὶ

2148 1167 2322 1235 πέρας
2382 1169 2513 1233 ῖσως
2576 1170 2735 1225 τοῦτο
2780 1173 2965 1227 λαϐεῖν
3012 1177 3113 1229 οὑκ
3136 1177 3313 1247 ἔσχεν,
3372 1180 3715 1249 ἐπιθεμένων

2146 1258 2343 1325 αἴφνης
2368 1259 2474 1312 τῶν
2506 1262 2787 1329 πολεμίων
2813 1264 2907 1316 καὶ
2932 1264 3129 1319 θᾶττον
3155 1268 3186 1337 ἢ
3218 1267 3418 1332 πάντες
3449 1272 3715 1339 προσεδο-

2144 1349 2330 1419 κῶμεν
2354 1367 2365 1379 '
2408 1370 2427 1403 ι
2453 1354 2554 1405 Ἂν
2593 1356 2701 1424 γὰρ
2730 1354 2829 1424 τὴν
2859 1356 3011 1409 πόλιν
3049 1375 3067 1408 ι
3098 1358 3308 1429 ἔφησαν
3347 1378 3367 1411 ι
3396 1362 3712 1415 κυκλὼσωσι

2148 1439 2247 1506 μὲν
2297 1442 2347 1492 οἱ
2382 1441 2628 1510 πολέμιοι
2658 1442 2752 1497 καὶ
2785 1444 2880 1498 τοὺ
2936 1447 3198 1517 πολεμεῖν
3245 1452 3485 1520 συνεχῶς
3522 1452 3711 1519 γίνων-

2143 1545 2255 1592 ται,
2272 1531 2432 1597 ἡμεῖς
2446 1532 2503 1584 δὲ
2533 1534 2669 1602 πρὸς
2695 1534 2793 1612 τὴν
2818 1536 3024 1605 ἀγορὰν
3042 1538 3232 1612 πόρῥω
3260 1543 3522 1611 κειμένην
3544 1543 3711 1595 ἀπίω-

2148 1636 2246 1686 μεν
2275 1623 2345 1672 τὲι
2390 1623 2525 1691 πρὸς
2552 1624 2744 1693 χρείαν
2782 1610 3127 1696 ὠνούμενοι,
3148 1631 3459 1700 παρέξομεν
3480 1610 3593 1684 ὑπὸ
3612 1636 3712 1701 τῆς

2145 1711 2250 1761 τῶν
2279 1713 2475 1781 τειχῶν
2501 1716 2740 1785 ἐρημίας
2766 1718 2866 1788 τὴν
2897 1721 3056 1776 πόλιν
3084 1723 3289 1789 αὑτοῖς,
3319 1725 3519 1792 μηδένα
3553 1729 3711 1779 πόνον

472 1786 627 1839 spem
662 1776 970 1831 Universatn
987 1781 1038 1832 in
1060 1781 1168 1835 Deo
1187 1792 1487 1855 etmartyre
1509 1789 1805 1860 myroblyta
1824 1792 2034 1849 colloca-

2161 1776 2428 1873 μηδαμῶς
2459 1776 2951 1875 προὺπενεγκόῦσι.
2982 1829 3000 1864 ι
3026 1812 3220 1873 Καλῶς
3480 1776 3708 1880 πάντων,

471 1864 670 1927 vimus,
699 1867 854 1921 etdie
876 1881 1141 1941 noetuque
1168 1873 1531 1931 Barbarorum
1556 1881 1906 1949 irruptioncm
1927 1888 2038 1939 cir-

470 1958 985 2028 cumspiciebamus,
1020 1967 1389 2037 quotidieque,
1420 1978 1476 2022 ut
1503 1973 1803 2027 nuntiatum
1838 1975 2032 2045 fuerat,

469 2052 937 2116 exschtabamus.

2149 1896 2243 1947 καὶ
2266 1896 2340 1957 ὡς
2367 1900 2627 1969 παρεῖχεν
2652 1901 2684 1969 ἡ
2705 1899 2953 1970 δύναμις,
2987 1908 3509 1973 παρεσκευασμένων
3546 1909 3707 1960 ἁπάν-

2144 2000 2254 2036 των
2288 1985 2463 2039 πάντα
2508 1988 2703 2041 παθεῖν
2763 1991 2899 2061 ὑπὲρ
2936 1996 3033 2061 τῆς
3089 1995 3368 2065 πατρίδος,
3402 1997 3709 2066 προθυμίαν

2148 2074 2535 2145 ἐνεδειξάμεθα
2570 2080 2668 2151 τὴν
2696 2082 2886 2152 αὐτὴν,
2938 2086 3030 2137 καὶ
3052 2087 3154 2156 τὴν
3187 2087 3375 2141 ἐλπίδα
3410 2091 3589 2142 πᾶσαν
3617 2090 3707 2142 ἐπὶ

469 2139 593 2251 ξειῖέ
632 2143 1179 2251 καὶξτῷημυροϐλυτῃ
1233 2151 1474 2223 μάρτυρι
1510 2157 1827 2223 σαλεύοντες
1866 2156 2029 2232 ἦμεν,
2069 2166 2163 2217 καὶ
2191 2139 2668 2239 περιεσκοποῦμεν
2726 2139 2941 2245 νύκιτωρ
3012 2139 3119 2231 καὶ⁸
3162 2179 3285 2249 μεθ’
3348 2139 3578 2251 ημίξραήν⁷

467 2230 651 2335 ἔφοδον
685 2234 793 2289 τῶν
838 2238 1153 2313 βαρϐάρων,
1192 2244 1314 2298 καθ’
1345 2245 1583 2318 ἑκάστην
1622 2251 1760 2303 κατὰ
1803 2230 2194 2323 τὰςνάγγελίας
2227 2230 2424 2321 αὑτοὺς
2457 2230 2829 2335 ἐκδεχόμενοι.

540 2325 595 2381 6.
629 2327 819 2386 Paucis
850 2328 1040 2387 diebus
1066 2340 1466 2407 praetergressis
1504 2342 1696 2397 tertius
1732 2346 1959 2400 nuntius
1984 2349 2039 2401 in

466 2422 739 2477 civitatem
767 2420 1001 2490 advolat,
1020 2426 1240 2483 Murata:
1258 2430 1547 2485 adventum
1570 2434 1623 2486 in
1638 2434 1885 2503 Langada
1904 2438 2041 2493 indi-

469 2528 618 2585 cans,
642 2529 745 2568 nec
768 2516 900 2569 satis
931 2530 1051 2571 esse
1079 2532 1327 2586 campum
1356 2520 1509 2575 illum
1538 2522 2040 2596 longelatequedih

470 2607 650 2660 fusum
702 2608 983 2676 capiarum
1021 2610 1349 2666 multitudini
1400 2632 1415 2679 ;
1462 2625 1777 2683 apparatum
1825 2633 2038 2687 quoque

471 2701 845 2771 praenarrabat
875 2716 996 2757 esse
1022 2718 1191 2770 super
1214 2720 1426 2760 omnem
1457 2711 1916 2777 exspectationem
1940 2726 2039 2765 nec

467 2806 627 2861 posse
659 2793 838 2847 verbis
862 2795 1110 2863 exprimi.
1150 2797 1384 2851 Rursum
1416 2812 1515 2852 nos
1563 2800 1795 2855 sollicite
1855 2817 2035 2871 agere,

468 2888 863 2958 diligenterque
893 2906 1012 2958 qua:
1051 2906 1186 2959 opus
1218 2903 1374 2946 erant
1408 2908 1622 2960 curare,
1644 2894 2039 2949 llluxcratdie-

468 2994 583 3032 rum
618 2980 831 3033 domina
864 2995 880 3044 ;
912 2990 963 3034 et
995 2990 1151 3035 nocte
1177 2983 1709 3039 mediaterrmmotus
1733 2985 2036 3053 ingensuro

468 3073 587 3125 bent
618 3074 879 3137 concutit,
915 3066 1225 3143 metumque
1272 3075 1510 3129 omnium
1574 3076 1769 3129 animis
1826 3075 2033 3143 injicit,

465 3167 558 3234 qui
592 3165 827 3219 infelicia
857 3166 1002 3218 illum
1024 3176 1189 3235 atque
1229 3168 1562 3221 incommoda
1581 3169 1898 3235 portendere
1919 3169 2033 3221 cxi-

467 3259 783 3313 stimarunt.
813 3259 891 3313 Ita
914 3259 1084 3323 enim,
1118 3260 1206 3326 qui
1240 3276 1268 3311 a
1298 3260 1466 3312 multo
1503 3268 1740 3326 tempore
1761 3258 2034 3315 civitatem

466 3350 850 3406 concutiebant
880 3359 1035 3405 terra:
1061 3361 1260 3415 motus,
1294 3354 1539 3408 homines
1559 3352 1861 3409 affecerunt
1880 3363 1931 3407 et
1951 3362 2035 3407 ta-

465 3444 570 3495 lem
603 3444 912 3509 opinionem
937 3443 1343 3510 ingenerarunt,
1374 3460 1495 3497 cum
1525 3446 1794 3499 illirerum
1827 3443 2030 3498 immu-

469 3533 699 3589 tationes
732 3534 1103 3588 denuntiarint
1136 3546 1191 3589 et
1214 3535 1454 3589 dirorum
1492 3545 1701 3591 montes
1727 3535 1848 3590 urbi
1888 3537 2035 3589 intu-

468 3625 648 3680 lerint.
675 3623 751 3685 Et
771 3626 884 3692 boc_
904 3626 1119 3696 quidem
1141 3635 1324 3682 noctu.
1352 3627 1532 3681 Primo
1552 3642 1730 3691 mane,
1756 3641 1877 3682 cum
1898 3642 2028 3681 non-

470 3722 599 3771 dum
634 3717 714 3772 sol
758 3728 958 3772 terram
992 3718 1161 3773 radiis
1204 3719 1567 3785 collustraret,
1605 3734 1729 3789 pars
1763 3722 2034 3775 exercitus

468 3810 520 3860 iu
552 3810 824 3863 civitatem
852 3810 1705 3879 contendit,nequcvexillum,ut
1727 3813 1894 3867 moris
1923 3824 2031 3879 est,

465 3914 705 3956 erectum
736 3901 988 3956 deferens
1017 3917 1188 3971 neque
1229 3904 1504 3957 turmatim
1553 3906 1887 3972 procedens.
1925 3904 2033 3959 Nec

465 3994 573 4045 alio
595 4008 759 4060 scopo
794 4011 808 4046 :
842 3994 1014 4047 visum
1037 3994 1213 4049 fuerat
1245 3994 1471 4050 Muratm
1504 3996 1885 4051 amicabilibus
1906 4012 2032 4051 ver-

467 4084 548 4137 bis
582 4083 787 4138 incolas
818 4094 975 4139 antea
1004 4096 1343 4155 pertentare,
1368 4098 1429 4142 ut
1459 4103 1580 4157 qua:
1601 4097 1784 4157 postea
1840 4090 2033 4143 subsc-

465 4184 587 4228 cuta
622 4185 769 4239 sunt,
792 4177 1052 4244 urbisque
1112 4178 1383 4232 excidium
1408 4179 1779 4233 evitarentur:
1806 4179 1856 4233 in
1880 4194 2030 4248 spem

465 4269 607 4321 enim
632 4276 851 4321 venerat
872 4270 983 4322 suis
1015 4269 1185 4337 ipsius
1211 4270 1368 4323 dictis
1383 4284 1500 4324 eam
1531 4284 1690 4325 aures
1713 4270 1854 4323 illico
1872 4272 2030 4323 datu-

467 4375 578 4411 ram
614 4368 665 4412 et
702 4358 841 4412 bello
877 4359 993 4427 capi
1023 4360 1371 4428 opprimique
1410 4360 1828 4414 dectinaturam.
1866 4360 2031 4428 quue

2212 2349 2286 2414 ς’.
2335 2352 2572 2423 Ἡμέραι
2608 2358 2892 2428 παρῆλθον
2927 2357 3085 2424 αὖθις
3136 2361 3339 2429 ὀλίγαι,
3400 2362 3492 2418 καὶ
3525 2363 3708 2433 τρίτος

2137 2446 2371 2514 ἄγγελος
2408 2448 2509 2517 ήδη
2562 2451 2698 2518 πρὸς
2731 2452 2831 2521 τὴν
2890 2453 3048 2507 πόλιν
3099 2457 3319 2523 ἀφῖκτο,
3369 2456 3469 2525 τὴν
3505 2458 3587 2519 είς
3640 2458 3708 2509 τὰ

2137 2541 2400 2608 Λαγκαδᾶ
2439 2542 2535 2594 τοῦ
2566 2543 2839 2613 Μωράτου
2889 2544 3065 2614 δηλῶν
3116 2546 3323 2613 ἄφιξιν.
3369 2548 3464 2600 καὶ
3490 2547 3565 2611 ὡς
3614 2548 3705 2616 οὐχ

2139 2631 2321 2685 ἱκανὸν
2343 2631 2400 2684 τὸ
2429 2632 2606 2685 πεδίον
2643 2636 2723 2692 είς
2759 2634 2894 2687 πολὺ
2929 2637 3102 2704 μῆκος
3132 2637 3498 2706 ἐκτεταμένον
3529 2640 3706 2691 ἐκεῖνο

2145 2724 2279 2790 πρὸς
2301 2722 2569 2794 τοσαύτην
2604 2725 2814 2794 πληθὺν
2857 2727 3311 2797 στρατευμάτων.
3349 2730 3612 2797 Διήγγελε
3648 2730 3704 2782 δὲ

2144 2816 2239 2868 καὶ
2278 2819 2377 2886 τὴν
2407 2816 2761 2886 παρασκευὴν
2796 2819 2934 2888 ὑπὲρ
2972 2820 3129 2887 λόγον
3156 2821 3326 2874 οὖσαν
3361 2824 3455 2875 καὶ
3504 2824 3578 2891 μὴ
3607 2826 3695 2892 ρᾳ-

2142 2907 2260 2961 δίαν
2282 2908 2536 2977 ῥηθῆναι.
2571 2910 2737 2961 Πάλιν
2764 2907 2859 2962 οὖν
2884 2912 3047 2981 ἡμεῖς
3077 2914 3134 2964 ὲν
3165 2914 3389 2983 σπουδῇ,
3418 2914 3515 2968 καὶ
3547 2915 3705 2968 πάλιν

2144 3000 2200 3051 ἐν
2230 3000 2522 3071 ἐπιμελείᾳ
2559 3002 2792 3072 μεγάλῃ.
2840 3003 3028 3072 Παρῆν
3059 3004 3115 3057 δὲ
3168 3007 3200 3074 ή
3236 3006 3405 3072 κυρία
3436 3007 3544 3060 τῶν
3573 3008 3707 3075 ἠμε-

2067 3128 2110 3191 c
2149 3091 2275 3160 ρῶν,
2308 3093 2399 3145 καὶ
2435 3094 2564 3162 περὶ⁵
2594 3094 2761 3163 μέσας
2790 3095 2993 3160 νύκτας
3022 3100 3245 3167 σεισμὸς
3280 3098 3422 3171 [καὶ]
3463 3104 3528 3171 τῇ
3557 3101 3704 3153 πόλει

2142 3180 2387 3245 γίγνεται
2418 3183 2592 3248 μέγας
2628 3182 2722 3234 καὶ
2762 3183 2928 3249 φόὸον
2952 3187 3069 3244 ταῖς
3106 3186 3364 3238 ἁπάντων
3398 3187 3558 3254 ὲνῆκε
3603 3185 3707 3254 ψυ-

2143 3275 2282 3339 χαῖς,
2309 3273 2608 3343 τεκμήριόν
2638 3290 2697 3326 τε
2719 3277 2878 3329 τοῦτο
2903 3279 3001 3328 οὐκ
3030 3278 3252 3342 ἀγαθῶν
3272 3278 3547 3347 ἡγήσαντο
3574 3278 3705 3328 πάν-

2138 3378 2228 3421 τες
2249 3362 2588 3430 πραγμάτων
2608 3380 2619 3394 ·
2649 3363 2793 3417 οὑτω
2824 3367 2933 3435 γὰρ
2960 3365 3010 3418 οἳ
3036 3367 3143 3435 πρὸ
3177 3367 3383 3435 μακροῦ
3410 3366 3509 3436 τὴν
3546 3366 3698 3418 πόλιν

2138 3452 2334 3504 ἐκεῖνοι
2370 3454 2643 3507 συνέσειον
2693 3458 2909 3523 σεισμοὶ
2969 3460 3394 3528 παρεσκεύασαν
3422 3457 3548 3518 τοὺς
3596 3458 3693 3508 άν-

2139 3544 2409 3615 Θρὼπους,
2434 3547 2528 3598 καὶ
2553 3547 2809 3616 τοιαύτην
2838 3548 3049 3604 ἔδωκαν
3080 3550 3344 3620 ὑπόληψιν
3368 3549 3529 3618 ἐχειν,
3557 3548 3693 3600 ἀνω-

2141 3636 2337 3702 μαλίας
2372 3639 2717 3705 πραγμάτων
2745 3642 2989 3694 κάκεῖνοι
3016 3641 3446 3711 προηγγελκότες
3476 3639 3569 3693 καὶ
3594 3639 3699 3691 δει-

2139 3719 2244 3770 νῶν
2294 3722 2459 3790 ἐσμὸν
2496 3723 2863 3793 ἐπαγαγόντες
2907 3729 2971 3797 τῇ
3026 3727 3203 3783 πελει.
3253 3731 3362 3781 Καὶ
3392 3726 3551 3780 τοῦτο
3603 3727 3699 3793 μὲν

2141 3814 2329 3873 νυκτός
2349 3831 2364 3844 ·
2397 3813 2711 3884 ἀρξαμένης
2743 3818 2797 3868 δὲ
2825 3818 2921 3885 τῆς
2970 3818 3066 3879 Eo).
3098 3821 3193 3872 καὶ
3222 3818 3318 3892 τοῦ
3347 3822 3501 3890 quo;
3533 3821 3701 3873 καθα-

2140 3905 2245 3972 ρῶς
2264 3906 2416 3959 οὑπω
2445 3911 2505 3977 τῇ
2539 3910 2608 3977 γῇ
2644 3910 2741 3965 τάξ
2774 3911 2999 3971 ἀκτῖνας
3024 3911 3371 3978 ὲπαφιέντος,
3400 3912 3503 3981 τῆς
3536 3927 3703 3979 στρα-

2135 3995 2256 4055 τιᾶς
2280 4013 2331 4046 τι
2352 3996 2517 4063 μέρος
2545 3997 2737 4064 ὁρᾶται
2767 3999 2833 4067 τῇ
2869 3998 3020 4049 πόλει
3048 3998 3408 4067 προσϐάλλον,
3444 3999 3579 4065 μήτε
3610 4014 3703 4065 ση-

2138 4085 2405 4150 μαίανὼς
2457 4086 2576 4148 ἔθος
2628 4085 2879 4154 ἠρμένην
2933 4086 3155 4156 ἔχοντες
3216 4089 3355 4158 μήτε
3392 4088 3703 4154 βαδίζοντες

2138 4173 2333 4227 ἱλαδόν.
2380 4174 2437 4226 Ὀ
2454 4174 2509 4225 δὲ
2539 4175 2739 4242 τρόπος
2765 4188 2779 4201 ⁸
2808 4173 2955 4237 ἔδοξε
2983 4174 3058 4242 τῷ
3088 4176 3350 4244 Μουράτη
3383 4175 3567 4242 φιλίας
3593 4176 3701 4226 τισὶ

2134 4264 2259 4325 τοὺς
2292 4262 2635 4325 ἐνοικοῦντας
2667 4264 2815 4332 ἡμᾶς
2844 4267 2909 4334 τῇ
2952 4264 3104 4316 πόλει
3156 4265 3399 4335 ῥήμασιν
3451 4263 3700 4316 ὑπελθεῖν

2135 4356 2420 4425 πρότερον,
2452 4356 2592 4408 ὥστε
2622 4356 2700 4425 μή
2733 4374 2784 4408 τι
2808 4356 2915 4410 τῶν
2956 4358 3013 4410 ὲν
3044 4357 3298 4425 ὑστέροις
3356 4354 3699 4423 συμδεσηοκόο

464 4451 597 4503 duas
631 4450 700 4503 ob
735 4464 929 4503 causas
961 4449 1240 4517 praestitit,
1283 4459 1391 4503 tum
1431 4464 1496 4503 ne
1548 4451 1863 4505 innumeras
1909 4452 2029 4507 illas

2139 4463 2243 4498 των
2303 4447 2557 4514 γενέσθαι
2624 4448 2717 4502 καὶ
2774 4450 2873 4519 τὴν
2939 4449 3093 4503 πόλιν
3150 4450 3384 4503 ἁλῶναι·
3434 4448 3700 4516 ὑπέστρε-

465 4543 737 4595 hominum
771 4542 954 4609 c0pias
974 4540 1111 4594 bello
1145 4540 1460 4608 subjiceret,
1492 4550 1547 4595 et
1570 4544 1917 4609 postmodum
1942 4558 2032 4597 vo-

464 4634 532 4685 tis
561 4634 847 4685 frustratus
879 4631 1234 4700 ignominiam
1272 4630 1393 4693 sibi,
1459 4644 1685 4700 eamque
1735 4646 2028 4699 summam,

462 4735 803 4789 compararet
834 4741 847 4785 ;
888 4734 999 4777 tum
1036 4723 1702 4789 sermonibuscogentium
1735 4735 1796 4776 ut
1840 4723 1893 4796 in
1936 4740 2031 4778 ur-

464 4818 583 4867 bem
622 4818 829 4868 veniret
859 4830 1155 4883 persuasus
1192 4832 1203 4865 :
1231 4827 1337 4866 non
1361 4812 1587 4866 deerant
1618 4812 1762 4866 enim
1794 4814 1884 4880 qui
1908 4829 2029 4865 eum

466 4906 882 4972 compcllabaut,
917 4905 1413 4973 asseverabautque
1474 4905 1849 4958 tantummodo
1899 4919 2031 4956 con-

465 5003 733 5061 spretum,
754 5009 999 5065 prompte
1017 5006 1070 5049 ct
1085 4996 1232 5049 nullo
1268 4995 1466 5062 przevio
1496 4994 1635 5048 bello
1656 5007 1718 5046 ac
1749 4994 1951 5053 labore,
1978 4993 2030 5044 in

467 5088 727 5139 ditionem
772 5101 924 5139 suam
958 5102 1075 5140 eam
1101 5089 1465 5141 redacturum.
1493 5084 1634 5137 Misit
1670 5086 1849 5151 itaque
1888 5086 2033 5135 viros

464 5176 827 5239 Christianos,
858 5176 997 5228 baud
1036 5178 1268 5245 ignotos.
1307 5192 1371 5230 ex
1407 5176 1528 5229 aliis
1581 5175 1825 5238 urbibus,
1879 5172 2033 5225 nobis

466 5270 728 5322 salutaria
763 5266 1131 5330 consolturos,
1164 5269 1643 5335 concitaturosque
1685 5280 1783 5334 pro
1824 5264 2031 5316 viribus

466 5360 729 5412 adversus
763 5356 1009 5410 Latinos.
1048 5356 1148 5422 Qui
1208 5358 1335 5410 licet
1369 5357 1737 5420 advenisSent,
1781 5355 2033 5406 timentes

466 5465 537 5504 ne
572 5465 600 5503 a
627 5450 841 5519 sagittis
881 5462 911 5503 e
955 5452 1121 5501 muris
1146 5449 1476 5515 depromptis
1516 5448 1856 5507 lmdcrentur,
1890 5454 2034 5497 retro

466 5555 773 5606 cesserunt,
813 5557 933 5593 cum
968 5540 1100 5592 nibil
1134 5548 1229 5593 aut
1256 5554 1465 5604 parum,
1503 5552 1601 5605 pro
1645 5544 1750 5602 quo
1781 5550 2033 5590 accesse-

469 5644 611 5695 rant,
678 5636 1050 5700 inditassent;
1086 5643 1483 5702 proptereaque
1537 5634 1637 5684 boc
1699 5645 1797 5681 suo
1858 5630 2031 5681 redita

470 5741 537 5792 ap
560 5729 609 5781 ul
649 5729 935 5783 nonnullos
968 5726 1259 5801 ignominia
1281 5724 1452 5776 notati
1478 5732 1621 5778 sunt.
1649 5721 1885 5789 Naurguc
1913 5736 2030 5773 cuzn

2135 4555 2235 4605 φον
2278 4537 2385 4605 γὰρ
2420 4538 2632 4600 ἐλπίδες
2679 4542 2791 4601 τοῖς
2830 4541 3010 4593 αὐτῶν
3067 4541 3248 4602 λόγοις
3279 4537 3483 4604 ταύτην
3540 4536 3698 4595 εὐθὺς

2135 4625 2419 4678 ὑπἰκλῖναι
2451 4626 2546 4676 καὶ
2593 4626 2667 4695 μὴ
2698 4627 2761 4679 ἂν
2790 4627 3007 4679 ἑλέσθαι
3042 4627 3387 4695 κρατηθῆναι
3427 4626 3514 4677 διὰ
3546 4624 3699 4677 πολέ-

2136 4736 2257 4787 μου.
2308 4717 2479 4770 Τοῦτο
2509 4718 2551 4770 δ’
2580 4718 2807 4788 ἐποίησε
2834 4719 2979 4772 δυοῖν
3003 4719 3187 4785 ἕνεκα,
3215 4717 3309 4771 τοῦ
3344 4734 3402 4770 τε
3436 4718 3512 4786 μὴ
3546 4716 3701 4767 πόλε-

2136 4825 2234 4876 μον
2266 4809 2568 4878 ὑποστῆναι
2597 4808 2689 4861 τὸν
2744 4808 3167 4879 μυριάνθρωπον
3194 4811 3401 4860 ἐκεῖνον
3442 4806 3694 4873 στρατὸν,

2135 4897 2237 4953 εἴτ’
2272 4902 2609 4969 ἀποτυχόντα
2643 4901 2886 4969 μεγάλην
2911 4902 3175 4970 αἰσχύνην
3202 4900 3456 4968 όφλῆσαι,
3484 4898 3574 4949 καὶ
3602 4895 3695 4947 τοῦ

2136 4993 2419 5061 πεισθῆναι
2452 4994 2563 5054 τοῖς
2590 4992 2767 5057 λόγοις
2796 4993 2903 5044 τῶν
2933 4993 3262 5051 ἐπειγόντων
3295 4990 3457 5042 αὑτὸν
3482 4990 3571 5041 ἐπὶ
3599 4989 3697 5055 τὴν

2134 5084 2291 5135 πόλιν
2330 5083 2586 5151 ἀφῖχθαιο
2647 5084 2739 5133 καὶ
2766 5085 2877 5153 γὰρ
2910 5078 3050 5153 ἦσαν
3092 5084 3140 5135 οἱ
3174 5080 3364 5135 τοῦτον
3410 5080 3499 5133 ἀεὶ
3528 5095 3699 5131 συνω-

2135 5174 2354 5237 θοῦντες
2388 5175 2479 5227 καὶ
2513 5175 2817 5237 πείθοντες,
2850 5176 2923 5238 ὡς
2966 5176 3015 5227 εἰ
3052 5176 3214 5243 μόνον
3246 5172 3462 5241 ὀφθείη,
3493 5172 3698 5237 ταύτην

2134 5265 2367 5333 ἑτοίμως
2400 5264 2527 5318 ἄνευ
2565 5265 2805 5334 πολέμου
2849 5270 2942 5321 καὶ
2976 5268 3156 5319 πόνων
3188 5262 3397 5318 λαϐεῖν.
3433 5262 3697 5329 Πέπομφε

2135 5357 2313 5408 τοίνυν
2350 5356 2545 5427 ἄνδρας
2573 5357 2931 5425 Χριστιανοὺς
2979 5358 3077 5410 οὐκ
3101 5357 3350 5425 ἀγνῶτας
3386 5354 3591 5406 πόλεων
3640 5348 3700 5414 ἐξ

2136 5449 2356 5519 ἐτέρων,
2387 5450 2515 5518 ἡμῖν
2548 5450 2613 5502 τὰ
2644 5450 2887 5519 σωτήρια
2908 5449 3417 5519 συμϐουλεύσοντας
3439 5446 3543 5500 καὶ
3557 5444 3697 5497 κατὰ

2137 5540 2246 5591 τῶν
2275 5540 2523 5594 Λατίνων
2549 5541 2928 5611 διεγεροῦντας
2961 5541 3036 5604 ὡς
3061 5536 3172 5594 οἷόν
3202 5558 3258 5594 τε
3278 5558 3291 5571 ·
3310 5539 3367 5593 οἱ
3401 5540 3495 5591 καὶ
3527 5554 3697 5603 παρα-

2138 5631 2441 5699 γενόμενοι,
2501 5635 2595 5684 καὶ
2638 5635 2750 5695 τοῖς
2785 5634 2895 5685 ἀπὸ
2934 5634 3043 5685 τῶν
3075 5632 3271 5701 τειχῶν
3326 5629 3698 5699 πεμπομένας

2141 5720 2318 5790 βέλεσι
2357 5720 2429 5792 μὴ
2470 5722 2746 5791 τρωθῆναι
2776 5724 2840 5775 τὰ
2876 5724 3103 5793 σώματα
3160 5722 3411 5787 δεδιότες,
3441 5717 3696 5787 ὄπισθ’ρ-
