4096 6300
449 289 550 353 597

1462 294 1562 353 DE
1600 294 1913 365 EXEIDIO
1953 300 2686 365 THESSALONICENSI.
3572 310 3680 373 593

448 420 609 473 μητοι
635 400 900 467 γίνονται,
934 401 1152 474 μηδὲνῆ
1188 403 1342 472 ὀλίγα
1381 405 1519 475 πρδς
1545 405 1601 457 ἓν
1639 424 1670 476 μ
1706 425 1802 476 ρος
1834 409 2004 478 δηλώο

2125 427 2245 479 )plts
2264 423 2407 468 esset
2427 415 2621 482 sacpius
2639 422 2689 468 ct
2710 412 2904 479 multas
2926 427 3201 468 murorum
3236 423 3418 484 partes
3442 416 3648 471 circum
3664 439 3687 453 -

448 511 661 559 σαντες,
695 487 738 561 ᾧ
765 511 841 553 π,
885 532 899 548 .
943 532 958 549 .
1002 533 1016 549 .
1064 535 1076 548 .
1122 533 1136 547 .
1180 534 1197 550 .
1238 533 1253 548 .
1300 534 1313 549 .
1357 535 1372 551 .
1419 535 1431 547 .
1478 537 1493 550 .
1522 497 1864 567 δεδύνηνται.
1894 501 2010 568 Ἐφ’

2125 507 2211 573 τε,
2244 516 2297 565 et
2332 519 2451 574 qua:
2486 506 2939 574 promittebantur
2989 520 3018 558 a
3075 504 3284 567 Murate
3338 508 3517 577 palam
3566 509 3685 563 edi-

448 580 491 653 ᾧ
522 589 611 638 καὶ
653 588 952 655 μεμπταῖω
990 626 1003 640 .
1051 628 1065 641 .
1110 624 1124 641 .
1169 627 1184 641 .
1228 627 1244 640 .
1290 628 1304 641 .
1348 589 1533 655 ἔδοξάν
1566 607 1711 644 τισιν
1747 592 2013 663 ὑποστρέ-

2125 609 2260 665 cere,
2296 596 2742 666 sermonibusque
2772 595 2850 657 uti
2881 596 3297 656 consultationis
3333 600 3401 654 ad
3430 614 3523 655 eos
3566 598 3678 654 dis-

448 678 651 746 ψαντες
671 694 683 706 ·
714 677 831 737 δέον
860 679 968 754 γὰρ
990 679 1250 749 πολλάκις
1278 682 1371 733 καὶ
1409 682 1547 734 κατὰ
1571 684 1741 736 πολλὰ
1763 684 1872 736 τῶν
1904 701 2015 737 τει-

2125 687 2418 754 ponendum
2454 695 2512 755 ut
2538 686 2856 741 alacriteriu
2885 702 3049 742 unum
3066 689 3454 745 convenientes
3500 688 3681 757 publi-

455 768 564 837 χῶν
616 768 755 839 μέρη
787 769 1079 845 περιιέναι,
1112 771 1205 822 καὶ
1258 772 1325 825 τὰ
1369 772 1727 842 ὑπεσχημένα
1759 774 1836 844 τῷ
1866 776 2015 829 Μου-

2125 791 2234 841 eam
2263 778 2549 839 utilitatem
2568 777 2966 848 dignoscerent,
2994 779 3095 846 ipsi
3128 794 3239 835 non
3265 779 3405 835 bene
3441 794 3566 848 erga
3587 795 3686 833 nos

456 861 590 929 ράτη
617 860 827 929 φανερὰ
853 861 1217 929 καταστῆσαι,
1258 861 1439 939 λόγοις
1464 881 1524 916 τε
1547 865 1856 934 χρήσασθαι
1875 883 2012 936 συμ-

452 952 690 1017 ϐουλίας,
727 952 800 1014 ὡς
822 951 887 1005 ἂν
917 952 1235 1023 προθύμους
1263 957 1733 1024 παρασκευάσουσι
1787 958 1925 1027 πρὸς
1953 959 2012 1011 τὸ

454 1045 606 1111 κοινῇ
638 1043 986 1109 συνελθόντας
1022 1046 1321 1115 σκέψασθαι
1353 1048 1411 1098 τὺ
1443 1050 1711 1114 συνοῖσον,
1739 1049 1799 1101 ού
1830 1048 2010 1111 καλῶς

2119 868 2295 931 aﬂ‘ecti
2332 858 2585 925 mandata
2622 868 2999 939 neglexerunt.
3037 867 3239 924 Verum
3269 869 3347 935 hi,
3372 884 3479 938 quo
3530 867 3680 922 dixi-
3724 933 3731 950 τ

2120 976 2239 1032 mus
2274 963 2454 1033 modo,
2489 962 2601 1016 sive
2627 970 2819 1030 sponte
2848 976 2943 1017 sua
2973 961 3087 1019 sive
3118 962 3170 1016 vi
3202 962 3401 1026 coacti,
3461 975 3575 1015 rem
3609 961 3681 1013 ita
3728 961 3734 969 '

2118 1063 2471 1123 peregerunt.

452 1134 588 1197 πρὸς
628 1136 773 1202 ἡμᾶς
800 1135 1154 1203 διετέθησαν,
1186 1135 1359 1201 εἷπον,
1394 1140 1733 1208 ἠμεληκότες
1788 1138 1886 1191 τοῦ
1957 1138 2350 1211 ἐπιτάγματος.
2400 1142 2546 1213 Πλὴν
2635 1144 2750 1199 ἀλλ’
2800 1140 2944 1203 οὕτω
2991 1144 3091 1213 μὲν
3161 1134 3308 1196 οὗτοι
3356 1140 3686 1211 ’πράξαντες

449 1218 733 1288 ὤφθησαν,
765 1222 862 1275 εἴτ’
897 1223 1168 1277 ἐθελονταὶ
1192 1226 1302 1278 εἴτε
1334 1231 1427 1280 καὶ
1464 1229 1711 1291 ἄκοντες

522 1314 589 1377 ζ’.
635 1316 694 1365 '0
721 1314 778 1367 δὲ
813 1317 1105 1386 Μουράτης
1135 1319 1423 1389 ἀνηνύτοις
1458 1322 1604 1376 ίδὼν.
1623 1323 1923 1392 ἐπιχειρεῖν
1952 1322 2009 1373 ὲν

450 1405 622 1472 τούτῳ
649 1405 726 1471 τῷ
755 1406 911 1474 μέρει
940 1406 1021 1475 (ού
1046 1406 1153 1475 γὰρ
1182 1404 1262 1470 οἷς
1290 1408 1486 1473 ἔξωθεν
1516 1409 1679 1479 μόνον
1711 1410 2011 1478 ἐκήρυττον

452 1497 731 1548 ἐπείθοντό
774 1514 944 1562 τινες,
995 1498 1132 1551 ἀλλὰ
1179 1499 1276 1553 καὶ
1306 1502 1527 1553 πλύνειν
1561 1500 1749 1554 τοῦτον
1790 1500 2012 1570 ὕϐρεσιν

454 1588 545 1641 ὑπ’
575 1588 904 1659 ἁϐελτηρίας
949 1590 1042 1642 καὶ
1084 1590 1283 1659 ἀλόγου
1314 1592 1652 1663 θρασύτητος
1690 1593 1789 1646 οὐκ
1818 1591 2012 1645 ἁπώκ·

454 1679 625 1747 νουν),
657 1681 751 1732 τοῦ
782 1680 954 1750 θυμοῦ
986 1697 1045 1734 τε
1076 1676 1302 1750 γέγόνεν
1330 1682 1468 1747 ὅλος,
1509 1683 1605 1736 καὶ
1648 1683 1739 1734 τὸν
1786 1682 2017 1751 στρατὸν

456 1769 759 1837 προσέταξε
797 1772 1131 1838 μεταστῆναι
1163 1774 1256 1825 καὶ
1300 1773 1432 1841 περὶ
1470 1771 1571 1839 τὴν
1603 1770 1759 1824 πόλιν
1793 1787 2019 1839 στρατο-

455 1860 840 1914 πεδεύσασθαι.
876 1863 938 1913 Oi
968 1861 1024 1914 δὲ
1068 1861 1473 1931 προσεχώρουν,
1504 1859 1712 1914 ﬁte..."
1748 1860 2017 1929 μελισσῶν

457 1951 660 2018 σμήνη,
706 1950 800 2002 τοῦ
851 1953 1121 2021 ἡμετέρου
1171 1950 1295 2005 λίαν
1343 1949 1605 2018 διψῶντες
1648 1950 1879 2017 αἵματος
1922 1948 2019 2002 καὶ

457 2041 668 2102 πάντας
722 2040 891 2109 ἄρδην
946 2043 1239 2094 καταπιεῖν
1287 2040 1618 2110 γλιχόμενοι.
1657 2040 1735 2111 Τῇ
1778 2039 1928 2093 πόλει
1961 2040 2018 2093 δὲ

456 2114 944 2215 προσεγγίσαντες,
980 2133 1074 2185 καὶ
1105 2132 1203 2195 τὰς
1235 2133 1440 2202 σκηνὰς
1474 2132 1661 2201 ῶσπερ
1692 2132 1808 2194 ἔθος
1838 2130 2017 2203 πηξά-

459 2238 633 2289 μενοι,
674 2223 828 2290 δίκην
864 2224 1127 2292 φρουρίου
1184 2225 1367 2277 πᾶσαν
1418 2223 1747 2293 περιέλαὸον
1791 2223 2017 2292 ταύτην,

457 2308 528 2370 ὡς
573 2309 828 2378 μηδαμοῦ
863 2310 1047 2379 σχεδὸν
1086 2311 1240 2362 κενὸν
1279 2309 1581 2379 ἀνθρώπων
1610 2309 1897 2378 φαίνεσθαι
1929 2309 2021 2360 τό-

457 2416 577 2453 πον.
614 2396 746 2452 Εἶτα
797 2402 923 2462 τοὺς
976 2401 1314 2469 στρατηγοὺς
1359 2402 1589 2453 ἕκαστον
1628 2402 1685 2454 ὲν
1729 2399 2022 2471 ὡρισμένῳ

458 2492 554 2559 τῆς
580 2492 784 2554 πόλεως
816 2493 973 2560 μέρει
1005 2491 1141 2560 πρὸς
1169 2492 1230 2543 τὸ
1256 2492 1516 2559 πολεμεῖν
1538 2492 1836 2556 ἀποτάξας,
1864 2490 2024 2553 αὐτὸς

458 2583 557 2645 τὰς
590 2582 725 2643 ἰδίας
752 2584 954 2651 σκηνὰς
978 2582 1206 2650 ἀντικρὺ
1238 2582 1334 2649 τῆς
1362 2582 1703 2649 ἀκροπόλεως
1729 2581 2020 2648 πήγνυσιν,

459 2672 532 2734 ὡς
569 2674 634 2725 ἂν
682 2674 888 2733 πάντας
933 2675 996 2725 ὲκ
1048 2671 1320 2741 μετεώρου
1372 2670 1551 2734 καλῶς
1600 2671 1734 2741 ὁρᾷν
1785 2671 1899 2740 ἔχοι
1933 2670 2025 2722 καὶ

462 2766 644 2817 πᾶσαν
670 2765 766 2833 τὴν
795 2765 949 2816 πόλιν
992 2765 1163 2826 ἐντός.
1216 2762 1408 2830 Ἡμεῖς
1444 2763 1499 2815 δὲ
1527 2762 1680 2815 ταῦθ’
1719 2762 2026 2831 ἑωρακότες

458 2861 553 2913 καὶ
580 2862 677 2928 τῆς
700 2857 856 2926 ἡμῶν
886 2858 1156 2926 σωτηρίας
1180 2856 1281 2915 ύπε
1293 2855 1695 2924 ραγωνίσασθαι
1719 2854 2026 2925 προθυμούι-

462 2966 612 3019 μενοι
646 2950 761 3018 (καὶ
788 2949 897 3017 γὰρ
920 2948 1038 3000 οὐδὲ
1064 2942 1130 3015 ἦν
1156 2946 1328 3009 ἄλλως
1354 2944 1522 3015 εἰκὸς)
1559 2944 1679 3012 μεθ’
1704 2937 1778 2997 ὧν
1808 2946 2026 3013 εἴχομεν

2187 1313 2493 1379 7.Murates
2524 1329 2646 1377 cum
2672 1314 2898 1373 vidisset
2923 1329 2984 1371 se
3019 1317 3120 1372 hac
3148 1316 3355 1372 ratione
3394 1332 3615 1388 operam
3633 1330 3688 1373 et
3741 1352 3743 1357 ι

2119 1408 2298 1461 oleum
2321 1407 2580 1477 perdere(
2605 1422 2778 1473 nequc
2793 1408 2937 1471 enim
2958 1408 3025 1465 iis
3047 1422 3166 1476 quae
3183 1408 3383 1467 deforis
3408 1410 3496 1464 ille
3515 1424 3688 1465 enun-

2116 1497 2530 1552 tiabatsuaderi
2568 1496 2836 1559 nonnulli,
2895 1497 3137 1563 quinimo
3186 1510 3308 1561 eum
3356 1496 3568 1565 injuriis
3630 1510 3686 1552 et

2118 1587 2422 1659 opprobriis
2438 1587 2717 1645 dementer
2732 1587 3111 1656 jactanterque
3129 1588 3391 1644 continuo
3403 1589 3680 1659 onerare),

2120 1668 2453 1744 intemperiis
2486 1676 2824 1743 insaniisque
2852 1676 3087 1745 agitatus
3116 1675 3235 1729 loco
3274 1676 3479 1743 moveri
3524 1691 3682 1732 exer-

2118 1765 2285 1821 citum
2310 1765 2546 1819 mandat.
2576 1762 2654 1817 llli
2680 1765 2938 1819 secedunt
2958 1780 3112 1835 mque
3140 1779 3201 1818 ac
3224 1779 3384 1833 apum
3408 1765 3683 1827 examina.

2119 1857 2291 1912 nostri
2319 1856 2598 1927 sanguinis
2628 1855 2785 1911 avide
2821 1856 3071 1917 sitientes
3115 1870 3415 1929 omnesque
3458 1857 3679 1924 penitus

2118 1964 2225 2013 uno
2250 1948 2448 2003 haustu
2475 1948 2739 2020 deglutire
2760 1947 3153 2007 desiderantes.
3180 1946 3282 2002 Ubi
3313 1947 3429 2003 urbi
3454 1949 3685 2018 proximi

2118 2040 2247 2094 facti
2268 2048 2414 2117 sunt,
2446 2038 2694 2094 tentoriis
2725 2055 2823 2110 pro
2849 2055 2998 2095 more
3025 2040 3146 2097 ﬁxis
3172 2040 3345 2107 instar
3381 2054 3703 2110 propugnas

2119 2131 2224 2185 culi
2250 2145 2368 2187 eam
2391 2132 2463 2185 ita
2490 2130 2902 2185 circumvallant
2929 2138 2986 2183 ut
3027 2130 3193 2184 nullis
3210 2129 3523 2191 hominibus
3541 2138 3688 2185 esset

2122 2236 2325 2277 vacuus
2354 2221 2526 2276 locus.
2554 2222 2690 2276 Tum
2706 2222 2869 2276 duces
2883 2218 3134 2292 'singulos
3165 2222 3217 2274 in
3242 2220 3557 2291 praescripta
3593 2234 3688 2273 ur-

2117 2314 2201 2369 bis
2223 2322 2377 2385 parte
2406 2313 2704 2377 destinans,
2737 2312 2964 2382 ipsesua
3014 2311 3248 2365 tentoria
3292 2311 3406 2375 arci
3458 2311 3685 2364 adversa

2121 2406 2292 2474 ponit,
2328 2413 2384 2459 ut
2413 2418 2600 2458 omnes
2623 2412 2877 2474 tanquam
2914 2403 3082 2457 eloco
3109 2401 3450 2468 sublimiore,
3478 2403 3690 2455 etinte-

2123 2497 2298 2551 riores
2328 2506 2510 2565 partes
2536 2496 2711 2559 urbis,
2729 2495 3189 2563 circumspiceret.
3217 2492 3323 2547 Nos
3345 2493 3457 2548 haec
3478 2492 3688 2557 intuiti,

2122 2602 2223 2657 pro
2245 2585 2420 2655 salute
2460 2595 2640 2640 nostra
2672 2586 2896 2639 tutanda
2925 2584 3223 2639 alacriores
3281 2582 3417 2638 facti
3466 2585 3689 2653 (neque

2125 2677 2268 2732 enim
2290 2676 2403 2731 ﬁeri
2428 2684 2638 2745 poterat
2661 2676 2815 2730 aliter
2839 2677 2889 2746 ),
2913 2674 3081 2730 armis
3101 2683 3374 2743 utcunque
3394 2685 3690 2742 suppeten-

2127 2769 2273 2824 tibus
2302 2768 2371 2823 ad
2396 2783 2614 2823 murum
2646 2781 2961 2833 accurrere,
2995 2767 3135 2821 alius
3198 2766 3363 2821 alium
3411 2766 3693 2821 celeritate

2126 2858 2498 2927 praetergredi,
2533 2857 2798 2912 adversus
2819 2866 3073 2911 externas
3088 2856 3273 2926 copias
3293 2871 3451 2926 quem
3477 2857 3690 2912 tandem

2130 2947 2289 3000 ﬁnem
2307 2946 2555 3002 habitura
2572 2955 2751 3000 essent
2767 2954 2929 3000 tantae
2953 2945 3332 3001 sollicitudinis
3345 2944 3547 3011 studia,
3572 2946 3695 3000 ani-

455 3040 635 3092 ὅπλων
669 3040 762 3090 ἐπὶ
795 3039 854 3089 τὸ
892 3038 1067 3105 τεῖχος
1113 3034 1338 3103 ὲθέομεν
1376 3033 1627 3099 ἕκαστος,
1662 3032 1819 3096 ἄλλος
1861 3031 2018 3085 ἄλλον

2131 3053 2248 3093 mos
2269 3037 2488 3093 addere.
2519 3036 2589 3092 Ut
2615 3037 2982 3105 ascendimus,
3018 3038 3107 3092 diu
3131 3045 3404 3107 noctuque
3426 3036 3500 3092 ibi
3535 3037 3692 3093 nobis

459 3131 749 3200 παρελθεῖν
782 3129 859 3197 τῷ
900 3128 1058 3197 τάχει
1095 3124 1530 3194 φιλονεικοῦντες
1576 3124 1669 3176 καὶ
1697 3119 1808 3176 οἷον
1843 3124 2023 3194 ἀνδρι-

456 3222 787 3289 ζόμενοι.....
814 3219 920 3270 τῶν
950 3219 1125 3284 ἐκτὸς,
1151 3214 1474 3282 ἀγνοοῦντες
1500 3216 1609 3284 ὅπη
1633 3216 1701 3267 τὰ
1732 3214 1831 3284 τῆς
1858 3232 2022 3268 σπου-

454 3313 551 3379 δῆς
584 3313 800 3379 ἐκείνης
843 3312 1104 3378 χωρήσει.
1159 3307 1244 3373 Ὠς
1274 3308 1317 3359 δ’
1366 3306 1642 3376 ἁνέὸημεν
1675 3306 2021 3376 διημερεύειν

456 3405 634 3456 ἐκεῖσε
668 3405 760 3455 καὶ
792 3399 1227 3470 διανυκτερεύειν
1260 3399 1598 3468 συνθέμενοι,
1626 3399 1719 3452 καὶ
1749 3397 2022 3467 διέκριναν

457 3496 605 3564 ἡμᾶς
635 3496 684 3546 oi
710 3492 1038 3562 κρατοῦντες
1079 3492 1177 3561 τῆς
1208 3492 1437 3555 πόλεως,
1465 3490 1726 3553 Λατίνους
1757 3489 1848 3542 καὶ
1890 3491 2022 3542 Ῥω-

461 3586 675 3653 μαίονς,
711 3586 805 3636 καὶ
842 3586 968 3644 τοὺς
1000 3583 1096 3653 τὴν
1125 3582 1381 3652 λῃστείαν
1425 3580 1860 3651 μετερχομένους
1897 3580 2024 3633 ἀνα-

462 3677 556 3745 μὶξ
588 3679 886 3746 στήσαντες
919 3675 997 3746 (οὐ
1027 3675 1136 3745 γὰρ
1180 3674 1455 3727 πιστεύειν
1489 3675 1621 3742 ἡμῖν
1663 3671 1916 3741 καθαρῶς
1948 3666 2026 3722 εἷ-

2125 3126 2524 3179 immorandum
2554 3140 2678 3181 esse
2705 3126 3131 3190 constituentes,
3164 3126 3258 3196 qui
3317 3125 3434 3179 urbi
3498 3125 3691 3179 mode-

2129 3218 2409 3283 rabantur,
2436 3218 2654 3273 Graecos
2679 3227 2842 3289 atque
2873 3218 3094 3273 Latinos
3127 3218 3197 3272 ita
3222 3218 3593 3272 distinxerunt
3634 3227 3692 3271 ut

2127 3313 2360 3368 medium
2389 3329 2552 3369 unum
2574 3330 2635 3367 ex
2667 3314 2734 3369 iis
2750 3314 2839 3383 qui
2863 3314 3068 3383 praedas
3084 3320 3404 3367 convectant
3447 3311 3691 3380 interpo-

2125 3414 2313 3459 nerent
2341 3420 2354 3469 ;
2382 3402 2663 3459 Taetarios
2696 3404 2883 3473 vulgus
2908 3414 3082 3470 vocat,
3123 3411 3180 3456 ut
3211 3412 3344 3457 sunt
3374 3402 3688 3472 praedonum

2125 3508 2316 3563 agmen
2354 3511 2419 3549 ex
2448 3496 2614 3550 variis
2646 3495 2960 3565 regionibus
2983 3494 3239 3550 coalitum
3270 3512 3284 3560 ;
3317 3505 3369 3548 et
3402 3494 3486 3547 his
3505 3500 3691 3547 custo-

2125 3588 2265 3641 diam
2306 3589 2723 3654 demandarunt,
2757 3590 3093 3663 planeinobis
3122 3603 3226 3643 non
3257 3588 3481 3642 lidentes
3506 3605 3521 3653 ;
3543 3601 3691 3640 mor-

2128 3684 2235 3730 tem
2259 3680 2421 3732 etiam
2454 3680 2812 3748 proditionem
2844 3680 3185 3735 meditaturis
3218 3679 3409 3733 minati
3449 3687 3598 3733 sunt.

457 3776 594 3843 χον),
624 3776 716 3824 καὶ
743 3771 968 3824 θάνατον
997 3773 1111 3833 τοῖς
1157 3774 1484 3839 φρονήσουσι
1518 3767 1813 3834 προδοσίαν
1858 3765 2189 3835 ἠπείλησαν,
2224 3773 2349 3834 τοὺς
2384 3773 2739 3842 Τζεταρίους,
2807 3773 2884 3837 ὡς
2943 3774 2975 3845 ή
3026 3774 3176 3841 κοινὴ
3247 3773 3399 3843 φωνὴ
3466 3773 3692 3833 τούτους

458 3870 644 3931 ἐκάλει
678 3867 911 3937 (λῃστῶν
949 3865 992 3918 δ’
1021 3861 1160 3936 ἦσαν
1209 3859 1355 3916 οὗτοι
1396 3861 1681 3930 σύνταγμα
1731 3862 1796 3914 ἑκ
1840 3861 2115 3933 διαφόρων
2140 3866 2322 3925 τόπων
2353 3869 2862 3939 συναθροισθέντες)
2924 3869 3170 3938 φύλακας
3227 3870 3310 3934 είς
3372 3869 3516 3923 τοῦτ’
3568 3871 3691 3923 ἑπι-

459 3965 777 4030 σῖήσαντες.
1116 4020 1121 4023 _

525 4055 599 4121 η’.
641 4056 729 4115 Ὠς
763 4047 856 4105 οὖν
890 4053 985 4105 τοῦ
1018 4050 1277 4119 πολεμεῖν
1315 4047 1662 4115 γεγενήμεθα
1701 4048 1903 4110 πάντες
1928 4050 2020 4101 καὶ

2201 4050 2255 4105 8.
2293 4048 2555 4106 Omnibus
2577 4062 2707 4117 ergo
2732 4048 2797 4102 ad
2824 4048 3169 4118 pugnandum
3201 4049 3458 4107 adversus
3481 4051 3691 4107 lrrucn-

457 4147 596 4199 κατὶι
624 4147 734 4197 τῶν
758 4144 1022 4195 ἐπιόντων
1052 4138 1419 4210 ἀνδρίζεσθαι,
1448 4138 1576 4191 ἄλλο
1598 4154 1650 4189 τι
1683 4138 1847 4191 πάλιν
1872 4139 2020 4209 παρὰ

2128 4147 2207 4192 tes
2238 4137 2419 4193 animo
2462 4136 2602 4201 virili
2646 4137 3011 4207 praesentique
3055 4141 3285 4209 paratis,
3320 4142 3463 4196 aliud
3493 4155 3691 4213 praeter

456 4239 552 4306 τὴν
590 4237 865 4306 ἡμετέραν
900 4234 1072 4303 ἐφάνη
1114 4232 1326 4301 πράξας
1357 4232 1617 4291 ὑπόνοιαν
1649 4230 1677 4281 ὁ
1703 4230 2020 4300 Μουράτηρ.

2125 4239 2369 4283 nostram
2410 4228 2875 4296 exspectationem
2911 4228 3151 4285 Murates
3210 4232 3545 4301 exsequitur.
3580 4231 3689 4289 Nos

459 4333 665 4390 Πάντες
711 4330 820 4397 γὰρ
867 4330 1028 4396 ἡμεῖς
1081 4326 1438 4389 ὑπενοοῦμεν,
1483 4325 1736 4379 τοσοῦτον
1795 4323 2020 4392 στρατὸν

2126 4317 2269 4373 enim
2305 4332 2498 4371 omnes
2532 4314 2969 4385 suspicabamur,
3021 4328 3234 4374 tantam
3268 4321 3545 4390 copiarum
3579 4337 3692 4376 tuo-

464 4423 633 4489 βαρὺν
666 4420 993 4487 θεασᾴμενοι
1042 4418 1139 4470 καὶ
1172 4413 1439 4474 τοσαύτας
1484 4414 1580 4477 τὰς
1626 4412 1923 4474 ἑλεπόλεις,
1958 4410 2020 4473 ἃς

2126 4406 2232 4460 lem
2274 4416 2327 4473 et
2373 4405 2774 4475 machinarum,
2824 4410 2974 4481 uuas
3017 4405 3311 4463 multitudo
3358 4409 3688 4464 camelorum

461 4513 520 4562 τὸ
544 4513 650 4563 τῶν
681 4510 940 4577 καμήλων
969 4507 1170 4575 πλῆθος
1206 4507 1299 4559 καὶ
1335 4504 1445 4557 τῶν
1488 4504 1719 4573 ἁμαξῶν
1766 4502 2020 4571 ὲπεκόμι-

2125 4506 2443 4552 etcurruum
2465 4498 2706 4569 quotidie
2723 4498 3046 4561 advehebat,
3068 4500 3390 4569 conspicati,
3409 4502 3585 4570 primo
3606 4503 3690 4554 sui

464 4602 553 4663 ζον
585 4601 704 4653 καθ’
734 4601 990 4667 ἑκάστην,
1025 4599 1099 4660 ὼς
1127 4599 1227 4650 οὐκ
1264 4598 1327 4650 ἂν
1373 4597 1601 4664 φθάσειε
1645 4596 1739 4648 καὶ
1779 4592 2020 4664 μανικῶς

2125 4591 2349 4660 appulsu
2384 4590 2629 4644 furenter
2661 4589 2859 4642 iratum
2914 4606 3102 4645 muros
3132 4592 3524 4662 a-ppetiturnm,
3560 4608 3689 4671 eos-

464 4693 661 4745 αύτίκα
694 4690 833 4743 κατὰ
863 4691 955 4742 τού
993 4689 1206 4758 τείχους
1237 4688 1495 4757 ὁρμήσει,
1532 4689 1715 4739 παίειν
1767 4686 1865 4755 μὲν
1898 4683 2020 4736 αύτὲ

2127 4698 2237 4751 que,
2279 4680 2512 4750 lapidum
2562 4678 2873 4735 Inanul'aclo
2930 4683 3131 4736 tonitru
3194 4683 3689 4753 diverberaturum,

466 4781 774 4850 προστάξας
807 4782 871 4847 τῇ
918 4777 1287 4847 χειροποιήτῳ
1336 4774 1429 4827 τοῦ
1463 4775 1612 4827 λίθου
1647 4775 1869 4845 βροντῇ,
1902 4774 2020 4834 τοὺς

2130 4788 2230 4827 nec
2275 4788 2382 4827 non
2432 4783 2487 4825 et
2532 4787 2694 4841 supra
2729 4786 2917 4827 muros
2954 4782 3166 4828 stantes
3200 4775 3409 4844 sagittis
3442 4776 3693 4844 impulsis

463 4873 508 4924 δ’
538 4871 744 4924 ἄνωθεν
775 4870 1006 4922 κωλύειν
1050 4869 1148 4934 τῆς
1182 4867 1275 4919 ἐπὶ
1306 4866 1411 4918 τῶν
1442 4865 1639 4933 τειχῶν
1675 4866 1915 4928 στάσεως
1944 4864 2020 4916 διὰ

2132 4866 2483 4929 dimeturum,
2532 4864 2928 4934 machinasque
2961 4880 3151 4920 omnes
3199 4866 3265 4919 ad
3303 4867 3491 4922 urbem
3544 4872 3694 4924 exci-

463 4963 571 5014 τῶν
600 4962 909 5028 ἀφιεμένων
946 4957 1139 5027 βελῶν,
1174 4957 1269 5009 καί¹
1303 4957 1466 5007 παντὶ
1507 4958 1859 5023 μηχανήματι
1897 4954 2020 5022 πρὸς

2133 4955 2363 5010 dendam
2400 4963 2807 5024 usurpaturum.
2840 4956 3037 5010 Verum
3078 4956 3166 5011 hic
3204 4959 3280 5012 nil
3329 4960 3434 5015 tale
3464 4969 3695 5017 conatus

463 5053 523 5104 τὸ
554 5052 833 5119 κρατῆσαι
870 5047 1176 5118 κεχρῆσθαι
1219 5046 1319 5112 τῆς
1364 5046 1583 5107 πόλεως.
1627 5048 1684 5097 '0
1719 5046 1773 5097 δὲ
1824 5043 2020 5096 τούτων

2132 5060 2233 5112 est,
2274 5048 2370 5102 sed
2405 5062 2595 5115 parum
2641 5056 3030 5118 percunctatus
3070 5067 3346 5118 praecones
3379 5069 3566 5110 rutsus
3600 5055 3695 5108 de-

466 5144 564 5211 μὲν
592 5142 791 5205 ἕξειξεν
825 5142 997 5201 οὐδὲν,
1029 5139 1221 5209 μικρὸν
1251 5138 1295 5189 δ’
1322 5139 1602 5207 ἡσυχάσας
1635 5137 1727 5188 καὶ
1750 5137 1848 5205 τὴν
1873 5136 2027 5188 πόλιν

464 5235 654 5302 κύκλῳ
689 5230 1159 5301 περιϐλεψάμενος
1193 5230 1445 5299 κήρυκας
1486 5227 1578 5280 καὶ
1618 5222 1772 5289 αὖθις
1799 5226 2029 5296 ἐξέπεμ-

460 5324 581 5390 ψεν,
617 5322 934 5391 ἐλευθερίαν
965 5322 1097 5391 ἡμῖν
1127 5321 1558 5387 ὑπισχνούμενος
1589 5319 1684 5369 καὶ
1714 5318 2022 5388 φιλοτιμίας

466 5418 679 5485 ἐτέρας,
711 5417 821 5478 τοῖς
850 5415 982 5483 παρ’
1008 5413 1192 5475 αὐτοῖς
1240 5411 1399 5463 ταυτὶ
1431 5409 1786 5479 πιστούμενος
1818 5411 2022 5479 ὅρκοις,

462 5509 514 5558 εί
545 5506 642 5577 τὴν
680 5507 833 5559 πόλιν
867 5504 1175 5575 προοίμεθα
1202 5505 1313 5567 τοῖς
1348 5501 1539 5555 τούτου
1570 5502 1747 5569 λόγοις
1778 5501 2026 5557 πεισθέν-

464 5616 579 5663 τες,
629 5600 724 5653 καὶ
772 5598 1030 5653 τάναντία
1090 5596 1254 5652 πάλιν
1310 5595 1491 5651 αὐτῶν
1546 5597 1875 5667 προσετίθει,
1935 5599 2028 5651 καὶ
2070 5598 2429 5667 χαλεπὼτςρα

466 5710 675 5764 γεν.....

2133 5140 2332 5203 cernit,
2369 5138 2458 5207 qui
2487 5138 2642 5192 nobis
2672 5137 2980 5193 libertatem
3013 5142 3421 5211 paciscerentur
3451 5144 3695 5213 aliosque

2128 5230 2365 5285 honores
2390 5228 2764 5298 jurejurando,
2798 5240 2854 5284 ut
2887 5232 3025 5299 apud
3052 5232 3199 5302 ipsos
3225 5234 3342 5288 ﬁeri
3379 5245 3546 5299 amat,
3580 5235 3688 5305 pol-

2133 5322 2446 5385 licerentur,
2480 5322 2524 5375 si
2558 5324 2902 5377 scrmonibus
2935 5322 3081 5379 illius
3118 5326 3266 5380 suasi
3305 5327 3492 5381 urbem
3530 5327 3690 5381 dede-

2134 5428 2359 5467 remus:
2405 5413 2488 5467 his
2542 5415 2815 5468 contraria
2848 5413 3136 5481 subde-bat,
3179 5418 3454 5484 multaque
3491 5415 3673 5485 pejora

2134 5506 2177 5557 si
2215 5507 2348 5560 totis
2380 5506 2496 5560 suis
2526 5521 2632 5559 non
2664 5508 3176 5562 obsecundarenxus.

2507 5598 2732 5667 τούτων,
2794 5602 2839 5655 εἰ
2884 5600 2957 5669 μὴ
3004 5598 3353 5661 καταπειθεῖς
3431 5600 3484 5651 iv
3525 5598 3692 5659 τούτιι·
