4096 6300
465 288 563 349 599

1643 311 1965 373 JUANNIS
2011 320 2477 383 ANAGNOST/E

3567 340 3683 400 600

528 402 634 456 Sed
665 418 786 457 cum
817 405 919 459 huc
945 412 1306 479 pervenerim,
1339 416 1524 482 paucis
1556 424 1889 492 compellabo
1919 429 2017 482 hu-

2166 496 2169 497 ν
2205 433 2343 484 Ἀλλ’
2371 435 2601 489 ἐνταῦθα
2637 437 2833 506 μικρὸν
2864 438 3134 509 ἐρήσομαι
3168 440 3289 504 τοὺς
3318 447 3701 513 κατηγοροῦν-

463 512 542 558 tus
593 496 892 553 alteriusve
940 502 1369 561 insimulatores.
1419 507 1652 566 Ubinam
1702 518 1870 573 eratis
1901 534 2020 584 vos,

463 599 584 638 cum
612 586 723 642 haec
752 587 988 645 Murates
1011 592 1317 650 offerebat?
1338 597 1527 656 Nonne
1553 602 1604 656 in
1638 605 1791 670 urbe,
1826 615 1878 661 et
1924 624 2023 664 ve-

462 678 590 729 stris
623 691 685 730 ea
726 679 948 735 auribus
964 674 1311 750 usurpastis?
1339 688 1454 752 Qua
1489 690 1655 759 igitur
1686 695 1897 750 ratione
1928 711 2019 752 co-

461 764 646 831 gitatis
679 766 761 820 usi
798 783 900 823 non
930 771 1064 825 estis
1089 772 1113 825 ?
1143 772 1343 841 Quare,
1373 776 1443 834 de
1473 780 1667 848 quibus
1700 783 1835 841 alios
1863 785 2019 841 incu-

459 856 596 909 satis
643 858 785 925 quod
815 874 922 915 non
972 862 1222 932 fecerint,
1257 881 1353 922 vos
1398 870 1529 939 ipsi,
1562 874 1848 929 occasione
1890 884 2055 945 pre-"

459 958 641 1005 mente
686 962 741 1006 et
788 953 938 1008 nullo
983 955 1331 1024 impediente,
1374 977 1480 1017 non
1530 964 1879 1032 perfecistis?
1908 979 2017 1025 tum

460 1043 605 1096 enim
647 1044 825 1099 nullus
851 1059 1046 1114 pastor
1084 1058 1198 1105 erat
1230 1052 1490 1123 (namque
1519 1065 1646 1113 ante
1676 1073 1769 1114 sex
1803 1076 2018 1117 menses

455 1132 602 1187 inter
638 1135 789 1191 vivos
811 1152 932 1194 esse
953 1140 1236 1213 desierat),
1267 1161 1366 1201 nec
1393 1148 1526 1202 dirae
1555 1165 1727 1219 neque
1752 1153 1877 1221 alia,
1901 1168 2020 1222 quae

396 1212 401 1223 ’
458 1242 553 1279 vos
576 1232 871 1283 recensetis
902 1241 955 1286 et
985 1247 1080 1299 per
1099 1235 1295 1302 digitos
1321 1248 1509 1294 exacte
1529 1212 2021 1310 Dllllieralis.'Q-tlid

458 1320 626 1389 igitur
648 1323 801 1378 vobis
827 1323 1211 1391 impedimento
1240 1330 1359 1395 fuit,
1384 1340 1477 1385 aut
1508 1333 1661 1401 cujus
1691 1350 1826 1404 opus
1854 1353 2020 1392 even-

459 1413 587 1466 tus?
615 1412 845 1481 Nullius,
875 1418 1101 1485 quilibet
1146 1423 1495 1489 respondebit
1525 1426 1612 1494 pie
1646 1442 1757 1482 rem
1794 1443 2020 1500 compu-

459 1516 604 1571 tans,
636 1521 800 1576 quam
840 1518 1043 1564 nostra;
1083 1511 1475 1581 improbitatis,
1502 1532 1622 1585 quae
1645 1518 1713 1571 ab
1741 1519 2019 1576 iracundia

460 1596 695 1650 liberum
731 1598 895 1653 Deum
929 1602 984 1654 in
1035 1602 1368 1664 iracundiam
1406 1608 1596 1672 movit,
1644 1618 1698 1662 et
1740 1612 1807 1665 ad
1848 1612 2020 1667 nostri

459 1689 823 1754 punitionem,
869 1693 961 1760 qui
995 1693 1302 1751 incorrecte
1336 1698 1589 1765 labimur,
1630 1703 1911 1767 excitavit,
1961 1714 2021 1759 ut

459 1781 527 1831 ad
562 1783 925 1851 nosmetipsos
963 1785 1251 1842 redeuntes
1303 1792 1358 1844 in
1406 1802 1684 1860 posterum
1723 1795 2020 1864 sapiamus.

458 1870 621 1935 Quod
653 1872 697 1925 si
730 1872 854 1941 quis
882 1885 1134 1932 anteacta
1186 1887 1427 1949 tempora
1464 1898 1897 1940 commemorans
1926 1888 2029 1943 ite-

460 1980 579 2017 rum
620 1966 776 2022 nobis
823 1980 1079 2039 opponat,
1120 1980 1175 2026 et
1221 1975 1428 2042 pastori
1477 1992 1695 2033 causam
1745 1980 2021 2050 appiugat,

459 2058 552 2125 qui
600 2059 798 2113 dedere
851 2075 911 2115 se
962 2063 1291 2130 volentibus,
1346 2070 1617 2123 sententia
1664 2071 1826 2125 etiam
1876 2072 2022 2136 data,

461 2152 814 2220 contradixit,
858 2154 1178 2211 insanientis
1214 2159 1569 2227 cogitationes
1616 2163 1863 2229 suscipit.
1909 2162 2026 2217 Pri-

465 2258 614 2295 mutn
661 2244 803 2297 enim
853 2260 958 2300 non
992 2246 1217 2302 addecet
1254 2250 1568 2319 pontiﬁcem
1608 2268 1788 2308 rerum
1830 2254 2027 2309 milita-

458 2336 607 2411 rium
644 2349 796 2400 cura,
824 2345 878 2391 et
901 2338 1043 2391 lmnc
1071 2340 1287 2407 quidem
1315 2348 1667 2409 tyrannorum
1704 2358 1855 2400 more
1878 2346 2027 2413 prin-

470 2426 651 2493 εῑρςιιιι
678 2424 899 2495 pellere,
933 2426 1080 2482 illum
1108 2438 1293 2484 contra
1326 2432 1379 2485 in
1401 2433 1798 2501 possessionem
1825 2434 2029 2490 immit-

471 2524 607 2581 tere,
626 2528 675 2580 et
702 2519 1059 2573 mutationum
1083 2534 1146 2574 ac
1172 2522 1398 2577 caedium
1424 2538 1524 2578 nec
1546 2540 1650 2579 non
1678 2526 2020 2592 damnorum,

463 2624 607 2676 quae,
649 2610 773 2662 dum
804 2625 985 2665 rerum
1023 2620 1199 2668 status
1229 2615 1573 2682 immutatnr,
1608 2618 1884 2682 eveniunt,
1924 2633 2024 2672 au-

464 2711 830 2754 ctnretnesse
864 2716 879 2754 :
927 2716 1099 2771 neque
1127 2704 1268 2758 enim
1307 2706 1420 2772 ipse
1454 2708 1505 2759 in
1541 2701 1905 2777 tyrannicum,
1930 2709 2023 2764 sed

443 2791 517 2844 in
551 2793 903 2857 sacerdotale,
935 2802 988 2847 et
1038 2796 1181 2848 mitis
1232 2797 1467 2862 Domini,
1501 2807 1555 2852 et
1584 2801 1674 2867 qui
1705 2816 1889 2869 pacem
1928 2801 2024 2855 de-

465 2883 805 2950 praedicavit,
836 2884 995 2953 cujus
1017 2887 1259 2954 vestigiis
1289 2889 1537 2943 insistere
1569 2892 1745 2945 modis
1771 2892 2024 2947 omnibus

465 2984 519 3026 et
556 2974 701 3028 dicta
740 2974 988 3044 factaque
1015 2979 1165 3045 sequi
1201 2979 1382 3047 debet,
1413 2983 1604 3036 solium
1648 2993 2018 3051 promovetur.

2123 540 2220 584 τας
2264 525 2357 577 τοῦ
2399 526 2564 589 δεῖνος
2605 528 2701 581 καὶ
2737 528 2836 597 τῆς
2874 528 3066 592 δεῖνος.
3102 531 3210 584 Ποῦ
3252 533 3372 586 ποθ’
3406 536 3567 601 ὑμεῖς
3591 534 3699 607 ἦτε

2121 613 2201 666 ὅθ’
2247 616 2274 667 ό
2320 615 2619 687 Μουράτης
2666 618 2734 671 τὰ
2781 619 3005 673 τοιαῦτα
3040 621 3346 690 ὑπέσχετο;
3395 625 3496 677 οὐκ
3527 627 3585 679 ἐν
3614 604 3696 698 τῇ
3746 604 3779 633 ’

2122 706 2298 770 πόλει,
2322 708 2414 758 καὶ
2445 708 2708 777 αὐτήκοοι
2734 709 2843 761 τῶν
2871 714 3330 780 κηρυττομένων;
3364 715 3481 779 πῶς
3508 716 3544 769 ἃ
3574 718 3692 770 διε-

2122 793 2357 857 νοεῖσθε,
2380 795 2480 848 οὐκ
2511 796 2593 858 είς
2617 796 2791 865 πέρας
2823 798 3097 866 ἠγάγετες
3128 799 3245 860 πῶς
3266 800 3358 852 οὖν
3388 803 3487 854 οὐκ
3518 804 3694 874 ἐχρή-

2124 886 2287 937 σασθε
2316 884 2393 947 τῷ
2428 884 2715 955 λογισμῷ;
2751 886 2865 948 πῶς
2892 888 2927 941 a
2960 886 3069 940 τῶν
3099 888 3273 943 ἄλλων
3329 896 3691 959 κατηγορεῖτε

2124 974 2199 1041 μὴ
2234 976 2615 1044 πεπραχότων,
2651 977 2809 1045 ὑμεῖς
2863 978 2962 1030 οὐκ
3010 978 3316 1047 ἐπράξατε,
3341 980 3535 1049 καιροῦ
3584 999 3690 1033 κα-

2119 1060 2345 1125 λοῦντος
2383 1065 2479 1117 καὶ
2516 1065 2627 1118 τῶν
2660 1067 3038 1134 ἀπειργόντων
3069 1068 3170 1119 οὐκ
3197 1068 3398 1133 ovum;
3428 1071 3547 1122 τότε
3576 1071 3692 1137 γὰρ

2121 1156 2327 1224 ποιμὴν
2359 1156 2456 1208 οὐκ
2492 1152 2559 1225 ἦν
2600 1157 2798 1225 (μῆνας
2849 1158 2957 1224 γὰρ
3009 1153 3157 1226 εἶχεν
3207 1158 3267 1222 ἐξ
3306 1162 3594 1227 γενόμενος
3630 1163 3697 1225 ἐξ

2120 1245 2447 1314 ἀνθρώπων)
2496 1247 2617 1299 οὐδὲ
2651 1248 2803 1316 ἀραὶ,
2850 1249 2963 1300 οὐδ’
2993 1250 3072 1300 ὄσ’
3120 1248 3264 1317 ἕτερ’
3295 1251 3691 1319 ἀπαριθμεῖτε.

2124 1336 2189 1388 Τί
2215 1336 2397 1388 λοιπὸν
2428 1337 2488 1388 τὸ
2536 1336 2787 1389 κωλῦσαν
2816 1338 2957 1406 ὑμᾶς
2988 1334 3094 1409 ἦν;
3129 1340 3160 1409 ἢ
3196 1340 3341 1401 τίνος
3388 1342 3548 1408 ἔργον
3589 1343 3693 1395 ὅσα

2126 1426 2476 1495 συμὸέὸηκεν
2505 1444 2520 1492 ;
2556 1427 2801 1492 Οὐδενὸς,
2824 1430 2932 1490 πᾶς
2956 1447 3039 1491 τις
3079 1430 3143 1483 ἂν
3170 1431 3312 1483 εῐποι
3345 1430 3694 1500 λογιζόμενος

2123 1516 2385 1579 εὐσεϐῶς,
2413 1518 2444 1586 ἦ
2472 1520 2569 1586 τῆς
2598 1518 2757 1586 ἡμῶν
2788 1520 3064 1588 ἁμαρτίας
3100 1520 3333 1572 ἑκάστου
3359 1522 3449 1573 τὸν
3484 1523 3690 1591 ἀόργη-

2124 1623 2216 1658 τον
2255 1607 2335 1669 είς
2363 1606 2536 1676 ὀργὴν
2578 1608 2702 1661 καθ’
2729 1609 2888 1678 ἡμῶν
2924 1611 3244 1680 κινησάσης,
3275 1613 3523 1665 παιδείαν
3553 1615 3690 1681 ἡμῖν

2124 1698 2444 1765 ἐπενεγκεῖν
2484 1699 2766 1751 πταίουσιν
2814 1700 3140 1769 ἀδιόρθωτα,
3176 1703 3261 1755 ἵνα
3312 1703 3442 1771 γοῦν
3481 1704 3693 1756 ἑαυτῶν

2125 1789 2411 1857 γενόμενοι
2440 1790 2531 1841 καὶ
2559 1790 2652 1841 τοῦ
2684 1789 2874 1843 λοιποῦ
2908 1794 3372 1862 σωφρονήσωμεν.
3418 1795 3480 1846 Ei
3520 1796 3575 1848 δέ
3608 1811 3695 1856 τις
3788 1864 3789 1869 η

2124 1881 2235 1932 τῶν
2276 1884 2406 1947 πρὶν
2461 1880 2933 1947 ἀπομνημονεύων
2983 1885 3189 1949 χρόνων
3224 1885 3318 1935 καὶ
3369 1884 3529 1938 πάλιν
3560 1887 3693 1952 ἡμῖν

2124 1966 2403 2037 ἀντιλέγῃ,
2449 1967 2543 2019 καὶ
2587 1969 2664 2036 τῷ
2700 1970 2918 2036 ποιμένι
2965 1968 3067 2036 τὴν
3122 1971 3303 2023 αίτὶαν
3348 1973 3551 2042 ἐπάγῃ,
3579 1977 3695 2035 τοῖς

2127 2057 2478 2127 προδεδόσθαι
2501 2056 2749 2109 ἐθέλουσι
2777 2058 2851 2127 μὴ
2878 2060 2945 2111 τὰ
2974 2060 3063 2114 ίσα
3089 2063 3419 2128 φρονήσαντι
3448 2064 3542 2116 καὶ
3568 2064 3689 2132 βου-

2124 2150 2464 2219 λευσαμένῳ,
2503 2151 2829 2218 μεμηνότος,
2867 2146 3043 2220 οἶμαι,
3080 2153 3339 2222 κέκτηται
3369 2154 3691 2223 λογισμούς.

2126 2240 2351 2309 Πρῶτον
2391 2240 2490 2308 μὲν
2540 2241 2648 2308 γὰρ
2698 2242 2756 2293 οὐ
2793 2242 2886 2294 τοῦ
2937 2244 3217 2312 σχήματος
3256 2246 3350 2297 τοῦ
3392 2247 3697 2317 ἀρχιερέως

2128 2330 2510 2399 στρατηγικῶν
2544 2333 2889 2400 πραγμάτων
2918 2334 3444 2404 ἀντιλαμϐάνεσθαι,
3483 2340 3576 2391 καὶ
3603 2340 3694 2391 τὸν

2128 2420 2225 2487 μὲν
2252 2420 2588 2489 τυραννικῶς
2617 2420 2837 2486 ἐξωθεῖν
2869 2422 2969 2489 τῆς
3002 2425 3202 2495 ἀρχῆς,
3230 2427 3320 2479 τὸν
3350 2428 3406 2480 δέ
3440 2430 3694 2483 ἀντεισά-

2126 2526 2268 2575 γειν,
2296 2512 2389 2564 καὶ
2415 2513 2761 2580 πραγμάτων
2790 2514 2884 2564 καὶ
2914 2516 3076 2582 φόνου
3098 2518 3192 2568 καὶ
3223 2516 3457 2586 ζημιῶν,
3491 2520 3695 2571 τούτων

2125 2605 2187 2671 δὴ
2210 2605 2320 2656 τῶν
2352 2605 2408 2655 ἐν
2430 2606 2550 2665 ταῖς
2577 2604 2898 2672 ἐναλλαγαῖς
2919 2607 3029 2659 τῶν
3052 2608 3236 2676 ἀρχῶν
3262 2626 3325 2659 συ
3334 2610 3693 2676 μὸαινόντων.

2127 2694 2301 2746 αίτιον
2329 2693 2660 2749 δείκνυσθαι.
2696 2696 2771 2748 Οὐ
2805 2697 2911 2765 γὰρ
2957 2698 3049 2749 ἐπὶ
3102 2698 3289 2768 θρόνον
3332 2702 3495 2753 αὐτὸν
3541 2705 3699 2755 καθί-

2126 2785 2281 2846 ζουσι
2331 2786 2679 2854 τυραννικὸν,
2728 2787 2844 2840 ἀλλ’
2884 2790 2979 2841 ἐπὶ
3019 2790 3207 2860 θρόνον
3258 2794 3551 2862 ἱερατικδν,
3601 2797 3696 2850 καὶ

2127 2877 2407 2928 Δεσπότου
2443 2878 2646 2944 πραέος
2683 2879 2777 2931 καὶ
2828 2881 3049 2952 εἰρήνην
3077 2884 3408 2949 διδάξαντος.
3461 2888 3567 2940 Καὶ
3617 2888 3698 2940 δεῖ

2129 2967 2320 3021 τοῦτον
2351 2970 2415 3022 ἐκ
2443 2971 2644 3033 παντὸς
2674 2972 2878 3041 τρόπου
2912 2976 3222 3042 μιμεῖσθαι,
3257 2977 3349 3028 καὶ
3390 2978 3567 3046 λόγοις
3600 2981 3694 3033 ἐ...

460 3062 727 3133 Deinceps
758 3066 884 3135 qttid
916 3066 1003 3120 ille
1032 3068 1249 3123 molitus
1281 3072 1404 3125 est?
1435 3074 1513 3126 An
1549 3072 1690 3142 quod
1723 3075 1775 3127 in
1812 3075 2019 3144 legibus

2133 3061 2226 3111 καὶ
2259 3059 2597 3129 πράγμασιν.
2626 3062 2924 3117 Ἔπειτα...
2957 3065 3097 3135 ὅπερ
3131 3066 3430 3137 είργαστο;
3472 3072 3551 3123 ὅτι
3584 3076 3698 3134 τοῖς

462 3157 666 3211 divinis
696 3158 991 3225 perdurare
1024 3163 1433 3227 adhortabatur,
1474 3178 1578 3218 non
1614 3180 1642 3219 a
1690 3167 2024 3235 principibus

462 3246 896 3309 dest-iscendum,
929 3262 1064 3315 quos
1082 3250 1243 3302 veluti
1280 3266 1308 3302 a
1341 3250 1451 3305 Deo
1484 3264 1758 3321 promotos
1785 3267 2020 3307 exoscu-

462 3339 677 3391 landum
700 3353 819 3393 esse
851 3339 1118 3394 docebat?
1147 3341 1208 3394 Et
1232 3350 1407 3395 tamen
1432 3344 1482 3397 in
1511 3344 1642 3413 quid
1668 3344 1812 3398 aliud
1844 3344 1917 3397 illi
1946 3344 2027 3397 in-

458 3430 816 3485 cumbeudum
870 3440 1009 3493 erat,
1032 3431 1118 3484 cui
1172 3432 1475 3486 mortalium
1522 3434 1714 3487 anima:
1736 3448 1830 3502 per
1859 3433 2028 3488 Deum

459 3533 616 3574 erant
640 3521 1005 3576 concreditae?
1028 3523 1378 3577 Nihilominus
1412 3523 1518 3589 ille,
1537 3525 1637 3578 hoc
1660 3524 1821 3578 modo
1849 3524 2029 3593 dispo-

460 3608 746 3674 sizus,fere
772 3611 995 3680 singuli:-
1021 3612 1176 3666 annis
1208 3612 1275 3668 ab
1295 3613 1428 3668 urbe
1457 3616 1712 3669 recedere
1746 3616 1952 3669 volebat
1976 3624 2030 3668 et

462 3701 516 3753 in
552 3702 784 3767 patriam
814 3704 1187 3767 reverti,forte
1217 3713 1275 3759 ut
1306 3720 1402 3759 nos
1422 3716 1599 3760 nostra
1626 3720 2023 3761 accuraremus.

467 3789 573 3844 Sed
611 3807 784 3861 neque
817 3794 916 3847 hac
952 3795 1162 3849 ratione
1205 3796 1346 3864 passi
1376 3797 1529 3851 estis.
1574 3796 1651 3850 Ita
1681 3804 1862 3851 mente
1889 3811 2019 3851 non-

463 3886 596 3937 nulli
630 3885 834 3951 praediti
866 3896 1030 3952 sunt,
1078 3901 1197 3955 qua:
1242 3903 1365 3942 cum
1397 3888 1640 3955 quolibet
1670 3889 2022 3942 mutationem

463 3976 732 4030 subeunte
782 3992 901 4031 sese
937 3972 1184 4032 itnniutat
1230 3989 1284 4033 et
1319 3982 1505 4033 variat.
1548 3978 1653 4034 Sed
1702 3980 1793 4048 qui
1822 3979 2019 4033 similia

464 4064 766 4131 proferunt,
819 4069 1081 4123 rationem
1118 4071 1301 4123 animo
1332 4072 1553 4138 agitent,
1606 4086 1711 4139 qua
1745 4083 1809 4123 ea
1853 4084 2023 4124 enun-

463 4161 642 4226 tiant;
672 4172 772 4214 nos
807 4175 933 4215 vero
978 4162 1045 4214 ad
1079 4164 1412 4232 propositum
1455 4155 1811 4219 revertamur.

535 4427 589 4480 9.
639 4426 775 4481 Cum
826 4442 954 4481 vero
1005 4428 1107 4481 alia
1145 4440 1307 4495 atque
1336 4428 1440 4480 alia
1492 4429 1630 4490 vice,
1685 4426 1828 4496 quod
1860 4441 2022 4495 supra
2058 4431 2104 4491 υ

465 4522 1038 4584 commemoravimus,
1076 4522 1316 4575 Murates
1370 4521 1691 4590 peregisset,
1736 4520 2028 4588 missisque

470 4633 591 4669 cum
622 4616 835 4685 sagittis
874 4617 928 4668 in
964 4614 1153 4668 urbem
1186 4614 1431 4683 plurimis
1467 4611 1685 4675 litteris,
1724 4613 1934 4674 eadem,
1975 4620 2031 4666 et

473 4710 634 4763 simili
662 4707 1038 4780 jurejurando,
1063 4707 1503 4762 denuntiantibus
1526 4720 1590 4760 ac
1611 4704 2028 4768 stabilientibus,

468 4803 602 4855 nihil
656 4804 945 4868 proliceret
975 4800 1171 4871 (neque
1206 4800 1348 4854 enim
1384 4797 1611 4851 facultas
1643 4805 1761 4850 erat
1799 4796 2032 4860 civibus,

466 4894 685 4948 etiamsi
719 4894 1044 4959 voluissent,
1075 4892 1416 4953 Latinorum,
1451 4898 1507 4943 et
1528 4890 1839 4957 praedonum
1862 4886 2031 4955 potis-

465 4988 665 5041 simum
700 4984 1021 5037 adstantium
1046 4982 1572 5049 custodientiumque
1602 4976 1769 5041 met'u,
1794 4992 1887 5031 sua
1910 4991 2036 5030 sen-

477 5077 648 5131 tentia
683 5076 948 5143 intrepide
973 5077 1096 5143 uti),
1132 5076 1197 5128 ad
1234 5076 1431 5128 bellum
1477 5074 1677 5128 invitus
1705 5070 2029 5137 accingitur,

479 5187 583 5223 non
629 5175 836 5220 tantum
869 5167 1207 5219 contumacia
1238 5175 1399 5235 atque
1427 5164 1773 5219 contentione
1818 5160 2033 5214 inhabi-

478 5264 714 5317 tantium
745 5267 924 5314 motus
945 5266 1200 5327 quantum
1228 5257 1534 5311 istiusmodi
1564 5267 1842 5308 successu.
1867 5250 2034 5304 Navis

474 5365 695 5424 repente
725 5349 1035 5419 comparuit
1058 5347 1270 5410 Latina,
1309 5346 1577 5400 frumento
1596 5352 1811 5406 onusta,
1843 5342 1909 5395 ad
1940 5356 2034 5393 ur-

469 5446 591 5499 Ιιυιη
652 5444 886 5514 indigam
921 5439 1276 5507 adnavigans.
1312 5437 1503 5489 Statim
1537 5446 1697 5503 atque
1729 5450 1847 5488 eam
1876 5433 2031 5498 vidit,

472 5537 786 5607 auspicatur
829 5535 1014 5603 copias
1044 5531 1337 5586 auxiliares
1366 5537 1419 5581 et
1448 5544 1601 5581 arma
1628 5542 1724 5596 pro
1756 5525 2033 5581 bellatori-

472 5628 576 5681 hus
598 5662 599 5665 η
624 5627 785 5690 vehi;
823 5626 994 5694 deque
1027 5620 1252 5675 victoria
1302 5618 1513 5682 dubius,
1562 5618 1604 5670 si
1636 5618 2035 5671 commilitones

476 5721 974 5783 ίιιιτυίιυεει-ειιιωσ,
1031 5714 1156 5771 totis
1198 5708 1501 5765 conandum
1553 5722 1671 5763 esse
1722 5709 1929 5765 viribus
1982 5721 2035 5763 et

2133 3149 2227 3201 τοῦ
2267 3150 2401 3203 Θεοῦ
2453 3151 2638 3219 νόμοις
2685 3153 2946 3222 ἐμμένειν
2994 3157 3247 3227 παρῄνει,
3292 3163 3383 3213 καὶ
3416 3161 3512 3229 τὴν
3545 3163 3698 3214 εὐσέ-

2135 3244 2289 3295 ϐειαν
2326 3244 2672 3299 συνεϐούλευε
2725 3248 2801 3316 μὴ
2851 3249 3115 3317 προέσθαι
3143 3270 3157 3316 ;
3211 3252 3294 3305 ὅτι
3342 3253 3416 3322 μὴ
3467 3255 3695 3318 κατεξα-

2136 3332 2418 3386 νίστασθαι
2448 3333 2556 3386 τῶν
2587 3337 2886 3403 ἀρχόντων,
2929 3338 3063 3390 ἀλλά
3106 3340 3331 3403 τούτους
3359 3345 3429 3404 ὼς
3470 3345 3529 3395 ἐκ
3555 3343 3688 3393 Θεοῦ

2136 3423 2542 3492 προὸληθέντας
2592 3428 2841 3479 ἐδίδασκε
2879 3429 3164 3497 στέργειν;
3212 3432 3306 3483 καλ¹
3356 3432 3407 3484 τί
3452 3448 3512 3496 γε
3556 3432 3682 3484 ἀλλο

2136 3515 2414 3585 προσῆκεν
2444 3519 2653 3588 ἐκείνῳ,
2688 3520 2865 3589 ψυχὰς
2895 3521 3201 3591 ἀνθρώπων
3237 3525 3371 3594 πρὸς
3407 3522 3535 3575 Θεοῦ
3564 3539 3685 3575 πισ-

2134 3606 2378 3660 τευθέντι
2399 3625 2413 3673 ;
2435 3609 2631 3679 Ὅμως
2651 3611 2859 3673 ἐκεῖνος
2886 3613 2980 3664 καὶ
3003 3612 3173 3676 οὕτως
3203 3613 3339 3682 ἔχων
3359 3616 3439 3681 ἐφ’
3465 3615 3689 3668 ἑκάστου

2135 3698 2320 3766 σχεδὸν
2356 3698 2513 3761 ἔτους
2556 3700 2707 3769 ἠξίου
2768 3703 2865 3770 τὴν
2910 3701 3065 3756 πόλιν
3106 3703 3393 3756 ἀπολιπεῖν
3427 3705 3521 3756 καὶ
3560 3706 3693 3771 πρὸς

2132 3789 2231 3858 τὴν
2254 3789 2625 3860 ἐνεγκαμένην
2650 3792 2928 3859 γενέσθαι,
2963 3793 3094 3856 ἴσως
3120 3794 3188 3845 ἵν’
3215 3797 3376 3862 ἡμεῖς
3403 3795 3544 3865 ὑπὲρ
3568 3798 3694 3848 ἐαυ-

2131 3879 2240 3930 τῶν
2272 3880 2662 3949 φροντίσωμεν.
2703 3881 2843 3933 Ἀλλ’
2869 3882 2976 3935 οὐδ’
3008 3883 3176 3945 οὕτως
3205 3885 3513 3953 ἠνείχεσθε.
3539 3885 3695 3939 Οὕτω

2130 3969 2358 4038 γνώμης
2413 3970 2558 4033 τινὲς
2610 3974 2983 4042 τετυχήκεσαν
3038 3975 3175 4044 πρὸς
3234 3978 3346 4028 πᾶν
3403 3977 3580 4030 ὁτιοῦν
3633 3977 3693 4029 τὸ

2133 4059 2364 4128 τρεπτὸν
2405 4061 2746 4130 κεκτημένης
2792 4065 2885 4115 καὶ
2939 4064 3537 4134 συμμεταὸαλλομένης
3586 4066 3698 4126 τοῖς
3782 4052 3796 4067 ⁸

2134 4152 2344 4218 καιροῖς
2372 4152 2458 4227 καὶ
2484 4154 2593 4212 τοῖς
2623 4153 2966 4222 πράγμασιν.
3007 4154 3150 4206 Ἀλλ’
3174 4157 3221 4206 ol
3254 4156 3352 4223 μὲν
3376 4156 3443 4207 τά
3474 4144 3707 4208 τοιαῦτα

2136 4242 2312 4307 λέγειν
2354 4242 2667 4312 ὁρμώμενοι
2707 4244 3018 4311 λογίσαιντό
3059 4262 3259 4299 ποτε...
3301 4248 3464 4317 ἡμεῖς
3501 4246 3559 4299 δὲ
3591 4246 3698 4300 τῶν

2138 4334 2512 4401 προκειμένων
2533 4334 2787 4402 ἐχόμεθα.

2208 4423 2273 4478 θ’.
2312 4423 2532 4490 Πρῶτον
2565 4424 2659 4475 καὶ
2703 4424 2958 4495 δεύτερον
2994 4429 3021 4479 ὁ
3059 4426 3355 4496 Μουράτης
3397 4427 3696 4497 πεπραχὼς

2137 4516 2274 4582 ὅπερ
2307 4515 2648 4584 εἰρήκειμεν,
2680 4517 2771 4568 καὶ
2803 4518 3107 4587 γράμματα
3134 4522 3245 4581 τοῖς
3275 4518 3455 4588 βέλεσι
3482 4535 3693 4586 πεπομ-

2139 4605 2252 4674 φὼς
2283 4605 2432 4667 ἐντὸς
2479 4604 2724 4669 πλεῖστα,
2768 4610 2881 4669 τοῖς
2928 4608 3112 4671 αὐτοῖς
3153 4609 3337 4679 ὅρκοις
3384 4610 3477 4662 καὶ
3522 4610 3696 4663 ταῦτα

2140 4696 2472 4764 συνδνιύμενα
2521 4698 2615 4748 καὶ
2670 4698 2736 4749 τὰ
2783 4699 2925 4750 αὐτὰ
2968 4698 3392 4766 διαγγέλλοντα,
3444 4700 3517 4763 ὡς
3568 4703 3695 4770 ἤνυε

2139 4791 2297 4842 πλέον
2326 4791 2477 4841 οὐῖὲν
2510 4789 2592 4857 (οὐ
2643 4790 2751 4858 γάρ
2798 4790 2927 4858 ἐξῆν
2983 4790 3330 4860 βουλομένοις
3375 4794 3486 4853 τοῖς
3528 4794 3585 4843 ἐν
3628 4793 3693 4860 τῇ

2141 4885 2290 4934 πόλει
2319 4884 2395 4951 τῷ
2431 4867 2543 4934 τῶν
2573 4882 2818 4934 Λατίνων
2866 4881 2993 4943 δέει,
3027 4883 3121 4934 καὶ
3163 4883 3397 4948 μάλιστα
3425 4885 3529 4933 τῶν
3562 4900 3697 4949 συμ-

2139 4977 2565 5042 παριστλμένων
2601 4974 2784 5035 αὐτοῖς
2811 4975 2903 5024 ἐπὶ
2932 4974 3145 5043 φυλακῇ
3183 4973 3417 5043 λῃστῶν,
3451 4976 3515 5043 τῇ
3548 4972 3696 5038 σφῶν

2139 5067 2309 5128 ἀδεῶς
2335 5066 2642 5134 χρήσασθαι
2668 5069 2905 5134 γνώμῃ),
2932 5065 3191 5133 τρέπεται
3230 5066 3339 5117 τότ’
3365 5067 3421 5129 ἐξ
3459 5066 3697 5132 ἀνάγκης

2140 5160 2230 5210 ἐπὶ
2259 5160 2317 5210 τὸ
2353 5160 2627 5226 πολεμεῖν,
2655 5157 2775 5210 οὐδέ
2805 5159 2924 5209 τότε
2963 5158 3213 5210 τοσοῦτον
3265 5158 3373 5209 ἀπὸ
3404 5158 3503 5225 τῆς
3545 5159 3697 5210 ἀπει-

2140 5248 2290 5309 θείας
2321 5247 2429 5300 τῶν
2464 5247 2611 5300 ἔνδον
2653 5247 2867 5314 καὶτῆς
2909 5247 3210 5309 ἐνστάσεως
3243 5248 3366 5298 ὅσον
3394 5249 3458 5300 ἐκ
3485 5248 3693 5299 τούτου.

2150 5340 2345 5400 Ὀλκὰς
2376 5338 2549 5407 ἐφάνη
2589 5355 2671 5399 τις
2702 5336 2960 5405 ἐξαπίνης
3002 5336 3268 5405 Λατινικὴ
3320 5340 3465 5388 σῖτον
3505 5337 3698 5405 ἔχουσα

2139 5433 2335 5500 φόρτον
2356 5430 2449 5482 καὶ
2480 5430 2777 5498 κομίζουσα
2798 5431 2985 5482 τοῦτον
3011 5430 3116 5501 [ἐν]
3137 5432 3202 5498 τῇ
3229 5430 3378 5482 πόλει
3398 5430 3694 5499 χρῃζούσῃ.

2138 5526 2201 5577 Οἱ
2229 5522 2273 5575 δ’
2304 5523 2652 5576 ὑπετόπασαν
2701 5523 2903 5591 ταύτην
2949 5524 3145 5584 ἰδόντες
3195 5524 3517 5592 συμμάχους
3557 5521 3699 5590 ἔχειν

2142 5616 2234 5666 καὶ
2261 5614 2398 5668 ὅπλα
2429 5616 2515 5667 διὰ
2549 5615 2640 5667 τὸν
2689 5615 2945 5681 πόλεμον,
2991 5615 3084 5665 καὶ
3132 5614 3364 5672 δεδιότες
3397 5612 3495 5681 τὴν
3531 5606 3699 5681 ἧτταν

2144 5707 2463 5777 συμμαχίας
2496 5707 2587 5759 ἐπὶ
2630 5705 2731 5773 τὴν
2769 5706 2923 5758 πόλιν
2952 5703 3233 5769 ἐλθούσης,
3265 5703 3359 5767 ὅλη
3390 5703 3499 5755 δεῖν
3532 5703 3697 5767 ᾤοντο
