4096 6300
323 341 420 405 ϐθι

1342 360 1435 419 DE
1480 364 1648 425 EXCI
1666 368 1790 426 DIO
1831 370 2116 431 TIIESSA
2130 372 2273 433 LON
2289 375 2534 436 ICENSI

3439 384 3552 447 €02

324 459 636 528 χρήσασθαι
663 463 727 530 τῇ
761 463 965 517 τούτων
987 468 1212 538 δυνάμει
1244 477 1337 527 καὶ
1364 481 1489 547 περὶ
1522 481 1588 533 τὰ
1618 483 1888 553 πολεμικὰ

1995 486 2322 545 niilitaribus
2355 492 2567 547 artibus
2607 494 3044 561 pertentandum,
3083 503 3370 563 antequam
3403 500 3558 552 navis

324 552 493 643 τέχνῃ
518 556 649 621 πρὶν
684 554 782 623 τὴν
825 557 1025 613 ὁλκάδα
1064 563 1517 636 καθορμισθῆναι,
1553 552 1764 641 Μικρὸν
1794 576 1895 643 μὲν

325 638 416 696 οὖν
442 645 727 716 πρότερον,
756 647 844 699 ὅτε
872 652 1112 716 καὶτοὺς
1141 656 1389 724 κήρυκας
1414 638 1682 730 ἔπεμπεν,
1702 638 1897 721 ὑπεισ-

326 733 602 803 ερχόμενοι
637 737 700 788 τὸ
728 740 1091 808 προτείχισμα
1126 745 1291 813 μέρος
1347 749 1455 802 τῶν
1517 754 1898 823 πολεμούντων

326 824 465 920 ἀωρὶ
493 825 600 877 τῶν
635 829 867 896 νυκτῶν,
897 834 991 885 καὶ
1031 834 1183 889 τοῦθ’
1223 838 1623 908 ὑπορύττοντες
1655 848 1713 899 ἐν
1740 848 1896 920 ἀδείᾳ

327 913 470 982 (οὕτε
500 916 727 983 γάρ“ἐπ’
768 921 913 985 αὐτῷ
944 924 1186 991 φύλακες
1231 924 1394 997 ἦσαν,
1441 934 1542 988 οὐκ
1573 913 1895 1004 ἀρκούντων

328 1004 431 1055 τῶν
463 1004 633 1071 ἔνδον,
683 1008 797 1062 οὔτ’
845 1012 1069 1077 ἐξωθεῖν
1113 1018 1310 1080 αὐτοὺς
1359 1024 1507 1093 εῖχεν
1552 1027 1732 1089 οὐδεὶς
1781 1029 1892 1081 οὐδ’

328 1095 789 1156 5πιυσοῦν,τούτου
824 1103 1332 1177 προ6ε6).ημένου);
1369 1114 1539 1169 πολλὰ
1575 1118 1767 1170 τούτου
1797 1135 1897 1171 κα-

325 1184 601 1277 τέσπασαν
632 1191 711 1251 είς
742 1189 938 1259 ἔδαφος
966 1196 1128 1265 μέρη,
1161 1198 1290 1252 ὥστ’
1312 1202 1457 1271 ἔχειν
1486 1205 1711 1259 εἰσιέναι
1740 1224 1896 1277 παμ-

326 1275 549 1343 πληθεῖς
588 1281 649 1332 ἐν
675 1280 752 1349 τῷ
787 1284 994 1350 μεταξὺ
1021 1288 1131 1341 τῶν
1173 1294 1371 1362 τειχῶν
1415 1296 1587 1363 τόπῳ,
1618 1275 1894 1366 κλίμακάς

326 1382 385 1416 τε
419 1369 734 1436 εἰσκομίσαι
769 1373 887 1440 μετ’
931 1375 1237 1447 εὐχερείας,
1277 1384 1371 1435 καὶ
1398 1384 1625 1447 ταύταις
1661 1388 1722 1440 τὸ
1751 1390 1894 1455 μέγα

325 1458 503 1525 τεῖχος
528 1458 885 1530 ἐπαναόἦναι.
912 1466 1152 1537 Βάσιμον
1182 1468 1276 1524 οῦν
1303 1474 1363 1526 τὸ
1391 1475 1495 1540 ἔξω
1525 1479 1894 1547 πεποιήκεσαν

326 1545 675 1619 διατείχισμα
729 1554 921 1608 τοῦτον
963 1557 1055 1610 τὸν
1104 1562 1326 1629 τρόπον.
1375 1566 1472 1618 καὶ
1526 1568 1627 1634 τῆς
1671 1545 1892 1636 τοξικῆς

330 1636 591 1703 πολλάκις
624 1642 725 1710 τῆς
767 1645 1003 1715 ἡμέρας,
1035 1650 1171 1704 ἀλλά
1210 1652 1274 1721 δὴ
1313 1656 1409 1707 καὶ⁸
1450 1657 1548 1726 τῆς
1574 1659 1767 1723 νυκτὸς
1791 1664 1892 1715 οὐκ

329 1728 588 1795 ἠμέλουν,
619 1735 715 1787 τοῦ
759 1738 960 1807 μικροῦ
991 1742 1203 1813 τείχους
1240 1745 1326 1797 ὅτε
1359 1748 1499 1815 πρὸς
1542 1751 1892 1806 κατάπτωσιν

2001 577 2052 631 in
2089 588 2301 645 portum
2350 596 2470 636 sese
2514 584 2765 652 recipiat,
2818 586 3081 640 decernit.
3141 587 3309 640 Paulo
3342 602 3557 656 quoque

1999 680 2145 731 ante,
2184 686 2307 726 cum
2345 689 2622 742 pramones
2676 677 2937 743 mitteret,
2991 679 3230 732 hostium
3282 696 3471 733 manus
3502 682 3558 733 in

1997 762 2321 817 exteriorem
2348 780 2559 819 murum
2586 767 2725 820 clam
2755 767 2999 833 irrepens
3022 776 3182 821 nocte
3209 770 3553 836 intempesta,

1995 868 2232 922 eumque
2259 870 2354 923 pro
2384 866 2517 911 nutu
2566 858 2863 912 suffodiens
2891 860 3090 927 (neque
3129 859 3276 914 enim
3304 860 3555 913 custodes

1996 948 2243 1010 aderant,
2264 946 2564 1003 imminutis
2580 948 3002 1014 habitatoribus,
3024 961 3077 1005 et
3098 952 3189 1018 qui
3214 950 3356 1005 intus
3380 948 3557 1014 erant,

1995 1049 2090 1089 eos
2119 1035 2266 1091 foras
2301 1037 2530 1105 pellere,
2565 1054 2689 1094 cum
2733 1039 2877 1093 obvii
2910 1039 3299 1106 obiicerentur,
3335 1041 3560 1093 minime

1993 1126 2270 1197 valebant)
2297 1129 2558 1195 potiorem
2589 1130 2731 1185 illius
2752 1139 2959 1197 partem
2989 1130 3042 1185 in
3066 1130 3239 1185 solum
3266 1130 3558 1199 disiecere,

1994 1225 2051 1269 ut
2086 1218 2199 1283 jam
2243 1217 2427 1273 aditus
2468 1220 2883 1287 quamplurimis
2910 1220 2962 1274 in
2998 1220 3231 1275 medium
3270 1220 3411 1273 inter
3442 1234 3560 1272 mu-

1999 1321 2086 1361 ros
2107 1309 2342 1375 spatium
2368 1319 2595 1376 pateret.
2620 1310 2923 1379 liceretque
2950 1320 3062 1365 tuto
3087 1311 3267 1367 scalas
3297 1309 3556 1364 invehere

1994 1405 2047 1448 et
2092 1412 2343 1467 magnum
2379 1416 2595 1454 murum
2643 1404 2939 1457 ascendere
2979 1403 3324 1472 (exteriorem
3376 1402 3558 1471 itaque

1994 1504 2208 1543 murum
2242 1492 2345 1545 hoc
2377 1492 2537 1547 modo
2572 1495 2814 1563 pervium
2853 1495 2955 1549 sibi
2984 1494 3220 1562 fecere);
3285 1504 3341 1548 et
3361 1495 3558 1563 sa‘pius

1994 1576 2227 1631 interdiu
2248 1580 2478 1649 sagittas
2500 1581 2801 1650 impellere,
2827 1596 2856 1634 a
2882 1596 3110 1650 quarum
3130 1583 3279 1651 jactu
3307 1597 3374 1637 ne
3394 1590 3557 1637 noctu

1993 1668 2214 1735 quidem
2250 1669 2552 1736 abstinere,
2579 1673 2706 1725 dum
2750 1675 2815 1725 ad
2848 1687 3075 1741 parvum
3110 1689 3322 1728 murum
3358 1676 3409 1728 in
3443 1676 3562 1742 pla-

1995 1775 2119 1812 uttm
2143 1758 2527 1814 effundendum
2566 1763 2885 1829 procedunt.
2910 1762 3027 1829 Quo
3047 1765 3248 1819 etenim
3289 1776 3446 1832 pacto
3470 1781 3556 1821 se-

325 1816 495 1921 ηεσρν
520 1837 536 1853 ·
718 1826 827 1904 γάρ
862 1829 927 1880 ἂν
958 1828 1080 1899 ἔχον
1111 1834 1255 1900 μετά
1286 1814 1531 1900 πλείονος
1566 1840 1891 1910 ὑπορύττειν

1994 1863 2125 1902 cure
2159 1850 2308 1903 illum
2342 1814 2609 1905 suti'oderre
2644 1814 2966 1920 potuissent,
3003 1854 3055 1908 ni
3081 1855 3134 1908 in
3163 1814 3368 1921 majore
3393 1871 3556 1911 muro

300 1908 511 2002 ,ἀδείας
550 1913 702 1975 αὐτὸ,
746 1917 873 1979 τοὺς
900 1919 996 1974 ἐπὶ
1034 1921 1130 1974 τοῦ
1178 1923 1423 1991 μείζονος
1466 1908 1684 1997 τείχους
1723 1933 1771 1983 εί
1816 1933 1890 2002 μὴ

324 2003 435 2060 τοῖς
474 2001 683 2066 βέλεσιν
718 2007 982 2077 ἀπεῖργον
1023 2010 1098 2080 μὴ
1147 2014 1271 2068 κατ’
1305 2016 1484 2070 αὐτῶν
1528 2022 1622 2072 καὶ
1669 2001 1891 2085 τούτους

327 2090 525 2180 ὁμοίως
560 2098 759 2163 χωρεῖν
793 2101 888 2151 καὶ
919 2100 987 2152 τά
1032 2105 1392 2174 παραπλήσια
1422 2107 1589 2176 δρᾷν;
1621 2111 1767 2180 Πλὴν
1796 2118 1890 2166 καὶ

324 2179 497 2242 οὕτως
530 2183 638 2234 οὐδ’
671 2187 833 2254 ἡμεῖς
877 2188 1188 2259 ἡμελοῦμεν
1225 2192 1318 2246 τοῦ
1350 2198 1492 2249 κατὰ
1531 2179 1762 2269 δύναμιν
1794 2201 1857 2270 ἔρ

325 2287 446 2337 γου.
483 2274 739 2366 Πλέονῌδὲ
780 2278 888 2331 τῶν
924 2280 1098 2334 ἀλλων
1132 2284 1421 2354 ἐχρώμεθα
1472 2292 1538 2359 τῇ
1581 2291 1890 2366 καλουμένῃ

329 2364 520 2429 σκευῇ,
556 2358 625 2434 ἦς
646 2360 779 2435 ἦχον
810 2368 908 2436 μὲν
939 2371 1210 2440 ἠκούομεν
1243 2377 1422 2443 μόνον,
1466 2358 1625 2448 ἔργον
1652 2382 1704 2434 δὲ
1741 2358 1890 2437 eoas:

327 2454 445 2543 ποτ’
475 2456 686 2523 είδομέν
712 2476 764 2510 τι
793 2459 1064 2529 λαμπρὸν,
1095 2464 1190 2515 καὶ
1220 2466 1394 2519 ταῦτα
1429 2470 1632 2537 πολλῆς
1672 2473 1729 2523 ἐν
1758 2476 1892 2543 ἡμῖν

327 2539 492 2608 οῦσης
530 2543 626 2612 τῆς
653 2546 1065 2619 ἐσκευασμένης
1096 2551 1345 2622 βοτάνης,
1381 2556 1615 2621 ἀφειδῶς
1651 2577 1711 2612 τε
1750 2539 1891 2616 κατὰ

332 2633 510 2686 πάντα
537 2636 727 2705 καιρὸν
756 2638 1209 2712 ἀναλισκομένης.

405 2723 453 2778 ι’.
487 2726 650 2779 Ταῦτ’
688 2728 781 2781 οῦν
814 2732 904 2785 ἐπὶ
934 2734 1112 2802 τρισὶν
1146 2732 1286 2806 ἦσαν
1331 2740 1567 2811 ἡμέραις
1610 2746 1889 2816 γινόμενα.

329 2814 437 2891 Καὶ
472 2818 774 2885 τηνικαῦτα
809 2821 869 2889 δή
904 2841 1047 2887 τινες
1075 2825 1130 2878 ἔν
1160 2845 1268 2881 τισι
1299 2830 1406 2884 τῶν
1439 2836 1631 2903 τειχῶν
1670 2814 1892 2906 μέρεσιν

326 2906 525 2969 ἔξωθεν
572 2912 701 2981 περὶ
759 2913 931 2982 μέσας
976 2916 1173 2981 νύκτας
1235 2922 1424 2985 ίὸντες,
1473 2926 1569 2994 τῆς
1618 2929 1892 2999 ἡμετέρας

324 2999 612 3069 κηδόμενοι
666 3006 974 3074 σωτηρίας.
1025 3002 1206 3064 πᾶα-αὗ
1259 3015 1391 3083 ἡμῖν
1456 3017 1591 3087 πρὸς
1651 3020 1887 3089 πόλεμον

1992 1947 2197 1993 stantes
2228 1940 2474 1995 homines
2501 1941 2695 2010 iaculis
2739 1943 3083 2010 impedirent,
3127 1959 3195 1998 ne
3225 1945 3344 2000 illos
3372 1945 3549 1999 adorti

1991 2031 2193 2084 similia
2219 2033 2685 2097 machinarentur,
2715 2043 2769 2087 et
2796 2033 3077 2088 facerent?
3100 2041 3349 2089 Attamen
3379 2051 3556 2104 neque

1991 2122 2093 2175 ista
2124 2123 2353 2185 ratione,
2386 2139 2452 2176 ne
2477 2138 2610 2192 opus
2636 2133 2878 2179 nostrum
2904 2141 2998 2192 pro
3022 2126 3228 2180 viribus
3252 2140 3556 2195 ageremus,

1992 2211 2305 2268 effecerunt.
2341 2214 2444 2267 Sed
2478 2222 2606 2269 ante
2630 2215 2734 2268 alia
2768 2229 2832 2269 eo
2863 2216 3149 2270 utebamur
3176 2216 3554 2279 instrumento,

1991 2304 2144 2372 cujus
2194 2304 2478 2372 strepitum
2540 2314 2747 2358 tantum
2808 2307 3036 2360 auribus
3092 2306 3551 2376 percipiebamus,

1990 2392 2189 2447 fartum
2221 2409 2371 2459 vero,
2405 2395 2546 2462 quod
2576 2395 2825 2464 equidem
2868 2397 3192 2452 innotuisset
3219 2436 3233 2462 ,
3277 2412 3555 2465 nunquam

1992 2486 2240 2551 vidimus,
2292 2486 2416 2541 licet
2447 2484 2683 2552 pulveris
2730 2489 3019 2557 prmparati
3055 2489 3213 2557 copia
3248 2464 3551 2541 abundaret

1991 2583 2044 2626 et
2078 2573 2301 2641 largiter
2337 2572 2663 2642 profuseque
2691 2576 2839 2627 omni
2900 2582 3138 2641 tempore
3168 2573 3551 2626 insumeretur.

2064 2746 2153 2801 10.
2204 2745 2327 2801 Haec
2383 2745 2545 2815 igitur
2601 2747 2841 2801 triduum
2894 2748 3238 2815 gerebantur.
3294 2744 3550 2800 Nonnulli

1992 2838 2249 2905 deinceps
2297 2838 2351 2892 in
2412 2848 2667 2892 externas
2721 2838 2859 2891 muri
2922 2848 3103 2906 partes
3173 2846 3328 2892 nocte
3376 2838 3551 2891 media

1993 2928 2284 2996 progressi,
2341 2929 2407 2983 de
2468 2930 2640 2983 salute
2697 2938 2878 2982 nostra
2908 2928 3164 2992 solliciti,
3233 2928 3551 2983 universum

1991 3020 2287 3073 exercitum
2320 3021 2659 3088 peditesque,
2690 3020 2780 3088 qui
2838 3018 3100 3074 Muratem
3159 3019 3552 3088 sequebantur,

330 3094 780 3161 παρεσκευάσθαι
827 3098 926 3165 τὴν
959 3104 1220 3168 στρατιὰν
1253 3107 1733 3173 προαγγέλλουσιν.
1769 3113 1891 3164 ὅσον

1994 3108 2061 3163 ad
2112 3112 2457 3179 pugnandum
2518 3125 2638 3165 esse
2718 3111 3095 3178 paratissimos
3153 3109 3539 3177 praenuntiant,

323 3199 382 3234 τε
424 3184 552 3252 περὶ
588 3185 678 3236 τὸν
727 3187 1023 3253 Μουράτην
1068 3194 1260 3258 πεζὸν,
1320 3199 1414 3249 καὶ
1468 3201 1564 3267 τῆς
1623 3203 1891 3272 τετάρτης

326 3275 540 3344 ἡμέρας
591 3276 969 3349 διαυγασάσης
1001 3282 1288 3350 βούλεσθαι
1334 3289 1455 3341 καθ’
1485 3292 1640 3359 ἡμῶν
1668 3294 1762 3365 ὅλῃ
1798 3296 1891 3347 δυ-

325 3366 489 3433 νάμει
532 3370 932 3439 κεχωρηκέναι,
963 3375 1052 3425 καὶ
1085 3375 1160 3437 ὼς
1190 3377 1348 3430 πλοῖα
1386 3386 1888 3450 παρασκευάσειαν,

326 3459 422 3511 καὶ
453 3459 665 3523 τούτοις
708 3463 774 3515 ἵν’
813 3465 919 3516 ἀπὸ
951 3465 1044 3517 τοῦ
1079 3468 1218 3520 κατὰ
1254 3471 1523 3524 θάλατταν
1555 3475 1757 3544 μέρους
1789 3478 1893 3529 idv-

325 3565 417 3611 τες
461 3552 593 3618 πρὸ;
645 3551 827 3613 διττὰς
884 3554 1268 3620 ἀναγκάσωσιν
1324 3562 1471 3630 ἡμᾶς
1527 3565 1892 3634 άσχοληθῆναι

329 3639 638 3703 φροντίδας.
680 3641 743 3692 Ὃ
772 3644 865 3693 καὶ
894 3645 1100 3716 σρόδρα
1135 3649 1230 3711 τὰς
1273 3652 1546 3721 ἡμετέρας
1579 3654 1756 3724 ψυχὰς
1785 3656 1893 3708 διε-

329 3730 533 3795 τάραξε
562 3729 655 3781 καὶ
684 3733 764 3794 είς
800 3735 1033 3803 ἀπορίαν
1084 3738 1337 3794 ἐνέϐαλεν
1376 3743 1528 3812 ὅσην,
1571 3745 1646 3809 ὡς
1689 3746 1892 3816 βλάϐην

327 3817 461 3886 ἡμῖν
491 3819 788 3889 δυνάμενον
814 3825 875 3877 οὐ
903 3825 1004 3894 τὴν
1037 3829 1303 3899 τυχοῦσαν
1344 3835 1667 3902 ἐπαγαγεῖν.
1700 3837 1892 3905 Δείλης

327 3907 619 3976 τοιγαροῦν
664 3914 894 3982 ταυτησὶ
928 3919 1303 3988 γεγενημένης
1352 3915 1770 3990 τῆς’ἁγγελίας,
1799 3924 1894 3977 καὶ

326 3999 547 4051 πάντων
578 4001 736 4070 ἡμῶν
789 4005 847 4057 ἐν
889 4008 1212 4076 περιστάσει
1268 4012 1360 4083 καὶ
1408 4013 1692 4083 λογισμοῖς
1725 4016 1893 4069 ὄντων

326 4090 444 4151 πῶς
476 4091 542 4143 ἂν
569 4092 951 4163 διατεθείημεν
991 4099 1129 4168 πρὸς
1176 4102 1267 4153 τὸν
1295 4082 1581 4173 πόλεμον,
1618 4110 1800 4177 πάσης
1834 4125 1891 4160 τε

325 4181 512 4247 σχεδὸν
542 4182 760 4249 ἡλικίας
784 4184 952 4254 οῦσης
998 4190 1055 4240 ὲν
1099 4190 1453 4263 ἐγρηγόρσει,
1498 4196 1712 4265 δεήσεις
1740 4200 1893 4251 ἐκτε-

324 4270 433 4330 νεῖς
463 4269 579 4338 Θεῷ
609 4271 702 4325 καὶ
731 4271 808 4341 τῷ
838 4274 1151 4345 μυροὸλύτῃ
1180 4279 1419 4348 μάρτυρι
1450 4281 1571 4332 καθ’
1600 4283 1729 4351 ὅλην
1754 4286 1893 4337 ὲκεί-

324 4376 421 4427 νην
457 4363 840 4429 προσαγόντων
868 4365 967 4434 τὴν
1000 4365 1171 4420 νύκτα
1204 4368 1429 4438 (πάντες
1458 4371 1565 4442 γὰρ
1597 4373 1798 4443 ᾔδεσαν
1833 4379 1889 4428 ἐν

1995 3202 2286 3270 statimque
2342 3213 2504 3271 atque
2531 3202 2644 3257 dies
2697 3211 2922 3270 quartus
2970 3203 3231 3267 illuxerit,
3294 3204 3554 3255 adversus

1995 3311 2092 3349 nos
2122 3297 2333 3350 cunctis
2356 3295 2557 3348 viribus
2603 3296 3001 3364 aggressionem
3058 3295 3358 3359 facturum;
3393 3305 3555 3345 naves

1994 3401 2207 3455 quoque
2266 3401 2618 3454 praeparasse,
2660 3387 2856 3454 quibus
2903 3401 3002 3454 per
3051 3400 3202 3439 mare
3251 3386 3557 3453 irrumpens

1993 3478 2191 3545 duplici
2226 3492 2320 3532 nos
2377 3477 2623 3531 molestia
2679 3478 2981 3532 amictaret.
3028 3477 3135 3529 Sed
3190 3476 3555 3543 maximopere

1995 3569 2231 3623 rationes
2290 3577 2502 3623 nostras
2569 3569 2936 3629 conturbavit,
2994 3577 3397 3635 suspensosque
3462 3564 3552 3616 diu

1995 3660 2167 3713 tenuit
2194 3660 2420 3723 animos,
2450 3670 2700 3727 tanquam
2732 3659 2875 3727 quod
2910 3660 3098 3725 ingens
3130 3663 3543 3724 apportaturum

1992 3756 2136 3801 esset
2160 3749 2398 3814 malum;
2460 3758 2517 3804 et
2565 3748 2913 3804 discruciatis
2971 3754 3190 3815 pectore
3239 3745 3546 3799 consistere

1993 3837 2204 3891 consilii
2253 3838 2390 3893 nihil
2449 3847 2681 3907 poterat.
2744 3837 2857 3893 Hoc
2918 3848 3141 3907 accepto
3205 3836 3395 3890 nuntio
3460 3834 3560 3889 sub

1993 3942 2295 3997 vesperam,
2331 3944 2455 3982 cum
2499 3929 2667 3983 variis
2730 3930 3148 3984 necessitatibus
3204 3941 3548 3995 urgeremur,

1993 4019 2526 4089 distraheretuurque
2577 4019 3029 4075 sollicitudinibus
3093 4033 3200 4088 quo
3251 4019 3429 4089 pacto}
3453 4030 3552 4071 nos

1996 4111 2047 4161 in
2082 4109 2219 4163 bello
2261 4123 2595 4179 gereremus,
2623 4116 2678 4164 et
2700 4110 2877 4179 omnis
2926 4109 3197 4163 hominum
3246 4118 3379 4163 aetas
3447 4108 3561 4163 evi-

1991 4201 2204 4271 gilaret,
2260 4214 2445 4270 preces
2500 4199 2610 4255 Deo
2665 4209 2720 4256 et
2788 4201 3102 4271 myroblytae
3174 4201 3398 4270 martyri
3465 4213 3561 4267 per

1995 4300 2161 4345 totam
2195 4292 2340 4346 illam
2372 4301 2581 4346 noctem
2646 4291 2997 4355 edundimus,
3044 4292 3335 4345 imminens
3382 4290 3557 4358 siqui-

1994 4383 2114 4434 dem
2146 4380 2439 4449 periculum
2472 4391 2791 4455 certumque
2825 4393 2951 4436 ante
2986 4382 3174 4436 oculos
3208 4388 3346 4436 erat.
3376 4379 3555 4433 Latini

326 4447 444 4517 χρῷ
492 4450 586 4502 τοῦ
634 4453 881 4506 κινδύνου
929 4452 1373 4530 καθεστηκέναι),
1405 4463 1455 4514 οἱ
1500 4463 1719 4517 Λατῖνοι
1770 4468 1891 4535 περὶ

1995 4447 2381 4541 vero—partem
2447 4472 2647 4527 littoris
2704 4447 3007 4541 pendentes
3069 4472 3314 4537 maximi,
3388 4471 3558 4524 trium

327 4538 524 4589 πολλοῦ
569 4541 629 4591 τὸ
670 4543 763 4595 τοῦ
796 4546 1044 4611 αἰγιαλοῦ
1093 4548 1410 4619 ποιούμενοι
1454 4553 1618 4621 μέρος
1658 4555 1744 4607 διὰ
1793 4559 1889 4615 τὰς

325 4631 473 4696 τρεῖς
504 4629 558 4682 αῖ
590 4634 841 4699 παρῆσαν
867 4638 931 4703 τῇ
962 4638 1112 4689 πόλει
1133 4641 1401 4709 τριήρεις,
1432 4642 1507 4714 μὴ
1536 4646 1706 4715 πυρδς
1729 4645 1889 4715 ἔργον

326 4717 525 4780 ταύτας
567 4720 809 4782 ἐλθόντες
854 4724 903 4775 οἱ
950 4726 1183 4795 Τοῦρκοι
1231 4736 1524 4801 ποιήσωσι,
1574 4738 1699 4797 τοὺς
1736 4739 1889 4806 σφῶν

324 4808 568 4873 τοξότας,
602 4815 1037 4882 μεμερισμένους
1071 4818 1230 4880 ὄντας
1262 4821 1356 4874 ἐπὶ
1387 4822 1599 4893 φυλακῇ
1629 4827 1736 4879 τῶν
1781 4845 1890 4883 τει-

325 4898 455 4968 χῶν,
486 4900 867 4971 ὑπαναχωρείν
912 4906 1108 4969 αὐτοὺς
1159 4911 1465 4979 περιιόντες
1514 4915 1887 4985 ἐπέσκηπτον,

324 4988 433 5041 τῶν
459 4990 631 5045 ἄλλων
658 4994 754 5062 τὴν
778 4996 968 5064 σκέψιν
997 4998 1199 5066 ταύτην
1231 5002 1305 5070 μὴ
1332 5007 1729 5073 γινωσκόντων,
1764 5012 1891 5079 μηδ’

324 5081 463 5149 ὅπερ
510 5081 739 5146 ἐκείνοις
784 5087 815 5153 ἡ
851 5086 958 5138 ἀπὸ
1006 5088 1111 5141 τῶν
1151 5091 1346 5159 τειχῶν
1397 5092 1647 5162 βούλεται
1682 5099 1892 5167 ἀναχώ-

328 5186 506 5239 ρησις.
557 5174 618 5226 El
664 5174 771 5242 γὰρ
797 5178 1051 5247 καθαρῶς
1098 5180 1367 5250 ἐγύμνουν
1418 5187 1479 5237 τὸ
1518 5191 1767 5257 πρᾶγμα,
1814 5193 1890 5255 ὡς

325 5262 415 5310 ἐπὶ
442 5260 655 5332 φυλακῇ
687 5264 779 5316 τοῦ
807 5264 1027 5332 λιμένος
1061 5267 1281 5321 καὶτῶν
1311 5272 1554 5340 τριηρῶν
1588 5276 1887 5329 καταϐιϐά-

328 5350 479 5411 ζουσι
514 5353 736 5416 τούτους
784 5354 877 5408 τοῦ
926 5356 1160 5426 τείχους,
1217 5359 1494 5424 εὐέλπιδες
1539 5362 1604 5421 ἂν
1650 5361 1791 5435 ἦσαν
1837 5369 1886 5425 oi

326 5444 802 5513 περιλελειμμένοι
831 5448 904 5513 τῷ
930 5448 1121 5523 τείχει,
1152 5451 1245 5503 καὶ
1274 5452 1375 5503 οὐκ
1407 5452 1472 5504 ἂν
1501 5460 1679 5524 φυγὴν
1706 5457 1887 5511 αὐτῶν

327 5534 697 5589 ὑπετὸπασαν.
733 5535 877 5589 Ἀλλ’
901 5537 1102 5607 ἥκιστα
1138 5540 1364 5608 γέγονεν
1392 5542 1553 5605 οὕτω,
1591 5546 1886 5599 κάντεῦθεν

326 5626 359 5697 ἡ
389 5626 609 5679 ἐκείνων
637 5628 743 5678 ἀπὸ
773 5626 863 5679 τοῦ
895 5629 1108 5698 τείχους
1137 5633 1424 5697 διάστασις
1469 5635 1671 5709 δειλίαν
1697 5639 1758 5690 οὐ
1787 5640 1884 5709 τὴν

326 5718 592 5774 τυδίοῦσαν
626 5723 738 5773 tsi.
771 5721 1026 5777 ἁπάντων
1058 5726 1217 5785 ἐνῆκε
1266 5706 1614 5789 ψυγαῖςίκειὶ
1647 5730 1787 5788 κατὰ
1823 5732 1882 5786 τὸ

1999 4562 2299 4616 triremium
2345 4575 2528 4628 causa,
2593 4564 2812 4632 quaesin
2871 4564 3058 4617 urbem
3116 4570 3553 4629 penetraverant,

1997 4663 2064 4702 ne
2090 4663 2184 4702 eas
2210 4647 2441 4702 ﬂammis
2490 4664 2589 4704 suo
2652 4650 2886 4705 advequ
2936 4651 3131 4704 Turca:
3175 4652 3552 4713 absumerent,

1995 4738 2304 4807 sagittarios
2362 4741 2428 4792 ad
2488 4741 2795 4794 custodiam
2876 4755 3156 4794 murorum
3241 4741 3557 4808 dispartitus

1994 4830 2272 4894 secedere,
2325 4830 2430 4885 alio
2478 4842 2640 4901 atque
2699 4832 2806 4886 alio
2871 4832 3187 4903 migrantes,
3255 4832 3557 4902 jusserunt,

1998 4919 2216 4987 reliquis
2249 4935 2466 4975 causam
2494 4924 2569 4976 rei
2604 4923 2979 4993 ignorantibus
3005 4933 3060 4978 et
3112 4924 3239 4994 quid
3301 4939 3332 4979 e
3386 4926 3558 4978 muris

1994 5010 2227 5064 secessio
2257 5012 2527 5066 iunueret.
2562 5012 2769 5066 Etenim
2800 5014 2844 5067 si
2875 5014 3075 5068 factum
3099 5014 3257 5081 plane
3304 5019 3542 5082 aperuis-

1995 5108 2133 5165 sent,
2164 5102 2230 5155 ad
2260 5103 2672 5157 custodiendum
2700 5105 2911 5159 scilicet
2932 5116 3145 5174 portum
3200 5117 3255 5160 et
3306 5107 3555 5161 triremes

1994 5194 2339 5247 ensanturis
2400 5192 2637 5259 avocari,
2703 5194 2792 5264 qui
2856 5195 2908 5249 in
2958 5197 3126 5250 muris
3193 5196 3552 5251 defendendis

1996 5294 2384 5346 remanserant,
2410 5300 2505 5354 spe
2554 5301 2658 5340 non
2706 5286 2845 5341 mala
2910 5287 3113 5351 laetati,
3174 5288 3351 5356 fugam
3410 5287 3555 5339 illam

1992 5387 2113 5427 esse
2140 5374 2397 5443 suspicati
2436 5391 2540 5429 non
2576 5376 2824 5431 fuissent.
2859 5376 2964 5433 Sed
3001 5379 3055 5431 id
3084 5379 3190 5431 alio
3219 5378 3383 5433 modo
3428 5390 3553 5429 eve-

1993 5465 2090 5528 nit,
2116 5475 2172 5519 et
2201 5480 2387 5520 eorum
2418 5483 2447 5521 a
2481 5470 2649 5523 muris
2672 5483 2923 5525 secessus
2954 5470 3247 5524 maximum
3310 5469 3363 5522 in
3424 5480 3553 5534 pec-

1992 5566 2108 5611 tnra
2150 5560 2387 5613 omnium
2420 5571 2620 5616 metum
2680 5562 2883 5631 injecit,
2917 5566 3052 5618 adeo
3086 5572 3143 5616 ut
3200 5561 3369 5615 media
3434 5560 3550 5626 ipsa

1991 5659 2148 5704 nocte
2195 5651 2319 5721 fuga
2364 5652 2666 5709 clanculum
2692 5663 2933 5724 arrepta.
2957 5670 3060 5708 non
3083 5667 3244 5721 parva
3270 5665 3547 5704 murorum

1992 5749 2143 5799 parte
2168 5742 2407 5803 deserta.
2440 5744 2660 5801 domum
2716 5750 3039 5802 remearent.
3091 5738 3214 5794 llaec
3267 5738 3547 5804 potissima
