4096 6300
583 344 684 402 lii}?
1749 355 2090 418 'JOANNIS
2125 361 2605 424 ANAGNOSTE

3712 366 3839 429 σοι

583 476 738 515 causa
812 464 934 515 mali
999 464 1138 531 quod
1183 477 1247 517 eo
1289 465 1378 522 die
1432 468 1745 534 advenerat,
1803 474 1848 526 si
1909 473 2142 527 humasa

2255 480 2419 544 μέσον
2470 477 2603 531 αὐτὸ
2652 478 2751 546 τῆς
2804 478 2990 540 νυκτὸς
3046 481 3191 548 φυγῇ
3240 479 3425 531 πολλοὶ
3474 481 3833 548 χρησάμενοι

586 554 718 605 ratio
751 570 853 605 non
887 554 1040 617 fallit,
1070 565 1315 624 reputata
1360 568 1460 617 est.
1496 560 1706 617 Etenim
1771 564 1816 619 si
1856 566 1907 617 in
1970 567 2140 619 muris

584 646 1014 711 permanantibus
1046 648 1320 715 omnibus,
1347 662 1402 705 et
1442 668 1549 709 uno
1579 655 1789 711 animo.
1816 655 1890 709 ita
1951 657 2141 724 dispo-

584 734 696 787 sitis
730 744 787 786 ut
834 749 931 800 pro
952 737 1194 795 custodia
1254 742 1441 806 patriae
1492 744 1655 801 vitam
1714 755 1991 809 voverent.
2049 749 2135 801 vix

581 827 706 881 urbs
733 841 1044 886 conservata
1069 831 1278 898 fuisset,
1301 850 1534 899 quanam
1574 839 1803 903 ratione,
1833 840 1923 901 ubi
1964 841 2145 894 simile

580 920 882 985 accidisset,
915 920 1056 975 facili
1115 926 1333 992 negotio
1366 928 1625 995 cupienda
1678 945 1782 984 non
1843 931 2004 984 erat?
2051 930 2143 985 Sic

577 1010 723 1063 bisce
753 1024 847 1076 per
879 1010 1102 1069 Latinos
1134 1018 1389 1083 peractis,
1428 1030 1482 1072 et
1537 1031 1760 1089 promer
1805 1022 2143 1090 inexspecta-

582 1110 696 1153 tum
733 1105 952 1162 navium
991 1106 1277 1165 adventum
1308 1112 1462 1165 unica
1499 1112 1702 1164 triremi
1733 1127 1828 1179 pro
1885 1114 2138 1166 commit-

579 1193 741 1245 tenda
777 1196 948 1252 navali
977 1211 1149 1264 pugna
1176 1198 1399 1268 repleta,
1439 1216 1562 1254 vera
1604 1203 1854 1256 videntur
1883 1206 2138 1259 retulisse

576 1284 776 1339 nuntii.
812 1285 943 1340 Nam
983 1287 1122 1343 circa
1147 1306 1396 1343 auroram
1432 1306 1596 1349 nares
1633 1293 1700 1346 ad
1759 1305 1972 1362 portum
2018 1311 2141 1363 pro-

576 1377 891 1439 perantibus
920 1379 1081 1438 remis
1114 1380 1478 1445 impelluntur,
1541 1393 1599 1436 ut
1655 1384 1889 1453 cogitata
1956 1386 2139 1439 absol-

573 1477 781 1519 vereor.
816 1466 919 1521 Sed
953 1471 1077 1523 dum
1110 1473 1564 1541 appropinquant,
1622 1490 1719 1529 nec
1768 1477 2027 1530 adversus
2081 1493 2141 1533 se

571 1567 892 1622 apparatum
908 1560 1229 1616 instructum
1252 1573 1562 1632 penetrant,
1587 1554 1829 1620 triremis
1849 1569 2139 1624 velocitate

570 1662 782 1707 summa
841 1650 892 1708 in
946 1666 1041 1707 eos
1091 1655 1365 1719 convolat,
1417 1658 1672 1724 cogitque
1728 1668 1787 1712 ιιι
1838 1659 1892 1712 in
1953 1660 2134 1729 fugam

2247 567 2545 635 λεληθότως
2579 570 2823 639 ἀπῄεσαν
2872 570 3075 633 οἴκαδε,
3123 570 3287 639 μέρος
3325 571 3434 623 τῶν
3465 571 3667 639 τειχῶν
3714 572 3833 623 οὐκ

2245 642 2426 729 ὀλίγον
2452 662 2656 730 ἔρημον
2693 661 3164 722 καταλελοιδπότες.
3194 662 3363 713 Τοῦτο
3397 663 3581 729 μεῖζον
3610 662 3825 725 ἔδοξεν,

2246 754 2369 805 ὅσον
2399 754 2521 806 κατ’
2554 753 2894 820 ἀνθρώπινον
2920 753 3200 819 λογισμὸν,
3230 753 3377 804 αἰτία
3402 751 3493 805 τοῦ
3528 752 3644 821 μεθ’
3670 753 3786 819 ἡμέ
3806 781 3829 792 ο

2252 859 2352 911 ραν
2382 843 2574 897 κακοῦ.
2619 844 2727 896 Καὶ
2753 846 2861 913 γὰρ
2912 844 2962 894 εί
2995 845 3263 910 μενόντων
3304 843 3558 896 ἁπάντων
3593 844 3684 894 ἐπὶ
3715 841 3824 893 τοῦ

2246 936 2481 1004 τείχους,
2515 936 2615 1004 μία
2642 936 2787 1003 ψυχὴ
2813 936 3123 1004 γενομένων
3150 936 3240 986 καὶ
3273 935 3505 986 θάνατον
3534 934 3823 999 ἑλομένων

2247 1026 2387 1096 ὑπὲρ
2420 1028 2667 1096 φυλακῆς
2723 1027 2819 1091 τῆς
2855 1027 3133 1095 πατρίδος,
3181 1027 3333 1095 μόλις
3364 1026 3431 1077 ἂν
3470 1027 3502 1095 ἡ
3555 1025 3708 1087 πόλις
3748 1026 3817 1090 ἐξ

2246 1119 2418 1187 αὐτῆς
2469 1118 2848 1188 διατετήρητο,
2893 1118 3009 1180 πῶς
3050 1118 3118 1170 ἂν
3161 1117 3368 1168 τοιοῦδε
3397 1117 3812 1185 συμϐεϐηκότος

2245 1209 2351 1261 οὐκ
2372 1205 2485 1277 εἶχε
2523 1210 2641 1276 μετ’
2674 1210 2923 1269 εὐκολίας
2950 1209 3187 1271 ἁλῶναι;
3212 1208 3396 1269 Οὕτως
3426 1191 3519 1260 οὖν
3554 1207 3661 1259 τῶν
3690 1208 3813 1259 Λα-

2244 1302 2403 1353 τίνων
2425 1300 2896 1368 διαπραξαμένων,
2930 1301 3023 1352 καὶ
3070 1300 3180 1351 τῶν
3221 1298 3461 1377 τριηρῶν
3509 1297 3634 1367 μίαν
3664 1297 3811 1364 πρὸς

2246 1394 2546 1460 ναυμαχίαν
2583 1392 3023 1460 πεπληρωκότων
3053 1391 3143 1442 διὰ
3173 1390 3271 1461 τὴν
3303 1390 3411 1441 τῶν
3448 1388 3616 1439 πλοίω
3636 1414 3647 1431 ι
3676 1388 3809 1453 ait?-

2241 1483 2403 1535 νίδιον
2441 1483 2783 1547 προσδοκίαν,
2817 1483 3036 1551 ἀληθεῖς
3068 1481 3428 1535 διεδείκνυντο
3471 1481 3562 1531 καὶ
3592 1480 3639 1529 οἱ
3674 1477 3807 1545 περὶ

2242 1574 2446 1626 τούτων
2491 1575 2621 1643 ἡμῖν
2663 1573 3013 1642 ἡγγελκότες.
3049 1573 3285 1642 Ὀρθρου
3327 1572 3435 1642 γὰρ
3486 1570 3808 1627 ἐπιστάντος

2243 1668 2310 1719 τά
2343 1667 2504 1718 πλοῖα
2529 1666 2663 1733 πρὸς
2690 1665 2776 1717 τὸν
2797 1666 2990 1734 λιμένα
3032 1666 3231 1724 πάσαις
3273 1663 3487 1717 κώπαιῖ
3523 1660 3811 1723 καταίρειν

574 1738 714 1789 versi
747 1738 799 1791 iu
836 1748 1035 1795 terram
1072 1759 1239 1799 ItaVPS
1300 1746 1620 1816 impingunt.
1682 1748 1775 1800 Sic
1833 1749 2134 1805 Turcarum

574 1824 706 1848 211.-.1
782 1844 832 1848 ᾼΑ
884 1832 963 1848 ,91³
1191 1846 1199 1848 Α
1354 1843 1365 1848 -
1698 1838 1729 1848 u,
1819 1838 1863 1848 -ο
1896 1842 1904 1848 .

2251 1758 2554 1825 ἐπείγονται
2581 1758 2646 1810 τὰ
2670 1757 3067 1827 βεϐουλευμένα
3105 1758 3453 1829 διαπερᾶναι.
3484 1756 3572 1815 Ὠς
3597 1754 3651 1805 δὲ
3672 1752 3816 1816 πλη-

574 1824 707 1883 illtld
773 1832 1060 1892 cettsilinm
1117 1843 1463 1890 summatum
1515 1838 1758 1892 evanuit.
1819 1838 2036 1894 Utinam
2088 1855 2142 1897 et

574 1914 753 1971 diurni
782 1918 906 1974 mali
937 1922 1133 1980 similis
1163 1924 1341 1978 exitus
1395 1925 1722 1981 subsecutus
1776 1926 1993 1984 fuisset.

2249 1846 2360 1898 σίον
2384 1847 2626 1912 γένοιντο
2648 1848 2747 1913 τὴν
2769 1845 2887 1899 κατ’
2917 1846 3096 1899 αὐτῶν
3116 1842 3385 1914 συσκευὴν
3406 1844 3515 1895 τῶν
3540 1845 3593 1894 ἐν
3626 1842 3814 1899 αὐτοῖς

2246 1936 2348 1988 οὐκ
2379 1935 2621 1999 εἰδότων,
2655 1936 2749 1987 καὶ
2778 1935 2810 2003 ἡ
2840 1936 3094 2003 τριήρης,
3128 1935 3201 1994 ὼς
3233 1929 3343 2001 εἶχε
3370 1934 3585 2001 τάχους,
3611 1929 3818 1982 αὐτίκα

582 2011 751 2077 χωρεῖ
784 2012 905 2064 κατ’
932 2013 1134 2076 αὐτῶν,
1175 2015 1270 2068 καὶ
1301 2018 1383 2079 είς
1413 2018 1666 2072 τοσοῦτον
1700 2021 1842 2074 αὐτὰ
1890 2026 2319 2093 κατηνάγκασεν
2384 2029 2476 2081 καὶ
2550 2029 2631 2090 είς
2676 2026 2856 2096 φυγὴν
2905 2027 3166 2096 ἔστρεψεν
3229 2028 3304 2088 ὡς
3346 2026 3621 2077 ἐποκεῖλαι
3668 2028 3815 2077 κατᾶ

573 2101 675 2163 τὴν
729 2102 955 2174 ἤπειρον
984 2108 1079 2160 καὶ
1129 2109 1230 2177 τὴν
1280 2110 1390 2163 τῶν
1438 2112 1698 2182 Τούρκων
1753 2115 1970 2184 ἐκείνην
2017 2119 2262 2173 ἐπίνοιαν
2294 2121 2671 2191 ἀποδεδεῖχθαι
2733 2119 2987 2190 ματαίαν.
3032 2120 3193 2173 Ἀλλὰ
3264 2118 3453 2173 τούτου
3520 2116 3617 2188 μὲν
3677 2114 3815 2166 ἀνάγ

572 2212 721 2264 tepet
750 2203 1102 2270 τετηρήμεθα
1124 2218 1140 2237 ⁸
1168 2206 1279 2259 εἴθε
1308 2208 1363 2260 δὲ
1389 2213 1482 2262 καὶ
1511 2209 1604 2262 τοῦ
1634 2213 1775 2264 κατὰ
1795 2211 1894 2282 τὴν
1917 2214 2135 2283 ἡμέραν
2177 2218 2351 2271 κακοῦ
2385 2221 2399 2272 !

649 2290 734 2345 Η.
766 2291 971 2357 Quarto
1014 2297 1175 2365 igitur
1221 2298 1309 2354 die
1370 2312 1653 2370 appetente
1705 2306 1930 2359 necdum
1992 2308 2141 2360 clare

577 2378 756 2439 iumen
799 2385 1111 2442 hominibus
1154 2390 1522 2455 ministrante,
1578 2404 1635 2447 ut
1683 2396 1838 2450 nobis
1884 2412 2139 2466 przenuu-

578 2472 766 2525 tiatum
818 2473 1011 2541 fuerat,
1042 2480 1435 2537 multitudinem
1464 2484 1771 2539 universam
1808 2487 1859 2540 iu
1920 2503 2134 2541 murum

579 2564 922 2620 festinantem
949 2570 1239 2623 intuemur.
1277 2574 1423 2627 inter
1479 2576 1577 2629 bos
1631 2579 1721 2631 alii
1780 2580 1980 2644 scalas,
2044 2580 2135 2633 alii

579 2655 804 2718 tabulas,
875 2658 963 2709 alii
1043 2660 1269 2729 implexa
1316 2666 1604 2721 viminibus
1657 2678 1807 2723 scuta
1871 2681 2133 2739 gestare;

575 2763 781 2812 omnes,
812 2761 866 2802 ttt
899 2752 974 2803 sic
1000 2753 1195 2818 dicam,
1248 2760 1528 2813 machinas
1584 2765 1912 2825 convehere,
1972 2773 2025 2817 et
2074 2775 2131 2820 ut

579 2840 743 2891 moris
777 2851 855 2893 est
888 2844 1058 2910 septi,
1092 2855 1143 2898 et
1177 2849 1344 2901 nostri
1399 2851 1597 2904 excidii
1636 2853 1726 2908 sitl
1780 2855 1949 2909 veluti
2008 2861 2136 2910 bac-

578 2929 822 2995 rbantes,
855 2947 911 2984 se
947 2935 1175 2989 invicem
1210 2939 1275 2990 ad
1315 2939 1517 2993 cladem
1573 2951 1816 2998 nostram
1872 2951 2133 3000 excitare.

578 3018 776 3072 Eodem
835 3033 1107 3078 momento
1180 3042 1278 3081 nos
1310 3044 1541 3097 quoque,
1594 3034 1667 3086 uti
1725 3037 2141 3105 concedebatur,

581 3116 930 3180 nssurgimus,
964 3125 1015 3169 et
1040 3118 1234 3171 bellum
1265 3135 1328 3174 ac
1364 3133 1589 3176 mortem
1621 3126 1892 3181 alacribus
1937 3129 2139 3184 animis

2322 2311 2410 2365 ια’.
2442 2311 2556 2380 Τῆς
2602 2312 2874 2381 τετάρτης
2902 2307 3197 2379 τοιγαγοῦν
3243 2307 3542 2375 ἐπιστάσης
3572 2308 3811 2375 ἡμέρας.

2246 2402 2338 2455 τοῦ
2373 2404 2527 2472 ἡλίου
2582 2401 2840 2472 καθαρῶς
2891 2403 3004 2464 τοῖς
3043 2398 3348 2469 ἀνθρώποις
3381 2399 3551 2467 μήπω
3592 2398 3650 2448 τὸ
3696 2396 3813 2463 φῶς

2246 2495 2642 2563 παρασχόντος,
2699 2493 2917 2562 δρῶμεν
2971 2492 3114 2545 κατὰ
3166 2491 3265 2558 τὴν
3313 2490 3574 2555 ἀγγελίαν
3624 2490 3711 2539 καὶ
3747 2487 3812 2538 τὸ

2244 2584 2449 2653 πλῆθος
2499 2585 2647 2637 ἆπαν
2701 2582 3153 2661 προσχωροῦντας
3190 2580 3266 2649 τῷ
3318 2579 3509 2647 τείχει,
3550 2579 3674 2636 τοὺς
3711 2577 3810 2645 μὲν

2244 2678 2518 2746 κλίμακας
2543 2676 2997 2745 ἐπιφερομένους,
3036 2676 3163 2734 τοὺς
3211 2672 3267 2724 δὲ
3319 2672 3557 2735 σανίδας,
3588 2670 3811 2736 ἐτέρους

2245 2769 2631 2835 πεπλεγμένας
2670 2767 2902 2828 ἀσπίδας
2947 2767 3008 2819 ἐκ
3057 2765 3328 2834 πτόρθων,
3374 2764 3579 2823 πάντας
3624 2762 3808 2827 ἁπλῶς

2240 2860 2568 2927 κομίζοντας
2617 2859 2914 2923 ἑλεπόλεις,
2950 2859 3044 2911 καί
3088 2856 3512 2926 πεφραγμένους
3547 2853 3621 2915 ὡς
3664 2854 3805 2919 ἔθος,

2249 2951 2347 3004 καὶ
2384 2953 2448 3021 τῇ
2481 2950 2577 3018 τῆς
2607 2952 2886 3019 ἡμετέρας
2930 2950 3208 3017 ἀπωλείας
3259 2946 3524 3015 ἐπιθυμίᾳ
3572 2940 3682 2998 οἷον
3717 2945 3809 3013 βε-

2251 3043 2682 3113 ϐακχευμένους,
2712 3042 2805 3094 καὶ
2839 3041 3104 3110 ἀλλήλους
3136 3040 3228 3093 ἐπὶ
3253 3042 3317 3117 τῇ
3349 3040 3593 3108 ἡμετέρα
3630 3040 3807 3107 σφαγῇ

2252 3134 2710 3205 παροτρύνοντας.
2759 3133 2966 3185 Αὐτίκα
3015 3133 3070 3184 δὲ
3123 3132 3216 3183 καὶ
3247 3133 3428 3199 ἡμεῖς,
3463 3129 3538 3191 ὡς
3569 3129 3809 3197 ἐφικτὸν,

579 3204 895 3271 excipimus.
923 3206 987 3258 Et
1020 3211 1121 3262 hoc
1153 3209 1366 3275 quidem
1395 3213 1511 3268 viri.
1559 3215 1625 3267 At
1660 3217 1939 3283 mulieres,
1971 3220 2138 3274 etiam

2251 3180 2624 3296 διανέστημεν,
2655 3180 2749 3278 καὶ
2780 3225 2889 3278 ὅλοι
2924 3223 3018 3277 τοῦ
3049 3180 3310 3290 πολεμείν
3343 3180 3686 3288 γέγενὴμειθα
3715 3222 3810 3272 καὶ

584 3292 649 3341 de
683 3307 892 3346 summo
922 3295 1039 3348 loco
1065 3314 1383 3368 smumoque
1403 3318 1618 3370 genere,
1666 3306 1894 3359 viriliter
1928 3319 2140 3365 mutuas

584 3395 775 3447 operas
804 3383 1035 3447 tradere,
1066 3400 1195 3438 saxa
1220 3390 1347 3442 totis
1391 3393 1589 3445 animis
1640 3396 1703 3446 ad
1768 3395 2140 3464 depellendum

583 3472 828 3527 hosﬁlem
866 3479 1124 3544 impetum
1156 3478 1406 3546 deferre;
1473 3484 1782 3551 multmque,
1834 3502 1945 3540 sum
2006 3503 2140 3543 cono

584 3564 805 3618 ditionis
858 3567 1056 3633 oblitae,
1096 3569 1273 3624 virilia
1330 3586 1539 3640 opera,
1615 3577 1929 3633 adsidentes
1990 3580 2141 3646 viris,

586 3658 929 3726 robusteque,
960 3662 1180 3727 perinde
1215 3675 1374 3731 atque
1408 3665 1482 3717 illi
1516 3665 1868 3732 deprrcliandi
1906 3670 2139 3735 alacres,

587 3765 851 3817 aggressa:
886 3761 1031 3805 sunt.
1071 3752 1223 3807 Mone
1273 3767 1412 3809 sunt-
1455 3758 1645 3826 copiae,
1703 3768 2021 3827 tantumque
2079 3762 2144 3814 ad

590 3857 772 3895 muros
799 3846 1297 3913 appropinquarunt
1327 3855 1383 3900 ut
1413 3858 1633 3915 possent
1669 3860 1722 3902 et
1753 3850 1855 3905 illa:
1901 3866 1967 3905 ex
2002 3850 2143 3905 infe-

587 3934 729 3986 riore
760 3934 876 3987 loco
908 3951 1033 3989 saxa
1072 3939 1316 3991 manibus
1354 3939 1405 3991 in
1452 3954 1546 3994 nos
1600 3941 1936 4011 intorquere.
2001 3940 2143 3995 Tum

492 4070 495 4073 .
588 4041 773 4078 eorum
816 4027 977 4081 duces
1001 4028 1213 4082 modum
1248 4030 1629 4097 excogitarunt
1654 4047 1756 4099 quo
1786 4033 1894 4087 iiiis
1929 4033 2150 4101 requie-

593 4127 695 4169 tem
714 4118 923 4171 abunde
943 4117 1215 4180 aﬂerrent,
1238 4121 1391 4174 nobis
1412 4136 1535 4174 vero
1574 4122 1813 4175 laborem
1849 4122 2148 4189 assiduum,

594 4220 644 4262 rt
679 4225 950 4278 numquam
990 4211 1355 4265 intermissum
1389 4212 1725 4266 conﬂictum.
1748 4215 1987 4267 Primum
2006 4217 2148 4269 enim

594 4306 891 4359 decernunt
915 4306 1217 4360 necessario
1242 4321 1456 4359 omnem
1493 4307 1642 4361 urbis
1678 4306 1934 4360 ambitum
1994 4308 2150 4361 simul

594 4413 930 4466 oppugnare,
968 4399 1094 4452 licet
1122 4412 1346 4467 magnus
1377 4398 1530 4451 labor
1554 4397 1660 4449 illis
1689 4399 2152 4468 essetsuscipicn-

2246 3317 2520 3371 τεθνάναι.
2552 3317 2663 3370 Καὶ
2698 3315 2855 3368 τοῦτο
2906 3315 3004 3384 μὲν
3046 3314 3242 3383 ἄνδρες
3266 3329 3281 3345 ·
3331 3314 3582 3380 γυναῖκες
3630 3310 3686 3362 δέ
3717 3313 3811 3362 καὶ

2247 3408 2425 3461 αὐτῶν
2450 3407 2558 3459 τῶν
2595 3406 2880 3472 ἐπιφανῶν
2908 3406 3042 3473 ἡμῖν
3092 3401 3362 3473 ἀνδρικῶς
3408 3401 3809 3466 ωνεφὴπτοντο

2245 3498 2343 3552 τοῦ
2390 3499 2652 3567 πολέμου,
2693 3496 2873 3559 λίθους
2921 3495 3019 3566 δλῃ
3064 3495 3213 3563 ψυχῇ
3267 3493 3401 3563 πρὸς
3445 3492 3648 3558 ἀμυναν
3694 3487 3801 3540 τῶν

2250 3590 2517 3643 ἐπιόντων
2564 3587 2913 3657 κομίζουσαι.
2954 3585 3153 3638 Πολλαὶ
3204 3585 3262 3636 δέ
3306 3583 3399 3637 καὶ
3440 3583 3518 3635 ὅτι
3548 3582 3802 3646 γυναῖκες

2248 3675 2390 3748 ἦσαν
2422 3665 2837 3748 ἐπιλαθόμεναι,
2890 3677 2959 3729 τὰ
3010 3676 3118 3729 τῶν
3169 3675 3378 3742 ἀνδρῶν
3413 3673 3805 3732 ἐπεδείκνυντο,

2254 3769 2778 3839 συμπαριστάμεναί
2812 3785 2872 3820 τε
2904 3769 3115 3828 τούτοις
3147 3766 3241 3819 καὶ
3278 3763 3519 3836 στερρῶς
3558 3760 3677 3815 κατ’
3715 3762 3813 3813 αὺ-

2249 3860 2372 3922 τοὺς
2405 3859 2771 3928 ἀγωνίζεσθαι
2818 3857 3289 3926 προθυμούμεναι.
3338 3854 3608 3922 Κεκίνητο
3650 3847 3741 3904 οὖν
3776 3852 3809 3917 ἡ

2253 3952 2501 4021 στρατιὰ,
2560 3951 2655 4001 καὶ
2704 3949 2927 4001 τοσοῦτο
2975 3949 3086 4007 τοῖς
3136 3946 3341 4014 τείχεσι
3399 3943 3812 4015 προσεπέλασαν

2251 4041 2326 4104 ὡς
2360 4039 2617 4094 δύνασθαι
2651 4037 2940 4099 κάκείνους
2973 4036 3155 4098 λίθους
3188 4036 3427 4103 πέμπειν
3456 4033 3696 4086 κάτωθεν
3727 4030 3811 4097 ἐφ’

2252 4132 2399 4202 ἡμᾶς
2429 4133 2546 4183 ταῖν
2583 4131 2785 4201 χεροῖν.
2822 4124 2934 4198 Εἶτ’
2962 4129 3205 4180 ἐπίνοιαν
3228 4127 3275 4178 οί
3304 4124 3563 4177 τοιούτων
3594 4121 3811 4189 ἐξεῦρον

2255 4225 2554 4292 στρατηγοὶ
2586 4222 2813 4280 ἐκείνοις
2853 4219 2952 4288 μὲν
2999 4215 3288 4285 ἀνακωχὴν
3337 4217 3569 4283 ἔχουσαν
3605 4214 3810 4282 ἱκανὴν,

2253 4315 2385 4381 ἡμῖν
2442 4314 2497 4366 δὲ
2550 4314 2709 4364 πόνον
2758 4311 2981 4378 διηνεκῆ
3026 4313 3120 4364 καὶ
3155 4310 3388 4377 πόλεμον
3430 4307 3808 4360 ἀδιάπαυστον.

2254 4402 2478 4473 Πρῶτον
2498 4402 2601 4473 μὲν
2631 4402 2738 4470 γὰρ
2778 4400 2885 4452 δεῖν
2911 4399 3168 4469 ᾠήθησαν
3193 4400 3326 4467 πρὸς
3359 4396 3448 4449 τὸν
3480 4398 3578 4463 τῆς
3606 4394 3810 4454 πόλεως
3855 4383 3869 4388 ”

592 4490 692 4541 dus
724 4498 925 4541 tantam
965 4488 1148 4541 urbem
1182 4488 1626 4561 percurrentibus
1662 4496 1714 4540 et
1751 4501 1877 4541 suos
1913 4488 1981 4541 ad
2017 4504 2145 4555 prae‘

2256 4494 2472 4546 ἅπαντα
2506 4490 2705 4543 κύκλον
2734 4490 3172 4556 διαγωνίζεσθαι,
3210 4491 3256 4541 εί
3292 4489 3385 4541 καὶ
3425 4487 3589 4548 πολὺς
3619 4481 3685 4555 ἦν
3716 4485 3812 4535 αὑ-

594 4579 723 4631 lium
757 4579 999 4631 animose
1024 4579 1409 4644 excitantibus,
1438 4578 1483 4631 si
1516 4581 1731 4648 quando
1782 4578 2109 4635 defecissent
2137 4598 2151 4648 ;

596 4670 850 4737 deinceps
868 4670 1174 4723 universam
1205 4668 1605 4722 multitudinem
1646 4670 1697 4721 in
1720 4680 1897 4737 partes
1916 4671 2155 4725 dividere

599 4771 655 4815 ut
715 4762 881 4815 altera
931 4760 1151 4814 alterius
1231 4761 1469 4814 laborem
1529 4770 1714 4814 mutua
1784 4761 2157 4815 vicissitudine

600 4853 941 4905 diininueret.
968 4850 1103 4904 Tum
1135 4850 1353 4905 demum
1396 4852 1678 4920 jusserunt
1712 4860 1916 4919 partem
1974 4850 2157 4901 oricu-

604 4942 759 4993 talem
791 4956 1005 4994 onmem
1037 4951 1090 4995 et
1120 4942 1512 4995 occidentalem
1550 4941 1617 4993 ab
1671 4956 1795 4993 arce
1854 4938 2159 4991 excelsiore

601 5032 666 5083 ad
703 5046 848 5085 mare
899 5032 1071 5100 ipsum
1120 5032 1552 5087 circumvallare.
1614 5031 1747 5085 Cum
1812 5044 1937 5084 vero
1996 5040 2157 5096 captu

602 5122 892 5175 faciliorem
916 5123 1229 5177 orientalem
1287 5123 1656 5194 agnovissent,
1715 5134 1967 5191 tanquam
2038 5136 2159 5189 Quae

605 5213 785 5265 nuiltis
812 5214 922 5267 suis
951 5214 1192 5281 partibus
1227 5214 1666 5281 putrescentibus
1715 5229 1859 5284 (egre
1890 5214 2159 5268 consiste-

603 5317 707 5371 ret,
740 5306 791 5357 in
824 5320 885 5358 ea
915 5306 1244 5374 copiosiores
1271 5316 1325 5360 et
1354 5305 1729 5359 bellicosiores
1763 5304 1827 5359 ad
1855 5305 2155 5371 confligen-

602 5396 727 5449 dum
776 5397 1065 5450 destinant.
1126 5393 1360 5452 Murates
1416 5397 1718 5459 dispertitis
1756 5436 1769 5461 ,
1840 5396 1928 5463 qui
2013 5396 2158 5447 circa

603 5493 773 5556 Ipsum
816 5496 990 5551 crant,
1024 5485 1290 5555 peditibus
1321 5487 1507 5540 eadem
1563 5498 1723 5555 atque
1749 5486 1839 5539 alii
1890 5485 2097 5538 ratione
2131 5501 2158 5536 a

610 5578 856 5645 l‘rigoulo
908 5578 975 5632 ad
1042 5576 1215 5629 locum
1272 5576 1322 5628 in
1376 5592 1482 5644 quo
1524 5579 1682 5628 situm
1736 5584 1818 5629 est
1868 5575 2162 5629 Chortaita:

606 5670 1008 5735 monasterium,
1038 5682 1213 5736 pugna
1269 5683 1370 5718 non
1405 5669 1658 5722 abstinet.
1692 5666 1936 5734 Namque
1967 5681 2163 5733 cogno-

608 5762 973 5826 veratelipsc
1003 5760 1273 5815 civitatem
1337 5758 1459 5810 inde
1525 5760 1639 5827 rapi
1709 5760 1920 5814 facilius
1981 5776 2158 5828 ροδειδ,

2255 4587 2367 4646 τοῖς
2413 4584 2440 4632 ὁ
2487 4584 2647 4643 πόνος
2694 4583 2963 4649 τοσαύτην
3016 4581 3323 4651 διέρχεσθαι
3377 4578 3530 4630 πόλιν
3569 4576 3813 4638 καὶτοὺς

2259 4673 2409 4741 σφῶν
2442 4674 2575 4742 πρὶς
2607 4673 2665 4723 τὸ
2704 4672 2964 4739 πολεμεῖν
2997 4673 3258 4739 γενναίως
3287 4669 3583 4737 διανιστᾷν,
3623 4666 3675 4718 εῐ
3698 4667 3812 4718 ποτ’

2256 4765 2542 4817 ὀκλάσειαν
2571 4780 2582 4793 ·
2619 4764 2808 4815 ἔπειτα
2842 4763 2898 4814 δὲ
2940 4762 3218 4828 διέκριναν
3255 4762 3333 4823 είς
3363 4762 3552 4829 μοίρας
3583 4760 3724 4810 ἆπαν
3754 4756 3812 4809 τὸ

2259 4854 2481 4922 πλῆθος,
2517 4852 2647 4904 ὥστ’
2673 4853 2816 4920 ἔχειν
2847 4851 3111 4918 ἀλλήλους
3140 4850 3488 4903 διαναπαύειν
3524 4847 3617 4901 τοῦ
3648 4848 3811 4899 κόπου

2256 4946 2323 5013 τῇ
2351 4945 2416 4995 δι’
2446 4943 2693 5011 ἀλλήλων
2722 4942 2964 5011 διαδοχῇ.
3001 4942 3109 4993 Καὶ
3136 4941 3255 4993 τότε
3290 4940 3353 5007 δὴ
3385 4937 3722 5001 προσέταξαν
3756 4938 3813 4990 τὸ

2259 5034 2383 5089 κατ’
2411 5035 2672 5097 ἀνατολὰς
2716 5034 2861 5087 ἅπαν
2900 5034 3062 5102 μέρος
3093 5033 3185 5084 καὶ
3213 5029 3272 5082 τὸ
3308 5030 3439 5095 πρὸς
3481 5029 3630 5081 δύσιν
3660 5044 3814 5094 περι-

2257 5126 2439 5179 λαϐεῖν
2466 5127 2571 5178 ἀπὸ
2599 5126 2696 5193 τῆς
2729 5118 3075 5194 ἀκροπίλεως
3106 5123 3309 5175 ἄνωθεν
3343 5121 3501 5188 ἄχρις
3532 5118 3697 5185 αὐτῆς
3722 5118 3815 5184 τῆς

2261 5215 2557 5282 θαλάσσης.
2590 5204 3003 5280 Εὐαλωτότερον
3036 5213 3093 5264 δὲ
3128 5212 3188 5263 τὸ
3217 5209 3337 5262 κσιτ⁹
3371 5208 3630 5269 ἀνατολὰς
3664 5206 3814 5257 ει)εά-

2263 5323 2427 5359 σαντο
2458 5306 2623 5373 μέρος
2653 5300 2741 5357 οἷα
2773 5305 2836 5373 δὴ
2869 5304 3199 5373 σαθρότερον
3228 5301 3287 5352 ἐν
3320 5300 3532 5360 πολλοῖς
3555 5298 3816 5365 τυγχάνον

2261 5399 2370 5459 τοῖς
2410 5399 2629 5467 μέρεσιν
2654 5413 2668 5427 ο
2707 5396 2829 5449 ὅθεν
2871 5397 2930 5447 τὸ
2966 5396 3126 5446 πλέον
3170 5393 3264 5444 καὶ
3312 5390 3697 5460 μαχιμώτερον
3726 5387 3818 5438 αὐ-

2261 5487 2377 5539 τόθι
2428 5487 2777 5554 διατεταχασι
2838 5485 3119 5552 πολεμεῖν.
3166 5485 3224 5535 '0
3279 5481 3572 5550 Μουράτης
3622 5480 3675 5531 δὲ
3710 5480 3817 5541 τοῖς

2263 5580 2401 5647 ἀμφ’
2433 5579 2593 5632 αὑτὸν
2632 5579 2749 5647 ἅμα
2782 5578 2988 5641 πεζοῖς,
3018 5576 3340 5646 διακριθεῖσι
3384 5574 3478 5626 καὶ
3506 5573 3689 5632 αὐτοῖς
3720 5585 3819 5620 πα-

2268 5670 2582 5741 ραπληαίως
2612 5671 2727 5730 τοῖς
2761 5667 2958 5731 ἄλλοις,
2992 5668 3097 5718 ἀπο
3123 5664 3215 5717 τοῦ
3245 5662 3577 5727 καλουμένου
3609 5660 3819 5727 Τριγω-

2266 5762 2381 5813 νζου
2418 5760 2604 5829 μέχρις
2634 5753 2693 5812 οὗ
2724 5760 2755 5828 ἡ
2788 5758 2922 5828 μονὴ
2956 5754 3207 5824 τυγχάνει
3242 5754 3335 5806 τοῦ
3368 5750 3694 5823 Χορταῒτου,
3728 5750 3819 5803 τοῦ
