4096 6300
623 390 728 454 607
742 377 749 383 ”

1819 394 1854 457 Ι
1859 394 2063 455 OANN
2069 395 2142 455 IS
2170 394 2648 499 ANdGNOSTrE

3748 405 3886 465 6‘}?

623 502 769 566 λίθος
799 503 927 558 ἄνευ
956 504 1158 558 σκοποῦ
1191 504 1484 579 ἀφιέμενος
1522 512 1584 563 ὲκ
1634 510 1818 580 χειρὸς
1868 513 2179 582 ναρκὼσης,
2211 513 2306 564 τοῦ
2341 512 2656 580 πέμποντος
2725 514 2824 583 οὐχ
2882 514 3017 585 ὁρᾷν
3069 515 3369 586 δυναμένου
3414 515 3547 584 πρὸς
3592 516 3717 569 τίνα
3769 519 3878 569 καῖ

623 597 699 664 πῆ
734 597 920 649 τοῦτον
968 599 1156 667 ἀφίησι
1186 616 1201 665 ;

695 689 805 742 lloc
841 702 1064 758 propter
1094 692 1338 747 bestibus
1369 697 1541 750 modis
1565 698 1813 752 omnibus
1845 709 2064 754 strenue
2115 714 2174 754 se

2350 696 2535 767 Ταύτῃ
2564 714 2646 749 τοι
2697 692 2793 750 οὖν
2821 698 2931 751 τῶν
2966 698 3243 764 πολεμίων
3299 699 3387 753 διὰ
3423 701 3643 755 πάντων
3699 703 3865 772 ισχυο

620 780 927 849 gerentibus
948 789 1004 835 ct
1037 798 1264 852 pugnam
1300 786 1579 855 diligenter
1609 793 2081 857 prosequentibus,
2126 800 2180 845 et

624 873 779 925 nobis
811 875 1058 928 omnibus
1093 876 1409 933 discrimine
1463 892 1717 951 metuque
1766 886 2077 952 prostratis,
2128 894 2182 940 et

622 962 742 1016 aliis
774 962 913 1017 bello
948 966 1104 1019 finem
1139 969 1433 1032 pasiturum
1464 972 1724 1028 Muratem
1761 977 2177 1044 suspicantibus,

623 1053 747 1107 aliis
779 1063 1019 1110 nostrum
1048 1056 1317 1113 excidium
1350 1066 1793 1130 exspectantibus
1824 1067 2176 1121 contenden—

579 1199 582 1201 Α
627 1145 876 1212 tilmsque
911 1162 1158 1213 prorsum
1212 1152 1403 1206 urbem
1440 1156 1772 1223 _capiendam
1853 1173 1997 1212 esse.
2081 1157 2174 1213 Sic

627 1236 788 1290 rebus
826 1252 884 1291 se
916 1238 1262 1306 habentibus,
1292 1252 1346 1297 et
1378 1246 1530 1299 nobis
1560 1250 1890 1313 perturbatis
1919 1258 1971 1302 et
2044 1251 2178 1304 insi—

624 1329 802 1391 gniter
834 1327 1093 1392 confusis,
1118 1346 1235 1384 cum
1275 1335 1471 1401 partim
1528 1352 1718 1405 pugna
1782 1338 2180 1407 incumberent,

624 1418 817 1481 partim
873 1428 1149 1487 torpentes
1196 1436 1525 1492 cessassent,
1604 1431 1801 1496 partim
1856 1432 2179 1501 sagittarum

624 1503 822 1561 ictibus
857 1520 1081 1563 mortem
1122 1514 1501 1582 oppetiissent,
1529 1519 1725 1587 partim
1761 1537 1790 1575 e
1840 1525 2010 1577 muris
2054 1524 2179 1592 luga

625 1612 744 1650 sese
772 1600 1155 1681 surripuissettt
1185 1607 1549 1677 continuoque
1582 1612 1946 1681 surriperent,
1986 1615 2183 1672 timore

625 1687 862 1742 statione
894 1676 1104 1759 relicta,
1135 1696 1374 1749 nondum
1394 1676 1572 1765 quarti
1607 1700 1710 1756 diei
1733 1676 1873 1756 hora
1905 1708 2185 1772 praeterie-

621 1787 709 1830 rat
733 1782 916 1846 tertia,
951 1791 1008 1837 et
1064 1787 1192 1841 urbs
1222 1786 1291 1842 ab
1325 1788 1593 1860 hostibus,
1631 1794 1734 1848 heu
1774 1796 1788 1849 l
1824 1797 1928 1852 hoc
1969 1800 2185 1867 capitur

623 1869 801 1926 modo.

2288 786 2394 856 ρῶν
2451 787 2832 855 δεικνυμένων,
2863 788 2957 841 τοῦ
2992 778 3255 858 ’πολέμου
3306 806 3363 841 τε
3408 790 3673 860 μηδαμῶς
3716 793 3869 861 ἀμε-

2283 875 2537 939 λούντων,
2577 880 2670 932 καὶ
2703 878 2922 931 πάντων
2971 881 3128 948 ἡμῶν
3172 880 3229 932 ὲν
3262 882 3486 950 ταράχῳ
3532 882 3714 951 πολλῷ
3764 884 3875 936 καὶ

2284 965 2436 1035 φόϐῳ
2467 964 2914 1035 καθεστηκότων,
2955 970 3045 1020 καὶ
3086 966 3196 1019 τῶν
3236 968 3335 1036 μὲν
3384 968 3700 1022 παύσασθαι
3761 972 3872 1023 τοῦ

2284 1057 2538 1125 πολεμεῖν
2573 1057 2663 1108 τὸν
2692 1057 2986 1128 Μουράτην
3036 1058 3431 1126 ὑπονοούντων,
3478 1060 3586 1112 τῶν
3635 1062 3694 1113 δὲ
3760 1063 3872 1130 τὴν

2281 1149 2559 1218 ἡμετέραν
2586 1147 2865 1200 ἀπώλειαν
2898 1149 3351 1217 προσδοκώντων,
3386 1149 3480 1202 καὶ
3517 1152 3871 1221 διατεινομέ-

2283 1254 2390 1289 νων
2428 1237 2502 1307 μὴ
2528 1237 2594 1290 ἂν
2628 1237 2803 1300 ἄλλως
2856 1239 3105 1305 γενέσθαι
3140 1240 3173 1310 ἢ
3217 1241 3315 1310 τὴν
3348 1240 3501 1293 πόλιν
3550 1241 3787 1303 ἁλῶναι,
3826 1271 3866 1280 ~-

2283 1328 2456 1392 οὕτως
2484 1324 2577 1382 οὖν
2611 1328 2718 1381 τῶν
2745 1332 3083 1399 πραγμάτων
3097 1331 3459 1400 διακειμένων
3507 1334 3602 1384 καὶ
3649 1333 3868 1399 πολλῆς

2284 1420 2340 1472 ὲν
2364 1423 2499 1489 ἡμῖν
2536 1421 2853 1491 συγχύσεως
2882 1422 3069 1491 οῠσης,
3100 1423 3211 1476 τῶν
3262 1424 3363 1492 μὲν
3412 1424 3551 1493 πρὸς
3585 1424 3644 1476 τὸ
3694 1430 3870 1476 πολε-

2287 1512 2410 1579 μεῖν
2444 1512 2569 1572 ἴσως
2594 1512 3029 1581 ἀσχολουμένων,
3070 1512 3179 1566 τῶν
3206 1513 3262 1564 δὲ
3319 1515 3864 1583 καταναρκωθέντων

2285 1600 2559 1665 καθάπαξ,
2593 1603 2793 1669 ἐτέρων
2813 1605 2868 1655 δὲ
2899 1606 3013 1666 τοῖς
3035 1605 3142 1656 ἀπὸ
3172 1605 3280 1657 τῶν
3310 1606 3480 1673 βελῶν
3541 1608 3865 1676 τραύμασιν

2285 1691 2751 1759 ἑναποθανόντων,
2801 1693 2959 1751 ἐνίων
2988 1694 3046 1747 δὲ
3093 1697 3185 1747 καὶ
3231 1696 3540 1763 φευγόντων
3578 1697 3686 1747 ἀπὸ
3745 1698 3867 1750 τῶν

2284 1782 2500 1851 τειχῶν,
2538 1785 2736 1851 μηκέτι
2772 1787 2957 1854 μένειν
2989 1787 3169 1838 ὲκεῖσε
3221 1786 3536 1854 δυναμένων
3596 1787 3703 1839 ὑπὸ
3761 1792 3865 1840 τοῦ

2285 1873 2460 1937 δέους,
2523 1875 2665 1928 οὕτω
2722 1877 2819 1947 τῆς
2872 1878 3141 1948 τετάρτης
3188 1879 3220 1947 ἡ
3274 1878 3430 1947 τρίτη
3479 1879 3864 1949 παρελήλυθεν

2287 1961 2425 2033 ὥρα,
2454 1965 2549 2018 καὶ
2579 1967 2612 2037 ἡ
2642 1967 2799 2029 πόλις
2828 1968 2929 2036 φεῦ
2960 1970 2972 2022 l
2999 1969 3150 2038 παρὰ
3180 1968 3289 2022 τῶν
3336 1970 3608 2039 πολεμίων
3666 1972 3862 2025 τοῦτον

2116 2130 2127 2137 _
2212 2032 2257 2089 Β
2285 2032 2428 2109 ἑάλω
2464 2057 2552 2110 τὸν
2598 2032 2834 2129 τρόπον.

695 2156 780 2211 l3.
813 2157 947 2215 Cum
983 2162 1036 2217 in
1070 2166 1235 2222 multa
1266 2168 1384 2226 loca
1415 2172 1591 2230 scalas
1640 2177 2025 2248 adduxissent,
2082 2198 2182 2239 nec

624 2258 843 2314 possent
875 2266 969 2307 eas
995 2255 1189 2312 alicubi
1248 2276 1405 2317 muro
1466 2266 1779 2335 appingere,
1809 2285 1839 2324 e
1901 2274 2183 2339 superiore

621 2350 778 2406 parte
807 2341 1011 2412 depulsi
1040 2347 1264 2418 ideoque
1291 2363 1435 2406 metu
1469 2362 1712 2425 oppressi
1749 2361 1919 2415 labori
1979 2378 2182 2417 renun-

624 2428 1095 2491 tiarttut:alicubi
1151 2440 1571 2500 aﬂixarumcum
1640 2452 1930 2507 nonnullos
1982 2456 2182 2522 gradus

622 2519 1015 2587 ascendissent,
1037 2540 1139 2580 non
1165 2540 1388 2597 potuere
1406 2533 1612 2590 facinus
1629 2538 1933 2607 absolvere,
1958 2519 2181 2609 quibus-

622 2606 745 2661 dam
770 2611 891 2667 aliis
921 2616 1340 2676 animosioribns
1373 2624 1423 2678 in
1455 2625 1561 2679 illis
1593 2629 1841 2695 partibus
1872 2635 2183 2689 consisten—

625 2698 788 2762 tibus,
820 2713 868 2756 et
898 2708 1044 2762 saxis
1076 2719 1239 2780 atque
1270 2713 1537 2783 lapidibus
1559 2732 1682 2773 cum
1722 2720 1854 2788 ipsis
1904 2724 2067 2777 scalis
2092 2727 2185 2780 de-

617 2789 933 2858 jicientibus
958 2809 1012 2853 et
1041 2799 1524 2860 internecantibus.
1544 2806 1678 2864 Cum
1705 2810 1886 2880 itaque
1917 2813 2033 2869 haec
2059 2830 2185 2871 suc-

621 2882 882 2938 cederent
908 2899 961 2940 et
990 2889 1062 2944 illi
1091 2892 1297 2947 insania
1333 2898 1475 2964 pleni
1508 2899 1775 2964 furerent,
1838 2920 1946 2959 non
1977 2909 2186 2963 medio-

622 2985 769 3025 crem
795 2975 1070 3032 infamiam
1106 2984 1207 3036 sibi
1243 2983 1469 3055 irrogari
1504 2991 1605 3043 rati
1640 2991 1686 3046 si
1719 2993 2004 3049 victoriam
2076 3014 2180 3052 non

625 3071 1013 3127 reportassent,
1043 3068 1311 3126 curiosius
1345 3073 1755 3148 investigantes,
1801 3083 2009 3137 scalam
2064 3085 2184 3140 Tri-

622 3151 779 3214 gouio
800 3154 1091 3222 applicant,
1113 3159 1267 3227 cujus
1294 3167 1521 3235 angulus
1545 3179 1665 3225 erat
1691 3186 1757 3226 ex
1776 3174 1941 3236 turri,
1970 3190 2069 3229 nec
2090 3190 2185 3243 po-

622 3247 1033 3300 teratascensus
1062 3248 1331 3321 impediri,
1353 3259 1692 3324 potissimum
1720 3278 1840 3318 cum
1868 3265 2180 3325 hominibus

620 3346 842 3435 prorsus
875 3338 1217 3405 viduaretur;
1253 3349 1523 3417 pedesque
1560 3353 1823 3408 audacior
1846 3356 1993 3421 aliis,
2047 3376 2175 3415 ense
2202 3371 2249 3435 ο

622 3419 878 3477 dentibus
904 3431 1107 3493 carpto,
1138 3428 1362 3502 vitaeque
1392 3445 1615 3492 mortem
1634 3419 1987 3509 praeponens,
2004 3446 2177 3501 solmn

622 3521 682 3564 ut
709 3511 1047 3572 fortitudinis
1110 3520 1309 3576 famam
1361 3526 1466 3580 sibi
1530 3543 1898 3598 compararet,
1960 3536 2179 3591 fidentia

621 3620 781 3672 quam
820 3610 1051 3664 maxima
1086 3628 1301 3669 murum
1334 3620 1597 3685 ascendit,
1631 3624 1849 3679 nemine
1881 3626 1930 3680 id
1963 3641 2183 3695 perseu-

625 3699 790 3752 tieute
821 3700 1042 3763 civium,
1074 3705 1204 3772 quin
1227 3707 1350 3762 aliis
1377 3708 1432 3764 in
1460 3709 1593 3767 locis
1615 3714 1868 3770 hostibus
1890 3732 2179 3774 ascensum

621 3789 1002 3858 prohibebant.
1029 3792 1078 3849 ls
1108 3794 1288 3853 Latini
1324 3800 1466 3867 inter
1490 3808 1902 3875 propugnacula
1940 3811 2180 3867 confossi

622 3879 934 3938 vulneribus
960 3894 1014 3939 et
1048 3898 1351 3945 extremum
1387 3894 1648 3962 spirantis
1688 3910 1851 3969 caput
1881 3900 2181 3958 abscissqu

624 3970 769 4025 inter
790 3976 1052 4045 conlligen
1064 3988 1141 4034 tes
1163 3982 1410 4052 projccit,
1464 3987 1698 4045 innuens
1720 4004 1780 4045 se
1809 3994 1979 4061 partis
2039 3995 2182 4051 illius

625 4065 874 4129 potitum,
907 4079 960 4121 et
981 4069 1212 4127 desertis
1249 4076 1419 4131 muris
1445 4079 1606 4146 plane
1637 4096 1828 4139 omnes
1890 4085 1943 4140 in
1994 4084 2178 4156 fugam

622 4170 746 4211 sese
779 4160 981 4214 reditus
1006 4163 1350 4223 immemores
1379 4172 1697 4239 conjecisse.
1738 4174 1891 4231 Diem
1927 4186 2039 4231 tum
2058 4194 2186 4247 ape-

625 4249 800 4306 riebat
853 4256 1053 4311 mensis
1084 4258 1311 4315 Martius
1367 4274 1639 4319 nonumet
1695 4267 2008 4324 vicesimum
2056 4271 2185 4326 anni

624 4342 763 4396 6958
797 4344 1018 4414 (Christi
1054 4348 1236 4418 1450).
1261 4352 1439 4418 Quare
1474 4355 1563 4409 ille
1592 4357 1806 4425 pedites
1862 4373 2056 4415 omnes
2088 4363 2186 4416 ad-

625 4434 873 4500 hortans,
928 4445 982 4491 et
1027 4440 1349 4496 destitutum
1405 4458 1436 4497 a
1472 4445 1849 4503 defensoribus
1882 4449 2058 4503 locum
2110 4452 2186 4507 si-

622 4528 905 4592 gnificans,
950 4541 1006 4582 ut
1039 4530 1181 4587 illico
1223 4536 1585 4590 ascenderem
1649 4539 1909 4595 clamare.
1969 4542 2072 4608 llli,
2127 4553 2186 4599 ut

624 4631 889 4685 poterant.
913 4623 1093 4677 subito
1122 4625 1282 4682 scalis
1316 4629 1587 4684 universis
1608 4632 1842 4687 admotis
1872 4634 2185 4704 frequentes

2358 2146 2448 2214 ιγ’.
2478 2147 2566 2209 Ὠς
2589 2150 2668 2211 είς
2700 2150 2870 2203 πολλὰ
2899 2149 2998 2214 τὰς
3026 2151 3304 2222 κλίμακας
3359 2148 3500 2223 ἦσαν
3528 2156 3861 2224 κομίσαντες

2287 2237 2450 2306 μέρη,
2476 2238 2571 2291 καὶ
2597 2242 2672 2309 πῇ
2703 2241 2919 2307 ἐγγίσαι
2948 2241 3026 2310 τῷ
3079 2244 3246 2313 τείχει
3290 2244 3491 2306 ταύτας
3539 2246 3637 2298 οὐκ
3675 2248 3857 2316 ἔσχον,

2282 2326 2653 2380 ἀπωθούντων
2685 2329 2796 2380 τῶν
2826 2330 2959 2395 ἄνω,
2999 2332 3192 2402 μέχρις
3229 2326 3289 2384 οῦ
3324 2332 3697 2403 κατενάρκησε
3732 2336 3861 2387 τού-

2282 2433 2408 2479 τους
2433 2420 2459 2469 ὁ
2507 2417 2689 2486 φόϐος,
2722 2419 2800 2489 πῆ
2831 2420 2886 2471 δὲ
2920 2420 3102 2484 θέντες
3152 2422 3244 2474 καί
3277 2440 3429 2485 τινας
3462 2423 3858 2493 ἀναδεὸηκότες

2287 2506 2550 2577 βαθμίδας
2592 2509 2692 2563 οὐκ
2731 2510 2959 2580 ἴσχυσαν
3000 2512 3060 2564 τὺ
3117 2515 3423 2586 ἐγχείρημα
3476 2524 3853 2588 συμπερᾶναι,

2284 2604 2445 2657 τινῶν
2477 2605 2742 2675 εὐψυχίαν
2800 2607 2938 2678 ὑπὲρ
3000 2609 3128 2668 τοὺς
3187 2610 3381 2672 ἄλλους
3444 2617 3741 2684 κτωμένων
3794 2620 3851 2670 ὲν

2284 2694 2514 2757 ἐκείνοις
2536 2699 2645 2759 τοϊς
2676 2696 2898 2767 μέρεσιν
2920 2699 3268 2767 εὑρεθέντων,
3294 2703 3387 2755 καὶ
3404 2703 3571 2767 λίθοις
3611 2708 3851 2775 χερμάσι

2286 2788 2780 2857 καταϐεϐληκότων
2820 2791 2936 2861 ἆμα
2992 2793 3398 2863 ταῖς-κλίμαξι
3456 2797 3699 2863 τούτους,
3762 2803 3853 2853 καί

2218 2876 2230 2890 ’
2284 2878 2510 2943 πολλοὺς
2541 2881 2600 2932 τὸ
2624 2879 2722 2949 ζῇν
2762 2882 3262 2951 ὲζημιωκότων,,--
3288 2887 3363 2950 ὡς
3388 2886 3481 2939 οῦν
3510 2889 3653 2941 οὕτω
3680 2891 3850 2943 ταῦτα.

2283 2970 2512 3039 γένοιτο,
2546 2973 2643 3024 καὶ
2671 2974 2900 3042 πλήρεις
2927 2969 3071 3044 ἦσαν
3124 2976 3323 3029 ἐκεῖνοι
3376 2978 3553 3048 θυμοῦ
3586 2981 3603 3049 (
3632 2982 3707 3051 μὴ
3754 2984 3852 3034 οὐκ

2282 3064 2470 3133 ὀλίγην
2520 3065 2752 3135 ἡγοῦντο
2779 3067 2885 3135 γὰρ
2928 3068 3189 3138 ὀφλήσειν
3249 3069 3513 3141 αἰσχύνην
3567 3074 3855 3142 ἡττημένοι

2282 3157 2615 3224 φανέντες),
2670 3159 3092 3231 περιεργότερον
3141 3165 3560 3232 στοχασάμενοι,
3612 3170 3704 3218 καὶ
3750 3167 3854 3218 τῶν

2283 3248 2567 3315 κλιμάκων
2600 3248 2725 3317 μίαν
2756 3250 2975 3303 κατὰτὸ
3006 3252 3309 3320 Τριγώνιον
3345 3253 3550 3319 θέντες,
3579 3249 3639 3309 οῦ
3678 3259 3846 3325 γωνία

2282 3352 2365 3401 τις
2388 3334 2457 3410 ἦν
2485 3341 2548 3391 έκ
2588 3339 2946 3417 πύργου,νκαὶ
3010 3341 3109 3394 οὐκ
3148 3337 3296 3413 εἶχεν
3347 3344 3469 3397 ὅθεν
3516 3346 3580 3400 ἄν
3625 3366 3704 3407 τις
3755 3350 3854 3417 τῆς

2288 3429 2477 3482 ἀνόδου
2501 3430 2743 3485 κωλύσαι
2765 3430 2855 3484 τὸν
2875 3432 3258 3502 ἀναϐαίνοντα,
3292 3436 3390 3489 καὶ
3418 3437 3580 3507 πολλή
3632 3455 3713 3500 τις
3736 3440 3851 3491 τῶν

2288 3523 2592 3592 ἀνθρώπων
2636 3522 2934 3593 ἐτύγχανεν
2987 3524 3213 3595 ἐρημία,
3273 3526 3478 3595 τόλμην
3510 3527 3678 3596 ψυχῆς
3731 3528 3843 3579 τῶν

2290 3613 2465 3668 ἄλλων
2498 3632 2583 3677 τις
2635 3616 2818 3679 πεζῶν
2872 3616 3270 3685 ἐνδειξάμενος,
3326 3619 3385 3670 τὸ
3426 3619 3572 3685 ξίφος
3612 3618 3846 3671 ἐνδακὼν

2290 3709 2397 3767 τοῖς
2422 3706 2599 3759 ὀδοῦσι
2625 3708 2718 3761 καὶ
2744 3707 2804 3760 τὸ
2844 3709 3028 3762 θανεῖν
3051 3709 3431 3779 ἀνθηρημένος
3462 3709 3554 3762 τοῦ
3608 3709 3724 3779 ζῇν,
3763 3710 3849 3761 ἵνα

2295 3797 2457 3866 μόνον
2484 3797 2735 3869 ἀνδρείας
2763 3798 2923 3865 δόξαν
2967 3799 3284 3868 κομίσηται,
3322 3800 3442 3868 μεθ’
3495 3802 3623 3868 ὅσης
3672 3803 3733 3854 ἄν
3770 3817 3851 3862 τις

2293 3889 2436 3942 είποι
2479 3888 2579 3959 τῆς
2636 3889 2925 3957 εὐτολμίας
2978 3889 3039 3942 τὸ
3091 3892 3267 3960 τεῖχος
3311 3890 3663 3960 ἀναδεϐήκει,
3733 3890 3848 3957 μηδ’

2290 3981 2601 4034 οὑτινοσοῦν
2649 3980 2977 4048 αἰσθομένου
3011 3980 3120 4032 τῶν
3178 3981 3347 4044 ἔνδον,
3412 3982 3507 4034 καὶ
3555 3982 3674 4034 κατ’
3732 3982 3851 4035 ἄλλο

2292 4075 2459 4144 μέρος
2484 4074 2590 4126 τῶν
2622 4074 2884 4126 ἐναντίων
2913 4071 3225 4142 τηρούντων
3259 4072 3359 4142 τὴν
3400 4072 3606 4127 ἄνοδον.
3634 4074 3853 4125 Λατῖνον

2290 4166 2385 4219 οῦν
2402 4167 2561 4229 εὐθὺς
2584 4167 2642 4219 ἐν
2671 4169 2791 4229 ταῖς
2820 4164 3221 4235 πυργοδάρεσιν
3278 4163 3531 4234 εὑρηκὼς
3578 4166 3845 4233 τετρωμέ-
3886 4208 3897 4235 ε

2292 4276 2382 4313 νον
2427 4258 2653 4325 έναγγος
2691 4257 2786 4311 καὶ⁸
2832 4259 2899 4309 τὰ
2954 4257 3165 4309 λοίσθια
3214 4255 3459 4319 πνέοντα,
3516 4259 3705 4307 τούτου
3750 4255 3842 4323 τὴν
3884 4260 3896 4311 1

2291 4349 2534 4417 κεφαλὴν
2564 4346 2815 4416 ἐκτεμὼν
2844 4346 2950 4398 τῶν
2984 4344 3359 4415 πολεμούντων
3393 4346 3472 4406 είς
3542 4347 3705 4412 μέσον
3746 4361 3842 4396 κα·
3880 4356 3890 4377 ι

2290 4439 2534 4511 repetes,
2562 4439 2738 4504 δείξας
2767 4439 2911 4500 ὅπως
2947 4454 3007 4490 τε
3036 4436 3130 4489 τοῦ
3167 4437 3366 4505 μέρους
3418 4437 3628 4488 ἐκείνου
3656 4437 3853 4503 κεκράο
3879 4487 3888 4499 ,

2289 4548 2424 4599 τηκε
2468 4530 2561 4582 καὶ
2588 4532 2661 4591 ὡς
2695 4532 2967 4598 τατείχη
3019 4528 3217 4589 πάντες
3264 4526 3618 4587 ἀπολιπόντες
3663 4525 3876 4613 ᾤχοντο.

2292 4625 2719 4695 ἀμεταστρεπτί.
2768 4624 3025 4693 Ἐννάτην
3054 4619 3156 4693 ἦγε
3174 4622 3266 4675 καὶ
3286 4621 3539 4690 εἰκοστὴν
3568 4623 3595 4672 ὁ
3617 4621 3854 4689 Μάρτιος

622 4717 937 4777 ascendere.
969 4715 1202 4771 clamore
1233 4723 1531 4787 etstrepitu
1566 4722 1658 4790 qui
1690 4725 1957 4792 tympanis
2031 4727 2181 4781 corio

2287 4721 2434 4783 τότε,
2468 4716 2587 4777 ἔτος
2627 4716 2684 4768 δὲ
2719 4715 3043 4785 τριακοστὸν
3076 4713 3262 4782 ὃγδοον
3308 4712 3445 4783 πρὸς
3497 4711 3577 4780 τῷ
3641 4710 3855 4774 ἑξακισ-

623 4804 882 4857 confectis
917 4804 1134 4858 elicitur
1160 4823 1174 4873 ;
1200 4806 1300 4860 hoc
1325 4806 1464 4861 idem
1505 4810 1651 4863 enim
1677 4806 1820 4864 inter
1869 4811 2181 4866 bellandum

625 4897 858 4948 maxime
883 4898 1092 4952 animos
1120 4900 1384 4954 eortcutit.
1420 4900 1572 4955 Multi
1602 4900 1769 4956 etiam
1803 4909 2007 4957 temere
2073 4918 2186 4955 au—

626 4985 916 5055 dacterque
944 4991 1189 5045 manibus
1213 4992 1506 5059 etgettibus
1532 5003 1770 5063 reptare,
1800 4993 1952 5062 gravi
2000 4993 2178 5047 aliena

624 5078 728 5130 sibi
755 5084 1101 5145 comparandi
1136 5083 1225 5136 siti
1252 5099 1534 5148 succensa,
1554 5092 1610 5138 et
1638 5099 1738 5153 per
1768 5084 2184 5153 propugnacula

627 5167 771 5222 intro
802 5182 923 5224 sese
953 5174 1187 5227 mittere.
1214 5175 1409 5230 Veram
1435 5179 1634 5246 quibus
1656 5194 1754 5249 per
1788 5180 1965 5235 scalas
1990 5195 2187 5237 ascen-

625 5275 718 5315 sus
751 5274 855 5315 non
897 5263 1332 5333 permittebatur,
1385 5283 1484 5337 per
1553 5286 1830 5327 murorum
1890 5271 2185 5335 foramina,

625 5372 745 5424 qua:
770 5357 936 5409 multa
964 5356 1281 5425 effuderant,
1310 5366 1362 5415 in
1402 5362 1589 5417 urbem
1623 5364 1840 5418 solliciti
1873 5365 2186 5433 immigrare

629 5445 770 5499 alius
798 5445 963 5499 alium
987 5448 1148 5501 celeri
1180 5465 1341 5503 cursu
1368 5461 1421 5504 et
1439 5452 1617 5506 citatis
1649 5454 1904 5520 passibus
1926 5467 2186 5522 superare

627 5538 981 5604 contendens,
1020 5540 1266 5593 manibus
1300 5557 1458 5597 enses
1521 5544 1863 5606 feretttes,-et
1898 5546 2052 5613 quasi
2086 5544 2187 5598 de-

628 5642 905 5685 certantes
932 5632 1055 5700 quis
1084 5634 1229 5699 prior
1258 5632 1379 5686 aliis
1412 5633 1464 5687 in
1507 5635 1746 5689 habitata
1773 5637 1924 5691 urbis
1955 5638 2070 5689 loca
2133 5643 2190 5690 et

630 5734 783 5773 oram
820 5724 1149 5776 maritimam
1186 5734 1521 5787 promi-reret
1561 5741 1573 5776 :
1637 5739 1703 5778 eo
1729 5726 1872 5778 enim
1922 5726 2186 5791 potiorem

633 5813 830 5868 civium
868 5826 1100 5879 partem,
1136 5820 1191 5867 et
1220 5812 1451 5870 maxime
1477 5813 1718 5881 Latinos,
1752 5826 1970 5881 prapter
2031 5818 2190 5872 trire-

2292 4807 2547 4879 χιλιοστῷ
2595 4804 2993 4875 ὲννακοσιοστῷ
3048 4805 3373 4871 ἐνειστήκει.
3427 4801 3854 4871 Παραθαρῤύνις

2289 4900 2467 4953 τοίνυν
2507 4899 2713 4960 ἐκεῖνος
2760 4897 2964 4958 πάντας
3010 4895 3204 4958 πεζοὺς
3241 4894 3311 4945 τὸ
3355 4894 3516 4961 τάχος
3545 4908 3604 4945 τε
3656 4892 3853 4943 ἀνιέναι

2292 4991 2420 5043 ὲὸὀα
2442 4989 2534 5042 καὶ
2558 4990 2656 5058 τὴν
2689 4987 2930 5055 ἐρημίαν
2954 4983 3169 5065 tanta».
3208 4983 3271 5036 Οἱ
3299 4982 3345 5034 δ’
3386 4982 3461 5043 ὡς
3489 4974 3631 5048 εἶχον
3683 4979 3851 5039 πάσας

2294 5084 2634 5152 παραχρῆμα
2689 5079 2967 5148 κλίμακας
3040 5076 3243 5143 θέντες,
3304 5072 3486 5142 συχνοὶ
3560 5071 3628 5123 δι’
3681 5068 3854 5120 αὐτῶν

2293 5174 2603 5228 ἁναόαίνειν
2624 5170 2912 5240 ἠπείγοντο
2947 5168 3044 5221 σὺν
3064 5166 3172 5237 ’βοῇ
3212 5165 3305 5220 καὶ
3328 5163 3405 5233 τῷ
3441 5162 3546 5215 τῶν
3604 5159 3709 5214 ἀπὸ
3739 5159 3856 5229 δέρ-

2296 5269 2396 5337 ρης
2422 5265 2721 5334 τυμπάνων
2744 5263 2861 5331 ἤχῳ
2889 5277 2903 5293 ο
2951 5261 3105 5329 φέρει
3154 5258 3260 5326 γὰρ
3300 5256 3393 5309 καὶ
3444 5252 3602 5306 τοῦτο
3659 5249 3853 5318 πολλήν

2293 5375 2414 5411 τινα
2445 5361 2500 5408 ἐν
2517 5358 2627 5419 τοῖς
2646 5353 2903 5422 πολέμοις
2941 5350 3041 5419 τὴν
3068 5347 3349 5416 ἔκπληξιν.
3390 5344 3585 5427 Πολλοὶ
3608 5344 3661 5394 δὲ
3686 5358 3854 5408 παρα-

2294 5449 2462 5508 δόλως
2510 5447 2601 5498 καὶ
2662 5441 3061 5515 ἀναρριχᾶσθαι
3132 5438 3516 5509 παρωρμῶντο
3563 5433 3853 5504 προθύμως

2296 5541 2382 5594 διὰ
2413 5538 2612 5608 πολλὴν
2633 5537 2725 5589 τοῦ
2745 5535 2966 5605 κέρδους
2994 5532 3309 5596 ἐπιθυμίαν,
3346 5529 3439 5583 καὶ
3469 5528 3559 5580 διὰ
3585 5526 3690 5578 τῶν
3723 5542 3855 5591 πυρ-

2300 5626 2973 5700 γοϐάρεωνέπεισπίπτειν
3016 5620 3371 5685 ἐσπούδαζον.
3410 5620 3563 5671 Ὅσοι
3620 5615 3717 5685 μὲν
3767 5612 3855 5666 οὖν

2299 5724 2567 5785 ἐδύναντο,
2596 5719 2743 5771 τόνδε
2768 5718 2857 5769 τὸν
2880 5716 3079 5785 τρόπον
3106 5712 3388 5767 ἀνέϐαινον
3411 5727 3424 5740 ·
3458 5702 3539 5771 οἷς
3591 5707 3633 5760 δ’
3665 5706 3762 5758 οὐκ
3792 5700 3855 5774 ἦν

2304 5813 2520 5878 ἑφικτξν
2545 5810 2634 5865 διὰ
2654 5810 2761 5864 τῶν
2797 5807 3103 5879 κλιμάκων,
3141 5804 3229 5858 διὰ
3271 5802 3380 5856 τῶν
3407 5798 3734 5875 ὀρυγμάτων
3787 5790 3857 5850 ὧν
