4096 6300
252 406 361 469 ιο)

1268 405 1363 466 DE
1402 406 1717 467 EXCIDIO
1752 405 2482 467 TllESSALONlCENSI.

3377 396 3485 462 6.0

252 518 601 589 εἰργάσαντο,
628 516 838 569 πολλῶν
883 516 1071 580 ὅντων,
1101 518 1192 570 ἐπὶ
1221 502 1320 587 τὴν
1370 518 1524 570 πόλιν
1579 518 1831 587 δρομαῖοι

1941 532 2053 572 mes
2072 516 2384 585 confugisse
2422 515 2857 584 suspicabantur.
2893 513 3096 570 Omnes
3158 515 3336 582 itaque
3370 532 3489 579 nos,

256 610 571 678 συνέρρεον,
609 608 764 669 illo;
815 608 974 660 ἄλλον
1003 607 1079 677 τῷ
1097 611 1253 678 τάχει
1287 610 1545 670 νικῶντες
1581 609 1675 661 καὶ
1712 611 1832 661 ταῖν

254 702 437 772 χεροῖν
462 700 529 750 τὰ
560 699 690 768 ξίφη
728 699 1005 768 φέροντες,
1042 698 1134 751 καὶ
1177 695 1289 752 οἷον
1329 700 1600 769 ἐρίζοντες
1656 699 1734 760 τίς
1767 697 1833 749 ἂν

258 791 486 859 φθάσειε
538 790 802 858 πρότερος
856 789 950 842 ἐπὶ
1002 792 1063 841 τὸ
1110 792 1207 857 τῆς
1251 787 1456 851 πόλεως
1514 788 1832 859 οἰκούμενον

262 884 451 953 μέρος,
483 881 578 933 καὶ
612 880 847 947 μάλιστα
888 882 950 933 τὸ
1001 881 1136 951 πρδς
1168 880 1438 934 θάλατταν
1470 898 1482 911 ·
1509 883 1647 951 πρὸς
1700 879 1833 931 αὐτὸ

259 976 369 1042 γὰρ
390 975 514 1037 τοὺς
548 972 762 1033 πλείους
788 975 883 1028 καὶ⁵
915 974 1147 1044 μάλιστα
1178 975 1306 1037 τοὺς
1344 974 1602 1037 Λατίνους
1633 973 1832 1026 ὑπέλα-

259 1066 355 1117 ϐον
398 1064 484 1135 διὰ
516 1066 614 1125 τὰς
643 1065 911 1133 τριήρεις,
946 1064 1445 1135 προσπεφευγέναι.
1496 1065 1699 1125 Πάντες
1741 1060 1831 1116 οῦν

260 1130 443 1226 ἡμεῖςῖ
470 1156 546 1218 ὼς
575 1130 722 1225 εἶχεν
756 1130 1003 1217 *ἕκαστος*
1030 1156 1247 1226 τάχους,
1273 1130 1322 1208 οἰ
1356 1156 1455 1225 μὲν
1496 1154 1616 1209 κατ’
1651 1155 1833 1216 οἴκους

258 1247 511 1317 ὲθέομεν,
569 1245 618 1298 οἰ
660 1248 717 1298 δὲ
765 1250 913 1309 ναοῖς
966 1248 1129 1318 ίεροῖς
1173 1247 1607 1315 κατεφεύγομεν,
1654 1245 1831 1313 ἕτεροι

260 1337 569 1404 ὑπονόμους
594 1338 689 1389 καὶ
742 1338 1030 1406 μνήματα,
1065 1338 1159 1389 καὶ
1225 1336 1327 1389 εἴτι
1386 1336 1523 1405 πρὸς
1559 1335 1834 1403 σωτηρίαν

260 1425 329 1499 ἦν
372 1429 699 1499 ἐπιτήδειον,
734 1429 993 1484 ὑποδῦναι
1056 1428 1154 1482 σὺν
1200 1430 1390 1499 τρόμῳ
1427 1426 1830 1498 ἠγωνιζόμεθα,

262 1520 412 1573 ἄλλοι
446 1519 506 1570 τὸ
536 1518 627 1570 τοῦ
666 1517 919 1586 αἰγιαλοῦ
971 1518 1383 1589 κατελάμϐανον
1421 1519 1607 1588 μέρος,
1650 1516 1835 1585 οἰόμε-

266 1628 345 1663 νοι
367 1610 530 1678 δῆθεν
552 1610 661 1662 τῶν
696 1610 942 1680 τριηρῶν
974 1611 1235 1680 ἐπιϐῆναι
1264 1611 1296 1681 ἢ
1354 1610 1556 1663 πλοίων
1609 1609 1831 1679 ἑτέρων,

269 1702 389 1769 μεθ’
420 1701 551 1770 ὅσης
572 1701 639 1753 ἄν
664 1718 745 1764 τις
768 1702 913 1754 εἴποι
938 1701 1037 1770 τῆς
1067 1704 1272 1772 φρίκης
1304 1719 1318 1733 ο
1354 1701 1523 1772 ᾤοντο
1568 1701 1676 1769 γὰρ
1708 1699 1837 1753 πολ-

264 1793 348 1843 λοὶ
381 1792 549 1862 μήπω
578 1792 701 1853 τοὺς
732 1792 1029 1859 πολεμίους
1054 1792 1281 1867 εἰσιέναι
1332 1791 1565 1845 ἐκεῖθεν.
1588 1792 1660 1843 Τὸ
1693 1790 1735 1842 δ’
1767 1786 1835 1858 ἦν

264 1882 597 1947 τούναντίον,
627 1883 719 1937 καὶ
750 1884 846 1952 τῆς
870 1900 933 1950 γε
978 1883 1193 1945 ἐλπίδος
1241 1883 1542 1953 διήμαρτον
1585 1883 1631 1933 οἰ
1677 1880 1835 1932 τοῦτο

265 1972 661 2041 διανοούμενοι.
697 1973 870 2035 Τοῦτο
902 1973 957 2027 δὲ
994 1973 1137 2027 κατὰ
1168 1973 1257 2026 τὸν
1282 1972 1495 2042 πύργον
1526 1973 1614 2025 τὸν
1638 1972 1833 2023 καλού-

270 2081 429 2131 μενον
457 2065 771 2134 Σαμαρείαν
797 2063 937 2120 εἰδον
973 2068 1173 2129 πάντες
1207 2066 1443 2134 συμϐάν.
1477 2066 1698 2117 Πάντων
1724 2065 1834 2135 γάρ

266 2155 691 2224 προσδοκώντων
724 2157 798 2219 ὡς
842 2158 971 2211 ὅταν
1004 2160 1036 2226 ή
1068 2158 1221 2221 πόλις
1252 2157 1384 2227 ἁλῷ,
1433 2157 1509 2227 μὴ
1555 2158 1621 2211 ἂν
1646 2156 1833 2209 τοῦτον

267 2246 430 2307 εὐθὺς
465 2248 851 2317 προσδεδόσθαι
904 2250 937 2319 ἢ
992 2249 1116 2319 τὴν·
1150 2252 1408 2320 ταχίστην
1448 2250 1535 2303 διὰ
1592 2250 1833 2318 πολέμου

266 2336 561 2405 ληφθῆναι,
596 2338 735 2406 πρδς
760 2340 861 2407 τὴν
912 2341 1009 2409 τῆς
1038 2340 1310 2408 θαλάττης
1356 2341 1529 2408 αὐτὴν
1579 2342 1835 2409 κείμενον

270 2430 425 2493 ἠϊόνα
458 2430 548 2481 καὶ
575 2430 995 2499 διατειχίσμασι,
1046 2433 1139 2484 καῖΙ
1169 2432 1352 2494 ὅπλοις
1404 2431 1500 2482 καὶ
1544 2431 1675 2482 πᾶσι
1723 2431 1835 2491 τοῖς

272 2519 595 2585 ἀναγκαίοις
628 2519 814 2581 καλῶς
868 2521 1336 2591 κατωχυρωμένον
1358 2562 1371 2583 ,
1400 2549 1450 2561 -
1481 2524 1685 2590 ταύτην
1741 2518 1834 2575 οὖν

267 2610 368 2677 τὴν
408 2612 645 2677 ματαίαν
675 2612 869 2665 ἐλπίδα
927 2613 1095 2666 πάλαι
1124 2613 1279 2682 ἡμῶν
1316 2614 1692 2681 κεκτημένων,
1737 2615 1837 2665 οὐκ

271 2699 444 2764 ὀλίγοι
475 2700 538 2770 δή
589 2719 732 2763 τινες
774 2705 866 2756 καὶ
924 2706 1061 2773 πρὸς
1110 2704 1300 2757 τοῦτον
1349 2705 1692 2773 κατέδραμον
1745 2705 1836 2756 ἐπὶ

272 2787 487 2859 φυλακῇ
540 2790 648 2843 τῶν
682 2791 829 2845 ἰδίων
894 2792 1181 2861 σωμάτων.
1219 2793 1364 2863 Πλὴν
1409 2792 1685 2846 κάνταῦθα
1731 2793 1829 2862 τῆς

1936 618 1993 662 ιιι
2023 608 2217 678 cuique
2253 610 2426 671 licuit,
2462 608 2638 677 fugam
2669 616 3004 660 maturantes
3047 606 3133 659 alii
3176 608 3227 660 in
3287 609 3493 660 aedibus

1934 714 2055 754 sese
2072 701 2293 765 abdere,
2326 700 2412 752 alii
2457 700 2510 753 in
2541 698 2818 751 cuniculos
2852 713 2904 750 et
2932 698 3199 764 sepulcra,
3226 698 3340 752 etsi
3363 700 3492 767 quid

1932 789 2075 843 aliud
2107 791 2266 844 saluti
2326 789 2719 842 conducibilius
2783 787 3079 846 videbatur.
3132 803 3237 840 non
3289 789 3494 856 absque

1936 890 2177 935 tremore
2208 880 2534 947 subrepere;
2564 879 2653 931 alii
2685 878 2988 931 triremium
3024 878 3103 929 vel
3134 878 3363 930 aliarum
3399 892 3497 929 na-

1932 973 2231 1027 vicularum
2258 960 2541 1027 ascensum
2564 972 2687 1033 sibi,
2713 973 2935 1022 borrore
2962 984 3103 1023 saevo
3123 969 3348 1038 perfusi,
3375 984 3499 1036 pro-

1934 1068 2237 1126 mittentes,
2263 1066 2326 1116 ad
2347 1065 2525 1117 littora
2554 1077 2808 1130 proruere
2836 1079 2848 1115 :
2876 1077 3105 1128 naton
3136 1062 3498 1125 opinabantur

1935 1159 2138 1213 aditum
2168 1156 2335 1210 fuisse
2359 1157 2423 1207 ad
2465 1170 2561 1208 eas
2591 1155 2838 1208 hostibus
2882 1154 3254 1208 iuterclusmn.
3284 1156 3355 1207 At
3408 1170 3496 1207 res

1936 1249 2095 1301 aliter
2129 1256 2406 1311 cesserat;
2446 1254 2497 1298 et
2525 1245 2615 1314 qui
2647 1244 2846 1298 similia
2879 1245 3344 1311 imaginabantur,
3401 1259 3497 1311 spe

1934 1352 2028 1392 Sua
2062 1336 2234 1390 delusi
2268 1344 2413 1389 sunt.
2448 1333 2559 1403 Hoc
2609 1335 2746 1388 idem
2804 1343 2857 1388 et
2886 1335 3028 1389 circa
3072 1337 3263 1389 turrim
3310 1334 3499 1389 Satna.
3557 1392 3569 1402 ,

1934 1432 2070 1483 riam
2128 1437 2494 1493 nuncupatam
2540 1426 2834 1493 contigisse
2885 1440 3072 1480 omnes
3123 1427 3497 1495 experimento

1936 1519 2433 1588 deprehenderunt.
2480 1515 2613 1570 Nam
2655 1517 3062 1579 existimabant,
3094 1518 3311 1571 etiamsi
3347 1500 3495 1570 urbs

1936 1622 2244 1682 caperetur,
2287 1626 2394 1664 non
2446 1612 2626 1664 statim
2656 1625 2773 1664 eam
2825 1610 3159 1665 deditionem
3224 1612 3493 1665 facturam

1937 1705 2021 1758 vel
2055 1704 2188 1757 adeo
2209 1702 2463 1757 celeriter
2486 1703 2552 1754 ab
2571 1702 3032 1769 Oppugnatoribus
3060 1703 3493 1771 opprimendam,

1940 1796 1993 1848 in
2024 1794 2143 1862 ipso
2170 1793 2336 1845 maris
2366 1793 2547 1845 littore
2578 1792 2761 1855 sitam,
2791 1792 2962 1845 muris
2991 1804 3043 1844 et
3076 1793 3247 1845 armis
3298 1802 3494 1846 tectam

1937 1883 2378 1951 necessariisque
2407 1882 2528 1935 aliis
2559 1883 2759 1950 optime
2785 1884 3193 1937 communitam.
3222 1884 3333 1938 llac
3356 1900 3494 1937 vana
3534 1882 3535 1885 “

1936 1990 2031 2045 spe
2060 1990 2087 2027 a
2121 1974 2285 2028 nmlto
2313 1985 2558 2043 tempore
2615 1974 2797 2028 laetati
2850 1990 2955 2029 non
3009 1975 3164 2044 pauci
3200 1976 3253 2029 in
3320 1976 3493 2040 illam,

1937 2073 1994 2118 ιιι
2023 2064 2258 2133 propriis
2298 2065 3037 2132 corporibusproviderent,
3080 2067 3333 2133 ruebant.
3395 2068 3498 2120 Ve-

1938 2141 2239 2208 t'tfttttatttett
2264 2155 2315 2207 in
2354 2155 2457 2209 hoc
2486 2170 2701 2225 quoque
2753 2156 2963 2222 decepti
3000 2168 3125 2211 sunt
3163 2175 3177 2210 :
3211 2158 3292 2210 vix
3348 2161 3493 2212 enim

1937 2262 2002 2302 ex
2034 2246 2262 2311 Latinis,
2289 2247 2380 2315 qui
2412 2257 2569 2300 erant
2589 2247 3005 2311 illustriores,et
3032 2240 3297 2303 Tzetariis
3316 2253 3495 2318 pauci,

1940 2354 2061 2391 cum
2097 2338 2207 2391 illis
2234 2337 2431 2404 quibus
2464 2337 2612 2390 illius
2649 2340 2889 2392 custodia
2928 2351 3045 2393 erat
3074 2343 3408 2405 concredita,
3445 2345 3497 2396 in

1940 2429 2085 2483 illam
2121 2430 2527 2496 conﬂuxerunt,
2573 2430 2982 2500 intromissique
3039 2433 3163 2487 aliis
3213 2435 3497 2488 introitum

1939 2521 2294 2587 denegarunt,
2324 2533 2379 2575 et
2401 2537 2637 2587 murum,
2667 2524 2721 2576 in
2765 2539 2915 2577 mare
2962 2526 3387 2593 propendentcm
3426 2528 3498 2594 (ei

1941 2613 2303 2681 Tzerempulo
2330 2614 2470 2683 apud
2506 2628 2698 2668 omnes
2759 2630 2953 2669 nomen
3010 2617 3115 2685 est)
3142 2619 3194 2670 in
3256 2624 3503 2672 triremes

1941 2705 2104 2773 paulo
2130 2714 2254 2758 ante
2273 2718 2339 2757 ex
2377 2714 2534 2773 portu
2563 2718 2629 2759 eo
2693 2706 2926 2760 deuexas
2992 2723 3113 2761 cum
3149 2708 3272 2789 aliis
3321 2711 3505 2779 ingre-

1939 2796 2183 2849 dinutur.

270 2883 484 2947 ἐλπίδος
523 2886 822 2956 διήμαρτον
853 2900 868 2916 ⁸
905 2889 1065 2955 μόγις
1113 2888 1221 2958 γὰρ
1267 2889 1376 2941 τῶν
1430 2889 1675 2941 Λατίνων
1723 2889 1837 2942 ὅσοι
1880 2889 2209 2961 προῦχοντες
2269 2887 2427 2962 ἦσαν,
2471 2892 2566 2945 καὶ
2616 2894 2931 2963 Τξεταρτων
2980 2895 3150 2964 ὀλίγοι
3209 2899 3347 2966 μετᾶ
3394 2901 3505 2951 τῶν

269 2982 730 3050 προϋπαρχόντων
753 2984 831 3045 είς
868 2984 1138 3051 φυλακὴν,
1178 2986 1259 3045 εἰς
1306 2985 1493 3037 τοῦτον
1540 2987 1842 3054 συνέφυγον
1880 2988 2057 3058 μόνον,
2083 2990 2332 3051 καὶτοὺς
2364 2988 2559 3051 ἄλλους
2623 2989 2787 3049 εὐθὺς
2844 2987 3228 3044 κεκωλύκεσαν
3278 2993 3376 3061 τῆς
3424 2995 3505 3045 εί-

272 3076 449 3129 σόδου.
473 3076 534 3128 Οἳ
567 3076 660 3130 καὶ
676 3078 763 3131 διὰ
785 3078 876 3132 τοῦ
907 3081 1047 3133 κατά
1079 3080 1350 3133 θάλατταν
1385 3080 1833 3150 προϐεϐλημένου
1900 3084 2346 3154 διατειχίσματος
2419 3084 2437 3155 (
2470 3084 2889 3154 Τζερέμπουλον
2921 3083 3079 3137 τοῦτο
3125 3085 3311 3141 καλεῖν
3370 3087 3505 3139 πάν-

268 3186 361 3231 τες
384 3168 651 3237 εἰώθαμεν
687 3169 705 3238 )
745 3170 824 3232 εἰς
880 3171 976 3233 τὰς
1003 3171 1252 3240 τριήρεις
1295 3172 1519 3239 εἰσίασι,
1547 3173 1652 3242 πρὸ
1691 3174 1889 3245 μικροῦ
1931 3175 2066 3245 πρὸς
2101 3176 2264 3229 αὐτὸν
2300 3177 2439 3245 μετὰ
2486 3177 2876 3247 προεισιόντων
2930 3177 3198 3232 ἄλλων⁶ἐκ
3228 3179 3322 3232 τοῦ
3352 3179 3506 3246 λιμέ-

270 3280 363 3324 νος
414 3260 890 3330 καθορμισθείσας.

348 3357 405 3410 ιδ’
413 3399 425 3411 .
454 3357 548 3409 Διὰ
578 3357 685 3410 τῶν
716 3358 999 3424 κλιμάκων
1027 3357 1120 3411 οὖν
1167 3360 1263 3411 καὶ
1329 3359 1437 3412 τῶν
1487 3360 1832 3431 ὀρυγμάτων,
1862 3365 1905 3423 c

268 3450 342 3512 ὡς
365 3451 594 3519 ἔφημεν,
627 3450 735 3502 τῶν
756 3450 1032 3519 πολεμίων
1049 3452 1146 3520 τῆς
1174 3453 1380 3516 πόλεως
1428 3453 1577 3516 ἐντὸς
1611 3452 1837 3521 γενομέ-

270 3560 403 3603 νων,
427 3544 475 3592 οί
508 3542 605 3609 μὲν
640 3541 730 3592 ἐπὶ
765 3543 859 3603 τάς
891 3541 1069 3601 οἰκίας
1098 3545 1417 3612 συνέτρεχον
1454 3546 1549 3597 καὶ
1579 3545 1706 3607 τοὺς
1743 3545 1837 3596 άν-

273 3632 546 3700 θρώπους,
598 3633 647 3681 οἱ
697 3632 741 3684 δ’
793 3632 884 3684 ἐπὶ
910 3634 1009 3696 τὰς
1051 3633 1224 3697 πύλας
1282 3636 1379 3703 τῆς
1425 3636 1630 3699 πόλεως
1668 3636 1839 3699 αὐτὰς

274 3721 708 3787 ἀναπεταννύναι
766 3722 905 3792 πρὸς
962 3725 1023 3777 τὸ
1070 3724 1167 3795 τὴν
1213 3725 1371 3779 πόλιν
1424 3727 1689 3778 εἰσελθεῖν
1722 3725 1839 3793 ἅμα

277 3812 441 3865 παντὶ
476 3811 554 3881 τῷ
611 3814 984 3882 στρατεύματι
1043 3817 1133 3868 τὸν
1182 3817 1498 3886 Μουράτην.
1548 3818 1656 3869 Καὶ
1700 3814 1838 3879 εἶδες

271 3900 338 3953 ἂν
363 3901 518 3967 δίκην
549 3898 819 3968 μελισσῶν
849 3901 881 3970 ἢ
915 3901 1100 3969 θηρῶν
1159 3904 1368 3975 ἀγρίων
1426 3904 1698 3966 εἰσιόντας
1743 3904 1840 3957 αὺ-

270 3989 395 4050 τοὺς
419 3988 765 4057 ὠρυομένους
791 3991 883 4041 καὶ
917 3991 1077 4055 φόνον
1104 3991 1367 4052 πνέοντας
1414 3990 1504 4042 τὸν
1550 3992 1837 4059 ἡμέτερον,

271 4081 365 4133 καὶ
394 4080 492 4150 τὴν
526 4081 680 4134 πόλιν
707 4081 833 4143 τοὺς
870 4080 971 4149 μὲν
1001 4082 1139 4149 πεζῇ
1176 4082 1304 4145 τοὺς
1333 4083 1380 4135 δ’
1413 4083 1687 4151 ὲφίππους
1726 4083 1842 4135 δια-

271 4172 671 4240 λαμϐάνοντας.
707 4171 794 4234 Ὠς
817 4172 860 4222 δ’
884 4173 917 4240 ή
964 4172 1122 4233 πόλις
1177 4171 1503 4241 πεπλήρωτο
1543 4174 1695 4225 πᾶσα
1748 4174 1843 4225 καὶ

272 4263 426 4317 πάντ’
456 4260 602 4333 εἰχον
633 4262 850 4324 αὐτοὺς,
876 4262 969 4314 καὶ
996 4262 1101 4314 νεὼ
1124 4262 1259 4331 ἰεροὶ
1285 4262 1375 4315 καὶ
1398 4263 1555 4332 μοναὶ
1585 4264 1725 4315 θεῖαι
1747 4261 1845 4316 καὶ

274 4355 463 4421 ἀγυιαὶ
482 4346 778 4420 καὶοίκίαι,
799 4354 919 4405 τότε
936 4353 1000 4420 δὴ
1018 4351 1077 4404 τὸ
1093 4353 1307 4422 θρήνων
1326 4353 1534 4405 πολλῶν
1556 4355 1731 4407 έκεῖνο
1753 4352 1844 4405 καὶ

275 4443 522 4511 δακρύων
549 4442 698 4506 ἄξιον
720 4446 950 4513 πρᾶγμα
976 4444 1299 4515 ἐπράττετο.
1324 4444 1680 4506 Διαλαϐόντες
1736 4445 1843 4514 γὰρ

277 4535 373 4603 τὴν
401 4533 551 4586 πόλιν
573 4537 772 4601 πᾶσαν,
798 4534 989 4604 ὥσπερ
1025 4536 1355 4606 είρήκαμεν,
1420 4536 1516 4589 καὶ
1558 4528 1644 4589 οἷα
1688 4536 1843 4588 λύκοι

279 4626 462 4694 βαρεῖς
489 4625 572 4692 ἐφ’
601 4626 747 4693 ἡμᾶς
801 4627 1233 4695 ὲφορμήσαντες,
1275 4626 1542 4698 ἁρπάζειν
1598 4627 1843 4692 ἅπαντας

280 4717 537 4768 ἔσπευδον
557 4720 695 4769 κατὰ
721 4718 820 4785 τὴν
860 4718 954 4770 τοῦ
999 4720 1330 4788 κρατοῦντος
1366 4720 1658 4790 ὑπόσχετιν
1694 4737 1707 4751 ο
1736 4723 1839 4789 ἔφη

282 4809 393 4876 γὰρ,
429 4807 484 4857 ὲν
516 4806 594 4875 τῷ
628 4807 882 4875 πολεμεῖν
924 4807 998 4870 ὡς
1040 4808 1154 4875 εἴγε
1202 4811 1236 4879 ή
1274 4810 1424 4872 πόλις
1471 4811 1701 4881 ληφθείη
1748 4815 1842 4865 καὶ

280 4899 373 4969 τὴν
400 4897 700 4965 ἐπιθυμίαν
731 4898 810 4959 εἰς
840 4898 1012 4967 πέρας
1065 4900 1325 4967 ἀχθεῖσαν
1361 4901 1457 4953 ἴδοι
1486 4900 1585 4972 τήν
1622 4902 1840 4963 ἑαυτοῦ,

280 4992 421 5060 ἔχειν
447 4989 562 5060 μετ’
589 4990 832 5053 ἐξουσίας
854 4990 1103 5056 ἕκαστον,
1134 4991 1332 5044 εἴτιᾶν
1364 4992 1541 5057 λάϐοι,
1572 4995 1667 5048 καὶ
1693 4995 1845 5063 παρὰ

280 5084 479 5145 παντὸς
498 5083 876 5152 ἀναφαίρετον.
916 5077 1105 5134 Εἷλκον
1134 5078 1226 5135 οῦν
1266 5083 1468 5152 ἀναμὶξ
1498 5083 1697 5153 ἄνδρας
1747 5102 1844 5152 γυ-

281 5177 467 5236 ναῖκας
524 5173 731 5238 παιδία,
780 5175 962 5227 πᾶσαν
1028 5173 1163 5243 ὁμοῦ
1228 5175 1467 5244 ήλικίαν,
1526 5176 1846 5243 δεδεμένους

281 5256 468 5336 ὥσπερ
498 5266 665 5333 ἄλογα
716 5264 851 5332 ζῶα,
912 5266 1007 5319 καὶ
1064 5268 1200 5337 πρὸς
1242 5268 1299 5318 τδ
1342 5268 1705 5337 στρατόπεδον
1743 5268 1850 5333 ἔξω

282 5361 376 5425 τῆς
410 5357 613 5419 πόλεως
644 5356 847 5418 ’πάντας
891 5356 1107 5426 ἐξῆγον.
1140 5358 1249 5409 Καὶ
1280 5358 1470 5410 σιωπῶ
1489 5358 1615 5421 τοὺς
1652 5361 1850 5411 πεσόν-

283 5469 399 5515 τας,
430 5453 527 5520 οὐχ
548 5453 688 5519 ὑπὲρ
718 5448 948 5518 ἀριθμὸν
996 5448 1185 5514 ὄντας,
1215 5449 1356 5501 κατά
1376 5464 1432 5499 τε
1459 5449 1524 5500 τὰ
1560 5449 1715 5517 τείχη
1756 5449 1854 5501 καὶ

282 5543 631 5610 τὰς-ἀγυιὰς,
667 5540 805 5612 μηδὲ
828 5540 1004 5609 ταφῆς
1032 5540 1392 5609 ἠξιωμένους,
1426 5540 1623 5610 ἑλώρια
1649 5544 1704 5595 δὲ
1736 5559 1851 5595 κει-

282 5637 475 5704 μένους
519 5634 772 5686 κύνεσσιν
809 5633 1047 5685 οἰωνοῖσί
1107 5649 1167 5683 τε
1230 5634 1361 5685 πᾶσι
1413 5634 1534 5685 καθ’
1581 5634 1849 5703 Ὅμηρον,

282 5734 379 5786 οὐκ
404 5730 470 5784 ἂν
493 5727 693 5797 ἄνδρας
722 5725 883 5796 μόνον
911 5724 1046 5778 ἀλλὰ
1077 5725 1170 5776 καὶ
1196 5726 1482 5794 γυναῖκας,
1528 5727 1618 5777 καὶ
1646 5726 1850 5787 τούτων

285 5824 517 5884 μάλιστα
546 5819 672 5884 τοὺς
722 5816 1118 5889 γηραιοτέρους
1166 5832 1223 5871 τε
1266 5819 1358 5872 καὶ
1399 5816 1843 5884 ἀσθενεστέρους.

2020 3360 2103 3415 14.
2136 3358 2239 3415 Per
2270 3359 2447 3413 scalas
2477 3374 2606 3429 ergo
2639 3368 2804 3429 atque
2834 3359 3125 3427 foramina,
3157 3373 3213 3416 nt
3244 3364 3502 3425 dixltnus,

1939 3452 2120 3507 hostes
2150 3453 2201 3505 itt
2238 3453 2423 3505 urbem
2454 3452 2599 3505 intro
2642 3451 2896 3521 coniecti,
2932 3452 3027 3505 alii
3056 3452 3108 3505 in
3141 3455 3281 3507 atdes
3310 3464 3362 3508 et
3410 3455 3507 3507 hii.

1938 3544 2117 3598 mines
2142 3558 2387 3600 currere.
2415 3544 2504 3596 alii
2537 3546 2601 3595 ad
2635 3555 2821 3611 portas
2847 3542 3087 3598 civitatis
3151 3544 3501 3613 aperiendas,

1939 3644 1998 3688 ut
2033 3634 2267 3687 Murates
2302 3634 2463 3687 simul
2497 3649 2619 3688 cum
2675 3644 2787 3689 toto
2811 3634 3057 3689 exercitu
3106 3649 3227 3689 sese
3287 3634 3341 3688 in
3381 3650 3501 3688 eam

1938 3720 2229 3777 conferret.
2263 3721 2324 3775 Et
2355 3723 2588 3776 vidissmt
2616 3738 2733 3785 eos.
2754 3723 2929 3777 instar
2951 3737 3110 3793 apum
3144 3734 3239 3779 aut
3270 3725 3502 3777 imman-

1940 3822 2218 3869 suetarum
2262 3814 2583 3877 bestiarum,
2611 3813 2899 3868 confertim
2925 3816 3247 3882 irrumpere,
3291 3815 3504 3869 ululan-

1944 3914 2023 3960 tes
2045 3905 2351 3970 caedemque
2376 3913 2619 3956 nostram
2648 3904 2943 3970 spirantes,
2972 3913 3026 3959 et
3048 3905 3324 3959 civitatem
3372 3907 3499 3957 uni-

1944 4010 2154 4050 versam
2210 4006 2321 4048 tum
2382 3994 2591 4063 equites
2650 4004 2761 4049 tum
2810 3995 3019 4064 pedites
3073 4011 3364 4066 occupare.
3435 3999 3505 4053 Ut

1943 4088 2134 4141 civitas
2165 4085 2367 4155 repleta
2392 4095 2499 4150 est,
2529 4093 2584 4139 et
2617 4087 2802 4139 omnia
2870 4101 2966 4141 eos
2998 4088 3049 4141 in
3100 4102 3180 4153 se,
3241 4098 3297 4143 et
3348 4105 3501 4143 sat-ra

1945 4178 2139 4246 templa
2166 4188 2221 4231 et
2244 4176 2427 4231 divina
2486 4177 2816 4231 monasteria
2864 4187 2916 4231 et
2967 4178 3158 4247 platea:
3206 4190 3261 4233 et
3312 4182 3505 4234 domus

1943 4272 2324 4335 occludebant,
2354 4279 2464 4324 tum
2501 4269 2847 4324 lamentabile
2903 4270 3031 4325 illud
3048 4282 3103 4326 et
3154 4271 3508 4341 lacrymabile

1944 4363 2232 4416 admodum
2262 4360 2471 4413 facinus
2494 4359 2901 4429 aggrediuntur.
2936 4359 3177 4429 Namque
3207 4362 3342 4415 urbe
3363 4371 3503 4426 tota,

1946 4452 2504 4521 utprzenarravimus,
2569 4460 2852 4519 occupata,
2884 4451 3045 4505 veluti
3098 4466 3320 4520 rapaces
3367 4454 3505 4525 lupi,

1947 4558 2046 4597 nos
2076 4541 2401 4609 impeteutes
2431 4540 2612 4593 omnia
2651 4554 2865 4608 rapere,
2914 4540 3376 4606 quemadmodum
3406 4542 3507 4610 dy-

1950 4640 2132 4687 nastes
2178 4632 2526 4699 promiserat,
2571 4631 2911 4698 satagebant.
2939 4629 3186 4698 Namque
3219 4631 3308 4685 ille
3364 4631 3510 4685 inter

1948 4726 2316 4780 dimicandum
2345 4723 2580 4784 dixerat,
2618 4722 2663 4775 si
2694 4725 2823 4777 urbs
2844 4733 3128 4790 caperetur
3147 4730 3202 4777 et
3222 4723 3328 4781 voti
3353 4738 3506 4777 com-

1948 4831 2046 4885 pos
2078 4813 2525 4883 fieret,quidquid
2558 4812 2998 4882 unusquisquede
3023 4813 3297 4881 praedatus
3321 4813 3511 4869 fuisset

1947 4906 2183 4975 legitime
2234 4904 2613 4974 possideret,a
2668 4903 2816 4958 nullo
2864 4919 3105 4972 unquam
3171 4906 3509 4974 spoliandus.

1949 4996 2257 5053 Tt‘altebant
2308 4996 2495 5065 itaque
2540 4996 2844 5062 promiscue
2867 4996 3039 5061 viros,
3071 4997 3504 5062 tnulieres,ado-
3539 5038 3555 5065 ο.

1948 5086 2294 5150 lescentulos,
2332 5085 2490 5139 simul
2509 5101 2724 5139 omnem
2751 5095 2991 5152 aetatem,
3017 5085 3181 5141 veluti
3213 5088 3508 5143 animantia

1949 5193 2067 5245 qua:
2101 5191 2195 5230 usu
2230 5176 2460 5229 rationis
2488 5175 2774 5245 privamur
2819 5176 3124 5243 colligatos,
3150 5185 3203 5229 et
3233 5177 3300 5229 ad
3334 5189 3511 5230 castra
3548 5160 3561 5213 ί*

1950 5277 2101 5321 extra
2135 5266 2319 5320 urbem
2350 5267 2752 5320 convehebant.
2776 5264 2955 5321 Taceo
2974 5268 3039 5319 ad
3071 5276 3301 5320 mortem
3336 5268 3512 5329 datus,

1951 5356 2078 5410 licet
2114 5355 2253 5408 'rnfra
2294 5369 2598 5419 numerum,
2631 5362 2743 5408 tum
2780 5357 2831 5408 in
2878 5357 3047 5411 muris
3090 5364 3206 5410 tum
3237 5358 3290 5409 in
3324 5356 3516 5424 plateis
3565 5384 3593 5431 -κ

1954 5462 2051 5501 nec
2076 5448 2368 5516 sepultum
2412 5446 2656 5510 traditos,
2683 5446 2916 5515 pratdatn
2964 5447 3331 5501 dilaniandatn
3365 5448 3514 5499 cani—

1953 5541 2054 5593 bus
2076 5538 2409 5606 alitibusquc
2431 5538 2688 5592 omnibus
2739 5538 3060 5605 appositam,
3095 5545 3155 5589 ut
3212 5534 3514 5589 Homericis

1954 5634 2137 5686 verbis
2170 5642 2309 5694 utar,
2366 5646 2469 5684 non
2530 5631 2675 5684 viros
2698 5626 3186 5691 solumtnodo,sed
3239 5624 3514 5692 mulieres,

1951 5737 2250 5789 eorumque
2270 5722 2605 5789 putissimum
2640 5720 2885 5773 seniores
2915 5728 3076 5786 atque
3108 5713 3515 5768 imbecilliores.
3546 5784 3555 5793 .

1955 5819 2243 5877 chdums
2278 5820 2422 5873 enim
2470 5818 2643 5873 hostis
2668 5828 2777 5881 pra:
2809 5820 2959 5867 metu
3012 5803 3374 5863 multitudinis
3426 5819 3514 5861 ca-
