4096 6300
284 400 386 465 Elii

1268 392 1366 452 DE
1410 392 1577 452 EXCi
1593 392 1665 451 Dl
1680 392 1725 451 Ο
1766 384 2487 448 THESSALONICENSI.

3404 369 3507 433 Cll

286 520 427 572 λείαν
452 518 507 569 ἐν
533 515 651 575 ταῖς
680 512 908 576 σκιναῖις
944 508 1355 575 συναγηοχότων
1408 507 1513 558 τῶν
1566 502 1845 572 Τούρκων,

1976 518 2059 553 am
2086 500 2393 551 universam
2426 495 2657 563 praedam
2695 490 2887 544 Turcze
2912 489 2964 541 in
2997 488 3221 541 tentoria
3254 488 3508 539 deduxis-

286 613 310 663 ὃ
343 610 438 676 τῆς
467 606 671 664 δύσεως
694 601 991 670 στρατηγὶς
1023 603 1113 651 καὶ
1136 597 1287 660 αὖθις
1314 601 1411 666 τὴν
1444 597 1596 650 πόλιν
1648 596 1849 658 εἰσέδυ,

287 699 492 766 ταύτην
527 697 595 749 ἶν’
626 695 1012 762 ἀκριϐέστερον
1079 690 1488 743 κατοπτεύσωσι
1532 689 1625 741 καὶ
1687 686 1853 756 μηδὲν

288 790 484 850 αὐτοὺς
515 785 652 855 λάθῃ
688 782 1058 852 κρυπτόμενον
1104 782 1459 849 ὁπουδήποτε,
1512 778 1599 829 ὅτε
1653 777 1718 846 δὴ
1760 778 1855 830 καὶ

291 880 356 931 τὰ
379 877 477 946 τῆς
510 876 714 936 πόλεως
741 874 907 942 ἄρδην
951 872 1163 925 ἅπαντα
1197 869 1461 940 ἠφάνιστό
1490 885 1548 919 τε
1599 867 1691 918 καὶ
1724 870 1855 919 ἀνα-

298 969 582 1037 τέτραπτο,
614 966 707 1018 καὶ
732 965 886 1017 οὐδὲν
920 961 1041 1015 οὗτε
1065 962 1186 1024 ναὸς
1210 960 1348 1029 lapis;
1378 958 1501 1011 οὔτε
1558 956 1691 1025 μονὴ
1743 954 1856 1007 οὔτ’

297 1058 439 1111 οἰκία
465 1057 557 1109 καὶ
592 1056 700 1107 τῶν
723 1054 1073 1123 φαυλοτέρων
1102 1051 1279 1104 αὐτῶν
1308 1050 1602 1111 ἀσάλευτος
1625 1046 1857 1100 καταλέ-

298 1164 495 1199 λειπτο.
516 1146 589 1198 Τὸ
612 1145 655 1197 δ’
685 1146 876 1208 αἴτιον,
906 1144 986 1195 ὅτι
1045 1144 1153 1194 τῶν
1200 1141 1429 1194 πολιτῶν
1482 1141 1596 1192 ὅσοι
1634 1154 1854 1208 περιου-

299 1240 417 1289 σίαν
444 1236 738 1303 ἐκέκτηντο
765 1234 841 1303 τῷ
872 1232 1064 1303 μακρῷ
1096 1230 1442 1300 συγκλεισμῷ
1501 1231 1573 1299 μὴ
1621 1230 1860 1294 δαπανη-

298 1330 502 1391 θείσαν,
535 1328 633 1395 τὴν
664 1327 853 1395 ἔφοδον
882 1328 989 1377 τῶν
1011 1325 1280 1386 πολεμίων
1321 1326 1638 1391 ἀκηκοότες,
1684 1322 1711 1373 ὃ
1764 1338 1859 1373 πεο

299 1418 563 1470 πόνθεσαν
598 1418 850 1479 δεδιότες,
880 1418 928 1469 οἰ
962 1416 1056 1484 μέν
1077 1417 1217 1476 ναοῖς
1252 1415 1434 1483 ἱεροῖς,
1460 1414 1509 1464 οἰ
1552 1413 1606 1462 δέ
1644 1413 1859 1481 μνῆμαι

300 1525 407 1573 σιν,
436 1508 610 1577 ἕτεροι
644 1508 696 1559 δέ
724 1502 804 1567 οἷς
852 1505 1103 1558 ἐδύναντο
1143 1505 1325 1567 τόποις
1378 1503 1697 1555 ἐναπέθεντο
1724 1503 1860 1553 ταύο

300 1614 421 1666 την,
457 1598 505 1648 εἰ
536 1598 634 1666 μὲν
662 1598 845 1659 αὑτοῖς
872 1596 1052 1649 θανεῖν
1084 1596 1293 1663 γένοιτο
1320 1594 1459 1646 κατὰ
1489 1593 1585 1662 τὴν
1633 1593 1861 1662 προσδο-

301 1689 444 1752 κίαν,
475 1690 582 1741 τῶν
616 1688 802 1741 ἔπειτα
834 1688 1034 1757 ταύτην
1078 1688 1162 1740 ἵνα
1210 1688 1355 1748 τινὲς
1407 1685 1721 1755 εὑρηκότες,
1772 1678 1859 1735 οἷα

301 1780 609 1846 συμῦαίνει,
633 1782 727 1847 τῆς
768 1781 988 1832 ἐκείνων
1014 1778 1189 1848 ψυχῆς
1245 1778 1781 1845 ὑπεραγωνίσωνται,
1812 1777 1860 1826 εἰ

298 1868 357 1919 δέ
390 1870 478 1920 τὸν
509 1870 733 1921 θάνατον
766 1869 1112 1935 ἀποφύγοιεν,
1148 1866 1351 1937 εὖρωσί
1378 1884 1437 1918 τε
1490 1868 1582 1917 καὶ
1615 1868 1862 1934 χρήσων-

298 1974 389 2010 ται
424 1958 556 2026 πρὸς
598 1960 923 2026 ἐλευθερίαν.
963 1960 1024 2012 Οί
1089 1960 1146 2011 δὲ
1195 1960 1290 2024 τῆς
1332 1958 1543 2020 ἐλπίδος
1592 1958 1861 2026 ἐψεύσθη-

302 2061 441 2097 σαν’
476 2047 691 2109 ἁλόντες
739 2048 843 2116 γὰρ
891 2044 983 2100 τοῦ
1030 2048 1124 2117 μὲν
1154 2049 1350 2110 ἀδίκως
1400 2048 1675 2108 τεθνάναι,
1728 2048 1861 2100 Θεοῦ

298 2137 394 2188 τὸν
418 2138 614 2189 οἰκεῖον
647 2137 792 2190 ἔλεον
823 2138 1251 2207 ἐπιδειξαμένου,
1286 2140 1421 2206 πλὴν
1468 2138 1645 2201 ἐνίων,
1681 2138 1865 2189 κάκεί-

295 2246 409 2279 νων
448 2228 574 2280 οῖων
632 2229 1130 2298 προδιειλήφειμεν,
1166 2230 1425 2298 ἀνώτεροι
1463 2230 1861 2299 διεδείχοημεν,

293 2316 395 2371 τοῦ
421 2318 476 2370 δέ
496 2321 608 2380 τοῖς
643 2320 902 2388 προσοῦσι
931 2321 1237 2389 χρήσασθαι
1271 2322 1401 2389 προς
1430 2322 1731 2390 ἁνάῤῥυσιν
1763 2323 1865 2373 οὐκ

297 2409 587 2478 ἐπέτυχον.
648 2410 819 2461 Δεινιί
878 2411 983 2478 γὰρ
1037 2410 1186 2472 ὄντες
1226 2413 1272 2462 οἱ
1313 2412 1543 2480 Τοῦρκοι
1608 2413 1702 2463 καλ⁸
1735 2414 1867 2479 πρὸς

298 2497 553 2559 ἐπινοίας
584 2499 779 2562 πολλὰς
814 2501 1184 2568 εὐπορώτατοι
1208 2504 1273 2569 τῇ
1317 2503 1444 2569 περί
1473 2502 1540 2553 τὰ
1565 2503 1868 2571 πράγματα

297 2589 512 2642 τούτων
540 2589 883 2667 πολυπειρία,
916 2589 1006 2653 οὓς
1040 2590 1148 2642 τῶν
1182 2590 1412 2643 πολιτῶν
1457 2591 1716 2660 ἐποίησαν
1748 2592 1871 2661 αἰχ-

304 2677 614 2746 μαλώτους,
645 2680 737 2731 καί⁵
770 2678 1003 2743 μάλιστα
1024 2679 1120 2741 τὰς
1145 2682 1407 2747 γυναῖκας
1446 2680 1532 2731 διὰ
1560 2684 1619 2731 τὸ
1668 2680 1870 2732 τούτων

298 2754 741 2837 εὐεξαπάτητον,
773 2769 951 2835 λόγοις
979 2769 1300 2831 ὑπελθόντες
1326 2770 1459 2822 πολὺ
1492 2770 1553 2822 τὸ
1587 2770 1872 2836 ἐπαγωγὸν

300 2859 698 2927 κεκτημένοις,
723 2860 1034 2927 ἐλευθερίαν
1052 2859 1239 2921 αὑταῖς
1274 2858 1626 2926 ὑπισχνοῦντο
1660 2860 1871 2913 τελείαν

300 2951 355 3002 εἰ
392 2953 649 3019 χρήματα
676 2950 885 3011 τούτοις
912 2950 1235 3018 γνωρίσειαν
1264 2952 1437 3001 οἰκεῖά
1477 2963 1534 3003 τε
1592 2953 1687 3003 καί
1720 2952 1873 3002 ἀλλό-

296 3058 457 3111 τρια.
500 3043 563 3092 Al
597 3041 653 3092 δὲ
685 3042 818 3108 πρίις
849 3041 976 3091 αὐτὸ
996 3039 1229 3108 τοῦνομα
1252 3041 1349 3109 τῆς
1375 3041 1689 3111 ἐλευθερίας
1733 3045 1875 3093 ἀπα-

296 3128 885 3198 τηθεῖσαι,γνωρίζειν
919 3127 1077 3190 εὐθὺς
1120 3129 1324 3196 ἐκάστη
1361 3131 1439 3196 τῷ
1485 3127 1598 3197 ἰδίῳ
1637 3128 1870 3198 δεσπότῃ

302 3220 549 3287 σπουδῆς
580 3218 738 3287 ἔργον
769 3219 1033 3287 πεποίητο
1071 3221 1163 3270 καὶ
1196 3219 1263 3270 τὰ
1283 3219 1479 3285 ἑαυτῆς
1501 3220 1592 3271 καὶ
1642 3219 1735 3270 τοῦ
1765 3222 1877 3286 γεί‹

298 3324 482 3369 τονος,
506 3308 557 3358 εί
573 3324 691 3359 τινα
718 3310 843 3376 περὶ
876 3308 1076 3361 τούτων
1109 3308 1312 3375 εἴδησιν
1344 3304 1505 3377 εἶχεν.
1558 3308 1645 3366 Ὠς
1685 3309 1728 3361 δ’
1775 3311 1875 3378 όρ-

302 3398 383 3467 χὴ
415 3393 565 3449 τδῡδε
596 3398 783 3465 γέγονε
848 3398 941 3449 τοῦ
1000 3397 1193 3462 κακοῦ,
1240 3400 1333 3450 καὶ
1390 3401 1641 3467 χρήματα
1693 3401 1877 3453 πολλοὶ

300 3491 423 3542 τῶν
450 3490 706 3558 Τούρκων
741 3486 964 3558 ἀνεῦρον
994 3489 1372 3559 γνωριζουσῶν
1408 3492 1531 3554 τοὺς
1556 3491 1724 3546 ταῦτα
1743 3494 1876 3564 κρύ-

305 3597 551 3643 πτοντας
575 3584 770 3643 τόπους
801 3581 909 3632 τῶν
953 3582 1247 3647 γυναικῶν,
1294 3581 1447 3648 λόγος
1490 3583 1695 3650 γίνεται
1744 3586 1874 3653 περὶ

306 3672 505 3722 τούτου
535 3671 621 3723 διὰ
646 3670 843 3732 παντὸς
875 3670 966 3722 τοῦ
999 3673 1423 3742 στρατεύματος,
1450 3674 1541 3725 καὶ
1579 3675 1778 3737 πάντες
1827 3677 1875 3727 οί

307 3762 680 3831 κατασχόντες
751 3762 1123 3830 αἰχμαλώτους
1194 3763 1509 3833 ἀνθρώπους
1568 3764 1703 3832 πρὸς
1786 3766 1877 3816 τὸν

304 3854 501 3921 ὅμοιον
556 3851 927 3905 διανίστανται
979 3849 1159 3921 ζῆλον,
1209 3854 1334 3915 τοὺς
1405 3853 1502 3919 μὲν
1553 3853 1876 3921 ὑποσχέσεσι

308 3944 859 4012 περικεχρωσμέναις
909 3943 1114 4013 ἀπάτῃ,
1173 3944 1299 4005 τοὺς
1358 3944 1413 3994 δὲ
1457 3943 1635 4010 λόγοις
1677 3944 1878 4011 ὁμοίως

305 4034 524 4103 ἑτέροις
542 4033 660 4095 cirri
702 4032 1004 4102 φανερώσει
1065 4033 1173 4084 τῶν
1241 4033 1387 4084 ίδίων
1437 4032 1878 4101 παρακαλοῦντες

307 4126 619 4196 χρημάτων
658 4127 753 4176 καὶ
782 4122 1189 4187 φενακίζοντες.
1233 4120 1435 4185 Ὀσους
1473 4123 1527 4176 δέ
1556 4120 1877 4176 δυσπειθεσ-

303 4219 503 4277 τέοους
521 4215 629 4267 τῶν
654 4214 827 4267 ἄλλων
853 4215 1040 4281 ἑώρων
1072 4211 1320 4283 (ἤλπιζον
1362 4214 1470 4281 γὰρ
1526 4213 1634 4265 τῶν
1694 4229 1878 4266 νουνε-

304 4309 587 4379 χεστέρων
612 4306 796 4359 πολλοὶ
819 4306 918 4373 τῆς
949 4304 1187 4365 θωπείας
1216 4300 1413 4367 αὐτοὺς
1441 4304 1758 4358 ὑπενδοῦναι
1789 4307 1879 4358 καὶ

306 4401 421 4453 τῶν
447 4398 653 4451 πολλῶν
679 4398 902 4450 ἐκείνων
940 4396 1236 4466 ἀπατηλῶν
1257 4390 1452 4463 λόγων,
1486 4397 1781 4449 κάντεῦθεν
1811 4400 1878 4449 τὰ

1956 602 2094 653 sent,
2126 592 2235 644 dux
2253 587 2566 644 Occidentis
2609 600 2801 637 rursus
2828 585 3015 635 urbem
3033 580 3325 646 immigrat,
3345 594 3512 630 acru-

1955 684 2124 738 ratius
2162 698 2281 735 eam
2325 681 2685 745 inspecturus,
2731 675 2934 727 niltilne
2958 674 3260 735 occultum,
3288 672 3514 722 ubicun-

1956 789 2061 843 que
2092 774 2219 827 illud
2267 780 2431 832 esset,
2470 771 2681 824 lateret.
2721 767 2811 821 Sic
2844 767 2995 820 urbis
3030 766 3192 818 rebus
3247 763 3515 833 universus

1955 864 2142 919 recisis
2160 872 2213 917 et
2261 863 2325 914 ad
2360 862 2586 914 nihilum
2614 858 2850 914 redactis
2871 856 3027 921 nihil,
3052 868 3225 923 neque
3263 853 3513 921 templum

1956 968 2168 1008 sacrum
2225 964 2397 1019 neque
2449 949 2855 1008 monasterium,
2896 960 3073 1012 neque
3113 945 3302 996 domus
3354 942 3516 992 etiam

1957 1044 2246 1106 vilissima,
2289 1043 2607 1095 inconcussa
2648 1041 2929 1093 remansit.
2959 1038 3019 1090 Et
3058 1050 3215 1088 causa
3263 1033 3517 1087 lnecl'uit.

1960 1135 2037 1189 Ex
2064 1134 2274 1189 civibus
2326 1135 2417 1202 qui
2461 1134 2663 1187 divitiis
2688 1132 2899 1197 aliaque
2930 1127 3297 1197 suppellectile
3331 1126 3520 1178 afﬂue—

1960 1227 2108 1286 bant,
2142 1239 2277 1292 quas
2307 1207 2466 1291 lonéa
2499 1223 2710 1276 obsidio
2745 1236 2849 1273 non
2885 1220 3289 1283 absumpserat.
3339 1215 3521 1265 audita

1961 1318 2199 1371 hostium
2236 1316 2561 1381 irruptione,
2598 1322 2647 1363 et
2699 1311 2840 1377 quod
2885 1307 3127 1374 perpessi
3165 1317 3289 1358 sunt
3350 1304 3521 1371 perti-

1962 1422 2290 1468 mescentes.
2330 1408 2416 1459 alii
2443 1407 2493 1457 in
2529 1405 2700 1458 sacris
2729 1400 2963 1469 templis,
2993 1400 3083 1452 alii
3122 1401 3173 1451 in
3231 1396 3520 1459 sepulcris.

1962 1501 2049 1553 alii
2097 1499 2216 1552 aliis
2239 1498 2435 1566 quibus
2469 1503 2717 1564 poterant
2750 1493 2888 1545 locis
2948 1506 3042 1541 sita
3098 1501 3386 1555 reposuere
3418 1504 3432 1550 ;
3468 1494 3525 1537 ut

1963 1594 2007 1647 si
2070 1592 2208 1643 forte
2246 1589 2380 1656 ipsis
2417 1603 2561 1639 mors
2592 1586 2934 1652 contigisset,
2969 1594 3023 1635 ut
3077 1579 3527 1648 exspectabatur,

1963 1684 2050 1751 qui
2088 1679 2428 1751 postmodum
2462 1677 2669 1731 venturi
2698 1683 2875 1741 erant,
2907 1673 3011 1726 illis
3043 1671 3290 1740 repertis,
3325 1677 3381 1721 ut
3410 1667 3523 1719 fieri

1966 1784 2134 1832 amat.
2187 1786 2285 1840 pro
2334 1784 2522 1821 eorum
2567 1769 2743 1820 anima
2807 1765 3011 1833 aliquid
3061 1770 3423 1822 accurarent;
3480 1758 3522 1811 si

1966 1874 2191 1918 mortem
2218 1861 2555 1930 eliugissent,
2585 1860 2684 1927 ipsi
2702 1858 2801 1912 sibi
2831 1857 3111 1919 baberent,
3137 1863 3189 1907 et
3211 1853 3363 1906 liberi
3394 1852 3518 1905 facti

1966 1957 2017 2010 in
2046 1970 2172 2010 suos
2196 1969 2326 2006 usus
2355 1961 2755 2006 converterent.
2804 1948 2923 2022 .Sed
2950 1962 3046 2016 spe
3111 1962 3207 2001 sua
3271 1944 3519 1999 frustrati

1966 2055 2111 2102 sunt.
2136 2044 2277 2113 capti
2311 2040 2861 2113 siquidcmjujustam
2886 2047 3112 2090 mortem
3138 2044 3394 2104 oppetere
3432 2032 3524 2085 Dei

1967 2152 2179 2190 summa
2223 2134 2593 2195 miseratione,
2618 2130 2805 2200 paucis
2836 2130 3097 2196 exceptis,
3118 2136 3174 2179 ut
3198 2142 3356 2191 supra
3393 2140 3521 2177 nar-

1970 2228 2234 2287 ravimus.
2283 2225 2595 2288 evasimus;
2626 2225 2718 2276 sed
2764 2222 2995 2291 pr0priis
3050 2220 3125 2272 uti
3164 2218 3395 2272 libertati
3447 2231 3531 2270 re-

1974 2320 2185 2372 stitutis
2204 2331 2305 2369 non
2328 2316 2575 2382 contigit.
2612 2313 2800 2368 Turcae
2824 2314 2988 2372 enim,
3023 2309 3251 2364 solertes
3274 2323 3393 2362 cum
3422 2309 3533 2361 sint

1970 2418 2024 2463 et
2057 2410 2120 2462 ad
2156 2408 2476 2463 invenienda
2512 2406 2703 2469 multa,
2738 2420 2917 2457 rerum
2938 2419 3094 2470 quam
3122 2401 3406 2470 possident
3430 2416 3531 2451 ex~

1966 2501 2255 2569 .perientia,
2300 2498 2716 2569 promptissimi,
2773 2510 2909 2563 quos
2955 2503 3143 2561 captos
3196 2492 3534 2543 adduxerant

1974 2607 2037 2645 ex
2062 2591 2356 2655 civibus,et
2389 2590 2657 2658 praecipue
2688 2587 2943 2640 mulieres
2975 2586 3200 2650 deccptu
3220 2581 3533 2671 facillimas,

1977 2685 2155 2739 verbis
2182 2683 2554 2737 illerebrartnn
2587 2678 3052 2733 etlenoeiniorum
3080 2676 3254 2744 plenis
3300 2688 3424 2727 sese
3453 2674 3535 2725 iu—

1976 2777 2276 2839 sinuantes,
2324 2775 2626 2827 libertatem
2693 2771 2802 2824 illis
2856 2769 3103 2839 polliceri
3137 2765 3451 2835 perfectam.
3490 2765 3534 2816 si

1977 2867 2108 2934 ipsis
2137 2866 2395 2931 pecunias
2452 2862 2701 2929 proprias
2757 2861 2872 2914 sive
2922 2859 3127 2912 alienas
3180 2857 3535 2910 revelasseut.

1976 2956 2083 3009 Illa:
2114 2955 2324 3007 tmtnine
2368 2953 2631 3006 libertat’s
2658 2951 2902 3017 decepta:
2970 2948 3154 3002 statim
3189 2961 3406 3011 summo
3447 2961 3537 2997 co-

1979 3056 2106 3098 natu
2138 3044 2359 3098 domino
2389 3050 2442 3094 et.
2470 3057 2566 3095 sua
2598 3052 2647 3093 et
2680 3040 2864 3103 vicini,
2900 3039 2944 3092 si
2978 3055 3139 3107 quam
3173 3054 3360 3091 eorum
3411 3053 3539 3103 cog-

1981 3137 2234 3189 nitionem
2268 3135 2562 3196 habebant,
2594 3136 2853 3186 revelare.
2873 3132 2939 3186 Ut
2968 3132 3167 3183 malum
3197 3132 3361 3196 ('(npit
3405 3130 3540 3181 irre-

1980 3240 2105 3291 pere
2140 3236 2194 3276 et
2231 3223 2460 3275 inultiex
2492 3221 2686 3274 Turcis
2723 3221 2982 3286 pecunias
3017 3233 3287 3286 reperere,
3351 3218 3540 3268 mulie-

1980 3315 2128 3367 ribus
2164 3314 2279 3364 loca
2314 3312 2366 3363 in
2397 3312 2596 3378 quibus
2624 3309 3108 3363 abscondebantur
3143 3308 3536 3374 aperientibus,

1978 3422 2165 3459 rumor
2199 3421 2292 3473 per
2326 3412 2492 3456 totum
2523 3402 2820 3455 exercitum
2876 3402 2941 3453 de
2997 3401 3098 3453 boc
3154 3401 3452 3466 spargitur,
3488 3409 3541 3449 et

1977 3511 2166 3549 omnes
2192 3496 2282 3564 qui
2306 3496 2549 3560 captivos
2585 3493 2929 3545 adduxerant
2956 3490 3022 3543 ad
3069 3490 3264 3543 similia
3298 3491 3538 3540 animum

1977 3588 2288 3645 advertunt,
2356 3585 2453 3635 bos
2516 3580 3001 3650 polliri'lalionibus
3058 3577 3247 3632 fraude
3276 3578 3543 3642 oblinitis,

1978 3674 2114 3727 alios
2144 3674 2394 3726 similiter
2451 3674 2571 3725 aliis
2626 3673 2800 3724 modis
2832 3674 2896 3724 ad
2930 3668 3251 3723 revelandas
3282 3668 3543 3735 pecunias

1977 3764 2373 3818 consuadentes
2401 3772 2452 3813 et
2480 3761 2795 3829 campositis
2826 3760 3128 3812 mendaciis
3171 3758 3486 3812 deludentes
3519 3774 3541 3823 ;

1976 3869 2112 3923 quos
2151 3868 2276 3905 vero
2336 3852 2733 3919 pertinaciores
2792 3851 3183 3919 agnoscebant,
3250 3850 3539 3917 sperabant

1976 3944 2242 4012 siquidem
2280 3944 2432 3995 multi
2467 3959 2531 3995 ex
2583 3942 3030 4011 prudentioribus
3056 3956 3149 3995 eos
3176 3941 3460 3995 Ιοιιυοίιιὶες
3487 3955 3540 3995 et

1979 4033 2160 4085 multis
2217 4030 2338 4084 dolo
2364 4031 2660 4098 frandeque
2688 4031 2901 4085 onustis
2941 4031 3287 4085 sermonibus
3322 4033 3536 4084 Lunlem

1980 4124 2138 4176 linem
2167 4122 2540 4189 imposituros,
2568 4131 2622 4172 et
2672 4120 2750 4173 sic
2781 4135 2808 4171 a
2845 4136 2904 4174 se
2930 4122 3164 4184 reposita
3199 4123 3299 4174 sibi
3321 4137 3541 4175 emiser-

1978 4224 2220 4277 vaturos,
2258 4214 2432 4283 pmnis
2482 4214 2659 4266 omnis
2696 4214 2911 4283 generis
2950 4212 3185 4277 allicere,
3239 4230 3545 4283 cogereqne

1977 4319 2031 4359 ut
2066 4307 2415 4373 pertinaciam
2455 4306 2806 4371 deponerent.
2826 4302 2960 4359 Hinc
2986 4305 3137 4357 multi
3168 4320 3231 4359 ex
3266 4317 3528 4375 praestau-

1977 4396 2224 4455 tioribus.
2252 4396 2445 4464 partim
2465 4396 2735 4449 illecebris
2757 4395 2988 4459 dz-liniti,
3010 4397 3200 4463 partim
3222 4410 3411 4466 pientis
3436 4414 3544 4449 non

309 4493 675 4558 κεκρυμμένα
722 4488 1069 4559 διατηρῆσαι)
1117 4490 1325 4551 τούτοις
1372 4490 1672 4553 πολυειδεῖς
1723 4492 1869 4554 τινὰς

1980 4486 2336 4549 sustinentes,
2389 4486 2733 4551 festinanter,
2793 4488 2919 4540 licet
2974 4488 3163 4552 inviti,
3227 4488 3543 4542 abscondita

310 4583 587 4647 τιμωρίας
623 4581 847 4647 ἐπῆγον,
883 4580 988 4641 ἓως
1018 4581 1111 4632 καὶ
1144 4581 1366 4641 τούτους
1388 4582 1466 4641 εἰς
1506 4581 1748 4650 ἀνάγκην
1788 4584 1876 4632 ὲν-

311 4667 509 4723 έόαλον
537 4669 632 4719 καὶ
651 4670 749 4734 τὴν
809 4667 1055 4718 ἔνστασιν
1076 4667 1291 4718 ἔλυσαν.
1342 4665 1504 4718 Ὀθεν
1553 4668 1647 4718 καί
1691 4666 1879 4719 πολλοί

310 4760 422 4813 τῶν
440 4758 760 4817 δοκούντων,
791 4757 839 4807 οἰ
873 4755 972 4822 μὲν
1004 4757 1118 4817 ταῖς
1150 4753 1410 4816 θωπείαις
1439 4756 1879 4825 καθυπαχθέντες

311 4852 361 4903 οἰ
391 4850 449 4903 δὲ
480 4849 578 4909 τὰς
603 4847 872 4914 τιμωρίας
899 4847 999 4897 οὑκ
1023 4846 1355 4911 ἐνεγκόντες,
1387 4847 1654 4915 φανεροῦν
1681 4850 1748 4900 τὰ
1792 4865 1883 4900 κε..

314 4942 612 5012 κρυμμένα
647 4937 1035 5000 σπουδάζοντες
1081 4930 1221 5006 ἦσαν
1277 4937 1374 4988 καὶ
1410 4938 1633 5000 ἄκοντες
1660 4953 1676 4970 ⁸
1742 4940 1881 5006 πρὸς

315 5034 424 5101 γὰρ
464 5033 643 5083 πᾶσαν
678 5029 942 5095 ἀνάγκην,
977 5033 1069 5082 καὶ
1103 5027 1317 5096 μάλισθ’
1356 5029 1483 5080 ὅταν
1506 5028 1735 5093 θάνατος
1822 5033 1882 5084 τὸ

317 5122 701 5191 προκείμενον,
759 5118 997 5187 εὐχερῶς
1041 5116 1185 5170 οἶδεν
1237 5119 1565 5171 ὑποπίπτειν
1613 5121 1647 5189 ἡ
1698 5120 1880 5187 φύσις.

317 5215 492 5268 Τοῦτο
522 5212 621 5280 τῆς
638 5210 749 5263 τῶν
780 5210 942 5279 ἱερῶν
975 5208 1119 5262 ναῶν
1154 5210 1247 5263 καί
1281 5210 1460 5279 μονῶν
1519 5214 1879 5281 κατασκαφῆς

318 5308 493 5360 αῖτιον
522 5301 767 5370 γέγονεν.
810 5300 998 5354 Ἐνίων
1024 5302 1130 5369 γὰρ
1158 5300 1247 5353 διὰ
1270 5301 1329 5353 τὸ
1368 5299 1675 5354 ἀνύποπτον
1713 5303 1880 5373 ἱεροῖς

318 5393 730 5462 ἐναποθεμένων
758 5393 903 5453 ναοῖς
951 5392 1228 5461 χρήματα.
1276 5391 1371 5445 καὶ
1396 5391 1550 5443 ταῦτ’
1605 5395 1660 5444 ἐν
1699 5394 1878 5457 αὐτοῖς

320 5492 429 5549 τοῖς
461 5486 675 5546 ἀδύτοις
710 5482 802 5535 ὑπ’
823 5483 990 5545 αὑτὰς
1012 5484 1107 5545 τὰς
1134 5483 1431 5551 ίερωτᾶτας
1461 5484 1762 5550 τραπέζας,
1784 5485 1881 5536 καὶ

317 5578 419 5647 τῆς
446 5576 691 5643 ἀνάγκης
722 5575 1081 5643 ἐφεστηκυίας
1104 5575 1357 5643 γνώριμα
1403 5575 1570 5627 ταῦτα
1621 5578 1733 5637 τοῖς
1792 5593 1874 5628 τι-

262 5731 270 5737 _
323 5668 567 5739 μωροῦσι
594 5666 857 5730 θεμένων,
884 5665 1162 5734 ἀφανίζειν
1198 5664 1258 5717 τὸ
1311 5665 1505 5727 κάλλος
1548 5666 1728 5718 αὐτῶν
1776 5667 1877 5717 ἐπ·

318 5761 566 5830 εχείρουν
586 5757 635 5811 οἰ
673 5753 1047 5838 Τοῦηρκοι,,καί
1101 5757 1196 5828 τὰς
1236 5755 1381 5835 θείας
1440 5757 1741 5835 τραπέζας,
1785 5757 1873 5833 ἐφ’

1982 4576 2353 4629 inauifestant.
2393 4576 2547 4629 Novit
2581 4579 2723 4629 enim
2760 4590 2952 4631 natura
2983 4579 3331 4640 necessitati,
3358 4587 3408 4631 et
3448 4594 3544 4644 po-

1984 4669 2247 4722 tissinnnu
2287 4685 2410 4722 cum
2442 4685 2585 4722 mors
2629 4673 2970 4739 proponitur,
3019 4672 3161 4726 facili
3211 4673 3424 4743 negotio
3450 4690 3540 4725 rc-

1979 4759 2131 4810 dere.
2166 4756 2276 4811 lloc
2303 4768 2668 4813 etsa‘croruni
2745 4761 3066 4827 templorum
3127 4771 3179 4815 et
3262 4774 3539 4816 monastev

1983 4854 2184 4906 riorum
2217 4851 2515 4905 eversionis
2533 4866 2695 4904 causa
2723 4851 2839 4905 fuit.
2859 4854 2902 4904 A
2933 4852 3201 4905 nonnullis
3223 4854 3364 4905 enim
3384 4869 3544 4923 prop-

1982 4952 2063 4996 ter
2090 4942 2380 5010 expetitam
2411 4941 2756 4994 securitatem
2815 4942 2869 4993 in
2894 4941 3067 4996 sacris
3109 4942 3342 5009 templis,
3374 4958 3543 5012 peru-

1982 5034 2086 5086 niis
2116 5033 2395 5100 repositis,
2425 5042 2479 5085 et
2508 5033 2742 5084 maxime
2772 5033 2823 5084 in
2850 5034 2980 5101 ipsis
3012 5034 3188 5103 adytis
3220 5035 3319 5089 sub
3344 5022 3538 5088 sacro-

1982 5123 2186 5178 sanctis
2216 5122 2504 5182 altaribus.
2526 5133 2575 5174 et
2606 5127 2942 5188 postmodum
2970 5102 3295 5180 necessitate
3320 5102 3573 5197 urgente3

1982 5214 2051 5267 ob
2075 5212 2409 5265 crnciatuum
2441 5214 2703 5273 saevitiam
2726 5213 3001 5279 indicatis,
3022 5230 3207 5271 eorum
3242 5217 3547 5285 pulchritu-

1983 5304 2163 5358 dinem
2204 5303 2392 5358 Turcae
2426 5304 2690 5370 demoliti,
2725 5306 3051 5376 divinasque
3074 5322 3312 5371 mensas,
3344 5309 3396 5361 iu
3425 5311 3543 5376 qui-

1986 5396 2083 5450 bus
2115 5397 2338 5467 mystica
2360 5397 2547 5450 vivens
2564 5397 2890 5452 etsalutaris
2922 5401 3083 5453 totius
3113 5410 3377 5455 terrarum
3396 5401 3543 5451 orbis
3612 5430 3615 5431 ν

1984 5488 2201 5541 virtima
2257 5485 2506 5553 offertur,
2553 5490 2901 5558 pecuniarum
2964 5491 3235 5545 desiderio
3296 5489 3537 5543 studiose

1983 5590 2231 5633 evertere
2259 5589 2311 5633 et
2345 5579 2560 5634 cuilibet
2590 5580 2691 5652 (rte
2716 5582 2913 5637 misero
2940 5582 3092 5650 milii)
3139 5581 3538 5635 CODClllt'alltlus

1987 5686 2309 5739 proponere.
2348 5670 2484 5725 Nam
2551 5674 2966 5742 suspicabantur
3005 5674 3106 5727 sub
3162 5669 3308 5723 omni
3370 5669 3549 5734 lapide

1986 5762 2191 5833 pecuni.
2217 5778 2241 5818 s
2274 5777 2413 5831 esse,
2443 5774 2837 5839 preptereaque
2865 5766 3042 5825 omnia
3089 5760 3193 5813 latc
3236 5760 3540 5817 vastabant.
