  <div class='ocr_page' id='page_1' title='image "/cluster/home/n/w/nwhite01/storage/ocr_20150623/156/mdp.39015078384719/317.png"; bbox 0 0 4096 6300; ppageno 0'>
   <div class='ocr_carea' id='block_1_1' title="bbox 593 380 706 446">
    <p class='ocr_par' dir='ltr' id='par_1_1' title="bbox 593 380 706 446">
     <span class='ocr_line' id='line_1_1' title="bbox 593 380 706 446; baseline 0.009 -1"><span class='ocrx_word' id='word_1_1' title='bbox 593 380 706 446; x_wconf 74' lang='lat'><strong>615</strong></span> 
     </span>
    </p>
   </div>
   <div class='ocr_carea' id='block_1_2' title="bbox 1791 360 2636 429">
    <p class='ocr_par' dir='ltr' id='par_1_2' title="bbox 1791 360 2636 429">
     <span class='ocr_line' id='line_1_2' title="bbox 1791 360 2636 429; baseline -0.012 0"><span class='ocrx_word' id='word_1_2' title='bbox 1791 364 2121 429; x_wconf 67' lang='lat' dir='ltr'><strong>JOANNIS</strong></span> <span class='ocrx_word' id='word_1_3' title='bbox 2160 360 2636 424; x_wconf 69' lang='lat' dir='ltr'><strong>ANAGNOSTE</strong></span> 
     </span>
    </p>
   </div>
   <div class='ocr_carea' id='block_1_3' title="bbox 3774 356 3917 417">
    <p class='ocr_par' dir='ltr' id='par_1_3' title="bbox 3774 356 3917 417">
     <span class='ocr_line' id='line_1_3' title="bbox 3774 356 3917 417; baseline 0.028 -4"><span class='ocrx_word' id='word_1_4' title='bbox 3774 356 3917 417; x_wconf 67' lang='grc'><strong>626</strong></span> 
     </span>
    </p>
   </div>
   <div class='ocr_carea' id='block_1_4' title="bbox 594 472 2182 556">
    <p class='ocr_par' dir='ltr' id='par_1_4' title="bbox 594 484 2179 556">
     <span class='ocr_line' id='line_1_4' title="bbox 594 484 2179 556; baseline -0.009 -5"><span class='ocrx_word' id='word_1_5' title='bbox 594 498 727 551; x_wconf 85' lang='lat' dir='ltr'><strong>Tant</strong></span> <span class='ocrx_word' id='word_1_6' title='bbox 750 498 924 552; x_wconf 90' lang='lat' dir='ltr'><strong>dirum</strong></span> <span class='ocrx_word' id='word_1_7' title='bbox 985 494 1184 548; x_wconf 88' lang='lat' dir='ltr'><strong>malum</strong></span> <span class='ocrx_word' id='word_1_8' title='bbox 1242 492 1297 547; x_wconf 88' lang='lat' dir='ltr'><strong>in</strong></span> <span class='ocrx_word' id='word_1_9' title='bbox 1343 492 1517 546; x_wconf 84' lang='lat' dir='ltr'><strong>sacris</strong></span> <span class='ocrx_word' id='word_1_10' title='bbox 1568 502 1795 556; x_wconf 90' lang='lat' dir='ltr'><strong>quoque</strong></span> <span class='ocrx_word' id='word_1_11' title='bbox 1852 484 2179 555; x_wconf 76' lang='lat' dir='ltr'><strong>imaginibus</strong></span> 
     </span>
    </p>
   </div>
   <div class='ocr_carea' id='block_1_5' title="bbox 2288 472 3912 556">
    <p class='ocr_par' dir='ltr' id='par_1_5' title="bbox 2288 472 3912 548">
     <span class='ocr_line' id='line_1_5' title="bbox 2288 472 3912 548; baseline -0.006 -16"><span class='ocrx_word' id='word_1_12' title='bbox 2288 475 2370 542; x_wconf 77' lang='grc' dir='ltr'><strong>αἷς</strong></span> <span class='ocrx_word' id='word_1_13' title='bbox 2416 479 2590 548; x_wconf 72' lang='grc' dir='ltr'><strong>ηθεία</strong></span> <span class='ocrx_word' id='word_1_14' title='bbox 2623 478 2855 548; x_wconf 81' lang='grc' dir='ltr'><strong>μυστικὴ</strong></span> <span class='ocrx_word' id='word_1_15' title='bbox 2884 477 2977 529; x_wconf 73' lang='grc' dir='ltr'><strong>καὶ</strong></span> <span class='ocrx_word' id='word_1_16' title='bbox 3034 476 3181 539; x_wconf 72' lang='grc' dir='ltr'><strong>ζῶσα</strong></span> <span class='ocrx_word' id='word_1_17' title='bbox 3218 475 3312 528; x_wconf 73' lang='grc' dir='ltr'><strong>καὶ</strong></span> <span class='ocrx_word' id='word_1_18' title='bbox 3365 472 3612 544; x_wconf 75' lang='grc' dir='ltr'><strong>σωστικὴ</strong></span> <span class='ocrx_word' id='word_1_19' title='bbox 3662 474 3912 536; x_wconf 75' lang='grc' dir='ltr'><strong>παντὸς</strong></span> 
     </span>
    </p>
   </div>
   <div class='ocr_carea' id='block_1_6' title="bbox 596 578 2174 649">
    <p class='ocr_par' dir='ltr' id='par_1_6' title="bbox 596 578 2174 649">
     <span class='ocr_line' id='line_1_6' title="bbox 596 578 2174 649; baseline -0.008 -9"><span class='ocrx_word' id='word_1_20' title='bbox 596 588 770 642; x_wconf 90' lang='lat' dir='ltr'><strong>locum</strong></span> <span class='ocrx_word' id='word_1_21' title='bbox 802 588 1013 649; x_wconf 87' lang='lat' dir='ltr'><strong>habuit,</strong></span> <span class='ocrx_word' id='word_1_22' title='bbox 1079 602 1142 639; x_wconf 91' lang='lat' dir='ltr'><strong>ea</strong></span> <span class='ocrx_word' id='word_1_23' title='bbox 1199 600 1312 639; x_wconf 89' lang='lat' dir='ltr'><strong>non</strong></span> <span class='ocrx_word' id='word_1_24' title='bbox 1343 583 1461 638; x_wconf 81' lang='lat' dir='ltr'><strong>sine</strong></span> <span class='ocrx_word' id='word_1_25' title='bbox 1491 578 1813 634; x_wconf 71' lang='lat' dir='ltr'><strong>contumelia</strong></span> <span class='ocrx_word' id='word_1_26' title='bbox 1844 580 2174 639; x_wconf 78' lang='lat' dir='ltr'><strong>absumens;</strong></span> 
     </span>
    </p>
   </div>
   <div class='ocr_carea' id='block_1_7' title="bbox 595 670 2175 747">
    <p class='ocr_par' dir='ltr' id='par_1_7' title="bbox 595 670 2175 747">
     <span class='ocr_line' id='line_1_7' title="bbox 595 670 2175 747; baseline -0.009 -16"><span class='ocrx_word' id='word_1_27' title='bbox 595 695 824 747; x_wconf 90' lang='lat' dir='ltr'><strong>quarum</strong></span> <span class='ocrx_word' id='word_1_28' title='bbox 886 679 1175 747; x_wconf 68' lang='lat' dir='ltr'><strong>plerasque</strong></span> <span class='ocrx_word' id='word_1_29' title='bbox 1239 678 1359 746; x_wconf 77' lang='lat' dir='ltr'><strong>igne</strong></span> <span class='ocrx_word' id='word_1_30' title='bbox 1386 680 1825 735; x_wconf 90' lang='lat' dir='ltr'><strong>concremarunt,</strong></span> <span class='ocrx_word' id='word_1_31' title='bbox 1860 670 1949 736; x_wconf 90' lang='lat' dir='ltr'><strong>qui</strong></span> <span class='ocrx_word' id='word_1_32' title='bbox 1987 681 2175 721; x_wconf 89' lang='lat' dir='ltr'><strong>earum</strong></span> 
     </span>
    </p>
   </div>
   <div class='ocr_carea' id='block_1_8' title="bbox 594 761 2167 835">
    <p class='ocr_par' dir='ltr' id='par_1_8' title="bbox 594 761 2167 835">
     <span class='ocr_line' id='line_1_8' title="bbox 594 761 2167 835; baseline -0.009 -14"><span class='ocrx_word' id='word_1_33' title='bbox 594 770 965 824; x_wconf 83' lang='lat' dir='ltr'><strong>ndorationem</strong></span> <span class='ocrx_word' id='word_1_34' title='bbox 1004 769 1159 823; x_wconf 90' lang='lat' dir='ltr'><strong>nobis</strong></span> <span class='ocrx_word' id='word_1_35' title='bbox 1214 765 1515 835; x_wconf 87' lang='lat' dir='ltr'><strong>surripiunt</strong></span> <span class='ocrx_word' id='word_1_36' title='bbox 1552 780 1567 829; x_wconf 90' lang='lat'><strong>;</strong></span> <span class='ocrx_word' id='word_1_37' title='bbox 1601 761 1735 816; x_wconf 81' lang='lat' dir='ltr'><strong>alias</strong></span> <span class='ocrx_word' id='word_1_38' title='bbox 1803 761 1856 813; x_wconf 88' lang='lat' dir='ltr'><strong>in</strong></span> <span class='ocrx_word' id='word_1_39' title='bbox 1886 772 2042 813; x_wconf 92' lang='lat' dir='ltr'><strong>usum</strong></span> <span class='ocrx_word' id='word_1_40' title='bbox 2078 771 2167 809; x_wconf 88' lang='lat' dir='ltr'><strong>re-</strong></span> 
     </span>
    </p>
   </div>
   <div class='ocr_carea' id='block_1_9' title="bbox 598 848 2173 929">
    <p class='ocr_par' dir='ltr' id='par_1_9' title="bbox 598 848 2173 929">
     <span class='ocr_line' id='line_1_9' title="bbox 598 848 2173 929; baseline -0.008 -15"><span class='ocrx_word' id='word_1_41' title='bbox 598 878 716 915; x_wconf 89' lang='lat' dir='ltr'><strong>rum</strong></span> <span class='ocrx_word' id='word_1_42' title='bbox 747 862 1015 915; x_wconf 89' lang='lat' dir='ltr'><strong>venalimn</strong></span> <span class='ocrx_word' id='word_1_43' title='bbox 1045 861 1233 929; x_wconf 83' lang='lat' dir='ltr'><strong>(Deus,</strong></span> <span class='ocrx_word' id='word_1_44' title='bbox 1271 870 1416 913; x_wconf 82' lang='lat' dir='ltr'><strong>tuam</strong></span> <span class='ocrx_word' id='word_1_45' title='bbox 1453 856 1798 910; x_wconf 78' lang='lat' dir='ltr'><strong>tolerantiam</strong></span> <span class='ocrx_word' id='word_1_46' title='bbox 1838 853 1852 905; x_wconf 90' lang='lat' dir='ltr'><strong>l</strong></span> <span class='ocrx_word' id='word_1_47' title='bbox 1886 851 1963 919; x_wconf 89' lang='lat' dir='ltr'><strong>)in</strong></span> <span class='ocrx_word' id='word_1_48' title='bbox 1987 848 2173 902; x_wconf 89' lang='lat' dir='ltr'><strong>medio</strong></span> 
     </span>
    </p>
   </div>
   <div class='ocr_carea' id='block_1_10' title="bbox 596 943 2171 1021">
    <p class='ocr_par' dir='ltr' id='par_1_10' title="bbox 596 943 2171 1021">
     <span class='ocr_line' id='line_1_10' title="bbox 596 943 2171 1021; baseline -0.009 -16"><span class='ocrx_word' id='word_1_49' title='bbox 596 953 716 1005; x_wconf 78' lang='lat' dir='ltr'><strong>foro</strong></span> <span class='ocrx_word' id='word_1_50' title='bbox 732 953 1199 1021; x_wconf 71' lang='lat' dir='ltr'><strong>impudentissime</strong></span> <span class='ocrx_word' id='word_1_51' title='bbox 1220 952 1518 1013; x_wconf 81' lang='lat' dir='ltr'><strong>reduxere;</strong></span> <span class='ocrx_word' id='word_1_52' title='bbox 1548 946 1843 1001; x_wconf 87' lang='lat' dir='ltr'><strong>nonnullas</strong></span> <span class='ocrx_word' id='word_1_53' title='bbox 1856 943 2016 997; x_wconf 82' lang='lat' dir='ltr'><strong>etiam</strong></span> <span class='ocrx_word' id='word_1_54' title='bbox 2038 956 2171 993; x_wconf 86' lang='lat' dir='ltr'><strong>con-</strong></span> 
     </span>
    </p>
   </div>
   <div class='ocr_carea' id='block_1_11' title="bbox 598 1034 2159 1114">
    <p class='ocr_par' dir='ltr' id='par_1_11' title="bbox 598 1034 2159 1114">
     <span class='ocr_line' id='line_1_11' title="bbox 598 1034 2159 1114; baseline -0.01 -15"><span class='ocrx_word' id='word_1_55' title='bbox 598 1054 887 1099; x_wconf 89' lang='lat' dir='ltr'><strong>servarunt</strong></span> <span class='ocrx_word' id='word_1_56' title='bbox 917 1045 1009 1114; x_wconf 85' lang='lat' dir='ltr'><strong>qui</strong></span> <span class='ocrx_word' id='word_1_57' title='bbox 1041 1044 1209 1112; x_wconf 84' lang='lat' dir='ltr'><strong>magis</strong></span> <span class='ocrx_word' id='word_1_58' title='bbox 1242 1058 1403 1111; x_wconf 88' lang='lat' dir='ltr'><strong>quam</strong></span> <span class='ocrx_word' id='word_1_59' title='bbox 1435 1041 1526 1094; x_wconf 86' lang='lat' dir='ltr'><strong>alii</strong></span> <span class='ocrx_word' id='word_1_60' title='bbox 1562 1037 1814 1108; x_wconf 90' lang='lat' dir='ltr'><strong>pecuniis</strong></span> <span class='ocrx_word' id='word_1_61' title='bbox 1849 1034 2159 1095; x_wconf 78' lang='lat' dir='ltr'><strong>inhiabant,</strong></span> 
     </span>
    </p>
   </div>
   <div class='ocr_carea' id='block_1_12' title="bbox 599 1135 1598 1205">
    <p class='ocr_par' dir='ltr' id='par_1_12' title="bbox 599 1135 1598 1205">
     <span class='ocr_line' id='line_1_12' title="bbox 599 1135 1598 1205; baseline -0.007 -14"><span class='ocrx_word' id='word_1_62' title='bbox 599 1147 654 1191; x_wconf 89' lang='lat' dir='ltr'><strong>et</strong></span> <span class='ocrx_word' id='word_1_63' title='bbox 687 1149 869 1205; x_wconf 87' lang='lat' dir='ltr'><strong>postea</strong></span> <span class='ocrx_word' id='word_1_64' title='bbox 902 1147 1126 1203; x_wconf 69' lang='lat' dir='ltr'><strong>argento</strong></span> <span class='ocrx_word' id='word_1_65' title='bbox 1157 1135 1598 1189; x_wconf 87' lang='lat' dir='ltr'><strong>divendiderunt.</strong></span> 
     </span>
    </p>
   </div>
   <div class='ocr_carea' id='block_1_13' title="bbox 2285 562 3912 633">
    <p class='ocr_par' dir='ltr' id='par_1_13' title="bbox 2285 562 3912 633">
     <span class='ocr_line' id='line_1_13' title="bbox 2285 562 3912 633; baseline -0.004 -12"><span class='ocrx_word' id='word_1_66' title='bbox 2285 571 2595 621; x_wconf 81' lang='grc' dir='ltr'><strong>ὲπετελείτο</strong></span> <span class='ocrx_word' id='word_1_67' title='bbox 2617 567 2710 619; x_wconf 88' lang='grc' dir='ltr'><strong>τοῦ</strong></span> <span class='ocrx_word' id='word_1_68' title='bbox 2731 566 2939 633; x_wconf 85' lang='grc' dir='ltr'><strong>κόσμου</strong></span> <span class='ocrx_word' id='word_1_69' title='bbox 2964 564 3144 628; x_wconf 80' lang='grc' dir='ltr'><strong>θυσία,</strong></span> <span class='ocrx_word' id='word_1_70' title='bbox 3179 567 3246 633; x_wconf 80' lang='grc' dir='ltr'><strong>τῇ</strong></span> <span class='ocrx_word' id='word_1_71' title='bbox 3270 564 3379 617; x_wconf 89' lang='grc' dir='ltr'><strong>τῶν</strong></span> <span class='ocrx_word' id='word_1_72' title='bbox 3412 562 3725 633; x_wconf 68' lang='grc' dir='ltr'><strong>χρημάτων</strong></span> <span class='ocrx_word' id='word_1_73' title='bbox 3756 564 3912 616; x_wconf 76' lang='grc' dir='ltr'><strong>ἑπι-</strong></span> 
     </span>
    </p>
   </div>
   <div class='ocr_carea' id='block_1_14' title="bbox 2286 655 3904 731">
    <p class='ocr_par' dir='ltr' id='par_1_14' title="bbox 2286 655 3904 731">
     <span class='ocr_line' id='line_1_14' title="bbox 2286 655 3904 731; baseline -0.004 -17"><span class='ocrx_word' id='word_1_74' title='bbox 2286 661 2457 731; x_wconf 84' lang='grc' dir='ltr'><strong>θυμίᾳ</strong></span> <span class='ocrx_word' id='word_1_75' title='bbox 2508 659 2650 712; x_wconf 80' lang='grc' dir='ltr'><strong>κατὰ</strong></span> <span class='ocrx_word' id='word_1_76' title='bbox 2692 658 2930 727; x_wconf 85' lang='grc' dir='ltr'><strong>σπουδὴν</strong></span> <span class='ocrx_word' id='word_1_77' title='bbox 2974 657 3304 725; x_wconf 78' lang='grc' dir='ltr'><strong>ἀνατρέπειν</strong></span> <span class='ocrx_word' id='word_1_78' title='bbox 3349 656 3442 709; x_wconf 79' lang='grc' dir='ltr'><strong>καὶ</strong></span> <span class='ocrx_word' id='word_1_79' title='bbox 3489 655 3904 724; x_wconf 71' lang='grc' dir='ltr'><strong>καταπάτημα</strong></span> 
     </span>
    </p>
   </div>
   <div class='ocr_carea' id='block_1_15' title="bbox 2286 746 3899 823">
    <p class='ocr_par' dir='ltr' id='par_1_15' title="bbox 2286 746 3899 823">
     <span class='ocr_line' id='line_1_15' title="bbox 2286 746 3899 823; baseline -0.004 -18"><span class='ocrx_word' id='word_1_80' title='bbox 2286 754 2386 823; x_wconf 78' lang='grc' dir='ltr'><strong>φεῦ</strong></span> <span class='ocrx_word' id='word_1_81' title='bbox 2419 754 2531 813; x_wconf 86' lang='grc' dir='ltr'><strong>τοῖς</strong></span> <span class='ocrx_word' id='word_1_82' title='bbox 2581 751 2930 821; x_wconf 81' lang='grc' dir='ltr'><strong>βουλομένοις</strong></span> <span class='ocrx_word' id='word_1_83' title='bbox 2974 749 3211 803; x_wconf 80' lang='grc' dir='ltr'><strong>τιθέναι·</strong></span> <span class='ocrx_word' id='word_1_84' title='bbox 3268 749 3538 801; x_wconf 81' lang='grc' dir='ltr'><strong>ὑπέλαϐον</strong></span> <span class='ocrx_word' id='word_1_85' title='bbox 3590 749 3705 816; x_wconf 78' lang='grc' dir='ltr'><strong>γὰρ</strong></span> <span class='ocrx_word' id='word_1_86' title='bbox 3764 746 3899 799; x_wconf 74' lang='grc' dir='ltr'><strong>ὑπὸ</strong></span> 
     </span>
    </p>
   </div>
   <div class='ocr_carea' id='block_1_16' title="bbox 2285 839 3896 912">
    <p class='ocr_par' dir='ltr' id='par_1_16' title="bbox 2285 839 3896 912">
     <span class='ocr_line' id='line_1_16' title="bbox 2285 839 3896 912; baseline -0.002 -16"><span class='ocrx_word' id='word_1_87' title='bbox 2285 845 2451 897; x_wconf 79' lang='grc' dir='ltr'><strong>παντὶ</strong></span> <span class='ocrx_word' id='word_1_88' title='bbox 2477 842 2608 912; x_wconf 87' lang='grc' dir='ltr'><strong>λίθῳ</strong></span> <span class='ocrx_word' id='word_1_89' title='bbox 2642 842 2904 912; x_wconf 87' lang='grc' dir='ltr'><strong>χρήματα</strong></span> <span class='ocrx_word' id='word_1_90' title='bbox 2929 840 3167 905; x_wconf 82' lang='grc' dir='ltr'><strong>κεῖσθαι,</strong></span> <span class='ocrx_word' id='word_1_91' title='bbox 3220 841 3316 894; x_wconf 71' lang='grc' dir='ltr'><strong>καὶ</strong></span> <span class='ocrx_word' id='word_1_92' title='bbox 3355 841 3442 894; x_wconf 78' lang='grc' dir='ltr'><strong>διὰ</strong></span> <span class='ocrx_word' id='word_1_93' title='bbox 3493 839 3652 893; x_wconf 88' lang='grc' dir='ltr'><strong>τοῦτο</strong></span> <span class='ocrx_word' id='word_1_94' title='bbox 3705 840 3896 894; x_wconf 81' lang='grc' dir='ltr'><strong>πάντ’</strong></span> 
     </span>
    </p>
   </div>
   <div class='ocr_carea' id='block_1_17' title="bbox 2286 933 3893 1004">
    <p class='ocr_par' dir='ltr' id='par_1_17' title="bbox 2286 933 3893 1004">
     <span class='ocr_line' id='line_1_17' title="bbox 2286 933 3893 1004; baseline -0.002 -14"><span class='ocrx_word' id='word_1_95' title='bbox 2286 939 2560 990; x_wconf 87' lang='grc' dir='ltr'><strong>ἀνάστατα</strong></span> <span class='ocrx_word' id='word_1_96' title='bbox 2590 936 2986 1004; x_wconf 74' lang='grc' dir='ltr'><strong>πεποιήκεσαν.</strong></span> <span class='ocrx_word' id='word_1_97' title='bbox 3021 933 3170 1001; x_wconf 82' lang='grc' dir='ltr'><strong>Δῦτη</strong></span> <span class='ocrx_word' id='word_1_98' title='bbox 3196 935 3338 987; x_wconf 82' lang='grc' dir='ltr'><strong>κάπὶ</strong></span> <span class='ocrx_word' id='word_1_99' title='bbox 3359 934 3467 987; x_wconf 87' lang='grc' dir='ltr'><strong>τῶν</strong></span> <span class='ocrx_word' id='word_1_100' title='bbox 3518 934 3682 1002; x_wconf 72' lang='grc' dir='ltr'><strong>ἱερῶν</strong></span> <span class='ocrx_word' id='word_1_101' title='bbox 3717 935 3893 987; x_wconf 75' lang='grc' dir='ltr'><strong>εἰκό-</strong></span> 
     </span>
    </p>
   </div>
   <div class='ocr_carea' id='block_1_18' title="bbox 2286 1025 3891 1098">
    <p class='ocr_par' dir='ltr' id='par_1_18' title="bbox 2286 1025 3891 1098">
     <span class='ocr_line' id='line_1_18' title="bbox 2286 1025 3891 1098; baseline -0.002 -16"><span class='ocrx_word' id='word_1_102' title='bbox 2286 1048 2391 1082; x_wconf 87' lang='grc' dir='ltr'><strong>νων</strong></span> <span class='ocrx_word' id='word_1_103' title='bbox 2424 1027 2773 1097; x_wconf 78' lang='grc' dir='ltr'><strong>συμὸἐόηκεν</strong></span> <span class='ocrx_word' id='word_1_104' title='bbox 2805 1030 2863 1081; x_wconf 76' lang='grc' dir='ltr'><strong>ἐν</strong></span> <span class='ocrx_word' id='word_1_105' title='bbox 2923 1025 3079 1098; x_wconf 75' lang='grc' dir='ltr'><strong>ὑδρει</strong></span> <span class='ocrx_word' id='word_1_106' title='bbox 3122 1026 3413 1097; x_wconf 81' lang='grc' dir='ltr'><strong>διαφθορὰ,</strong></span> <span class='ocrx_word' id='word_1_107' title='bbox 3458 1028 3553 1080; x_wconf 79' lang='grc' dir='ltr'><strong>καὶ</strong></span> <span class='ocrx_word' id='word_1_108' title='bbox 3602 1028 3703 1089; x_wconf 81' lang='grc' dir='ltr'><strong>τὰς</strong></span> <span class='ocrx_word' id='word_1_109' title='bbox 3770 1029 3891 1097; x_wconf 80' lang='grc' dir='ltr'><strong>μὲν</strong></span> 
     </span>
    </p>
   </div>
   <div class='ocr_carea' id='block_1_19' title="bbox 2282 1114 3885 1190">
    <p class='ocr_par' dir='ltr' id='par_1_19' title="bbox 2282 1114 3885 1190">
     <span class='ocr_line' id='line_1_19' title="bbox 2282 1114 3885 1190; baseline 0 -17"><span class='ocrx_word' id='word_1_110' title='bbox 2282 1122 2419 1189; x_wconf 75' lang='grc' dir='ltr'><strong>πυρὶ</strong></span> <span class='ocrx_word' id='word_1_111' title='bbox 2458 1120 2768 1190; x_wconf 80' lang='grc' dir='ltr'><strong>περιέσχον,</strong></span> <span class='ocrx_word' id='word_1_112' title='bbox 2792 1114 2902 1172; x_wconf 77' lang='grc' dir='ltr'><strong>οἷον</strong></span> <span class='ocrx_word' id='word_1_113' title='bbox 2924 1121 3076 1189; x_wconf 79' lang='grc' dir='ltr'><strong>ἡμᾶς</strong></span> <span class='ocrx_word' id='word_1_114' title='bbox 3117 1120 3195 1179; x_wconf 77' lang='grc' dir='ltr'><strong>εἰς</strong></span> <span class='ocrx_word' id='word_1_115' title='bbox 3224 1120 3325 1188; x_wconf 80' lang='grc' dir='ltr'><strong>τὴν</strong></span> <span class='ocrx_word' id='word_1_116' title='bbox 3351 1118 3558 1171; x_wconf 86' lang='grc' dir='ltr'><strong>τούτων</strong></span> <span class='ocrx_word' id='word_1_117' title='bbox 3610 1122 3885 1189; x_wconf 74' lang='grc' dir='ltr'><strong>προσκύ-</strong></span> 
     </span>
    </p>
   </div>
   <div class='ocr_carea' id='block_1_20' title="bbox 599 1213 3886 1302">
    <p class='ocr_par' dir='ltr' id='par_1_20' title="bbox 599 1213 3886 1302">
     <span class='ocr_line' id='line_1_20' title="bbox 599 1213 3886 1302; baseline -0.005 -17"><span class='ocrx_word' id='word_1_118' title='bbox 599 1252 755 1300; x_wconf 83' lang='grc' dir='ltr'><strong>νησιν</strong></span> <span class='ocrx_word' id='word_1_119' title='bbox 773 1233 1119 1302; x_wconf 73' lang='grc' dir='ltr'><strong>ζημιοῦντες,</strong></span> <span class='ocrx_word' id='word_1_120' title='bbox 1156 1236 1273 1294; x_wconf 82' lang='grc' dir='ltr'><strong>ταῖς</strong></span> <span class='ocrx_word' id='word_1_121' title='bbox 1305 1232 1350 1283; x_wconf 79' lang='grc' dir='ltr'><strong>δ’</strong></span> <span class='ocrx_word' id='word_1_122' title='bbox 1388 1232 1466 1292; x_wconf 84' lang='grc' dir='ltr'><strong>εἰς</strong></span> <span class='ocrx_word' id='word_1_123' title='bbox 1517 1228 1782 1297; x_wconf 83' lang='grc' dir='ltr'><strong>ὑποδοχὴν</strong></span> <span class='ocrx_word' id='word_1_124' title='bbox 1818 1225 1926 1279; x_wconf 86' lang='grc' dir='ltr'><strong>τῶν</strong></span> <span class='ocrx_word' id='word_1_125' title='bbox 1975 1223 2169 1284; x_wconf 85' lang='grc' dir='ltr'><strong>ὠνίων,</strong></span> <span class='ocrx_word' id='word_1_126' title='bbox 2209 1213 2254 1273; x_wconf 81' lang='grc' dir='ltr'><strong>ὧ</strong></span> <span class='ocrx_word' id='word_1_127' title='bbox 2282 1219 2416 1273; x_wconf 85' lang='grc' dir='ltr'><strong>Θεοῦ</strong></span> <span class='ocrx_word' id='word_1_128' title='bbox 2453 1220 2675 1287; x_wconf 78' lang='grc' dir='ltr'><strong>ἀνοχῆς,</strong></span> <span class='ocrx_word' id='word_1_129' title='bbox 2708 1218 2799 1271; x_wconf 68' lang='grc' dir='ltr'><strong>ἐπὶ</strong></span> <span class='ocrx_word' id='word_1_130' title='bbox 2831 1219 3003 1287; x_wconf 83' lang='grc' dir='ltr'>μέσης</span> <span class='ocrx_word' id='word_1_131' title='bbox 3061 1220 3160 1287; x_wconf 80' lang='grc' dir='ltr'><strong>τῆς</strong></span> <span class='ocrx_word' id='word_1_132' title='bbox 3182 1218 3386 1287; x_wconf 83' lang='grc' dir='ltr'><strong>ἀγορᾶς</strong></span> <span class='ocrx_word' id='word_1_133' title='bbox 3446 1218 3671 1287; x_wconf 84' lang='grc' dir='ltr'><strong>ἀναίδην</strong></span> <span class='ocrx_word' id='word_1_134' title='bbox 3698 1213 3886 1284; x_wconf 75' lang='grc' dir='ltr'><strong>ὲχρή·</strong></span> 
     </span>
    </p>
   </div>
   <div class='ocr_carea' id='block_1_21' title="bbox 600 1313 3878 1397">
    <p class='ocr_par' dir='ltr' id='par_1_21' title="bbox 600 1313 3878 1397">
     <span class='ocr_line' id='line_1_21' title="bbox 600 1313 3878 1397; baseline -0.005 -16"><span class='ocrx_word' id='word_1_135' title='bbox 600 1345 781 1393; x_wconf 83' lang='grc' dir='ltr'><strong>σαντο,</strong></span> <span class='ocrx_word' id='word_1_136' title='bbox 814 1330 964 1391; x_wconf 65' lang='grc' dir='ltr'><strong>τινὲς</strong></span> <span class='ocrx_word' id='word_1_137' title='bbox 993 1330 1046 1381; x_wconf 80' lang='grc' dir='ltr'><strong>δὲ</strong></span> <span class='ocrx_word' id='word_1_138' title='bbox 1083 1330 1175 1381; x_wconf 73' lang='grc' dir='ltr'><strong>καὶ</strong></span> <span class='ocrx_word' id='word_1_139' title='bbox 1200 1327 1525 1397; x_wconf 72' lang='grc' dir='ltr'><strong>διετήρησαν</strong></span> <span class='ocrx_word' id='word_1_140' title='bbox 1545 1325 1674 1387; x_wconf 72' lang='grc' dir='ltr'><strong>ἴσως</strong></span> <span class='ocrx_word' id='word_1_141' title='bbox 1706 1326 1818 1376; x_wconf 74' lang='grc' dir='ltr'><strong>ὅσοι</strong></span> <span class='ocrx_word' id='word_1_142' title='bbox 1852 1320 1959 1373; x_wconf 82' lang='grc' dir='ltr'><strong>τῶν</strong></span> <span class='ocrx_word' id='word_1_143' title='bbox 2025 1317 2200 1374; x_wconf 85' lang='grc' dir='ltr'><strong>ἀλλων</strong></span> <span class='ocrx_word' id='word_1_144' title='bbox 2236 1318 2316 1380; x_wconf 85' lang='grc' dir='ltr'><strong>εἰς</strong></span> <span class='ocrx_word' id='word_1_145' title='bbox 2369 1319 2562 1387; x_wconf 83' lang='grc' dir='ltr'><strong>κτῆσιν</strong></span> <span class='ocrx_word' id='word_1_146' title='bbox 2588 1315 2888 1386; x_wconf 75' lang='grc' dir='ltr'><strong>χρημάτων</strong></span> <span class='ocrx_word' id='word_1_147' title='bbox 2917 1315 3261 1386; x_wconf 82' lang='grc' dir='ltr'><strong>θερμότεροι,</strong></span> <span class='ocrx_word' id='word_1_148' title='bbox 3289 1316 3385 1369; x_wconf 82' lang='grc' dir='ltr'><strong>καὶ</strong></span> <span class='ocrx_word' id='word_1_149' title='bbox 3411 1316 3677 1386; x_wconf 75' lang='grc' dir='ltr'><strong>ἀργυρίου</strong></span> <span class='ocrx_word' id='word_1_150' title='bbox 3728 1313 3878 1367; x_wconf 71' lang='grc' dir='ltr'><strong>ταύ-⁵</strong></span> 
     </span>
    </p>
   </div>
   <div class='ocr_carea' id='block_1_22' title="bbox 598 1422 1018 1481">
    <p class='ocr_par' dir='ltr' id='par_1_22' title="bbox 598 1422 1018 1481">
     <span class='ocr_line' id='line_1_22' title="bbox 598 1422 1018 1481; baseline -0.002 -7"><span class='ocrx_word' id='word_1_151' title='bbox 598 1438 706 1481; x_wconf 89' lang='grc' dir='ltr'><strong>τας</strong></span> <span class='ocrx_word' id='word_1_152' title='bbox 737 1422 1018 1473; x_wconf 80' lang='grc' dir='ltr'><strong>ἀπέδοντο.</strong></span> 
     </span>
    </p>
   </div>
   <div class='ocr_carea' id='block_1_23' title="bbox 673 1504 2180 1579">
    <p class='ocr_par' dir='ltr' id='par_1_23' title="bbox 673 1504 2180 1579">
     <span class='ocr_line' id='line_1_23' title="bbox 673 1504 2180 1579; baseline -0.011 -11"><span class='ocrx_word' id='word_1_153' title='bbox 673 1514 750 1568; x_wconf 87' lang='grc'><strong>16.</strong></span> <span class='ocrx_word' id='word_1_154' title='bbox 781 1513 920 1577; x_wconf 85' lang='lat' dir='ltr'><strong>Quid</strong></span> <span class='ocrx_word' id='word_1_155' title='bbox 942 1526 1105 1579; x_wconf 91' lang='lat' dir='ltr'><strong>porro</strong></span> <span class='ocrx_word' id='word_1_156' title='bbox 1125 1511 1337 1566; x_wconf 80' lang='lat' dir='ltr'><strong>diceres</strong></span> <span class='ocrx_word' id='word_1_157' title='bbox 1360 1508 1426 1565; x_wconf 89' lang='lat' dir='ltr'><strong>de</strong></span> <span class='ocrx_word' id='word_1_158' title='bbox 1453 1511 1626 1564; x_wconf 90' lang='lat' dir='ltr'><strong>nostri</strong></span> <span class='ocrx_word' id='word_1_159' title='bbox 1655 1504 1930 1577; x_wconf 66' lang='lat' dir='ltr'><strong>tropazalis</strong></span> <span class='ocrx_word' id='word_1_160' title='bbox 1948 1513 1999 1559; x_wconf 92' lang='lat' dir='ltr'><strong>et</strong></span> <span class='ocrx_word' id='word_1_161' title='bbox 2034 1515 2180 1555; x_wconf 86' lang='lat' dir='ltr'><strong>mar-</strong></span> 
     </span>
    </p>
   </div>
   <div class='ocr_carea' id='block_1_24' title="bbox 599 1601 2184 1675">
    <p class='ocr_par' dir='ltr' id='par_1_24' title="bbox 599 1601 2184 1675">
     <span class='ocr_line' id='line_1_24' title="bbox 599 1601 2184 1675; baseline -0.006 -17"><span class='ocrx_word' id='word_1_162' title='bbox 599 1606 734 1675; x_wconf 84' lang='lat' dir='ltr'><strong>tyris</strong></span> <span class='ocrx_word' id='word_1_163' title='bbox 780 1604 1114 1674; x_wconf 82' lang='lat' dir='ltr'><strong>myrothecio</strong></span> <span class='ocrx_word' id='word_1_164' title='bbox 1166 1603 1189 1655; x_wconf 83' lang='lat'><strong>?</strong></span> <span class='ocrx_word' id='word_1_165' title='bbox 1232 1616 1407 1671; x_wconf 90' lang='lat' dir='ltr'><strong>neque</strong></span> <span class='ocrx_word' id='word_1_166' title='bbox 1468 1601 1599 1655; x_wconf 88' lang='lat' dir='ltr'><strong>illud</strong></span> <span class='ocrx_word' id='word_1_167' title='bbox 1649 1602 1940 1654; x_wconf 90' lang='lat' dir='ltr'><strong>immotum</strong></span> <span class='ocrx_word' id='word_1_168' title='bbox 2006 1608 2184 1664; x_wconf 84' lang='lat' dir='ltr'><strong>neque</strong></span> 
     </span>
    </p>
   </div>
   <div class='ocr_carea' id='block_1_25' title="bbox 600 1690 2171 1760">
    <p class='ocr_par' dir='ltr' id='par_1_25' title="bbox 600 1690 2171 1760">
     <span class='ocr_line' id='line_1_25' title="bbox 600 1690 2171 1760; baseline -0.007 -11"><span class='ocrx_word' id='word_1_169' title='bbox 600 1696 1049 1760; x_wconf 64' lang='lat' dir='ltr'><strong>imperturbatum</strong></span> <span class='ocrx_word' id='word_1_170' title='bbox 1105 1691 1307 1746; x_wconf 79' lang='lat' dir='ltr'><strong>furoris</strong></span> <span class='ocrx_word' id='word_1_171' title='bbox 1335 1690 1718 1758; x_wconf 81' lang='lat' dir='ltr'><strong>exsuperantia</strong></span> <span class='ocrx_word' id='word_1_172' title='bbox 1748 1692 2171 1749; x_wconf 84' lang='lat' dir='ltr'><strong>conservarunt,</strong></span> 
     </span>
    </p>
   </div>
   <div class='ocr_carea' id='block_1_26' title="bbox 605 1778 2181 1852">
    <p class='ocr_par' dir='ltr' id='par_1_26' title="bbox 605 1778 2181 1852">
     <span class='ocr_line' id='line_1_26' title="bbox 605 1778 2181 1852; baseline -0.004 -16"><span class='ocrx_word' id='word_1_173' title='bbox 605 1784 699 1852; x_wconf 86' lang='lat' dir='ltr'><strong>qui</strong></span> <span class='ocrx_word' id='word_1_174' title='bbox 762 1792 948 1836; x_wconf 91' lang='lat' dir='ltr'><strong>contra</strong></span> <span class='ocrx_word' id='word_1_175' title='bbox 980 1796 1079 1835; x_wconf 90' lang='lat' dir='ltr'><strong>nos</strong></span> <span class='ocrx_word' id='word_1_176' title='bbox 1112 1782 1277 1835; x_wconf 90' lang='lat' dir='ltr'><strong>veluti</strong></span> <span class='ocrx_word' id='word_1_177' title='bbox 1329 1782 1513 1835; x_wconf 66' lang='lat' dir='ltr'><strong>bestiae</strong></span> <span class='ocrx_word' id='word_1_178' title='bbox 1558 1783 1931 1852; x_wconf 73' lang='lat' dir='ltr'><strong>immansueta:</strong></span> <span class='ocrx_word' id='word_1_179' title='bbox 1987 1778 2181 1829; x_wconf 72' lang='lat' dir='ltr'><strong>saevie-</strong></span> 
     </span>
    </p>
   </div>
   <div class='ocr_carea' id='block_1_27' title="bbox 2359 1497 3879 1572">
    <p class='ocr_par' dir='ltr' id='par_1_27' title="bbox 2359 1497 3879 1572">
     <span class='ocr_line' id='line_1_27' title="bbox 2359 1497 3879 1572; baseline 0.001 -19"><span class='ocrx_word' id='word_1_180' title='bbox 2359 1497 2455 1564; x_wconf 81' lang='grc' dir='ltr'><strong>ις’.</strong></span> <span class='ocrx_word' id='word_1_181' title='bbox 2515 1499 2581 1553; x_wconf 84' lang='grc' dir='ltr'><strong>Τί</strong></span> <span class='ocrx_word' id='word_1_182' title='bbox 2631 1497 2675 1553; x_wconf 86' lang='grc' dir='ltr'><strong>δ’</strong></span> <span class='ocrx_word' id='word_1_183' title='bbox 2709 1500 2774 1554; x_wconf 83' lang='grc' dir='ltr'><strong>ἃν</strong></span> <span class='ocrx_word' id='word_1_184' title='bbox 2806 1499 2985 1564; x_wconf 75' lang='grc' dir='ltr'><strong>εἴποις</strong></span> <span class='ocrx_word' id='word_1_185' title='bbox 3018 1501 3146 1570; x_wconf 78' lang='grc' dir='ltr'><strong>περὶ</strong></span> <span class='ocrx_word' id='word_1_186' title='bbox 3175 1499 3274 1569; x_wconf 78' lang='grc' dir='ltr'><strong>τῆς</strong></span> <span class='ocrx_word' id='word_1_187' title='bbox 3304 1499 3604 1572; x_wconf 54' lang='grc' dir='ltr'><strong>μυροδόχου</strong></span> <span class='ocrx_word' id='word_1_188' title='bbox 3663 1502 3879 1569; x_wconf 74' lang='grc' dir='ltr'><strong>τιμίας</strong></span> 
     </span>
    </p>
   </div>
   <div class='ocr_carea' id='block_1_28' title="bbox 2283 1588 3873 1660">
    <p class='ocr_par' dir='ltr' id='par_1_28' title="bbox 2283 1588 3873 1660">
     <span class='ocr_line' id='line_1_28' title="bbox 2283 1588 3873 1660; baseline -0.001 -16"><span class='ocrx_word' id='word_1_189' title='bbox 2283 1589 2553 1660; x_wconf 79' lang='grc' dir='ltr'><strong>λάρνακος</strong></span> <span class='ocrx_word' id='word_1_190' title='bbox 2584 1588 2677 1642; x_wconf 91' lang='grc' dir='ltr'><strong>τοῦ</strong></span> <span class='ocrx_word' id='word_1_191' title='bbox 2705 1589 2987 1659; x_wconf 75' lang='grc' dir='ltr'><strong>ἡμεδαποῦ</strong></span> <span class='ocrx_word' id='word_1_192' title='bbox 3010 1589 3375 1659; x_wconf 84' lang='grc' dir='ltr'><strong>τροπαιούχου</strong></span> <span class='ocrx_word' id='word_1_193' title='bbox 3418 1592 3509 1642; x_wconf 74' lang='grc' dir='ltr'><strong>καὶ</strong></span> <span class='ocrx_word' id='word_1_194' title='bbox 3540 1590 3721 1660; x_wconf 79' lang='grc' dir='ltr'><strong>μάρτυ</strong></span> <span class='ocrx_word' id='word_1_195' title='bbox 3733 1607 3873 1658; x_wconf 77' lang='grc' dir='ltr'><strong>ροςς</strong></span> 
     </span>
    </p>
   </div>
   <div class='ocr_carea' id='block_1_29' title="bbox 2282 1682 3875 1753">
    <p class='ocr_par' dir='ltr' id='par_1_29' title="bbox 2282 1682 3875 1753">
     <span class='ocr_line' id='line_1_29' title="bbox 2282 1682 3875 1753; baseline -0.001 -18"><span class='ocrx_word' id='word_1_196' title='bbox 2282 1684 2483 1753; x_wconf 78' lang='grc' dir='ltr'><strong>ἥκιστα</strong></span> <span class='ocrx_word' id='word_1_197' title='bbox 2512 1684 2607 1736; x_wconf 71' lang='grc' dir='ltr'><strong>καὶ</strong></span> <span class='ocrx_word' id='word_1_198' title='bbox 2638 1682 2845 1753; x_wconf 85' lang='grc' dir='ltr'><strong>ταύτην</strong></span> <span class='ocrx_word' id='word_1_199' title='bbox 2871 1684 3061 1736; x_wconf 74' lang='grc' dir='ltr'><strong>εἴασαν</strong></span> <span class='ocrx_word' id='word_1_200' title='bbox 3092 1683 3492 1753; x_wconf 79' lang='grc' dir='ltr'><strong>ἀπερίτρεπτον</strong></span> <span class='ocrx_word' id='word_1_201' title='bbox 3530 1686 3626 1735; x_wconf 77' lang='grc' dir='ltr'><strong>καὶ</strong></span> <span class='ocrx_word' id='word_1_202' title='bbox 3662 1682 3875 1750; x_wconf 85' lang='grc' dir='ltr'><strong>μένου-</strong></span> 
     </span>
    </p>
   </div>
   <div class='ocr_carea' id='block_1_30' title="bbox 2287 1774 3873 1845">
    <p class='ocr_par' dir='ltr' id='par_1_30' title="bbox 2287 1774 3873 1845">
     <span class='ocr_line' id='line_1_30' title="bbox 2287 1774 3873 1845; baseline 0 -18"><span class='ocrx_word' id='word_1_203' title='bbox 2287 1792 2419 1841; x_wconf 56' lang='grc' dir='ltr'><strong>σαν,</strong></span> <span class='ocrx_word' id='word_1_204' title='bbox 2447 1776 2522 1837; x_wconf 85' lang='grc' dir='ltr'><strong>ὡς</strong></span> <span class='ocrx_word' id='word_1_205' title='bbox 2584 1775 2644 1828; x_wconf 75' lang='grc' dir='ltr'><strong>τὸ</strong></span> <span class='ocrx_word' id='word_1_206' title='bbox 2698 1776 2847 1844; x_wconf 74' lang='grc' dir='ltr'><strong>πρὶν,</strong></span> <span class='ocrx_word' id='word_1_207' title='bbox 2901 1775 3095 1844; x_wconf 88' lang='grc' dir='ltr'><strong>μανίας</strong></span> <span class='ocrx_word' id='word_1_208' title='bbox 3148 1776 3424 1845; x_wconf 76' lang='grc' dir='ltr'><strong>ὑπερϐολῇ</strong></span> <span class='ocrx_word' id='word_1_209' title='bbox 3454 1776 3503 1827; x_wconf 90' lang='grc' dir='ltr'><strong>οί</strong></span> <span class='ocrx_word' id='word_1_210' title='bbox 3552 1774 3873 1844; x_wconf 76' lang='grc' dir='ltr'><strong>καθ’ἠμῶν</strong></span> 
     </span>
    </p>
   </div>
   <div class='ocr_carea' id='block_1_31' title="bbox 605 1842 2182 1936">
    <p class='ocr_par' dir='ltr' id='par_1_31' title="bbox 605 1842 2178 1936">
     <span class='ocr_line' id='line_1_31' title="bbox 605 1842 2178 1936; baseline -0.007 -10"><span class='ocrx_word' id='word_1_211' title='bbox 605 1882 884 1936; x_wconf 82' lang='lat' dir='ltr'><strong>rant;non</strong></span> <span class='ocrx_word' id='word_1_212' title='bbox 914 1870 1161 1925; x_wconf 81' lang='lat' dir='ltr'><strong>eamdem</strong></span> <span class='ocrx_word' id='word_1_213' title='bbox 1195 1880 1374 1923; x_wconf 90' lang='lat' dir='ltr'><strong>tamen</strong></span> <span class='ocrx_word' id='word_1_214' title='bbox 1401 1868 1469 1922; x_wconf 90' lang='lat' dir='ltr'><strong>ob</strong></span> <span class='ocrx_word' id='word_1_215' title='bbox 1500 1842 1722 1923; x_wconf 57' lang='lat' dir='ltr'><strong>causam</strong></span> <span class='ocrx_word' id='word_1_216' title='bbox 1754 1867 1823 1922; x_wconf 83' lang='lat' dir='ltr'><strong>ob</strong></span> <span class='ocrx_word' id='word_1_217' title='bbox 1864 1882 2026 1936; x_wconf 88' lang='lat' dir='ltr'><strong>quam</strong></span> <span class='ocrx_word' id='word_1_218' title='bbox 2076 1864 2178 1916; x_wconf 77' lang='lat' dir='ltr'><strong>alia</strong></span> 
     </span>
    </p>
   </div>
   <div class='ocr_carea' id='block_1_32' title="bbox 2288 1842 3874 1936">
    <p class='ocr_par' dir='ltr' id='par_1_32' title="bbox 2288 1842 3874 1936">
     <span class='ocr_line' id='line_1_32' title="bbox 2288 1842 3874 1936; baseline -0.001 -18"><span class='ocrx_word' id='word_1_219' title='bbox 2288 1864 2472 1935; x_wconf 80' lang='grc' dir='ltr'><strong>ὥσπερ</strong></span> <span class='ocrx_word' id='word_1_220' title='bbox 2497 1854 2664 1935; x_wconf 61' lang='grc' dir='ltr'><strong>θῆρες</strong></span> <span class='ocrx_word' id='word_1_221' title='bbox 2700 1842 3061 1932; x_wconf 79' lang='grc' dir='ltr'><strong>λυττήσαντες</strong></span> <span class='ocrx_word' id='word_1_222' title='bbox 3093 1842 3296 1935; x_wconf 77' lang='grc' dir='ltr'><strong>ἄγριοι.</strong></span> <span class='ocrx_word' id='word_1_223' title='bbox 3322 1842 3461 1936; x_wconf 58' lang='grc' dir='ltr'><strong>πλην</strong></span> <span class='ocrx_word' id='word_1_224' title='bbox 3485 1865 3543 1917; x_wconf 87' lang='grc' dir='ltr'><strong>οὑ</strong></span> <span class='ocrx_word' id='word_1_225' title='bbox 3576 1864 3645 1917; x_wconf 79' lang='grc' dir='ltr'><strong>δι’</strong></span> <span class='ocrx_word' id='word_1_226' title='bbox 3676 1842 3874 1918; x_wconf 78' lang='grc' dir='ltr'><strong>αἰτίαν</strong></span> 
     </span>
    </p>
   </div>
   <div class='ocr_carea' id='block_1_33' title="bbox 606 1961 2180 2033">
    <p class='ocr_par' dir='ltr' id='par_1_33' title="bbox 606 1961 2180 2033">
     <span class='ocr_line' id='line_1_33' title="bbox 606 1961 2180 2033; baseline -0.005 -15"><span class='ocrx_word' id='word_1_227' title='bbox 606 1965 908 2033; x_wconf 84' lang='lat' dir='ltr'><strong>antiquitus</strong></span> <span class='ocrx_word' id='word_1_228' title='bbox 969 1977 1065 2033; x_wconf 86' lang='lat' dir='ltr'><strong>per</strong></span> <span class='ocrx_word' id='word_1_229' title='bbox 1131 1977 1229 2017; x_wconf 88' lang='lat' dir='ltr'><strong>nos</strong></span> <span class='ocrx_word' id='word_1_230' title='bbox 1292 1961 1538 2029; x_wconf 76' lang='lat' dir='ltr'><strong>sepulcra</strong></span> <span class='ocrx_word' id='word_1_231' title='bbox 1608 1966 1880 2015; x_wconf 75' lang='lat' dir='ltr'><strong>exstructa</strong></span> <span class='ocrx_word' id='word_1_232' title='bbox 1936 1964 2180 2012; x_wconf 84' lang='lat' dir='ltr'><strong>reserata</strong></span> 
     </span>
    </p>
   </div>
   <div class='ocr_carea' id='block_1_34' title="bbox 602 2048 2185 2123">
    <p class='ocr_par' dir='ltr' id='par_1_34' title="bbox 602 2048 2185 2123">
     <span class='ocr_line' id='line_1_34' title="bbox 602 2048 2185 2123; baseline -0.004 -12"><span class='ocrx_word' id='word_1_233' title='bbox 602 2065 727 2111; x_wconf 88' lang='lat' dir='ltr'><strong>sunt</strong></span> <span class='ocrx_word' id='word_1_234' title='bbox 781 2065 836 2109; x_wconf 91' lang='lat' dir='ltr'><strong>et</strong></span> <span class='ocrx_word' id='word_1_235' title='bbox 883 2055 1145 2123; x_wconf 76' lang='lat' dir='ltr'><strong>disiecta,</strong></span> <span class='ocrx_word' id='word_1_236' title='bbox 1184 2061 1238 2107; x_wconf 89' lang='lat' dir='ltr'><strong>et</strong></span> <span class='ocrx_word' id='word_1_237' title='bbox 1294 2052 1620 2107; x_wconf 82' lang='lat' dir='ltr'><strong>cadaverum</strong></span> <span class='ocrx_word' id='word_1_238' title='bbox 1690 2050 1932 2120; x_wconf 66' lang='lat' dir='ltr'><strong>reliquiae</strong></span> <span class='ocrx_word' id='word_1_239' title='bbox 1990 2048 2046 2103; x_wconf 88' lang='lat' dir='ltr'><strong>in</strong></span> <span class='ocrx_word' id='word_1_240' title='bbox 2105 2048 2185 2104; x_wconf 86' lang='lat' dir='ltr'><strong>eis</strong></span> 
     </span>
    </p>
   </div>
   <div class='ocr_carea' id='block_1_35' title="bbox 600 2139 2183 2214">
    <p class='ocr_par' dir='ltr' id='par_1_35' title="bbox 600 2139 2183 2214">
     <span class='ocr_line' id='line_1_35' title="bbox 600 2139 2183 2214; baseline -0.004 -17"><span class='ocrx_word' id='word_1_241' title='bbox 600 2148 840 2214; x_wconf 73' lang='lat' dir='ltr'><strong>iacentes</strong></span> <span class='ocrx_word' id='word_1_242' title='bbox 907 2160 1070 2214; x_wconf 84' lang='lat' dir='ltr'><strong>super</strong></span> <span class='ocrx_word' id='word_1_243' title='bbox 1136 2150 1338 2197; x_wconf 90' lang='lat' dir='ltr'><strong>terram</strong></span> <span class='ocrx_word' id='word_1_244' title='bbox 1421 2143 1726 2211; x_wconf 60' lang='lat' dir='ltr'><strong>dispersae:</strong></span> <span class='ocrx_word' id='word_1_245' title='bbox 1768 2143 1820 2195; x_wconf 89' lang='lat' dir='ltr'><strong>in</strong></span> <span class='ocrx_word' id='word_1_246' title='bbox 1876 2139 1983 2195; x_wconf 85' lang='lat' dir='ltr'><strong>illis</strong></span> <span class='ocrx_word' id='word_1_247' title='bbox 2041 2139 2183 2205; x_wconf 84' lang='lat' dir='ltr'><strong>enim</strong></span> 
     </span>
    </p>
   </div>
   <div class='ocr_carea' id='block_1_36' title="bbox 601 2228 2176 2304">
    <p class='ocr_par' dir='ltr' id='par_1_36' title="bbox 601 2228 2176 2304">
     <span class='ocr_line' id='line_1_36' title="bbox 601 2228 2176 2304; baseline -0.006 -15"><span class='ocrx_word' id='word_1_248' title='bbox 601 2235 793 2289; x_wconf 66' lang='lat' dir='ltr'><strong>Torva:</strong></span> <span class='ocrx_word' id='word_1_249' title='bbox 835 2237 1097 2304; x_wconf 78' lang='lat' dir='ltr'><strong>pecunias</strong></span> <span class='ocrx_word' id='word_1_250' title='bbox 1147 2251 1175 2287; x_wconf 90' lang='lat' dir='ltr'><strong>a</strong></span> <span class='ocrx_word' id='word_1_251' title='bbox 1227 2234 1439 2288; x_wconf 85' lang='lat' dir='ltr'><strong>civibus</strong></span> <span class='ocrx_word' id='word_1_252' title='bbox 1496 2232 1785 2300; x_wconf 83' lang='lat' dir='ltr'><strong>repositas,</strong></span> <span class='ocrx_word' id='word_1_253' title='bbox 1837 2244 2001 2284; x_wconf 89' lang='lat' dir='ltr'><strong>causa</strong></span> <span class='ocrx_word' id='word_1_254' title='bbox 2055 2228 2176 2297; x_wconf 83' lang='lat' dir='ltr'><strong>jam</strong></span> 
     </span>
    </p>
   </div>
   <div class='ocr_carea' id='block_1_37' title="bbox 604 2322 2174 2397">
    <p class='ocr_par' dir='ltr' id='par_1_37' title="bbox 604 2322 2174 2397">
     <span class='ocr_line' id='line_1_37' title="bbox 604 2322 2174 2397; baseline -0.004 -16"><span class='ocrx_word' id='word_1_255' title='bbox 604 2339 957 2397; x_wconf 66' lang='lat' dir='ltr'><strong>praenarrata,</strong></span> <span class='ocrx_word' id='word_1_256' title='bbox 1003 2342 1272 2395; x_wconf 91' lang='lat' dir='ltr'><strong>reperere,</strong></span> <span class='ocrx_word' id='word_1_257' title='bbox 1315 2336 1710 2395; x_wconf 83' lang='lat' dir='ltr'><strong>proptereaque</strong></span> <span class='ocrx_word' id='word_1_258' title='bbox 1748 2322 1861 2377; x_wconf 82' lang='lat' dir='ltr'><strong>fere</strong></span> <span class='ocrx_word' id='word_1_259' title='bbox 1881 2322 2065 2376; x_wconf 87' lang='lat' dir='ltr'><strong>omnia</strong></span> <span class='ocrx_word' id='word_1_260' title='bbox 2119 2328 2174 2375; x_wconf 84' lang='lat' dir='ltr'><strong>et</strong></span> 
     </span>
    </p>
   </div>
   <div class='ocr_carea' id='block_1_38' title="bbox 606 2412 2181 2483">
    <p class='ocr_par' dir='ltr' id='par_1_38' title="bbox 606 2412 2181 2483">
     <span class='ocr_line' id='line_1_38' title="bbox 606 2412 2181 2483; baseline -0.004 -12"><span class='ocrx_word' id='word_1_261' title='bbox 606 2425 920 2471; x_wconf 88' lang='lat' dir='ltr'><strong>reseraruut</strong></span> <span class='ocrx_word' id='word_1_262' title='bbox 946 2426 1003 2470; x_wconf 90' lang='lat' dir='ltr'><strong>et</strong></span> <span class='ocrx_word' id='word_1_263' title='bbox 1025 2416 1407 2469; x_wconf 85' lang='lat' dir='ltr'><strong>subverterunt</strong></span> <span class='ocrx_word' id='word_1_264' title='bbox 1437 2431 1453 2481; x_wconf 90' lang='lat'><strong>;</strong></span> <span class='ocrx_word' id='word_1_265' title='bbox 1478 2424 1532 2469; x_wconf 86' lang='lat' dir='ltr'><strong>at</strong></span> <span class='ocrx_word' id='word_1_266' title='bbox 1567 2415 1654 2468; x_wconf 91' lang='lat' dir='ltr'><strong>hic</strong></span> <span class='ocrx_word' id='word_1_267' title='bbox 1681 2412 1880 2483; x_wconf 87' lang='lat' dir='ltr'><strong>duplici</strong></span> <span class='ocrx_word' id='word_1_268' title='bbox 1902 2412 1967 2466; x_wconf 90' lang='lat' dir='ltr'><strong>de</strong></span> <span class='ocrx_word' id='word_1_269' title='bbox 1998 2424 2181 2477; x_wconf 88' lang='lat' dir='ltr'><strong>causa,</strong></span> 
     </span>
    </p>
   </div>
   <div class='ocr_carea' id='block_1_39' title="bbox 608 2502 2185 2578">
    <p class='ocr_par' dir='ltr' id='par_1_39' title="bbox 608 2502 2185 2578">
     <span class='ocr_line' id='line_1_39' title="bbox 608 2502 2185 2578; baseline -0.004 -16"><span class='ocrx_word' id='word_1_270' title='bbox 608 2519 722 2563; x_wconf 86' lang='lat' dir='ltr'><strong>tum</strong></span> <span class='ocrx_word' id='word_1_271' title='bbox 755 2520 972 2578; x_wconf 84' lang='lat' dir='ltr'><strong>propter</strong></span> <span class='ocrx_word' id='word_1_272' title='bbox 1004 2524 1066 2562; x_wconf 81' lang='lat' dir='ltr'><strong>ex</strong></span> <span class='ocrx_word' id='word_1_273' title='bbox 1092 2523 1197 2561; x_wconf 87' lang='lat' dir='ltr'><strong>non</strong></span> <span class='ocrx_word' id='word_1_274' title='bbox 1236 2522 1404 2575; x_wconf 81' lang='lat' dir='ltr'><strong>parm</strong></span> <span class='ocrx_word' id='word_1_275' title='bbox 1433 2521 1566 2561; x_wconf 89' lang='lat' dir='ltr'><strong>auro</strong></span> <span class='ocrx_word' id='word_1_276' title='bbox 1604 2515 1657 2560; x_wconf 92' lang='lat' dir='ltr'><strong>et</strong></span> <span class='ocrx_word' id='word_1_277' title='bbox 1686 2516 1907 2575; x_wconf 82' lang='lat' dir='ltr'><strong>argento</strong></span> <span class='ocrx_word' id='word_1_278' title='bbox 1962 2514 2018 2559; x_wconf 93' lang='lat' dir='ltr'><strong>et</strong></span> <span class='ocrx_word' id='word_1_279' title='bbox 2049 2502 2185 2571; x_wconf 87' lang='lat' dir='ltr'><strong>lapi-</strong></span> 
     </span>
    </p>
   </div>
   <div class='ocr_carea' id='block_1_40' title="bbox 610 2595 2186 2669">
    <p class='ocr_par' dir='ltr' id='par_1_40' title="bbox 610 2595 2186 2669">
     <span class='ocr_line' id='line_1_40' title="bbox 610 2595 2186 2669; baseline -0.006 -13"><span class='ocrx_word' id='word_1_280' title='bbox 610 2600 772 2656; x_wconf 88' lang='lat' dir='ltr'><strong>dibus</strong></span> <span class='ocrx_word' id='word_1_281' title='bbox 811 2600 1067 2669; x_wconf 88' lang='lat' dir='ltr'><strong>pretiosis</strong></span> <span class='ocrx_word' id='word_1_282' title='bbox 1096 2615 1194 2654; x_wconf 90' lang='lat' dir='ltr'><strong>ncc</strong></span> <span class='ocrx_word' id='word_1_283' title='bbox 1230 2614 1335 2653; x_wconf 89' lang='lat' dir='ltr'><strong>non</strong></span> <span class='ocrx_word' id='word_1_284' title='bbox 1372 2608 1423 2653; x_wconf 89' lang='lat' dir='ltr'><strong>et</strong></span> <span class='ocrx_word' id='word_1_285' title='bbox 1440 2597 1667 2667; x_wconf 87' lang='lat' dir='ltr'><strong>gemmis</strong></span> <span class='ocrx_word' id='word_1_286' title='bbox 1701 2596 1846 2650; x_wconf 89' lang='lat' dir='ltr'><strong>circa</strong></span> <span class='ocrx_word' id='word_1_287' title='bbox 1878 2595 2007 2649; x_wconf 90' lang='lat' dir='ltr'><strong>illud</strong></span> <span class='ocrx_word' id='word_1_288' title='bbox 2036 2608 2186 2647; x_wconf 82' lang='lat' dir='ltr'><strong>com-</strong></span> 
     </span>
    </p>
   </div>
   <div class='ocr_carea' id='block_1_41' title="bbox 610 2686 2177 2759">
    <p class='ocr_par' dir='ltr' id='par_1_41' title="bbox 610 2686 2177 2759">
     <span class='ocr_line' id='line_1_41' title="bbox 610 2686 2177 2759; baseline -0.002 -14"><span class='ocrx_word' id='word_1_289' title='bbox 610 2693 845 2759; x_wconf 89' lang='lat' dir='ltr'><strong>positum</strong></span> <span class='ocrx_word' id='word_1_290' title='bbox 882 2701 1157 2754; x_wconf 88' lang='lat' dir='ltr'><strong>ornatum,</strong></span> <span class='ocrx_word' id='word_1_291' title='bbox 1194 2701 1307 2744; x_wconf 90' lang='lat' dir='ltr'><strong>tum</strong></span> <span class='ocrx_word' id='word_1_292' title='bbox 1341 2698 1561 2759; x_wconf 89' lang='lat' dir='ltr'><strong>propter</strong></span> <span class='ocrx_word' id='word_1_293' title='bbox 1602 2688 1887 2742; x_wconf 82' lang='lat' dir='ltr'><strong>sanitatem</strong></span> <span class='ocrx_word' id='word_1_294' title='bbox 1906 2686 2177 2742; x_wconf 80' lang='lat' dir='ltr'><strong>exhibens</strong></span> 
     </span>
    </p>
   </div>
   <div class='ocr_carea' id='block_1_42' title="bbox 607 2782 2181 2853">
    <p class='ocr_par' dir='ltr' id='par_1_42' title="bbox 607 2782 2181 2853">
     <span class='ocr_line' id='line_1_42' title="bbox 607 2782 2181 2853; baseline -0.004 -14"><span class='ocrx_word' id='word_1_295' title='bbox 607 2786 844 2839; x_wconf 88' lang='lat' dir='ltr'><strong>divinum</strong></span> <span class='ocrx_word' id='word_1_296' title='bbox 870 2794 1224 2853; x_wconf 80' lang='lat' dir='ltr'><strong>unguentum.</strong></span> <span class='ocrx_word' id='word_1_297' title='bbox 1249 2782 1501 2836; x_wconf 86' lang='lat' dir='ltr'><strong>Nonnulli</strong></span> <span class='ocrx_word' id='word_1_298' title='bbox 1528 2782 1670 2837; x_wconf 88' lang='lat' dir='ltr'><strong>enim</strong></span> <span class='ocrx_word' id='word_1_299' title='bbox 1699 2790 1929 2835; x_wconf 85' lang='lat' dir='ltr'><strong>ornatus</strong></span> <span class='ocrx_word' id='word_1_300' title='bbox 1972 2788 2181 2833; x_wconf 85' lang='lat' dir='ltr'><strong>tantum</strong></span> 
     </span>
    </p>
   </div>
   <div class='ocr_carea' id='block_1_43' title="bbox 608 2871 2171 2945">
    <p class='ocr_par' dir='ltr' id='par_1_43' title="bbox 608 2871 2171 2945">
     <span class='ocr_line' id='line_1_43' title="bbox 608 2871 2171 2945; baseline -0.003 -19"><span class='ocrx_word' id='word_1_301' title='bbox 608 2875 780 2945; x_wconf 75' lang='lat' dir='ltr'><strong>gratia</strong></span> <span class='ocrx_word' id='word_1_302' title='bbox 814 2874 945 2928; x_wconf 91' lang='lat' dir='ltr'><strong>illud</strong></span> <span class='ocrx_word' id='word_1_303' title='bbox 970 2873 1346 2941; x_wconf 89' lang='lat' dir='ltr'><strong>despoliarunt</strong></span> <span class='ocrx_word' id='word_1_304' title='bbox 1380 2890 1395 2938; x_wconf 89' lang='lat'><strong>;</strong></span> <span class='ocrx_word' id='word_1_305' title='bbox 1430 2871 1519 2924; x_wconf 87' lang='lat' dir='ltr'><strong>alii</strong></span> <span class='ocrx_word' id='word_1_306' title='bbox 1564 2871 1721 2925; x_wconf 87' lang='lat' dir='ltr'><strong>nobis</strong></span> <span class='ocrx_word' id='word_1_307' title='bbox 1764 2882 2171 2938; x_wconf 76' lang='lat' dir='ltr'><strong>unguentorum</strong></span> 
     </span>
    </p>
   </div>
   <div class='ocr_carea' id='block_1_44' title="bbox 612 2962 2180 3031">
    <p class='ocr_par' dir='ltr' id='par_1_44' title="bbox 612 2962 2180 3031">
     <span class='ocr_line' id='line_1_44' title="bbox 612 2962 2180 3031; baseline -0.004 -12"><span class='ocrx_word' id='word_1_308' title='bbox 612 2965 938 3019; x_wconf 73' lang='lat' dir='ltr'><strong>eminentiam</strong></span> <span class='ocrx_word' id='word_1_309' title='bbox 999 2965 1321 3023; x_wconf 86' lang='lat' dir='ltr'><strong>invidentes.</strong></span> <span class='ocrx_word' id='word_1_310' title='bbox 1358 2971 1412 3016; x_wconf 88' lang='lat' dir='ltr'><strong>et</strong></span> <span class='ocrx_word' id='word_1_311' title='bbox 1460 2978 1581 3031; x_wconf 69' lang='lat' dir='ltr'><strong>qua:</strong></span> <span class='ocrx_word' id='word_1_312' title='bbox 1626 2963 1750 3016; x_wconf 86' lang='lat' dir='ltr'><strong>inde</strong></span> <span class='ocrx_word' id='word_1_313' title='bbox 1804 2962 2180 3027; x_wconf 86' lang='lat' dir='ltr'><strong>subsequitur,</strong></span> 
     </span>
    </p>
   </div>
   <div class='ocr_carea' id='block_1_45' title="bbox 610 3050 2175 3123">
    <p class='ocr_par' dir='ltr' id='par_1_45' title="bbox 610 3050 2175 3123">
     <span class='ocr_line' id='line_1_45' title="bbox 610 3050 2175 3123; baseline -0.004 -12"><span class='ocrx_word' id='word_1_314' title='bbox 610 3058 846 3111; x_wconf 84' lang='lat' dir='ltr'><strong>sanitate</strong></span> <span class='ocrx_word' id='word_1_315' title='bbox 876 3071 974 3109; x_wconf 88' lang='lat' dir='ltr'><strong>nos</strong></span> <span class='ocrx_word' id='word_1_316' title='bbox 1007 3056 1222 3123; x_wconf 90' lang='lat' dir='ltr'><strong>privare</strong></span> <span class='ocrx_word' id='word_1_317' title='bbox 1260 3054 1559 3123; x_wconf 87' lang='lat' dir='ltr'><strong>cupientes,</strong></span> <span class='ocrx_word' id='word_1_318' title='bbox 1594 3060 1654 3105; x_wconf 91' lang='lat' dir='ltr'><strong>ut</strong></span> <span class='ocrx_word' id='word_1_319' title='bbox 1691 3053 1744 3106; x_wconf 88' lang='lat' dir='ltr'><strong>in</strong></span> <span class='ocrx_word' id='word_1_320' title='bbox 1776 3062 2055 3121; x_wconf 89' lang='lat' dir='ltr'><strong>posterum</strong></span> <span class='ocrx_word' id='word_1_321' title='bbox 2085 3050 2175 3104; x_wconf 85' lang='lat' dir='ltr'><strong>illa</strong></span> 
     </span>
    </p>
   </div>
   <div class='ocr_carea' id='block_1_46' title="bbox 612 3145 2178 3215">
    <p class='ocr_par' dir='ltr' id='par_1_46' title="bbox 612 3145 2178 3215">
     <span class='ocr_line' id='line_1_46' title="bbox 612 3145 2178 3215; baseline -0.002 -15"><span class='ocrx_word' id='word_1_322' title='bbox 612 3148 767 3202; x_wconf 90' lang='lat' dir='ltr'><strong>nobis</strong></span> <span class='ocrx_word' id='word_1_323' title='bbox 799 3147 1090 3211; x_wconf 82' lang='lat' dir='ltr'><strong>medicina,</strong></span> <span class='ocrx_word' id='word_1_324' title='bbox 1118 3162 1239 3201; x_wconf 91' lang='lat' dir='ltr'><strong>cum</strong></span> <span class='ocrx_word' id='word_1_325' title='bbox 1270 3160 1405 3215; x_wconf 89' lang='lat' dir='ltr'><strong>opus</strong></span> <span class='ocrx_word' id='word_1_326' title='bbox 1433 3156 1603 3211; x_wconf 84' lang='lat' dir='ltr'><strong>esset,</strong></span> <span class='ocrx_word' id='word_1_327' title='bbox 1640 3145 1795 3201; x_wconf 74' lang='lat' dir='ltr'><strong>nulla.</strong></span> <span class='ocrx_word' id='word_1_328' title='bbox 1836 3156 2178 3214; x_wconf 74' lang='lat' dir='ltr'><strong>suppeteret.</strong></span> 
     </span>
    </p>
   </div>
   <div class='ocr_carea' id='block_1_47' title="bbox 2286 1951 3873 2029">
    <p class='ocr_par' dir='ltr' id='par_1_47' title="bbox 2286 1951 3873 2029">
     <span class='ocr_line' id='line_1_47' title="bbox 2286 1951 3873 2029; baseline 0.001 -20"><span class='ocrx_word' id='word_1_329' title='bbox 2286 1956 2405 2009; x_wconf 78' lang='grc' dir='ltr'><strong>καθ’</strong></span> <span class='ocrx_word' id='word_1_330' title='bbox 2430 1956 2499 2026; x_wconf 73' lang='grc' dir='ltr'><strong>ἢν</strong></span> <span class='ocrx_word' id='word_1_331' title='bbox 2531 1956 2626 2009; x_wconf 72' lang='grc' dir='ltr'><strong>καὶ</strong></span> <span class='ocrx_word' id='word_1_332' title='bbox 2651 1951 2820 2010; x_wconf 81' lang='grc' dir='ltr'><strong>τᾶλλα</strong></span> <span class='ocrx_word' id='word_1_333' title='bbox 2855 1958 2964 2010; x_wconf 88' lang='grc' dir='ltr'><strong>τῶν</strong></span> <span class='ocrx_word' id='word_1_334' title='bbox 3017 1958 3182 2013; x_wconf 82' lang='grc' dir='ltr'><strong>πάλαι</strong></span> <span class='ocrx_word' id='word_1_335' title='bbox 3221 1957 3280 2023; x_wconf 80' lang='grc' dir='ltr'>ἐξ</span> <span class='ocrx_word' id='word_1_336' title='bbox 3339 1958 3503 2029; x_wconf 75' lang='grc' dir='ltr'><strong>ἡμῶν</strong></span> <span class='ocrx_word' id='word_1_337' title='bbox 3545 1958 3873 2027; x_wconf 75' lang='grc' dir='ltr'><strong>γενομένων</strong></span> 
     </span>
    </p>
   </div>
   <div class='ocr_carea' id='block_1_48' title="bbox 2286 2047 3872 2120">
    <p class='ocr_par' dir='ltr' id='par_1_48' title="bbox 2286 2047 3872 2120">
     <span class='ocr_line' id='line_1_48' title="bbox 2286 2047 3872 2120; baseline -0.001 -19"><span class='ocrx_word' id='word_1_338' title='bbox 2286 2048 2532 2118; x_wconf 77' lang='grc' dir='ltr'><strong>ηνέῳκτό</strong></span> <span class='ocrx_word' id='word_1_339' title='bbox 2555 2063 2614 2100; x_wconf 88' lang='grc' dir='ltr'><strong>τε</strong></span> <span class='ocrx_word' id='word_1_340' title='bbox 2640 2048 2735 2102; x_wconf 76' lang='grc' dir='ltr'><strong>καὶ</strong></span> <span class='ocrx_word' id='word_1_341' title='bbox 2770 2049 3143 2120; x_wconf 73' lang='grc' dir='ltr'><strong>καταϐέϐλητο</strong></span> <span class='ocrx_word' id='word_1_342' title='bbox 3189 2051 3444 2120; x_wconf 82' lang='grc' dir='ltr'><strong>μνήματα</strong></span> <span class='ocrx_word' id='word_1_343' title='bbox 3489 2051 3579 2103; x_wconf 78' lang='grc' dir='ltr'><strong>καὶ</strong></span> <span class='ocrx_word' id='word_1_344' title='bbox 3612 2048 3683 2101; x_wconf 83' lang='grc' dir='ltr'><strong>τὰ</strong></span> <span class='ocrx_word' id='word_1_345' title='bbox 3737 2047 3872 2101; x_wconf 85' lang='grc' dir='ltr'><strong>τού-</strong></span> 
     </span>
    </p>
   </div>
   <div class='ocr_carea' id='block_1_49' title="bbox 2287 2138 3865 2209">
    <p class='ocr_par' dir='ltr' id='par_1_49' title="bbox 2287 2138 3865 2209">
     <span class='ocr_line' id='line_1_49' title="bbox 2287 2138 3865 2209; baseline 0.002 -19"><span class='ocrx_word' id='word_1_346' title='bbox 2287 2154 2401 2201; x_wconf 89' lang='grc' dir='ltr'><strong>τοις</strong></span> <span class='ocrx_word' id='word_1_347' title='bbox 2432 2140 2833 2209; x_wconf 81' lang='grc' dir='ltr'><strong>ὲναποκείμενα</strong></span> <span class='ocrx_word' id='word_1_348' title='bbox 2852 2139 3085 2208; x_wconf 78' lang='grc' dir='ltr'><strong>λείψανα</strong></span> <span class='ocrx_word' id='word_1_349' title='bbox 3117 2138 3259 2194; x_wconf 84' lang='grc' dir='ltr'><strong>κατὰ</strong></span> <span class='ocrx_word' id='word_1_350' title='bbox 3310 2142 3413 2209; x_wconf 82' lang='grc' dir='ltr'><strong>γῆς</strong></span> <span class='ocrx_word' id='word_1_351' title='bbox 3442 2139 3865 2209; x_wconf 76' lang='grc' dir='ltr'><strong>ἀπερρίφησαν.</strong></span> 
     </span>
    </p>
   </div>
   <div class='ocr_carea' id='block_1_50' title="bbox 2300 2228 3868 2302">
    <p class='ocr_par' dir='ltr' id='par_1_50' title="bbox 2300 2228 3868 2302">
     <span class='ocr_line' id='line_1_50' title="bbox 2300 2228 3868 2302; baseline 0.003 -22"><span class='ocrx_word' id='word_1_352' title='bbox 2300 2228 2388 2280; x_wconf 85' lang='grc' dir='ltr'><strong>Ἐν</strong></span> <span class='ocrx_word' id='word_1_353' title='bbox 2412 2229 2593 2293; x_wconf 84' lang='grc' dir='ltr'><strong>αὑτοῖς</strong></span> <span class='ocrx_word' id='word_1_354' title='bbox 2622 2232 2727 2300; x_wconf 83' lang='grc' dir='ltr'><strong>γὰρ</strong></span> <span class='ocrx_word' id='word_1_355' title='bbox 2752 2230 2935 2284; x_wconf 84' lang='grc' dir='ltr'><strong>καθότι</strong></span> <span class='ocrx_word' id='word_1_356' title='bbox 2962 2231 3146 2284; x_wconf 72' lang='grc' dir='ltr'><strong>πολλοὶ</strong></span> <span class='ocrx_word' id='word_1_357' title='bbox 3162 2232 3269 2285; x_wconf 88' lang='grc' dir='ltr'><strong>τῶν</strong></span> <span class='ocrx_word' id='word_1_358' title='bbox 3285 2228 3544 2302; x_wconf 84' lang='grc' dir='ltr'><strong>Τούρκων</strong></span> <span class='ocrx_word' id='word_1_359' title='bbox 3557 2234 3868 2301; x_wconf 78' lang='grc' dir='ltr'><strong>χρημάτων</strong></span> 
     </span>
    </p>
   </div>
   <div class='ocr_carea' id='block_1_51' title="bbox 2288 2316 3867 2394">
    <p class='ocr_par' dir='ltr' id='par_1_51' title="bbox 2288 2316 3867 2394">
     <span class='ocr_line' id='line_1_51' title="bbox 2288 2316 3867 2394; baseline 0.003 -23"><span class='ocrx_word' id='word_1_360' title='bbox 2288 2320 2545 2385; x_wconf 70' lang='grc' dir='ltr'><strong>ἐπέτυχον</strong></span> <span class='ocrx_word' id='word_1_361' title='bbox 2564 2316 2996 2376; x_wconf 80' lang='grc' dir='ltr'><strong>ὲναποτεθέντων</strong></span> <span class='ocrx_word' id='word_1_362' title='bbox 3028 2321 3179 2394; x_wconf 85' lang='grc' dir='ltr'><strong>παρά</strong></span> <span class='ocrx_word' id='word_1_363' title='bbox 3209 2322 3316 2375; x_wconf 91' lang='grc' dir='ltr'><strong>τῶν</strong></span> <span class='ocrx_word' id='word_1_364' title='bbox 3344 2323 3576 2376; x_wconf 87' lang='grc' dir='ltr'><strong>πολιτῶν</strong></span> <span class='ocrx_word' id='word_1_365' title='bbox 3594 2324 3660 2376; x_wconf 85' lang='grc' dir='ltr'><strong>δι’</strong></span> <span class='ocrx_word' id='word_1_366' title='bbox 3677 2322 3745 2393; x_wconf 74' lang='grc' dir='ltr'><strong>ἢν</strong></span> <span class='ocrx_word' id='word_1_367' title='bbox 3769 2324 3867 2375; x_wconf 74' lang='grc' dir='ltr'><strong>ἔλ-</strong></span> 
     </span>
    </p>
   </div>
   <div class='ocr_carea' id='block_1_52' title="bbox 2289 2411 3866 2495">
    <p class='ocr_par' dir='ltr' id='par_1_52' title="bbox 2289 2411 3866 2495">
     <span class='ocr_line' id='line_1_52' title="bbox 2289 2411 3866 2495; baseline 0.003 -32"><span class='ocrx_word' id='word_1_368' title='bbox 2289 2412 2417 2464; x_wconf 77' lang='grc' dir='ltr'><strong>πίδα</strong></span> <span class='ocrx_word' id='word_1_369' title='bbox 2458 2412 2763 2481; x_wconf 83' lang='grc' dir='ltr'><strong>φθάσαντες</strong></span> <span class='ocrx_word' id='word_1_370' title='bbox 2778 2411 3188 2495; x_wconf 39' lang='grc' dir='ltr'><strong>δεδηλώκειμεον,</strong></span> <span class='ocrx_word' id='word_1_371' title='bbox 3205 2413 3291 2466; x_wconf 84' lang='grc' dir='ltr'><strong>διὰ</strong></span> <span class='ocrx_word' id='word_1_372' title='bbox 3304 2412 3459 2465; x_wconf 81' lang='grc' dir='ltr'><strong>τοῦτο</strong></span> <span class='ocrx_word' id='word_1_373' title='bbox 3476 2415 3649 2466; x_wconf 69' lang='grc' dir='ltr'><strong>πάντα</strong></span> <span class='ocrx_word' id='word_1_374' title='bbox 3674 2413 3866 2483; x_wconf 82' lang='grc' dir='ltr'><strong>σχεδὸν</strong></span> 
     </span>
    </p>
   </div>
   <div class='ocr_carea' id='block_1_53' title="bbox 2287 2505 3861 2579">
    <p class='ocr_par' dir='ltr' id='par_1_53' title="bbox 2287 2505 3861 2579">
     <span class='ocr_line' id='line_1_53' title="bbox 2287 2505 3861 2579; baseline 0.002 -21"><span class='ocrx_word' id='word_1_375' title='bbox 2287 2505 2528 2576; x_wconf 77' lang='grc' dir='ltr'><strong>ἠνέῳξαν</strong></span> <span class='ocrx_word' id='word_1_376' title='bbox 2558 2507 2650 2561; x_wconf 76' lang='grc' dir='ltr'><strong>καὶ</strong></span> <span class='ocrx_word' id='word_1_377' title='bbox 2678 2509 3053 2579; x_wconf 73' lang='grc' dir='ltr'><strong>κατέστρεψαν</strong></span> <span class='ocrx_word' id='word_1_378' title='bbox 3088 2523 3103 2540; x_wconf 80' lang='lat'><strong><em>°</em></strong></span> <span class='ocrx_word' id='word_1_379' title='bbox 3136 2508 3366 2564; x_wconf 65' lang='grc' dir='ltr'><strong>ἐνταῦθα</strong></span> <span class='ocrx_word' id='word_1_380' title='bbox 3394 2508 3448 2562; x_wconf 79' lang='grc' dir='ltr'><strong>δὲ</strong></span> <span class='ocrx_word' id='word_1_381' title='bbox 3479 2508 3624 2562; x_wconf 78' lang='grc' dir='ltr'><strong>δυοῖν</strong></span> <span class='ocrx_word' id='word_1_382' title='bbox 3652 2510 3861 2575; x_wconf 79' lang='grc' dir='ltr'><strong>εἵνεκα,</strong></span> 
     </span>
    </p>
   </div>
   <div class='ocr_carea' id='block_1_54' title="bbox 2286 2596 3863 2671">
    <p class='ocr_par' dir='ltr' id='par_1_54' title="bbox 2286 2596 3863 2671">
     <span class='ocr_line' id='line_1_54' title="bbox 2286 2596 3863 2671; baseline 0.001 -21"><span class='ocrx_word' id='word_1_383' title='bbox 2286 2596 2382 2651; x_wconf 88' lang='grc' dir='ltr'><strong>τοῦ</strong></span> <span class='ocrx_word' id='word_1_384' title='bbox 2414 2615 2473 2651; x_wconf 88' lang='grc' dir='ltr'><strong>τε</strong></span> <span class='ocrx_word' id='word_1_385' title='bbox 2506 2598 2636 2669; x_wconf 78' lang='grc' dir='ltr'><strong>περὶ</strong></span> <span class='ocrx_word' id='word_1_386' title='bbox 2664 2599 2832 2665; x_wconf 77' lang='grc' dir='ltr'><strong>αὐτὴν</strong></span> <span class='ocrx_word' id='word_1_387' title='bbox 2861 2601 2959 2653; x_wconf 84' lang='grc' dir='ltr'><strong>οὐκ</strong></span> <span class='ocrx_word' id='word_1_388' title='bbox 3009 2599 3193 2666; x_wconf 80' lang='grc' dir='ltr'><strong>ὀλίγου</strong></span> <span class='ocrx_word' id='word_1_389' title='bbox 3244 2599 3429 2670; x_wconf 82' lang='grc' dir='ltr'><strong>χρυσῷ</strong></span> <span class='ocrx_word' id='word_1_390' title='bbox 3480 2599 3580 2652; x_wconf 75' lang='grc' dir='ltr'><strong>καὶ</strong></span> <span class='ocrx_word' id='word_1_391' title='bbox 3634 2599 3863 2671; x_wconf 83' lang='grc' dir='ltr'><strong>ἀργύρῳ</strong></span> 
     </span>
    </p>
   </div>
   <div class='ocr_carea' id='block_1_55' title="bbox 2290 2688 3861 2761">
    <p class='ocr_par' dir='ltr' id='par_1_55' title="bbox 2290 2688 3861 2761">
     <span class='ocr_line' id='line_1_55' title="bbox 2290 2688 3861 2761; baseline 0.001 -19"><span class='ocrx_word' id='word_1_392' title='bbox 2290 2690 2381 2743; x_wconf 75' lang='grc' dir='ltr'><strong>καὶ</strong></span> <span class='ocrx_word' id='word_1_393' title='bbox 2420 2688 2592 2753; x_wconf 85' lang='grc' dir='ltr'><strong>λίθοις</strong></span> <span class='ocrx_word' id='word_1_394' title='bbox 2625 2692 2828 2759; x_wconf 84' lang='grc' dir='ltr'><strong>τιμίοις</strong></span> <span class='ocrx_word' id='word_1_395' title='bbox 2858 2691 2955 2744; x_wconf 68' lang='grc' dir='ltr'><strong>καλ.</strong></span> <span class='ocrx_word' id='word_1_396' title='bbox 2989 2691 3298 2761; x_wconf 85' lang='grc' dir='ltr'><strong>μαργάροις</strong></span> <span class='ocrx_word' id='word_1_397' title='bbox 3345 2693 3861 2761; x_wconf 78' lang='grc' dir='ltr'><strong>κατεσκευασμένου</strong></span> 
     </span>
    </p>
   </div>
   <div class='ocr_carea' id='block_1_56' title="bbox 2287 2782 3860 2852">
    <p class='ocr_par' dir='ltr' id='par_1_56' title="bbox 2287 2782 3860 2852">
     <span class='ocr_line' id='line_1_56' title="bbox 2287 2782 3860 2852; baseline 0.003 -19"><span class='ocrx_word' id='word_1_398' title='bbox 2287 2782 2632 2849; x_wconf 74' lang='grc' dir='ltr'><strong>κόσμου,καί</strong></span> <span class='ocrx_word' id='word_1_399' title='bbox 2655 2782 2762 2834; x_wconf 90' lang='grc' dir='ltr'><strong>τῶν</strong></span> <span class='ocrx_word' id='word_1_400' title='bbox 2796 2782 2984 2849; x_wconf 85' lang='grc' dir='ltr'><strong>ὑγείας</strong></span> <span class='ocrx_word' id='word_1_401' title='bbox 3027 2782 3379 2849; x_wconf 79' lang='grc' dir='ltr'><strong>παρεκτικῶν</strong></span> <span class='ocrx_word' id='word_1_402' title='bbox 3426 2782 3587 2835; x_wconf 89' lang='grc' dir='ltr'><strong>θείων</strong></span> <span class='ocrx_word' id='word_1_403' title='bbox 3648 2783 3860 2852; x_wconf 80' lang='grc' dir='ltr'><strong>μύρων.</strong></span> 
     </span>
    </p>
   </div>
   <div class='ocr_carea' id='block_1_57' title="bbox 2253 2860 3855 2945">
    <p class='ocr_par' dir='ltr' id='par_1_57' title="bbox 2253 2860 3855 2945">
     <span class='ocr_line' id='line_1_57' title="bbox 2253 2860 3855 2945; baseline -0.001 -17"><span class='ocrx_word' id='word_1_404' title='bbox 2253 2860 2265 2873; x_wconf 72' lang='grc'><strong>’</strong></span> <span class='ocrx_word' id='word_1_405' title='bbox 2288 2875 2353 2928; x_wconf 73' lang='lat' dir='ltr'><strong>Ol</strong></span> <span class='ocrx_word' id='word_1_406' title='bbox 2391 2872 2491 2940; x_wconf 78' lang='grc' dir='ltr'><strong>μὲν</strong></span> <span class='ocrx_word' id='word_1_407' title='bbox 2518 2873 2626 2942; x_wconf 81' lang='grc' dir='ltr'><strong>γὰρ</strong></span> <span class='ocrx_word' id='word_1_408' title='bbox 2662 2873 2754 2925; x_wconf 86' lang='grc' dir='ltr'><strong>τοῦ</strong></span> <span class='ocrx_word' id='word_1_409' title='bbox 2788 2874 2995 2940; x_wconf 87' lang='grc' dir='ltr'><strong>κόσμου</strong></span> <span class='ocrx_word' id='word_1_410' title='bbox 3032 2874 3191 2942; x_wconf 82' lang='grc' dir='ltr'><strong>μόνον</strong></span> <span class='ocrx_word' id='word_1_411' title='bbox 3226 2874 3397 2942; x_wconf 83' lang='grc' dir='ltr'><strong>αὐτὴν</strong></span> <span class='ocrx_word' id='word_1_412' title='bbox 3422 2875 3855 2945; x_wconf 77' lang='grc' dir='ltr'><strong>ἀπεγύμνωςαν,</strong></span> 
     </span>
    </p>
   </div>
   <div class='ocr_carea' id='block_1_58' title="bbox 2285 2956 3861 3036">
    <p class='ocr_par' dir='ltr' id='par_1_58' title="bbox 2285 2956 3861 3036">
     <span class='ocr_line' id='line_1_58' title="bbox 2285 2956 3861 3036; baseline 0.003 -21"><span class='ocrx_word' id='word_1_413' title='bbox 2285 2964 2335 3015; x_wconf 89' lang='grc' dir='ltr'><strong>οἱ</strong></span> <span class='ocrx_word' id='word_1_414' title='bbox 2369 2964 2425 3016; x_wconf 82' lang='grc' dir='ltr'><strong>δὲ</strong></span> <span class='ocrx_word' id='word_1_415' title='bbox 2461 2962 2832 3033; x_wconf 83' lang='grc' dir='ltr'><strong>βασκήναντες</strong></span> <span class='ocrx_word' id='word_1_416' title='bbox 2866 2956 2977 3017; x_wconf 75' lang='grc' dir='ltr'><strong>οἷον</strong></span> <span class='ocrx_word' id='word_1_417' title='bbox 3015 2966 3148 3034; x_wconf 81' lang='grc' dir='ltr'><strong>ἡμῖν</strong></span> <span class='ocrx_word' id='word_1_418' title='bbox 3179 2965 3277 3033; x_wconf 82' lang='grc' dir='ltr'><strong>τῆς</strong></span> <span class='ocrx_word' id='word_1_419' title='bbox 3300 2967 3558 3034; x_wconf 82' lang='grc' dir='ltr'><strong>ἀφθονίας</strong></span> <span class='ocrx_word' id='word_1_420' title='bbox 3613 2968 3719 3019; x_wconf 88' lang='grc' dir='ltr'><strong>τῶν</strong></span> <span class='ocrx_word' id='word_1_421' title='bbox 3756 2968 3861 3036; x_wconf 85' lang='grc' dir='ltr'><strong>μύ-</strong></span> 
     </span>
    </p>
   </div>
   <div class='ocr_carea' id='block_1_59' title="bbox 2290 3055 3860 3129">
    <p class='ocr_par' dir='ltr' id='par_1_59' title="bbox 2290 3055 3860 3129">
     <span class='ocr_line' id='line_1_59' title="bbox 2290 3055 3860 3129; baseline 0.004 -22"><span class='ocrx_word' id='word_1_422' title='bbox 2290 3072 2400 3125; x_wconf 91' lang='grc' dir='ltr'><strong>ρων</strong></span> <span class='ocrx_word' id='word_1_423' title='bbox 2438 3056 2531 3107; x_wconf 81' lang='grc' dir='ltr'><strong>καὶ</strong></span> <span class='ocrx_word' id='word_1_424' title='bbox 2585 3055 2688 3122; x_wconf 78' lang='grc' dir='ltr'><strong>τῆς</strong></span> <span class='ocrx_word' id='word_1_425' title='bbox 2739 3056 2806 3108; x_wconf 81' lang='grc' dir='ltr'><strong>ὲκ</strong></span> <span class='ocrx_word' id='word_1_426' title='bbox 2858 3056 3061 3110; x_wconf 86' lang='grc' dir='ltr'><strong>τούτων</strong></span> <span class='ocrx_word' id='word_1_427' title='bbox 3115 3056 3308 3120; x_wconf 85' lang='grc' dir='ltr'><strong>ἰάσεως</strong></span> <span class='ocrx_word' id='word_1_428' title='bbox 3358 3059 3704 3129; x_wconf 75' lang='grc' dir='ltr'><strong>ἀφῃρηκὲναι</strong></span> <span class='ocrx_word' id='word_1_429' title='bbox 3765 3060 3860 3113; x_wconf 77' lang='grc' dir='ltr'><strong>καὶ</strong></span> 
     </span>
    </p>
   </div>
   <div class='ocr_carea' id='block_1_60' title="bbox 2284 3145 3859 3217">
    <p class='ocr_par' dir='ltr' id='par_1_60' title="bbox 2284 3145 3859 3217">
     <span class='ocr_line' id='line_1_60' title="bbox 2284 3145 3859 3217; baseline 0.004 -19"><span class='ocrx_word' id='word_1_430' title='bbox 2284 3145 2437 3199; x_wconf 81' lang='grc' dir='ltr'><strong>ταῦθ’</strong></span> <span class='ocrx_word' id='word_1_431' title='bbox 2471 3146 2620 3216; x_wconf 78' lang='grc' dir='ltr'><strong>ἡμᾶς</strong></span> <span class='ocrx_word' id='word_1_432' title='bbox 2653 3145 3054 3216; x_wconf 71' lang='grc' dir='ltr'><strong>ἠϐουλήθησαν,</strong></span> <span class='ocrx_word' id='word_1_433' title='bbox 3090 3160 3164 3211; x_wconf 83' lang='grc' dir='ltr'><strong>ως</strong></span> <span class='ocrx_word' id='word_1_434' title='bbox 3210 3147 3371 3217; x_wconf 83' lang='grc' dir='ltr'><strong>μηδὲν</strong></span> <span class='ocrx_word' id='word_1_435' title='bbox 3419 3149 3564 3217; x_wconf 73' lang='grc' dir='ltr'><strong>ἔχειν</strong></span> <span class='ocrx_word' id='word_1_436' title='bbox 3605 3150 3698 3203; x_wconf 90' lang='grc' dir='ltr'><strong>τοῦ</strong></span> <span class='ocrx_word' id='word_1_437' title='bbox 3749 3150 3859 3204; x_wconf 84' lang='grc' dir='ltr'><strong>λοι-</strong></span> 
     </span>
    </p>
   </div>
   <div class='ocr_carea' id='block_1_61' title="bbox 609 3234 2182 3307">
    <p class='ocr_par' dir='ltr' id='par_1_61' title="bbox 609 3236 2167 3307">
     <span class='ocr_line' id='line_1_61' title="bbox 609 3236 2167 3307; baseline -0.001 -18"><span class='ocrx_word' id='word_1_438' title='bbox 609 3238 947 3307; x_wconf 81' lang='lat' dir='ltr'><strong>Quapropter</strong></span> <span class='ocrx_word' id='word_1_439' title='bbox 988 3238 1342 3305; x_wconf 85' lang='lat' dir='ltr'><strong>superstratis</strong></span> <span class='ocrx_word' id='word_1_440' title='bbox 1377 3237 1738 3289; x_wconf 89' lang='lat' dir='ltr'><strong>marmoribus</strong></span> <span class='ocrx_word' id='word_1_441' title='bbox 1785 3236 2031 3304; x_wconf 80' lang='lat' dir='ltr'><strong>disjectis</strong></span> <span class='ocrx_word' id='word_1_442' title='bbox 2065 3251 2167 3287; x_wconf 86' lang='lat' dir='ltr'><strong>nn-</strong></span> 
     </span>
    </p>
   </div>
   <div class='ocr_carea' id='block_1_62' title="bbox 2288 3234 3854 3307">
    <p class='ocr_par' dir='ltr' id='par_1_62' title="bbox 2288 3235 3854 3304">
     <span class='ocr_line' id='line_1_62' title="bbox 2288 3235 3854 3304; baseline 0.005 -15"><span class='ocrx_word' id='word_1_443' title='bbox 2288 3236 2383 3289; x_wconf 83' lang='grc' dir='ltr'><strong>ποῦ</strong></span> <span class='ocrx_word' id='word_1_444' title='bbox 2411 3235 2615 3291; x_wconf 88' lang='grc' dir='ltr'><strong>τούτων</strong></span> <span class='ocrx_word' id='word_1_445' title='bbox 2662 3238 2980 3304; x_wconf 81' lang='grc' dir='ltr'><strong>ἀπολαύειν,</strong></span> <span class='ocrx_word' id='word_1_446' title='bbox 3023 3239 3214 3303; x_wconf 82' lang='grc' dir='ltr'><strong>ὁσάκις</strong></span> <span class='ocrx_word' id='word_1_447' title='bbox 3269 3240 3336 3293; x_wconf 83' lang='grc' dir='ltr'><strong>ἂν</strong></span> <span class='ocrx_word' id='word_1_448' title='bbox 3396 3241 3624 3304; x_wconf 75' lang='grc' dir='ltr'><strong>ἕκαστος</strong></span> <span class='ocrx_word' id='word_1_449' title='bbox 3662 3242 3854 3299; x_wconf 85' lang='grc' dir='ltr'><strong>δέοιτο.</strong></span> 
     </span>
    </p>
   </div>
   <div class='ocr_carea' id='block_1_63' title="bbox 610 3326 2177 3405">
    <p class='ocr_par' dir='ltr' id='par_1_63' title="bbox 610 3326 2177 3405">
     <span class='ocr_line' id='line_1_63' title="bbox 610 3326 2177 3405; baseline 0 -26"><span class='ocrx_word' id='word_1_450' title='bbox 610 3336 805 3397; x_wconf 73' lang='lat' dir='ltr'><strong>guenta</strong></span> <span class='ocrx_word' id='word_1_451' title='bbox 848 3343 951 3383; x_wconf 87' lang='lat' dir='ltr'><strong>non</strong></span> <span class='ocrx_word' id='word_1_452' title='bbox 983 3328 1088 3382; x_wconf 83' lang='lat' dir='ltr'><strong>levi</strong></span> <span class='ocrx_word' id='word_1_453' title='bbox 1116 3329 1235 3382; x_wconf 92' lang='lat' dir='ltr'><strong>nisu</strong></span> <span class='ocrx_word' id='word_1_454' title='bbox 1266 3329 1626 3392; x_wconf 82' lang='lat' dir='ltr'><strong>exhauriunt,</strong></span> <span class='ocrx_word' id='word_1_455' title='bbox 1671 3338 1724 3381; x_wconf 89' lang='lat' dir='ltr'><strong>et</strong></span> <span class='ocrx_word' id='word_1_456' title='bbox 1759 3342 1976 3380; x_wconf 91' lang='lat' dir='ltr'><strong>sacrum</strong></span> <span class='ocrx_word' id='word_1_457' title='bbox 2042 3326 2177 3405; x_wconf 52' lang='lat' dir='ltr'><strong>divi:</strong></span> 
     </span>
    </p>
   </div>
   <div class='ocr_carea' id='block_1_64' title="bbox 609 3421 2181 3489">
    <p class='ocr_par' dir='ltr' id='par_1_64' title="bbox 609 3421 2181 3489">
     <span class='ocr_line' id='line_1_64' title="bbox 609 3421 2181 3489; baseline -0.001 -16"><span class='ocrx_word' id='word_1_458' title='bbox 609 3436 852 3488; x_wconf 86' lang='lat' dir='ltr'><strong>nutuque</strong></span> <span class='ocrx_word' id='word_1_459' title='bbox 915 3421 1172 3488; x_wconf 84' lang='lat' dir='ltr'><strong>martyris</strong></span> <span class='ocrx_word' id='word_1_460' title='bbox 1233 3435 1432 3489; x_wconf 87' lang='lat' dir='ltr'><strong>corpus</strong></span> <span class='ocrx_word' id='word_1_461' title='bbox 1502 3434 1822 3488; x_wconf 75' lang='lat' dir='ltr'><strong>expromere</strong></span> <span class='ocrx_word' id='word_1_462' title='bbox 1890 3430 2181 3481; x_wconf 82' lang='lat' dir='ltr'><strong>conantur,</strong></span> 
     </span>
    </p>
   </div>
   <div class='ocr_carea' id='block_1_65' title="bbox 609 3510 2186 3582">
    <p class='ocr_par' dir='ltr' id='par_1_65' title="bbox 609 3510 2186 3582">
     <span class='ocr_line' id='line_1_65' title="bbox 609 3510 2186 3582; baseline -0.001 -17"><span class='ocrx_word' id='word_1_463' title='bbox 609 3514 976 3582; x_wconf 88' lang='lat' dir='ltr'><strong>opinabantur</strong></span> <span class='ocrx_word' id='word_1_464' title='bbox 1009 3512 1277 3581; x_wconf 88' lang='lat' dir='ltr'><strong>siquidem</strong></span> <span class='ocrx_word' id='word_1_465' title='bbox 1316 3512 1652 3580; x_wconf 85' lang='lat' dir='ltr'><strong>propositum</strong></span> <span class='ocrx_word' id='word_1_466' title='bbox 1673 3510 1931 3578; x_wconf 89' lang='lat' dir='ltr'><strong>consequi</strong></span> <span class='ocrx_word' id='word_1_467' title='bbox 1976 3526 2186 3579; x_wconf 89' lang='lat' dir='ltr'><strong>nosque</strong></span> 
     </span>
    </p>
   </div>
   <div class='ocr_carea' id='block_1_66' title="bbox 610 3603 2184 3673">
    <p class='ocr_par' dir='ltr' id='par_1_66' title="bbox 610 3603 2184 3673">
     <span class='ocr_line' id='line_1_66' title="bbox 610 3603 2184 3673; baseline -0.001 -15"><span class='ocrx_word' id='word_1_468' title='bbox 610 3614 1006 3673; x_wconf 83' lang='lat' dir='ltr'><strong>unguentorum</strong></span> <span class='ocrx_word' id='word_1_469' title='bbox 1028 3603 1476 3658; x_wconf 80' lang='lat' dir='ltr'><strong>iuexltaustornm</strong></span> <span class='ocrx_word' id='word_1_470' title='bbox 1517 3604 1567 3657; x_wconf 94' lang='lat' dir='ltr'><strong>in</strong></span> <span class='ocrx_word' id='word_1_471' title='bbox 1597 3604 1887 3658; x_wconf 87' lang='lat' dir='ltr'><strong>orbitatem</strong></span> <span class='ocrx_word' id='word_1_472' title='bbox 1920 3604 2184 3672; x_wconf 79' lang='lat' dir='ltr'><strong>redigere.</strong></span> 
     </span>
    </p>
   </div>
   <div class='ocr_carea' id='block_1_67' title="bbox 614 3694 2184 3764">
    <p class='ocr_par' dir='ltr' id='par_1_67' title="bbox 614 3694 2184 3764">
     <span class='ocr_line' id='line_1_67' title="bbox 614 3694 2184 3764; baseline 0 -19"><span class='ocrx_word' id='word_1_473' title='bbox 614 3694 1021 3759; x_wconf 86' lang='lat' dir='ltr'><strong>Verumtamen,</strong></span> <span class='ocrx_word' id='word_1_474' title='bbox 1050 3710 1209 3764; x_wconf 90' lang='lat' dir='ltr'><strong>quem</strong></span> <span class='ocrx_word' id='word_1_475' title='bbox 1230 3695 1333 3749; x_wconf 78' lang='lat' dir='ltr'><strong>sibi</strong></span> <span class='ocrx_word' id='word_1_476' title='bbox 1372 3705 1571 3749; x_wconf 87' lang='lat' dir='ltr'><strong>temere</strong></span> <span class='ocrx_word' id='word_1_477' title='bbox 1606 3705 1960 3763; x_wconf 83' lang='lat' dir='ltr'><strong>proposuerat</strong></span> <span class='ocrx_word' id='word_1_478' title='bbox 1994 3708 2184 3748; x_wconf 90' lang='lat' dir='ltr'><strong>eorum</strong></span> 
     </span>
    </p>
   </div>
   <div class='ocr_carea' id='block_1_68' title="bbox 610 3785 2187 3857">
    <p class='ocr_par' dir='ltr' id='par_1_68' title="bbox 610 3785 2187 3857">
     <span class='ocr_line' id='line_1_68' title="bbox 610 3785 2187 3857; baseline 0.002 -16"><span class='ocrx_word' id='word_1_479' title='bbox 610 3787 801 3850; x_wconf 89' lang='lat' dir='ltr'><strong>libido,</strong></span> <span class='ocrx_word' id='word_1_480' title='bbox 842 3788 1000 3841; x_wconf 80' lang='lat' dir='ltr'><strong>tinem</strong></span> <span class='ocrx_word' id='word_1_481' title='bbox 1027 3802 1133 3839; x_wconf 92' lang='lat' dir='ltr'><strong>non</strong></span> <span class='ocrx_word' id='word_1_482' title='bbox 1188 3787 1400 3841; x_wconf 88' lang='lat' dir='ltr'><strong>habuit.</strong></span> <span class='ocrx_word' id='word_1_483' title='bbox 1435 3785 1541 3842; x_wconf 87' lang='lat' dir='ltr'><strong>Per</strong></span> <span class='ocrx_word' id='word_1_484' title='bbox 1601 3790 1784 3857; x_wconf 91' lang='lat' dir='ltr'><strong>plures</strong></span> <span class='ocrx_word' id='word_1_485' title='bbox 1842 3788 2027 3857; x_wconf 88' lang='lat' dir='ltr'><strong>itaque</strong></span> <span class='ocrx_word' id='word_1_486' title='bbox 2074 3790 2187 3844; x_wconf 86' lang='lat' dir='ltr'><strong>dies</strong></span> 
     </span>
    </p>
   </div>
   <div class='ocr_carea' id='block_1_69' title="bbox 608 3879 2188 3947">
    <p class='ocr_par' dir='ltr' id='par_1_69' title="bbox 608 3879 2188 3947">
     <span class='ocr_line' id='line_1_69' title="bbox 608 3879 2188 3947; baseline 0.003 -14"><span class='ocrx_word' id='word_1_487' title='bbox 608 3880 873 3933; x_wconf 78' lang='lat' dir='ltr'><strong>ambabus</strong></span> <span class='ocrx_word' id='word_1_488' title='bbox 938 3879 1186 3934; x_wconf 87' lang='lat' dir='ltr'><strong>manibus</strong></span> <span class='ocrx_word' id='word_1_489' title='bbox 1233 3890 1569 3947; x_wconf 78' lang='lat' dir='ltr'><strong>unguentum</strong></span> <span class='ocrx_word' id='word_1_490' title='bbox 1623 3880 2085 3943; x_wconf 79' lang='lat' dir='ltr'><strong>exhauriebatur,</strong></span> <span class='ocrx_word' id='word_1_491' title='bbox 2132 3891 2188 3937; x_wconf 91' lang='lat' dir='ltr'><strong>et</strong></span> 
     </span>
    </p>
   </div>
   <div class='ocr_carea' id='block_1_70' title="bbox 606 3970 2182 4042">
    <p class='ocr_par' dir='ltr' id='par_1_70' title="bbox 606 3970 2182 4042">
     <span class='ocr_line' id='line_1_70' title="bbox 606 3970 2182 4042; baseline 0.003 -20"><span class='ocrx_word' id='word_1_492' title='bbox 606 3971 929 4038; x_wconf 86' lang='lat' dir='ltr'><strong>quibusdam</strong></span> <span class='ocrx_word' id='word_1_493' title='bbox 947 3970 1104 4038; x_wconf 87' lang='lat' dir='ltr'><strong>plane</strong></span> <span class='ocrx_word' id='word_1_494' title='bbox 1138 3970 1425 4026; x_wconf 90' lang='lat' dir='ltr'><strong>ridiculum</strong></span> <span class='ocrx_word' id='word_1_495' title='bbox 1463 3972 1748 4025; x_wconf 81' lang='lat' dir='ltr'><strong>videbatur</strong></span> <span class='ocrx_word' id='word_1_496' title='bbox 1779 3988 1793 4036; x_wconf 93' lang='lat'><strong>;</strong></span> <span class='ocrx_word' id='word_1_497' title='bbox 1820 3982 1876 4025; x_wconf 91' lang='lat' dir='ltr'><strong>at</strong></span> <span class='ocrx_word' id='word_1_498' title='bbox 1933 3972 2026 4042; x_wconf 90' lang='lat' dir='ltr'><strong>qui</strong></span> <span class='ocrx_word' id='word_1_499' title='bbox 2060 3973 2182 4039; x_wconf 88' lang='lat' dir='ltr'><strong>plus</strong></span> 
     </span>
    </p>
   </div>
   <div class='ocr_carea' id='block_1_71' title="bbox 611 4046 2187 4131">
    <p class='ocr_par' dir='ltr' id='par_1_71' title="bbox 611 4046 2187 4131">
     <span class='ocr_line' id='line_1_71' title="bbox 611 4046 2187 4131; baseline 0.003 -18"><span class='ocrx_word' id='word_1_500' title='bbox 611 4059 733 4115; x_wconf 62' lang='lat' dir='ltr'><strong>aliis</strong></span> <span class='ocrx_word' id='word_1_501' title='bbox 766 4060 1070 4128; x_wconf 86' lang='lat' dir='ltr'><strong>sapiebant,</strong></span> <span class='ocrx_word' id='word_1_502' title='bbox 1098 4075 1238 4114; x_wconf 62' lang='lat' dir='ltr'><strong>curae</strong></span> <span class='ocrx_word' id='word_1_503' title='bbox 1271 4071 1391 4115; x_wconf 88' lang='lat' dir='ltr'><strong>erat</strong></span> <span class='ocrx_word' id='word_1_504' title='bbox 1424 4060 1553 4115; x_wconf 90' lang='lat' dir='ltr'><strong>illud</strong></span> <span class='ocrx_word' id='word_1_505' title='bbox 1584 4061 1637 4115; x_wconf 90' lang='lat' dir='ltr'><strong>in</strong></span> <span class='ocrx_word' id='word_1_506' title='bbox 1665 4046 1897 4130; x_wconf 87' lang='lat' dir='ltr'><strong>patriam</strong></span> <span class='ocrx_word' id='word_1_507' title='bbox 1919 4062 2187 4131; x_wconf 83' lang='lat' dir='ltr'><strong>perduce-</strong></span> 
     </span>
    </p>
   </div>
   <div class='ocr_carea' id='block_1_72' title="bbox 613 4151 2183 4222">
    <p class='ocr_par' dir='ltr' id='par_1_72' title="bbox 613 4151 2183 4222">
     <span class='ocr_line' id='line_1_72' title="bbox 613 4151 2183 4222; baseline 0.002 -17"><span class='ocrx_word' id='word_1_508' title='bbox 613 4166 675 4205; x_wconf 90' lang='lat' dir='ltr'><strong>re</strong></span> <span class='ocrx_word' id='word_1_509' title='bbox 722 4161 923 4205; x_wconf 91' lang='lat' dir='ltr'><strong>etcum</strong></span> <span class='ocrx_word' id='word_1_510' title='bbox 980 4151 1281 4205; x_wconf 87' lang='lat' dir='ltr'><strong>reverentia</strong></span> <span class='ocrx_word' id='word_1_511' title='bbox 1340 4151 1712 4222; x_wconf 82' lang='lat' dir='ltr'><strong>religinneque</strong></span> <span class='ocrx_word' id='word_1_512' title='bbox 1783 4163 2183 4208; x_wconf 87' lang='lat' dir='ltr'><strong>contrectare:</strong></span> 
     </span>
    </p>
   </div>
   <div class='ocr_carea' id='block_1_73' title="bbox 614 4241 2186 4312">
    <p class='ocr_par' dir='ltr' id='par_1_73' title="bbox 614 4241 2186 4312">
     <span class='ocr_line' id='line_1_73' title="bbox 614 4241 2186 4312; baseline 0 -14"><span class='ocrx_word' id='word_1_513' title='bbox 614 4258 735 4298; x_wconf 88' lang='lat' dir='ltr'><strong>nam</strong></span> <span class='ocrx_word' id='word_1_514' title='bbox 776 4242 844 4295; x_wconf 91' lang='lat' dir='ltr'><strong>ab</strong></span> <span class='ocrx_word' id='word_1_515' title='bbox 873 4242 1111 4311; x_wconf 85' lang='lat' dir='ltr'><strong>expertis</strong></span> <span class='ocrx_word' id='word_1_516' title='bbox 1161 4241 1481 4297; x_wconf 88' lang='lat' dir='ltr'><strong>audiverant</strong></span> <span class='ocrx_word' id='word_1_517' title='bbox 1507 4244 1576 4297; x_wconf 80' lang='lat' dir='ltr'><strong>ad</strong></span> <span class='ocrx_word' id='word_1_518' title='bbox 1649 4244 1918 4312; x_wconf 88' lang='lat' dir='ltr'><strong>quoslibet</strong></span> <span class='ocrx_word' id='word_1_519' title='bbox 1968 4245 2186 4298; x_wconf 87' lang='lat' dir='ltr'><strong>morbos</strong></span> 
     </span>
    </p>
   </div>
   <div class='ocr_carea' id='block_1_74' title="bbox 614 4332 2187 4422">
    <p class='ocr_par' dir='ltr' id='par_1_74' title="bbox 614 4332 2187 4422">
     <span class='ocr_line' id='line_1_74' title="bbox 614 4332 2187 4422; baseline 0 -33"><span class='ocrx_word' id='word_1_520' title='bbox 614 4334 1026 4389; x_wconf 89' lang='lat' dir='ltr'><strong>medicinalibus</strong></span> <span class='ocrx_word' id='word_1_521' title='bbox 1082 4332 1216 4403; x_wconf 90' lang='lat' dir='ltr'><strong>ipsis</strong></span> <span class='ocrx_word' id='word_1_522' title='bbox 1324 4334 1635 4422; x_wconf 63' lang='lat' dir='ltr'><strong>pharmacis</strong></span> <span class='ocrx_word' id='word_1_523' title='bbox 1689 4333 1854 4387; x_wconf 91' lang='lat' dir='ltr'><strong>multo</strong></span> <span class='ocrx_word' id='word_1_524' title='bbox 1914 4332 2187 4389; x_wconf 83' lang='lat' dir='ltr'><strong>eﬂicacius</strong></span> 
     </span>
    </p>
   </div>
   <div class='ocr_carea' id='block_1_75' title="bbox 613 4422 2187 4493">
    <p class='ocr_par' dir='ltr' id='par_1_75' title="bbox 613 4422 2187 4493">
     <span class='ocr_line' id='line_1_75' title="bbox 613 4422 2187 4493; baseline -0.001 -14"><span class='ocrx_word' id='word_1_525' title='bbox 613 4440 754 4481; x_wconf 87' lang='lat' dir='ltr'><strong>esse.</strong></span> <span class='ocrx_word' id='word_1_526' title='bbox 790 4423 1151 4477; x_wconf 85' lang='lat' dir='ltr'><strong>Nihilominus</strong></span> <span class='ocrx_word' id='word_1_527' title='bbox 1174 4433 1571 4493; x_wconf 77' lang='lat' dir='ltr'><strong>unguentorum</strong></span> <span class='ocrx_word' id='word_1_528' title='bbox 1594 4422 1795 4477; x_wconf 80' lang='lat' dir='ltr'><strong>fontem</strong></span> <span class='ocrx_word' id='word_1_529' title='bbox 1831 4438 1931 4477; x_wconf 90' lang='lat' dir='ltr'><strong>non</strong></span> <span class='ocrx_word' id='word_1_530' title='bbox 1961 4435 2187 4492; x_wconf 85' lang='lat' dir='ltr'><strong>potuere</strong></span> 
     </span>
    </p>
   </div>
   <div class='ocr_carea' id='block_1_76' title="bbox 617 4514 2184 4585">
    <p class='ocr_par' dir='ltr' id='par_1_76' title="bbox 617 4514 2184 4585">
     <span class='ocr_line' id='line_1_76' title="bbox 617 4514 2184 4585; baseline -0.002 -14"><span class='ocrx_word' id='word_1_531' title='bbox 617 4532 791 4585; x_wconf 82' lang='lat' dir='ltr'><strong>neque</strong></span> <span class='ocrx_word' id='word_1_532' title='bbox 811 4516 1091 4569; x_wconf 75' lang='lat' dir='ltr'><strong>exsiccare</strong></span> <span class='ocrx_word' id='word_1_533' title='bbox 1137 4530 1311 4585; x_wconf 91' lang='lat' dir='ltr'><strong>neque</strong></span> <span class='ocrx_word' id='word_1_534' title='bbox 1334 4514 1637 4580; x_wconf 77' lang='lat' dir='ltr'><strong>exinanire,</strong></span> <span class='ocrx_word' id='word_1_535' title='bbox 1668 4514 1916 4583; x_wconf 86' lang='lat' dir='ltr'><strong>quamvis</strong></span> <span class='ocrx_word' id='word_1_536' title='bbox 1964 4515 2014 4568; x_wconf 89' lang='lat' dir='ltr'><strong>id</strong></span> <span class='ocrx_word' id='word_1_537' title='bbox 2053 4531 2184 4568; x_wconf 85' lang='lat' dir='ltr'><strong>con-</strong></span> 
     </span>
    </p>
   </div>
   <div class='ocr_carea' id='block_1_77' title="bbox 619 4576 2262 4675">
    <p class='ocr_par' dir='ltr' id='par_1_77' title="bbox 619 4576 2262 4675">
     <span class='ocr_line' id='line_1_77' title="bbox 619 4576 2262 4675; baseline 0.001 -17"><span class='ocrx_word' id='word_1_538' title='bbox 619 4576 906 4659; x_wconf 63' lang='lat' dir='ltr'><strong>teniiosius</strong></span> <span class='ocrx_word' id='word_1_539' title='bbox 952 4576 1289 4674; x_wconf 74' lang='lat' dir='ltr'><strong>multumque</strong></span> <span class='ocrx_word' id='word_1_540' title='bbox 1336 4618 1434 4675; x_wconf 86' lang='lat' dir='ltr'><strong>per</strong></span> <span class='ocrx_word' id='word_1_541' title='bbox 1479 4612 1689 4672; x_wconf 81' lang='lat' dir='ltr'><strong>tempus</strong></span> <span class='ocrx_word' id='word_1_542' title='bbox 1732 4606 2054 4659; x_wconf 86' lang='lat' dir='ltr'><strong>niterentur.</strong></span> <span class='ocrx_word' id='word_1_543' title='bbox 2112 4604 2181 4659; x_wconf 85' lang='lat' dir='ltr'><strong>Et</strong></span> <span class='ocrx_word' id='word_1_544' title='bbox 2210 4576 2262 4636; x_wconf 68' lang='grc' dir='ltr'><strong>Β</strong></span> 
     </span>
    </p>
   </div>
   <div class='ocr_carea' id='block_1_78' title="bbox 619 4695 2181 4766">
    <p class='ocr_par' dir='ltr' id='par_1_78' title="bbox 619 4695 2181 4766">
     <span class='ocr_line' id='line_1_78' title="bbox 619 4695 2181 4766; baseline 0.001 -16"><span class='ocrx_word' id='word_1_545' title='bbox 619 4698 815 4751; x_wconf 89' lang='lat' dir='ltr'><strong>merito</strong></span> <span class='ocrx_word' id='word_1_546' title='bbox 845 4713 860 4760; x_wconf 86' lang='lat'><strong>;</strong></span> <span class='ocrx_word' id='word_1_547' title='bbox 904 4710 1079 4762; x_wconf 87' lang='lat' dir='ltr'><strong>neque</strong></span> <span class='ocrx_word' id='word_1_548' title='bbox 1112 4696 1254 4749; x_wconf 92' lang='lat' dir='ltr'><strong>enim</strong></span> <span class='ocrx_word' id='word_1_549' title='bbox 1278 4696 1511 4749; x_wconf 90' lang='lat' dir='ltr'><strong>humana</strong></span> <span class='ocrx_word' id='word_1_550' title='bbox 1547 4705 1835 4764; x_wconf 69' lang='lat' dir='ltr'><strong>exaequant</strong></span> <span class='ocrx_word' id='word_1_551' title='bbox 1864 4711 1983 4766; x_wconf 73' lang='lat' dir='ltr'><strong>qua:</strong></span> <span class='ocrx_word' id='word_1_552' title='bbox 2039 4695 2181 4751; x_wconf 83' lang='lat' dir='ltr'><strong>Deus</strong></span> 
     </span>
    </p>
   </div>
   <div class='ocr_carea' id='block_1_79' title="bbox 618 4787 2178 4859">
    <p class='ocr_par' dir='ltr' id='par_1_79' title="bbox 618 4787 2178 4859">
     <span class='ocr_line' id='line_1_79' title="bbox 618 4787 2178 4859; baseline 0 -16"><span class='ocrx_word' id='word_1_553' title='bbox 618 4791 793 4859; x_wconf 75' lang='lat' dir='ltr'><strong>dignis</strong></span> <span class='ocrx_word' id='word_1_554' title='bbox 828 4789 1106 4858; x_wconf 79' lang='lat' dir='ltr'><strong>elargitur,</strong></span> <span class='ocrx_word' id='word_1_555' title='bbox 1137 4787 1295 4844; x_wconf 78' lang='lat' dir='ltr'><strong>sicuti</strong></span> <span class='ocrx_word' id='word_1_556' title='bbox 1354 4802 1452 4842; x_wconf 87' lang='lat' dir='ltr'><strong>nec</strong></span> <span class='ocrx_word' id='word_1_557' title='bbox 1489 4787 1683 4842; x_wconf 88' lang='lat' dir='ltr'><strong>iisdem</strong></span> <span class='ocrx_word' id='word_1_558' title='bbox 1746 4787 1995 4842; x_wconf 89' lang='lat' dir='ltr'><strong>terminis</strong></span> <span class='ocrx_word' id='word_1_559' title='bbox 2044 4792 2178 4843; x_wconf 77' lang='lat' dir='ltr'><strong>sub-</strong></span> 
     </span>
    </p>
   </div>
   <div class='ocr_carea' id='block_1_80' title="bbox 616 4884 818 4950">
    <p class='ocr_par' dir='ltr' id='par_1_80' title="bbox 616 4884 818 4950">
     <span class='ocr_line' id='line_1_80' title="bbox 616 4884 818 4950; baseline 0.015 -17"><span class='ocrx_word' id='word_1_560' title='bbox 616 4884 818 4950; x_wconf 80' lang='lat' dir='ltr'><strong>jacent.</strong></span> 
     </span>
    </p>
   </div>
   <div class='ocr_carea' id='block_1_81' title="bbox 690 5054 2190 5128">
    <p class='ocr_par' dir='ltr' id='par_1_81' title="bbox 690 5054 2190 5128">
     <span class='ocr_line' id='line_1_81' title="bbox 690 5054 2190 5128; baseline 0.002 -20"><span class='ocrx_word' id='word_1_561' title='bbox 690 5055 836 5109; x_wconf 90' lang='lat' dir='ltr'><strong>Idem</strong></span> <span class='ocrx_word' id='word_1_562' title='bbox 860 5056 962 5109; x_wconf 90' lang='lat' dir='ltr'><strong>hoc</strong></span> <span class='ocrx_word' id='word_1_563' title='bbox 990 5055 1258 5109; x_wconf 81' lang='lat' dir='ltr'><strong>nefarium</strong></span> <span class='ocrx_word' id='word_1_564' title='bbox 1285 5054 1497 5108; x_wconf 82' lang='lat' dir='ltr'><strong>facinus</strong></span> <span class='ocrx_word' id='word_1_565' title='bbox 1517 5054 1662 5109; x_wconf 89' lang='lat' dir='ltr'><strong>circa</strong></span> <span class='ocrx_word' id='word_1_566' title='bbox 1693 5068 1892 5111; x_wconf 75' lang='lat' dir='ltr'><strong>sancta:</strong></span> <span class='ocrx_word' id='word_1_567' title='bbox 1920 5069 1974 5110; x_wconf 91' lang='lat' dir='ltr'><strong>et</strong></span> <span class='ocrx_word' id='word_1_568' title='bbox 2009 5074 2190 5128; x_wconf 83' lang='lat' dir='ltr'><strong>myro-</strong></span> 
     </span>
    </p>
   </div>
   <div class='ocr_carea' id='block_1_82' title="bbox 620 5143 2185 5217">
    <p class='ocr_par' dir='ltr' id='par_1_82' title="bbox 620 5143 2185 5217">
     <span class='ocr_line' id='line_1_82' title="bbox 620 5143 2185 5217; baseline -0.001 -15"><span class='ocrx_word' id='word_1_569' title='bbox 620 5147 841 5217; x_wconf 81' lang='lat' dir='ltr'><strong>hlytidis</strong></span> <span class='ocrx_word' id='word_1_570' title='bbox 878 5143 1176 5199; x_wconf 72' lang='lat' dir='ltr'><strong>Theodorae</strong></span> <span class='ocrx_word' id='word_1_571' title='bbox 1229 5145 1586 5199; x_wconf 86' lang='lat' dir='ltr'><strong>sacerrimum</strong></span> <span class='ocrx_word' id='word_1_572' title='bbox 1639 5147 1872 5199; x_wconf 87' lang='lat' dir='ltr'><strong>cadaver</strong></span> <span class='ocrx_word' id='word_1_573' title='bbox 1915 5157 2185 5215; x_wconf 79' lang='lat' dir='ltr'><strong>patratum</strong></span> 
     </span>
    </p>
   </div>
   <div class='ocr_carea' id='block_1_83' title="bbox 618 5233 2188 5304">
    <p class='ocr_par' dir='ltr' id='par_1_83' title="bbox 618 5233 2188 5304">
     <span class='ocr_line' id='line_1_83' title="bbox 618 5233 2188 5304; baseline -0.001 -13"><span class='ocrx_word' id='word_1_574' title='bbox 618 5247 726 5299; x_wconf 87' lang='lat' dir='ltr'><strong>est,</strong></span> <span class='ocrx_word' id='word_1_575' title='bbox 746 5236 885 5302; x_wconf 89' lang='lat' dir='ltr'><strong>quod</strong></span> <span class='ocrx_word' id='word_1_576' title='bbox 913 5249 1033 5288; x_wconf 90' lang='lat' dir='ltr'><strong>cum</strong></span> <span class='ocrx_word' id='word_1_577' title='bbox 1065 5237 1117 5287; x_wconf 90' lang='lat' dir='ltr'><strong>in</strong></span> <span class='ocrx_word' id='word_1_578' title='bbox 1154 5233 1440 5303; x_wconf 78' lang='lat' dir='ltr'><strong>superﬁcie</strong></span> <span class='ocrx_word' id='word_1_579' title='bbox 1461 5234 1691 5302; x_wconf 86' lang='lat' dir='ltr'><strong>jacerct,</strong></span> <span class='ocrx_word' id='word_1_580' title='bbox 1712 5236 1829 5289; x_wconf 89' lang='lat' dir='ltr'><strong>solo</strong></span> <span class='ocrx_word' id='word_1_581' title='bbox 1860 5248 2188 5304; x_wconf 74' lang='lat' dir='ltr'><strong>prosuamm</strong></span> 
     </span>
    </p>
   </div>
   <div class='ocr_carea' id='block_1_84' title="bbox 622 5326 2190 5397">
    <p class='ocr_par' dir='ltr' id='par_1_84' title="bbox 622 5326 2190 5397">
     <span class='ocr_line' id='line_1_84' title="bbox 622 5326 2190 5397; baseline 0.001 -14"><span class='ocrx_word' id='word_1_582' title='bbox 622 5338 676 5397; x_wconf 81' lang='grc' dir='ltr'><strong>(ο</strong></span> <span class='ocrx_word' id='word_1_583' title='bbox 710 5327 1016 5388; x_wconf 86' lang='lat' dir='ltr'><strong>audaciam,</strong></span> <span class='ocrx_word' id='word_1_584' title='bbox 1053 5340 1086 5377; x_wconf 79' lang='grc' dir='ltr'><strong>ι)</strong></span> <span class='ocrx_word' id='word_1_585' title='bbox 1123 5340 1318 5379; x_wconf 86' lang='lat' dir='ltr'><strong>manus</strong></span> <span class='ocrx_word' id='word_1_586' title='bbox 1366 5326 1732 5380; x_wconf 80' lang='lat' dir='ltr'><strong>exsecrandas</strong></span> <span class='ocrx_word' id='word_1_587' title='bbox 1757 5327 1796 5397; x_wconf 80' lang='grc' dir='ltr'><strong>ἵ)</strong></span> <span class='ocrx_word' id='word_1_588' title='bbox 1828 5338 1882 5381; x_wconf 90' lang='lat' dir='ltr'><strong>et</strong></span> <span class='ocrx_word' id='word_1_589' title='bbox 1922 5329 1975 5382; x_wconf 87' lang='lat' dir='ltr'><strong>itt</strong></span> <span class='ocrx_word' id='word_1_590' title='bbox 2012 5330 2190 5384; x_wconf 74' lang='lat' dir='ltr'><strong>varias</strong></span> 
     </span>
    </p>
   </div>
   <div class='ocr_carea' id='block_1_85' title="bbox 620 5418 2190 5491">
    <p class='ocr_par' dir='ltr' id='par_1_85' title="bbox 620 5418 2190 5491">
     <span class='ocr_line' id='line_1_85' title="bbox 620 5418 2190 5491; baseline 0.002 -19"><span class='ocrx_word' id='word_1_591' title='bbox 620 5430 803 5491; x_wconf 81' lang='lat' dir='ltr'><strong>partes</strong></span> <span class='ocrx_word' id='word_1_592' title='bbox 820 5419 1149 5485; x_wconf 84' lang='lat' dir='ltr'><strong>discerptum</strong></span> <span class='ocrx_word' id='word_1_593' title='bbox 1174 5429 1252 5469; x_wconf 84' lang='lat' dir='ltr'><strong>est</strong></span> <span class='ocrx_word' id='word_1_594' title='bbox 1273 5432 1290 5482; x_wconf 86' lang='lat'><strong>;</strong></span> <span class='ocrx_word' id='word_1_595' title='bbox 1310 5428 1444 5484; x_wconf 86' lang='lat' dir='ltr'><strong>quas</strong></span> <span class='ocrx_word' id='word_1_596' title='bbox 1465 5418 1533 5481; x_wconf 86' lang='lat' dir='ltr'><strong>pii</strong></span> <span class='ocrx_word' id='word_1_597' title='bbox 1560 5418 1807 5473; x_wconf 91' lang='lat' dir='ltr'><strong>homines</strong></span> <span class='ocrx_word' id='word_1_598' title='bbox 1826 5434 2190 5485; x_wconf 83' lang='lat' dir='ltr'><strong>assumentes,</strong></span> 
     </span>
    </p>
   </div>
   <div class='ocr_carea' id='block_1_86' title="bbox 620 5505 2191 5576">
    <p class='ocr_par' dir='ltr' id='par_1_86' title="bbox 620 5505 2191 5576">
     <span class='ocr_line' id='line_1_86' title="bbox 620 5505 2191 5576; baseline 0.001 -14"><span class='ocrx_word' id='word_1_599' title='bbox 620 5512 757 5564; x_wconf 86' lang='lat' dir='ltr'><strong>alius</strong></span> <span class='ocrx_word' id='word_1_600' title='bbox 785 5510 894 5562; x_wconf 82' lang='lat' dir='ltr'><strong>alio</strong></span> <span class='ocrx_word' id='word_1_601' title='bbox 922 5508 1089 5576; x_wconf 89' lang='lat' dir='ltr'><strong>prius,</strong></span> <span class='ocrx_word' id='word_1_602' title='bbox 1125 5514 1379 5575; x_wconf 86' lang='lat' dir='ltr'><strong>tanquam</strong></span> <span class='ocrx_word' id='word_1_603' title='bbox 1415 5505 1560 5559; x_wconf 86' lang='lat' dir='ltr'><strong>nulla</strong></span> <span class='ocrx_word' id='word_1_604' title='bbox 1600 5509 1846 5563; x_wconf 89' lang='lat' dir='ltr'><strong>mercede</strong></span> <span class='ocrx_word' id='word_1_605' title='bbox 1872 5511 2191 5572; x_wconf 83' lang='lat' dir='ltr'><strong>conductam</strong></span> 
     </span>
    </p>
   </div>
   <div class='ocr_carea' id='block_1_87' title="bbox 622 5601 2178 5666">
    <p class='ocr_par' dir='ltr' id='par_1_87' title="bbox 622 5601 2178 5666">
     <span class='ocr_line' id='line_1_87' title="bbox 622 5601 2178 5666; baseline 0.001 -12"><span class='ocrx_word' id='word_1_606' title='bbox 622 5603 939 5657; x_wconf 82' lang='lat' dir='ltr'><strong>medicinam</strong></span> <span class='ocrx_word' id='word_1_607' title='bbox 981 5608 1359 5665; x_wconf 88' lang='lat' dir='ltr'><strong>asportarunt;</strong></span> <span class='ocrx_word' id='word_1_608' title='bbox 1389 5609 1569 5666; x_wconf 89' lang='lat' dir='ltr'><strong>postea</strong></span> <span class='ocrx_word' id='word_1_609' title='bbox 1611 5601 1811 5654; x_wconf 78' lang='lat' dir='ltr'><strong>ezedetn</strong></span> <span class='ocrx_word' id='word_1_610' title='bbox 1857 5602 2178 5666; x_wconf 54' lang='lat' dir='ltr'><strong>recollectis.</strong></span> 
     </span>
    </p>
   </div>
   <div class='ocr_carea' id='block_1_88' title="bbox 622 5690 2185 5763">
    <p class='ocr_par' dir='ltr' id='par_1_88' title="bbox 622 5690 2185 5763">
     <span class='ocr_line' id='line_1_88' title="bbox 622 5690 2185 5763; baseline 0.001 -18"><span class='ocrx_word' id='word_1_611' title='bbox 622 5696 708 5763; x_wconf 83' lang='lat' dir='ltr'><strong>qui</strong></span> <span class='ocrx_word' id='word_1_612' title='bbox 737 5694 1058 5756; x_wconf 88' lang='lat' dir='ltr'><strong>habuerant,</strong></span> <span class='ocrx_word' id='word_1_613' title='bbox 1080 5691 1199 5743; x_wconf 90' lang='lat' dir='ltr'><strong>aliis</strong></span> <span class='ocrx_word' id='word_1_614' title='bbox 1224 5690 1397 5759; x_wconf 89' lang='lat' dir='ltr'><strong>pretio</strong></span> <span class='ocrx_word' id='word_1_615' title='bbox 1418 5691 1845 5755; x_wconf 86' lang='lat' dir='ltr'><strong>restituentibus,</strong></span> <span class='ocrx_word' id='word_1_616' title='bbox 1872 5692 1996 5746; x_wconf 88' lang='lat' dir='ltr'><strong>aliis</strong></span> <span class='ocrx_word' id='word_1_617' title='bbox 2016 5696 2185 5761; x_wconf 84' lang='lat' dir='ltr'><strong>gratis</strong></span> 
     </span>
    </p>
   </div>
   <div class='ocr_carea' id='block_1_89' title="bbox 621 5782 2183 5852">
    <p class='ocr_par' dir='ltr' id='par_1_89' title="bbox 621 5782 2183 5852">
     <span class='ocr_line' id='line_1_89' title="bbox 621 5782 2183 5852; baseline 0 -16"><span class='ocrx_word' id='word_1_618' title='bbox 621 5784 874 5837; x_wconf 78' lang='lat' dir='ltr'><strong>dantibus</strong></span> <span class='ocrx_word' id='word_1_619' title='bbox 903 5792 1121 5847; x_wconf 85' lang='lat' dir='ltr'><strong>propter</strong></span> <span class='ocrx_word' id='word_1_620' title='bbox 1158 5796 1217 5836; x_wconf 82' lang='lat' dir='ltr'><strong>ea</strong></span> <span class='ocrx_word' id='word_1_621' title='bbox 1254 5796 1373 5852; x_wconf 67' lang='lat' dir='ltr'><strong>qua:</strong></span> <span class='ocrx_word' id='word_1_622' title='bbox 1406 5782 1455 5835; x_wconf 70' lang='lat' dir='ltr'><strong>in</strong></span> <span class='ocrx_word' id='word_1_623' title='bbox 1489 5798 1547 5837; x_wconf 90' lang='lat' dir='ltr'><strong>se</strong></span> <span class='ocrx_word' id='word_1_624' title='bbox 1592 5782 2007 5851; x_wconf 70' lang='lat' dir='ltr'><strong>nutricbantpia</strong></span> <span class='ocrx_word' id='word_1_625' title='bbox 2052 5801 2183 5838; x_wconf 84' lang='lat' dir='ltr'><strong>con-</strong></span> 
     </span>
    </p>
   </div>
   <div class='ocr_carea' id='block_1_90' title="bbox 2292 3327 3857 3403">
    <p class='ocr_par' dir='ltr' id='par_1_90' title="bbox 2292 3327 3857 3403">
     <span class='ocr_line' id='line_1_90' title="bbox 2292 3327 3857 3403; baseline 0.005 -24"><span class='ocrx_word' id='word_1_626' title='bbox 2292 3330 2382 3381; x_wconf 86' lang='grc' dir='ltr'><strong>Διὸ</strong></span> <span class='ocrx_word' id='word_1_627' title='bbox 2420 3327 2515 3382; x_wconf 75' lang='grc' dir='ltr'><strong>καὶ</strong></span> <span class='ocrx_word' id='word_1_628' title='bbox 2546 3328 3017 3400; x_wconf 75' lang='grc' dir='ltr'><strong>καταϐεϐληκότες</strong></span> <span class='ocrx_word' id='word_1_629' title='bbox 3058 3331 3157 3393; x_wconf 74' lang='grc' dir='ltr'><strong>τὰς</strong></span> <span class='ocrx_word' id='word_1_630' title='bbox 3201 3331 3288 3383; x_wconf 74' lang='grc' dir='ltr'><strong>ἐπ’</strong></span> <span class='ocrx_word' id='word_1_631' title='bbox 3338 3334 3471 3403; x_wconf 79' lang='grc' dir='ltr'><strong>αὑτῇ</strong></span> <span class='ocrx_word' id='word_1_632' title='bbox 3526 3335 3857 3403; x_wconf 83' lang='grc' dir='ltr'><strong>μαρμάρους</strong></span> 
     </span>
    </p>
   </div>
   <div class='ocr_carea' id='block_1_91' title="bbox 2289 3418 3854 3495">
    <p class='ocr_par' dir='ltr' id='par_1_91' title="bbox 2289 3418 3854 3495">
     <span class='ocr_line' id='line_1_91' title="bbox 2289 3418 3854 3495; baseline 0.006 -24"><span class='ocrx_word' id='word_1_633' title='bbox 2289 3418 2398 3471; x_wconf 89' lang='grc' dir='ltr'><strong>τῶν</strong></span> <span class='ocrx_word' id='word_1_634' title='bbox 2423 3418 2610 3490; x_wconf 87' lang='grc' dir='ltr'><strong>μύρων</strong></span> <span class='ocrx_word' id='word_1_635' title='bbox 2633 3420 2891 3475; x_wconf 73' lang='grc' dir='ltr'><strong>ἔσπευδον</strong></span> <span class='ocrx_word' id='word_1_636' title='bbox 2921 3423 3091 3491; x_wconf 78' lang='grc' dir='ltr'><strong>αὑτὴν</strong></span> <span class='ocrx_word' id='word_1_637' title='bbox 3115 3424 3414 3478; x_wconf 76' lang='grc' dir='ltr'><strong>ὲκκενῶσαι</strong></span> <span class='ocrx_word' id='word_1_638' title='bbox 3454 3425 3545 3476; x_wconf 84' lang='grc' dir='ltr'><strong>καὶ</strong></span> <span class='ocrx_word' id='word_1_639' title='bbox 3590 3425 3649 3477; x_wconf 85' lang='grc' dir='ltr'><strong>τὸ</strong></span> <span class='ocrx_word' id='word_1_640' title='bbox 3704 3426 3854 3495; x_wconf 82' lang='grc' dir='ltr'><strong>ίερὸν</strong></span> 
     </span>
    </p>
   </div>
   <div class='ocr_carea' id='block_1_92' title="bbox 2294 3512 3849 3586">
    <p class='ocr_par' dir='ltr' id='par_1_92' title="bbox 2294 3512 3849 3586">
     <span class='ocr_line' id='line_1_92' title="bbox 2294 3512 3849 3586; baseline 0.006 -24"><span class='ocrx_word' id='word_1_641' title='bbox 2294 3513 2386 3563; x_wconf 74' lang='grc' dir='ltr'><strong>καὶ</strong></span> <span class='ocrx_word' id='word_1_642' title='bbox 2414 3512 2557 3565; x_wconf 85' lang='grc' dir='ltr'><strong>θεῖον</strong></span> <span class='ocrx_word' id='word_1_643' title='bbox 2584 3512 2838 3581; x_wconf 81' lang='grc' dir='ltr'><strong>λείψανον</strong></span> <span class='ocrx_word' id='word_1_644' title='bbox 2860 3512 2957 3566; x_wconf 87' lang='grc' dir='ltr'><strong>τοῦ</strong></span> <span class='ocrx_word' id='word_1_645' title='bbox 2983 3515 3261 3585; x_wconf 78' lang='grc' dir='ltr'><strong>μάρτυρος</strong></span> <span class='ocrx_word' id='word_1_646' title='bbox 3292 3516 3537 3569; x_wconf 66' lang='grc' dir='ltr'><strong>ἐκϐαλεῖν</strong></span> <span class='ocrx_word' id='word_1_647' title='bbox 3566 3533 3580 3547; x_wconf 87' lang='grc'><strong>·</strong></span> <span class='ocrx_word' id='word_1_648' title='bbox 3620 3518 3849 3586; x_wconf 79' lang='grc' dir='ltr'><strong>ἡγοῦντο</strong></span> 
     </span>
    </p>
   </div>
   <div class='ocr_carea' id='block_1_93' title="bbox 2290 3602 3854 3679">
    <p class='ocr_par' dir='ltr' id='par_1_93' title="bbox 2290 3602 3854 3679">
     <span class='ocr_line' id='line_1_93' title="bbox 2290 3602 3854 3679; baseline 0.006 -25"><span class='ocrx_word' id='word_1_649' title='bbox 2290 3603 2400 3672; x_wconf 86' lang='grc' dir='ltr'><strong>γὰρ</strong></span> <span class='ocrx_word' id='word_1_650' title='bbox 2424 3602 2517 3655; x_wconf 89' lang='grc' dir='ltr'><strong>τοῦ</strong></span> <span class='ocrx_word' id='word_1_651' title='bbox 2553 3604 2756 3656; x_wconf 80' lang='grc' dir='ltr'><strong>σκοποῦ</strong></span> <span class='ocrx_word' id='word_1_652' title='bbox 2805 3602 2993 3658; x_wconf 89' lang='grc' dir='ltr'><strong>τούτου</strong></span> <span class='ocrx_word' id='word_1_653' title='bbox 3052 3610 3376 3678; x_wconf 79' lang='grc' dir='ltr'><strong>κατατυχεῖν</strong></span> <span class='ocrx_word' id='word_1_654' title='bbox 3415 3610 3510 3662; x_wconf 78' lang='grc' dir='ltr'><strong>καὶ</strong></span> <span class='ocrx_word' id='word_1_655' title='bbox 3547 3610 3691 3679; x_wconf 79' lang='grc' dir='ltr'><strong>ἡμᾶς</strong></span> <span class='ocrx_word' id='word_1_656' title='bbox 3745 3610 3854 3664; x_wconf 87' lang='grc' dir='ltr'><strong>τῶν</strong></span> 
     </span>
    </p>
   </div>
   <div class='ocr_carea' id='block_1_94' title="bbox 2291 3693 3853 3770">
    <p class='ocr_par' dir='ltr' id='par_1_94' title="bbox 2291 3693 3853 3770">
     <span class='ocr_line' id='line_1_94' title="bbox 2291 3693 3853 3770; baseline 0.008 -24"><span class='ocrx_word' id='word_1_657' title='bbox 2291 3694 2579 3747; x_wconf 86' lang='grc' dir='ltr'><strong>ἀκενώτων</strong></span> <span class='ocrx_word' id='word_1_658' title='bbox 2610 3693 2798 3764; x_wconf 88' lang='grc' dir='ltr'><strong>μύρων</strong></span> <span class='ocrx_word' id='word_1_659' title='bbox 2829 3694 3151 3751; x_wconf 80' lang='grc' dir='ltr'><strong>καταλιπεῖν</strong></span> <span class='ocrx_word' id='word_1_660' title='bbox 3169 3698 3388 3763; x_wconf 73' lang='grc' dir='ltr'><strong>ἐνδεεῖς.</strong></span> <span class='ocrx_word' id='word_1_661' title='bbox 3447 3700 3592 3770; x_wconf 80' lang='grc' dir='ltr'><strong>Πλὴν</strong></span> <span class='ocrx_word' id='word_1_662' title='bbox 3623 3702 3735 3754; x_wconf 81' lang='grc' dir='ltr'><strong>ἀλλ’</strong></span> <span class='ocrx_word' id='word_1_663' title='bbox 3757 3704 3853 3758; x_wconf 77' lang='grc' dir='ltr'><strong>οὐκ</strong></span> 
     </span>
    </p>
   </div>
   <div class='ocr_carea' id='block_1_95' title="bbox 2293 3779 3852 3860">
    <p class='ocr_par' dir='ltr' id='par_1_95' title="bbox 2293 3779 3852 3860">
     <span class='ocr_line' id='line_1_95' title="bbox 2293 3779 3852 3860; baseline 0.006 -25"><span class='ocrx_word' id='word_1_664' title='bbox 2293 3784 2372 3845; x_wconf 87' lang='grc' dir='ltr'><strong>εἰς</strong></span> <span class='ocrx_word' id='word_1_665' title='bbox 2402 3782 2555 3844; x_wconf 80' lang='grc' dir='ltr'><strong>τέλος</strong></span> <span class='ocrx_word' id='word_1_666' title='bbox 2589 3779 2699 3834; x_wconf 71' lang='grc' dir='ltr'><strong>οἷον</strong></span> <span class='ocrx_word' id='word_1_667' title='bbox 2735 3783 2885 3836; x_wconf 80' lang='grc' dir='ltr'><strong>αὑτοὶ</strong></span> <span class='ocrx_word' id='word_1_668' title='bbox 2923 3785 3208 3855; x_wconf 79' lang='grc' dir='ltr'><strong>σφαλερῶς</strong></span> <span class='ocrx_word' id='word_1_669' title='bbox 3261 3789 3606 3856; x_wconf 79' lang='grc' dir='ltr'><strong>προσεδόκων</strong></span> <span class='ocrx_word' id='word_1_670' title='bbox 3632 3792 3665 3860; x_wconf 78' lang='grc' dir='ltr'><strong>ἠ</strong></span> <span class='ocrx_word' id='word_1_671' title='bbox 3712 3793 3852 3859; x_wconf 81' lang='grc' dir='ltr'><strong>σφῶν</strong></span> 
     </span>
    </p>
   </div>
   <div class='ocr_carea' id='block_1_96' title="bbox 2291 3873 3851 3952">
    <p class='ocr_par' dir='ltr' id='par_1_96' title="bbox 2291 3873 3851 3952">
     <span class='ocr_line' id='line_1_96' title="bbox 2291 3873 3851 3952; baseline 0.006 -26"><span class='ocrx_word' id='word_1_672' title='bbox 2291 3873 2554 3942; x_wconf 66' lang='grc' dir='ltr'><strong>ἐπιθυμία</strong></span> <span class='ocrx_word' id='word_1_673' title='bbox 2584 3874 2766 3945; x_wconf 72' lang='grc' dir='ltr'><strong>ἐξέϐη.</strong></span> <span class='ocrx_word' id='word_1_674' title='bbox 2807 3875 3130 3945; x_wconf 76' lang='grc' dir='ltr'><strong>Ἐξήντλουν</strong></span> <span class='ocrx_word' id='word_1_675' title='bbox 3158 3876 3253 3933; x_wconf 77' lang='grc' dir='ltr'><strong>οὖν</strong></span> <span class='ocrx_word' id='word_1_676' title='bbox 3289 3878 3350 3931; x_wconf 82' lang='grc' dir='ltr'><strong>τδ</strong></span> <span class='ocrx_word' id='word_1_677' title='bbox 3379 3879 3556 3950; x_wconf 89' lang='grc' dir='ltr'><strong>μύρον</strong></span> <span class='ocrx_word' id='word_1_678' title='bbox 3587 3885 3706 3945; x_wconf 82' lang='grc' dir='ltr'><strong>ταῖς</strong></span> <span class='ocrx_word' id='word_1_679' title='bbox 3733 3900 3851 3952; x_wconf 74' lang='grc' dir='ltr'><strong>χερο</strong></span> 
     </span>
    </p>
   </div>
   <div class='ocr_carea' id='block_1_97' title="bbox 2293 3966 3852 4040">
    <p class='ocr_par' dir='ltr' id='par_1_97' title="bbox 2293 3966 3852 4040">
     <span class='ocr_line' id='line_1_97' title="bbox 2293 3966 3852 4040; baseline 0.004 -23"><span class='ocrx_word' id='word_1_680' title='bbox 2293 3967 2380 4019; x_wconf 68' lang='lat' dir='ltr'><strong>civ</strong></span> <span class='ocrx_word' id='word_1_681' title='bbox 2404 3966 2739 4035; x_wconf 81' lang='grc' dir='ltr'><strong>ἀμφοτέραις</strong></span> <span class='ocrx_word' id='word_1_682' title='bbox 2777 3966 2863 4035; x_wconf 77' lang='grc' dir='ltr'><strong>ἐφ’</strong></span> <span class='ocrx_word' id='word_1_683' title='bbox 2899 3966 3091 4031; x_wconf 85' lang='grc' dir='ltr'><strong>ίκανάς</strong></span> <span class='ocrx_word' id='word_1_684' title='bbox 3147 3967 3251 4030; x_wconf 81' lang='grc' dir='ltr'><strong>τὰς</strong></span> <span class='ocrx_word' id='word_1_685' title='bbox 3297 3970 3531 4040; x_wconf 80' lang='grc' dir='ltr'><strong>ἡμέρας.</strong></span> <span class='ocrx_word' id='word_1_686' title='bbox 3590 3972 3696 4025; x_wconf 76' lang='grc' dir='ltr'><strong>Καὶ</strong></span> <span class='ocrx_word' id='word_1_687' title='bbox 3749 3976 3852 4036; x_wconf 80' lang='grc' dir='ltr'><strong>τοῖς</strong></span> 
     </span>
    </p>
   </div>
   <div class='ocr_carea' id='block_1_98' title="bbox 2296 4052 3848 4131">
    <p class='ocr_par' dir='ltr' id='par_1_98' title="bbox 2296 4052 3848 4131">
     <span class='ocr_line' id='line_1_98' title="bbox 2296 4052 3848 4131; baseline 0.004 -22"><span class='ocrx_word' id='word_1_688' title='bbox 2296 4057 2394 4127; x_wconf 80' lang='grc' dir='ltr'><strong>μὲν</strong></span> <span class='ocrx_word' id='word_1_689' title='bbox 2421 4055 2495 4120; x_wconf 87' lang='grc' dir='ltr'><strong>ῶς</strong></span> <span class='ocrx_word' id='word_1_690' title='bbox 2533 4073 2585 4108; x_wconf 92' lang='grc' dir='ltr'><strong>τι</strong></span> <span class='ocrx_word' id='word_1_691' title='bbox 2613 4056 2816 4124; x_wconf 85' lang='grc' dir='ltr'><strong>γελοῖον</strong></span> <span class='ocrx_word' id='word_1_692' title='bbox 2848 4057 3023 4111; x_wconf 74' lang='grc' dir='ltr'><strong>ἐδόκει</strong></span> <span class='ocrx_word' id='word_1_693' title='bbox 3048 4074 3063 4089; x_wconf 86' lang='grc'><strong>·</strong></span> <span class='ocrx_word' id='word_1_694' title='bbox 3122 4052 3202 4123; x_wconf 77' lang='grc' dir='ltr'><strong>οἷς</strong></span> <span class='ocrx_word' id='word_1_695' title='bbox 3225 4059 3282 4113; x_wconf 83' lang='grc' dir='ltr'><strong>δὲ</strong></span> <span class='ocrx_word' id='word_1_696' title='bbox 3309 4060 3433 4123; x_wconf 85' lang='grc' dir='ltr'><strong>νοῦς</strong></span> <span class='ocrx_word' id='word_1_697' title='bbox 3453 4060 3594 4131; x_wconf 80' lang='grc' dir='ltr'><strong>ὑπὲρ</strong></span> <span class='ocrx_word' id='word_1_698' title='bbox 3614 4063 3737 4125; x_wconf 80' lang='grc' dir='ltr'><strong>τοὺς</strong></span> <span class='ocrx_word' id='word_1_699' title='bbox 3765 4063 3848 4115; x_wconf 67' lang='grc' dir='ltr'><strong>ἀλα</strong></span> 
     </span>
    </p>
   </div>
   <div class='ocr_carea' id='block_1_99' title="bbox 2291 4144 3848 4222">
    <p class='ocr_par' dir='ltr' id='par_1_99' title="bbox 2291 4144 3848 4222">
     <span class='ocr_line' id='line_1_99' title="bbox 2291 4144 3848 4222; baseline 0.004 -22"><span class='ocrx_word' id='word_1_700' title='bbox 2291 4146 2413 4212; x_wconf 73' lang='grc' dir='ltr'><strong>λους⁸</strong></span> <span class='ocrx_word' id='word_1_701' title='bbox 2443 4149 2607 4217; x_wconf 83' lang='grc' dir='ltr'><strong>ὑπῆν,</strong></span> <span class='ocrx_word' id='word_1_702' title='bbox 2633 4148 2844 4213; x_wconf 86' lang='grc' dir='ltr'><strong>τούτοις</strong></span> <span class='ocrx_word' id='word_1_703' title='bbox 2891 4144 2961 4218; x_wconf 78' lang='grc' dir='ltr'><strong>ἦν</strong></span> <span class='ocrx_word' id='word_1_704' title='bbox 3003 4151 3261 4221; x_wconf 67' lang='grc' dir='ltr'><strong>ιπιμελὲς</strong></span> <span class='ocrx_word' id='word_1_705' title='bbox 3304 4153 3442 4222; x_wconf 77' lang='grc' dir='ltr'><strong>προς</strong></span> <span class='ocrx_word' id='word_1_706' title='bbox 3494 4154 3593 4222; x_wconf 78' lang='grc' dir='ltr'><strong>τὴν</strong></span> <span class='ocrx_word' id='word_1_707' title='bbox 3651 4156 3848 4209; x_wconf 82' lang='grc' dir='ltr'><strong>ἑαυτῶν</strong></span> 
     </span>
    </p>
   </div>
   <div class='ocr_carea' id='block_1_100' title="bbox 2291 4236 3842 4308">
    <p class='ocr_par' dir='ltr' id='par_1_100' title="bbox 2291 4236 3842 4308">
     <span class='ocr_line' id='line_1_100' title="bbox 2291 4236 3842 4308; baseline 0.005 -20"><span class='ocrx_word' id='word_1_708' title='bbox 2291 4236 2451 4289; x_wconf 89' lang='grc' dir='ltr'><strong>τοῦτο</strong></span> <span class='ocrx_word' id='word_1_709' title='bbox 2488 4236 2877 4305; x_wconf 76' lang='grc' dir='ltr'><strong>μετακομίζειν</strong></span> <span class='ocrx_word' id='word_1_710' title='bbox 2916 4237 3013 4291; x_wconf 77' lang='grc' dir='ltr'><strong>καὶ</strong></span> <span class='ocrx_word' id='word_1_711' title='bbox 3066 4240 3185 4308; x_wconf 84' lang='grc' dir='ltr'><strong>μετ’</strong></span> <span class='ocrx_word' id='word_1_712' title='bbox 3223 4240 3406 4303; x_wconf 80' lang='grc' dir='ltr'><strong>αἰδοῦς</strong></span> <span class='ocrx_word' id='word_1_713' title='bbox 3453 4240 3724 4295; x_wconf 78' lang='grc' dir='ltr'><strong>ἅπτεσθαι</strong></span> <span class='ocrx_word' id='word_1_714' title='bbox 3764 4244 3842 4295; x_wconf 64' lang='grc' dir='ltr'><strong>καὶ</strong></span> 
     </span>
    </p>
   </div>
   <div class='ocr_carea' id='block_1_101' title="bbox 2293 4325 3843 4401">
    <p class='ocr_par' dir='ltr' id='par_1_101' title="bbox 2293 4325 3843 4401">
     <span class='ocr_line' id='line_1_101' title="bbox 2293 4325 3843 4401; baseline 0.005 -24"><span class='ocrx_word' id='word_1_715' title='bbox 2293 4326 2633 4395; x_wconf 74' lang='grc' dir='ltr'><strong>σεϐάσματος</strong></span> <span class='ocrx_word' id='word_1_716' title='bbox 2668 4341 2683 4356; x_wconf 87' lang='grc'><strong>·</strong></span> <span class='ocrx_word' id='word_1_717' title='bbox 2710 4325 3042 4395; x_wconf 74' lang='grc' dir='ltr'><strong>ἠκηκόεισαν</strong></span> <span class='ocrx_word' id='word_1_718' title='bbox 3075 4328 3184 4399; x_wconf 78' lang='grc' dir='ltr'><strong>γὰρ</strong></span> <span class='ocrx_word' id='word_1_719' title='bbox 3211 4330 3345 4399; x_wconf 84' lang='grc' dir='ltr'><strong>πρὸς</strong></span> <span class='ocrx_word' id='word_1_720' title='bbox 3374 4329 3481 4382; x_wconf 87' lang='grc' dir='ltr'><strong>τῶν</strong></span> <span class='ocrx_word' id='word_1_721' title='bbox 3511 4334 3843 4401; x_wconf 79' lang='grc' dir='ltr'><strong>πεπειραμέ-</strong></span> 
     </span>
    </p>
   </div>
   <div class='ocr_carea' id='block_1_102' title="bbox 2292 4416 3847 4491">
    <p class='ocr_par' dir='ltr' id='par_1_102' title="bbox 2292 4416 3847 4491">
     <span class='ocr_line' id='line_1_102' title="bbox 2292 4416 3847 4491; baseline 0.005 -24"><span class='ocrx_word' id='word_1_722' title='bbox 2292 4433 2398 4468; x_wconf 89' lang='grc' dir='ltr'><strong>νων</strong></span> <span class='ocrx_word' id='word_1_723' title='bbox 2427 4416 2501 4478; x_wconf 86' lang='grc' dir='ltr'><strong>ὼς</strong></span> <span class='ocrx_word' id='word_1_724' title='bbox 2533 4416 2797 4484; x_wconf 78' lang='grc' dir='ltr'><strong>ἰατρικῶν</strong></span> <span class='ocrx_word' id='word_1_725' title='bbox 2834 4418 3140 4488; x_wconf 81' lang='grc' dir='ltr'><strong>φαρμάκων</strong></span> <span class='ocrx_word' id='word_1_726' title='bbox 3174 4420 3323 4472; x_wconf 72' lang='grc' dir='ltr'><strong>ἐστὶν</strong></span> <span class='ocrx_word' id='word_1_727' title='bbox 3351 4422 3749 4491; x_wconf 74' lang='grc' dir='ltr'><strong>ἐνεργέστερον,</strong></span> <span class='ocrx_word' id='word_1_728' title='bbox 3777 4425 3847 4485; x_wconf 84' lang='grc' dir='ltr'><strong>εἰς</strong></span> 
     </span>
    </p>
   </div>
   <div class='ocr_carea' id='block_1_103' title="bbox 2292 4502 3846 4583">
    <p class='ocr_par' dir='ltr' id='par_1_103' title="bbox 2292 4502 3846 4583">
     <span class='ocr_line' id='line_1_103' title="bbox 2292 4502 3846 4583; baseline 0.005 -22"><span class='ocrx_word' id='word_1_729' title='bbox 2292 4502 2404 4561; x_wconf 76' lang='grc' dir='ltr'><strong>οἷον</strong></span> <span class='ocrx_word' id='word_1_730' title='bbox 2432 4509 2496 4562; x_wconf 80' lang='grc' dir='ltr'><strong>ἄν</strong></span> <span class='ocrx_word' id='word_1_731' title='bbox 2522 4526 2604 4571; x_wconf 92' lang='grc' dir='ltr'><strong>τις</strong></span> <span class='ocrx_word' id='word_1_732' title='bbox 2631 4510 2898 4579; x_wconf 88' lang='grc' dir='ltr'><strong>χρήσαιτο</strong></span> <span class='ocrx_word' id='word_1_733' title='bbox 2925 4511 3115 4574; x_wconf 82' lang='grc' dir='ltr'><strong>πάθος.</strong></span> <span class='ocrx_word' id='word_1_734' title='bbox 3158 4513 3304 4583; x_wconf 81' lang='grc' dir='ltr'><strong>Πλὴν</strong></span> <span class='ocrx_word' id='word_1_735' title='bbox 3335 4514 3450 4567; x_wconf 78' lang='grc' dir='ltr'><strong>ἀλλ’</strong></span> <span class='ocrx_word' id='word_1_736' title='bbox 3488 4515 3588 4568; x_wconf 80' lang='grc' dir='ltr'><strong>οὑκ</strong></span> <span class='ocrx_word' id='word_1_737' title='bbox 3613 4516 3846 4569; x_wconf 75' lang='grc' dir='ltr'><strong>ἐδύναντο</strong></span> 
     </span>
    </p>
   </div>
   <div class='ocr_carea' id='block_1_104' title="bbox 2289 4599 3847 4677">
    <p class='ocr_par' dir='ltr' id='par_1_104' title="bbox 2289 4599 3847 4677">
     <span class='ocr_line' id='line_1_104' title="bbox 2289 4599 3847 4677; baseline 0.006 -25"><span class='ocrx_word' id='word_1_738' title='bbox 2289 4602 2386 4669; x_wconf 78' lang='grc' dir='ltr'><strong>τὴν</strong></span> <span class='ocrx_word' id='word_1_739' title='bbox 2417 4599 2525 4652; x_wconf 81' lang='grc' dir='ltr'><strong>τῶν</strong></span> <span class='ocrx_word' id='word_1_740' title='bbox 2553 4600 2740 4671; x_wconf 81' lang='grc' dir='ltr'><strong>μύρων</strong></span> <span class='ocrx_word' id='word_1_741' title='bbox 2777 4602 2954 4674; x_wconf 77' lang='grc' dir='ltr'><strong>πηγὴν</strong></span> <span class='ocrx_word' id='word_1_742' title='bbox 2995 4603 3164 4672; x_wconf 71' lang='grc' dir='ltr'><strong>ξηρὰν</strong></span> <span class='ocrx_word' id='word_1_743' title='bbox 3226 4606 3319 4657; x_wconf 79' lang='grc' dir='ltr'><strong>καί</strong></span> <span class='ocrx_word' id='word_1_744' title='bbox 3366 4605 3595 4675; x_wconf 85' lang='grc' dir='ltr'><strong>ἀνικμον</strong></span> <span class='ocrx_word' id='word_1_745' title='bbox 3648 4608 3847 4677; x_wconf 76' lang='grc' dir='ltr'><strong>ἀποφῆ-</strong></span> 
     </span>
    </p>
   </div>
   <div class='ocr_carea' id='block_1_105' title="bbox 2290 4692 3846 4767">
    <p class='ocr_par' dir='ltr' id='par_1_105' title="bbox 2290 4692 3846 4767">
     <span class='ocr_line' id='line_1_105' title="bbox 2290 4692 3846 4767; baseline 0.005 -24"><span class='ocrx_word' id='word_1_746' title='bbox 2290 4708 2397 4751; x_wconf 76' lang='grc' dir='ltr'><strong>ναι,</strong></span> <span class='ocrx_word' id='word_1_747' title='bbox 2465 4692 2667 4760; x_wconf 83' lang='grc' dir='ltr'><strong>καίπερ</strong></span> <span class='ocrx_word' id='word_1_748' title='bbox 2722 4692 2890 4746; x_wconf 81' lang='grc' dir='ltr'><strong>πολὺν</strong></span> <span class='ocrx_word' id='word_1_749' title='bbox 2960 4695 3100 4766; x_wconf 80' lang='grc' dir='ltr'><strong>ὑπὲρ</strong></span> <span class='ocrx_word' id='word_1_750' title='bbox 3148 4696 3341 4748; x_wconf 86' lang='grc' dir='ltr'><strong>τούτου</strong></span> <span class='ocrx_word' id='word_1_751' title='bbox 3415 4697 3724 4767; x_wconf 82' lang='grc' dir='ltr'><strong>ποιούμενοι</strong></span> <span class='ocrx_word' id='word_1_752' title='bbox 3764 4698 3846 4751; x_wconf 73' lang='grc' dir='ltr'><strong>τὸν</strong></span> 
     </span>
    </p>
   </div>
   <div class='ocr_carea' id='block_1_106' title="bbox 2288 4784 3844 4856">
    <p class='ocr_par' dir='ltr' id='par_1_106' title="bbox 2288 4784 3844 4856">
     <span class='ocr_line' id='line_1_106' title="bbox 2288 4784 3844 4856; baseline 0.003 -20"><span class='ocrx_word' id='word_1_753' title='bbox 2288 4784 2496 4855; x_wconf 77' lang='grc' dir='ltr'><strong>ἀγῶνα.</strong></span> <span class='ocrx_word' id='word_1_754' title='bbox 2532 4785 2641 4837; x_wconf 77' lang='grc' dir='ltr'><strong>Καὶ</strong></span> <span class='ocrx_word' id='word_1_755' title='bbox 2676 4787 2899 4850; x_wconf 79' lang='grc' dir='ltr'><strong>εἰκότως</strong></span> <span class='ocrx_word' id='word_1_756' title='bbox 2930 4804 2944 4819; x_wconf 78' lang='grc' dir='ltr'><strong><em>ο</em></strong></span> <span class='ocrx_word' id='word_1_757' title='bbox 2976 4788 3036 4840; x_wconf 87' lang='grc' dir='ltr'><strong>οὑ</strong></span> <span class='ocrx_word' id='word_1_758' title='bbox 3071 4787 3177 4856; x_wconf 85' lang='grc' dir='ltr'><strong>γὰρ</strong></span> <span class='ocrx_word' id='word_1_759' title='bbox 3206 4787 3297 4840; x_wconf 84' lang='grc' dir='ltr'><strong>ίσα</strong></span> <span class='ocrx_word' id='word_1_760' title='bbox 3345 4792 3455 4850; x_wconf 83' lang='grc' dir='ltr'><strong>τοῖς</strong></span> <span class='ocrx_word' id='word_1_761' title='bbox 3504 4788 3844 4856; x_wconf 80' lang='grc' dir='ltr'><strong>ἀνθρωπίνοις</strong></span> 
     </span>
    </p>
   </div>
   <div class='ocr_carea' id='block_1_107' title="bbox 2294 4874 3845 4948">
    <p class='ocr_par' dir='ltr' id='par_1_107' title="bbox 2294 4874 3845 4948">
     <span class='ocr_line' id='line_1_107' title="bbox 2294 4874 3845 4948; baseline 0.001 -21"><span class='ocrx_word' id='word_1_762' title='bbox 2294 4878 2359 4927; x_wconf 74' lang='grc' dir='ltr'><strong>τὰ</strong></span> <span class='ocrx_word' id='word_1_763' title='bbox 2392 4874 2524 4944; x_wconf 80' lang='grc' dir='ltr'><strong>πρὸς</strong></span> <span class='ocrx_word' id='word_1_764' title='bbox 2562 4875 2696 4927; x_wconf 83' lang='grc' dir='ltr'><strong>Θεοῦ</strong></span> <span class='ocrx_word' id='word_1_765' title='bbox 2726 4879 2836 4940; x_wconf 83' lang='grc' dir='ltr'><strong>τοῖς</strong></span> <span class='ocrx_word' id='word_1_766' title='bbox 2891 4877 3060 4941; x_wconf 80' lang='grc' dir='ltr'><strong>ἀξίοις</strong></span> <span class='ocrx_word' id='word_1_767' title='bbox 3110 4878 3507 4948; x_wconf 69' lang='grc' dir='ltr'><strong>κεχαρισμένα,</strong></span> <span class='ocrx_word' id='word_1_768' title='bbox 3563 4880 3845 4947; x_wconf 78' lang='grc' dir='ltr'><strong>ἐπειδήπερ</strong></span> 
     </span>
    </p>
   </div>
   <div class='ocr_carea' id='block_1_108' title="bbox 2296 4965 3325 5038">
    <p class='ocr_par' dir='ltr' id='par_1_108' title="bbox 2296 4965 3325 5038">
     <span class='ocr_line' id='line_1_108' title="bbox 2296 4965 3325 5038; baseline 0.005 -21"><span class='ocrx_word' id='word_1_769' title='bbox 2296 4965 2430 5036; x_wconf 81' lang='grc' dir='ltr'><strong>μηδὲ</strong></span> <span class='ocrx_word' id='word_1_770' title='bbox 2461 4969 2574 5029; x_wconf 82' lang='grc' dir='ltr'><strong>τοῖς</strong></span> <span class='ocrx_word' id='word_1_771' title='bbox 2607 4967 2786 5030; x_wconf 83' lang='grc' dir='ltr'><strong>αὐτοῖς</strong></span> <span class='ocrx_word' id='word_1_772' title='bbox 2818 4968 3132 5022; x_wconf 80' lang='grc' dir='ltr'><strong>ὑπόκεινται</strong></span> <span class='ocrx_word' id='word_1_773' title='bbox 3160 4970 3325 5038; x_wconf 81' lang='grc' dir='ltr'><strong>ὅροις.</strong></span> 
     </span>
    </p>
   </div>
   <div class='ocr_carea' id='block_1_109' title="bbox 2364 5050 3887 5129">
    <p class='ocr_par' dir='ltr' id='par_1_109' title="bbox 2364 5050 3887 5129">
     <span class='ocr_line' id='line_1_109' title="bbox 2364 5050 3887 5129; baseline 0.005 -23"><span class='ocrx_word' id='word_1_774' title='bbox 2364 5055 2576 5125; x_wconf 80' lang='grc' dir='ltr'><strong>Ταύτην</strong></span> <span class='ocrx_word' id='word_1_775' title='bbox 2606 5060 2703 5125; x_wconf 70' lang='grc' dir='ltr'><strong>τὴν</strong></span> <span class='ocrx_word' id='word_1_776' title='bbox 2733 5060 2978 5127; x_wconf 80' lang='grc' dir='ltr'><strong>πονηρὰν</strong></span> <span class='ocrx_word' id='word_1_777' title='bbox 2994 5059 3341 5123; x_wconf 75' lang='grc' dir='ltr'><strong>ἐπεδείξαντο</strong></span> <span class='ocrx_word' id='word_1_778' title='bbox 3371 5059 3597 5129; x_wconf 79' lang='grc' dir='ltr'><strong>γνώμην</strong></span> <span class='ocrx_word' id='word_1_779' title='bbox 3622 5062 3711 5113; x_wconf 77' lang='grc' dir='ltr'><strong>καὶ</strong></span> <span class='ocrx_word' id='word_1_780' title='bbox 3733 5063 3845 5129; x_wconf 73' lang='grc' dir='ltr'><strong>περὶ</strong></span> <span class='ocrx_word' id='word_1_781' title='bbox 3866 5050 3887 5069; x_wconf 71' lang='grc'>⁶</span> 
     </span>
    </p>
   </div>
   <div class='ocr_carea' id='block_1_110' title="bbox 2292 5148 3844 5220">
    <p class='ocr_par' dir='ltr' id='par_1_110' title="bbox 2292 5148 3844 5220">
     <span class='ocr_line' id='line_1_110' title="bbox 2292 5148 3844 5220; baseline 0.003 -21"><span class='ocrx_word' id='word_1_782' title='bbox 2292 5148 2353 5199; x_wconf 80' lang='grc' dir='ltr'><strong>τὸ</strong></span> <span class='ocrx_word' id='word_1_783' title='bbox 2386 5149 2477 5216; x_wconf 81' lang='grc' dir='ltr'><strong>τῆς</strong></span> <span class='ocrx_word' id='word_1_784' title='bbox 2505 5151 2655 5210; x_wconf 79' lang='grc' dir='ltr'><strong>ὁσίας</strong></span> <span class='ocrx_word' id='word_1_785' title='bbox 2698 5150 2791 5201; x_wconf 72' lang='grc' dir='ltr'><strong>καὶ</strong></span> <span class='ocrx_word' id='word_1_786' title='bbox 2829 5151 3220 5220; x_wconf 77' lang='grc' dir='ltr'><strong>μυροδλήτιδος</strong></span> <span class='ocrx_word' id='word_1_787' title='bbox 3247 5151 3526 5219; x_wconf 68' lang='grc' dir='ltr'><strong>Θεοδὼρας</strong></span> <span class='ocrx_word' id='word_1_788' title='bbox 3574 5151 3844 5219; x_wconf 81' lang='grc' dir='ltr'><strong>ἱερώτατον</strong></span> 
     </span>
    </p>
   </div>
   <div class='ocr_carea' id='block_1_111' title="bbox 2290 5235 3843 5311">
    <p class='ocr_par' dir='ltr' id='par_1_111' title="bbox 2290 5235 3843 5311">
     <span class='ocr_line' id='line_1_111' title="bbox 2290 5235 3843 5311; baseline 0.004 -24"><span class='ocrx_word' id='word_1_789' title='bbox 2290 5235 2564 5304; x_wconf 69' lang='grc' dir='ltr'><strong>λείψανον,</strong></span> <span class='ocrx_word' id='word_1_790' title='bbox 2604 5237 2631 5289; x_wconf 88' lang='grc' dir='ltr'>ὃ</span> <span class='ocrx_word' id='word_1_791' title='bbox 2666 5239 2759 5290; x_wconf 74' lang='grc' dir='ltr'><strong>καὶ</strong></span> <span class='ocrx_word' id='word_1_792' title='bbox 2785 5239 2858 5301; x_wconf 87' lang='grc' dir='ltr'><strong>ὠς</strong></span> <span class='ocrx_word' id='word_1_793' title='bbox 2887 5239 3149 5310; x_wconf 69' lang='grc' dir='ltr'><strong>ἐπιπολῆς</strong></span> <span class='ocrx_word' id='word_1_794' title='bbox 3181 5241 3432 5309; x_wconf 80' lang='grc' dir='ltr'><strong>κείμενον</strong></span> <span class='ocrx_word' id='word_1_795' title='bbox 3490 5242 3765 5311; x_wconf 74' lang='grc' dir='ltr'><strong>ἀπερρίφη</strong></span> <span class='ocrx_word' id='word_1_796' title='bbox 3793 5258 3843 5293; x_wconf 79' lang='grc' dir='ltr'><strong>τε</strong></span> 
     </span>
    </p>
   </div>
   <div class='ocr_carea' id='block_1_112' title="bbox 2290 5328 3844 5402">
    <p class='ocr_par' dir='ltr' id='par_1_112' title="bbox 2290 5328 3844 5402">
     <span class='ocr_line' id='line_1_112' title="bbox 2290 5328 3844 5402; baseline 0.003 -24"><span class='ocrx_word' id='word_1_797' title='bbox 2290 5328 2430 5379; x_wconf 85' lang='grc' dir='ltr'><strong>κατὰ</strong></span> <span class='ocrx_word' id='word_1_798' title='bbox 2466 5329 2585 5396; x_wconf 76' lang='grc' dir='ltr'><strong>γῆς,</strong></span> <span class='ocrx_word' id='word_1_799' title='bbox 2609 5328 2653 5379; x_wconf 85' lang='grc' dir='ltr'><strong>ῶ</strong></span> <span class='ocrx_word' id='word_1_800' title='bbox 2681 5330 2885 5399; x_wconf 86' lang='grc' dir='ltr'><strong>τόλμης</strong></span> <span class='ocrx_word' id='word_1_801' title='bbox 2924 5331 3019 5383; x_wconf 70' lang='grc' dir='ltr'><strong>καὶ</strong></span> <span class='ocrx_word' id='word_1_802' title='bbox 3046 5331 3261 5400; x_wconf 85' lang='grc' dir='ltr'><strong>μιαρῶν</strong></span> <span class='ocrx_word' id='word_1_803' title='bbox 3284 5332 3481 5402; x_wconf 84' lang='grc' dir='ltr'><strong>χειρῶν</strong></span> <span class='ocrx_word' id='word_1_804' title='bbox 3507 5333 3519 5385; x_wconf 87' lang='lat' dir='ltr'><strong>l</strong></span> <span class='ocrx_word' id='word_1_805' title='bbox 3550 5334 3645 5384; x_wconf 78' lang='grc' dir='ltr'><strong>καὶ</strong></span> <span class='ocrx_word' id='word_1_806' title='bbox 3704 5350 3844 5384; x_wconf 82' lang='grc' dir='ltr'><strong>κατε-</strong></span> 
     </span>
    </p>
   </div>
   <div class='ocr_carea' id='block_1_113' title="bbox 2291 5418 3844 5491">
    <p class='ocr_par' dir='ltr' id='par_1_113' title="bbox 2291 5418 3844 5491">
     <span class='ocr_line' id='line_1_113' title="bbox 2291 5418 3844 5491; baseline 0.003 -21"><span class='ocrx_word' id='word_1_807' title='bbox 2291 5418 2536 5490; x_wconf 75' lang='grc' dir='ltr'><strong>Θραύσθη</strong></span> <span class='ocrx_word' id='word_1_808' title='bbox 2572 5421 2647 5479; x_wconf 66' lang='grc' dir='ltr'><strong>εἰς</strong></span> <span class='ocrx_word' id='word_1_809' title='bbox 2686 5421 2848 5491; x_wconf 87' lang='grc' dir='ltr'><strong>μέρη,</strong></span> <span class='ocrx_word' id='word_1_810' title='bbox 2886 5420 2923 5475; x_wconf 79' lang='grc' dir='ltr'>ἃ</span> <span class='ocrx_word' id='word_1_811' title='bbox 2966 5421 3031 5490; x_wconf 81' lang='grc' dir='ltr'><strong>δὴ</strong></span> <span class='ocrx_word' id='word_1_812' title='bbox 3083 5422 3178 5474; x_wconf 84' lang='grc' dir='ltr'><strong>καὶ</strong></span> <span class='ocrx_word' id='word_1_813' title='bbox 3240 5423 3347 5475; x_wconf 88' lang='grc' dir='ltr'><strong>τῶν</strong></span> <span class='ocrx_word' id='word_1_814' title='bbox 3410 5422 3670 5490; x_wconf 87' lang='grc' dir='ltr'><strong>φιλοθέων</strong></span> <span class='ocrx_word' id='word_1_815' title='bbox 3720 5424 3844 5484; x_wconf 78' lang='grc' dir='ltr'><strong>τινὲς</strong></span> 
     </span>
    </p>
   </div>
   <div class='ocr_carea' id='block_1_114' title="bbox 2292 5510 3840 5583">
    <p class='ocr_par' dir='ltr' id='par_1_114' title="bbox 2292 5510 3840 5583">
     <span class='ocr_line' id='line_1_114' title="bbox 2292 5510 3840 5583; baseline 0.001 -21"><span class='ocrx_word' id='word_1_816' title='bbox 2292 5510 2609 5579; x_wconf 68' lang='grc' dir='ltr'><strong>ἀνελόμενοι</strong></span> <span class='ocrx_word' id='word_1_817' title='bbox 2646 5512 2803 5574; x_wconf 81' lang='grc' dir='ltr'><strong>ἄλλος</strong></span> <span class='ocrx_word' id='word_1_818' title='bbox 2833 5516 2930 5580; x_wconf 76' lang='grc' dir='ltr'><strong>μὲν</strong></span> <span class='ocrx_word' id='word_1_819' title='bbox 2964 5512 3195 5582; x_wconf 86' lang='grc' dir='ltr'><strong>ἀλλαχοῦ</strong></span> <span class='ocrx_word' id='word_1_820' title='bbox 3229 5515 3493 5583; x_wconf 79' lang='grc' dir='ltr'><strong>πρότερον</strong></span> <span class='ocrx_word' id='word_1_821' title='bbox 3523 5514 3597 5575; x_wconf 85' lang='grc' dir='ltr'><strong>ὡς</strong></span> <span class='ocrx_word' id='word_1_822' title='bbox 3635 5513 3840 5581; x_wconf 64' lang='grc' dir='ltr'><strong>ἰατρεῖον</strong></span> 
     </span>
    </p>
   </div>
   <div class='ocr_carea' id='block_1_115' title="bbox 2292 5600 3832 5673">
    <p class='ocr_par' dir='ltr' id='par_1_115' title="bbox 2292 5600 3832 5673">
     <span class='ocr_line' id='line_1_115' title="bbox 2292 5600 3832 5673; baseline 0 -20"><span class='ocrx_word' id='word_1_823' title='bbox 2292 5600 2524 5668; x_wconf 81' lang='grc' dir='ltr'><strong>ἄμισθον</strong></span> <span class='ocrx_word' id='word_1_824' title='bbox 2552 5603 2896 5669; x_wconf 83' lang='grc' dir='ltr'><strong>ἀπεκόμισαν</strong></span> <span class='ocrx_word' id='word_1_825' title='bbox 2922 5620 2937 5636; x_wconf 78' lang='grc' dir='ltr'><strong>ο</strong></span> <span class='ocrx_word' id='word_1_826' title='bbox 2977 5603 3202 5673; x_wconf 77' lang='grc' dir='ltr'><strong>ὕστερον</strong></span> <span class='ocrx_word' id='word_1_827' title='bbox 3235 5604 3291 5655; x_wconf 79' lang='grc' dir='ltr'><strong>δὲ</strong></span> <span class='ocrx_word' id='word_1_828' title='bbox 3338 5604 3432 5655; x_wconf 80' lang='grc' dir='ltr'><strong>καὶ</strong></span> <span class='ocrx_word' id='word_1_829' title='bbox 3465 5602 3637 5655; x_wconf 90' lang='grc' dir='ltr'><strong>ταῦτα</strong></span> <span class='ocrx_word' id='word_1_830' title='bbox 3667 5602 3832 5670; x_wconf 79' lang='grc' dir='ltr'><strong>συνῆκ-</strong></span> 
     </span>
    </p>
   </div>
   <div class='ocr_carea' id='block_1_116' title="bbox 2292 5683 3873 5764">
    <p class='ocr_par' dir='ltr' id='par_1_116' title="bbox 2292 5683 3873 5764">
     <span class='ocr_line' id='line_1_116' title="bbox 2292 5683 3873 5764; baseline 0.001 -21"><span class='ocrx_word' id='word_1_831' title='bbox 2292 5710 2382 5743; x_wconf 69' lang='grc' dir='ltr'><strong>ται</strong></span> <span class='ocrx_word' id='word_1_832' title='bbox 2414 5693 2518 5743; x_wconf 70' lang='grc' dir='ltr'><strong>τῶν</strong></span> <span class='ocrx_word' id='word_1_833' title='bbox 2552 5694 2852 5762; x_wconf 71' lang='grc' dir='ltr'><strong>εἰληφότων</strong></span> <span class='ocrx_word' id='word_1_834' title='bbox 2884 5695 2990 5748; x_wconf 86' lang='grc' dir='ltr'><strong>τῶν</strong></span> <span class='ocrx_word' id='word_1_835' title='bbox 3025 5694 3123 5764; x_wconf 81' lang='grc' dir='ltr'><strong>μὲν</strong></span> <span class='ocrx_word' id='word_1_836' title='bbox 3164 5694 3512 5763; x_wconf 78' lang='grc' dir='ltr'><strong>ἀποδομένων</strong></span> <span class='ocrx_word' id='word_1_837' title='bbox 3554 5693 3727 5745; x_wconf 83' lang='grc' dir='ltr'><strong>ταῦτα</strong></span> <span class='ocrx_word' id='word_1_838' title='bbox 3770 5683 3873 5744; x_wconf 78' lang='grc' dir='ltr'><strong>τι-’</strong></span> 
     </span>
    </p>
   </div>
   <div class='ocr_carea' id='block_1_117' title="bbox 2294 5782 3839 5855">
    <p class='ocr_par' dir='ltr' id='par_1_117' title="bbox 2294 5782 3839 5855">
     <span class='ocr_line' id='line_1_117' title="bbox 2294 5782 3839 5855; baseline -0.001 -20"><span class='ocrx_word' id='word_1_839' title='bbox 2294 5787 2397 5855; x_wconf 71' lang='grc' dir='ltr'><strong>μῆς</strong></span> <span class='ocrx_word' id='word_1_840' title='bbox 2422 5784 2723 5853; x_wconf 64' lang='grc' dir='ltr'><strong>ἀργυρίων,</strong></span> <span class='ocrx_word' id='word_1_841' title='bbox 2747 5786 2853 5838; x_wconf 83' lang='grc' dir='ltr'><strong>τῶν</strong></span> <span class='ocrx_word' id='word_1_842' title='bbox 2888 5785 2943 5838; x_wconf 75' lang='grc' dir='ltr'><strong>δὲ</strong></span> <span class='ocrx_word' id='word_1_843' title='bbox 2973 5786 3355 5855; x_wconf 66' lang='grc' dir='ltr'><strong>χαρισαμένων</strong></span> <span class='ocrx_word' id='word_1_844' title='bbox 3386 5782 3465 5835; x_wconf 83' lang='grc' dir='ltr'><strong>δι’</strong></span> <span class='ocrx_word' id='word_1_845' title='bbox 3486 5784 3551 5852; x_wconf 78' lang='grc' dir='ltr'><strong>ῆν</strong></span> <span class='ocrx_word' id='word_1_846' title='bbox 3579 5784 3732 5853; x_wconf 74' lang='grc' dir='ltr'><strong>ἔσχον</strong></span> <span class='ocrx_word' id='word_1_847' title='bbox 3762 5798 3839 5851; x_wconf 81' lang='grc' dir='ltr'><strong>φι-</strong></span> 
     </span>
    </p>
   </div>
  </div>
