4096 6300
390 279 495 341 617

1386 290 1480 350 DE
1521 290 1834 354 EXCIDIO
1874 295 2597 361 TBESSALONICENSL

3490 317 3594 380 618

378 388 559 443 λόθεον
588 382 833 461 γνώμην,
863 392 898 446 ἀ
930 393 1025 446 καλ⁸
1048 396 1125 460 εἰς
1164 397 1281 462 ἐνὸς
1311 398 1467 465 αὖθις
1495 406 1906 476 συναρμοσθέντι

2009 409 2177 476 ,silia,
2206 411 2383 467 denuo
2410 416 2463 468 in
2499 432 2660 471 unam
2688 419 2882 491 integri
2915 428 3158 492 corporis
3184 425 3410 482 formam
3443 447 3596 486 com-

376 480 626 551 σὼματος
659 482 972 551 όλσμέλειαν
1003 486 1292 555 θαυμάτων
1342 493 1591 564 ἐνεργείᾳ
1635 496 1759 549 καθ’
1805 498 1936 552 ἐκάο

376 588 509 639 στην
530 570 776 638 ἀφθόνως
797 574 1136 641 πηγάζουσιν
1160 581 1240 642 εἰς
1284 580 1441 645 δόξαν
1489 584 1582 635 καὶ
1630 582 1785 648 αὖθις
1836 588 1929 639 τοῦ

374 663 553 717 πάντα
607 662 771 716 πᾶσιν
815 666 1110 734 ἐπάγοντος
1178 668 1353 739 λόγοις
1401 676 1711 744 οἰκονομίας
1758 679 1929 747 appa-

372 770 489 808 του.

444 845 531 909 ιζ’.
593 846 810 902 Τούτων
864 849 1006 903 οῦ-ω
1056 853 1473 926 προϐεϐηκότων
1524 859 1617 910 καὶ
1659 859 1930 928 ἀκοσμίας

371 934 553 997 πάσης
575 939 948 1009 γεγενημένης
971 940 1077 1009 (διὰ
1094 942 1310 996 πάντων
1332 945 1437 1013 γὰρ
1461 946 1572 998 τῶν
1593 948 1650 998 ἐν
1679 951 1741 1015 τῇ
1775 949 1927 1001 πόλει

370 1026 686 1095 κεχώρηκεν
705 1030 737 1097 ἡ
772 1030 1107 1100 καταφθορὰ)
1131 1028 1309 1086 οἶκτον
1329 1036 1421 1089 ἐπὶ
1439 1036 1644 1099 τούτοις
1660 1040 1686 1089 ό
1708 1039 1931 1105 Μουρά-

367 1128 468 1180 της
498 1115 761 1182 λαμϐάνει
798 1121 895 1187 τῆς
919 1121 1145 1182 πόλεως.
1180 1124 1286 1177 Καὶ
1308 1125 1501 1194 πρῶτα
1541 1130 1641 1194 μὲν
1663 1129 1789 1190 τοὺς
1816 1130 1929 1181 εἰσ-

387 1203 561 1267 ιόντας
587 1207 702 1272 ἅμα
737 1207 814 1275 τῷ
859 1211 997 1263 κατὰ
1029 1210 1179 1264 δύσιν
1208 1215 1496 1284 στρατηγῷ
1523 1215 1798 1286 Τούρκους
1830 1219 1929 1280 τὰς

380 1297 489 1349 τῶν
510 1298 865 1365 αἰχμαλώτων
908 1300 1083 1364 οἰκίας
1146 1303 1357 1366 ἑαυτοῖς
1402 1308 1779 1375 διανείμαντας
1840 1310 1932 1360 καὶ

372 1384 572 1448 ταύτας
602 1386 744 1455 ἔχειν
769 1387 856 1440 διὰ
900 1388 1015 1458 βίου
1044 1390 1243 1455 παντὸς
1298 1394 1594 1461 ἠλπικότας
1655 1397 1930 1461 ἐξελαύνει

367 1477 463 1529 καὶ
498 1478 574 1547 μὴ
603 1478 1085 1559 προθυμουμένους
1116 1483 1214 1549 τῆς
1270 1484 1497 1549 πόλεως,
1555 1486 1796 1539 ἐπειπὼν
1855 1488 1929 1550 ὠς

369 1566 555 1635 Ἀρκεῖ
581 1568 678 1637 μὲν
712 1572 839 1636 ὑμῖν
866 1571 933 1623 τὰ
982 1573 1256 1642 χρήματα,
1288 1575 1381 1626 καὶ
1420 1574 1511 1637 οὓς
1562 1576 1691 1645 παρ’
1744 1577 1945 1633 ἐλπίδα.

364 1656 578 1721 δούλους
605 1660 905 1730 ἐκτήσασθε
939 1678 953 1693 ·
1014 1664 1111 1732 τὴν
1143 1665 1199 1717 δέ
1248 1682 1311 1732 γε
1357 1667 1511 1720 πόλιν
1548 1667 1692 1737 ἔχειν
1752 1668 1926 1736 ἔγωγε

363 1749 645 1816 βούλομαι,
678 1752 888 1805 πολλῶν
910 1756 995 1807 διὰ
1010 1757 1223 1825 σαύτην
1241 1758 1510 1828 διηνυκὼς
1534 1760 1650 1812 ὁδὸν
1673 1761 1919 1829 ἡμερῶν,

361 1846 455 1894 καὶ
480 1845 638 1894 πόνον
667 1843 981 1911 ὑπενεγκὼν
1035 1848 1158 1899 ὅσον
1209 1847 1507 1915 ἐγνώκατε.
1585 1850 1816 1903 Ἔπειτα
1858 1852 1916 1903 δὲ

364 1932 502 1999 πρὸς
528 1933 620 1984 τὸν
649 1933 904 1986 Γαλλικὸν
935 1936 1174 2004 ποταμὸν
1210 1938 1471 2005 μεταϐὰς,
1497 1941 1661 2008 ἐγγὺς
1693 1941 1791 2009 τῆς
1824 1941 1921 1993 πό·-

360 2023 498 2085 λεως
528 2025 717 2093 ῥέοντα
760 2025 897 2076 κατά
933 2026 1023 2078 τὸν
1051 2028 1242 2098 καιρὸν
1285 2030 1517 2097 μάλιστα
1566 2031 1658 2085 τοῦ
1719 2032 1921 2102 χειμῶ-

361 2129 470 2173 νος,
511 2114 704 2182 βουλὴν
761 2115 1027 2184 ἐσκέψατο
1056 2119 1189 2171 πᾶσί
1238 2136 1297 2171 τε
1344 2120 1608 2188 ἀδόκητον
1643 2122 1776 2185 ὅλως
1825 2124 1920 2175 καὶ

359 2204 689 2272 συστατικὴν
717 2204 816 2272 τῆς
851 2206 1178 2270 ἑαλωκυίας.
1222 2209 1370 2263 Ἰδὼν
1403 2214 1506 2280 γὰρ
1542 2213 1693 2266 πόλιν
1727 2213 1918 2265 τοσαύ-

359 2310 459 2361 την
481 2295 576 2347 καὶ
607 2293 748 2347 οὕτω
771 2296 1029 2366 κειμένην
1055 2301 1119 2367 τῇ
1162 2300 1397 2373 Θαλάττῃ
1447 2320 1503 2354 τε
1557 2304 1917 2374 προσομιλοῦη

368 2402 467 2436 σαν
501 2386 593 2437 καὶ
628 2386 802 2439 πάντα
826 2388 1004 2452 δεξιὰν
1046 2389 1232 2451 οὖσαν,
1267 2391 1494 2462 ᾤκτειρέ
1526 2411 1586 2445 τε
1616 2396 1784 2465 αὐτὴν
1824 2397 1916 2448 καὶ

365 2448 525 2524 πάλιν
548 2475 747 2525 οἰκίσαι
777 2448 1089 2544 βεϐούλητο.
1114 2448 1227 2529 Kal.
1243 2448 1306 2545 δὴ
1336 2448 1549 2547 πρῶτον
1578 2482 1675 2548 μὲν
1703 2448 1915 2552 ἀνθρώ-

362 2578 497 2625 πους
520 2564 855 2632 ἀριθμητοὺς
906 2565 1012 2616 τῶν
1061 2567 1472 2639 ἐπισημοτέρων
1506 2570 1639 2647 καθ’¹
1672 2565 1809 2638 αἷμά
1854 2589 1912 2623 τε

358 2651 452 2702 καὶ
484 2651 802 2716 συγγένειαν
825 2653 921 2720 τῆς
952 2654 1194 2717 δουλείας
1220 2657 1560 2728 ἀπηλλάχθαι
1586 2659 1910 2729 προσέταξε,

357 2740 719 2809 παρεσχηκὼς
750 2742 908 2804 αὐτὸς
935 2745 1002 2796 τὰ
1040 2744 1229 2815 λύτρα,
1262 2748 1354 2801 καὶ
1390 2752 1453 2817 τῇ
1495 2748 1644 2829 πόλει
1691 2750 1913 2813 τούτους

356 2829 766 2899 ἐγκατοικῆσαι,
803 2831 992 2886 ἔπειτα
1018 2835 1072 2887 δὲ
1112 2839 1180 2888 τὰ
1211 2840 1677 2891 καταπεπτωκότα
1706 2839 1909 2905 ταύτης

355 2922 412 2971 ἐν
437 2920 511 2989 τῷ
542 2921 760 2991 πολέμῳ
788 2923 925 2992 μέρη
950 2925 1159 2999 ταχέως
1188 2943 1245 2977 τε
1284 2927 1638 2997 ἀνορθοῦσθαι
1693 2932 1787 2983 καὶ
1835 2931 1908 2993 ὠς
1935 2958 1957 2975 -

2039 502 2228 568 posita:
2259 505 2640 562 miraculorum
2671 510 2905 566 efﬁcacia
2937 517 3177 583 quotidie
3205 520 3486 576 afﬂuenter
3512 525 3598 576 in-

2040 602 2347 663 notescunt,
2393 597 2444 648 iu
2493 599 2718 667 gloriam
2756 617 2942 658 rursus
2968 606 3121 679 ~ejus,
3152 610 3245 676 qui
3271 616 3447 668 omn?a
3478 631 3597 669 om-

2039 682 2188 735 nium
2240 686 2376 752 regit
2406 688 2822 762 moderaturque
2853 708 2963 749 sua:
2994 698 3347 773 providentia;
3387 705 3600 758 inenar—

2037 771 2193 825 rabili
2230 776 2456 830 ratione.

2109 860 2196 916 17.
2235 863 2329 917 His
2361 866 2463 920 hoc
2507 870 2668 925 modo
2696 875 2950 941 peractis,
2989 880 3345 950 omnibusque
3394 884 3599 937 incom-

2035 952 2223 1017 positis
2251 969 2312 1008 ac
2340 957 2571 1025 turpiter
2597 960 2933 1031 deformatis,
2964 982 3060 1036 per
3080 972 3264 1024 omnia
3301 974 3595 1043 siquidem,

2036 1054 2156 1106 qua:
2189 1042 2242 1094 in
2267 1045 2398 1099 urbe
2422 1060 2600 1112 erant,
2628 1051 2812 1108 clades
2836 1068 3080 1123 grassata
3107 1070 3209 1125 εει,
3236 1061 3443 1118 aﬂlictze
3466 1067 3598 1119 civi-

2037 1132 2159 1185 tatis
2196 1132 2427 1191 fortunae
2455 1137 2717 1196 Muratem
2750 1147 2819 1199 ad
2864 1150 3293 1207 misericordiam
3327 1156 3591 1213 alliciunt.

2034 1217 2097 1271 Et
2125 1224 2355 1287 primum
2384 1228 2596 1294 quidem
2625 1233 2715 1299 qui
2744 1249 2864 1289 cum
2894 1252 3119 1295 occasus
3151 1244 3287 1297 duce
3318 1247 3594 1316 itnmigrav

2034 1319 2180 1375 rant,
2226 1316 2425 1382 quique
2463 1321 2797 1386 captivorum
2829 1329 2973 1383 aedes
3004 1332 3104 1385 sibi
3133 1334 3428 1390 diviserant
3455 1338 3587 1391 sibi-

2032 1411 2139 1466 que
2155 1415 2245 1455 eas
2262 1403 2461 1460 habere
2480 1422 2575 1474 per
2596 1412 2717 1467 vitae
2736 1418 2969 1483 spatium
2994 1436 3368 1491 speraverant,
3384 1427 3461 1481 Tu
3472 1444 3590 1485 reas

2032 1486 2194 1540 etiam
2236 1490 2435 1549 invitos
2472 1498 2604 1553 urbe
2626 1503 2801 1571 pellit,
2834 1486 3130 1577 inquiens:
3168 1534 3185 1567 ι
3225 1515 3397 1586 Large
3438 1520 3592 1574 vobis

2032 1576 2297 1635 sufﬁciunt
2325 1588 2570 1651 pecunia:
2592 1601 2642 1646 et
2676 1606 2873 1661 praeter
2900 1576 3049 1666 spem
3083 1607 3416 1673 captivorum
3449 1626 3592 1679 quae-

2030 1675 2148 1723 stus
2174 1686 2187 1723 :
2226 1674 2414 1728 urbem
2441 1679 2569 1734 mihi
2591 1681 2703 1751 ipse
2732 1700 2971 1755 reservo,
3000 1697 3140 1760 quod
3161 1698 3228 1751 ob
3252 1712 3369 1752 eam
3392 1702 3590 1756 multo-

2028 1772 2144 1811 rum
2172 1760 2382 1817 dierum
2430 1767 2533 1821 iter
2572 1773 2802 1840 confeci,
2838 1792 3042 1849 eosque
3088 1783 3300 1841 labores
3349 1793 3585 1848 sustinui

2023 1861 2156 1914 quos
2184 1866 2282 1907 vos
2308 1855 2512 1921 optime
2542 1864 2767 1918 nostis.»
2793 1864 2928 1923 Tum
2960 1874 3026 1926 ad
3050 1872 3311 1930 Gallicum
3334 1877 3582 1946 ﬂuvium,

2022 1940 2112 2005 qui
2143 1956 2308 2010 prope
2337 1946 2634 2017 civitatem,
2655 1964 2707 2007 et
2728 1955 2954 2013 hiberna
3004 1965 3343 2031 potissimum
3377 1979 3583 2041 tempe-

2022 2036 2184 2095 state,
2208 2046 2426 2088 cursum
2458 2047 2622 2106 tenet,
2657 2057 2908 2114 pergens,
2937 2055 3219 2108 consilium
3254 2067 3447 2126 printer
3465 2076 3583 2114 om-

2023 2131 2143 2170 nem
2176 2130 2638 2189 exspectationem
2673 2133 2791 2199 init,
2818 2140 2910 2192 sed
2961 2154 3131 2210 capta
3166 2146 3285 2199 urbi
3311 2149 3465 2204 valde
3494 2167 3581 2207 sa-

2021 2205 2213 2265 lutare.
2248 2211 2613 2274 Considerans
2663 2226 2807 2279 enim
2854 2231 3002 2284 urbis
3053 2238 3478 2304 magnitudinem
3524 2255 3580 2297 et

2018 2296 2178 2353 situm
2228 2306 2360 2356 mari
2423 2313 2747 2379 proximum,
2790 2332 3018 2389 eamque
3075 2340 3462 2393 congruentem
3522 2347 3577 2388 ct

2017 2398 2195 2455 aptam
2215 2394 2279 2445 ad
2304 2398 2506 2463 omnia,
2523 2404 2937 2462 commiseratus
2960 2412 3103 2466 illius
3125 2418 3427 2474 reficienda:
3444 2438 3573 2475 con-

2015 2477 2194 2531 silium
2226 2485 2389 2548 ('apil.
2416 2485 2652 2544 Primum
2680 2497 2892 2563 quidem
2923 2501 3169 2561 homines
3198 2524 3302 2562 non
3331 2522 3577 2568 contem-

2016 2571 2193 2623 nendo
2224 2589 2466 2642 numero,
2500 2586 2765 2652 sanguine
2801 2600 2855 2644 et
2890 2604 3011 2648 ortu
3060 2602 3487 2668 spectabiliores,
3542 2622 3570 2660 a

2014 2660 2276 2715 servitute
2306 2666 2418 2721 suis
2455 2675 2755 2739 sumptibus
2787 2679 3045 2739 liberatos
3075 2692 3369 2756 mandavit,
3399 2706 3459 2748 ut
3488 2697 3573 2750 itt-

2017 2756 2097 2803 tra
2132 2753 2319 2807 urbem
2370 2758 2696 2819 domicilium
2746 2768 3007 2828 baberent
3035 2794 3051 2843 ;
3082 2780 3275 2835 deinde
3306 2794 3360 2839 ut
3392 2798 3573 2856 partes

2013 2837 2158 2897 illius
2195 2843 2334 2899 bello
2380 2851 2631 2921 collapsa:
2661 2859 2912 2917 celeriter
2944 2881 3328 2935 repararentnr
3384 2837 3565 2945 pristi—

2012 2946 2192 3002 noque
2241 2936 2417 2993 decori
2470 2946 2903 3007 restituerentur.
2937 2956 3002 3009 Et
3055 2965 3303 3019 mandata
3353 2971 3569 3036 quidem

351 3004 615 3079 πρότερον
644 3007 784 3079 ἦσαν
810 3014 1226 3084 ἐγκαταστῆναι.
1269 3017 1376 3069 Καὶ
1405 3020 1464 3070 τὸ
1501 3021 1598 3089 μὲν
1628 3022 1906 3091 πρόσταγ-

2937 3004 3002 3009 _-
3353 3004 3569 3036 Ψηπ...

2016 3023 2128 3079 haec
2151 3037 2325 3083 erant.
2358 3029 2492 3084 Tum
2524 3034 2638 3102 ipse
2673 3055 2859 3098 rursus
2893 3054 3039 3100 moto
3066 3057 3305 3109 exercitu
3345 3060 3410 3113 ad
3438 3060 3593 3115 Barw

354 3118 430 3169 μα
457 3100 627 3163 οὕτως
659 3100 822 3171 εἶχεν,
846 3105 1005 3167 αὐτὸς
1039 3106 1094 3158 δέ
1122 3109 1465 3177 μεταστήσας
1489 3114 1583 3165 καὶ
1624 3111 1780 3178 αὖθις
1808 3118 1906 3184 τὴν

352 3187 610 3255 στρατιὰν
639 3191 782 3257 παρὰ
830 3194 927 3254 τὰς
981 3194 1144 3262 ὄχθας
1173 3197 1266 3248 τοῦ
1301 3201 1546 3268 ποταμοῦ
1602 3203 1903 3275 Βαρδαρίυυ

347 3278 902 3346 ἐστρατοπεδεύσατο.
933 3284 1103 3337 Ἔνθα
1130 3286 1192 3356 δὴ
1222 3288 1314 3339 καὶ
1343 3293 1609 3360 μερισμὸς
1637 3299 1904 3368 παντελὴς

345 3366 451 3416 τῶν
483 3365 802 3419 ἐαλωκότων
832 3370 1066 3445 ἐγένετο.
1115 3373 1269 3426 Ὅσοι
1296 3377 1394 3443 μὲν
1436 3379 1542 3448 γὰρ
1572 3381 1680 3432 τῶν
1708 3365 1906 3453 αἰχμα-

345 3454 549 3517 λὼτων,
582 3456 613 3524 ἢ
652 3456 720 3508 δι’
738 3453 811 3509 ὧν
842 3459 1085 3524 εἰπόντες
1120 3463 1363 3533 ἔφθημεν
1393 3467 1654 3539 λύτρωνῆ
1681 3472 1739 3537 ἐξ
1770 3475 1900 3525 ἐαυ-

343 3544 449 3593 τῶν
481 3545 515 3610 ἢ
556 3545 890 3614 Χριστιανῶν
922 3548 980 3611 ἐξ
1007 3551 1226 3620 ἐτέρων,
1282 3556 1346 3606 ἐκ
1385 3556 1656 3627 διαφόρων
1708 3564 1900 3631 χωρῶν

345 3633 441 3682 καὶ
475 3634 680 3687 πόλεων
712 3638 1153 3708 συνειλεγμένων,
1186 3646 1384 3714 τρόπον
1427 3649 1644 3719 ἐξεῦρον
1690 3655 1901 3707 ἐλευθε-

345 3719 468 3786 ρίας
492 3722 632 3784 τινὰ,
662 3724 1030 3794 τετυχὴκεσαν
1058 3731 1262 3800 ταύτης
1288 3733 1367 3785 ἔτι
1389 3736 1467 3804 τῷ
1495 3741 1722 3810 ποταμῷ
1756 3743 1898 3796 Γαλ-

341 3808 475 3876 λικῴ
506 3810 599 3862 τοῦ
624 3812 908 3882 Μουράτου
933 3818 1379 3889 ἐνδιατρίϐοντος.
1415 3826 1600 3888 Ὅσοις
1620 3831 1675 3882 δὲ
1696 3808 1897 3899 τρόπος

338 3897 679 3967 ὑπ’ἀπορίις
715 3903 1012 3969 τηνικαῦτα
1037 3907 1135 3976 οὐχ
1160 3907 1408 3976 εὓρηται,
1429 3915 1649 3978 τούτους
1671 3917 1896 3983 ἕκαστος

337 3998 395 4041 ιν
421 3993 537 4051 ταῖς
565 3992 773 4044 ἐαυτῶν
804 3995 1024 4064 πατρίσι
1046 4000 1139 4051 καὶ
1169 4002 1351 4063 τόποις
1408 4003 1738 4074 ἐξέπεμψαν,
1796 4015 1894 4074 τὰς

336 4081 402 4131 ἐκ
437 4082 532 4150 τῆς
560 4082 802 4146 δουλεῖας
850 4086 1093 4155 ἀνάγκας
1133 4091 1552 4160 ὑφισταμένους,
1599 4099 1787 4169 μέχρις
1828 4103 1895 4156 ἂν

338 4171 801 4241 ὑπονοστήσαντες
823 4175 893 4227 τὰ
924 4179 1075 4245 σφῶν
1123 4182 1407 4252 τιμήματα
1437 4186 1727 4243 διαθῶνται
1757 4207 1771 4222 ⁸
1829 4195 1890 4246 ού

332 4260 438 4329 γὰρ
468 4261 719 4315 ἐδύναντο
745 4264 836 4316 καὶ
873 4266 1091 4329 τούτους
1112 4270 1290 4324 ἕλκειν
1314 4279 1532 4345 μακρὰν
1578 4280 1887 4351 ἀπερχόμε-

329 4366 409 4401 νοι
467 4352 559 4405 καὶ
614 4355 750 4422 πρὸς
805 4356 1042 4425 πόλεμον
1088 4360 1293 4431 ἕτερον.
1350 4362 1503 4428 Εἶδες
1533 4366 1599 4421 ἂν
1650 4370 1741 4423 οῦν
1761 4376 1883 4438 τοὺς
1918 4355 1966 4412 D

327 4438 602 4509 δυστυχεῖς
630 4445 755 4506 τοὺς
788 4447 884 4514 μὲν
908 4450 1000 4501 ἐπὶ
1029 4450 1097 4503 τὰ
1122 4455 1219 4521 τῆς
1256 4454 1427 4524 Ἐᾠις
1458 4460 1581 4520 τοὺς
1606 4460 1650 4512 δ’
1677 4463 1769 4515 ἐπὶ
1822 4468 1889 4519 τὰ

325 4527 425 4594 τῆς
462 4527 728 4599 Ἐσπέρας
769 4538 907 4618 μέρη
938 4538 1334 4611 διασπαρέντας
1356 4560 1369 4574 °
1393 4549 1442 4599 οἰ
1493 4548 1592 4616 μὲν
1627 4551 1735 4623 γὰρ
1762 4559 1885 4621 τοὺς

322 4623 608 4691 τεκόντας,
640 4627 689 4676 οἰ
733 4627 788 4679 δὲ
821 4630 888 4682 τὰ
925 4633 1119 4700 τέκνα,
1169 4639 1259 4689 καὶ
1289 4638 1465 4709 ἕτεροι
1513 4647 1607 4709 τὰς
1655 4656 1918 4720 γυναῖκας

326 4714 569 4780 μέρισεν.
1318 4775 1321 4779 -

392 4810 480 4871 ιη’.
511 4806 696 4880 Ταύτῃ
722 4808 830 4863 τῶν
863 4814 983 4866 καθ’
1018 4819 1186 4886 ἡμᾶς,
1217 4822 1292 4882 ὡς
1321 4824 1396 4891 μὴ
1429 4826 1628 4896 ὢφελε,
1672 4837 1879 4901 συμϐε-

319 4893 588 4963 ϐηκότων,
621 4901 715 4951 καὶ
750 4902 945 4956 τοιόνδε
974 4910 1124 4976 ποιρά
1147 4911 1244 4970 τὰς
1265 4910 1431 4980 ὄχθας
1455 4893 1545 4968 τοῦ
1573 4893 1875 4994 Βαρδαρίου

316 4989 490 5053 πέρας
546 4988 878 5057 εἰληφότων,
934 4999 961 5048 ὁ
1003 5000 1296 5071 Μουράτης
1336 5006 1546 5061 ἐκεῖθεν
1596 4988 1714 5082 διχῇ
1756 4988 1876 5084 *τὴν

318 5079 577 5144 στρατιὰν
609 5082 801 5135 διελὼν
832 5085 890 5137 τὸ
936 5089 1036 5156 μὲν
1067 5092 1237 5161 αὐτῆς
1268 5097 1359 5148 ἐπὶ
1397 5100 1465 5151 τὰ
1494 5102 1602 5153 τῶν
1646 5079 1871 5158 ἰίωαννίσ

313 5182 421 5218 νων
449 5169 724 5240 ἐξέπεμψε
752 5176 915 5245 μέρη,
951 5180 1111 5243 αὐτὸς
1139 5182 1197 5233 δὲ
1228 5187 1368 5252 μετὰ
1405 5187 1634 5261 θατέρου
1667 5198 1870 5265 μέρους

310 5258 399 5309 ἐπ’
435 5260 626 5325 ἄλλους
677 5265 844 5335 ἀπῄει
892 5272 1287 5344 κατάστρέψων
1335 5258 1620 5346 κάκείνους
1652 5258 1868 5340 sal-131:;

307 5350 456 5421 αὐτῷ
491 5356 865 5425 ποιησόμενος.
905 5361 1176 5432 Πρότερον
1205 5367 1260 5417 δὲ
1292 5366 1382 5420 διὰ
1419 5372 1599 5440 πάσης
1629 5375 1727 5439 τῆς
1771 5378 1863 5430 ὑπ’

303 5442 465 5495 αὑτὸν
494 5444 739 5513 κήρυκας
781 5451 1112 5520 ἐπεπόμφει.
1146 5460 1272 5519 τοὺς
1321 5462 1425 5527 πρὸ
1463 5465 1692 5531 μακρῶν
1721 5467 1859 5520 ἐτῶν

302 5533 396 5584 καὶ
428 5533 523 5586 τοῦ
551 5539 917 5607 συγκλεισμοῦ
948 5544 1045 5613 τὴν
1068 5546 1468 5619 Θεσσαλονίκην
1490 5555 1853 5623 ἀπολιπόντας

300 5620 391 5674 καὶ
426 5629 856 5696 μετοικήσαντας
886 5633 1117 5703 ἀλλαχοῦ
1154 5639 1288 5705 πρὸς
1320 5642 1488 5710 αὐτὴν
1522 5645 1586 5697 ἵν’
1624 5620 1853 5704 ὲπανελλ

614 5726 881 5790 ilnuon.
933 5733 1045 5791 (in.
1083 5733 1255 5792 CLVI

2011 3114 2146 3168 darii
2167 3116 2400 3175 ﬂuminis
2433 3124 2574 3190 ripas
2596 3137 2771 3184 castra
2807 3144 3082 3203 metatur;
3112 3143 3200 3196 ubi
3230 3149 3562 3214 captivorum

2012 3207 2232 3271 partitio
2289 3210 2605 3270 absolvitur.
2640 3217 2774 3275 Nam
2800 3228 3017 3294 captivi,
3044 3230 3159 3286 sive
3191 3207 3386 3303 preiio,
3423 3244 3569 3310 quod

2008 3308 2164 3363 supra
2188 3297 2482 3365 innuimus,
2506 3305 2620 3360 sive
2642 3324 2737 3375 per
2762 3326 2819 3367 se
2842 3315 3008 3383 ipsos,
3040 3321 3155 3376 sive
3186 3340 3280 3392 per
3299 3328 3567 3385 Christia-

2008 3396 2106 3453 nos
2164 3384 2320 3448 alios,
2340 3403 2405 3443 ex
2439 3395 2603 3449 variis
2633 3399 2859 3456 urbibus
2889 3416 2943 3459 et
2967 3411 3178 3476 oppidis
3208 3426 3443 3482 coactos,
3476 3436 3567 3487 pu-

2006 3474 2405 3547 cunia'erogata
2426 3480 2674 3541 libertate
2694 3492 2849 3557 potiti
2872 3508 3017 3562 sunt,
3039 3474 3155 3552 eam
3180 3504 3280 3557 sibi
3306 3474 3564 3574 itabue're,
3614 3547 3618 3552 ι

2004 3574 2127 3613 cum
2174 3566 2353 3621 adnue
2382 3575 2521 3638 apud
2561 3573 2823 3633 Gallicum
2849 3582 3069 3641 ﬂuvium
3115 3589 3350 3651 Murates
3381 3614 3563 3656 moras

2002 3668 2219 3723 ageret:
2254 3664 2450 3728 quibus
2485 3683 2611 3725 vero
2658 3673 2728 3728 ob
2775 3689 3067 3747 egestatem
3090 3724 3105 3749 ,
3135 3694 3295 3756 atque
3325 3692 3556 3761 inopiam

2000 3759 2061 3798 ea
2097 3747 2201 3801 frui
2236 3766 2343 3805 non
2376 3759 2626 3827 contigit,
2661 3778 2756 3819 eos
2790 3770 2985 3838 singuli
3014 3772 3067 3827 iu
3096 3780 3298 3844 patrias
3318 3784 3479 3841 sedes
3505 3799 3563 3841 et

2000 3836 2114 3893 loca
2163 3843 2506 3912 dimiserunt,
2543 3854 2821 3911 servitutis
2866 3861 3202 3922 incommoda
3259 3873 3557 3941 subituros.

1998 3928 2166 3983 donec
2192 3931 2294 4000 ipsi
2327 3943 2666 4003 postmodum
2700 3951 2903 4004 reversi
2934 3952 3000 4005 de
3027 3969 3210 4011 eorum
3241 3964 3413 4029 pretio
3444 3968 3555 4021 (lis-

1997 4022 2330 4086 posuissent.
2356 4025 2538 4096 Neque
2563 4035 2705 4087 enim
2740 4048 2989 4105 poterant
3008 4059 3190 4102 secum
3218 4067 3323 4106 una
3359 4072 3556 4111 conve-

1997 4111 2126 4164 here
2160 4128 2255 4181 per
2293 4116 2507 4187 longum
2561 4123 2681 4189 iter,
2715 4142 2768 4181 et
2809 4132 2876 4185 ad
2919 4135 3064 4190 aliud
3108 4138 3300 4194 bellum
3337 4148 3557 4213 prolici-

1994 4213 2233 4259 scentes.
2302 4206 2541 4265 Vidisses
2594 4214 2874 4287 infelices,
2930 4223 3028 4278 bos
3086 4231 3301 4297 quidem
3342 4238 3407 4289 ad
3467 4254 3555 4293 or-

1994 4302 2143 4360 tum,
2209 4298 2331 4353 illos
2392 4301 2459 4355 ad
2518 4320 2813 4375 occasum,
2877 4314 3174 4375 distractos
3223 4328 3550 4393 asportari:

1998 4400 2229 4456 namque
2272 4390 2324 4443 hi
2365 4406 2639 4462 parentes,
2700 4400 2793 4455 alii
2842 4404 3022 4479 filios,
3071 4411 3159 4463 alli
3210 4390 3408 4472 uxores
3460 4434 3554 4474 ac-

1996 4477 2287 4544 cipiebant,
2321 4490 2374 4536 et
2407 4499 2542 4551 quos
2577 4498 2770 4545 natura
2813 4477 2977 4551 unum
3012 4500 3213 4571 aliquid
3264 4506 3552 4578 insigniter

1994 4564 2217 4635 fecerat,
2252 4572 2532 4632 calamitas
2572 4585 2880 4647 separabat.

1947 4659 2272 4731 ἐλάμϐανον,
2299 4671 2393 4721 καὶ
2420 4670 2509 4734 οὒς
2535 4675 2567 4744 ἡ
2592 4675 2750 4741 φύσις
2776 4680 3008 4749 ἥνωσεν,
3059 4688 3090 4757 ἡ
3146 4695 3397 4763 συμφορά
3444 4697 3550 4750 διε-

2047 4839 2133 4893 18.
2167 4837 2278 4895 Hoc

2319 4851 2472 4911 pacto
2494 4844 2658 4913 (quod
2690 4850 2895 4907 utinam
2931 4872 3207 4927 nunquam
3247 4871 3540 4945 evenisset)

1978 4930 2141 4984 rebus

2183 4935 2386 4986 nostris
2412 4938 2845 5009 procedentibus,
2884 4956 2938 5000 et
2970 4954 3071 5006 hoc
3102 4954 3212 5008 line
3237 4961 3375 5027 apud
3405 4935 3542 5019 Ban-

1976 5020 2111 5073 darii
2145 5023 2289 5089 ripas
2316 5026 2641 5093 terminatis,
2673 5029 2909 5089 Murates
2940 5036 3084 5105 inde,
3111 5044 3243 5102 duas
3272 5020 3322 5103 in
3358 5066 3540 5120 partes

1974 5110 2150 5165 diviso
2178 5116 2445 5179 exercitu,
2480 5133 2636 5172 unam
2668 5124 2731 5197 ad
2748 5122 3112 5187 Janninorum
3142 5137 3276 5193 ﬂues
3307 5143 3539 5213 dimisit,

1974 5202 2201 5256 alteram
2237 5206 2350 5275 ipse
2380 5224 2564 5263 secum
2594 5212 2797 5271 ducens
2830 5222 2895 5272 ad
2936 5224 3071 5279 alios
3107 5241 3165 5281 se
3194 5234 3538 5304 conferebat,

1974 5308 2070 5348 eos
2127 5310 2340 5365 quoque
2394 5302 2781 5372 absuntpturus
2830 5321 2883 5365 et
2928 5318 3219 5384 petiturus.
3274 5322 3378 5379 Sed
3412 5302 3541 5385 ante

1968 5574 2352 5665 nis/glempore,
2386 5574 2827 5642 Thessalonicam
2854 5594 3205 5650 deseruerant
3229 5596 3455 5666 aliisque
3485 5606 3537 5656 in

1963 5658 2105 5713 locis
2139 5662 2297 5717 sedes
2323 5663 2633 5725 locaverant
2656 5692 2803 5748 suas,
2831 5701 2995 5755 quant
3022 5682 3301 5739 Celt‘rt‘ittte
3325 5703 3543 5753 possem

3112 5775 3189 5831 9.0
