4096 6300
524 348 635 411 61η

1724 342 2052 403 JOANNIS
2083 341 2556 421 ANAGNOST/E

3128 274 3137 279 .
3151 276 3205 283 ,Ην

3654 343 3764 406 620

524 472 740 521 doutum
779 464 1023 519 revenire
1055 467 1361 519 coacturos,
1396 456 1488 526 qui
1531 458 1773 526 proprias
1804 457 1858 511 in
1900 468 2079 526 poste-

2196 456 2303 510 θεῖν
2332 455 2513 525 πολλῷ
2541 451 2620 523 τῷ
2650 452 2806 523 τάχει
2846 451 3303 519 καταναγκάσωσι
3336 452 3433 505 καὶ
3469 424 3540 506 τὰ
3582 458 3759 533 οίκεῖα

525 572 667 619 rum,
690 566 744 607 ut
773 563 953 617 antea,
975 549 1334 618 possiderent.
1361 546 1496 599 Nam
1516 556 1898 615 proposuerat,
1926 560 2086 614 quam

526 647 728 716 optime
760 653 811 695 et
856 641 1019 694 multa
1052 655 1195 692 cum.
1223 638 1401 701 laude,
1434 652 1624 690 rursus
1661 636 1847 689 urbem
1879 635 2095 688 habita-

442 762 460 782 ι
526 739 733 791 toribus
782 734 1091 792 restituere,
1120 739 1175 784 et
1210 738 1266 782 ut
1301 730 1449 796 prius
1480 738 1619 791 crat,
1650 728 1930 781 iteminum
1963 740 2092 779 con-

525 827 659 879 ferta
690 824 840 887 copia
870 821 1169 889 complere.
1191 817 1345 882 Quod
1374 814 1561 884 utique
1586 832 1690 869 non
1718 816 1943 867 utnltum
1972 821 2092 882 post

436 913 453 921 “
524 915 659 969 belle
682 914 990 975 cecidisget,
1024 910 1125 962 nisi
1164 918 1345 961 nostra
1381 910 1431 960 in
1465 906 1630 959 Deum
1658 906 1897 960 facinora
1925 909 2095 974 impe-

522 1006 758 1057 dimento
794 1002 1044 1052 fuissent.
1090 997 1226 1052 Cum
1259 997 1402 1050 enim
1431 995 1744 1063 reparandae
1770 995 1924 1048 urbis
1949 996 2094 1049 desi-

521 1093 671 1145 derio
706 1098 1003 1153 teneretur,
1039 1102 1302 1141 revocans
1356 1101 1417 1140 se
1467 1087 1531 1137 ad
1588 1086 1979 1138 immanitatem
2029 1101 2093 1139 ac

522 1182 1015 1241 ntansuetudinem,
1047 1193 1235 1230 omnes
1286 1178 1555 1229 libertatis
1591 1185 1867 1243 compotes
1909 1175 2091 1231 facere

522 1274 860 1343 patriamque
892 1270 995 1324 illis
1045 1272 1270 1334 donare,
1309 1279 1365 1322 ut
1413 1269 1547 1331 dixi,
1583 1278 1637 1321 et
1668 1267 1921 1321 domibus
1967 1282 2090 1335 pro-

524 1365 677 1433 priis,
708 1372 765 1415 ut
803 1372 985 1422 antea,
1014 1360 1122 1412 frui
1155 1374 1276 1414 cum
1316 1359 1461 1411 omni
1498 1359 1816 1422 securitate,
1848 1366 1904 1411 et
1933 1358 2091 1425 quid-

521 1457 651 1523 quid
682 1455 825 1506 aliud
873 1462 990 1506 erat
1040 1452 1095 1504 in
1150 1450 1535 1511 immobilibus,
1572 1449 1623 1501 in
1669 1449 1848 1502 animo
1880 1448 2089 1502 habuit.

523 1544 862 1611 Ouapmpter
891 1543 1213 1607 primatibus
1230 1556 1353 1593 cum
1380 1541 1515 1601 suis,
1536 1540 1751 1606 quidam
1780 1539 1939 1591 etiam
1963 1552 2085 1591 cum

523 1640 886 1691 sacramento,
916 1630 1313 1683 fernntdixisse
1348 1647 1360 1681 :
1395 1646 1412 1678 ι
1456 1628 1720 1696 lnjustum
1743 1636 1826 1682 est
1851 1641 1973 1681 cum
1996 1643 2086 1682 re-

523 1725 624 1777 bus
648 1722 1038 1775 debeliatorum
1064 1721 1359 1774 debellatus
1389 1733 1605 1787 quoque
1635 1720 1685 1771 in
1717 1718 1935 1772 vincula
1956 1733 2090 1772 con-

2204 548 2367 600 πάλιν
2395 547 2470 609 ὡς
2505 545 2566 597 τὸ
2607 546 2875 615 πρότερον
2907 544 3245 596 ἀπολάϐωσι.
3292 544 3499 606 Σκοπὸς
3530 545 3640 615 γὰρ
3663 548 3761 599 αὑ..

2198 637 2290 689 τὸν
2325 636 2466 689 πάνυ
2518 652 2570 687 τι
2615 633 2779 695 καλδς
2814 636 2910 687 καὶ
2957 633 3166 688 πολλῶν
3199 635 3348 700 ἄξιος
3382 636 3490 688 τῶν
3526 638 3762 689 ἐπαίνων

2196 726 2391 794 εἰσῄει,
2431 724 2530 793 τὴν
2572 724 2731 777 πόλιν
2763 725 2856 776 καὶ
2886 723 3041 786 αὖθις
3074 727 3188 786 τοῖς
3216 727 3528 797 οίκήτορσιν
3564 729 3758 780 άποδευ

2193 816 2426 868 δωκέναι
2457 816 2547 867 καὶ
2580 815 2762 883 πλήρη
2793 814 3047 882 καθάπερ
3088 816 3182 866 καὶ
3214 816 3273 866 τὸ
3315 817 3445 884 πρὶν
3473 818 3759 869 ἀποκατα-

2196 906 2411 972 στῆσαι.
2469 904 2577 955 Καὶ
2609 899 2677 971 ἧν
2726 902 2793 955 ἂν
2838 903 2997 954 τοῦτο
3049 902 3168 969 μετ’
3194 903 3258 955 ού
3307 902 3467 967 πολὺ,
3500 904 3548 954 εί
3592 904 3663 972 μὴ
3694 905 3766 957 τὰ

2192 995 2441 1062 ἡμέτερα
2496 995 2634 1063 πρὸς
2689 993 2825 1046 Θεὸν
2878 993 3106 1059 κώλυμα
3170 995 3363 1059 γέγονε
3421 993 3761 1062 πταίσματα.

2194 1084 2351 1152 Πόθῳ
2391 1086 2499 1153 γὰρ
2552 1084 2649 1136 τοῦ
2702 1084 2965 1151 συστῆναι
3016 1081 3114 1149 τὴν
3166 1083 3324 1136 πόλιν
3373 1084 3762 1153 φιλανθρώπου

2192 1171 2418 1240 γνώμης
2444 1172 2623 1241 τυχὼν
2654 1171 2911 1224 ἐϐούλετο
2937 1171 3072 1222 πᾶσί
3103 1188 3161 1223 τε
3192 1172 3505 1240 ἐλευθερίαν
3531 1174 3763 1243 χαρίσα-

2201 1262 2347 1324 σθαι,
2388 1264 2482 1316 καὶ
2512 1264 2696 1316 δοῦναι
2745 1263 2977 1325 τούτοις,
3025 1262 3101 1323 ὡς
3146 1261 3421 1332 προύφην,
3455 1266 3623 1332 αὐτὴν
3664 1265 3765 1316 καὶ

2192 1353 2291 1415 τὰς
2325 1354 2507 1406 αὐτῶν
2541 1354 2717 1415 οἰκίας
2753 1353 2829 1413 ὡς
2875 1355 3006 1422 πρὶν
3043 1352 3182 1421 μετὰ
3230 1355 3413 1422 πάσης
3458 1355 3640 1417 ἀδείας
3668 1373 3759 1408 κε-

2194 1444 2453 1513 κτῆσθαι,
2482 1445 2576 1496 καὶ
2605 1443 2659 1494 εῖ
2699 1461 2750 1495 τι
2785 1443 2998 1514 προσῆν
3028 1443 3287 1509 ἀκίνητον
3330 1444 3538 1513 ἕτερον.
3569 1444 3658 1514 Τῷ
3680 1463 3764 1499 τοι

2193 1534 2290 1585 καὶ
2319 1534 2454 1603 πρὸς
2488 1535 2613 1596 τοὺς
2643 1534 2783 1605 ἀμφ’
2819 1535 2983 1587 αὐτόν
3026 1535 3160 1603 φασί
3199 1551 3343 1598 τινες
3385 1535 3765 1604 ἐπομνύμενον

2192 1626 2422 1693 λογάδας
2450 1628 2623 1679 εἰπεῖν
2650 1627 2725 1689 ὡς
2758 1628 3009 1681 ι’Δδικον
3037 1628 3104 1681 ἂν
3124 1629 3208 1698 είη
3238 1629 3375 1695 μετὰ
3402 1629 3511 1681 τῶν
3536 1630 3766 1697 προσόν-

2193 1735 2303 1769 των
2335 1720 2450 1781 τοῖς
2484 1719 2811 1788 κρατηθεῖσι
2836 1720 2928 1772 καὶ
2962 1718 3184 1780 τούτους
3215 1720 3356 1772 ἑλεῖν
3379 1720 3633 1790 δεσμίους
3669 1722 3764 1774 καὶ

518 1815 615 1883 jici
644 1824 697 1866 et
734 1814 907 1881 patria
940 1814 1049 1865 alio
1073 1813 1337 1865 abductos
1369 1810 1587 1878 spoliari
1608 1826 1623 1873 ;
1644 1809 1947 1864 libertatem
1981 1812 2086 1863 ita-

2196 1809 2289 1878 τῆς
2328 1810 2705 1880 ἐνεγκαμένης
2757 1812 3089 1878 ἀπαγαγεῖν.
3145 1811 3631 1881 Ἐλευθερὼσωμεν
3668 1811 3765 1865 οὖν

525 1920 630 1974 que
660 1905 766 1959 illis
804 1904 1167 1965 stabiliamns,
1204 1902 1247 1956 si
1288 1903 1360 1955 ita
1396 1902 1627 1966 videtur,
1651 1910 1741 1952 aut
1776 1902 1891 1954 sine
1915 1902 2089 1969 pretio

526 1998 649 2050 illos
680 1995 1028 2063 accipientes,
1056 2002 1148 2046 aut
1178 1993 1304 2046 illud
1331 2007 1426 2045 nos
1458 2001 1765 2061 crogantes.
1796 2010 1813 2043 ι
1861 1993 2089 2046 Audito-

529 2101 645 2141 rum
676 2086 812 2140 alios
840 2085 1161 2138 sententiam
1192 2083 1457 2146 laudasse,
1490 2084 1805 2138 adbortatos
1843 2093 1902 2137 ut
1943 2083 2089 2138 face-

526 2188 649 2242 ret;
681 2177 775 2231 sed
822 2191 986 2229 unum
1018 2191 1083 2231 ex
1136 2175 1389 2237 ducibus,
1427 2175 1518 2244 qui
1560 2174 1823 2243 dignitate
1862 2184 2091 2231 caeteros

524 2268 902 2327 antecellebat,
934 2282 1040 2318 non
1074 2275 1281 2319 tantum
1315 2280 1420 2317 non
1462 2265 1795 2333 approbasse
1835 2264 1995 2317 verba
2023 2264 2089 2318 de

528 2360 798 2419 libertate,
814 2358 905 2410 sed
930 2367 981 2409 et
1007 2356 1207 2424 quibus
1237 2364 1446 2423 poterat
1471 2355 1773 2409 rationibus
1797 2355 2086 2409 consilium

528 2449 785 2518 principis
816 2447 1205 2515 impedivisse;
1249 2455 1301 2498 et
1336 2445 1661 2499 verosimilia
1701 2445 1905 2507 dicere,
1945 2445 2088 2514 quod

528 2540 667 2595 alios
684 2539 940 2600 anteiret,
968 2538 1113 2591 visus
1129 2546 1235 2591 est.
1262 2536 1392 2590 Erat
1408 2535 1564 2604 plane
1595 2536 1693 2589 hoc
1707 2550 1921 2606 quoque
1940 2551 2058 2590 meo
2072 2565 2089 2575 -

528 2647 646 2684 rum
669 2630 933 2684 scelerum
961 2628 1187 2690 fructus,
1211 2637 1267 2680 ut
1303 2627 1418 2696 ipse
1440 2627 1569 2681 mibi
1592 2626 2089 2696 suadeo,quemad-

528 2721 745 2776 modum
776 2730 828 2772 et
858 2735 976 2788 quae
1006 2730 1238 2773 evenere
1270 2717 1512 2784 reliqua;
1540 2717 1666 2771 licet
1693 2719 1936 2773 nonnulli
1969 2735 2091 2773 ser-

523 2825 745 2862 monem
782 2810 924 2862 buuc
953 2806 1095 2861 haud
1135 2806 1447 2874 patentibus
1478 2807 1698 2860 auribus
1742 2807 2089 2876 arripientes,

532 2914 707 2965 neque
736 2898 1057 2964 semetipsos
1084 2910 1302 2950 causam
1342 2895 1506 2948 fuisse
1536 2894 1870 2964 judicantes,
1894 2897 2091 2951 divinis

530 2988 814 3058 praeceptis
867 2987 1148 3057 neglectis,
1202 2986 1513 3039 hominibus
1548 2995 1842 3040 eventuum
1900 3001 2092 3041 causas

529 3079 830 3133 ascribunt.
866 3077 975 3146 Ego
1007 3084 1211 3138 autem.
1264 3075 1525 3143 quidquid
1570 3074 1623 3128 id
1678 3075 1864 3137 fuerit,
1898 3077 2091 3131 divinat

2200 1900 2420 1962 αὐτοὺς,
2457 1904 2503 1952 εί
2532 1902 2700 1961 ovaret,
2730 1902 2763 1967 ἢ
2798 1901 3053 1965 λαϐόντες
3078 1902 3292 1972 λύτρων
3321 1903 3449 1956 ἄνευ
3480 1906 3696 1969 αὐτοὺς,
3727 1904 3761 1974 ἢ

2195 1988 2367 2042 ταῦτα
2397 1992 2808 2060 παρεσχηκότες
2837 1994 3016 2061 ἡμεῖς.
3035 2010 3053 2042 ι
3083 1992 3205 2045 Τῶν
3232 1992 3275 2045 δ’
3298 1995 3615 2061 ἀκηκοότων
3638 1996 3764 2058 τοὺς

2201 2079 2302 2145 μὲν
2352 2078 2541 2140 ἄλλους
2592 2082 2879 2134 ἐπαινέσαι
2916 2099 2975 2133 τε
3017 2082 3107 2133 τὸν
3140 2082 3297 2149 λόγον
3328 2082 3421 2136 καὶ
3452 2087 3763 2153 παρακαλέ-

2194 2187 2283 2222 σαι
2316 2171 2449 2238 πρὸς
2479 2171 2658 2233 τοῦτο,
2709 2171 2805 2224 ἕνα
2837 2172 2891 2225 δὲ
2924 2173 3030 2224 τῶν
3074 2173 3248 2227 ἄλλων
3282 2176 3608 2243 στρατηγῶν
3647 2177 3763 2239 ἑξο-

2195 2257 2438 2327 χώτατον
2472 2260 2547 2330 μὴ
2576 2262 2735 2331 μόνον
2761 2262 2858 2313 οὐκ
2884 2263 3246 2329 ἀποδέξασθαι
3277 2263 3337 2317 τδ
3363 2266 3526 2333 ῥηθὲν
3547 2265 3631 2319 διὰ
3659 2269 3762 2335 τὴν

2191 2349 2531 2419 ἐλευθερίαν,
2569 2353 2706 2407 ἀλλὰ
2728 2356 2819 2406 καὶ
2847 2349 2928 2416 οἷς
2966 2354 3188 2408 ἐδύνατο
3216 2354 3393 2422 λόγοις
3425 2357 3667 2411 κωλῦσαι
3698 2360 3761 2410 τὸ

2192 2440 2465 2512 βούλημα,
2517 2442 2615 2496 καὶ
2666 2442 2895 2499 πιθανὸν
2935 2443 3171 2514 ὀφθῆναι
3220 2445 3308 2497 διὰ
3351 2446 3411 2498 τὸ
3465 2446 3753 2517 ὑπερέχον.

2189 2525 2298 2583 Ἦν
2329 2530 2387 2584 δὲ
2430 2532 2526 2585 καὶ
2553 2529 2717 2585 τοῦτο
2748 2534 2965 2596 πάντως
2993 2535 3092 2603 τῆς
3136 2534 3279 2604 ἐμῆς
3310 2525 3583 2605 ἁμαρτίας
3617 2555 3755 2608 καρ-

2193 2621 2316 2686 πὸς,
2371 2621 2447 2685 ὡς
2482 2622 2724 2693 εμαυτδν
2772 2623 2965 2690 πείθω,
3000 2626 3254 2692 καθάπερ
3302 2629 3391 2683 καὶ
3441 2628 3610 2682 τᾶλλα
3655 2631 3758 2683 ὅσα

2194 2712 2543 2783 συμϐέϐηκεν
2566 2728 2582 2744 ·
2615 2714 2663 2767 εί
2690 2716 2784 2766 καὶ
2810 2714 2940 2778 ῖσως
2968 2717 3113 2779 nvi;
3140 2717 3330 2769 τοῦτον
3351 2718 3440 2770 τὸν
3470 2718 3627 2785 λόγον
3657 2721 3758 2772 οὐκ

2190 2802 2561 2871 ἀνεῳγμένοις
2592 2803 2871 2874 δεχόμενοι
2915 2808 3025 2871 τοῖς
3077 2807 3203 2871 ὠσὶ,
3261 2808 3385 2877 μηδ’
3417 2811 3644 2871 ἑαυτοὺς
3673 2813 3759 2862 ai-

2190 2893 2341 2954 τίους
2374 2893 2672 2962 κρίνοντες,
2730 2900 2833 2957 τὰς
2881 2895 3029 2960 θείας
3086 2900 3235 2967 παρὰ
3275 2899 3479 2967 φαῦλον
3535 2901 3757 2965 ἐντολὰς

2190 2982 2535 3048 τιθεμένους,
2593 2984 2901 3054 ἀνθρώποις
2950 2988 3049 3051 τὰς
3100 2989 3209 3041 τῶν
3240 2988 3645 3058 συμϐαινόντων
3674 2992 3762 3044 al-

2191 3072 2312 3135 τίας
2340 3072 2667 3141 λογίζονται,
2715 3076 2855 3144 Ἐγὼ
2880 3076 2936 3129 δὲ
2968 3079 3026 3129 τὸ
3054 3079 3164 3132 πᾶν
3183 3080 3279 3147 τῆς
3302 3080 3396 3132 τοῦ
3421 3082 3557 3134 Θεοῦ
3590 3082 3760 3153 κρίνω

533 3169 796 3237 punitioni
828 3178 1047 3235 propter
1092 3180 1265 3219 meam
1302 3166 1699 3220 correctionem
1740 3166 1951 3221 tribuo;
1983 3183 2092 3221 om-

2196 3164 2443 3226 παιδείας
2473 3166 2559 3219 διὰ
2591 3166 2690 3236 τὴν
2732 3143 2870 3236 ἐμὴν
2904 3143 3311 3238 ἐπανόρθωσιν·
3344 3173 3518 3223 πᾶσαι
3566 3143 3673 3243 γάρ
3704 3174 3757 3226 at!

533 3274 631 3313 nes
653 3258 850 3311 etenim
872 3256 1052 3310 clades
1071 3271 1205 3323 pene
1228 3256 1555 3322 exitiabiles,
1580 3268 1638 3309 ut
1660 3258 1853 3310 divina:
1876 3256 2095 3311 Litterre

533 3351 754 3404 tradunt
782 3351 1204 3417 decernuntque,
1229 3350 1294 3401 ad
1321 3347 1527 3419 frugem
1551 3351 1917 3406 correctiones
1941 3362 2089 3419 sunt,

532 3451 823 3491 commune
870 3435 1044 3489 scelus
1099 3436 1477 3489 communibus
1531 3437 1936 3492 calamitatibus
1984 3439 2093 3493 Deo

532 3523 809 3594 puniente.
1944 3511 1949 3516 ’

604 3610 785 3665 Rebus
821 3612 1003 3680 itaque
1050 3612 1308 3674 civitatis.
1345 3623 1399 3668 ut
1452 3614 1588 3677 dixi,
1633 3615 1776 3669 inter
1801 3631 1859 3671 se
1880 3615 2093 3682 divisis,

532 3701 770 3757 Murates
800 3703 983 3758 urbem
1033 3704 1339 3759 hominibus
1372 3704 1571 3758 nudam
1616 3704 1952 3761 solummodo
1987 3709 2095 3763 sibi

535 3792 832 3857 vindicans,
871 3808 1059 3847 etnnes
1088 3796 1280 3850 domos
1326 3796 1598 3863 prioribus
1624 3796 1857 3850 dominis
1909 3797 2096 3854 liberis

534 3879 718 3941 factis,
752 3892 807 3934 et
854 3882 957 3934 alia
996 3886 1178 3935 omnia
1221 3882 1540 3947 immobilia,
1592 3885 1730 3938 tradi
1775 3885 1948 3953 jubet,
1984 3888 2097 3941 haec

536 3980 742 4024 tantum
798 3973 938 4026 male
982 3984 1090 4027 tum
1124 3975 1282 4027 factis
1334 3975 1727 4044 superaddens,
1762 3978 1885 4029 dum
1914 3992 2097 4031 sacras

532 4060 677 4113 aedes
722 4072 969 4129 occupat,
1021 4073 1133 4116 tum
1172 4079 1422 4132 magnum
1475 4064 1715 4135 Virginis
1757 4077 1811 4121 et
1843 4068 2084 4134 Deipara‘.

535 4151 784 4203 manibus
812 4165 917 4204 non
951 4151 1105 4206 factm
1132 4154 1415 4221 templum,
1451 4156 1501 4208 in
1535 4157 1708 4208 media
1742 4157 1962 4211 civitate
1995 4173 2097 4227 po-

535 4241 723 4303 situm,
759 4251 879 4293 tum
901 4244 1001 4297 sub
1030 4242 1250 4297 nomine
1287 4243 1357 4297 ab
1384 4245 1610 4313 antiquo
1643 4258 1887 4312 tempore
1932 4263 2095 4302 vene-

534 4330 687 4384 randi
718 4331 1069 4385 Prmcursoris
1101 4347 1315 4384 sacrum
1366 4341 1419 4397 et
1457 4335 1506 4385 in
1562 4338 1905 4389 veneratione
1940 4338 2093 4391 habi-

2197 3255 2615 3324 πολυάνθρωποι
2670 3258 2890 3325 φθοραὶ,
2942 3259 3016 3319 ὡς
3056 3260 3111 3312 αί
3148 3260 3285 3312 θεῖαι
3340 3260 3757 3328 διαγινώσκουσι

2202 3349 2295 3398 καὶ
2326 3348 2722 3415 ἀποφαίνονται
2752 3346 2959 3413 Βίϐλοι,
3003 3350 3082 3409 είς
3129 3348 3223 3402 τὸν
3254 3349 3361 3402 τῶν
3398 3352 3759 3419 ὑπολειπομέ-

2194 3452 2301 3487 νων
2336 3438 2715 3506 σωφρονισμὸν
2750 3439 3012 3505 γίνονται,
3052 3439 3151 3508 τὴν
3178 3440 3453 3508 πάνδημον
3485 3443 3755 3511 πονηρέαν

2193 3525 2481 3597 δημοσίαις
2514 3528 2737 3594 μάστιξι
2764 3530 2857 3582 τοῦ
2884 3529 3018 3583 Θεοῦ
3047 3532 3486 3601 σωφρονίζοντος.

2268 3616 2495 3670 Πάντων
2524 3614 2639 3682 οὖν,
2688 3618 2764 3681 ὼς
2808 3615 2981 3682 εἷπον,
3033 3621 3099 3673 τὰ
3151 3621 3252 3689 τῆς
3298 3621 3501 3681 πόλεως
3542 3621 3749 3683 ἑαυτοῖς

2195 3704 2660 3776 διανειμαμένων,
2712 3711 2738 3761 ό
2772 3710 3070 3778 Μουράτης
3120 3709 3218 3780 τὴν
3258 3711 3410 3763 πόλιν
3455 3710 3755 3779 ἀνθρώπων

2194 3799 2413 3867 ιρήμην
2471 3799 2841 3869 ίδιοποιήσατο
2896 3802 3095 3869 μόνην,
3149 3786 3330 3863 πάσας
3386 3803 3559 3862 οἰκίας
3614 3803 3757 3869 ἔχειν

2193 3885 2322 3946 τοὺς
2353 3886 2593 3954 ἀρχῆθεν
2624 3887 2803 3940 αὐτῶν
2832 3887 3055 3952 κυρίους
3087 3887 3397 3957 προστάξας
3442 3888 3755 3956 ἐλευθερίας

2194 3978 2562 4045 τετυχηκότας
2618 3977 2715 4029 καὶ
2771 3978 2949 4029 πᾶσαν
3008 3978 3173 4047 ἄλλην
3233 3981 3486 4047 ἀκίνητον
3543 3981 3753 4047 κτῆσιν,

2196 4068 2351 4119 ταυτὶ
2380 4066 2543 4135 μόνον
2578 4068 2840 4136 προσθεὶς
2875 4069 3038 4132 αὐτὸς
3074 4071 3374 4138 τηνικαῦτα
3421 4074 3533 4134 τοῖς
3565 4072 3757 4134 κακοῖς

2198 4158 2535 4226 γενομένοις,
2577 4160 2657 4212 ότι
2687 4161 2873 4212 τούσδε
2908 4162 3034 4224 τοὺς
3075 4163 3252 4230 ἱεροὺς
3289 4163 3472 4224 οἴκους
3510 4180 3758 4232 παρακα-

2197 4247 2376 4315 τέσχε,
2403 4248 2495 4302 τόν
2526 4250 2577 4300 τ’
2616 4250 2707 4300 ἐπὶ
2746 4251 2916 4317 μέσης
2958 4256 3056 4321 τῆς
3089 4254 3290 4314 πόλεως
3321 4254 3457 4305 νεὼν
3485 4254 3581 4323 τῆς
3611 4255 3757 4323 ἀχει-

2200 4339 2492 4408 ροποιήτου
2518 4340 2798 4409 Παρθένου
2828 4344 2919 4395 καὶ
2944 4342 3210 4395 Θεοτόκου
3242 4344 3333 4394 καὶ
3360 4344 3457 4412 τὴν
3488 4345 3567 4405 είς
3590 4344 3757 4411 ὄνομα

538 4430 646 4473 tum
696 4424 1106 4484 monasterium,
1140 4423 1266 4475 illud
1311 4424 1362 4475 in
1398 4423 1636 4476 victoria:
1682 4426 1893 4493 signum
1930 4426 2090 4480 illati-

2203 4428 2373 4479 πάλαι
2439 4430 2757 4499 τιμωμένην
2812 4431 2905 4483 τοῦ
2960 4433 3148 4500 τιμίου
3206 4410 3524 4503 Προδρόνμου
3589 4410 3756 4501 μονὴν

535 4526 639 4580 que
663 4513 881 4571 excidii,
924 4513 1045 4575 hoc,
1073 4513 1214 4576 quod
1244 4511 1453 4578 aliquot
1485 4522 1610 4564 ante
1631 4528 1802 4567 annos
1826 4529 1857 4567 a
1903 4514 2097 4571 Turcis

534 4613 749 4671 captmn
783 4601 956 4654 fuerat
1002 4617 1016 4653 :
1054 4610 1107 4655 et
1139 4602 1251 4653 lucc
1281 4602 1334 4653 in
1373 4604 1817 4670 congregationes
1856 4615 1908 4658 et
1940 4620 2100 4674 syna-

537 4691 701 4759 gogas
720 4707 846 4745 suas
883 4693 1253 4745 commutavit.
1286 4689 1395 4753 Nec
1447 4708 1549 4753 non
1581 4693 1791 4747 illustre
1832 4695 2100 4750 Adriano—

542 4783 650 4848 poli
701 4783 946 4834 balneum
983 4796 1008 4832 a
1042 4781 1405 4836 fundamentis
1430 4792 1739 4846 exstruens,
1781 4785 1924 4837 mille
1955 4801 2097 4838 mar-

541 4888 689 4924 mora
721 4875 852 4940 eripi
884 4874 1183 4941 adduc-ique
1207 4875 1272 4924 ad
1299 4874 1472 4925 balnei
1498 4881 1725 4926 stratqu
1755 4889 1821 4927 ex
1849 4876 1945 4927 hac
1966 4876 2099 4930 urbe

541 4963 832 5026 mamlavit,
867 4979 989 5031 quas
1030 4979 1056 5014 a
1090 4964 1262 5016 sacris
1296 4963 1508 5030 templis
1537 4971 1592 5015 et
1632 4965 1980 5019 monasteriis
2004 4980 2098 5033 per

538 5058 815 5105 curatores
851 5062 1089 5107 extructa
1114 5063 1258 5105 sunt.

611 5318 695 5373 l9.
732 5317 901 5371 Porro
936 5318 1118 5370 abiere
1147 5331 1421 5383 [irmcones
1445 5318 1511 5372 ad
1545 5318 1709 5374 multa
1748 5320 1893 5379 illius
1941 5322 2101 5376 ditio-

540 5409 621 5461 nis
653 5408 791 5470 loca,
822 5417 881 5459 ut
919 5408 1125 5461 dit-tum
1148 5418 1250 5472 est,
1283 5417 1337 5462 et
1366 5424 1500 5477 quos
1530 5425 1777 5480 reperere
1806 5411 2101 5469 Thessalo-

540 5501 810 5562 nicenses,
830 5499 922 5567 qui
946 5506 1070 5552 ante
1100 5500 1389 5554 nonnullos
1419 5517 1589 5556 annos
1614 5518 1795 5557 rerum
1828 5506 2097 5573 angustiis

540 5591 710 5657 pressi
751 5603 815 5642 ex
846 5606 908 5644 ea
936 5603 1297 5655 secesserant,
1335 5594 1497 5647 etiam
1554 5596 1601 5647 vi
1634 5599 1860 5649 reduces
1900 5596 2095 5659 fecere,

537 5682 775 5748 captivos
803 5682 928 5736 item
954 5688 1334 5752 quoquomodo
1364 5684 1417 5738 in
1448 5685 1757 5741 libertatem
1775 5686 2093 5743 vindicatos.

2206 4517 2374 4583 ἱερὰν,
2400 4518 2490 4569 τὸν
2538 4518 2636 4586 μὲν
2680 4519 2753 4581 ὡς
2795 4521 3065 4589 σύμϐολον
3094 4525 3248 4591 νίκης
3281 4524 3377 4576 καὶ
3406 4526 3503 4592 τῆς
3529 4541 3757 4592 γεγενη-

2203 4606 2368 4674 μένης
2398 4607 2674 4671 ἁλώσεως,
2715 4612 2812 4678 τὴν
2836 4611 2880 4663 δ’
2898 4612 2969 4675 ὡς
2996 4615 3088 4665 καὶ
3122 4614 3225 4683 πρὸ
3246 4614 3452 4683 χρόνων
3480 4616 3629 4683 παρά
3652 4614 3756 4665 τῶν

2200 4696 2457 4766 Τούρκων
2484 4699 2806 4767 ληφθεῖσαν,
2844 4704 2940 4755 καὶ
2974 4706 3053 4766 είς
3085 4707 3405 4771 συναγωγὰς
3436 4705 3614 4757 αὐτῶν
3638 4703 3757 4757 τού-

2199 4804 2323 4848 τους
2349 4789 2677 4856 μετήμειψε,
2710 4794 2803 4844 καὶ
2825 4794 2907 4844 ὅτι
2930 4795 3227 4861 περιφανὲς
3250 4795 3391 4846 κατὰ
3414 4794 3509 4863 τὴν
3544 4793 3757 4863 Ἀδρια-

2200 4878 2450 4930 νούπολιν
2502 4880 2781 4949 βαλανεῖον
2831 4884 2898 4934 ὲκ
2966 4885 3183 4952 βάθρων
3232 4884 3414 4936 αὐτῶν
3473 4886 3756 4952 ἀνεγείρας

2202 4970 2531 5038 μαρμάρους
2564 4972 2738 5040 χιλίας
2767 4973 2969 5037 ἐξελεῖν
2999 4976 3211 5043 έπεμψε
3245 4977 3341 5028 καὶ
3369 4977 3591 5041 κομίσαι
3623 4975 3757 5041 πρὸς

2200 5060 2298 5127 τὴν
2325 5062 2559 5129 ἐδάφους
2584 5064 2894 5132 οἰκοδομίαν
2927 5066 3137 5127 αὐτόθι,
3164 5066 3305 5118 ναῶν
3343 5065 3503 5134 ίερῶν
3535 5066 3625 5116 καὶ
3666 5082 3759 5130 μοι

2200 5148 2308 5198 νῶν
2347 5148 2549 5212 ταύτας
2584 5152 2737 5221 παρὰ
2778 5152 2885 5206 τῶν
2913 5154 3273 5221 πεμφθέντων
3296 5152 3530 5222 ἀφειδῶς
3559 5151 3757 5222 ὲκόλη·

2202 5237 2412 5300 θείσας.

2274 5330 2358 5381 ιθ’.
2401 5329 2547 5382 Ἀλλ’
2595 5332 2841 5401 ἀπῆλθον
2882 5335 2982 5400 μὲν
3029 5336 3077 5387 οἱ
3119 5336 3360 5402 κήρυκες
3401 5333 3544 5385 κατὰ
3588 5330 3755 5385 πολλὰ

2200 5420 2301 5485 τῆς
2322 5418 2416 5469 ὑπ’
2445 5420 2593 5489 αὐτῷ
2626 5424 2787 5491 μέρη,
2818 5424 2893 5486 ὡς
2913 5425 3311 5493 διειλήφειμεν,
3348 5426 3442 5478 καὶ
3466 5428 3589 5488 τοὺς
3611 5427 3755 5496 εύρι-

2200 5508 2499 5576 σκομένους
2523 5512 2628 5562 ἀπὸ
2654 5514 3059 5582 Θεσσαλονίκης
3092 5518 3149 5569 ὲν
3172 5517 3306 5585 αὐτῇ
3333 5518 3755 5583 κατηνάγκασαν

2200 5599 2628 5669 ἐπανέρχεσθαι,
2682 5606 2885 5669 αὐτοῦς
2942 5607 3049 5677 πρὸ
3096 5607 3303 5678 χρόνων
3339 5608 3503 5676 μόνον
3553 5610 3755 5678 ταύτης

2199 5690 2516 5761 ἀπάραντας
2556 5696 2615 5746 ὲκ
2653 5699 2751 5765 τῆς
2793 5697 2899 5750 τῶν
2931 5698 3117 5753 δεινῶν
3169 5701 3469 5768 συνεχείας,
3522 5702 3658 5754 ἀλλὰ
3691 5704 3753 5771 δὴ
