4096 6300
430 379 531 443 621

1442 387 1539 447 DE
1584 382 1897 451 EXCIDIO
1937 384 2684 454 THESSALUNICENSI.

3548 393 3655 457 622

429 490 526 540 καὶ
552 487 662 541 τῶν
699 486 1064 557 αἰχμαλώτων
1099 492 1477 564 γεγενημένων
1510 499 1632 559 τοὺς
1661 497 1977 570 ὁθενδὴποτε

2092 498 2337 568 Namque
2372 506 2533 568 quam
2557 493 2769 563 plurimi
2795 493 3003 564 piorum
3037 494 3338 561 hominum.
3375 498 3649 557 infortunii

426 579 527 648 τῆς
559 575 874 646 ἐλευθερίας
905 580 1261 649 ἠξιωμένους.
1311 584 1736 653 ”Ηλευοἐρωνται
1767 592 1990 662 καὶγὰρ

429 671 608 724 ἱκανοὶ
658 671 870 723 πολλῶν
918 670 1182 739 θεοφιλῶν
1241 666 1381 746 ύπέρ
1430 681 1783 750 ἀναῤῥύσεως
1834 684 1991 752 ἡμῶν

428 762 727 831 προθύμως
763 765 1160 831 κεκινημένων,
1193 770 1286 819 καὶ
1336 770 1569 837 μάλιστα
1607 773 1700 824 τοῦ
1728 774 1836 826 τῶν
1860 775 1990 844 Σέρ-

428 854 540 905 ίων
564 854 852 921 ἄρχοντος,
887 848 929 920 ᾧ
958 855 1066 908 τῶν
1092 856 1270 909 ἄλλων
1302 860 1467 912 αὑτοῦ
1500 864 1992 931 πλεονεκτημάτων

427 942 708 1013 ἐξαίρετον
732 946 765 1014 η
800 945 936 1014 πρὸς
962 948 1089 1009 τοὺς
1124 948 1411 1016 δεομένους
1440 952 1586 1003 ἐστὶν
1612 951 1827 1007 εὐποιία
1863 955 1991 1008 ἐκα-

430 1049 607 1087 στοτε.
659 1033 898 1104 Χρυσίον
947 1039 1042 1089 καὶ
1094 1040 1203 1107 γὰρ
1244 1034 1401 1101 οὗτός
1458 1060 1600 1096 τισιν
1640 1038 1715 1107 οἷς
1767 1040 1989 1115 ἐθάρρει

427 1124 676 1191 χειρίσας
721 1128 809 1178 ἐπ’
860 1128 1143 1200 ἐλευθερίᾳ
1185 1130 1292 1182 τῶν
1324 1133 1685 1202 αἰχμαλώτων
1710 1135 1868 1188 τοῦτο
1900 1132 1985 1188 δο-

427 1214 588 1281 θῆναι
648 1219 1120 1285 παρεκελεύσατο.
1179 1223 1283 1275 Καὶ
1338 1224 1440 1275 οὐκ
1475 1226 1581 1278 ἀπὸ
1632 1226 1731 1293 τῆς
1778 1228 1987 1280 ἐκείνου

427 1300 655 1371 γνώμης
682 1306 904 1371 ἐγένετο
925 1323 940 1339 ο
973 1309 1231 1376 ἐπρίαντο
1261 1312 1369 1380 γὰρ
1396 1311 1491 1364 τοῦ
1520 1316 1745 1383 χρυσίου
1781 1318 1826 1369 οἱ
1853 1316 1990 1385 πρὸς

408 1393 557 1444 Ἰιιῦτὸ
579 1396 900 1461 τεταγμένοι
940 1398 1188 1461 πολλοὺς.
1218 1400 1266 1453 οἳ
1300 1402 1364 1469 δὴ
1404 1405 1499 1456 καὶ
1542 1406 1853 1469 ἐπανιόντες
1894 1408 1988 1459 ἐπί

423 1481 522 1547 τὴν
548 1482 723 1538 πόλιν.
757 1482 831 1544 ὡς
861 1483 1102 1547 εἰκάζειν
1149 1486 1368 1556 ἔχομεν,
1405 1491 1566 1559 μέχρι
1615 1493 1708 1544 τοῦ
1744 1494 1839 1545 νῦν
1879 1495 1987 1549 είσι

429 1573 568 1639 μετά
602 1571 710 1625 τῶν
740 1573 837 1625 ἀπ’
866 1574 1043 1629 ἄλλων
1071 1578 1249 1631 τόπων
1273 1580 1610 1650 ἐληλυθότων
1641 1582 1776 1636 ὡσεὶ
1804 1583 1984 1653 χίλιοι.

426 1658 488 1709 Ei
520 1658 576 1712 δὲ
604 1662 700 1712 καὶ
726 1662 1081 1731 συναριθμεῖν
1113 1682 1194 1728 τις
1223 1669 1394 1721 ἐθέλοι
1426 1671 1521 1723 καὶ
1556 1672 1680 1735 τοὺς
1708 1673 1805 1740 τὴν
1834 1674 1989 1727 πόλιν

425 1747 753 1815 οἰκήσαντας
793 1748 1095 1819 Τούρκους,
1150 1748 1261 1807 εἶεν
1315 1758 1380 1809 ἂν
1408 1758 1543 1811 ὡσεὶ
1572 1758 1840 1830 δισχίλιοι.
1872 1766 1988 1815 Διε-

2093 585 2569 645 commiseratione
2596 579 2951 650 devictorum,
2987 586 3327 653 liberalitate,
3355 600 3407 645 et
3433 594 3651 660 potissi-

2096 695 2240 731 mutn
2283 680 2576 732 Servoru'm
2603 675 2885 745 principis,
2916 678 2999 730 cui
3029 666 3301 747 praealiis,
3329 683 3525 751 quibus
3548 701 3725 743 eas-1n

2095 779 2239 824 teres
2275 779 2515 838 superat,
2552 766 2846 823 virtutibus
2885 768 3211 837 pracipunm
3248 783 3330 826 est
3366 775 3418 827 in
3447 789 3651 835 egenos

2092 858 2473 921 beneficentia,
2510 858 2770 928 redempti
2804 854 3036 913 fuerant.
3070 858 3119 914 ls
3146 859 3290 916 enim
3317 871 3507 917 aurum
3531 867 3651 920 fidis

2091 951 2281 1005 amicis
2328 951 2698 1005 concreditum
2738 963 2838 1019 pro
2889 944 3138 1005 libertate
3171 954 3509 1021 captivorum
3546 956 3648 1009 im-

2092 1040 2249 1107 pendi
2307 1042 2654 1094 mandaverat
2693 1057 2707 1105 ;
2746 1054 2918 1109 neque
2949 1041 3175 1095 consilio
3220 1042 3513 1099 frustratus
3542 1056 3647 1108 est,

2090 1144 2156 1181 eo
2191 1124 2459 1198 siquidem
2493 1138 2626 1185 θυι-0
2657 1131 2853 1186 multos
2879 1133 2945 1185 ab
2974 1144 3041 1187 eo
3077 1132 3227 1187 missi
3262 1136 3647 1198 redemertmt;

2089 1218 2182 1287 qni
2213 1221 2415 1274 reversi
2450 1222 2501 1273 in
2540 1222 2794 1289 patriam,
2827 1233 2887 1275 ut
2911 1223 3253 1291 conjicimus,
3281 1226 3345 1277 ad
3377 1227 3477 1279 hoc
3516 1236 3653 1280 tem-

2090 1324 2188 1377 pus
2219 1318 2340 1364 cum
2373 1308 2513 1373 aliis,
2547 1312 2637 1378 qui
2670 1324 2735 1364 ex
2766 1313 2993 1367 diversis
3020 1310 3155 1368 locis
3206 1315 3311 1367 huc
3338 1318 3646 1381 accurrere,

2089 1408 2215 1452 sunt
2245 1406 2471 1453 numero
2497 1399 2662 1453 mille.
2689 1398 2752 1454 Et
2775 1401 2820 1455 si
2849 1403 2970 1470 quis
2995 1402 3154 1456 simul
3184 1398 3391 1458 Turcas
3421 1406 3647 1473 ltujuste

2090 1489 2245 1543 urbis
2277 1490 2611 1546 habitatures
2643 1490 3343 1556 numeraverit,eruutfere
3375 1494 3456 1550 bis
3477 1496 3646 1551 mille.

2087 1572 2461 1647 Opinabamur
2485 1595 2614 1635 vero
2648 1580 2832 1634 urbem
2861 1595 3048 1635 rursus
3080 1582 3363 1650 pristinum
3399 1584 3647 1638 decorem

2091 1676 2449 1733 recepturam,
2481 1676 2534 1721 et
2567 1668 2820 1735 pietatem
2862 1670 3017 1723 novis
3046 1669 3270 1725 ﬂoribus
3308 1678 3647 1727 emerseram

2089 1764 2164 1818 et,
2198 1766 2256 1809 ut
2308 1767 2487 1820 antea,
2532 1757 2688 1828 longe
2719 1757 2933 1828 lateque
2977 1758 3372 1830 divagaturam.
3410 1760 3477 1817 Et
3506 1763 3644 1818 forte

423 1834 691 1902 voo'Jpelia
730 1837 784 1888 δέ
834 1839 932 1907 τὴν
980 1840 1135 1893 πόλιν
1175 1845 1267 1895 καὶ
1305 1841 1461 1908 αὖθις
1503 1846 1600 1917 τὴν
1650 1850 1779 1916 πρὶν
1816 1844 1977 1919 αὐτῆς

2089 1838 2338 1902 eilecmm
2359 1846 2655 1914 habuisset,
2679 1847 2731 1902 ni
2757 1860 2939 1903 rursus
2959 1864 3200 1904 meorum
3222 1850 3537 1907 delictormu
3551 1868 3643 1906 co-

422 1924 720 1992 εὐκοσμίαν
752 1928 1044 1980 ἀναλαϐεῖν
1085 1932 1177 1983 καὶ
1208 1933 1275 1985 τὰ
1305 1934 1403 2002 τῆς
1439 1937 1728 2002 εὐσεϐείας·
1750 1940 1983 2009 ἀνθῆσαι

421 2016 517 2066 καὶ
541 2015 909 2084 πλατυνθῆναι
935 2019 1010 2081 ὡς
1038 2023 1320 2090 πρότερον.
1349 2027 1457 2079 Καὶ
1487 2029 1706 2096 γέγονεν
1735 2031 1801 2084 ἂν
1831 2036 1979 2099 ἴσως,

423 2103 475 2154 εί
518 2104 592 2172 μὴ
618 2104 710 2156 καὶ
753 2106 915 2159 πάλιν
950 2107 1010 2160 τὸ
1054 2109 1256 2179 πλῆθος
1284 2114 1389 2165 τῶν
1419 2116 1702 2187 ἡμετέρων
1736 2122 1985 2191 σφαλμά-

420 2208 531 2243 των
555 2194 808 2282 ἐμποδὼν
831 2199 1096 2266 ἐγεγόνει,
1118 2203 1261 2272 καὶὴ
1293 2209 1461 2258 κακία
1496 2211 1568 2276 μὴ
1597 2212 1774 2279 χώραν
1805 2211 1983 2282 εὗρεν.

431 2281 525 2344 Ἐξ
572 2275 633 2337 οὗ
681 2287 854 2355 γὰρὴ
901 2284 1055 2352 πόλις
1100 2292 1412 2360 δεδούλωτο,
1467 2302 1559 2350 καὶ
1680 2275 1983 2373 -Μουράτης

421 2371 602 2423 πάντα
636 2377 729 2425 καὶ
782 2374 1057 2444 κτίσματα
1089 2383 1183 2431 καὶ
1229 2384 1481 2452 κτήματα
1514 2388 1607 2438 καὶ
1636 2387 1768 2450 νεὼς
1802 2391 1984 2459 ἱεροὺς

422 2460 519 2511 καὶ
554 2464 723 2530 μονὰς
775 2468 864 2517 καὶ
908 2468 1006 2529 τὰς
1044 2470 1153 2521 τῶν
1189 2475 1459 2541 προσόδων
1497 2470 1675 2528 αύτῶν
1725 2481 1984 2550 ἀφορμὰς

423 2552 739 2607 ἐπανιοῦσιν
762 2556 892 2625 ημῖν
920 2560 1029 2621 τοῖς
1053 2562 1407 2633 ὁπωσδήποτε
1434 2566 1532 2633 τῆς
1546 2567 1785 2633 δουλείας
1814 2573 1983 2623 ἀπαλ-

422 2632 635 2710 λαγεῖσι
672 2643 970 2716 φιλοτίμως
1019 2652 1113 2703 καὶ
1147 2632 1440 2722 γράμμασι
1477 2632 1569 2711 καὶ¹
1614 2661 1788 2728 λόγοις
1821 2661 1983 2716 δεδώ-

423 2750 577 2803 ρητο,
630 2738 907 2806 πανταχοῦ
938 2758 996 2792 τε
1042 2745 1153 2805 τοῖς
1203 2746 1623 2816 ἀφικνουμένοις
1673 2752 1983 2826 ἐλευθερίαν

423 2825 681 2896 ἐκήρυξε,
740 2833 831 2882 καὶ
884 2836 984 2895 τὰς
1042 2836 1220 2887 αὐτῶν
1270 2839 1445 2902 οἰκίας
1482 2842 1574 2894 καὶ
1618 2842 1716 2896 ὅσα
1750 2825 1983 2914 ἀκίνητα

421 2918 624 2981 πάντες
677 2920 964 2989 ἀνέλαϐον,
1014 2929 1106 2978 καὶ
1150 2922 1302 2995 τάξις
1335 2934 1484 2985 πᾶσα
1533 2936 1625 2986 καὶ
1658 2934 1802 2990 ἅπαν
1831 2937 1983 3003 ἔθνος

420 3010 520 3078 τῆς
570 3012 777 3074 πόλεως
817 3015 954 3083 πρὸς
990 3014 1248 3087 δευτέραν
1296 3019 1520 3092 αὔξησιν
1573 3027 1665 3078 καὶ
1697 3026 1979 3083 ἀνακαινι-

422 3100 559 3168 σμδν
601 3102 920 3171 προϐαίνειν
955 3106 1289 3177 ἀπήρξαντο,
1349 3106 1552 3184 ποιμήν
1605 3130 1667 3169 τε
1724 3120 1790 3189 τῇ
1827 3121 1981 3173 πόλει

419 3192 854 3261 κεχειροτόνητο,
888 3195 977 3245 καὶ
1013 3190 1274 3266 ἐκκλησία
1319 3203 1551 3273 συνέστη
1579 3204 1673 3255 καὶ
1711 3205 1807 3277 τὴν
1841 3224 1974 3276 προσ

418 3281 582 3349 ’πέραν
610 3283 814 3352 ταύτης
844 3287 995 3351 τάξιν
1017 3288 1309 3360 ἀπείληφε,
1332 3297 1549 3364 μοναχοί
1576 3314 1634 3350 τε
1657 3294 1764 3350 τῶν
1797 3300 1975 3369 μονῶν

418 3370 746 3426 ἐπελάϐοντο
777 3378 869 3428 καὶ
907 3378 995 3430 διὰ
1044 3378 1281 3451 σπουδῆς
1312 3385 1594 3439 ἐποιοῦντο
1637 3388 1735 3458 τὴν
1770 3390 1975 3443 τούτων

418 3461 678 3527 ἐπίδοσιν,
728 3468 819 3518 καὶ
859 3465 1058 3532 πάντες
1094 3471 1274 3526 ἐλπίσι
1318 3474 1585 3545 χρησταῖς
1615 3479 1972 3549 ἐτρεφόμεθα,

421 3555 516 3603 καὶ
568 3556 851 3623 συντόμως
904 3560 1077 3612 εἰπεῖν
1116 3563 1225 3614 τῶν
1280 3565 1343 3618 ἐκ
1396 3562 1496 3637 τῆς
1532 3568 1787 3632 ἁλώσεως
1840 3572 2009 3641 ἡμῖν

418 3641 684 3697 ἐπιόντων
738 3649 921 3701 κακῶν
971 3651 1069 3720 τὴν
1134 3656 1360 3724 μνήμην
1408 3658 1824 3729 ἀπεϐαλόμεθα,
1884 3662 1977 3713 καὶ

2089 1939 2175 2005 pia
2204 1939 2507 1993 obstitisset
2538 1941 2800 2010 datusque
2831 1949 2976 1996 esset
3006 1945 3156 1997 locus
3185 1945 3541 2011 improbitati.
3566 1944 3641 1999 Ex

2084 2044 2195 2097 quo
2243 2029 2384 2083 enim
2418 2032 2609 2085 civitas
2642 2032 2959 2100 captivitate
2992 2046 3178 2101 pressa
3212 2030 3409 2093 fuerat,
3445 2043 3500 2087 et
3530 2033 3640 2086 ιιιι.

2088 2129 2231 2174 rates
2258 2121 2435 2176 omnia
2459 2131 2509 2175 et
2537 2122 2761 2177 aedificia
2789 2126 2844 2178 et
2867 2124 3243 2191 possessiones
3261 2133 3312 2178 et
3335 2138 3487 2179 sacra
3512 2133 3637 2178 tem-

2089 2207 2169 2276 pla
2200 2218 2256 2263 et
2279 2210 2601 2264 meuasteria
2633 2219 2689 2266 et
2718 2225 2905 2265 eorum
2937 2212 3144 2264 reditus
3180 2213 3339 2266 nobis
3368 2220 3637 2267 reverteno

2087 2294 2230 2352 tibus
2266 2302 2482 2368 quoquo
2501 2300 2659 2358 modo
2687 2302 2870 2357 liberis
2887 2302 3049 2357 factis
3073 2304 3357 2373 magnifice
3372 2306 3638 2373 etscriptc

2086 2398 2138 2443 et
2168 2403 2417 2445 sermone
2449 2390 2711 2462 elargitus
2736 2400 2842 2459 est,
2872 2400 2927 2448 ct
2955 2393 3086 2448 locis
3117 2409 3179 2449 ex
3211 2395 3457 2451 omnibus
3478 2399 3638 2450 adve-

2086 2478 2359 2533 nientibus
2411 2476 2717 2537 libertatem
2771 2483 2948 2550 palam
2983 2484 3173 2548 edixit,
3205 2482 3257 2538 et
3286 2500 3410 2541 suas
3448 2487 3645 2543 domus

2084 2556 2137 2617 et
2155 2580 2486 2633 quaecunque
2505 2570 2798 2623 immobilia
2818 2585 3004 2626 omnes
3026 2580 3492 2642 reCuperarnnt,et
3510 2578 3644 2630 ordo

2085 2653 2265 2706 Omnis
2289 2664 2343 2708 et
2367 2671 2499 2724 gens
2531 2657 2783 2712 universa
2811 2659 3049 2713 civitatis
3080 2663 3318 2715 secundo
3343 2665 3525 2730 augeri
3562 2681 3647 2719 re-

2086 2746 2383 2813 novarique
2406 2747 2547 2799 baud
2579 2748 2917 2817 improspere
2938 2764 3175 2819 coepere,
3201 2761 3253 2805 et
3280 2762 3467 2820 pastor
3491 2755 3644 2812 urbis

2086 2842 2324 2898 creatus,
2358 2844 2411 2888 et
2441 2834 2682 2890 Ecclesia
2714 2837 2959 2892 constitit
2989 2839 3102 2893 suis
3139 2841 3401 2897 institutis
3425 2846 3647 2914 conspia

2083 2937 2209 2987 cua,
2240 2932 2293 2976 et
2351 2927 2951 2983 mouacltimeuasteria
3005 2940 3294 2989 tenuerunt
3319 2944 3371 2988 et
3402 2937 3643 2991 studiose

2084 3015 2372 3069 admodum
2423 3032 2607 3071 eorum
2664 3020 2967 3090 augmentis
3016 3023 3314 3091 inhiabant,
3346 3041 3643 3097 omnesque

2086 3122 2182 3177 spe
2214 3108 2550 3163 lactabamnr
2579 3113 2739 3175 bona,
2772 3120 2827 3166 et
2858 3122 2916 3167 ut
2946 3113 3184 3169 breviter
3218 3132 3304 3172 me
3330 3121 3637 3189 expediam,

2087 3196 2350 3253 malorum
2378 3204 2595 3270 propter
2615 3202 2886 3258 excidium
2909 3204 3063 3260 nobis
3081 3206 3351 3263 illatorum
3378 3213 3637 3266 memoria

2083 3292 2282 3346 amissa
2338 3295 2705 3358 gaudebamus
2742 3304 2838 3364 pro
2892 3297 2958 3351 iis
2992 3312 3111 3365 quae
3150 3299 3304 3356 nobis
3360 3303 3638 3371 insperato

2080 3382 2408 3454 obtigerant,
2452 3395 2505 3438 et
2562 3386 2847 3456 pristinam
2907 3387 3220 3444 felicitatem
3272 3396 3636 3462 tranquillita-

2084 3483 2297 3544 temque
2324 3484 2738 3530 consecuturam
2782 3477 2966 3531 urbem
3000 3480 3371 3549 sperabamus,
3412 3494 3525 3538 tum
3569 3502 3636 3542 ex

2085 3569 2259 3631 nobis,
2282 3578 2354 3624 .ut
2383 3570 2667 3638 proverbio
2712 3571 2906 3635 fertur,
2932 3572 3107 3625 lorum
3143 3583 3415 3643 sumptum
3445 3587 3553 3641 est,
3582 3590 3638 3633 et

2085 3676 2203 3729 quae
2225 3663 2681 3729 exspectabantur
2701 3663 2863 3727 bona,
2880 3663 2930 3716 in
2952 3666 3281 3720 contrarium
3303 3668 3634 3724 reciderunt.

418 3733 692 3802 χαίροντες
723 3735 865 3809 ἦμεν
898 3744 984 3810 ἐφ’
1017 3743 1097 3809 οἷς
1126 3748 1402 3815 ἀδοκήτοις
1431 3750 1713 3820 ἐτύχομεν,
1753 3754 1844 3805 καὶ
1880 3754 1975 3823 τὴν
2012 3754 2287 3824 προτέραν
2305 3753 2603 3806 ἀπολαϐεῖν
2624 3757 2723 3826 τὴν
2751 3758 2907 3809 πόλιν
2966 3758 3256 3828 εὐετηρίαν
3310 3762 3631 3833 ἠλπίζομεν,

414 3820 525 3873 τότ’
550 3818 609 3887 ἐξ
637 3820 815 3894 ἡμῶν,
842 3831 874 3898 ἡ
901 3830 1169 3903 παροιμία
1202 3838 1385 3905 φησὶν,
1408 3841 1436 3890 ό
1467 3818 1967 3910 ίμάςέξετὲτμητο,
2006 3818 2099 3896 καὶ
2122 3818 2202 3907 εἰς
2234 3844 2545 3898 τούναντίον
2575 3845 2645 3898 τά
2673 3818 2778 3899 τῶν
2806 3850 3038 3903 ἐλπίδων
3063 3818 3536 3926 περιετράπησαν..

492 3917 560 3973 κ’.
593 3922 704 3976 Καὶ
733 3923 795 3992 δὴ
840 3930 907 3995 τῇ
938 3927 1306 4003 Θεσσαλονίκη
1331 3934 1742 4005 ἐπιδεδημηκὼς
1771 3928 1801 3990 ό
1829 3940 1975 3991 Μου-

415 4012 584 4080 ράτης
620 4014 914 4084 (δεύτερον,
956 4015 1147 4088 οἶμαι,
1199 4024 1496 4090 τηνικαῦτα
1524 4027 1808 4079 διίππευεν
1855 4030 1972 4091 ἔτος

412 4102 555 4168 μετὰ
602 4104 696 4169 τὴν
734 4106 937 4159 ἆλωσιν
974 4106 1002 4178 ἦ
1048 4112 1252 4181 τρίτον)
1284 4114 1370 4179 ἐφ’
1411 4108 1455 4181 ᾧ
1487 4114 1691 4185 ταύτην
1721 4119 1847 4172 ἰδεῖν
1878 4121 1972 4172 καὶ

412 4191 802 4265 ἀκριϐέστερον
849 4199 914 4251 τὰ
968 4202 1088 4253 κατ’
1143 4202 1318 4272 αὐτὴν
1372 4205 1676 4275 ἱστορῆσαι,
1727 4209 1820 4260 καὶ
1862 4210 1971 4261 τῶν

414 4282 510 4333 ἀπ’
538 4285 705 4351 αὐτῆς
735 4288 915 4339 καλῶν
944 4290 1398 4358 ἀπολελαυκέναι,
1426 4295 1521 4347 καλ⁵
1550 4297 1780 4365 δωρεαῖς
1805 4299 1971 4367 μεγά-

412 4368 532 4433 λαις
588 4374 1193 4447 ἀντιφιλοτιμήσασθαι,
1248 4383 1339 4434 τὸν
1371 4385 1579 4438 ἐκείνου
1615 4404 1673 4438 τε
1717 4386 1789 4455 τῷ
1817 4389 1967 4453 φιλο-

2148 3938 2237 3991 20.
2260 3938 2391 3991 Nam
2418 3932 2854 3994 Thessalonicam
2890 3953 3136 4011 repetens
3159 3940 3395 4004 Mursles
3425 3952 3638 4018 (secun-

2080 4030 2181 4083 dus
2215 4036 2323 4081 tum
2355 4030 2609 4084 currebat
2636 4032 2721 4084 vel
2770 4033 2957 4087 tertius
2990 4045 3110 4101 post
3140 4036 3406 4094 excidium
3436 4045 3633 4111 annus)

2079 4129 2139 4173 ut
2164 4135 2285 4175 eam
2325 4121 2602 4185 inviseret,
2637 4125 3049 4193 accuratiusque
3079 4143 3167 4183 res
3199 4131 3342 4185 illius
3386 4135 3634 4189 addisce.

2079 4216 2182 4274 ret,
2208 4218 2265 4264 et
2295 4209 2449 4264 bonis
2483 4211 2627 4267 illius
2664 4213 2955 4279 frueretur,
2986 4220 3041 4271 et
3069 4216 3381 4277 muneribus
3421 4226 3635 4279 munifi-

2077 4300 2155 4353 cis
2203 4302 2554 4356 contenderet
2604 4317 2726 4356 cum
2779 4320 2878 4359 suo
2938 4310 3315 4377 progenitore,
3379 4313 3635 4384 illiusque

2076 4391 2315 4461 vestigiis
2347 4393 2625 4447 insiSteret
2653 4395 2744 4464 qui
2784 4394 3168 4454 Thessalonica
3204 4403 3403 4465 potitus
3431 4408 3632 4471 gratias

412 4460 554 4529 τίμῳ
586 4464 683 4530 τῆς
717 4467 942 4537 γνώμης
977 4473 1317 4540 μιμήσασθαι
1355 4477 1646 4543 πρόγονον,
1688 4477 1963 4530 Θεσσαλο-

2080 4481 2385 4536 innumeras
2421 4484 2839 4554 largitionesque
2880 4491 3140 4544 maximas
3174 4491 3297 4546 fecit
3330 4508 3345 4547 :
3390 4494 3509 4557 hac.
3552 4498 3633 4550 in—

415 4548 570 4618 νίκης
602 4554 849 4607 κάκεῖνον
880 4563 1231 4631 κρατήσαντα
1267 4565 1364 4617 καὶ
1396 4566 1581 4635 χάρισι
1607 4567 1808 4636 ταύτην
1838 4570 1965 4641 πολ-

413 4642 532 4700 λαῖς
563 4644 955 4714 ἀμειψάμενον,
976 4649 1146 4713 οὕτως
1173 4650 1266 4705 οὖν
1294 4657 1524 4725 γνώμης
1551 4656 1690 4726 ἔχων
1713 4662 1807 4713 καὶ
1829 4664 1967 4729 μετά

413 4735 670 4803 τοιαύτης
724 4738 917 4799 ἐλθὼν,
955 4743 984 4791 ὁ
1034 4743 1091 4794 δὲ
1146 4745 1222 4814 μὴ
1272 4746 1372 4798 οὐκ
1428 4749 1658 4815 ἀγαθαῖς
1704 4751 1967 4821 ὑπαχθεὶς

413 4826 778 4893 συμϐουλίαις
827 4828 1287 4897 μεταϐουλεύεταί
1331 4851 1387 4886 τε
1420 4837 1515 4889 καὶ
1550 4838 1649 4906 τὴν
1694 4843 1966 4910 προτέραν

412 4915 731 4985 μετατίθησι
766 4916 1013 4986 γνώμην,
1042 4920 1136 4973 καὶ
1167 4921 1203 4975 ἀ
1238 4922 1361 4975 καθ’
1390 4924 1448 4977 ὃν
1479 4927 1799 4997 ἐαλώκαμεν
1831 4931 1963 4999 χρόα

407 5007 584 5058 νονοὺ
614 5008 882 5078 πέπραχε,
924 5010 1046 5062 κατ’
1082 5010 1258 5066 ἐκεῖνο
1280 5014 1344 5084 δὴ
1376 5015 1470 5069 τοῦ
1514 5020 1707 5087 καιροῦ
1740 5023 1962 5091 παρώρο

409 5112 547 5163 μητο
571 5094 998 5168 διαπράξασθαι.
1030 5104 1137 5155 Καὶ
1169 5105 1299 5169 γοῦν
1336 5107 1411 5168 ώς
1440 5109 1537 5176 τὴν
1570 5112 1726 5161 πόλιν
1768 5113 1861 5164 καλ⁹
1895 5115 1963 5166 τὰ

356 5209 358 5212 ν
404 5187 522 5239 καθ’
552 5188 780 5241 ἕκαστον
810 5194 1013 5260 ταύτης
1061 5195 1315 5248 θεάσαιτο
1353 5198 1448 5249 καὶ
1493 5199 1667 5268 πάσης
1701 5204 1759 5254 ἐν
1794 5206 1961 5277 ταύτῃ

403 5278 687 5348 ῥᾳστώνης
726 5281 1177 5347 ἐπαπολαύσειεν,
1211 5286 1285 5349 ὠς
1318 5288 1427 5340 τῶν
1465 5290 1599 5361 αὐτῇ
1650 5296 1961 5361 προσόντων

400 5369 582 5421 καλῶν
629 5372 707 5432 είς
742 5373 901 5440 κόρον
956 5380 1463 5446 κατατρυφήσειεν,
1513 5381 1867 5452 ἀγαπητικῶς
1899 5406 1960 5440 τε

398 5458 494 5525 οὐχ
532 5459 734 5527 ἥκιστα
769 5463 937 5534 ταύτῃ
981 5466 1275 5536 διατεθείη,
1309 5472 1406 5523 καὶ
1454 5475 1620 5526 πᾶσιν
1666 5466 1795 5544 ἡμῖν
1825 5478 1958 5549 θαρ-

398 5547 513 5612 ρεῖν
551 5549 667 5617 δοίη
706 5553 831 5619 περὶ
859 5554 1015 5622 ήμῶν
1044 5557 1110 5608 τὰ
1145 5557 1362 5626 βελτίω,
1404 5562 1618 5631 πρῶτον
1652 5567 1751 5635 μὲν
1779 5547 1958 5637 ψῆφον

397 5638 686 5707 ἐξήνεγκεν
736 5645 853 5694 οἵαν
883 5646 995 5697 οὐδ’
1048 5649 1104 5699 ἐν
1140 5650 1371 5719 ὀνείροις
1426 5653 1550 5705 ίδὼν
1598 5656 1768 5720 οὐδείς
1826 5676 1956 5711 ποτε

398 5730 795 5803 προσεδόκησεν
828 5735 927 5788 ἄν·
962 5738 994 5806 ἡ
1037 5737 1082 5790 δ’
1112 5727 1177 5809 ἧν
1211 5744 1386 5805 πάσας
1412 5743 1511 5811 μὲν
1556 5745 1826 5817 ληφθῆναι
1860 5765 1956 5819 μο-

2066 4586 2250 4639 quam,
2299 4573 2469 4629 fretus
2505 4585 2706 4642 mente,
2759 4577 3010 4649 illiusque
3060 4589 3416 4653 exsequendas
3462 4601 3628 4643 causa

2068 4667 2317 4726 veniens,
2368 4669 2709 4732 postmodum
2760 4664 2916 4724 nfalis
2965 4672 3193 4725 aliorum
3241 4677 3631 4733 monitionibus

2067 4753 2356 4808 distractus
2395 4758 2679 4810 consilium
2726 4762 3125 4832 pristinnmque
3158 4771 3485 4822 sententiam
3515 4785 3631 4822 mtt-

2066 4854 2177 4910 tat;
2205 4856 2259 4899 et
2289 4862 2427 4915 quat,
2454 4863 2561 4917 quo
2588 4852 2727 4919 rapti
2753 4867 2939 4908 sumus
2970 4864 3231 4925 tempore,
3262 4875 3367 4912 non
3398 4866 3624 4934 peregit,

2065 4952 2131 4991 eo
2174 4941 2434 5005 temporis
2481 4944 2743 5010 perlicere
2780 4948 3081 5002 constituit.
3121 4950 3307 5020 Igitur,
3364 4952 3491 5007 licet
3535 4956 3624 5009 ille

2066 5026 2269 5081 diceret
2304 5030 2427 5083 ideo
2458 5046 2517 5085 se
2549 5034 2765 5087 venisse
2798 5042 2855 5087 ut
2902 5038 3090 5091 urbem
3124 5050 3177 5093 et
3220 5041 3429 5112 singula
3477 5045 3625 5100 illius

2062 5115 2540 5185 circumspiceret.
2623 5124 2841 5191 otioque
2905 5135 2956 5178 et
3025 5127 3223 5183 laboris
3301 5133 3621 5187 remissione

2064 5215 2351 5274 uteretur,
2396 5211 2657 5279 bonisque
2715 5215 2855 5270 illius
2926 5212 2997 5269 ad
3053 5222 3391 5276 saturitatem
3454 5224 3620 5277 luxu-

2063 5294 2334 5362 riaretur,
2396 5300 2582 5368 sicque
2657 5319 2760 5356 nou
2820 5305 2998 5359 minus
3072 5308 3125 5362 in
3182 5323 3301 5363 eam
3362 5311 3621 5366 beneVOle

2061 5380 2288 5443 affectus
2367 5387 2591 5446 meliora
2658 5399 2921 5464 speranda
2995 5401 3149 5455 nobis
3216 5402 3269 5455 in
3339 5413 3617 5468 posterum

2062 5480 2414 5549 relinqueret,
2459 5484 2811 5543 nihilominus
2840 5491 3073 5556 primum
3110 5492 3418 5544 mandatum
3447 5491 3615 5556 dedit,

2060 5571 2201 5636 quod
2240 5587 2308 5627 ne
2342 5589 2437 5641 per
2466 5577 2735 5631 somnium
2763 5580 2981 5649 quidem
3015 5581 3282 5649 quispiam
3310 5590 3620 5647 exspectas-

2060 5670 2164 5714 set.
2200 5660 2255 5715 ld
2284 5673 2460 5717 autem
2490 5675 2609 5719 erat
2634 5670 2961 5741 monasteria
2984 5671 3165 5723 omnia
3199 5667 3497 5737 templaque
3527 5684 3622 5723 oc-

2059 5754 2324 5819 cupanda,
2352 5757 2539 5811 eorum
2570 5756 2772 5814 reditus
2802 5774 2990 5815 omnes
3018 5759 3488 5829 possessionesque
3527 5777 3623 5815 ειυς
