4096 6300
386 408 391 415 _
480 329 597 391 esse

1671 315 1995 378 JOANNIS
2023 310 2494 376 ANAGNOST/E

3599 302 3704 367 (94

480 443 753 506 ferendas,
792 448 843 495 et
867 439 921 493 in
953 444 1237 509 angustum
1266 435 1460 506 oppido
1485 449 1571 490 res
1605 444 1821 489 nostras
1844 448 2039 501 cogen-

2149 432 2241 494 νάς
2272 432 2361 483 καὶ
2410 428 2564 492 νεὼς,
2618 424 2798 486 πάσας
2849 423 2904 476 δέ
2961 420 3257 491 προσόδους
3303 418 3482 470 αὐτῶν
3512 423 3607 471 καὶ
3646 416 3719 469 τά

477 534 594 588 das.
643 531 942 597 Quodnon
990 530 1164 582 multo
1206 534 1389 595 postea
1433 524 1633 579 factum
1682 524 1749 579 ab
1780 524 1882 577 illis
1914 522 2047 577 insi-

413 627 671 706 .gniter.
725 622 1148 675 Postea'omnes
1188 620 1399 683 domus,
1452 629 1506 670 et
1578 615 1827 683 quidquid
1905 613 2044 666 aliud

478 724 734 781 praeterea
759 711 813 764 in
845 709 1066 763 civitate
1090 716 1227 770 erat,
1253 708 1430 761 sanxit
1459 705 1709 769 describi,
1734 713 1786 758 et
1819 716 2044 769 separa-

480 804 572 855 tim
608 799 951 870 prarsentium
985 797 1278 863 separatim
1329 795 1629 865 absentium
1661 792 1896 847 censeri.
1942 789 2047 843 No-

482 906 604 944 vum
631 889 777 943 cnim
808 887 1022 942 consilii
1045 900 1218 954 genus
1248 884 1674 952 excogitaverat,
1699 890 1795 935 aut
1823 881 1890 933 ab
1920 878 2044 933 aliis

475 981 843 1049 excogitatum
879 978 993 1046 ipse
1017 976 1360 1045 probaverat,
1391 975 1734 1043 praesentium
1762 971 2047 1025 facultates

477 1073 862 1142 relinquendas
890 1072 958 1125 iis
997 1071 1050 1124 in
1074 1084 1300 1137 quorum
1324 1067 1560 1122 dominio
1586 1076 1764 1128 erant,
1792 1065 1920 1118 licet
1945 1077 2046 1116 ne-

477 1179 583 1232 que
628 1164 727 1216 hoc
780 1162 987 1228 integre
1022 1158 1367 1213 observatum
1401 1165 1525 1220 est;
1563 1153 1887 1215 absentium,
1935 1151 2048 1204 sive

479 1254 554 1327 illi
583 1254 635 1305 in
673 1251 811 1305 vivis
831 1258 1054 1316 agerent
1079 1249 1191 1301 sive
1209 1261 1273 1299 ex
1300 1259 1484 1297 eorum
1517 1256 1744 1295 numero
1768 1240 2046 1293 exturbati

479 1352 703 1398 mortem
744 1339 1118 1409 oppetiissent,
1162 1336 1354 1403 partim
1392 1331 1746 1387 reservandas
1802 1338 2047 1399 postmo-

479 1436 606 1489 dum
638 1433 858 1494 futuris,
896 1429 1091 1500 partim
1121 1426 1314 1481 Turcis
1350 1425 1433 1479 vel
1470 1439 1588 1478 eam
1622 1421 1927 1475 inhabitare
1957 1434 2046 1473 co—

480 1527 614 1581 actis
645 1524 935 1578 dedendas.
969 1519 1127 1585 Quod
1174 1518 1300 1571 item
1352 1516 1553 1569 factum
1608 1522 1710 1568 est.
1755 1509 2047 1579 Postquam

437 1606 440 1609 ’
480 1630 607 1669 vero
633 1613 884 1667 universa
933 1611 1085 1663 urbis
1137 1607 1420 1675 diligenter
1456 1603 1742 1657 admodum
1779 1600 2045 1665 descripta

482 1714 627 1769 sunt,
661 1702 935 1757 nonnullis
965 1716 1032 1753 ex
1072 1699 1271 1751 nostris
1302 1710 1457 1750 suam
1494 1707 1714 1759 operam
1747 1688 2050 1759 praestanti-

482 1797 604 1861 bus,
642 1793 732 1862 qui
762 1800 939 1845 mente
974 1786 1376 1857 improbissima
1412 1793 1465 1839 et
1500 1784 1665 1853 plane
1700 1780 1879 1833 invida
1911 1794 2046 1834 con-

481 1892 694 1952 ceptum
744 1881 1023 1944 fovebant,
1073 1885 1353 1932 numerata
1401 1884 1529 1927 sunt
1583 1878 1836 1926 accurate
1888 1870 2048 1924 nimis

482 1986 646 2043 atque
675 1972 1033 2032 considerate,
1065 1980 1118 2023 et
1157 1968 1287 2020 duas
1319 1967 1369 2019 in
1404 1972 1607 2032 partes,
1655 1973 1713 2016 ut
1737 1962 2044 2015 mandatum

482 2063 679 2126 fuerat,
698 2062 893 2122 divisa,
916 2069 1025 2112 tum
1050 2054 1369 2110 monasteria
1396 2051 1761 2120 magnitudine
1781 2061 1834 2104 et
1850 2049 2046 2103 decore

482 2155 801 2219 illustriora,
828 2149 1081 2225 similiter
1099 2156 1153 2200 et
1176 2145 1317 2200 cedes
1343 2158 1461 2212 quae
1488 2142 1622 2195 alias
1647 2139 2047 2208 pulchritudine

482 2255 788 2312 ornatuque
818 2240 1167 2310 superabant,
1205 2235 1317 2290 suis
1339 2232 1698 2287 familiaribus
1718 2240 1772 2285 et
1791 2231 1844 2284 in
1870 2230 2048 2299 digni-

487 2346 596 2390 tate
629 2331 941 2387 constitutis
969 2328 1233 2390 attribuit,
1265 2334 1471 2376 tantum
1493 2322 1645 2375 nobis
1664 2328 1893 2388 quatuor
1912 2328 2047 2373 tem-

485 2426 608 2494 plis,
641 2420 923 2478 catholicis
949 2418 1128 2481 dictis,
1163 2416 1215 2469 id
1246 2414 1562 2468 enixissime
1604 2420 1816 2480 pastore
1849 2424 2046 2477 procu-

487 2527 662 2584 rante,
688 2511 983 2570 concessis.
1004 2509 1261 2575 Reliquas
1284 2520 1411 2560 vero
1440 2518 1627 2559 omnes
1651 2503 1790 2555 aedes
1820 2500 2046 2568 templa-

485 2624 591 2682 que
616 2610 729 2663 l’ere
763 2606 969 2669 omnia,
1005 2602 1097 2670 qui
1137 2601 1204 2653 ab
1235 2598 1358 2652 aliis
1393 2596 1526 2650 locis
1557 2595 1736 2647 sedem
1767 2591 1871 2644 sibi
1900 2591 1951 2642 in
1980 2603 2043 2643 ea

487 2674 839 2755 collocassent
870 2708 1087 2760 suaeque
1138 2691 1321 2757 patria:
1359 2686 1796 2754 praeposuissent,
1829 2690 1881 2735 et
1908 2674 2048 2732 Tur-

486 2794 586 2853 cis,
627 2788 715 2857 qui
770 2801 799 2838 a
843 2781 1086 2839 Genitzis
1131 2777 1261 2831 moli
1309 2776 1541 2835 fuerant,
1598 2771 1734 2823 tradi
1784 2766 2042 2820 decrevit.

485 2884 723 2939 Genium.
754 2878 903 2930 locus
934 2885 1015 2927 est
1040 2878 1248 2939 aequata
1278 2866 1390 2935 agri
1422 2864 1644 2935 planitie
1676 2872 1889 2929 quaqua
1922 2872 2046 2910 ver-

488 2989 608 3028 sum
643 2981 913 3038 expansos
946 2963 1050 3016 diei
1083 2962 1276 3014 itinere
1308 2956 1374 3009 ab
1409 2951 1726 3008 occidentali
1756 2948 1903 3002 urbis
1934 2946 2046 3015 pla-

2147 519 2381 589 κτήματ⁹
2437 516 2829 585 ἀφαιρεθῆναι,
2881 515 2976 566 καὶ
3017 514 3098 573 εἰς
3154 511 3337 562 στενὸν
3383 508 3583 578 κομιδῆ
3642 509 3717 562 τὰ

2144 610 2389 677 ἡμέτερα
2418 605 2781 671 καταντῆσαι,
2807 602 2835 655 δ
2865 602 2960 655 καὶ
2991 604 3071 663 είς
3107 600 3281 668 πέρας
3317 598 3618 666 ἐκϐέϐηκεν
3648 597 3714 649 οὐ

2150 698 2270 769 μετ’
2298 698 2357 750 οὑ
2384 696 2541 749 πολύ.
2586 695 2822 748 Ἔπειτα
2853 692 2909 743 δέ
2950 691 3044 743 καὶ
3069 687 3490 756 καταγραφῆναι
3535 687 3715 749 πάσας

2146 790 2325 852 οἰκίας
2371 790 2462 841 καὶ⁵
2493 788 2545 840 εί
2578 804 2629 839 τι
2679 779 2887 854 προσῆν
2919 783 3108 852 ἕτερον
3144 784 3210 850 τῇ
3248 779 3401 832 πόλει
3434 778 3710 847 προστάτ-

2147 899 2249 943 τει,
2279 880 2370 933 καὶ
2402 880 2568 949 χωρὶς
2614 878 2711 946 μὲν
2748 876 2813 927 τὰ
2851 874 2957 927 τῶν
2992 872 3276 942 παρόντων
3323 873 3486 940 χωρὶς
3532 870 3587 920 δὲ
3640 868 3716 921 τὰ

2146 972 2254 1023 τῶν
2297 970 2547 1024 ἀπόντων
2592 967 3001 1037 ἀριθμηθῆναι”
3045 961 3237 1034 βουλὴν
3277 962 3387 1029 γὰρ
3435 961 3714 1027 ἐνενόησεν

2147 1062 2179 1134 ἢ
2212 1061 2428 1128 ἐδέξατο
2461 1062 2559 1123 τὰς
2594 1061 2695 1127 μὲν
2739 1059 2849 1111 τῶν
2898 1054 3181 1124 παρόντων
3218 1052 3537 1105 καταλιπεῖν
3567 1051 3715 1117 ἔχειν

2146 1153 2271 1214 τοὺς
2299 1150 2504 1204 τούτων
2556 1148 2950 1210 δεσπόσαντας,
2993 1146 3042 1195 εἰ
3093 1142 3187 1195 καὶ
3225 1140 3301 1209 μὴ
3342 1137 3594 1206 καθαρῶς
3623 1136 3719 1190 οὔ-

2145 1262 2254 1302 τως
2303 1245 2483 1314 ἐξέϐη,
2540 1244 2606 1297 τά
2662 1243 2721 1295 δέ
2777 1258 2839 1309 γε
2888 1239 2996 1291 τῶν
3033 1238 3305 1296 ἀπόντων,
3354 1233 3568 1297 ζώντων
3618 1234 3715 1288 καὶ

2148 1336 2513 1403 τεθνηκότων,
2540 1335 2609 1387 τὰ
2663 1335 2759 1402 μὲν
2789 1328 3078 1399 τηρεῖσθαι
3123 1331 3235 1387 τοῖς
3269 1324 3527 1378 εἰσέπειτ*
3556 1326 3714 1377 ἐλευ-

2151 1429 2423 1494 σομένοις,
2455 1424 2524 1476 τά
2553 1424 2607 1476 δέ
2642 1423 2905 1493 Τούρκοις
2938 1420 3161 1487 δοθῆναι
3190 1420 3304 1480 τοῖς
3335 1418 3633 1488 ᾑρημένοις
3676 1414 3711 1484 ἤ

2151 1516 2449 1586 βιασθεῖσιν
2472 1514 2748 1582 ἐνοικῆσαι
2777 1515 2840 1582 τῇ
2865 1512 3039 1575 πόλει,
3063 1510 3317 1577 καθάπερ
3345 1510 3440 1560 καὶ
3464 1509 3713 1574 γέγονεν.

2163 1609 2314 1661 Ἐπεὶ
2345 1607 2403 1660 δέ
2434 1606 2864 1675 κατεγράφησαν
2892 1604 2990 1673 μέν
3021 1602 3158 1670 μετά
3205 1599 3410 1663 πολλῆς
3452 1599 3553 1668 τῆς
3593 1601 3717 1654 ἐπι·

2153 1697 2370 1767 μελείας
2393 1696 2606 1750 ἃπαντα
2645 1696 2712 1747 τά
2755 1694 2853 1762 τῆς
2891 1692 3126 1753 πόλεως,
3164 1690 3320 1742 ἐνίων
3354 1692 3415 1741 ἐκ
3444 1689 3548 1741 τῶν
3577 1690 3715 1757 ἡμε-

2152 1788 2324 1857 τέρων
2352 1785 2485 1854 πρὸς
2508 1784 2656 1837 τοῦτ’
2682 1782 3004 1851 ἐπιτηδείων
3024 1780 3323 1848 ὀφθέντων.
3359 1778 3409 1830 οἳ
3439 1782 3532 1857 καὶ
3562 1778 3709 1831 τοῦτ’

2148 1856 2339 1930 ὤδινον
2363 1877 2425 1927 ἐκ
2454 1873 2806 1940 σκαιοτάτης,
2838 1867 3017 1937 οἶμαι,
3055 1868 3277 1937 γνώμης
3296 1870 3394 1921 ,καί
3424 1856 3713 1937 φθονερᾶς,

2148 1967 2455 2037 ὴρίθμηντο
2503 1964 2560 2016 δέ
2615 1964 2753 2032 μετά
2796 1961 2997 2029 πολλῆς
3039 1959 3324 2025 ἀκριϐείας
3373 1960 3467 2011 καὶ
3498 1960 3715 2011 διασκέ-

2145 2061 2314 2130 ψεως,
2345 2059 2443 2111 καὶ
2471 2057 2592 2126 διχῆ
2621 2056 2759 2108 κατά
2800 2053 3152 2120 τούπίταγμα
3193 2050 3547 2121 διῃρέθησαν,
3586 2051 3710 2101 τότε

2146 2150 2209 2220 δὴ
2242 2152 2338 2211 τὰς
2373 2149 2470 2215 μέν
2496 2144 2801 2213 τῶνξμονῶν
2830 2145 2953 2196 ὅσαι
2972 2144 3034 2212 δὴ
3058 2140 3274 2211 μείζους
3302 2142 3396 2193 καὶ
3421 2142 3553 2209 πρὸς
3580 2140 3712 2194 κάλ-

2149 2239 2236 2302 λος
2289 2237 2645 2307 φαιδρότεραι
2696 2237 2806 2296 τοῖς
2859 2231 3079 2292 οἰκείοις
3127 2230 3275 2299 αὐτῷ
3314 2232 3407 2282 καὶ
3455 2225 3609 2283 οὖσιν
3650 2231 3712 2284 ἐν

2146 2329 2452 2396 ἀξιώμασιν
2513 2325 2844 2393 ἐδωρήσατο,
2882 2321 3081 2389 ὁμοίως
3132 2320 3188 2372 δέ
3224 2321 3319 2372 καὶ
3366 2319 3478 2370 τῶν
3515 2320 3703 2370 οἰκιῶν

2146 2421 2270 2474 ὅσαι
2303 2418 2366 2487 δὴ
2398 2416 2647 2477 καλλίους
2674 2411 2810 2485 ἦσαν
2859 2412 2965 2463 τῶν
2998 2410 3171 2464 ἄλλων
3202 2409 3280 2471 εἰς
3306 2426 3361 2461 τε
3395 2408 3589 2471 κάλλος
3615 2408 3710 2461 καὶ

2153 2509 2402 2581 μέγεθος,
2454 2507 2646 2576 μόνους
2679 2506 2808 2573 ἡμῖν
2849 2503 2973 2564 τοὺς
3018 2500 3285 2569 τέσσαρας
3318 2499 3474 2562 νεὼς,
3522 2499 3572 2552 οἳ
3614 2502 3713 2552 καὶ

2148 2600 2424 2653 καθολικοὶ
2445 2598 2721 2664 λέγονται,
2750 2591 3175 2654 καταλελοιπὼς,
3206 2592 3405 2660 πολλὴν
3425 2592 3522 2661 τὴν
3548 2609 3710 2644 σπου-

2147 2692 2237 2762 δὴν
2273 2691 2411 2759 ὑπὲρ
2443 2690 2647 2740 τούτων
2693 2685 2785 2737 τοῦ
2837 2684 3095 2747 ποιμένος
3136 2684 3556 2750 εἰσενεγκόντος.
3600 2682 3711 2745 Τὰς

2148 2782 2203 2833 δέ
2233 2797 2295 2846 γε
2325 2778 2521 2839 λοιπάς
2550 2777 2769 2836 ἁπάσας
2816 2774 2991 2834 οἰκίας
3038 2772 3134 2824 καὶ
3187 2772 3310 2834 τοὺς
3358 2771 3493 2832 νεὼς
3525 2771 3710 2840 σχεδὸν

2147 2873 2357 2931 πάντας
2390 2868 2682 2939 διωρίσατο
2715 2868 2828 2926 τοῖς
2866 2863 2914 2915 τ’
2951 2864 3045 2915 ἀπ’
3081 2863 3256 2917 ἄλλων
3304 2862 3487 2915 τόπων
3527 2863 3710 2931 ἐθελή-

2149 2978 2308 3016 σασιν
2357 2960 2487 3021 ἴσως
2542 2957 2643 3029 τὴν
2702 2955 2858 3006 πόλιν
2915 2953 3037 3007 ἀνθ’
3087 2948 3154 3024 ἦς
3210 2953 3451 3006 οἰκοῦσιν
3495 2953 3709 3006 ἐλέσθ;ι

489 3082 553 3134 gn
580 3063 811 3123 distans,
834 3058 947 3111 sive
971 3053 1051 3107 sui
1068 3050 1374 3111 habilitate,
1392 3046 1505 3099 sive
1531 3044 1673 3097 illius
1696 3040 1787 3110 qui
1813 3038 2042 3107 primum

2150 3040 2582 3122 παρασχεθῆναι,
2628 3048 2719 3099 καί
2752 3047 2862 3107 τοῖς
2909 3044 3019 3097 ἀπὸ
3051 3042 3159 3095 τῶν
3189 3043 3474 3113 Γενητζῶν
3504 3045 3710 3096 ἀπαναο

490 3128 543 3207 in
571 3150 955 3205 habitationem
990 3142 1093 3198 sibi
1122 3141 1295 3194 locum
1319 3137 1558 3203 eli-gerat
1594 3132 1884 3195 industria,
1914 3128 2048 3181 Tur-

490 3257 674 3297 rarum
710 3238 1013 3292 accolarum
1051 3229 1347 3300 frequentia
1385 3228 1721 3285 instruetus;
1750 3217 2045 3289 quemme-

491 3333 604 3390 scio
634 3345 739 3400 qua
772 3329 837 3383 de
886 3340 1071 3389 causa,
1133 3320 1297 3374 animi
1358 3316 1638 3371 recreandi
1699 3312 2049 3379 ferarumque

493 3429 970 3477 imniausuetarum
1011 3410 1394 3481 capiendarum
1427 3406 1599 3475 gratia
1631 3403 1891 3463 Murates,
1925 3414 2047 3453 cum

494 3519 543 3567 in
575 3512 846 3567 civitatem
881 3503 1316 3574 progrederetur,
1366 3497 1548 3550 visens
1576 3493 1687 3547 fere
1732 3489 2051 3547 habitatori-

493 3609 592 3677 bus
630 3603 901 3672 spoliavit,
938 3597 1107 3651 solum
1146 3606 1241 3647 eos
1275 3595 1486 3642 vertere
1521 3602 1623 3655 qua
1658 3592 1875 3654 possent
1898 3576 2050 3635 cele-

491 3674 652 3747 rilatc
671 3692 887 3761 jubwns,
904 3697 957 3740 et
975 3685 1156 3738 sedem
1180 3676 1575 3734 Thessalonicm
1596 3689 1814 3744 ponere.
1834 3671 2047 3727 Iussum

490 3788 774 3852 diligenter
812 3787 1109 3839 curatores,
1144 3771 1285 3826 nulla
1308 3768 1637 3836 interposita
1672 3780 1843 3826 mora,
1868 3777 2050 3825 ,exse-

492 3878 600 3932 cuti
656 3881 800 3935 sunt,
854 3875 1135 3938 pustquam
1196 3862 1283 3915 ille
1337 3860 1695 3918 abscesserat,
1754 3866 2049 3921 omnesque

492 3969 701 4018 'l‘urcas
746 3962 817 4015 ibi
860 3959 1163 4012 habitantes
1198 3966 1295 4006 suo
1327 3952 1559 4003 adventu
1604 3957 1820 4001 coactos
1871 3944 2047 4011 potius

493 4070 655 4124 quam
701 4065 889 4105 suasos
932 4043 1376 4099 Thessalonicam
1417 4042 1704 4101 advexere,
1753 4044 1808 4089 et
1855 4036 2049 4088 domus

494 4148 652 4209 alias,
687 4145 803 4196 loco
834 4154 1020 4193 earum
1052 4150 1188 4205 quas
1216 4132 1291 4186 illi
1325 4131 1694 4198 possederant,
1727 4134 1787 4180 ut
1830 4125 2050 4177 manda-

485 4252 607 4305 tum
627 4237 821 4297 fuerat,
844 4232 1187 4285 dediderunt.
1204 4226 1375 4279 Ambo
1400 4223 1511 4274 haec
1533 4221 1738 4286 itaque,
1760 4223 1819 4269 ut
1837 4218 2047 4283 Opinor,

496 4332 731 4385 Muratcs
770 4325 1063 4381 meditatus
1091 4329 1173 4373 est
1220 4326 1274 4370 et
1315 4315 1386 4367 ita
1424 4312 1537 4366 fieri
1583 4310 1771 4379 jussit,
1827 4315 1939 4359 tum
1994 4313 2050 4357 ut

2149 3144 2307 3195 στᾶσι
2356 3140 2642 3208 Τούρκοις.
2679 3138 2859 3198 Τόπος
2907 3137 2951 3189 δ’
2979 3134 3133 3196 οὗτός
3178 3134 3293 3187 ἐστι
3339 3135 3528 3197 πεδιὰς
3569 3134 3706 3198 ὅλος,

2147 3233 2359 3303 ἡμέρας
2385 3231 2503 3284 ὁδὸν
2532 3228 2639 3283 ἀπὸ
2667 3228 2761 3280 τοῦ
2793 3228 2937 3285 κατά
2965 3226 3118 3279 δύσιν
3148 3226 3349 3294 μέρους
3370 3226 3589 3295 ἀπέχων
3612 3226 3709 3291 τῆς

2148 3325 2376 3387 πόλεως,
2422 3323 2533 3393 εζτε
2575 3324 2640 3390 τῇ
2675 3319 2865 3372 τούτου
2913 3317 3310 3387 ἐπιτηδειότητι
3359 3317 3468 3369 εἴτε
3504 3316 3703 3385 σπουδῇ

2148 3415 2241 3467 τοῦ
2280 3413 2469 3466 τοῦτον
2505 3411 2744 3483 ἀρχῆθεν
2781 3410 3148 3489 ἐκλεξαμένσυ
3181 3408 3317 3478 πρὶς
3347 3408 3553 3474 οἴκησιν
3578 3404 3703 3464 πολε

2114 3560 2115 3563 η
2150 3505 2271 3566 λοὺς
2302 3503 2551 3571 ἐσχηκὼς
2601 3501 2896 3567 οἰκήτορας
2947 3498 3243 3565 ἰὀύρκους.
3291 3498 3386 3546 Ὃν
3420 3494 3477 3563 δὴ
3508 3494 3695 3555 τόπον,

2149 3596 2247 3648 οὐκ
2275 3589 2373 3646 οἷδ’
2417 3594 2563 3653 ὅπως
2614 3591 2706 3642 ἐπὶ
2749 3589 2875 3641 θέαν
2924 3588 3021 3641 καὶ
3056 3587 3210 3650 ζώων
3243 3586 3449 3654 ἀγρίων
3478 3584 3642 3652 θήραν
3670 3582 3698 3634 ὁ

2149 3686 2444 3755 Μουράτης
2472 3682 2671 3743 ἐκεῖσε,
2708 3678 2831 3732 καθ’
2865 3678 2926 3731 δν
2952 3676 3147 3746 κὰιρδν
3168 3677 3319 3745 ἐνεδή
3331 3693 3422 3744 μει
3443 3677 3508 3744 τῇ
3533 3674 3704 3739 πόλει,

2149 3776 2464 3844 γενόμενος,
2504 3771 2691 3841 σχεδὸν
2713 3771 2823 3822 τῶν
2852 3769 3207 3822 ἐνοικούντων
3233 3767 3552 3835 καθίστησιν
3580 3764 3707 3833 ἐρησ-

2154 3883 2274 3935 μον,
2308 3861 2711 3919 ἀπανίστασθαι
2760 3860 2987 3920 τούτους
3016 3859 3077 3910 τὸ
3119 3859 3282 3925 τάχος
3330 3857 3591 3918 κελεύσας
3616 3854 3711 3908 καὶ

2155 3954 2427 4022 μετοικεῖν
2455 3954 2532 4012 εἰς
2577 3948 2996 4016 θεσσαλονίκην.
3039 3948 3104 3998 Ὃ
3134 3946 3199 4014 δη
3246 3945 3574 4013 πρόσταγμα
3622 3947 3712 3997 καὶ

2155 4045 2291 4113 μετά
2318 4043 2549 4108 σπουδῆς
2572 4042 2621 4091 οἰ
2655 4039 2794 4107 πρὸς
2824 4038 2958 4091 αὐτὸ
2986 4038 3309 4105 τεταγμένοι
3345 4035 3709 4105 πεπληρωκό-

2150 4152 2241 4197 τες
2275 4134 2556 4202 ἐφάνησαν
2588 4131 2755 4200 μηδὲν
2799 4129 3168 4198 μελλήσαντας
3222 4126 3358 4196 μετά
3389 4128 3488 4195 τὴν
3516 4125 3709 4178 τούτου

2151 4226 2480 4294 ἀποδημίαν,
2520 4222 2731 4282 πάντας
2775 4220 2830 4275 δὲ
2862 4221 2989 4282 τοὺς
3020 4218 3207 4271 αὐτόθι
3231 4216 3509 4286 Τούρκους
3535 4218 3709 4269 ἐκεῖσε

2153 4317 2434 4383 γενόμενοι
2462 4314 2556 4365 καὶ
2590 4312 2679 4381 βίᾳ
2710 4311 2907 4379 μᾶλλον
2936 4310 2967 4380 ἢ
2997 4309 3175 4360 πειθοῖ
3206 4310 3284 4367 εἰς
3312 4307 3709 4376 Θεσσαλονίκην

495 4423 788 4478 securitate
820 4428 873 4469 ct
901 4412 1146 4469 custodia
1182 4407 1352 4476 magis
1393 4405 1495 4457 lida
1528 4402 1713 4455 urbem
1744 4396 2046 4451 communi-

2154 4406 2474 4474 ἀγηοχότες,
2505 4401 2601 4453 καὶ
2630 4403 2809 4463 οἰκίας
2844 4401 3036 4469 ἐτέρας
3082 4397 3200 4450 ἀνθ’
3224 4390 3299 4450 ὧν
3345 4394 3492 4466 εἶχον
3536 4413 3707 4466 παρει-

495 4526 576 4570 ret
604 4511 927 4567 maritimam
966 4504 1194 4569 ideoque
1228 4497 1407 4549 multis
1451 4502 1695 4563 egentem
1725 4486 2048 4541 habitatori-

492 4608 615 4668 bus,
654 4611 767 4655 tutn
815 4604 872 4650 ut
904 4595 1019 4649 foro
1053 4591 1294 4645 omnium
1346 4599 1524 4639 rerum
1564 4576 1889 4635 abundantia
1939 4576 2048 4629 cir-

486 4678 829 4752 cumﬂuenti,
854 4685 1135 4741 venalibus
1159 4679 1514 4748 undequaque
1536 4670 1828 4729 convectis,
1855 4680 2046 4721 omnes

492 4784 620 4837 urbs
652 4784 716 4834 ad
753 4795 809 4833 se
844 4777 1102 4837 traheret,
1134 4777 1187 4823 ct
1231 4765 1554 4822 mercaturis
1597 4759 2045 4825 commerciisque

489 4868 731 4928 diverSas
779 4868 1024 4921 nationes
1059 4863 1361 4928 indigentes
1410 4854 1764 4910 conuniscens
1794 4863 1862 4905 ex
1900 4848 2043 4903 facili

490 4964 606 5032 ipsa
639 4956 1054 5025 collocupletata
1094 4953 1405 5005 ditcsceret.

2156 4498 2417 4566 σχηκότες
2441 4494 2580 4545 κατὰ
2624 4494 2684 4544 τὸ
2716 4490 3066 4561 πρόσταγμα.
3102 4490 3302 4556 ’Δμφω
3340 4487 3491 4555 γοῦν,
3532 4481 3705 4554 οἶμαι,

2153 4587 2305 4639 ταῦτ’
2333 4588 2360 4637 ό
2392 4584 2683 4653 Μουράτης
2736 4581 3023 4650 ἐσκέψατο,
3064 4580 3159 4633 καὶ
3197 4578 3343 4630 τοῦθ’
3376 4578 3519 4630 οὕτω
3558 4576 3709 4644 γενέ-

2155 4678 2278 4730 σθαι
2326 4673 2686 4745 προσέταξεν,
2740 4672 2807 4724 ἵν’
2859 4670 3161 4739 ἀσφάλειαν
3205 4671 3238 4737 ἠ
3278 4669 3434 4728 πόλις
3482 4668 3579 4738 ἔχῃ
3616 4667 3708 4718 καὶ

2153 4765 2397 4835 φυλακὴν
2444 4763 2842 4833 ἀκριῦεστέραν
2890 4763 2956 4813 ἐκ
3002 4759 3217 4821 τούτου,
3255 4758 3522 4829 παράλιος
3575 4753 3709 4810 οὖσα

2150 4856 2244 4906 καὶ
2269 4854 2355 4906 διὰ
2383 4850 2539 4905 τοῦτο
2569 4851 2797 4920 δεομένη
2828 4849 3040 4902 πολλῶν
3077 4850 3452 4914 ἐνοικούντων,
3494 4849 3585 4899 καὶ
3621 4847 3706 4899 ῐνα

2151 4945 2248 5014 τὴν
2286 4944 2488 5012 ἀγοράν
2521 4942 2829 5010 πλήθουσαν
2861 4940 3054 5009 ἔχουσα
3085 4938 3193 4990 τῶν
3227 4938 3405 4991 ὠνίων
3445 4938 3701 4991 ἁπάντων

2156 5035 2236 5094 εἰς
2263 5033 2432 5101 αὐτὴν
2460 5028 2928 5099 εἰσκομιζομένων
2956 5027 3161 5086 πάντας
3189 5027 3321 5096 ἐλκη
3352 5025 3481 5095 παρ’
3518 5027 3705 5093 ἑαυτῇ,

488 5136 883 5213 πραγματειῶν
921 5136 1013 5189 καὶ
1060 5110 1523 5200 συναλλαγμάτῶν
1573 5128 1829 5183 ἁπάντων
1870 5127 2220 5197 μεταδιδοῦσα
2243 5130 2356 5189 τοίς
2404 5125 2668 5196 χρῄζουσι
2713 5122 2807 5174 καὶ
2845 5121 3045 5189 ἑαυτὴν
3090 5119 3288 5189 ῥᾳδίως
3321 5118 3706 5180 πλουτίζουσα.

555 5237 644 5289 ‘21.
682 5232 778 5287 His
834 5231 1012 5300 itaque
1062 5231 1164 5284 hoc
1200 5229 1357 5282 modo
1386 5227 1628 5296 digestis,
1686 5239 1805 5277 cum
1858 5223 2047 5278 Turca:

488 5330 632 5383 mille
679 5337 905 5380 numero
960 5321 1231 5375 civitatem
1297 5327 1653 5385 occupassent
1703 5322 1756 5370 et
1806 5315 2042 5369 omnium

485 5430 676 5476 domos
707 5433 771 5471 ac
819 5413 1011 5484 templa
1047 5426 1141 5482 pro
1169 5411 1496 5465 habitatione
1549 5409 1906 5477 accepissent,
1942 5419 2043 5459 nec

486 5526 592 5566 nou
631 5507 931 5579 promiscue
972 5516 1066 5572 per
1096 5502 1402 5555 universam
1443 5500 1628 5552 urbem
1660 5496 1839 5551 sedem
1882 5494 2048 5548 locas-

487 5611 625 5666 sent,
657 5600 868 5661 civitas,
907 5593 1070 5649 veluti
1119 5591 1329 5662 lugubri
1361 5591 1583 5655 amictu,
1621 5587 1935 5642 confusione
1966 5594 2043 5635 at-

488 5706 593 5762 que
653 5687 993 5743 immunditia
1054 5683 1457 5741 circumvestita
1505 5692 1627 5748 est,
1686 5693 1789 5735 suo
1827 5677 2042 5741 decore,

2220 5229 2329 5277 xa'.
2362 5222 2581 5275 Τούτων
2610 5217 2709 5273 οὖν
2737 5219 2881 5273 οὕτω
2909 5216 3255 5288 προϐάντων,
3284 5216 3375 5268 καὶ
3395 5215 3503 5267 τῶν
3533 5212 3708 5281 Τούρ-

2153 5334 2262 5368 κων
2292 5317 2372 5376 εἰς
2413 5313 2616 5382 χιλίους
2663 5309 3085 5381 ἀριθμουμένων
3116 5309 3215 5377 τὴν
3255 5306 3409 5359 πόλιν
3451 5304 3709 5371 κατειλη-

2152 5407 2348 5470 φότων,
2399 5404 2493 5456 καὶ
2540 5404 2760 5454 πάντων
2794 5399 2973 5461 οἰκίας
3030 5400 3120 5452 καί
3154 5397 3315 5459 ναοὺς
3352 5398 3472 5449 ἀντὶ
3518 5393 3708 5448 οἰκιῶν

2151 5495 2468 5567 εἰληφότων,
2515 5493 2607 5545 καὶ
2637 5492 2839 5562 ἀναμὶξ
2873 5489 3014 5542 κατὰ
3069 5491 3249 5542 πᾶσαν
3288 5487 3385 5556 τὴν
3418 5487 3572 5539 πόλιν
3608 5486 3708 5537 λα-
3744 5546 3755 5563 .
3820 5477 3838 5493 ⁸

2150 5585 2353 5654 χόντων
2392 5585 2489 5654 τὴν
2535 5583 2773 5651 οἴκησιν,
2804 5584 2836 5650 ἡ
2870 5581 3025 5642 πόλις
3053 5579 3242 5647 ὥσπερ
3291 5576 3414 5628 τινὰ
3460 5576 3708 5645 πενθήρη

2152 5674 2348 5745 χιτῶνα
2383 5674 2480 5746 τὴν
2506 5673 2783 5743 ἀκοσμίαν
2812 5669 3185 5741 περιεϐάλετο,
3220 5667 3318 5736 τῆς
3347 5667 3709 5735 εύπρεπείας,
