4096 6300
469 420 573 476 025

1476 414 1573 475 DE
1618 415 1934 475 EXCIDIO
1975 412 2707 475 THESSALONICENSI.

3584 404 3689 468 626

472 523 542 596 ἦς
595 526 663 581 ἂν
698 526 854 592 ἔτυχε
887 525 990 592 τῆς
1023 527 1199 595 κακῆς
1235 526 1554 595 συμϐουλῆς
1591 527 1665 597 μὴ
1716 527 1901 596 χώραν
1950 527 2035 579 ει)-

2148 541 2300 594 quem
2345 526 2530 593 utique
2560 533 2847 580 consecuta
2878 523 3064 578 fuisset
3107 524 3151 578 si
3186 524 3379 577 malum
3412 522 3702 575 consilium

474 613 699 684 ρούσης,
730 614 1083 683 ἀφῃρημένη,
1129 616 1223 667 καὶ
1251 614 1342 667 τὸν
1379 615 1687 682 πολισμὸν,
1728 615 1786 668 ὃν
1819 616 1918 667 οὐκ
1953 617 2032 676 είς

477 699 695 767 μακρὰν
728 699 884 766 ἔσχεν
916 699 1002 761 ἂν,
1039 701 1320 770 δυστυχῶς
1364 701 1503 767 ἄγαν
1534 701 1907 765 ἀποϐαλοῦσα,
1937 704 2034 756 καὶ

475 788 736 842 στένουσα
758 786 869 843 οἷον
900 791 1021 858 μετ’
1052 791 1300 859 οίμωγῆς
1334 793 1416 844 ὅτι
1451 792 1526 861 μὴ
1572 793 1795 862 σεισμὸς
1825 793 2032 862 ταύτην

478 882 785 951 συνέχωσεν
829 883 861 951 ἢ
895 882 1007 953 πῦρ
1040 884 1430 949 παρανάλωσεν
1458 886 1489 954 ἢ
1524 884 1668 954 ὕδωρ
1712 886 1968 939 ἀναδοθὲν
1999 886 2032 955 ἢ

475 972 762 1041 νεφελόθεν
792 976 957 1044 ῥαγὲν
990 976 1326 1044 συνεκάλυψε
1372 980 1465 1029 καὶ
1498 977 1797 1030 κατέκλυσε
1822 993 1833 1007 ·
1877 976 2035 1030 τοῦτο

478 1064 587 1131 γὰρ
613 1064 991 1134 ἀνεκτότερον,
1030 1065 1151 1117 ἐπεί
1179 1065 1267 1117 τοί
1309 1082 1371 1133 γε
1402 1064 1610 1134 βέλτιον
1642 1066 1735 1119 τοῦ
1776 1066 2036 1133 τοιαύτην

476 1154 710 1223 ὁρᾶσθαι
738 1156 797 1207 τὸ
838 1156 959 1224 μηδ’
1004 1156 1253 1211 ὁπωσοῦν
1289 1156 1383 1208 ἐπὶ
1429 1157 1531 1225 γῆς
1566 1156 1810 1211 ἑστάναι.
1842 1158 1905 1209 Οί
1937 1156 2037 1225 μὲν

477 1243 571 1300 οὖν
589 1247 696 1300 τῶν
726 1246 890 1314 ἱερῶν
921 1247 1086 1301 οἴκων
1110 1248 1189 1309 είς
1221 1246 1376 1300 κοινά
1408 1242 1740 1317 καταγώγια
1772 1246 2036 1317 μετημεί-

477 1339 727 1405 φθεισαν,
759 1338 949 1407 ὥσπερ
978 1341 1322 1407 εἰρήκειμεν,
1363 1340 1457 1392 καὶ
1498 1340 1557 1393 τὸ
1591 1340 1934 1409 προφητικὸν
1963 1339 2039 1391 εί-

474 1429 617 1490 πεῖν,
665 1427 724 1477 ἐν
775 1426 995 1479 πελέκει
1044 1427 1137 1479 καὶ
1178 1426 1523 1496 λαξευτηρίῳ
1562 1428 1630 1480 τά
1676 1428 2038 1498 θυσιαστήρια

472 1517 567 1570 τοῦ
612 1517 752 1570 Θεοῦ
786 1518 1228 1588 καταϐέϐληντοι·
1265 1521 1315 1571 oi
1363 1519 1419 1571 δὲ
1469 1518 1700 1587 λείψανα
1752 1518 1911 1587 μόνον
1944 1518 2037 1571 τοῦ

474 1607 698 1677 πρώτου
722 1608 958 1678 ⁸κάλλους
988 1610 1169 1663 αὐτῶν
1199 1610 1293 1662 καὶ
1335 1610 1436 1678 τῆς
1478 1610 1685 1671 θέσεως
1718 1609 2038 1672 ἀποσώζον-

479 1719 583 1754 σιν.
616 1703 791 1756 Ἐνιοι
829 1703 908 1767 δὲ,
943 1704 1036 1755 καὶ
1071 1703 1273 1771 μᾶλλον
1302 1705 1350 1755 oi
1399 1702 1639 1765 πλείους,
1674 1700 2040 1755 καταπεπτώ-

474 1808 643 1845 κεσαν
673 1792 874 1857 τέλεον,
908 1793 984 1855 ὼς
1013 1792 1146 1861 μηδὲ
1184 1791 1287 1845 ποῦ
1319 1791 1440 1844 ποτ’
1476 1786 1617 1859 ἦσαν
1636 1790 2035 1859 γνωρίζεσθαι.

476 1883 872 1953 Διηρπάγησαν
909 1882 1019 1951 γάρ
1067 1883 1122 1935 αἱ
1170 1880 1378 1934 τούτων
1417 1879 1542 1932 ’ύλαι
1594 1880 1689 1933 καὶ
1739 1880 2041 1946 κτίσμασιν

477 1972 659 2033 ἄλλοις
718 1970 1127 2041 προσετέθησαν
1177 1969 1538 2038 καινοτέροις,
1578 1971 1672 2022 καὶ
1706 1968 1944 2038 μάλιστά
1974 1984 2038 2036 γε

420 2063 423 2065 ’
474 2062 554 2132 τῷ
588 2062 684 2116 νῦν
728 2064 819 2115 ἐπὶ
864 2065 1036 2132 μέσης
1061 2060 1160 2130 τῆς
1206 2061 1413 2123 πόλεως
1448 2060 1710 2129 ὁρωμένῳ
1744 2060 1840 2113 καὶ
1874 2057 2039 2128 κοινῷ

478 2154 766 2223 βαλανείῳ.
812 2153 924 2205 Καὶ
970 2152 1255 2221 μονονουχὶ
1282 2150 1393 2204 τῶν
1424 2151 1805 2220 γηραιοτέρων
1833 2149 2040 2215 ἔξεστιν

476 2243 701 2296 ἀκούειν
733 2243 945 2311 ἀνδρῶν
979 2243 1054 2305 ὠς
1084 2238 1185 2299 ὧδε
1219 2244 1316 2313 μὲν
1340 2238 1408 2312 ἦν
1435 2242 1462 2293 ὁ
1492 2240 1628 2304 νεὼς
1662 2242 1690 2294 ὁ
1717 2241 1888 2307 δεῖνα,
1925 2242 2041 2292 ἐκεῖ

473 2334 533 2386 ὁὶ
562 2335 776 2399 ὁδεῖνα,
812 2334 909 2387 καὶ
932 2336 1035 2387 ὅσα
1081 2336 1293 2403 προσῆν
1344 2334 1558 2402 ἑκάστῳ
1592 2333 1686 2385 καὶ
1720 2332 1895 2401 κάλλη
1943 2331 2040 2385 καὶ

475 2425 724 2497 χάριτες.
780 2426 886 2475 Καὶ
932 2424 1089 2476 τοῦτο
1124 2424 1224 2492 μὲν
1253 2425 1302 2476 οἱ
1329 2424 1471 2476 κατά
1512 2424 1695 2475 πᾶσαν
1739 2421 1835 2488 τὴν
1883 2422 2041 2474 πόλιν

480 2516 607 2586 νεῴ.
640 2517 818 2569 Μοναὶ
844 2515 911 2576 δ’,
944 2514 1008 2577 ἀς
1044 2514 1307 2583 πρότερον
1338 2512 1553 2579 φθάσας
1594 2514 1621 2564 ὁ
1658 2513 1814 2579 λόγος
1846 2513 2043 2580 ἐδήλω-

486 2623 601 2669 σεν,
630 2605 851 2675 ἀφορμὴ
890 2605 1001 2665 τοῖς
1029 2605 1229 2670 ὁρῶσιν
1276 2603 1525 2656 ἵστανται
1557 2603 1807 2665 πένθους,
1858 2602 1933 2671 μὴ
1961 2603 2043 2655 ὅτι

481 2712 546 2763 γε
591 2695 838 2765 μοναχῶν
869 2695 1062 2763 ἔρημοι
1098 2694 1443 2746 καταστᾶσαι
1474 2694 1661 2754 κακῶς
1682 2691 2043 2756 ἐξελαθέντων

482 2786 577 2839 καὶ⁴
608 2787 743 2856 πρὸς
781 2786 972 2853 ἐτέρας
1026 2774 1209 2846 πόλεις
1247 2783 1692 2852 μετοικησάντων
1715 2802 1751 2849 ,-
1783 2782 1921 2834 ἀλλά
1951 2782 2045 2834 καὶ

484 2876 985 2947 προσαφῃρημέναι
1014 2876 1112 2944 τὴν
1158 2874 1246 2928 ὁιά
1276 2874 1496 2936 πάντων
1534 2872 1929 2942 λαμπρότητα·
1984 2872 2046 2924 αἵ

481 2987 541 3021 τε
572 2969 680 3039 γὰρ
725 2970 1007 3037 μάρμαροι
1037 2966 1243 3019 τούτων
1270 2964 1740 3034 ὲξηδαφίσθησαν,
1772 2963 1805 3033 ἦ
1837 2963 1884 3016 τ’
1909 2963 2043 3031 ἄλλη

482 3059 672 3113 ἅπασα
700 3058 799 3128 ὕλη
834 3060 866 3128 ή
901 3060 1035 3127 πρὸς
1067 3056 1418 3127 ἀπαρτισμὸν
1442 3055 1621 3108 αὐτῶν
1645 3054 1888 3125 ἀρχῆθεν
1916 3071 2045 3107 συν-

479 3151 768 3221 τεθειμένη
814 3152 907 3203 καὶ
942 3150 1139 3212 κάλλος
1167 3151 1245 3211 είς
1274 3149 1589 3217 διαρπαγὴν
1628 3149 1741 3210 τοῖς
1787 3148 2046 3218 βουλομέ-

484 3260 595 3307 νοις
618 3244 821 3302 ἀνείτο.
849 3244 941 3296 καὶ
970 3243 1064 3295 νῦν
1096 3242 1338 3311 ἀκοσμόν
1376 3259 1429 3294 τι
1462 3242 1645 3308 θέαμα
1678 3241 1846 3293 πᾶσιν
1879 3241 2050 3308 ὁρῶν-

483 3350 574 3387 ται
614 3335 710 3386 καὶ
752 3334 851 3395 τάς
880 3334 1135 3387 ἁπάντων
1166 3332 1345 3402 ψυχὰς
1375 3331 1588 3384 κινοῦσι
1632 3330 1770 3399 πρὸς
1816 3330 2051 3401 δάκρυα.

486 3425 679 3477 Πολλοὶ
714 3425 816 3493 μὲν
843 3420 935 3478 οὖν
963 3422 1153 3476 εἵλοντ’
1182 3423 1248 3475 ἂν
1275 3423 1394 3476 ἀντὶ
1420 3423 1520 3491 τῆς
1560 3422 1932 3491 ἐνεγκαμένης
1954 3418 2053 3489 τὴν

486 3518 665 3581 πόλιν,
705 3518 799 3570 καὶ
831 3517 1045 3585 πλήρης
1079 3517 1177 3585 μὲν
1212 3516 1277 3568 ἂν
1308 3510 1375 3584 ἦν
1405 3513 1647 3567 εὐσεϐῶν
1675 3514 1801 3583 ήδη,
1835 3515 2053 3584 πλήρης

482 3608 540 3659 δὲ
579 3608 852 3677 μοναχῶν,
888 3608 1139 3676 γέμουσα
1167 3606 1223 3660 δὲ
1257 3605 1555 3675 θυμηδείας
1578 3606 1672 3659 καὶ
1702 3605 1948 3674 τέρψεως
1975 3605 2052 3673 τῷ

485 3698 864 3768 Χριστωνύμῳ
901 3698 1226 3768 πρεπούσης
1254 3697 1607 3767 πληρώματι,
1641 3698 1691 3749 εἰ
1722 3697 1797 3767 μὴ
1827 3696 2049 3766 τοιαύτη

484 3792 606 3843 κατ’
634 3790 804 3860 αὐτῆς
848 3790 1131 3858 ἀπόφασις
1180 3788 1494 3842 ἀπευκταία
1541 3788 1799 3859 ἐξήνεκτο
1846 3788 1940 3839 καὶ
1981 3788 2051 3841 τά

484 3882 605 3936 κατ’
641 3881 816 3951 αὐτὴν
854 3878 996 3934 οὕτω
1035 3879 1423 3951 προύχώρησε.
1464 3878 1602 3932 Νυνὶ
1636 3878 1693 3929 δὲ
1744 3877 1820 3948 μὴ
1854 3879 1935 3931 ὅτι
1985 3894 2049 3945 γε

480 3973 647 4027 πόθον
678 3974 728 4026 οἳ
760 3972 962 4040 ταύτην
986 3975 1049 4025 ἐκ
1082 3971 1298 4041 μακροῦ
1324 3970 1656 4029 καταλαϐεῖν
1677 3965 1845 4039 εἶχον,
1880 3970 2047 4037 μετάι

483 4066 645 4133 μελον
678 4064 840 4135 ἔσχον
868 4064 971 4133 τῆς
1001 4063 1331 4135 προθυμίας,
1363 4062 1499 4116 ἀλλά
1530 4062 1635 4115 καὶ
1662 4062 1794 4131 ἡμῖν
1822 4061 1922 4132 τῆς
1966 4063 2049 4126 εἰς

480 4156 580 4225 τὴν
609 4156 765 4209 πόλιν
812 4156 1077 4219 ἐλεύσεως
1115 4154 1439 4225 μεταμέλει,
1470 4154 1568 4222 τῆς
1597 4153 1814 4216 ἐλπίδος
1858 4154 2048 4223 σαφῶς

477 4247 904 4317 διημαρτηκόσι.
934 4246 1120 4300 Πάντα
1153 4245 1259 4315 γὰρ
1290 4246 1403 4300 ἀνω
1432 4244 1528 4297 καὶ
1563 4244 1716 4298 κάτω
1761 4244 2044 4313 γεγόνασι,

477 4339 539 4390 τδ
569 4338 664 4391 τοῦ
689 4339 872 4407 λόγου.
904 4337 1012 4390 Καὶ
1040 4337 1073 4406 ἠ
1108 4335 1261 4399 πόλις
1289 4334 1479 4404 ὥσπερ
1510 4352 1596 4398 τις
1621 4334 1753 4399 ναῦς
1778 4336 1838 4388 ὲν
1877 4335 2046 4388 πελά-

479 4444 566 4493 γει
592 4430 981 4499 περισχεθεῖσα
1007 4425 1199 4480 κακῶν
1226 4426 1610 4495 περιφέρεται,
1639 4424 1798 4494 δίκην
1825 4425 2045 4495 ἀνέμων

2140 613 2315 667 locum
2342 628 2447 666 non
2480 613 2777 674 habuisset,
2801 613 3049 681 spoliata,
3078 620 3132 665 et
3164 621 3380 669 ornatu.
3412 624 3568 679 quem
3592 624 3703 663 non

2142 704 2308 757 multo
2334 714 2459 773 post
2487 704 2840 772 possedisset,
2884 704 3095 765 orbata,
3132 712 3185 756 et
3219 718 3321 754 non
3352 701 3467 753 sine
3501 702 3702 765 gemitu

2140 795 2420 862 su5piraus
2469 793 2611 861 quod
2638 803 2730 845 aut
2766 802 2924 847 terra:
2972 801 3149 845 motus
3198 806 3304 845 non
3341 791 3707 851 ahsorhuerit,

2140 894 2231 940 aut
2266 884 2402 954 ignis
2428 899 2533 937 non
2560 883 2946 952 absumpserit,
2972 893 3062 935 aut
3086 896 3219 950 aqua
3261 881 3508 935 alicunde
3532 894 3711 934 erum-

2142 990 2275 1045 pens
2308 974 2390 1028 vel
2431 990 2459 1028 e
2497 974 2728 1028 nubibus
2769 974 3023 1028 decidens
3057 988 3161 1035 non
3191 972 3598 1040 eoopereruerit
3656 979 3712 1024 et

2144 1066 2521 1131 inundaverit:
2554 1067 2657 1119 hoc
2680 1066 2821 1119 enim
2852 1063 3185 1118 tolerabilius
3234 1062 3445 1123 fuisset.
3492 1061 3709 1129 quando

2145 1154 2313 1209 multo
2358 1154 2548 1208 melius
2580 1163 2662 1209 est
2697 1170 2815 1207 eam
2851 1168 3114 1223 nusquam
3164 1161 3377 1207 exstare
3407 1167 3564 1219 quam
3611 1150 3713 1203 hoc

2144 1246 2305 1300 modo
2336 1246 2472 1299 visui
2505 1247 2783 1299 hominum
2815 1245 2996 1311 ohjici.
3032 1245 3199 1297 Sacra
3229 1243 3389 1311 igitur
3420 1242 3612 1310 templa
3659 1244 3709 1295 iu

2147 1336 2355 1405 publica
2386 1336 2684 1390 diversoria
2740 1336 3022 1388 immutata
3057 1344 3204 1399 sunt,
3238 1342 3290 1385 ut
3324 1341 3709 1399 praenarratum

2144 1435 2247 1489 est,
2278 1434 2333 1478 et
2363 1432 2422 1477 ut
2472 1440 2595 1479 cum
2628 1425 2888 1494 propheta
2928 1425 3139 1493 loquar,
3180 1425 3232 1477 in
3264 1423 3440 1477 securi
3484 1432 3538 1475 et
3570 1425 3712 1475 ascia

2146 1514 2237 1569 Dei
2269 1510 2644 1585 propitiatoria
2694 1515 2915 1585 disiecta
2949 1524 3074 1570 sunt
3113 1530 3129 1567 :
3170 1527 3404 1580 namque
3440 1512 3544 1565 alia
3570 1513 3716 1578 prio-

2150 1606 2222 1660 ris
2249 1605 2333 1660 sui
2368 1607 2580 1661 decoris
2610 1615 2663 1660 et
2692 1606 2827 1660 situs
2854 1604 3227 1659 tantummodo
3257 1603 3513 1672 reliquias
3540 1602 3715 1669 prolu-

2147 1706 2293 1758 runt,
2348 1695 2474 1760 alia,
2526 1697 2652 1763 quin
2702 1697 2813 1757 imo
2860 1696 3032 1764 major
3068 1711 3256 1748 eorum
3306 1709 3449 1761 pars,
3492 1706 3716 1761 prorSus

2146 1788 2523 1849 conciderunt,
2562 1796 2621 1839 ut
2660 1800 2758 1839 nec
2807 1786 2893 1840 ubi
2944 1785 3232 1853 aliquando
3264 1786 3516 1839 steterint
3554 1800 3717 1849 agno-

2075 1864 2115 1917 Β
2156 1883 2363 1930 scatur.
2401 1875 2622 1943 Direpta
2651 1875 2914 1943 siquidem
2950 1890 3137 1929 eorum
3166 1876 3391 1929 materia
3427 1875 3717 1928 structuris

2146 1965 2268 2020 aliis
2295 1966 2686 2021 recentioribus
2715 1966 2979 2035 applicata
3008 1976 3111 2031 est,
3143 1976 3195 2021 et
3232 1967 3565 2034 potissimum
3598 1966 3714 2020 bal-
3760 2034 3765 2041 _

2146 2073 2268 2123 nco,
2304 2057 2445 2128 quod
2477 2076 2616 2115 nunc
2644 2060 2821 2115 media
2854 2060 2908 2114 in
2935 2061 3064 2115 urbe
3092 2061 3455 2115 commoditati
3486 2060 3716 2129 publica:
3764 2056 3769 2061 ’

2146 2157 2381 2204 erectum
2413 2151 2779 2220 conspicitur;
2813 2161 3130 2219 tantumque
3162 2153 3227 2207 ab
3287 2160 3444 2206 relate
3486 2166 3713 2221 provec-

2148 2240 2379 2294 tioribus
2414 2241 2495 2295 las
2523 2253 2606 2295 est
2637 2243 2823 2296 audire
2856 2257 2871 2295 :
2910 2244 3010 2297 hac
3058 2242 3110 2295 in
3142 2252 3292 2309 parte
3325 2241 3577 2311 templum
3612 2241 3717 2295 tale

2147 2338 2286 2396 erat,
2310 2331 2383 2385 ibi
2414 2332 2539 2397 tale,
2564 2341 2616 2386 et
2635 2347 2970 2400 quacunque
2994 2347 3056 2387 ea
3085 2333 3441 2396 exornabant,
3464 2341 3718 2385 venusta-

2149 2427 2230 2473 tes
2258 2428 2312 2473 et
2339 2420 2545 2487 gratiae.
2586 2418 2650 2474 Et
2696 2421 2796 2474 hoc
2839 2421 3077 2489 quidem,
3111 2437 3205 2488 per
3257 2422 3435 2473 omnia
3480 2422 3717 2476 civitatis

2149 2508 2288 2575 loca,
2321 2510 2516 2578 templa
2552 2525 2705 2578 passa
2739 2520 2882 2567 sunt.
2920 2511 3267 2575 Monasteria,
3302 2514 3368 2565 de
3404 2513 3600 2581 quibus
3624 2529 3717 2566 au-

2150 2608 2237 2653 tca
2270 2610 2452 2655 nostra
2484 2603 2658 2656 oratio
2690 2604 3036 2668 disseruerat,
3086 2605 3139 2657 in
3175 2606 3467 2658 maximum
3519 2619 3719 2660 malru-

2152 2705 2262 2744 rem
2293 2692 2560 2746 intuentes
2595 2693 2937 2758 abstrahunt,
2975 2708 3077 2746 non
3109 2703 3314 2748 tantum
3349 2695 3561 2747 viduata
3600 2680 3717 2748 mn—

2151 2786 2337 2838 nachis
2369 2786 2600 2854 turpiter
2641 2785 2833 2854 ejectis
2865 2795 2921 2841 et
2965 2801 3029 2841 ex
3085 2788 3272 2856 patriis
3321 2790 3634 2858 peregrinas
3668 2790 3718 2842 in

2152 2876 2308 2930 sedes
2357 2877 2553 2946 pulsis,
2599 2878 2693 2931 sed
2740 2893 2841 2932 suo
2886 2878 3168 2947 splendore
3215 2895 3277 2933 ac
3325 2880 3723 2948 pulchritudine

2152 2966 2400 3035 spoliata,
2422 2983 2688 3022 marmora
2715 2968 2981 3037 siquidem
3006 2986 3190 3025 eorum
3220 2974 3273 3026 in
3296 2974 3466 3027 solum
3495 2973 3718 3039 disjet-ta

2151 3068 2205 3112 et
2242 3059 2464 3112 materia
2499 3060 2724 3129 reliqua,
2756 3063 2823 3115 ad
2859 3061 3244 3131 perfectionem
3275 3075 3437 3132 atque
3468 3072 3719 3118 ornatum

2153 3150 2448 3219 antiquitus
2491 3160 2849 3221 exaggerata,
2900 3154 3099 3222 rapina:
3146 3154 3438 3209 volentium
3479 3171 3720 3218 cessere,

2156 3250 2209 3294 et
2238 3257 2378 3295 nunc
2405 3245 2774 3310 spectaculum
2814 3246 2937 3301 sine
2964 3246 3071 3299 ullo
3116 3246 3266 3301 cultu
3304 3245 3507 3300 foedum
3541 3232 3604 3300 ac
3629 3247 3724 3301 de-

2156 3329 2469 3397 formatum,
2501 3334 3070 3404 circumspectantium
3102 3337 3301 3391 animis
3333 3338 3602 3408 lacrymas
3621 3353 3722 3393 ex-

2157 3431 2427 3491 torquent.
2453 3422 2517 3477 Et
2544 3425 2698 3479 multi
2731 3440 2865 3481 sane
2894 3427 3031 3482 hanc
3075 3429 3345 3483 civitatem
3377 3430 3564 3496 patriae
3590 3445 3721 3498 prae-

2155 3515 2462 3581 posuissent
2488 3532 2503 3581 ;
2535 3517 2779 3585 adeoque
2807 3518 2910 3587 piis
2938 3519 3247 3574 hominibus
3271 3519 3498 3588 repleta,
3520 3521 3719 3588 rt-plcltl

2153 3604 2460 3670 monachis,
2492 3606 2675 3661 Iretitia
2702 3606 2983 3676 jubiloque
3023 3607 3336 3663 Christiano
3392 3609 3558 3663 coetui
3608 3625 3718 3665 non

2152 3694 2541 3750 dedecentibus
2570 3706 2789 3765 onusta,
2814 3699 2866 3752 in
2888 3699 3215 3754 hilaritatem
3257 3714 3516 3754 conversa
3543 3700 3720 3754 maxi-

2154 3799 2242 3839 mo
2272 3787 2470 3855 gaudio
2499 3787 2793 3854 frueretur,
2820 3789 2923 3844 nisi
2951 3791 3088 3843 adeo
3119 3791 3451 3845 exsecranda
3478 3798 3709 3845 sentcn-

2157 3875 2228 3929 tia
2260 3877 2367 3930 lata
2400 3877 2615 3932 fuisset.
2652 3880 2718 3933 Et
2745 3894 2831 3935 res
2848 3881 3065 3947 quidem
3100 3882 3251 3935 urbis
3281 3881 3351 3934 ita
3371 3896 3429 3936 se
3457 3881 3716 3934 habuere.

2152 3967 2305 4022 Nune
2338 3984 2518 4037 porro,
2551 3972 2642 4040 qui
2696 3987 2724 4025 a
2761 3973 3091 4042 longioribus
3117 3975 3229 4028 oris
3264 3974 3411 4029 illius
3453 3977 3722 4042 potiundae

2152 4060 2420 4115 desiderio
2446 4062 2800 4128 exardehaut,
2825 4079 2919 4119 eos
2944 4065 3025 4120 sui
3054 4065 3328 4129 desiderii,
3353 4067 3445 4121 sed
3468 4081 3566 4120 nos
3582 4082 3720 4131 quo-

2151 4166 2259 4219 que
2286 4152 2341 4207 in
2370 4167 2487 4207 eam
2525 4154 2808 4209 reditionis
2837 4157 3083 4222 pmnitet.
3121 4171 3241 4211 cum
3297 4174 3421 4223 spes
3482 4159 3723 4214 melioris

2150 4253 2329 4300 status
2360 4246 2574 4315 penitus
2603 4248 2815 4303 sublata
2840 4249 2932 4304 sit.
2965 4247 3179 4319 Susque
3197 4250 3373 4319 deque
3418 4253 3562 4305 enim
3598 4266 3718 4305 om-

2149 4334 2239 4389 nia
2266 4336 2405 4391 lacta
2432 4346 2582 4397 sunt.
2609 4347 2667 4392 ut
2694 4340 2979 4405 proverbio
3005 4340 3389 4395 circumfertur
3426 4357 3441 4407 ;
3467 4349 3519 4395 et
3566 4341 3717 4403 urbs,

2149 4428 2316 4482 veluti
2347 4429 2502 4485 navis
2531 4429 2653 4485 alto
2669 4432 2938 4487 malorum
2971 4432 3108 4487 mari
3126 4446 3408 4503 oppressa,
3440 4434 3716 4487 circuma-

479 4519 586 4572 τῶν
614 4518 734 4572 καθ’
784 4518 1025 4587 ἑκάστην
1058 4519 1237 4571 εἰπεῖν
1271 4516 1696 4585 συμπιπτόντων
1737 4516 2038 4586 ταραττόν-

2148 4516 2336 4587 gitur:
2371 4528 2656 4574 ventorum
2688 4522 2833 4575 enim
2866 4522 3059 4588 instar,
3092 4538 3213 4593 qua:
3245 4524 3476 4591 singulis
3524 4523 3717 4578 diebus

478 4618 587 4662 των
618 4610 787 4680 αὐτὴν
821 4612 917 4662 καὶ
961 4610 1186 4672 ναυτίας
1238 4610 1442 4679 πολλῆς
1486 4609 1580 4663 καὶ
1637 4608 1852 4676 ἰλίγγου
1908 4608 2047 4677 πλη-

484 4701 743 4771 ρούντων,
776 4702 869 4754 καὶ
897 4702 1146 4771 καθαρᾶς
1174 4701 1356 4765 εὐδίας
1381 4702 1662 4770 ἐπιτυχεῖν
1694 4701 1894 4755 οὔκουν
1918 4702 2049 4755 ἐών-

479 4810 611 4853 των,
673 4791 797 4843 ούδὲ
848 4791 909 4842 τὸ
969 4790 1068 4858 τῆς
1127 4792 1356 4861 εἰρήνης
1410 4792 1505 4843 καὶ
1555 4776 1821 4861 νηνεμίας
1875 4794 2046 4848 ἱστίον

480 4884 797 4936 πετάσασαν
826 4881 961 4950 πρὸς
981 4879 1181 4950 λιμένα
1212 4879 1394 4933 καλῶν
1425 4880 1727 4948 ἐφθακέναι
1756 4881 1951 4951 στῆναί
1986 4900 2044 4936 τε

480 4976 568 5028 ἐπ’
598 4974 856 5042 ἀγκυρῶν
878 4971 1183 5039 ἀσφαλείας
1207 4971 1305 5025 καὶ
1345 4971 1530 5040 μένειν
1555 4972 1877 5029 ἀσάλευτον.
1906 4973 2043 5027 Θεοῦ

481 5064 539 5119 δὲ
572 5065 684 5135 ἀρα
712 5063 869 5117 τοῦτο
905 5064 971 5117 ἂν
1003 5064 1089 5131 εἴη
1136 5062 1227 5115 καὶ
1261 5061 1359 5129 τῆς
1399 5061 1610 5115 ἐκείνου
1645 5047 1833 5131 σαφῶς
1878 5064 2048 5134 πηδα-

480 5156 745 5226 λιουχίας,
793 5153 1181 5226 καταπραδναι
1234 5153 1335 5222 μὲν
1382 5153 1449 5206 τά
1498 5152 1608 5209 τῶν
1655 5154 2047 5223 ἐπερχομένων

483 5247 872 5317 κορυφούμενα
902 5246 1147 5313 κύματα,
1181 5244 1359 5298 ίθῦναι
1394 5244 1453 5298 δὲ
1489 5242 1625 5313 πρὸς
1651 5244 1918 5314 γαλήνην,
1950 5246 2047 5298 καὶ

483 5337 762 5408 σωτηρίαν
816 5335 1170 5405 χαρίσασθαι,
1218 5336 1312 5387 καὶ
1365 5332 1550 5386 δοῦναι
1586 5332 1844 5402 πρύμναν
1882 5335 2046 5404 κρού-

483 5430 682 5484 σασθαι
718 5429 812 5484 τοῦ
860 5429 1049 5482 λοιποῦ
1104 5429 1200 5481 καὶ
1249 5426 1479 5480 πλεῦσαι
1510 5427 1785 5498 δεύτερον,
1823 5428 1851 5479 ὅ
1886 5446 2041 5496 φασι,

480 5521 671 5584 πλοῦν,
729 5520 1229 5589 μεταϐεϐλημένων
1278 5520 1537 5573 ἁπάντων
1582 5520 1674 5572 ἐπὶ
1723 5521 1784 5571 τὸ
1836 5518 2046 5589 βέλτιον

480 5610 578 5662 καὶ
602 5608 630 5660 ὁ
663 5609 903 5662 συνοίσει
932 5611 998 5679 τῇ
1030 5608 1209 5673 πόλει,
1257 5608 1683 5677 μεσιτεύσαντος
1716 5609 1810 5661 τοῦ
1844 5609 2047 5681 ήμεδαέ

482 5700 587 5752 ποῦ
637 5701 1003 5771 τροπαιούχου
1038 5703 1131 5754 καὶ
1185 5702 1480 5772 μάρτυρος,
1519 5704 1614 5755 καὶ
1653 5702 1760 5755 τῶν
1806 5702 1906 5773 τῆς
1939 5719 2045 5755 παο

482 5790 659 5861 τρίδος
690 5794 889 5847 οίάκων
923 5788 1077 5858 αὖθις
1107 5794 1281 5848 εἰπεῖν
1316 5790 1734 5864 ἐπιλαϐομένου,
1774 5797 1866 5848 καὶ
1906 5793 2043 5863 πρὸς

2154 4620 2470 4674 occurrunt,
2501 4624 2621 4664 eam
2650 4611 3015 4666 interturbant
3036 4622 3092 4666 et
3116 4627 3313 4668 nausea
3347 4613 3721 4682 vertigiueque

2152 4702 2447 4771 complent,
2478 4711 2533 4757 et
2555 4718 2682 4757 vera
2705 4704 2866 4772 potiri
2896 4705 3075 4772 quiete
3094 4719 3201 4758 non
3233 4707 3576 4773 permittunt,
3604 4704 3716 4755 vela

2152 4791 2279 4847 licet
2304 4792 2451 4860 pacis
2482 4800 2535 4845 et
2569 4792 2979 4860 tranquillitatis
3013 4794 3365 4861 expanderit,
3387 4801 3445 4847 ut
3491 4793 3556 4846 ad
3591 4808 3720 4860 por--

2152 4891 2265 4936 tum
2294 4882 2559 4937 bonorum
2590 4883 2846 4953 appellat,
2874 4893 2930 4938 et
2953 4899 3281 4939 ancorarum
3302 4885 3603 4939 securitate
3622 4883 3716 4937 lir-

2154 4980 2348 5036 metur,
2380 4981 2702 5042 maneatque
2736 4974 3081 5029 inconcussa.
3117 4974 3208 5029 Dei
3234 4976 3400 5045 igitur
3430 4975 3612 5037 ίιιειίι,
3635 4986 3712 5038 ct,

2152 5063 2298 5118 illius
2330 5063 2488 5134 plane
2505 5065 2936 5135 gubernationis,
2972 5082 3155 5121 rerum
3182 5068 3590 5122 advenientium
3634 5076 3719 5119 tu-

2153 5154 2331 5209 midos
2360 5153 2555 5209 ﬂuctus
2608 5156 2820 5219 sedare,
2871 5156 2945 5209 ad
2994 5156 3440 5224 tranquillitatem
3484 5156 3718 5221 dirigere

2150 5245 2380 5299 salutem
2409 5245 2651 5317 elargiri,
2676 5246 3083 5315 concedereque
3106 5255 3163 5301 ut
3193 5248 3243 5301 iu
3265 5258 3542 5317 posterum
3574 5262 3716 5314 pup-

2149 5335 2259 5405 pim
2295 5335 2635 5389 inhibeatnus
2662 5345 2717 5389 et
2744 5337 2979 5390 secunda
3009 5337 3373 5406 navigatione,
3405 5337 3555 5404 quod
3589 5338 3721 5390 diei-

2153 5435 2258 5489 tur,
2286 5435 2523 5489 utamur,
2542 5424 2797 5482 omtTIbus
2817 5427 2870 5480 in
2891 5426 3087 5481 melius
3108 5429 3429 5490 immutatis,
3462 5428 3715 5495 ut,quid-

2149 5516 2277 5584 quid
2308 5516 2488 5582 fuerit,
2534 5517 2740 5572 civitati
2770 5520 3064 5583 conducat,
3093 5519 3451 5588 deprecatore
3499 5533 3557 5571 se
3617 5533 3717 5585 pro

2148 5609 2303 5663 nobis
2329 5612 2602 5679 praebente
2632 5619 2821 5665 nostro
2854 5611 3093 5677 tropmali
3120 5622 3173 5664 et
3208 5620 3465 5673 martyre,
3497 5624 3718 5663 rursus-

2147 5714 2253 5770 que
2275 5703 2462 5770 patriae
2485 5701 2851 5770 gubernacula
2874 5703 3221 5769 suscipiente,
3247 5708 3299 5754 et
3328 5700 3588 5753 adversus
3636 5711 3715 5758 ι,οι

2147 5792 2515 5851 calamitatum
2554 5794 2875 5852 immodicos
2935 5805 3146 5848 montes
3204 5809 3355 5848 suam
3414 5790 3721 5866 potentiam“
