4096 6300
272 304 281 311 γ’
384 312 489 383 βε]
1563 308 1888 372 JOANNIS
1928 311 1981 367 Α

2086 307 2402 373 ῦΝΟΒΤέΕ
2630 306 2633 308 ’
3502 305 3614 373 628

384 432 722 493 usurpante;
755 439 923 491 neque
952 423 1038 477 diu
1074 423 1269 477 bonum
1305 423 1606 483 dill'eratur,
1638 423 1745 474 Deo
1797 434 1938 490 pro-
1970 452 1981 487 4

2083 416 2143 491 ὴν
2193 415 2463 490 τοσαύτην
2508 414 2620 471 τῶν
2657 413 2954 489 συμφορῶν
2988 414 3264 468 θάλασσαν
3301 416 3371 493 τῇ
3410 413 3611 468 ἑαυτοῦ

386 516 520 590 pitio
552 514 707 568 oculo
740 516 1095 581 inspectante,
1131 524 1185 568 et
1216 529 1314 567 suo
1348 528 1497 568 more
1514 510 1825 583 nobiscum,
1846 510 1940 579 qui

2085 507 2392 577 ρησαμένου
2433 504 2685 571 δυνάμει.
2734 502 2954 559 Γένοιτο
2989 502 3046 555 δὲ
3101 503 3174 571 μὴ
3230 502 3329 555 οὐκ
3376 502 3455 570 είς
3504 518 3613 570 μα-

387 607 442 660 in
473 623 594 660 eum
634 604 1015 674 delinquimus,
1065 606 1371 659 humaniter
1422 611 1633 675 agente.

2088 600 2207 669 ρΞιν,
2267 597 2391 671 ἱλέῳ
2441 594 2535 651 τοῦ
2594 592 2730 647 Θεοῦ
2795 593 3185 661 ἐπιϐλέψαντος
3234 593 3467 663 ὄμματι,
3515 596 3614 655 καὶ

2046 691 2238 763 φιλανθ
2252 687 2679 758 ρωπευσαμένου
2708 685 2954 757 συνήθως
2983 686 3070 754 ἐφ’
3100 679 3179 753 οἷς
3206 687 3369 749 αὐτὸν
3400 703 3613 766 παρορ-

2048 780 2295 848 γίζομεν.
2898 776 2907 801 ⁷
2953 771 2969 787 ⁸
3655 781 3675 861 ι

453 862 546 917 2‘2.
578 863 645 917 Et
674 864 790 919 haec
824 868 1102 935 hucusque
1142 878 1460 933 processere
1493 880 1507 915 τ
1550 863 1675 917 licet
1730 877 1824 916 nos
1879 876 1942 913 ex

2119 870 2220 938 33'.
2245 869 2427 925 Ταῦτα
2454 870 2510 931 ἐς
2543 869 2703 941 δεῦρο
2730 868 3243 938 παρηκολούθηκεν,
3279 867 3328 919 εί
3372 868 3466 927 καί
3490 884 3613 935 τινα
3658 866 3679 896 ν

388 955 493 1008 illis
522 954 767 1023 quasdam
804 965 1013 1025 sponte,
1049 966 1289 1025 tempore
1324 956 1377 1009 id
1396 965 1580 1009 nostra
1615 954 1826 1008 dicendi
1848 953 1950 1006 im-

2083 963 2253 1017 ούτων
2286 964 2450 1030 ἡμεῖς
2485 962 2700 1024 ἑκόντες
2733 962 2821 1015 διὰ
2850 961 2941 1015 τὸν
2978 960 3170 1030 καιρὸν
3216 960 3307 1019 καὶ
3342 959 3443 1031 τὴν
3474 961 3615 1030 ήμε-

387 1044 701 1110 becillitate,
721 1046 1337 1101 silentioinvolverimus
1362 1061 1381 1108 ;
1416 1058 1645 1113 cumque
1674 1054 1826 1097 tuum
1852 1056 1949 1095 nos

2083 1055 2211 1129 ἐραν
2256 1054 2385 1125 περὶ
2438 1054 2497 1105 τδ
2552 1053 2735 1119 λέγειν
2780 1052 3067 1105 ἀσθένειαν
3124 1050 3453 1120 παραλιπεῖν
3494 1050 3615 1102 δέον

389 1148 634 1204 rogatum
670 1137 967 1206 refringere
994 1152 1104 1191 non
1165 1150 1446 1205 possemus
1480 1144 1534 1189 et
1572 1133 1950 1187 iuobedientia:

2083 1142 2417 1214 ,explxapsv.
2444 1143 2805 1213 Κάπειδήπερ
2831 1143 2933 1196 οὐκ
2958 1143 3180 1213 εἴχομεν
3202 1142 3302 1213 τὴν
3329 1141 3428 1208 σὴν
3454 1140 3618 1215 dgito-

391 1238 571 1284 notam
601 1229 897 1295 incurrere,
929 1238 985 1282 ut
1019 1228 1172 1283 nobis
1203 1228 1373 1292 licuit,
1396 1226 1642 1296 praesenti
1674 1240 1772 1279 nos
1826 1238 1952 1289 nar-

2089 1249 2136 1282 ιν
2188 1230 2624 1305 διακρούσασθαι
2675 1235 2766 1285 καὶ
2821 1234 3078 1303 ἀνηκοΐας
3113 1233 3333 1304 γραφὴν
3384 1234 3613 1300 ἀπενέγ-

392 1320 586 1373 rationi
615 1319 922 1373 dedidimus
950 1338 964 1375 :
1000 1320 1105 1374 hoc
1136 1320 1279 1373 enim
1312 1327 1360 1372 et
1394 1319 1445 1371 in
1494 1316 1716 1370 exordio
1751 1314 1954 1393 promi-

2083 1322 2276 1393 ασθαι,
2305 1322 2490 1387 καθὼς
2519 1325 2650 1400 ἡμῖν
2680 1324 2824 1392 ἐξῆν,
2876 1324 3103 1389 ἑαυτοὺς
3138 1328 3204 1393 τῇ
3242 1322 3493 1400 παρούσῃ
3533 1323 3618 1374 δε-

391 1409 582 1474 simus,
622 1410 755 1463 nihil
782 1425 879 1463 nos
910 1410 1046 1464 ultra
1088 1410 1359 1477 propriam
1418 1406 1728 1460 facultatem
1789 1418 1954 1458 cona-

2083 1413 2302 1487 ώκαμεν
2330 1398 2602 1485 διηγήσει.
2636 1413 2807 1467 Τοῦτο
2834 1414 2940 1484 γάρ
2963 1416 3066 1468 κάν
3094 1416 3212 1477 ταῖς
3238 1416 3429 1485 ἀρχαῖς
3457 1398 3617 1466 ύπισ-

393 1509 567 1555 turos.
588 1503 787 1566 Quare,
812 1501 854 1557 si
871 1503 998 1570 quid
1025 1510 1116 1554 tuo
1144 1500 1413 1554 desiderio
1435 1500 1651 1566 dignum
1686 1505 1774 1550 aut
1796 1510 1956 1563 argu-

2083 1505 2368 1573 ,vqopeea,
2436 1506 2602 1581 μηδὲν
2650 1507 2813 1560 πλέον
2862 1507 2959 1583 τῆς
3013 1507 3288 1585 ἡμετέρας
3335 1505 3618 1573 δυνάμεως

395 1600 577 1641 mento
606 1604 849 1659 compar,
873 1590 1148 1658 peregisse
1179 1588 1509 1655 videbimur,
1541 1596 1691 1640 tuum
1719 1585 1772 1639 id
1791 1583 1956 1638 fuerit

2086 1595 2447 1667 πιδείξασθαι.
2479 1598 2641 1655 Ὅθεν
2670 1599 2718 1649 εί
2748 1596 2845 1666 μὲν
2876 1581 3025 1661 ἄξιόν
3059 1614 3112 1649 τι
3140 1581 3240 1672 τῆς
3280 1613 3339 1659 τε
3376 1600 3471 1673 σῆς
3499 1599 3619 1653 ἑπι-

394 1692 449 1731 et
470 1689 678 1732 tuarum
704 1696 800 1747 pro
825 1680 979 1733 nobis
1009 1679 1461 1748 supplicationum
1489 1695 1501 1732 :
1537 1678 1621 1732 sin
1651 1691 1738 1729 res
1764 1677 1815 1727 in
1838 1689 1954 1728 om-

2083 1687 2259 1757 ιυμίας
2307 1686 2541 1757 καὶτῆς
2592 1686 2901 1755 ὑποθέσεως
2947 1686 3210 1755 φανῶμεν
3262 1684 3616 1754 ἐργάσασθαι,

396 1771 554 1824 nibus
581 1770 868 1824 infeliciter
896 1771 1125 1834 cecidit,
1154 1772 1202 1823 id
1222 1770 1361 1839 quod
1384 1768 1691 1835 necessario
1716 1765 1957 1819 futurum

2083 1776 2153 1827 rev
2185 1777 2248 1829 ἂν
2280 1776 2365 1845 εἴη
2391 1779 2549 1837 τοῦτο
2581 1779 2676 1830 καὶ
2726 1778 2836 1829 τῶν
2881 1776 2990 1831 σῶν
3021 1778 3158 1846 ὑπὲρ
3200 1777 3359 1847 ἡμῶν
3390 1792 3619 1849 προσευ-

396 1867 535 1923 erat,
572 1861 828 1929 quidquid
855 1863 1011 1916 nobis
1046 1861 1280 1927 delatum
1316 1860 1479 1913 fuerit
1508 1856 1836 1925 munusculi,
1864 1855 1955 1923 ju-

2083 1863 2206 1931 [ὤν’
2266 1865 2314 1917 εί
2346 1863 2391 1917 δ’
2426 1859 2583 1936 αὖθις
2626 1866 2846 1934 ἀτυχεῖς
2878 1864 3022 1917 κατά
3079 1866 3256 1929 πάντα
3286 1864 3561 1933 δόξαιμεν,
3593 1862 3621 1914 ὃ

398 1960 538 2003 stum
560 1951 664 2002 erit
692 1958 744 2002 te
771 1964 987 2019 quoque
1015 1951 1330 2019 participem
1358 1948 1499 2012 fieri,
1528 1947 1619 2017 qui
1656 1961 1753 2001 nos
1777 1944 1954 2000 infan-

2083 1953 2213 2004 τᾶσα
2250 1952 2444 2013 παθεῖν
2479 1954 2718 2021 ἀνάγκη.
2755 1954 2919 2011 ὁποία
2957 1971 3040 2017 τις
3068 1955 3133 2006 ἂν
3163 1952 3368 2027 ἀμοιϐὴ
3395 1952 3486 2005 καὶ
3516 1952 3633 2006 πάε

400 2048 480 2091 tes
513 2046 671 2105 atque
693 2038 1060 2106 imprudentes
1092 2039 1157 2092 ad
1190 2052 1323 2106 Opus
1348 2037 1451 2091 hoc
1501 2034 1773 2099 excitasti,
1833 2032 1959 2101 quia

2083 2062 2146 2095 th
2178 2046 2310 2119 ήμίν
2344 2046 2667 2121 ἀντιδουείη,
2704 2045 2914 2103 δίκαιον
2958 2045 3026 2099 ἂν
3066 2047 3152 2114 είη
3186 2048 3280 2101 καὶ
3328 2048 3393 2111 σὲ
3420 2043 3620 2113 ταύτης

399 2129 601 2198 aliquid
636 2144 757 2185 esse
787 2145 905 2194 nos,
944 2131 1034 2199 qui
1067 2129 1198 2184 nihil
1235 2145 1422 2185 sumus
1476 2137 1531 2183 et
1553 2130 1604 2183 id
1654 2126 1961 2195 ubicunque

400 2221 561 2273 etiam
598 2223 933 2277 contentiose
960 2224 1302 2290 profitemur,
1336 2220 1682 2276 existimasti.
1712 2219 1823 2288 Ego
1876 2231 1961 2271 ve-

401 2324 464 2362 ro
490 2311 717 2375 gratiam
750 2314 825 2366 rei
860 2312 1049 2365 referri
1087 2313 1216 2366 mihi
1264 2326 1454 2380 preces
1486 2322 1605 2365 tuas
1649 2309 1963 2364 enixissime

402 2412 593 2464 exoro,
628 2415 787 2467 quam
821 2402 1053 2455 maxime
1082 2402 1389 2456 venerande
1416 2410 1567 2469 pater
1600 2417 1614 2453 :
1647 2399 1775 2453 mihi
1809 2398 1956 2463 enim

406 2489 699 2544 multorum
734 2492 1000 2547 scelerum
1034 2494 1290 2548 conscius
1314 2502 1523 2548 tuarum
1556 2506 1775 2562 precum
1804 2505 1960 2561 opem

403 2579 653 2649 imploro,
685 2590 743 2636 ut
775 2582 865 2637 illa
897 2585 1204 2639 abluantur.

404 2822 628 2889 Joauuis
664 2826 983 2895 Αηοθηοειω
1032 2848 1126 2893 pro
1166 2834 1360 2887 viribus
1414 2844 1535 2888 acta
1594 2830 1847 2890 Monodia
1902 2833 1966 2884 de

724 2900 925 2953 excidio
953 2901 1093 2963 urbis
1139 2899 1635 2963 Thessalonicensis.

479 3029 634 3095 Quis,
675 3032 853 3087 sciens
884 3033 1101 3089 casibus
1144 3036 1531 3107 eventilmsque
1559 3054 1738 3093 rerum
1790 3039 1967 3106 fatali-

409 3121 509 3175 bus
542 3122 789 3188 planctus
837 3138 1140 3196 exequare,
1198 3130 1358 3198 digne
1408 3129 1969 3186 Thessalonicensium

412 3213 597 3266 urbem
638 3214 1211 3281 deploraveriHUrbs
1257 3221 1400 3275 enim
1439 3221 1571 3288 haec,
1608 3232 1864 3291 quantum
1892 3236 1979 3276 re-

411 3305 586 3370 liquas
634 3308 768 3361 alias
824 3307 1103 3372 felicitate,
1155 3325 1408 3365 mensura
1444 3328 1548 3366 non
1606 3327 1793 3381 parva,
1821 3328 1978 3382 supe-

414 3397 578 3459 navit,
630 3397 792 3453 rebus
832 3399 882 3452 in
921 3400 1169 3455 onmibus
1228 3402 1576 3472 semetipsam
1633 3406 1979 3473 conspicuam

414 3501 479 3542 ac
518 3488 1034 3542 desideratissimam
1102 3502 1563 3556 commonstraus,
1615 3494 1839 3546 tantutn‘
1878 3493 1982 3547 hoc

415 3578 512 3632 aevi
553 3579 928 3635 infelicissimo
951 3581 1242 3637 infortunio
1275 3593 1523 3650 mactata,
1563 3584 1739 3638 omnis
1765 3582 1982 3653 generis

418 3668 774 3737 laerymarum
834 3683 1210 3740 argumentum
1244 3675 1583 3742 proponitur.
1609 3672 1813 3740 Quibus
1837 3672 1980 3726 enim

417 3758 500 3811 vel
535 3757 756 3812 minimo
781 3767 1019 3828 tempore
1052 3761 1206 3816 bonis
1240 3762 1383 3818 illius
1427 3760 1627 3829 perfrui
1663 3774 1980 3814 concessum

417 3858 522 3911 est,
558 3850 688 3903 nihil
717 3852 782 3905 de
808 3864 868 3905 ea
897 3851 1043 3905 aliud
1066 3854 1302 3907 occurrit
1327 3868 1486 3922 quam
1512 3868 1632 3922 qua:
1651 3850 1984 3920 desperatio-

419 3954 545 3992 nem
592 3940 773 3993 auimo
827 3943 1119 3996 conciliant
1166 3953 1221 3999 et
1278 3943 1456 3998 fontes
1506 3944 1869 4014 lacrymarum
1916 3956 1982 3997 ex

419 4028 594 4083 oculis
626 4037 967 4099 extorquent.
1000 4027 1240 4100 Namque
1264 4044 1319 4086 et
1337 4033 1444 4086 situ
1500 4041 1554 4085 et
1586 4031 1984 4100 pulchritudine

424 4116 645 4181 multas,
693 4117 1063 4186 magnitudine
1115 4130 1173 4175 et
1224 4136 1403 4176 rerum
1462 4120 1788 4175 abundantia
1817 4120 1984 4173 multo

422 4208 603 4274 plures
648 4209 899 4275 civitates
950 4213 1316 4281 exsuperavit.
1358 4209 1425 4265 Et
1452 4226 1577 4280 quae
1628 4212 1780 4280 prius
1831 4210 1985 4265 bonis

421 4301 678 4357 erunibus
722 4301 990 4368 ﬂuebat,
1068 4314 1229 4372 atque
1267 4304 1336 4358 ab
1379 4304 1634 4358 omnibus
1684 4302 1985 4358 decantatis

2067 2134 2485 2205 μετεσχηκέναι,
2521 2138 2671 2206 ἡμᾶς
2702 2136 2935 2203 ἀμαθεῖς
2975 2136 3132 2197 ὄντας
3162 2136 3623 2203 παρακαλέσαντα

2065 2227 2203 2303 πρὸς
2236 2227 2396 2297 ἔργον
2426 2227 2679 2290 τοσοῦτον
2726 2227 2813 2285 διὰ
2851 2227 2914 2280 τὸ
2965 2229 3113 2298 ήμᾶς
3143 2224 3283 2289 εἷναί
3312 2245 3365 2279 τι
3401 2226 3624 2304 νομίσαι

2069 2313 2232 2383 μηδὲν
2277 2315 2434 2376 ὄντας
2487 2318 2579 2373 καὶ
2630 2315 2790 2367 τοῦτο
2839 2318 3115 2387 πανταχοῦ
3165 2314 3618 2382 διατεινομένους.

2079 2402 2218 2472 Ἐγὼ
2240 2403 2284 2456 δ’
2318 2405 2398 2468 είς
2431 2403 2666 2475 ἀμοιϐὴν
2694 2404 2790 2468 τὰς
2822 2405 2919 2469 σὰς
2955 2405 3107 2477 λιτὰς
3154 2403 3497 2470 ἁντιδοθῆναί
3528 2420 3619 2472 μοι

2068 2492 2287 2562 θερμῶς
2335 2492 2679 2563 ἔξαιτοῦμαι,
2730 2493 3030 2563 τιμιώτατε
3071 2496 3276 2565 πάτερ’
3310 2495 3481 2548 πολλά
3514 2495 3623 2569 γὰρ

2069 2583 2291 2651 ἐμαυτῷ
2322 2582 2681 2650 συνεγνωκὼς
2722 2585 3065 2661 πταίσματα,
3101 2590 3200 2655 τῆς
3228 2585 3335 2641 ἀπὸ
3372 2586 3482 2639 τῶν
3515 2585 3624 2638 σῶν

2069 2673 2232 2733 λιτῶν
2263 2674 2451 2751 δέομαι
2475 2674 2747 2750 βοηθείας,
2774 2676 2856 2738 είς
2875 2676 2974 2745 τὴν
3008 2678 3214 2729 τούτων
3244 2677 3518 2753 ἀπόνιψιν.

2083 2828 2370 2898 Ἰωάννουῄ
2405 2830 2817 2893 Ἀναγνὼστου
2849 2830 2998 2883 κατὰ
3047 2831 3300 2898 δύναμιν
3355 2829 3629 2896 Momsz

2166 2899 2265 2959 ἐπὶ
2296 2896 2371 2967 τῇ
2400 2898 2617 2958 ἁλώσει
2649 2900 2761 2968 τῆς
2802 2900 3033 2966 πόλεως
3060 2896 3536 2967 Θεσσαλονίκης.

2144 3034 2241 3098 Τίς
2270 3032 2335 3085 ἂν
2371 3030 2527 3094 εἰδὼς
2550 3032 2747 3085 πάθεσι
2782 3032 3015 3102 θρήνους
3044 3032 3254 3098 ὲξισοῦν
3292 3033 3389 3101 τὴν
3412 3034 3619 3094 Θεσσα-

2074 3124 2332 3178 λονικέων
2352 3123 2517 3188 ἀξίως
2543 3124 2699 3176 πόλιν
2724 3124 2961 3194 ὠδύρετο
2984 3141 2999 3191 ;
3042 3126 3202 3189 Πόλις
3237 3125 3343 3195 γὰρ
3376 3126 3514 3196 αὕτη
3531 3128 3631 3189 τὰς

2075 3217 2242 3283 ἄλλας
2274 3216 2396 3268 ὅσον
2418 3218 2477 3268 ὲν
2497 3216 2728 3286 εὐτυχίᾳ
2750 3214 2930 3287 πολλῷ
2962 3216 3040 3285 τῷ
3073 3216 3260 3288 μέτρῳ
3292 3219 3625 3287 παρήνεγκε,

2075 3307 2407 3377 πανταχόθεν
2446 3308 2546 3359 αὐτ
2560 3305 2625 3377 ὴν
2658 3292 2919 3377 λαμπρὰν
2951 3308 3043 3361 καὶ
3069 3308 3324 3377 ποθεινὴν
3349 3309 3620 3373 δεικνῦσα,

2077 3398 2303 3453 τοσοῦτο
2350 3397 2446 3451 νῦν
2483 3399 2826 3467 ἀτυχέστατα
2876 3400 3129 3469 πέπραγε
3197 3400 3293 3454 καὶ
3336 3400 3619 3471 θρηνῳδίας

2080 3491 2301 3559 ἀπάσης
2329 3490 2591 3553 ὑπόθεσις
2626 3492 2931 3561 πρόκειται,
2962 3478 3058 3553 Οἷς
3085 3493 3191 3561 γὰρ
3248 3492 3358 3544 τῶν
3384 3491 3471 3544 ἀπ’
3529 3492 3623 3551 αύ-

2078 3582 2178 3647 τῆς
2207 3580 2387 3633 καλῶν
2423 3583 2519 3634 καὶ
2553 3581 2752 3651 μικρὸν
2782 3582 2913 3648 γοῦν
2944 3599 3066 3645 τινα
3104 3583 3297 3652 χρόνον
3334 3582 3629 3635 ἀπόνασθαι

2080 3673 2291 3741 γέγονε,
2321 3671 2506 3740 λέγειν
2539 3673 2694 3739 οὺδέν
2749 3673 2960 3737 ἔπεισιν
2998 3673 3126 3727 ἄλλο
3173 3673 3377 3743 ταύτης
3410 3692 3470 3742 γε
3509 3674 3637 3744 πέρι

2080 3763 2113 3831 ἦ
2170 3764 2349 3834 ψυχὴν
2387 3764 2600 3833 ὅσαπερ
2637 3765 2692 3826 ἐς
2750 3745 2990 3832 ἀθυμίαν
3036 3764 3296 3834 ἐμϐάλλει
3348 3766 3529 3831 πηγάς
3577 3780 3637 3816 τε

2080 3854 2332 3922 δακρύων
2384 3853 2444 3917 ἐξ
2497 3853 2761 3925 ὀμμάτων
2803 3854 3129 3924 προχεῖσθαι
3196 3855 3635 3924 παρασκευάζει.

2083 3943 2289 4005 Πολλὰς
2324 3942 2426 4012 μὲν
2457 3942 2565 4013 γὰρ
2601 3943 2789 3996 κάλλει
2817 3945 2913 4011 καὶ
2935 3945 3099 4011 θέσει,
3134 3944 3332 4005 πολλάς
3357 3944 3417 4013 δὲ,
3473 3944 3640 4013 μεγέ-

2083 4033 2283 4086 θεικαὶ
2317 4036 2387 4105 τῇ
2450 4022 2560 4088 τῶν
2590 4034 2770 4089 καλῶν
2811 4034 3046 4105 ἀφθονίᾳ
3110 4036 3237 4107 μηδ’
3289 4037 3411 4088 ὅσον
3467 4037 3642 4089 εἰπεῖν

2083 4127 2388 4196 ὑπερέϐαλε
2443 4128 2646 4190 πόλεις.
2686 4127 2796 4180 Καὶ
2828 4127 2910 4199 [ἃ]
2972 4118 3101 4197 πρὶν
3156 4130 3258 4199 μὲν
3307 4130 3483 4195 ὲκόμα
3528 4130 3643 4189 τοῖς

2083 4217 2311 4294 ἀγαθοῖς
2340 4218 2435 4271 καὶ
2469 4217 2684 4287 πλούτῳ
2732 4217 2810 4289 τῷ
2846 4217 3261 4289 θρυλλουμένῳ,
3296 4219 3412 4271 νυνὶ
3462 4218 3538 4282 δὲ,
3568 4216 3643 4277 ὡς

2087 4307 2164 4376 μὴ
2192 4305 2387 4373 ὢφελε,
2419 4306 2626 4381 φροῦδα
2658 4306 2926 4374 γεγένητο
2976 4308 3156 4359 πάντα
3184 4308 3279 4359 καὶ
3319 4306 3503 4367 κακῶς
3523 4306 3644 4357 ἀνεο

420 4392 643 4455 divitiis,
669 4407 811 4448 nunc
843 4394 1010 4462 (quod
1039 4395 1242 4448 utinam
1288 4393 1572 4449 avertisset
1601 4393 1740 4447 Deus
1785 4391 1981 4460 )omni-

2091 4395 2378 4451 σκεύαστο.
2419 4398 2484 4450 Ὢ
2514 4396 2628 4458 πῶς
2658 4397 2988 4466 μαγνήτιδος
3046 4397 3246 4466 τρόπον
3311 4386 3417 4459 είς
3447 4395 3646 4465 ἑαυτὴν

424 4485 525 4539 bus
563 4487 675 4539 suis
706 4487 954 4553 partibus
993 4485 1139 4553 jacet
1188 4484 1473 4538 demortua
1502 4492 1557 4537 et
1591 4483 1824 4553 pessime
1864 4496 1990 4550 per-

423 4587 675 4632 tractata.
714 4574 758 4630 O
785 4578 1055 4645 quomodo
1087 4576 1195 4642 illa,
1241 4576 1461 4645 perinde
1516 4585 1677 4644 atque
1748 4586 1989 4645 magnes,

420 4683 608 4723 omnes
641 4674 704 4723 ad
743 4685 801 4725 se
836 4670 1082 4725 trahebat
1132 4669 1401 4735 avellique
1441 4668 1509 4723 ab
1533 4681 1591 4721 se
1642 4664 1785 4719 nullo
1832 4663 1991 4717 modo

422 4761 798 4822 permittebat?
833 4763 911 4816 sic
942 4763 1083 4817 enim
1116 4777 1212 4817 eos
1241 4759 1537 4823 detinebat,
1567 4772 1701 4828 quos
1731 4744 1970 4826 quacun-

426 4866 529 4917 que
555 4867 586 4905 e
616 4853 835 4921 regione
856 4855 1201 4908 advenientes
1240 4852 1394 4906 donis
1442 4848 1771 4917 excipiebat,
1801 4849 1990 4901 vincu-

427 4941 600 5009 lisque
635 4941 887 4995 amicitiae
947 4941 1410 4997 indissolubilibus
1462 4939 1883 5010 eonstringebat,
1933 4948 1992 4993 ut

424 5048 535 5102 pra!
567 5046 629 5086 ea
663 5033 893 5094 patriam
936 5044 1322 5103 postponerent
1364 5043 1418 5088 et
1447 5032 1515 5087 de
1559 5018 1737 5086 reditu
1772 5046 1991 5099 prorsus

425 5124 739 5179 memoriam
781 5127 1109 5179 amitterent.
1130 5124 1269 5189 Heu,
1298 5128 1397 5179 heu
1424 5124 1826 5178 lverumtamen
1848 5136 1991 5176 nunc

425 5231 531 5270 non
557 5226 759 5271 tantum
785 5216 1041 5279 advenas,
1071 5231 1224 5287 quos,
1258 5227 1315 5270 ut
1359 5216 1491 5280 dixi,
1522 5214 1665 5270 illius
1695 5214 1989 5286 gratiarum

426 5308 714 5376 participes
746 5306 861 5362 fieri
887 5307 1134 5377 contigit,
1159 5308 1251 5362 sed
1275 5309 1437 5363 etiam
1464 5322 1601 5375 quos
1630 5307 1741 5376 ipsa
1765 5305 1989 5369 extulit,

425 5396 573 5452 οτιιυί
606 5397 785 5451 studio
815 5396 991 5465 fugam
1021 5398 1261 5465 arripere
1288 5411 1516 5466 eamque
1540 5398 1699 5453 veluti
1739 5396 1992 5466 Charyb-

426 5488 535 5541 dim
586 5489 811 5543 alteram
853 5488 1269 5558 perhorrescere
1295 5497 1350 5542 ct
1411 5486 1670 5542 detestari
1724 5486 1916 5553 coegit.
1948 5484 1994 5539 0

425 5588 662 5647 tempus,
725 5594 997 5650 quamam.
1046 5586 1267 5648 repente
1324 5576 1580 5645 parturis.
1632 5584 1688 5629 et
1731 5590 1992 5645 quasnam

428 5671 589 5729 rebus
642 5672 1046 5730 imtnutationes
1084 5670 1337 5748 inducis}
1364 5672 1565 5747 optime
1614 5678 1685 5734 te,
1714 5670 1805 5739 qui
1850 5680 1995 5722 retto

2097 4483 2342 4546 ἅπαντας
2376 4480 2579 4550 εἷλκεν,
2610 4484 2913 4553 ἀποστῆναί
2940 4501 2999 4536 τε
3040 4486 3263 4546 τούτους
3319 4484 3431 4537 οὐδ’
3464 4486 3645 4537 ὁπωσ-

2096 4557 2246 4629 τιοῦν
2270 4572 2599 4645 συνεχώρειῐ
2639 4576 2878 4645 τοσούτῳ
2938 4576 3182 4646 καὶγὰρ
3236 4578 3506 4644 κατεῖχεν,
3566 4571 3648 4636 οἷς

2097 4664 2292 4725 αύτιὺς
2332 4664 2669 4732 πανταχόθεν
2732 4665 3167 4735 ἀφικνουμένους
3210 4666 3513 4731 ἐδεξιοῦτο,
3559 4666 3649 4717 δε-

2101 4758 2256 4824 σμοῖς
2278 4757 2332 4809 τ’·
2348 4755 2563 4818 ἀλύτοις
2594 4755 2776 4824 φιλίας
2801 4756 3026 4819 συνέδει,
3060 4756 3135 4818 ὡς
3156 4757 3274 4809 ἀντὶ
3300 4758 3396 4825 τῆς
3426 4759 3652 4821 ἐνεγκα-

2100 4849 2266 4917 μένης
2291 4846 2461 4915 αὐτὴν
2486 4847 2692 4908 πάντας
2726 4847 3019 4915 αἱρεῖσθαι,
3076 4847 3170 4899 καὶ
3231 4845 3355 4915 μηδ’
3394 4846 3650 4898 ἐπανόδου

2100 4935 2409 5009 μεμνῆσθαι
2436 4922 2664 5006 μηκέτι.
2695 4937 2799 4989 Φεῦ
2825 4939 2844 4990 ι
2868 4936 2984 4989 ἀλλ’
3018 4935 3119 5005 ἤδη
3155 4934 3230 5006 μή
3263 4920 3387 4997 τοὺς
3418 4936 3476 5001 ἐξ
3499 4934 3655 4987 ἀλλο-

2096 5027 2277 5096 δαπῆς
2306 5027 2488 5093 μόνον,
2510 5022 2588 5090 οἷς
2609 5026 2874 5097 ὑπῆρξεν,
2898 5027 2973 5090 ῶς
3003 5012 3161 5097 ἔφην,
3182 5029 3289 5081 τῶν
3314 5028 3482 5096 αὐτῆς
3513 5027 3656 5078 ἀπο-

2096 5120 2422 5173 λελαυκέναι
2448 5121 2710 5189 χαρίτων,
2744 5119 2884 5172 ἀλλὰ
2909 5122 3004 5173 καὶ
3038 5119 3132 5182 οὓς
3158 5120 3382 5189 ἤνεγκε,
3431 5117 3653 5187 φεύγειν

2096 5211 2195 5282 ὅλῃ
2227 5210 2609 5279 παρεσκεύακε
2661 5211 2944 5280 προθυμίᾳ
3011 5212 3105 5263 καὶ
3144 5210 3415 5278 Χάρυὸδιν
3466 5207 3655 5277 ὥσπερ

2098 5304 2292 5370 ἑτέραν
2333 5300 2627 5353 δεδοικέναι
2666 5302 2764 5353 καὶ
2789 5301 3039 5369 τρέμειν.
3071 5295 3149 5353 Ὅ
3188 5300 3369 5369 χρόνε,
3432 5293 3519 5352 οἷα
3574 5299 3658 5349 τί·

2099 5408 2248 5454 κτεις
2278 5392 2558 5460 ἐξαίφνης,
2576 5392 2667 5444 καὶ
2698 5391 3000 5458 μεταὸολάς
3023 5392 3141 5452 οἵας
3168 5393 3333 5441 ὲναπε
3345 5389 3517 5459 ργάζῃ
3542 5389 3656 5451 τοῖς

2102 5470 2411 5550 πράγμασι.
2457 5481 2651 5545 Καλῶς
2686 5498 2769 5547 σε,
2795 5482 2932 5550 πρὸς
2960 5482 3020 5533 τὸ
3049 5481 3412 5550 παλίντροπον
3441 5466 3657 5532 ἀπιδόν-

2100 5590 2211 5638 τες,
2240 5573 2434 5642 τροχὸν
2466 5573 2526 5625 τὸ
2545 5572 2654 5625 τῶν
2686 5572 2866 5640 σοφῶν
2906 5573 3221 5640 ὠνομάκασι
3255 5572 3410 5640 γένος
3430 5585 3444 5600 ·
3477 5572 3653 5623 πάντα

2105 5667 2223 5735 γὰρ,
2254 5665 2363 5743 ἀνω
2410 5664 2503 5718 καὶ
2530 5666 2681 5719 κάτω
2727 5664 3021 5734 μετατίθης
3069 5666 3161 5718 καὶ
3211 5664 3545 5734 περιφέρεις.
3584 5650 3651 5713 Ὠ

3102 5850 3133 5872 δ
