4096 6300
409 386 514 451 ϐἓθ

1388 389 1484 449 DE
1526 388 1835 449 EXCIDIO
1878 390 2613 454 THESSALONICENSL
3376 458 3379 461 δ
3524 380 3632 443 630

407 501 563 561 πόλις
593 501 626 569 ἠ
657 503 786 569 πρὶν
826 501 925 568 μιν
956 504 1141 574 ὥσπερ
1179 503 1311 567 ναῦς
1357 506 1415 570 ἐξ
1468 503 1657 574 οὐρίας
1692 505 1951 567 πλέουσα.

2080 506 2157 559 tbs
2199 514 2251 559 te
2307 505 2486 558 omnia
2524 503 2766 558 converti
2820 512 3151 569 causpexere
3216 499 3503 567 sapientes.
3548 512 3635 549 ro-

405 589 597 643 Ιπειτα
627 591 683 643 δὲ
710 594 1019 660 καταιγίδος
1050 595 1226 663 δεινῆς
1258 594 1578 662 ἐγερθείσης
1615 589 1800 657 κακῶς
1834 611 1963 647 συν-

403 683 654 746 τριὸεἴσα
684 683 777 735 καὶ
803 685 893 736 τὸν
912 687 1169 738 ἐναποκεε
1178 696 1338 753 μενον
1361 685 1593 738 πλοῦτον
1610 685 1961 739 ἀποϐαλοῦσα

406 775 499 824 καὶ
530 773 863 836 ἀπολέσασα,
900 775 1009 827 οὐδ’
1038 770 1103 827 ἃν
1137 771 1217 838 εἷς
1243 777 1351 829 τῶν
1390 793 1472 829 σοι
1499 778 1819 845 προσόντων
1844 778 1966 845 ἀφί-

408 863 558 913 κοιτό
593 863 713 915 ποτ’
746 866 822 925 είς
854 862 1025 933 λήθην
1051 865 1213 929 ἑκὼν,
1244 867 1292 918 εί
1331 866 1404 934 μὴ
1436 866 1544 918 τῶν
1578 867 1792 935 φρενῶν
1851 865 1967 932 ἐξέ-

411 966 613 1020 στηκεν
672 952 826 1014 ὅλως.
871 948 1010 1021 Ἐγὼ
1060 957 1160 1024 μὲν
1213 952 1306 1010 οῦν
1365 958 1458 1009 καὶ
1510 957 1815 1028 σύνδακρυς
1871 948 1965 1012 σοῦ

413 1044 765 1111 μεμνημένος
796 1044 1157 1114 καθίσταμαι,
1180 1042 1274 1100 καὶ
1300 1047 1361 1099 τὸ
1402 1050 1743 1117 προφητικὸν
1769 1051 1964 1117 εἰπεῖν,

410 1133 601 1196 σκότος
632 1131 823 1188 λεπτόν
855 1152 919 1204 με
952 1132 1241 1204 καλύπτει,
1283 1141 1375 1194 καὶ
1408 1141 1765 1210 παραμυθίαν
1790 1141 1968 1210 ζητῶν

408 1220 580 1276 ταυτά
633 1242 724 1293 μοι
767 1227 998 1297 πάσχειν
1047 1230 1141 1282 καὶ
1183 1230 1310 1292 τοὺς
1344 1230 1536 1293 ἄλλους
1586 1232 1845 1300 εὑρίσκω,
1906 1232 1969 1287 Ὢ

412 1311 532 1371 πῶς
556 1329 647 1365 σου
684 1313 781 1380 τὴν
808 1317 938 1383 πρὶν
987 1316 1288 1386 εὐκοσμίαν
1318 1319 1626 1388 ἀφῄρησαι.
1659 1320 1754 1372 καὶ
1784 1320 1970 1389 ἡλαμ-

413 1404 621 1468 πρότης
650 1406 887 1472 ἀπέσϐη,
921 1406 1014 1459 καὶ
1043 1409 1172 1469 τοὺς
1199 1408 1445 1478 ὁρῶντας
1483 1411 1760 1480 κατηφιᾷν
1800 1412 1970 1479 ἀναγι-

413 1490 621 1553 νάζεις.
653 1492 992 1563 Συγκέχυται
1026 1498 1134 1566 γάρ
1166 1513 1251 1549 σοι
1274 1498 1479 1565 κόσμος
1519 1494 1545 1550 ὁ
1594 1501 1973 1569 περικείμενος

416 1580 586 1642 ἅπας,
615 1583 709 1634 καὶ
731 1583 789 1635 τὸ
814 1585 1031 1647 κάλλος,
1064 1580 1107 1653 ᾧ
1134 1588 1337 1655 σαυτὴν
1380 1590 1603 1656 κοσμεῖν
1623 1586 1785 1658 εἶχες,
1825 1590 1976 1654 ἐξαί-

417 1688 556 1738 φνης
577 1672 846 1727 ἀπόλωλε.
879 1675 1123 1744 Θέατρον
1151 1678 1261 1746 γὰρ
1291 1678 1561 1747 πρότερον
1597 1676 1697 1745 μὲν
1718 1677 1977 1747 εὔδαιμον

415 1756 509 1829 ἦς,
548 1764 667 1815 νυνὶ
700 1764 755 1816 δὲ
787 1766 883 1817 Θέα
917 1767 1053 1818 πᾶσι
1084 1769 1321 1833 γέγονας
1358 1769 1684 1833 ἀλιτευκταίοι⁷
1718 1769 1811 1820 καὶ
1851 1770 1977 1829 τοὺς

416 1858 651 1908 ἐνοικεῖν
708 1856 1002 1925 ἑλομένους
1065 1872 1147 1910 σοι
1190 1859 1284 1910 καὶ
1339 1859 1573 1920 ἄκοντας
1627 1858 1969 1923 ἀπελαύνεις,

413 1946 547 2013 δρᾷν
568 1961 625 1996 σε
659 1944 734 2013 μὴ
762 1947 1028 2014 φέροντας
1055 1948 1113 1997 ὲν
1163 1945 1422 2016 δυστυχίᾳ
1452 1947 1696 2016 τοιαύτῃ.
1739 1945 1802 1997 Oi
1862 1946 1970 2016 γάρ

418 2051 481 2087 σε
511 2036 714 2102 τροφὸν
744 2036 1052 2089 οἷδασι’καὶ
1095 2039 1330 2107 μητέρα,
1384 2040 1495 2099 τοῖς
1540 2040 1631 2089 ἐπὶ
1685 2038 1854 2105 μητρὶ
1887 2054 1976 2090 κο·

419 2126 714 2193 πτομένοις
747 2130 1090 2198 ἀποιχομένῃ
1130 2129 1201 2180 τὰ
1249 2128 1618 2196 παραπλήσια
1661 2128 1851 2196 δρῶσι,
1881 2129 1976 2181 καὶ

414 2218 723 2285 κατηφείας
754 2235 814 2270 σε
868 2220 1069 2280 πάντες
1103 2219 1381 2273 ποιοῦνται
1431 2220 1692 2289 διήγημα.
1730 2215 1801 2272 Ὦ
1838 2236 1976 2290 παρ-

416 2310 591 2371 όντες.
621 2310 730 2375 ἐγὼ
753 2310 851 2377 μὲν
882 2311 975 2361 καὶ
1001 2310 1110 2363 τῶν
1136 2311 1311 2363 ἀλλων
1343 2313 1470 2363 ὅταν
1508 2312 1587 2372 είς
1621 2313 1838 2379 μνήμην
1858 2312 1976 2381 ἥκω

414 2398 519 2466 τῆς
548 2400 781 2463 πόλεως,
811 2400 1022 2451 πολλῶν
1057 2400 1228 2453 ὄντων
1276 2401 1372 2453 καὶ
1427 2402 1706 2468 μεγάλων.
1755 2404 1849 2455 καὶ
1902 2396 1977 2454 ὧν

416 2487 573 2554 λόγος
609 2490 781 2551 οὐδεὶς
817 2490 1041 2559 ἰξαρκεῖ
1081 2491 1218 2558 πρὸς
1263 2490 1536 2560 διήγησιν,
1596 2490 1805 2559 ίλίγγου
1838 2492 1990 2559 πλη-”

422 2578 621 2648 ροῦμαι
651 2582 745 2632 καὶ
766 2580 1009 2648 ἐμαυτὸν
1036 2578 1129 2632 ὑπ’
1161 2579 1403 2647 ἀθυμίας
1426 2578 1678 2649 κατέχειν
1704 2582 1801 2650 οὐχ
1867 2576 1977 2643 οἷός

419 2685 480 2722 τε
509 2671 749 2737 γίνομαι,
785 2672 949 2739 ἡνίκα
978 2669 1024 2722 δ’
1052 2670 1120 2723 ἂν
1147 2672 1241 2724 καὶ
1266 2672 1363 2722 τὸν
1385 2672 1669 2725 κάλλιστον
1726 2673 1785 2725 ὃν
1841 2674 1977 2725 ἀποδ

418 2759 656 2822 ϐέϐληκε
681 2759 885 2827 κόσμον
912 2760 1241 2828 λογίσωμαι,
1281 2761 1437 2822 νεὼς,
1469 2762 1637 2829 φημὶ,
1672 2760 1849 2823 θείους
1884 2762 1979 2813 καὶ

416 2852 490 2902 τὰ
522 2852 662 2910 κατὰ
709 2855 817 2912 πᾶν
849 2853 1027 2924 αὐτῆς
1079 2853 1247 2925 μέρος
1281 2853 1501 2924 σεμνῶν
1551 2854 1762 2926 ἀνδρῶν
1815 2870 1981 2909 καταδ

417 2947 622 3014 γώγια,
661 2948 859 3018 μικροῦ
888 2948 983 2999 καὶ
1024 2948 1240 3014 ἄφωνος
1271 2949 1385 3007 τοῖς
1428 2945 1700 3014 παροῦσιν
1762 2946 1979 3017 ὁρῶμαι

414 3039 514 3091 καὶ
543 3038 697 3107 μόλις
735 3038 975 3103 ἐμαυτὸν
997 3037 1321 3105 ἀνακτῶμαι
1349 3038 1445 3088 τοῦ
1476 3036 1709 3099 πάθους.
1741 3037 1979 3103 Ὀφθαλ-

421 3133 541 3201 μῶν
583 3130 692 3199 γὰρ
743 3129 920 3181 εἰπεῖν
967 3123 1113 3197 ἦσαν
1146 3120 1295 3181 οῦτοι
1350 3126 1504 3193 βολαί
1552 3144 1612 3179 τε
1656 3128 1751 3180 καὶ
1783 3127 1978 3195 γλῆναι

418 3222 486 3289 τῇ
515 3219 689 3282 πόλει,
719 3223 814 3271 καὶ
836 3217 933 3270 νῦν
963 3217 1460 3285 κατακοιμηθεῖσαι
1509 3217 1750 3289 ζοφερὰν
1805 3219 1979 3287 αὐτὴν

425 3309 835 3378 ἀπειργάσαντο
877 3309 1076 3375 πάντη.
1105 3310 1215 3361 Καὶ
1262 3308 1313 3360 τί
1339 3308 1413 3377 μὴ
1440 3309 1585 3374 λέγω
1603 3309 1665 3361 τὸ
1695 3311 1939 3377 κρεῖττον
1963 3323 1977 3373 ;

424 3401 653 3472 οὖρανῷ
671 3416 730 3452 τε
763 3401 857 3452 καὶ
884 3403 956 3469 γῇ
990 3400 1193 3468 ταύτην
1230 3400 1450 3452 εἴκασεν
1481 3399 1546 3453 ἄν
1581 3416 1661 3463 τις
1692 3399 1789 3469 τὴν
1828 3401 1983 3453 πόλιν

425 3492 718 3559 εὐστόχωςο
760 3490 822 3543 τὸ
865 3492 966 3558 μὲν
999 3490 1109 3560 γὰρ
1143 3489 1258 3543 ἄνω
1288 3491 1415 3551 τοὺς
1467 3493 1526 3542 ὲν
1553 3490 1719 3559 ἀρετῇ
1753 3490 1983 3557 διαλάμ-

426 3597 628 3642 ποντας
680 3581 970 3651 οἰκήτορας
1029 3581 1297 3649 πρότερον
1357 3580 1483 3649 ἔχον
1542 3581 1706 3649 μέρος
1755 3578 1981 3650 οὐρανοῦ

427 3668 604 3731 σῶζον
646 3664 714 3739 ἦν
746 3670 955 3739 σχῆμα,
987 3670 1053 3722 τὸ
1074 3670 1227 3722 κάτω
1273 3669 1328 3722 δὲ
1394 3670 1489 3722 καὶ
1539 3673 1673 3740 πρὸς
1709 3671 1986 3724 θάλατταν

428 3761 554 3827 γῆς.
598 3760 665 3812 Εἴ
692 3777 772 3821 τις
802 3760 847 3811 δ’
879 3761 946 3812 ἂν
1007 3762 1097 3812 καὶ
1141 3759 1435 3812 συνεκτικὰ
1480 3760 1624 3812 εἴποι
1659 3761 1885 3824 στύλους
1917 3765 1986 3832 τῇ

427 3850 601 3912 πόλει,
646 3851 745 3901 οὐκ
784 3849 848 3902 ἂν
881 3850 1137 3921 ἁμάρτοι.
1189 3853 1252 3903 Ὢ
1281 3851 1604 3919 πράγματος
1642 3851 1827 3914 ξένουί
1859 3852 1984 3904 ἔνθα

427 3940 581 3993 πόνοι
608 3939 707 4008 τῆς
738 3938 1042 4008 ἀσκητικῆς
1073 3940 1165 3992 τοῦ
1232 3941 1425 4002 παντὸς
1474 3941 1739 4009 ἐτιμῶντο
1792 3943 1984 3996 παλαί-

427 4047 618 4097 στρας,
644 4032 763 4084 νυνὶ
797 4030 1065 4100 θεοστυγῆ
1098 4032 1514 4099 διαπράττεται.
1541 4034 1649 4086 Καὶ
1670 4034 1800 4097 Θεὸς
1822 4035 1989 4103 ὕπερ-

423 4120 633 4173 τίθεται
666 4119 767 4189 τὴν
798 4120 1096 4188 ἐκδίκησιν.
1130 4122 1192 4173 Ὦ
1223 4120 1359 4173 Θεοῦ
1413 4122 1603 4190 ἀνοχὴ,
1657 4122 1773 4185 πῶς
1809 4124 1985 4177 τοιού-

424 4227 535 4263 των
580 4211 854 4281 ὴνέσχους
888 4212 1107 4264 Βέλτιον
1138 4212 1206 4266 ἂν
1232 4208 1300 4281 ἦν
1352 4212 1453 4278 τὴν
1510 4214 1615 4279 γῆν
1658 4214 1987 4283 διασχοῦσαν

426 4302 669 4364 καλύψαι
703 4301 948 4371 ἢτοῦτον
987 4300 1159 4354 ταῦτα
1187 4296 1695 4371 μετασκευασθῆναι
1745 4300 1836 4356 τόν
1860 4304 1986 4373 τρό-

430 4409 552 4447 πον.
586 4394 852 4461 Κρεῖττον
879 4393 947 4446 ἂν
970 4389 1031 4463 ἦν
1063 4392 1145 4445 ἑνὶ
1174 4387 1273 4461 τῆς
1299 4393 1403 4459 γῆς
1451 4388 1810 4463 ivuenem“;
1830 4397 1985 4447 ταυτὶ

2070 608 2177 650 tam
2226 600 2625 663 nuncuparunt,
2686 594 2865 647 omnia
2920 592 3184 661 siquidem
3233 602 3432 658 susque
3464 582 3639 655 deque

2068 687 2183 756 agis
2211 688 2494 755 ducisque.
2523 682 2569 739 0
2599 687 2727 738 urbs
2775 692 2932 737 antea
2964 690 3124 735 vento
3175 681 3416 736 secundo
3470 680 3637 733 adna-

2066 779 2280 843 Vlgans,
2307 776 2645 843 postmodum
2674 773 2787 827 dira
2843 779 3162 839 tempestate
3188 778 3371 822 com-ta
3407 770 3639 835 pessime

2067 870 2323 931 contrita,
2363 866 2611 933 repositis
2634 865 2686 919 itt
2708 868 2759 918 te
2786 860 2990 917 divitiis
3022 863 3235 915 amissis
3259 871 3424 928 atque
3450 861 3645 927 deper-

2067 955 2239 1009 ditis!
2275 964 2431 1010 neuio
2462 957 2709 1023 equidem
2758 963 2969 1009 tuorum
3010 960 3245 1020 unqbam
3298 952 3645 1007 obliviscetur
3736 968 3747 975 ·

2069 1042 2261 1110 libens,
2313 1046 2365 1100 ui
2439 1055 2614 1101 mente
2659 1053 2847 1115 captus
2899 1044 2993 1098 abs
3055 1054 3106 1097 te‘
3147 1052 3368 1112 prorsus
3430 1042 3645 1096 abierit.

2072 1130 2179 1199 Ego
2208 1146 2334 1184 vero
2365 1139 2507 1185 totus
2537 1133 2791 1203 lacrymis
2821 1138 3169 1200 conspe‘rgor,
3211 1130 3336 1183 dum
3368 1128 3441 1181 tni
3464 1134 3648 1180 recor‘

2070 1225 2190 1287 dor,
2228 1230 2282 1275 et
2328 1230 2387 1276 ut
2427 1232 2545 1275 cunt
2609 1223 2869 1291 propheta
2907 1221 3119 1288 loquar,
3148 1219 3372 1272 subtiles
3408 1219 3645 1269 tenebrae
3729 1208 3733 1212 ’

2073 1327 2158 1367 me
2187 1314 2465 1382 obtegunt,
2504 1320 2558 1367 et
2606 1312 3030 1367 Consolationen’t
3087 1322 3332 1377 quarens
3364 1308 3550 1360 eadem
3593 1306 3646 1357 et

2075 1405 2212 1458 altus
2244 1406 2444 1472 perpeti
2476 1404 2708 1472 reperio.
2739 1401 2784 1457 Ο
2806 1396 3072 1471 quomodo
3106 1406 3196 1452 tito
3227 1398 3455 1466 pristino
3486 1398 3646 1450 deco~

2079 1508 2137 1549 re
2174 1494 2401 1562 spoliata
2434 1509 2512 1555 es,
2542 1502 2591 1547 et
2625 1494 2878 1561 splendor
2921 1483 3247 1548 exstinctus,
3279 1494 3333 1541 et
3374 1488 3646 1539 intuentes

2076 1596 2310 1641 mturare
2335 1586 2579 1639 canticis!
2607 1593 2831 1638 ornatus
2859 1583 3001 1637 enim
3024 1580 3227 1643 (mittis,
3255 1575 3345 1646 qni
3371 1586 3422 1629 te
3445 1577 3649 1629 :lllliiic-

2078 1674 2193 1738 bat,
2244 1675 2600 1728 conturbatus
2653 1680 2734 1727 εει
2766 1682 2858 1730 :et
2892 1668 3259 1740 pulchritudo,
3296 1680 3401 1735 qua
3441 1676 3493 1719 te
3522 1680 3647 1718 con-

2078 1765 2394 1829 decorabas,
2428 1772 2670 1817 actutum
2699 1764 2852 1825 abiit,
2888 1766 3159 1814 theatrum
3200 1759 3462 1827 siquidem
3491 1766 3645 1809 antea

2002 1827 2229 1917 Bfelix,
2282 1827 2422 1907 nunc
2478 1854 2733 1909 omnibus
2788 1854 3202 1906 abominandum
3276 1850 3646 1915 spectaculum

2077 1946 2286 1999 reddita
2328 1960 2385 1999 es
2421 1965 2434 2010 ;
2464 1956 2516 2000 et
2546 1956 2636 1999 eos
2664 1948 2753 2013 qui
2790 1954 2934 1998 tuam
2966 1943 3351 2001 habitationem
3373 1942 3601 2009 elegerat
3626 1948 3650 1994 ι

2074 2036 2327 2091 nolentes
2353 2038 2548 2105 abigis,
2580 2048 2833 2105 tanquam
2863 2037 2951 2104 qui
2986 2044 3036 2088 te
3069 2034 3119 2086 ln
3150 2028 3311 2086 simili
3342 2032 3651 2084 calamitate

2081 2130 2266 2182 videre
2302 2138 2407 2182 non
2463 2129 2755 2182 sustinent.
2788 2128 2886 2192 Qui
2920 2128 3061 2179 enim
3093 2133 3143 2179 te
3175 2123 3415 2176 altricem
3447 2131 3499 2176 et
3538 2136 3650 2174 nia-

2076 2226 2210 2273 trem
2242 2220 2595 2285 conlitenturt
2636 2219 2853 2286 perinde
2889 2234 2944 2272 sc
2987 2227 3179 2287 gerunt
3227 2227 3390 2285 atque
3445 2215 3519 2267 illi
3559 2217 3650 2280 qui

2077 2318 2305 2361 matrem
2340 2307 2682 2361 demortuam
2716 2306 2969 2369 ctTernnt,
2992 2317 3043 2359 et
3089 2308 3337 2359 maeroris
3374 2314 3425 2355 te
3466 2318 3655 2355 narra-

2078 2396 2275 2450 tionem
2346 2412 2533 2451 omnes
2604 2399 2960 2451 constituunt.
3024 2398 3068 2450 0
3137 2395 3481 2464 praesentes!
3553 2409 3652 2457 ego

2077 2489 2327 2553 equidem
2358 2499 2413 2542 et
2460 2504 2641 2541 rerum
2705 2489 2932 2541 aliatum
2983 2486 3496 2545 urbisimctmriam
3530 2502 3651 2537 cum

2081 2580 2279 2643 recolo,
2312 2594 2431 2645 qua:
2468 2580 2633 2632 multa
2685 2590 2808 2634 sunt
2840 2588 2893 2632 et
2938 2579 3171 2645 ingentia
3217 2589 3271 2631 et
3315 2577 3522 2629 dicendi
3565 2591 3654 2644 gn-

2080 2684 2182 2724 ttns
2212 2684 2373 2723 omne
2425 2674 2701 2736 superant,
2762 2670 2944 2722 Statim
2977 2669 3246 2735 vertigine
3277 2668 3554 2735 opprimor
3602 2676 3654 2719 rt

2082 2776 2165 2814 me
2199 2761 2371 2828 ipsum
2433 2759 2710 2814 continere
2753 2774 2860 2827 pne
2900 2759 3083 2813 dolore
3124 2771 3357 2826 nequeo.
3391 2755 3498 2809 Sed
3533 2773 3652 2809 cum

2080 2849 2499 2921 pulcherrimus,
2526 2858 2679 2919 quem
2712 2850 2914 2914 amisit,
2948 2858 3172 2903 Ornatus
3201 2848 3362 2902 menti
3393 2846 3653 2910 occurrit,

2079 2940 2248 3003 cdes,
2292 2938 2531 3011 inquam,
2576 2951 2741 2996 sacrit
2762 2949 2814 2993 et
2848 2948 2941 3009 per
2973 2943 3153 2994 omnia
3196 2942 3275 2993 sui
3326 2940 3440 2991 loca
3493 2944 3655 2991 vene

2081 3032 2371 3085 randarum
2410 3033 2685 3086 hominum
2708 3035 2883 3094 sedes,
2915 3036 3124 3085 tantum
3153 3049 3255 3085 non
3286 3042 3464 3084 mutus
3498 3034 3645 3083 veris

2042 3134 2183 3195 iusti
2232 3125 2432 3176 amisso
2482 3122 2818 3176 adstantibus
2845 3115 3062 3184 'videor,
3124 3130 3179 3174 et
3214 3123 3300 3174 vix
3355 3136 3439 3195 me
3495 3136 3559 3173 ex
3593 3136 3653 3172 ea

2083 3210 2396 3267 turbatione
2450 3213 2615 3267 animi
2674 3212 2949 3281 recolligo.
3013 3212 3306 3267 Oculorum
3361 3213 3504 3267 enim
3565 3215 3655 3268 illa

2081 3314 2239 3361 erant
2271 3304 2411 3369 urbi,
2446 3314 2505 3357 ιιι
2541 3304 2611 3358 ita
2670 3305 2866 3369 dicunt,
2916 3305 3095 3374 jactus
3135 3314 3293 3373 atque
3333 3306 3656 3374 pupillte;at

2083 3406 2226 3449 nunc
2273 3395 2726 3450 obdormiscetttia
2780 3397 3064 3453 obscurant
3108 3397 3255 3451 illam
3296 3396 3656 3466 ttttdeqnaqtte

2082 3485 2398 3540 eiecerunt.
2433 3486 2497 3540 Et
2534 3471 2661 3557 quid
2708 3489 3206 3557 prazstuntissimnm
3257 3492 3450 3542 taceo?
3510 3490 3659 3543 Culo

2084 3586 2351 3645 terraeque
2375 3580 2560 3632 urbem
2582 3580 2721 3632 hanc
2745 3580 2928 3635 nescio
2951 3576 3216 3647 quisapte
3247 3582 3655 3638 assimilaverit.

2085 3665 2328 3736 Namque
2356 3683 2480 3727 νοτε
2516 3670 2661 3725 illius
2694 3670 2959 3739 superior,
2993 3680 3111 3738 qua:
3142 3672 3288 3738 prius
3316 3671 3653 3724 habitatores

2086 3759 2139 3811 in
2189 3758 2480 3811 virtutibus
2546 3750 2862 3825 pra-stantes
2921 3759 3066 3812 viros
3130 3760 3465 3821 continebat,
3508 3761 3654 3821 cmli,

2087 3864 2212 3917 pars
2240 3848 2467 3901 inferior
2513 3859 2567 3903 et
2595 3852 2729 3901 mari
2769 3848 3019 3915 ailjacetts
3050 3858 3202 3901 terrm
3231 3848 3452 3916 figuram
3477 3865 3582 3916 pne

2086 3937 2312 3993 ferebat.
2348 3937 2403 3992 Si
2433 3938 2554 4007 quis
2575 3952 2704 3993 vero
2735 3948 2789 3992 et
2821 3938 3098 3991 columnas
3144 3938 3327 3990 urbem
3373 3938 3656 3989 continen-

2092 4038 2171 4083 tes
2219 4028 2500 4094 adjiceret,
2537 4044 2616 4082 nae
2646 4031 2690 4083 is
2724 4043 2753 4081 a
2776 4043 2907 4083 vero
2939 4044 3042 4081 non
3071 4029 3427 4082 aberraverit.
3458 4026 3502 4080 Ο
3540 4043 3651 4079 rem

2091 4121 2428 4190 peregrinam
2485 4120 2497 4171 l
2541 4120 2628 4173 ubi
2676 4104 2891 4174 labores
2965 4121 3357 4174 exercitaturiae
3407 4121 3658 4188 palestt'a:

2089 4220 2212 4264 ante
2238 4210 2419 4263 omnia
2461 4212 2908 4279 praticrebantnr,
2960 4225 3098 4262 nunc
3138 4210 3244 4262 Deo
3270 4224 3431 4263 exosa
3488 4214 3652 4263 ιόιιίῑ-

2090 4301 2353 4366 cientur;
2386 4307 2440 4354 et
2473 4298 2612 4355 Deus
2646 4296 2900 4355 ultionem
2931 4300 3112 4367 reiicit
3141 4301 3192 4353 in
3220 4301 3363 4354 aliud
3396 4314 3604 4370 tempus
3634 4304 3655 4354 ’ἶ

2088 4391 2133 4445 Ο
2178 4388 2269 4444 vel
2316 4390 2659 4449 tdlerattliam
2686 4392 2698 4444 !
2729 4390 3001 4460 quomodo
3043 4390 3240 4445 similia
3284 4393 3588 4445 sustinuisti
3632 4394 3656 4445 ?

432 4482 929 4533 καταπεπτωκέναι
956 4483 1051 4534 καὶ
1097 4479 1231 4548 μηδὲ
1284 4481 1514 4550 λείψανα
1540 4481 1675 4548 γοῦν
1731 4485 1980 4537 ἐναπολεε

2091 4480 2281 4534 melius
2333 4480 2524 4535 fuisset
2585 4482 2734 4536 hiatu
2788 4493 2945 4535 terrae
2997 4483 3219 4535 omnino
3253 4480 3502 4548 absorpta
3534 4495 3657 4536 esse

430 4571 645 4638 λεϊφθαι
681 4572 758 4639 τῷ
794 4574 965 4639 τόπῳ·
1000 4572 1121 4624 τότε
1172 4574 1281 4641 γὰρ
1342 4573 1401 4624 οὐ
1467 4573 1691 4627 τοσοῦτο
1734 4575 1833 4637 τὰς
1880 4576 1989 4627 τῶν

430 4660 682 4729 ὁρώντων
713 4662 891 4730 ψυχὰς
924 4661 1151 4714 ἔδακνεν
1182 4663 1247 4714 ἂν
1302 4662 1365 4713 τὸ
1412 4661 1604 4724 πάθος.
1658 4664 1820 4730 Ἡμῖν
1888 4666 1989 4735 μὲν

431 4752 526 4803 καὶ
550 4752 611 4803 τὸ
640 4751 865 4804 είσιέναι
889 4749 1036 4802 ἔνδον
1069 4750 1161 4801 τοῦ
1196 4750 1586 4822 θυσιαστηρίου
1643 4756 1877 4824 φοϐερὸν
1911 4749 1990 4808 εί-

430 4859 517 4894 ναι
547 4842 738 4906 ἐδόκει,
772 4843 865 4894 καὶ
890 4840 1074 4909 μόνοις
1100 4837 1166 4910 ἦν
1202 4841 1474 4909 είσιτητὺν
1495 4844 1607 4905 τοῖς
1633 4848 1992 4914 τεταγμένοις

431 4932 489 4982 ὲν
519 4931 716 4997 τούτῳ,
742 4931 921 4999 ψυχὴν
948 4932 1041 4982 καὶ
1065 4930 1223 4997 σῶμα
1246 4929 1515 5000 πρότερον
1549 4932 1703 4998 σφίσι
1743 4936 1990 5005 καθηρα-

342 5011 348 5019 ’
436 5020 639 5087 μένοις·
677 5020 745 5072 τὰ
778 5017 871 5070 νῦν
913 5019 969 5070 δὲ
997 5019 1106 5079 τοῖς
1143 5017 1422 5087 βδελυροῖς
1461 5019 1599 5087 φεῦί
1633 5023 1861 5089 ἀνεῖται,
1900 5026 1992 5077 καὶ

430 5111 529 5177 τῆς
556 5108 813 5176 τοιαύτης
850 5109 951 5160 οὐκ
976 5109 1339 5176 ἀπείργονται
1368 5110 1602 5178 τόλμης.
1641 5113 1748 5163 Καὶ
1774 5112 1897 5166 οὔτε
1919 5118 1990 5185 γῆ

432 5199 713 5251 διίσταται
758 5198 1000 5260 καὶτοὺς
1023 5199 1167 5251 κατά
1200 5198 1335 5250 Θεοῦ
1376 5200 1694 5269 χωροῦντας
1738 5200 1989 5273 χωννῦει,

431 5287 729 5357 οὗθ’-ἥλιος
758 5287 963 5341 ἀνωθεν
1008 5290 1366 5357 καταφλέγει,
1396 5291 1431 5360 ἢ
1488 5291 1714 5360 οὐρανὸς
1767 5295 1994 5362 σφοδρὸν

432 5381 588 5434 ὑετὸν
623 5381 979 5451 καταπέμπει
1046 5384 1139 5435 καὶ
1172 5383 1431 5437 καταδύει
1467 5386 1786 5456 τάνόμημα.
1844 5390 1991 5461 Ὄπη

434 5470 528 5523 νοῦ
559 5472 653 5523 καὶ
682 5470 991 5546 αἰσθήσεων
1023 5470 1181 5541 νήφει
1242 5471 1403 5524 θείων
1441 5473 1637 5541 λογίων
1663 5475 1821 5545 ᾔδετο
1851 5479 1995 5549 μέλη

435 5562 532 5612 καὶ
562 5560 878 5630 συνᾴδοντες
906 5556 1044 5630 ἦσαν
1074 5560 1280 5614 ἀνωθεν
1314 5562 1449 5625 νόες,
1492 5565 1687 5631 φωνῶν
1718 5566 1812 5620 νῦν
1834 5571 1992 5638 αἵρεε-

434 5666 525 5702 ται
560 5650 792 5719 ἀσήμων
842 5649 1087 5720 κραυγὴ,
1138 5652 1234 5705 καὶ
1286 5652 1349 5704 τὸ
1399 5652 1674 5720 δαιμόνων
1732 5657 1990 5727 ὲφήδεται

441 5740 630 5811 φῦλον,
666 5741 902 5810 σιγὼσας
954 5742 1097 5814 ὁρῶν
1133 5742 1421 5813 παννὺχων
1451 5744 1601 5814 ᾠδῶν
1662 5745 1991 5817 ὑπηρέτιδας

2090 4587 2249 4639 quam
2279 4572 2332 4627 in
2368 4572 2510 4627 hunc
2541 4573 2759 4627 modum
2786 4583 3134 4628 commutata.
3175 4573 3474 4643 Optabilius
3524 4575 3653 4628 fuis-

2090 4670 2172 4713 set
2201 4676 2308 4715 uno
2338 4672 2494 4716 terrae
2523 4673 2669 4716 motu
2713 4664 3032 4728 concidisse,
3067 4675 3125 4718 ut
3154 4680 3219 4719 ne
3252 4666 3491 4733 reliquiae
3537 4669 3654 4732 qui-

2093 4749 2215 4804 dem
2242 4762 2536 4807 exstarent.
2557 4752 2692 4806 Tum
2724 4754 2918 4808 etenim
2948 4770 3052 4808 non
3079 4757 3410 4809 tantumdem
3444 4758 3654 4810 animos

2094 4843 2417 4895 intuentium
2481 4846 2635 4896 ruina
2698 4845 3044 4899 lancinasset.
3084 4844 3250 4900 Nobis
3286 4856 3438 4899 antea
3482 4857 3536 4902 et
3599 4852 3650 4902 itt

2096 4930 2297 4985 Sancta
2328 4940 2636 4986 sanctorum
2682 4934 2954 5001 ingressus
2989 4935 3243 4989 terribilis
3283 4939 3649 5005 rrputabatur,

2095 5034 2195 5074 nec
2225 5022 2328 5074 nisi
2373 5022 2463 5090 qui
2505 5022 2610 5074 illic
2641 5021 3022 5088 inserviebant,
3047 5025 3222 5079 aditus
3271 5025 3323 5078 in
3365 5027 3456 5080 illa
3486 5029 3652 5082 habe-

2093 5114 2244 5177 bant,
2275 5112 2456 5165 animo
2482 5122 2530 5165 et
2553 5126 2779 5180 corpore
2829 5115 3102 5182 depurgati
3127 5132 3140 5168 :
3170 5132 3313 5170 nunc
3345 5134 3467 5172 vero
3499 5136 3657 5174 exse--

2094 5203 2312 5257 crandis
2348 5203 2505 5256 hisce
2539 5204 2645 5270 (vae
2676 5204 2871 5256 misero
2901 5205 3028 5257 mihi
3058 5205 3311 5274 l)patent,
3345 5220 3399 5261 et
3434 5226 3459 5260 a
3488 5211 3649 5263 simili

2095 5291 2321 5350 audacia
2349 5306 2473 5347 sese
2511 5307 2613 5344 non
2652 5293 2951 5346 retrahunt.
2983 5294 3045 5348 Et
3098 5306 3237 5349 terra
3273 5314 3378 5351 non
3427 5299 3649 5367 fatiscit,

2096 5398 2159 5437 ac
2191 5384 2451 5438 adversus
2490 5382 2655 5437 Deum
2686 5384 2883 5437 similia
2939 5396 3196 5443 conantes
3225 5404 3330 5442 non
3368 5391 3532 5457 tegit;
3571 5391 3649 5443 sol

2096 5476 2329 5544 desuper
2357 5490 2461 5528 non
2499 5476 2822 5529 succendit?
2854 5475 3060 5530 Citium
3092 5495 3282 5547 magna
3309 5481 3643 5535 ιυιοὺυίρηιαη

2096 5582 2200 5637 que
2251 5574 2568 5635 tempestate
2611 5567 2847 5622 demissa
2898 5567 3077 5622 teelns
3122 5582 3226 5621 non
3274 5569 3513 5637 mergit?
3544 5571 3643 5625 Ubi

2097 5658 2295 5713 mentis
2323 5672 2691 5728 sensuumque
2719 5658 3011 5713 sobriet.tte
3044 5658 3342 5711 divinorum
3407 5658 3665 5741 eloquio-1

2096 5766 2214 5806 rum
2248 5750 2382 5807 mele
2414 5749 2787 5806 concinebantt
2809 5767 2835 5805 r
2861 5765 3073 5818 unaque
3102 5748 3266 5803 simul
3313 5750 3541 5819 desuper
3568 5756 3651 5809 itt-
