4096 6300
450 313 552 377 θηι

441 522 626 590 fragor
674 521 975 576 sustollitur
1018 532 1073 576 et
1124 523 1428 579 daemonum
1480 528 1676 581 chorea
1721 527 2013 586 subsultat.

443 615 571 663 dum
618 611 930 665 cantionum
978 619 1143 667 totam
1192 625 1405 669 noctem
1441 616 1826 684 pervigilantes
1850 614 2020 667 admi-

441 701 643 753 nistras
682 701 891 770 linguas
921 704 1220 759 taciturnas
1267 706 1554 776 conspicit.
1603 706 1697 762 Va:
1726 708 1884 762 mihi!
1909 723 2015 778 qua

440 791 654 845 ratiOne
683 790 886 861 absque
911 792 1166 864 lacrymis
1192 811 1377 851 eorum
1397 798 1714 852 memoriam
1736 809 1975 867 repetam
1994 798 2019 854 ῖ

443 879 530 934 ubi
569 883 755 937 vivens
786 884 920 953 ipse,
954 888 1070 955 qui,
1103 887 1242 941 sicut
1276 904 1395 955 nos,
1442 898 1663 959 propter
1693 904 1790 945 nos
1820 890 2018 955 factus,

441 973 884 1041 conspiciebatur
940 986 995 1031 et
1043 978 1355 1049 angelorum
1406 981 1579 1047 c0piaa
1622 981 1806 1035 videre
1855 981 2021 1049 perti—

443 1070 778 1129 mescebant,
814 1066 924 1121 illic
959 1068 1028 1122 ab
1054 1068 1236 1136 impiis
1265 1070 1379 1124 dira
1414 1070 1655 1126 facinora
1706 1080 2022 1141 perpetran-

443 1162 569 1214 tur;
607 1161 659 1205 et
697 1151 919 1207 fulmina
977 1156 1042 1208 de
1071 1156 1208 1210 caelo
1254 1172 1358 1210 non
1401 1160 1597 1213 cadunt
1627 1160 1649 1213 7
1684 1159 1728 1215 Ο
1763 1160 1878 1214 loca
1913 1157 2022 1213 Deo

442 1238 804 1295 consecrata?
837 1257 944 1311 qua
989 1243 1366 1311 abundabatis,
1398 1248 1577 1301 divina
1609 1249 1777 1314 gratia
1822 1248 2023 1316 spolia-

450 1332 606 1394 mini,
640 1340 696 1385 et
724 1333 907 1402 pipulo
935 1349 963 1388 a
1023 1339 1326 1393 temerariis
1356 1339 1689 1395 diﬂ'erimini.
1732 1340 1873 1402 Heu.
1914 1355 2023 1409 quo

444 1423 605 1477 modo
628 1426 1003 1492 prosperitatis
1031 1437 1244 1498 tempus
1272 1433 1640 1499 aggressiunis
1673 1443 1726 1488 et
1756 1435 2023 1489 incursio—

442 1513 531 1565 nis
564 1512 762 1568 factum
788 1525 887 1580 est,
907 1527 959 1571 et
987 1533 1106 1583 nos,
1135 1521 1225 1589 qui
1256 1524 1635 1587 reniansimus,
1669 1525 2020 1592 opprobrium

442 1612 495 1655 et
530 1603 743 1658 inlamia
773 1607 786 1658 ι
812 1606 1010 1662 Abiere
1032 1611 1231 1677 publici
1254 1621 1550 1687 conventus
1581 1623 1632 1666 et
1656 1614 2024 1693 celebritates,

443 1691 629 1746 abiere
674 1696 979 1750 divinarum
1033 1700 1338 1770 efﬁgicrum
1371 1704 1685 1770 splendores
1713 1741 1728 1756 .
1768 1704 1931 1758 Periit
1955 1691 2024 1759 li-

1594 317 1882 378 GEORGI
1899 316 1995 379 US
2033 315 2511 378 PHBANTZES.
2618 334 2629 341 ‘

444 426 757 495 telligentia:
811 431 1100 494 canebant,
1163 445 1305 486 nunc
1354 445 1545 486 vocum
1624 432 2017 500 incomptarum

2130 433 2391 499 γλώττας.
2443 431 2648 499 Οῐμοιί
2697 429 2812 493 πῶς
2875 429 2943 483 ἃν
2999 427 3261 499 ἀδακρυτὶ

3594 304 3750 369 632

3336 425 3434 495 τὴν
3483 425 3749 479 τούτων

2128 526 2350 592 μνήμην
2374 523 2691 592 ὲνέγκοιμις
2717 520 2886 575 Ἔνθα
2909 520 3020 584 ζῶν
3057 519 3222 583 αὐτὸς
3249 520 3276 571 ὁ
3304 518 3426 572 καθ’
3452 519 3614 586 ἡμᾶς
3646 516 3752 569 δι’

2134 615 2283 682 ἡμᾶς
2315 613 2607 683 γενόμενος
2639 612 2992 681 καθεωρᾶτο,
3018 609 3190 679 δῆμός
3217 626 3278 662 τε
3312 607 3742 661 συνεστέλλετο

2130 706 2350 775 βλέπειν
2381 704 2650 773 ἀγγέλων,
2697 704 2836 773 ἔργα
2863 705 2975 765 τοῖς
3023 702 3290 763 ἀντιθέοις
3335 699 3731 769 παρανομίας

2133 797 2426 866 τολμᾶται.
2453 795 2567 849 Καὶ
2589 795 2825 862 σκηπτοὶ
2849 791 3144 863 οὐρανόθεν
3171 792 3232 845 οὐ
3262 790 3728 860 καταφέρονται.

2130 889 2194 940 Ὠ
2225 888 2407 940 τόπων
2451 885 2571 955 Θεῷ
2609 884 3048 951 ἀφωσιωμένωνι
3083 882 3148 951 ἢν
3178 880 3490 933 ὲπλουτεῖτε
3533 878 3729 931 θείαν
3794 875 3801 881 ”

2128 975 2415 1048 ἀφῄρησθε
2432 974 2615 1043 χάριν,
2635 973 2731 1026 καὶ
2751 974 2860 1034 τοῖς
2878 971 2968 1024 τολ
2977 971 3177 1041 μηταῖς
3202 969 3354 1039 παρά
3382 967 3587 1037 φαῦλον
3617 966 3729 1017 λοε-

2131 1069 2376 1137 γίζεσθε.
2400 1068 2478 1119 Ὢ
2501 1065 2617 1125 πῶς
2647 1066 2677 1117 ὁ
2696 1066 2797 1132 τῆς
2827 1062 3127 1133 εὐημερίας
3146 1062 3277 1131 ἡμῖν
3305 1060 3493 1130 καιρὸς
3512 1057 3731 1111 ἔπιθὲ-

2130 1177 2271 1223 σεως
2329 1159 2422 1212 καὶ
2459 1155 2808 1225 καταδρομῆς
2847 1155 3073 1222 γέγονε,
3100 1152 3195 1206 καὶ
3240 1149 3727 1217 καταλειφθέντες

2128 1252 2362 1321 αἰσχύνη
2403 1249 2498 1302 καὶ
2526 1248 2725 1308 ὄνειδος
2762 1244 3124 1314 γεγενήμεθα.
3159 1242 3411 1313 Οῐχονται
3443 1239 3722 1308 πανηγύο

2132 1360 2268 1413 ρεις,
2317 1343 2557 1411 οἴχονται
2607 1337 2767 1390 θείων
2825 1335 3237 1403 ὲκτυττωμάτων
3289 1331 3721 1402 λαμπρότητες.

2131 1431 2403 1487 Ἀπόλωλε
2421 1446 2493 1482 πα
2503 1428 2728 1500 ῤῥησία·
2747 1427 2809 1479 τὸ
2824 1425 2931 1480 τῶν
2951 1424 3200 1495 μοναχῶν
3215 1423 3552 1492 ἀπελήλαται
3565 1421 3726 1484 τάγ-

2135 1542 2235 1593 μα,
2270 1524 2367 1576 καὶ
2394 1520 2577 1573 πολιαὶ
2597 1518 2988 1589 πρεσϐυτέρων
3022 1516 3118 1569 καὶ
3134 1515 3398 1568 διακόνων
3423 1512 3719 1582 σεμνότης

2132 1620 2191 1670 ἐν
2227 1616 2341 1674 τοῖς
2371 1613 2588 1681 ἀτίμοις
2613 1609 2939 1677 λογίζονται.
2976 1605 3105 1675 Ἆρ’
3128 1606 3229 1659 οὐκ
3268 1604 3498 1666 ἀϐίωτος
3533 1606 3561 1656 ὁ
3581 1602 3719 1672 βίος

2132 1706 2290 1778 ἡμῶν
2322 1706 2463 1770 ἐστι,
2500 1704 2595 1756 καὶ
2616 1696 2781 1771 ἦττον
2811 1700 2906 1753 τοῦ
2960 1696 3060 1769 ζῇν
3092 1698 3153 1751 τὸ
3184 1697 3369 1751 θανεῖν
3430 1698 3547 1749 ἐστι
3601 1711 3717 1746 πι-

445 1783 651 1851 bertas,
694 1788 1083 1844 monachorum
1117 1802 1292 1846 coetus
1338 1793 1545 1861 eiectus
1578 1804 1657 1848 est
1687 1810 1701 1857 ;
1736 1795 2021 1865 presbyte—

2131 1771 2290 1867 κραῖς
2350 1794 2493 1848 οὕτω
2560 1791 2908 1864 βαλλομένοις
2962 1789 3085 1845 καθ’
3154 1790 3395 1857 ἑκάστην
3447 1787 3716 1851 ὀδύναιςς

448 1887 628 1927 rerum
668 1878 895 1932 canities
925 1889 979 1933 et
1008 1882 1360 1936 diaconorum
1392 1885 1627 1952 gravitas
1662 1886 1902 1939 omnium
1951 1888 2025 1939 ir-

446 1964 648 2020 risione
683 1968 968 2027 lmduntur.
996 1974 1078 2026 Att
1110 1988 1216 2028 non
1248 1975 1354 2028 vita
1384 1975 1677 2043 injucunda
1723 1987 1777 2031 et
1804 1978 2024 2041 acerba,

444 2056 739 2126 minusque
790 2070 872 2115 cst
904 2063 1059 2117 nobis
1095 2066 1266 2119 emori
1324 2082 1485 2135 quam
1525 2070 1727 2132 vivere,
1762 2076 1843 2121 tot
1893 2068 2027 2122 diris

447 2147 727 2203 doloribus
758 2153 1000 2219 quotidie
1029 2158 1305 2224 oppressis
1332 2157 1356 2209 Ῥ
1384 2160 1525 2213 Sane
1558 2160 1696 2213 idem
1739 2170 1901 2226 atque
1927 2174 2027 2229 ego

445 2232 683 2296 sentient
714 2245 803 2312 qui
840 2250 1077 2315 compati
1135 2249 1185 2301 in
1218 2251 1487 2305 similibus
1522 2252 1779 2304 assolent.
1817 2253 2027 2320 Smpius

447 2332 633 2401 itaque
674 2351 880 2390 mecum
936 2343 1053 2407 ipse
1100 2341 1409 2395 addubitavi
1457 2360 1557 2409 qua
1592 2345 1658 2397 de
1715 2359 1877 2397 causa
1915 2345 2028 2397 haec

448 2426 604 2479 nobis
634 2428 953 2481 obvenerint
984 2440 1157 2498 etqua
1191 2430 1398 2484 ratione
1433 2434 1486 2485 in
1528 2442 1673 2485 tanta
1703 2432 1837 2485 mala
1892 2432 2029 2485 inci-

448 2516 688 2569 deriinus
721 2517 1044 2586 ,iim-niqne
1090 2522 1409 2575 dnbitationi
1456 2538 1587 2576 mete
1644 2524 1777 2576 satis
1834 2522 1949 2577 ﬁeri
1996 2539 2025 2575 a

446 2604 631 2659 divino
664 2606 878 2674 eloquio
904 2624 918 2657 :
952 2626 969 2659 ι
1000 2606 1136 2671 Erit,
1164 2610 1399 2677 dicente,
1430 2619 1573 2665 terra
1603 2623 1779 2666 vestra
1809 2612 2025 2665 deserta

446 2708 501 2750 et
533 2697 672 2750 villae
701 2712 894 2752 vestrae
943 2701 1188 2763 desertae,
1225 2702 1481 2769 quoniam
1528 2718 1623 2758 vos
1653 2703 2029 2759 atnbulavistis

412 2842 415 2845 .
446 2790 514 2843 ad
534 2805 618 2844 me
634 2791 860 2858 obliqui,
894 2802 945 2845 et
987 2808 1089 2860 ego
1111 2793 1400 2848 ambulabo
1427 2795 1492 2848 ad
1535 2810 1633 2849 vos
1668 2795 1724 2849 in
1747 2796 2027 2854 iracundia

446 2882 687 2950 obliqua.
711 2902 730 2933 ι
762 2881 895 2936 llinc
926 2884 1079 2953 plura
1097 2886 1307 2940 dicendi
1336 2887 1490 2940 linem
1518 2888 1721 2942 faciens
1751 2890 2027 2945 silentium

448 2968 962 3038 przel'ero.Namqne
988 2974 1077 3038 qui
1133 2988 1237 3027 non
1277 2974 1609 3043 ignoscibilia
1662 2977 2026 3047 deliquerunt.

2132 1890 2313 1942 Ἥπου
2347 1903 2411 1955 γε
2447 1885 2649 1948 πάντες
2680 1884 2747 1936 ἄν
2785 1899 2873 1950 μοι
2905 1880 3346 1951 συμφθέγξαιντο
3384 1877 3435 1930 οἳ
3468 1878 3715 1944 πάσχειν

2128 1983 2188 2035 ὲν
2216 1981 2330 2042 τοῖς
2355 1976 2620 2037 τοιούτοις
2659 1973 3000 2040 πεφύκεσαν.
3047 1970 3331 2040 Ἡπόρησα
3364 1963 3458 2021 οὖν
3499 1966 3712 2020 πολλάο

2132 2087 2222 2133 κις
2254 2069 2377 2122 κατ’
2412 2066 2650 2136 ἐμαυτὸν
2678 2064 2795 2117 ἀνθ’
2847 2063 2971 2116 ὅτου
3027 2061 3224 2125 ταῦτα,
3282 2059 3377 2115 καὶ
3436 2058 3553 2121 πῶς
3612 2060 3711 2119 είς

2126 2160 2382 2215 τοσοῦτον
2415 2161 2627 2229 ἥκομεν
2655 2154 3042 2223 κακοπραγίας
3070 2154 3122 2206 οῖ
3172 2151 3526 2213 πεπονθότες.
3587 2149 3710 2201 Καὶ

2128 2246 2286 2321 εὗρον
2349 2248 2547 2301 λύοντά
2600 2263 2689 2316 μοι
2744 2245 2835 2298 τὸν
2890 2245 3033 2298 θεῖον
3065 2244 3223 2311 λόγον
3283 2241 3385 2312 τὴν
3436 2240 3706 2309 ἀπορίαν,

2134 2363 2153 2397 ι
2184 2344 2357 2405 ἔσται,
2399 2342 2653 2406 λέγοντα,
2684 2339 2716 2408 ή
2748 2337 2821 2405 γῆ
2861 2336 3015 2406 ὑμῶν
3050 2337 3256 2406 ἔρημος
3291 2335 3384 2386 καὶ
3414 2334 3470 2385 αἱ
3517 2330 3707 2383 ἐπαύ-

2128 2437 2241 2498 λεις
2278 2432 2431 2503 ὑμῶν
2462 2432 2680 2503 ἔρημοι,
2716 2431 2799 2482 ὅτι
2835 2429 2993 2498 ὑμεῖς
3025 2427 3364 2496 ἑπορεύθητε
3416 2423 3551 2493 πρὸς
3594 2422 3701 2491 ἐμὲ

2129 2528 2373 2594 πλάγιοι,
2427 2522 2585 2591 κάγὼ
2630 2519 2976 2590 πορεύσομαι
3038 2518 3176 2587 πρὸς
3231 2517 3377 2586 ὑμᾶς
3427 2516 3485 2567 ὲν
3535 2512 3701 2581 θυμῷ

2129 2619 2369 2688 πλαγίῳ.
2407 2635 2426 2669 ι
2469 2614 2664 2669 Ἔνθεν
2701 2630 2787 2665 τοι
2824 2609 3040 2666 καὶτοῦ
3076 2610 3248 2662 πλείω
3282 2608 3462 2675 λέγειν
3490 2606 3704 2673 ἀφέμεο

2130 2728 2220 2774 νος
2257 2710 2318 2762 τὸ
2350 2708 2574 2775 σιγῆσαι
2605 2704 2901 2773 τετίμηκα.
2937 2701 3072 2755 Θεὸν
3109 2700 3218 2768 γὰρ
3255 2697 3493 2762 ὲξιλεοῦν
3529 2695 3697 2759 ἀσύγο

2130 2817 2351 2869 γνωστα
2374 2799 2709 2857 πταίσαντας
2739 2796 2834 2847 καὶ
2868 2793 2944 2864 μὴ
2974 2792 3350 2861 μακρηγορεῖν
3405 2787 3529 2841 κατ’
3578 2786 3700 2839 ἐπί-

2131 2889 2299 2953 δειξιν
2335 2890 2464 2959 χρή.
2515 2888 2706 2955 Ἡμεῖς
2731 2886 2841 2953 γὰρ
2868 2883 2981 2937 τῶν
3039 2886 3256 2951 φύντων
3313 2878 3501 2943 αἴτιοι,
3555 2879 3699 2930 κατά

2133 2982 2227 3035 τὸν
2283 2980 2536 3043 εἰπόντα,
2590 2977 2820 3031 τοιαῦτα
2851 2975 3144 3044 σπέρματα
3199 2970 3695 3039 καταϐεϐληκότες.

447 3074 544 3113 eos
587 3058 752 3113 Deum
813 3060 914 3114 sibi
972 3063 1257 3131 propitium
1340 3064 1586 3129 reddere,
1636 3080 1743 3119 non
1795 3068 2023 3135 prolixa:

2135 3074 2253 3127 Πᾶν
2283 3069 2578 3139 τοιγαροῦν
2605 3068 2890 3129 εὐσεϐείας
2926 3067 3053 3119 ὅσον
3078 3065 3173 3119 καὶ
3201 3063 3491 3133 δογμάτων
3515 3060 3693 3160 ὀρθῶν

447 3160 742 3205 contexere
787 3150 1059 3207 orationes
1110 3156 1165 3208 in
1196 3155 1282 3209 sui
1325 3158 1742 3211 ostentationem
1778 3159 2024 3215 addecet.

448 3238 561 3294 Nos
590 3242 733 3295 enim
760 3257 946 3296 eorum
977 3259 1097 3313 quae
1123 3260 1352 3301 evenere
1398 3262 1561 3301 causa
1596 3247 1816 3312 fuimus,
1859 3260 1916 3303 ut
1940 3250 2027 3305 ille

451 3333 609 3396 dixit,
631 3333 724 3402 qui
742 3334 937 3389 similia
967 3337 1172 3389 semina
1199 3338 1545 3407 proiecimus.
1564 3339 1742 3406 Quare
1764 3342 2026 3410 quidquid

450 3425 672 3488 pietatis
707 3434 761 3479 et
791 3437 1063 3481 rectorum
1093 3429 1400 3495 dogmatum
1440 3430 1544 3493 est,
1573 3447 1689 3497 nos,
1719 3435 1811 3499 qui
1837 3449 1901 3488 ex
1922 3436 2029 3488 vir-

453 3522 567 3568 tute
597 3518 872 3571 nascentia
902 3534 1065 3587 opera
1116 3519 1469 3589 negleximus,
1498 3537 1687 3576 rursus
1720 3524 1863 3576 omni
1905 3533 2025 3578 stu-

2130 3161 2402 3232 τρὸφιμον
2426 3158 2535 3211 τῶν
2560 3157 2681 3210 κατ’
2741 3156 2962 3225 ἀρετὴν,
2996 3149 3072 3209 ὧν
3109 3154 3451 3225 ἢμεληκότες
3490 3150 3690 3217 ἐφάνη-

2138 3268 2238 3321 μεν
2269 3251 2474 3320 ἐργων,
2504 3244 2659 3309 αὖθις
2688 3247 3046 3300 ἐπιλαϐέσθαι
3075 3243 3313 3312 σπουδὴν
3345 3244 3688 3308 εἰσενέγκαν-

2133 3360 2249 3404 τες,
2282 3338 2419 3393 Θεοῦ
2446 3341 2630 3408 τυχεῖν
2653 3336 2939 3407 εὐμενοῦς,
2969 3337 3156 3406 ἔργοις
3192 3330 3275 3398 οἷς
3304 3335 3508 3404 χαίρει,
3558 3333 3679 3384 πᾶσι

2133 3435 2358 3504 τρόποις
2391 3430 2813 3500 ἀγωνισώμεθα,
2846 3430 3176 3501 παλινῳδίαν
3205 3429 3279 3492 ὡς
3324 3429 3390 3481 ἂν
3445 3423 3673 3480 ἐντεῦθεν

2088 3518 2096 3528 ’
2134 3525 2357 3596 ᾄσωμεν
2377 3524 2730 3594 χαριέστατα.

451 3606 542 3662 dio
581 3610 986 3679 amplectentes,
1039 3614 1202 3669 Deum
1242 3616 1398 3671 nobis
1449 3618 1742 3687 propitium
1776 3618 2021 3684 reddere,
2045 3620 2239 3690 quibus
2270 3620 2359 3676 ille
2387 3619 2585 3690 gaudet
2637 3618 2967 3683 actionibus,
3035 3614 3213 3671 modis
3269 3614 3521 3671 omnibus
3558 3623 3679 3666 con-

451 3709 757 3775 tendamus,
793 3718 850 3762 ut
883 3709 1008 3764 inde
1047 3714 1383 3779 postmodum
1426 3714 1750 3783 palinodiam
1828 3730 2039 3772 summa
2076 3731 2196 3772 cum
2230 3717 2395 3771 animi
2422 3717 2603 3772 laztitia
2637 3724 2938 3771 cantemus.

455 3871 3655 3903 ῃ

1870 4044 2121 4091 SECULO
2163 4046 2245 4090 XV

526 4068 3607 4419 GEORGIUSWEHBANTZES

1770 4677 2373 4793 ΝΟΤΙΤΙΑ

1496 4896 1711 4962 (Fabric.
1746 4896 1972 4949 Biblioth.
1998 4897 2085 4947 Gr.
2125 4895 2207 4946 sd.
2232 4896 2423 4947 Harles.
2457 4900 2492 4945 t.
2522 4892 2672 4956 νιιι.)

534 5172 802 5243 Georgius
831 5172 1163 5237 Phrantzcs,
1202 5172 1404 5226 illustri
1433 5185 1653 5241 genere,
1686 5180 1741 5224 et
1779 5172 2163 5242 imperatorem
2199 5174 2381 5242 ipsum
2408 5174 2483 5241 (ο)
2524 5187 2619 5241 per
2644 5169 2959 5225 allinitatcm
2993 5172 3355 5239 contingente,
3395 5172 3557 5222 natus
3598 5176 3672 5223 est

462 5265 627 5321 CPoli
656 5262 725 5317 30
756 5262 987 5333 August.
1015 5276 1067 5317 a.
1100 5260 1161 5315 C.
1186 5259 1319 5315 1401
1354 5258 1448 5330 (b).
1477 5258 1798 5315 Parentibus
1832 5276 1886 5315 a.
1940 5261 2077 5315 1417
2110 5261 2417 5332 pestilentia
2473 5257 2738 5326 correptis
2760 5266 2815 5310 et
2840 5256 3146 5321 exstinctis,
3175 5257 3313 5309 inter
3343 5255 3673 5324 imperatoris

535 5382 612 5452 (α)
652 5380 823 5434 Soror
846 5378 1125 5457 Phranaar
1158 5377 1342 5457 n_n_psit
1400 5377 1661 5457 Gregorio
1719 5375 2025 5457 Palaeologo
2132 5375 2292 5457 1458,
2325 5370 2813 5457 Ηειθηιιιῃ,Αιρκὶξ
2835 5368 3143 5457 P‘a'laeologi
3166 5367 3669 5457 Efamwplaconis‘tl.

464 5440 749 5510 Ma‘m'ona'.
786 5449 966 5517 magni
1002 5440 1457 5517 ducis_Mamon:e
1508 5440 1638 5510 filio,
1674 5456 1731 5501 ut
1765 5449 1882 5516 ipse
1942 5440 2023 5503 te-
2132 5446 2366 5517 liam,ex
2394 5458 2499 5517 qua
2529 5441 2672 5517 [ilios
2703 5448 2815 5494 tres
2870 5440 3150 5508 ﬁliamque
3204 5452 3367 5492 unam
3426 5444 3670 5502 suscepit.

461 5532 636 5578 s'atur
666 5520 806 5574 libro
833 5514 1028 5586 lfcap.
1050 5517 1143 5571 38.
1175 5514 1329 5569 Illum
1361 5516 1679 5586 Gregorium
1733 5514 1875 5586 genti
1912 5518 2024 5567 Au.

462 5600 633 5657 gusta;
662 5584 1088 5657 Palmologorum
1114 5594 1367 5640 accenset
1420 5584 1656 5657 Gangius
1692 5584 1755 5657 ini
1776 5585 2016 5657 Familiis

464 5653 623 5731 Byz.,
659 5675 710 5729 p.
743 5659 871 5716 254.
903 5653 1146 5713 Uxorem
1196 5669 1414 5725 quoque
1463 5653 1705 5710 Phranza
1726 5655 1895 5720 duxit,
1962 5670 2012 5707 a.

2131 5514 2265 5569 Vide
2291 5510 2501 5573 ettmﬁll,
2526 5510 2611 5563 17.

2201 5586 2276 5655 (υ)
2308 5583 2579 5638 Pbranzes
2612 5578 2726 5648 ipse
2753 5576 2847 5630 lib.
2890 5576 2929 5643 l,
2967 5591 3086 5647 cap.
3122 5576 3212 5630 2|.

4016 2654 4021 2915 Ἠ
