4096 6300
597 278 703 341 635
1443 289 1447 293 ’
1794 288 2124 352 GEORGII
2155 294 2214 354 P1

2357 294 2584 358 .NTZlE
3842 302 3974 364 εδδ

594 398 729 461 ατιιὶ)
754 398 985 468 imperio
1010 402 1281 468 augendo,
1314 417 1421 470 qua
1463 400 1531 456 de
1571 417 1629 455 re
1661 404 1928 472 scriptum
1958 412 2042 458 est
2070 404 2123 458 in
2170 405 2392 469 Genesi.
2414 409 2551 475 haec,
2585 411 2837 481 inquam,
2866 413 2919 468 in
2977 429 3140 471 causa
3192 415 3366 472 fuisse
3396 431 3500 472 cur
3565 415 3959 483 perierim,

596 483 927 552 Latinosque
949 501 976 538 a
1002 484 1202 541 Grmcis
1235 489 1414 556 potius
1445 503 1609 558 quam
1642 488 1864 543 Graecos
1893 506 1921 542 a
1952 489 2161 548 Latinis
2193 495 2518 561 descivisse,
2553 499 2718 568 longa
2752 502 3119 570 disputatione
3155 506 3463 560 contendit.
3494 505 3593 558 De
3630 514 3956 572 quatuor

597 575 953 634 iuonarchiis.
975 575 1136 628 etiam
1167 591 1230 629 ex
1265 578 1543 645 prophetis
1570 577 1791 630 Daniele
1821 590 1874 631 et
1900 575 2391 644 Zacharia,-l‘usius
2422 584 2665 639 disserit.
2696 586 3014 656 Symbolum
3039 590 3164 644 item
3191 590 3492 654 Nicamum,
3531 592 3947 645 secundum

595 656 803 725 singula
848 661 1010 713 verba
1052 676 1081 715 e
1115 660 1375 729 Scripura
1405 678 1558 717 sacra
1587 673 1695 717 tam
1730 664 1871 718 Novi
1897 682 2061 734 quam
2097 666 2306 721 Veteris
2339 668 2672 726 Testamenti
2700 684 3020 729 centextum
3054 688 3107 730 et
3137 678 3432 732 conﬂatum
3463 682 3941 733 demonstrat.

594 743 834 836 Tttlltit‘m
883 749 1066 815 capita
1126 751 1372 815 qtnedam
1410 750 1528 804 fidei
1557 751 1862 818 proﬁtetur,
1896 754 2040 821 quod
2069 755 2307 809 solemne
2339 757 2439 812 luit
2472 760 2539 813 ad
2572 764 2962 817 monachorum
2991 767 3235 819 ordinem
3262 782 3384 821 sese
3407 766 3934 836 aggregantium

554 896 557 897 ν
594 832 646 884 iu
677 834 878 897 quibus
907 837 1040 904 ipsis
1074 838 1319 904 quaedam
1352 853 1457 891 non
1490 838 1734 894 Romana
1762 850 1816 893 et
1856 842 2126 894 catholica
2151 855 2473 900 cernuntur.
2517 848 2639 904 Haec
2665 860 2717 904 et
2755 851 2914 918 hujus
2949 852 3138 907 farina:
3190 855 3292 907 alia
3326 855 3392 908 ad
3428 832 3799 908 historiam
3838 853 3931 905 ni-

591 919 667 1009 hil
698 921 902 987 fact-re,
929 926 1231 993 lectorique
1262 928 1578 981 molestiam
1621 929 1792 996 magis
1821 940 2095 993 creatura,
2139 932 2228 999 qui
2265 947 2372 985 non
2415 934 2737 1000 videt,nihil
2766 937 2931 992 videt.
2964 938 3149 1004 Porro,
3182 955 3303 1009 quae
3341 940 3483 993 libro
3515 941 3769 1009 primo
3856 940 3930 993 δέ

591 1004 1012 1062 Ostnanidarutn
1041 1011 1433 1076 imperatorum
1466 1015 1699 1082 origine,
1730 1016 2110 1080 succeSsione,
2163 1019 2326 1073 rebus
2354 1023 2523 1089 gestis
2553 1023 2619 1078 de
2651 1025 2828 1079 insula
2882 1024 3064 1089 Creta,
3098 1036 3155 1080 et
3199 1004 3533 1081 adversum-
3572 1026 3927 1081 Barbaros

592 1105 812 1159 propter
843 1114 962 1151 eam
998 1103 1327 1167 perpetratis
1361 1103 1728 1166 disseruntur,
1764 1117 1829 1156 ac
1866 1112 2123 1170 praetcrea
2155 1105 2291 1160 alios
2344 1112 2612 1175 qttosdam
2638 1113 2809 1173 locos.
2869 1116 2973 1169 etsi
3041 1116 3283 1168 historiae
3314 1116 3498 1167 minus
3570 1116 3922 1183 proprios,

593 1182 777 1236 minus
812 1193 991 1237 tamen
1020 1186 1087 1239 ab
1119 1202 1184 1241 ea
1216 1188 1446 1251 alienos,
1482 1202 1582 1242 nec
1613 1189 1859 1252 inutiles,
1891 1199 1944 1242 et
1964 1205 2158 1258 graves
2193 1194 2413 1263 reliqui.
2446 1196 2556 1251 Nec
2580 1215 2797 1263 vereor,
2834 1218 2899 1255 ue
2926 1204 3052 1269 quis
3078 1201 3281 1255 factum
3310 1202 3413 1255 hoc
3440 1182 3654 1254 metam
3720 1214 3917 1255 secus

595 1269 1010 1358 interpretetur,
1042 1274 1135 1342 qui
1159 1276 1499 1331 clarissimos
1534 1279 1817 1345 utriusque
1847 1277 2047 1341 linguae
2079 1278 2391 1346 historicos,
2423 1284 2985 1356 aliosque’scriptores
3012 1290 3256 1358 egregios
3283 1288 3533 1341 similiter
3574 1288 3668 1341 ob
3697 1290 3911 1341 solam

593 1356 991 1423 longitudinem
1028 1360 1081 1412 in
1117 1362 1383 1429 epitotuas
1418 1372 1732 1418 contractos
1756 1378 1862 1418 neu
1890 1366 2127 1433 ignorat,
2160 1381 2301 1435 quos
2331 1369 2383 1421 in
2415 1373 2701 1438 praesentia
2768 1356 3063 1430 nominare
3097 1375 3233 1427 nihil
3265 1389 3488 1429 necesse
3513 1383 3644 1426 est.
3719 1374 3909 1437 Quod

595 1444 693 1498 lib.
725 1446 815 1509 ΙΙΙ,
838 1463 901 1499 ex
926 1450 1239 1504 narratione
1267 1450 1415 1503 senis
1442 1451 1724 1517 cujusdem
1755 1452 1822 1505 de
1849 1458 2014 1505 rebus
2053 1451 2252 1509 Iudicis
2295 1471 2485 1523 parum
2521 1458 2801 1511 credibilia
2840 1459 3029 1521 refert,
3061 1461 3375 1525 sciendum,
3420 1461 3570 1527 apud
3618 1460 3905 1513 Plinium

594 1540 649 1584 et
670 1532 966 1587 Diodorum
998 1536 1242 1590 Siculum
1272 1538 1457 1591 haberi
1483 1538 1710 1593 similia.
1734 1540 1812 1591 Ad
1841 1541 1953 1593 haec
1981 1541 2230 1608 quaedam
2251 1543 2488 1597 obscura
2520 1552 2576 1596 et
2606 1543 2879 1608 iutricata,
2908 1544 3102 1599 scribat
3131 1560 3199 1598 an
3218 1548 3427 1600 auctori
3455 1546 3603 1599 vitio
3628 1547 3857 1599 (lauda
3882 1546 3906 1596 ?

596 1622 827 1683 detraxi,
853 1624 1001 1676 nullo
1032 1641 1211 1679 rerum
1253 1626 1479 1679 notabili
1515 1626 1871 1689 detrimento,
1909 1630 1961 1679 in
2000 1644 2233 1693 quorum
2262 1628 2645 1697 intelligentia,
2681 1640 2739 1684 ut
2772 1632 2896 1699 quis
2922 1631 3015 1686 diu
3050 1647 3109 1687 se
3134 1642 3435 1702 torqueret,
3478 1648 3691 1702 opera:
3758 1649 3896 1702 pre.

596 1707 732 1759 tium
757 1724 862 1761 non
887 1719 969 1764 est
1002 1713 1204 1767 visum.
1235 1712 1539 1766 Prudenter
1559 1714 1705 1766 enim
1742 1712 1961 1767 Nicetas
1992 1714 2045 1766 in
2080 1716 2352 1770 vestibulo
2377 1732 2471 1771 seu
2504 1716 2823 1785 praefatione
2850 1720 3035 1789 operis
3052 1720 3159 1786 sui,
3192 1735 3301 1787 qua
3320 1720 3622 1775 historiam
3656 1721 3895 1774 eximie

596 1795 643 1847 si
677 1796 964 1864 quisquam
1001 1799 1141 1853 alius
1169 1800 1579 1853 commendavit
1606 1819 1620 1853 :
1647 1798 1916 1869 Quidquid
1952 1801 2094 1852 enim
2124 1817 2227 1855 non
2279 1814 2523 1870 apertum
2549 1814 2653 1868 est,
2704 1814 2864 1868 atque
2924 1807 2978 1858 iu
3000 1818 3246 1874 promptu
3292 1808 3549 1873 positum,
3615 1808 3889 1862 Itiston'a

596 1884 970 1948 abominatur;
997 1888 1251 1954 quidquid
1287 1889 1515 1955 simplex
1547 1900 1593 1940 et
1615 1888 1861 1940 naturale
1895 1898 1994 1948 esti
2018 1898 2065 1939 et
2091 1886 2452 1955 intelligentia:
2493 1888 2722 1950 obvium,
2774 1888 2996 1942 libenter
3049 1890 3305 1943 admittit.
3373 1888 3892 1945 Protovestiarius

599 1968 827 2038 ipsemet
861 1973 1109 2026 undecim
1144 1974 1314 2028 libros
1346 1974 1638 2043 Nicephori
1667 1973 1925 2041 ϐρεμι-ω
1966 1975 2018 2027 in
2044 1990 2134 2028 sex
2172 1976 2347 2042 prima
2373 1976 2550 2042 capita
2573 1975 2695 2028 libri
2727 1976 2906 2042 primi,
2940 1976 3096 2043 quasi
3127 1977 3181 2028 in
3233 1975 3711 2044 angustissimum
3745 1991 3890 2030 car-

596 2071 778 2113 C-fl'elll
820 2064 984 2116 nimia
1020 2066 1410 2131 propemodum
1446 2066 1713 2120 brevitate
1746 2056 2021 2131 coarctata
2051 2064 2340 2132 compegit.
2367 2062 2498 2127 Quae
2534 2063 2652 2130 ipsa
2689 2063 2891 2130 capita,
2927 2061 3073 2130 quod
3101 2074 3260 2116 erant
3301 2062 3691 2133 iongiuscuia,
3774 2078 3886 2119 nos

601 2149 654 2201 iu
686 2150 851 2202 multa
891 2151 1229 2214 diduximns,
1272 2164 1325 2206 et
1360 2153 1564 2222 alioqui
1598 2154 1650 2206 in
1684 2155 1926 2221 capitum
1973 2166 2206 2207 numero
2252 2150 2699 2220 longitudineque
2736 2164 2831 2217 per
2858 2159 3004 2203 totos
3043 2148 3215 2204 libros
3245 2151 3636 2203 constituenda
3664 2165 3745 2203 ac
3784 2152 3885 2205 de-

604 2234 838 2291 ﬁnienda
872 2249 1061 2292 nostro
1088 2241 1294 2306 judicio
1329 2240 1634 2305 paruimus.
1673 2239 1737 2292 Et
1768 2241 2029 2308 quoniam
2070 2241 2348 2308 epitomen
2418 2238 2848 2292 conﬁciebamus
2872 2238 3052 2291 adhuc
3083 2237 3187 2291 alia
3236 2237 3484 2305 quaedam
3525 2238 3873 2301 omisimus,

598 2336 725 2374 cum
760 2326 1058 2391 praesertim
1085 2327 1412 2380 involutiora
1442 2337 1647 2387 essent,
1681 2328 1746 2380 de
1773 2328 1971 2393 quibus
2003 2341 2104 2380 suo
2144 2327 2283 2380 loco.
2316 2325 2442 2390 Ter,
2492 2323 2686 2395 quater
2724 2326 2867 2379 libro
2900 2327 3076 2394 primo
3103 2325 3169 2379 ad
3205 2325 3690 2400 supplementum,
3729 2340 3877 2392 pau-

606 2409 792 2462 xillum
822 2414 1111 2465 verborum
1146 2430 1208 2466 ex
1241 2413 1482 2482 Gregora
1513 2425 1568 2467 et
1602 2413 1842 2467 Laouico
1867 2415 2223 2481 aspersimus.
2250 2415 2424 2481 Atque
2452 2410 2543 2464 hic
2571 2420 2647 2474 te,
2669 2412 2863 2475 lector,
2899 2410 3166 2464 monitum
3194 2410 3340 2472 volo,
3366 2409 3435 2463 ad
3470 2425 3558 2471 ea,
3598 2426 3739 2476 qme
3805 2410 3872 2461 li-

606 2497 702 2550 bro
722 2496 831 2562 jam
859 2482 1483 2561 nominatotraduntur,
1513 2501 1734 2555 uberius
1760 2500 2176 2568 cognOscenda,
2197 2499 2485 2553 lectionem
2517 2496 2790 2565 Gregorze,
2826 2511 2929 2551 nec
2954 2498 3115 2567 hujus
3144 2505 3380 2560 tantum,
3410 2497 3503 2550 sed
3532 2506 3590 2548 et
3619 2497 3866 2551 Joannis

601 2581 994 2644 Cantacuzeui,
1020 2587 1303 2654 superiore
1334 2602 1479 2639 anno
1512 2602 1540 2639 a
1568 2587 1728 2640 nobis
1759 2586 1811 2639 iu
1850 2586 2102 2639 Latinum
2136 2586 2413 2646 conversi,
2445 2584 2730 2652 multaque
2755 2584 2915 2637 aliter
2945 2598 3106 2652 quam
3178 2583 3265 2637 ille
3299 2583 3582 2637 narrantis
3622 2596 3868 2647 magno.

602 2684 734 2736 perc
769 2670 1133 2738 profuturam.
1179 2693 1196 2723 ι
1228 2672 1353 2725 Haec
1381 2673 1682 2737 Pontanus,
1715 2675 1806 2741 qui
1838 2687 1960 2740 pag.
1987 2672 2093 2725 ’504
2127 2672 2268 2725 notis
2298 2674 2414 2725 suis
2442 2670 2629 2724 Graece
2666 2670 2896 2723 inseruit
2922 2671 3189 2724 omissum
3220 2671 3272 2722 in
3300 2669 3559 2723 versiOne
3584 2670 3708 2723 sive
3737 2669 3862 2737 epi-

604 2767 751 2811 tome
778 2776 875 2811 sua
902 2761 1198 2815 Andronici
1225 2762 1460 2829 junioris
1489 2760 1840 2829 imperatoris
1879 2772 1979 2828 pro
2007 2758 2465 2813 Mouembasiotis
2501 2757 2756 2826 diploma
2781 2758 2894 2810 sive
2927 2756 3149 2819 bullam,
3180 2766 3232 2809 et
3251 2769 3369 2825 pag.
3396 2758 3521 2820 309,
3558 2755 3856 2809 Bessario-

605 2847 691 2898 nis
718 2848 1018 2900 cardinalis
1051 2849 1336 2915 epistolam
1369 2864 1532 2917 quam
1563 2851 1628 2902 ad
1664 2849 2019 2918 paedagogum
2054 2849 2289 2901 iiliorum
2315 2845 2547 2899 Thema:
2581 2843 2905 2916 Palmologi,
2936 2844 3211 2896 Anconam
3235 2842 3328 2895 ille
3351 2842 3520 2903 misit.
3552 2852 3609 2895 ct
3660 2842 3849 2895 Meur-

606 2932 725 2987 sius
755 2934 951 2988 deiude
973 2936 1162 2989 Graece
1193 2951 1257 2989 ac
1279 2935 1476 2989 Latine
1505 2937 1787 3004 subiunxit
1811 2935 2068 3006 Hesychii
2095 2934 2330 2988 illustris
2361 2932 2641 2999 opusculis
2670 2928 2842 2998 Lugd.
2876 2931 2997 2983 Bal.
3032 2929 3194 2991 i615,
3233 2928 3287 2990 8,
3317 2929 3575 2998 vulgatis.
3603 2928 3850 2998 Denique

614 3035 737 3089 pag.
772 3021 876 3073 317
906 3031 961 3075 et
990 3022 1099 3076 39.5
1147 3022 1338 3077 Graece
1363 3033 1418 3076 et
1448 3022 1639 3077 Latine
1671 3024 1948 3078 Pontanus
1973 3022 2183 3076 addidit
2216 3020 2428 3089 Georgii
2458 3018 2803 3088 Trapezuutii
2824 3018 3112 3088 epistolam
3151 3016 3219 3071 ad
3249 3015 3515 3071 Joannem
3581 3018 3845 3071 Palasolo-

609 3123 763 3175 gum,
788 3123 895 3175 qua
919 3123 1043 3163 cum
1078 3110 1271 3163 invitat
1307 3120 1361 3163 ut
1400 3111 1718 3164 triremibus
1739 3112 1806 3163 ab
1835 3109 2077 3177 Eugenio
2128 3108 2195 3162 IV
2228 3107 2411 3162 missis
2454 3108 2756 3175 imperator
2790 3107 2843 3159 iu
2914 3105 3129 3159 Italiam
3161 3105 3225 3158 ad
3284 3104 3557 3175 synodum
3601 3107 3840 3173 naviget.

684 3195 758 3247 De
792 3195 1080 3250 l’hrautza:
1115 3211 1301 3264 opere,
1336 3197 1482 3264 quod
1511 3196 1822 3251 ms.Graeee
1858 3195 2150 3250 fuitetiam
2183 3196 2239 3250 in
2266 3198 2403 3251 bibl.
2436 3195 2585 3263 regia
2626 3193 2999 3257 Scoriacensi,
3035 3202 3203 3263 atque
3235 3194 3290 3246 in
3332 3193 3694 3247 Ambrosiana
3727 3194 3839 3245 Me-

611 3280 940 3345 diolauensi,
972 3284 1435 3349 quemadmodum
1480 3295 1535 3336 et
1570 3283 1870 3337 Barherina
1903 3283 2065 3337 hodie
2097 3282 2530 3351 asservaturlq),
2561 3282 2635 3335 ita
2662 3290 2910 3336 statuunt
2956 3280 3162 3335 eruditi
3204 3278 3299 3348 (r),
3331 3290 3389 3331 ut
3416 3278 3753 3333 obsidionem
3782 3287 3841 3332 et

610 3370 1067 3436 expugnationem
1098 3370 1334 3424 Cl’oleos
1355 3370 1768 3424 accuratissime
1798 3371 1865 3422 ab
1888 3386 1952 3421 eo
1974 3369 2299 3441 descriptam
2348 3384 2470 3423 esse
2527 3384 2685 3423 nemo
2730 3368 2962 3431 dubitet,
3026 3367 3231 3435 alioqui
3290 3368 3481 3429 multa,
3520 3380 3711 3433 parum
3756 3367 3834 3419 ad

614 3474 729 3511 rem
765 3459 1042 3523 facientia,
1080 3476 1381 3529 parumque
1412 3469 1668 3514 accurate
1694 3459 1761 3511 ab
1787 3474 1853 3513 eo
1880 3459 2077 3511 tradita
2110 3473 2233 3513 esse
2280 3458 2570 3524 conquesti
2601 3456 2712 3509 sint
2739 3456 2919 3508 multi.
2952 3452 3325 3522 Nicephorum
3357 3452 3633 3521 Gregoram
3662 3452 3727 3503 ab
3752 3466 3826 3504 eo

611 3547 779 3600 etiam
813 3548 905 3600 ubi
928 3558 1098 3608 errat.
1131 3548 1390 3612 exscribi,
1431 3557 1583 3601 uolat
1608 3547 1840 3601 Allatius
1868 3547 1934 3600 ad
1975 3545 2364 3614 Acropolitam,
2398 3560 2520 3613 pag.
2577 3544 2706 3608 2‘20,
2730 3544 2861 3608 264,
2890 3542 3018 3604 270,
3051 3540 3389 3595 confundere
3415 3540 3591 3593 omnia
3616 3552 3679 3591 ac
3708 3551 3835 3590 mu-

614 3635 773 3687 tilare
799 3650 895 3702 pro
926 3636 1152 3688 libidine
1183 3652 1304 3703 pag.
1334 3636 1461 3689 “2.50.
1500 3635 1644 3690 Idem
1688 3633 2039 3689 oscitantiam
2062 3633 2182 3702 ejus
2214 3631 2564 3700 reprehendit
2611 3632 2754 3685 libro
2780 3628 2851 3683 De
2886 3645 3141 3682 consensu
3176 3628 3469 3695 utriusque
3497 3624 3751 3685 Ecclesiae,
3774 3639 3829 3685 ρ.

613 3720 739 3774 776.
780 3721 851 3774 Ex
891 3724 1205 3790 Acropolita
1242 3724 1592 3791 prooemium,
1617 3736 1670 3776 et
1705 3739 1825 3792 qua:
1845 3724 1915 3777 ab
1944 3721 2154 3781 urbe.a
2188 3718 2397 3775 Latinis
2424 3720 2661 3787 direpta,
2689 3717 2757 3772 ad
2787 3715 3000 3771 Graecis
3054 3723 3457 3784 recuperatam,
3478 3720 3682 3775 narrat,
3734 3726 3824 3779 per

613 3825 858 3864 sunuuns
886 3811 1324 3879 transcripsisse,
1358 3820 1513 3866 notat
1548 3826 1601 3879 p.
1638 3810 1743 3865 4⁸26
1778 3810 1855 3863 De
1890 3808 2147 3878 Georgiit.
3142 3852 3151 3855 ς

692 3896 877 3950 Graece
906 3897 1025 3951 loca
1054 3913 1085 3951 e
1114 3900 1532 3954 commentariis
1567 3896 1857 3953 Phrantza:
1881 3897 2162 3950 historicis
2188 3894 2437 3961 producit
2470 3892 2708 3945 Allatius
2755 3890 2811 3944 in
2840 3890 3027 3943 eodem
3067 3902 3230 3958 opere
3271 3887 3343 3941 De
3366 3902 3639 3949 consensu,
3667 3900 3722 3953 p.
3771 3884 3825 3949 4,

620 3990 676 4034 et
700 3982 852 4046 alibi,
880 3997 1059 4049 neque
1088 3983 1310 4039 aliunde
1339 3986 1547 4052 hausit,
1576 4001 1697 4055 quae
1726 3986 1913 4039 (ira-ca
1942 3984 2229 4037 Phrantzze
2252 3982 2437 4035 laudat
2456 3978 2692 4047 Cangiu-s
2722 3978 2776 4031 in
2825 3976 3105 4032 Glo’ssario
3135 3975 3346 4030 Graeco.
3386 3973 3685 4028 Notandum
3732 3986 3826 4025 au-

618 4077 725 4120 tem
754 4079 856 4134 est,
883 4071 1136 4125 Allatium
1165 4072 1421 4127 habuisse
1450 4087 1590 4141 opus
1618 4074 1895 4127 diversum
1917 4076 1987 4125 ab
2016 4085 2085 4124 eo
2116 4064 2264 4136 quod
2288 4070 2347 4122 in
2388 4069 2661 4135 epitowen
2705 4073 3048 4118 contractum
3110 4062 3303 4115 Latine
3333 4059 3613 4113 Pontanus
3646 4059 3821 4112 eti-dit.

615 4156 688 4209 ita
716 4172 861 4210 enim
892 4158 980 4212 ille
1013 4160 1246 4214 diatriba
1279 4158 1539 4228 Gcorgiis,
1582 4159 1704 4213 loco
1737 4160 1957 4212 laudato
1991 4156 2289 4225 :Servatur
2313 4170 2466 4223 penes
2491 4169 2572 4206 me
2601 4153 2836 4219 ejusdem
2895 4149 3154 4202 Phranza:
3206 4148 3530 4208 Chronico»,
3584 4146 3822 4198 diversum

614 4246 826 4298 omnino
861 4245 924 4298 ab
956 4247 1118 4301 edito.
1144 4247 1339 4314 Incipit
1373 4250 1437 4301 ab
1467 4264 1519 4299 α.
1555 4246 1715 4311 1402,
1744 4246 1859 4313 ﬁnit
1886 4247 1938 4298 in
1963 4258 2164 4297 animm
2196 4242 2361 4306 1477,
2382 4242 2552 4294 nescio
2591 4257 2661 4293 an
2693 4241 2756 4291 ab
2797 4240 2910 4306 ipso
2933 4248 3169 4296 auctore,
3201 4250 3264 4287 ne
3307 4233 3617 4301 prolicitote
3661 4232 3819 4299 operis

614 4332 861 4386 lectorem
890 4335 1163 4403 fatigaret.
1202 4335 1256 4387 in
1285 4334 1653 4401 compendium
1682 4343 1795 4398 post
1831 4333 2060 4400 primunt
2102 4328 2401 4383 Claronirou
2428 4327 2825 4389 concinnatum,
2880 4341 2950 4377 an
2990 4327 3139 4392 prius
3165 4323 3347 4387 etiam,
3380 4337 3542 4390 quam
3580 4320 3820 4387 prolixum

614 4421 806 4485 ederet,
844 4423 1000 4473 veluti
1030 4423 1294 4475 memoria:
1319 4422 1576 4487 fulcrum,
1614 4430 1661 4472 et
1693 4421 1931 4473 materia
1965 4426 2337 4487 argumentum
2367 4428 2730 4484 praeparatum
2783 4413 2968 4482 fuerit.
3016 4410 3287 4479 Quidquid
3326 4422 3501 4462 tamen
3530 4408 3819 4475 ait,eloquio

617 4508 927 4569 barbarum,
961 4520 1007 4561 ct
1040 4510 1301 4562 locutione
1329 4525 1356 4560 ε
1386 4510 1544 4561 triuio
1572 4508 1761 4575 petita,
1793 4507 1947 4559 habet
1983 4508 2035 4560 in
2063 4520 2121 4558 se
2153 4503 2342 4565 nauita,
2383 4516 2500 4571 qua:
2527 4500 2744 4554 aliunde
2774 4516 2878 4552 non
2913 4510 3218 4561 occurrent,
3288 4510 3334 4550 et
3365 4497 3609 4549 distincte
3661 4496 3819 4547 omnia

616 4598 953 4666 prosequitur
976 4614 994 4651 :
1019 4598 1151 4652 ineo
1183 4608 1358 4651 tamen
1385 4598 1599 4650 minime
1635 4596 1987 4655 laudandum,
2018 4593 2159 4662 quod
2191 4575 2552 4643 minutissima
2578 4603 2794 4657 qumque
2833 4598 2887 4641 et
2909 4586 3119 4641 nullius
3153 4583 3488 4653 dignationis
3538 4597 3817 4634 conmemo-

619 4696 723 4748 τοι,
753 4688 888 4740 satis
922 4704 972 4740 tn
1001 4689 1261 4755 angustiis
1291 4687 1595 4739 domesticis
1616 4684 1937 4740 enarranda
1957 4682 2236 4735 curiosust

2198 4702 2200 4728 ι
2222 4688 2276 4732 et
2300 4677 2539 4745 loquens.
2573 4675 2662 4730 Sic
2688 4675 2960 4728 exorditur
2978 4690 2999 4728 :
3022 4671 3250 4742 nemo;
3278 4669 3551 4737 Γεὼργιος
3577 4667 3815 4736 timuiita

618 4776 647 4825 ὁ
676 4776 771 4827 καὶ
803 4776 1328 4845 πρωτοὸεστιάριος,
1359 4774 1661 4845 Γρηγόριος
1685 4762 1827 4842 taxa
1857 4771 2111 4841 μοναχὸς,
2136 4770 2308 4821 ταῦτα
2328 4766 2568 4836 ἔγραψεν
2602 4764 2745 4835 ὑπὲρ
2783 4764 2891 4817 τῶν
2921 4762 3043 4816 καθ’
3072 4760 3266 4813 ἑαυτὸν
3299 4760 3391 4811 καί
3420 4775 3575 4809 τινων
3608 4756 3818 4845 μερικῶν

618 4864 926 4928 γεγονότων
956 4865 1012 4916 ὲν
1042 4862 1115 4932 τῷ
1142 4863 1241 4929 τῆς
1274 4863 1462 4923 ἀθλίας
1494 4844 1641 4930 qua;
1674 4859 1840 4913 αὑτοῦ
1869 4863 2047 4929 χρόνῳ
2076 4858 2183 4913 ἀπὸ
2214 4854 2311 4907 τοῦ
2346 4854 2553 4921 Κυρίου
2586 4852 2742 4920 ἡμῶν
2778 4849 2952 4921 Ἰησοῦ
2984 4846 3224 4916 Χριστοῦ
3246 4846 3551 4932 γεννήσεως
3576 4844 3814 4932 qualem.

619 4950 948 5017 Principium
978 4971 991 5006 :
1028 4930 1209 5005 κάλον
1240 4946 1309 5021 ἦν
1335 4966 1423 5019 μοι
1453 4949 1486 5018 ἢ
1515 4950 1616 5001 οὐκ
1638 4948 1959 5019 ἐγεννήθην,
1989 4950 2023 5020 ἢ
2058 4949 2236 5002 παιδίο

2197 4949 2265 5000 εον
2294 4941 2587 4996 ἀποθανεῖν
2616 4942 2720 5011 (l).
2772 4937 2987 4994 Contuli
3012 4952 3129 4990 cum
3158 4951 3257 4988 ms.
3287 4934 3464 4988 codice
3497 4930 3814 4998 Neapolitano

695 5121 768 5202 (ᾳ)
790 5118 971 5200 Codex
1000 5118 1398 5202 Mona'chiensis
1417 5127 1687 5202 est,_teste
1706 5117 2189 5202 Altero,perquam
2298 5128 2352 5172 et
2372 5119 2651 5200 diversum
2687 5134 2810 5202 esse
2840 5116 2908 5171 ab
2924 5131 2996 5202 ρο
3024 5112 3314 5202 βιιτοιιτρο
3332 5112 3472 5202 quod
3501 5109 3815 5202 i‘ontanu'sﬂiu

620 5178 819 5245 vitiose
843 5190 1345 5259 st-riptus.__Przeter
1384 5205 1445 5241 ea
1476 5190 1656 5242 adhuc
1683 5178 2190 5259 exstattt’li’hranzre
2300 5189 2573 5256 epitomen
2610 5189 2885 5243 redactqu
2922 5186 3113 5239 Latine
3150 5178 3591 5259 ediditftestatus
3615 5190 3684 5234 est
3712 5178 3817 5231 loco

623 5262 784 5315 codd.
817 5261 870 5314 in
915 5252 1046 5314 bibl.
1100 5256 1459 5327 Neapolitana
1504 5259 1794 5328 Augustin.
1829 5256 1886 5310 S.
1928 5255 2085 5309 Joan.
2122 5257 2188 5328 ad
2296 5252 2365 5311 ab
2404 5259 2655 5328 Fabricio
2688 5271 2868 5328 postea
2892 5266 3215 5328 memorato.
3256 5252 3420 5328 litat.

622 5331 1014 5395 Carbouar;et
1042 5329 1095 5398 in
1140 5316 1254 5397 reg.
1288 5328 1516 5382 Taurin.
1540 5316 1745 5383 invcod.
1786 5328 1890 5381 102
1908 5335 1962 5380 et
1986 5328 2095 5390 246
2122 5324 2184 5379 V.
2366 5329 2436 5398 (r)
2492 5327 2626 5383 Vide
2685 5316 3009 5391 Hantklum,
3043 5326 3117 5378 De
3165 5324 3511 5391 scriptoribus
3553 5320 3661 5375 hist.
3700 5316 3814 5388 Byz.

625 5414 730 5453 rat.
755 5402 914 5455 codd.
943 5400 1035 5455 Gr.
1070 5397 1261 5462 Tuum,
1291 5415 1410 5468 pag.
1436 5399 1545 5452 215
1574 5408 1628 5452 et
1657 5416 1709 5467 p.
1745 5398 1890 5469 566:
1949 5410 2183 5469 quorum
2294 5414 2422 5468 pag.
2442 5398 2543 5453 667
2568 5416 2687 5469 seq.

626 5473 897 5540 posterior
924 5470 1206 5540 conspirat
1231 5466 1354 5524 cum
1372 5466 1452 5524 eo
1496 5466 1667 5535 quem
1696 5468 1926 5523 Allatius
1973 5466 2183 5531 habuit,
2296 5466 2308 5468 ’
2386 5466 2389 5467 ⁷
2534 5469 2539 5475 ’

690 5649 762 5714 (ι)
790 5651 1332 5707 Phrauthhronicon
1352 5652 1694 5704 abbreviatum
1719 5648 1943 5702 dabimus
1967 5649 2089 5700 intra
2115 5661 2179 5701 ex
2205 5647 2426 5701 editione
2448 5644 2580 5697 card.
2610 5645 2732 5708 Aug.
2760 5643 2873 5703 Mai,
2908 5646 3040 5693 Auct.
3064 5641 3203 5692 class.
3232 5644 3267 5690 t.
3304 5636 3382 5687 IX.
3415 5634 3550 5686 Eutr.
