4096 6300
677 390 787 455 639

1892 413 2697 487 GEORGII,PHRANTZ/E'

3805 435 3925 498 646

680 511 1084 613 ίστορησάντων
1116 514 1209 566 καὶ
1236 516 1466 587 σύμπαν
1516 521 1617 591 τῆς
1651 525 1895 594 ἱστορίας
1952 530 2240 601 ἀποφηνα-
2270 538 2315 594 Α
2343 535 2399 588 δὲ
2429 537 2527 589 καὶ
2554 536 2653 590 ὅσα
2681 540 2747 609 τῇ
2787 541 2937 609 κοινῇ
2972 542 3131 613 φήμῃ
3182 544 3530 612 γνωρίζεται,
3580 549 3755 601 ταῦτα
3820 553 3922 603 τὸν

678 602 861 691 μένων
883 604 940 654 ὲν
966 606 1078 666 τοῖς
1107 609 1393 676 σφετέροις
1435 612 1902 685 σὺγγράμμασιν;
1935 621 2086 691 Τάχα
2124 626 2178 676 δὲ
2212 626 2240 678 δ

676 690 841 742 πλέον
868 693 1092 747 ἐκείνων
1120 696 1201 748 ὲν·
1225 700 1337 762 τοῖς
1366 701 1459 753 νῦν
1491 708 1875 776 προκειμένοις
1907 690 2045 780 ήμῖν
2065 713 2240 778 λέξειν

674 775 847 845 ἄξιον,
903 780 957 851 ﬁ.
988 782 1145 836 τοῦτό
1196 803 1261 853 γε
1325 790 1393 840 ἂν
1442 791 1543 859 τῆς
1598 775 1871 867 ἡμετέρας
1912 775 2240 870 συγγραςρῆς

675 870 1118 942 προϐαλούμεθα.
1174 879 1247 930 Τὸ
1309 881 1365 932 δέ
1402 883 1549 935 ἐστιν
1607 886 1689 938 ὅτι
1742 890 2076 958 καινοτέρων
2108 894 2238 961 ἡμῖν

673 965 1055 1031 προκειμένων
1089 971 1453 1037 πραγμάτων,
1485 973 1520 1026 ἃ
1559 977 1725 1044 μήπω
1776 996 1859 1041 τις
1912 984 2096 1050 γραφῇ
2133 999 2239 1035 παο

677 1050 969 1117 ραδέδωκε,
1017 1056 1336 1126 καινότερον
1384 1062 1673 1130 συμϐαίνει
1718 1062 1856 1119 εἶναι
1887 1069 1981 1119 καὶ
2008 1069 2066 1119 τὸ
2094 1068 2237 1136 ὠφέ-

673 1137 834 1208 λιμον
860 1141 1084 1197 ἐκείνων
1110 1147 1166 1198 ὲν
1197 1150 1396 1213 γνώσει
1443 1152 1552 1203 τῶν
1591 1154 1895 1221 ἀνθρώπων
1929 1158 2235 1227 γεγενημέ-

673 1246 802 1291 νων,
836 1226 979 1302 ἆπερ
1009 1235 1037 1285 ό
1077 1238 1217 1305 ῥέων
1247 1241 1417 1311 χύδην
1465 1242 1623 1310 λόγος
1687 1246 1787 1297 οὐκ
1833 1246 2047 1317 ἀληθῶς
2103 1226 2238 1301 ἀπο-

675 1322 949 1385 φαίνεται.
997 1327 1059 1378 Οἱ
1120 1329 1219 1395 μὲν
1290 1326 1384 1384 οὖν
1456 1334 1526 1387 τά
1585 1335 1705 1387 καθ’
1744 1339 1893 1405 ἡμᾶς
1947 1340 2237 1408 ίστορικῶς

671 1414 1123 1485 συγγραψάμενοι
1148 1419 1315 1489 ἄλλην
1348 1422 1524 1485 ἄλλως
1553 1427 1880 1496 πεποίηνται
1905 1429 2004 1499 τήν
2036 1432 2233 1500 ἀρχήνο

670 1504 722 1554 οἱ
757 1506 855 1572 μὲν
881 1508 986 1575 γὰρ
1010 1511 1188 1562 αὐτῶν
1218 1514 1325 1566 ἀπὸ
1348 1517 1447 1585 τῆς
1491 1517 1583 1570 τοῦ
1617 1518 1825 1588 κόσμου
1853 1522 2119 1586 γενέσεως
2142 1523 2239 1593 ἥρ-

674 1593 857 1657 ξαντο,
887 1598 935 1649 οἱ
964 1598 1020 1651 δὲ
1056 1600 1115 1664 ἐξ
1142 1602 1429 1671 ἀξιολόγου
1459 1608 1604 1672 τινὸς
1628 1609 1728 1678 τῆς
1780 1611 1978 1681 ἀρχῆς,
2024 1611 2056 1681 ἢ
2101 1613 2240 1682 Περ-

674 1687 852 1757 σῶνῆ
901 1689 1227 1762 Ἑλλήνωνῆ
1272 1695 1565 1765 Ῥωμαίων
1618 1700 1650 1769 ἢ
1712 1702 1871 1754 ἄλλου
1922 1702 2235 1756 οὑτινοσοῦν

2341 626 2727 695 ἑξιστοροῢντα
2761 632 3186 701 παραλήψεσθαι
3217 636 3358 696 δέον,
3393 638 3443 690 εἰ
3474 636 3549 707 μὴ
3576 639 3786 692 ἀδικεῖν
3820 636 3920 693 οὗ-

2341 734 2432 779 τος
2460 715 2739 789 ἐθελήσειε
2772 721 2868 790 τὴν
2894 722 3155 791 ἀλήθειαν
3184 725 3259 788 ὡς
3288 727 3338 778 ot
3368 728 3494 790 τοὺς
3527 727 3746 792 ὀϐολοὺς
3781 748 3920 799 κερ-

2343 807 2559 875 ματίοις
2616 809 3072 878 ὲλλυμαινόμενοι
3122 813 3171 883 5
3228 816 3261 884 ἢ
3310 816 3406 868 καὶ
3458 820 3915 889 παραχαράττειν

2342 897 2687 969 βουλόμενοι.
2723 900 2863 954 Οὔτε
2902 903 3033 968 γοῦν
3066 904 3204 974 πρὸς
3235 907 3396 977 χάριν
3427 907 3550 961 οὒτε
3592 910 3727 977 πρὸς
3777 912 3917 979 φθό-

2340 1007 2451 1052 νον,
2485 990 2605 1044 ἀλλ’
2632 992 2754 1046 οὐδὲ
2782 993 2918 1060 πρὸς
2955 996 3114 1064 μῖσος
3137 996 3169 1066 ἢ
3190 999 3284 1050 καὶ
3320 1001 3455 1069 πρὸς
3505 999 3719 1054 εὖνοιαν
3774 1021 3914 1071 συγ-

2343 1082 2578 1150 γράφειν
2606 1084 2785 1153 χρεών
2815 1087 2933 1138 ἐστι
2961 1087 3053 1141 τὸν
3073 1091 3482 1158 συγγράφοντα,
3516 1092 3634 1145 ἀλλ’
3665 1094 3912 1160 ἱστορίας

2347 1175 2507 1244 μόνον
2538 1174 2700 1246 χάριν
2730 1176 2947 1229 καὶτοῦ
2982 1179 3058 1247 μὴ
3089 1178 3262 1248 λήθης
3309 1180 3457 1250 βυθῷ
3511 1184 3911 1252 παραδοθῆναι,

2339 1264 2407 1334 ἢν
2434 1267 2675 1336 όχρόνος
2727 1264 2837 1323 οἶδε
2867 1273 3092 1340 γεννᾷν,
3140 1273 3241 1342 τὴν
3276 1273 3537 1343 ἱστορίαν,
3602 1277 3788 1343 μένειν
3844 1278 3909 1329 δὲ

2342 1355 2525 1419 ζῶσάν
2554 1377 2614 1411 τε
2643 1360 2737 1413 καὶ
2769 1361 3040 1415 λαλοῦσαν
3067 1365 3256 1431 φωνὴν
3282 1366 3375 1417 καὶ
3397 1365 3641 1435 ἔμψυχον
3666 1369 3759 1422 καὶ
3788 1370 3910 1421 δια-

2340 1449 2576 1517 πρύσιον
2606 1452 2824 1519 κήρυκα
2852 1454 2923 1506 δι’
2957 1455 3278 1522 ἀπεράντων
3308 1456 3545 1519 αἰώνιον,
3572 1457 3759 1520 Οὕτως
3785 1460 3905 1511 τοί-

2341 1552 2434 1588 νυν
2462 1535 2616 1602 κάγὼ
2646 1537 2919 1608 Γεώργιος
2966 1542 3272 1610 Φραντζῆς,
3322 1543 3352 1595 ὁ
3402 1547 3749 1614 χρηματίσας
3807 1549 3903 1600 καὶ

2339 1627 2839 1698 πρωτοσεστιάριος
2902 1633 2999 1684 καὶ
3070 1634 3375 1702 Γρηγόριος
3441 1637 3580 1704 τάχα
3644 1640 3899 1706 μοναχδς.

2336 1715 2512 1770 ταῦτα
2543 1716 2769 1787 ἔγραψα
2796 1723 2926 1791 περὶ
2951 1724 3060 1777 τῶν
3090 1725 3215 1778 καθ’
3237 1728 3401 1779 αὑτὸν
3429 1730 3523 1779 καὶ
3544 1728 3708 1780 τινῶν
3743 1746 3905 1797 μερι-

668 1777 778 1829 τῶν
809 1779 1005 1845 ἐθνῶν,
1073 1782 1305 1849 ἕκαστος
1338 1788 1473 1856 πρὸς
1522 1790 1614 1843 τὸν
1664 1792 1861 1845 ἑαυτοῦ
1922 1795 2126 1847 σκοπὸν
2172 1797 2233 1849 τὸ
2266 1876 2302 1886 _
2337 1805 2450 1857 κῶν
2478 1777 2797 1875 ἀναγκαίων
2840 1777 3143 1880 γεγονότων
3180 1777 3254 1868 γὲν
3306 1777 3389 1884 τῷν
3594 1777 3766 1886 ζωῆς⁷
3791 1777 3896 1885 μου

673 1870 875 1976 ῗὶκεῖον
916 1874 1383 1976 κηαταρτιζόμενος
1425 1879 1791 1951 σύγγραμμα.
1830 1885 1939 1936 Καὶ
1970 1886 2103 1953 ἡμῖν
2131 1888 2229 1957 οὐχ
2265 1876 2304 1930 Β
2332 1897 2512 1967 χρόνῳ
2534 1870 2668 1967 πρὶν
2696 1903 2797 1971 τῆς
2852 1870 3231 1974 αἰχμαλωσίας
3274 1870 3431 1976 ἡμίῖιν
3602 1870 3755 1975 ’μετά
3791 1870 3905 1975 ⁸τὴν

668 1960 873 2028 ἥκιστα
905 1962 1047 2016 οὕτω
1077 1967 1143 2020 τὰ
1195 1969 1294 2036 τῆς
1344 1974 1671 2042 συγγραφῆς
1703 1974 2116 2045 τελεσθήσεται.
2150 1978 2233 2031 Τά

671 2050 770 2119 μὲν
798 2052 905 2121 γὰρ
941 2053 1158 2109 ἅπαντα
1181 2059 1249 2111 τὰ
1288 2059 1384 2111 ἀπ’
1411 2062 1585 2131 ἀρχῆς
1636 2066 1980 2135 γεγενημένα
2010 2070 2107 2134 τῆς
2136 2069 2228 2123 τοῦ

668 2142 878 2210 κόσμου
905 2148 1175 2213 γενέσεως
1216 2152 1430 2213 πολλοῖς
1456 2171 1514 2207 τε
1569 2157 1664 2208 καὶ
1715 2158 1976 2220 πολλάκις
2026 2158 2232 2235 ἐξιστο-

669 2232 811 2302 ρήθη
841 2250 855 2263 ·
889 2237 990 2289 οὐκ
1022 2233 1090 2307 ἦν
1130 2239 1311 2305 λέγειν
1339 2261 1427 2309 μοι
1456 2261 1469 2275 ·
1505 2248 1599 2298 καὶ
1658 2246 1735 2309 ὡς
1796 2250 1932 2317 πρὸς
1966 2232 2231 2319 ἀλλήλους

664 2326 715 2379 οἱ
740 2326 958 2390 πλείους
992 2330 1054 2380 ού
1097 2337 1512 2403 συνεφώνησαν,
1548 2338 1618 2391 τὰ
1654 2339 1764 2391 τῶν
1798 2338 2071 2406 βασιλέων
2103 2359 2235 2410 συγ·

666 2415 995 2485 γράφοντες,
1015 2419 1331 2485 ἀλλοιώσεις
1355 2441 1415 2477 τε
1438 2428 1632 2495 χωρῶν
1654 2430 1751 2483 καὶ
1774 2430 1981 2484 πόλεων
2010 2432 2228 2494 στάσεις

666 2508 760 2558 καὶ
818 2510 1070 2579 πολέμων
1122 2517 1412 2587 συρῤήξεις
1443 2520 1538 2571 καὶ
1582 2522 2062 2591 ἀνδραποδισμοὺς
2126 2525 2221 2576 καὶ

667 2596 825 2659 νίκας
851 2604 944 2653 καὶ
972 2604 1163 2671 ἥττας,
1194 2606 1289 2659 καὶ
1347 2610 1447 2662 ὅσα
1505 2611 1728 2664 τοιαῦτα
1789 2613 2073 2683 σύμμικτα
2119 2619 2233 2678 τοῖς

667 2689 795 2741 καθ’
825 2691 972 2760 ἡμᾶς
1001 2710 1013 2723 ·
1046 2696 1394 2767 πολυσχεδῶς
1438 2702 1545 2771 γάρ
1589 2704 1658 2757 τά
1705 2704 1886 2757 αὐτῶν
1933 2706 2232 2761 τελούντων

671 2780 769 2831 καὶ¹
799 2782 934 2849 μηδὲ
965 2787 1095 2854 παρ’
1126 2788 1305 2841 αὐτῶν
1354 2790 1483 2853 ἴσως
1518 2793 1626 2845 τῶν
1671 2796 2036 2865 ἐνεργούντων
2066 2815 2231 2865 γινω-

671 2874 951 2939 σκομένων
983 2878 1145 2948 σχολῇ
1174 2896 1236 2945 γε
1265 2880 1331 2934 ἀν
1358 2884 1472 2945 τοῖς
1520 2886 1862 2954 ἐξιστοροῦσι
1917 2889 1977 2941 τὸ
2031 2888 2231 2956 ἀληθὲς

669 2965 983 3018 παντάπασι
1012 2971 1367 3044 γενήσεταιή
1412 2976 1710 3043 ἐπίτευξις.
1765 2980 1861 3034 Ἐκ
1914 2979 2008 3033 τοῦ
2066 2981 2231 3050 μόνου

662 3141 882 3196 storiam
920 3154 1233 3214 tractarunt,
1270 3153 1681 3226 universumque
1728 3159 1886 3215 libris
1935 3160 2048 3215 suis
2099 3167 2224 3213 sunt
2255 3187 2299 3247 ο

665 3234 971 3301 complevi?
1017 3240 1297 3297 enimvero
1321 3247 1463 3312 quod
1489 3247 1539 3299 in
1580 3248 1680 3304 hoc
1727 3250 1975 3304 instituto
2018 3250 2227 3321 dignius

661 3334 746 3377 est
775 3324 840 3379 de
870 3342 975 3395 quo
997 3330 1256 3398 dicamus,
1293 3336 1343 3390 id
1386 3347 1584 3393 nostrae
1613 3341 2007 3406 prmtendamus
2040 3332 2229 3395 narra-

664 3416 815 3472 tioni.
848 3417 1050 3489 Nempe
1080 3426 1334 3492 quoniam
1363 3444 1447 3482 res
1474 3432 1676 3484 recenti
1706 3441 1863 3486 astate
1882 3444 2064 3501 gestas
2093 3436 2230 3489 scri-

663 3506 792 3563 bere
822 3510 1168 3579 institnimus,
1203 3533 1336 3586 quas
1379 3521 1666 3575 nemodum
1699 3522 1892 3576 litteris
1940 3524 2228 3593 consigna-

665 3600 759 3665 vit,
799 3616 1219 3660 consentaneum
1259 3620 1361 3675 est,
1405 3623 1669 3667 recentem
1705 3617 1869 3669 etiam
1888 3615 2125 3671 fructum
2158 3620 2231 3671 ru-

663 3707 743 3755 re,
774 3708 897 3749 cum
931 3697 985 3751 in
1045 3700 1291 3755 notitiam
1330 3703 1602 3758 hominum
1627 3709 1894 3772 venerint,
1940 3725 2057 3777 qua:
2087 3726 2230 3783 nunc

666 3799 799 3854 vago
822 3794 1039 3845 rumore
1062 3806 1248 3860 parum
1284 3795 1347 3848 ad
1384 3797 1661 3850 veritatem
1694 3797 1957 3855 feruntur.
1986 3800 2105 3855 Jatn
2139 3804 2231 3872 qui

666 3892 753 3932 res
790 3889 1002 3934 nostras
1035 3883 1371 3953 scripserunt
1406 3887 1672 3955 historici,
1700 3891 1788 3944 alii
1821 3892 2037 3946 aliunde
2074 3910 2234 3964 cepe-

666 3977 792 4020 runt
824 3971 1030 4025 initium
1057 3992 1070 4028 :
1113 3977 1330 4043 quidam
1361 3994 1389 4031 a
1424 3979 1627 4035 mundo
1660 3982 1781 4037 inde
1831 3985 2052 4040 condito
2082 3988 2233 4041 ince-

667 4073 877 4129 perunt,
899 4067 1138 4121 nonuulli
1171 4083 1201 4121 a
1226 4072 1560 4126 memorabili
1586 4075 1767 4143 aliquo
1816 4075 2069 4146 imperio,
2105 4079 2235 4133 Per-

665 4169 873 4221 sarum,
924 4157 1261 4229 (Erret-orum,
1321 4164 1711 4232 Romanorum,
1758 4169 1839 4223 vel
1888 4170 2026 4224 alius
2061 4175 2234 4240 gentis

660 4247 1053 4320 cujuscunque,
1087 4256 1153 4307 ad
1176 4270 1330 4308 suum
1351 4256 1575 4324 quisque
1592 4259 1876 4312 consilium
1903 4274 2038 4328 Opus
2062 4276 2233 4318 acco-

663 4338 966 4396 modantcs.
1024 4344 1199 4412 Atque
1229 4345 1331 4398 hac
1382 4347 1568 4416 utique
1594 4349 1801 4402 ratioae
1824 4365 1919 4402 nos
1947 4350 1999 4404 in
2020 4351 2237 4408 hisute—

666 4445 789 4484 mur
823 4435 1249 4488 commentariis.
1273 4433 1404 4487 Nam
1432 4454 1459 4487 a
1484 4452 1663 4491 rerum
1688 4439 1810 4492 inde
1831 4441 2095 4510 principio
2113 4459 2232 4512 quae

2340 1989 2749 2057 αἰχμαλωσίαν.
2781 1994 2889 2046 Καὶ
2915 1995 3129 2065 πρῶτον
3168 1997 3267 2066 μὲν
3323 1998 3718 2067 διηγησώμεθα
3770 1999 3903 2066 περὶ

2339 2077 2446 2128 τῶν
2474 2078 2743 2149 ἀφορμῶν
2771 2084 2862 2134 καὶ
2889 2083 3078 2136 αἰτιῶν
3111 2087 3210 2151 τῆς
3254 2085 3361 2138 τῶν
3398 2087 3779 2151 Παλαιολόγων
3803 2086 3909 2154 βας
3946 2121 3957 2129 ο

2343 2165 2553 2229 σιλείας
2584 2168 2648 2221 ὲκ
2714 2167 2932 2238 πρώτου
2993 2171 3412 2240 βασιλεύσαντος
3446 2176 3509 2226 ἐκ
3556 2172 3651 2225 τοῦ
3708 2173 3907 2241 γένους

2341 2258 2520 2311 αὐτῶν
2553 2260 2683 2329 ἄχρι
2712 2262 2812 2330 τῆς
2834 2262 3092 2325 ἁλώσεως
3120 2265 3221 2331 τῆς
3268 2265 3905 2325 Κωνσταντινουπόλεως

2340 2348 2446 2403 ὑπὸ
2471 2351 2752 2419 Τούρκων,
2791 2347 2885 2407 καὶ
2910 2354 3070 2408 πόσοι
3116 2356 3212 2407 καὶ
3244 2357 3381 2418 τίνες
3409 2357 3457 2407 oi
3504 2355 3609 2406 uiui.
3666 2354 3761 2406 καὶ
3793 2354 3899 2405 Ou-

2336 2439 2571 2507 γατέρες
2615 2443 2711 2494 καὶ
2768 2444 3027 2496 δεσπόται
3084 2445 3330 2511 ἐγένοντο
3386 2443 3584 2504 αὐτοῖς·
3641 2442 3735 2493 καὶ
3783 2440 3898 2491 τῶν

2333 2534 2641 2599 γεγονότων
2669 2534 2922 2604 πολέμων
2962 2536 3023 2588 ὲν
3074 2538 3139 2605 τῇ
3198 2535 3591 2602 Πελοποννήσῳ
3647 2532 3750 2584 ἀνὰ
3784 2533 3902 2582 τοῖν

2331 2624 2478 2675 δυοῖν
2507 2624 2885 2693 αὑταδέλφοιν,
2919 2626 3013 2679 τοῦ
3039 2626 3328 2679 δεσποτίου
3350 2625 3545 2693 κυρίου
3565 2620 3889 2691 Δημητρίου

2336 2716 2481 2783 λέγω
2542 2718 2639 2770 καὶ
2689 2718 2974 2770 δεσποτίου
3031 2718 3223 2786 κυρίου
3282 2716 3476 2784 Θωμᾶ,
3542 2713 3638 2766 καὶ
3697 2712 3898 2779 ἑτέρων

2337 2808 2655 2874 ἀναγκαίων
2708 2809 2802 2860 καὶ
2840 2809 3064 2879 μνήμης
3098 2806 3269 2873 ἀξίων
3310 2805 3579 2875 βούλομαι
3638 2803 3900 2873 διηγήσαι-

2343 2898 2487 2952 σθαι.
3622 2916 3623 2919 “

2334 3155 2538 3225 tingere
2562 3157 2790 3226 possint.
2814 3159 2881 3211 At
2911 3158 3054 3213 enim
3084 3157 3297 3212 nonnisi
3328 3170 3413 3221 ea,
3437 3170 3556 3221 quae
3599 3149 3902 3208 communis

2332 3248 2471 3301 fama
2524 3250 2838 3318 divulgavit,
2895 3251 3147 3320 excipere
3193 3250 3413 3314 debent,
3455 3247 3555 3302 nisi
3614 3247 3896 3298 veritatem

2331 3338 2622 3410 infringere
2646 3343 2832 3408 velint,
2856 3358 3041 3397 eorum
3068 3343 3257 3406 instar,
3283 3342 3371 3406 qui
3398 3354 3642 3395 nummos
3665 3339 3900 3391 circum-

2328 3435 2511 3487 cidnnt
2548 3434 2629 3486 vel
2655 3434 2856 3488 cudunt
2885 3434 3238 3489 adulterinos.
3266 3432 3423 3488 Certe
3471 3430 3685 3499 quidem
3718 3444 3901 3495 neque

2331 3528 2395 3580 ad
2436 3526 2661 3597 gratiam
2713 3527 2795 3581 vel
2848 3526 3123 3589 studium,
3179 3539 3357 3594 neque
3401 3521 3465 3577 ad
3504 3520 3754 3573 invidiam
3805 3520 3898 3574 vel

2330 3618 2511 3672 odium
2549 3616 2889 3670 scribendum
2922 3625 3029 3678 est,
3070 3616 3159 3670 sed
3192 3616 3360 3668 solius
3387 3611 3657 3665 memoria:
3698 3624 3896 3675 causa,

2332 3718 2392 3762 ut
2437 3724 2523 3761 res
2554 3708 2827 3761 oblivione
2867 3723 2938 3762 ne
2978 3706 3281 3769 deleantur,
3318 3706 3370 3758 in
3420 3718 3579 3771 quam
3635 3703 3894 3770 temporis

2332 3800 2687 3853 diuturnitate
2720 3799 2899 3853 solent
2948 3798 3165 3860 adduci,
3195 3796 3286 3850 sed
3325 3796 3477 3864 quasi
3511 3795 3630 3847 viva
3672 3802 3725 3846 et
3751 3792 3892 3845 clara

2333 3905 2465 3943 voce
2524 3891 2786 3957 praeconis
2836 3889 3150 3944 smculorum
3230 3899 3551 3942 aeternorum
3608 3895 3897 3957 perseuent

2334 3981 2529 4049 spatia.
2559 3980 2743 4048 Itaque
2764 3996 2864 4050 ego
2886 3994 3098 4049 quoque
3128 3977 3393 4050 Georgius
3423 3976 3743 4040 Phrantzes,
3776 3993 3901 4046 pro—

2334 4072 2627 4127 tovestiarii
2665 4072 2795 4126 olim
2841 4072 3059 4129 functus
3092 4073 3349 4143 dignitate
3382 4082 3435 4127 et
3464 4071 3664 4125 deinde
3694 4070 3897 4137 Grego-

2336 4166 2398 4218 rii
2442 4164 2663 4219 nomine
2706 4164 3007 4219 monachus
3064 4164 3265 4227 factus,
3309 4163 3376 4216 de
3432 4163 3595 4216 rebus
3638 4160 3895 4214 memoria

2337 4270 2452 4309 mea
2486 4256 2673 4327 gestis,
2707 4264 2762 4311 ct
2791 4256 3072 4326 speciatim
3104 4255 3341 4309 miseriis
3398 4253 3746 4323 quibusdam,
3779 4266 3901 4319 qua:

2336 4349 2530 4415 partim
2567 4357 2712 4413 ante,
2748 4349 2942 4417 partim
2972 4355 3091 4415 post
3132 4356 3344 4415 captam
3377 4344 3587 4411 Cpolim
3640 4359 3737 4397 nos
3763 4342 3903 4395 afﬂi-

2340 4449 2553 4507 xerunt,
2585 4440 2684 4495 hos
2720 4439 3023 4505 conscripsi
3062 4437 3503 4492 commentarios.
3546 4438 3623 4489 Ac
3670 4437 3899 4505 primmu

664 4514 803 4570 facta
840 4526 988 4580 sunt,
1031 4533 1151 4571 cum
1189 4534 1219 4572 a
1260 4520 1443 4576 multis
1476 4525 1586 4577 sint
1637 4534 1692 4579 et
1755 4540 1901 4594 saepe
1949 4542 2227 4595 enarrata,
2261 4513 2307 4570 D
2334 4533 2550 4603 quidem
2576 4533 2837 4602 originem
2868 4531 3149 4600 explicabo
3181 4529 3393 4599 imperii
3446 4528 3902 4597 Palaaologorum,

664 4624 769 4661 non
824 4620 979 4661 erant
1023 4611 1148 4665 mihi
1202 4623 1396 4669 cuncta
1451 4621 1943 4673 commemoranda.
1982 4623 2230 4688 Accedit,

664 4701 808 4768 quod
840 4701 1081 4771 plerique
1107 4720 1208 4758 non
1231 4707 1597 4771 consentiunt,
1640 4709 1729 4776 qui
1762 4723 2046 4778 regnorum
2091 4728 2227 4767 con-

663 4795 999 4859 scripserunt
1033 4795 1310 4856 historias.
1355 4799 1685 4854 mutationes
1716 4802 1993 4871 regionum
2018 4813 2073 4857 et
2097 4804 2230 4858 civi-

664 4893 836 4937 tatum
874 4888 1086 4952 turbas,
1121 4890 1496 4944 contentiones
1529 4890 1811 4957 bellorum,
1847 4895 2093 4959 servitia,
2125 4896 2235 4948 vic-

667 4976 854 5036 torias,
884 4979 1067 5032 clades
1092 4989 1145 5033 ει
1167 4996 1283 5049 quae
1308 4982 1409 5034 alia
1440 4982 1490 5035 id
1530 4997 1701 5048 genus
1735 4983 1912 5037 solent
1941 4985 2219 5055 continge-

663 5080 743 5119 re.
772 5065 878 5123 ftes
900 5071 1199 5139 principum
1220 5074 1363 5128 enim
1391 5075 1714 5145 multiplices
1738 5085 1886 5141 sunt,
1916 5088 1970 5129 et
1992 5076 2222 5131 fortasse

666 5173 733 5213 ne
760 5159 828 5211 ab
853 5158 918 5214 iis
942 5162 1179 5227 quidem,
1208 5165 1297 5233 qui
1329 5165 1580 5234 gerendis
1623 5166 1729 5221 illis
1778 5167 2061 5233 intersunt,
2095 5171 2230 5220 satis

665 5251 1097 5322 persp‘ciuntnr:
1133 5256 1325 5311 nedum
1358 5257 1603 5313 historici
1630 5259 1914 5313 veritatem
1953 5258 2127 5313 ubivns
2148 5267 2231 5311 at-

2329 4640 2383 4682 et
2416 4627 2697 4680 historiam
2726 4640 2912 4679 eorum
2942 4639 2970 4677 a
3005 4623 3183 4692 primo
3212 4622 3332 4689 ejus
3373 4622 3563 4675 domus
3605 4620 3905 4689 imperato-

2331 4733 2390 4772 re
2415 4719 2481 4772 atl
2517 4717 2729 4784 Cpolim
2762 4729 2934 4785 usque
2962 4730 2989 4766 a
3022 4714 3216 4769 Turcis
3268 4721 3624 4781 expugnatam
3663 4710 3907 4779 prescri-
3936 4763 3945 4781 δ

2328 4813 2474 4875 bam,
2514 4810 2797 4878 dicamque
2826 4817 2955 4876 quot
2982 4817 3036 4860 ct
3081 4807 3171 4874 qui
3198 4804 3314 4872 ejus
3347 4805 3523 4873 gentis
3587 4803 3676 4855 lilii
3712 4802 3919 4889 ﬁliaeve.

2327 4910 2383 4958 et
2414 4903 2654 4970 despbta:
2692 4899 2915 4964 fuerint,
2950 4906 3114 4964 atque
3155 4896 3219 4948 de
3251 4895 3404 4947 bellis
3440 4895 3490 4946 in
3533 4891 3907 4958 Peloponneso

2330 4995 2471 5049 inter
2505 4992 2835 5045 Demetrium
2866 4999 2919 5042 et
2949 4988 3233 5048 Thomam,
3262 4984 3453 5037 fratres
3482 4986 3750 5049 despntas,
3779 4995 3909 5048 ges-

2331 5085 2422 5149 tis,
2480 5083 2706 5151 aliisque
2736 5081 2799 5134 de
2829 5080 2990 5135 rebus
3044 5075 3371 5131 necessariis
3398 5082 3450 5127 et
3483 5079 3777 5125 memoratu
3813 5068 3903 5122 di-

2336 5177 2453 5248 gnis
2475 5189 2760 5243 exponam.
