  <div class='ocr_page' id='page_1' title='image "/cluster/home/n/w/nwhite01/storage/ocr_20150623/156/mdp.39015078384719/330.png"; bbox 0 0 4096 6300; ppageno 0'>
   <div class='ocr_carea' id='block_1_1' title="bbox 245 349 344 411">
    <p class='ocr_par' dir='ltr' id='par_1_1' title="bbox 245 349 344 411">
     <span class='ocr_line' id='line_1_1' title="bbox 245 349 344 411; baseline 0 -1"><span class='ocrx_word' id='word_1_1' title='bbox 245 349 344 411; x_wconf 68' lang='grc'>641</span> 
     </span>
    </p>
   </div>
   <div class='ocr_carea' id='block_1_2' title="bbox 1278 349 2433 415">
    <p class='ocr_par' dir='ltr' id='par_1_2' title="bbox 1278 349 2433 415">
     <span class='ocr_line' id='line_1_2' title="bbox 1278 349 2433 415; baseline 0.004 -6"><span class='ocrx_word' id='word_1_2' title='bbox 1278 349 1724 411; x_wconf 80' lang='lat' dir='ltr'><strong>CHRONICON</strong></span> <span class='ocrx_word' id='word_1_3' title='bbox 1769 350 2041 412; x_wconf 80' lang='lat' dir='ltr'><strong>MAJUS.</strong></span> <span class='ocrx_word' id='word_1_4' title='bbox 2082 376 2151 389; x_wconf 90' lang='lat'><strong>—</strong></span> <span class='ocrx_word' id='word_1_5' title='bbox 2189 351 2335 412; x_wconf 83' lang='lat' dir='ltr'><strong>LIB.</strong></span> <span class='ocrx_word' id='word_1_6' title='bbox 2381 354 2433 415; x_wconf 87' lang='grc' dir='ltr'><strong>Ι.</strong></span> 
     </span>
    </p>
   </div>
   <div class='ocr_carea' id='block_1_3' title="bbox 3360 348 3472 417">
    <p class='ocr_par' dir='ltr' id='par_1_3' title="bbox 3360 348 3472 417">
     <span class='ocr_line' id='line_1_3' title="bbox 3360 348 3472 417; baseline -0.071 0"><span class='ocrx_word' id='word_1_7' title='bbox 3360 348 3472 417; x_wconf 66' lang='grc'><strong>642</strong></span> 
     </span>
    </p>
   </div>
   <div class='ocr_carea' id='block_1_4' title="bbox 3238 507 3462 521">
    <p class='ocr_par' dir='ltr' id='par_1_4' title="bbox 3238 507 3462 521">
     <span class='ocr_line' id='line_1_4' title="bbox 3238 507 3462 521; baseline 0.004 -3"><span class='ocrx_word' id='word_1_8' title='bbox 3238 507 3462 521; x_wconf 47' lang='grc' dir='ltr'>...υ</span> 
     </span>
    </p>
   </div>
   <div class='ocr_carea' id='block_1_5' title="bbox 1537 660 2176 752">
    <p class='ocr_par' dir='ltr' id='par_1_5' title="bbox 1537 660 2176 752">
     <span class='ocr_line' id='line_1_5' title="bbox 1537 660 2176 752; baseline -0.006 -2"><span class='ocrx_word' id='word_1_9' title='bbox 1537 666 1977 752; x_wconf 90' lang='grc' dir='ltr'><strong>ΒΙΒΛΙΟΝ</strong></span> <span class='ocrx_word' id='word_1_10' title='bbox 2050 660 2176 749; x_wconf 87' lang='grc' dir='ltr'><strong>Α’.</strong></span> 
     </span>
    </p>
   </div>
   <div class='ocr_carea' id='block_1_6' title="bbox 315 984 3474 1063">
    <p class='ocr_par' dir='ltr' id='par_1_6' title="bbox 315 984 3474 1063">
     <span class='ocr_line' id='line_1_6' title="bbox 315 984 3474 1063; baseline -0.002 -19"><span class='ocrx_word' id='word_1_11' title='bbox 315 992 371 1062; x_wconf 79' lang='lat'><strong>6</strong></span> <span class='ocrx_word' id='word_1_12' title='bbox 402 998 473 1046; x_wconf 82' lang='grc' dir='ltr'><strong>α’.</strong></span> <span class='ocrx_word' id='word_1_13' title='bbox 512 991 570 1044; x_wconf 84' lang='grc' dir='ltr'>Ὀ</span> <span class='ocrx_word' id='word_1_14' title='bbox 593 992 691 1059; x_wconf 75' lang='grc' dir='ltr'>τῆς</span> <span class='ocrx_word' id='word_1_15' title='bbox 723 990 897 1061; x_wconf 78' lang='grc' dir='ltr'>ἀρχῆς</span> <span class='ocrx_word' id='word_1_16' title='bbox 948 992 1229 1062; x_wconf 85' lang='grc' dir='ltr'>ὲπιϐήτωρ</span> <span class='ocrx_word' id='word_1_17' title='bbox 1269 992 1505 1059; x_wconf 76' lang='grc' dir='ltr'>Ἀλέξιος</span> <span class='ocrx_word' id='word_1_18' title='bbox 1543 995 1810 1063; x_wconf 74' lang='grc' dir='ltr'>Ἀγγελος</span> <span class='ocrx_word' id='word_1_19' title='bbox 1845 998 1888 1055; x_wconf 75' lang='grc' dir='ltr'><strong>Α</strong></span> <span class='ocrx_word' id='word_1_20' title='bbox 1919 1010 2025 1054; x_wconf 85' lang='grc' dir='ltr'>σιν,</span> <span class='ocrx_word' id='word_1_21' title='bbox 2054 992 2129 1055; x_wconf 86' lang='grc' dir='ltr'>ὡς</span> <span class='ocrx_word' id='word_1_22' title='bbox 2162 991 2446 1061; x_wconf 79' lang='grc' dir='ltr'>εἰρήσεται</span> <span class='ocrx_word' id='word_1_23' title='bbox 2476 1004 2491 1018; x_wconf 76' lang='grc' dir='ltr'><strong>ο</strong></span> <span class='ocrx_word' id='word_1_24' title='bbox 2525 985 2841 1056; x_wconf 78' lang='grc' dir='ltr'>ἀνδρυνθεὶς</span> <span class='ocrx_word' id='word_1_25' title='bbox 2872 985 2926 1037; x_wconf 80' lang='grc' dir='ltr'>δὲ</span> <span class='ocrx_word' id='word_1_26' title='bbox 2953 985 2979 1037; x_wconf 99' lang='lat'><strong>6</strong></span> <span class='ocrx_word' id='word_1_27' title='bbox 3040 984 3280 1053; x_wconf 82' lang='grc' dir='ltr'><strong>Μιχαὴλ,</strong></span> <span class='ocrx_word' id='word_1_28' title='bbox 3326 985 3474 1054; x_wconf 81' lang='grc' dir='ltr'><strong>πρῶ-</strong></span> 
     </span>
    </p>
   </div>
   <div class='ocr_carea' id='block_1_7' title="bbox 249 1081 1808 1152">
    <p class='ocr_par' dir='ltr' id='par_1_7' title="bbox 249 1081 1808 1152">
     <span class='ocr_line' id='line_1_7' title="bbox 249 1081 1808 1152; baseline 0.001 -17"><span class='ocrx_word' id='word_1_29' title='bbox 249 1085 276 1135; x_wconf 89' lang='lat'><strong>6</strong></span> <span class='ocrx_word' id='word_1_30' title='bbox 317 1082 624 1151; x_wconf 83' lang='grc' dir='ltr'>Κομνηνὸς,</span> <span class='ocrx_word' id='word_1_31' title='bbox 652 1084 679 1134; x_wconf 90' lang='lat'><strong>6</strong></span> <span class='ocrx_word' id='word_1_32' title='bbox 704 1082 795 1135; x_wconf 82' lang='grc' dir='ltr'>τὸν</span> <span class='ocrx_word' id='word_1_33' title='bbox 820 1082 1047 1150; x_wconf 81' lang='grc' dir='ltr'>ἀδελφὸν</span> <span class='ocrx_word' id='word_1_34' title='bbox 1092 1081 1361 1139; x_wconf 79' lang='grc' dir='ltr'>ἰσαὰκιον</span> <span class='ocrx_word' id='word_1_35' title='bbox 1412 1089 1674 1152; x_wconf 79' lang='grc' dir='ltr'>Ἀγγελον</span> <span class='ocrx_word' id='word_1_36' title='bbox 1711 1104 1808 1138; x_wconf 90' lang='grc' dir='ltr'>τυ-</span> 
     </span>
    </p>
   </div>
   <div class='ocr_carea' id='block_1_8' title="bbox 252 1171 1812 1246">
    <p class='ocr_par' dir='ltr' id='par_1_8' title="bbox 252 1171 1812 1246">
     <span class='ocr_line' id='line_1_8' title="bbox 252 1171 1812 1246; baseline 0.003 -21"><span class='ocrx_word' id='word_1_37' title='bbox 252 1175 470 1243; x_wconf 76' lang='grc' dir='ltr'>φλώσας</span> <span class='ocrx_word' id='word_1_38' title='bbox 496 1176 587 1225; x_wconf 73' lang='grc' dir='ltr'>καὶ</span> <span class='ocrx_word' id='word_1_39' title='bbox 634 1174 733 1243; x_wconf 81' lang='grc' dir='ltr'>τὴν</span> <span class='ocrx_word' id='word_1_40' title='bbox 767 1174 1047 1243; x_wconf 87' lang='grc' dir='ltr'>βασιλείαν</span> <span class='ocrx_word' id='word_1_41' title='bbox 1097 1177 1299 1243; x_wconf 86' lang='grc' dir='ltr'>λαϐὼν,</span> <span class='ocrx_word' id='word_1_42' title='bbox 1338 1176 1422 1246; x_wconf 78' lang='grc' dir='ltr'><strong>ἐφ’</strong></span> <span class='ocrx_word' id='word_1_43' title='bbox 1474 1171 1532 1230; x_wconf 71' lang='grc' dir='ltr'>οὗ</span> <span class='ocrx_word' id='word_1_44' title='bbox 1587 1180 1678 1230; x_wconf 72' lang='grc' dir='ltr'>καὶ</span> <span class='ocrx_word' id='word_1_45' title='bbox 1721 1194 1812 1230; x_wconf 86' lang='grc' dir='ltr'>το-</span> 
     </span>
    </p>
   </div>
   <div class='ocr_carea' id='block_1_9' title="bbox 250 1263 1813 1338">
    <p class='ocr_par' dir='ltr' id='par_1_9' title="bbox 250 1263 1813 1338">
     <span class='ocr_line' id='line_1_9' title="bbox 250 1263 1813 1338; baseline 0.003 -22"><span class='ocrx_word' id='word_1_46' title='bbox 250 1264 423 1317; x_wconf 80' lang='grc' dir='ltr'>σαῦτα</span> <span class='ocrx_word' id='word_1_47' title='bbox 457 1266 550 1315; x_wconf 68' lang='grc' dir='ltr'><strong>καὶ</strong></span> <span class='ocrx_word' id='word_1_48' title='bbox 575 1263 802 1317; x_wconf 69' lang='grc' dir='ltr'>τοιάὖτα</span> <span class='ocrx_word' id='word_1_49' title='bbox 836 1265 982 1317; x_wconf 78' lang='grc' dir='ltr'>κακὰ</span> <span class='ocrx_word' id='word_1_50' title='bbox 1031 1268 1097 1335; x_wconf 82' lang='grc' dir='ltr'><strong>τῇ</strong></span> <span class='ocrx_word' id='word_1_51' title='bbox 1142 1266 1404 1335; x_wconf 81' lang='grc' dir='ltr'>Ῥωμαῖδι</span> <span class='ocrx_word' id='word_1_52' title='bbox 1462 1269 1604 1338; x_wconf 79' lang='grc' dir='ltr'>ἀρχῇ</span> <span class='ocrx_word' id='word_1_53' title='bbox 1660 1267 1813 1338; x_wconf 80' lang='grc' dir='ltr'>παρὰ</span> 
     </span>
    </p>
   </div>
   <div class='ocr_carea' id='block_1_10' title="bbox 250 1355 1813 1429">
    <p class='ocr_par' dir='ltr' id='par_1_10' title="bbox 250 1355 1813 1429">
     <span class='ocr_line' id='line_1_10' title="bbox 250 1355 1813 1429; baseline 0.003 -22"><span class='ocrx_word' id='word_1_54' title='bbox 250 1356 357 1408; x_wconf 83' lang='grc' dir='ltr'><strong>τῶν</strong></span> <span class='ocrx_word' id='word_1_55' title='bbox 397 1356 620 1409; x_wconf 83' lang='grc' dir='ltr'><strong>Ἰταλῶν</strong></span> <span class='ocrx_word' id='word_1_56' title='bbox 649 1356 813 1425; x_wconf 74' lang='grc' dir='ltr'>ἐφύη,</span> <span class='ocrx_word' id='word_1_57' title='bbox 855 1357 1027 1428; x_wconf 78' lang='grc' dir='ltr'>ᾶρῤεν</span> <span class='ocrx_word' id='word_1_58' title='bbox 1058 1359 1154 1427; x_wconf 85' lang='grc' dir='ltr'>μὲν</span> <span class='ocrx_word' id='word_1_59' title='bbox 1185 1360 1283 1412; x_wconf 76' lang='grc' dir='ltr'><strong>οὐκ</strong></span> <span class='ocrx_word' id='word_1_60' title='bbox 1335 1355 1472 1427; x_wconf 74' lang='grc' dir='ltr'>εἶχε,</span> <span class='ocrx_word' id='word_1_61' title='bbox 1508 1360 1813 1429; x_wconf 79' lang='grc' dir='ltr'><strong>θυγατέρας</strong></span> 
     </span>
    </p>
   </div>
   <div class='ocr_carea' id='block_1_11' title="bbox 250 1446 1814 1519">
    <p class='ocr_par' dir='ltr' id='par_1_11' title="bbox 250 1446 1814 1519">
     <span class='ocr_line' id='line_1_11' title="bbox 250 1446 1814 1519; baseline 0.003 -22"><span class='ocrx_word' id='word_1_62' title='bbox 250 1446 304 1497; x_wconf 87' lang='grc' dir='ltr'>δὲ</span> <span class='ocrx_word' id='word_1_63' title='bbox 335 1447 428 1498; x_wconf 81' lang='grc' dir='ltr'>δύο</span> <span class='ocrx_word' id='word_1_64' title='bbox 452 1464 464 1477; x_wconf 92' lang='grc'><strong>·</strong></span> <span class='ocrx_word' id='word_1_65' title='bbox 495 1447 591 1498; x_wconf 73' lang='grc' dir='ltr'>καὶ</span> <span class='ocrx_word' id='word_1_66' title='bbox 621 1448 721 1515; x_wconf 86' lang='grc' dir='ltr'>τὴν</span> <span class='ocrx_word' id='word_1_67' title='bbox 760 1446 860 1515; x_wconf 77' lang='grc' dir='ltr'>μὲν</span> <span class='ocrx_word' id='word_1_68' title='bbox 892 1450 1218 1517; x_wconf 81' lang='grc' dir='ltr'>πρωτογενῆ</span> <span class='ocrx_word' id='word_1_69' title='bbox 1278 1450 1518 1519; x_wconf 79' lang='grc' dir='ltr'>Εἰρήνην</span> <span class='ocrx_word' id='word_1_70' title='bbox 1575 1449 1814 1519; x_wconf 76' lang='grc' dir='ltr'>τοῦνομα</span> 
     </span>
    </p>
   </div>
   <div class='ocr_carea' id='block_1_12' title="bbox 252 1534 1814 1607">
    <p class='ocr_par' dir='ltr' id='par_1_12' title="bbox 252 1534 1814 1607">
     <span class='ocr_line' id='line_1_12' title="bbox 252 1534 1814 1607; baseline 0.003 -19"><span class='ocrx_word' id='word_1_71' title='bbox 252 1534 504 1606; x_wconf 75' lang='grc' dir='ltr'>ὲρυθροῖς</span> <span class='ocrx_word' id='word_1_72' title='bbox 533 1537 769 1599; x_wconf 80' lang='grc' dir='ltr'>πεδίλοις</span> <span class='ocrx_word' id='word_1_73' title='bbox 800 1537 1159 1592; x_wconf 82' lang='grc' dir='ltr'>ὑποδεδέσθαι</span> <span class='ocrx_word' id='word_1_74' title='bbox 1185 1539 1392 1603; x_wconf 74' lang='grc' dir='ltr'>ἔταξεν,</span> <span class='ocrx_word' id='word_1_75' title='bbox 1445 1540 1534 1593; x_wconf 84' lang='grc' dir='ltr'>ἵνα</span> <span class='ocrx_word' id='word_1_76' title='bbox 1567 1541 1709 1607; x_wconf 82' lang='grc' dir='ltr'>αὐτή</span> <span class='ocrx_word' id='word_1_77' title='bbox 1755 1556 1814 1592; x_wconf 89' lang='grc' dir='ltr'><strong>τε</strong></span> 
     </span>
    </p>
   </div>
   <div class='ocr_carea' id='block_1_13' title="bbox 254 1626 1815 1700">
    <p class='ocr_par' dir='ltr' id='par_1_13' title="bbox 254 1626 1815 1700">
     <span class='ocr_line' id='line_1_13' title="bbox 254 1626 1815 1700; baseline 0.001 -21"><span class='ocrx_word' id='word_1_78' title='bbox 254 1629 351 1679; x_wconf 76' lang='grc' dir='ltr'>καὶ</span> <span class='ocrx_word' id='word_1_79' title='bbox 378 1629 404 1678; x_wconf 87' lang='lat'><strong>6</strong></span> <span class='ocrx_word' id='word_1_80' title='bbox 434 1626 605 1700; x_wconf 74' lang='grc' dir='ltr'>ταύτῃ</span> <span class='ocrx_word' id='word_1_81' title='bbox 641 1630 1187 1698; x_wconf 83' lang='grc' dir='ltr'>μνηστευθησὸμενος</span> <span class='ocrx_word' id='word_1_82' title='bbox 1218 1630 1455 1699; x_wconf 85' lang='grc' dir='ltr'><strong>διάδοχοι</strong></span> <span class='ocrx_word' id='word_1_83' title='bbox 1486 1632 1579 1683; x_wconf 81' lang='grc' dir='ltr'>καὶ</span> <span class='ocrx_word' id='word_1_84' title='bbox 1613 1631 1815 1699; x_wconf 74' lang='grc' dir='ltr'>κληροο</span> 
     </span>
    </p>
   </div>
   <div class='ocr_carea' id='block_1_14' title="bbox 253 1713 1814 1787">
    <p class='ocr_par' dir='ltr' id='par_1_14' title="bbox 253 1713 1814 1787">
     <span class='ocr_line' id='line_1_14' title="bbox 253 1713 1814 1787; baseline 0.003 -20"><span class='ocrx_word' id='word_1_85' title='bbox 253 1718 410 1784; x_wconf 73' lang='grc' dir='ltr'>νόμοι</span> <span class='ocrx_word' id='word_1_86' title='bbox 442 1718 537 1785; x_wconf 84' lang='grc' dir='ltr'>τῆς</span> <span class='ocrx_word' id='word_1_87' title='bbox 568 1718 851 1786; x_wconf 82' lang='grc' dir='ltr'><strong>βασιλείας</strong></span> <span class='ocrx_word' id='word_1_88' title='bbox 875 1713 975 1771; x_wconf 79' lang='grc' dir='ltr'>ὦσι</span> <span class='ocrx_word' id='word_1_89' title='bbox 1007 1722 1148 1787; x_wconf 72' lang='grc' dir='ltr'>μετὰ</span> <span class='ocrx_word' id='word_1_90' title='bbox 1179 1722 1238 1773; x_wconf 86' lang='grc' dir='ltr'>τὸ</span> <span class='ocrx_word' id='word_1_91' title='bbox 1294 1721 1551 1775; x_wconf 78' lang='grc' dir='ltr'>τεθνάναι</span> <span class='ocrx_word' id='word_1_92' title='bbox 1614 1722 1775 1775; x_wconf 76' lang='grc' dir='ltr'>αὐτόν</span> <span class='ocrx_word' id='word_1_93' title='bbox 1798 1737 1814 1753; x_wconf 81' lang='grc' dir='ltr'><strong>ο</strong></span> 
     </span>
    </p>
   </div>
   <div class='ocr_carea' id='block_1_15' title="bbox 252 1804 1816 1880">
    <p class='ocr_par' dir='ltr' id='par_1_15' title="bbox 252 1804 1816 1880">
     <span class='ocr_line' id='line_1_15' title="bbox 252 1804 1816 1880; baseline 0.004 -24"><span class='ocrx_word' id='word_1_94' title='bbox 252 1804 376 1858; x_wconf 76' lang='grc' dir='ltr'>’ὅθεν</span> <span class='ocrx_word' id='word_1_95' title='bbox 419 1808 513 1858; x_wconf 79' lang='grc' dir='ltr'>καὶ</span> <span class='ocrx_word' id='word_1_96' title='bbox 536 1809 615 1870; x_wconf 81' lang='grc' dir='ltr'><strong>εἰς</strong></span> <span class='ocrx_word' id='word_1_97' title='bbox 646 1807 800 1877; x_wconf 85' lang='grc' dir='ltr'>λέχος</span> <span class='ocrx_word' id='word_1_98' title='bbox 821 1809 1051 1861; x_wconf 87' lang='grc' dir='ltr'>δέδωκεν</span> <span class='ocrx_word' id='word_1_99' title='bbox 1075 1810 1247 1880; x_wconf 77' lang='grc' dir='ltr'>αὐτὴν</span> <span class='ocrx_word' id='word_1_100' title='bbox 1294 1811 1518 1879; x_wconf 78' lang='grc' dir='ltr'>Ἀλεξίῳ</span> <span class='ocrx_word' id='word_1_101' title='bbox 1579 1811 1658 1875; x_wconf 82' lang='grc' dir='ltr'>τῷ</span> <span class='ocrx_word' id='word_1_102' title='bbox 1704 1812 1816 1862; x_wconf 75' lang='lat' dir='ltr'><strong>I11-</strong></span> 
     </span>
    </p>
   </div>
   <div class='ocr_carea' id='block_1_16' title="bbox 254 1894 1819 1971">
    <p class='ocr_par' dir='ltr' id='par_1_16' title="bbox 254 1894 1819 1971">
     <span class='ocr_line' id='line_1_16' title="bbox 254 1894 1819 1971; baseline 0.004 -25"><span class='ocrx_word' id='word_1_103' title='bbox 254 1894 548 1965; x_wconf 83' lang='grc' dir='ltr'>λαιολόγῳ,</span> <span class='ocrx_word' id='word_1_104' title='bbox 582 1899 677 1949; x_wconf 75' lang='grc' dir='ltr'>καὶ</span> <span class='ocrx_word' id='word_1_105' title='bbox 707 1898 869 1961; x_wconf 76' lang='grc' dir='ltr'>εὐθὺς</span> <span class='ocrx_word' id='word_1_106' title='bbox 895 1901 1060 1951; x_wconf 75' lang='grc' dir='ltr'>αὐτὸν</span> <span class='ocrx_word' id='word_1_107' title='bbox 1088 1900 1358 1969; x_wconf 86' lang='grc' dir='ltr'><strong>δεσπότην</strong></span> <span class='ocrx_word' id='word_1_108' title='bbox 1393 1902 1679 1971; x_wconf 80' lang='grc' dir='ltr'><strong>τετίμηκε.</strong></span> <span class='ocrx_word' id='word_1_109' title='bbox 1708 1899 1819 1954; x_wconf 69' lang='grc' dir='ltr'><strong>καὶ</strong></span> 
     </span>
    </p>
   </div>
   <div class='ocr_carea' id='block_1_17' title="bbox 254 1986 1821 2057">
    <p class='ocr_par' dir='ltr' id='par_1_17' title="bbox 254 1986 1821 2057">
     <span class='ocr_line' id='line_1_17' title="bbox 254 1986 1821 2057; baseline 0.003 -19"><span class='ocrx_word' id='word_1_110' title='bbox 254 1987 304 2038; x_wconf 82' lang='grc' dir='ltr'><strong>εί</strong></span> <span class='ocrx_word' id='word_1_111' title='bbox 336 1986 410 2057; x_wconf 80' lang='grc' dir='ltr'>μὴ</span> <span class='ocrx_word' id='word_1_112' title='bbox 435 1990 498 2040; x_wconf 81' lang='grc' dir='ltr'>ὲκ</span> <span class='ocrx_word' id='word_1_113' title='bbox 526 1989 622 2041; x_wconf 83' lang='grc' dir='ltr'>τοῦ</span> <span class='ocrx_word' id='word_1_114' title='bbox 663 1988 779 2057; x_wconf 84' lang='grc' dir='ltr'>βίου</span> <span class='ocrx_word' id='word_1_115' title='bbox 813 1989 1008 2042; x_wconf 84' lang='grc' dir='ltr'>τούτου</span> <span class='ocrx_word' id='word_1_116' title='bbox 1038 1991 1276 2057; x_wconf 79' lang='grc' dir='ltr'>ἐγένετο,</span> <span class='ocrx_word' id='word_1_117' title='bbox 1323 1991 1485 2053; x_wconf 78' lang='grc' dir='ltr'>αὐτὸς</span> <span class='ocrx_word' id='word_1_118' title='bbox 1539 1992 1605 2044; x_wconf 84' lang='grc' dir='ltr'>ἂν</span> <span class='ocrx_word' id='word_1_119' title='bbox 1633 1991 1821 2043; x_wconf 73' lang='grc' dir='ltr'>ἐϐασί-</span> 
     </span>
    </p>
   </div>
   <div class='ocr_carea' id='block_1_18' title="bbox 253 2074 1820 2147">
    <p class='ocr_par' dir='ltr' id='par_1_18' title="bbox 253 2074 1820 2147">
     <span class='ocr_line' id='line_1_18' title="bbox 253 2074 1820 2147; baseline 0.006 -20"><span class='ocrx_word' id='word_1_120' title='bbox 253 2074 412 2128; x_wconf 86' lang='grc' dir='ltr'>λευσε</span> <span class='ocrx_word' id='word_1_121' title='bbox 446 2078 585 2143; x_wconf 81' lang='grc' dir='ltr'>μετὰ</span> <span class='ocrx_word' id='word_1_122' title='bbox 614 2078 705 2131; x_wconf 80' lang='grc' dir='ltr'>τὸν</span> <span class='ocrx_word' id='word_1_123' title='bbox 744 2079 1011 2147; x_wconf 82' lang='grc' dir='ltr'>πενθερὸν</span> <span class='ocrx_word' id='word_1_124' title='bbox 1040 2080 1230 2134; x_wconf 84' lang='grc' dir='ltr'>αὑτοῦ.</span> <span class='ocrx_word' id='word_1_125' title='bbox 1278 2082 1427 2135; x_wconf 73' lang='grc' dir='ltr'>Ἐπεὶ</span> <span class='ocrx_word' id='word_1_126' title='bbox 1483 2082 1540 2134; x_wconf 79' lang='grc' dir='ltr'>δὲ</span> <span class='ocrx_word' id='word_1_127' title='bbox 1572 2083 1748 2137; x_wconf 88' lang='grc' dir='ltr'>θανὼν</span> <span class='ocrx_word' id='word_1_128' title='bbox 1792 2086 1820 2137; x_wconf 91' lang='lat'><strong>6</strong></span> 
     </span>
    </p>
   </div>
   <div class='ocr_carea' id='block_1_19' title="bbox 257 2166 1818 2243">
    <p class='ocr_par' dir='ltr' id='par_1_19' title="bbox 257 2166 1818 2243">
     <span class='ocr_line' id='line_1_19' title="bbox 257 2166 1818 2243; baseline 0.007 -26"><span class='ocrx_word' id='word_1_129' title='bbox 257 2166 621 2233; x_wconf 80' lang='grc' dir='ltr'>Παλαιολόγος</span> <span class='ocrx_word' id='word_1_130' title='bbox 670 2168 908 2234; x_wconf 80' lang='grc' dir='ltr'>’Δλέξιος</span> <span class='ocrx_word' id='word_1_131' title='bbox 933 2173 1214 2242; x_wconf 77' lang='grc' dir='ltr'>θυγατέρα</span> <span class='ocrx_word' id='word_1_132' title='bbox 1275 2175 1447 2243; x_wconf 89' lang='grc' dir='ltr'>μόνην</span> <span class='ocrx_word' id='word_1_133' title='bbox 1498 2176 1818 2241; x_wconf 77' lang='grc' dir='ltr'>κατέλιπεν,</span> 
     </span>
    </p>
   </div>
   <div class='ocr_carea' id='block_1_20' title="bbox 1911 1075 3471 1150">
    <p class='ocr_par' dir='ltr' id='par_1_20' title="bbox 1911 1075 3471 1150">
     <span class='ocr_line' id='line_1_20' title="bbox 1911 1075 3471 1150; baseline -0.006 -14"><span class='ocrx_word' id='word_1_134' title='bbox 1911 1100 2001 1145; x_wconf 85' lang='grc' dir='ltr'><strong>τος</strong></span> <span class='ocrx_word' id='word_1_135' title='bbox 2030 1084 2142 1145; x_wconf 80' lang='grc' dir='ltr'>υἱὸς</span> <span class='ocrx_word' id='word_1_136' title='bbox 2173 1084 2248 1135; x_wconf 82' lang='grc' dir='ltr'>ὢν</span> <span class='ocrx_word' id='word_1_137' title='bbox 2280 1081 2358 1150; x_wconf 87' lang='grc' dir='ltr'>τῷ</span> <span class='ocrx_word' id='word_1_138' title='bbox 2403 1079 2727 1146; x_wconf 79' lang='grc' dir='ltr'>Ἀνδρονίκῳ</span> <span class='ocrx_word' id='word_1_139' title='bbox 2753 1076 2897 1129; x_wconf 84' lang='grc' dir='ltr'>κατὰ</span> <span class='ocrx_word' id='word_1_140' title='bbox 2925 1078 3204 1145; x_wconf 82' lang='grc' dir='ltr'>γέννησιν,</span> <span class='ocrx_word' id='word_1_141' title='bbox 3268 1075 3471 1144; x_wconf 78' lang='grc' dir='ltr'>μεταξὺ</span> 
     </span>
    </p>
   </div>
   <div class='ocr_carea' id='block_1_21' title="bbox 1911 1161 3473 1236">
    <p class='ocr_par' dir='ltr' id='par_1_21' title="bbox 1911 1161 3473 1236">
     <span class='ocr_line' id='line_1_21' title="bbox 1911 1161 3473 1236; baseline -0.005 -9"><span class='ocrx_word' id='word_1_142' title='bbox 1911 1177 2021 1227; x_wconf 84' lang='grc' dir='ltr'><strong>τῶν</strong></span> <span class='ocrx_word' id='word_1_143' title='bbox 2052 1177 2107 1227; x_wconf 80' lang='grc' dir='ltr'>ὲν</span> <span class='ocrx_word' id='word_1_144' title='bbox 2135 1175 2280 1226; x_wconf 89' lang='grc' dir='ltr'>τέλει</span> <span class='ocrx_word' id='word_1_145' title='bbox 2306 1176 2414 1225; x_wconf 78' lang='grc' dir='ltr'>τῶν</span> <span class='ocrx_word' id='word_1_146' title='bbox 2471 1172 2645 1224; x_wconf 77' lang='grc' dir='ltr'>ἄλλων</span> <span class='ocrx_word' id='word_1_147' title='bbox 2674 1170 2930 1222; x_wconf 75' lang='grc' dir='ltr'>ἐπέκεινα</span> <span class='ocrx_word' id='word_1_148' title='bbox 2998 1161 3077 1229; x_wconf 75' lang='grc' dir='ltr'>εἷς</span> <span class='ocrx_word' id='word_1_149' title='bbox 3130 1167 3219 1236; x_wconf 85' lang='grc' dir='ltr'>ἦν,</span> <span class='ocrx_word' id='word_1_150' title='bbox 3270 1167 3473 1235; x_wconf 81' lang='grc' dir='ltr'>πολλὴν</span> 
     </span>
    </p>
   </div>
   <div class='ocr_carea' id='block_1_22' title="bbox 1913 1258 3477 1334">
    <p class='ocr_par' dir='ltr' id='par_1_22' title="bbox 1913 1258 3477 1334">
     <span class='ocr_line' id='line_1_22' title="bbox 1913 1258 3477 1334; baseline -0.007 -17"><span class='ocrx_word' id='word_1_151' title='bbox 1913 1266 2054 1334; x_wconf 74' lang='grc' dir='ltr'>ἔχων</span> <span class='ocrx_word' id='word_1_152' title='bbox 2084 1264 2181 1316; x_wconf 84' lang='grc' dir='ltr'>τοῦ</span> <span class='ocrx_word' id='word_1_153' title='bbox 2210 1263 2508 1332; x_wconf 79' lang='grc' dir='ltr'>προσώπου</span> <span class='ocrx_word' id='word_1_154' title='bbox 2541 1263 2642 1328; x_wconf 79' lang='grc' dir='ltr'><strong>τὴν</strong></span> <span class='ocrx_word' id='word_1_155' title='bbox 2681 1260 3003 1329; x_wconf 77' lang='grc' dir='ltr'>ἱλαρότητα,</span> <span class='ocrx_word' id='word_1_156' title='bbox 3028 1262 3094 1328; x_wconf 82' lang='grc' dir='ltr'>τῇ</span> <span class='ocrx_word' id='word_1_157' title='bbox 3129 1258 3318 1328; x_wconf 79' lang='grc' dir='ltr'>ὁμιλίᾳ</span> <span class='ocrx_word' id='word_1_158' title='bbox 3342 1274 3477 1327; x_wconf 85' lang='grc' dir='ltr'>χρη-</span> 
     </span>
    </p>
   </div>
   <div class='ocr_carea' id='block_1_23' title="bbox 1915 1347 3477 1422">
    <p class='ocr_par' dir='ltr' id='par_1_23' title="bbox 1915 1347 3477 1422">
     <span class='ocr_line' id='line_1_23' title="bbox 1915 1347 3477 1422; baseline -0.006 -15"><span class='ocrx_word' id='word_1_159' title='bbox 1915 1356 2059 1419; x_wconf 82' lang='grc' dir='ltr'>στὸς,</span> <span class='ocrx_word' id='word_1_160' title='bbox 2094 1356 2306 1415; x_wconf 86' lang='grc' dir='ltr'>ἀστεῖος</span> <span class='ocrx_word' id='word_1_161' title='bbox 2357 1352 2419 1404; x_wconf 84' lang='grc' dir='ltr'>τὸ</span> <span class='ocrx_word' id='word_1_162' title='bbox 2470 1348 2626 1422; x_wconf 78' lang='grc' dir='ltr'>ἦθος,</span> <span class='ocrx_word' id='word_1_163' title='bbox 2661 1350 2797 1419; x_wconf 81' lang='grc' dir='ltr'>πρὸς</span> <span class='ocrx_word' id='word_1_164' title='bbox 2854 1353 2967 1412; x_wconf 83' lang='grc' dir='ltr'>τοῖς</span> <span class='ocrx_word' id='word_1_165' title='bbox 3017 1351 3196 1410; x_wconf 82' lang='grc' dir='ltr'>ἄλλοις</span> <span class='ocrx_word' id='word_1_166' title='bbox 3242 1350 3335 1400; x_wconf 73' lang='grc' dir='ltr'>καὶ</span> <span class='ocrx_word' id='word_1_167' title='bbox 3378 1347 3477 1413; x_wconf 83' lang='grc' dir='ltr'>τὴν</span> 
     </span>
    </p>
   </div>
   <div class='ocr_carea' id='block_1_24' title="bbox 1915 1439 3480 1516">
    <p class='ocr_par' dir='ltr' id='par_1_24' title="bbox 1915 1439 3480 1516">
     <span class='ocr_line' id='line_1_24' title="bbox 1915 1439 3480 1516; baseline -0.005 -19"><span class='ocrx_word' id='word_1_168' title='bbox 1915 1448 2074 1516; x_wconf 87' lang='grc' dir='ltr'>χεῖρα</span> <span class='ocrx_word' id='word_1_169' title='bbox 2100 1445 2237 1513; x_wconf 71' lang='grc' dir='ltr'>ἔχων</span> <span class='ocrx_word' id='word_1_170' title='bbox 2273 1444 2577 1511; x_wconf 84' lang='grc' dir='ltr'>φιλότιμον.</span> <span class='ocrx_word' id='word_1_171' title='bbox 2605 1444 2715 1493; x_wconf 76' lang='grc' dir='ltr'><strong>Καὶ</strong></span> <span class='ocrx_word' id='word_1_172' title='bbox 2762 1440 2852 1492; x_wconf 85' lang='grc' dir='ltr'><strong>διὰ</strong></span> <span class='ocrx_word' id='word_1_173' title='bbox 2875 1442 3079 1503; x_wconf 81' lang='grc' dir='ltr'>ταύτας</span> <span class='ocrx_word' id='word_1_174' title='bbox 3107 1439 3201 1492; x_wconf 78' lang='grc' dir='ltr'>οὖν</span> <span class='ocrx_word' id='word_1_175' title='bbox 3230 1439 3328 1501; x_wconf 83' lang='grc' dir='ltr'>τὰς</span> <span class='ocrx_word' id='word_1_176' title='bbox 3350 1442 3480 1507; x_wconf 69' lang='lat' dir='ltr'><strong>dips-</strong></span> 
     </span>
    </p>
   </div>
   <div class='ocr_carea' id='block_1_25' title="bbox 1915 1529 3479 1602">
    <p class='ocr_par' dir='ltr' id='par_1_25' title="bbox 1915 1529 3479 1602">
     <span class='ocr_line' id='line_1_25' title="bbox 1915 1529 3479 1602; baseline -0.006 -12"><span class='ocrx_word' id='word_1_177' title='bbox 1915 1538 2012 1598; x_wconf 83' lang='grc' dir='ltr'>τὰς</span> <span class='ocrx_word' id='word_1_178' title='bbox 2049 1534 2214 1588; x_wconf 81' lang='grc' dir='ltr'>αὐτοῦ</span> <span class='ocrx_word' id='word_1_179' title='bbox 2244 1536 2340 1587; x_wconf 71' lang='grc' dir='ltr'>καὶ</span> <span class='ocrx_word' id='word_1_180' title='bbox 2375 1536 2611 1602; x_wconf 83' lang='grc' dir='ltr'>χάριτας</span> <span class='ocrx_word' id='word_1_181' title='bbox 2635 1532 2822 1585; x_wconf 81' lang='grc' dir='ltr'>πολλοὶ</span> <span class='ocrx_word' id='word_1_182' title='bbox 2862 1532 3025 1583; x_wconf 85' lang='grc' dir='ltr'>αὐτὸν</span> <span class='ocrx_word' id='word_1_183' title='bbox 3084 1531 3331 1600; x_wconf 76' lang='grc' dir='ltr'>ἡγάπουν</span> <span class='ocrx_word' id='word_1_184' title='bbox 3381 1529 3479 1581; x_wconf 79' lang='grc' dir='ltr'>καὶ</span> 
     </span>
    </p>
   </div>
   <div class='ocr_carea' id='block_1_26' title="bbox 1916 1618 3483 1699">
    <p class='ocr_par' dir='ltr' id='par_1_26' title="bbox 1916 1618 3483 1699">
     <span class='ocr_line' id='line_1_26' title="bbox 1916 1618 3483 1699; baseline -0.008 -19"><span class='ocrx_word' id='word_1_185' title='bbox 1916 1628 2131 1699; x_wconf 74' lang='grc' dir='ltr'>ἦθελον,</span> <span class='ocrx_word' id='word_1_186' title='bbox 2164 1629 2256 1679; x_wconf 74' lang='grc' dir='ltr'>καὶ</span> <span class='ocrx_word' id='word_1_187' title='bbox 2307 1626 2365 1677; x_wconf 71' lang='grc' dir='ltr'>ιν</span> <span class='ocrx_word' id='word_1_188' title='bbox 2399 1623 2623 1694; x_wconf 77' lang='grc' dir='ltr'>εὐκολίᾳ</span> <span class='ocrx_word' id='word_1_189' title='bbox 2656 1623 2868 1684; x_wconf 82' lang='grc' dir='ltr'>πάντας</span> <span class='ocrx_word' id='word_1_190' title='bbox 2900 1620 3107 1683; x_wconf 81' lang='grc' dir='ltr'>εἴλκιζε</span> <span class='ocrx_word' id='word_1_191' title='bbox 3143 1618 3483 1689; x_wconf 81' lang='grc' dir='ltr'>στρατηγοὺς</span> 
     </span>
    </p>
   </div>
   <div class='ocr_carea' id='block_1_27' title="bbox 1916 1710 3482 1785">
    <p class='ocr_par' dir='ltr' id='par_1_27' title="bbox 1916 1710 3482 1785">
     <span class='ocr_line' id='line_1_27' title="bbox 1916 1710 3482 1785; baseline -0.005 -14"><span class='ocrx_word' id='word_1_192' title='bbox 1916 1718 2215 1785; x_wconf 76' lang='grc' dir='ltr'>ταξιάρχας</span> <span class='ocrx_word' id='word_1_193' title='bbox 2244 1717 2484 1785; x_wconf 80' lang='grc' dir='ltr'><strong>δημότας</strong></span> <span class='ocrx_word' id='word_1_194' title='bbox 2514 1716 2606 1767; x_wconf 75' lang='grc' dir='ltr'><strong>καὶ</strong></span> <span class='ocrx_word' id='word_1_195' title='bbox 2649 1716 2744 1783; x_wconf 74' lang='grc' dir='ltr'>τῆς</span> <span class='ocrx_word' id='word_1_196' title='bbox 2777 1712 3087 1781; x_wconf 84' lang='grc' dir='ltr'>συγκλήτου</span> <span class='ocrx_word' id='word_1_197' title='bbox 3113 1710 3482 1771; x_wconf 77' lang='grc' dir='ltr'>πολλούς.Διὰ</span> 
     </span>
    </p>
   </div>
   <div class='ocr_carea' id='block_1_28' title="bbox 1917 1799 3476 1874">
    <p class='ocr_par' dir='ltr' id='par_1_28' title="bbox 1917 1799 3476 1874">
     <span class='ocr_line' id='line_1_28' title="bbox 1917 1799 3476 1874; baseline -0.007 -13"><span class='ocrx_word' id='word_1_198' title='bbox 1917 1808 2079 1861; x_wconf 83' lang='grc' dir='ltr'>τοῦτο</span> <span class='ocrx_word' id='word_1_199' title='bbox 2107 1806 2239 1874; x_wconf 83' lang='grc' dir='ltr'>γοῦν</span> <span class='ocrx_word' id='word_1_200' title='bbox 2267 1806 2513 1859; x_wconf 85' lang='grc' dir='ltr'>διαϐολαί</span> <span class='ocrx_word' id='word_1_201' title='bbox 2560 1821 2707 1870; x_wconf 86' lang='grc' dir='ltr'>τινες</span> <span class='ocrx_word' id='word_1_202' title='bbox 2748 1804 3064 1871; x_wconf 79' lang='grc' dir='ltr'>ἀνεφύησαν</span> <span class='ocrx_word' id='word_1_203' title='bbox 3116 1802 3235 1854; x_wconf 89' lang='grc' dir='ltr'>κατ’</span> <span class='ocrx_word' id='word_1_204' title='bbox 3288 1799 3476 1863; x_wconf 80' lang='grc' dir='ltr'>αὑτοῦ,</span> 
     </span>
    </p>
   </div>
   <div class='ocr_carea' id='block_1_29' title="bbox 1917 1890 3483 1967">
    <p class='ocr_par' dir='ltr' id='par_1_29' title="bbox 1917 1890 3483 1967">
     <span class='ocr_line' id='line_1_29' title="bbox 1917 1890 3483 1967; baseline -0.008 -15"><span class='ocrx_word' id='word_1_205' title='bbox 1917 1901 2000 1953; x_wconf 83' lang='grc' dir='ltr'>ὅτι</span> <span class='ocrx_word' id='word_1_206' title='bbox 2030 1897 2313 1967; x_wconf 73' lang='grc' dir='ltr'>βασιλείας</span> <span class='ocrx_word' id='word_1_207' title='bbox 2362 1897 2637 1966; x_wconf 81' lang='grc' dir='ltr'>ὀρέγεται·</span> <span class='ocrx_word' id='word_1_208' title='bbox 2698 1890 2766 1963; x_wconf 79' lang='grc' dir='ltr'>ἦν</span> <span class='ocrx_word' id='word_1_209' title='bbox 2818 1895 2927 1965; x_wconf 84' lang='grc' dir='ltr'>γὰρ</span> <span class='ocrx_word' id='word_1_210' title='bbox 2954 1895 3079 1947; x_wconf 84' lang='grc' dir='ltr'>τότε</span> <span class='ocrx_word' id='word_1_211' title='bbox 3111 1895 3139 1947; x_wconf 91' lang='lat'><strong>6</strong></span> <span class='ocrx_word' id='word_1_212' title='bbox 3182 1891 3483 1960; x_wconf 80' lang='grc' dir='ltr'>βασιλεύων</span> 
     </span>
    </p>
   </div>
   <div class='ocr_carea' id='block_1_30' title="bbox 1929 1967 3486 2059">
    <p class='ocr_par' dir='ltr' id='par_1_30' title="bbox 1929 1967 3486 2059">
     <span class='ocr_line' id='line_1_30' title="bbox 1929 1967 3486 2059; baseline -0.006 -17"><span class='ocrx_word' id='word_1_213' title='bbox 1929 1989 2222 2059; x_wconf 84' lang='grc' dir='ltr'>Ῥωμαίων</span> <span class='ocrx_word' id='word_1_214' title='bbox 2248 1986 2529 2055; x_wconf 87' lang='grc' dir='ltr'>Θεόδωρος</span> <span class='ocrx_word' id='word_1_215' title='bbox 2575 1967 2858 2055; x_wconf 79' lang='grc' dir='ltr'>Λάσκαρις</span> <span class='ocrx_word' id='word_1_216' title='bbox 2890 1986 2918 2037; x_wconf 88' lang='lat'><strong>6</strong></span> <span class='ocrx_word' id='word_1_217' title='bbox 2947 1985 3084 2047; x_wconf 88' lang='grc' dir='ltr'>νέος.</span> <span class='ocrx_word' id='word_1_218' title='bbox 3151 1983 3262 2036; x_wconf 81' lang='grc' dir='ltr'><strong>Καὶ</strong></span> <span class='ocrx_word' id='word_1_219' title='bbox 3306 1980 3486 2034; x_wconf 82' lang='grc' dir='ltr'>ταῦτα</span> 
     </span>
    </p>
   </div>
   <div class='ocr_carea' id='block_1_31' title="bbox 1918 2072 3485 2149">
    <p class='ocr_par' dir='ltr' id='par_1_31' title="bbox 1918 2072 3485 2149">
     <span class='ocr_line' id='line_1_31' title="bbox 1918 2072 3485 2149; baseline -0.005 -18"><span class='ocrx_word' id='word_1_220' title='bbox 1918 2078 2305 2149; x_wconf 78' lang='grc' dir='ltr'>ψιθυρίζοντες</span> <span class='ocrx_word' id='word_1_221' title='bbox 2333 2072 2478 2146; x_wconf 78' lang='grc' dir='ltr'>ἦσάν</span> <span class='ocrx_word' id='word_1_222' title='bbox 2511 2092 2656 2137; x_wconf 86' lang='grc' dir='ltr'>τινες</span> <span class='ocrx_word' id='word_1_223' title='bbox 2712 2075 2821 2127; x_wconf 83' lang='grc' dir='ltr'>τῶν</span> <span class='ocrx_word' id='word_1_224' title='bbox 2884 2075 3056 2144; x_wconf 80' lang='grc' dir='ltr'>φίλων</span> <span class='ocrx_word' id='word_1_225' title='bbox 3117 2072 3302 2136; x_wconf 80' lang='grc' dir='ltr'>αὑτοῦ,</span> <span class='ocrx_word' id='word_1_226' title='bbox 3341 2072 3485 2139; x_wconf 84' lang='grc' dir='ltr'>λέγω</span> 
     </span>
    </p>
   </div>
   <div class='ocr_carea' id='block_1_32' title="bbox 1920 2163 3491 2239">
    <p class='ocr_par' dir='ltr' id='par_1_32' title="bbox 1920 2163 3491 2239">
     <span class='ocr_line' id='line_1_32' title="bbox 1920 2163 3491 2239; baseline -0.006 -16"><span class='ocrx_word' id='word_1_227' title='bbox 1920 2169 2143 2239; x_wconf 77' lang='grc' dir='ltr'>Μιχαὴλ</span> <span class='ocrx_word' id='word_1_228' title='bbox 2173 2168 2267 2220; x_wconf 86' lang='grc' dir='ltr'>τοῦ</span> <span class='ocrx_word' id='word_1_229' title='bbox 2299 2166 2614 2237; x_wconf 79' lang='grc' dir='ltr'>Κομνηνοῦ.</span> <span class='ocrx_word' id='word_1_230' title='bbox 2676 2166 2843 2218; x_wconf 84' lang='grc' dir='ltr'>Ὅθεν</span> <span class='ocrx_word' id='word_1_231' title='bbox 2890 2166 3278 2235; x_wconf 84' lang='grc' dir='ltr'>προστάγματι</span> <span class='ocrx_word' id='word_1_232' title='bbox 3334 2163 3491 2231; x_wconf 87' lang='grc' dir='ltr'>βασι-</span> 
     </span>
    </p>
   </div>
   <div class='ocr_carea' id='block_1_33' title="bbox 257 2251 3493 2337">
    <p class='ocr_par' dir='ltr' id='par_1_33' title="bbox 257 2251 3493 2337">
     <span class='ocr_line' id='line_1_33' title="bbox 257 2251 3493 2337; baseline -0.002 -28"><span class='ocrx_word' id='word_1_233' title='bbox 257 2255 411 2309; x_wconf 79' lang='grc' dir='ltr'>ἐλθὸν</span> <span class='ocrx_word' id='word_1_234' title='bbox 445 2257 501 2309; x_wconf 81' lang='grc' dir='ltr'>δὲ</span> <span class='ocrx_word' id='word_1_235' title='bbox 531 2258 611 2319; x_wconf 90' lang='grc' dir='ltr'><strong>είς</strong></span> <span class='ocrx_word' id='word_1_236' title='bbox 638 2260 803 2327; x_wconf 87' lang='grc' dir='ltr'>νόμον</span> <span class='ocrx_word' id='word_1_237' title='bbox 836 2260 1055 2328; x_wconf 78' lang='grc' dir='ltr'>ἡλικίας</span> <span class='ocrx_word' id='word_1_238' title='bbox 1108 2264 1170 2315; x_wconf 78' lang='grc' dir='ltr'>τὸ</span> <span class='ocrx_word' id='word_1_239' title='bbox 1216 2268 1470 2333; x_wconf 85' lang='grc' dir='ltr'>κοράσιον</span> <span class='ocrx_word' id='word_1_240' title='bbox 1536 2267 1751 2337; x_wconf 74' lang='grc' dir='ltr'>Εἰρήνη</span> <span class='ocrx_word' id='word_1_241' title='bbox 1783 2268 1816 2336; x_wconf 75' lang='grc' dir='ltr'><strong>ὴ</strong></span> <span class='ocrx_word' id='word_1_242' title='bbox 1857 2334 1874 2337; x_wconf 71' lang='lat'><strong><em>_</em></strong></span> <span class='ocrx_word' id='word_1_243' title='bbox 1922 2259 2063 2329; x_wconf 87' lang='grc' dir='ltr'><strong>λικῷ</strong></span> <span class='ocrx_word' id='word_1_244' title='bbox 2088 2258 2314 2327; x_wconf 77' lang='grc' dir='ltr'>ἄγουσιν</span> <span class='ocrx_word' id='word_1_245' title='bbox 2346 2258 2514 2309; x_wconf 73' lang='grc' dir='ltr'>αὐτὸν</span> <span class='ocrx_word' id='word_1_246' title='bbox 2545 2258 2623 2317; x_wconf 83' lang='grc' dir='ltr'><strong>είς</strong></span> <span class='ocrx_word' id='word_1_247' title='bbox 2670 2255 2944 2319; x_wconf 73' lang='grc' dir='ltr'>ἐξέτασιν.</span> <span class='ocrx_word' id='word_1_248' title='bbox 2985 2252 3169 2306; x_wconf 87' lang='grc' dir='ltr'>Ἦσαν</span> <span class='ocrx_word' id='word_1_249' title='bbox 3209 2252 3265 2304; x_wconf 82' lang='grc' dir='ltr'>δὲ</span> <span class='ocrx_word' id='word_1_250' title='bbox 3300 2254 3348 2303; x_wconf 75' lang='lat' dir='ltr'><strong>oi</strong></span> <span class='ocrx_word' id='word_1_251' title='bbox 3376 2251 3493 2315; x_wconf 66' lang='grc' dir='ltr'><strong>ἔξε-</strong></span> 
     </span>
    </p>
   </div>
   <div class='ocr_carea' id='block_1_34' title="bbox 258 2334 3490 2427">
    <p class='ocr_par' dir='ltr' id='par_1_34' title="bbox 258 2334 3490 2427">
     <span class='ocr_line' id='line_1_34' title="bbox 258 2334 3490 2427; baseline -0.003 -25"><span class='ocrx_word' id='word_1_252' title='bbox 258 2346 442 2413; x_wconf 84' lang='grc' dir='ltr'>μήτηρ</span> <span class='ocrx_word' id='word_1_253' title='bbox 476 2346 646 2413; x_wconf 83' lang='grc' dir='ltr'>αὐτῆς</span> <span class='ocrx_word' id='word_1_254' title='bbox 672 2349 992 2415; x_wconf 79' lang='grc' dir='ltr'>συνέζευξεν</span> <span class='ocrx_word' id='word_1_255' title='bbox 1021 2352 1192 2421; x_wconf 85' lang='grc' dir='ltr'>αὐτὴν</span> <span class='ocrx_word' id='word_1_256' title='bbox 1229 2355 1555 2426; x_wconf 85' lang='grc' dir='ltr'>’Δνδρονίκῳ</span> <span class='ocrx_word' id='word_1_257' title='bbox 1700 2334 1817 2411; x_wconf 55' lang='grc' dir='ltr'><strong>Παζ</strong></span> <span class='ocrx_word' id='word_1_258' title='bbox 1851 2334 1893 2393; x_wconf 79' lang='grc' dir='ltr'><strong>Β</strong></span> <span class='ocrx_word' id='word_1_259' title='bbox 1920 2352 2180 2412; x_wconf 71' lang='grc' dir='ltr'>τάξοντες</span> <span class='ocrx_word' id='word_1_260' title='bbox 2202 2353 2229 2403; x_wconf 90' lang='lat'><strong>6</strong></span> <span class='ocrx_word' id='word_1_261' title='bbox 2282 2350 2722 2418; x_wconf 80' lang='grc' dir='ltr'>ἀρχιεπίσκοπος</span> <span class='ocrx_word' id='word_1_262' title='bbox 2778 2346 3073 2417; x_wconf 77' lang='grc' dir='ltr'>’Δρσένιο;,</span> <span class='ocrx_word' id='word_1_263' title='bbox 3123 2346 3151 2396; x_wconf 87' lang='lat'><strong>6</strong></span> <span class='ocrx_word' id='word_1_264' title='bbox 3190 2343 3282 2396; x_wconf 78' lang='grc' dir='ltr'>καὶ</span> <span class='ocrx_word' id='word_1_265' title='bbox 3318 2341 3490 2394; x_wconf 84' lang='grc' dir='ltr'>πολλὰ</span> 
     </span>
    </p>
   </div>
   <div class='ocr_carea' id='block_1_35' title="bbox 254 2431 1821 2516">
    <p class='ocr_par' dir='ltr' id='par_1_35' title="bbox 254 2431 1821 2516">
     <span class='ocr_line' id='line_1_35' title="bbox 254 2431 1821 2516; baseline 0.01 -32"><span class='ocrx_word' id='word_1_266' title='bbox 254 2431 541 2502; x_wconf 81' lang='grc' dir='ltr'>λαιολόγῳ,</span> <span class='ocrx_word' id='word_1_267' title='bbox 565 2436 624 2487; x_wconf 80' lang='grc' dir='ltr'>ὃν</span> <span class='ocrx_word' id='word_1_268' title='bbox 650 2438 743 2490; x_wconf 78' lang='grc' dir='ltr'>καὶ</span> <span class='ocrx_word' id='word_1_269' title='bbox 787 2441 814 2492; x_wconf 89' lang='lat'><strong>6</strong></span> <span class='ocrx_word' id='word_1_270' title='bbox 834 2440 1100 2508; x_wconf 80' lang='grc' dir='ltr'>,βασιλεὺς</span> <span class='ocrx_word' id='word_1_271' title='bbox 1136 2443 1408 2512; x_wconf 79' lang='grc' dir='ltr'>Θεόδωρος</span> <span class='ocrx_word' id='word_1_272' title='bbox 1460 2447 1489 2498; x_wconf 97' lang='lat'><strong>6</strong></span> <span class='ocrx_word' id='word_1_273' title='bbox 1512 2447 1821 2516; x_wconf 78' lang='grc' dir='ltr'>Λάσκαρις,</span> 
     </span>
    </p>
   </div>
   <div class='ocr_carea' id='block_1_36' title="bbox 256 2523 1825 2599">
    <p class='ocr_par' dir='ltr' id='par_1_36' title="bbox 256 2523 1825 2599">
     <span class='ocr_line' id='line_1_36' title="bbox 256 2523 1825 2599; baseline 0.01 -25"><span class='ocrx_word' id='word_1_274' title='bbox 256 2525 410 2591; x_wconf 84' lang='grc' dir='ltr'>ὀτὴν</span> <span class='ocrx_word' id='word_1_275' title='bbox 442 2525 633 2593; x_wconf 79' lang='grc' dir='ltr'>ἑτέραν</span> <span class='ocrx_word' id='word_1_276' title='bbox 664 2528 945 2595; x_wconf 85' lang='grc' dir='ltr'>θυγατέρα</span> <span class='ocrx_word' id='word_1_277' title='bbox 988 2531 1082 2583; x_wconf 86' lang='grc' dir='ltr'>τοῦ</span> <span class='ocrx_word' id='word_1_278' title='bbox 1133 2530 1400 2599; x_wconf 83' lang='grc' dir='ltr'>βασιλέως</span> <span class='ocrx_word' id='word_1_279' title='bbox 1442 2523 1682 2599; x_wconf 66' lang='grc' dir='ltr'>’Ἀλεξίου</span> <span class='ocrx_word' id='word_1_280' title='bbox 1742 2539 1825 2599; x_wconf 76' lang='grc' dir='ltr'><strong>εἰς</strong></span> 
     </span>
    </p>
   </div>
   <div class='ocr_carea' id='block_1_37' title="bbox 258 2614 1827 2693">
    <p class='ocr_par' dir='ltr' id='par_1_37' title="bbox 258 2614 1827 2693">
     <span class='ocr_line' id='line_1_37' title="bbox 258 2614 1827 2693; baseline 0.009 -31"><span class='ocrx_word' id='word_1_281' title='bbox 258 2616 494 2680; x_wconf 83' lang='grc' dir='ltr'>γυναῖκα</span> <span class='ocrx_word' id='word_1_282' title='bbox 520 2614 721 2680; x_wconf 87' lang='grc' dir='ltr'>λαϐὼν,</span> <span class='ocrx_word' id='word_1_283' title='bbox 762 2617 937 2686; x_wconf 86' lang='grc' dir='ltr'>μέγαν</span> <span class='ocrx_word' id='word_1_284' title='bbox 986 2620 1312 2689; x_wconf 86' lang='grc' dir='ltr'>δομέστικον</span> <span class='ocrx_word' id='word_1_285' title='bbox 1364 2624 1622 2693; x_wconf 78' lang='grc' dir='ltr'>ἐτίμησεν</span> <span class='ocrx_word' id='word_1_286' title='bbox 1672 2626 1827 2678; x_wconf 84' lang='grc' dir='ltr'>ὓστε-</span> 
     </span>
    </p>
   </div>
   <div class='ocr_carea' id='block_1_38' title="bbox 262 2700 1827 2784">
    <p class='ocr_par' dir='ltr' id='par_1_38' title="bbox 262 2700 1827 2784">
     <span class='ocr_line' id='line_1_38' title="bbox 262 2700 1827 2784; baseline 0.01 -32"><span class='ocrx_word' id='word_1_287' title='bbox 262 2718 377 2770; x_wconf 82' lang='grc' dir='ltr'>ρον·</span> <span class='ocrx_word' id='word_1_288' title='bbox 428 2704 476 2770; x_wconf 88' lang='grc'>7</span> <span class='ocrx_word' id='word_1_289' title='bbox 515 2705 573 2767; x_wconf 79' lang='grc' dir='ltr'>ἐξ</span> <span class='ocrx_word' id='word_1_290' title='bbox 630 2700 689 2758; x_wconf 79' lang='grc' dir='ltr'>οὗ</span> <span class='ocrx_word' id='word_1_291' title='bbox 742 2708 1115 2779; x_wconf 80' lang='grc' dir='ltr'>ἐγεννήθησαν</span> <span class='ocrx_word' id='word_1_292' title='bbox 1175 2712 1282 2763; x_wconf 74' lang='grc' dir='ltr'>υἱοὶ</span> <span class='ocrx_word' id='word_1_293' title='bbox 1336 2717 1506 2783; x_wconf 82' lang='grc' dir='ltr'>τρεῖς,</span> <span class='ocrx_word' id='word_1_294' title='bbox 1544 2715 1765 2784; x_wconf 85' lang='grc' dir='ltr'>Μιχαὴλ</span> <span class='ocrx_word' id='word_1_295' title='bbox 1798 2717 1827 2768; x_wconf 89' lang='lat'><strong>6</strong></span> 
     </span>
    </p>
   </div>
   <div class='ocr_carea' id='block_1_39' title="bbox 262 2790 1823 2868">
    <p class='ocr_par' dir='ltr' id='par_1_39' title="bbox 262 2790 1823 2868">
     <span class='ocr_line' id='line_1_39' title="bbox 262 2790 1823 2868; baseline 0.011 -27"><span class='ocrx_word' id='word_1_296' title='bbox 262 2790 570 2860; x_wconf 78' lang='grc' dir='ltr'>Κομνηνὸς,</span> <span class='ocrx_word' id='word_1_297' title='bbox 605 2797 1019 2861; x_wconf 84' lang='grc' dir='ltr'>Κωνσταντῖνος</span> <span class='ocrx_word' id='word_1_298' title='bbox 1044 2803 1072 2853; x_wconf 91' lang='lat'><strong>6</strong></span> <span class='ocrx_word' id='word_1_299' title='bbox 1106 2803 1477 2868; x_wconf 82' lang='grc' dir='ltr'>Παλαιολόγο;</span> <span class='ocrx_word' id='word_1_300' title='bbox 1510 2807 1606 2857; x_wconf 79' lang='grc' dir='ltr'><strong>καὶ</strong></span> <span class='ocrx_word' id='word_1_301' title='bbox 1639 2805 1823 2858; x_wconf 84' lang='grc' dir='ltr'>Ἰωάν-</span> 
     </span>
    </p>
   </div>
   <div class='ocr_carea' id='block_1_40' title="bbox 262 2877 1818 2966">
    <p class='ocr_par' dir='ltr' id='par_1_40' title="bbox 262 2877 1818 2966">
     <span class='ocr_line' id='line_1_40' title="bbox 262 2877 1818 2966; baseline 0.01 -32"><span class='ocrx_word' id='word_1_302' title='bbox 262 2899 357 2952; x_wconf 88' lang='grc' dir='ltr'><strong>νης</strong></span> <span class='ocrx_word' id='word_1_303' title='bbox 387 2877 893 2956; x_wconf 79' lang='grc' dir='ltr'>διπλοπαλαιολόγοι</span> <span class='ocrx_word' id='word_1_304' title='bbox 924 2891 1074 2955; x_wconf 79' lang='grc' dir='ltr'>ὄντες</span> <span class='ocrx_word' id='word_1_305' title='bbox 1109 2894 1377 2963; x_wconf 82' lang='grc' dir='ltr'>πατρόθεν</span> <span class='ocrx_word' id='word_1_306' title='bbox 1399 2896 1492 2948; x_wconf 73' lang='grc' dir='ltr'>καὶ</span> <span class='ocrx_word' id='word_1_307' title='bbox 1525 2897 1818 2966; x_wconf 86' lang='grc' dir='ltr'>μητρόθεν.</span> 
     </span>
    </p>
   </div>
   <div class='ocr_carea' id='block_1_41' title="bbox 263 2968 1825 3057">
    <p class='ocr_par' dir='ltr' id='par_1_41' title="bbox 263 2968 1825 3057">
     <span class='ocr_line' id='line_1_41' title="bbox 263 2968 1825 3057; baseline 0.008 -30"><span class='ocrx_word' id='word_1_308' title='bbox 263 2968 388 3045; x_wconf 72' lang='grc' dir='ltr'>Εἶχε</span> <span class='ocrx_word' id='word_1_309' title='bbox 421 2978 520 3047; x_wconf 86' lang='grc' dir='ltr'>μὲν</span> <span class='ocrx_word' id='word_1_310' title='bbox 551 2980 844 3034; x_wconf 75' lang='grc' dir='ltr'>κάντεῦθεν</span> <span class='ocrx_word' id='word_1_311' title='bbox 868 2983 1121 3055; x_wconf 79' lang='grc' dir='ltr'>ἀφορμὰς</span> <span class='ocrx_word' id='word_1_312' title='bbox 1164 2986 1245 3048; x_wconf 73' lang='grc' dir='ltr'><strong>τίς</strong></span> <span class='ocrx_word' id='word_1_313' title='bbox 1277 2986 1377 3057; x_wconf 78' lang='grc' dir='ltr'>τὴν</span> <span class='ocrx_word' id='word_1_314' title='bbox 1422 2986 1591 3056; x_wconf 80' lang='grc' dir='ltr'>αὐτὴν</span> <span class='ocrx_word' id='word_1_315' title='bbox 1625 2987 1825 3041; x_wconf 81' lang='grc' dir='ltr'>ὑπόθε-</span> 
     </span>
    </p>
   </div>
   <div class='ocr_carea' id='block_1_42' title="bbox 446 3260 475 3283">
    <p class='ocr_par' dir='ltr' id='par_1_42' title="bbox 446 3260 475 3283">
     <span class='ocr_line' id='line_1_42' title="bbox 446 3260 475 3283; baseline 0 -3"><span class='ocrx_word' id='word_1_316' title='bbox 446 3260 475 3283; x_wconf 54' lang='grc' dir='ltr'><strong>η</strong></span> 
     </span>
    </p>
   </div>
   <div class='ocr_carea' id='block_1_43' title="bbox 1920 2430 3490 2509">
    <p class='ocr_par' dir='ltr' id='par_1_43' title="bbox 1920 2430 3490 2509">
     <span class='ocr_line' id='line_1_43' title="bbox 1920 2430 3490 2509; baseline -0.006 -17"><span class='ocrx_word' id='word_1_317' title='bbox 1920 2440 2217 2509; x_wconf 86' lang='grc' dir='ltr'>δυνάμενος</span> <span class='ocrx_word' id='word_1_318' title='bbox 2243 2440 2366 2492; x_wconf 88' lang='grc' dir='ltr'>τότε</span> <span class='ocrx_word' id='word_1_319' title='bbox 2408 2437 2560 2509; x_wconf 84' lang='grc' dir='ltr'>παρὰ</span> <span class='ocrx_word' id='word_1_320' title='bbox 2613 2438 2691 2506; x_wconf 82' lang='grc' dir='ltr'>τῷ</span> <span class='ocrx_word' id='word_1_321' title='bbox 2726 2436 2957 2507; x_wconf 82' lang='grc' dir='ltr'>βασιλεῖ,</span> <span class='ocrx_word' id='word_1_322' title='bbox 3014 2434 3109 2487; x_wconf 72' lang='grc' dir='ltr'>καὶ</span> <span class='ocrx_word' id='word_1_323' title='bbox 3158 2434 3335 2503; x_wconf 79' lang='grc' dir='ltr'>ἕτεροι</span> <span class='ocrx_word' id='word_1_324' title='bbox 3380 2430 3490 2483; x_wconf 84' lang='grc' dir='ltr'><strong>τῶν</strong></span> 
     </span>
    </p>
   </div>
   <div class='ocr_carea' id='block_1_44' title="bbox 1921 2524 3485 2599">
    <p class='ocr_par' dir='ltr' id='par_1_44' title="bbox 1921 2524 3485 2599">
     <span class='ocr_line' id='line_1_44' title="bbox 1921 2524 3485 2599; baseline -0.004 -18"><span class='ocrx_word' id='word_1_325' title='bbox 1921 2530 2245 2599; x_wconf 77' lang='grc' dir='ltr'>ἐλλογίμων.</span> <span class='ocrx_word' id='word_1_326' title='bbox 2286 2530 2580 2597; x_wconf 82' lang='grc' dir='ltr'>Παραστὰς</span> <span class='ocrx_word' id='word_1_327' title='bbox 2629 2529 2687 2580; x_wconf 73' lang='grc' dir='ltr'>δὲ</span> <span class='ocrx_word' id='word_1_328' title='bbox 2721 2526 2942 2595; x_wconf 83' lang='grc' dir='ltr'>Μιχαὴλ</span> <span class='ocrx_word' id='word_1_329' title='bbox 2970 2527 2997 2577; x_wconf 93' lang='lat'><strong>6</strong></span> <span class='ocrx_word' id='word_1_330' title='bbox 3049 2524 3339 2593; x_wconf 72' lang='grc' dir='ltr'>Κομνηνὸς</span> <span class='ocrx_word' id='word_1_331' title='bbox 3387 2525 3485 2574; x_wconf 75' lang='grc' dir='ltr'>καὶ</span> 
     </span>
    </p>
   </div>
   <div class='ocr_carea' id='block_1_45' title="bbox 1924 2612 3491 2689">
    <p class='ocr_par' dir='ltr' id='par_1_45' title="bbox 1924 2612 3491 2689">
     <span class='ocr_line' id='line_1_45' title="bbox 1924 2612 3491 2689; baseline -0.005 -16"><span class='ocrx_word' id='word_1_332' title='bbox 1924 2621 2097 2674; x_wconf 80' lang='grc' dir='ltr'>πολλὰ</span> <span class='ocrx_word' id='word_1_333' title='bbox 2150 2621 2447 2689; x_wconf 74' lang='grc' dir='ltr'>ἐρωτηθεὶς</span> <span class='ocrx_word' id='word_1_334' title='bbox 2479 2622 2575 2671; x_wconf 79' lang='grc' dir='ltr'>καὶ</span> <span class='ocrx_word' id='word_1_335' title='bbox 2610 2620 2858 2679; x_wconf 67' lang='grc' dir='ltr'>εἰπόντες</span> <span class='ocrx_word' id='word_1_336' title='bbox 2886 2617 3058 2685; x_wconf 77' lang='grc' dir='ltr'>αὐτῷ,</span> <span class='ocrx_word' id='word_1_337' title='bbox 3111 2612 3228 2667; x_wconf 71' lang='grc' dir='ltr'>εἶτα</span> <span class='ocrx_word' id='word_1_338' title='bbox 3278 2615 3427 2681; x_wconf 72' lang='grc' dir='ltr'>λέγει</span> <span class='ocrx_word' id='word_1_339' title='bbox 3462 2615 3491 2666; x_wconf 91' lang='lat'><strong>6</strong></span> 
     </span>
    </p>
   </div>
   <div class='ocr_carea' id='block_1_46' title="bbox 1926 2703 3493 2785">
    <p class='ocr_par' dir='ltr' id='par_1_46' title="bbox 1926 2703 3493 2785">
     <span class='ocr_line' id='line_1_46' title="bbox 1926 2703 3493 2785; baseline -0.008 -17"><span class='ocrx_word' id='word_1_340' title='bbox 1926 2714 2394 2785; x_wconf 56' lang='lat' dir='ltr'><strong>dpxtentoxonoc.</strong></span> <span class='ocrx_word' id='word_1_341' title='bbox 2435 2729 2453 2762; x_wconf 79' lang='grc' dir='ltr'><strong>ι</strong></span> <span class='ocrx_word' id='word_1_342' title='bbox 2494 2712 2587 2779; x_wconf 80' lang='grc' dir='ltr'><strong>Μὴ</strong></span> <span class='ocrx_word' id='word_1_343' title='bbox 2645 2710 2750 2779; x_wconf 85' lang='grc' dir='ltr'>γὰρ</span> <span class='ocrx_word' id='word_1_344' title='bbox 2812 2711 2925 2771; x_wconf 81' lang='grc' dir='ltr'>τοῖς</span> <span class='ocrx_word' id='word_1_345' title='bbox 2976 2708 3388 2775; x_wconf 84' lang='grc' dir='ltr'>ἁμαρτάνουσιν</span> <span class='ocrx_word' id='word_1_346' title='bbox 3434 2703 3493 2772; x_wconf 73' lang='lat'><strong>8</strong></span> 
     </span>
    </p>
   </div>
   <div class='ocr_carea' id='block_1_47' title="bbox 1927 2794 3490 2869">
    <p class='ocr_par' dir='ltr' id='par_1_47' title="bbox 1927 2794 3490 2869">
     <span class='ocr_line' id='line_1_47' title="bbox 1927 2794 3490 2869; baseline -0.007 -12"><span class='ocrx_word' id='word_1_347' title='bbox 1927 2806 2285 2859; x_wconf 84' lang='grc' dir='ltr'>ἀπολείπεται</span> <span class='ocrx_word' id='word_1_348' title='bbox 2311 2802 2612 2869; x_wconf 85' lang='grc' dir='ltr'>συγγνώμη</span> <span class='ocrx_word' id='word_1_349' title='bbox 2646 2802 2705 2852; x_wconf 83' lang='grc' dir='ltr'><strong>τὸ</strong></span> <span class='ocrx_word' id='word_1_350' title='bbox 2774 2800 2938 2869; x_wconf 80' lang='grc' dir='ltr'>σιγᾷν</span> <span class='ocrx_word' id='word_1_351' title='bbox 2990 2798 3083 2851; x_wconf 67' lang='grc' dir='ltr'><strong>καλ⁵</strong></span> <span class='ocrx_word' id='word_1_352' title='bbox 3129 2797 3292 2867; x_wconf 80' lang='grc' dir='ltr'>μηδὲν</span> <span class='ocrx_word' id='word_1_353' title='bbox 3350 2794 3490 2864; x_wconf 74' lang='grc' dir='ltr'>ὑπὲρ</span> 
     </span>
    </p>
   </div>
   <div class='ocr_carea' id='block_1_48' title="bbox 1929 2883 3493 2962">
    <p class='ocr_par' dir='ltr' id='par_1_48' title="bbox 1929 2883 3493 2962">
     <span class='ocr_line' id='line_1_48' title="bbox 1929 2883 3493 2962; baseline -0.007 -15"><span class='ocrx_word' id='word_1_354' title='bbox 1929 2896 2039 2948; x_wconf 80' lang='grc' dir='ltr'>τῶν</span> <span class='ocrx_word' id='word_1_355' title='bbox 2086 2895 2470 2962; x_wconf 87' lang='grc' dir='ltr'>γεγενημένων</span> <span class='ocrx_word' id='word_1_356' title='bbox 2521 2889 2894 2959; x_wconf 84' lang='grc' dir='ltr'>φθέγγεσθαι·</span> <span class='ocrx_word' id='word_1_357' title='bbox 2928 2887 3153 2956; x_wconf 80' lang='grc' dir='ltr'>εὐγενὴς</span> <span class='ocrx_word' id='word_1_358' title='bbox 3179 2885 3272 2939; x_wconf 77' lang='grc' dir='ltr'>οὖν</span> <span class='ocrx_word' id='word_1_359' title='bbox 3301 2883 3377 2936; x_wconf 82' lang='grc' dir='ltr'>ὢν</span> <span class='ocrx_word' id='word_1_360' title='bbox 3397 2885 3493 2937; x_wconf 77' lang='grc' dir='ltr'>καὶ</span> 
     </span>
    </p>
   </div>
   <div class='ocr_carea' id='block_1_49' title="bbox 1930 2974 3491 3055">
    <p class='ocr_par' dir='ltr' id='par_1_49' title="bbox 1930 2974 3491 3055">
     <span class='ocr_line' id='line_1_49' title="bbox 1930 2974 3491 3055; baseline -0.008 -14"><span class='ocrx_word' id='word_1_361' title='bbox 1930 2988 1991 3052; x_wconf 72' lang='grc' dir='ltr'><strong>ἐξ</strong></span> <span class='ocrx_word' id='word_1_362' title='bbox 2019 2986 2261 3055; x_wconf 84' lang='grc' dir='ltr'>εὐγενῶν</span> <span class='ocrx_word' id='word_1_363' title='bbox 2292 2984 2690 3054; x_wconf 74' lang='grc' dir='ltr'>καταγόμενος,</span> <span class='ocrx_word' id='word_1_364' title='bbox 2749 2979 3046 3051; x_wconf 87' lang='grc' dir='ltr'>τιμιώτατε</span> <span class='ocrx_word' id='word_1_365' title='bbox 3105 2979 3259 3047; x_wconf 78' lang='grc' dir='ltr'>ἄνερ,</span> <span class='ocrx_word' id='word_1_366' title='bbox 3299 2974 3491 3046; x_wconf 84' lang='grc' dir='ltr'><strong>ὲρωτῶ</strong></span> 
     </span>
    </p>
   </div>
   <div class='ocr_carea' id='block_1_50' title="bbox 1414 3352 2471 3480">
    <p class='ocr_par' dir='ltr' id='par_1_50' title="bbox 1414 3352 2471 3480">
     <span class='ocr_line' id='line_1_50' title="bbox 1414 3352 2471 3480; baseline 0 -41"><span class='ocrx_word' id='word_1_367' title='bbox 1414 3354 1771 3444; x_wconf 81' lang='lat' dir='ltr'><strong>LIBER</strong></span> <span class='ocrx_word' id='word_1_368' title='bbox 1855 3352 2347 3441; x_wconf 80' lang='lat' dir='ltr'><strong>PRIMUS.</strong></span> <span class='ocrx_word' id='word_1_369' title='bbox 2450 3464 2471 3480; x_wconf 44' lang='grc'><em>,</em></span> 
     </span>
    </p>
   </div>
   <div class='ocr_carea' id='block_1_51' title="bbox 339 3663 3497 3767">
    <p class='ocr_par' dir='ltr' id='par_1_51' title="bbox 339 3663 3497 3767">
     <span class='ocr_line' id='line_1_51' title="bbox 339 3663 3497 3767; baseline 0.001 -20"><span class='ocrx_word' id='word_1_370' title='bbox 339 3691 395 3747; x_wconf 77' lang='grc' dir='ltr'><strong>Ι.</strong></span> <span class='ocrx_word' id='word_1_371' title='bbox 445 3694 667 3747; x_wconf 81' lang='lat' dir='ltr'><strong>Alexius</strong></span> <span class='ocrx_word' id='word_1_372' title='bbox 718 3691 951 3764; x_wconf 82' lang='lat' dir='ltr'><strong>Angelus</strong></span> <span class='ocrx_word' id='word_1_373' title='bbox 998 3691 1310 3749; x_wconf 87' lang='lat' dir='ltr'><strong>Comnenus</strong></span> <span class='ocrx_word' id='word_1_374' title='bbox 1345 3692 1664 3763; x_wconf 77' lang='lat' dir='ltr'><strong>imperator,</strong></span> <span class='ocrx_word' id='word_1_375' title='bbox 1714 3684 1828 3762; x_wconf 85' lang='lat' dir='ltr'><strong>qui,</strong></span> <span class='ocrx_word' id='word_1_376' title='bbox 1857 3696 1901 3754; x_wconf 79' lang='lat' dir='ltr'><strong><em>C</em></strong></span> <span class='ocrx_word' id='word_1_377' title='bbox 1935 3691 2305 3761; x_wconf 90' lang='lat' dir='ltr'><strong>largitionum.</strong></span> <span class='ocrx_word' id='word_1_378' title='bbox 2339 3693 2570 3762; x_wconf 88' lang='lat' dir='ltr'><strong>Propter</strong></span> <span class='ocrx_word' id='word_1_379' title='bbox 2598 3695 2698 3750; x_wconf 84' lang='lat' dir='ltr'><strong>bas</strong></span> <span class='ocrx_word' id='word_1_380' title='bbox 2725 3663 2841 3763; x_wconf 71' lang='lat' dir='ltr'><strong>ejus</strong></span> <span class='ocrx_word' id='word_1_381' title='bbox 2870 3697 3098 3750; x_wconf 78' lang='lat' dir='ltr'><strong>virtutes</strong></span> <span class='ocrx_word' id='word_1_382' title='bbox 3132 3697 3202 3749; x_wconf 82' lang='lat' dir='ltr'><strong>&#39;et</strong></span> <span class='ocrx_word' id='word_1_383' title='bbox 3234 3696 3437 3767; x_wconf 77' lang='lat' dir='ltr'><strong>gratias</strong></span> <span class='ocrx_word' id='word_1_384' title='bbox 3466 3708 3497 3750; x_wconf 71' lang='grc' dir='ltr'>ι</span> 
     </span>
    </p>
   </div>
   <div class='ocr_carea' id='block_1_52' title="bbox 263 3782 1830 3854">
    <p class='ocr_par' dir='ltr' id='par_1_52' title="bbox 263 3782 1830 3854">
     <span class='ocr_line' id='line_1_52' title="bbox 263 3782 1830 3854; baseline 0 -19"><span class='ocrx_word' id='word_1_385' title='bbox 263 3792 531 3836; x_wconf 67' lang='lat' dir='ltr'><strong>exczecato</strong></span> <span class='ocrx_word' id='word_1_386' title='bbox 555 3783 756 3837; x_wconf 63' lang='lat' dir='ltr'><strong>Isaac-io</strong></span> <span class='ocrx_word' id='word_1_387' title='bbox 780 3782 966 3842; x_wconf 84' lang='lat' dir='ltr'><strong>fratre,</strong></span> <span class='ocrx_word' id='word_1_388' title='bbox 990 3798 1218 3854; x_wconf 87' lang='lat' dir='ltr'><strong>regnum</strong></span> <span class='ocrx_word' id='word_1_389' title='bbox 1237 3786 1544 3852; x_wconf 82' lang='lat' dir='ltr'><strong>occupavit,</strong></span> <span class='ocrx_word' id='word_1_390' title='bbox 1570 3784 1830 3852; x_wconf 87' lang='lat' dir='ltr'><strong>cujusque</strong></span> 
     </span>
    </p>
   </div>
   <div class='ocr_carea' id='block_1_53' title="bbox 262 3873 1833 3941">
    <p class='ocr_par' dir='ltr' id='par_1_53' title="bbox 262 3873 1833 3941">
     <span class='ocr_line' id='line_1_53' title="bbox 262 3873 1833 3941; baseline 0 -14"><span class='ocrx_word' id='word_1_391' title='bbox 262 3873 489 3941; x_wconf 63' lang='lat' dir='ltr'><strong>imperio</strong></span> <span class='ocrx_word' id='word_1_392' title='bbox 527 3882 602 3926; x_wconf 94' lang='lat' dir='ltr'><strong>tot</strong></span> <span class='ocrx_word' id='word_1_393' title='bbox 626 3873 895 3941; x_wconf 85' lang='lat' dir='ltr'><strong>tantisque</strong></span> <span class='ocrx_word' id='word_1_394' title='bbox 926 3874 1168 3929; x_wconf 85' lang='lat' dir='ltr'><strong>cladibus</strong></span> <span class='ocrx_word' id='word_1_395' title='bbox 1219 3890 1305 3930; x_wconf 90' lang='lat' dir='ltr'><strong>res</strong></span> <span class='ocrx_word' id='word_1_396' title='bbox 1341 3874 1588 3928; x_wconf 80' lang='lat' dir='ltr'><strong>Romana</strong></span> <span class='ocrx_word' id='word_1_397' title='bbox 1632 3874 1699 3928; x_wconf 89' lang='lat' dir='ltr'><strong>ab</strong></span> <span class='ocrx_word' id='word_1_398' title='bbox 1731 3874 1833 3927; x_wconf 88' lang='lat' dir='ltr'><strong>Ita-</strong></span> 
     </span>
    </p>
   </div>
   <div class='ocr_carea' id='block_1_54' title="bbox 260 3964 1829 4032">
    <p class='ocr_par' dir='ltr' id='par_1_54' title="bbox 260 3964 1829 4032">
     <span class='ocr_line' id='line_1_54' title="bbox 260 3964 1829 4032; baseline -0.002 -12"><span class='ocrx_word' id='word_1_399' title='bbox 260 3965 329 4020; x_wconf 77' lang='lat' dir='ltr'><strong>lis</strong></span> <span class='ocrx_word' id='word_1_400' title='bbox 354 3964 546 4018; x_wconf 82' lang='lat' dir='ltr'><strong>alllicta</strong></span> <span class='ocrx_word' id='word_1_401' title='bbox 576 3973 678 4026; x_wconf 86' lang='lat' dir='ltr'><strong>est,</strong></span> <span class='ocrx_word' id='word_1_402' title='bbox 708 3964 851 4016; x_wconf 88' lang='lat' dir='ltr'><strong>nulla</strong></span> <span class='ocrx_word' id='word_1_403' title='bbox 877 3964 1016 4017; x_wconf 88' lang='lat' dir='ltr'><strong>virili</strong></span> <span class='ocrx_word' id='word_1_404' title='bbox 1044 3964 1193 4031; x_wconf 88' lang='lat' dir='ltr'><strong>prole</strong></span> <span class='ocrx_word' id='word_1_405' title='bbox 1216 3974 1492 4032; x_wconf 87' lang='lat' dir='ltr'><strong>suscepta,</strong></span> <span class='ocrx_word' id='word_1_406' title='bbox 1522 3964 1659 4018; x_wconf 85' lang='lat' dir='ltr'><strong>ﬁlias</strong></span> <span class='ocrx_word' id='word_1_407' title='bbox 1696 3965 1829 4017; x_wconf 87' lang='lat' dir='ltr'><strong>duas</strong></span> 
     </span>
    </p>
   </div>
   <div class='ocr_carea' id='block_1_55' title="bbox 262 4054 1829 4125">
    <p class='ocr_par' dir='ltr' id='par_1_55' title="bbox 262 4054 1829 4125">
     <span class='ocr_line' id='line_1_55' title="bbox 262 4054 1829 4125; baseline -0.001 -15"><span class='ocrx_word' id='word_1_408' title='bbox 262 4056 466 4110; x_wconf 84' lang='lat' dir='ltr'><strong>habuit.</strong></span> <span class='ocrx_word' id='word_1_409' title='bbox 494 4055 629 4109; x_wconf 85' lang='lat' dir='ltr'><strong>Natu</strong></span> <span class='ocrx_word' id='word_1_410' title='bbox 656 4055 936 4125; x_wconf 86' lang='lat' dir='ltr'><strong>majorem,</strong></span> <span class='ocrx_word' id='word_1_411' title='bbox 962 4054 1151 4109; x_wconf 86' lang='lat' dir='ltr'><strong>lrenen</strong></span> <span class='ocrx_word' id='word_1_412' title='bbox 1187 4057 1424 4120; x_wconf 85' lang='lat' dir='ltr'><strong>nomine,</strong></span> <span class='ocrx_word' id='word_1_413' title='bbox 1451 4056 1664 4109; x_wconf 84' lang='lat' dir='ltr'><strong>calceos</strong></span> <span class='ocrx_word' id='word_1_414' title='bbox 1697 4070 1829 4125; x_wconf 85' lang='lat' dir='ltr'><strong>pur-</strong></span> 
     </span>
    </p>
   </div>
   <div class='ocr_carea' id='block_1_56' title="bbox 260 4145 1831 4217">
    <p class='ocr_par' dir='ltr' id='par_1_56' title="bbox 260 4145 1831 4217">
     <span class='ocr_line' id='line_1_56' title="bbox 260 4145 1831 4217; baseline 0 -16"><span class='ocrx_word' id='word_1_415' title='bbox 260 4152 456 4217; x_wconf 83' lang='lat' dir='ltr'><strong>pureos</strong></span> <span class='ocrx_word' id='word_1_416' title='bbox 483 4148 707 4200; x_wconf 80' lang='lat' dir='ltr'><strong>induere</strong></span> <span class='ocrx_word' id='word_1_417' title='bbox 751 4145 936 4213; x_wconf 85' lang='lat' dir='ltr'><strong>jussit,</strong></span> <span class='ocrx_word' id='word_1_418' title='bbox 970 4154 1031 4199; x_wconf 95' lang='lat' dir='ltr'><strong>ut</strong></span> <span class='ocrx_word' id='word_1_419' title='bbox 1059 4147 1172 4214; x_wconf 90' lang='lat' dir='ltr'><strong>ipsa</strong></span> <span class='ocrx_word' id='word_1_420' title='bbox 1203 4156 1257 4200; x_wconf 94' lang='lat' dir='ltr'><strong>et</strong></span> <span class='ocrx_word' id='word_1_421' title='bbox 1293 4146 1337 4200; x_wconf 90' lang='lat' dir='ltr'><strong>is</strong></span> <span class='ocrx_word' id='word_1_422' title='bbox 1362 4147 1447 4200; x_wconf 86' lang='lat' dir='ltr'><strong>cui</strong></span> <span class='ocrx_word' id='word_1_423' title='bbox 1472 4147 1831 4209; x_wconf 85' lang='lat' dir='ltr'><strong>despondere-</strong></span> 
     </span>
    </p>
   </div>
   <div class='ocr_carea' id='block_1_57' title="bbox 260 4237 1831 4302">
    <p class='ocr_par' dir='ltr' id='par_1_57' title="bbox 260 4237 1831 4302">
     <span class='ocr_line' id='line_1_57' title="bbox 260 4237 1831 4302; baseline -0.001 -12"><span class='ocrx_word' id='word_1_424' title='bbox 260 4247 370 4300; x_wconf 88' lang='lat' dir='ltr'><strong>tur,</strong></span> <span class='ocrx_word' id='word_1_425' title='bbox 426 4247 601 4293; x_wconf 81' lang='lat' dir='ltr'><strong>semet</strong></span> <span class='ocrx_word' id='word_1_426' title='bbox 640 4248 873 4302; x_wconf 88' lang='lat' dir='ltr'><strong>mortuo,</strong></span> <span class='ocrx_word' id='word_1_427' title='bbox 923 4251 1269 4292; x_wconf 83' lang='lat' dir='ltr'><strong>successores</strong></span> <span class='ocrx_word' id='word_1_428' title='bbox 1297 4237 1399 4292; x_wconf 83' lang='lat' dir='ltr'><strong>sibi</strong></span> <span class='ocrx_word' id='word_1_429' title='bbox 1437 4247 1618 4292; x_wconf 87' lang='lat' dir='ltr'><strong>essent</strong></span> <span class='ocrx_word' id='word_1_430' title='bbox 1652 4247 1706 4293; x_wconf 93' lang='lat' dir='ltr'><strong>et</strong></span> <span class='ocrx_word' id='word_1_431' title='bbox 1731 4238 1831 4290; x_wconf 89' lang='lat' dir='ltr'><strong>im-</strong></span> 
     </span>
    </p>
   </div>
   <div class='ocr_carea' id='block_1_58' title="bbox 258 4324 1829 4399">
    <p class='ocr_par' dir='ltr' id='par_1_58' title="bbox 258 4324 1829 4399">
     <span class='ocr_line' id='line_1_58' title="bbox 258 4324 1829 4399; baseline -0.001 -17"><span class='ocrx_word' id='word_1_432' title='bbox 258 4328 395 4399; x_wconf 89' lang='lat' dir='ltr'><strong>perii</strong></span> <span class='ocrx_word' id='word_1_433' title='bbox 454 4329 714 4383; x_wconf 65' lang='lat' dir='ltr'><strong>limredes.</strong></span> <span class='ocrx_word' id='word_1_434' title='bbox 772 4327 951 4397; x_wconf 87' lang='lat' dir='ltr'><strong>Itaque</strong></span> <span class='ocrx_word' id='word_1_435' title='bbox 1003 4327 1250 4382; x_wconf 83' lang='lat' dir='ltr'><strong>Alexium</strong></span> <span class='ocrx_word' id='word_1_436' title='bbox 1306 4327 1665 4396; x_wconf 67' lang='lat' dir='ltr'><strong>Palaeologum</strong></span> <span class='ocrx_word' id='word_1_437' title='bbox 1704 4324 1829 4381; x_wconf 75' lang='lat' dir='ltr'><strong>lilia:</strong></span> 
     </span>
    </p>
   </div>
   <div class='ocr_carea' id='block_1_59' title="bbox 260 4418 1827 4489">
    <p class='ocr_par' dir='ltr' id='par_1_59' title="bbox 260 4418 1827 4489">
     <span class='ocr_line' id='line_1_59' title="bbox 260 4418 1827 4489; baseline 0.001 -20"><span class='ocrx_word' id='word_1_438' title='bbox 260 4418 605 4472; x_wconf 86' lang='lat' dir='ltr'><strong>matrimonio</strong></span> <span class='ocrx_word' id='word_1_439' title='bbox 643 4419 888 4485; x_wconf 84' lang='lat' dir='ltr'><strong>junctum</strong></span> <span class='ocrx_word' id='word_1_440' title='bbox 961 4419 1219 4473; x_wconf 81' lang='lat' dir='ltr'><strong>continuo</strong></span> <span class='ocrx_word' id='word_1_441' title='bbox 1276 4420 1538 4489; x_wconf 88' lang='lat' dir='ltr'><strong>dignitate</strong></span> <span class='ocrx_word' id='word_1_442' title='bbox 1587 4420 1827 4487; x_wconf 72' lang='lat' dir='ltr'><strong>despoue</strong></span> 
     </span>
    </p>
   </div>
   <div class='ocr_carea' id='block_1_60' title="bbox 263 4510 1824 4579">
    <p class='ocr_par' dir='ltr' id='par_1_60' title="bbox 263 4510 1824 4579">
     <span class='ocr_line' id='line_1_60' title="bbox 263 4510 1824 4579; baseline 0.001 -17"><span class='ocrx_word' id='word_1_443' title='bbox 263 4510 585 4573; x_wconf 88' lang='lat' dir='ltr'><strong>honestavit,</strong></span> <span class='ocrx_word' id='word_1_444' title='bbox 620 4521 671 4563; x_wconf 88' lang='lat' dir='ltr'><strong>et</strong></span> <span class='ocrx_word' id='word_1_445' title='bbox 705 4513 967 4566; x_wconf 86' lang='lat' dir='ltr'><strong>tenuisset</strong></span> <span class='ocrx_word' id='word_1_446' title='bbox 993 4512 1036 4565; x_wconf 90' lang='lat' dir='ltr'><strong>is</strong></span> <span class='ocrx_word' id='word_1_447' title='bbox 1066 4520 1187 4579; x_wconf 89' lang='lat' dir='ltr'><strong>post</strong></span> <span class='ocrx_word' id='word_1_448' title='bbox 1235 4526 1481 4566; x_wconf 84' lang='lat' dir='ltr'><strong>socerum</strong></span> <span class='ocrx_word' id='word_1_449' title='bbox 1514 4510 1824 4579; x_wconf 90' lang='lat' dir='ltr'><strong>imperium,</strong></span> 
     </span>
    </p>
   </div>
   <div class='ocr_carea' id='block_1_61' title="bbox 263 4598 1826 4669">
    <p class='ocr_par' dir='ltr' id='par_1_61' title="bbox 263 4598 1826 4669">
     <span class='ocr_line' id='line_1_61' title="bbox 263 4598 1826 4669; baseline 0.002 -19"><span class='ocrx_word' id='word_1_450' title='bbox 263 4601 364 4652; x_wconf 90' lang='lat' dir='ltr'><strong>nisi</strong></span> <span class='ocrx_word' id='word_1_451' title='bbox 432 4610 781 4667; x_wconf 66' lang='lat' dir='ltr'><strong>praematura-</strong></span> <span class='ocrx_word' id='word_1_452' title='bbox 816 4611 989 4655; x_wconf 82' lang='lat' dir='ltr'><strong>tnorte</strong></span> <span class='ocrx_word' id='word_1_453' title='bbox 1020 4616 1050 4655; x_wconf 91' lang='lat' dir='ltr'><strong>e</strong></span> <span class='ocrx_word' id='word_1_454' title='bbox 1089 4602 1194 4654; x_wconf 84' lang='lat' dir='ltr'><strong>vita</strong></span> <span class='ocrx_word' id='word_1_455' title='bbox 1253 4602 1535 4657; x_wconf 84' lang='lat' dir='ltr'><strong>cessisset.</strong></span> <span class='ocrx_word' id='word_1_456' title='bbox 1590 4598 1826 4669; x_wconf 81' lang='lat' dir='ltr'><strong>Reliquit</strong></span> 
     </span>
    </p>
   </div>
   <div class='ocr_carea' id='block_1_62' title="bbox 262 4689 1817 4758">
    <p class='ocr_par' dir='ltr' id='par_1_62' title="bbox 262 4689 1817 4758">
     <span class='ocr_line' id='line_1_62' title="bbox 262 4689 1817 4758; baseline 0.002 -16"><span class='ocrx_word' id='word_1_457' title='bbox 262 4692 481 4744; x_wconf 80' lang='lat' dir='ltr'><strong>Alexius</strong></span> <span class='ocrx_word' id='word_1_458' title='bbox 534 4689 860 4758; x_wconf 63' lang='lat' dir='ltr'><strong>Palmologns</strong></span> <span class='ocrx_word' id='word_1_459' title='bbox 894 4706 1054 4743; x_wconf 89' lang='lat' dir='ltr'><strong>unam</strong></span> <span class='ocrx_word' id='word_1_460' title='bbox 1098 4692 1261 4743; x_wconf 83' lang='lat' dir='ltr'><strong>tiliam</strong></span> <span class='ocrx_word' id='word_1_461' title='bbox 1296 4709 1310 4745; x_wconf 91' lang='lat'><strong>:</strong></span> <span class='ocrx_word' id='word_1_462' title='bbox 1342 4707 1460 4745; x_wconf 89' lang='lat' dir='ltr'><strong>eam</strong></span> <span class='ocrx_word' id='word_1_463' title='bbox 1502 4691 1618 4744; x_wconf 86' lang='lat' dir='ltr'><strong>viro</strong></span> <span class='ocrx_word' id='word_1_464' title='bbox 1651 4703 1817 4746; x_wconf 85' lang='lat' dir='ltr'><strong>matu-</strong></span> 
     </span>
    </p>
   </div>
   <div class='ocr_carea' id='block_1_63' title="bbox 263 4780 1823 4850">
    <p class='ocr_par' dir='ltr' id='par_1_63' title="bbox 263 4780 1823 4850">
     <span class='ocr_line' id='line_1_63' title="bbox 263 4780 1823 4850; baseline 0 -16"><span class='ocrx_word' id='word_1_465' title='bbox 263 4798 376 4834; x_wconf 79' lang='lat' dir='ltr'><strong>ram</strong></span> <span class='ocrx_word' id='word_1_466' title='bbox 409 4780 561 4835; x_wconf 88' lang='lat' dir='ltr'><strong>lrene</strong></span> <span class='ocrx_word' id='word_1_467' title='bbox 614 4792 783 4834; x_wconf 88' lang='lat' dir='ltr'><strong>mater</strong></span> <span class='ocrx_word' id='word_1_468' title='bbox 812 4781 1120 4835; x_wconf 83' lang='lat' dir='ltr'><strong>Andronico</strong></span> <span class='ocrx_word' id='word_1_469' title='bbox 1161 4782 1458 4850; x_wconf 67' lang='lat' dir='ltr'><strong>l‘alazologo</strong></span> <span class='ocrx_word' id='word_1_470' title='bbox 1517 4783 1823 4848; x_wconf 83' lang='lat' dir='ltr'><strong>collocavit,</strong></span> 
     </span>
    </p>
   </div>
   <div class='ocr_carea' id='block_1_64' title="bbox 260 4869 1822 4940">
    <p class='ocr_par' dir='ltr' id='par_1_64' title="bbox 260 4869 1822 4940">
     <span class='ocr_line' id='line_1_64' title="bbox 260 4869 1822 4940; baseline -0.001 -17"><span class='ocrx_word' id='word_1_471' title='bbox 260 4886 421 4940; x_wconf 78' lang='lat' dir='ltr'><strong>quem</strong></span> <span class='ocrx_word' id='word_1_472' title='bbox 473 4871 766 4938; x_wconf 83' lang='lat' dir='ltr'><strong>imperator</strong></span> <span class='ocrx_word' id='word_1_473' title='bbox 794 4871 1112 4925; x_wconf 77' lang='lat' dir='ltr'><strong>Theodorus</strong></span> <span class='ocrx_word' id='word_1_474' title='bbox 1167 4869 1434 4937; x_wconf 83' lang='lat' dir='ltr'><strong>Lascaris,</strong></span> <span class='ocrx_word' id='word_1_475' title='bbox 1468 4875 1556 4939; x_wconf 89' lang='lat' dir='ltr'><strong>qui</strong></span> <span class='ocrx_word' id='word_1_476' title='bbox 1598 4874 1822 4925; x_wconf 75' lang='lat' dir='ltr'><strong>alteram</strong></span> 
     </span>
    </p>
   </div>
   <div class='ocr_carea' id='block_1_65' title="bbox 259 4961 1825 5030">
    <p class='ocr_par' dir='ltr' id='par_1_65' title="bbox 259 4961 1825 5030">
     <span class='ocr_line' id='line_1_65' title="bbox 259 4961 1825 5030; baseline -0.002 -16"><span class='ocrx_word' id='word_1_477' title='bbox 259 4962 435 5016; x_wconf 78' lang='lat' dir='ltr'><strong>Alcxii</strong></span> <span class='ocrx_word' id='word_1_478' title='bbox 468 4963 807 5030; x_wconf 80' lang='lat' dir='ltr'><strong>imperatoris</strong></span> <span class='ocrx_word' id='word_1_479' title='bbox 835 4962 999 5016; x_wconf 86' lang='lat' dir='ltr'><strong>liliam</strong></span> <span class='ocrx_word' id='word_1_480' title='bbox 1029 4963 1275 5027; x_wconf 68' lang='lat' dir='ltr'><strong>duxerat,</strong></span> <span class='ocrx_word' id='word_1_481' title='bbox 1311 4976 1494 5030; x_wconf 86' lang='lat' dir='ltr'><strong>postea</strong></span> <span class='ocrx_word' id='word_1_482' title='bbox 1528 4961 1825 5016; x_wconf 77' lang='lat' dir='ltr'><strong>declaravit</strong></span> 
     </span>
    </p>
   </div>
   <div class='ocr_carea' id='block_1_66' title="bbox 263 5045 1899 5124">
    <p class='ocr_par' dir='ltr' id='par_1_66' title="bbox 263 5045 1899 5124">
     <span class='ocr_line' id='line_1_66' title="bbox 263 5045 1899 5124; baseline -0.003 -17"><span class='ocrx_word' id='word_1_483' title='bbox 263 5070 514 5124; x_wconf 75' lang='lat' dir='ltr'><strong>inagnum</strong></span> <span class='ocrx_word' id='word_1_484' title='bbox 542 5055 915 5108; x_wconf 89' lang='lat' dir='ltr'><strong>domesticum.</strong></span> <span class='ocrx_word' id='word_1_485' title='bbox 941 5052 1104 5122; x_wconf 89' lang='lat' dir='ltr'><strong>llujns</strong></span> <span class='ocrx_word' id='word_1_486' title='bbox 1128 5065 1287 5107; x_wconf 83' lang='lat' dir='ltr'><strong>erant</strong></span> <span class='ocrx_word' id='word_1_487' title='bbox 1314 5054 1403 5106; x_wconf 86' lang='lat' dir='ltr'><strong>lilii</strong></span> <span class='ocrx_word' id='word_1_488' title='bbox 1434 5062 1562 5115; x_wconf 88' lang='lat' dir='ltr'><strong>tres,</strong></span> <span class='ocrx_word' id='word_1_489' title='bbox 1586 5049 1814 5105; x_wconf 78' lang='lat' dir='ltr'><strong>Michael</strong></span> <span class='ocrx_word' id='word_1_490' title='bbox 1852 5045 1899 5102; x_wconf 82' lang='grc'><strong>1)</strong></span> 
     </span>
    </p>
   </div>
   <div class='ocr_carea' id='block_1_67' title="bbox 259 5141 1823 5211">
    <p class='ocr_par' dir='ltr' id='par_1_67' title="bbox 259 5141 1823 5211">
     <span class='ocr_line' id='line_1_67' title="bbox 259 5141 1823 5211; baseline -0.004 -10"><span class='ocrx_word' id='word_1_491' title='bbox 259 5146 569 5201; x_wconf 72' lang='lat' dir='ltr'><strong>Connnenus</strong></span> <span class='ocrx_word' id='word_1_492' title='bbox 591 5184 606 5209; x_wconf 91' lang='lat'><strong>,</strong></span> <span class='ocrx_word' id='word_1_493' title='bbox 663 5144 1051 5197; x_wconf 87' lang='lat' dir='ltr'><strong>Constantinus</strong></span> <span class='ocrx_word' id='word_1_494' title='bbox 1083 5142 1432 5211; x_wconf 71' lang='lat' dir='ltr'><strong>PalanIOgus,</strong></span> <span class='ocrx_word' id='word_1_495' title='bbox 1478 5151 1532 5197; x_wconf 90' lang='lat' dir='ltr'><strong>et</strong></span> <span class='ocrx_word' id='word_1_496' title='bbox 1563 5141 1823 5205; x_wconf 81' lang='lat' dir='ltr'><strong>Joannes,</strong></span> 
     </span>
    </p>
   </div>
   <div class='ocr_carea' id='block_1_68' title="bbox 257 5235 1828 5305">
    <p class='ocr_par' dir='ltr' id='par_1_68' title="bbox 257 5235 1828 5305">
     <span class='ocr_line' id='line_1_68' title="bbox 257 5235 1828 5305; baseline -0.003 -12"><span class='ocrx_word' id='word_1_497' title='bbox 257 5240 325 5293; x_wconf 90' lang='lat' dir='ltr'><strong>ab</strong></span> <span class='ocrx_word' id='word_1_498' title='bbox 359 5253 587 5305; x_wconf 89' lang='lat' dir='ltr'><strong>utroque</strong></span> <span class='ocrx_word' id='word_1_499' title='bbox 626 5248 851 5304; x_wconf 89' lang='lat' dir='ltr'><strong>parente</strong></span> <span class='ocrx_word' id='word_1_500' title='bbox 906 5235 1211 5304; x_wconf 68' lang='lat' dir='ltr'><strong>l’alteologi.</strong></span> <span class='ocrx_word' id='word_1_501' title='bbox 1268 5236 1444 5304; x_wconf 88' lang='lat' dir='ltr'><strong>Atque</strong></span> <span class='ocrx_word' id='word_1_502' title='bbox 1483 5235 1551 5288; x_wconf 86' lang='lat' dir='ltr'><strong>ab</strong></span> <span class='ocrx_word' id='word_1_503' title='bbox 1590 5236 1672 5288; x_wconf 89' lang='lat' dir='ltr'><strong>his</strong></span> <span class='ocrx_word' id='word_1_504' title='bbox 1702 5251 1828 5304; x_wconf 86' lang='lat' dir='ltr'><strong>pro-</strong></span> 
     </span>
    </p>
   </div>
   <div class='ocr_carea' id='block_1_69' title="bbox 250 5324 1823 5401">
    <p class='ocr_par' dir='ltr' id='par_1_69' title="bbox 250 5324 1823 5401">
     <span class='ocr_line' id='line_1_69' title="bbox 250 5324 1823 5401; baseline -0.001 -22"><span class='ocrx_word' id='word_1_505' title='bbox 250 5329 395 5401; x_wconf 61' lang='lat' dir='ltr'><strong>tecta</strong></span> <span class='ocrx_word' id='word_1_506' title='bbox 439 5326 788 5395; x_wconf 68' lang='lat' dir='ltr'><strong>initiisgens</strong></span> <span class='ocrx_word' id='word_1_507' title='bbox 813 5324 1135 5393; x_wconf 63' lang='lat' dir='ltr'><strong>Palaaologa,</strong></span> <span class='ocrx_word' id='word_1_508' title='bbox 1164 5325 1353 5394; x_wconf 89' lang='lat' dir='ltr'><strong>utjam</strong></span> <span class='ocrx_word' id='word_1_509' title='bbox 1391 5327 1723 5390; x_wconf 83' lang='lat' dir='ltr'><strong>narrabitur,</strong></span> <span class='ocrx_word' id='word_1_510' title='bbox 1757 5325 1823 5377; x_wconf 89' lang='lat' dir='ltr'><strong>ad</strong></span> 
     </span>
    </p>
   </div>
   <div class='ocr_carea' id='block_1_70' title="bbox 247 5414 1825 5486">
    <p class='ocr_par' dir='ltr' id='par_1_70' title="bbox 247 5414 1825 5486">
     <span class='ocr_line' id='line_1_70' title="bbox 247 5414 1825 5486; baseline -0.003 -14"><span class='ocrx_word' id='word_1_511' title='bbox 247 5416 540 5486; x_wconf 67' lang='lat' dir='ltr'><strong>{imperium</strong></span> <span class='ocrx_word' id='word_1_512' title='bbox 566 5417 819 5470; x_wconf 86' lang='lat' dir='ltr'><strong>accessit.</strong></span> <span class='ocrx_word' id='word_1_513' title='bbox 846 5414 979 5468; x_wconf 83' lang='lat' dir='ltr'><strong>Nam</strong></span> <span class='ocrx_word' id='word_1_514' title='bbox 1007 5416 1226 5471; x_wconf 90' lang='lat' dir='ltr'><strong>adultus</strong></span> <span class='ocrx_word' id='word_1_515' title='bbox 1258 5416 1506 5480; x_wconf 83' lang='lat' dir='ltr'><strong>Michael,</strong></span> <span class='ocrx_word' id='word_1_516' title='bbox 1540 5418 1680 5471; x_wconf 82' lang='lat' dir='ltr'><strong>[ilius</strong></span> <span class='ocrx_word' id='word_1_517' title='bbox 1712 5419 1825 5470; x_wconf 84' lang='lat' dir='ltr'><strong>An-</strong></span> 
     </span>
    </p>
   </div>
   <div class='ocr_carea' id='block_1_71' title="bbox 250 5512 1823 5579">
    <p class='ocr_par' dir='ltr' id='par_1_71' title="bbox 250 5512 1823 5579">
     <span class='ocr_line' id='line_1_71' title="bbox 250 5512 1823 5579; baseline -0.003 -7"><span class='ocrx_word' id='word_1_518' title='bbox 250 5515 465 5572; x_wconf 81' lang='lat' dir='ltr'><strong>dronici</strong></span> <span class='ocrx_word' id='word_1_519' title='bbox 497 5523 624 5565; x_wconf 87' lang='lat' dir='ltr'><strong>natu</strong></span> <span class='ocrx_word' id='word_1_520' title='bbox 665 5513 951 5574; x_wconf 80' lang='lat' dir='ltr'><strong>maximus,</strong></span> <span class='ocrx_word' id='word_1_521' title='bbox 988 5527 1128 5565; x_wconf 86' lang='lat' dir='ltr'><strong>unus</strong></span> <span class='ocrx_word' id='word_1_522' title='bbox 1166 5512 1311 5564; x_wconf 88' lang='lat' dir='ltr'><strong>inter</strong></span> <span class='ocrx_word' id='word_1_523' title='bbox 1346 5526 1531 5565; x_wconf 87' lang='lat' dir='ltr'><strong>omnes</strong></span> <span class='ocrx_word' id='word_1_524' title='bbox 1567 5525 1823 5579; x_wconf 88' lang='lat' dir='ltr'><strong>proceres</strong></span> 
     </span>
    </p>
   </div>
   <div class='ocr_carea' id='block_1_72' title="bbox 248 5604 1819 5677">
    <p class='ocr_par' dir='ltr' id='par_1_72' title="bbox 248 5604 1819 5677">
     <span class='ocr_line' id='line_1_72' title="bbox 248 5604 1819 5677; baseline 0.001 -18"><span class='ocrx_word' id='word_1_525' title='bbox 248 5607 574 5677; x_wconf 59' lang='lat' dir='ltr'><strong>excellebat,</strong></span> <span class='ocrx_word' id='word_1_526' title='bbox 628 5604 854 5671; x_wconf 77' lang='lat' dir='ltr'><strong>insignis</strong></span> <span class='ocrx_word' id='word_1_527' title='bbox 899 5605 1169 5658; x_wconf 80' lang='lat' dir='ltr'><strong>suavitate</strong></span> <span class='ocrx_word' id='word_1_528' title='bbox 1224 5604 1355 5669; x_wconf 85' lang='lat' dir='ltr'><strong>oris,</strong></span> <span class='ocrx_word' id='word_1_529' title='bbox 1410 5606 1819 5661; x_wconf 78' lang='lat' dir='ltr'><strong>consuetudinis</strong></span> 
     </span>
    </p>
   </div>
   <div class='ocr_carea' id='block_1_73' title="bbox 248 5690 1814 5770">
    <p class='ocr_par' dir='ltr' id='par_1_73' title="bbox 248 5690 1814 5770">
     <span class='ocr_line' id='line_1_73' title="bbox 248 5690 1814 5770; baseline -0.001 -14"><span class='ocrx_word' id='word_1_530' title='bbox 248 5691 533 5763; x_wconf 64' lang='lat' dir='ltr'><strong>2(:(nnitate,</strong></span> <span class='ocrx_word' id='word_1_531' title='bbox 581 5714 788 5754; x_wconf 88' lang='lat' dir='ltr'><strong>morum</strong></span> <span class='ocrx_word' id='word_1_532' title='bbox 837 5697 1102 5767; x_wconf 72' lang='lat' dir='ltr'><strong>elegantia</strong></span> <span class='ocrx_word' id='word_1_533' title='bbox 1134 5705 1186 5751; x_wconf 90' lang='lat' dir='ltr'><strong>et</strong></span> <span class='ocrx_word' id='word_1_534' title='bbox 1215 5697 1539 5753; x_wconf 63' lang='lat' dir='ltr'><strong>liberalitate</strong></span> <span class='ocrx_word' id='word_1_535' title='bbox 1592 5690 1814 5770; x_wconf 85' lang='lat' dir='ltr'><strong>insuper</strong></span> 
     </span>
    </p>
   </div>
   <div class='ocr_carea' id='block_1_74' title="bbox 1933 3783 3497 3854">
    <p class='ocr_par' dir='ltr' id='par_1_74' title="bbox 1933 3783 3497 3854">
     <span class='ocr_line' id='line_1_74' title="bbox 1933 3783 3497 3854; baseline 0.003 -20"><span class='ocrx_word' id='word_1_536' title='bbox 1933 3784 2115 3836; x_wconf 89' lang='lat' dir='ltr'><strong>multis</strong></span> <span class='ocrx_word' id='word_1_537' title='bbox 2145 3783 2472 3850; x_wconf 88' lang='lat' dir='ltr'><strong>diligebatur</strong></span> <span class='ocrx_word' id='word_1_538' title='bbox 2513 3792 2567 3837; x_wconf 92' lang='lat' dir='ltr'><strong>et</strong></span> <span class='ocrx_word' id='word_1_539' title='bbox 2617 3783 2918 3838; x_wconf 88' lang='lat' dir='ltr'><strong>habebatur</strong></span> <span class='ocrx_word' id='word_1_540' title='bbox 2966 3785 3190 3849; x_wconf 88' lang='lat' dir='ltr'><strong>charus,</strong></span> <span class='ocrx_word' id='word_1_541' title='bbox 3222 3787 3385 3854; x_wconf 86' lang='lat' dir='ltr'><strong>inque</strong></span> <span class='ocrx_word' id='word_1_542' title='bbox 3412 3785 3497 3839; x_wconf 85' lang='lat' dir='ltr'><strong>sui</strong></span> 
     </span>
    </p>
   </div>
   <div class='ocr_carea' id='block_1_75' title="bbox 1932 3873 3500 3943">
    <p class='ocr_par' dir='ltr' id='par_1_75' title="bbox 1932 3873 3500 3943">
     <span class='ocr_line' id='line_1_75' title="bbox 1932 3873 3500 3943; baseline -0.001 -13"><span class='ocrx_word' id='word_1_543' title='bbox 1932 3876 2170 3931; x_wconf 86' lang='lat' dir='ltr'><strong>studium</strong></span> <span class='ocrx_word' id='word_1_544' title='bbox 2204 3889 2391 3928; x_wconf 91' lang='lat' dir='ltr'><strong>omnes</strong></span> <span class='ocrx_word' id='word_1_545' title='bbox 2416 3873 2666 3927; x_wconf 89' lang='lat' dir='ltr'><strong>trahebat</strong></span> <span class='ocrx_word' id='word_1_546' title='bbox 2697 3879 2886 3937; x_wconf 86' lang='lat' dir='ltr'><strong>duces,</strong></span> <span class='ocrx_word' id='word_1_547' title='bbox 2918 3877 3288 3941; x_wconf 83' lang='lat' dir='ltr'><strong>centuriones,</strong></span> <span class='ocrx_word' id='word_1_548' title='bbox 3316 3876 3500 3943; x_wconf 89' lang='lat' dir='ltr'><strong>plebe-</strong></span> 
     </span>
    </p>
   </div>
   <div class='ocr_carea' id='block_1_76' title="bbox 1932 3963 3499 4032">
    <p class='ocr_par' dir='ltr' id='par_1_76' title="bbox 1932 3963 3499 4032">
     <span class='ocr_line' id='line_1_76' title="bbox 1932 3963 3499 4032; baseline 0 -11"><span class='ocrx_word' id='word_1_549' title='bbox 1932 3967 2036 4030; x_wconf 88' lang='lat' dir='ltr'><strong>ios,</strong></span> <span class='ocrx_word' id='word_1_550' title='bbox 2077 3980 2141 4018; x_wconf 89' lang='lat' dir='ltr'><strong>ac</strong></span> <span class='ocrx_word' id='word_1_551' title='bbox 2167 3965 2426 4018; x_wconf 90' lang='lat' dir='ltr'><strong>senatorii</strong></span> <span class='ocrx_word' id='word_1_552' title='bbox 2488 3963 2694 4018; x_wconf 89' lang='lat' dir='ltr'><strong>ordinis</strong></span> <span class='ocrx_word' id='word_1_553' title='bbox 2734 3965 3051 4032; x_wconf 88' lang='lat' dir='ltr'><strong>permultos.</strong></span> <span class='ocrx_word' id='word_1_554' title='bbox 3105 3964 3258 4020; x_wconf 88' lang='lat' dir='ltr'><strong>Unde</strong></span> <span class='ocrx_word' id='word_1_555' title='bbox 3298 3969 3499 4021; x_wconf 87' lang='lat' dir='ltr'><strong>adver-</strong></span> 
     </span>
    </p>
   </div>
   <div class='ocr_carea' id='block_1_77' title="bbox 1931 4054 3499 4127">
    <p class='ocr_par' dir='ltr' id='par_1_77' title="bbox 1931 4054 3499 4127">
     <span class='ocr_line' id='line_1_77' title="bbox 1931 4054 3499 4127; baseline 0.001 -15"><span class='ocrx_word' id='word_1_556' title='bbox 1931 4072 2025 4112; x_wconf 88' lang='lat' dir='ltr'><strong>sus</strong></span> <span class='ocrx_word' id='word_1_557' title='bbox 2046 4072 2168 4111; x_wconf 87' lang='lat' dir='ltr'><strong>eum</strong></span> <span class='ocrx_word' id='word_1_558' title='bbox 2194 4054 2603 4109; x_wconf 89' lang='lat' dir='ltr'><strong>criminationes</strong></span> <span class='ocrx_word' id='word_1_559' title='bbox 2626 4059 2872 4123; x_wconf 55' lang='lat' dir='ltr'><strong>quaedam</strong></span> <span class='ocrx_word' id='word_1_560' title='bbox 2898 4055 3136 4110; x_wconf 77' lang='lat' dir='ltr'><strong>aﬂectati</strong></span> <span class='ocrx_word' id='word_1_561' title='bbox 3163 4058 3373 4127; x_wconf 89' lang='lat' dir='ltr'><strong>imperii</strong></span> <span class='ocrx_word' id='word_1_562' title='bbox 3400 4076 3499 4114; x_wconf 88' lang='lat' dir='ltr'><strong>no-</strong></span> 
     </span>
    </p>
   </div>
   <div class='ocr_carea' id='block_1_78' title="bbox 1931 4144 3495 4215">
    <p class='ocr_par' dir='ltr' id='par_1_78' title="bbox 1931 4144 3495 4215">
     <span class='ocr_line' id='line_1_78' title="bbox 1931 4144 3495 4215; baseline 0.001 -13"><span class='ocrx_word' id='word_1_563' title='bbox 1931 4158 1999 4202; x_wconf 70' lang='lat' dir='ltr'><strong>tae</strong></span> <span class='ocrx_word' id='word_1_564' title='bbox 2023 4156 2169 4209; x_wconf 90' lang='lat' dir='ltr'><strong>sunt,</strong></span> <span class='ocrx_word' id='word_1_565' title='bbox 2199 4149 2341 4215; x_wconf 90' lang='lat' dir='ltr'><strong>quod</strong></span> <span class='ocrx_word' id='word_1_566' title='bbox 2372 4157 2485 4199; x_wconf 88' lang='lat' dir='ltr'><strong>tum</strong></span> <span class='ocrx_word' id='word_1_567' title='bbox 2509 4145 2829 4201; x_wconf 86' lang='lat' dir='ltr'><strong>Theodorus</strong></span> <span class='ocrx_word' id='word_1_568' title='bbox 2855 4144 3109 4203; x_wconf 76' lang='lat' dir='ltr'><strong>Lascaris</strong></span> <span class='ocrx_word' id='word_1_569' title='bbox 3139 4150 3313 4202; x_wconf 90' lang='lat' dir='ltr'><strong>minor</strong></span> <span class='ocrx_word' id='word_1_570' title='bbox 3341 4160 3495 4204; x_wconf 88' lang='lat' dir='ltr'><strong>tene-</strong></span> 
     </span>
    </p>
   </div>
   <div class='ocr_carea' id='block_1_79' title="bbox 1932 4236 3496 4307">
    <p class='ocr_par' dir='ltr' id='par_1_79' title="bbox 1932 4236 3496 4307">
     <span class='ocr_line' id='line_1_79' title="bbox 1932 4236 3496 4307; baseline -0.003 -13"><span class='ocrx_word' id='word_1_571' title='bbox 1932 4239 2045 4294; x_wconf 90' lang='lat' dir='ltr'><strong>bat.</strong></span> <span class='ocrx_word' id='word_1_572' title='bbox 2088 4236 2230 4292; x_wconf 82' lang='lat' dir='ltr'><strong>l‘alia</strong></span> <span class='ocrx_word' id='word_1_573' title='bbox 2263 4238 2357 4307; x_wconf 88' lang='lat' dir='ltr'><strong>qui</strong></span> <span class='ocrx_word' id='word_1_574' title='bbox 2408 4246 2781 4307; x_wconf 82' lang='lat' dir='ltr'><strong>susurrarent,</strong></span> <span class='ocrx_word' id='word_1_575' title='bbox 2817 4237 2868 4289; x_wconf 94' lang='lat' dir='ltr'><strong>in</strong></span> <span class='ocrx_word' id='word_1_576' title='bbox 2903 4237 3072 4304; x_wconf 84' lang='lat' dir='ltr'><strong>ipsius</strong></span> <span class='ocrx_word' id='word_1_577' title='bbox 3133 4238 3496 4292; x_wconf 78' lang='lat' dir='ltr'><strong>numerabth</strong></span> 
     </span>
    </p>
   </div>
   <div class='ocr_carea' id='block_1_80' title="bbox 1933 4327 3494 4396">
    <p class='ocr_par' dir='ltr' id='par_1_80' title="bbox 1933 4327 3494 4396">
     <span class='ocr_line' id='line_1_80' title="bbox 1933 4327 3494 4396; baseline -0.001 -12"><span class='ocrx_word' id='word_1_578' title='bbox 1933 4339 2021 4384; x_wconf 88' lang='lat' dir='ltr'><strong>tur</strong></span> <span class='ocrx_word' id='word_1_579' title='bbox 2049 4330 2260 4394; x_wconf 88' lang='lat' dir='ltr'><strong>amicis,</strong></span> <span class='ocrx_word' id='word_1_580' title='bbox 2286 4331 2339 4383; x_wconf 90' lang='lat' dir='ltr'><strong>in</strong></span> <span class='ocrx_word' id='word_1_581' title='bbox 2380 4328 2593 4392; x_wconf 88' lang='lat' dir='ltr'><strong>amicis,</strong></span> <span class='ocrx_word' id='word_1_582' title='bbox 2628 4327 2869 4396; x_wconf 90' lang='lat' dir='ltr'><strong>inquam,</strong></span> <span class='ocrx_word' id='word_1_583' title='bbox 2898 4327 3180 4383; x_wconf 84' lang='lat' dir='ltr'><strong>Michaelis</strong></span> <span class='ocrx_word' id='word_1_584' title='bbox 3206 4330 3494 4383; x_wconf 84' lang='lat' dir='ltr'><strong>Coumeni.</strong></span> 
     </span>
    </p>
   </div>
   <div class='ocr_carea' id='block_1_81' title="bbox 1930 4419 3494 4489">
    <p class='ocr_par' dir='ltr' id='par_1_81' title="bbox 1930 4419 3494 4489">
     <span class='ocr_line' id='line_1_81' title="bbox 1930 4419 3494 4489; baseline -0.001 -15"><span class='ocrx_word' id='word_1_585' title='bbox 1930 4420 2116 4489; x_wconf 84' lang='lat' dir='ltr'><strong>Itaque</strong></span> <span class='ocrx_word' id='word_1_586' title='bbox 2160 4422 2310 4489; x_wconf 88' lang='lat' dir='ltr'><strong>jussu</strong></span> <span class='ocrx_word' id='word_1_587' title='bbox 2360 4419 2704 4487; x_wconf 85' lang='lat' dir='ltr'><strong>imperatoris</strong></span> <span class='ocrx_word' id='word_1_588' title='bbox 2737 4428 2963 4473; x_wconf 80' lang='lat' dir='ltr'><strong>vocatur</strong></span> <span class='ocrx_word' id='word_1_589' title='bbox 3012 4420 3063 4472; x_wconf 92' lang='lat' dir='ltr'><strong>in</strong></span> <span class='ocrx_word' id='word_1_590' title='bbox 3119 4421 3494 4488; x_wconf 77' lang='lat' dir='ltr'><strong>qna-stionem.</strong></span> 
     </span>
    </p>
   </div>
   <div class='ocr_carea' id='block_1_82' title="bbox 1932 4508 3497 4579">
    <p class='ocr_par' dir='ltr' id='par_1_82' title="bbox 1932 4508 3497 4579">
     <span class='ocr_line' id='line_1_82' title="bbox 1932 4508 3497 4579; baseline 0 -17"><span class='ocrx_word' id='word_1_591' title='bbox 1932 4509 2209 4565; x_wconf 79' lang='lat' dir='ltr'><strong>Habebunt</strong></span> <span class='ocrx_word' id='word_1_592' title='bbox 2229 4525 2345 4565; x_wconf 89' lang='lat' dir='ltr'><strong>eam</strong></span> <span class='ocrx_word' id='word_1_593' title='bbox 2364 4509 2713 4575; x_wconf 67' lang='lat' dir='ltr'><strong>quaestionem</strong></span> <span class='ocrx_word' id='word_1_594' title='bbox 2736 4508 3001 4565; x_wconf 84' lang='lat' dir='ltr'><strong>Arsenius</strong></span> <span class='ocrx_word' id='word_1_595' title='bbox 3032 4510 3497 4579; x_wconf 82' lang='lat' dir='ltr'><strong>archiepiscOpus,</strong></span> 
     </span>
    </p>
   </div>
   <div class='ocr_carea' id='block_1_83' title="bbox 1929 4599 3495 4671">
    <p class='ocr_par' dir='ltr' id='par_1_83' title="bbox 1929 4599 3495 4671">
     <span class='ocr_line' id='line_1_83' title="bbox 1929 4599 3495 4671; baseline -0.004 -16"><span class='ocrx_word' id='word_1_596' title='bbox 1929 4603 2085 4669; x_wconf 88' lang='lat' dir='ltr'><strong>cujus</strong></span> <span class='ocrx_word' id='word_1_597' title='bbox 2109 4615 2299 4671; x_wconf 86' lang='lat' dir='ltr'><strong>magna</strong></span> <span class='ocrx_word' id='word_1_598' title='bbox 2328 4611 2436 4652; x_wconf 90' lang='lat' dir='ltr'><strong>tum</strong></span> <span class='ocrx_word' id='word_1_599' title='bbox 2459 4599 2600 4668; x_wconf 90' lang='lat' dir='ltr'><strong>apud</strong></span> <span class='ocrx_word' id='word_1_600' title='bbox 2631 4600 3013 4669; x_wconf 86' lang='lat' dir='ltr'><strong>imperatorem</strong></span> <span class='ocrx_word' id='word_1_601' title='bbox 3040 4602 3333 4655; x_wconf 88' lang='lat' dir='ltr'><strong>auctoritas</strong></span> <span class='ocrx_word' id='word_1_602' title='bbox 3353 4611 3495 4665; x_wconf 87' lang='lat' dir='ltr'><strong>erat,</strong></span> 
     </span>
    </p>
   </div>
   <div class='ocr_carea' id='block_1_84' title="bbox 1930 4691 3497 4747">
    <p class='ocr_par' dir='ltr' id='par_1_84' title="bbox 1930 4691 3497 4747">
     <span class='ocr_line' id='line_1_84' title="bbox 1930 4691 3497 4747; baseline 0.001 -1"><span class='ocrx_word' id='word_1_603' title='bbox 1930 4706 1984 4746; x_wconf 91' lang='lat' dir='ltr'><strong>et</strong></span> <span class='ocrx_word' id='word_1_604' title='bbox 2015 4693 2102 4745; x_wconf 87' lang='lat' dir='ltr'><strong>alii</strong></span> <span class='ocrx_word' id='word_1_605' title='bbox 2144 4694 2240 4744; x_wconf 86' lang='lat' dir='ltr'><strong>viri</strong></span> <span class='ocrx_word' id='word_1_606' title='bbox 2281 4691 2539 4744; x_wconf 84' lang='lat' dir='ltr'><strong>illustres.</strong></span> <span class='ocrx_word' id='word_1_607' title='bbox 2569 4691 2868 4744; x_wconf 86' lang='lat' dir='ltr'><strong>Adductum</strong></span> <span class='ocrx_word' id='word_1_608' title='bbox 2913 4691 3225 4745; x_wconf 87' lang='lat' dir='ltr'><strong>Michaelem</strong></span> <span class='ocrx_word' id='word_1_609' title='bbox 3265 4692 3497 4747; x_wconf 77' lang='lat' dir='ltr'><strong>Comite-</strong></span> 
     </span>
    </p>
   </div>
   <div class='ocr_carea' id='block_1_85' title="bbox 1930 4784 3495 4853">
    <p class='ocr_par' dir='ltr' id='par_1_85' title="bbox 1930 4784 3495 4853">
     <span class='ocr_line' id='line_1_85' title="bbox 1930 4784 3495 4853; baseline 0.001 -14"><span class='ocrx_word' id='word_1_610' title='bbox 1930 4803 2055 4839; x_wconf 87' lang='lat' dir='ltr'><strong>unm</strong></span> <span class='ocrx_word' id='word_1_611' title='bbox 2083 4785 2247 4838; x_wconf 88' lang='lat' dir='ltr'><strong>multa</strong></span> <span class='ocrx_word' id='word_1_612' title='bbox 2295 4784 2633 4852; x_wconf 88' lang='lat' dir='ltr'><strong>interrogant</strong></span> <span class='ocrx_word' id='word_1_613' title='bbox 2659 4792 2712 4837; x_wconf 89' lang='lat' dir='ltr'><strong>et</strong></span> <span class='ocrx_word' id='word_1_614' title='bbox 2747 4787 3123 4847; x_wconf 79' lang='lat' dir='ltr'><strong>cohortantur,</strong></span> <span class='ocrx_word' id='word_1_615' title='bbox 3173 4787 3495 4853; x_wconf 84' lang='lat' dir='ltr'><strong>tandemque</strong></span> 
     </span>
    </p>
   </div>
   <div class='ocr_carea' id='block_1_86' title="bbox 1928 4876 3547 4948">
    <p class='ocr_par' dir='ltr' id='par_1_86' title="bbox 1928 4876 3547 4948">
     <span class='ocr_line' id='line_1_86' title="bbox 1928 4876 3547 4948; baseline 0 -15"><span class='ocrx_word' id='word_1_616' title='bbox 1928 4879 2368 4945; x_wconf 77' lang='lat' dir='ltr'><strong>archiepiscopus</strong></span> <span class='ocrx_word' id='word_1_617' title='bbox 2388 4876 2681 4942; x_wconf 39' lang='lat' dir='ltr'><strong>his‘verbis</strong></span> <span class='ocrx_word' id='word_1_618' title='bbox 2705 4877 3016 4944; x_wconf 80' lang='lat' dir='ltr'><strong>compellat:</strong></span> <span class='ocrx_word' id='word_1_619' title='bbox 3054 4876 3186 4941; x_wconf 64' lang='lat' dir='ltr'><strong>«Qui</strong></span> <span class='ocrx_word' id='word_1_620' title='bbox 3213 4878 3337 4945; x_wconf 88' lang='lat' dir='ltr'><strong>quid</strong></span> <span class='ocrx_word' id='word_1_621' title='bbox 3367 4894 3495 4948; x_wconf 85' lang='lat' dir='ltr'><strong>pcc-</strong></span> <span class='ocrx_word' id='word_1_622' title='bbox 3542 4939 3547 4945; x_wconf 53' lang='grc'><strong>,</strong></span> 
     </span>
    </p>
   </div>
   <div class='ocr_carea' id='block_1_87' title="bbox 1926 4966 3496 5035">
    <p class='ocr_par' dir='ltr' id='par_1_87' title="bbox 1926 4966 3496 5035">
     <span class='ocr_line' id='line_1_87' title="bbox 1926 4966 3496 5035; baseline 0.001 -12"><span class='ocrx_word' id='word_1_623' title='bbox 1926 4979 2139 5032; x_wconf 91' lang='lat' dir='ltr'><strong>carunt,</strong></span> <span class='ocrx_word' id='word_1_624' title='bbox 2178 4966 2370 5035; x_wconf 91' lang='lat' dir='ltr'><strong>inquit,</strong></span> <span class='ocrx_word' id='word_1_625' title='bbox 2408 4966 2472 5020; x_wconf 89' lang='lat' dir='ltr'><strong>iis</strong></span> <span class='ocrx_word' id='word_1_626' title='bbox 2503 4981 2607 5018; x_wconf 93' lang='lat' dir='ltr'><strong>non</strong></span> <span class='ocrx_word' id='word_1_627' title='bbox 2652 4966 2765 5019; x_wconf 75' lang='lat' dir='ltr'><strong>haec</strong></span> <span class='ocrx_word' id='word_1_628' title='bbox 2792 4968 2941 5021; x_wconf 83' lang='lat' dir='ltr'><strong>venia</strong></span> <span class='ocrx_word' id='word_1_629' title='bbox 2965 4969 3138 5030; x_wconf 88' lang='lat' dir='ltr'><strong>datur,</strong></span> <span class='ocrx_word' id='word_1_630' title='bbox 3172 4977 3231 5022; x_wconf 90' lang='lat' dir='ltr'><strong>ut</strong></span> <span class='ocrx_word' id='word_1_631' title='bbox 3278 4978 3496 5025; x_wconf 79' lang='lat' dir='ltr'><strong>taceant</strong></span> 
     </span>
    </p>
   </div>
   <div class='ocr_carea' id='block_1_88' title="bbox 1928 5058 3492 5127">
    <p class='ocr_par' dir='ltr' id='par_1_88' title="bbox 1928 5058 3492 5127">
     <span class='ocr_line' id='line_1_88' title="bbox 1928 5058 3492 5127; baseline 0.002 -14"><span class='ocrx_word' id='word_1_632' title='bbox 1928 5069 1980 5113; x_wconf 91' lang='lat' dir='ltr'><strong>et</strong></span> <span class='ocrx_word' id='word_1_633' title='bbox 2024 5060 2155 5112; x_wconf 91' lang='lat' dir='ltr'><strong>nihil</strong></span> <span class='ocrx_word' id='word_1_634' title='bbox 2186 5059 2479 5127; x_wconf 90' lang='lat' dir='ltr'><strong>quidquam</strong></span> <span class='ocrx_word' id='word_1_635' title='bbox 2516 5058 2865 5124; x_wconf 90' lang='lat' dir='ltr'><strong>pronuntient</strong></span> <span class='ocrx_word' id='word_1_636' title='bbox 2897 5059 2961 5111; x_wconf 88' lang='lat' dir='ltr'><strong>de</strong></span> <span class='ocrx_word' id='word_1_637' title='bbox 2994 5068 3203 5126; x_wconf 87' lang='lat' dir='ltr'><strong>patrato</strong></span> <span class='ocrx_word' id='word_1_638' title='bbox 3238 5062 3492 5116; x_wconf 83' lang='lat' dir='ltr'><strong>crimine.</strong></span> 
     </span>
    </p>
   </div>
   <div class='ocr_carea' id='block_1_89' title="bbox 1928 5148 3492 5219">
    <p class='ocr_par' dir='ltr' id='par_1_89' title="bbox 1928 5148 3492 5219">
     <span class='ocr_line' id='line_1_89' title="bbox 1928 5148 3492 5219; baseline 0.001 -15"><span class='ocrx_word' id='word_1_639' title='bbox 1928 5152 2108 5218; x_wconf 70' lang='lat' dir='ltr'><strong>Quare</strong></span> <span class='ocrx_word' id='word_1_640' title='bbox 2149 5159 2224 5215; x_wconf 89' lang='lat' dir='ltr'><strong>tu,</strong></span> <span class='ocrx_word' id='word_1_641' title='bbox 2285 5151 2367 5202; x_wconf 76' lang='lat' dir='ltr'><strong>vir</strong></span> <span class='ocrx_word' id='word_1_642' title='bbox 2411 5148 2845 5211; x_wconf 89' lang='lat' dir='ltr'><strong>honoratissime,</strong></span> <span class='ocrx_word' id='word_1_643' title='bbox 2896 5164 3015 5201; x_wconf 90' lang='lat' dir='ltr'><strong>cum</strong></span> <span class='ocrx_word' id='word_1_644' title='bbox 3072 5150 3146 5203; x_wconf 86' lang='lat' dir='ltr'><strong>sis</strong></span> <span class='ocrx_word' id='word_1_645' title='bbox 3201 5166 3492 5219; x_wconf 79' lang='lat' dir='ltr'><strong>generosus</strong></span> 
     </span>
    </p>
   </div>
   <div class='ocr_carea' id='block_1_90' title="bbox 1928 5239 3488 5311">
    <p class='ocr_par' dir='ltr' id='par_1_90' title="bbox 1928 5239 3488 5311">
     <span class='ocr_line' id='line_1_90' title="bbox 1928 5239 3488 5311; baseline -0.003 -13"><span class='ocrx_word' id='word_1_646' title='bbox 1928 5254 1984 5299; x_wconf 88' lang='lat' dir='ltr'><strong>et</strong></span> <span class='ocrx_word' id='word_1_647' title='bbox 2037 5259 2102 5296; x_wconf 80' lang='lat' dir='ltr'><strong>ex</strong></span> <span class='ocrx_word' id='word_1_648' title='bbox 2149 5240 2427 5311; x_wconf 84' lang='lat' dir='ltr'><strong>generosis</strong></span> <span class='ocrx_word' id='word_1_649' title='bbox 2460 5240 2742 5304; x_wconf 87' lang='lat' dir='ltr'><strong>oriundus,</strong></span> <span class='ocrx_word' id='word_1_650' title='bbox 2774 5239 3127 5308; x_wconf 87' lang='lat' dir='ltr'><strong>interroganti</strong></span> <span class='ocrx_word' id='word_1_651' title='bbox 3180 5242 3306 5294; x_wconf 88' lang='lat' dir='ltr'><strong>mihi</strong></span> <span class='ocrx_word' id='word_1_652' title='bbox 3341 5243 3488 5310; x_wconf 87' lang='lat' dir='ltr'><strong>aperi</strong></span> 
     </span>
    </p>
   </div>
   <div class='ocr_carea' id='block_1_91' title="bbox 1928 5330 3493 5400">
    <p class='ocr_par' dir='ltr' id='par_1_91' title="bbox 1928 5330 3493 5400">
     <span class='ocr_line' id='line_1_91' title="bbox 1928 5330 3493 5400; baseline -0.001 -12"><span class='ocrx_word' id='word_1_653' title='bbox 1928 5338 2251 5388; x_wconf 81' lang='lat' dir='ltr'><strong>veritatem:</strong></span> <span class='ocrx_word' id='word_1_654' title='bbox 2296 5331 2514 5399; x_wconf 83' lang='lat' dir='ltr'><strong>quinam</strong></span> <span class='ocrx_word' id='word_1_655' title='bbox 2551 5340 2723 5383; x_wconf 90' lang='lat' dir='ltr'><strong>tecum</strong></span> <span class='ocrx_word' id='word_1_656' title='bbox 2761 5330 3115 5400; x_wconf 86' lang='lat' dir='ltr'><strong>conjurarunt</strong></span> <span class='ocrx_word' id='word_1_657' title='bbox 3172 5334 3493 5399; x_wconf 81' lang='lat' dir='ltr'><strong>consiliique</strong></span> 
     </span>
    </p>
   </div>
   <div class='ocr_carea' id='block_1_92' title="bbox 1928 5420 3495 5493">
    <p class='ocr_par' dir='ltr' id='par_1_92' title="bbox 1928 5420 3495 5493">
     <span class='ocr_line' id='line_1_92' title="bbox 1928 5420 3495 5493; baseline -0.004 -14"><span class='ocrx_word' id='word_1_658' title='bbox 1928 5425 2085 5480; x_wconf 84' lang='lat' dir='ltr'><strong>istius</strong></span> <span class='ocrx_word' id='word_1_659' title='bbox 2116 5424 2318 5478; x_wconf 85' lang='lat' dir='ltr'><strong>conscii</strong></span> <span class='ocrx_word' id='word_1_660' title='bbox 2351 5434 2474 5476; x_wconf 88' lang='lat' dir='ltr'><strong>sunt</strong></span> <span class='ocrx_word' id='word_1_661' title='bbox 2506 5431 2559 5477; x_wconf 90' lang='lat' dir='ltr'><strong>et</strong></span> <span class='ocrx_word' id='word_1_662' title='bbox 2583 5422 2873 5490; x_wconf 89' lang='lat' dir='ltr'><strong>participes</strong></span> <span class='ocrx_word' id='word_1_663' title='bbox 2899 5423 2979 5477; x_wconf 86' lang='lat' dir='ltr'><strong>vel</strong></span> <span class='ocrx_word' id='word_1_664' title='bbox 3013 5420 3495 5493; x_wconf 77' lang='lat' dir='ltr'><strong>comprobatores?</strong></span> 
     </span>
    </p>
   </div>
   <div class='ocr_carea' id='block_1_93' title="bbox 1933 5516 3491 5587">
    <p class='ocr_par' dir='ltr' id='par_1_93' title="bbox 1933 5516 3491 5587">
     <span class='ocr_line' id='line_1_93' title="bbox 1933 5516 3491 5587; baseline -0.007 -14"><span class='ocrx_word' id='word_1_665' title='bbox 1933 5519 2039 5584; x_wconf 86' lang='lat' dir='ltr'><strong>dic,</strong></span> <span class='ocrx_word' id='word_1_666' title='bbox 2080 5523 2221 5587; x_wconf 86' lang='lat' dir='ltr'><strong>quod</strong></span> <span class='ocrx_word' id='word_1_667' title='bbox 2264 5529 2347 5571; x_wconf 85' lang='lat' dir='ltr'><strong>res</strong></span> <span class='ocrx_word' id='word_1_668' title='bbox 2377 5526 2480 5583; x_wconf 88' lang='lat' dir='ltr'><strong>est,</strong></span> <span class='ocrx_word' id='word_1_669' title='bbox 2508 5531 2570 5568; x_wconf 89' lang='lat' dir='ltr'><strong>ac</strong></span> <span class='ocrx_word' id='word_1_670' title='bbox 2621 5516 2746 5584; x_wconf 91' lang='lat' dir='ltr'><strong>jnro</strong></span> <span class='ocrx_word' id='word_1_671' title='bbox 2786 5532 2883 5584; x_wconf 90' lang='lat' dir='ltr'><strong>per</strong></span> <span class='ocrx_word' id='word_1_672' title='bbox 2923 5516 3201 5571; x_wconf 90' lang='lat' dir='ltr'><strong>Christum</strong></span> <span class='ocrx_word' id='word_1_673' title='bbox 3242 5517 3491 5567; x_wconf 72' lang='lat' dir='ltr'><strong>Servatu-</strong></span> 
     </span>
    </p>
   </div>
   <div class='ocr_carea' id='block_1_94' title="bbox 1930 5604 3491 5675">
    <p class='ocr_par' dir='ltr' id='par_1_94' title="bbox 1930 5604 3491 5675">
     <span class='ocr_line' id='line_1_94' title="bbox 1930 5604 3491 5675; baseline -0.008 -14"><span class='ocrx_word' id='word_1_674' title='bbox 1930 5622 2043 5663; x_wconf 91' lang='lat' dir='ltr'><strong>rem</strong></span> <span class='ocrx_word' id='word_1_675' title='bbox 2096 5620 2296 5669; x_wconf 90' lang='lat' dir='ltr'><strong>meum,</strong></span> <span class='ocrx_word' id='word_1_676' title='bbox 2352 5604 2471 5660; x_wconf 90' lang='lat' dir='ltr'><strong>illos</strong></span> <span class='ocrx_word' id='word_1_677' title='bbox 2526 5606 2735 5673; x_wconf 82' lang='lat' dir='ltr'><strong>legibus</strong></span> <span class='ocrx_word' id='word_1_678' title='bbox 2771 5622 2960 5675; x_wconf 64' lang='lat' dir='ltr'><strong>plenas</strong></span> <span class='ocrx_word' id='word_1_679' title='bbox 3000 5608 3222 5659; x_wconf 83' lang='lat' dir='ltr'><strong>daturos</strong></span> <span class='ocrx_word' id='word_1_680' title='bbox 3261 5616 3401 5662; x_wconf 83' lang='lat' dir='ltr'><strong>esse,</strong></span> <span class='ocrx_word' id='word_1_681' title='bbox 3438 5607 3491 5650; x_wconf 85' lang='lat' dir='ltr'><strong>te</strong></span> 
     </span>
    </p>
   </div>
   <div class='ocr_carea' id='block_1_95' title="bbox 1925 5697 3486 5765">
    <p class='ocr_par' dir='ltr' id='par_1_95' title="bbox 1925 5697 3486 5765">
     <span class='ocr_line' id='line_1_95' title="bbox 1925 5697 3486 5765; baseline -0.002 -12"><span class='ocrx_word' id='word_1_682' title='bbox 1925 5700 2149 5757; x_wconf 84' lang='lat' dir='ltr'><strong>liberum</strong></span> <span class='ocrx_word' id='word_1_683' title='bbox 2170 5697 2283 5753; x_wconf 80' lang='lat' dir='ltr'><strong>fore</strong></span> <span class='ocrx_word' id='word_1_684' title='bbox 2308 5697 2374 5752; x_wconf 82' lang='lat' dir='ltr'><strong>ab</strong></span> <span class='ocrx_word' id='word_1_685' title='bbox 2404 5699 2546 5755; x_wconf 90' lang='lat' dir='ltr'><strong>omni</strong></span> <span class='ocrx_word' id='word_1_686' title='bbox 2575 5698 2888 5765; x_wconf 63' lang='lat' dir='ltr'><strong>quaestionis</strong></span> <span class='ocrx_word' id='word_1_687' title='bbox 2907 5714 3103 5764; x_wconf 72' lang='lat' dir='ltr'><strong>gemre</strong></span> <span class='ocrx_word' id='word_1_688' title='bbox 3123 5698 3434 5747; x_wconf 68' lang='lat' dir='ltr'><strong>immuuem-</strong></span> <span class='ocrx_word' id='word_1_689' title='bbox 3465 5704 3486 5737; x_wconf 70' lang='grc'><strong><em>³</em></strong></span> 
     </span>
    </p>
   </div>
  </div>
