4096 6300
641 329 747 391 643

640 622 741 690 τῆς
774 620 970 689 βουλῆς
993 620 1198 686 ταύτης
1233 620 1325 672 καὶ
1360 620 1408 671 οί
1470 618 1968 687 συμβουλεύσαντες
1996 620 2054 671 ἐν
2083 618 2203 670 τού-

637 729 753 781 τῳ;
784 711 997 780 Φράσον
1034 727 1125 779 μοι
1158 709 1427 779 τάληθές·
1487 707 1582 761 καὶ
1627 707 1813 777 ὀμνύω
1864 724 1946 760 σοι
2010 709 2067 760 ἐν
2123 706 2201 777 τῷ

638 802 846 871 σωτῆρί
884 818 988 869 μου
1017 802 1238 871 Χριστῷ
1268 802 1351 853 ὅτι
1406 800 1561 853 αὐτοὶ
1625 801 1725 869 μὲν
1770 801 2201 869 κολασθήσονται

635 893 755 953 ταῖς
783 891 877 943 τοῦ
905 891 1073 959 νόμου
1106 892 1338 955 ποιναῖς,
1382 891 1445 943 σὺ
1499 890 1556 943 δέ
1608 890 1894 958 ἐλεύθερος
1952 889 2050 960 ἔσῃ
2095 891 2202 943 ἀπὸ

635 982 843 1041 παντὸς
915 981 1299 1051 πειρατηρίου.
1364 999 1382 1033 ι
1447 977 1519 1051 Ὅ
1582 981 1951 1049 ἀπελογίσατο
2000 974 2195 1043 οὗτος·

643 1090 663 1124 ι
720 1073 862 1139 Ἐγὼ
898 1073 996 1140 μὲν
1026 1070 1179 1124 εἶπόν
1219 1089 1301 1125 σοι
1333 1072 1439 1125 καὶ·
1457 1071 1602 1139 λέγω
1632 1073 1711 1126 ὅτι
1763 1071 1886 1126 οὔτε
1935 1070 2205 1142 ἐνεθυμή-

636 1163 743 1231 θην
779 1164 907 1230 περὶ
940 1167 1135 1216 τούτου
1174 1164 1415 1229 πώποτε,
1454 1163 1577 1216 οὔτε
1628 1171 1685 1215 ἐν
1714 1167 1779 1233 τῇ
1814 1162 2024 1234 διανοίᾳ
2057 1162 2202 1233 μουὸ

638 1256 800 1314 αὐτὸς
828 1257 1031 1316 axona;
1057 1251 1244 1323 ἦλθεν.
1279 1253 1402 1307 οὔτε
1432 1272 1520 1316 τις
1553 1256 1750 1325 μικρὸς
1777 1253 1809 1324 ἢ
1870 1256 2044 1324 μέγας
2075 1255 2203 1323 περὶ

638 1344 900 1413 τοιαύτης
934 1344 1255 1407 ὑποθέσεως
1290 1345 1521 1414 ἀνέφερέ
1546 1361 1658 1411 μοι.
1690 1344 1784 1407 Εἰς
1812 1346 1903 1398 τὸν
1930 1346 2104 1400 αἰῶνα
2127 1343 2203 1416 μὴ

637 1436 880 1502 γένοιτο.
913 1435 1005 1489 Μὰ
1017 1452 1192 1506 ρτυρα
1218 1436 1438 1505 χρῶμαι
1467 1436 1561 1488 τὸν
1587 1435 1719 1489 Θεὸν
1750 1435 1844 1489 καὶ
1869 1437 1996 1499 τοὺς
2038 1437 2205 1505 ἀγγέ-

637 1525 764 1582 λους
789 1527 916 1588 τοὺς
945 1527 1194 1596 ἀοράτως
1227 1526 1678 1597 παρισταμένους
1710 1544 1820 1597 μοι.
1858 1526 1922 1581 Εἰ
1958 1527 2013 1581 δὲ
2040 1529 2090 1581 οί
2112 1544 2203 1580 συ-

638 1616 1082 1687 κοφαντήσαντές
1106 1633 1173 1686 με
1203 1619 1317 1678 τοῖς
1360 1617 1465 1671 ὠσὶ
1492 1617 1585 1689 τοῦ
1646 1617 1912 1688 βασιλέως
1946 1634 2047 1689 μου
2079 1618 2204 1673 ἐϐά-

643 1725 809 1779 ρυναν
829 1686 1002 1777 ψεύδη
1034 1709 1156 1760 κατ’
1198 1708 1335 1776 ἐμοῦ
1392 1708 1488 1761 τοῦ
1512 1686 1709 1763 δούλου
1761 1686 1959 1776 αὑτοῦ,
2003 1711 2099 1762 καὶ
2153 1711 2204 1763 εί

636 1801 702 1853 ού
729 1800 1015 1852 πιστεύετέ
1052 1816 1165 1868 μοι,
1197 1799 1297 1853 οὑκ
1327 1798 1434 1869 ἔχω
1460 1800 1511 1852 τί
1544 1802 1747 1867 λέγειν.
1783 1801 1852 1854 Ἢ
1885 1802 1971 1865 τίς
2018 1802 2203 1855 ἔσεταί

643 1904 733 1956 μοι
771 1889 985 1957 μάρτυς
1005 1889 1104 1958 τῆς
1135 1887 1403 1957 ἀληθείας
1429 1904 1575 1956 μους
1614 1889 1677 1942 El
1716 1889 1811 1960 μὴ,
1869 1885 1914 1944 ὧ
1967 1890 2204 1947 δέσποτά

643 1994 769 2046 μου,
804 1978 1000 2047 δέομαί
1030 1994 1148 2042 σου,
1176 1978 1411 2045 ποίησόν
1437 1994 1528 2045 μοι
1560 1981 1741 2050 χάριν.
1776 1980 1949 2035 Βάλον
1984 1981 2205 2051 σίδηρον

639 2073 698 2124 ἐν
729 2074 796 2142 τῇ
826 2072 990 2139 φλογὶ
1022 2072 1120 2140 τῆς
1175 2073 1435 2138 καμίνου,
1476 2074 1572 2126 καὶ
1616 2073 1779 2127 ἔασον
1830 2074 1996 2128 αὐτὸν
2036 2075 2205 2145 ὑπερ.

643 2162 860 2231 μέτρως
889 2163 1177 2231 ἐκκαῆναι,
1215 2164 1309 2216 καὶ
1339 2164 1536 2233 φέρετέ
1570 2182 1660 2234 μοι
1692 2165 1873 2230 αύτδν,
1904 2166 2000 2218 καὶ⁸
2026 2167 2206 2221 πιάσω

638 2255 757 2315 ταῖς
780 2253 935 2323 χερσί
971 2269 1097 2321 μου,
1125 2253 1218 2306 καὶ
1243 2252 1530 2324 ἄνθρακας
1549 2254 1722 2324 πυρὸς
1752 2254 1808 2324 9
1856 2256 1951 2309 ἐπὶ
1982 2254 2043 2308 τὸ
2070 2258 2203 2324 στῆ-

639 2345 731 2407 θός
774 2361 876 2414 μου
907 2345 1166 2413 θέλξομαι
1189 2358 1206 2374 ⁸
1236 2346 1330 2397 καὶ
1358 2344 1564 2408 ἐλπίζω
1591 2347 1670 2406 εἰς
1701 2346 1793 2398 τὸν
1832 2346 1964 2400 Θεὸν
1994 2348 2085 2400 τδν
2116 2348 2206 2401 λυ-

637 2433 929 2504 τρώσαντα
973 2434 1100 2497 τοὺς
1157 2434 1306 2500 τρεῖς
1338 2435 1537 2496 παῖδας
1589 2436 1653 2487 ἐκ
1702 2437 1801 2504 τῆς
1854 2436 2051 2504 φλογὸς
2107 2438 2205 2507 τῆς

639 2525 876 2589 καμίνου
909 2540 923 2552 ο
952 2524 1047 2575 καὶ
1088 2525 1116 2574 6
1144 2522 1449 2585 ἀλάθαστος
1481 2523 1573 2575 καὶ
1602 2522 1629 2576 6
1667 2522 1966 2593 ἀκοίμητος
1996 2527 2205 2588 ἐκεῖνος

636 2613 939 2682 ὀφθαλμὸς,
975 2614 1006 2665 6
1033 2613 1271 2682 ἐρευνῶν
1323 2600 1555 2682 καρδίας
1598 2615 1694 2667 καὶ
1738 2618 1991 2685 νεφροὺς,
2048 2616 2207 2681 εἰδὼς

635 2704 722 2757 δτι
752 2703 873 2756 οὔτε
905 2702 1248 2772 ἐνεθυμήθην
1278 2702 1403 2755 οὔτε
1434 2704 1775 2774 ἐλογισάμην
1822 2706 1952 2773 περὶ
2003 2701 2079 2760 ὧν
2135 2723 2205 2775 με

638 2796 871 2864 ἐρωτᾷς,
910 2795 1138 2863 φυλάξει
1174 2811 1264 2863 με,
1301 2796 1350 2847 εί
1378 2795 1558 2864 τύχοι,
1589 2796 1803 2865 ἀϐλαϐῆ
1851 2799 1916 2849 ἐκ
1968 2797 2063 2850 τοῦ
2101 2812 2208 2849 πυ-

638 2886 736 2955 ρὸς
774 2885 869 2937 τοῦ
902 2888 1220 2955 καιομένου.
1263 2902 1281 2937 ι
1316 2886 1486 2954 Λέγει
1513 2885 1571 2938 δέ
1614 2886 1765 2955 αὐτῷ
1800 2886 1831 2939 6
1857 2888 2157 2950 ἐπίσκοπος
2184 2901 2202 2921 ⁸

641 2992 665 3026 ν
706 2976 831 3039 Τοῖς
866 2976 1160 3042 Ῥωμαίοις
1190 2979 1282 3028 καὶ
1321 2980 1432 3039 τοῖς
1457 2979 1642 3045 σοφοῖς
1672 2978 1933 3048 Ἕλλησιν
1958 2979 2061 3031 οὐκ
2088 2978 2206 3032 ἐστι

1856 322 2187 388 GEORGII
2232 322 2655 407 summm

528 473 536 485 η
639 463 725 507 σε,
759 445 856 499 καὶ
876 439 1239 511 δηλοποίησόν
1271 455 1364 507 μοι
1389 440 1490 507 τὴν
1513 438 1797 508 ἀλήθειαν.
1829 438 1989 498 Τίνες
2021 439 2199 509 ὑπάρ-
2227 450 2271 501 Α
2304 442 2642 512 βαρϐαρικόν
2676 440 2795 493 ἐστι
2832 438 2895 491 τὸ
2928 437 3159 507 πρᾶγμα
3204 435 3301 488 καὶ
3330 434 3555 498 ἄτοπον,
3588 434 3683 487 καὶ
3728 436 3885 489 ἐθνι-

536 526 539 531 ’
641 554 799 606 χουσι
856 533 1174 601 συνωμόται
1241 532 1339 583 καὶ
1396 531 1710 599 συνίστορες
1761 532 1856 582 καὶ
1910 532 2201 599 συνήγοροι

3757 322 3879 387 εει

2301 532 2394 593 κὸς
2424 533 2453 582 6
2486 530 2670 600 νόμος.
2713 547 2731 581 ι
2767 530 2937 595 Λέγει
2964 526 3020 579 δέ
3045 523 3195 594 αύτῷ
3218 526 3246 577 6
3270 524 3561 593 Κομνηνός
3585 539 3601 554 ο
3641 541 3661 573 ι
3689 524 3881 585 Ἐπεὶ,

2302 623 2426 688 διγιε
2465 621 2723 681 δέσποτα,
2755 620 2854 672 οὐκ
2876 619 3024 671 ἔστιν
3060 616 3180 677 ἔθος
3209 612 3334 667 οὗτε
3366 615 3529 684 νόμος
3571 614 3884 682 Ῥωμαίοις

2300 713 2336 767 ἆ
2365 709 2519 766 εῐπόν
2550 729 2653 778 σοι,
2687 709 2874 773 καθὼς
2901 708 3105 777 λέγεις.
3129 707 3265 761 ἀλλὰ
3308 706 3416 759 τῶν
3453 705 3746 777 βαρϐάρων
3780 711 3882 758 καὶ

2300 803 2410 855 τῶν
2434 802 2626 865 ἐθνῶν,
2676 800 2832 862 κάγὼ
2860 804 2921 869 τῇ
2958 800 3141 870 χάριτι
3171 798 3263 850 τοῦ
3309 797 3552 866 Χριστοῦ
3612 795 3880 859 ταπεινὲς

2316 893 2591 963 Ῥωμαῖός
2627 894 2763 962 είμι,
2796 891 2891 944 καί⁵
2923 889 3256 960 ἀνακρίνατέ
3314 905 3380 958 με
3428 888 3524 939 καὶ
3569 887 3876 953 ἐξετάσατὲ

2307 1001 2395 1053 με,
2425 985 2473 1037 εί
2507 987 2571 1053 τῇ
2620 983 2865 1052 ὑμετέρᾳ.
2914 978 3075 1051 βουλῇ
3109 980 3340 1049 ἀρεστόν
3380 981 3517 1041 ἐστι,
3585 978 3726 1033 κατά
3788 978 3878 1030 νό-

2307 1088 2441 1145 μους
2479 1077 2774 1144 Ῥωμαίων
2801 1077 2895 1128 καὶ
2928 1074 3046 1141 ἔθη.
3084 1072 3195 1126 Καὶ
3220 1074 3268 1124 εί
3303 1072 3402 1140 μέν
3432 1071 3675 1139 νομίμως
3696 1070 3879 1131 αἴτιος

2304 1167 2514 1237 εὑρεθῶ
2548 1168 2869 1235 καταδίκης,
2909 1167 3056 1229 ἔλεος
3085 1165 3158 1235 μὴ
3210 1162 3351 1217 ἔστω
3385 1180 3474 1234 μοι
3502 1180 3516 1195 °
3578 1165 3626 1216 εί
3658 1160 3715 1217 δὲ
3773 1164 3871 1216 καὶ

2304 1258 2547 1319 ἀναίτιος
2580 1256 2723 1311 κατά
2775 1259 2900 1319 τοὺς
2932 1255 3136 1323 νόμους
3190 1253 3373 1317 πάλιν,
3414 1255 3486 1323 μή
3525 1271 3615 1322 μοι
3655 1248 3713 1306 τδ
3746 1271 3870 1321 κρι-

2304 1350 2514 1417 τήριον,
2537 1352 2632 1401 καὶ
2673 1350 2747 1417 μὴ
2781 1348 2883 1417 ὅρα
2917 1348 3045 1408 τοὺς
3088 1342 3281 1413 λόγους
3312 1344 3421 1398 τῶν
3459 1345 3868 1411 συκοφαντούν-

2302 1452 2412 1490 των
2453 1453 2518 1506 με
2544 1434 2751 1500 ἀδίκως
2784 1436 2883 1489 καὶ
2920 1434 3253 1506 παραλόγως
3283 1434 3472 1488 ἕνεκεν
3518 1436 3717 1504 φθόνου
3772 1432 3870 1487 καὶ

2304 1530 2504 1600 ἔριδος.
2547 1548 2565 1582 ι
2611 1529 2879 1593 Ἀκούσας
2900 1527 3153 1583 δὲταῦτα
3182 1529 3209 1581 6
3229 1529 3529 1592 ἐπίσκοπος
3570 1529 3869 1598 ἀναφέρειν

2304 1620 2429 1684 τοὺς
2455 1619 2647 1688 λόγους
2679 1621 2888 1683 πάντας
2916 1619 2993 1690 τῷ
3028 1619 3133 1691 ιο
3187 1619 3399 1695 βασιλεῖ
3430 1620 3698 1688 πεποίηκε
3719 1635 3734 1651 ο
3770 1615 3869 1672 καὶ

2306 1712 2473 1765 πάλιν
2508 1712 2798 1778 ἀντέλεγον
2820 1711 2870 1763 οί
2902 1711 3145 1781 ἐλέγχειν
3171 1710 3437 1782 ἑτέρωθεν
3463 1710 3865 1780 προτείνοντες.

2236 1772 2280 1831 Β
2319 1798 2460 1849 Ἀλλ’
2492 1797 2594 1851 οὐκ
2643 1772 2947 1867 ἐφάνησαν,
3132 1772 3361 1871 ἀληθείᾳ
3408 1772 3587 1851 ἐδόκει
3647 1801 3739 1853 καὶ
3789 1799 3865 1861 ὡς

2303 1887 2521 1956 ψευδεῖς
2550 1888 2607 1940 αἱ
2630 1885 2878 1941 διαϐολαὶ
2909 1886 3118 1954 ἔδοξαν,
3155 1891 3204 1941 εί
3236 1890 3330 1943 καὶ
3356 1888 3740 1958 σχεδιάσαντος
3770 1880 3865 1942 τοῦ

2303 1978 2500 2049 καιροῦ
2528 1980 2624 2032 καί⁸
2656 1978 2831 2042 οὕτως
2857 1970 2948 2048 ἦν.
2986 1980 3179 2048 Ὅμως
3208 1980 3236 2032 6
3268 1977 3522 2049 βασιλεὺς
3548 1979 3865 2049 προστάξας

2304 2070 2543 2139 ἐνόρκως
2566 2069 2867 2140 βεϐαιῶσαι
2899 2071 2981 2124 ὅτι
3010 2071 3069 2124 αί
3102 2070 3346 2125 διαϐολαὶ
3386 2070 3600 2140 ψευδεῖς
3629 2073 3737 2123 είσι
3770 2064 3869 2126 καὶ

2302 2160 2592 2215 οὐπώποτε
2654 2160 2920 2232 ἐϐουλήθη
2966 2163 3189 2231 ποιῆσαι
3238 2160 3274 2215 ἃ
3324 2163 3758 2230 ἐσυκοφαντήθη.
3798 2164 3868 2217 Ὃ

2302 2251 2401 2307 καὶ
2453 2253 2691 2321 ἐγένετο.
2727 2254 2838 2306 Καὶ
2871 2253 3159 2324 ἐλεύθερον
3219 2245 3358 2305 εἶναι
3405 2251 3596 2304 τοῦτον
3644 2250 3868 2306 ἐκέλευε-

2306 2360 2405 2396 σεν
2432 2344 2461 2396 6
2517 2340 2770 2413 βασιλεὺς
2812 2346 2909 2413 τῆς
2957 2344 3256 2415 καταδίκης
3287 2344 3381 2398 καὶ
3426 2345 3663 2412 ὑποψίας
3722 2347 3864 2399 ἀπά-

2305 2450 2405 2501 σης
2438 2437 2530 2487 καὶ
2576 2436 2673 2504 τὴν
2729 2437 3004 2505 προτέραν
3055 2434 3468 2503 ἀπολαμϐάνειν
3525 2436 3709 2505 τιμὴν,
3768 2437 3868 2491 καὶ

2305 2524 2404 2593 τὴν
2432 2527 2737 2594 ἡγεμονίαν
2760 2524 3015 2579 Νικαέων
3043 2525 3347 2595 ἐπέτρεψεν
3399 2527 3562 2579 αὐτὸν
3591 2528 3753 2597 ἔχειν.

2378 2618 2616 2687 Ποιήσας
2652 2618 2709 2671 δέ
2739 2635 2860 2671 τινα
2889 2619 3082 2685 καιρὸν
3112 2619 3171 2671 ἐν
3204 2621 3270 2687 τῇ
3299 2616 3544 2689 Βιθυνίᾳ,
3604 2616 3721 2672 εἶτα
3764 2637 3867 2687 φυ-

2304 2707 2416 2776 γὼν
2475 2710 2839 2779 ἀναχωρήσας
2880 2707 3034 2780 διέϐη
3087 2710 3147 2763 ἐν
3193 2708 3270 2780 τῷ
3331 2709 3537 2780 Ἰκονίῳ
3586 2709 3723 2778 πρὸς
3772 2712 3865 2763 τὸν

2306 2796 2613 2853 σουλτάνον.
2647 2798 2709 2851 Ἦ
2731 2797 2788 2851 δέ
2822 2799 2972 2852 αίτία
2992 2799 3094 2869 τῆς
3124 2801 3300 2870 φυγῆς
3321 2794 3487 2853 αὑτοῦ
3518 2797 3585 2871 ἦν
3612 2803 3694 2853 ὅτι
3716 2799 3865 2870 ἐώρα

2264 2888 2404 2943 ,οὐκ
2434 2888 2651 2957 ὀλίγους
2677 2887 2804 2941 καθ’
2825 2890 3067 2958 ἑκάστην
3094 2888 3309 2960 ἡμέραν
3333 2886 3495 2944 πάλιν
3524 2893 3584 2944 ἐκ
3609 2892 3862 2960 δευτέρου

2308 2979 2509 3041 πολλὰς
2540 2980 2780 3049 μηχανὰς
2824 2981 3183 3052 πολυτρόπως
3234 2979 3569 3052 συρράπτειν
3602 2983 3729 3051 περὶ
3760 2983 3865 3035 αύ-

641 3066 806 3135 νόμος
839 3067 958 3118 οὐδὲ
990 3067 1109 3127 ἔθος
1167 3067 1256 3119 ἵνα
1319 3067 1649 3136 βασανίζωσι
1701 3071 1830 3133 τοὺς
1881 3069 2206 3138 ὲξεταξομέ-
2232 3098 2273 3154 C
2306 3069 2402 3122 τοῦ
2428 3072 2523 3123 καὶ
2552 3070 2919 3138 συκοφαντίας
2963 3072 3099 3139 πρὸς
3136 3073 3229 3123 τὸν
3257 3071 3483 3141 βασιλέα
3510 3073 3694 3124 ἕνεκεν
3727 3072 3866 3139 φθόο

644 3174 793 3224 νους,
828 3159 923 3210 καὶ
956 3158 1190 3226 μάλιστα
1239 3161 1368 3221 τοὺς
1422 3160 1662 3226 εὐγενεῖς
1706 3158 2009 3223 ὡσαύτως⁹
2066 3160 2203 3213 ἀλλὰ

635 3331 735 3387 Cm
787 3332 877 3387 ille
930 3333 1010 3387 sic
1042 3333 1355 3403 respondit:
1395 3352 1414 3386 ι
1444 3333 1556 3404 Ego
1585 3342 1637 3390 et
1666 3344 1820 3391 antea
1856 3335 1950 3391 tibi
1975 3334 2107 3404 dixi,
2148 3349 2204 3394 et

639 3439 781 3478 nunc
813 3424 933 3478 dico
978 3425 1191 3489 iterum,
1221 3439 1318 3479 nec
1360 3425 1534 3493 ipsum
1565 3432 1799 3494 unq'uam
1831 3441 1916 3481 me
1946 3427 2103 3483 iStius
2127 3429 2203 3483 rei

637 3516 954 3584 concepisse
982 3516 1362 3583 cogitationem
1396 3517 1774 3589 consiliumve,
1807 3532 1908 3573 nec
1935 3520 2099 3574 alium
2127 3521 2205 3578 si-

638 3618 704 3658 vc
755 3603 979 3658 humilis
1020 3603 1135 3657 sive
1197 3603 1424 3658 illustris
1458 3604 1788 3660 conditionis
1841 3607 2112 3663 hominem
2139 3611 2206 3664 de

636 3696 729 3749 tali
765 3696 975 3765 negotio
1005 3710 1212 3748 meeum
1237 3696 1450 3764 egisse:
1485 3696 1646 3766 idque
1685 3699 1886 3751 utinam
1930 3701 2077 3755 nullo
2107 3716 2204 3754 un-

636 3800 800 3854 quam
836 3785 993 3840 modo
1026 3785 1138 3841 fiat.
1168 3785 1333 3855 Cujus
1361 3787 1441 3840 rei
1474 3795 1641 3844 testes
1662 3792 1853 3846 invoco
1890 3788 2063 3847 Deum
2100 3807 2201 3861 op.

637 3880 826 3933 timum
880 3879 1177 3933 maximum
1231 3890 1395 3948 atque
1429 3883 1672 3950 angelos,
1726 3889 1818 3952 qui
1868 3884 2025 3940 mvisi
2072 3886 2205 3940 mihi

637 3973 871 4026 adstant.
898 3968 1101 4036 Quodsi
1134 3972 1188 4034 li,
1214 3974 1304 4042 qui
1334 3990 1417 4029 me
1437 3975 1706 4030 criminati
1728 3984 1875 4041 sunt,
1922 3993 2081 4034 aures
2106 3980 2207 4033 lm-

641 4062 908 4130 pet-atoris
961 4064 1258 4118 mendaciis
1309 4065 1597 4119 adversum
1652 4081 1761 4132 me,
1804 4082 2018 4123 servum
2063 4070 2203 4138 ejus,

640 4149 887 4205 conﬁctis
908 4160 1225 4215 onerarunt,
1263 4164 1363 4205 nec
1398 4152 1527 4206 mibi
1562 4152 1692 4208 ﬁdes
1735 4163 1838 4220 est,
1870 4170 1974 4209 non
2006 4159 2207 4225 habeo,

638 4242 781 4310 quod
808 4241 1005 4295 dicam.
1034 4241 1136 4296 Aut
1167 4241 1289 4309 quis
1333 4243 1458 4305 erit,
1509 4243 1599 4311 qui
1632 4259 1757 4297 vere
1797 4260 1883 4298 me
1913 4246 2097 4302 dicere
2126 4259 2205 4302 te-

638 4334 851 4389 stetur‘i
881 4344 1250 4387 verumtamen
1281 4335 1509 4387 obsecro
1550 4344 1621 4397 te,
1664 4335 1735 4388 tui
1771 4336 2007 4400 domine,
2067 4339 2205 4394 hanc

2305 3177 2396 3213 νου
2448 3162 2541 3213 καὶ
2586 3162 2960 3233 ψιθυρισμοὺς
2994 3162 3222 3225 πολλοὺς
3276 3165 3369 3215 καὶ
3422 3163 3612 3230 λόγους
3664 3163 3861 3231 φθόνου

2304 3336 2460 3400 dicis,
2489 3334 2581 3389 sed
2616 3333 2867 3388 barbaris
2900 3335 3281 3404 gentibusque,
3323 3350 3421 3405 ego
3449 3345 3629 3389 autem
3658 3335 3865 3391 Christi

2303 3439 2525 3479 munere
2560 3424 2779 3479 humilis
2812 3422 3089 3478 Romanus
3125 3439 3267 3487 sum,
3324 3427 3629 3479 examinate
3679 3440 3768 3481 me
3810 3435 3870 3482 et

2304 3517 2358 3569 in
2393 3531 2476 3570 me
2500 3515 2776 3582 inquirite,
2810 3516 2855 3570 si
2884 3516 2955 3569 ita
2988 3516 3137 3569 vobis
3168 3516 3358 3585 placet,
3387 3516 3680 3571 secundum
3720 3518 3866 3586 leges

2304 3624 2591 3679 moresque
2624 3608 2915 3663 Romanos.
2959 3608 3014 3663 Si
3074 3609 3310 3676 legitime
3362 3609 3583 3662 videbor
3616 3611 3866 3664 ςτίτι-ἱιιῑε

2306 3716 2431 3756 reus
2485 3715 2631 3764 esse,
2674 3714 2740 3753 ne
2793 3711 2909 3755 esto
2969 3700 3151 3765 mitis;
3190 3701 3273 3755 sin
3320 3714 3384 3753 ex
3428 3700 3619 3753 iisdem
3662 3702 3868 3766 legibus

2303 3808 2410 3847 non
2446 3806 2591 3854 reus,
2630 3806 2696 3844 ne
2727 3784 2917 3845 vocato
2955 3805 3037 3843 me
3070 3791 3123 3844 in
3150 3786 3412 3861 judicium
3469 3806 3568 3844 neu
3606 3795 3871 3861 respicite

2304 3894 2582 3935 sermones
2613 3878 2912 3942 hominum,
2948 3874 3045 3947 qui
3073 3879 3253 3949 inique
3288 3881 3416 3933 mihi
3449 3895 3512 3934 ac
3557 3894 3745 3950 praeter
3772 3899 3865 3935 ra-

2305 3971 2504 4026 tionem
2550 3971 2875 4036 obtrectauit,
2935 3970 3133 4024 invidia
3183 3971 3440 4024 commoti
3489 3981 3541 4024 et
3565 3973 3865 4025 minutalia-

2307 4072 2394 4113 ne.
2427 4076 2446 4108 ι
2483 4055 2576 4113 His
2607 4059 2808 4114 auditis
2843 4060 3128 4129 episcopus
3158 4060 3221 4112 ad
3264 4058 3637 4128 imperatorem
3668 4058 3867 4115 eu'ncta

2308 4151 2599 4203 renuntiat.
2630 4147 2837 4204 Rursus
2863 4158 3051 4204 contra
3082 4150 3284 4213 dicunt,
3310 4152 3399 4217 qui
3445 4152 3640 4205 crimen
3669 4150 3740 4203 illi
3777 4152 3865 4204 in-
3901 4153 3920 4169 ‘
3964 4140 3967 4143 ’

2304 4240 2614 4299 tendebant.
2671 4238 2741 4293 At
2793 4255 2898 4293 non
2954 4240 3277 4293 videbantur
3341 4254 3467 4293 vere
3522 4240 3719 4302 dicere,
3763 4240 3863 4292 sed

2306 4331 2704 4387 commenticiis
2729 4332 2803 4385 uti
2836 4331 3143 4392 calumniis,
3173 4331 3388 4384 etiamsi
3443 4342 3653 4399 postea,
3688 4334 3867 4384 conci-

640 4423 771 4477 ιιιὶὴὶ
819 4422 1245 4477 benevolentiam
1303 4430 1519 4487 praesta,
1556 4432 1613 4473 nt
1650 4420 1851 4475 ferrum
1906 4426 1956 4476 in
2006 4425 2200 4478 camini
2234 4429 2279 4484 ι)
2307 4420 2477 4475 liante
2516 4432 2777 4492 tempore,
2814 4437 2900 4477 res
2937 4422 3009 4476 ita
3042 4425 3233 4477 evenit.
3267 4418 3648 4477 Verumtamen
3680 4426 3869 4477 decre-

640 4514 884 4567 ilammas
914 4516 1225 4579 conjectum
1262 4520 1317 4565 et
1349 4512 1485 4565 bene
1531 4512 1908 4568 candefactum
1945 4514 2074 4568 mihi
2108 4531 2203 4584 ap-

639 4613 917 4675 portetur:
954 4604 1201 4659 manibus
1230 4603 1364 4658 illud
1416 4605 1661 4657 tractabo
1703 4619 2016 4675 prunasque
2045 4608 2095 4660 in
2133 4609 2207 4664 si-

640 4712 768 4752 num
825 4695 1138 4759 immittam,
1186 4694 1293 4748 Deo
1326 4697 1585 4759 conlisus,
1629 4696 1718 4764 qui
1767 4708 1876 4754 tres
1926 4714 2123 4766 pueros
2148 4700 2202 4755 in

640 4785 866 4839 ardente
898 4783 1116 4839 fornace
1148 4784 1401 4838 servavit.
1429 4783 1675 4854 Namque
1699 4786 1889 4841 oculus
1910 4788 1997 4843 ille
2023 4790 2201 4844 omni-

641 4884 804 4929 tuens
834 4890 1155 4944 semperque
1187 4874 1333 4943 vigil,
1392 4876 1483 4944 qui
1525 4887 1801 4931 scrutatur
1832 4879 1998 4934 corda
2024 4889 2079 4934 et
2112 4896 2199 4935 rt.»

642 4980 758 5029 nes,
791 4980 878 5031 ea,
915 4981 1034 5033 quae
1060 4967 1388 5035 interrogor,
1417 4981 1501 5020 me
1524 4982 1623 5022 nec
1672 4969 1857 5023 animo
1889 4975 2203 5040 concepisse

640 5070 739 5111 nec
781 5058 1095 5110 meditatum
1126 5072 1247 5111 esse
1271 5058 1418 5111 novit
1445 5069 1605 5125 atque
1637 5060 1861 5113 illaesum
1895 5076 1999 5126 me,
2039 5063 2083 5116 si
2111 5078 2201 5117 vo-

641 5147 825 5209 luerit,
891 5147 1169 5214 praestabit
1194 5161 1222 5198 a
1255 5148 1311 5200 vi
1335 5146 1492 5214 ignis.
1524 5166 1542 5199 ι
1578 5146 1828 5205 Occurrit
1861 5154 2151 5223 episcopus
2182 5171 2201 5209 :

647 5259 675 5292 ο
710 5238 972 5293 Romanis
1004 5247 1059 5292 et
1090 5238 1427 5307 sapientibus
1483 5240 1687 5295 Graecis
1747 5258 1844 5298 nec
1904 5244 2044 5314 lege,
2102 5261 2201 5301 nec

640 5346 799 5386 more
822 5339 1090 5397 receptum
1121 5340 1222 5391 est.
1259 5344 1317 5385 ut
1349 5347 1488 5397 reos,
1510 5334 1720 5389 nobiles
1748 5340 2073 5404 praesertim,
2105 5353 2199 5392 ex-

588 5494 603 5509 ι
636 5430 940 5491 torqueant.
999 5420 1270 5477 Barbarus
1329 5423 1431 5478 iste
1460 5441 1575 5480 mos
1613 5435 1695 5482 est
1724 5436 1778 5481 et
1808 5427 2048 5483 nefastus
2081 5430 2199 5499 pla-

632 5531 808 5583 neque
836 5515 1073 5583 gentilis.
1108 5534 1127 5569 ι
1156 5514 1257 5570 Hic
1285 5516 1613 5573 Comnenus.
1650 5520 1988 5587 c-Quoniam,
2019 5522 2217 5591 domi-_

631 5622 698 5662 ne
732 5607 1058 5672 venerande,
1094 5605 1292 5673 inquit,
1320 5603 1579 5662 Romanis
1611 5608 1683 5673 id,
1710 5611 1865 5678 quod
1903 5610 2070 5671 volui,
2100 5625 2197 5665 nec

629 5698 842 5769 legibus
883 5712 985 5755 nec
1034 5698 1279 5754 moribus
1311 5700 1577 5754 sancitum
1630 5711 1733 5769 est,
1768 5711 1825 5755 ut
1865 5709 1919 5756 tu
1973 5702 2191 5770 quidem

2307 4512 2382 4564 vit
2412 4511 2725 4580 imperator,
2760 4524 2821 4568 nt
2882 4514 3001 4567 illas
3032 4528 3204 4568 meras
3242 4528 3360 4568 esse
3414 4514 3731 4577 calumnias,
3769 4528 3869 4568 nec

2307 4618 2541 4669 unquam
2577 4619 2634 4658 sc
2667 4605 2911 4658 molitum
2940 4619 3079 4670 esse,
3117 4606 3181 4659 de
3210 4620 3315 4672 quo
3348 4614 3689 4673 argueretur,
3712 4605 3866 4673 jure-

2302 4694 2535 4763 iurando
2566 4695 2885 4765 interposito
2921 4693 3147 4749 Michael
3168 4704 3526 4749 asseveraret.
3564 4696 3679 4759 Quo
3704 4697 3865 4761 facto,

2303 4800 2427 4839 eum
2446 4788 2744 4841 ctcrimine
2773 4797 2827 4841 ct
2855 4789 3163 4857 suspicione
3191 4788 3338 4842 omni
3369 4788 3597 4841 liberum
3614 4804 3732 4842 esse
3758 4789 3867 4856 pri-

2303 4878 2568 4941 stinisque
2598 4880 2891 4934 honoribus
2929 4882 3136 4936 restitui
3192 4882 3376 4951 jussit,
3409 4896 3470 4935 ac
3502 4882 3741 4951 praefecit
3775 4882 3855 4935 in-

2303 4984 2468 5035 super
2496 4971 2699 5023 civitati
2740 4970 3118 5026 Nicwensium.

2372 5060 2841 5116 Commemoratus
2888 5062 3198 5131 aliquandiu
3252 5063 3302 5116 in
3339 5062 3590 5132 Bithynia
3640 5061 3867 5115 Michael

2303 5168 2425 5205 mox
2460 5152 2582 5221 fuga
2634 5167 2692 5207 se
2723 5151 2963 5207 lconimn
3006 5154 3071 5207 ad
3123 5154 3402 5207 sultanum
3437 5154 3668 5222 recepit.
3699 5151 3868 5222 Cujus

2302 5242 2447 5312 fugae
2471 5259 2636 5298 causa
2666 5254 2809 5307 erat,
2854 5245 2994 5312 quod
3029 5258 3219 5298 rursus
3268 5255 3373 5297 non
3412 5257 3614 5311 paucos
3648 5242 3751 5295 sibi
3780 5242 3867 5293 in-

2303 5336 2454 5388 vidos
2489 5334 2688 5388 multas
2722 5334 2968 5403 quotidie
3008 5334 3290 5389 machinas
3313 5335 3572 5402 dolusque
3603 5332 3744 5401 apud
3766 5332 3869 5384 im-

2301 5435 2609 5494 peratorem
2650 5436 2864 5480 struere
2917 5427 3406 5487 animadvertebat,
3450 5434 3507 5480 et
3552 5439 3712 5478 aures
3748 5423 3870 5490 ejus

2302 5520 2572 5573 sentiebat
2611 5518 3087 5573 susurrationibns
3130 5518 3585 5585 sermonibusque
3618 5514 3872 5581 malignis

2299 5609 2703 5680 circnmstrepi,
2743 5622 2904 5680 atque
2949 5612 3329 5680 imperatorem
3382 5621 3639 5679 perpetuo
3672 5618 3871 5661 contra

2300 5714 2359 5760 se
2380 5703 2622 5757 meditari
2649 5702 2913 5773 supplicia
2932 5701 3289 5772 intelligebat.
3311 5698 3673 5767 Quamobrem
3695 5686 3872 5767 quieti
