4096 6300
262 358 394 420 ’645

1246 344 1249 345 ’
1344 348 2101 412 CHRONICONMAJUS.
2139 371 2207 382 ——
2246 349 2393 408 LiB.
2438 350 2479 410 i.
2550 412 2557 417 ,

3427 332 3553 423 646

285 468 522 540 μεστοὺς
556 463 735 534 λάθρα,
785 461 883 531 τὴν
940 460 1110 529 ἀκοὴν
1162 459 1327 513 αὐτοῦ
1390 477 1457 512 πε
1470 461 1850 529 ρικλύζοντας,
1882 457 1926 517 Α
1964 458 2199 527 Ὁμοίως
2226 459 2442 529 πρῶτον
2474 460 2570 513 καὶ
2604 461 2765 524 αὐτὸς
2792 463 2931 531 μετὰ
2949 463 3130 533 ὅρκων
3160 468 3534 535 φρικωδεστά-

286 560 385 615 καὶ
420 556 657 615 πάντοτε
684 553 940 616 κολάσεις
998 551 1122 605 κατ’
1151 550 1319 605 αὑτοῦ
1363 553 1500 621 πρδς
1547 552 1643 605 τοῦ
1700 554 1860 623 βασι-

287 652 423 712 λέως
461 645 847 721 μελετωμένας
878 645 1173 710 ἐμάνθανε.
1215 644 1334 711 Ἐφ’
1386 644 1620 712 ἡσυχίας
1680 646 1860 711 μένειν

284 727 425 803 ὅλως
448 742 547 794 οὐκ
573 738 817 800 ἐδύνατο,
844 736 979 788 ἀλλὰ
1012 736 1213 805 μεστὸς
1246 735 1529 803 λογισμῶν
1596 735 1860 805 ὑπάρχων

287 835 383 886 καὶ
421 831 788 901 φοϐούμενος
838 829 933 883 καὶ
963 828 1070 897 γὰρ
1104 827 1294 880 ἐδεδίει
1334 827 1395 879 τὸ
1427 829 1733 900 ὀξύρροπον
1766 828 1859 879 καὶ

285 925 565 990 ἀπότομον
621 924 714 974 καὶ
737 921 945 990 ἀπηνὲς
974 919 1069 973 τοῦ
1093 919 1525 986 αὐτοκράτορος,
1557 918 1653 972 καὶ
1704 918 1859 971 οὐδὲν

285 1017 494 1083 ἥμερον
529 1012 651 1066 οὐδὲ
688 1010 978 1081 συμπαθὲς
1035 1010 1239 1061 ἐνενόει
1283 1010 1671 1078 γενησόμενον.
1701 1008 1859 1062 Ἐπεὶ

283 1107 338 1157 δὲ
369 1106 467 1177 ιι
511 1103 752 1173 μεγάλας
780 1100 1152 1170 συκοφαντίας
1185 1103 1279 1165 καλ⁸
1318 1101 1568 1171 μηχανάς
1596 1102 1675 1162 είς
1705 1099 1858 1160 τέλος

286 1196 709 1264 κορυφωθείσας
749 1194 960 1262 μακρὸν
1013 1194 1061 1244 oi
1096 1192 1361 1245 ἀντίδικοι
1394 1191 1562 1247 αὑτοῦ
1592 1194 1856 1260 ἐποίησαν

284 1282 377 1338 καὶ
406 1289 504 1350 τάς
539 1284 635 1337 τοῦ
693 1285 930 1346 ἄνακτος
987 1284 1298 1354 ἐνέπλησαν
1328 1286 1519 1350 ἀκοὰς,
1553 1285 1643 1336 διὰ
1695 1284 1857 1337 τοῦτο

283 1378 391 1448 πρὸ
450 1377 543 1433 τοῦ
605 1378 802 1430 παθεῖν
854 1380 1001 1446 φυγῇ
1061 1380 1161 1446 τὴν
1238 1379 1514 1447 σωτηρίαν
1560 1380 1854 1447 ἐχρήσατο.

294 1470 643 1530 Ἀπελθόντος
676 1468 731 1521 δὲ
755 1469 921 1521 αὑτοῦ
955 1471 1011 1521 ὲν
1044 1469 1121 1538 τῷ
1164 1470 1395 1538 Ἰκονίῳ,
1425 1466 1549 1538 εὗρε
1577 1472 1665 1522 τὸν
1699 1471 1855 1522 σουλ-

283 1561 443 1612 τάνον
472 1561 675 1630 σπουδῇ
708 1561 806 1621 τὰς
830 1559 1026 1614 ἑαυτοῦ
1078 1562 1407 1632 ἀθροίζοντα
1453 1562 1730 1631 δυνάμεις,
1769 1563 1856 1614 ἵνα

285 1650 476 1723 ἐξέλθῃ
509 1652 647 1705 κατὰ
672 1652 781 1703 τῶν
813 1653 1146 1720 μαχομένων
1196 1652 1348 1723 αὐτῷ
1384 1653 1628 1706 Σκυθῶν.
1711 1652 1849 1704 Ἐδέ-

1960 566 2068 601 των
2097 550 2297 603 δέδωκε
2327 551 2426 619 τὴν
2470 553 2777 619 ἀσφάλειαν
2826 554 2965 623 πρὸς
3004 555 3094 607 τὸν
3128 557 3531 630 αὐτοκράτορα,

1960 638 2101 692 ὥστε
2152 642 2410 710 ἐμμένειν
2460 644 2548 695 ἀεὶ
2588 645 2776 706 πιστὸς
2808 647 2902 698 καὶ
2943 647 3406 717 ὑποτεταγμένος,
3437 658 3534 708 καὶ

1962 731 2038 800 μὴ
2063 732 2248 800 ζητεῖν
2285 749 2416 784 ποτε
2458 732 2799 802 βασιλεῦσαι,
2855 736 2973 789 ἀλλ’
3003 737 3151 806 ἔχειν
3180 741 3278 810 τὴν
3321 742 3533 797 εὔνοιαν

1960 824 2056 875 καὶ
2086 823 2185 894 τὴν
2219 825 2459 894 στοργήν
2488 829 2623 896 πρός
2656 844 2716 880 τε
2747 830 2839 880 τὸν
2872 828 3102 898 βασιλέα
3133 830 3410 901 Θεόδωρον
3437 838 3534 888 καὶ

1958 913 2050 966 τὸν
2077 913 2194 967 υΞὺν
2224 916 2389 967 αὑτοῦ
2434 914 2690 987 Ἰωάννην
2718 920 2811 972 καὶ
2841 921 2968 983 τοὺς
3002 922 3202 991 ἑφεξῆς
3251 925 3532 993 διαδόχους

1958 1005 2056 1073 τῆς
2084 1005 2386 1073 βασιλείας.
2424 1009 2535 1061 Καὶ
2565 1011 2657 1062 ἐπὶ
2688 1010 2847 1064 τοῦτο
2882 1011 3047 1066 πάλιν
3079 1016 3106 1065 6
3138 1014 3395 1082 βασιλεὺς
3431 1020 3531 1086 μέ-

1958 1111 2064 1161 γαν
2092 1097 2480 1151 κοντόσταυλον
2512 1102 2796 1172 ἐτίμησεν,
2831 1102 3015 1168 καθὼς
3048 1106 3212 1169 αὐτὸς
3264 1102 3380 1177 εἶχε
3438 1110 3533 1162 καὶ

1959 1188 2244 1257 πρότερον.

2041 1279 2129 1330 Ἐν
2157 1281 2332 1350 τούτῳ
2365 1281 2493 1347 γοῦν
2517 1283 2915 1353 ἀσχολούμενος
2945 1286 2973 1337 6
2999 1286 3251 1357 βασιλεὺς
3275 1290 3533 1363 ἀσθενείᾳ
3559 1295 3573 1318 ’

1961 1370 2274 1438 περιπεσὼν
2323 1370 2601 1442 βαρυτάτῃ
2660 1375 2718 1440 ἐξ
2774 1375 3082 1445 ἀνθρώπων
3133 1382 3401 1447 ἐγεγόνει,
3437 1386 3531 1436 καὶ

1959 1461 2088 1528 πρὶν
2122 1461 2217 1528 τῆς
2240 1462 2499 1531 τελευτῆς
2540 1464 2706 1516 αὑτοῦ
2740 1466 2973 1534 μοναχὸς
2996 1467 3313 1537 γενόμενος,
3355 1488 3532 1524 κατα-

1956 1551 2130 1605 λιπὼν
2162 1554 2461 1623 ἐπίτροπον
2490 1556 2598 1607 τῶν
2627 1556 2926 1624 βασιλικῶν
2953 1560 3297 1627 πραγμάτων
3345 1562 3533 1631 ’Ᾱρσέ-

1958 1660 2071 1697 νιον
2097 1646 2189 1697 τὸν
2224 1644 2577 1715 πατριάρχην
2607 1648 2700 1698 καὶ
2754 1647 3025 1717 Γεώργιον
3054 1654 3146 1702 τὸν
3190 1652 3528 1715 Μουζάλωνσι

282 1715 410 1807 ξατο
583 1743 749 1796 αὐτὸν
781 1715 1133 1805 δήσουλτάνος
1179 1715 1332 1812 μετὰ.
1372 1746 1545 1815 χαρᾶς
1581 1745 1843 1814 μεγάλης,
1888 1715 1927 1770 Β
1960 1736 2461 1805 πρωτοῦεστιάριον
2491 1737 2641 1800 ὄντα,
2677 1715 2886 1808 μέχρις
2978 1741 3092 1802 υίὸς
3137 1742 3301 1794 αὑτοῦ
3341 1744 3528 1796 Ἰωάν-

281 1836 375 1884 καὶ
411 1834 667 1900 συλλέξας
699 1835 928 1905 στρατὸν
965 1837 1025 1886 ἐκ
1054 1835 1160 1887 τῶν
1182 1835 1526 1902 Χριστιανῶν
1551 1831 1710 1905 (ἦσαν
1739 1836 1847 1903 γὰρ

282 1923 377 1976 ὑπ’
403 1925 555 1995 αύτῴ
580 1927 751 1978 πάλαι
807 1926 1198 1995 δεδουλωμένοι
1235 1926 1374 1987 τινὲς
1431 1924 1716 1994 Ῥωμαῖοι)
1752 1928 1848 1979 καὶ

279 2015 387 2067 ὑπὸ
420 2019 724 2085 στρατηγὸν
742 2019 831 2068 τὸν
857 2016 1226 2083 Παλαιολόγον
1253 2016 1443 2081 ἔταξεν
1481 2017 1700 2081 αὐτοὺς,
1752 2019 1848 2071 καὶ

286 2106 602 2175 Ῥωμαϊκὴν
629 2106 725 2158 καὶ
759 2106 921 2176 ξένην
953 2105 1147 2175 στολὴν
1175 2106 1444 2169 κελεύσας
1482 2107 1569 2159 ἵνα
1600 2110 1848 2177 φορέσω-

276 2214 383 2261 σιν,
408 2198 555 2260 ὅπως
579 2198 904 2268 καταπλήξῃ
930 2198 1056 2259 τοὺς
1095 2196 1421 2267 πολεμίους.
1481 2199 1547 2251 Ὅ
1581 2200 1675 2252 καὶ
1726 2201 1846 2267 ὲγέ-

272 2303 415 2340 νετο·
464 2287 667 2350 ἰδόντες
728 2288 837 2357 γάρ
902 2290 950 2340 οί
1013 2287 1217 2340 Σκύθαι
1286 2288 1547 2359 ἐξαίφνης
1614 2292 1845 2361 στρατὸν

272 2381 612 2449 ἐπαγόμενον
638 2381 696 2434 ὃν
729 2382 829 2433 οὐκ
860 2380 1110 2450 ήλπιζον,
1147 2380 1445 2449 φεύγοντες
1481 2382 1705 2452 ᾤχοντο.
1735 2384 1846 2436 Καὶ

272 2470 449 2534 οὕτως
468 2473 537 2523 τά
557 2474 615 2523 ὲν
638 2472 716 2539 τῷ
742 2473 953 2540 Ἰκονίῳ
971 2471 1253 2537 γεγόνασι.

348 2564 413 2614 Oi
446 2563 500 2612 δὲ
518 2561 741 2621 Νικαεῖς
772 2560 1046 2629 γράφουσι
1070 2560 1148 2629 τῷ
1181 2560 1414 2630 βασιλεῖ,
1448 2560 1577 2615 ἔνθα
1607 2560 1696 2634 ἦν,
1722 2567 1847 2633 περί

272 2650 373 2717 τῆς
409 2649 587 2719 φυγῆς
619 2648 713 2700 τοῦ
750 2647 1146 2714 Παλαιολόγου.
1179 2649 1287 2701 Καὶ
1316 2650 1389 2711 ὡς
1429 2651 1667 2720 ἤκουσεν
1694 2654 1720 2706 6
1747 2652 1846 2721 βα-

276 2737 478 2801 σιλεὺς,
504 2738 802 2807 περίλυπος
829 2738 1072 2803 ἐγεγόνει
1097 2740 1286 2802 καὶείς
1311 2742 1557 2811 ταραχὴν
1570 2743 1847 2813 λογισμῶν

271 2831 372 2882 οὐκ
395 2830 580 2898 ὀλίγην
611 2830 857 2885 ἐνέπεσε.
891 2830 1001 2889 Καὶ
1026 2829 1211 2896 ὀλίγου
1240 2830 1604 2900 παρελθόντος
1648 2833 1843 2903 καιροῦ

271 2916 477 2990 γράφει
510 2922 645 2991 πρὸς
697 2923 789 2972 τὸν
846 2921 1230 2988 Παλαιολόγον,
1402 2924 1847 2994 ἀνακαλούμενος

270 3014 436 3066 αὑτὸν
464 3013 561 3065 καὶ
596 3010 797 3082 πολλὴν
838 3012 1268 3080 ὑπισχνούμενος
1320 3013 1707 3085 τὴνδστοργὴν.
1752 3018 1845 3068 καὶ

270 3104 493 3172 ἔνορκον
527 3103 714 3173 ἔχοντα
752 3104 849 3173 τὴν
884 3103 1192 3167 ἀσφάλειαν
1218 3096 1292 3155 ὧν
1324 3104 1705 3171 διελάμῦανεν.
1741 3108 1843 3157 Καὶ

270 3194 446 3258 οὕτως
487 3196 652 3247 πάλιν
699 3194 789 3245 τὸν
829 3194 1118 3262 Κομνηνὸν
1152 3193 1185 3263 ή
1228 3191 1516 3263 Ῥωμαίων
1549 3195 1621 3262 γῆ
1656 3194 1841 3247 έλαὸε.

272 3385 332 3426 se
362 3373 494 3425 dare
532 3370 692 3439 plane
728 3383 835 3422 non
869 3378 1107 3435 poterat,
1141 3368 1235 3421 sed
1265 3368 1687 3437 cogitationibus
1723 3370 1840 3437 agi-

271 3462 491 3515 tabatur
542 3470 819 3527 metuque.
879 3458 1116 3512 Noverat
1145 3461 1288 3515 enim
1335 3475 1580 3529 praeceps
1617 3469 1671 3515 et
1716 3476 1841 3516 acre

270 3564 436 3620 alque
475 3552 543 3605 ab
568 3552 714 3603 onini
755 3550 1050 3603 clementia
1083 3550 1317 3605 alienum
1358 3551 1635 3621 ingenium
1671 3553 1841 3622 impe-

272 3644 494 3704 ratoris,
530 3657 627 3695 nec
660 3643 823 3696 ullam
860 3644 1292 3697 mansuetudinis
1322 3644 1405 3698 vel
1450 3646 1840 3701 misericordiae

274 3748 426 3802 spem
452 3732 568 3786 fore
598 3733 698 3786 sibi
733 3743 1099 3803 persuaserat.
1136 3735 1324 3803 Itaque
1371 3751 1493 3790 cum
1540 3738 1840 3793 calumnias

272 3824 663 3891 machinasque
690 3826 756 3876 ad
788 3838 1062 3876 summum
1097 3823 1372 3893 fastigium
1413 3827 1714 3881 eommoliti
1748 3843 1836 3882 es-

271 3925 395 3969 sent
418 3914 541 3982 ejus
565 3914 766 3967 inimici
796 3914 1247 3983 imperatorisque
1269 3926 1632 3984 occupassent
1656 3933 1838 3980 aures,

273 4015 565 4072 antequam
598 4003 810 4057 funesta
840 4014 1134 4073 pateretur,
1166 4005 1289 4075 fuga
1334 4006 1492 4059 saluti
1530 4012 1833 4079 prospexit.

273 4093 513 4149 Iconium
546 4106 603 4147 ut
627 4099 798 4159 venit,
833 4096 1107 4149 sultanum
1136 4097 1380 4150 studiose
1408 4099 1591 4166 copias
1622 4116 1840 4172 compa-

273 4198 482 4240 rantem
520 4187 742 4254 reperit,
796 4195 988 4239 contra
1027 4185 1279 4255 Scythas,
1315 4185 1639 4257 quibuscum
1679 4192 1841 4246 dissi-

273 4279 453 4341 debat,
484 4280 878 4345 profecturum.
919 4274 1144 4349 Recepit
1168 4294 1292 4331 eum
1334 4294 1526 4348 magno
1558 4296 1677 4334 eum
1706 4298 1841 4352 gan-

1956 1845 2054 1895 νης
2089 1827 2273 1897 φθάσῃ
2316 1830 2394 1889 είς
2437 1828 2536 1897 τήν
2575 1829 2891 1898 ἀνήκουσαν
2924 1831 3137 1900 ήλικίαν
3160 1848 3174 1864 '
3204 1828 3273 1903 ἦν
3305 1834 3415 1905 γὰρ
3457 1837 3527 1906 τῇ

1953 1917 2142 1987 ἡλικίᾳ
2177 1918 2340 1971 ἕκτου
2388 1919 2542 1983 ἔτους
2592 1923 2618 1973 6
2668 1925 2820 1983 παῖς.
2864 1922 2971 1976 Καὶ
3001 1922 3058 1974 ὲν
3098 1923 3311 1986 τούτοις
3342 1926 3371 1977 6
3420 1942 3528 1977 πα·

1954 2008 2224 2078 τριάρχης
2242 2008 2340 2078 τήν
2367 2011 2674 2083 σύγκλητον
2703 2014 2886 2065 πᾶσαν
2914 2013 3146 2079 συνάξας
3168 2016 3260 2066 καὶ
3280 2015 3527 2085 δημηγο-

1955 2100 2149 2169 ρήσας,
2184 2100 2383 2163 πάντες
2412 2103 2609 2171 ὅρκους
2631 2105 2892 2170 ἐποίησαν
2919 2105 3178 2172 φρικτοὺ;
3214 2106 3299 2159 ἵνα
3326 2107 3530 2172 φυλάσο

1957 2206 2123 2242 σωσιν
2176 2192 2275 2259 τὴν
2308 2193 2627 2262 πρέπουσιν
2662 2195 2875 2246 εὔνοιαν
2906 2196 2999 2247 καὶ
3029 2197 3208 2248 πίστιν
3244 2199 3379 2265 πρδις
3430 2197 3526 2250 τὸν

1954 2280 2049 2333 τοῦ
2084 2281 2344 2350 βασιλέως
2380 2284 2494 2335 υἱὸν
2527 2285 2619 2336 καὶ
2652 2285 2933 2355 ὑποταγὴν
2964 2286 3043 2348 είς
3072 2287 3159 2337 τὸν
3186 2287 3526 2350 Μουζάλωνα

1953 2371 2027 2434 ὡς
2052 2373 2352 2443 ἐπίτροπον
2382 2374 2568 2428 αὑτοῦ.
2612 2375 2825 2443 Ὀλίγαι
2864 2372 2957 2429 οὖν
2987 2376 3264 2444 παρῆλθον
3297 2378 3523 2447 ήμέραι,

1953 2462 2047 2513 καί
2076 2479 2218 2524 τινες
2256 2463 2355 2532 13
2386 2462 2494 2517 τῶν
2521 2466 2578 2515 ὲν
2609 2463 2881 2533 ἀξιώματι
2912 2468 3006 2518 καὶ
3047 2467 3393 2537 λαμπρότητι
3426 2486 3524 2520 τα-

1953 2552 2095 2618 χέως
2123 2552 2509 2622 ἐνεωτέρισαν,
2532 2556 2895 2625 φθονήσαντες
2926 2557 3527 2621 τὸνΜουζάλωνα.¹Ἐν-

1954 2657 2113 2703 νατος
2142 2643 2325 2711 ήμέρα
2369 2639 2436 2714 ἦν
2472 2645 2610 2711 μετά
2642 2647 2740 2713 τὴν
2777 2645 2945 2716 θανὴν
2969 2646 3065 2699 τοῦ
3094 2647 3380 2716 βασιλέως,
3430 2648 3525 2700 καὶ

1955 2733 2164 2785 ἅπασαι
2206 2733 2260 2784 αἱ
2305 2733 2414 2784 τῶν
2438 2732 2666 2797 ἐνδόξων
2724 2735 3073 2806 συνήχθησαν
3123 2739 3381 2803 γυναῖκες
3428 2738 3523 2789 ἐπὶ

1953 2823 2052 2894 τὴν
2087 2823 2255 2893 μονὴν
2300 2824 2408 2875 τῶν
2460 2825 2817 2896 Σωσάνδρων,
2863 2829 2996 2880 ὅπου
3021 2828 3284 2881 τέθαπται
3309 2832 3336 2881 6
3366 2829 3526 2898 βασι-

1953 2914 2098 2979 λεὺς,
2136 2915 2222 2969 ἵνα
2247 2918 2550 2985 ποιήσωσιν
2582 2919 2640 2969 τὸ
2674 2921 3066 2989 νενομισμένον
3097 2920 3291 3001 πένθος
3315 2923 3408 2974 καὶ
3454 2923 3522 2977 τὰ

1956 3006 2299 3075 μνημόσυνα.
2328 3008 2595 3077 Παρόντες
2627 3009 2684 3063 δὲ
2705 3011 2752 3060 οἱ
2783 3009 3047 3079 ἄρχοντες
3079 3013 3171 3063 καὶ
3198 3012 3519 3083 ἀρχόμενοι,

1950 3097 2041 3147 καὶ
2066 3095 2148 3147 ἔτι
2193 3098 2290 3164 τῆς
2340 3097 2491 3166 ἱερᾶς
2543 3097 2877 3169 τελουμένης
2912 3099 3255 3169 λειτουργίας
3292 3103 3357 3153 τὰ
3390 3102 3522 3172 ξίφη

1945 3186 2337 3253 γυμνώσαντες
2364 3187 2564 3250 πάντες
2602 3189 2651 3240 οἱ
2689 3191 3022 3259 στρατιῶται
3054 3193 3113 3243 ὲν
3137 3191 3215 3263 τῷ
3247 3194 3381 3262 ναῷ,
3426 3197 3521 3246 καὶ
3564 3182 3569 3185 ’

1944 3358 2148 3412 dientia
2204 3375 2421 3429 semper
2469 3373 2736 3425 maneret,
2797 3380 2897 3417 neu
2947 3380 3184 3433 unquam
3238 3377 3521 3435 appeteret

1945 3448 2252 3515 imperium,
2284 3452 2376 3503 sed
2412 3453 2843 3507 benevolentiam
2894 3464 2949 3508 et
2986 3464 3229 3509 amarem
3265 3466 3377 3510 tum
3415 3460 3515 3527 ipsi

1944 3538 2259 3608 imperatori
2293 3539 2577 3597 Theodoro
2614 3554 2725 3597 tum
2769 3545 2985 3611 Joanni,
3018 3549 3138 3617 ejus
3172 3549 3304 3617 filio,
3352 3559 3405 3603 et
3434 3565 3519 3603 se-

1942 3631 2157 3684 cuturis
2183 3632 2378 3687 deinde
2398 3638 2808 3690 successoribus
2828 3649 3127 3705 praestaret.
3159 3638 3367 3705 Quibus
3398 3656 3520 3708 per-

1943 3720 2083 3771 actis
2123 3717 2420 3787 intperator
2453 3739 2576 3775 eum
2609 3741 2798 3778 rursus
2826 3743 3080 3795 magnum
3108 3732 3515 3784 contestatulum

1944 3810 2265 3875 nominavit,
2297 3826 2403 3880 qua
2451 3816 2612 3867 etiam
2653 3827 2812 3870 antea
2854 3830 3083 3873 ornatus
3116 3821 3296 3874 fuerat
3332 3821 3516 3892 digni-

1943 3906 2073 3953 tate.

2014 3990 2108 4045 His
2135 3991 2283 4047 curis
2323 3993 2594 4049 distentus
2631 3995 2951 4066 imperator,
3000 4002 3191 4057 morbo
3223 3986 3515 4075 ccrrepilus

1940 4086 2266 4154 gravissimo
2310 4101 2340 4139 e
2390 4086 2500 4139 vita
2543 4090 2730 4152 cessit,
2770 4105 2891 4143 cum
2944 4094 3102 4161 paulo
3128 4106 3252 4151 ante
3284 4110 3514 4155 mortem

1946 4176 2199 4237 monachi
2233 4178 2477 4231 habitum
2515 4178 2777 4234 induisset
2809 4193 2861 4234 et
2889 4198 3269 4251 procuratores
3300 4190 3513 4259 imperii
3544 4189 3551 4194 ’

1940 4268 2229 4320 Arsenium
2253 4270 2623 4336 patriarcham
2644 4283 2697 4324 et
2713 4273 3001 4342 Georgium
3023 4277 3363 4334 Muzalonem
3390 4299 3515 4353 pro-

272 4368 363 4419 dio
401 4366 649 4418 sttltanus
687 4376 742 4420 et
780 4367 1041 4421 exercitui
1077 4370 1387 4435 conscripti)
1436 4382 1467 4421 c
1512 4366 1839 4427 Christianis

1948 4358 2313 4437 tovestiariutn
2358 4360 2711 4432 disignasset,
2746 4365 2920 4420 donec
2949 4369 3091 4423 lilius
3119 4368 3380 4439 Joannes,
3421 4377 3512 4442 qui

276 4466 454 4511 terant
499 4457 640 4508 enim
672 4457 720 4509 ei
754 4457 961 4522 pridem
994 4458 1235 4515 nonnulli
1282 4459 1518 4527 subjeCIi
1572 4459 1827 4532 Romani)

276 4543 536 4610 prmfecit,
556 4543 831 4611 iussitque
858 4545 1056 4598 milites
1082 4547 1382 4599 lloinanum
1405 4562 1467 4599 ac
1493 4551 1839 4617 peregrinum
1870 4547 1891 4563 ‘

273 4633 495 4686 induere
521 4635 795 4696 vestitum,
819 4649 926 4701 quo
953 4636 1201 4690 hostibus
1224 4638 1528 4691 im-uterent
1554 4648 1839 4694 terrorem.

270 4724 380 4777 Nec
429 4739 551 4777 eum
610 4738 735 4791 spes
780 4724 997 4777 fefellit.
1043 4725 1175 4777 Nam
1220 4724 1457 4795 Scytha‘,
1509 4741 1628 4778 cum
1662 4728 1841 4781 subito

269 4814 571 4867 exercitum
598 4824 789 4867 contra
826 4830 883 4868 se
919 4817 1040 4868 duci
1069 4816 1354 4878 vidissent,
1398 4832 1557 4883 quem
1586 4832 1690 4869 non
1717 4834 1841 4891 spe-

271 4912 482 4969 rarant,
522 4905 573 4957 in
608 4904 785 4973 fugam
817 4907 1145 4973 prmeipitem
1177 4922 1235 4960 se
1268 4906 1627 4959 tradiderunt.

343 4993 467 5047 llaec
494 4994 623 5047 dum
654 4995 815 5048 lconii
848 5004 1131 5062 geruntur,
1164 4995 1470 5049 Niemenses
1498 5000 1562 5049 de
1591 4995 1712 5064 fuga
1743 4995 1841 5048 Pa-

268 5086 478 5154 lzrologi
552 5086 616 5139 ad
685 5089 1066 5155 imperatorem
1117 5088 1328 5141 litteras
1376 5088 1682 5153 dederunt;
1730 5105 1838 5159 quo

268 5177 466 5229 nuntio
495 5176 582 5229 ille
613 5177 835 5231 tristitia
878 5194 984 5230 non
1020 5179 1278 5232 mediocri
1324 5173 1628 5234 aii‘cetufet
1655 5182 1838 5233 animo

267 5266 560 5319 admodum
598 5267 968 5335 perturbatus,
1019 5270 1166 5322 brevi
1209 5279 1450 5338 tempore
1498 5273 1833 5334 intermisso.

263 5353 623 5424 Palmologmn
650 5356 846 5410 litteris
877 5358 943 5409 ad
982 5359 1216 5411 reditum
1247 5359 1444 5413 invitat
1478 5374 1745 5413 summam
1780 5361 1830 5413 ci

259 5444 533 5510 pollicitus
552 5450 986 5502 benevolentiam
1008 5457 1489 5517 securitatemque,
1511 5450 1832 5519 interposito

253 5540 633 5610 jurejurando.
672 5542 851 5610 Atque
899 5544 999 5598 hoc
1052 5543 1507 5606 modo,Romano
1541 5547 1657 5601 solo
1721 5545 1831 5602 Co-

257 5640 489 5683 nmenus
519 5630 799 5685 restitutus
825 5640 928 5695 est,
950 5644 1233 5704 postquam
1254 5645 1307 5690 et
1332 5634 1448 5704 ipse
1473 5638 1831 5691 sacramentis

260 5720 552 5778 horrendis
580 5737 639 5777 se
660 5723 955 5779 obstrinxit
977 5725 1313 5795 imperatori,
1345 5738 1400 5783 ut
1425 5728 1478 5783 in
1503 5728 1608 5785 fide
1629 5738 1682 5785 ct
1702 5729 1830 5785 obe-

1946 4454 2060 4501 ttun
2096 4465 2298 4503 annum
2328 4460 2542 4505 sextum
2590 4456 2807 4522 agebat.
2845 4462 2908 4512 ad
2936 4458 3139 4525 justam
3173 4466 3517 4531 pervenisset
3604 4518 3607 4521 .

1944 4550 2183 4593 atatem.
2215 4541 2401 4615 Itaque
2434 4546 2763 4611 patriarcha,
2795 4560 2985 4601 senatu
3011 4566 3310 4607 ennvocalo
3330 4566 3385 4608 et
3415 4556 3513 4611 ha-

1946 4631 2053 4684 bita
2089 4632 2372 4694 concione,
2417 4649 2607 4688 omnes
2657 4637 2708 4690 in
2760 4637 2881 4693 dira
2921 4640 3091 4706 adigit
3139 4656 3508 4708 sacramenta,

1943 4721 2141 4789 quibus
2172 4725 2408 4776 studium
2446 4734 2499 4778 et
2532 4726 2689 4779 fidem
2743 4727 3092 4792 imperatoris
3125 4731 3256 4795 filio,
3295 4742 3350 4785 et
3376 4734 3509 4788 ube-

1945 4813 2199 4866 dientiam
2229 4814 2497 4868 anaioni
2541 4818 2702 4871 tutori
2742 4818 2887 4886 ejus,
2916 4820 3191 4888 adjurant.
3227 4824 3293 4876 At
3325 4830 3511 4890 paucis

1946 4904 2248 4974 interjectis
2284 4906 2475 4959 diebus
2515 4908 2736 4976 quidam
2784 4912 3083 4969 honoribus
3126 4924 3181 4967 et
3227 4916 3509 4974 nobilitate

1943 4993 2184 5049 illustres
2229 4996 2354 5060 viri,
2384 4996 2652 5051 Muzaloni
2708 5002 3034 5067 invidentes,
3077 5017 3164 5057 res
3192 5020 3358 5060 noras
3390 5024 3507 5063 mo-

1942 5085 2169 5138 liuntur.
2195 5085 2320 5141 Dies
2348 5088 2415 5139 ab
2444 5089 2594 5141 obittt
2624 5091 2977 5159 imperatoris
3002 5107 3181 5147 nonus
3206 5106 3339 5151 erat.
3364 5096 3499 5152 Cum
3560 5140 3566 5151 .

1940 5176 2201 5245 quidquid
2224 5187 2340 5232 erat
2368 5179 2623 5233 nobilium
2649 5190 3046 5249 matronarum,
3071 5184 3122 5236 in
3150 5182 3501 5241 Sosandrium

1939 5270 2350 5334 monasterium,
2391 5272 2479 5324 ubi
2532 5272 2775 5339 sepultus
2808 5281 2888 5326 est
2936 5273 3255 5345 imperator,
3294 5280 3359 5330 ad
3391 5294 3506 5331 me-

1937 5360 2167 5413 moriam
2204 5360 2325 5430 ejus
2353 5361 2582 5416 solemni
2615 5363 2765 5417 luctu
2813 5366 3275 5420 cohonestandum
3301 5366 3505 5421 conﬂu-

1936 5451 2131 5508 xisset.
2162 5454 2408 5507 Aderant
2434 5469 2690 5520 proceres
2718 5471 2781 5509 ac
2815 5457 3035 5526 plebeii.
3060 5458 3235 5511 Medio
3269 5459 3504 5528 litttrgitn

1934 5543 2227 5611 sacrifiCio,
2253 5545 2454 5599 milites
2481 5546 2533 5599 in
2562 5546 2764 5615 templo
2788 5564 2945 5603 enses
2969 5549 3240 5618 stringunt
3259 5558 3314 5600 et
3339 5549 3501 5616 trepi-

1933 5634 2153 5688 dantem
2188 5634 2527 5691 Muzaioncnt
2564 5638 2631 5691 ad
2663 5650 2911 5692 sanctam
2962 5640 3312 5705 divinumque
3345 5654 3500 5691 meu-

1932 5737 2048 5779 sam
2082 5726 2381 5784 crudeliter
2419 5730 2712 5786 trucidant.
2754 5729 3017 5786 Matrona:
3039 5737 3086 5782 et
3127 5728 3370 5796 reliquus
3398 5743 3498 5798 po-
