4096 6300
580 309 682 371 647

1787 315 2117 374 GEORGII
2157 314 2585 373 PBRAN'I‘ZE
2622 330 2643 347 ··

3707 318 3825 389 648

583 422 639 469 ἐν
662 421 727 489 τῇ
753 418 871 489 θείᾳ
894 420 986 471 καὶ
1006 420 1129 489 ἱερᾷ
1154 420 1398 489 τραπέζῃ
1424 421 1663 492 φυγόντα
1689 422 1779 475 τὸν
1809 422 2147 484 Μουζάλωνα
2178 435 2221 486 Α
2252 424 2535 492 χρήματα,
2569 422 2779 484 πάντας
2813 421 2939 483 τοὺς
2969 422 3026 474 ἐν
3076 423 3222 490 γένει
3258 426 3354 479 καὶ
3388 425 3496 479 τῶν
3551 445 3829 498 στρατιω⁹

582 511 927 580 κατέσφαξαν
959 510 1203 577 ἀπηνῶς.
1245 513 1351 563 Καὶ
1384 511 1555 575 οὕτως
1606 516 1659 565 αί
1693 516 1950 579 γυναῖκες
1991 514 2085 565 καὶ
2111 514 2138 564 6

582 603 766 662 λοιπδς
788 602 911 663 λαὸς
939 602 995 651 τὸ
1027 600 1218 663 πένθος
1244 603 1435 655 εἴασαν
1473 604 1565 656 καὶ
1590 604 1811 671 ἔφυγον,
1843 606 1936 655 καὶ
1974 603 2138 665 πολὺς

581 691 776 759 θρῆνος
805 692 896 741 καὶ
943 691 1166 757 θόρυϐος
1190 693 1429 758 ἐγένετο.
1464 693 1568 745 Φεῦ
1592 693 1699 746 τῶν
1732 693 1856 763 χθὲς
1887 693 1981 745 καὶ
2008 692 2138 761 πρόσ

578 797 738 855 τριτα
766 781 1127 834 τελεσθέντων
1159 783 1402 852 φρικτῶν
1449 784 1627 851 ὅρκων
1658 786 1737 847 είς
1773 784 2015 844 ἐκείνους
2046 784 2139 835 καὶ

580 872 1070 939 παλαμναιοτάτων
1118 874 1266 943 ἀρῶν
1295 911 1310 936 ,
1362 874 1418 925 αἳ
1456 874 1700 942 σήμερον
1750 875 1866 929 ἀντ’
1925 873 2138 934 οὐδενὸς

580 960 937 1030 ἐλογίσθησαν
965 964 975 1014 l
1006 964 1068 1013 Ὢ
1097 963 1195 1031 τῆς
1222 963 1629 1030 εὐσπλαγχνίας
1666 980 1783 1026 σου,
1816 963 2021 1032 Χριστὲ
2047 962 2141 1030 βα-

579 1050 750 1115 σιλεῦ,
778 1052 994 1120 καὶτῆς
1027 1054 1405 1123 μακροθυμίας
1439 1072 1530 1106 σου
1558 1055 1571 1107 !
1615 1055 1673 1104 '0
1704 1055 1758 1107 δὲ
1792 1055 2138 1124 πατριάρχης

581 1141 739 1209 μόνος
791 1144 1199 1210 ἐναπολειφθεὶς
1259 1146 1354 1196 καὶ
1392 1144 1451 1196 ού
1487 1142 1738 1196 τοσοῦτον
1776 1144 2038 1211 ἔμπειρος
2064 1141 2140 1193 ὢν

577 1233 707 1298 περὶ
741 1232 839 1299 τὴν
867 1233 1116 1299 τοιαύτην
1137 1232 1401 1299 διοίκησιν
1425 1232 1502 1291 είς
1531 1230 1825 1297 λογισμοὺς
1848 1229 1940 1280 καὶ
1975 1243 2142 1296 φρον-

575 1322 729 1381 τίδας
762 1323 1004 1389 μεγάλας
1034 1321 1278 1382 ἐνέπεσε,
1325 1320 1735 1388 φανταζόμενος
1771 1322 1858 1371 τὸν
1895 1320 2140 1371 κίνδυνον

575 1412 670 1462 τοῦ
704 1412 891 1473 παιδὸς
946 1411 1035 1462 καὶ
1065 1410 1173 1462 τῶν
1221 1411 1359 1462 ὅλων
1395 1411 1759 1479 πραγμάτων.
1810 1409 2140 1477 Θλιϐόμενος

576 1502 668 1554 καὶ
704 1501 1203 1570 στενοχωρούμενος
1238 1501 1453 1570 ὑπῆρχε
1490 1503 1583 1553 καὶ
1631 1502 1770 1552 κατὰ
1794 1500 1917 1552 νοῦν
1954 1500 2140 1567 ἐθορυ-

578 1595 747 1655 ϐεῖτο,
782 1593 867 1652 τίς
911 1591 976 1644 ἂν
1027 1592 1112 1663 εἴη
1151 1592 1216 1644 ἐκ
1255 1593 1353 1660 τῆς
1413 1593 1723 1661 συγκλήτου
1770 1592 1797 1643 6
1842 1592 2139 1659 δυνάμενος

582 1681 686 1751 14
712 1681 999 1742 τοσούτους
1038 1682 1130 1734 καὶ
1174 1682 1451 1743 τοιούτους
1497 1682 1775 1743 κλύδωνας
1810 1682 1901 1733 καὶ
1937 1680 2138 1734 θαλάσ·

2248 514 2354 567 τῶν
2386 516 2483 566 οὐκ
2512 514 2728 579 ὀλίγους
2760 513 3077 582 ἐνέπλησεν,
3115 515 3253 569 ἀλλά
3294 518 3387 570 καὶ
3414 519 3523 569 τῶν
3573 520 3688 571 ὅσοι
3718 520 3823 587 τὴν

2246 604 2503 670 γλῶσσαν
2539 604 2729 672 ῥᾳδίαν
2777 598 2923 672 εἶχον
2952 604 3310 673 δημαγωγεῖν
3364 607 3457 659 τὸν
3487 606 3646 677 ὄχλον
3676 606 3824 679 [ἐδύ-

2248 700 2447 763 ναντο].
2479 691 2588 743 Ἦν
2611 692 2667 744 δὲ
2704 694 2796 744 καὶ¹
2821 694 2983 756 αὐτὸς
3013 697 3040 746 6
3065 695 3353 764 Κομνηνὸς
3384 697 3570 758 ἱκανὸς
3590 698 3647 749 ἐν
3677 697 3825 766 γνώο

2249 798 2332 833 σει
2367 798 2424 833 τε
2454 782 2547 833 καὶ
2577 780 2796 850 πράξει,
2822 784 2917 835 καὶ
2939 784 2997 835 ἐν
3026 784 3103 853 τῷ
3131 783 3317 850 λέγειν
3356 786 3817 855 ἐπιτηδειότατος,

2248 872 2340 923 καὶ
2364 871 2622 941 ἔμπειρος
2646 872 2993 940 πραγμάτων
3009 875 3277 927 παντοίων
3306 876 3397 927 καὶ
3422 875 3702 943 βασιλείαν
3727 879 3824 929 καὶ

2245 961 2374 1013 λαὸν
2407 962 2698 1030 διοικῆσαι.
2733 963 2797 1016 Τί
2827 961 2926 1031 15
2953 963 3059 1034 χρὴ
3087 964 3302 1032 λέγεινς
3337 966 3386 1018 οί
3417 967 3823 1028 πάντες’⁷αὒτδν

2247 1054 2605 1123 ἐψηφίσαντο.
2627 1053 2783 1107 Οὕτω
2805 1056 2900 1107 καὶ
2924 1057 2951 1107 6
2977 1059 3325 1125 πατριάρχης
3353 1058 3514 1109 αὐτὸν
3550 1058 3822 1112 ἐϐεϐαίω-

2250 1162 2309 1196 σε
2358 1148 2450 1199 καὶ
2495 1145 2785 1215 σύμψηφον
2822 1147 3080 1210 ἐποιεῖτο,
3118 1147 3222 1209 ἕως
3259 1143 3319 1201 οὗ
3348 1148 3376 1200 6
3409 1148 3500 1201 τοῦ
3550 1148 3821 1218 βασιλέως

2216 1300 2228 1319 κ
2251 1231 2379 1296 παῖς
2403 1235 2583 1307 φθάσῃ
2601 1237 2656 1287 ἐν
2680 1237 2861 1307 ήλικίᾳ
2881 1239 2947 1307 τῇ
2972 1238 3340 1308 προσηκούσῃ.
3367 1241 3473 1292 Καὶ
3500 1235 3569 1309 ἦν
3599 1242 3822 1292 ἐπὶτῶν

2250 1326 2445 1377 κοινῶν
2499 1330 2843 1395 πραγμάτων
2899 1329 3048 1400 πάσῃ
3116 1328 3334 1400 ἐξουσίᾳ
3386 1329 3753 1399 διεζωσμένος
3792 1333 3818 1383 6

2250 1417 2617 1483 Παλαιολόγοε
2665 1421 2692 1471 6
2736 1420 2958 1491 Μιχαὴλ
2984 1437 2999 1453 ο
3033 1422 3123 1473 καὶ
3171 1421 3310 1491 αὕτη
3360 1423 3392 1492 ή
3423 1423 3572 1474 αίτία
3601 1424 3816 1489 γίνεται

2249 1509 2386 1576 πρὸς
2424 1510 2516 1561 τὸν
2550 1510 2769 1580 Μιχαὴλ
2802 1512 2900 1581 τῆς
2936 1514 3017 1575 είς
3050 1512 3333 1582 βασιλείαν
3376 1515 3667 1585 ἀναγωγῆς
3718 1517 3815 1567 καὶ

2249 1599 2605 1661 κατάστασις.
2658 1600 2813 1653 Μετὰ
2860 1601 2916 1652 δέ
2975 1618 3125 1663 τινας
3178 1604 3391 1672 ἡμέρας
3424 1603 3583 1656 πάλιν
3617 1604 3817 1673 ἐτέρας

2252 1691 2501 1759 μηχανάς
2555 1691 2857 1760 βάπτουσιν
2916 1693 2965 1744 οἱ
3029 1694 3427 1758 σπουδάζοντες
3481 1695 3815 1749 ἀναϐιϐάσαι

579 1790 675 1833 σας
700 1772 1036 1841 κυϐερνῆσαι
1075 1774 1168 1824 καὶ
1201 1775 1298 1835 τὰς
1332 1771 1461 1833 ναῦς
1506 1774 1598 1825 καὶ
1627 1773 1753 1835 τοὺς
1788 1772 2051 1845 πλέοντας
2082 1772 2140 1822 ού
2181 1770 2220 1826 Β
2252 1780 2415 1832 αὐτὸν
2445 1781 2525 1841 εἰς
2550 1780 2647 1850 τὴν
2674 1780 2775 1848 τῆς
2804 1779 3086 1849 βασιλείας
3118 1784 3422 1850 περιωπήν.
3456 1783 3659 1852 Βουλὴν
3691 1798 3817 1834 χαι-

581 1860 780 1929 praeut
818 1861 1286 1929 ήκαταποντίσαι.
1341 1860 1549 1928 Ἐφάνη
1584 1862 1731 1929 αὐτῷ
1779 1862 1909 1928 περὶ
1939 1860 2033 1913 τοῦ
2072 1862 2147 1911 εί-

580 1952 816 2020 ρημένου
852 1952 1137 2020 Κομνηνοῦ
1170 1951 1392 2020 Μιχαὴλ
1420 1951 1507 2004 ἴνα
1525 1952 1611 2004 διὰ
1637 1953 1943 2022 συνδρομῆς
1978 1951 2144 2004 αὑτοῦ

572 2044 652 2110 τῷ
685 2043 842 2095 παιδὶ
874 2042 1140 2116 βοηθήσῃ.
1180 2037 1289 2096 Ἦν
1321 2042 1379 2095 δὲ
1409 2045 1437 2095 6
1492 2045 1632 2112 ἀνὴρ
1674 2046 1782 2105 τοῖς
1818 2046 1984 2097 πᾶσιν
2028 2042 2147 2095 ἐπί·-

576 2150 747 2202 οημος
778 2134 870 2185 καὶ
906 2133 1292 2202 περίϐλεπτος,
1330 2134 1424 2186 καὶ
1456 2134 1489 2203 ή
1523 2122 1681 2203 φήμη
1713 2134 1879 2186 αὐτοῦ
1905 2134 2005 2196 τὰς
2035 2135 2144 2187 τῶν

574 2226 831 2277 ἁπάντων
851 2226 1018 2288 ἀκοάς
1049 2226 1394 2296 ἐνηχίζουσα.
1414 2227 1571 2278 Φιλού
1582 2243 1739 2295 μενος
1772 2226 1876 2279 ὑπὸ
1906 2226 2142 2289 πολλῶν,

573 2317 647 2377 ὼς
671 2317 910 2386 εἴρηται,
942 2317 1146 2384 ὁμοίως
1202 2316 1295 2369 καὶ
1339 2319 1366 2369 6
1412 2317 1758 2386 πατριάρχης
1792 2317 1901 2371 τῶν
1935 2318 2144 2368 ἐκεῖνον

572 2402 915 2472 ἀγαπώντων
948 2408 1008 2459 ού
1059 2407 1279 2475 μακρὰν
1315 2406 1568 2472 διέκειτο,
1596 2407 1730 2460 ἀλλά
1766 2411 2014 2475 κρεῖττον
2048 2408 2144 2459 καὶ

575 2498 740 2550 πλέον
759 2499 865 2550 τῶν
896 2498 1070 2551 ἄλλων
1093 2500 1188 2552 καὶ
1220 2499 1381 2560 αὐτὸς
1406 2499 1578 2565 ἐφίλει
1606 2498 1819 2554 τοῦτον.
1857 2500 2049 2553 Καίτοι
2078 2516 2141 2567 γε

573 2592 782 2651 καὶτὰς
818 2590 960 2654 κλεῖς
1011 2591 1119 2643 τῶν
1154 2590 1448 2661 βασιλικῶν
1480 2591 1773 2662 θησαυρῶν
1802 2593 1950 2663 αὐτῷ
1997 2593 2143 2664 μόνῳ

572 2681 953 2732 ἐνεπίστευεν·
981 2682 1074 2733 καὶ
1125 2683 1287 2735 ὁπότε
1325 2684 1622 2754 χρημάτων
1655 2686 1723 2738 τὰ
1768 2684 2142 2753 στρατιωτικά

420 2751 425 2755 ’
488 2818 491 2822 ι
572 2770 749 2821 ἐδέετο
789 2771 1095 2839 πράγματα
1145 2772 1238 2823 καὶ
1508 2773 1705 2827 κοινῶν
1757 2751 1942 2843 χρεία,
1990 2773 2141 2843 αύτῷ

573 2860 848 2929 ἀπῄτουν·
901 2861 1037 2930 ὅπερ
1089 2863 1168 2923 είς
1221 2863 1290 2915 τὰ
1353 2864 1708 2933 μελετώμενά
1768 2881 1896 2917 ποτε
1947 2865 2139 2935 καιρὸν

572 2948 882 3016 ἔμπροσθεν
918 2950 984 3002 δι’
1008 2950 1177 3004 αὐτοῦ
1227 2952 1666 3022 ἀνυσιμώτατον,
1699 2957 1793 3006 καὶ
1831 2956 1941 3016 τοῖς
1975 2954 2139 3025 θρυλ-

570 3040 855 3107 λουμένοις
880 3042 943 3091 ἐκ
974 3040 1179 3115 πολλοῦ
1203 3043 1381 3111 πέρας
1415 3043 1673 3106 ὀξύτατον
1712 3044 2005 3115 παρέσχεν.
2025 3046 2137 3097 Λα-

573 3131 803 3200 όόμενος
847 3133 954 3201 γὰρ
1225 3133 1304 3197 είς
1356 3134 1595 3188 τοσαῦτα
1655 3112 2136 3205 μεταχειρίζεσθαι

575 3308 730 3375 pulns
761 3308 980 3362 omissis
1005 3310 1179 3374 sacris
1203 3310 1344 3365 foras
1368 3325 1426 3365 se
1458 3312 1779 3380 proripiunt.
1812 3313 2039 3381 strepitu
2075 3327 2138 3366 ac

574 3400 804 3452 tumultu
834 3401 1061 3470 ingenti.
1098 3402 1208 3455 Heu
1238 3405 1518 3457 hominum
1547 3404 1849 3472 perﬁdiam,
1885 3421 1987 3473 qua
2014 3406 2138 3458 hor-

573 3489 760 3543 rendis
799 3495 1156 3551 sacramentis
1201 3505 1255 3547 et
1304 3496 1598 3550 dirissimis
1646 3497 2134 3558 exsecrationibus,

569 3582 662 3634 vix
697 3582 954 3644 devincti,
1007 3598 1255 3651 ,ποίει-νο
1298 3585 1559 3640 illndunt!
1611 3585 1740 3653 Pro,
1768 3587 1989 3641 Christe
2018 3601 2134 3651 rex,

574 3669 1005 3726 misericordiam
1044 3682 1097 3726 et
1128 3673 1443 3741 patientiam
1471 3675 1656 3728 tuam!
1699 3674 2015 3743 patriarcha
2047 3690 2137 3728 so-

571 3763 659 3815 lus
687 3764 933 3828 relictus,
974 3778 1072 3816 nec
1114 3765 1404 3817 admodum
1449 3766 1659 3833 peritus
1690 3765 2137 3819 administranth

573 3855 649 3905 rei
698 3852 949 3920 publicae,
998 3856 1147 3907 curis
1184 3869 1247 3909 ac
1278 3855 1744 3910 sollicitudinibus
1786 3858 2137 3911 vehementer

569 3946 857 4009 azsmabat,
912 3959 1035 3997 cum
1092 3956 1371 4013 reputaret
1402 3948 1553 4015 pueri
1584 3958 1638 4000 et
1682 3963 1862 4001 rerum
1895 3949 2136 4001 omnium

571 4035 1112 4102 parietlluni.Aﬂlicto
1143 4047 1195 4091 et
1222 4039 1506 4107 pertnbato
1531 4039 1708 4092 animo
1730 4039 1889 4092 anxie
1916 4038 2139 4091 circum-

569 4124 855 4193 Spiciebat,
876 4126 997 4194 quis
1022 4127 1362 4195 potissimum
1383 4142 1412 4180 e
1436 4129 1772 4197 principibus
1795 4143 1987 4182 navem
2013 4143 2135 4181 cum

569 4200 883 4270 vectoribus
915 4216 966 4269 in
1001 4225 1148 4270 tanta
1176 4216 1433 4272 ﬂuctuum
1462 4220 1791 4273 aestuatione
1812 4220 1927 4273 sine
1958 4219 2135 4287 aliqua

568 4307 869 4363 oll'ensione
901 4318 994 4362 aut
1034 4310 1376 4363 demersione
1403 4310 1674 4363 moderari
1702 4326 1764 4363 ac
1803 4325 1987 4380 regere
2013 4324 2138 4375 pos-

2245 1871 2345 1939 νὴν
2382 1870 2487 1924 ἀνά
2528 1872 2694 1941 μέσον
2725 1871 2903 1924 αὐτῶν
2932 1872 3255 1939 ποιήσαντες
3287 1873 3474 1942 ἔλεγον
3494 1874 3551 1925 ἐν
3584 1890 3644 1925 τε
3673 1873 3813 1927 πλα-

2245 1963 2415 2024 τείαις
2440 1964 2536 2016 καὶ
2569 1962 2808 2033 ῥύμαις·
2844 1981 2864 2014 ι
2903 1963 3015 2016 Οὐκ
3048 1964 3163 2017 ἔστι
3191 1966 3407 2033 πρέπον
3440 1965 3562 2018 οὐδὲ
3604 1967 3814 2020 δίκαιον

2243 2056 2336 2107 τὸν
2364 2057 2435 2107 τὰ
2463 2056 2622 2108 κοινά
2669 2056 2977 2110 διοικοῦντα
3026 2058 3331 2127 πράγματα
3390 2062 3484 2112 καὶ
3513 2059 3814 2129 πρεσϐείας

2244 2147 2413 2199 ἐθνῶν
2436 2147 2650 2200 πολλῶν
2682 2149 3073 2218 ἀναδεχόμενον
3097 2150 3171 2220 μὴ
3209 2151 3354 2220 ἔχειν
3387 2152 3484 2204 καί
3511 2169 3563 2204 τι
3592 2151 3813 2221 ἀξίωμα

2247 2238 2391 2306 μέγα
2415 2237 2585 2304 ἐγγὺς
2607 2237 2706 2307 τῆς
2733 2236 3033 2306 βασιλείας,
3070 2240 3155 2293 ἵνα
3180 2240 3394 2307 πρῶτον
3428 2240 3619 2309 ἐσηται
3651 2240 3810 2309 φήμη

2245 2328 2338 2379 καὶ
2401 2326 2849 2397 μεγαλοπρέπεια
2908 2328 2987 2397 τῷ
3043 2330 3189 2394 γένει
3241 2328 3350 2379 τῶν
3391 2328 3682 2393 Ῥωμαίων
3716 2329 3816 2382 καὶ

2246 2415 2537 2486 βεϐαίωσις
2562 2418 2661 2486 τῆς
2691 2418 2799 2472 τῶν
2832 2419 3131 2487 γινομένων
3175 2418 3569 2481 καταστάσεως
3614 2422 3671 2471 ὲν
3698 2424 3814 2483 τοῖς

2242 2509 2441 2564 ἔθνεσι.
2480 2530 2499 2561 ι
2539 2513 2694 2565 Μετά
2736 2512 2964 2585 τοιαύτῃ
3016 2513 3123 2584 γὰρ
3162 2517 3311 2584 αἰτίᾳ
3338 2518 3430 2568 καὶ
3462 2517 3812 2585 ὑποκεκρυμ-

2246 2601 2383 2672 μένῃ
2412 2603 2590 2673 ἐννοίᾳ
2621 2606 2712 2657 καὶ
2736 2605 2797 2657 τδ
2825 2605 3142 2658 δεσποτικὸν
3178 2606 3395 2676 ἀξίωμα
3423 2608 3636 2677 δέχεται
3672 2608 3812 2675 γνὼ-

2246 2710 2320 2762 μῃ
2346 2694 2439 2745 τοῦ
2470 2694 2599 2747 λαοῦ
2628 2697 2719 2747 καὶ
2752 2696 2846 2749 τοῦ
2883 2699 3225 2769 πατριάρχου
3264 2699 3359 2751 καὶ
3388 2698 3484 2751 τοῦ
3511 2698 3809 2769 δυστυχοῦς

2242 2783 2346 2854 κλη
2358 2786 2586 2854 ρονόμου
2621 2786 2719 2856 τῆς
2760 2787 3058 2858 βασιλείας.

2334 2872 2401 2944 β’.
2437 2878 2526 2929 Ἑν
2558 2878 2789 2942 ἐκείνοις
2817 2879 2873 2933 δὲ
2907 2884 3019 2944 τοῖς
3051 2885 3269 2952 καιροῖς
3298 2885 3365 2938 τὰ
3383 2885 3634 2954 βασίλεια
3659 2885 3754 2939 καὶ
3783 2887 3812 2938 6

2241 2966 2588 3035 πατριάρχης
2616 2968 2673 3021 ἐν
2714 2968 2920 3040 Νικαίᾳ
2954 2972 3053 3040 τῆς
3085 2973 3340 3038 Βιθυνίας
3374 2977 3589 3048 ὑπῆρχε
3627 2978 3713 3030 διὰ
3747 2980 3810 3031 τὸ

2240 3057 2557 3127 κρατεῖσθαι
2604 3060 2704 3128 τήν
2731 3060 2839 3113 τῶν
2875 3062 3084 3115 πόλεων
3133 3065 3531 3133 βασιλεύουσαν
3570 3068 3673 3120 ὑπὸ
3702 3069 3810 3121 τῶν

2252 3147 2489 3206 Ἰταλῶν.
2525 3148 2732 3220 Καιροῦ
2778 3150 2837 3203 δέ
2888 3153 3249 3222 παρελθόντος
3288 3157 3393 3226 16
3440 3158 3584 3212 πάνυ
3622 3158 3809 3226 ὀλίγου

2244 3326 2479 3395 plebem,
2522 3328 2832 3382 cumulabat
2866 3331 3125 3397 praemiis.
3159 3332 3292 3386 Erat
3334 3336 3499 3387 etiam
3535 3336 3651 3405 ipse
3700 3337 3810 3392 Co-

2240 3429 2469 3469 mnenns
2493 3425 2749 3473 strenuus
2778 3419 2829 3472 in
2857 3422 3103 3475 consiliis
3135 3433 3247 3476 tum
3274 3425 3510 3479 ineundis
3540 3437 3648 3480 tum
3675 3444 3808 3493 per-

2242 3504 2511 3572 ﬁciendis,
2545 3510 2885 3565 exercitatus
2933 3510 2986 3563 in
3021 3512 3252 3567 dicendo
3285 3525 3525 3567 etrerum
3558 3517 3796 3573 omnium

2238 3596 2304 3648 ad
2363 3598 2854 3654 administrandam
2909 3617 3019 3656 rem
3082 3604 3353 3672 publicam
3401 3607 3801 3678 regendamque

2240 3684 2646 3741 multitudinem
2680 3691 3113 3766 necessariarum
3153 3695 3348 3762 peritia
3384 3697 3629 3766 insignis.
3660 3698 3804 3765 Quid

2239 3773 2451 3828 multa?
2472 3792 2632 3830 omne
2657 3776 2864 3833 ferebat
2888 3758 3171 3849 pu‘nctum:
3197 3785 3311 3851 Qua
3337 3803 3394 3840 re
3418 3758 3579 3843 etiam
3602 3790 3803 3846 factum

2238 3870 2344 3925 est,
2368 3871 2426 3915 ut
2453 3864 2764 3931 patriarcha
2792 3882 2912 3920 eum
2938 3882 3280 3936 promoveret
3304 3874 3517 3941 sibique
3549 3876 3806 3946 deligeret

2238 3957 2482 4010 muneris
2510 3959 3036 4035 consortem,_donec
3062 3961 3406 4031 imperatoris
3430 3966 3576 4021 illius
3600 3968 3801 4035 justam

2237 4053 2453 4098 aetatem
2478 4046 2769 4113 attigisset.
2796 4032 2982 4117 ltaque
3004 4048 3231 4105 Michael
3250 4051 3581 4123 Palaeologns
3601 4032 3681 4111 rei
3714 4074 3807 4126 pu-

2238 4134 2393 4189 blica-
2429 4150 2698 4190 summam
2732 4150 2926 4195 nactus
2956 4150 3038 4195 est
3066 4154 3416 4211 potestatem,
3454 4164 3687 4218 eamque
3707 4150 3806 4205 ha-

2239 4225 2402 4279 bebat
2441 4228 2783 4282 occasionem
2830 4230 3133 4299 occupandi
3181 4235 3416 4304 imperii.
3449 4237 3583 4291 Nam
3615 4241 3805 4294 diebus

2239 4316 2447 4384 aliquot
2481 4329 2600 4385 post
2646 4336 2833 4374 rursus
2865 4323 3001 4377 alias
3034 4326 3330 4379 moliuntur
3360 4330 3661 4393 machinas,
3710 4336 3801 4400 qui

569 4409 672 4452 sel.
699 4400 752 4452 In
780 4409 1016 4452 mentem
1044 4401 1287 4451 Occurrit
1313 4398 1382 4462 is.
1406 4400 1469 4451 de
1488 4414 1593 4467 (Ιυο
1617 4400 1875 4463 duillius.
1898 4399 2127 4455 Μίείιειει
2158 4400 2209 4459 D
2237 4408 2303 4460 ad
2330 4408 2608 4477 lastigium
2644 4410 2857 4479 imperii
2888 4428 3010 4467 eum
3038 4416 3268 4470 evehere
3290 4418 3623 4475 nitebantur.
3646 4398 3808 4477 Coin-

568 4490 899 4553 Comnenus,
931 4489 1084 4555 cujus
1110 4504 1212 4556 ope
1242 4489 1405 4543 saluti
1444 4490 1598 4557 pueri
1630 4491 1984 4557 prospiceret.
2011 4490 2137 4543 Erat

568 4581 615 4635 is
641 4582 833 4635 nobilis
864 4591 914 4636 et
948 4580 1175 4634 illustris
1201 4578 1452 4649 ianuaque
1481 4582 1619 4649 apud
1645 4597 1838 4636 omnes
1876 4583 2134 4653 inclytus.

567 4673 895 4732 Accedebat.
930 4671 1093 4739 quod,
1130 4673 1269 4725 sicut
1291 4672 1434 4738 apud
1461 4664 1661 4724 nulltos
1686 4687 1806 4725 eum
1840 4676 2135 4742 gratiasum

570 4761 735 4815 luisse
770 4762 1073 4823 docuimus,
1113 4760 1184 4813 ita
1218 4759 1529 4827 patriarcha
1554 4761 1777 4814 minime
1806 4762 2136 4816 abhorrebat

567 4851 634 4902 ab
664 4852 782 4918 ejus
815 4866 1022 4913 amore,
1052 4852 1144 4905 sed
1170 4854 1381 4907 caeteris
1409 4853 1572 4906 etiam
1602 4852 1779 4921 magis
1804 4854 1979 4906 amice
2012 4853 2132 4907 eum

568 4941 1015 5008 amplectebatur.
1047 4942 1232 5012 Itaque
1260 4944 1335 4998 illi
1377 4946 1478 4999 soli
1512 4945 1693 4998 claves
1733 4944 1846 4998 lisci
1892 4943 2131 5011 tradidit,

568 5031 640 5083 ita
667 5038 743 5094 ut,
769 5045 888 5099 quae
923 5048 1061 5102 opus
1092 5046 1207 5089 erat
1235 5038 1303 5089 ad
1340 5051 1458 5089 rem
1484 5037 1598 5090 sive
1628 5036 1882 5091 bellicam
1911 5037 2026 5091 sive
2053 5037 2133 5090 ci-

569 5120 726 5175 vilem
752 5123 1234 5180 adminisirandam
1260 5127 1513 5195 pecunia,
1539 5128 1716 5181 oninis
1737 5127 1966 5197 petenda
1989 5136 2135 5183 esset

569 5226 596 5265 a
630 5211 931 5266 Comneno.
978 5216 1109 5279 Quae
1153 5231 1238 5271 res
1281 5219 1346 5271 ad
1398 5220 1624 5272 consilia
1652 5219 1779 5273 olim
1809 5220 1940 5273 inita
1972 5218 2132 5290 perli-

568 5304 755 5358 cienda
807 5304 1152 5360 occasionem
1204 5309 1253 5362 ei
1298 5311 1815 5379 opportunissimam
1853 5311 2022 5377 dedit,
2078 5319 2133 5365 et

568 5395 772 5448 exitum
803 5393 893 5461 iis,
922 5410 1041 5465 quae
1066 5398 1270 5465 pridem
1304 5399 1445 5451 fama
1472 5401 1733 5468 jactarat,
1766 5403 1994 5457 celerem
2028 5403 2131 5454 im-

566 5488 765 5554 posuit.
798 5485 1041 5555 Adeptus
1063 5490 1208 5541 enim
1244 5499 1407 5543 tanta:
1438 5494 1679 5559 pecunia:
1714 5495 1937 5549 liberam
1982 5502 2129 5560 puteo

565 5586 756 5629 atatem
781 5590 1031 5645 proceres
1053 5593 1240 5632 omnes
1259 5589 1312 5633 et
1337 5580 1532 5637 milites
1552 5601 1648 5637 nos
1662 5600 1883 5653 paucos,
1906 5598 2129 5652 eosque,

565 5667 654 5736 qui
705 5669 947 5739 linguam
1000 5669 1218 5727 facilem
1274 5674 1543 5730 habebant
1596 5678 1661 5730 ad
1711 5678 2127 5745 pertentandam

2242 4499 2390 4551 muni
2425 4500 2654 4553 consilio
2702 4502 2753 4554 in
2784 4503 2979 4570 plateis
3021 4506 3262 4576 vicisque
3295 4510 3645 4571 dictitabant.
3694 4530 3804 4567 non

2239 4588 2433 4642 decere
2454 4606 2551 4645 nec
2572 4592 2811 4661 aequitati
2843 4605 3266 4651 consentaneum
3296 4615 3439 4665 esse,
3466 4604 3554 4672 qui
3574 4619 3730 4663 omni
3750 4622 3805 4660 ιη

2238 4682 2649 4739 administraret
2684 4701 2796 4739 rem
2826 4688 3097 4754 publicam
3126 4692 3533 4765 multarumque
3564 4701 3803 4766 gentium

2239 4771 2533 4840 legationes
2584 4769 2886 4845 exciperet,
2926 4795 3048 4833 eum
3085 4796 3191 4836 non
3236 4784 3499 4854 dignitate
3533 4788 3802 4857 insignem

2237 4878 2382 4929 esse,
2416 4880 2539 4934 qum
2575 4882 2744 4936 prope
2787 4873 3078 4928 accederet
3108 4876 3172 4928 ad
3209 4878 3495 4947 imperium
3527 4898 3540 4934 :
3575 4882 3626 4936 id
3659 4884 3805 4952 quod

2238 4954 2474 5020 primum
2518 4957 2583 5009 ad
2643 4960 2944 5026 augendam
2991 4964 3223 5031 gloriam
3280 4970 3807 5039 amplitudinemque

2237 5042 2602 5099 Romanorum
2640 5046 2907 5105 facturmn
2934 5065 3101 5117 esset.
3136 5057 3331 5113 deinde
3362 5062 3641 5128 pactiones
3673 5078 3799 5116 cum

2234 5138 2442 5192 exteris
2481 5140 2728 5208 gentibus
2762 5143 2926 5199 initas
2958 5147 3434 5205 conﬁrmaturum.
3471 5154 3545 5206 Ex
3580 5154 3671 5208 tali
3701 5155 3807 5221 igi-

2238 5237 2324 5281 tur
2367 5244 2533 5283 causa
2569 5240 2624 5283 et
2664 5232 2920 5288 simulato
2962 5238 3193 5292 consilio
3243 5239 3490 5309 despotae
3540 5245 3804 5295 honorem

2234 5320 2573 5386 adipiscitur,
2599 5336 2871 5378 consensu
2898 5328 3100 5396 populi,
3126 5332 3456 5399 patriarchae
3486 5343 3541 5387 et
3572 5333 3808 5388 infelicis

2235 5407 2453 5463 heredis
2486 5411 2721 5481 imperii.

2301 5500 2355 5552 2.
2412 5501 2508 5554 Illo
2566 5516 2807 5573 tempore
2874 5506 3087 5576 imperii
3132 5518 3185 5564 et
3253 5512 3578 5579 patriarchae
3641 5514 3807 5568 sedes

2232 5590 2425 5646 Nicaeae
2459 5592 2510 5645 in
2545 5592 2796 5666 Bithynia
2825 5610 2964 5665 erat,
3012 5600 3164 5668 Cpoli
3200 5601 3267 5655 ab
3316 5600 3463 5655 Italis
3508 5615 3805 5670 occupata.

2234 5681 2499 5751 Tempore
2563 5691 2851 5760 perexiguo
2908 5693 3189 5763 interiecto
3230 5703 3340 5748 tum
3393 5693 3479 5747 isti
3536 5695 3807 5747 malorum
