4096 6300
531 313 636 374 Εῗιῗὶ
763 331 766 334 ·
1749 316 2072 376 GEORGII
2111 317 2118 374 l

2223 317 2546 376 RANTZE
3730 302 3849 368 650

533 434 704 500 ορασυ
727 433 932 494 Θέντες,
952 431 1038 484 διὰ
1065 429 1156 482 τοῦ
1185 429 1580 500 Ἑλλησπόντου
1602 433 1660 483 ἐν
1680 435 1746 502 τῇ
1778 432 2110 500 Χερρονήσῳ
2142 435 2184 490 Α
2217 430 2246 497 ἣ
2276 431 2351 491 ὡς
2383 429 2746 498 ἀνδραπόδοις
2792 427 3100 497 ἐχρήσαντο
3123 442 3138 457 '
3185 426 3279 479 καὶ
3309 426 3410 477 οὐκ
3435 424 3658 492 ἠλέουν
3713 424 3851 499 τινὰ

2215 521 2544 592 δακρύοντα,
2575 520 2714 574 ἀλλὰ
2747 523 2858 583 τοῖς
2893 520 3159 590 ὑπηκόοις
3189 518 3388 588 μᾶλλον
3413 519 3655 571 ἐποίουν
3685 517 3850 570 κακὰ

2217 616 2356 684 ὑπὲρ
2387 615 2605 677 ἀσεϐεῖς
2632 615 2728 667 καὶ
2750 614 3002 684 ἐχθρούς.
3033 615 3140 666 Καὶ
3160 608 3235 684 ἦν’
3262 612 3392 665 ίδεῖν
3415 612 3475 664 οὐ
3507 612 3706 679 μόνον
3741 597 3852 672 τᾶς

2215 710 2406 770 οὐσίας
2458 709 2808 778 ἁρπάζοντας
2839 708 2950 759 τῶν
3006 705 3380 775 ταλαιπώρων
3432 704 3847 776 Χριστιανῶν,

2217 802 2355 854 ἀλλὰ
2388 801 2704 870 Θυγατέρας
2735 803 2830 855 καὶ
2861 783 3134 868 γυναῖκας
3167 798 3514 868 ὑϐρίζοντας.
3553 795 3848 868 Πρεσϐὖ-

2217 911 2309 947 ται
2367 893 2552 946 δὲκαὶ
2607 895 2776 962 ἱερεῖς
2833 893 3191 963 ἐδεσμεύοντο
3251 893 3345 945 καὶ
3378 889 3843 961 ἐμαστιγοῦντο.

2219 985 2405 1038 Ταῦτα
2454 985 2646 1056 μαθὼν
2693 987 2720 1039 ὁ
2765 985 3025 1056 βασιλεὺς
3057 983 3217 1053 θυμῷ
3245 985 3479 1052 ἐτήκετο
3512 983 3623 1036 καί
3683 999 3848 1044 τινος

2172 1115 2175 1122 .
2223 1079 2474 1147 μηχανῆς
2533 1076 2842 1146 βοηθούσης
2895 1077 3095 1130 ἐδέετο.
3150 1076 3464 1128 Διαὸαίνειν
3520 1073 3684 1142 πρὸς
3740 1076 3846 1144 τὴν

2219 1169 2443 1240 Θρᾴκην
2474 1169 2565 1221 τὸν
2614 1170 2891 1239 Ῥογέριον
2941 1174 3080 1238 μετὰ
3125 1155 3221 1221 τοῦ
3275 1167 3672 1237 στρατοπέδου
3710 1167 3845 1218 ἐκέ-

2213 1260 2382 1323 ,λευσε
2413 1262 2550 1330 πρὸς
2582 1263 2642 1314 τὸ
2671 1263 2768 1330 τῆς
2801 1262 3260 1322 Καλλιουπόλεως
3291 1262 3586 1330 φρούριον.
3633 1261 3757 1312 Καὶ
3782 1259 3845 1310 τὸ

2223 1353 2592 1423 στρατόπεδον
2636 1355 2756 1406 ἐκεῖ
2807 1353 3126 1406 καταλιπὼν
3180 1353 3317 1422 πρὸς
3360 1353 3452 1406 τὸν
3503 1351 3766 1420 βασιλέα
3815 1352 3844 1403 ό

2235 1447 2512 1514 Ῥογέριος
2565 1447 2707 1514 μετὰ
2753 1446 2919 1499 τινῶν
2979 1447 3060 1507 είς
3108 1445 3486 1515 προσκύνησιν
3533 1444 3785 1514 ἔρχεται
3823 1485 3836 1497 .

2223 1537 2297 1590 Οὖ
2328 1539 2622 1605 γενομένου
2655 1537 2764 1608 30
2810 1539 2838 1591 ὁ
2869 1537 3130 1606 βασιλεὺς
3159 1539 3285 1600 τοὺς
3331 1537 3732 1606 παρεστῶτας
3762 1536 3837 1601 ξι-

2224 1629 2420 1699 φήρεις
2453 1629 2769 1700 προστάξας
2797 1631 3023 1694 τούτους
3059 1631 3387 1699 κατέκοψαν.
3425 1630 3735 1692 Μαθόντες
3781 1631 3837 1681 δέ

2223 1724 2271 1774 ei
2307 1720 2486 1792 ἕτεροι
2518 1723 2741 1776 Λατῖνοι
2766 1723 2816 1774 οἱ
2844 1725 2902 1775 ἐν
2925 1725 2990 1794 τῇ
3019 1722 3416 1776 Καλλιουπόλει
3443 1722 3511 1776 τὰ
3541 1723 3837 1788 γενόμενα

529 524 632 591 τῆς
658 523 885 593 Θρᾴκης
934 523 1278 589 περάσαντες
1330 524 1437 576 πᾶν
1483 524 1651 575 κακδι
1695 528 1788 576 καὶ
1833 524 2007 576 δεινὸν
2055 527 2112 575 ἐν

535 617 766 676 ἐκείνοις
815 616 926 676 τοῖς
985 613 1178 683 μέρεσι
1235 614 1558 680 διέπραξαν,
1615 618 1711 670 καὶ
1745 618 1915 671 πολὺν
1949 619 2113 668 τόπον

533 710 818 777 διήρχοντο
847 707 1149 775 ληΐζοντες,
1175 707 1316 761 ὥστε
1347 709 1486 778 μήτε
1511 711 1773 779 ἀροτριᾷν
1798 712 1935 780 μήτε
1966 712 2117 761 σπεί-

537 815 656 868 ρειν
688 796 813 850 οὔτε
847 798 955 850 τῶν
995 797 1204 851 πόλεων
1236 800 1440 864 ἐξιέναι
1473 801 1734 855 ἐδύναντο
1767 804 1880 866 ἐπὶ,
1910 802 2027 864 ἔτος
2057 802 2118 854 ἓν

539 891 633 942 καὶ
671 889 845 958 μῆνας
875 890 1009 943 δέκα
1033 931 1044 942 .
1083 888 1285 960 ’Ἐτυχε
1321 893 1377 945 δὲ
1428 894 1521 945 καὶ
1549 892 1710 946 τοῦτο
1741 896 1798 945 ἐν
1831 896 1944 956 τοῖς
1990 911 2117 948 και-

541 983 652 1049 ροῖς
684 983 936 1045 ἐκείνοις,
967 985 1232 1054 ἐμπεσεῖν
1263 987 1489 1039 Λατῖνον
1520 1005 1641 1041 τινα
1661 1029 1675 1053 ,
1710 989 2027 1042 Καταλὰνον
2058 989 2118 1040 τὸ

535 1074 716 1139 γένος.
762 1075 1039 1144 Ῥογὲριον
1083 1076 1346 1148 τοῦνομα.
1408 1079 1691 1148 Ἀοροίσας
1723 1081 1786 1133 ἐκ
1817 1081 1915 1149 τῆς
1966 1082 2117 1132 κάτω

548 1164 784 1235 Ἰϐηρίας
823 1167 1212 1236 στρατόπεδον,
1255 1171 1348 1221 καὶ
1388 1172 1635 1239 τριήρεις
1683 1171 1951 1240 τέτταρας
1981 1170 2119 1239 πλη⁴

539 1258 743 1327 ρώσας,
775 1259 1070 1328 λῃστρικὸν
1107 1261 1280 1324 ἀδεῶς
1327 1262 1516 1332 μετῄει
1548 1262 1685 1332 βίον,
1717 1263 2025 1324 δεινότατος
2061 1264 2118 1316 ἐν

533 1351 713 1418 τούτῳ
760 1352 1056 1418 γενόμενος
1089 1367 1102 1380 ·
1158 1354 1216 1404 οὐ
1275 1355 1436 1422 μόνον
1499 1358 1606 1423 γέιρ
1658 1357 1819 1408 ναυσὶ
1874 1356 2117 1424 φορτίοις

535 1443 835 1505 ἐπετίθετο,
866 1444 1002 1497 ἀλλὰ
1045 1445 1138 1497 καὶ
1183 1446 1352 1510 αὐτὰς
1382 1447 1446 1518 δὴ
1480 1447 1578 1511 τὰς
1611 1449 1860 1516 μεγάλας
1886 1449 1993 1500 τῶν
2025 1449 2087 1518 νή

537 1552 646 1588 σων
680 1538 1000 1600 ἐσκύλευσε,
1051 1539 1147 1592 καὶ
1197 1541 1428 1612 φοϐερδς
1483 1545 1540 1595 ἐν
1574 1546 1638 1614 τῇ
1674 1545 1824 1596 κάτω
1869 1544 2119 1614 Θαλάσσῃ

534 1629 709 1682 ἐδόκει
742 1627 902 1690 εἶναι.
943 1631 1144 1698 ’Ἔδοξε
1175 1634 1358 1686 τοίνυν
1401 1635 1576 1704 τούτῳ
1616 1636 1695 1704 τῷ
1745 1636 1967 1705 ἄρχοντι
2005 1636 2122 1688 δια-

533 1723 1012 1794 πρεσῦευσαμένῳ
1082 1725 1218 1794 πρὸς
1289 1729 1379 1780 τὸν
1452 1729 1680 1796 βασιλέα

539 1821 912 1888 συμμαχῆσαι
945 1820 1090 1888 αύτῷ
1129 1822 1272 1873 κατὰ
1301 1823 1410 1875 τῶν
1441 1823 1704 1893 Τούρκιιιν
1732 1841 1742 1850 ·
1779 1825 1874 1875 καὶ
1905 1826 1931 1874 ὁ
1965 1824 2118 1891 βασι-

534 1911 661 1973 λεὺς
689 1912 790 1982 τὴν
825 1913 1128 1981 πρεσϐείαν
1160 1914 1474 1984 δεξάμενος,
1509 1919 1648 1984 ἄρας
1681 1917 1886 1976 ἐκῖῖνος
1921 1917 1985 1967 ἐκ
2011 1913 2119 1965 τῶν

537 2005 809 2072 ἐσπερίων
979 2007 1114 2075 προς
1141 2007 1202 2059 τὸ
1227 2009 1519 2072 ίέυζὰντιον
1550 2008 1791 2077 ἔρχεται,
1825 2008 1966 2076 ἔχων
1995 2007 2118 2077 μεθ’

537 2095 734 2147 ἑαυτοῦ
769 2084 1064 2165 δισχιλίους
1100 2098 1300 2167 ἄνδρας
1331 2100 1616 2168 μαχικούξ.
1659 2101 1764 2152 Καὶ
1790 2102 1816 2151 ὁ
1864 2099 2118 2168 βασιλεὺς

535 2187 613 2253 τῷ
639 2185 733 2239 τοῦ
782 2190 1021 2256 μεγάλου
1079 2191 1268 2254 δουκδς
1326 2193 1566 2261 ὀφφικίῳ
1612 2191 1804 2245 τοῦτον
1862 2192 2117 2259 ἐτίμησε.

534 2279 672 2333 Μετ’
704 2280 884 2346 ὀλίγον
915 2281 968 2334 δὲ
1000 2283 1127 2352 ἧκει
1165 2286 1259 2336 καὶ
1303 2285 1488 2354 ἕτερος
1523 2285 1843 2345 Καταλάνος
1875 2282 2120 2350 τοῦνομα

538 2375 892 2443 Πιριγκέριος
949 2376 1235 2440 Τέντζας,
1299 2376 1572 2443 συγγενὴς
1630 2377 1725 2428 τοῦ
1795 2376 2115 2444 Ῥογερίου.

539 2467 650 2517 Καὶ
676 2467 701 2517 ὁ
729 2465 981 2532 βασιλεὺς
1018 2467 1116 2535 μὲν
1141 2469 1242 2538 τὴν
1266 2467 1374 2519 τῶν
1406 2469 1709 2537 χρημάτων
1739 2467 1990 2534 δαπάνην
2021 2465 2120 2535 τὴν

535 2555 818 2626 ἀρκοῦσαν
874 2559 1004 2627 περὶ
1059 2562 1124 2610 τὰ
1171 2559 1398 2612 ἐκείνων
1447 2560 1719 2626 ἐνδύματα
1775 2559 1869 2611 καὶ
1911 2558 2118 2628 δωρεὰς

1773 1729 2117 1798 Ἀνδρόνικον

537 2651 631 2701 καὶ
665 2650 730 2701 τὰ
761 2650 1016 2702 ἐπίλοιπα
1058 2653 1346 2720 σιτηρέσια
1384 2655 1460 2714 είς
1491 2651 1817 2723 πλησμονὴν
1840 2652 2076 2706 δὲδωκεν
2102 2669 2116 2683 ⁶

493 2733 719 2808 ’ὀλίγου
769 2742 826 2794 δῖε
889 2743 1086 2812 καιροῦ
1140 2743 1506 2813 παρελθόντος
1565 2743 1826 2811 διέϐησαν
1887 2745 1970 2806 είς
2023 2744 2118 2812 τὴν

544 2835 738 2888 Ἀσίαν
795 2837 934 2898 μετᾶ
991 2836 1226 2904 στρατοῦ
1258 2835 1352 2888 τοῦ
1405 2835 1670 2902 πολεμεῖν
1704 2835 1830 2898 τοὺς
1862 2834 2115 2904 ἐχθρούς.

537 2926 647 2978 Καὶ
677 2927 737 2978 οὐ
792 2929 922 2996 περὶ
967 2928 1076 2978 τῶν
1109 2929 1318 2997 ἐχθρῶν
1370 2929 1558 2989 αὐτοῖς
1603 2927 1820 2995 ἔμελεν,
1873 2927 2010 2980 ἀλλὰ
2061 2927 2121 2978 τὸ

542 3020 788 3088 ὑπήκοον
819 3019 1047 3072 πλεῖστα
1080 3020 1338 3075 ἐλύπουν.
1369 3022 1481 3074 Καὶ
1513 3020 1566 3073 τί
1599 3021 1705 3090 χρὴ
1735 3021 1917 3087 λέγειν
1945 3019 2122 3071 ὁπόσα

2225 1814 2303 1874 εἰς
2358 1815 2698 1868 ἀποστασίαν
2747 1815 3092 1884 ἐτράπησαν,
3128 1815 3224 1868 καὶ
3269 1815 3398 1877 τοὺς
3444 1816 3642 1868 ἐκεῖσε
3687 1813 3831 1866 Ῥω·

2227 1906 2422 1972 μαίους
2447 1906 2832 1976 κατέσφαξαν,
2881 1908 2948 1961 τὰ
2971 1907 3029 1962 δὲ
3057 1908 3212 1977 τείχη
3243 1907 3645 1977 ὀχυρώσαντες
3695 1904 3811 1972 κρά

2224 2016 2405 2051 τιστον
2440 2003 2779 2070 ὁρμητήριον
2836 1995 2985 2071 εῒχον
3037 2001 3133 2054 καὶ
3187 2001 3325 2070 μετὰ
3375 1999 3488 2053 τῶν
3553 1998 3832 2067 Τούρκων

2222 2091 2624 2159 ὁμονοήσαντες
2668 2092 2749 2153 είς
2805 2091 3052 2160 φανερὰν
3109 2091 3372 2162 λῃστείαν
3413 2090 3511 2142 καὶ
3551 2089 3831 2158 ἁρπαγὴν

2224 2182 2472 2252 ἐξῆλθον.
2522 2183 2580 2235 Ὀ
2607 2183 2661 2236 δέ
2699 2184 2956 2253 βασιλεὺς
3005 2185 3225 2254 Μιχαὴλ
3260 2183 3360 2246 τὰς
3405 2183 3709 2252 Θρᾳκικὰς
3738 2180 3826 2232 γαί

2225 2276 2604 2340 Μακεδονικὰς
2635 2278 2898 2347 δυνάμεις
2926 2278 3108 2331 λαῖνὼν
3139 2273 3271 2346 ἦλθε
3306 2278 3428 2330 κατ’
3461 2276 3687 2334 αὐτ-ὒν.
3737 2274 3830 2325 καὶ

2227 2368 2521 2438 συμϐαλὼν
2545 2372 2732 2434 αὐτοῖς
2766 2371 2921 2424 οὐδὲν
2964 2373 3225 2440 ἐποίησεν
3246 2412 3259 2434 ,
3289 2371 3426 2424 ἀλλὰ
3476 2371 3581 2421 καὶ
3622 2367 3826 2438 μᾶλλον

2225 2459 2603 2529 ἐζημιωμένος
2628 2462 3062 2532 ἐπανέστρεψεν.
3099 2459 3235 2516 Εἶτα
3275 2463 3321 2514 oi
3354 2448 3587 2531 ἁβχηγσ
3643 2457 3824 2512 αὐτῶν

2223 2552 2611 2622 διαφερόμενοι
2637 2554 3036 2624 ἐμερίσθησαν,
3079 2555 3176 2607 καὶ
3221 2555 3362 2616 τινὲς
3395 2553 3494 2622 μὲν
3525 2553 3679 2622 πρὸς
3733 2549 3821 2602 τὸν

2227 2645 2453 2715 βασιλέα
2485 2641 2672 2716 ἦλθον,
2703 2647 2881 2718 ἕτεροι
2909 2648 2966 2701 δέ
3007 2647 3144 2716 μετὰ
3178 2647 3289 2699 τῶν
3319 2647 3590 2716 Τούρκων
3621 2642 3822 2714 ἐστρά-

2223 2755 2403 2803 τευον,
2431 2738 2608 2809 ἐτεροι
2635 2739 2692 2792 δὲ
2725 2740 3086 2813 λῃστεύοντες
3126 2743 3193 2794 τὰ
3224 2741 3361 2811 πρὸς
3389 2740 3448 2792 τὸ
3476 2739 3586 2810 ζῇν
3634 2736 3820 2806 ἐπορί-

2226 2830 2404 2900 ζρντο,
2431 2830 2538 2894 ἕως
2564 2835 2661 2884 καὶ
2696 2835 2778 2896 είς
2805 2834 2957 2895 τέλος
2983 2834 3442 2904 ἐξουθενήθησαν.

2311 2925 2371 2976 Ὀ
2403 2925 2458 2977 δέ
2485 2924 2743 2994 βασιλεὺς
2795 2927 3020 2999 Μιχαὴλ
3062 2929 3296 2996 στρατὸν
3331 2929 3492 2983 πάλιν
3520 2925 3813 3000 συναθροί-

2228 3034 2325 3081 σας
2343 3018 2564 3088 ἐρχεται
2587 3019 2727 3089 πρὸς
2741 3020 2839 3088 τὴν
2861 3020 3214 3091 Χεῤῥῦνησον
3237 3021 3376 3074 κατᾶ
3397 3021 3505 3074 τῶν
3523 3021 3806 3090 Τούρκων,

541 3109 872 3176 εἰργάσαντο
924 3109 1070 3162 κακὰ
1121 3112 1411 3180 παριόντες
1457 3113 1554 3166 καὶ
1582 3111 1772 3180 δεινάς
1806 3113 1932 3173 Τοῖς
1985 3111 2120 3180 Χρι-
2151 3105 2195 3165 C
2229 3112 2324 3162 καὶ
2361 3109 2618 3164 τοσοῦτον
2650 3112 2885 3182 ἐσφάλη·
2920 3115 3015 3166 καὶ
3040 3114 3327 3183 αἰφνιδίως
3359 3115 3453 3168 τὸν
3486 3115 3723 3184 στρατὸν
3764 3113 3811 3163 oi

542 3204 785 3265 στιανοῖς
833 3203 1063 3272 ἀνδράσι
1116 3221 1175 3256 τε
1246 3207 1338 3259 καὶ
1394 3206 1641 3276 γυναιξὶν
1691 3204 1846 3259 οὐδὲν
1895 3205 2121 3277 ἄμεινον

542 3382 772 3444 feroces,
803 3396 898 3450 per
928 3380 1332 3450 Hellespontum
1357 3383 1408 3436 in
1451 3383 1852 3439 Chersonesum
1875 3383 2124 3440 Thracia:

542 3477 777 3546 trajecti,
813 3492 974 3532 onme
1000 3477 1263 3531 malorum
1296 3477 1674 3546 scelerumque
1712 3494 1884 3547 genus
1939 3479 2122 3534 edide-

539 3579 666 3623 runt
686 3569 1102 3639 latrociniisque
1133 3571 1334 3624 multas
1378 3569 1633 3638 regiones
1689 3569 1762 3623 ita
1819 3580 2116 3631 vexarunt.

542 3670 600 3714 ut
624 3663 721 3715 nec
755 3675 934 3725 arare,
968 3675 1020 3714 nt
1041 3677 1071 3715 c
1101 3675 1283 3716 serere
1318 3675 1418 3715 nec
1446 3675 1520 3722 ex,
1543 3661 1759 3730 oppidis
1790 3661 1975 3732 egredi
2024 3675 2120 3732 per

541 3769 704 3807 unum
754 3769 956 3808 annum
1007 3763 1062 3807 et
1115 3769 1334 3809 menses
1397 3754 1584 3808 decem
1648 3755 1858 3810 liceret.
1911 3754 2125 3810 Accidit

540 3847 730 3900 eodem
789 3853 1056 3916 tempore,
1140 3855 1198 3900 ut
1263 3845 1488 3902 Latinus
1539 3845 1759 3915 quidam
1815 3846 2121 3908 adveniret,

543 3938 764 3992 natione
785 3937 1112 4003 Catelanus,
1149 3938 1369 3992 nomine
1395 3938 1687 4008 Rogerius.
1750 3935 1821 4000 ls,
1853 3951 1918 3991 ex
1975 3935 2116 3991 infe-

541 4031 684 4084 riore
715 4031 890 4085 Iberia
924 4033 1168 4086 collectis
1199 4033 1371 4102 copiis
1397 4041 1451 4086 et
1517 4031 1837 4087 triremibus
1888 4040 2142 4100 quatuor-

539 4123 794 4190 impletis,
832 4123 1004 4179 libere
1035 4126 1318 4196 piraticam
1371 4125 1633 4193 faciebat,
1685 4126 1737 4181 in
1785 4141 1904 4194 qua
1958 4139 2123 4180 exer-

536 4217 895 4272 i-itatissinms
924 4228 1062 4272 erat.
1103 4217 1311 4272 Etenim
1339 4233 1447 4272 non
1477 4217 1652 4272 solum
1703 4231 1868 4273 naves
1929 4232 2124 4272 onera-

537 4311 1114 4380 riasaggrediebatur,
1155 4313 1249 4364 sed
1307 4311 1472 4364 etiam
1531 4323 1758 4379 magnas
1810 4309 2116 4376 depopula-

2223 3201 2461 3256 ἐναντίοι
2496 3199 3050 3273 περικυκλὼσαντεςξ
3084 3207 3163 3269 εἰς
3199 3206 3380 3276 φυγὴν
3415 3207 3742 3273 ἐτράπησαν
3762 3203 3809 3254 ol

2189 3364 2191 3366 ’
2227 3381 2409 3437 mitius
2428 3397 2589 3452 quam
2615 3383 2884 3452 mancipia
2919 3383 3259 3450 habuerunt;
3287 3385 3487 3439 nullius
3535 3385 3801 3452 lacrytnas

2229 3478 2492 3541 miserati,
2532 3479 2773 3548 gravius,
2796 3494 2958 3548 quam
2987 3480 3090 3549 ipsi
3122 3481 3306 3536 hostes
3368 3489 3420 3534 et
3467 3480 3631 3548 impii,
3678 3477 3786 3529 Ro-

2229 3581 2418 3620 mauos
2447 3579 2734 3624 vexarunt.
2773 3569 2998 3625 Videres
3021 3572 3454 3626 Christianorum
3495 3568 3786 3623 infelicium

2229 3677 2332 3714 non
2367 3661 2542 3714 solum
2575 3662 2715 3716 bona
2749 3663 2982 3734 direpta,
3009 3665 3105 3719 sed
3137 3667 3303 3720 etiam
3338 3665 3475 3720 ﬁlias
3502 3674 3554 3720 et
3595 3673 3796 3715 uxores

2227 3756 2466 3818 vitiatas,
2493 3770 2652 3812 senes
2679 3767 2731 3811 et
2759 3758 3076 3814 sacerdotes
3133 3760 3346 3814 vinctos
3371 3769 3426 3812 et
3485 3757 3797 3829 ﬂagellatos.

2224 3846 2354 3914 Quae
2385 3857 2441 3902 ut
2474 3850 2696 3903 rescivit
2728 3851 3045 3918 imperator,
3070 3852 3150 3906 ira
3183 3851 3470 3907 contabuit
3515 3867 3609 3905 nec
3675 3863 3804 3902 con-

2225 3938 2404 3992 silium
2438 3941 2660 4010 reperit,
2692 3956 2803 4012 quo
2822 3944 2906 3997 his
2940 3944 3095 3998 malis
3142 3946 3477 3999 mederetur.
3529 3942 3583 3996 lu
3629 3941 3802 3995 Thri-

2226 4029 2364 4084 ciam
2402 4033 2469 4085 ad
2493 4031 2746 4100 Oppidum
2776 4031 3120 4103 Calliopolim
3168 4049 3292 4089 cum
3351 4035 3528 4102 copiis
3575 4030 3804 4086 transire

2220 4120 2406 4190 jussus
2437 4119 2722 4192 Rogerius,
2759 4123 2946 4179 relicto
2979 4124 3087 4180 illic
3142 4126 3407 4188 exercitu,
3438 4140 3562 4178 cum
3616 4124 3795 4193 paucis

2227 4217 2292 4268 ad
2334 4215 2679 4270 salutandum
2736 4216 3118 4285 imperatorem
3171 4218 3339 4272 venit.
3382 4209 3627 4284 Qua'ille
3683 4227 3805 4267 usus

2227 4308 2538 4374 occasione,
2563 4307 2915 4374 satellitibus,
2948 4310 3040 4380 qui
3102 4319 3297 4380 praesto
3342 4313 3588 4374 aderant,
3625 4307 3802 4362 statim

537 4407 694 4457 Iratur
750 4403 956 4458 insulas
987 4411 1041 4458 et
1063 4418 1214 4456 mare
1257 4400 1496 4456 inferum
1545 4402 1802 4466 habebat
1832 4401 2112 4456 infestum.
2153 4426 2194 4482 ι)
2231 4402 2473 4464 mandat,
2520 4415 2578 4456 ut
2639 4401 2932 4472 Rogerium
2961 4412 3014 4456 et
3043 4404 3268 4458 comites
3301 4403 3420 4472 ejus
3457 4405 3802 4457 obtruncant.

545 4495 680 4551 lluic
713 4497 876 4566 igitur
906 4495 1033 4549 duci
1065 4495 1236 4549 visum
1272 4505 1377 4560 est,
1406 4495 1678 4564 legatione
1699 4497 1764 4549 ad
1816 4496 2116 4566 imperato-

538 4602 650 4639 rem
712 4584 1089 4639 Andronicum
1126 4584 1314 4650 missa,
1370 4586 1688 4639 societatem
1754 4600 1876 4641 cum
1925 4587 2118 4641 eodem

537 4687 726 4731 contra
753 4675 960 4730 Turcas
990 4674 1216 4746 pacisci.
1240 4674 1455 4745 Legatis
1476 4679 1543 4731 ab
1568 4679 1880 4734 Andronico
1898 4680 2114 4740 auditis.

541 4769 654 4836 ipse
707 4766 997 4835 Rogerius,
1051 4783 1175 4822 cum
1247 4767 1508 4822 bellicoso
1588 4751 1831 4825 exercitu
1880 4770 2118 4826 duormn

539 4861 768 4915 millium
827 4877 891 4914 ex
957 4862 1244 4916 occidente
1296 4861 1508 4929 Cpolim
1569 4863 1877 4932 profectus,
1940 4865 2118 4934 magni

538 4955 689 5007 ducis
717 4954 979 5023 dignitate
1010 4955 1078 5009 ab
1109 4954 1440 5022 imperatore
1473 4967 1725 5008 ornatur.
1779 4954 1947 5009 Paulo
2001 4965 2122 5024 post

537 5047 676 5101 alius
722 5044 1012 5101 Catelanus
1095 5047 1431 5115 supervenit,
1489 5046 1825 5102 Pirinrerius
1887 5047 2121 5102 Tettlzas

538 5137 1029 5211 nomine,Rogerii
1085 5152 1372 5212 cognatus.
1434 5140 1492 5195 lu
1519 5142 1713 5194 horum
1773 5143 2119 5206 vestimenta,

536 5233 791 5286 donativa
814 5242 868 5286 et
904 5247 1014 5286 rem
1044 5231 1459 5287 frumentariam
1493 5233 1586 5287 ubi
1625 5235 1921 5304 imperator
1973 5249 2122 5287 smn-

538 5335 684 5393 ptum
717 5324 846 5380 fecit
871 5323 1279 5388 liberalissime,
1326 5321 1475 5379 brevi
1513 5334 1756 5394 tempore
1811 5324 2118 5395 interjecto,

535 5415 589 5468 in
625 5415 808 5469 Asiam
842 5431 965 5470 cum
1027 5416 1267 5471 exercitu
1321 5414 1595 5484 trajiciunt
1656 5416 1722 5470 ad
1773 5415 2122 5470 debellandos

538 5511 742 5564 hostes.
801 5510 866 5562 At
896 5509 962 5563 de
999 5507 1250 5563 boetibus
1279 5507 1353 5563 illi
1402 5522 1592 5575 parum
1629 5508 1874 5572 solliciti,
1925 5506 2124 5561 Roma-

537 5618 638 5658 nos
711 5604 1030 5674 gravissime
1111 5610 1384 5671 premunt.
1473 5599 1612 5666 Quid
1667 5615 2119 5662 commemorem,

532 5703 736 5764 quanta
815 5708 1144 5762 quocunque
1206 5701 1488 5756 venerunt,
1533 5692 1671 5746 mala
1738 5693 2011 5748 ediderint
2068 5701 2121 5745 ct

536 5787 786 5842 scelera?
815 5785 1154 5841 Christianos
1191 5793 1303 5835 tum
1339 5782 1483 5837 viros
1522 5793 1632 5836 tum
1684 5783 1916 5838 feminas
1939 5783 2107 5838 nihilo

2225 4494 2378 4561 Quod
2439 4509 2563 4548 cum
2623 4494 2908 4548 audissent
2961 4495 3153 4564 reliqui
3244 4493 3446 4557 Latini,
3505 4497 3598 4562 qui
3659 4498 3808 4548 erant

2225 4585 2534 4656 Calliopoli,
2560 4587 2624 4642 ad
2663 4586 3020 4642 defectionem
3049 4590 3303 4644 conversi
3355 4569 3632 4651 Romanos
3690 4598 3798 4639 tru-

2227 4681 2514 4747 cidarunt;
2553 4681 2752 4735 deinde
2799 4682 2999 4751 Oppido
3053 4683 3222 4751 probe
3273 4672 3639 4744 communito,
3695 4687 3804 4730 ute-

2228 4773 2428 4826 bantur
2447 4786 2514 4827 eo
2555 4781 2614 4825 ut
2642 4773 2992 4840 receptaculo
3014 4773 3353 4839 ﬁrmissimo,
3415 4783 3600 4844 atque.
3668 4771 3802 4824 facta

2227 4879 2352 4917 cum
2380 4861 2575 4918 Turcis
2605 4862 3034 4932 conspiratione,
3059 4863 3114 4915 in
3152 4871 3342 4930 aperta
3403 4861 3694 4916 latrocinia
3744 4869 3802 4907 ac

2230 4957 2450 5024 rapinas
2509 4955 2887 5025 erumpebant.-
2957 4954 3208 5022 Micliael,
3265 4971 3389 5013 cum
3449 4954 3704 5009 Thraciis
3751 4956 3803 5003 et

2230 5048 2596 5103 Macedonicis
2634 5049 2807 5118 copiis
2869 5057 3059 5102 contra
3091 5064 3186 5104 eos
3243 5041 3544 5118 profectus.
3604 5047 3797 5101 frustra

2231 5157 2353 5194 cum
2374 5142 2440 5195 iis
2459 5141 2774 5206 deccrtavit,
2808 5141 2918 5196 imo
2948 5157 3077 5196 vero
3099 5157 3223 5196 cum
3269 5142 3474 5196 damno
3505 5149 3561 5196 et
3592 5142 3798 5210 jactura

2239 5237 2419 5291 rediit.
2448 5235 2568 5291 Mox
2596 5249 2777 5290 autem
2837 5235 3051 5290 illorum
3101 5237 3268 5291 duces
3318 5236 3605 5290 discordes
3652 5228 3796 5287 facti.

2231 5329 2426 5400 partim
2470 5329 2522 5382 in
2560 5338 2740 5396 partes
2792 5327 3161 5398 imperatoris,
3215 5329 3411 5397 partim
3484 5328 3547 5382 ad
3598 5326 3797 5379 Turcas

2236 5427 2629 5476 concesserunt
2657 5438 2670 5473 :
2707 5420 2957 5474 nonnulli
2988 5421 3271 5474 etiamtum
3304 5420 3605 5474 latrociniis
3656 5426 3798 5486 quat.

2228 5514 2476 5566 siverunt
2505 5512 2724 5577 victum,
2760 5513 2932 5566 donec
2962 5521 3240 5580 postremo
3267 5511 3577 5581 consumpti
3628 5506 3793 5578 perie-

2229 5619 2288 5656 ru
2298 5613 2374 5658 ut.
2497 5589 2508 5598 ’

2301 5697 2604 5764 Imperator
2655 5695 2905 5760 Micltaci,
2947 5706 3139 5752 coacto
3187 5712 3378 5751 rursus
3432 5695 3694 5751 exercitu.
3741 5687 3791 5739 ill

2219 5785 2622 5841 Chersmiesum
2675 5795 2866 5841 contra
2901 5786 3108 5843 Tun-as
3165 5787 3537 5858 proﬁciscitur
3568 5802 3627 5840 ac
3668 5793 3787 5853 gra-
