4096 6300
431 270 534 331 C63

423 491 546 527 τινα
580 476 802 547 ἑταίραν
823 477 1031 543 ὡραίαν
1058 479 1221 544 πάνυ,
1251 480 1341 531 καὶ
1378 479 1583 551 ταύτης
1638 481 1891 549 ἐρασθεὶς
1934 478 2003 552 ἦν

424 569 854 636 γα¹ιὲρώμενος⁶
890 569 981 620 καὶ
1049 568 1347 640 ζηλοτυπία
1406 573 1513 641 γάρ
1567 591 1647 635 τις
1710 574 2005 641 ὲπυρπόλει

423 663 522 725 τὴν
558 658 749 711 ἑαυτοῦ
772 660 969 730 ψυχὴν,
1002 663 1095 714 καὶ
1123 661 1454 732 ξιφηφόρους
1482 667 1573 717 καὶ
1598 665 1816 727 τοξότας
1840 664 1943 733 ὴνά
1956 681 2011 732 {-

425 754 557 813 καζε
625 755 954 821 προσμένειν
1028 756 1121 806 καὶ
1182 756 1520 825 προλοχίζειν
1573 758 1701 823 περὶ
1754 757 1851 827 τὴν
1908 756 2008 823 τῆς

426 844 691 912 ἑταιρίδος
718 846 914 899 οὶκίαν.
973 848 1060 900 Ἑν
1098 851 1195 918 μιᾷ
1228 849 1282 901 δὲ
1338 851 1493 901 νυκτὶ
1552 850 1581 902 6
1640 849 1863 917 ἀδελφὸς
1914 849 2009 902 καὶ

424 934 694 1001 δεσπότης
712 938 967 1008 Μανουὴλ
998 941 1089 991 τὸν
1147 939 1369 1008 βασιλέα
1400 944 1492 994 καὶ
1552 941 1775 1012 ἀδελφὸν
1830 940 2007 1009 ζητῶν

430 1024 584 1092 ἔτυχε
612 1028 865 1096 παριέναι
892 1030 989 1095 τὴν
1010 1030 1103 1095 τῆς
1138 1031 1403 1101 ἑταιρίδος
1456 1031 1633 1083 οίκίαν
1670 1047 1683 1060 ’
1732 1031 1790 1082 ὃν
1814 1032 1862 1082 οί
1910 1027 2005 1081 τοῦ

426 1115 656 1185 ἁδελφοῦ
702 1120 891 1173 σκόποι
927 1122 1272 1189 θεασάμενοι,
1298 1125 1388 1174 καί
1435 1123 1523 1175 διὰ
1576 1124 1637 1174 τὸ
1687 1124 1879 1183 σκότος
1930 1125 2007 1191 μὴ

425 1209 645 1274 γνόντες
674 1210 752 1273 τίς
783 1207 872 1281 ἦν,
908 1213 1023 1265 ἀλλ’
1080 1215 1520 1285 ὑποτοπήσαντες
1569 1233 1689 1268 τινα
1721 1216 1829 1267 τῶν
1867 1217 2008 1283 ἔρω-

431 1301 607 1366 μένων
630 1297 770 1354 εἶναι
797 1305 894 1372 τῆς
926 1306 1201 1371 γυναικὸς,
1236 1305 1365 1374 βέλη
1402 1308 1637 1373 συνεχῶς
1669 1307 1788 1359 κατ’
1838 1306 2003 1358 αὑτοῦ

432 1395 703 1463 ῥίπτουσι,
736 1398 828 1449 καὶ
863 1397 1163 1466 πλήξαντες
1197 1399 1357 1451 αὑτὸν
1384 1400 1637 1452 ἀπέθανε.
1696 1398 1899 1451 Μαθὼν
1950 1400 2008 1451 δὲ

429 1482 584 1535 τοῦτο
606 1485 661 1534 ὲν
699 1488 763 1553 τῇ
794 1485 1164 1556 Θεσσαλονίκῃ
1195 1487 1415 1556 Μιχαὴλ
1436 1488 1462 1538 ὀ
1491 1485 1746 1552 βασιλεὺς
1778 1490 1873 1538 καὶ
1898 1504 2005 1538 πα-

432 1576 533 1643 τὴρ
562 1576 725 1629 αὐτοῦ
753 1579 815 1628 ἐκ
846 1578 942 1646 τῆς
974 1578 1136 1649 χολῆς
1167 1580 1259 1631 καὶ
1290 1580 1386 1647 τῆς
1418 1579 1618 1646 πολλῆς
1649 1578 1825 1646 λύπης
1849 1577 2009 1629 ἀσθε-

430 1668 549 1737 νείᾳ
578 1668 894 1737 περιπεσὼν
957 1669 1235 1740 βαρυτάτῃ
1282 1671 1340 1736 ἐξ
1391 1670 1692 1740 ἀνθρώπων
1750 1664 2043 1737 ἐγεγόνει(

444 1762 533 1822 Ὠς
562 1763 619 1813 δὲ
644 1763 699 1813 αί
725 1761 925 1830 ἡμέραι
965 1764 1057 1814 τοῦ
1109 1764 1337 1824 πένθους
1379 1762 1679 1832 παρῆλθον,
1730 1765 1758 1814 6
1789 1763 2009 1825 πάππος
2046 1749 2085 1802 Β

438 1854 530 1905 καὶ
568 1852 820 1920 βασιλεὺς
843 1852 1180 1922 τὸνβασιλέα
1235 1856 1574 1924 Ἀνδρόνικον
1632 1856 2009 1924 προσκαλεσά-

440 1962 621 2011 μενος,
653 1946 789 2013 μετὰ
962 1945 1238 2014 κλαυθμοῦ
1264 1948 1525 2001 νουθετῶν
1549 1949 1711 2002 αὐτὸν
1744 1949 1837 2000 καὶ
1870 1948 2011 1999 ὀνει-

434 2036 609 2100 δίσας,
644 2036 720 2098 ὼς
757 2036 873 2098 ἔθος
900 2039 1011 2099 τοῖς
1046 2039 1284 2107 πατράσι
1325 2042 1495 2093 ποιεῖν
1548 2040 1685 2110 πρὸς
1719 2041 1843 2101 τοὺς
1897 2038 2013 2105 φιλ’

435 2123 629 2183 animo;
661 2122 874 2186 παῖδας,
909 2117 1062 2187 οὗτος
1102 2125 1202 2193 μὲν
1252 2127 1504 2197 κατηφὴς
1535 2127 1825 2197 γενόμενος
1861 2129 2014 2180 οὐδὲν

437 2213 812 2282 dampnato,-
858 2214 994 2268 ἀλλὰ
1028 2217 1183 2286 θυμῷ
1215 2218 1439 2287 ληφθεὶς
1470 2223 1563 2272 καὶ
1594 2220 1872 2288 φοϐηθεὶς,
1926 2218 2031 2270 ἵνα

445 2304 518 2371 μὴ
547 2304 632 2356 διὰ
659 2305 748 2356 τὸν
777 2306 1005 2359 θάνατον
1038 2307 1131 2360 τοῦ
1158 2308 1386 2377 ἀδελφοῦ
1420 2313 1511 2363 καὶ
1560 2313 1657 2373 τὰς
1692 2311 1885 2377 ἐτέρας
1916 2312 2015 2377 τῆς

439 2395 690 2466 νεότητος
720 2394 1120 2461 ἀκαταστασίας
1151 2401 1216 2463 ἃς
1246 2404 1419 2455 ὲποίει
1446 2404 1709 2474 γυμνώσῃ
1728 2404 1827 2470 τῆς
1859 2401 2015 2470 βασι-

439 2486 588 2551 λείας
639 2488 801 2541 αὐτὸν
861 2492 889 2541 6
944 2493 1167 2555 πάππος
1207 2495 1301 2546 καὶ
1328 2494 1405 2563 τῷ
1450 2494 1581 2563 θείῳ
1621 2496 2016 2567 Κωνσταντίνῳ

438 2580 609 2649 αὐτὴν
638 2581 804 2653 δὼσῃ,
845 2586 982 2652 μετὰ
1005 2587 1164 2638 τινῶν
1198 2587 1603 2657 συνηλικιώτων
1652 2593 1744 2641 καὶ
1776 2592 2018 2660 συνωμό-

436 2691 547 2726 των
578 2677 838 2744 φυγόντες
871 2680 929 2729 ὲν
946 2677 1023 2746 τῷ
1049 2679 1418 2751 Διδυμοτείχῳ
1437 2682 1709 2753 ἀπῆλθον,
1743 2686 1837 2736 καὶ
1856 2701 2018 2752 στρα-

439 2768 531 2817 τθιν
564 2766 1016 2844 συναθροίσαντες
1051 2772 1131 2833 είς
1174 2772 1352 2841 μάχην
1383 2774 1607 2840 ἐξῆλθον
1630 2777 1771 2829 κατὰ
1791 2777 1883 2827 τοῦ
1915 2776 2014 2845 βα-

444 2859 633 2919 σιλέως
659 2860 752 2912 καὶ
782 2861 1008 2915 πάππου
1040 2862 1227 2926 αὑτοῦ,
1264 2865 1357 2917 καὶ
1394 2866 1604 2918 πολλῶν
1633 2866 1882 2937 πολέμων
1918 2870 2016 2937 έμ-

445 2952 647 3017 φυλίων
680 2954 981 3019 γεγονότων
1030 2956 1125 3007 καὶ
1176 2957 1354 3023 φόνων
1384 2957 1546 3011 πάλιν
1582 2962 1660 3023 είς
1718 2960 2015 3030 συμϐάσεις

1680 280 1939 340 GEORG
1957 283 2008 341 ll
2054 284 2147 343 ΡΗ
2164 288 2485 347 ίὶΑΝΤΖιΕ

424 385 569 437 σθαι.
625 385 961 459 Ἀνδρυνθεὶς
985 386 1039 437 δὲ
1076 387 1291 457 νύκτωρ
1315 387 1565 457 ἐκώμαζε
1614 392 1746 458 πρὸς
1771 392 2001 458 γυναικί
2044 398 2075 449 Α

2178 402 2255 459 ς’.
2290 397 2425 448 Κατ’
2454 399 2657 447 ἐκεῖνον
2696 395 2784 445 τὸν
2820 393 3011 461 καιρδν
3038 394 3064 444 6
3118 391 3211 445 τοῦ
3253 390 3517 461 βασιλέως
3576 390 3718 452 υίὸς

2104 486 2373 552 Θεόδωρος
2407 486 2434 535 ὀ
2465 483 2733 551 μαρκίων,
2762 483 2789 533 6
2820 482 2925 551 πρὸ
2955 481 3093 534 ἑτῶν
3124 481 3332 549 συχνῶν
3365 482 3444 541 είς
3466 478 3563 549 τὴν
3590 478 3715 545 τῆς

2108 575 2311 643 μητρδς
2340 575 2572 644 πατρίδα
2598 572 2889 641 πεμφθεὶς,
2939 573 3013 635 ὡς
3038 574 3367 644 εἰρήκαμεν,
3408 571 3543 638 μετὰ
3600 569 3715 620 τδν

2104 666 2305 733 ταύτης
2337 666 2563 716 θάνατον
2600 664 2838 728 ἐπανῆκε
2893 664 3029 730 πρὸς
3058 664 3152 714 τὸν
3207 663 3442 730 πατέρα,
3497 662 3715 721 παίξας
3770 700 3771 703 η

2105 762 2196 809 καὶ
2229 758 2460 823 γυναῖκα
2494 759 2667 808 ἐκεῖσε
2704 755 3017 809 καταλιπῦν
3041 770 3054 783 ’
3082 754 3231 814 ὅστις
3261 754 3352 805 καὶ
3373 750 3563 819 γνώμῃ
3597 749 3714 801 καὶ

2119 851 2298 901 πίστει
2323 850 2417 900 καὶ
2448 850 2687 916 σχήματι
2714 849 2808 899 καί
2859 846 3084 913 γενείων
3122 846 3296 915 κουρᾷ
3352 846 3577 905 Λατῖνος
3623 839 3712 911 ἦν

2110 941 2439 1008 ἀκραιφνὴς.
2477 940 2585 990 Καὶ
2613 937 2941 1005 κηδεμονίας
2989 936 3207 1004 ἁπάσης
3254 935 3349 987 καὶ
3404 931 3711 1002 εὐμενείας

2110 1033 2203 1085 καὶ
2230 1031 2492 1100 χορηγίας
2531 1032 2835 1098 χρημάτων
2864 1029 2892 1080 6
2917 1028 3101 1097 πατὴρ
3150 1026 3444 1096 ἐχαρίσατο
3470 1039 3483 1052 ·
3532 1024 3713 1084 circa;

2110 1126 2166 1179 δὲ
2191 1126 2282 1176 τὸν
2332 1123 2534 1175 Ἰούδαν
2560 1124 2766 1174 ἐκεῖνον
2804 1121 3187 1191 μιμησάμενος
3226 1118 3487 1188 προδότης
3521 1116 3713 1168 εἵλετο

2111 1216 2366 1283 γενέσθαι
2399 1214 2492 1266 τοῦ
2532 1214 2795 1284 βασιλέως
2825 1215 2914 1265 καί
2948 1214 3175 1279 πατρδς,
3230 1211 3326 1263 καὶ
3367 1208 3713 1279 θερμότερος

2112 1314 2329 1365 πάντων
2489 1310 2680 1379 ἐχθρδς
2711 1307 2944 1375 ἐγένετο,
2981 1307 3075 1361 καὶ
3119 1306 3300 1359 πᾶσαν
3328 1304 3461 1357 αἱδὼ
3500 1318 3712 1370 πατρι-

2112 1404 2213 1473 κὴν
2241 1403 2415 1454 ὀπίσω
2437 1403 2607 1453 λιπὼν
2638 1400 2772 1471 πρὸς
2812 1401 2903 1452 τὸν
2933 1400 3051 1453 νέον
3078 1399 3302 1469 βασιλέα
3342 1398 3437 1449 καὶ
3481 1394 3711 1460 ἀνεψιὸν

2071 1492 2084 1501 ’
2111 1495 2406 1562 αὐτόμολος
2432 1494 2815 1569 παραγίνεται,
2836 1494 2932 1544 καὶ
2953 1476 3215 1543 πλεῖον”τδ
3239 1488 3533 1542 σκάνδαλον
3550 1485 3679 1537 ἐποί

2112 1603 2231 1655 ησε.
2301 1585 2434 1637 Τότε
2470 1585 2567 1648 μὲν
2615 1584 2703 1635 διὰ
2751 1585 2875 1645 τοὺς
2918 1581 3219 1649 ἐμφυλίους
3278 1580 3547 1646 πολέμους
3603 1594 3681 1627 κα

2111 1680 2209 1740 τὰς
2239 1677 2647 1737 ἀκαταστασίας
2676 1675 2704 1725 6
2740 1673 3036 1741 Ὀτθμάνος
3064 1672 3092 1722 6
3123 1672 3218 1739 τῆς
3268 1667 3517 1729 Βιθυνίας
3564 1684 3709 1734 κρα-

2116 1770 2222 1822 τῶν
2254 1770 2407 1821 εὖκαι
2417 1769 2538 1837 ρίαν
2564 1766 2738 1835 εὑρὼν
2766 1769 2827 1818 ἐκ
2855 1764 2946 1818 τοῦ
2976 1761 3455 1829 ἑναπολειφθέντος
3492 1758 3702 1828 μέρους

2116 1862 2227 1920 τοῖς
2270 1859 2563 1927 Ῥωμαίοις
2585 1859 2685 1909 οὐκ
2707 1857 2886 1923 ὀλίγον
2909 1854 3120 1907 ἔλαϐεν.
3180 1854 3244 1906 Ἦ
3285 1852 3344 1905 δὲ
3368 1851 3571 1912 εἴσοδος
3602 1849 3706 1902 τοῦ

2118 1952 2236 2004 νέου
2300 1950 2565 2018 βασιλέως
2614 1949 2764 2011 ἐντὸς
2808 1947 2906 2016 τῆς
2961 1945 3168 2008 πόλεως
3218 1944 3392 2005 οὕτως
3444 1941 3704 2010 ἐγένετοο

2118 2041 2372 2111 προδόται
2406 2039 2461 2092 δὲ
2488 2039 2579 2093 δύο
2605 2040 2685 2101 εἰς
2711 2040 2769 2090 τὸ
2799 2038 3162 2111 στρατόπεδον
3211 2036 3480 2098 ἐλθόντες,
3515 2031 3708 2085 τοῦνο-

2122 2152 2194 2202 μα
2226 2136 2253 2185 ὁ
2291 2128 2371 2195 εἷς
2402 2132 2740 2193 Καστελάνος
2767 2133 2862 2184 καὶ
2888 2133 2915 2184 6
2954 2130 3140 2202 ἕτερος
3167 2130 3444 2199 Κάμαρις,
3481 2126 3529 2178 οἳ
3558 2121 3707 2193 ἦσαν

2119 2225 2356 2293 φύλακες
2394 2225 2450 2276 έν
2476 2241 2582 2287 τινι
2614 2223 2764 2292 τόπῳ
2798 2223 2896 2293 τῆς
2926 2222 3132 2284 πόλεως
3177 2221 3345 2289 ἐγγὺς
3373 2221 3471 2287 τῆς
3523 2215 3709 2283 πύλης

2118 2317 2214 2385 τῆς
2236 2315 2533 2385 λεγομένης
2574 2315 3088 2384 Ἀδριανουπόλεως,
3114 2314 3211 2367 καὶ
3235 2312 3531 2383 συμϐάσεις
3563 2309 3706 2379 μετὰ
3744 2314 3747 2315 ⁷

2118 2407 2211 2460 τοῦ
2247 2410 2364 2460 νέου
2396 2407 2657 2477 βασιλέως
2694 2406 2973 2475 ἐποίησαν.
3003 2406 3113 2459 Καὶ
3147 2403 3315 2456 ἐλθὼν
3367 2405 3393 2455 6
3452 2401 3703 2467 στρατὸς,

2120 2501 2312 2562 νυκτὸς
2336 2502 2393 2551 ἐν
2425 2499 2502 2568 τῷ
2528 2499 2680 2566 τόπῳ
2711 2498 2903 2567 ἐκείνῳ
2929 2496 3027 2554 τὰς
3062 2496 3339 2566 κλίμακας
3364 2493 3572 2553 ἔϐαλον,
3607 2494 3703 2544 καὶ

2121 2592 2227 2644 ἔσω
2258 2594 2354 2659 τῆς
2378 2592 2585 2653 πόλεως
2610 2592 2775 2660 μέρος
2809 2591 2867 2654 ἐξ
2894 2590 3072 2641 αὐτῶν
3124 2589 3407 2657 γενόμενοι
3452 2586 3546 2638 καὶ
3608 2586 3706 2651 τὴν

2120 2686 2296 2753 πύλην
2322 2684 2781 2744 ἀναπετάσαντες.
2807 2685 2834 2735 6
2863 2680 3276 2749 ὲναπολειφθεὶς
3305 2676 3532 2743 στρατὸς
3567 2676 3706 2745 μετᾶ

2120 2776 2213 2828 τοῦ
2248 2776 2366 2827 νέου
2399 2774 2659 2844 βασιλέως
2688 2774 2836 2825 ἔνδον
2862 2773 3071 2839 γέγονε.
3127 2772 3234 2825 Καὶ
3280 2769 3442 2841 εὐθύς
3503 2786 3709 2835 συγκαο

2121 2865 2486 2937 λέσαςὶπάντα
2516 2865 2607 2915 τὸν
2652 2864 2743 2932 ὑφ’
2792 2862 2968 2933 ἐαυτῷ
3018 2866 3245 2933 στρατὸν
3310 2862 3707 2931 παρεκελεύετο

2126 2956 2271 3025 μάλα
2298 2955 2542 3024 σφοδρῶς
2577 2956 2713 3024 μήτε
2748 2959 2906 3026 χεῖρα
2938 2955 3259 3025 φονεύτριαν
3293 2956 3428 3024 μήτε
3454 2954 3708 3022 γλῶσσαν

442 3040 627 3113 ἦλθον.
662 3045 771 3098 Καὶ
801 3046 920 3113 μετ’
945 3047 1121 3115 ὀλίγον
1144 3047 1232 3102 διὰ
1273 3053 1476 3119 μικρὰς
1508 3052 1689 3116 αίτίας
1737 3047 1890 3115 αὖθις
1920 3054 2017 3117 τὰς
2047 3081 2089 3137 c
2124 3052 2446 3119 ὑδρίστριαν
2478 3050 2790 3115 ἐπενεγκεῖν
2821 3050 2957 3117 μήτε
2986 3048 3297 3118 τῷπάππῳ
3348 3048 3441 3101 καὶ
3499 3047 3711 3115 βχσιλιῖ

444 3136 749 3206 συμϐάσεις
777 3140 870 3190 καὶ
907 3140 1179 3209 συνθήκας
1202 3142 1449 3212 ηθέτουν,
1490 3146 1583 3198 καὶ
1622 3141 1691 3216 ἢν
1741 3146 1808 3199 τά
1857 3146 2021 3200 σκάνο

442 3230 578 3284 δαλα
618 3231 861 3283 πλεῖστα.

450 3413 735 3467 dronicum
777 3430 908 3468 avus
957 3417 1255 3486 imperator
1292 3420 1525 3476 habebat
1561 3423 1719 3491 longe
1760 3426 2023 3482 charissi-

450 3520 617 3568 mum,
645 3514 699 3558 et
735 3506 788 3559 in
827 3510 975 3576 regia
1026 3510 1247 3567 educari
1287 3514 1472 3580 jussit.
1510 3513 1581 3577 Is,
1643 3514 1731 3568 ubi
1768 3516 2021 3580 adolevit,

448 3611 610 3651 noctu
653 3596 721 3652 ad
752 3601 1030 3658 mulierem
1067 3607 1281 3675 egregie
1319 3607 1639 3671 formosam,
1678 3624 1799 3677 qua:
1826 3610 1873 3663 ei
1908 3620 2026 3663 erat

448 3692 501 3742 in
535 3690 747 3747 deliciis
774 3703 828 3746 et
871 3695 1170 3761 amoribus,
1202 3698 1555 3753 comissatum
1584 3700 1717 3761 ibat,
1756 3717 1840 3762 ac,
1873 3701 2025 3754 zelo-

452 3781 601 3847 typia‘
626 3781 905 3849 incensus,
937 3786 1200 3841 satellites
1226 3788 1421 3855 gladiis
1450 3791 1758 3846 etarcubus
1785 3802 2029 3844 armatos

445 3873 652 3927 circum
689 3877 831 3929 aedes
862 3879 1223 3934 meretriculae
1248 3880 1477 3947 juhehat
1531 3885 1824 3937 excubare.
1872 3883 2022 3948 Qua-

449 3967 572 4018 dam
606 3977 765 4022 nocte
786 3967 997 4024 Manuel
1032 3972 1507 4039 despota,fratrem
1546 3977 1864 4044 quaeritans,
1886 3975 2025 4030 forte

449 4061 516 4115 ad
551 4063 722 4117 scorti
758 4063 903 4119 aedes
939 4066 1174 4121 devenit.
1195 4054 1577 4136 Speculatores
1594 4086 1718 4125 cum
1743 4087 1866 4126 eum
1894 4087 2025 4125 con-

447 4157 686 4227 spiciunt
743 4172 844 4213 nec
881 4170 1191 4229 agnoscunt
1226 4169 1449 4229 propter
1486 4162 1765 4227 tenebras,
1803 4172 2019 4217 amato-

449 4267 565 4305 rem
600 4253 911 4320 quempiam
939 4252 1187 4306 mulieris
1220 4254 1505 4320 suspicati,
1536 4254 1636 4306 tela
1670 4256 1722 4307 in
1751 4270 1873 4309 eum
1905 4271 2025 4310 cre-

451 4345 547 4395 bra
586 4344 884 4413 conjiciunt
934 4352 990 4395 et
1040 4329 1361 4412 percussum
1394 4330 1673 4399 occidunt.
1711 4345 1866 4410 Quod
1898 4362 2022 4400 cum

2131 3144 2255 3212 μήτ’
2281 3142 2452 3194 οὐδενί
2480 3142 2586 3192 τῶν
2628 3141 2800 3193 ἄλλων
2836 3140 3088 3193 ἁπάντων
3116 3156 3129 3170 ·
3179 3158 3199 3191 ε
3236 3141 3310 3192 Ού
3340 3142 3448 3209 γὰρ
3488 3159 3505 3191 ο
3544 3140 3710 3209 φησὶν

2136 3254 2153 3283 κ
2186 3232 2344 3302 ἡμεῖς
2366 3232 2480 3284 ἀλλ’
2500 3232 2526 3282 6
2553 3231 2684 3294 Θεὸς
2709 3231 3170 3302 ταύτηνιπαρέσχε
3203 3230 3299 3301 τὴν
3323 3231 3499 3300 νίκην¹
3541 3249 3558 3280 ι
3612 3230 3710 3283 καὶ

2127 3420 2337 3472 etioues
2364 3424 2417 3470 et
2440 3425 2704 3471 conventa
2738 3413 3124 3470 rescinduntur
3150 3412 3427 3482 turbasque
3452 3406 3699 3465 excitan-

2132 3523 2218 3565 tur
2245 3510 2514 3578 plurimae.
3403 3522 3406 3525 ‘
3456 3522 3473 3527 “

2202 3604 2255 3659 6.
2281 3601 2378 3656 Illo
2404 3612 2646 3670 tempore
2679 3600 3017 3669 imperatoris
3049 3598 3190 3653 filius
3228 3597 3531 3652 TIICOJOI‘US
3558 3609 3695 3646 mar-

2129 3694 2270 3759 chio,
2303 3693 2396 3762 qui
2421 3703 2547 3747 ante
2581 3692 2783 3747 multos
2814 3704 2987 3745 annos
3015 3691 3070 3745 in
3109 3691 3301 3745 matris
3341 3704 3449 3743 sua:
3473 3687 3698 3755 patriam

2131 3786 2329 3839 missus
2360 3782 2562 3849 fuerat,
2592 3792 2649 3835 ut
2677 3797 2839 3852 supra
2870 3782 3233 3848 narravimus,
3261 3792 3386 3851 post
3404 3778 3563 3848 hujus
3584 3777 3701 3831 obi-

2133 3888 2244 3931 tum
2281 3876 2345 3929 ad
2383 3887 2592 3943 patrem
2624 3876 2805 3940 rediit,
2829 3874 3037 3929 relictis
3057 3875 3200 3929 domi
3229 3872 3417 3928 liberis
3445 3880 3702 3925 etuxore.

2131 3971 2206 4035 Is,
2239 3971 2444 4033 animo,
2474 3969 2751 4038 religione,
2770 3967 2915 4022 cultu
2946 3977 2999 4022 et
3031 3978 3185 4021 tonsu
3214 3968 3393 4021 barbae
3419 3966 3575 4033 plane
3602 3962 3707 4017 La-

2132 4065 2298 4126 tinus,
2326 4078 2447 4117 eum
2489 4061 2635 4116 omni
2659 4076 2825 4127 cum,
2856 4060 3201 4130 benignitatis
3232 4074 3296 4114 ac
3326 4057 3708 4112 munificentia:

2130 4169 2331 4223 genere
2371 4169 2398 4207 a
2436 4165 2587 4221 patre
2616 4165 2842 4208 ornatus
2872 4164 3039 4218 esset,
3078 4151 3270 4207 Judam
3306 4152 3452 4206 illum
3509 4149 3707 4205 imitari

2131 4257 2185 4298 et
2221 4256 2428 4315 patrem
2463 4245 2849 4315 imperatorem
2884 4244 3117 4314 prodere
3167 4243 3378 4311 maluit,
3428 4253 3588 4310 atque
3618 4244 3707 4295 ho-

2132 4344 2231 4397 stis
2265 4342 2383 4410 ejus
2415 4341 2589 4395 factus
2610 4340 2834 4409 reliquis
2861 4341 3259 4403 vehementior,
3292 4338 3539 4407 deposita
3564 4337 3705 4391 omni

450 4435 748 4501 imperator
786 4432 1016 4486 Michael
1068 4441 1222 4501 pater
1256 4432 1662 4489 Thessalonicae
1702 4436 2024 4503 accepisset,
2060 4422 2103 4476 D
2135 4451 2262 4503 erga
2313 4449 2434 4490 eum
2489 4434 2819 4497 reverentia,
2871 4433 2940 4487 ad
2974 4432 3249 4502 juniorem
3303 4431 3703 4500 imperatorem,

449 4542 515 4579 ex
550 4526 629 4579 ira
675 4534 728 4579 et
765 4523 1088 4593 aegritudine
1128 4524 1321 4579 morbo
1356 4533 1643 4595 correptus
1678 4527 2028 4595 gravissimo,

449 4637 480 4673 e
511 4621 621 4673 vita
647 4620 837 4675 cessit.
873 4618 1169 4687 Postquam
1226 4620 1342 4674 dies
1372 4619 1549 4673 luctus
1591 4621 1861 4687 exierunt,
1896 4636 2031 4677 avus

452 4713 751 4780 imperator
770 4712 1143 4766 Andronicum
1174 4712 1239 4765 ad
1264 4726 1323 4766 se
1346 4711 1675 4768 arcessitum
1707 4714 1887 4768 multis
1908 4728 2029 4767 cum

451 4805 974 4874 lact-yniisohjurgat
995 4804 1443 4872 cohortaturque,
1463 4804 1916 4871 quemadmodum
1938 4820 2031 4873 pa-

451 4908 637 4955 rentes
667 4897 865 4952 liberos
892 4897 1255 4952 amatissimos
1281 4897 1557 4952 cohortari
1586 4897 1781 4951 solent.
1807 4898 1903 4952 llle
1935 4898 2029 4953 de-

461 4990 662 5043 missus
691 4986 826 5041 nihil
860 4986 1173 5055 respondet,
1222 4988 1318 5041 sed
1374 4986 1455 5039 ira
1491 4995 1799 5041 commotus
1827 5001 1889 5039 ac
1922 5001 2027 5039 me-

454 5095 635 5144 tuens,
668 5096 736 5134 ne
769 5088 988 5148 pr0pter
1020 5094 1203 5132 necem
1237 5078 1528 5133 fraternam
1566 5089 1621 5132 et
1649 5079 1852 5148 reliqua
1875 5080 2034 5147 juveo

459 5175 585 5227 nilis
636 5170 941 5225 insolentiae
974 5170 1240 5235 facinora,
1282 5185 1403 5237 qua:
1435 5179 1727 5239 patrasset,
1770 5186 1901 5223 avus
1932 5172 2031 5223 im‘

454 5267 664 5335 perium
699 5264 802 5321 sibi
853 5261 1171 5331 abrogatum
1226 5262 1280 5316 in
1312 5262 1731 5318 Constantinum
1774 5275 2029 5332 patruum

456 5360 800 5424 transferret,
857 5374 981 5415 cum
1041 5358 1366 5427 quibusdam
1422 5358 1718 5427 aequalibus
1758 5358 2034 5424 sociisque

457 5455 892 5525 Didymotichum
946 5451 1174 5520 aufugit,
1210 5452 1394 5519 ibique
1420 5451 1664 5505 collectis
1700 5450 1867 5517 copiis
1904 5450 2030 5502 hel-

458 5562 564 5603 tum
599 5549 862 5603 adversus
889 5561 1047 5599 avum
1080 5546 1464 5610 imperatorem
1490 5551 1693 5598 movet.
1719 5542 2029 5606 Postremo,

458 5642 640 5697 multis
672 5642 873 5710 pra-liis
901 5640 1155 5695 civilibus
1191 5638 1349 5693 factis
1377 5638 1747 5704 aedibusque,
1777 5651 1900 5689 cum
1936 5650 2028 5688 eo-

462 5734 576 5788 .icnt
607 5736 658 5788 iu
698 5752 881 5801 pacem
916 5734 1074 5791 redit.
1110 5733 1178 5787 At
1216 5747 1336 5788 mox
1376 5730 1584 5787 levibus
1626 5732 1689 5785 de
1722 5728 1901 5785 causis
1940 5741 2029 5785 uno

2139 4527 2325 4582 fratris
2353 4526 2548 4591 filium,
2582 4526 2800 4581 transiit
2836 4527 3097 4595 auxitque
3128 4526 3204 4579 rei
3248 4524 3475 4593 publica:
3503 4525 3700 4579 turbas.

2136 4620 2273 4675 Tum
2310 4620 2476 4683 enim,
2504 4634 2534 4672 e
2562 4618 2718 4673 bellis
2749 4619 2829 4673 his
2857 4619 3173 4674 domesticis
3205 4627 3259 4674 et
3281 4633 3461 4671 rerum
3501 4625 3702 4683 pertur-

2138 4713 2355 4767 batione
2396 4714 2558 4779 petita
2598 4712 2911 4776 occasione,
2968 4710 3292 4777 0thmanes,
3330 4711 3422 4781 qui
3461 4705 3700 4779 Bithynis

2138 4808 2462 4876 imperabat,
2504 4808 2569 4862 de
2599 4817 2744 4862 terra
2781 4805 3047 4861 Romanis
3076 4806 3285 4876 reliqua
3321 4815 3532 4875 partem
3569 4804 3703 4859 haud

2137 4905 2388 4965 exiguam
2443 4901 2749 4969 occupavit.
2788 4898 2985 4954 Urbem
3040 4898 3230 4967 junior
3265 4897 3558 4965 imperator
3606 4896 3703 4950 hoc

2140 4992 2298 5044 modo
2318 4990 2881 5043 intravit.l’roditores
2903 4989 3033 5054 duo,
3052 4988 3191 5043 alter
3209 4988 3554 5053 (Iastclauus,
3578 4987 3703 5040 alter

2135 5083 2383 5137 Camaris
2410 5083 2649 5142 nomine,
2673 5081 2870 5150 quibus
2903 5081 3053 5151 regio
3083 5080 3328 5150 quasdam
3362 5081 3513 5135 urbis
3545 5094 3703 5149 prope

2138 5185 2345 5245 portam
2373 5189 2535 5243 quam
2566 5174 2752 5228 dicunt
2783 5173 3324 5243 Adrianopolitanam
3354 5172 3699 5228 cu5todienda

2136 5268 2332 5321 tradita
2355 5275 2494 5332 erat,
2519 5269 2571 5321 in
2608 5268 2954 5335 imperatoris
2973 5267 3207 5337 iunioris
3238 5280 3419 5321 castra
3446 5266 3698 5335 profecti,

2137 5360 2446 5429 pactionem
2481 5374 2605 5413 cum
2632 5359 2822 5413 eodem
2850 5369 3296 5428 camposueruut.
3328 5358 3516 5427 Itaque
3546 5365 3699 5410 noctu

2136 5451 2435 5504 adveniens
2488 5453 2763 5505 exercitus
2810 5451 2862 5503 in
2902 5451 2997 5504 illo
3050 5451 3171 5505 loco
3228 5450 3400 5504 scalas
3437 5448 3703 5501 inamihus

2135 5545 2410 5604 admovet,
2446 5558 2541 5611 per
2572 5556 2706 5610 quas
2734 5542 2980 5596 nonnttlli
3041 5543 3092 5595 iu
3122 5544 3309 5596 urbem
3344 5539 3553 5609 trajecli
3589 5553 3703 5605 por-

2140 5645 2243 5687 tam
2297 5636 2565 5704 aperiunt.
2629 5634 2948 5702 Imperator,
2990 5646 3276 5704 postquam
3322 5648 3446 5687 cum
3499 5630 3701 5697 reliquo

2136 5728 2377 5782 exercitu
2412 5727 2558 5780 intus
2604 5725 2773 5792 adest,
2809 5727 3097 5781 confestim
3146 5732 3475 5781 convocatos
3507 5720 3700 5775 milites
