4096 6300
224 369 328 432 67

1358 359 1801 422 ClanNlCON
1836 359 2110 420 MAJUS.
2153 383 2217 395 -
2269 340 2417 422 Lm.
2449 362 2496 418 ι.

3386 360 3489 425 (3'8

225 479 548 536 κνπτούσσς
582 481 659 542 τῷ
691 473 958 542 θελήματι
1000 471 1202 531 αὐτῶν.
1250 474 1388 526 ἀλλὰ
1435 475 1815 541 φυλαττούσας
1847 474 1890 530 Α
1921 471 2192 540 γήθησαν,
2225 473 2414 532 παῖδες
2456 471 2682 536 ἐνδόξων
2730 471 2823 523 καὶ
2859 469 3099 536 εὖγενῶν
3148 471 3500 537 Χριστιανῶν

226 572 330 630 τὴν
364 571 682 638 πρέπουσαν
715 555 929 619 εὔνοιαν
977 567 1056 631 είς
1088 567 1214 629 τοὺς
1244 565 1512 635 πατέρας,
1553 565 1818 638 ῄγμαλώ-

226 663 379 724 τιζον
417 659 778 719 σκυλεύοντες
831 660 924 710 καὶ
969 658 1478 726 ἀνδραποδίζοντες.
1535 658 1808 721 Μαθόντες

232 754 288 805 δέ
317 753 476 806 τοῦτο
516 753 573 802 ἐν
605 753 669 819 τῇ
714 750 873 820 Ἀσίᾳ
905 751 933 802 6
968 751 1189 821 ἀμηρᾶς
1224 753 1321 805 καὶ
1348 754 1374 804 6
1407 751 1661 822 βασιλεὺς
1691 750 1814 804 λίαν

235 845 587 914 ἐλυπήθησαν
619 846 713 897 καὶ
748 843 1164 914 ἠγανάκτησαν.
1204 844 1264 896 Ὀ
1293 839 1387 896 οὖν
1428 845 1650 914 ἀμηρᾶς
1678 844 1815 897 ὑπο-

235 938 368 1006 ψὲαν
401 939 540 1009 ἔχων
573 938 632 990 ἐν
663 939 727 1006 τῇ
760 919 958 1004 ρδία
991 937 1065 1007 μὴ
1116 937 1204 990 διὰ
1256 936 1529 1007 θελήσεως
1567 939 1660 989 καὶ
1694 936 1816 1006 βου-

237 1029 336 1098 λῆς
387 1030 481 1082 τοῦ
517 1029 784 1098 βασιλέως
837 1029 982 1081 οὗτοι
1021 1032 1432 1098 ἁπεστάτησαν,
1484 1032 1816 1093 ἀποστείλας

245 1125 466 1194 μηνύων
503 1123 653 1192 αὑτῷ
693 1124 832 1192 μετὰ
882 1123 1056 1192 θυμοῦ
1107 1120 1260 1177 εἷπεν
1314 1125 1401 1176 ἵνα
1444 1126 1646 1193 τρόπον
1694 1127 1816 1179 τινὰ

243 1217 446 1286 ποιήσῃ
479 1218 626 1277 ὅπως
658 1217 749 1268 τὸν
789 1215 1131 1282 Ἀνδρόνικον
1167 1216 1456 1290 παιδεύσῃ,
1489 1218 1585 1269 καὶ
1614 1217 1816 1287 πληρο-

242 1311 618 1380 φορηθήσεται
647 1311 695 1362 εἰ
723 1310 750 1361 6
771 1310 1025 1380 βασιλεὺς
1047 1312 1146 1362 οὐκ
1163 1306 1230 1379 ἦν
1249 1309 1418 1367 αἴτιος
1443 1311 1538 1376 τῆς
1561 1309 1818 1376 τοιαύτης

245 1404 440 1472 βουλῆς
463 1420 476 1434 ⁸
508 1406 556 1456 εἱ
587 1405 642 1456 δὲ
689 1403 866 1465 ἄλλως
904 1403 1219 1472 γενήσεται,
1271 1403 1433 1463 αὐτὸς
1467 1402 1561 1454 καὶ
1609 1403 1634 1451 ό
1671 1398 1817 1462 οἶκος

242 1497 410 1550 αὐτοῦ
441 1497 538 1549 καὶ
585 1498 735 1549 πᾶσα
763 1497 796 1564 ἡ
839 1496 984 1566 ἀρχὴ
1024 1496 1132 1548 τῶν
1168 1495 1459 1564 Ῥωμαίων
1489 1495 1704 1563 ὄψεται.
1762 1495 1818 1547 Ὀ

243 1590 298 1641 δὲ
335 1589 592 1659 βασιλεὺς
636 1588 972 1656 ἁπεκρίνατο
1020 1588 1198 1656 λέγων
1247 1588 1330 1640 ὅτι
1363 1587 1461 1640 οὐκ
1513 1583 1651 1639 οἶδεν
1695 1585 1819 1639 οὗτε

245 1679 527 1740 ἐπίστατο,
587 1678 740 1748 μετὰ,
779 1679 959 1746 ὅρκων
1011 1678 1288 1746 μεγάλων,
1329 1678 1389 1730 τὸ
1421 1677 1679 1746 γεγονόςο
1725 1679 1821 1730 καὶ

248 1772 341 1822 ἐὰν
369 1773 447 1833 εἰς
480 1770 581 1840 51
618 1773 808 1839 χεῖρας
845 1772 936 1823 τὸν
977 1772 1092 1824 υἱὸν
1121 1771 1284 1839 τυχὸν
1316 1767 1483 1839 εἶχεν,
1519 1772 1646 1823 ἄνευ
1674 1771 1818 1831 τινος

246 1863 621 1932 ἐλεημοσύνης
658 1860 773 1932 εἶχε
805 1862 1097 1916 παιδεῦσαι
1147 1863 1333 1917 αὐτόν.
1375 1862 1464 1924 Ὠς
1508 1863 1563 1915 δὲ
1610 1864 1674 1915 τὰ
1721 1863 1821 1929 τῆς

259 1957 444 2018 ’Λσίας
462 1956 780 2022 διώρθωσαν
803 1954 897 2006 καὶ
919 1955 1269 2024 εξρήνευσαν,
1293 1953 1632 2023 περάσαντες
1655 1947 1823 2022 ἦλθον

246 2047 326 2106 εἰς
355 2045 453 2111 τὴν
489 2044 779 2113 Εὐρώπην,
818 2045 911 2096 καὶ
938 2045 1172 2114 στρατὸν
1200 2044 1403 2105 εὐθέως
1427 2045 1825 2113 οίκονομήσαντ

247 2154 336 2197 τες
371 2137 618 2188 ἔστειλαν
659 2137 801 2190 κατὰ
833 2137 941 2189 τῶν
989 2137 1496 2204 ἀποστατῃσᾶντων
1532 2136 1682 2188 υίῶν.
1715 2136 1823 2189 Καὶ

248 2229 492 2297 πολέμου
523 2229 810 2296 γεγονότος
844 2229 936 2280 τὸν
985 2229 1093 2280 τῶν
1142 2227 1466 2281 ἀποστατῶν
1518 2228 1747 2296 στρατὸν
1797 2227 1825 2278 6

243 2323 471 2390 ἁμηρᾶς
503 2302 746 2390 χρήμασι
799 2321 892 2374 καὶ
945 2321 1128 2388 λόγοις
1165 2322 1480 2387 ἀπατήσας,
1525 2319 1824 2386 ἐπιϐουλὴν

245 2413 506 2481 τοιαύτην
563 2413 854 2482 ἐποίησαν·
903 2413 1136 2479 ἀφέντες
1189 2413 1389 2474 αὐτοὺς
1446 2413 1667 2480 ἔφυγον.
1731 2415 1825 2465 καὶ

248 2507 376 2566 τοὺς
420 2505 887 2566 αὑθεντοπούλους
925 2505 981 2555 ἐν
1021 2522 1129 2555 τινι
1177 2506 1423 2575 φρουρίῳ
1468 2505 1562 2556 τοῦ
1596 2505 1827 2573 Διδυμο-

248 2593 430 2664 τείχου
488 2595 912 2662 καταφυγόντας
965 2594 1221 2658 ἐπίασαν,
1272 2596 1366 2646 καὶ
1422 2597 1534 2656 τοῖς
1586 2594 1826 2662 πατράσι

250 2686 427 2756 δῶρον
465 2689 684 2748 τούτους
727 2687 1090 2757 προσέφερον.
1145 2688 1258 2740 Καὶ
1307 2689 1335 2740 6
1388 2689 1611 2758 ἀμηρᾶς
1663 2688 1827 2750 εὐθὺς

250 2781 344 2832 τὸν
386 2780 499 2831 υἱὸν
531 2779 696 2832 αὑτοῦ
733 2780 1162 2847 ἀπεκεφάλισεν,
1205 2782 1232 2832 6
1261 2780 1317 2833 δὲ
1357 2781 1612 2850 βασιλεὺς
1657 2781 1829 2835 θέλων

249 2874 347 2926 καὶ
379 2873 453 2942 μὴ
488 2872 656 2926 θέλων
680 2873 774 2926 διὰ
798 2873 886 2925 τὸν
913 2873 1077 2941 φόϐον
1105 2873 1202 2926 τοῦ
1235 2876 1424 2944 ἀμηρᾶ
1448 2875 1538 2928 τὸν
1561 2875 1827 2944 δεσπότην

247 2964 356 3030 κύρ
388 2961 731 3032 Ἀνδρόνικον
763 2963 852 3014 τὸν
883 2964 997 3015 υἱὺν
1020 2962 1186 3016 αὑτοῦ
1217 2963 1325 3016 τῶν
1348 2963 1646 3035 ὀφθαλμῶν
1678 2967 1825 3018 ἐστέ-

250 3070 388 3122 ρησε
422 3055 514 3107 καὶ
549 3055 606 3106 ἐν
637 3057 748 3115 τοῖς
794 3055 1026 3122 πύργοις
1072 3057 1186 3119 τοῖς
1220 3038 1540 3124 λεγομένοις
1599 3057 1828 3124 Ἀδεμα-

249 3146 392 3208 νίδες
424 3147 656 3216 πλησίον
689 3142 1016 3220 Βλαχερνῶν
1054 3147 1377 3200 ἀπέκλεισε.
1423 3146 1687 3217 Τυχόντες
1729 3150 1828 3215 μὲν

249 3240 347 3292 καὶ
377 3240 556 3312 ἕτεροί
583 3258 724 3304 τινες
754 3242 850 3295 σὺν
885 3242 1070 3305 αὐτοῖς
1105 3242 1216 3295 νέοι
1249 3241 1637 3313 συνηλικιώται
1662 3241 1830 3294 ἐπλα-

249 3426 494 3497 patribus
524 3424 678 3479 ﬁdem
707 3421 1012 3489 servabant,
1034 3422 1298 3492 diripiunt
1322 3425 1482 3495 inque
1509 3426 1826 3481 servitutem

253 3519 522 3588 redigunt.
552 3516 666 3571 Hoc
705 3516 797 3570 ubi
862 3517 916 3569 in
944 3515 1070 3570 Asia
1102 3516 1390 3572 Amurates
1419 3526 1472 3570 et
1534 3517 1828 3586 imperator

252 3625 589 3679 compercre,
656 3608 840 3662 dolore
896 3619 952 3662 et
1001 3608 1277 3664 iracundia
1327 3618 1650 3665 exarserunt
1699 3626 1714 3674 ;
1775 3616 1829 3663 et

253 3715 468 3754 ameras
511 3699 728 3767 quidem
781 3701 1102 3755 auctoritate
1127 3712 1184 3756 et
1221 3702 1448 3756 consilio
1484 3703 1828 3770 imperatoris

253 3791 374 3845 illos
425 3791 716 3846 descivisse
758 3792 1088 3860 suspicatus,
1135 3796 1182 3848 ei
1238 3795 1409 3849 iratus
1466 3793 1824 3862 signiﬁcatum

251 3885 426 3939 mittit
466 3883 730 3950 :videret,
756 3899 863 3953 quo
902 3884 1060 3939 modo
1078 3885 1446 3940 Andronicum
1476 3886 1642 3938 lilium
1670 3887 1828 3950 puni-

252 3984 332 4030 ret
356 3986 412 4032 et
441 3976 519 4031 sic
555 3975 711 4030 [idem
749 3977 853 4031 sibi
884 3976 1108 4041 faceret,
1137 3992 1242 4030 non
1271 3991 1393 4033 esse
1417 3993 1475 4032 se
1510 3978 1666 4032 istius
1697 3995 1832 4032 con-

245 4067 365 4122 silii'
392 4078 692 4125 auctorem.
728 4068 821 4122 Sin
854 4069 1013 4123 aliter
1050 4069 1205 4134 faxit,
1233 4079 1286 4124 et
1319 4069 1491 4138 ipsum
1523 4079 1576 4124 et
1607 4070 1828 4124 domum

246 4167 366 4232 ejus
402 4177 469 4223 et.
488 4175 655 4220 totum
694 4163 1000 4220 Romanum
1029 4166 1312 4235 imperium
1329 4177 1699 4236 experturum,
1723 4184 1833 4236 quo

243 4276 306 4313 ea
340 4275 433 4314 res
463 4261 737 4314 evaderet.
767 4258 1067 4328 Imperator
1094 4261 1384 4330 respondet
1420 4269 1473 4315 et
1506 4261 1656 4328 gravi
1689 4260 1834 4314 aliir-

245 4363 358 4406 mat
392 4359 756 4416 sacramento,
784 4348 911 4405 facti
951 4351 1195 4420 ignarum
1221 4360 1276 4406 et
1307 4350 1536 4407 inscium
1587 4367 1646 4408 se
1674 4367 1831 4418 esse;

254 4446 425 4512 atque
447 4447 632 4508 ﬁlium,
667 4445 713 4498 si
748 4446 800 4497 in
852 4461 1012 4498 manu
1055 4443 1299 4507 haberet,
1331 4445 1625 4513 quominus
1673 4444 1833 4513 puni-

1917 562 2012 614 καὶ
2044 562 2326 630 Τούρκων,
2369 563 2465 615 καὶ
2513 565 2667 616 αὐτοὶ
2713 563 3146 633 σαγηνευθέντες
3176 563 3255 630 τῷ
3303 563 3497 634 ἀμηρᾷ

1915 654 2183 724 ἐδόθησαν
2205 671 2220 686 ·
2255 658 2347 710 καὶ
2374 659 2422 710 οἱ
2457 658 2694 725 πατέρες
2726 656 2904 708 αὐτῶν
2938 657 3207 725 παρόντες
3237 661 3376 723 μετά
3406 659 3495 710 δα-

1915 746 2103 814 κρύων
2147 747 2555 816 ἐκελεύσθησαν
2592 748 2680 800 ἵνα.
2735 748 2966 810 ἕκαστος
3018 749 3109 800 τὸν
3156 749 3272 800 υἱὶν
3331 748 3496 820 αὑτοῦ

1916 839 2294 909 οἱκειοχείρως
2343 840 2666 912 θανατὼσῃ·
2721 841 2975 902 καὶτοὺς
3015 840 3088 908 μὴ
3141 839 3499 902 πειθομένους

1916 933 2123 1002 πρᾶξαι
2153 933 2298 986 κατά
2321 933 2382 985 τὸ
2412 933 2756 1004 προσταχθὲν
2786 934 2972 994 αὐτοῖς
3007 936 3061 985 ἐν
3093 933 3168 1002 τῷ
3202 934 3318 1000 ἅμα
3355 935 3501 985 ita-ra

1915 1025 2008 1079 τὸν
2039 1030 2288 1093 ποταμὸν
2321 1027 2651 1096 δεδημένους
2687 1027 2936 1091 ἐϐύθιζεν
2982 1029 3347 1096 ὁμοθυμαδὸν,
3392 1045 3500 1080 πα-

1918 1118 2052 1188 τέρα
2082 1137 2141 1170 τε
2165 1119 2308 1187 λέγω
2346 1121 2440 1172 καὶ
2465 1121 2604 1173 υἱόν.
2640 1121 2861 1188 Ταύτην
2890 1117 3154 1188 ὠμότητα
3197 1120 3290 1171 καὶ
3323 1120 3500 1170 ἁπαν-

1869 1231 1871 1233 '
1919 1210 2171 1281 θρωπὶαν
2202 1214 2228 1263 6
2283 1212 2633 1282 Ἀμουράτης
2683 1213 2963 1279 ἐποίησεν,
2994 1212 3080 1264 ἀεὶ
3113 1212 3193 1274 εἰς
3223 1214 3287 1263 τὰ
3323 1214 3501 1264 πάντα

1919 1305 2106 1366 καῖῶς
2137 1304 2582 1372 πολιτευόμενος.
2619 1305 2828 1373 Καιροῦ
2864 1305 2921 1356 δέ
2958 1322 3103 1364 τινος
3137 1305 3502 1370 παρελθόντος

1918 1395 2065 1454 τινές
2111 1396 2219 1447 τῶν
2271 1395 2500 1458 ἐνδόξων
2561 1396 2652 1446 καὶ
2708 1395 2946 1461 εὐγενῶν
3007 1396 3349 1461 Χριστιανῶν
3409 1399 3502 1446 καὶ

1931 1488 2255 1556 Ἀγαρηνῶν
2299 1488 2390 1539 τοῦ
2429 1489 2621 1556 ἁμηρᾶ
2662 1488 2948 1556 δεηθέντες
2996 1489 3207 1556 γράψαι
3245 1488 3379 1557 πρὸς
3412 1489 3502 1537 τὸν

1922 1580 2150 1650 βασιλέα
2199 1581 2391 1649 γύριον
2438 1581 2692 1646 Ἰωάννην
2731 1580 2820 1631 ἵνα
2866 1580 2958 1632 τὸν
2993 1581 3258 1648 δεσπότην
3312 1580 3502 1643 κύριον

1934 1670 2281 1738 Ἀνδρόνικον
2326 1671 2421 1724 τοῦ
2477 1671 2851 1742 ἀποκλεισμοῦ
2911 1673 3298 1744 ἐλευοερὼση·
3341 1674 3367 1725 ὃ
3409 1674 3502 1722 καὶ

1923 1767 2162 1838 ἐγένετο.

1853 1831 1898 1890 Β
1997 1861 2108 1912 Καὶ
2160 1859 2270 1911 τῶν
2308 1859 2651 1929 πραγμάτων
2701 1859 2881 1923 οὕτως
2924 1860 3165 1929 ἐχόντων
3212 1858 3434 1928 θεωρῶν
3475 1859 3502 1908 6

1928 1953 2182 2022 βασιλεὺς
2213 1953 2280 2004 τὰ
2308 1953 2415 2004 τῶν
2463 1953 2755 2020 Ῥωμαίων
2789 1955 3098 2023 πράγματα
3149 1958 3499 2018 παντοιοτρό-

1927 2061 2044 2105 πως
2067 2044 2492 2114 ύποκορίζεσΟαι
2531 2045 2935 2115 ταπεινούμενα
2970 2046 3062 2097 καὶ
3087 2046 3164 2108 εἰς
3199 2046 3504 2113 ἀφανισμὲιν

1927 2137 2170 2206 παντελῆ
2222 2139 2405 2208 ἡμέρᾳ.
2453 2141 2518 2207 τῇ
2579 2140 2761 2208 ἡμέρᾳ
2824 2141 3120 2208 ἐρχόμενα,
3175 2141 3243 2191 τὰ
3289 2139 3344 2191 δὲ
3396 2139 3505 2189 τῶν

1927 2229 2190 2296 Τούρκων
2241 2229 2321 2293 είς
2374 2231 2543 2299 ἄκρον
2600 2232 3010 2296 προκόπτοντα,
3053 2232 3302 2300 τριήρεις
3351 2229 3506 2290 τινὰς

1928 2327 2229 2394 ἡτοίμασεν
2264 2324 2437 2394 ἐμϐὰς
2471 2327 2528 2376 ἐν
2570 2327 2634 2395 τῇ
2672 2326 2878 2396 Ἰταλίᾳ
2906 2326 3082 2378 ἐλθεῖν
3116 2326 3343 2395 αἰτῆσαι
3372 2325 3504 2394 βοή-

1929 2417 2081 2470 θειαν
2105 2418 2253 2486 παρὰ
2280 2417 2388 2468 τῶν
2411 2419 2588 2469 ἐκεῖσε
2621 2416 2918 2477 αὐθεντῶν,
2955 2418 3043 2470 ἵνα
3082 2417 3156 2487 μὴ
3192 2419 3224 2486 ἠ
3257 2417 3509 2486 βασιλεία

1939 2505 2228 2573 Ῥωμαίων
2278 2508 2416 2559 κατὰ
2463 2508 2661 2575 κράτος
2687 2501 2780 2567 ἐἰς
2830 2508 2988 2568 τέλος
3039 2509 3278 2576 ἐκπέσῃ.
3316 2507 3421 2558 Καὶ
3453 2510 3509 2558 ἐν

1929 2592 2006 2663 τῷ
2037 2595 2256 2662 μέλλειν
2289 2587 2691 2665 ἐπανέρχεσθαι
2726 2596 2818 2648 τὸν
2847 2597 3114 2666 δεσπότην
3145 2601 3252 2662 κὺρ
3292 2598 3508 2666 ’Λιδρό-

1931 2703 2081 2739 νικον
2127 2686 2290 2738 πάλιν
2338 2688 2488 2738 εἴασε
2531 2687 2759 2739 διοικεῖν
2809 2686 2914 2756 52
2957 2688 3051 2740 καὶ
3100 2689 3370 2758 κυϐερνᾷν
3409 2691 3510 2756 τὴν

1931 2778 2086 2831 πόλιν
2109 2778 2201 2830 καὶ
2222 2776 2316 2848 τὴν
2344 2777 2640 2848 βασιλείαν.
2665 2778 3001 2843 Πλεύσαντος
3023 2780 3077 2832 δέ
3105 2779 3199 2832 τοῦ
3222 2781 3515 2850 βασιλέως,

1931 2870 2169 2938 ἔφθασεν
2206 2872 2264 2922 ἐν
2294 2872 2358 2939 τῇ
2400 2869 2603 2940 Ἰταλία
2634 2873 2688 2922 ἐν
2711 2873 2774 2940 τῇ
2813 2871 2920 2923 τῶν
2951 2872 3186 2924 Ἐνετῶν
3216 2873 3394 2943 ὡραία
3414 2879 3512 2927 πό-

1931 2962 2032 3026 λει,
2062 2963 2154 3014 καί
2192 2963 2224 3030 ὴ
2261 2962 2524 3030 γερουσία
2560 2961 2748 3014 ἅπασα
2783 2964 2942 3032 τῆσδε
2973 2965 3070 3033 τῆς
3103 2965 3311 3028 πόλεως
3340 2967 3512 3034 ἀσμέ-

1931 3073 2038 3118 νως
2075 3055 2264 3107 τοῦτον
2295 3055 2547 3118 ἐδέξαντο
2571 3071 2583 3085 ο
2631 3057 2759 3127 περὶ
2801 3055 2855 3108 δὲ
2908 3056 3003 3108 τοῦ
3054 3056 3323 3128 βοηθῆσαι
3361 3060 3512 3128 αύτῴ

1932 3151 2032 3203 οὐκ
2072 3145 2141 3220 ἦν
2188 3153 2339 3220 φωνὴ
2374 3150 2468 3203 καὶ
2497 3150 2601 3202 οὐκ
2631 3145 2697 3219 ἦν
2729 3151 3016 3220 ἀκρόασις.
3065 3153 3335 3204 Κάκεῖθεν
3370 3152 3516 3216 ἐξελ-

1935 3243 2041 3294 θὼν
2075 3243 2207 3313 πρὸς
2240 3241 2331 3296 τὸν
2359 3242 2505 3312 ρἧα
2553 3242 2833 3312 Φραγκίας
2883 3244 3126 3312 Καρολον
3163 3244 3334 3297 ἐλθὼν
3361 3247 3515 3298 οὐδὲν

1931 3429 2115 3491 putres
2147 3433 2268 3471 cum
2295 3418 2549 3491 lacrymis
2582 3430 2820 3474 astantes
2853 3438 3010 3474 suum
3064 3425 3298 3491 qttiSqtm
3345 3425 3516 3476 tilium

1932 3529 2090 3567 manu
2147 3528 2246 3566 sna
2300 3511 2604 3565 interﬁcere
2651 3512 2952 3582 jnbenlur:
2985 3514 3074 3582 qui
3135 3515 3362 3589 imperio
3410 3531 3514 3568 non

1930 3614 2246 3682 paruerunt,
2278 3608 2419 3657 ‘cunt
2470 3605 2595 3660 liliis
2644 3606 2901 3676 colligati,
2958 3607 3010 3659 in
3065 3610 3516 3676 prmterlluentetn

1930 3704 2149 3759 ﬂuvium
2191 3715 2316 3760 sunt
2370 3702 2624 3760 demersi.
2656 3701 2804 3756 Adeo
2841 3701 3193 3754 inhumanum
3224 3703 3522 3758 crudelem-

1929 3813 2032 3864 que
2080 3813 2137 3851 se
2194 3798 2444 3866 pra-stitit
2492 3798 2802 3859 Atnurates,
2843 3794 3081 3862 alioquin
3111 3794 3161 3847 in
3197 3797 3427 3863 regenda
3463 3811 3549 3850 re‘

1931 3889 2144 3956 publica
2206 3889 2474 3941 laudatus.
2508 3887 2802 3954 Aliquanto
2838 3896 2955 3952 post
3012 3887 3252 3940 nonnulli
3292 3893 3518 3956 Spectari

1932 3999 1985 4038 et
2014 3982 2224 4037 nobiles
2284 3981 2588 4036 Christiani
2615 3990 2778 4047 atque
2811 3979 3042 4048 Agareni
3076 3980 3393 4037 Arnutatem
3432 4001 3522 4040 to-

1932 4085 2218 4144 gaverunt,
2267 4081 2325 4128 υι
2375 4073 2574 4127 litteris
2625 4070 2816 4126 Joannl
2871 4073 3181 4139 imperatori
3245 4079 3516 4150 suaderet,

1931 4171 2300 4226 Andronicum
2371 4167 2650 4234 despotam
2686 4181 2716 4219 e
2781 4167 3010 4221 vinculis
3066 4167 3366 4225 liberaret:
3421 4191 3520 4229 nec

1933 4279 2041 4318 non
2083 4261 2417 4317 satisfactum
2447 4269 2531 4312 est
2561 4259 2772 4315 illorum
2822 4259 3109 4316 voluntati.

2004 4353 2186 4407 Rebus
2216 4355 2286 4406 ita
2327 4350 2660 4414 constitutis,
2698 4353 3010 4417 imperator,
3048 4365 3172 4405 cum
3209 4353 3518 4409 Romanum

1937 4448 2222 4518 imperium
2280 4447 2425 4500 omni
2460 4445 2617 4499 modo
2645 4444 2906 4498 vilescere
2938 4455 2992 4498 et
3021 4445 3073 4499 in
3107 4459 3395 4515 angustum
3431 4467 3520 4504 re-

257 4540 512 4601 ret,nnlla
547 4556 606 4595 se
637 4540 1005 4596 misericordia
1055 4549 1388 4594 commotum
1429 4539 1516 4594 iri.
1565 4538 1748 4594 Rebus
1773 4540 1826 4592 in
1859 4549 1909 4608 ι)
1937 4541 2044 4609 digi
2101 4540 2239 4606 etin
2283 4539 2396 4592 dies
2449 4535 2622 4607 magis
2678 4552 2833 4592 ruere
2867 4539 2918 4590 in
2976 4539 3298 4606 perniciem,
3331 4556 3524 4594 contra

254 4629 384 4684 Asia
433 4631 751 4700 Compositis
803 4631 1140 4701 pacatisque,
1177 4631 1230 4698 in
1276 4629 1543 4700 Europam
1589 4629 1831 4698 trajectl,

256 4725 556 4778 exercitum
601 4722 886 4776 confestim
945 4723 1271 4778 instructum
1307 4735 1492 4777 contra
1524 4725 1664 4778 lilios
1698 4724 1836 4778 sedi-

257 4815 430 4868 tiosos
484 4815 771 4868 miserunt.
826 4813 1128 4867 Commisso
1187 4812 1346 4878 bello,
1409 4816 1834 4869 adolescentium

258 4907 478 4968 milites,
514 4904 738 4973 pecunia
795 4915 849 4959 et
895 4903 1172 4958 blanditiis
1216 4907 1282 4958 ab
1334 4920 1517 4960 amera
1565 4905 1832 4975 corrupti,

256 5004 515 5060 insidiose
548 5002 764 5080 eosdem
810 5001 1171 5054 deseruerunt
1198 5007 1251 5053 et
1282 5000 1536 5068 profugos
1558 5000 1612 5054 in
1637 5001 1834 5056 castel-

256 5108 310 5158 ιο
361 5095 596 5166 quodam
657 5089 1022 5161 Didymotichi
1083 5092 1609 5160 comprehenderunt
1664 5094 1833 5160 patrio

254 5189 465 5256 busque
542 5186 685 5240 dono
749 5182 1080 5237 obtulerunt.
1150 5181 1380 5238 Ameras
1426 5181 1596 5236 lilium
1654 5183 1838 5238 statim

249 5278 511 5336 decollari
562 5277 749 5348 jussit,
782 5284 944 5344 atque
1005 5273 1248 5343 ejusdem
1326 5285 1471 5328 metu
1543 5272 1840 5345 imperator

252 5374 436 5426 facere
497 5383 602 5422 non
642 5356 840 5437 potui't,
870 5367 1001 5434 quin
1057 5379 1214 5419 suum
1261 5363 1430 5418 ﬁlium
1467 5364 1837 5420 Andronicum

249 5467 539 5534 despnlam
557 5459 730 5515 oculis
759 5458 1070 5528 privaretet
1095 5456 1358 5522 turribus,
1387 5473 1509 5526 qua:
1539 5457 1838 5512 Ademani-

253 5559 347 5612 des
407 5555 688 5616 dicuntur,
739 5550 890 5620 juxta
931 5547 1260 5603 Blacbernas
1326 5550 1474 5615 sitis,
1513 5551 1836 5605 includeret.

255 5646 421 5700 Erant
453 5643 544 5698 alii
570 5655 828 5710 praeterea
875 5640 1108 5708 decepti,
1145 5641 1438 5696 illustrium
1467 5656 1543 5711 ac.
1575 5643 1838 5695 nobttiurn

255 5749 362 5792 tam
392 5734 832 5792 Christianorum
858 5750 1019 5802 quam
1049 5732 1352 5789 Turcarum
1388 5733 1479 5788 lilii
1511 5734 1615 5788 illis
1652 5750 1838 5803 arqua-

259 5834 334 5888 les
359 5836 449 5905 qui
510 5841 566 5888 et
609 5833 716 5903 ipsi
763 5833 903 5902 capti
941 5833 1373 5914 antertetraditi
1413 5843 1577 5914 sunt.
1635 5832 1861 5889 Eorum,

1935 4630 2232 4684 Turcarnm
2302 4635 2524 4697 regnum
2593 4627 2661 4681 ad
2727 4643 2998 4682 summum
3069 4644 3316 4684 crescere
3369 4633 3525 4686 fasti-

1935 4728 2078 4795 gium
2138 4722 2610 4785 animadverteret,
2667 4721 2993 4786 comparatis
3099 4723 3305 4792 aliquot
3363 4728 3522 4781 trire-

1938 4821 2139 4883 mibus,
2173 4819 2224 4871 in
2258 4817 2466 4870 ltaliarn
2511 4815 2622 4868 vela
2653 4814 2796 4878 iecit,
2829 4816 2897 4868 ah
2929 4818 3046 4882 ejus
3073 4824 3233 4870 terra!
3264 4819 3522 4886 principi-

1938 4914 2057 4972 bus,
2079 4927 2148 4966 ne
2183 4909 2548 4964 Romanorum
2585 4909 2872 4976 imperium
2903 4921 3128 4974 prorsus
3159 4918 3524 4976 everteretur,

1940 5007 2206 5073 petiturus
2249 5001 2468 5055 auxilia.
2518 4999 2799 5055 Commisit
2862 5013 3070 5066 rursus,
3123 4999 3250 5054 dum
3299 5003 3522 5067 rediret,

1940 5097 2254 5152 Andronico
2287 5097 2522 5161 despotze
2545 5091 2695 5145 urbis
2717 5099 2769 5144 et
2818 5091 3025 5160 imperii
3063 5095 3519 5158 procurationem.

1943 5193 1999 5246 In
2046 5191 2252 5244 Italiam
2299 5187 2532 5250 delatus,
2593 5186 2820 5257 primum
2857 5183 3182 5238 Venetorum
3241 5186 3523 5243 ﬂorentem

1943 5285 2130 5339 urbem
2179 5282 2330 5347 adiit,
2360 5290 2414 5333 et
2468 5277 2769 5333 honoriﬁce
2821 5277 3040 5344 quidem
3096 5293 3125 5330 a
3163 5287 3276 5334 t0to
3330 5294 3524 5334 senatu

1941 5385 2206 5448 exceptus
2235 5383 2340 5437 est,
2401 5371 2496 5425 sed
2541 5371 2607 5424 de
2659 5369 2918 5423 subsidiis
2951 5367 3151 5423 frustra
3177 5370 3339 5424 verba
3397 5371 3526 5425 fecit

1941 5474 1996 5520 et
2021 5467 2180 5534 plane
2211 5477 2315 5516 non
2344 5459 2684 5514 audiebatur.
2727 5456 2853 5513 Inde
2877 5456 2943 5510 ad
2984 5457 3262 5519 Carolum,
3286 5457 3528 5511 Ἐνδηίδο-

1945 5574 2063 5612 rum
2121 5570 2324 5626 regem,
2385 5553 2681 5622 profectus,
2723 5567 2790 5605 ne
2833 5551 2904 5606 ibi
2947 5551 3163 5619 quidem
3221 5550 3522 5617 quidquam

1943 5647 2198 5712 obtinuit,
2232 5645 2489 5712 quoniam
2545 5641 2852 5712 principes
2906 5640 3050 5694 inter
3099 5656 3155 5692 se
3195 5639 3527 5692 dissidebant

1944 5757 2008 5795 ac
2051 5739 2375 5795 l‘actinnibus
2433 5735 2699 5803 bellisque
2721 5743 2880 5788 erant
2908 5731 3172 5785 distracti.
3237 5729 3415 5797 Itaque
3449 5731 3530 5783 ui-

1947 5833 2019 5886 hil
2048 5833 2216 5900 aliud,
2249 5846 2407 5901 quam
2440 5830 2630 5899 grandi
2673 5825 2899 5898 pecunia
2951 5822 3214 5878 inutiliter
3241 5823 3543 5899 absumpta
