  <div class='ocr_page' id='page_1' title='image "/cluster/home/n/w/nwhite01/storage/ocr_20150623/156/mdp.39015078384719/351.png"; bbox 0 0 4096 6300; ppageno 0'>
   <div class='ocr_carea' id='block_1_1' title="bbox 562 278 669 338">
    <p class='ocr_par' dir='ltr' id='par_1_1' title="bbox 562 278 669 338">
     <span class='ocr_line' id='line_1_1' title="bbox 562 278 669 338; baseline -0.009 0"><span class='ocrx_word' id='word_1_1' title='bbox 562 278 669 338; x_wconf 85' lang='grc'><strong>683</strong></span> 
     </span>
    </p>
   </div>
   <div class='ocr_carea' id='block_1_2' title="bbox 1788 270 2581 334">
    <p class='ocr_par' dir='ltr' id='par_1_2' title="bbox 1788 270 2581 334">
     <span class='ocr_line' id='line_1_2' title="bbox 1788 270 2581 334; baseline -0.003 -3"><span class='ocrx_word' id='word_1_2' title='bbox 1788 270 2116 333; x_wconf 82' lang='lat' dir='ltr'><strong>GEORGII</strong></span> <span class='ocrx_word' id='word_1_3' title='bbox 2156 271 2581 334; x_wconf 70' lang='lat' dir='ltr'><strong>PHRANTZfE</strong></span> 
     </span>
    </p>
   </div>
   <div class='ocr_carea' id='block_1_3' title="bbox 3769 264 3865 326">
    <p class='ocr_par' dir='ltr' id='par_1_3' title="bbox 3769 264 3865 326">
     <span class='ocr_line' id='line_1_3' title="bbox 3769 264 3865 326; baseline 0.031 -3"><span class='ocrx_word' id='word_1_4' title='bbox 3769 264 3865 326; x_wconf 58' lang='lat'><strong>684</strong></span> 
     </span>
    </p>
   </div>
   <div class='ocr_carea' id='block_1_4' title="bbox 564 375 3864 458">
    <p class='ocr_par' dir='ltr' id='par_1_4' title="bbox 564 375 3864 458">
     <span class='ocr_line' id='line_1_4' title="bbox 564 375 3864 458; baseline -0.005 -13"><span class='ocrx_word' id='word_1_5' title='bbox 564 396 628 445; x_wconf 79' lang='grc' dir='ltr'><strong>ἐκ</strong></span> <span class='ocrx_word' id='word_1_6' title='bbox 670 389 867 445; x_wconf 81' lang='grc' dir='ltr'>πολλοῦ</span> <span class='ocrx_word' id='word_1_7' title='bbox 890 390 919 442; x_wconf 87' lang='lat'><strong>6</strong></span> <span class='ocrx_word' id='word_1_8' title='bbox 947 386 1149 458; x_wconf 81' lang='grc' dir='ltr'>πατὴρ,</span> <span class='ocrx_word' id='word_1_9' title='bbox 1174 381 1295 441; x_wconf 74' lang='grc' dir='ltr'>εἷτα</span> <span class='ocrx_word' id='word_1_10' title='bbox 1319 386 1414 439; x_wconf 73' lang='grc' dir='ltr'>καὶ</span> <span class='ocrx_word' id='word_1_11' title='bbox 1439 385 1602 449; x_wconf 84' lang='grc' dir='ltr'>αὐτὸς</span> <span class='ocrx_word' id='word_1_12' title='bbox 1621 386 1720 457; x_wconf 82' lang='grc' dir='ltr'>τὴν</span> <span class='ocrx_word' id='word_1_13' title='bbox 1741 386 2009 456; x_wconf 85' lang='grc' dir='ltr'>διοίκησιν</span> <span class='ocrx_word' id='word_1_14' title='bbox 2029 390 2129 457; x_wconf 81' lang='grc' dir='ltr'>τὴν</span> <span class='ocrx_word' id='word_1_15' title='bbox 2155 386 2206 447; x_wconf 76' lang='grc' dir='ltr'><strong>Α</strong></span> <span class='ocrx_word' id='word_1_16' title='bbox 2230 388 2320 439; x_wconf 85' lang='grc' dir='ltr'>τὸν</span> <span class='ocrx_word' id='word_1_17' title='bbox 2369 387 2612 456; x_wconf 86' lang='grc' dir='ltr'>ἀμηρᾶν,</span> <span class='ocrx_word' id='word_1_18' title='bbox 2645 385 2829 450; x_wconf 79' lang='grc' dir='ltr'>ἔλεγεν</span> <span class='ocrx_word' id='word_1_19' title='bbox 2863 384 2943 435; x_wconf 84' lang='grc' dir='ltr'>ὅτι</span> <span class='ocrx_word' id='word_1_20' title='bbox 2981 382 3080 434; x_wconf 81' lang='grc' dir='ltr'><strong>οὐκ</strong></span> <span class='ocrx_word' id='word_1_21' title='bbox 3114 376 3181 451; x_wconf 75' lang='grc' dir='ltr'>ἦν</span> <span class='ocrx_word' id='word_1_22' title='bbox 3226 381 3465 434; x_wconf 83' lang='grc' dir='ltr'>δίκαιον</span> <span class='ocrx_word' id='word_1_23' title='bbox 3512 375 3682 445; x_wconf 82' lang='grc' dir='ltr'>φίλοι</span> <span class='ocrx_word' id='word_1_24' title='bbox 3716 377 3864 439; x_wconf 72' lang='grc' dir='ltr'>ὄντες</span> 
     </span>
    </p>
   </div>
   <div class='ocr_carea' id='block_1_5' title="bbox 554 476 2130 552">
    <p class='ocr_par' dir='ltr' id='par_1_5' title="bbox 554 476 2130 552">
     <span class='ocr_line' id='line_1_5' title="bbox 554 476 2130 552; baseline -0.004 -13"><span class='ocrx_word' id='word_1_25' title='bbox 554 486 661 541; x_wconf 79' lang='grc' dir='ltr'>,τοῦ</span> <span class='ocrx_word' id='word_1_26' title='bbox 692 483 901 552; x_wconf 79' lang='grc' dir='ltr'>πατρὸς</span> <span class='ocrx_word' id='word_1_27' title='bbox 932 478 1227 551; x_wconf 84' lang='grc' dir='ltr'>προστάξει</span> <span class='ocrx_word' id='word_1_28' title='bbox 1278 477 1375 531; x_wconf 82' lang='grc' dir='ltr'>τοῦ</span> <span class='ocrx_word' id='word_1_29' title='bbox 1432 477 1698 548; x_wconf 74' lang='grc' dir='ltr'>βασιλέως</span> <span class='ocrx_word' id='word_1_30' title='bbox 1724 476 2011 542; x_wconf 77' lang='grc' dir='ltr'><strong>διεδέξατο,</strong></span> <span class='ocrx_word' id='word_1_31' title='bbox 2042 480 2130 533; x_wconf 82' lang='grc' dir='ltr'><strong>διὰ</strong></span> 
     </span>
    </p>
   </div>
   <div class='ocr_carea' id='block_1_6' title="bbox 568 569 2130 647">
    <p class='ocr_par' dir='ltr' id='par_1_6' title="bbox 568 569 2130 647">
     <span class='ocr_line' id='line_1_6' title="bbox 568 569 2130 647; baseline -0.006 -17"><span class='ocrx_word' id='word_1_32' title='bbox 568 575 626 630; x_wconf 75' lang='grc' dir='ltr'>δὲ</span> <span class='ocrx_word' id='word_1_33' title='bbox 659 576 720 629; x_wconf 82' lang='grc' dir='ltr'>τὸ</span> <span class='ocrx_word' id='word_1_34' title='bbox 755 576 962 643; x_wconf 85' lang='grc' dir='ltr'>μάκρος</span> <span class='ocrx_word' id='word_1_35' title='bbox 1016 570 1112 624; x_wconf 83' lang='grc' dir='ltr'>τοῦ</span> <span class='ocrx_word' id='word_1_36' title='bbox 1164 570 1357 639; x_wconf 83' lang='grc' dir='ltr'>χρόνου</span> <span class='ocrx_word' id='word_1_37' title='bbox 1407 570 1661 639; x_wconf 81' lang='grc' dir='ltr'>ἀφορμὴν</span> <span class='ocrx_word' id='word_1_38' title='bbox 1713 569 1891 647; x_wconf 57' lang='lat' dir='ltr'><strong>et;va</strong></span> <span class='ocrx_word' id='word_1_39' title='bbox 1942 586 2130 639; x_wconf 86' lang='grc' dir='ltr'>περιε-</span> 
     </span>
    </p>
   </div>
   <div class='ocr_carea' id='block_1_7' title="bbox 569 660 2129 731">
    <p class='ocr_par' dir='ltr' id='par_1_7' title="bbox 569 660 2129 731">
     <span class='ocr_line' id='line_1_7' title="bbox 569 660 2129 731; baseline -0.004 -10"><span class='ocrx_word' id='word_1_40' title='bbox 569 668 776 720; x_wconf 81' lang='grc' dir='ltr'>ποιεῖτο</span> <span class='ocrx_word' id='word_1_41' title='bbox 818 663 878 715; x_wconf 85' lang='grc' dir='ltr'>τὸ</span> <span class='ocrx_word' id='word_1_42' title='bbox 922 662 1058 716; x_wconf 80' lang='grc' dir='ltr'>ἄστυ</span> <span class='ocrx_word' id='word_1_43' title='bbox 1090 662 1165 723; x_wconf 86' lang='grc' dir='ltr'>ὡς</span> <span class='ocrx_word' id='word_1_44' title='bbox 1191 662 1378 731; x_wconf 84' lang='grc' dir='ltr'>κτῆμα</span> <span class='ocrx_word' id='word_1_45' title='bbox 1409 660 1565 713; x_wconf 75' lang='grc' dir='ltr'>ἴδιον.</span> <span class='ocrx_word' id='word_1_46' title='bbox 1613 660 1883 714; x_wconf 85' lang='grc' dir='ltr'>Ἐνεκάλει</span> <span class='ocrx_word' id='word_1_47' title='bbox 1915 662 2004 714; x_wconf 82' lang='grc' dir='ltr'>τὸν</span> <span class='ocrx_word' id='word_1_48' title='bbox 2034 661 2129 715; x_wconf 84' lang='grc' dir='ltr'><strong>τοῦ</strong></span> 
     </span>
    </p>
   </div>
   <div class='ocr_carea' id='block_1_8' title="bbox 569 741 2131 827">
    <p class='ocr_par' dir='ltr' id='par_1_8' title="bbox 569 741 2131 827">
     <span class='ocr_line' id='line_1_8' title="bbox 569 741 2131 827; baseline -0.003 -18"><span class='ocrx_word' id='word_1_49' title='bbox 569 755 833 827; x_wconf 84' lang='grc' dir='ltr'>βασιλέως</span> <span class='ocrx_word' id='word_1_50' title='bbox 872 754 1099 822; x_wconf 78' lang='grc' dir='ltr'>ἀδελφὸν</span> <span class='ocrx_word' id='word_1_51' title='bbox 1133 752 1271 821; x_wconf 74' lang='grc' dir='ltr'>πρὸς</span> <span class='ocrx_word' id='word_1_52' title='bbox 1306 752 1397 805; x_wconf 78' lang='grc' dir='ltr'>τὸν</span> <span class='ocrx_word' id='word_1_53' title='bbox 1434 741 1679 823; x_wconf 76' lang='grc' dir='ltr'>ἀμηρᾶν,</span> <span class='ocrx_word' id='word_1_54' title='bbox 1709 751 2013 805; x_wconf 83' lang='grc' dir='ltr'>ἀδικεῖσθαι</span> <span class='ocrx_word' id='word_1_55' title='bbox 2041 752 2131 805; x_wconf 87' lang='grc' dir='ltr'>λέ-</span> 
     </span>
    </p>
   </div>
   <div class='ocr_carea' id='block_1_9' title="bbox 568 843 2132 915">
    <p class='ocr_par' dir='ltr' id='par_1_9' title="bbox 568 843 2132 915">
     <span class='ocr_line' id='line_1_9' title="bbox 568 843 2132 915; baseline -0.003 -14"><span class='ocrx_word' id='word_1_56' title='bbox 568 865 682 914; x_wconf 83' lang='grc' dir='ltr'><strong>γων</strong></span> <span class='ocrx_word' id='word_1_57' title='bbox 715 846 809 900; x_wconf 81' lang='grc' dir='ltr'>ὐπ’</span> <span class='ocrx_word' id='word_1_58' title='bbox 833 845 1022 911; x_wconf 81' lang='grc' dir='ltr'>αὐτοῦ,</span> <span class='ocrx_word' id='word_1_59' title='bbox 1055 845 1149 898; x_wconf 67' lang='grc' dir='ltr'>καὶ</span> <span class='ocrx_word' id='word_1_60' title='bbox 1170 846 1271 913; x_wconf 81' lang='grc' dir='ltr'>τὴν</span> <span class='ocrx_word' id='word_1_61' title='bbox 1294 843 1683 914; x_wconf 82' lang='grc' dir='ltr'>Μονεμϐασίαν</span> <span class='ocrx_word' id='word_1_62' title='bbox 1709 844 1773 897; x_wconf 84' lang='grc' dir='ltr'><strong>ἐκ</strong></span> <span class='ocrx_word' id='word_1_63' title='bbox 1796 844 1906 897; x_wconf 92' lang='grc' dir='ltr'><strong>τῶν</strong></span> <span class='ocrx_word' id='word_1_64' title='bbox 1933 845 2132 915; x_wconf 88' lang='grc' dir='ltr'>χειρῶν</span> 
     </span>
    </p>
   </div>
   <div class='ocr_carea' id='block_1_10' title="bbox 570 933 2133 1004">
    <p class='ocr_par' dir='ltr' id='par_1_10' title="bbox 570 933 2133 1004">
     <span class='ocr_line' id='line_1_10' title="bbox 570 933 2133 1004; baseline -0.003 -13"><span class='ocrx_word' id='word_1_65' title='bbox 570 935 737 991; x_wconf 82' lang='grc' dir='ltr'>αὐτοῦ</span> <span class='ocrx_word' id='word_1_66' title='bbox 788 935 1127 998; x_wconf 88' lang='grc' dir='ltr'>δυναστικῶς</span> <span class='ocrx_word' id='word_1_67' title='bbox 1176 933 1418 1001; x_wconf 80' lang='grc' dir='ltr'>ἐξέλαϐε,</span> <span class='ocrx_word' id='word_1_68' title='bbox 1454 934 1549 987; x_wconf 76' lang='grc' dir='ltr'><strong>καὶ</strong></span> <span class='ocrx_word' id='word_1_69' title='bbox 1606 934 1741 1004; x_wconf 82' lang='grc' dir='ltr'>μετὰ</span> <span class='ocrx_word' id='word_1_70' title='bbox 1798 934 2007 1003; x_wconf 84' lang='grc' dir='ltr'>ὖϐρεως</span> <span class='ocrx_word' id='word_1_71' title='bbox 2039 934 2133 987; x_wconf 81' lang='grc' dir='ltr'>καὶ</span> 
     </span>
    </p>
   </div>
   <div class='ocr_carea' id='block_1_11' title="bbox 569 1024 2131 1098">
    <p class='ocr_par' dir='ltr' id='par_1_11' title="bbox 569 1024 2131 1098">
     <span class='ocr_line' id='line_1_11' title="bbox 569 1024 2131 1098; baseline -0.001 -17"><span class='ocrx_word' id='word_1_72' title='bbox 569 1028 795 1098; x_wconf 80' lang='grc' dir='ltr'><strong>ἀτιμίας</strong></span> <span class='ocrx_word' id='word_1_73' title='bbox 821 1027 919 1081; x_wconf 77' lang='grc' dir='ltr'>καὶ</span> <span class='ocrx_word' id='word_1_74' title='bbox 947 1026 1212 1096; x_wconf 75' lang='grc' dir='ltr'><strong>αἰσχύνης</strong></span> <span class='ocrx_word' id='word_1_75' title='bbox 1241 1026 1307 1078; x_wconf 81' lang='grc' dir='ltr'><strong>ἐκ</strong></span> <span class='ocrx_word' id='word_1_76' title='bbox 1354 1024 1464 1082; x_wconf 85' lang='grc' dir='ltr'><strong>τῶν</strong></span> <span class='ocrx_word' id='word_1_77' title='bbox 1497 1025 1708 1079; x_wconf 79' lang='grc' dir='ltr'>ἐκεῖθεν</span> <span class='ocrx_word' id='word_1_78' title='bbox 1743 1025 1950 1092; x_wconf 80' lang='grc' dir='ltr'>ἐδίωξε.</span> <span class='ocrx_word' id='word_1_79' title='bbox 1986 1026 2046 1079; x_wconf 89' lang='lat'><strong>&#39;0</strong></span> <span class='ocrx_word' id='word_1_80' title='bbox 2075 1026 2131 1080; x_wconf 86' lang='grc' dir='ltr'>δὲ</span> 
     </span>
    </p>
   </div>
   <div class='ocr_carea' id='block_1_12' title="bbox 567 1111 2129 1189">
    <p class='ocr_par' dir='ltr' id='par_1_12' title="bbox 567 1111 2129 1189">
     <span class='ocr_line' id='line_1_12' title="bbox 567 1111 2129 1189; baseline -0.001 -17"><span class='ocrx_word' id='word_1_81' title='bbox 567 1119 856 1187; x_wconf 82' lang='grc' dir='ltr'>Μαμωνᾶς</span> <span class='ocrx_word' id='word_1_82' title='bbox 909 1111 1063 1180; x_wconf 70' lang='grc' dir='ltr'>οὗτος</span> <span class='ocrx_word' id='word_1_83' title='bbox 1098 1116 1375 1187; x_wconf 85' lang='grc' dir='ltr'>γνώριμος</span> <span class='ocrx_word' id='word_1_84' title='bbox 1404 1112 1474 1187; x_wconf 75' lang='grc' dir='ltr'>ἦν</span> <span class='ocrx_word' id='word_1_85' title='bbox 1504 1118 1566 1169; x_wconf 87' lang='grc' dir='ltr'><strong>ἐκ</strong></span> <span class='ocrx_word' id='word_1_86' title='bbox 1596 1116 1791 1169; x_wconf 84' lang='grc' dir='ltr'>πολλοῦ</span> <span class='ocrx_word' id='word_1_87' title='bbox 1816 1116 1893 1186; x_wconf 83' lang='grc' dir='ltr'><strong>τῷ</strong></span> <span class='ocrx_word' id='word_1_88' title='bbox 1919 1118 2129 1189; x_wconf 79' lang='grc' dir='ltr'>ἀμηρᾷ.</span> 
     </span>
    </p>
   </div>
   <div class='ocr_carea' id='block_1_13' title="bbox 568 1205 2133 1279">
    <p class='ocr_par' dir='ltr' id='par_1_13' title="bbox 568 1205 2133 1279">
     <span class='ocr_line' id='line_1_13' title="bbox 568 1205 2133 1279; baseline 0 -17"><span class='ocrx_word' id='word_1_89' title='bbox 568 1205 846 1279; x_wconf 62' lang='grc' dir='ltr'>Λυπῖιθεὶς</span> <span class='ocrx_word' id='word_1_90' title='bbox 871 1207 964 1261; x_wconf 76' lang='grc' dir='ltr'>οὖν</span> <span class='ocrx_word' id='word_1_91' title='bbox 997 1209 1137 1278; x_wconf 84' lang='grc' dir='ltr'><strong>μετά</strong></span> <span class='ocrx_word' id='word_1_92' title='bbox 1182 1206 1359 1277; x_wconf 83' lang='grc' dir='ltr'>θυμοῦ</span> <span class='ocrx_word' id='word_1_93' title='bbox 1390 1209 1417 1259; x_wconf 95' lang='lat'><strong>6</strong></span> <span class='ocrx_word' id='word_1_94' title='bbox 1444 1207 1665 1277; x_wconf 77' lang='grc' dir='ltr'>ἀμηρᾶς</span> <span class='ocrx_word' id='word_1_95' title='bbox 1700 1210 1948 1278; x_wconf 82' lang='grc' dir='ltr'><strong>μηνύσας</strong></span> <span class='ocrx_word' id='word_1_96' title='bbox 1978 1205 2133 1262; x_wconf 76' lang='grc' dir='ltr'>εἶπεν</span> 
     </span>
    </p>
   </div>
   <div class='ocr_carea' id='block_1_14' title="bbox 567 1300 2129 1374">
    <p class='ocr_par' dir='ltr' id='par_1_14' title="bbox 567 1300 2129 1374">
     <span class='ocr_line' id='line_1_14' title="bbox 567 1300 2129 1374; baseline -0.003 -15"><span class='ocrx_word' id='word_1_97' title='bbox 567 1304 644 1373; x_wconf 80' lang='grc' dir='ltr'>τῷ</span> <span class='ocrx_word' id='word_1_98' title='bbox 676 1304 890 1374; x_wconf 80' lang='grc' dir='ltr'>βασιλεῖ</span> <span class='ocrx_word' id='word_1_99' title='bbox 913 1303 1086 1365; x_wconf 77' lang='grc' dir='ltr'>οὕτως</span> <span class='ocrx_word' id='word_1_100' title='bbox 1118 1303 1201 1355; x_wconf 85' lang='grc' dir='ltr'>ὅτι</span> <span class='ocrx_word' id='word_1_101' title='bbox 1242 1320 1262 1354; x_wconf 74' lang='grc' dir='ltr'><strong>ι</strong></span> <span class='ocrx_word' id='word_1_102' title='bbox 1304 1302 1407 1354; x_wconf 87' lang='grc' dir='ltr'><strong>οὐκ</strong></span> <span class='ocrx_word' id='word_1_103' title='bbox 1452 1303 1613 1371; x_wconf 85' lang='grc' dir='ltr'>ἀρκεῖ</span> <span class='ocrx_word' id='word_1_104' title='bbox 1646 1302 1774 1372; x_wconf 82' lang='grc' dir='ltr'>ὑμῖν</span> <span class='ocrx_word' id='word_1_105' title='bbox 1805 1300 2129 1371; x_wconf 75' lang='grc' dir='ltr'><strong>εἰρηνεύειν,</strong></span> 
     </span>
    </p>
   </div>
   <div class='ocr_carea' id='block_1_15' title="bbox 567 1391 2132 1462">
    <p class='ocr_par' dir='ltr' id='par_1_15' title="bbox 567 1391 2132 1462">
     <span class='ocr_line' id='line_1_15' title="bbox 567 1391 2132 1462; baseline -0.004 -13"><span class='ocrx_word' id='word_1_106' title='bbox 567 1395 706 1449; x_wconf 88' lang='grc' dir='ltr'><strong>ἀλλά</strong></span> <span class='ocrx_word' id='word_1_107' title='bbox 751 1394 926 1458; x_wconf 78' lang='grc' dir='ltr'>οὕτως</span> <span class='ocrx_word' id='word_1_108' title='bbox 971 1394 1158 1448; x_wconf 79' lang='grc' dir='ltr'>θέλετε</span> <span class='ocrx_word' id='word_1_109' title='bbox 1209 1393 1474 1462; x_wconf 80' lang='grc' dir='ltr'>πράττειν</span> <span class='ocrx_word' id='word_1_110' title='bbox 1507 1394 1646 1447; x_wconf 86' lang='grc' dir='ltr'><strong>κατά</strong></span> <span class='ocrx_word' id='word_1_111' title='bbox 1680 1392 1787 1444; x_wconf 90' lang='grc' dir='ltr'><strong>τῶν</strong></span> <span class='ocrx_word' id='word_1_112' title='bbox 1818 1392 1965 1460; x_wconf 90' lang='grc' dir='ltr'>ἐμῶν</span> <span class='ocrx_word' id='word_1_113' title='bbox 1999 1391 2132 1444; x_wconf 85' lang='grc' dir='ltr'>ὑπο-</span> 
     </span>
    </p>
   </div>
   <div class='ocr_carea' id='block_1_16' title="bbox 570 1483 2131 1557">
    <p class='ocr_par' dir='ltr' id='par_1_16' title="bbox 570 1483 2131 1557">
     <span class='ocr_line' id='line_1_16' title="bbox 570 1483 2131 1557; baseline -0.002 -17"><span class='ocrx_word' id='word_1_114' title='bbox 570 1487 796 1557; x_wconf 87' lang='grc' dir='ltr'>χειρίων</span> <span class='ocrx_word' id='word_1_115' title='bbox 824 1503 840 1552; x_wconf 88' lang='lat'><strong>;</strong></span> <span class='ocrx_word' id='word_1_116' title='bbox 870 1485 980 1555; x_wconf 72' lang='grc' dir='ltr'>ἐγὼ</span> <span class='ocrx_word' id='word_1_117' title='bbox 1006 1487 1117 1555; x_wconf 88' lang='grc' dir='ltr'>γὰρ</span> <span class='ocrx_word' id='word_1_118' title='bbox 1148 1483 1336 1555; x_wconf 82' lang='grc' dir='ltr'>ὀμνύω</span> <span class='ocrx_word' id='word_1_119' title='bbox 1366 1501 1450 1537; x_wconf 90' lang='grc' dir='ltr'><strong>σοι</strong></span> <span class='ocrx_word' id='word_1_120' title='bbox 1475 1486 1557 1547; x_wconf 84' lang='grc' dir='ltr'><strong>εἰς</strong></span> <span class='ocrx_word' id='word_1_121' title='bbox 1583 1484 1676 1538; x_wconf 81' lang='grc' dir='ltr'><strong>τὸν</strong></span> <span class='ocrx_word' id='word_1_122' title='bbox 1716 1483 1872 1550; x_wconf 79' lang='grc' dir='ltr'>Θεὸν,</span> <span class='ocrx_word' id='word_1_123' title='bbox 1906 1483 2131 1537; x_wconf 81' lang='grc' dir='ltr'>παιδεῦ-</span> 
     </span>
    </p>
   </div>
   <div class='ocr_carea' id='block_1_17' title="bbox 571 1574 2131 1648">
    <p class='ocr_par' dir='ltr' id='par_1_17' title="bbox 571 1574 2131 1648">
     <span class='ocr_line' id='line_1_17' title="bbox 571 1574 2131 1648; baseline -0.003 -17"><span class='ocrx_word' id='word_1_124' title='bbox 571 1595 661 1632; x_wconf 92' lang='grc' dir='ltr'><strong>σαι</strong></span> <span class='ocrx_word' id='word_1_125' title='bbox 688 1577 796 1648; x_wconf 73' lang='grc' dir='ltr'>ἔχω</span> <span class='ocrx_word' id='word_1_126' title='bbox 824 1575 947 1641; x_wconf 82' lang='grc' dir='ltr'><strong>τούς</strong></span> <span class='ocrx_word' id='word_1_127' title='bbox 972 1579 1041 1630; x_wconf 87' lang='grc' dir='ltr'><strong>τά</strong></span> <span class='ocrx_word' id='word_1_128' title='bbox 1071 1576 1299 1643; x_wconf 82' lang='grc' dir='ltr'>τοιαῦτα</span> <span class='ocrx_word' id='word_1_129' title='bbox 1333 1575 1671 1646; x_wconf 90' lang='grc' dir='ltr'>τολμῶντας.</span> <span class='ocrx_word' id='word_1_130' title='bbox 1713 1593 1732 1626; x_wconf 75' lang='grc' dir='ltr'><strong>ι</strong></span> <span class='ocrx_word' id='word_1_131' title='bbox 1773 1575 1886 1629; x_wconf 78' lang='grc' dir='ltr'><strong>Καὶ</strong></span> <span class='ocrx_word' id='word_1_132' title='bbox 1911 1574 2131 1643; x_wconf 81' lang='grc' dir='ltr'>ἐτέρους</span> 
     </span>
    </p>
   </div>
   <div class='ocr_carea' id='block_1_18' title="bbox 573 1664 2133 1739">
    <p class='ocr_par' dir='ltr' id='par_1_18' title="bbox 573 1664 2133 1739">
     <span class='ocr_line' id='line_1_18' title="bbox 573 1664 2133 1739; baseline -0.002 -20"><span class='ocrx_word' id='word_1_133' title='bbox 573 1670 767 1738; x_wconf 78' lang='grc' dir='ltr'>λόγους</span> <span class='ocrx_word' id='word_1_134' title='bbox 804 1668 1076 1739; x_wconf 84' lang='grc' dir='ltr'>σκληροὺς</span> <span class='ocrx_word' id='word_1_135' title='bbox 1106 1667 1276 1735; x_wconf 75' lang='grc' dir='ltr'>ἔφησε</span> <span class='ocrx_word' id='word_1_136' title='bbox 1309 1666 1452 1719; x_wconf 83' lang='grc' dir='ltr'>κατὰ</span> <span class='ocrx_word' id='word_1_137' title='bbox 1482 1666 1577 1718; x_wconf 81' lang='grc' dir='ltr'><strong>τοῦ</strong></span> <span class='ocrx_word' id='word_1_138' title='bbox 1623 1664 1885 1736; x_wconf 80' lang='grc' dir='ltr'>βασιλέως</span> <span class='ocrx_word' id='word_1_139' title='bbox 1910 1664 2133 1717; x_wconf 78' lang='grc' dir='ltr'>καὶτῶν</span> 
     </span>
    </p>
   </div>
   <div class='ocr_carea' id='block_1_19' title="bbox 2233 469 3868 548">
    <p class='ocr_par' dir='ltr' id='par_1_19' title="bbox 2233 469 3868 548">
     <span class='ocr_line' id='line_1_19' title="bbox 2233 469 3868 548; baseline -0.006 -18"><span class='ocrx_word' id='word_1_140' title='bbox 2233 480 2289 532; x_wconf 82' lang='grc' dir='ltr'><strong>έν</strong></span> <span class='ocrx_word' id='word_1_141' title='bbox 2318 480 2383 548; x_wconf 85' lang='grc' dir='ltr'><strong>τῇ</strong></span> <span class='ocrx_word' id='word_1_142' title='bbox 2437 477 2746 546; x_wconf 80' lang='grc' dir='ltr'>Βουλγαρίᾳ</span> <span class='ocrx_word' id='word_1_143' title='bbox 2793 474 3075 527; x_wconf 85' lang='grc' dir='ltr'>ἐπιϐαλεῖν</span> <span class='ocrx_word' id='word_1_144' title='bbox 3108 476 3268 543; x_wconf 83' lang='grc' dir='ltr'>χεῖρα</span> <span class='ocrx_word' id='word_1_145' title='bbox 3315 474 3430 525; x_wconf 74' lang='grc' dir='ltr'><strong>τὸν</strong></span> <span class='ocrx_word' id='word_1_146' title='bbox 3470 469 3760 540; x_wconf 84' lang='grc' dir='ltr'>ἀμηρᾶν,</span> <span class='ocrx_word' id='word_1_147' title='bbox 3791 471 3868 521; x_wconf 78' lang='grc' dir='ltr'>ὅτι</span> 
     </span>
    </p>
   </div>
   <div class='ocr_carea' id='block_1_20' title="bbox 2233 550 3865 641">
    <p class='ocr_par' dir='ltr' id='par_1_20' title="bbox 2233 550 3865 641">
     <span class='ocr_line' id='line_1_20' title="bbox 2233 550 3865 641; baseline -0.006 -17"><span class='ocrx_word' id='word_1_148' title='bbox 2233 571 2376 624; x_wconf 81' lang='grc' dir='ltr'>κατὰ</span> <span class='ocrx_word' id='word_1_149' title='bbox 2405 570 2465 623; x_wconf 83' lang='grc' dir='ltr'>τὸ</span> <span class='ocrx_word' id='word_1_150' title='bbox 2500 570 2798 641; x_wconf 80' lang='grc' dir='ltr'>προνόμιον</span> <span class='ocrx_word' id='word_1_151' title='bbox 2844 572 2942 637; x_wconf 83' lang='grc' dir='ltr'>τῆς</span> <span class='ocrx_word' id='word_1_152' title='bbox 2977 567 3255 638; x_wconf 79' lang='grc' dir='ltr'>βασιλείας</span> <span class='ocrx_word' id='word_1_153' title='bbox 3284 564 3485 625; x_wconf 82' lang='grc' dir='ltr'>αὐτοῦ</span> <span class='ocrx_word' id='word_1_154' title='bbox 3521 566 3555 617; x_wconf 92' lang='lat'><strong>6</strong></span> <span class='ocrx_word' id='word_1_155' title='bbox 3612 550 3865 626; x_wconf 74' lang='grc' dir='ltr'>τοιοῦτος</span> 
     </span>
    </p>
   </div>
   <div class='ocr_carea' id='block_1_21' title="bbox 2232 655 3865 727">
    <p class='ocr_par' dir='ltr' id='par_1_21' title="bbox 2232 655 3865 727">
     <span class='ocr_line' id='line_1_21' title="bbox 2232 655 3865 727; baseline -0.006 -12"><span class='ocrx_word' id='word_1_156' title='bbox 2232 662 2397 726; x_wconf 86' lang='grc' dir='ltr'>τόπος</span> <span class='ocrx_word' id='word_1_157' title='bbox 2431 664 2600 716; x_wconf 81' lang='grc' dir='ltr'>ἐστίν.</span> <span class='ocrx_word' id='word_1_158' title='bbox 2658 660 2932 721; x_wconf 77' lang='grc' dir='ltr'>Ἐλθὸντος</span> <span class='ocrx_word' id='word_1_159' title='bbox 2975 660 3031 713; x_wconf 81' lang='grc' dir='ltr'>δὲ</span> <span class='ocrx_word' id='word_1_160' title='bbox 3060 659 3152 712; x_wconf 83' lang='grc' dir='ltr'><strong>τοῦ</strong></span> <span class='ocrx_word' id='word_1_161' title='bbox 3182 658 3506 727; x_wconf 83' lang='grc' dir='ltr'>πρέσϐεως</span> <span class='ocrx_word' id='word_1_162' title='bbox 3542 656 3653 708; x_wconf 75' lang='grc' dir='ltr'>καὶ</span> <span class='ocrx_word' id='word_1_163' title='bbox 3689 655 3865 707; x_wconf 80' lang='grc' dir='ltr'>ταῦτα</span> 
     </span>
    </p>
   </div>
   <div class='ocr_carea' id='block_1_22' title="bbox 2233 750 3863 823">
    <p class='ocr_par' dir='ltr' id='par_1_22' title="bbox 2233 750 3863 823">
     <span class='ocr_line' id='line_1_22' title="bbox 2233 750 3863 823; baseline -0.006 -14"><span class='ocrx_word' id='word_1_164' title='bbox 2233 755 2478 818; x_wconf 81' lang='grc' dir='ltr'>εἰπόντος</span> <span class='ocrx_word' id='word_1_165' title='bbox 2514 754 2594 823; x_wconf 84' lang='grc' dir='ltr'>τῷ</span> <span class='ocrx_word' id='word_1_166' title='bbox 2643 753 3041 823; x_wconf 79' lang='grc' dir='ltr'>Μπαγιαζήτῃ,</span> <span class='ocrx_word' id='word_1_167' title='bbox 3084 752 3237 805; x_wconf 78' lang='grc' dir='ltr'>οὐδὲν</span> <span class='ocrx_word' id='word_1_168' title='bbox 3281 751 3510 821; x_wconf 66' lang='grc' dir='ltr'>ἕτερον</span> <span class='ocrx_word' id='word_1_169' title='bbox 3564 750 3863 819; x_wconf 75' lang='grc' dir='ltr'><strong>ἀπεκρίθη</strong></span> 
     </span>
    </p>
   </div>
   <div class='ocr_carea' id='block_1_23' title="bbox 2235 831 3865 921">
    <p class='ocr_par' dir='ltr' id='par_1_23' title="bbox 2235 831 3865 921">
     <span class='ocr_line' id='line_1_23' title="bbox 2235 831 3865 921; baseline -0.006 -19"><span class='ocrx_word' id='word_1_170' title='bbox 2235 848 2386 917; x_wconf 86' lang='grc' dir='ltr'><strong>αὐτῷ</strong></span> <span class='ocrx_word' id='word_1_171' title='bbox 2428 849 2485 921; x_wconf 25' lang='lat' dir='ltr'><strong>ei“</strong></span> <span class='ocrx_word' id='word_1_172' title='bbox 2511 831 2782 915; x_wconf 52' lang='grc' dir='ltr'>μὴ’μόνον</span> <span class='ocrx_word' id='word_1_173' title='bbox 2813 847 2877 900; x_wconf 79' lang='grc' dir='ltr'><strong>ἐκ</strong></span> <span class='ocrx_word' id='word_1_174' title='bbox 2924 848 3022 917; x_wconf 79' lang='grc' dir='ltr'>τῆς</span> <span class='ocrx_word' id='word_1_175' title='bbox 3053 846 3236 916; x_wconf 72' lang='grc' dir='ltr'>χειρὸς</span> <span class='ocrx_word' id='word_1_176' title='bbox 3270 843 3669 916; x_wconf 81' lang='grc' dir='ltr'>παραλαϐὼν</span> <span class='ocrx_word' id='word_1_177' title='bbox 3704 843 3865 894; x_wconf 67' lang='grc' dir='ltr'>αὐτον</span> 
     </span>
    </p>
   </div>
   <div class='ocr_carea' id='block_1_24' title="bbox 2235 933 3865 1006">
    <p class='ocr_par' dir='ltr' id='par_1_24' title="bbox 2235 933 3865 1006">
     <span class='ocr_line' id='line_1_24' title="bbox 2235 933 3865 1006; baseline -0.002 -17"><span class='ocrx_word' id='word_1_178' title='bbox 2235 937 2439 1001; x_wconf 72' lang='grc' dir='ltr'>ἔδειξεν</span> <span class='ocrx_word' id='word_1_179' title='bbox 2487 933 2635 993; x_wconf 77' lang='grc' dir='ltr'>οἶκόν</span> <span class='ocrx_word' id='word_1_180' title='bbox 2688 954 2812 990; x_wconf 87' lang='grc' dir='ltr'>τινα</span> <span class='ocrx_word' id='word_1_181' title='bbox 2848 936 3025 1005; x_wconf 83' lang='grc' dir='ltr'>τούτῳ</span> <span class='ocrx_word' id='word_1_182' title='bbox 3078 936 3251 1006; x_wconf 86' lang='grc' dir='ltr'>μέγαν</span> <span class='ocrx_word' id='word_1_183' title='bbox 3297 936 3597 1006; x_wconf 79' lang='grc' dir='ltr'>γέμοντα</span> <span class='ocrx_word' id='word_1_184' title='bbox 3653 933 3865 987; x_wconf 79' lang='grc' dir='ltr'>ἔσωθεν</span> 
     </span>
    </p>
   </div>
   <div class='ocr_carea' id='block_1_25' title="bbox 2235 1027 3864 1100">
    <p class='ocr_par' dir='ltr' id='par_1_25' title="bbox 2235 1027 3864 1100">
     <span class='ocr_line' id='line_1_25' title="bbox 2235 1027 3864 1100; baseline -0.005 -15"><span class='ocrx_word' id='word_1_185' title='bbox 2235 1029 2342 1085; x_wconf 80' lang='grc' dir='ltr'>ἀπὸ</span> <span class='ocrx_word' id='word_1_186' title='bbox 2375 1028 2645 1083; x_wconf 81' lang='grc' dir='ltr'>παντοίων</span> <span class='ocrx_word' id='word_1_187' title='bbox 2664 1029 2923 1099; x_wconf 70' lang='grc' dir='ltr'>’ὁργάνων</span> <span class='ocrx_word' id='word_1_188' title='bbox 2946 1028 3275 1098; x_wconf 83' lang='grc' dir='ltr'>πολεμικῶν,</span> <span class='ocrx_word' id='word_1_189' title='bbox 3299 1027 3646 1100; x_wconf 79' lang='grc' dir='ltr'>ῥομφαίων</span> <span class='ocrx_word' id='word_1_190' title='bbox 3675 1043 3742 1079; x_wconf 86' lang='grc' dir='ltr'><strong>τε</strong></span> <span class='ocrx_word' id='word_1_191' title='bbox 3774 1028 3864 1079; x_wconf 80' lang='grc' dir='ltr'>καὶ</span> 
     </span>
    </p>
   </div>
   <div class='ocr_carea' id='block_1_26' title="bbox 2237 1115 3863 1188">
    <p class='ocr_par' dir='ltr' id='par_1_26' title="bbox 2237 1115 3863 1188">
     <span class='ocr_line' id='line_1_26' title="bbox 2237 1115 3863 1188; baseline -0.001 -18"><span class='ocrx_word' id='word_1_192' title='bbox 2237 1118 2429 1187; x_wconf 82' lang='grc' dir='ltr'>ξίφων,</span> <span class='ocrx_word' id='word_1_193' title='bbox 2460 1117 2496 1172; x_wconf 77' lang='grc' dir='ltr'>ἃ</span> <span class='ocrx_word' id='word_1_194' title='bbox 2536 1117 2716 1181; x_wconf 89' lang='grc' dir='ltr'>καλῶς</span> <span class='ocrx_word' id='word_1_195' title='bbox 2757 1117 3143 1188; x_wconf 82' lang='grc' dir='ltr'>ἡτοιμασμένα</span> <span class='ocrx_word' id='word_1_196' title='bbox 3175 1118 3269 1170; x_wconf 72' lang='grc' dir='ltr'><strong>καὶ</strong></span> <span class='ocrx_word' id='word_1_197' title='bbox 3300 1115 3863 1187; x_wconf 76' lang='grc' dir='ltr'>παρεσκευασμένα</span> 
     </span>
    </p>
   </div>
   <div class='ocr_carea' id='block_1_27' title="bbox 2235 1205 3862 1283">
    <p class='ocr_par' dir='ltr' id='par_1_27' title="bbox 2235 1205 3862 1283">
     <span class='ocr_line' id='line_1_27' title="bbox 2235 1205 3862 1283; baseline -0.003 -18"><span class='ocrx_word' id='word_1_198' title='bbox 2235 1213 2500 1282; x_wconf 81' lang='grc' dir='ltr'>ὑπῆρχον.</span> <span class='ocrx_word' id='word_1_199' title='bbox 2534 1205 2667 1265; x_wconf 75' lang='grc' dir='ltr'>Εἶτα</span> <span class='ocrx_word' id='word_1_200' title='bbox 2699 1213 2846 1280; x_wconf 83' lang='grc' dir='ltr'>λέγει</span> <span class='ocrx_word' id='word_1_201' title='bbox 2874 1211 2955 1280; x_wconf 83' lang='grc' dir='ltr'><strong>τῷ</strong></span> <span class='ocrx_word' id='word_1_202' title='bbox 2985 1212 3210 1283; x_wconf 79' lang='grc' dir='ltr'>πρέσϐει</span> <span class='ocrx_word' id='word_1_203' title='bbox 3237 1225 3253 1242; x_wconf 84' lang='lat'><strong><em>°</em></strong></span> <span class='ocrx_word' id='word_1_204' title='bbox 3294 1211 3533 1276; x_wconf 74' lang='grc' dir='ltr'>«Λέξον</span> <span class='ocrx_word' id='word_1_205' title='bbox 3562 1210 3763 1263; x_wconf 79' lang='grc' dir='ltr'>ταῦτα</span> <span class='ocrx_word' id='word_1_206' title='bbox 3789 1211 3862 1278; x_wconf 81' lang='grc' dir='ltr'>τῷ</span> 
     </span>
    </p>
   </div>
   <div class='ocr_carea' id='block_1_28' title="bbox 2235 1301 3860 1372">
    <p class='ocr_par' dir='ltr' id='par_1_28' title="bbox 2235 1301 3860 1372">
     <span class='ocr_line' id='line_1_28' title="bbox 2235 1301 3860 1372; baseline 0.001 -18"><span class='ocrx_word' id='word_1_207' title='bbox 2235 1301 2467 1371; x_wconf 79' lang='grc' dir='ltr'><strong>αὐθέντῃ</strong></span> <span class='ocrx_word' id='word_1_208' title='bbox 2504 1318 2598 1355; x_wconf 86' lang='grc' dir='ltr'><strong>σου</strong></span> <span class='ocrx_word' id='word_1_209' title='bbox 2626 1301 2701 1370; x_wconf 84' lang='grc' dir='ltr'>τῷ</span> <span class='ocrx_word' id='word_1_210' title='bbox 2747 1301 2981 1370; x_wconf 82' lang='grc' dir='ltr'>βασιλεῖ,</span> <span class='ocrx_word' id='word_1_211' title='bbox 3014 1303 3097 1356; x_wconf 84' lang='grc' dir='ltr'>ὅτι</span> <span class='ocrx_word' id='word_1_212' title='bbox 3124 1303 3190 1354; x_wconf 83' lang='grc' dir='ltr'><strong>τδ</strong></span> <span class='ocrx_word' id='word_1_213' title='bbox 3222 1302 3357 1372; x_wconf 77' lang='grc' dir='ltr'>ἐμὸν</span> <span class='ocrx_word' id='word_1_214' title='bbox 3382 1303 3677 1362; x_wconf 85' lang='grc' dir='ltr'>δίκαιον.</span> <span class='ocrx_word' id='word_1_215' title='bbox 3701 1302 3734 1354; x_wconf 82' lang='grc' dir='ltr'><strong>ὃ</strong></span> <span class='ocrx_word' id='word_1_216' title='bbox 3756 1301 3860 1370; x_wconf 79' lang='grc' dir='ltr'>ἔχω</span> 
     </span>
    </p>
   </div>
   <div class='ocr_carea' id='block_1_29' title="bbox 2235 1389 3861 1460">
    <p class='ocr_par' dir='ltr' id='par_1_29' title="bbox 2235 1389 3861 1460">
     <span class='ocr_line' id='line_1_29' title="bbox 2235 1389 3861 1460; baseline 0.001 -17"><span class='ocrx_word' id='word_1_217' title='bbox 2235 1392 2293 1444; x_wconf 84' lang='grc' dir='ltr'><strong>ἐν</strong></span> <span class='ocrx_word' id='word_1_218' title='bbox 2318 1392 2383 1460; x_wconf 78' lang='grc' dir='ltr'>τῇ</span> <span class='ocrx_word' id='word_1_219' title='bbox 2416 1389 2744 1460; x_wconf 77' lang='grc' dir='ltr'>Βουλγαρία,</span> <span class='ocrx_word' id='word_1_220' title='bbox 2772 1389 2881 1460; x_wconf 81' lang='lat'><strong>59</strong></span> <span class='ocrx_word' id='word_1_221' title='bbox 2906 1390 3082 1443; x_wconf 81' lang='grc' dir='ltr'>ταῦτα</span> <span class='ocrx_word' id='word_1_222' title='bbox 3107 1393 3177 1444; x_wconf 84' lang='grc' dir='ltr'>τὰ</span> <span class='ocrx_word' id='word_1_223' title='bbox 3209 1390 3350 1444; x_wconf 85' lang='grc' dir='ltr'>ὅπλα</span> <span class='ocrx_word' id='word_1_224' title='bbox 3380 1391 3504 1445; x_wconf 79' lang='grc' dir='ltr'>καὶ</span> <span class='ocrx_word' id='word_1_225' title='bbox 3559 1391 3626 1443; x_wconf 82' lang='grc' dir='ltr'><strong>αἰ</strong></span> <span class='ocrx_word' id='word_1_226' title='bbox 3679 1408 3861 1458; x_wconf 83' lang='grc' dir='ltr'>παρα-</span> 
     </span>
    </p>
   </div>
   <div class='ocr_carea' id='block_1_30' title="bbox 2237 1477 3857 1554">
    <p class='ocr_par' dir='ltr' id='par_1_30' title="bbox 2237 1477 3857 1554">
     <span class='ocr_line' id='line_1_30' title="bbox 2237 1477 3857 1554; baseline -0.001 -18"><span class='ocrx_word' id='word_1_227' title='bbox 2237 1484 2427 1537; x_wconf 75' lang='grc' dir='ltr'>σκευαὶ</span> <span class='ocrx_word' id='word_1_228' title='bbox 2445 1481 2513 1545; x_wconf 76' lang='grc' dir='ltr'>ἃς</span> <span class='ocrx_word' id='word_1_229' title='bbox 2534 1477 2679 1545; x_wconf 80' lang='grc' dir='ltr'>εἰδας</span> <span class='ocrx_word' id='word_1_230' title='bbox 2701 1483 2859 1537; x_wconf 87' lang='grc' dir='ltr'>εἰσίν.</span> <span class='ocrx_word' id='word_1_231' title='bbox 2888 1500 2908 1534; x_wconf 76' lang='grc' dir='ltr'><strong>ι</strong></span> <span class='ocrx_word' id='word_1_232' title='bbox 2940 1483 3051 1537; x_wconf 74' lang='grc' dir='ltr'><strong>Καὶ</strong></span> <span class='ocrx_word' id='word_1_233' title='bbox 3086 1480 3182 1538; x_wconf 81' lang='grc' dir='ltr'><strong>τοῦ</strong></span> <span class='ocrx_word' id='word_1_234' title='bbox 3210 1483 3528 1554; x_wconf 83' lang='grc' dir='ltr'>πρέσϐεως</span> <span class='ocrx_word' id='word_1_235' title='bbox 3557 1483 3857 1552; x_wconf 77' lang='grc' dir='ltr'>ἀναφορὰν</span> 
     </span>
    </p>
   </div>
   <div class='ocr_carea' id='block_1_31' title="bbox 2235 1572 3854 1644">
    <p class='ocr_par' dir='ltr' id='par_1_31' title="bbox 2235 1572 3854 1644">
     <span class='ocr_line' id='line_1_31' title="bbox 2235 1572 3854 1644; baseline -0.001 -17"><span class='ocrx_word' id='word_1_236' title='bbox 2235 1574 2561 1642; x_wconf 86' lang='grc' dir='ltr'>ποιήσαντος</span> <span class='ocrx_word' id='word_1_237' title='bbox 2591 1572 2668 1642; x_wconf 85' lang='grc' dir='ltr'><strong>τῷ</strong></span> <span class='ocrx_word' id='word_1_238' title='bbox 2692 1572 2906 1642; x_wconf 74' lang='grc' dir='ltr'>βασιλεῖ</span> <span class='ocrx_word' id='word_1_239' title='bbox 2924 1573 3262 1644; x_wconf 84' lang='grc' dir='ltr'>Σιγισμόνδῳ</span> <span class='ocrx_word' id='word_1_240' title='bbox 3287 1575 3346 1627; x_wconf 91' lang='grc' dir='ltr'><strong>ἐν</strong></span> <span class='ocrx_word' id='word_1_241' title='bbox 3374 1572 3469 1643; x_wconf 83' lang='grc' dir='ltr'><strong>τῷ</strong></span> <span class='ocrx_word' id='word_1_242' title='bbox 3506 1574 3854 1626; x_wconf 81' lang='grc' dir='ltr'>ἐπανελθεῖν</span> 
     </span>
    </p>
   </div>
   <div class='ocr_carea' id='block_1_32' title="bbox 2237 1667 3851 1738">
    <p class='ocr_par' dir='ltr' id='par_1_32' title="bbox 2237 1667 3851 1738">
     <span class='ocr_line' id='line_1_32' title="bbox 2237 1667 3851 1738; baseline 0.001 -18"><span class='ocrx_word' id='word_1_243' title='bbox 2237 1668 2374 1737; x_wconf 83' lang='grc' dir='ltr'>πρὸς</span> <span class='ocrx_word' id='word_1_244' title='bbox 2408 1668 2571 1722; x_wconf 86' lang='grc' dir='ltr'>αὐτὸν</span> <span class='ocrx_word' id='word_1_245' title='bbox 2604 1670 2731 1737; x_wconf 80' lang='grc' dir='ltr'>περὶ</span> <span class='ocrx_word' id='word_1_246' title='bbox 2781 1668 3014 1734; x_wconf 86' lang='grc' dir='ltr'>τούτων,</span> <span class='ocrx_word' id='word_1_247' title='bbox 3046 1671 3075 1722; x_wconf 92' lang='lat'><strong>6</strong></span> <span class='ocrx_word' id='word_1_248' title='bbox 3107 1667 3365 1737; x_wconf 77' lang='grc' dir='ltr'>βασιλεὺς</span> <span class='ocrx_word' id='word_1_249' title='bbox 3400 1668 3698 1738; x_wconf 73' lang='grc' dir='ltr'>ἐλυπήθη</span> <span class='ocrx_word' id='word_1_250' title='bbox 3734 1668 3851 1721; x_wconf 84' lang='grc' dir='ltr'>λίαν</span> 
     </span>
    </p>
   </div>
   <div class='ocr_carea' id='block_1_33' title="bbox 569 1735 3850 1828">
    <p class='ocr_par' dir='ltr' id='par_1_33' title="bbox 569 1735 3850 1828">
     <span class='ocr_line' id='line_1_33' title="bbox 569 1735 3850 1828; baseline -0.001 -16"><span class='ocrx_word' id='word_1_251' title='bbox 569 1735 775 1828; x_wconf 81' lang='grc' dir='ltr'>ἐτέρων</span> <span class='ocrx_word' id='word_1_252' title='bbox 809 1735 1082 1811; x_wconf 78' lang='grc' dir='ltr'>αὐθεντῶν</span> <span class='ocrx_word' id='word_1_253' title='bbox 1114 1756 1481 1825; x_wconf 85' lang='grc' dir='ltr'>Χριστιανῶν,</span> <span class='ocrx_word' id='word_1_254' title='bbox 1514 1755 1623 1825; x_wconf 77' lang='lat'><strong>58</strong></span> <span class='ocrx_word' id='word_1_255' title='bbox 1652 1756 1782 1825; x_wconf 77' lang='grc' dir='ltr'>περὶ</span> <span class='ocrx_word' id='word_1_256' title='bbox 1813 1751 1887 1809; x_wconf 81' lang='grc' dir='ltr'>ὧν</span> <span class='ocrx_word' id='word_1_257' title='bbox 1912 1755 2139 1825; x_wconf 83' lang='grc' dir='ltr'>εἰρήκα-</span> <span class='ocrx_word' id='word_1_258' title='bbox 2169 1735 2211 1795; x_wconf 76' lang='grc' dir='ltr'><strong>Β</strong></span> <span class='ocrx_word' id='word_1_259' title='bbox 2238 1735 2328 1813; x_wconf 77' lang='grc' dir='ltr'><strong>διὰ</strong></span> <span class='ocrx_word' id='word_1_260' title='bbox 2376 1759 2437 1815; x_wconf 80' lang='grc' dir='ltr'>τὸ</span> <span class='ocrx_word' id='word_1_261' title='bbox 2490 1735 2722 1812; x_wconf 76' lang='grc' dir='ltr'>ἀκοῦσαι</span> <span class='ocrx_word' id='word_1_262' title='bbox 2753 1758 2858 1810; x_wconf 78' lang='grc' dir='ltr'>ὐπὸ</span> <span class='ocrx_word' id='word_1_263' title='bbox 2886 1757 2985 1811; x_wconf 85' lang='grc' dir='ltr'>τοῦ</span> <span class='ocrx_word' id='word_1_264' title='bbox 3035 1735 3316 1827; x_wconf 85' lang='grc' dir='ltr'>πρέσϐεως</span> <span class='ocrx_word' id='word_1_265' title='bbox 3346 1759 3419 1812; x_wconf 81' lang='grc' dir='ltr'><strong>τὰ</strong></span> <span class='ocrx_word' id='word_1_266' title='bbox 3458 1735 3725 1812; x_wconf 73' lang='grc' dir='ltr'>τοιαῦτα</span> <span class='ocrx_word' id='word_1_267' title='bbox 3762 1762 3850 1811; x_wconf 79' lang='grc' dir='ltr'>καὶ</span> 
     </span>
    </p>
   </div>
   <div class='ocr_carea' id='block_1_34' title="bbox 574 1844 2134 1917">
    <p class='ocr_par' dir='ltr' id='par_1_34' title="bbox 574 1844 2134 1917">
     <span class='ocr_line' id='line_1_34' title="bbox 574 1844 2134 1917; baseline -0.003 -16"><span class='ocrx_word' id='word_1_268' title='bbox 574 1866 694 1917; x_wconf 89' lang='grc' dir='ltr'>μεν.</span> <span class='ocrx_word' id='word_1_269' title='bbox 746 1849 809 1900; x_wconf 94' lang='grc' dir='ltr'>Οἰ</span> <span class='ocrx_word' id='word_1_270' title='bbox 842 1847 899 1899; x_wconf 81' lang='grc' dir='ltr'>δὲ</span> <span class='ocrx_word' id='word_1_271' title='bbox 950 1847 1287 1908; x_wconf 85' lang='grc' dir='ltr'>ἀκούσαντες</span> <span class='ocrx_word' id='word_1_272' title='bbox 1331 1845 1436 1907; x_wconf 75' lang='grc' dir='ltr'>ἕως</span> <span class='ocrx_word' id='word_1_273' title='bbox 1482 1845 1714 1913; x_wconf 85' lang='grc' dir='ltr'>καρδίας</span> <span class='ocrx_word' id='word_1_274' title='bbox 1759 1844 2134 1913; x_wconf 85' lang='grc' dir='ltr'>ἐλυπήθησαν,</span> 
     </span>
    </p>
   </div>
   <div class='ocr_carea' id='block_1_35' title="bbox 572 1934 2137 2008">
    <p class='ocr_par' dir='ltr' id='par_1_35' title="bbox 572 1934 2137 2008">
     <span class='ocr_line' id='line_1_35' title="bbox 572 1934 2137 2008; baseline -0.004 -15"><span class='ocrx_word' id='word_1_275' title='bbox 572 1942 668 1993; x_wconf 75' lang='grc' dir='ltr'>καὶ</span> <span class='ocrx_word' id='word_1_276' title='bbox 696 1940 883 1992; x_wconf 77' lang='grc' dir='ltr'><strong>ἔκτοτε</strong></span> <span class='ocrx_word' id='word_1_277' title='bbox 924 1939 1153 2008; x_wconf 84' lang='grc' dir='ltr'>ἐζήτουν</span> <span class='ocrx_word' id='word_1_278' title='bbox 1209 1936 1400 2005; x_wconf 81' lang='grc' dir='ltr'>καιρὸν</span> <span class='ocrx_word' id='word_1_279' title='bbox 1452 1936 1758 2005; x_wconf 78' lang='grc' dir='ltr'>ἐπιτήδειον</span> <span class='ocrx_word' id='word_1_280' title='bbox 1793 1936 1887 1989; x_wconf 73' lang='grc' dir='ltr'>καὶ</span> <span class='ocrx_word' id='word_1_281' title='bbox 1915 1934 2137 2004; x_wconf 74' lang='grc' dir='ltr'>εὔλογον</span> 
     </span>
    </p>
   </div>
   <div class='ocr_carea' id='block_1_36' title="bbox 571 2028 2136 2096">
    <p class='ocr_par' dir='ltr' id='par_1_36' title="bbox 571 2028 2136 2096">
     <span class='ocr_line' id='line_1_36' title="bbox 571 2028 2136 2096; baseline -0.001 -13"><span class='ocrx_word' id='word_1_282' title='bbox 571 2030 754 2083; x_wconf 81' lang='grc' dir='ltr'>αἰτίαν</span> <span class='ocrx_word' id='word_1_283' title='bbox 781 2030 868 2081; x_wconf 86' lang='grc' dir='ltr'><strong>ἴνα</strong></span> <span class='ocrx_word' id='word_1_284' title='bbox 906 2029 1004 2091; x_wconf 90' lang='grc' dir='ltr'><strong>τάς</strong></span> <span class='ocrx_word' id='word_1_285' title='bbox 1034 2028 1361 2096; x_wconf 85' lang='grc' dir='ltr'>ὑποσχέσεις</span> <span class='ocrx_word' id='word_1_286' title='bbox 1393 2028 1487 2081; x_wconf 77' lang='grc' dir='ltr'>καὶ</span> <span class='ocrx_word' id='word_1_287' title='bbox 1536 2028 1846 2096; x_wconf 83' lang='grc' dir='ltr'>συμϐάσεις</span> <span class='ocrx_word' id='word_1_288' title='bbox 1878 2030 1971 2082; x_wconf 76' lang='grc' dir='ltr'><strong>καί</strong></span> <span class='ocrx_word' id='word_1_289' title='bbox 2001 2029 2136 2082; x_wconf 86' lang='grc' dir='ltr'>ὐπο-</span> 
     </span>
    </p>
   </div>
   <div class='ocr_carea' id='block_1_37' title="bbox 568 2114 2139 2191">
    <p class='ocr_par' dir='ltr' id='par_1_37' title="bbox 568 2114 2139 2191">
     <span class='ocr_line' id='line_1_37' title="bbox 568 2114 2139 2191; baseline -0.002 -16"><span class='ocrx_word' id='word_1_290' title='bbox 568 2124 761 2191; x_wconf 78' lang='grc' dir='ltr'>ταγὴν,</span> <span class='ocrx_word' id='word_1_291' title='bbox 806 2120 873 2190; x_wconf 79' lang='grc' dir='ltr'>ἢν</span> <span class='ocrx_word' id='word_1_292' title='bbox 926 2114 1072 2188; x_wconf 81' lang='grc' dir='ltr'>εἰχον</span> <span class='ocrx_word' id='word_1_293' title='bbox 1124 2119 1263 2188; x_wconf 87' lang='grc' dir='ltr'><strong>μετά</strong></span> <span class='ocrx_word' id='word_1_294' title='bbox 1316 2117 1412 2172; x_wconf 84' lang='grc' dir='ltr'><strong>τοῦ</strong></span> <span class='ocrx_word' id='word_1_295' title='bbox 1462 2120 1680 2190; x_wconf 79' lang='grc' dir='ltr'>ἀμηρᾶ,</span> <span class='ocrx_word' id='word_1_296' title='bbox 1714 2119 1982 2189; x_wconf 85' lang='grc' dir='ltr'>φύγωσιν.</span> <span class='ocrx_word' id='word_1_297' title='bbox 2029 2119 2139 2173; x_wconf 80' lang='grc' dir='ltr'><strong>Καὶ</strong></span> 
     </span>
    </p>
   </div>
   <div class='ocr_carea' id='block_1_38' title="bbox 572 2210 2141 2282">
    <p class='ocr_par' dir='ltr' id='par_1_38' title="bbox 572 2210 2141 2282">
     <span class='ocr_line' id='line_1_38' title="bbox 572 2210 2141 2282; baseline -0.001 -17"><span class='ocrx_word' id='word_1_298' title='bbox 572 2211 878 2281; x_wconf 79' lang='grc' dir='ltr'>συμϐάσεις</span> <span class='ocrx_word' id='word_1_299' title='bbox 910 2210 1006 2263; x_wconf 81' lang='grc' dir='ltr'><strong>καί</strong></span> <span class='ocrx_word' id='word_1_300' title='bbox 1035 2210 1236 2279; x_wconf 78' lang='grc' dir='ltr'>ὅρκους</span> <span class='ocrx_word' id='word_1_301' title='bbox 1261 2211 1525 2279; x_wconf 82' lang='grc' dir='ltr'>φρικτούς</span> <span class='ocrx_word' id='word_1_302' title='bbox 1549 2210 1726 2279; x_wconf 79' lang='grc' dir='ltr'>λάθρα</span> <span class='ocrx_word' id='word_1_303' title='bbox 1746 2210 2019 2282; x_wconf 83' lang='grc' dir='ltr'>ἀναμέσον</span> <span class='ocrx_word' id='word_1_304' title='bbox 2045 2213 2141 2265; x_wconf 88' lang='grc' dir='ltr'>αὐ-</span> 
     </span>
    </p>
   </div>
   <div class='ocr_carea' id='block_1_39' title="bbox 568 2295 2140 2373">
    <p class='ocr_par' dir='ltr' id='par_1_39' title="bbox 568 2295 2140 2373">
     <span class='ocr_line' id='line_1_39' title="bbox 568 2295 2140 2373; baseline -0.001 -16"><span class='ocrx_word' id='word_1_305' title='bbox 568 2304 679 2358; x_wconf 85' lang='grc' dir='ltr'><strong>τῶν</strong></span> <span class='ocrx_word' id='word_1_306' title='bbox 710 2302 1045 2372; x_wconf 86' lang='grc' dir='ltr'>ποιήσαντες</span> <span class='ocrx_word' id='word_1_307' title='bbox 1074 2299 1170 2353; x_wconf 85' lang='grc' dir='ltr'>τοῦ</span> <span class='ocrx_word' id='word_1_308' title='bbox 1202 2295 1345 2355; x_wconf 76' lang='grc' dir='ltr'>εἶναι</span> <span class='ocrx_word' id='word_1_309' title='bbox 1376 2301 1575 2373; x_wconf 81' lang='grc' dir='ltr'>γνώμῃ</span> <span class='ocrx_word' id='word_1_310' title='bbox 1601 2303 1698 2355; x_wconf 75' lang='grc' dir='ltr'>καὶ</span> <span class='ocrx_word' id='word_1_311' title='bbox 1730 2301 1877 2372; x_wconf 82' lang='grc' dir='ltr'>ψυχῇ</span> <span class='ocrx_word' id='word_1_312' title='bbox 1914 2304 2013 2373; x_wconf 82' lang='grc' dir='ltr'><strong>μιᾷ</strong></span> <span class='ocrx_word' id='word_1_313' title='bbox 2034 2303 2140 2367; x_wconf 84' lang='grc' dir='ltr'><strong>έως</strong></span> 
     </span>
    </p>
   </div>
   <div class='ocr_carea' id='block_1_40' title="bbox 572 2390 2140 2462">
    <p class='ocr_par' dir='ltr' id='par_1_40' title="bbox 572 2390 2140 2462">
     <span class='ocr_line' id='line_1_40' title="bbox 572 2390 2140 2462; baseline -0.003 -14"><span class='ocrx_word' id='word_1_314' title='bbox 572 2396 831 2459; x_wconf 85' lang='grc' dir='ltr'>θανάτου,</span> <span class='ocrx_word' id='word_1_315' title='bbox 874 2392 955 2448; x_wconf 88' lang='grc' dir='ltr'><strong>διδ</strong></span> <span class='ocrx_word' id='word_1_316' title='bbox 1009 2392 1354 2462; x_wconf 83' lang='grc' dir='ltr'>βεϐαιότερον</span> <span class='ocrx_word' id='word_1_317' title='bbox 1387 2390 1485 2460; x_wconf 85' lang='grc' dir='ltr'><strong>τῆς</strong></span> <span class='ocrx_word' id='word_1_318' title='bbox 1519 2393 1739 2462; x_wconf 78' lang='grc' dir='ltr'>ἀγάπης</span> <span class='ocrx_word' id='word_1_319' title='bbox 1768 2392 1983 2447; x_wconf 79' lang='grc' dir='ltr'>καὶτοῦ</span> <span class='ocrx_word' id='word_1_320' title='bbox 2014 2410 2140 2445; x_wconf 89' lang='grc' dir='ltr'>συν-</span> 
     </span>
    </p>
   </div>
   <div class='ocr_carea' id='block_1_41' title="bbox 569 2483 2139 2557">
    <p class='ocr_par' dir='ltr' id='par_1_41' title="bbox 569 2483 2139 2557">
     <span class='ocr_line' id='line_1_41' title="bbox 569 2483 2139 2557; baseline -0.002 -16"><span class='ocrx_word' id='word_1_321' title='bbox 569 2486 772 2557; x_wconf 76' lang='grc' dir='ltr'>δέσμου</span> <span class='ocrx_word' id='word_1_322' title='bbox 823 2483 1018 2539; x_wconf 87' lang='grc' dir='ltr'>τούτου</span> <span class='ocrx_word' id='word_1_323' title='bbox 1070 2484 1310 2553; x_wconf 70' lang='grc' dir='ltr'>ἔστησαν</span> <span class='ocrx_word' id='word_1_324' title='bbox 1346 2483 1435 2537; x_wconf 77' lang='grc' dir='ltr'>ἵνα</span> <span class='ocrx_word' id='word_1_325' title='bbox 1484 2484 1513 2536; x_wconf 97' lang='lat'><strong>6</strong></span> <span class='ocrx_word' id='word_1_326' title='bbox 1557 2483 1814 2553; x_wconf 80' lang='grc' dir='ltr'>βασιλεὺς</span> <span class='ocrx_word' id='word_1_327' title='bbox 1862 2484 1968 2553; x_wconf 82' lang='grc' dir='ltr'>κὺρ</span> <span class='ocrx_word' id='word_1_328' title='bbox 2016 2483 2139 2538; x_wconf 85' lang='grc' dir='ltr'><strong>Μα·</strong></span> 
     </span>
    </p>
   </div>
   <div class='ocr_carea' id='block_1_42' title="bbox 576 2574 2139 2649">
    <p class='ocr_par' dir='ltr' id='par_1_42' title="bbox 576 2574 2139 2649">
     <span class='ocr_line' id='line_1_42' title="bbox 576 2574 2139 2649; baseline -0.002 -17"><span class='ocrx_word' id='word_1_329' title='bbox 576 2578 740 2649; x_wconf 84' lang='grc' dir='ltr'>νουὴλ</span> <span class='ocrx_word' id='word_1_330' title='bbox 768 2578 849 2641; x_wconf 84' lang='grc' dir='ltr'><strong>εἰς</strong></span> <span class='ocrx_word' id='word_1_331' title='bbox 884 2577 1116 2646; x_wconf 89' lang='grc' dir='ltr'>νόμιμον</span> <span class='ocrx_word' id='word_1_332' title='bbox 1151 2577 1386 2644; x_wconf 82' lang='grc' dir='ltr'>γυναῖκα</span> <span class='ocrx_word' id='word_1_333' title='bbox 1436 2574 1575 2645; x_wconf 70' lang='grc' dir='ltr'>λάϐῃ</span> <span class='ocrx_word' id='word_1_334' title='bbox 1604 2575 1702 2643; x_wconf 83' lang='grc' dir='ltr'>τὴν</span> <span class='ocrx_word' id='word_1_335' title='bbox 1738 2574 2016 2645; x_wconf 86' lang='grc' dir='ltr'>θυγατέρα</span> <span class='ocrx_word' id='word_1_336' title='bbox 2044 2576 2139 2629; x_wconf 85' lang='grc' dir='ltr'><strong>τοῦ</strong></span> 
     </span>
    </p>
   </div>
   <div class='ocr_carea' id='block_1_43' title="bbox 572 2665 1554 2740">
    <p class='ocr_par' dir='ltr' id='par_1_43' title="bbox 572 2665 1554 2740">
     <span class='ocr_line' id='line_1_43' title="bbox 572 2665 1554 2740; baseline -0.002 -17"><span class='ocrx_word' id='word_1_337' title='bbox 572 2670 677 2740; x_wconf 80' lang='grc' dir='ltr'>κὺρ</span> <span class='ocrx_word' id='word_1_338' title='bbox 705 2666 1119 2733; x_wconf 81' lang='grc' dir='ltr'>Κωνσταντίνου</span> <span class='ocrx_word' id='word_1_339' title='bbox 1144 2668 1238 2721; x_wconf 82' lang='grc' dir='ltr'>τοῦ</span> <span class='ocrx_word' id='word_1_340' title='bbox 1268 2665 1554 2737; x_wconf 82' lang='grc' dir='ltr'>Δραγάση.</span> 
     </span>
    </p>
   </div>
   <div class='ocr_carea' id='block_1_44' title="bbox 645 2757 2142 2829">
    <p class='ocr_par' dir='ltr' id='par_1_44' title="bbox 645 2757 2142 2829">
     <span class='ocr_line' id='line_1_44' title="bbox 645 2757 2142 2829; baseline -0.001 -15"><span class='ocrx_word' id='word_1_341' title='bbox 645 2758 730 2815; x_wconf 64' lang='grc' dir='ltr'><strong>ἴδ’.</strong></span> <span class='ocrx_word' id='word_1_342' title='bbox 751 2759 860 2815; x_wconf 80' lang='grc' dir='ltr'>Τοῦ</span> <span class='ocrx_word' id='word_1_343' title='bbox 887 2758 943 2813; x_wconf 78' lang='grc' dir='ltr'>δὲ</span> <span class='ocrx_word' id='word_1_344' title='bbox 977 2759 1170 2829; x_wconf 84' lang='grc' dir='ltr'>ἀμηρᾶ</span> <span class='ocrx_word' id='word_1_345' title='bbox 1202 2757 1611 2828; x_wconf 77' lang='grc' dir='ltr'>Μπαγιαζήτου</span> <span class='ocrx_word' id='word_1_346' title='bbox 1649 2758 1899 2822; x_wconf 83' lang='grc' dir='ltr'>ἐλθόντος</span> <span class='ocrx_word' id='word_1_347' title='bbox 1926 2760 2019 2813; x_wconf 79' lang='grc' dir='ltr'>καὶ</span> <span class='ocrx_word' id='word_1_348' title='bbox 2045 2777 2142 2812; x_wconf 82' lang='grc' dir='ltr'>πο-</span> 
     </span>
    </p>
   </div>
   <div class='ocr_carea' id='block_1_45' title="bbox 570 2845 2142 2918">
    <p class='ocr_par' dir='ltr' id='par_1_45' title="bbox 570 2845 2142 2918">
     <span class='ocr_line' id='line_1_45' title="bbox 570 2845 2142 2918; baseline -0.001 -16"><span class='ocrx_word' id='word_1_349' title='bbox 570 2850 671 2902; x_wconf 81' lang='grc' dir='ltr'>λὺν</span> <span class='ocrx_word' id='word_1_350' title='bbox 701 2850 802 2918; x_wconf 81' lang='grc' dir='ltr'>τῆς</span> <span class='ocrx_word' id='word_1_351' title='bbox 848 2846 1187 2917; x_wconf 82' lang='grc' dir='ltr'>Βουλγαρίας</span> <span class='ocrx_word' id='word_1_352' title='bbox 1232 2845 1397 2899; x_wconf 86' lang='grc' dir='ltr'>τόπον</span> <span class='ocrx_word' id='word_1_353' title='bbox 1432 2845 1747 2910; x_wconf 84' lang='grc' dir='ltr'>ἀλώσαντος</span> <span class='ocrx_word' id='word_1_354' title='bbox 1779 2847 1860 2899; x_wconf 77' lang='grc' dir='ltr'>ἔτι</span> <span class='ocrx_word' id='word_1_355' title='bbox 1894 2848 1990 2901; x_wconf 77' lang='grc' dir='ltr'><strong>καὶ</strong></span> <span class='ocrx_word' id='word_1_356' title='bbox 2018 2848 2142 2901; x_wconf 86' lang='grc' dir='ltr'>δου-</span> 
     </span>
    </p>
   </div>
   <div class='ocr_carea' id='block_1_46' title="bbox 574 2938 2142 3009">
    <p class='ocr_par' dir='ltr' id='par_1_46' title="bbox 574 2938 2142 3009">
     <span class='ocr_line' id='line_1_46' title="bbox 574 2938 2142 3009; baseline -0.001 -15"><span class='ocrx_word' id='word_1_357' title='bbox 574 2941 871 3005; x_wconf 83' lang='grc' dir='ltr'>λώσαντος,</span> <span class='ocrx_word' id='word_1_358' title='bbox 917 2939 946 2991; x_wconf 91' lang='lat'><strong>6</strong></span> <span class='ocrx_word' id='word_1_359' title='bbox 993 2938 1093 3009; x_wconf 80' lang='grc' dir='ltr'>τῆς</span> <span class='ocrx_word' id='word_1_360' title='bbox 1136 2938 1449 3007; x_wconf 89' lang='grc' dir='ltr'>Γερμανίας</span> <span class='ocrx_word' id='word_1_361' title='bbox 1496 2938 1751 3007; x_wconf 81' lang='grc' dir='ltr'>βασιλεὺς</span> <span class='ocrx_word' id='word_1_362' title='bbox 1796 2940 2142 3009; x_wconf 88' lang='grc' dir='ltr'>Σιγισμόνδος</span> 
     </span>
    </p>
   </div>
   <div class='ocr_carea' id='block_1_47' title="bbox 2238 1848 3847 1919">
    <p class='ocr_par' dir='ltr' id='par_1_47' title="bbox 2238 1848 3847 1919">
     <span class='ocr_line' id='line_1_47' title="bbox 2238 1848 3847 1919; baseline -0.003 -16"><span class='ocrx_word' id='word_1_363' title='bbox 2238 1850 2339 1918; x_wconf 83' lang='grc' dir='ltr'>τὴν</span> <span class='ocrx_word' id='word_1_364' title='bbox 2370 1848 2464 1902; x_wconf 81' lang='grc' dir='ltr'><strong>τοῦ</strong></span> <span class='ocrx_word' id='word_1_365' title='bbox 2500 1850 2694 1919; x_wconf 86' lang='grc' dir='ltr'>ἀμηρᾶ</span> <span class='ocrx_word' id='word_1_366' title='bbox 2723 1848 3173 1919; x_wconf 69' lang='grc' dir='ltr'><strong>ὑπερηφάνειαν⁹</strong></span> <span class='ocrx_word' id='word_1_367' title='bbox 3217 1850 3311 1902; x_wconf 77' lang='grc' dir='ltr'>καὶ</span> <span class='ocrx_word' id='word_1_368' title='bbox 3360 1848 3555 1911; x_wconf 80' lang='grc' dir='ltr'>εὐθὺς</span> <span class='ocrx_word' id='word_1_369' title='bbox 3607 1849 3847 1916; x_wconf 79' lang='grc' dir='ltr'>στρατὸν</span> 
     </span>
    </p>
   </div>
   <div class='ocr_carea' id='block_1_48' title="bbox 2242 1937 3844 2011">
    <p class='ocr_par' dir='ltr' id='par_1_48' title="bbox 2242 1937 3844 2011">
     <span class='ocr_line' id='line_1_48' title="bbox 2242 1937 3844 2011; baseline -0.001 -18"><span class='ocrx_word' id='word_1_370' title='bbox 2242 1940 2633 2011; x_wconf 74' lang='grc' dir='ltr'>μισθοφορικὸν</span> <span class='ocrx_word' id='word_1_371' title='bbox 2662 1940 2833 1993; x_wconf 73' lang='grc' dir='ltr'>πολύν</span> <span class='ocrx_word' id='word_1_372' title='bbox 2863 1940 3122 2007; x_wconf 81' lang='grc' dir='ltr'>συνάξας,</span> <span class='ocrx_word' id='word_1_373' title='bbox 3150 1941 3245 1993; x_wconf 80' lang='grc' dir='ltr'>καὶ</span> <span class='ocrx_word' id='word_1_374' title='bbox 3274 1938 3368 1996; x_wconf 74' lang='grc' dir='ltr'>τὸν</span> <span class='ocrx_word' id='word_1_375' title='bbox 3396 1937 3600 1994; x_wconf 81' lang='grc' dir='ltr'>αὑτοῦ</span> <span class='ocrx_word' id='word_1_376' title='bbox 3638 1941 3844 2009; x_wconf 83' lang='grc' dir='ltr'>μᾶλλον</span> 
     </span>
    </p>
   </div>
   <div class='ocr_carea' id='block_1_49' title="bbox 2238 2030 3845 2101">
    <p class='ocr_par' dir='ltr' id='par_1_49' title="bbox 2238 2030 3845 2101">
     <span class='ocr_line' id='line_1_49' title="bbox 2238 2030 3845 2101; baseline -0.002 -17"><span class='ocrx_word' id='word_1_377' title='bbox 2238 2031 2532 2100; x_wconf 78' lang='grc' dir='ltr'>ἑτοιμάσας</span> <span class='ocrx_word' id='word_1_378' title='bbox 2564 2034 2659 2084; x_wconf 72' lang='grc' dir='ltr'>καὶ</span> <span class='ocrx_word' id='word_1_379' title='bbox 2690 2031 2919 2093; x_wconf 79' lang='grc' dir='ltr'>πολλοὺς</span> <span class='ocrx_word' id='word_1_380' title='bbox 2951 2031 3174 2101; x_wconf 84' lang='grc' dir='ltr'>ἐτέρους</span> <span class='ocrx_word' id='word_1_381' title='bbox 3197 2030 3481 2094; x_wconf 84' lang='grc' dir='ltr'>αὐθέντας</span> <span class='ocrx_word' id='word_1_382' title='bbox 3515 2031 3845 2101; x_wconf 83' lang='grc' dir='ltr'>προσκαλε-</span> 
     </span>
    </p>
   </div>
   <div class='ocr_carea' id='block_1_50' title="bbox 2242 2121 3837 2193">
    <p class='ocr_par' dir='ltr' id='par_1_50' title="bbox 2242 2121 3837 2193">
     <span class='ocr_line' id='line_1_50' title="bbox 2242 2121 3837 2193; baseline -0.001 -18"><span class='ocrx_word' id='word_1_383' title='bbox 2242 2123 2473 2192; x_wconf 79' lang='grc' dir='ltr'>σάμενος</span> <span class='ocrx_word' id='word_1_384' title='bbox 2498 2122 2578 2186; x_wconf 86' lang='grc' dir='ltr'><strong>εἰς</strong></span> <span class='ocrx_word' id='word_1_385' title='bbox 2612 2122 2888 2192; x_wconf 82' lang='grc' dir='ltr'>βοήθειαν,</span> <span class='ocrx_word' id='word_1_386' title='bbox 2931 2121 3061 2175; x_wconf 79' lang='grc' dir='ltr'>ἄνευ</span> <span class='ocrx_word' id='word_1_387' title='bbox 3093 2123 3237 2185; x_wconf 82' lang='grc' dir='ltr'>τινὸς</span> <span class='ocrx_word' id='word_1_388' title='bbox 3272 2122 3485 2193; x_wconf 80' lang='grc' dir='ltr'>μισθοῦ</span> <span class='ocrx_word' id='word_1_389' title='bbox 3512 2123 3560 2193; x_wconf 71' lang='grc' dir='ltr'><strong>ἢ</strong></span> <span class='ocrx_word' id='word_1_390' title='bbox 3598 2122 3837 2191; x_wconf 62' lang='grc' dir='ltr'>ὀψωνίου</span> 
     </span>
    </p>
   </div>
   <div class='ocr_carea' id='block_1_51' title="bbox 2240 2213 3843 2284">
    <p class='ocr_par' dir='ltr' id='par_1_51' title="bbox 2240 2213 3843 2284">
     <span class='ocr_line' id='line_1_51' title="bbox 2240 2213 3843 2284; baseline -0.002 -17"><span class='ocrx_word' id='word_1_391' title='bbox 2240 2215 2335 2267; x_wconf 79' lang='grc' dir='ltr'>καὶ</span> <span class='ocrx_word' id='word_1_392' title='bbox 2385 2214 2522 2283; x_wconf 85' lang='grc' dir='ltr'><strong>μετά</strong></span> <span class='ocrx_word' id='word_1_393' title='bbox 2566 2213 2824 2282; x_wconf 78' lang='grc' dir='ltr'>πλείστης</span> <span class='ocrx_word' id='word_1_394' title='bbox 2854 2215 3029 2284; x_wconf 81' lang='grc' dir='ltr'>χαρᾶς</span> <span class='ocrx_word' id='word_1_395' title='bbox 3075 2217 3167 2267; x_wconf 75' lang='grc' dir='ltr'>καὶ</span> <span class='ocrx_word' id='word_1_396' title='bbox 3214 2214 3476 2281; x_wconf 79' lang='grc' dir='ltr'>γενναίας</span> <span class='ocrx_word' id='word_1_397' title='bbox 3509 2215 3716 2283; x_wconf 79' lang='grc' dir='ltr'>ψυχῆς</span> <span class='ocrx_word' id='word_1_398' title='bbox 3754 2216 3843 2265; x_wconf 78' lang='grc' dir='ltr'>καὶ</span> 
     </span>
    </p>
   </div>
   <div class='ocr_carea' id='block_1_52' title="bbox 2239 2297 3837 2374">
    <p class='ocr_par' dir='ltr' id='par_1_52' title="bbox 2239 2297 3837 2374">
     <span class='ocr_line' id='line_1_52' title="bbox 2239 2297 3837 2374; baseline -0.001 -17"><span class='ocrx_word' id='word_1_399' title='bbox 2239 2302 2496 2373; x_wconf 82' lang='grc' dir='ltr'>ἀνδρικοῦ</span> <span class='ocrx_word' id='word_1_400' title='bbox 2550 2303 2904 2373; x_wconf 82' lang='grc' dir='ltr'>φρονήματος</span> <span class='ocrx_word' id='word_1_401' title='bbox 2955 2303 3209 2374; x_wconf 88' lang='grc' dir='ltr'>διήρχετο</span> <span class='ocrx_word' id='word_1_402' title='bbox 3262 2307 3291 2356; x_wconf 91' lang='lat'><strong>6</strong></span> <span class='ocrx_word' id='word_1_403' title='bbox 3344 2304 3637 2374; x_wconf 82' lang='grc' dir='ltr'>λαμπρὸς</span> <span class='ocrx_word' id='word_1_404' title='bbox 3689 2297 3837 2364; x_wconf 80' lang='grc' dir='ltr'>οὗτος</span> 
     </span>
    </p>
   </div>
   <div class='ocr_carea' id='block_1_53' title="bbox 2243 2392 3839 2462">
    <p class='ocr_par' dir='ltr' id='par_1_53' title="bbox 2243 2392 3839 2462">
     <span class='ocr_line' id='line_1_53' title="bbox 2243 2392 3839 2462; baseline 0.001 -17"><span class='ocrx_word' id='word_1_405' title='bbox 2243 2393 2493 2462; x_wconf 82' lang='grc' dir='ltr'>στρατὸς,</span> <span class='ocrx_word' id='word_1_406' title='bbox 2540 2394 2635 2445; x_wconf 78' lang='grc' dir='ltr'>καὶ</span> <span class='ocrx_word' id='word_1_407' title='bbox 2682 2392 2861 2447; x_wconf 83' lang='grc' dir='ltr'>πάντα</span> <span class='ocrx_word' id='word_1_408' title='bbox 2894 2397 3009 2456; x_wconf 76' lang='grc' dir='ltr'>τοῖς</span> <span class='ocrx_word' id='word_1_409' title='bbox 3057 2397 3215 2447; x_wconf 80' lang='grc' dir='ltr'>ποσὶν</span> <span class='ocrx_word' id='word_1_410' title='bbox 3265 2395 3607 2451; x_wconf 79' lang='grc' dir='ltr'>ὑπέτασσεν</span> <span class='ocrx_word' id='word_1_411' title='bbox 3634 2398 3708 2450; x_wconf 85' lang='grc' dir='ltr'><strong>τά</strong></span> <span class='ocrx_word' id='word_1_412' title='bbox 3740 2396 3839 2447; x_wconf 86' lang='grc' dir='ltr'><strong>τῶν</strong></span> 
     </span>
    </p>
   </div>
   <div class='ocr_carea' id='block_1_54' title="bbox 2240 2483 3831 2555">
    <p class='ocr_par' dir='ltr' id='par_1_54' title="bbox 2240 2483 3831 2555">
     <span class='ocr_line' id='line_1_54' title="bbox 2240 2483 3831 2555; baseline 0.001 -19"><span class='ocrx_word' id='word_1_413' title='bbox 2240 2483 2500 2552; x_wconf 88' lang='grc' dir='ltr'>Τούρκων</span> <span class='ocrx_word' id='word_1_414' title='bbox 2550 2484 2805 2554; x_wconf 83' lang='grc' dir='ltr'>φρούρια,</span> <span class='ocrx_word' id='word_1_415' title='bbox 2857 2483 3001 2537; x_wconf 83' lang='grc' dir='ltr'>ἁλῶν</span> <span class='ocrx_word' id='word_1_416' title='bbox 3032 2483 3127 2537; x_wconf 82' lang='grc' dir='ltr'>καὶ</span> <span class='ocrx_word' id='word_1_417' title='bbox 3171 2485 3459 2538; x_wconf 89' lang='grc' dir='ltr'>σκυλεύων</span> <span class='ocrx_word' id='word_1_418' title='bbox 3498 2488 3608 2540; x_wconf 75' lang='grc' dir='ltr'>καὶ</span> <span class='ocrx_word' id='word_1_419' title='bbox 3635 2488 3831 2555; x_wconf 79' lang='grc' dir='ltr'>ἀφανί-</span> 
     </span>
    </p>
   </div>
   <div class='ocr_carea' id='block_1_55' title="bbox 2242 2573 3829 2645">
    <p class='ocr_par' dir='ltr' id='par_1_55' title="bbox 2242 2573 3829 2645">
     <span class='ocr_line' id='line_1_55' title="bbox 2242 2573 3829 2645; baseline 0.001 -19"><span class='ocrx_word' id='word_1_420' title='bbox 2242 2575 2371 2639; x_wconf 77' lang='grc' dir='ltr'>ζων,</span> <span class='ocrx_word' id='word_1_421' title='bbox 2392 2574 2499 2637; x_wconf 79' lang='grc' dir='ltr'><strong>ἐως</strong></span> <span class='ocrx_word' id='word_1_422' title='bbox 2544 2576 2635 2628; x_wconf 77' lang='grc' dir='ltr'><strong>καί</strong></span> <span class='ocrx_word' id='word_1_423' title='bbox 2658 2575 2754 2642; x_wconf 78' lang='grc' dir='ltr'>τῆς</span> <span class='ocrx_word' id='word_1_424' title='bbox 2778 2573 3128 2637; x_wconf 85' lang='grc' dir='ltr'>Νικοπόλεως</span> <span class='ocrx_word' id='word_1_425' title='bbox 3153 2575 3510 2645; x_wconf 85' lang='grc' dir='ltr'>περάσαντες</span> <span class='ocrx_word' id='word_1_426' title='bbox 3561 2576 3829 2644; x_wconf 76' lang='grc' dir='ltr'>ἔφθασαν,</span> 
     </span>
    </p>
   </div>
   <div class='ocr_carea' id='block_1_56' title="bbox 2243 2663 3827 2736">
    <p class='ocr_par' dir='ltr' id='par_1_56' title="bbox 2243 2663 3827 2736">
     <span class='ocr_line' id='line_1_56' title="bbox 2243 2663 3827 2736; baseline 0.001 -20"><span class='ocrx_word' id='word_1_427' title='bbox 2243 2663 2494 2734; x_wconf 82' lang='grc' dir='ltr'>καθάπερ</span> <span class='ocrx_word' id='word_1_428' title='bbox 2517 2664 2619 2734; x_wconf 79' lang='grc' dir='ltr'><strong>ὐλη</strong></span> <span class='ocrx_word' id='word_1_429' title='bbox 2651 2664 2981 2735; x_wconf 73' lang='grc' dir='ltr'>ἐπι-τυχοῦσα</span> <span class='ocrx_word' id='word_1_430' title='bbox 3013 2665 3173 2733; x_wconf 77' lang='grc' dir='ltr'>φλογὶ</span> <span class='ocrx_word' id='word_1_431' title='bbox 3200 2667 3418 2736; x_wconf 77' lang='grc' dir='ltr'>ἰσχυρᾷ.</span> <span class='ocrx_word' id='word_1_432' title='bbox 3445 2664 3598 2721; x_wconf 78' lang='grc' dir='ltr'>Εἶτα</span> <span class='ocrx_word' id='word_1_433' title='bbox 3627 2669 3658 2719; x_wconf 92' lang='lat'><strong>6</strong></span> <span class='ocrx_word' id='word_1_434' title='bbox 3686 2667 3827 2735; x_wconf 82' lang='grc' dir='ltr'>βασι-</span> 
     </span>
    </p>
   </div>
   <div class='ocr_carea' id='block_1_57' title="bbox 2241 2756 3823 2828">
    <p class='ocr_par' dir='ltr' id='par_1_57' title="bbox 2241 2756 3823 2828">
     <span class='ocr_line' id='line_1_57' title="bbox 2241 2756 3823 2828; baseline 0.001 -20"><span class='ocrx_word' id='word_1_435' title='bbox 2241 2757 2364 2818; x_wconf 83' lang='grc' dir='ltr'>λεὺς</span> <span class='ocrx_word' id='word_1_436' title='bbox 2420 2756 2792 2824; x_wconf 86' lang='grc' dir='ltr'>Σιγισμόνδος,</span> <span class='ocrx_word' id='word_1_437' title='bbox 2839 2757 2933 2809; x_wconf 81' lang='grc' dir='ltr'>καὶ</span> <span class='ocrx_word' id='word_1_438' title='bbox 2966 2756 3167 2825; x_wconf 80' lang='grc' dir='ltr'>ἑτέρως</span> <span class='ocrx_word' id='word_1_439' title='bbox 3197 2757 3368 2810; x_wconf 91' lang='grc' dir='ltr'>θέλων</span> <span class='ocrx_word' id='word_1_440' title='bbox 3427 2760 3823 2828; x_wconf 82' lang='grc' dir='ltr'>στρατηγῆσαι</span> 
     </span>
    </p>
   </div>
   <div class='ocr_carea' id='block_1_58' title="bbox 2243 2843 3822 2918">
    <p class='ocr_par' dir='ltr' id='par_1_58' title="bbox 2243 2843 3822 2918">
     <span class='ocr_line' id='line_1_58' title="bbox 2243 2843 3822 2918; baseline 0.001 -22"><span class='ocrx_word' id='word_1_441' title='bbox 2243 2847 2382 2898; x_wconf 90' lang='grc' dir='ltr'><strong>κατά</strong></span> <span class='ocrx_word' id='word_1_442' title='bbox 2415 2845 2507 2897; x_wconf 84' lang='grc' dir='ltr'><strong>τοῦ</strong></span> <span class='ocrx_word' id='word_1_443' title='bbox 2541 2843 2937 2914; x_wconf 74' lang='grc' dir='ltr'>Μπαγιαζήτη,</span> <span class='ocrx_word' id='word_1_444' title='bbox 2967 2845 3212 2913; x_wconf 88' lang='grc' dir='ltr'>πρέσϐυν</span> <span class='ocrx_word' id='word_1_445' title='bbox 3233 2845 3440 2900; x_wconf 74' lang='grc' dir='ltr'>ἔστειλε</span> <span class='ocrx_word' id='word_1_446' title='bbox 3473 2847 3665 2918; x_wconf 82' lang='grc' dir='ltr'>λάθρα</span> <span class='ocrx_word' id='word_1_447' title='bbox 3691 2848 3822 2915; x_wconf 66' lang='grc' dir='ltr'>πρές</span> 
     </span>
    </p>
   </div>
   <div class='ocr_carea' id='block_1_59' title="bbox 2243 2936 3817 3010">
    <p class='ocr_par' dir='ltr' id='par_1_59' title="bbox 2243 2936 3817 3010">
     <span class='ocr_line' id='line_1_59' title="bbox 2243 2936 3817 3010; baseline 0.001 -21"><span class='ocrx_word' id='word_1_448' title='bbox 2243 2936 2334 2989; x_wconf 83' lang='grc' dir='ltr'>τὸν</span> <span class='ocrx_word' id='word_1_449' title='bbox 2381 2936 2603 3006; x_wconf 82' lang='grc' dir='ltr'>βασιλέα</span> <span class='ocrx_word' id='word_1_450' title='bbox 2656 2936 2759 3006; x_wconf 83' lang='grc' dir='ltr'>κὺρ</span> <span class='ocrx_word' id='word_1_451' title='bbox 2795 2936 3054 3007; x_wconf 80' lang='grc' dir='ltr'>Μανουὴλ</span> <span class='ocrx_word' id='word_1_452' title='bbox 3084 2936 3177 2989; x_wconf 79' lang='grc' dir='ltr'>καὶ</span> <span class='ocrx_word' id='word_1_453' title='bbox 3210 2938 3335 2999; x_wconf 83' lang='grc' dir='ltr'>τοὺς</span> <span class='ocrx_word' id='word_1_454' title='bbox 3364 2940 3602 3010; x_wconf 77' lang='grc' dir='ltr'>ἐτέρους</span> <span class='ocrx_word' id='word_1_455' title='bbox 3631 2940 3817 2992; x_wconf 61' lang='grc' dir='ltr'>αὐθέν-</span> 
     </span>
    </p>
   </div>
   <div class='ocr_carea' id='block_1_60' title="bbox 574 3024 3813 3116">
    <p class='ocr_par' dir='ltr' id='par_1_60' title="bbox 574 3024 3813 3116">
     <span class='ocr_line' id='line_1_60' title="bbox 574 3024 3813 3116; baseline 0.001 -32"><span class='ocrx_word' id='word_1_456' title='bbox 574 3032 748 3100; x_wconf 78' lang='grc' dir='ltr'>έμαθε</span> <span class='ocrx_word' id='word_1_457' title='bbox 771 3030 843 3083; x_wconf 90' lang='grc' dir='ltr'><strong>τά</strong></span> <span class='ocrx_word' id='word_1_458' title='bbox 868 3028 1160 3097; x_wconf 86' lang='grc' dir='ltr'>γενόμενα.</span> <span class='ocrx_word' id='word_1_459' title='bbox 1217 3024 1274 3079; x_wconf 84' lang='grc' dir='ltr'>Ὀ</span> <span class='ocrx_word' id='word_1_460' title='bbox 1312 3025 1406 3079; x_wconf 82' lang='grc' dir='ltr'>οὖν</span> <span class='ocrx_word' id='word_1_461' title='bbox 1430 3026 1781 3096; x_wconf 78' lang='grc' dir='ltr'>Σιγισμόνδος</span> <span class='ocrx_word' id='word_1_462' title='bbox 1801 3028 1896 3097; x_wconf 82' lang='grc' dir='ltr'><strong>τῆς</strong></span> <span class='ocrx_word' id='word_1_463' title='bbox 1925 3029 2143 3099; x_wconf 86' lang='grc' dir='ltr'>Γερμα-</span> <span class='ocrx_word' id='word_1_464' title='bbox 2167 3057 2211 3116; x_wconf 72' lang='lat' dir='ltr'>c</span> <span class='ocrx_word' id='word_1_465' title='bbox 2246 3025 2476 3095; x_wconf 79' lang='grc' dir='ltr'>τας,οὒς</span> <span class='ocrx_word' id='word_1_466' title='bbox 2511 3027 2851 3116; x_wconf 17' lang='grc' dir='ltr'>προέφᾲημεν,</span> <span class='ocrx_word' id='word_1_467' title='bbox 2887 3026 2971 3081; x_wconf 76' lang='grc' dir='ltr'>ἵνα</span> <span class='ocrx_word' id='word_1_468' title='bbox 3016 3026 3225 3096; x_wconf 71' lang='grc' dir='ltr'>ἕτοιμοι</span> <span class='ocrx_word' id='word_1_469' title='bbox 3259 3030 3353 3084; x_wconf 82' lang='grc' dir='ltr'><strong>καί</strong></span> <span class='ocrx_word' id='word_1_470' title='bbox 3388 3051 3813 3104; x_wconf 87' lang='grc' dir='ltr'>προπαρεσκευ-</span> 
     </span>
    </p>
   </div>
   <div class='ocr_carea' id='block_1_61' title="bbox 574 3112 3803 3194">
    <p class='ocr_par' dir='ltr' id='par_1_61' title="bbox 574 3112 3803 3194">
     <span class='ocr_line' id='line_1_61' title="bbox 574 3112 3803 3194; baseline 0 -18"><span class='ocrx_word' id='word_1_471' title='bbox 574 3124 696 3187; x_wconf 88' lang='grc' dir='ltr'>νίας</span> <span class='ocrx_word' id='word_1_472' title='bbox 728 3123 756 3175; x_wconf 92' lang='lat'><strong>6</strong></span> <span class='ocrx_word' id='word_1_473' title='bbox 790 3119 1041 3191; x_wconf 81' lang='grc' dir='ltr'>βασιλεὺς</span> <span class='ocrx_word' id='word_1_474' title='bbox 1091 3117 1335 3187; x_wconf 83' lang='grc' dir='ltr'>πρέσϐυν</span> <span class='ocrx_word' id='word_1_475' title='bbox 1370 3117 1584 3181; x_wconf 78' lang='grc' dir='ltr'>στείλας</span> <span class='ocrx_word' id='word_1_476' title='bbox 1614 3119 1751 3189; x_wconf 77' lang='grc' dir='ltr'>πρὸς</span> <span class='ocrx_word' id='word_1_477' title='bbox 1798 3120 1982 3187; x_wconf 80' lang='grc' dir='ltr'>αὐτὸν,</span> <span class='ocrx_word' id='word_1_478' title='bbox 2016 3121 2139 3192; x_wconf 67' lang='grc' dir='ltr'>ἦτοι</span> <span class='ocrx_word' id='word_1_479' title='bbox 2179 3112 2209 3116; x_wconf 27' lang='lat' dir='ltr'><strong>ﬁ</strong></span> <span class='ocrx_word' id='word_1_480' title='bbox 2244 3119 2471 3190; x_wconf 82' lang='grc' dir='ltr'>ασμένοι</span> <span class='ocrx_word' id='word_1_481' title='bbox 2499 3112 2645 3173; x_wconf 73' lang='grc' dir='ltr'>οὗτοι</span> <span class='ocrx_word' id='word_1_482' title='bbox 2672 3114 2774 3174; x_wconf 82' lang='grc' dir='ltr'>ὦσι</span> <span class='ocrx_word' id='word_1_483' title='bbox 2823 3120 2919 3173; x_wconf 79' lang='grc' dir='ltr'><strong>καί</strong></span> <span class='ocrx_word' id='word_1_484' title='bbox 2949 3119 3042 3173; x_wconf 82' lang='grc' dir='ltr'>τὸν</span> <span class='ocrx_word' id='word_1_485' title='bbox 3092 3120 3285 3193; x_wconf 77' lang='grc' dir='ltr'>ἐχθρὸν</span> <span class='ocrx_word' id='word_1_486' title='bbox 3332 3124 3431 3194; x_wconf 80' lang='grc' dir='ltr'>τῆς</span> <span class='ocrx_word' id='word_1_487' title='bbox 3468 3126 3731 3191; x_wconf 86' lang='grc' dir='ltr'>πίστεως,</span> <span class='ocrx_word' id='word_1_488' title='bbox 3757 3128 3803 3178; x_wconf 83' lang='grc' dir='ltr'><strong>εἰ</strong></span> 
     </span>
    </p>
   </div>
   <div class='ocr_carea' id='block_1_62' title="bbox 577 3299 2140 3370">
    <p class='ocr_par' dir='ltr' id='par_1_62' title="bbox 577 3299 2140 3370">
     <span class='ocr_line' id='line_1_62' title="bbox 577 3299 2140 3370; baseline -0.001 -13"><span class='ocrx_word' id='word_1_489' title='bbox 577 3309 770 3357; x_wconf 86' lang='lat' dir='ltr'><strong>nactus</strong></span> <span class='ocrx_word' id='word_1_490' title='bbox 799 3299 1074 3364; x_wconf 88' lang='lat' dir='ltr'><strong>idoneam,</strong></span> <span class='ocrx_word' id='word_1_491' title='bbox 1110 3299 1299 3354; x_wconf 85' lang='lat' dir='ltr'><strong>urbem</strong></span> <span class='ocrx_word' id='word_1_492' title='bbox 1338 3299 1439 3353; x_wconf 85' lang='lat' dir='ltr'><strong>sibi</strong></span> <span class='ocrx_word' id='word_1_493' title='bbox 1487 3308 1545 3354; x_wconf 92' lang='lat' dir='ltr'><strong>ut</strong></span> <span class='ocrx_word' id='word_1_494' title='bbox 1573 3302 1848 3370; x_wconf 83' lang='lat' dir='ltr'><strong>propriam</strong></span> <span class='ocrx_word' id='word_1_495' title='bbox 1897 3302 2140 3358; x_wconf 87' lang='lat' dir='ltr'><strong>vindica-</strong></span> 
     </span>
    </p>
   </div>
   <div class='ocr_carea' id='block_1_63' title="bbox 574 3386 2139 3461">
    <p class='ocr_par' dir='ltr' id='par_1_63' title="bbox 574 3386 2139 3461">
     <span class='ocr_line' id='line_1_63' title="bbox 574 3386 2139 3461; baseline 0.001 -15"><span class='ocrx_word' id='word_1_496' title='bbox 574 3398 678 3447; x_wconf 89' lang='lat' dir='ltr'><strong>rat.</strong></span> <span class='ocrx_word' id='word_1_497' title='bbox 710 3391 760 3446; x_wconf 92' lang='lat' dir='ltr'><strong>ls</strong></span> <span class='ocrx_word' id='word_1_498' title='bbox 802 3391 971 3461; x_wconf 89' lang='lat' dir='ltr'><strong>igitur</strong></span> <span class='ocrx_word' id='word_1_499' title='bbox 1020 3386 1241 3443; x_wconf 77' lang='lat' dir='ltr'><strong>fratrem</strong></span> <span class='ocrx_word' id='word_1_500' title='bbox 1299 3390 1640 3459; x_wconf 77' lang='lat' dir='ltr'><strong>imperatoris</strong></span> <span class='ocrx_word' id='word_1_501' title='bbox 1703 3394 1845 3461; x_wconf 87' lang='lat' dir='ltr'><strong>apud</strong></span> <span class='ocrx_word' id='word_1_502' title='bbox 1898 3407 2139 3448; x_wconf 88' lang='lat' dir='ltr'><strong>ameram</strong></span> 
     </span>
    </p>
   </div>
   <div class='ocr_carea' id='block_1_64' title="bbox 575 3480 2141 3549">
    <p class='ocr_par' dir='ltr' id='par_1_64' title="bbox 575 3480 2141 3549">
     <span class='ocr_line' id='line_1_64' title="bbox 575 3480 2141 3549; baseline 0.001 -11"><span class='ocrx_word' id='word_1_503' title='bbox 575 3482 988 3543; x_wconf 74' lang='lat' dir='ltr'><strong>criminabatur.</strong></span> <span class='ocrx_word' id='word_1_504' title='bbox 1042 3480 1187 3549; x_wconf 87' lang='lat' dir='ltr'><strong>quod</strong></span> <span class='ocrx_word' id='word_1_505' title='bbox 1249 3480 1666 3535; x_wconf 83' lang='lat' dir='ltr'><strong>Monembasiam</strong></span> <span class='ocrx_word' id='word_1_506' title='bbox 1724 3482 1983 3538; x_wconf 82' lang='lat' dir='ltr'><strong>violenter</strong></span> <span class='ocrx_word' id='word_1_507' title='bbox 2038 3484 2141 3539; x_wconf 89' lang='lat' dir='ltr'><strong>sibi</strong></span> 
     </span>
    </p>
   </div>
   <div class='ocr_carea' id='block_1_65' title="bbox 573 3572 2142 3644">
    <p class='ocr_par' dir='ltr' id='par_1_65' title="bbox 573 3572 2142 3644">
     <span class='ocr_line' id='line_1_65' title="bbox 573 3572 2142 3644; baseline -0.001 -14"><span class='ocrx_word' id='word_1_508' title='bbox 573 3575 882 3644; x_wconf 85' lang='lat' dir='ltr'><strong>eripuisset,</strong></span> <span class='ocrx_word' id='word_1_509' title='bbox 921 3572 1151 3640; x_wconf 86' lang='lat' dir='ltr'><strong>indeque</strong></span> <span class='ocrx_word' id='word_1_510' title='bbox 1207 3584 1422 3627; x_wconf 88' lang='lat' dir='ltr'><strong>secum</strong></span> <span class='ocrx_word' id='word_1_511' title='bbox 1476 3572 1821 3638; x_wconf 82' lang='lat' dir='ltr'><strong>contumelia,</strong></span> <span class='ocrx_word' id='word_1_512' title='bbox 1880 3574 2142 3630; x_wconf 89' lang='lat' dir='ltr'><strong>dedecore</strong></span> 
     </span>
    </p>
   </div>
   <div class='ocr_carea' id='block_1_66' title="bbox 574 3659 2145 3729">
    <p class='ocr_par' dir='ltr' id='par_1_66' title="bbox 574 3659 2145 3729">
     <span class='ocr_line' id='line_1_66' title="bbox 574 3659 2145 3729; baseline -0.001 -9"><span class='ocrx_word' id='word_1_513' title='bbox 574 3671 631 3720; x_wconf 89' lang='lat' dir='ltr'><strong>et</strong></span> <span class='ocrx_word' id='word_1_514' title='bbox 658 3662 878 3718; x_wconf 84' lang='lat' dir='ltr'><strong>infamia</strong></span> <span class='ocrx_word' id='word_1_515' title='bbox 926 3661 1243 3729; x_wconf 79' lang='lat' dir='ltr'><strong>expulisset.</strong></span> <span class='ocrx_word' id='word_1_516' title='bbox 1304 3659 1437 3715; x_wconf 84' lang='lat' dir='ltr'><strong>Erat</strong></span> <span class='ocrx_word' id='word_1_517' title='bbox 1496 3670 1675 3717; x_wconf 91' lang='lat' dir='ltr'><strong>autem</strong></span> <span class='ocrx_word' id='word_1_518' title='bbox 1727 3662 2002 3718; x_wconf 79' lang='lat' dir='ltr'><strong>Mamonas</strong></span> <span class='ocrx_word' id='word_1_519' title='bbox 2053 3663 2145 3719; x_wconf 89' lang='lat' dir='ltr'><strong>hic</strong></span> 
     </span>
    </p>
   </div>
   <div class='ocr_carea' id='block_1_67' title="bbox 576 3753 2141 3824">
    <p class='ocr_par' dir='ltr' id='par_1_67' title="bbox 576 3753 2141 3824">
     <span class='ocr_line' id='line_1_67' title="bbox 576 3753 2141 3824; baseline -0.001 -14"><span class='ocrx_word' id='word_1_520' title='bbox 576 3769 772 3810; x_wconf 72' lang='lat' dir='ltr'><strong>amem:</strong></span> <span class='ocrx_word' id='word_1_521' title='bbox 802 3753 1003 3808; x_wconf 89' lang='lat' dir='ltr'><strong>dudum</strong></span> <span class='ocrx_word' id='word_1_522' title='bbox 1041 3759 1231 3806; x_wconf 88' lang='lat' dir='ltr'><strong>notus:</strong></span> <span class='ocrx_word' id='word_1_523' title='bbox 1291 3753 1432 3808; x_wconf 89' lang='lat' dir='ltr'><strong>unde</strong></span> <span class='ocrx_word' id='word_1_524' title='bbox 1482 3754 1528 3809; x_wconf 89' lang='lat' dir='ltr'><strong>is</strong></span> <span class='ocrx_word' id='word_1_525' title='bbox 1562 3753 2001 3824; x_wconf 75' lang='lat' dir='ltr'><strong>indignabundus</strong></span> <span class='ocrx_word' id='word_1_526' title='bbox 2035 3757 2141 3811; x_wconf 88' lang='lat' dir='ltr'><strong>im-</strong></span> 
     </span>
    </p>
   </div>
   <div class='ocr_carea' id='block_1_68' title="bbox 572 3840 2145 3915">
    <p class='ocr_par' dir='ltr' id='par_1_68' title="bbox 572 3840 2145 3915">
     <span class='ocr_line' id='line_1_68' title="bbox 572 3840 2145 3915; baseline -0.001 -13"><span class='ocrx_word' id='word_1_527' title='bbox 572 3854 880 3915; x_wconf 86' lang='lat' dir='ltr'><strong>peratorem</strong></span> <span class='ocrx_word' id='word_1_528' title='bbox 908 3845 981 3898; x_wconf 81' lang='lat' dir='ltr'><strong>ita</strong></span> <span class='ocrx_word' id='word_1_529' title='bbox 1011 3842 1287 3912; x_wconf 82' lang='lat' dir='ltr'><strong>increpat:</strong></span> <span class='ocrx_word' id='word_1_530' title='bbox 1327 3861 1345 3896; x_wconf 81' lang='grc' dir='ltr'><strong>ι</strong></span> <span class='ocrx_word' id='word_1_531' title='bbox 1385 3840 1524 3897; x_wconf 87' lang='lat' dir='ltr'><strong>Num</strong></span> <span class='ocrx_word' id='word_1_532' title='bbox 1573 3845 1725 3899; x_wconf 85' lang='lat' dir='ltr'><strong>vobis</strong></span> <span class='ocrx_word' id='word_1_533' title='bbox 1753 3846 1887 3899; x_wconf 86' lang='lat' dir='ltr'><strong>satis</strong></span> <span class='ocrx_word' id='word_1_534' title='bbox 1930 3861 2036 3900; x_wconf 89' lang='lat' dir='ltr'><strong>non</strong></span> <span class='ocrx_word' id='word_1_535' title='bbox 2062 3854 2145 3902; x_wconf 89' lang='lat' dir='ltr'><strong>est</strong></span> 
     </span>
    </p>
   </div>
   <div class='ocr_carea' id='block_1_69' title="bbox 573 3935 2143 4010">
    <p class='ocr_par' dir='ltr' id='par_1_69' title="bbox 573 3935 2143 4010">
     <span class='ocr_line' id='line_1_69' title="bbox 573 3935 2143 4010; baseline -0.001 -16"><span class='ocrx_word' id='word_1_536' title='bbox 573 3952 707 4010; x_wconf 89' lang='lat' dir='ltr'><strong>pace</strong></span> <span class='ocrx_word' id='word_1_537' title='bbox 737 3936 865 4001; x_wconf 88' lang='lat' dir='ltr'><strong>frui,</strong></span> <span class='ocrx_word' id='word_1_538' title='bbox 901 3936 995 3991; x_wconf 89' lang='lat' dir='ltr'><strong>sed</strong></span> <span class='ocrx_word' id='word_1_539' title='bbox 1029 3935 1136 3991; x_wconf 90' lang='lat' dir='ltr'><strong>isto</strong></span> <span class='ocrx_word' id='word_1_540' title='bbox 1186 3936 1345 3990; x_wconf 92' lang='lat' dir='ltr'><strong>modo</strong></span> <span class='ocrx_word' id='word_1_541' title='bbox 1396 3950 1547 3992; x_wconf 90' lang='lat' dir='ltr'><strong>meos</strong></span> <span class='ocrx_word' id='word_1_542' title='bbox 1606 3935 1807 3993; x_wconf 88' lang='lat' dir='ltr'><strong>habere</strong></span> <span class='ocrx_word' id='word_1_543' title='bbox 1869 3938 2143 4006; x_wconf 87' lang='lat' dir='ltr'><strong>subjectos</strong></span> 
     </span>
    </p>
   </div>
   <div class='ocr_carea' id='block_1_70' title="bbox 576 4025 2143 4098">
    <p class='ocr_par' dir='ltr' id='par_1_70' title="bbox 576 4025 2143 4098">
     <span class='ocr_line' id='line_1_70' title="bbox 576 4025 2143 4098; baseline 0.001 -15"><span class='ocrx_word' id='word_1_544' title='bbox 576 4027 825 4083; x_wconf 82' lang='lat' dir='ltr'><strong>audetis?</strong></span> <span class='ocrx_word' id='word_1_545' title='bbox 877 4025 1140 4097; x_wconf 89' lang='lat' dir='ltr'><strong>Equidem</strong></span> <span class='ocrx_word' id='word_1_546' title='bbox 1190 4041 1288 4096; x_wconf 85' lang='lat' dir='ltr'><strong>per</strong></span> <span class='ocrx_word' id='word_1_547' title='bbox 1318 4025 1487 4082; x_wconf 89' lang='lat' dir='ltr'><strong>Deum</strong></span> <span class='ocrx_word' id='word_1_548' title='bbox 1514 4027 1641 4096; x_wconf 88' lang='lat' dir='ltr'><strong>juro</strong></span> <span class='ocrx_word' id='word_1_549' title='bbox 1690 4029 1810 4095; x_wconf 86' lang='lat' dir='ltr'><strong>tibi,</strong></span> <span class='ocrx_word' id='word_1_550' title='bbox 1848 4044 2005 4098; x_wconf 88' lang='lat' dir='ltr'><strong>posse</strong></span> <span class='ocrx_word' id='word_1_551' title='bbox 2037 4046 2143 4093; x_wconf 85' lang='lat' dir='ltr'><strong>me,</strong></span> 
     </span>
    </p>
   </div>
   <div class='ocr_carea' id='block_1_71' title="bbox 576 4106 2144 4189">
    <p class='ocr_par' dir='ltr' id='par_1_71' title="bbox 576 4106 2144 4189">
     <span class='ocr_line' id='line_1_71' title="bbox 576 4106 2144 4189; baseline 0.001 -16"><span class='ocrx_word' id='word_1_552' title='bbox 576 4118 703 4174; x_wconf 85' lang='lat' dir='ltr'><strong>talia</strong></span> <span class='ocrx_word' id='word_1_553' title='bbox 739 4119 831 4189; x_wconf 89' lang='lat' dir='ltr'><strong>qui</strong></span> <span class='ocrx_word' id='word_1_554' title='bbox 886 4118 1143 4184; x_wconf 78' lang='lat' dir='ltr'><strong>audeant,</strong></span> <span class='ocrx_word' id='word_1_555' title='bbox 1190 4117 1405 4187; x_wconf 83' lang='lat' dir='ltr'><strong>punire.</strong></span> <span class='ocrx_word' id='word_1_556' title='bbox 1435 4106 1469 4169; x_wconf 76' lang='grc'><strong>⁸»</strong></span> <span class='ocrx_word' id='word_1_557' title='bbox 1510 4118 1627 4173; x_wconf 84' lang='lat' dir='ltr'><strong>Alia</strong></span> <span class='ocrx_word' id='word_1_558' title='bbox 1660 4130 1918 4187; x_wconf 74' lang='lat' dir='ltr'><strong>prteterea</strong></span> <span class='ocrx_word' id='word_1_559' title='bbox 1949 4136 2144 4189; x_wconf 86' lang='lat' dir='ltr'><strong>aspera</strong></span> 
     </span>
    </p>
   </div>
   <div class='ocr_carea' id='block_1_72' title="bbox 576 4208 2145 4279">
    <p class='ocr_par' dir='ltr' id='par_1_72' title="bbox 576 4208 2145 4279">
     <span class='ocr_line' id='line_1_72' title="bbox 576 4208 2145 4279; baseline 0.003 -18"><span class='ocrx_word' id='word_1_560' title='bbox 576 4211 738 4265; x_wconf 87' lang='lat' dir='ltr'><strong>verba</strong></span> <span class='ocrx_word' id='word_1_561' title='bbox 790 4210 1051 4265; x_wconf 86' lang='lat' dir='ltr'><strong>adversus</strong></span> <span class='ocrx_word' id='word_1_562' title='bbox 1087 4208 1466 4277; x_wconf 80' lang='lat' dir='ltr'><strong>imperatorem</strong></span> <span class='ocrx_word' id='word_1_563' title='bbox 1503 4216 1557 4263; x_wconf 90' lang='lat' dir='ltr'><strong>et</strong></span> <span class='ocrx_word' id='word_1_564' title='bbox 1612 4209 1848 4279; x_wconf 90' lang='lat' dir='ltr'><strong>reliquos</strong></span> <span class='ocrx_word' id='word_1_565' title='bbox 1875 4211 2145 4279; x_wconf 87' lang='lat' dir='ltr'><strong>principes</strong></span> 
     </span>
    </p>
   </div>
   <div class='ocr_carea' id='block_1_73' title="bbox 563 4297 2149 4368">
    <p class='ocr_par' dir='ltr' id='par_1_73' title="bbox 563 4297 2149 4368">
     <span class='ocr_line' id='line_1_73' title="bbox 563 4297 2149 4368; baseline 0.001 -17"><span class='ocrx_word' id='word_1_566' title='bbox 563 4300 933 4365; x_wconf 81' lang='lat' dir='ltr'><strong>Christianos,</strong></span> <span class='ocrx_word' id='word_1_567' title='bbox 967 4300 1033 4354; x_wconf 93' lang='lat' dir='ltr'><strong>de</strong></span> <span class='ocrx_word' id='word_1_568' title='bbox 1079 4298 1275 4367; x_wconf 87' lang='lat' dir='ltr'><strong>quibus</strong></span> <span class='ocrx_word' id='word_1_569' title='bbox 1321 4297 1577 4361; x_wconf 82' lang='lat' dir='ltr'><strong>diximus,</strong></span> <span class='ocrx_word' id='word_1_570' title='bbox 1635 4299 1897 4367; x_wconf 88' lang='lat' dir='ltr'><strong>jactavit:</strong></span> <span class='ocrx_word' id='word_1_571' title='bbox 1953 4299 2149 4368; x_wconf 62' lang='lat' dir='ltr'><strong>quibus</strong></span> 
     </span>
    </p>
   </div>
   <div class='ocr_carea' id='block_1_74' title="bbox 2242 3291 3795 3371">
    <p class='ocr_par' dir='ltr' id='par_1_74' title="bbox 2242 3291 3795 3371">
     <span class='ocr_line' id='line_1_74' title="bbox 2242 3291 3795 3371; baseline 0 -18"><span class='ocrx_word' id='word_1_572' title='bbox 2242 3314 2362 3370; x_wconf 70' lang='lat' dir='ltr'><strong>qua:</strong></span> <span class='ocrx_word' id='word_1_573' title='bbox 2388 3291 2508 3366; x_wconf 69' lang='lat' dir='ltr'><strong>j&#39;nre</strong></span> <span class='ocrx_word' id='word_1_574' title='bbox 2533 3300 2598 3353; x_wconf 85' lang='lat' dir='ltr'><strong>ad</strong></span> <span class='ocrx_word' id='word_1_575' title='bbox 2651 3301 2734 3354; x_wconf 90' lang='lat' dir='ltr'><strong>sui</strong></span> <span class='ocrx_word' id='word_1_576' title='bbox 2768 3300 2917 3367; x_wconf 82' lang='lat' dir='ltr'><strong>regni</strong></span> <span class='ocrx_word' id='word_1_577' title='bbox 2968 3298 3274 3371; x_wconf 85' lang='lat' dir='ltr'><strong>provincias</strong></span> <span class='ocrx_word' id='word_1_578' title='bbox 3330 3302 3639 3370; x_wconf 85' lang='lat' dir='ltr'><strong>pertineret.</strong></span> <span class='ocrx_word' id='word_1_579' title='bbox 3676 3302 3795 3355; x_wconf 63' lang='lat' dir='ltr'><strong>Hoc</strong></span> 
     </span>
    </p>
   </div>
   <div class='ocr_carea' id='block_1_75' title="bbox 2243 3388 3777 3460">
    <p class='ocr_par' dir='ltr' id='par_1_75' title="bbox 2243 3388 3777 3460">
     <span class='ocr_line' id='line_1_75' title="bbox 2243 3388 3777 3460; baseline -0.001 -16"><span class='ocrx_word' id='word_1_580' title='bbox 2243 3390 2443 3444; x_wconf 88' lang='lat' dir='ltr'><strong>dicenti</strong></span> <span class='ocrx_word' id='word_1_581' title='bbox 2474 3390 2652 3460; x_wconf 78' lang='lat' dir='ltr'><strong>legato</strong></span> <span class='ocrx_word' id='word_1_582' title='bbox 2685 3388 2962 3459; x_wconf 74' lang='lat' dir='ltr'><strong>Bajazetes</strong></span> <span class='ocrx_word' id='word_1_583' title='bbox 2995 3389 3128 3444; x_wconf 90' lang='lat' dir='ltr'><strong>nihil</strong></span> <span class='ocrx_word' id='word_1_584' title='bbox 3160 3392 3453 3458; x_wconf 88' lang='lat' dir='ltr'><strong>respondit,</strong></span> <span class='ocrx_word' id='word_1_585' title='bbox 3480 3393 3574 3448; x_wconf 85' lang='lat' dir='ltr'><strong>sed</strong></span> <span class='ocrx_word' id='word_1_586' title='bbox 3623 3407 3777 3444; x_wconf 82' lang='lat' dir='ltr'><strong>manu</strong></span> 
     </span>
    </p>
   </div>
   <div class='ocr_carea' id='block_1_76' title="bbox 2244 3480 3775 3550">
    <p class='ocr_par' dir='ltr' id='par_1_76' title="bbox 2244 3480 3775 3550">
     <span class='ocr_line' id='line_1_76' title="bbox 2244 3480 3775 3550; baseline 0.001 -17"><span class='ocrx_word' id='word_1_587' title='bbox 2244 3480 2584 3550; x_wconf 84' lang='lat' dir='ltr'><strong>apprehenso</strong></span> <span class='ocrx_word' id='word_1_588' title='bbox 2620 3482 2838 3535; x_wconf 89' lang='lat' dir='ltr'><strong>domum</strong></span> <span class='ocrx_word' id='word_1_589' title='bbox 2889 3480 3120 3550; x_wconf 86' lang='lat' dir='ltr'><strong>amplam</strong></span> <span class='ocrx_word' id='word_1_590' title='bbox 3155 3482 3411 3542; x_wconf 87' lang='lat' dir='ltr'><strong>ostendit.</strong></span> <span class='ocrx_word' id='word_1_591' title='bbox 3440 3484 3576 3537; x_wconf 89' lang='lat' dir='ltr'><strong>omni</strong></span> <span class='ocrx_word' id='word_1_592' title='bbox 3604 3496 3775 3535; x_wconf 87' lang='lat' dir='ltr'><strong>armo-</strong></span> 
     </span>
    </p>
   </div>
   <div class='ocr_carea' id='block_1_77' title="bbox 2244 3572 3781 3643">
    <p class='ocr_par' dir='ltr' id='par_1_77' title="bbox 2244 3572 3781 3643">
     <span class='ocr_line' id='line_1_77' title="bbox 2244 3572 3781 3643; baseline -0.002 -16"><span class='ocrx_word' id='word_1_593' title='bbox 2244 3586 2361 3627; x_wconf 89' lang='lat' dir='ltr'><strong>rum</strong></span> <span class='ocrx_word' id='word_1_594' title='bbox 2394 3586 2614 3641; x_wconf 82' lang='lat' dir='ltr'><strong>genere,</strong></span> <span class='ocrx_word' id='word_1_595' title='bbox 2668 3572 2994 3641; x_wconf 72' lang='lat' dir='ltr'><strong>rhompbtcis</strong></span> <span class='ocrx_word' id='word_1_596' title='bbox 3051 3572 3353 3643; x_wconf 85' lang='lat' dir='ltr'><strong>gladiisque</strong></span> <span class='ocrx_word' id='word_1_597' title='bbox 3384 3576 3509 3630; x_wconf 84' lang='lat' dir='ltr'><strong>bene</strong></span> <span class='ocrx_word' id='word_1_598' title='bbox 3558 3572 3781 3641; x_wconf 81' lang='lat' dir='ltr'><strong>disposi-</strong></span> 
     </span>
    </p>
   </div>
   <div class='ocr_carea' id='block_1_78' title="bbox 2244 3662 3786 3745">
    <p class='ocr_par' dir='ltr' id='par_1_78' title="bbox 2244 3662 3786 3745">
     <span class='ocr_line' id='line_1_78' title="bbox 2244 3662 3786 3745; baseline -0.002 -26"><span class='ocrx_word' id='word_1_599' title='bbox 2244 3664 2314 3719; x_wconf 85' lang='lat' dir='ltr'><strong>tis</strong></span> <span class='ocrx_word' id='word_1_600' title='bbox 2342 3673 2398 3718; x_wconf 90' lang='lat' dir='ltr'><strong>et</strong></span> <span class='ocrx_word' id='word_1_601' title='bbox 2428 3662 2729 3730; x_wconf 84' lang='lat' dir='ltr'><strong>adornatis,</strong></span> <span class='ocrx_word' id='word_1_602' title='bbox 2760 3662 3040 3718; x_wconf 81' lang='lat' dir='ltr'><strong>refertam.</strong></span> <span class='ocrx_word' id='word_1_603' title='bbox 3065 3664 3200 3719; x_wconf 89' lang='lat' dir='ltr'><strong>Tum</strong></span> <span class='ocrx_word' id='word_1_604' title='bbox 3231 3664 3463 3734; x_wconf 83' lang='lat' dir='ltr'><strong>legatum</strong></span> <span class='ocrx_word' id='word_1_605' title='bbox 3496 3667 3786 3745; x_wconf 61' lang='lat' dir='ltr'><strong>allocutus:</strong></span> 
     </span>
    </p>
   </div>
   <div class='ocr_carea' id='block_1_79' title="bbox 2250 3750 3798 3822">
    <p class='ocr_par' dir='ltr' id='par_1_79' title="bbox 2250 3750 3798 3822">
     <span class='ocr_line' id='line_1_79' title="bbox 2250 3750 3798 3822; baseline -0.002 -15"><span class='ocrx_word' id='word_1_606' title='bbox 2250 3773 2271 3807; x_wconf 77' lang='grc' dir='ltr'><strong>ι</strong></span> <span class='ocrx_word' id='word_1_607' title='bbox 2313 3752 2463 3819; x_wconf 69' lang='lat' dir='ltr'><strong>Haec,</strong></span> <span class='ocrx_word' id='word_1_608' title='bbox 2496 3752 2688 3822; x_wconf 88' lang='lat' dir='ltr'><strong>inquit.</strong></span> <span class='ocrx_word' id='word_1_609' title='bbox 2737 3752 2873 3821; x_wconf 87' lang='lat' dir='ltr'><strong>regi,</strong></span> <span class='ocrx_word' id='word_1_610' title='bbox 2929 3750 3148 3807; x_wconf 89' lang='lat' dir='ltr'><strong>domino</strong></span> <span class='ocrx_word' id='word_1_611' title='bbox 3203 3762 3328 3820; x_wconf 90' lang='lat' dir='ltr'><strong>tuo,</strong></span> <span class='ocrx_word' id='word_1_612' title='bbox 3391 3755 3673 3810; x_wconf 87' lang='lat' dir='ltr'><strong>renuntia:</strong></span> <span class='ocrx_word' id='word_1_613' title='bbox 3713 3752 3798 3819; x_wconf 88' lang='lat' dir='ltr'><strong>jus</strong></span> 
     </span>
    </p>
   </div>
   <div class='ocr_carea' id='block_1_80' title="bbox 2246 3843 3796 3914">
    <p class='ocr_par' dir='ltr' id='par_1_80' title="bbox 2246 3843 3796 3914">
     <span class='ocr_line' id='line_1_80' title="bbox 2246 3843 3796 3914; baseline -0.003 -14"><span class='ocrx_word' id='word_1_614' title='bbox 2246 3860 2447 3910; x_wconf 91' lang='lat' dir='ltr'><strong>meum,</strong></span> <span class='ocrx_word' id='word_1_615' title='bbox 2484 3848 2623 3913; x_wconf 91' lang='lat' dir='ltr'><strong>quod</strong></span> <span class='ocrx_word' id='word_1_616' title='bbox 2654 3845 2706 3899; x_wconf 91' lang='lat' dir='ltr'><strong>in</strong></span> <span class='ocrx_word' id='word_1_617' title='bbox 2746 3843 3002 3914; x_wconf 84' lang='lat' dir='ltr'><strong>Bulgaria</strong></span> <span class='ocrx_word' id='word_1_618' title='bbox 3052 3858 3301 3910; x_wconf 83' lang='lat' dir='ltr'><strong>exerceo,</strong></span> <span class='ocrx_word' id='word_1_619' title='bbox 3362 3848 3477 3903; x_wconf 62' lang='lat' dir='ltr'><strong>llaec</strong></span> <span class='ocrx_word' id='word_1_620' title='bbox 3510 3861 3630 3901; x_wconf 91' lang='lat' dir='ltr'><strong>esse</strong></span> <span class='ocrx_word' id='word_1_621' title='bbox 3658 3858 3796 3898; x_wconf 89' lang='lat' dir='ltr'><strong>arma</strong></span> 
     </span>
    </p>
   </div>
   <div class='ocr_carea' id='block_1_81' title="bbox 2245 3936 3800 4007">
    <p class='ocr_par' dir='ltr' id='par_1_81' title="bbox 2245 3936 3800 4007">
     <span class='ocr_line' id='line_1_81' title="bbox 2245 3936 3800 4007; baseline -0.003 -17"><span class='ocrx_word' id='word_1_622' title='bbox 2245 3948 2644 4007; x_wconf 90' lang='lat' dir='ltr'><strong>apparatusque</strong></span> <span class='ocrx_word' id='word_1_623' title='bbox 2676 3978 2688 4002; x_wconf 90' lang='lat'><strong>,</strong></span> <span class='ocrx_word' id='word_1_624' title='bbox 2757 3950 2897 4004; x_wconf 91' lang='lat' dir='ltr'><strong>quos</strong></span> <span class='ocrx_word' id='word_1_625' title='bbox 2948 3936 3157 3991; x_wconf 84' lang='lat' dir='ltr'><strong>vidisti.</strong></span> <span class='ocrx_word' id='word_1_626' title='bbox 3202 3954 3221 3987; x_wconf 72' lang='grc' dir='ltr'><strong>ι</strong></span> <span class='ocrx_word' id='word_1_627' title='bbox 3284 3936 3667 4006; x_wconf 87' lang='lat' dir='ltr'><strong>Sigismundus</strong></span> <span class='ocrx_word' id='word_1_628' title='bbox 3716 3950 3800 3988; x_wconf 76' lang='lat' dir='ltr'><strong>rex</strong></span> 
     </span>
    </p>
   </div>
   <div class='ocr_carea' id='block_1_82' title="bbox 2248 4027 3804 4096">
    <p class='ocr_par' dir='ltr' id='par_1_82' title="bbox 2248 4027 3804 4096">
     <span class='ocr_line' id='line_1_82' title="bbox 2248 4027 3804 4096; baseline -0.004 -12"><span class='ocrx_word' id='word_1_629' title='bbox 2248 4029 2361 4085; x_wconf 66' lang='lat' dir='ltr'><strong>haec</strong></span> <span class='ocrx_word' id='word_1_630' title='bbox 2386 4044 2511 4084; x_wconf 90' lang='lat' dir='ltr'><strong>cum</strong></span> <span class='ocrx_word' id='word_1_631' title='bbox 2560 4028 2800 4083; x_wconf 83' lang='lat' dir='ltr'><strong>audisset</strong></span> <span class='ocrx_word' id='word_1_632' title='bbox 2843 4043 2871 4080; x_wconf 88' lang='lat' dir='ltr'><strong>a</strong></span> <span class='ocrx_word' id='word_1_633' title='bbox 2903 4027 3095 4096; x_wconf 84' lang='lat' dir='ltr'><strong>legato,</strong></span> <span class='ocrx_word' id='word_1_634' title='bbox 3142 4043 3206 4082; x_wconf 79' lang='lat' dir='ltr'><strong>ex</strong></span> <span class='ocrx_word' id='word_1_635' title='bbox 3233 4041 3298 4082; x_wconf 90' lang='lat' dir='ltr'><strong>eo</strong></span> <span class='ocrx_word' id='word_1_636' title='bbox 3340 4029 3532 4084; x_wconf 89' lang='lat' dir='ltr'><strong>nuntio</strong></span> <span class='ocrx_word' id='word_1_637' title='bbox 3560 4038 3614 4084; x_wconf 87' lang='lat' dir='ltr'><strong>et</strong></span> <span class='ocrx_word' id='word_1_638' title='bbox 3663 4040 3804 4081; x_wconf 83' lang='lat' dir='ltr'><strong>arro-</strong></span> 
     </span>
    </p>
   </div>
   <div class='ocr_carea' id='block_1_83' title="bbox 2246 4120 3818 4191">
    <p class='ocr_par' dir='ltr' id='par_1_83' title="bbox 2246 4120 3818 4191">
     <span class='ocr_line' id='line_1_83' title="bbox 2246 4120 3818 4191; baseline -0.005 -16"><span class='ocrx_word' id='word_1_639' title='bbox 2246 4123 2427 4190; x_wconf 84' lang='lat' dir='ltr'><strong>gantia</strong></span> <span class='ocrx_word' id='word_1_640' title='bbox 2463 4136 2658 4175; x_wconf 73' lang='lat' dir='ltr'><strong>amerze</strong></span> <span class='ocrx_word' id='word_1_641' title='bbox 2720 4135 2937 4189; x_wconf 89' lang='lat' dir='ltr'><strong>gravem</strong></span> <span class='ocrx_word' id='word_1_642' title='bbox 2992 4120 3230 4174; x_wconf 88' lang='lat' dir='ltr'><strong>dolorem</strong></span> <span class='ocrx_word' id='word_1_643' title='bbox 3280 4122 3560 4191; x_wconf 84' lang='lat' dir='ltr'><strong>percepit;</strong></span> <span class='ocrx_word' id='word_1_644' title='bbox 3601 4130 3655 4177; x_wconf 88' lang='lat' dir='ltr'><strong>et</strong></span> <span class='ocrx_word' id='word_1_645' title='bbox 3685 4133 3818 4176; x_wconf 88' lang='lat' dir='ltr'><strong>c0n-_</strong></span> 
     </span>
    </p>
   </div>
   <div class='ocr_carea' id='block_1_84' title="bbox 2232 4204 3806 4282">
    <p class='ocr_par' dir='ltr' id='par_1_84' title="bbox 2232 4204 3806 4282">
     <span class='ocr_line' id='line_1_84' title="bbox 2232 4204 3806 4282; baseline -0.002 -15"><span class='ocrx_word' id='word_1_646' title='bbox 2232 4204 2428 4267; x_wconf 75' lang='lat' dir='ltr'><strong>&#39;festim</strong></span> <span class='ocrx_word' id='word_1_647' title='bbox 2464 4227 2658 4282; x_wconf 83' lang='lat' dir='ltr'><strong>magno</strong></span> <span class='ocrx_word' id='word_1_648' title='bbox 2692 4212 2929 4267; x_wconf 79' lang='lat' dir='ltr'><strong>exercitu</strong></span> <span class='ocrx_word' id='word_1_649' title='bbox 2964 4215 3298 4270; x_wconf 89' lang='lat' dir='ltr'><strong>mercenario</strong></span> <span class='ocrx_word' id='word_1_650' title='bbox 3347 4226 3538 4273; x_wconf 84' lang='lat' dir='ltr'><strong>coacto</strong></span> <span class='ocrx_word' id='word_1_651' title='bbox 3595 4224 3651 4271; x_wconf 86' lang='lat' dir='ltr'><strong>et</strong></span> <span class='ocrx_word' id='word_1_652' title='bbox 3702 4214 3806 4268; x_wconf 82' lang='lat' dir='ltr'><strong>suis</strong></span> 
     </span>
    </p>
   </div>
   <div class='ocr_carea' id='block_1_85' title="bbox 2249 4304 3805 4377">
    <p class='ocr_par' dir='ltr' id='par_1_85' title="bbox 2249 4304 3805 4377">
     <span class='ocr_line' id='line_1_85' title="bbox 2249 4304 3805 4377; baseline 0.001 -19"><span class='ocrx_word' id='word_1_653' title='bbox 2249 4306 2417 4375; x_wconf 89' lang='lat' dir='ltr'><strong>ipsius</strong></span> <span class='ocrx_word' id='word_1_654' title='bbox 2442 4306 2608 4373; x_wconf 89' lang='lat' dir='ltr'><strong>copiis</strong></span> <span class='ocrx_word' id='word_1_655' title='bbox 2644 4304 2925 4358; x_wconf 88' lang='lat' dir='ltr'><strong>instructis</strong></span> <span class='ocrx_word' id='word_1_656' title='bbox 2976 4305 3208 4374; x_wconf 86' lang='lat' dir='ltr'><strong>aliisque</strong></span> <span class='ocrx_word' id='word_1_657' title='bbox 3258 4306 3441 4362; x_wconf 88' lang='lat' dir='ltr'><strong>multis</strong></span> <span class='ocrx_word' id='word_1_658' title='bbox 3475 4306 3805 4377; x_wconf 75' lang='lat' dir='ltr'><strong>principibus</strong></span> 
     </span>
    </p>
   </div>
   <div class='ocr_carea' id='block_1_86' title="bbox 577 4379 3805 4466">
    <p class='ocr_par' dir='ltr' id='par_1_86' title="bbox 577 4379 3805 4466">
     <span class='ocr_line' id='line_1_86' title="bbox 577 4379 3805 4466; baseline 0.002 -20"><span class='ocrx_word' id='word_1_659' title='bbox 577 4390 651 4448; x_wconf 85' lang='lat' dir='ltr'><strong>illi</strong></span> <span class='ocrx_word' id='word_1_660' title='bbox 684 4388 1012 4460; x_wconf 86' lang='lat' dir='ltr'><strong>aliquamdiu</strong></span> <span class='ocrx_word' id='word_1_661' title='bbox 1045 4382 1248 4453; x_wconf 71' lang='lat' dir='ltr'><strong>aMicti,</strong></span> <span class='ocrx_word' id='word_1_662' title='bbox 1292 4402 1417 4442; x_wconf 76' lang='lat' dir='ltr'><strong>mox</strong></span> <span class='ocrx_word' id='word_1_663' title='bbox 1445 4388 1787 4444; x_wconf 86' lang='lat' dir='ltr'><strong>occasionem</strong></span> <span class='ocrx_word' id='word_1_664' title='bbox 1818 4388 2147 4454; x_wconf 88' lang='lat' dir='ltr'><strong>idoneam,et</strong></span> <span class='ocrx_word' id='word_1_665' title='bbox 2173 4379 2227 4441; x_wconf 84' lang='lat' dir='ltr'><strong>D</strong></span> <span class='ocrx_word' id='word_1_666' title='bbox 2253 4397 2453 4450; x_wconf 74' lang='lat' dir='ltr'><strong>auxilio</strong></span> <span class='ocrx_word' id='word_1_667' title='bbox 2483 4397 2705 4461; x_wconf 81' lang='lat' dir='ltr'><strong>vocalis,</strong></span> <span class='ocrx_word' id='word_1_668' title='bbox 2737 4397 2854 4450; x_wconf 89' lang='lat' dir='ltr'><strong>sine</strong></span> <span class='ocrx_word' id='word_1_669' title='bbox 2903 4396 3009 4450; x_wconf 88' lang='lat' dir='ltr'><strong>ulla</strong></span> <span class='ocrx_word' id='word_1_670' title='bbox 3040 4399 3291 4452; x_wconf 84' lang='lat' dir='ltr'><strong>mercede</strong></span> <span class='ocrx_word' id='word_1_671' title='bbox 3336 4398 3417 4453; x_wconf 91' lang='lat' dir='ltr'><strong>vel</strong></span> <span class='ocrx_word' id='word_1_672' title='bbox 3478 4399 3645 4465; x_wconf 91' lang='lat' dir='ltr'><strong>victu,</strong></span> <span class='ocrx_word' id='word_1_673' title='bbox 3679 4412 3805 4466; x_wconf 79' lang='lat' dir='ltr'><strong>pra:-</strong></span> 
     </span>
    </p>
   </div>
   <div class='ocr_carea' id='block_1_87' title="bbox 578 4477 2143 4549">
    <p class='ocr_par' dir='ltr' id='par_1_87' title="bbox 578 4477 2143 4549">
     <span class='ocr_line' id='line_1_87' title="bbox 578 4477 2143 4549; baseline -0.002 -14"><span class='ocrx_word' id='word_1_674' title='bbox 578 4498 798 4538; x_wconf 70' lang='lat' dir='ltr'><strong>rausam</strong></span> <span class='ocrx_word' id='word_1_675' title='bbox 860 4479 1160 4549; x_wconf 72' lang='lat' dir='ltr'><strong>Speciosam</strong></span> <span class='ocrx_word' id='word_1_676' title='bbox 1220 4477 1630 4547; x_wconf 86' lang='lat' dir='ltr'><strong>quaesiverunt,</strong></span> <span class='ocrx_word' id='word_1_677' title='bbox 1692 4493 1796 4547; x_wconf 90' lang='lat' dir='ltr'><strong>qua</strong></span> <span class='ocrx_word' id='word_1_678' title='bbox 1852 4481 2143 4549; x_wconf 90' lang='lat' dir='ltr'><strong>promissa,</strong></span> 
     </span>
    </p>
   </div>
   <div class='ocr_carea' id='block_1_88' title="bbox 578 4568 2144 4643">
    <p class='ocr_par' dir='ltr' id='par_1_88' title="bbox 578 4568 2144 4643">
     <span class='ocr_line' id='line_1_88' title="bbox 578 4568 2144 4643; baseline -0.003 -17"><span class='ocrx_word' id='word_1_679' title='bbox 578 4585 735 4643; x_wconf 85' lang='lat' dir='ltr'><strong>pacta</strong></span> <span class='ocrx_word' id='word_1_680' title='bbox 763 4579 817 4627; x_wconf 91' lang='lat' dir='ltr'><strong>et</strong></span> <span class='ocrx_word' id='word_1_681' title='bbox 847 4569 1043 4634; x_wconf 82' lang='lat' dir='ltr'><strong>ollicia,</strong></span> <span class='ocrx_word' id='word_1_682' title='bbox 1103 4568 1301 4637; x_wconf 85' lang='lat' dir='ltr'><strong>quibus</strong></span> <span class='ocrx_word' id='word_1_683' title='bbox 1353 4581 1553 4623; x_wconf 68' lang='lat' dir='ltr'><strong>amera:</strong></span> <span class='ocrx_word' id='word_1_684' title='bbox 1610 4582 1670 4624; x_wconf 91' lang='lat' dir='ltr'><strong>se</strong></span> <span class='ocrx_word' id='word_1_685' title='bbox 1721 4568 2144 4637; x_wconf 65' lang='lat' dir='ltr'><strong>obsta-inseram,</strong></span> 
     </span>
    </p>
   </div>
   <div class='ocr_carea' id='block_1_89' title="bbox 577 4659 2150 4735">
    <p class='ocr_par' dir='ltr' id='par_1_89' title="bbox 577 4659 2150 4735">
     <span class='ocr_line' id='line_1_89' title="bbox 577 4659 2150 4735; baseline -0.003 -15"><span class='ocrx_word' id='word_1_686' title='bbox 577 4668 895 4735; x_wconf 81' lang='lat' dir='ltr'><strong>enugerent.</strong></span> <span class='ocrx_word' id='word_1_687' title='bbox 922 4661 1108 4730; x_wconf 84' lang='lat' dir='ltr'><strong>itaque</strong></span> <span class='ocrx_word' id='word_1_688' title='bbox 1126 4667 1418 4731; x_wconf 76' lang='lat' dir='ltr'><strong>postquam</strong></span> <span class='ocrx_word' id='word_1_689' title='bbox 1448 4659 1799 4731; x_wconf 88' lang='lat' dir='ltr'><strong>pactionibus</strong></span> <span class='ocrx_word' id='word_1_690' title='bbox 1826 4671 1879 4716; x_wconf 92' lang='lat' dir='ltr'><strong>et</strong></span> <span class='ocrx_word' id='word_1_691' title='bbox 1903 4662 2037 4717; x_wconf 87' lang='lat' dir='ltr'><strong>diris</strong></span> <span class='ocrx_word' id='word_1_692' title='bbox 2062 4678 2150 4717; x_wconf 85' lang='lat' dir='ltr'><strong>sa-</strong></span> 
     </span>
    </p>
   </div>
   <div class='ocr_carea' id='block_1_90' title="bbox 545 4751 2151 4819">
    <p class='ocr_par' dir='ltr' id='par_1_90' title="bbox 545 4751 2151 4819">
     <span class='ocr_line' id='line_1_90' title="bbox 545 4751 2151 4819; baseline -0.001 -9"><span class='ocrx_word' id='word_1_693' title='bbox 545 4756 876 4819; x_wconf 74' lang='lat' dir='ltr'><strong>:cramentis</strong></span> <span class='ocrx_word' id='word_1_694' title='bbox 926 4753 1064 4810; x_wconf 88' lang='lat' dir='ltr'><strong>clam</strong></span> <span class='ocrx_word' id='word_1_695' title='bbox 1104 4767 1163 4807; x_wconf 80' lang='lat' dir='ltr'><strong>se</strong></span> <span class='ocrx_word' id='word_1_696' title='bbox 1217 4751 1446 4807; x_wconf 90' lang='lat' dir='ltr'><strong>invicem</strong></span> <span class='ocrx_word' id='word_1_697' title='bbox 1497 4751 1876 4819; x_wconf 62' lang='lat' dir='ltr'><strong>dormierunt,</strong></span> <span class='ocrx_word' id='word_1_698' title='bbox 1932 4764 1989 4807; x_wconf 93' lang='lat' dir='ltr'><strong>ut</strong></span> <span class='ocrx_word' id='word_1_699' title='bbox 2017 4768 2151 4809; x_wconf 89' lang='lat' dir='ltr'><strong>con-</strong></span> 
     </span>
    </p>
   </div>
   <div class='ocr_carea' id='block_1_91' title="bbox 577 4838 2147 4914">
    <p class='ocr_par' dir='ltr' id='par_1_91' title="bbox 577 4838 2147 4914">
     <span class='ocr_line' id='line_1_91' title="bbox 577 4838 2147 4914; baseline -0.003 -10"><span class='ocrx_word' id='word_1_700' title='bbox 577 4838 886 4904; x_wconf 81' lang='lat' dir='ltr'><strong>sensionem</strong></span> <span class='ocrx_word' id='word_1_701' title='bbox 909 4854 961 4900; x_wconf 86' lang='lat' dir='ltr'><strong>et</strong></span> <span class='ocrx_word' id='word_1_702' title='bbox 1005 4844 1349 4901; x_wconf 88' lang='lat' dir='ltr'><strong>concordiam</strong></span> <span class='ocrx_word' id='word_1_703' title='bbox 1377 4854 1656 4900; x_wconf 87' lang='lat' dir='ltr'><strong>servarent</strong></span> <span class='ocrx_word' id='word_1_704' title='bbox 1703 4838 1877 4914; x_wconf 79' lang='lat' dir='ltr'><strong>usqu&#39;e</strong></span> <span class='ocrx_word' id='word_1_705' title='bbox 1901 4845 1967 4899; x_wconf 92' lang='lat' dir='ltr'><strong>ad</strong></span> <span class='ocrx_word' id='word_1_706' title='bbox 2000 4860 2147 4901; x_wconf 85' lang='lat' dir='ltr'><strong>mor-</strong></span> 
     </span>
    </p>
   </div>
   <div class='ocr_carea' id='block_1_92' title="bbox 579 4934 2146 5004">
    <p class='ocr_par' dir='ltr' id='par_1_92' title="bbox 579 4934 2146 5004">
     <span class='ocr_line' id='line_1_92' title="bbox 579 4934 2146 5004; baseline -0.001 -14"><span class='ocrx_word' id='word_1_707' title='bbox 579 4948 709 5001; x_wconf 76' lang='lat' dir='ltr'><strong>tem,</strong></span> <span class='ocrx_word' id='word_1_708' title='bbox 770 4950 880 5004; x_wconf 87' lang='lat' dir='ltr'><strong>quo</strong></span> <span class='ocrx_word' id='word_1_709' title='bbox 923 4935 1131 4991; x_wconf 83' lang='lat' dir='ltr'><strong>firmius</strong></span> <span class='ocrx_word' id='word_1_710' title='bbox 1178 4943 1322 4995; x_wconf 81' lang='lat' dir='ltr'><strong>esset</strong></span> <span class='ocrx_word' id='word_1_711' title='bbox 1379 4934 1802 5003; x_wconf 71' lang='lat' dir='ltr'><strong>bujusfmderis</strong></span> <span class='ocrx_word' id='word_1_712' title='bbox 1848 4935 2146 5001; x_wconf 89' lang='lat' dir='ltr'><strong>vinculum,</strong></span> 
     </span>
    </p>
   </div>
   <div class='ocr_carea' id='block_1_93' title="bbox 577 5026 2146 5097">
    <p class='ocr_par' dir='ltr' id='par_1_93' title="bbox 577 5026 2146 5097">
     <span class='ocr_line' id='line_1_93' title="bbox 577 5026 2146 5097; baseline -0.003 -10"><span class='ocrx_word' id='word_1_713' title='bbox 577 5037 905 5093; x_wconf 82' lang='lat' dir='ltr'><strong>statuerunt,</strong></span> <span class='ocrx_word' id='word_1_714' title='bbox 942 5041 1001 5083; x_wconf 93' lang='lat' dir='ltr'><strong>ut</strong></span> <span class='ocrx_word' id='word_1_715' title='bbox 1039 5031 1331 5097; x_wconf 87' lang='lat' dir='ltr'><strong>imperator</strong></span> <span class='ocrx_word' id='word_1_716' title='bbox 1359 5026 1575 5083; x_wconf 77' lang='lat' dir='ltr'><strong>Manuel</strong></span> <span class='ocrx_word' id='word_1_717' title='bbox 1632 5026 1971 5083; x_wconf 86' lang='lat' dir='ltr'><strong>Constantini</strong></span> <span class='ocrx_word' id='word_1_718' title='bbox 2009 5028 2146 5083; x_wconf 88' lang='lat' dir='ltr'><strong>Dra-</strong></span> 
     </span>
    </p>
   </div>
   <div class='ocr_carea' id='block_1_94' title="bbox 580 5117 2143 5191">
    <p class='ocr_par' dir='ltr' id='par_1_94' title="bbox 580 5117 2143 5191">
     <span class='ocr_line' id='line_1_94' title="bbox 580 5117 2143 5191; baseline 0.001 -17"><span class='ocrx_word' id='word_1_719' title='bbox 580 5124 725 5191; x_wconf 82' lang='lat' dir='ltr'><strong>gasis</strong></span> <span class='ocrx_word' id='word_1_720' title='bbox 804 5120 968 5177; x_wconf 85' lang='lat' dir='ltr'><strong>ﬁliam</strong></span> <span class='ocrx_word' id='word_1_721' title='bbox 1054 5117 1403 5179; x_wconf 90' lang='lat' dir='ltr'><strong>matrimonio</strong></span> <span class='ocrx_word' id='word_1_722' title='bbox 1469 5117 1709 5188; x_wconf 86' lang='lat' dir='ltr'><strong>legitimo</strong></span> <span class='ocrx_word' id='word_1_723' title='bbox 1782 5118 1888 5174; x_wconf 89' lang='lat' dir='ltr'><strong>sibi</strong></span> <span class='ocrx_word' id='word_1_724' title='bbox 1948 5119 2143 5191; x_wconf 77' lang='lat' dir='ltr'><strong>Junge-</strong></span> 
     </span>
    </p>
   </div>
   <div class='ocr_carea' id='block_1_95' title="bbox 579 5224 682 5269">
    <p class='ocr_par' dir='ltr' id='par_1_95' title="bbox 579 5224 682 5269">
     <span class='ocr_line' id='line_1_95' title="bbox 579 5224 682 5269; baseline -0.01 0"><span class='ocrx_word' id='word_1_725' title='bbox 579 5224 682 5269; x_wconf 88' lang='lat' dir='ltr'><strong>ret.</strong></span> 
     </span>
    </p>
   </div>
   <div class='ocr_carea' id='block_1_96' title="bbox 657 5300 2145 5372">
    <p class='ocr_par' dir='ltr' id='par_1_96' title="bbox 657 5300 2145 5372">
     <span class='ocr_line' id='line_1_96' title="bbox 657 5300 2145 5372; baseline 0 -15"><span class='ocrx_word' id='word_1_726' title='bbox 657 5303 744 5358; x_wconf 69' lang='grc'><strong>14.</strong></span> <span class='ocrx_word' id='word_1_727' title='bbox 780 5301 917 5359; x_wconf 87' lang='lat' dir='ltr'><strong>Cum</strong></span> <span class='ocrx_word' id='word_1_728' title='bbox 971 5300 1248 5370; x_wconf 77' lang='lat' dir='ltr'><strong>Bajazetes</strong></span> <span class='ocrx_word' id='word_1_729' title='bbox 1297 5314 1509 5356; x_wconf 89' lang='lat' dir='ltr'><strong>ameras</strong></span> <span class='ocrx_word' id='word_1_730' title='bbox 1540 5302 1705 5357; x_wconf 90' lang='lat' dir='ltr'><strong>multa</strong></span> <span class='ocrx_word' id='word_1_731' title='bbox 1738 5301 1999 5372; x_wconf 68' lang='lat' dir='ltr'><strong>Bulgaria:</strong></span> <span class='ocrx_word' id='word_1_732' title='bbox 2026 5304 2145 5359; x_wconf 89' lang='lat' dir='ltr'><strong>loca</strong></span> 
     </span>
    </p>
   </div>
   <div class='ocr_carea' id='block_1_97' title="bbox 577 5392 2144 5464">
    <p class='ocr_par' dir='ltr' id='par_1_97' title="bbox 577 5392 2144 5464">
     <span class='ocr_line' id='line_1_97' title="bbox 577 5392 2144 5464; baseline 0 -15"><span class='ocrx_word' id='word_1_733' title='bbox 577 5402 814 5463; x_wconf 72' lang='lat' dir='ltr'><strong>cepisset</strong></span> <span class='ocrx_word' id='word_1_734' title='bbox 840 5400 895 5446; x_wconf 92' lang='lat' dir='ltr'><strong>et</strong></span> <span class='ocrx_word' id='word_1_735' title='bbox 918 5392 972 5446; x_wconf 91' lang='lat' dir='ltr'><strong>in</strong></span> <span class='ocrx_word' id='word_1_736' title='bbox 1009 5398 1335 5460; x_wconf 86' lang='lat' dir='ltr'><strong>potestatem</strong></span> <span class='ocrx_word' id='word_1_737' title='bbox 1389 5406 1541 5445; x_wconf 84' lang='lat' dir='ltr'><strong>suam</strong></span> <span class='ocrx_word' id='word_1_738' title='bbox 1595 5392 1908 5462; x_wconf 81' lang='lat' dir='ltr'><strong>redegisset,</strong></span> <span class='ocrx_word' id='word_1_739' title='bbox 1972 5394 2144 5464; x_wconf 85' lang='lat' dir='ltr'><strong>Sigis-</strong></span> 
     </span>
    </p>
   </div>
   <div class='ocr_carea' id='block_1_98' title="bbox 578 5481 2141 5551">
    <p class='ocr_par' dir='ltr' id='par_1_98' title="bbox 578 5481 2141 5551">
     <span class='ocr_line' id='line_1_98' title="bbox 578 5481 2141 5551; baseline 0 -11"><span class='ocrx_word' id='word_1_740' title='bbox 578 5487 835 5549; x_wconf 85' lang='lat' dir='ltr'><strong>mundus,</strong></span> <span class='ocrx_word' id='word_1_741' title='bbox 869 5481 1174 5539; x_wconf 65' lang='lat' dir='ltr'><strong>Germanias</strong></span> <span class='ocrx_word' id='word_1_742' title='bbox 1207 5496 1321 5549; x_wconf 83' lang='lat' dir='ltr'><strong>rex,</strong></span> <span class='ocrx_word' id='word_1_743' title='bbox 1377 5482 1444 5536; x_wconf 87' lang='lat' dir='ltr'><strong>de</strong></span> <span class='ocrx_word' id='word_1_744' title='bbox 1471 5496 1533 5537; x_wconf 84' lang='lat' dir='ltr'><strong>ea</strong></span> <span class='ocrx_word' id='word_1_745' title='bbox 1589 5497 1647 5539; x_wconf 88' lang='lat' dir='ltr'><strong>re</strong></span> <span class='ocrx_word' id='word_1_746' title='bbox 1704 5485 1907 5540; x_wconf 86' lang='lat' dir='ltr'><strong>certior</strong></span> <span class='ocrx_word' id='word_1_747' title='bbox 1943 5485 2141 5551; x_wconf 88' lang='lat' dir='ltr'><strong>factus,</strong></span> 
     </span>
    </p>
   </div>
   <div class='ocr_carea' id='block_1_99' title="bbox 582 5576 2139 5647">
    <p class='ocr_par' dir='ltr' id='par_1_99' title="bbox 582 5576 2139 5647">
     <span class='ocr_line' id='line_1_99' title="bbox 582 5576 2139 5647; baseline 0.001 -18"><span class='ocrx_word' id='word_1_748' title='bbox 582 5580 760 5646; x_wconf 66' lang='lat' dir='ltr'><strong>testato</strong></span> <span class='ocrx_word' id='word_1_749' title='bbox 801 5578 867 5632; x_wconf 86' lang='lat' dir='ltr'><strong>ad</strong></span> <span class='ocrx_word' id='word_1_750' title='bbox 896 5592 1019 5632; x_wconf 89' lang='lat' dir='ltr'><strong>eum</strong></span> <span class='ocrx_word' id='word_1_751' title='bbox 1076 5576 1263 5643; x_wconf 86' lang='lat' dir='ltr'><strong>misso,</strong></span> <span class='ocrx_word' id='word_1_752' title='bbox 1314 5590 1530 5645; x_wconf 68' lang='lat' dir='ltr'><strong>aequum</strong></span> <span class='ocrx_word' id='word_1_753' title='bbox 1569 5590 1691 5633; x_wconf 90' lang='lat' dir='ltr'><strong>esse</strong></span> <span class='ocrx_word' id='word_1_754' title='bbox 1744 5577 1985 5647; x_wconf 89' lang='lat' dir='ltr'><strong>negavit,</strong></span> <span class='ocrx_word' id='word_1_755' title='bbox 2017 5591 2139 5633; x_wconf 90' lang='lat' dir='ltr'><strong>cum</strong></span> 
     </span>
    </p>
   </div>
   <div class='ocr_carea' id='block_1_100' title="bbox 581 5666 2130 5741">
    <p class='ocr_par' dir='ltr' id='par_1_100' title="bbox 581 5666 2130 5741">
     <span class='ocr_line' id='line_1_100' title="bbox 581 5666 2130 5741; baseline -0.002 -15"><span class='ocrx_word' id='word_1_756' title='bbox 581 5677 766 5726; x_wconf 56' lang='lat' dir='ltr'><strong>essent</strong></span> <span class='ocrx_word' id='word_1_757' title='bbox 807 5670 987 5741; x_wconf 81' lang='lat' dir='ltr'><strong>amici,</strong></span> <span class='ocrx_word' id='word_1_758' title='bbox 1031 5682 1275 5726; x_wconf 81' lang='lat' dir='ltr'><strong>ameram</strong></span> <span class='ocrx_word' id='word_1_759' title='bbox 1333 5682 1552 5725; x_wconf 75' lang='lat' dir='ltr'><strong>manum</strong></span> <span class='ocrx_word' id='word_1_760' title='bbox 1609 5667 1831 5741; x_wconf 84' lang='lat' dir='ltr'><strong>injicere</strong></span> <span class='ocrx_word' id='word_1_761' title='bbox 1864 5666 2130 5740; x_wconf 71' lang='lat' dir='ltr'><strong>Bulgaria:</strong></span> 
     </span>
    </p>
   </div>
   <div class='ocr_carea' id='block_1_101' title="bbox 2234 4488 3801 4561">
    <p class='ocr_par' dir='ltr' id='par_1_101' title="bbox 2234 4488 3801 4561">
     <span class='ocr_line' id='line_1_101' title="bbox 2234 4488 3801 4561; baseline -0.004 -20"><span class='ocrx_word' id='word_1_762' title='bbox 2234 4492 2461 4542; x_wconf 88' lang='lat' dir='ltr'><strong>clarum</strong></span> <span class='ocrx_word' id='word_1_763' title='bbox 2498 4488 2642 4541; x_wconf 88' lang='lat' dir='ltr'><strong>hunc</strong></span> <span class='ocrx_word' id='word_1_764' title='bbox 2669 4497 2719 4542; x_wconf 88' lang='lat' dir='ltr'><strong>et</strong></span> <span class='ocrx_word' id='word_1_765' title='bbox 2753 4490 2999 4556; x_wconf 88' lang='lat' dir='ltr'><strong>generosi</strong></span> <span class='ocrx_word' id='word_1_766' title='bbox 3040 4489 3205 4543; x_wconf 88' lang='lat' dir='ltr'><strong>animi</strong></span> <span class='ocrx_word' id='word_1_767' title='bbox 3231 4490 3562 4561; x_wconf 89' lang='lat' dir='ltr'><strong>spiritusque</strong></span> <span class='ocrx_word' id='word_1_768' title='bbox 3598 4492 3801 4559; x_wconf 88' lang='lat' dir='ltr'><strong>plenum</strong></span> 
     </span>
    </p>
   </div>
   <div class='ocr_carea' id='block_1_102' title="bbox 2256 4580 3811 4648">
    <p class='ocr_par' dir='ltr' id='par_1_102' title="bbox 2256 4580 3811 4648">
     <span class='ocr_line' id='line_1_102' title="bbox 2256 4580 3811 4648; baseline -0.003 -14"><span class='ocrx_word' id='word_1_769' title='bbox 2256 4584 2558 4635; x_wconf 79' lang='lat' dir='ltr'><strong>exercitum</strong></span> <span class='ocrx_word' id='word_1_770' title='bbox 2586 4581 2784 4645; x_wconf 71' lang='lat' dir='ltr'><strong>educit,</strong></span> <span class='ocrx_word' id='word_1_771' title='bbox 2816 4581 2904 4648; x_wconf 73' lang='lat' dir='ltr'><strong>qui</strong></span> <span class='ocrx_word' id='word_1_772' title='bbox 2932 4581 3115 4634; x_wconf 91' lang='lat' dir='ltr'><strong>omnia</strong></span> <span class='ocrx_word' id='word_1_773' title='bbox 3141 4580 3445 4636; x_wconf 89' lang='lat' dir='ltr'><strong>Turcarum</strong></span> <span class='ocrx_word' id='word_1_774' title='bbox 3476 4583 3701 4637; x_wconf 85' lang='lat' dir='ltr'><strong>castella</strong></span> <span class='ocrx_word' id='word_1_775' title='bbox 3726 4595 3811 4632; x_wconf 83' lang='lat' dir='ltr'><strong>ca-</strong></span> 
     </span>
    </p>
   </div>
   <div class='ocr_carea' id='block_1_103' title="bbox 2258 4669 3803 4745">
    <p class='ocr_par' dir='ltr' id='par_1_103' title="bbox 2258 4669 3803 4745">
     <span class='ocr_line' id='line_1_103' title="bbox 2258 4669 3803 4745; baseline -0.006 -18"><span class='ocrx_word' id='word_1_776' title='bbox 2258 4676 2354 4745; x_wconf 87' lang='lat' dir='ltr'><strong>pit,</strong></span> <span class='ocrx_word' id='word_1_777' title='bbox 2413 4669 2675 4739; x_wconf 88' lang='lat' dir='ltr'><strong>subjicit,</strong></span> <span class='ocrx_word' id='word_1_778' title='bbox 2735 4671 2955 4739; x_wconf 84' lang='lat' dir='ltr'><strong>diripit.</strong></span> <span class='ocrx_word' id='word_1_779' title='bbox 3007 4672 3239 4736; x_wconf 87' lang='lat' dir='ltr'><strong>evertit,</strong></span> <span class='ocrx_word' id='word_1_780' title='bbox 3290 4672 3462 4726; x_wconf 88' lang='lat' dir='ltr'><strong>donec</strong></span> <span class='ocrx_word' id='word_1_781' title='bbox 3516 4670 3803 4739; x_wconf 85' lang='lat' dir='ltr'><strong>Nicopolim</strong></span> 
     </span>
    </p>
   </div>
   <div class='ocr_carea' id='block_1_104' title="bbox 2256 4760 3803 4831">
    <p class='ocr_par' dir='ltr' id='par_1_104' title="bbox 2256 4760 3803 4831">
     <span class='ocr_line' id='line_1_104' title="bbox 2256 4760 3803 4831; baseline -0.003 -12"><span class='ocrx_word' id='word_1_782' title='bbox 2256 4772 2567 4831; x_wconf 84' lang='lat' dir='ltr'><strong>perventum</strong></span> <span class='ocrx_word' id='word_1_783' title='bbox 2599 4770 2702 4821; x_wconf 90' lang='lat' dir='ltr'><strong>est.</strong></span> <span class='ocrx_word' id='word_1_784' title='bbox 2737 4762 2880 4817; x_wconf 89' lang='lat' dir='ltr'><strong>velut</strong></span> <span class='ocrx_word' id='word_1_785' title='bbox 2907 4761 3101 4816; x_wconf 83' lang='lat' dir='ltr'><strong>silvam</strong></span> <span class='ocrx_word' id='word_1_786' title='bbox 3121 4762 3379 4817; x_wconf 85' lang='lat' dir='ltr'><strong>invadens</strong></span> <span class='ocrx_word' id='word_1_787' title='bbox 3403 4762 3649 4817; x_wconf 86' lang='lat' dir='ltr'><strong>flamma.</strong></span> <span class='ocrx_word' id='word_1_788' title='bbox 3680 4760 3803 4815; x_wconf 78' lang='lat' dir='ltr'><strong>Tum</strong></span> 
     </span>
    </p>
   </div>
   <div class='ocr_carea' id='block_1_105' title="bbox 2258 4836 3805 4931">
    <p class='ocr_par' dir='ltr' id='par_1_105' title="bbox 2258 4836 3805 4931">
     <span class='ocr_line' id='line_1_105' title="bbox 2258 4836 3805 4931; baseline 0.001 -24"><span class='ocrx_word' id='word_1_789' title='bbox 2258 4851 2635 4922; x_wconf 89' lang='lat' dir='ltr'><strong>Sigismundus</strong></span> <span class='ocrx_word' id='word_1_790' title='bbox 2693 4867 2784 4905; x_wconf 78' lang='lat' dir='ltr'><strong>rex</strong></span> <span class='ocrx_word' id='word_1_791' title='bbox 2838 4854 3001 4906; x_wconf 89' lang='lat' dir='ltr'><strong>etiam</strong></span> <span class='ocrx_word' id='word_1_792' title='bbox 3054 4852 3272 4931; x_wconf 79' lang='lat' dir='ltr'><strong>aliunde</strong></span> <span class='ocrx_word' id='word_1_793' title='bbox 3325 4836 3633 4923; x_wconf 83' lang='lat' dir='ltr'><strong>Bajazetem</strong></span> <span class='ocrx_word' id='word_1_794' title='bbox 3678 4851 3805 4908; x_wconf 64' lang='lat' dir='ltr'><strong>bello</strong></span> 
     </span>
    </p>
   </div>
   <div class='ocr_carea' id='block_1_106' title="bbox 2254 4943 3803 5013">
    <p class='ocr_par' dir='ltr' id='par_1_106' title="bbox 2254 4943 3803 5013">
     <span class='ocr_line' id='line_1_106' title="bbox 2254 4943 3803 5013; baseline -0.004 -14"><span class='ocrx_word' id='word_1_795' title='bbox 2254 4945 2521 4999; x_wconf 86' lang='lat' dir='ltr'><strong>lacessere</strong></span> <span class='ocrx_word' id='word_1_796' title='bbox 2540 4944 2784 5013; x_wconf 88' lang='lat' dir='ltr'><strong>cupiens,</strong></span> <span class='ocrx_word' id='word_1_797' title='bbox 2816 4945 2954 4998; x_wconf 88' lang='lat' dir='ltr'><strong>clam</strong></span> <span class='ocrx_word' id='word_1_798' title='bbox 3000 4944 3065 4997; x_wconf 90' lang='lat' dir='ltr'><strong>ad</strong></span> <span class='ocrx_word' id='word_1_799' title='bbox 3096 4943 3478 5013; x_wconf 87' lang='lat' dir='ltr'><strong>imperatorem</strong></span> <span class='ocrx_word' id='word_1_800' title='bbox 3516 4944 3803 4999; x_wconf 68' lang='lat' dir='ltr'><strong>Milnllt‘lt‘lll</strong></span> 
     </span>
    </p>
   </div>
   <div class='ocr_carea' id='block_1_107' title="bbox 2254 5032 3803 5105">
    <p class='ocr_par' dir='ltr' id='par_1_107' title="bbox 2254 5032 3803 5105">
     <span class='ocr_line' id='line_1_107' title="bbox 2254 5032 3803 5105; baseline -0.001 -15"><span class='ocrx_word' id='word_1_801' title='bbox 2254 5047 2308 5091; x_wconf 90' lang='lat' dir='ltr'><strong>et</strong></span> <span class='ocrx_word' id='word_1_802' title='bbox 2358 5036 2592 5103; x_wconf 90' lang='lat' dir='ltr'><strong>reliquos</strong></span> <span class='ocrx_word' id='word_1_803' title='bbox 2642 5035 2937 5104; x_wconf 90' lang='lat' dir='ltr'><strong>principes,</strong></span> <span class='ocrx_word' id='word_1_804' title='bbox 2974 5050 3110 5103; x_wconf 87' lang='lat' dir='ltr'><strong>quos</strong></span> <span class='ocrx_word' id='word_1_805' title='bbox 3156 5050 3321 5105; x_wconf 88' lang='lat' dir='ltr'><strong>supra</strong></span> <span class='ocrx_word' id='word_1_806' title='bbox 3373 5032 3803 5091; x_wconf 78' lang='lat' dir='ltr'><strong>commemoravi.</strong></span> 
     </span>
    </p>
   </div>
   <div class='ocr_carea' id='block_1_108' title="bbox 2255 5122 3801 5195">
    <p class='ocr_par' dir='ltr' id='par_1_108' title="bbox 2255 5122 3801 5195">
     <span class='ocr_line' id='line_1_108' title="bbox 2255 5122 3801 5195; baseline -0.005 -15"><span class='ocrx_word' id='word_1_807' title='bbox 2255 5126 2486 5194; x_wconf 83' lang='lat' dir='ltr'><strong>legatum</strong></span> <span class='ocrx_word' id='word_1_808' title='bbox 2545 5127 2712 5191; x_wconf 93' lang='lat' dir='ltr'><strong>misit,</strong></span> <span class='ocrx_word' id='word_1_809' title='bbox 2768 5134 2829 5180; x_wconf 90' lang='lat' dir='ltr'><strong>ut</strong></span> <span class='ocrx_word' id='word_1_810' title='bbox 2885 5126 3119 5195; x_wconf 89' lang='lat' dir='ltr'><strong>prompti</strong></span> <span class='ocrx_word' id='word_1_811' title='bbox 3168 5137 3227 5182; x_wconf 84' lang='lat' dir='ltr'><strong>et</strong></span> <span class='ocrx_word' id='word_1_812' title='bbox 3276 5128 3451 5195; x_wconf 81' lang='lat' dir='ltr'><strong>parati</strong></span> <span class='ocrx_word' id='word_1_813' title='bbox 3502 5138 3687 5183; x_wconf 81' lang='lat' dir='ltr'><strong>essent</strong></span> <span class='ocrx_word' id='word_1_814' title='bbox 3742 5122 3801 5175; x_wconf 84' lang='lat' dir='ltr'><strong>ad</strong></span> 
     </span>
    </p>
   </div>
   <div class='ocr_carea' id='block_1_109' title="bbox 2254 5214 3798 5286">
    <p class='ocr_par' dir='ltr' id='par_1_109' title="bbox 2254 5214 3798 5286">
     <span class='ocr_line' id='line_1_109' title="bbox 2254 5214 3798 5286; baseline -0.006 -14"><span class='ocrx_word' id='word_1_815' title='bbox 2254 5218 2462 5273; x_wconf 80' lang='lat' dir='ltr'><strong>hostem</strong></span> <span class='ocrx_word' id='word_1_816' title='bbox 2506 5218 2646 5273; x_wconf 89' lang='lat' dir='ltr'><strong>hunc</strong></span> <span class='ocrx_word' id='word_1_817' title='bbox 2678 5218 2799 5272; x_wconf 83' lang='lat' dir='ltr'><strong>ﬁdei</strong></span> <span class='ocrx_word' id='word_1_818' title='bbox 2841 5218 3103 5284; x_wconf 85' lang='lat' dir='ltr'><strong>funditus,</strong></span> <span class='ocrx_word' id='word_1_819' title='bbox 3136 5219 3183 5273; x_wconf 89' lang='lat' dir='ltr'><strong>si</strong></span> <span class='ocrx_word' id='word_1_820' title='bbox 3226 5230 3469 5286; x_wconf 88' lang='lat' dir='ltr'><strong>possent,</strong></span> <span class='ocrx_word' id='word_1_821' title='bbox 3502 5214 3798 5274; x_wconf 44' lang='lat' dir='ltr'><strong>d&#39;elt-nzlnm.</strong></span> 
     </span>
    </p>
   </div>
   <div class='ocr_carea' id='block_1_110' title="bbox 2253 5303 3802 5377">
    <p class='ocr_par' dir='ltr' id='par_1_110' title="bbox 2253 5303 3802 5377">
     <span class='ocr_line' id='line_1_110' title="bbox 2253 5303 3802 5377; baseline 0.002 -20"><span class='ocrx_word' id='word_1_822' title='bbox 2253 5303 2331 5359; x_wconf 86' lang='lat' dir='ltr'><strong>Illi</strong></span> <span class='ocrx_word' id='word_1_823' title='bbox 2384 5305 2542 5359; x_wconf 87' lang='lat' dir='ltr'><strong>talem</strong></span> <span class='ocrx_word' id='word_1_824' title='bbox 2582 5306 2945 5369; x_wconf 85' lang='lat' dir='ltr'><strong>occasionem,</strong></span> <span class='ocrx_word' id='word_1_825' title='bbox 2982 5314 3038 5359; x_wconf 88' lang='lat' dir='ltr'><strong>ut</strong></span> <span class='ocrx_word' id='word_1_826' title='bbox 3095 5304 3283 5361; x_wconf 84' lang='lat' dir='ltr'><strong>sitiens</strong></span> <span class='ocrx_word' id='word_1_827' title='bbox 3340 5319 3482 5362; x_wconf 85' lang='lat' dir='ltr'><strong>terra</strong></span> <span class='ocrx_word' id='word_1_828' title='bbox 3539 5322 3728 5377; x_wconf 83' lang='lat' dir='ltr'><strong>aquam</strong></span> <span class='ocrx_word' id='word_1_829' title='bbox 3776 5316 3802 5353; x_wconf 74' lang='grc' dir='ltr'><strong>θ</strong></span> 
     </span>
    </p>
   </div>
   <div class='ocr_carea' id='block_1_111' title="bbox 2254 5395 3803 5469">
    <p class='ocr_par' dir='ltr' id='par_1_111' title="bbox 2254 5395 3803 5469">
     <span class='ocr_line' id='line_1_111' title="bbox 2254 5395 3803 5469; baseline -0.003 -17"><span class='ocrx_word' id='word_1_830' title='bbox 2254 5395 2414 5458; x_wconf 69' lang='lat' dir='ltr'><strong>caelo,</strong></span> <span class='ocrx_word' id='word_1_831' title='bbox 2445 5405 2839 5465; x_wconf 78' lang='lat' dir='ltr'><strong>exspectantes,</strong></span> <span class='ocrx_word' id='word_1_832' title='bbox 2877 5397 3115 5467; x_wconf 84' lang='lat' dir='ltr'><strong>legatum</strong></span> <span class='ocrx_word' id='word_1_833' title='bbox 3163 5398 3448 5453; x_wconf 70' lang='lat' dir='ltr'><strong>laetabundi</strong></span> <span class='ocrx_word' id='word_1_834' title='bbox 3484 5401 3803 5469; x_wconf 78' lang='lat' dir='ltr'><strong>exceperuut</strong></span> 
     </span>
    </p>
   </div>
   <div class='ocr_carea' id='block_1_112' title="bbox 2254 5486 3801 5558">
    <p class='ocr_par' dir='ltr' id='par_1_112' title="bbox 2254 5486 3801 5558">
     <span class='ocr_line' id='line_1_112' title="bbox 2254 5486 3801 5558; baseline -0.003 -16"><span class='ocrx_word' id='word_1_835' title='bbox 2254 5497 2309 5542; x_wconf 93' lang='lat' dir='ltr'><strong>et</strong></span> <span class='ocrx_word' id='word_1_836' title='bbox 2362 5486 2559 5542; x_wconf 92' lang='lat' dir='ltr'><strong>bellum</strong></span> <span class='ocrx_word' id='word_1_837' title='bbox 2615 5487 2715 5555; x_wconf 79' lang='lat' dir='ltr'><strong>ipsi</strong></span> <span class='ocrx_word' id='word_1_838' title='bbox 2771 5502 2987 5556; x_wconf 90' lang='lat' dir='ltr'><strong>quoque</strong></span> <span class='ocrx_word' id='word_1_839' title='bbox 3014 5490 3222 5544; x_wconf 72' lang='lat' dir='ltr'><strong>ecculte</strong></span> <span class='ocrx_word' id='word_1_840' title='bbox 3275 5490 3557 5558; x_wconf 84' lang='lat' dir='ltr'><strong>parabant.</strong></span> <span class='ocrx_word' id='word_1_841' title='bbox 3598 5487 3801 5545; x_wconf 87' lang='lat' dir='ltr'><strong>Interim</strong></span> 
     </span>
    </p>
   </div>
   <div class='ocr_carea' id='block_1_113' title="bbox 2252 5572 3799 5649">
    <p class='ocr_par' dir='ltr' id='par_1_113' title="bbox 2252 5572 3799 5649">
     <span class='ocr_line' id='line_1_113' title="bbox 2252 5572 3799 5649; baseline 0.002 -21"><span class='ocrx_word' id='word_1_842' title='bbox 2252 5574 2555 5643; x_wconf 82' lang='lat' dir='ltr'><strong>Bajazetes,</strong></span> <span class='ocrx_word' id='word_1_843' title='bbox 2609 5575 2937 5645; x_wconf 89' lang='lat' dir='ltr'><strong>Sigismundi</strong></span> <span class='ocrx_word' id='word_1_844' title='bbox 2975 5577 3114 5646; x_wconf 83' lang='lat' dir='ltr'><strong>regis</strong></span> <span class='ocrx_word' id='word_1_845' title='bbox 3153 5580 3387 5632; x_wconf 85' lang='lat' dir='ltr'><strong>adventu</strong></span> <span class='ocrx_word' id='word_1_846' title='bbox 3418 5588 3711 5649; x_wconf 89' lang='lat' dir='ltr'><strong>comperto,</strong></span> <span class='ocrx_word' id='word_1_847' title='bbox 3754 5572 3799 5624; x_wconf 77' lang='lat' dir='ltr'><strong>in</strong></span> 
     </span>
    </p>
   </div>
   <div class='ocr_carea' id='block_1_114' title="bbox 2259 5662 3804 5739">
    <p class='ocr_par' dir='ltr' id='par_1_114' title="bbox 2259 5662 3804 5739">
     <span class='ocr_line' id='line_1_114' title="bbox 2259 5662 3804 5739; baseline -0.003 -14"><span class='ocrx_word' id='word_1_848' title='bbox 2259 5666 2437 5725; x_wconf 87' lang='lat' dir='ltr'><strong>varias</strong></span> <span class='ocrx_word' id='word_1_849' title='bbox 2488 5667 2839 5737; x_wconf 82' lang='lat' dir='ltr'><strong>cogitationes</strong></span> <span class='ocrx_word' id='word_1_850' title='bbox 2895 5676 3202 5739; x_wconf 87' lang='lat' dir='ltr'><strong>metumque</strong></span> <span class='ocrx_word' id='word_1_851' title='bbox 3266 5669 3489 5735; x_wconf 71' lang='lat' dir='ltr'><strong>incidit,-</strong></span> <span class='ocrx_word' id='word_1_852' title='bbox 3530 5677 3593 5725; x_wconf 83' lang='lat' dir='ltr'><strong>et</strong></span> <span class='ocrx_word' id='word_1_853' title='bbox 3648 5662 3804 5735; x_wconf 80' lang='lat' dir='ltr'><strong>copiis</strong></span> 
     </span>
    </p>
   </div>
  </div>
