  <div class='ocr_page' id='page_1' title='image "/cluster/home/n/w/nwhite01/storage/ocr_20150623/156/mdp.39015078384719/353.png"; bbox 0 0 4096 6300; ppageno 0'>
   <div class='ocr_carea' id='block_1_1' title="bbox 508 249 612 312">
    <p class='ocr_par' dir='ltr' id='par_1_1' title="bbox 508 249 612 312">
     <span class='ocr_line' id='line_1_1' title="bbox 508 249 612 312; baseline -0.019 0"><span class='ocrx_word' id='word_1_1' title='bbox 508 249 612 312; x_wconf 84' lang='lat'><strong>687</strong></span> 
     </span>
    </p>
   </div>
   <div class='ocr_carea' id='block_1_2' title="bbox 1733 228 2531 311">
    <p class='ocr_par' dir='ltr' id='par_1_2' title="bbox 1733 228 2531 311">
     <span class='ocr_line' id='line_1_2' title="bbox 1733 228 2531 311; baseline 0.003 -4"><span class='ocrx_word' id='word_1_2' title='bbox 1733 228 2058 307; x_wconf 78' lang='lat' dir='ltr'><strong>GEORGII</strong></span> <span class='ocrx_word' id='word_1_3' title='bbox 2101 244 2531 311; x_wconf 64' lang='lat' dir='ltr'><strong>PHRANTZE</strong></span> 
     </span>
    </p>
   </div>
   <div class='ocr_carea' id='block_1_3' title="bbox 3667 253 3827 314">
    <p class='ocr_par' dir='ltr' id='par_1_3' title="bbox 3667 253 3827 314">
     <span class='ocr_line' id='line_1_3' title="bbox 3667 253 3827 314; baseline 0 0"><span class='ocrx_word' id='word_1_4' title='bbox 3667 253 3827 314; x_wconf 82' lang='lat'><strong>688</strong></span> 
     </span>
    </p>
   </div>
   <div class='ocr_carea' id='block_1_4' title="bbox 506 357 3816 435">
    <p class='ocr_par' dir='ltr' id='par_1_4' title="bbox 506 357 3816 435">
     <span class='ocr_line' id='line_1_4' title="bbox 506 357 3816 435; baseline 0.001 -21"><span class='ocrx_word' id='word_1_5' title='bbox 506 362 600 414; x_wconf 83' lang='grc' dir='ltr'><strong>τοῦ</strong></span> <span class='ocrx_word' id='word_1_6' title='bbox 642 361 746 432; x_wconf 81' lang='grc' dir='ltr'><strong>κὺρ</strong></span> <span class='ocrx_word' id='word_1_7' title='bbox 810 357 1060 429; x_wconf 80' lang='grc' dir='ltr'>Ἰωάννην</span> <span class='ocrx_word' id='word_1_8' title='bbox 1116 359 1430 414; x_wconf 86' lang='grc' dir='ltr'>καταλιπὼν</span> <span class='ocrx_word' id='word_1_9' title='bbox 1483 362 1568 414; x_wconf 80' lang='grc' dir='ltr'>ἵνα</span> <span class='ocrx_word' id='word_1_10' title='bbox 1623 362 1796 431; x_wconf 73' lang='grc' dir='ltr'>διοικῇ</span> <span class='ocrx_word' id='word_1_11' title='bbox 1828 362 1919 415; x_wconf 68' lang='grc' dir='ltr'><strong>καὶ</strong></span> <span class='ocrx_word' id='word_1_12' title='bbox 1967 380 2063 415; x_wconf 87' lang='grc' dir='ltr'>κυ-</span> <span class='ocrx_word' id='word_1_13' title='bbox 2103 368 2145 423; x_wconf 84' lang='grc' dir='ltr'><strong>Α</strong></span> <span class='ocrx_word' id='word_1_14' title='bbox 2175 366 2531 435; x_wconf 78' lang='grc' dir='ltr'><strong>χωρουμένην</strong></span> <span class='ocrx_word' id='word_1_15' title='bbox 2562 364 2665 417; x_wconf 80' lang='grc' dir='ltr'><strong>ὑπὸ</strong></span> <span class='ocrx_word' id='word_1_16' title='bbox 2702 364 2863 435; x_wconf 82' lang='grc' dir='ltr'><strong>λιμοῦ</strong></span> <span class='ocrx_word' id='word_1_17' title='bbox 2891 366 3109 431; x_wconf 85' lang='grc' dir='ltr'>πολλοῦ,</span> <span class='ocrx_word' id='word_1_18' title='bbox 3140 367 3340 435; x_wconf 80' lang='grc' dir='ltr'>ὁμοίως</span> <span class='ocrx_word' id='word_1_19' title='bbox 3392 368 3485 418; x_wconf 70' lang='grc' dir='ltr'><strong>καὶ</strong></span> <span class='ocrx_word' id='word_1_20' title='bbox 3513 367 3627 418; x_wconf 66' lang='grc' dir='ltr'><strong>τὶν</strong></span> <span class='ocrx_word' id='word_1_21' title='bbox 3661 367 3816 433; x_wconf 73' lang='grc' dir='ltr'>τῆς</span> 
     </span>
    </p>
   </div>
   <div class='ocr_carea' id='block_1_5' title="bbox 451 451 2083 523">
    <p class='ocr_par' dir='ltr' id='par_1_5' title="bbox 451 451 2083 523">
     <span class='ocr_line' id='line_1_5' title="bbox 451 451 2083 523; baseline -0.002 -18"><span class='ocrx_word' id='word_1_22' title='bbox 451 460 453 463; x_wconf 86' lang='grc'><em>’</em></span> <span class='ocrx_word' id='word_1_23' title='bbox 508 454 683 523; x_wconf 76' lang='grc' dir='ltr'>ϐερνᾷ</span> <span class='ocrx_word' id='word_1_24' title='bbox 708 451 807 522; x_wconf 88' lang='grc' dir='ltr'><strong>τὴν</strong></span> <span class='ocrx_word' id='word_1_25' title='bbox 837 452 993 504; x_wconf 83' lang='grc' dir='ltr'>πόλιν</span> <span class='ocrx_word' id='word_1_26' title='bbox 1023 453 1124 508; x_wconf 71' lang='grc' dir='ltr'>καὶ</span> <span class='ocrx_word' id='word_1_27' title='bbox 1153 452 1523 522; x_wconf 83' lang='grc' dir='ltr'>ἀντιμάχηται</span> <span class='ocrx_word' id='word_1_28' title='bbox 1553 456 1667 516; x_wconf 85' lang='grc' dir='ltr'>τοῖς</span> <span class='ocrx_word' id='word_1_29' title='bbox 1722 454 2004 521; x_wconf 74' lang='grc' dir='ltr'>ἐναντίοις,</span> <span class='ocrx_word' id='word_1_30' title='bbox 2040 455 2083 505; x_wconf 89' lang='lat'>6.</span> 
     </span>
    </p>
   </div>
   <div class='ocr_carea' id='block_1_6' title="bbox 508 544 2067 614">
    <p class='ocr_par' dir='ltr' id='par_1_6' title="bbox 508 544 2067 614">
     <span class='ocr_line' id='line_1_6' title="bbox 508 544 2067 614; baseline -0.001 -17"><span class='ocrx_word' id='word_1_31' title='bbox 508 546 564 597; x_wconf 76' lang='grc' dir='ltr'>δὲ</span> <span class='ocrx_word' id='word_1_32' title='bbox 591 544 846 613; x_wconf 84' lang='grc' dir='ltr'>βασιλεὺς</span> <span class='ocrx_word' id='word_1_33' title='bbox 877 545 975 613; x_wconf 84' lang='grc' dir='ltr'>τὴν</span> <span class='ocrx_word' id='word_1_34' title='bbox 1009 544 1299 598; x_wconf 82' lang='grc' dir='ltr'><strong>δέσποιναν</strong></span> <span class='ocrx_word' id='word_1_35' title='bbox 1333 545 1427 599; x_wconf 74' lang='grc' dir='ltr'>καὶ</span> <span class='ocrx_word' id='word_1_36' title='bbox 1456 546 1686 614; x_wconf 80' lang='grc' dir='ltr'><strong>σύζυγον</strong></span> <span class='ocrx_word' id='word_1_37' title='bbox 1743 545 1925 598; x_wconf 72' lang='grc' dir='ltr'>λαϐὼν</span> <span class='ocrx_word' id='word_1_38' title='bbox 1974 546 2067 599; x_wconf 77' lang='grc' dir='ltr'><strong>καὶ</strong></span> 
     </span>
    </p>
   </div>
   <div class='ocr_carea' id='block_1_7' title="bbox 506 627 2065 701">
    <p class='ocr_par' dir='ltr' id='par_1_7' title="bbox 506 627 2065 701">
     <span class='ocr_line' id='line_1_7' title="bbox 506 627 2065 701; baseline -0.002 -16"><span class='ocrx_word' id='word_1_39' title='bbox 506 635 589 695; x_wconf 84' lang='grc' dir='ltr'><strong>είς</strong></span> <span class='ocrx_word' id='word_1_40' title='bbox 620 632 1030 701; x_wconf 90' lang='grc' dir='ltr'>Πελοπόννησον</span> <span class='ocrx_word' id='word_1_41' title='bbox 1058 631 1229 685; x_wconf 81' lang='grc' dir='ltr'>ἐλθὼν</span> <span class='ocrx_word' id='word_1_42' title='bbox 1275 631 1330 685; x_wconf 81' lang='grc' dir='ltr'><strong>ἐν</strong></span> <span class='ocrx_word' id='word_1_43' title='bbox 1368 634 1441 701; x_wconf 65' lang='grc' dir='ltr'>τῇ</span> <span class='ocrx_word' id='word_1_44' title='bbox 1499 632 1723 701; x_wconf 84' lang='grc' dir='ltr'><strong>Σπάρτῃ</strong></span> <span class='ocrx_word' id='word_1_45' title='bbox 1769 632 1935 698; x_wconf 81' lang='grc' dir='ltr'>ἐγγὺς</span> <span class='ocrx_word' id='word_1_46' title='bbox 1972 627 2065 682; x_wconf 82' lang='grc' dir='ltr'><strong>τοῦ</strong></span> 
     </span>
    </p>
   </div>
   <div class='ocr_carea' id='block_1_8' title="bbox 503 722 2065 793">
    <p class='ocr_par' dir='ltr' id='par_1_8' title="bbox 503 722 2065 793">
     <span class='ocr_line' id='line_1_8' title="bbox 503 722 2065 793; baseline -0.003 -16"><span class='ocrx_word' id='word_1_47' title='bbox 503 722 737 787; x_wconf 82' lang='grc' dir='ltr'>ἀδελφοῦ</span> <span class='ocrx_word' id='word_1_48' title='bbox 767 724 874 793; x_wconf 81' lang='grc' dir='ltr'><strong>κὺρ</strong></span> <span class='ocrx_word' id='word_1_49' title='bbox 898 723 1176 793; x_wconf 83' lang='grc' dir='ltr'><strong>Θεοδώρου</strong></span> <span class='ocrx_word' id='word_1_50' title='bbox 1204 724 1407 793; x_wconf 87' lang='grc' dir='ltr'>ταύτην</span> <span class='ocrx_word' id='word_1_51' title='bbox 1434 726 1651 777; x_wconf 69' lang='grc' dir='ltr'>εἶασενε</span> <span class='ocrx_word' id='word_1_52' title='bbox 1684 727 1711 776; x_wconf 97' lang='lat'><strong>6</strong></span> <span class='ocrx_word' id='word_1_53' title='bbox 1741 723 1797 776; x_wconf 78' lang='grc' dir='ltr'>δὲ</span> <span class='ocrx_word' id='word_1_54' title='bbox 1832 726 1889 775; x_wconf 81' lang='grc' dir='ltr'>ἐν</span> <span class='ocrx_word' id='word_1_55' title='bbox 1928 723 2065 774; x_wconf 87' lang='grc' dir='ltr'>Ἰτα-</span> 
     </span>
    </p>
   </div>
   <div class='ocr_carea' id='block_1_9' title="bbox 503 815 2064 887">
    <p class='ocr_par' dir='ltr' id='par_1_9' title="bbox 503 815 2064 887">
     <span class='ocr_line' id='line_1_9' title="bbox 503 815 2064 887; baseline 0.001 -20"><span class='ocrx_word' id='word_1_56' title='bbox 503 815 594 884; x_wconf 60' lang='grc' dir='ltr'><strong>λίιξ⁴</strong></span> <span class='ocrx_word' id='word_1_57' title='bbox 625 816 819 868; x_wconf 84' lang='grc' dir='ltr'>ὁδεύει.</span> <span class='ocrx_word' id='word_1_58' title='bbox 847 816 1061 879; x_wconf 83' lang='grc' dir='ltr'>Φθάσας</span> <span class='ocrx_word' id='word_1_59' title='bbox 1095 816 1187 869; x_wconf 82' lang='grc' dir='ltr'><strong>οὖν</strong></span> <span class='ocrx_word' id='word_1_60' title='bbox 1238 816 1267 868; x_wconf 82' lang='grc' dir='ltr'><strong><em>ὁ</em></strong></span> <span class='ocrx_word' id='word_1_61' title='bbox 1307 816 1559 887; x_wconf 81' lang='grc' dir='ltr'>βασιλεὺς</span> <span class='ocrx_word' id='word_1_62' title='bbox 1610 818 1668 871; x_wconf 88' lang='grc' dir='ltr'>ἐν</span> <span class='ocrx_word' id='word_1_63' title='bbox 1711 817 1927 887; x_wconf 80' lang='grc' dir='ltr'>Ἐνετίᾳ</span> <span class='ocrx_word' id='word_1_64' title='bbox 1962 816 2064 869; x_wconf 82' lang='grc' dir='ltr'>κά·</span> 
     </span>
    </p>
   </div>
   <div class='ocr_carea' id='block_1_10' title="bbox 502 900 2064 972">
    <p class='ocr_par' dir='ltr' id='par_1_10' title="bbox 502 900 2064 972">
     <span class='ocr_line' id='line_1_10' title="bbox 502 900 2064 972; baseline -0.002 -16"><span class='ocrx_word' id='word_1_65' title='bbox 502 904 682 956; x_wconf 77' lang='grc' dir='ltr'>κεῖθεν</span> <span class='ocrx_word' id='word_1_66' title='bbox 714 904 850 972; x_wconf 77' lang='grc' dir='ltr'>πρὸς</span> <span class='ocrx_word' id='word_1_67' title='bbox 894 904 984 956; x_wconf 84' lang='grc' dir='ltr'>τὸν</span> <span class='ocrx_word' id='word_1_68' title='bbox 1010 903 1177 957; x_wconf 83' lang='grc' dir='ltr'>δοῢκα</span> <span class='ocrx_word' id='word_1_69' title='bbox 1207 904 1556 958; x_wconf 83' lang='grc' dir='ltr'>Μεδιολάνων</span> <span class='ocrx_word' id='word_1_70' title='bbox 1589 901 1763 957; x_wconf 83' lang='grc' dir='ltr'>ἐλθὼν</span> <span class='ocrx_word' id='word_1_71' title='bbox 1798 904 1947 972; x_wconf 89' lang='grc' dir='ltr'><strong>παρά</strong></span> <span class='ocrx_word' id='word_1_72' title='bbox 1970 900 2064 954; x_wconf 69' lang='grc' dir='ltr'>τοῦ</span> 
     </span>
    </p>
   </div>
   <div class='ocr_carea' id='block_1_11' title="bbox 500 992 2064 1066">
    <p class='ocr_par' dir='ltr' id='par_1_11' title="bbox 500 992 2064 1066">
     <span class='ocr_line' id='line_1_11' title="bbox 500 992 2064 1066; baseline -0.001 -19"><span class='ocrx_word' id='word_1_73' title='bbox 500 996 693 1057; x_wconf 85' lang='grc' dir='ltr'>δουκδς</span> <span class='ocrx_word' id='word_1_74' title='bbox 736 995 872 1064; x_wconf 89' lang='grc' dir='ltr'><strong>μετά</strong></span> <span class='ocrx_word' id='word_1_75' title='bbox 901 998 1072 1066; x_wconf 83' lang='grc' dir='ltr'>τιμῆς</span> <span class='ocrx_word' id='word_1_76' title='bbox 1133 996 1377 1066; x_wconf 82' lang='grc' dir='ltr'><strong>μεγάλης</strong></span> <span class='ocrx_word' id='word_1_77' title='bbox 1427 997 1520 1051; x_wconf 69' lang='grc' dir='ltr'><strong>καὶ</strong></span> <span class='ocrx_word' id='word_1_78' title='bbox 1566 994 1852 1064; x_wconf 81' lang='grc' dir='ltr'>δαψιλείας</span> <span class='ocrx_word' id='word_1_79' title='bbox 1890 993 1970 1047; x_wconf 76' lang='grc' dir='ltr'>ἔτι</span> <span class='ocrx_word' id='word_1_80' title='bbox 2007 992 2064 1045; x_wconf 77' lang='grc' dir='ltr'>δὲ</span> 
     </span>
    </p>
   </div>
   <div class='ocr_carea' id='block_1_12' title="bbox 500 1086 2063 1158">
    <p class='ocr_par' dir='ltr' id='par_1_12' title="bbox 500 1086 2063 1158">
     <span class='ocr_line' id='line_1_12' title="bbox 500 1086 2063 1158; baseline 0.002 -22"><span class='ocrx_word' id='word_1_81' title='bbox 500 1086 593 1137; x_wconf 71' lang='grc' dir='ltr'><strong>καὶ</strong></span> <span class='ocrx_word' id='word_1_82' title='bbox 621 1087 951 1157; x_wconf 78' lang='grc' dir='ltr'>δορυφορίας</span> <span class='ocrx_word' id='word_1_83' title='bbox 980 1088 1201 1158; x_wconf 81' lang='grc' dir='ltr'>ἐδέχθη,</span> <span class='ocrx_word' id='word_1_84' title='bbox 1233 1088 1328 1142; x_wconf 75' lang='grc' dir='ltr'>καὶ</span> <span class='ocrx_word' id='word_1_85' title='bbox 1358 1088 1563 1152; x_wconf 78' lang='grc' dir='ltr'>ἵππους</span> <span class='ocrx_word' id='word_1_86' title='bbox 1596 1088 1690 1142; x_wconf 77' lang='grc' dir='ltr'>καὶ</span> <span class='ocrx_word' id='word_1_87' title='bbox 1722 1086 2063 1155; x_wconf 83' lang='grc' dir='ltr'><strong>στρατιώτας</strong></span> 
     </span>
    </p>
   </div>
   <div class='ocr_carea' id='block_1_13' title="bbox 498 1178 2062 1250">
    <p class='ocr_par' dir='ltr' id='par_1_13' title="bbox 498 1178 2062 1250">
     <span class='ocr_line' id='line_1_13' title="bbox 498 1178 2062 1250; baseline 0.008 -22"><span class='ocrx_word' id='word_1_88' title='bbox 498 1178 730 1241; x_wconf 81' lang='grc' dir='ltr'>πολλοὺς</span> <span class='ocrx_word' id='word_1_89' title='bbox 765 1179 941 1240; x_wconf 80' lang='grc' dir='ltr'>δώσας</span> <span class='ocrx_word' id='word_1_90' title='bbox 970 1180 1119 1250; x_wconf 85' lang='grc' dir='ltr'>αύτῷ</span> <span class='ocrx_word' id='word_1_91' title='bbox 1145 1181 1231 1233; x_wconf 77' lang='grc' dir='ltr'>ἵνα</span> <span class='ocrx_word' id='word_1_92' title='bbox 1261 1181 1401 1249; x_wconf 79' lang='grc' dir='ltr'>πρὸς</span> <span class='ocrx_word' id='word_1_93' title='bbox 1437 1182 1528 1233; x_wconf 86' lang='grc' dir='ltr'>τὸν</span> <span class='ocrx_word' id='word_1_94' title='bbox 1578 1182 1722 1249; x_wconf 79' lang='grc' dir='ltr'><strong>ρἦα</strong></span> <span class='ocrx_word' id='word_1_95' title='bbox 1776 1179 2062 1249; x_wconf 83' lang='grc' dir='ltr'>Φραγκίας</span> 
     </span>
    </p>
   </div>
   <div class='ocr_carea' id='block_1_14' title="bbox 497 1268 2061 1339">
    <p class='ocr_par' dir='ltr' id='par_1_14' title="bbox 497 1268 2061 1339">
     <span class='ocr_line' id='line_1_14' title="bbox 497 1268 2061 1339; baseline -0.001 -19"><span class='ocrx_word' id='word_1_96' title='bbox 497 1268 649 1338; x_wconf 78' lang='grc' dir='ltr'>ἔλθῃ,</span> <span class='ocrx_word' id='word_1_97' title='bbox 669 1269 1144 1339; x_wconf 76' lang='grc' dir='ltr'>ἐπαγγειλάμενος</span> <span class='ocrx_word' id='word_1_98' title='bbox 1176 1271 1203 1323; x_wconf 92' lang='lat'><strong>6</strong></span> <span class='ocrx_word' id='word_1_99' title='bbox 1229 1269 1356 1333; x_wconf 81' lang='grc' dir='ltr'>δοὺξ</span> <span class='ocrx_word' id='word_1_100' title='bbox 1388 1268 1466 1339; x_wconf 84' lang='grc' dir='ltr'>τῷ</span> <span class='ocrx_word' id='word_1_101' title='bbox 1490 1268 1720 1338; x_wconf 86' lang='grc' dir='ltr'>βασιλεῖ,</span> <span class='ocrx_word' id='word_1_102' title='bbox 1761 1269 1857 1323; x_wconf 82' lang='grc' dir='ltr'><strong>ἐὰν</strong></span> <span class='ocrx_word' id='word_1_103' title='bbox 1893 1268 1987 1320; x_wconf 80' lang='grc' dir='ltr'>καὶ</span> <span class='ocrx_word' id='word_1_104' title='bbox 2014 1268 2061 1319; x_wconf 77' lang='grc' dir='ltr'>οἱ</span> 
     </span>
    </p>
   </div>
   <div class='ocr_carea' id='block_1_15' title="bbox 495 1343 2063 1430">
    <p class='ocr_par' dir='ltr' id='par_1_15' title="bbox 495 1343 2063 1430">
     <span class='ocr_line' id='line_1_15' title="bbox 495 1343 2063 1430; baseline 0 -19"><span class='ocrx_word' id='word_1_105' title='bbox 495 1360 673 1428; x_wconf 68' lang='grc' dir='ltr'>ἕτεροι</span> <span class='ocrx_word' id='word_1_106' title='bbox 707 1360 1152 1430; x_wconf 80' lang='grc' dir='ltr'>ὁμοφρονήσωσι.</span> <span class='ocrx_word' id='word_1_107' title='bbox 1188 1361 1280 1413; x_wconf 76' lang='grc' dir='ltr'><strong>καὶ</strong></span> <span class='ocrx_word' id='word_1_108' title='bbox 1337 1360 1498 1423; x_wconf 76' lang='grc' dir='ltr'>αὐτὸς</span> <span class='ocrx_word' id='word_1_109' title='bbox 1533 1363 1561 1414; x_wconf 89' lang='lat'><strong>6</strong></span> <span class='ocrx_word' id='word_1_110' title='bbox 1600 1360 1726 1425; x_wconf 77' lang='grc' dir='ltr'>δοὺε</span> <span class='ocrx_word' id='word_1_111' title='bbox 1785 1359 1929 1422; x_wconf 76' lang='grc' dir='ltr'>ἰδίως</span> <span class='ocrx_word' id='word_1_112' title='bbox 1959 1343 2063 1413; x_wconf 30' lang='grc' dir='ltr'>’καὶ</span> 
     </span>
    </p>
   </div>
   <div class='ocr_carea' id='block_1_16' title="bbox 496 1452 2063 1524">
    <p class='ocr_par' dir='ltr' id='par_1_16' title="bbox 496 1452 2063 1524">
     <span class='ocr_line' id='line_1_16' title="bbox 496 1452 2063 1524; baseline -0.001 -20"><span class='ocrx_word' id='word_1_113' title='bbox 496 1453 820 1518; x_wconf 78' lang='grc' dir='ltr'>αὐτομάτως</span> <span class='ocrx_word' id='word_1_114' title='bbox 847 1452 978 1523; x_wconf 77' lang='grc' dir='ltr'>ἔλθῃ</span> <span class='ocrx_word' id='word_1_115' title='bbox 1016 1453 1215 1522; x_wconf 80' lang='grc' dir='ltr'>καὶτῷ</span> <span class='ocrx_word' id='word_1_116' title='bbox 1270 1452 1482 1523; x_wconf 80' lang='grc' dir='ltr'>βασιλεῖ</span> <span class='ocrx_word' id='word_1_117' title='bbox 1538 1452 1633 1506; x_wconf 72' lang='grc' dir='ltr'><strong>καὶ</strong></span> <span class='ocrx_word' id='word_1_118' title='bbox 1665 1455 1732 1524; x_wconf 79' lang='grc' dir='ltr'>τῇ</span> <span class='ocrx_word' id='word_1_119' title='bbox 1758 1452 2063 1521; x_wconf 68' lang='grc' dir='ltr'>Ῥωμαίων</span> 
     </span>
    </p>
   </div>
   <div class='ocr_carea' id='block_1_17' title="bbox 460 1541 2060 1614">
    <p class='ocr_par' dir='ltr' id='par_1_17' title="bbox 460 1541 2060 1614">
     <span class='ocr_line' id='line_1_17' title="bbox 460 1541 2060 1614; baseline 0 -19"><span class='ocrx_word' id='word_1_120' title='bbox 460 1550 463 1555; x_wconf 83' lang='grc'><em>’</em></span> <span class='ocrx_word' id='word_1_121' title='bbox 496 1544 639 1612; x_wconf 77' lang='grc' dir='ltr'>ἀρχῇ</span> <span class='ocrx_word' id='word_1_122' title='bbox 677 1542 921 1614; x_wconf 80' lang='grc' dir='ltr'><strong>βοηθήσῃ</strong></span> <span class='ocrx_word' id='word_1_123' title='bbox 952 1544 1143 1614; x_wconf 78' lang='grc' dir='ltr'>καὶμὴ</span> <span class='ocrx_word' id='word_1_124' title='bbox 1200 1544 1337 1614; x_wconf 82' lang='grc' dir='ltr'>ἐάσῃ</span> <span class='ocrx_word' id='word_1_125' title='bbox 1375 1543 1813 1597; x_wconf 79' lang='grc' dir='ltr'>κινδυνεύουσαν.</span> <span class='ocrx_word' id='word_1_126' title='bbox 1859 1541 2060 1595; x_wconf 86' lang='grc' dir='ltr'>Ἐλθὼν</span> 
     </span>
    </p>
   </div>
   <div class='ocr_carea' id='block_1_18' title="bbox 2174 457 3807 529">
    <p class='ocr_par' dir='ltr' id='par_1_18' title="bbox 2174 457 3807 529">
     <span class='ocr_line' id='line_1_18' title="bbox 2174 457 3807 529; baseline -0.001 -20"><span class='ocrx_word' id='word_1_127' title='bbox 2174 457 2582 529; x_wconf 80' lang='grc' dir='ltr'>Πελοποννήσου</span> <span class='ocrx_word' id='word_1_128' title='bbox 2617 458 2874 526; x_wconf 87' lang='grc' dir='ltr'>πόλεμον,</span> <span class='ocrx_word' id='word_1_129' title='bbox 2899 458 2997 511; x_wconf 80' lang='grc' dir='ltr'><strong>καὶ</strong></span> <span class='ocrx_word' id='word_1_130' title='bbox 3020 458 3233 528; x_wconf 77' lang='grc' dir='ltr'>βλέπων</span> <span class='ocrx_word' id='word_1_131' title='bbox 3264 460 3348 511; x_wconf 80' lang='grc' dir='ltr'>ὅτι</span> <span class='ocrx_word' id='word_1_132' title='bbox 3395 458 3587 520; x_wconf 65' lang='grc' dir='ltr'>οὐδεὶς</span> <span class='ocrx_word' id='word_1_133' title='bbox 3646 457 3807 509; x_wconf 77' lang='grc' dir='ltr'><strong>τῶν</strong></span> 
     </span>
    </p>
   </div>
   <div class='ocr_carea' id='block_1_19' title="bbox 2170 546 3804 618">
    <p class='ocr_par' dir='ltr' id='par_1_19' title="bbox 2170 546 3804 618">
     <span class='ocr_line' id='line_1_19' title="bbox 2170 546 3804 618; baseline 0.001 -21"><span class='ocrx_word' id='word_1_134' title='bbox 2170 546 2514 614; x_wconf 83' lang='grc' dir='ltr'>Χριστιανῶν</span> <span class='ocrx_word' id='word_1_135' title='bbox 2540 548 2817 603; x_wconf 74' lang='grc' dir='ltr'>αὐθεντῶν</span> <span class='ocrx_word' id='word_1_136' title='bbox 2844 549 3035 618; x_wconf 73' lang='grc' dir='ltr'>ἤθελεν</span> <span class='ocrx_word' id='word_1_137' title='bbox 3079 550 3261 610; x_wconf 84' lang='grc' dir='ltr'>αὐτοῖς</span> <span class='ocrx_word' id='word_1_138' title='bbox 3294 549 3604 617; x_wconf 81' lang='grc' dir='ltr'>βοηθῆσαι,</span> <span class='ocrx_word' id='word_1_139' title='bbox 3661 552 3804 601; x_wconf 74' lang='grc' dir='ltr'><strong>καὶ</strong></span> 
     </span>
    </p>
   </div>
   <div class='ocr_carea' id='block_1_20' title="bbox 2166 634 3810 708">
    <p class='ocr_par' dir='ltr' id='par_1_20' title="bbox 2166 634 3810 708">
     <span class='ocr_line' id='line_1_20' title="bbox 2166 634 3810 708; baseline 0.004 -22"><span class='ocrx_word' id='word_1_140' title='bbox 2166 634 2467 703; x_wconf 73' lang='grc' dir='ltr'>ἀπορηθεὶς</span> <span class='ocrx_word' id='word_1_141' title='bbox 2488 635 2647 701; x_wconf 80' lang='grc' dir='ltr'>ὅλως,</span> <span class='ocrx_word' id='word_1_142' title='bbox 2682 638 2927 708; x_wconf 83' lang='grc' dir='ltr'>περάσας</span> <span class='ocrx_word' id='word_1_143' title='bbox 2955 639 3012 689; x_wconf 87' lang='grc' dir='ltr'>ἐν</span> <span class='ocrx_word' id='word_1_144' title='bbox 3069 640 3134 708; x_wconf 86' lang='grc' dir='ltr'>τῇ</span> <span class='ocrx_word' id='word_1_145' title='bbox 3182 637 3344 706; x_wconf 85' lang='grc' dir='ltr'>Ῥόδῳ</span> <span class='ocrx_word' id='word_1_146' title='bbox 3401 639 3547 706; x_wconf 83' lang='grc' dir='ltr'>μετὰ</span> <span class='ocrx_word' id='word_1_147' title='bbox 3599 639 3810 707; x_wconf 80' lang='grc' dir='ltr'>τριή-</span> 
     </span>
    </p>
   </div>
   <div class='ocr_carea' id='block_1_21' title="bbox 2172 722 3805 797">
    <p class='ocr_par' dir='ltr' id='par_1_21' title="bbox 2172 722 3805 797">
     <span class='ocr_line' id='line_1_21' title="bbox 2172 722 3805 797; baseline -0.006 -10"><span class='ocrx_word' id='word_1_148' title='bbox 2172 741 2311 793; x_wconf 83' lang='grc' dir='ltr'>ρεως</span> <span class='ocrx_word' id='word_1_149' title='bbox 2345 724 2442 794; x_wconf 77' lang='grc' dir='ltr'><strong>τὴν</strong></span> <span class='ocrx_word' id='word_1_150' title='bbox 2472 728 2571 795; x_wconf 80' lang='grc' dir='ltr'><strong>τῇς</strong></span> <span class='ocrx_word' id='word_1_151' title='bbox 2619 726 2873 797; x_wconf 84' lang='grc' dir='ltr'>Σπάρτης</span> <span class='ocrx_word' id='word_1_152' title='bbox 2896 728 3071 797; x_wconf 81' lang='grc' dir='ltr'>ἀρχὴν</span> <span class='ocrx_word' id='word_1_153' title='bbox 3105 727 3459 795; x_wconf 84' lang='grc' dir='ltr'>ἐπεπωλήκει</span> <span class='ocrx_word' id='word_1_154' title='bbox 3485 730 3554 796; x_wconf 84' lang='grc' dir='ltr'>τῇ</span> <span class='ocrx_word' id='word_1_155' title='bbox 3599 722 3805 779; x_wconf 48' lang='grc' dir='ltr'>ἀδελ</span> 
     </span>
    </p>
   </div>
   <div class='ocr_carea' id='block_1_22' title="bbox 2168 816 3803 886">
    <p class='ocr_par' dir='ltr' id='par_1_22' title="bbox 2168 816 3803 886">
     <span class='ocr_line' id='line_1_22' title="bbox 2168 816 3803 886; baseline 0 -19"><span class='ocrx_word' id='word_1_156' title='bbox 2168 816 2359 885; x_wconf 83' lang='grc' dir='ltr'>φότητι</span> <span class='ocrx_word' id='word_1_157' title='bbox 2386 816 2480 869; x_wconf 87' lang='grc' dir='ltr'>τοῦ</span> <span class='ocrx_word' id='word_1_158' title='bbox 2512 818 2794 886; x_wconf 80' lang='grc' dir='ltr'>προφήτου</span> <span class='ocrx_word' id='word_1_159' title='bbox 2820 820 2912 872; x_wconf 75' lang='grc' dir='ltr'><strong>καὶ</strong></span> <span class='ocrx_word' id='word_1_160' title='bbox 2945 817 3251 871; x_wconf 83' lang='grc' dir='ltr'>Βαπτιστοῦ</span> <span class='ocrx_word' id='word_1_161' title='bbox 3296 818 3575 872; x_wconf 84' lang='grc' dir='ltr'>Ἰωάννου.</span> <span class='ocrx_word' id='word_1_162' title='bbox 3601 820 3729 871; x_wconf 83' lang='grc' dir='ltr'><strong>Στε</strong></span> <span class='ocrx_word' id='word_1_163' title='bbox 3748 818 3803 867; x_wconf 78' lang='grc' dir='ltr'><strong>ἔ-</strong></span> 
     </span>
    </p>
   </div>
   <div class='ocr_carea' id='block_1_23' title="bbox 2168 906 3793 980">
    <p class='ocr_par' dir='ltr' id='par_1_23' title="bbox 2168 906 3793 980">
     <span class='ocr_line' id='line_1_23' title="bbox 2168 906 3793 980; baseline 0 -20"><span class='ocrx_word' id='word_1_164' title='bbox 2168 908 2357 970; x_wconf 73' lang='grc' dir='ltr'>λαντες</span> <span class='ocrx_word' id='word_1_165' title='bbox 2388 906 2539 977; x_wconf 80' lang='grc' dir='ltr'>ούνή</span> <span class='ocrx_word' id='word_1_166' title='bbox 2576 908 2875 980; x_wconf 76' lang='grc' dir='ltr'>ἀδελφότης</span> <span class='ocrx_word' id='word_1_167' title='bbox 2896 912 3047 973; x_wconf 83' lang='grc' dir='ltr'>τινάς</span> <span class='ocrx_word' id='word_1_168' title='bbox 3083 911 3193 963; x_wconf 87' lang='grc' dir='ltr'><strong>τῶν</strong></span> <span class='ocrx_word' id='word_1_169' title='bbox 3242 911 3654 980; x_wconf 83' lang='grc' dir='ltr'>σταυροφόρων</span> <span class='ocrx_word' id='word_1_170' title='bbox 3714 914 3793 960; x_wconf 77' lang='grc' dir='ltr'>ἐν</span> 
     </span>
    </p>
   </div>
   <div class='ocr_carea' id='block_1_24' title="bbox 2166 998 3791 1069">
    <p class='ocr_par' dir='ltr' id='par_1_24' title="bbox 2166 998 3791 1069">
     <span class='ocr_line' id='line_1_24' title="bbox 2166 998 3791 1069; baseline 0.001 -20"><span class='ocrx_word' id='word_1_171' title='bbox 2166 999 2229 1067; x_wconf 79' lang='grc' dir='ltr'>τῇ</span> <span class='ocrx_word' id='word_1_172' title='bbox 2256 998 2480 1067; x_wconf 77' lang='grc' dir='ltr'>Σπάρτῃ</span> <span class='ocrx_word' id='word_1_173' title='bbox 2513 998 2602 1051; x_wconf 79' lang='grc' dir='ltr'>ἴνα</span> <span class='ocrx_word' id='word_1_174' title='bbox 2633 1000 2924 1067; x_wconf 79' lang='grc' dir='ltr'>ἐγκρατεῖς</span> <span class='ocrx_word' id='word_1_175' title='bbox 2964 1001 3064 1067; x_wconf 85' lang='grc' dir='ltr'>τῆς</span> <span class='ocrx_word' id='word_1_176' title='bbox 3089 999 3268 1069; x_wconf 80' lang='grc' dir='ltr'>ἀρχῆς</span> <span class='ocrx_word' id='word_1_177' title='bbox 3303 1000 3379 1062; x_wconf 83' lang='grc' dir='ltr'><strong>ὡς</strong></span> <span class='ocrx_word' id='word_1_178' title='bbox 3402 1000 3598 1067; x_wconf 84' lang='grc' dir='ltr'>κύριοι</span> <span class='ocrx_word' id='word_1_179' title='bbox 3657 1001 3791 1051; x_wconf 77' lang='grc' dir='ltr'><strong>καὶ</strong></span> 
     </span>
    </p>
   </div>
   <div class='ocr_carea' id='block_1_25' title="bbox 2165 1086 3782 1158">
    <p class='ocr_par' dir='ltr' id='par_1_25' title="bbox 2165 1086 3782 1158">
     <span class='ocr_line' id='line_1_25' title="bbox 2165 1086 3782 1158; baseline 0.001 -17"><span class='ocrx_word' id='word_1_180' title='bbox 2165 1088 2424 1141; x_wconf 87' lang='grc' dir='ltr'>δεσπόται</span> <span class='ocrx_word' id='word_1_181' title='bbox 2448 1090 2808 1158; x_wconf 77' lang='grc' dir='ltr'>γενήσοινται,</span> <span class='ocrx_word' id='word_1_182' title='bbox 2844 1089 3022 1152; x_wconf 79' lang='grc' dir='ltr'>ὀσλαδς</span> <span class='ocrx_word' id='word_1_183' title='bbox 3063 1090 3138 1152; x_wconf 86' lang='grc' dir='ltr'>ὡς</span> <span class='ocrx_word' id='word_1_184' title='bbox 3188 1086 3326 1143; x_wconf 77' lang='grc' dir='ltr'>εἶδεν</span> <span class='ocrx_word' id='word_1_185' title='bbox 3385 1090 3590 1152; x_wconf 79' lang='grc' dir='ltr'>αὐτοὺς</span> <span class='ocrx_word' id='word_1_186' title='bbox 3651 1091 3782 1142; x_wconf 70' lang='grc' dir='ltr'>καὶ</span> 
     </span>
    </p>
   </div>
   <div class='ocr_carea' id='block_1_26' title="bbox 2165 1180 3781 1251">
    <p class='ocr_par' dir='ltr' id='par_1_26' title="bbox 2165 1180 3781 1251">
     <span class='ocr_line' id='line_1_26' title="bbox 2165 1180 3781 1251; baseline -0.001 -18"><span class='ocrx_word' id='word_1_187' title='bbox 2165 1181 2370 1249; x_wconf 75' lang='grc' dir='ltr'>ἢκουσε</span> <span class='ocrx_word' id='word_1_188' title='bbox 2394 1180 2462 1232; x_wconf 82' lang='grc' dir='ltr'>τὰ</span> <span class='ocrx_word' id='word_1_189' title='bbox 2486 1182 2777 1251; x_wconf 76' lang='grc' dir='ltr'>γενόμενα,</span> <span class='ocrx_word' id='word_1_190' title='bbox 2811 1182 3081 1251; x_wconf 84' lang='grc' dir='ltr'>ὥρμησαν</span> <span class='ocrx_word' id='word_1_191' title='bbox 3125 1182 3263 1250; x_wconf 72' lang='grc' dir='ltr'>μετὰ</span> <span class='ocrx_word' id='word_1_192' title='bbox 3294 1181 3466 1247; x_wconf 79' lang='grc' dir='ltr'>ξύλων</span> <span class='ocrx_word' id='word_1_193' title='bbox 3508 1181 3618 1234; x_wconf 74' lang='grc' dir='ltr'><strong>καὶ</strong></span> <span class='ocrx_word' id='word_1_194' title='bbox 3648 1196 3781 1232; x_wconf 81' lang='grc' dir='ltr'>πε-</span> 
     </span>
    </p>
   </div>
   <div class='ocr_carea' id='block_1_27' title="bbox 2164 1272 3781 1344">
    <p class='ocr_par' dir='ltr' id='par_1_27' title="bbox 2164 1272 3781 1344">
     <span class='ocr_line' id='line_1_27' title="bbox 2164 1272 3781 1344; baseline 0.001 -23"><span class='ocrx_word' id='word_1_195' title='bbox 2164 1272 2312 1341; x_wconf 86' lang='grc' dir='ltr'>τρῶν</span> <span class='ocrx_word' id='word_1_196' title='bbox 2347 1272 2486 1340; x_wconf 82' lang='grc' dir='ltr'>μετὰ</span> <span class='ocrx_word' id='word_1_197' title='bbox 2519 1272 2695 1342; x_wconf 85' lang='grc' dir='ltr'>θυμοῦ</span> <span class='ocrx_word' id='word_1_198' title='bbox 2730 1274 3055 1344; x_wconf 86' lang='grc' dir='ltr'>δραμόντες,</span> <span class='ocrx_word' id='word_1_199' title='bbox 3095 1274 3180 1326; x_wconf 77' lang='grc' dir='ltr'>ἵνα</span> <span class='ocrx_word' id='word_1_200' title='bbox 3219 1274 3347 1337; x_wconf 78' lang='grc' dir='ltr'>τοὺς</span> <span class='ocrx_word' id='word_1_201' title='bbox 3389 1272 3781 1340; x_wconf 66' lang='grc' dir='ltr'>ἀπεσταλμέ-</span> 
     </span>
    </p>
   </div>
   <div class='ocr_carea' id='block_1_28' title="bbox 2163 1348 3772 1432">
    <p class='ocr_par' dir='ltr' id='par_1_28' title="bbox 2163 1348 3772 1432">
     <span class='ocr_line' id='line_1_28' title="bbox 2163 1348 3772 1432; baseline -0.002 -17"><span class='ocrx_word' id='word_1_202' title='bbox 2163 1378 2292 1423; x_wconf 91' lang='grc' dir='ltr'>νους</span> <span class='ocrx_word' id='word_1_203' title='bbox 2324 1348 2741 1432; x_wconf 83' lang='grc' dir='ltr'>σταυροφόρους</span> <span class='ocrx_word' id='word_1_204' title='bbox 2792 1363 3187 1417; x_wconf 87' lang='grc' dir='ltr'>ἀποκτείνωσι.</span> <span class='ocrx_word' id='word_1_205' title='bbox 3229 1362 3290 1415; x_wconf 82' lang='grc' dir='ltr'><strong>Ὀ</strong></span> <span class='ocrx_word' id='word_1_206' title='bbox 3344 1363 3403 1416; x_wconf 87' lang='grc' dir='ltr'><strong>δέ</strong></span> <span class='ocrx_word' id='word_1_207' title='bbox 3438 1362 3772 1432; x_wconf 71' lang='grc' dir='ltr'>ἀρχιερεὺς</span> 
     </span>
    </p>
   </div>
   <div class='ocr_carea' id='block_1_29' title="bbox 2161 1450 3765 1524">
    <p class='ocr_par' dir='ltr' id='par_1_29' title="bbox 2161 1450 3765 1524">
     <span class='ocr_line' id='line_1_29' title="bbox 2161 1450 3765 1524; baseline -0.002 -17"><span class='ocrx_word' id='word_1_208' title='bbox 2161 1455 2258 1508; x_wconf 78' lang='grc' dir='ltr'><strong>τοῦ</strong></span> <span class='ocrx_word' id='word_1_209' title='bbox 2294 1455 2464 1508; x_wconf 82' lang='grc' dir='ltr'>τόπου</span> <span class='ocrx_word' id='word_1_210' title='bbox 2501 1454 2718 1517; x_wconf 73' lang='grc' dir='ltr'>σταθεὶς</span> <span class='ocrx_word' id='word_1_211' title='bbox 2765 1454 2860 1507; x_wconf 79' lang='grc' dir='ltr'>καὶ</span> <span class='ocrx_word' id='word_1_212' title='bbox 2890 1450 3185 1523; x_wconf 81' lang='grc' dir='ltr'>ὁμιλήσας,</span> <span class='ocrx_word' id='word_1_213' title='bbox 3222 1456 3309 1508; x_wconf 79' lang='grc' dir='ltr'><strong>ἵνα</strong></span> <span class='ocrx_word' id='word_1_214' title='bbox 3362 1453 3434 1524; x_wconf 82' lang='grc' dir='ltr'>μὴ</span> <span class='ocrx_word' id='word_1_215' title='bbox 3496 1454 3765 1522; x_wconf 81' lang='grc' dir='ltr'>τοιαύτη</span> 
     </span>
    </p>
   </div>
   <div class='ocr_carea' id='block_1_30' title="bbox 2126 1543 3767 1614">
    <p class='ocr_par' dir='ltr' id='par_1_30' title="bbox 2126 1543 3767 1614">
     <span class='ocr_line' id='line_1_30' title="bbox 2126 1543 3767 1614; baseline -0.002 -16"><span class='ocrx_word' id='word_1_216' title='bbox 2126 1543 2359 1609; x_wconf 81' lang='grc' dir='ltr'>’ἀταξία</span> <span class='ocrx_word' id='word_1_217' title='bbox 2388 1543 2708 1614; x_wconf 83' lang='grc' dir='ltr'>γενήσηται,</span> <span class='ocrx_word' id='word_1_218' title='bbox 2749 1543 3017 1597; x_wconf 81' lang='grc' dir='ltr'>ἐδυσώπει</span> <span class='ocrx_word' id='word_1_219' title='bbox 3063 1544 3153 1598; x_wconf 82' lang='grc' dir='ltr'><strong>τὸν</strong></span> <span class='ocrx_word' id='word_1_220' title='bbox 3187 1544 3335 1611; x_wconf 80' lang='grc' dir='ltr'>λαὸν,</span> <span class='ocrx_word' id='word_1_221' title='bbox 3394 1546 3486 1596; x_wconf 71' lang='grc' dir='ltr'><strong>καὶ</strong></span> <span class='ocrx_word' id='word_1_222' title='bbox 3544 1544 3767 1596; x_wconf 53' lang='lat'><strong>13:06—</strong></span> 
     </span>
    </p>
   </div>
   <div class='ocr_carea' id='block_1_31' title="bbox 502 1626 3761 1705">
    <p class='ocr_par' dir='ltr' id='par_1_31' title="bbox 502 1626 3761 1705">
     <span class='ocr_line' id='line_1_31' title="bbox 502 1626 3761 1705; baseline 0 -20"><span class='ocrx_word' id='word_1_223' title='bbox 502 1633 596 1687; x_wconf 76' lang='grc' dir='ltr'><strong>οὖν</strong></span> <span class='ocrx_word' id='word_1_224' title='bbox 623 1635 651 1686; x_wconf 91' lang='lat'><strong>6</strong></span> <span class='ocrx_word' id='word_1_225' title='bbox 678 1634 934 1703; x_wconf 80' lang='grc' dir='ltr'>βασιλεὺς</span> <span class='ocrx_word' id='word_1_226' title='bbox 967 1636 1059 1688; x_wconf 69' lang='grc' dir='ltr'><strong>καὶ</strong></span> <span class='ocrx_word' id='word_1_227' title='bbox 1101 1636 1241 1704; x_wconf 83' lang='grc' dir='ltr'>πρὸς</span> <span class='ocrx_word' id='word_1_228' title='bbox 1268 1637 1363 1688; x_wconf 66' lang='grc' dir='ltr'>τὸν</span> <span class='ocrx_word' id='word_1_229' title='bbox 1396 1635 1541 1705; x_wconf 82' lang='grc' dir='ltr'>ρῆγα</span> <span class='ocrx_word' id='word_1_230' title='bbox 1585 1636 1853 1705; x_wconf 86' lang='grc' dir='ltr'>Φραγκῶν</span> <span class='ocrx_word' id='word_1_231' title='bbox 1900 1626 2059 1703; x_wconf 76' lang='grc' dir='ltr'>εὗρεν</span> <span class='ocrx_word' id='word_1_232' title='bbox 2166 1651 2318 1703; x_wconf 89' lang='grc' dir='ltr'>μενοι</span> <span class='ocrx_word' id='word_1_233' title='bbox 2354 1636 2467 1697; x_wconf 81' lang='grc' dir='ltr'>τοῖς</span> <span class='ocrx_word' id='word_1_234' title='bbox 2523 1635 2718 1687; x_wconf 89' lang='grc' dir='ltr'>τούτου</span> <span class='ocrx_word' id='word_1_235' title='bbox 2779 1635 2959 1702; x_wconf 84' lang='grc' dir='ltr'>λόγοις</span> <span class='ocrx_word' id='word_1_236' title='bbox 2985 1636 3098 1697; x_wconf 79' lang='grc' dir='ltr'>τοῖς</span> <span class='ocrx_word' id='word_1_237' title='bbox 3128 1632 3521 1704; x_wconf 76' lang='grc' dir='ltr'>σταυροφόροις</span> <span class='ocrx_word' id='word_1_238' title='bbox 3558 1633 3761 1702; x_wconf 81' lang='grc' dir='ltr'>τριῶν</span> 
     </span>
    </p>
   </div>
   <div class='ocr_carea' id='block_1_32' title="bbox 495 1709 3756 1796">
    <p class='ocr_par' dir='ltr' id='par_1_32' title="bbox 495 1709 3756 1796">
     <span class='ocr_line' id='line_1_32' title="bbox 495 1709 3756 1796; baseline 0 -19"><span class='ocrx_word' id='word_1_239' title='bbox 495 1725 658 1777; x_wconf 76' lang='grc' dir='ltr'>αὑτὸν</span> <span class='ocrx_word' id='word_1_240' title='bbox 684 1727 743 1776; x_wconf 90' lang='grc' dir='ltr'>ἐν</span> <span class='ocrx_word' id='word_1_241' title='bbox 763 1726 1017 1795; x_wconf 70' lang='grc' dir='ltr'>ἀσθενείᾳ</span> <span class='ocrx_word' id='word_1_242' title='bbox 1049 1726 1328 1795; x_wconf 82' lang='grc' dir='ltr'>βαρυτάτῃ</span> <span class='ocrx_word' id='word_1_243' title='bbox 1354 1728 1547 1795; x_wconf 79' lang='grc' dir='ltr'>ἔχοντα</span> <span class='ocrx_word' id='word_1_244' title='bbox 1574 1726 1669 1780; x_wconf 76' lang='grc' dir='ltr'><strong>καὶ</strong></span> <span class='ocrx_word' id='word_1_245' title='bbox 1711 1725 1816 1792; x_wconf 79' lang='grc' dir='ltr'>ἔξω</span> <span class='ocrx_word' id='word_1_246' title='bbox 1844 1725 2058 1793; x_wconf 83' lang='grc' dir='ltr'>φρενῶν</span> <span class='ocrx_word' id='word_1_247' title='bbox 2091 1709 2137 1767; x_wconf 73' lang='grc' dir='ltr'><strong>Β</strong></span> <span class='ocrx_word' id='word_1_248' title='bbox 2166 1724 2389 1795; x_wconf 79' lang='grc' dir='ltr'>ήμερῶν</span> <span class='ocrx_word' id='word_1_249' title='bbox 2410 1724 2617 1794; x_wconf 82' lang='grc' dir='ltr'>διορίαν</span> <span class='ocrx_word' id='word_1_250' title='bbox 2650 1723 2876 1790; x_wconf 75' lang='grc' dir='ltr'>ἐδωσαν,</span> <span class='ocrx_word' id='word_1_251' title='bbox 2913 1727 2999 1780; x_wconf 84' lang='grc' dir='ltr'>ἵνα</span> <span class='ocrx_word' id='word_1_252' title='bbox 3032 1725 3215 1778; x_wconf 81' lang='grc' dir='ltr'>ἐκτῶν</span> <span class='ocrx_word' id='word_1_253' title='bbox 3241 1726 3405 1796; x_wconf 85' lang='grc' dir='ltr'>ὁρίων</span> <span class='ocrx_word' id='word_1_254' title='bbox 3427 1724 3525 1793; x_wconf 83' lang='grc' dir='ltr'>τῆς</span> <span class='ocrx_word' id='word_1_255' title='bbox 3541 1727 3756 1794; x_wconf 80' lang='grc' dir='ltr'>Σπάρ-</span> 
     </span>
    </p>
   </div>
   <div class='ocr_carea' id='block_1_33' title="bbox 496 1811 2055 1887">
    <p class='ocr_par' dir='ltr' id='par_1_33' title="bbox 496 1811 2055 1887">
     <span class='ocr_line' id='line_1_33' title="bbox 496 1811 2055 1887; baseline 0 -18"><span class='ocrx_word' id='word_1_256' title='bbox 496 1818 816 1887; x_wconf 84' lang='grc' dir='ltr'>ὑπάρχοντα</span> <span class='ocrx_word' id='word_1_257' title='bbox 841 1831 856 1846; x_wconf 72' lang='grc'>⁸</span> <span class='ocrx_word' id='word_1_258' title='bbox 889 1818 981 1870; x_wconf 69' lang='grc' dir='ltr'>καὶ</span> <span class='ocrx_word' id='word_1_259' title='bbox 1004 1818 1056 1870; x_wconf 79' lang='grc' dir='ltr'><strong>οἱ</strong></span> <span class='ocrx_word' id='word_1_260' title='bbox 1089 1816 1387 1883; x_wconf 77' lang='grc' dir='ltr'>σύμόουλοι</span> <span class='ocrx_word' id='word_1_261' title='bbox 1425 1815 1588 1870; x_wconf 81' lang='grc' dir='ltr'>αὐτοῦ</span> <span class='ocrx_word' id='word_1_262' title='bbox 1641 1816 1741 1869; x_wconf 82' lang='grc' dir='ltr'><strong>οὐκ</strong></span> <span class='ocrx_word' id='word_1_263' title='bbox 1798 1811 1946 1885; x_wconf 76' lang='grc' dir='ltr'>εἶχόν</span> <span class='ocrx_word' id='word_1_264' title='bbox 2004 1833 2055 1869; x_wconf 88' lang='grc' dir='ltr'><strong>τι</strong></span> 
     </span>
    </p>
   </div>
   <div class='ocr_carea' id='block_1_34' title="bbox 496 1903 2058 1979">
    <p class='ocr_par' dir='ltr' id='par_1_34' title="bbox 496 1903 2058 1979">
     <span class='ocr_line' id='line_1_34' title="bbox 496 1903 2058 1979; baseline -0.003 -20"><span class='ocrx_word' id='word_1_265' title='bbox 496 1905 866 1979; x_wconf 65' lang='grc' dir='ltr'>ἀποκριθῆναι</span> <span class='ocrx_word' id='word_1_266' title='bbox 892 1905 1063 1975; x_wconf 84' lang='grc' dir='ltr'>μόνοι.</span> <span class='ocrx_word' id='word_1_267' title='bbox 1104 1905 1172 1955; x_wconf 62' lang='grc'><strong>³0</strong></span> <span class='ocrx_word' id='word_1_268' title='bbox 1216 1906 1317 1973; x_wconf 71' lang='grc' dir='ltr'>μὲν</span> <span class='ocrx_word' id='word_1_269' title='bbox 1351 1903 1605 1972; x_wconf 84' lang='grc' dir='ltr'>βασιλεὺς</span> <span class='ocrx_word' id='word_1_270' title='bbox 1643 1903 1927 1973; x_wconf 82' lang='grc' dir='ltr'>ἄπρακτος</span> <span class='ocrx_word' id='word_1_271' title='bbox 1964 1904 2058 1955; x_wconf 82' lang='grc' dir='ltr'>ἐπὶ</span> 
     </span>
    </p>
   </div>
   <div class='ocr_carea' id='block_1_35' title="bbox 493 1990 2056 2067">
    <p class='ocr_par' dir='ltr' id='par_1_35' title="bbox 493 1990 2056 2067">
     <span class='ocr_line' id='line_1_35' title="bbox 493 1990 2056 2067; baseline -0.003 -17"><span class='ocrx_word' id='word_1_272' title='bbox 493 1996 596 2067; x_wconf 84' lang='grc' dir='ltr'><strong>τὴν</strong></span> <span class='ocrx_word' id='word_1_273' title='bbox 628 1992 1459 2049; x_wconf 76' lang='grc' dir='ltr'>Κωνσταντινούπολινέπανέστ</span> <span class='ocrx_word' id='word_1_274' title='bbox 1469 1990 1630 2061; x_wconf 84' lang='grc' dir='ltr'>ρεψεν</span> <span class='ocrx_word' id='word_1_275' title='bbox 1647 1993 1743 2047; x_wconf 77' lang='grc' dir='ltr'><strong>ἐπὶ</strong></span> <span class='ocrx_word' id='word_1_276' title='bbox 1754 1990 1906 2056; x_wconf 70' lang='grc' dir='ltr'>ἔτους</span> <span class='ocrx_word' id='word_1_277' title='bbox 1930 1999 2056 2063; x_wconf 65' lang='grc' dir='ltr'>,αυε’</span> 
     </span>
    </p>
   </div>
   <div class='ocr_carea' id='block_1_36' title="bbox 493 2081 988 2157">
    <p class='ocr_par' dir='ltr' id='par_1_36' title="bbox 493 2081 988 2157">
     <span class='ocr_line' id='line_1_36' title="bbox 493 2081 988 2157; baseline 0.002 -18"><span class='ocrx_word' id='word_1_278' title='bbox 493 2081 865 2157; x_wconf 75' lang='grc' dir='ltr'>Σεπτεμϐρίου</span> <span class='ocrx_word' id='word_1_279' title='bbox 900 2081 988 2156; x_wconf 87' lang='grc' dir='ltr'>ιγ’.</span> 
     </span>
    </p>
   </div>
   <div class='ocr_carea' id='block_1_37' title="bbox 566 2173 2055 2250">
    <p class='ocr_par' dir='ltr' id='par_1_37' title="bbox 566 2173 2055 2250">
     <span class='ocr_line' id='line_1_37' title="bbox 566 2173 2055 2250; baseline -0.003 -18"><span class='ocrx_word' id='word_1_280' title='bbox 566 2186 667 2246; x_wconf 78' lang='grc' dir='ltr'>ις’.</span> <span class='ocrx_word' id='word_1_281' title='bbox 712 2177 802 2233; x_wconf 82' lang='grc' dir='ltr'><strong>Ἐν</strong></span> <span class='ocrx_word' id='word_1_282' title='bbox 830 2181 1006 2250; x_wconf 82' lang='grc' dir='ltr'>τούτῳ</span> <span class='ocrx_word' id='word_1_283' title='bbox 1043 2178 1121 2249; x_wconf 82' lang='grc' dir='ltr'>τῷ</span> <span class='ocrx_word' id='word_1_284' title='bbox 1160 2178 1271 2231; x_wconf 77' lang='grc' dir='ltr'>ἔτει</span> <span class='ocrx_word' id='word_1_285' title='bbox 1312 2182 1339 2232; x_wconf 88' lang='lat'><strong>6</strong></span> <span class='ocrx_word' id='word_1_286' title='bbox 1382 2179 1605 2249; x_wconf 82' lang='grc' dir='ltr'>ἀμηρᾶς</span> <span class='ocrx_word' id='word_1_287' title='bbox 1651 2173 2055 2246; x_wconf 78' lang='grc' dir='ltr'>Μπαγιαζήτης</span> 
     </span>
    </p>
   </div>
   <div class='ocr_carea' id='block_1_38' title="bbox 491 2268 2056 2343">
    <p class='ocr_par' dir='ltr' id='par_1_38' title="bbox 491 2268 2056 2343">
     <span class='ocr_line' id='line_1_38' title="bbox 491 2268 2056 2343; baseline -0.004 -16"><span class='ocrx_word' id='word_1_288' title='bbox 491 2274 634 2327; x_wconf 85' lang='grc' dir='ltr'><strong>κατά</strong></span> <span class='ocrx_word' id='word_1_289' title='bbox 674 2273 773 2343; x_wconf 82' lang='grc' dir='ltr'>τῆς</span> <span class='ocrx_word' id='word_1_290' title='bbox 827 2272 1238 2340; x_wconf 83' lang='grc' dir='ltr'>Πελοποννήσου</span> <span class='ocrx_word' id='word_1_291' title='bbox 1299 2270 1407 2323; x_wconf 77' lang='grc' dir='ltr'><strong>τὸν,</strong></span> <span class='ocrx_word' id='word_1_292' title='bbox 1438 2268 1915 2324; x_wconf 80' lang='grc' dir='ltr'>Γιακούπ-πασιᾶν</span> <span class='ocrx_word' id='word_1_293' title='bbox 1961 2268 2056 2323; x_wconf 79' lang='grc' dir='ltr'><strong>καὶ</strong></span> 
     </span>
    </p>
   </div>
   <div class='ocr_carea' id='block_1_39' title="bbox 488 2361 2057 2434">
    <p class='ocr_par' dir='ltr' id='par_1_39' title="bbox 488 2361 2057 2434">
     <span class='ocr_line' id='line_1_39' title="bbox 488 2361 2057 2434; baseline -0.004 -14"><span class='ocrx_word' id='word_1_294' title='bbox 488 2368 583 2420; x_wconf 71' lang='grc' dir='ltr'>τὸν</span> <span class='ocrx_word' id='word_1_295' title='bbox 610 2367 893 2434; x_wconf 80' lang='grc' dir='ltr'>Βρενάζην</span> <span class='ocrx_word' id='word_1_296' title='bbox 924 2365 1129 2418; x_wconf 74' lang='grc' dir='ltr'>ἔστειλε</span> <span class='ocrx_word' id='word_1_297' title='bbox 1170 2365 1309 2425; x_wconf 84' lang='grc' dir='ltr'><strong>μετά</strong></span> <span class='ocrx_word' id='word_1_298' title='bbox 1351 2363 1587 2433; x_wconf 89' lang='grc' dir='ltr'>στρατοῦ</span> <span class='ocrx_word' id='word_1_299' title='bbox 1642 2361 1899 2433; x_wconf 81' lang='grc' dir='ltr'>χιλιάδων</span> <span class='ocrx_word' id='word_1_300' title='bbox 1931 2375 2057 2413; x_wconf 85' lang='grc' dir='ltr'>πεν-</span> 
     </span>
    </p>
   </div>
   <div class='ocr_carea' id='block_1_40' title="bbox 466 2453 2055 2528">
    <p class='ocr_par' dir='ltr' id='par_1_40' title="bbox 466 2453 2055 2528">
     <span class='ocr_line' id='line_1_40' title="bbox 466 2453 2055 2528; baseline -0.005 -17"><span class='ocrx_word' id='word_1_301' title='bbox 466 2458 767 2527; x_wconf 42' lang='grc' dir='ltr'>,τήκονταο</span> <span class='ocrx_word' id='word_1_302' title='bbox 807 2456 902 2509; x_wconf 76' lang='grc' dir='ltr'><strong>καὶ</strong></span> <span class='ocrx_word' id='word_1_303' title='bbox 932 2458 991 2510; x_wconf 78' lang='grc' dir='ltr'>ἐν</span> <span class='ocrx_word' id='word_1_304' title='bbox 1020 2455 1101 2527; x_wconf 84' lang='grc' dir='ltr'>τῷ</span> <span class='ocrx_word' id='word_1_305' title='bbox 1126 2455 1468 2527; x_wconf 79' lang='grc' dir='ltr'>ἀπέρχεσθαι</span> <span class='ocrx_word' id='word_1_306' title='bbox 1499 2455 1606 2528; x_wconf 73' lang='lat'><strong>63</strong></span> <span class='ocrx_word' id='word_1_307' title='bbox 1651 2454 1848 2517; x_wconf 83' lang='grc' dir='ltr'>αὐτοὺς</span> <span class='ocrx_word' id='word_1_308' title='bbox 1891 2453 1949 2506; x_wconf 89' lang='grc' dir='ltr'><strong>ἐν</strong></span> <span class='ocrx_word' id='word_1_309' title='bbox 1986 2453 2055 2523; x_wconf 77' lang='grc' dir='ltr'>τῇ</span> 
     </span>
    </p>
   </div>
   <div class='ocr_carea' id='block_1_41' title="bbox 489 2544 2054 2618">
    <p class='ocr_par' dir='ltr' id='par_1_41' title="bbox 489 2544 2054 2618">
     <span class='ocr_line' id='line_1_41' title="bbox 489 2544 2054 2618; baseline -0.003 -16"><span class='ocrx_word' id='word_1_310' title='bbox 489 2548 594 2618; x_wconf 83' lang='grc' dir='ltr'><strong>ὁδῷ</strong></span> <span class='ocrx_word' id='word_1_311' title='bbox 626 2551 721 2603; x_wconf 75' lang='grc' dir='ltr'><strong>καὶ</strong></span> <span class='ocrx_word' id='word_1_312' title='bbox 742 2549 899 2604; x_wconf 70' lang='grc' dir='ltr'>ἓνδον</span> <span class='ocrx_word' id='word_1_313' title='bbox 927 2549 1025 2618; x_wconf 83' lang='grc' dir='ltr'><strong>τῆς</strong></span> <span class='ocrx_word' id='word_1_314' title='bbox 1057 2549 1473 2617; x_wconf 88' lang='grc' dir='ltr'>Πελοποννήσου</span> <span class='ocrx_word' id='word_1_315' title='bbox 1519 2548 1829 2616; x_wconf 86' lang='grc' dir='ltr'>φθάσαντες</span> <span class='ocrx_word' id='word_1_316' title='bbox 1884 2544 2054 2600; x_wconf 90' lang='grc' dir='ltr'>πολλά</span> 
     </span>
    </p>
   </div>
   <div class='ocr_carea' id='block_1_42' title="bbox 491 2638 2050 2709">
    <p class='ocr_par' dir='ltr' id='par_1_42' title="bbox 491 2638 2050 2709">
     <span class='ocr_line' id='line_1_42' title="bbox 491 2638 2050 2709; baseline -0.003 -16"><span class='ocrx_word' id='word_1_317' title='bbox 491 2640 636 2693; x_wconf 84' lang='grc' dir='ltr'><strong>κακά</strong></span> <span class='ocrx_word' id='word_1_318' title='bbox 665 2642 760 2694; x_wconf 70' lang='grc' dir='ltr'>καὶ</span> <span class='ocrx_word' id='word_1_319' title='bbox 787 2640 938 2694; x_wconf 87' lang='grc' dir='ltr'>δεινά</span> <span class='ocrx_word' id='word_1_320' title='bbox 963 2640 1061 2694; x_wconf 60' lang='grc' dir='ltr'><strong>καὶ¹</strong></span> <span class='ocrx_word' id='word_1_321' title='bbox 1108 2639 1582 2709; x_wconf 80' lang='grc' dir='ltr'>ἀνδραποδισμοὺς</span> <span class='ocrx_word' id='word_1_322' title='bbox 1641 2640 1755 2701; x_wconf 85' lang='grc' dir='ltr'>τοῖς</span> <span class='ocrx_word' id='word_1_323' title='bbox 1784 2638 2050 2706; x_wconf 84' lang='grc' dir='ltr'>Χριστια-</span> 
     </span>
    </p>
   </div>
   <div class='ocr_carea' id='block_1_43' title="bbox 488 2724 2051 2802">
    <p class='ocr_par' dir='ltr' id='par_1_43' title="bbox 488 2724 2051 2802">
     <span class='ocr_line' id='line_1_43' title="bbox 488 2724 2051 2802; baseline -0.006 -16"><span class='ocrx_word' id='word_1_324' title='bbox 488 2736 599 2796; x_wconf 88' lang='grc' dir='ltr'>νοῖς</span> <span class='ocrx_word' id='word_1_325' title='bbox 629 2733 927 2802; x_wconf 77' lang='grc' dir='ltr'>ἐπέθηκαν,</span> <span class='ocrx_word' id='word_1_326' title='bbox 954 2730 1137 2795; x_wconf 81' lang='grc' dir='ltr'>καθὼς</span> <span class='ocrx_word' id='word_1_327' title='bbox 1163 2733 1219 2785; x_wconf 88' lang='grc' dir='ltr'><strong>ἐν</strong></span> <span class='ocrx_word' id='word_1_328' title='bbox 1245 2731 1413 2800; x_wconf 83' lang='grc' dir='ltr'>ὀλίγῳ</span> <span class='ocrx_word' id='word_1_329' title='bbox 1468 2730 1561 2782; x_wconf 75' lang='grc' dir='ltr'><strong>ἐπὶ</strong></span> <span class='ocrx_word' id='word_1_330' title='bbox 1613 2729 1711 2798; x_wconf 82' lang='grc' dir='ltr'>τῆς</span> <span class='ocrx_word' id='word_1_331' title='bbox 1763 2728 1905 2796; x_wconf 82' lang='grc' dir='ltr'>ζωῆς</span> <span class='ocrx_word' id='word_1_332' title='bbox 1959 2724 2051 2777; x_wconf 84' lang='grc' dir='ltr'>τοῦ</span> 
     </span>
    </p>
   </div>
   <div class='ocr_carea' id='block_1_44' title="bbox 391 2812 2054 2893">
    <p class='ocr_par' dir='ltr' id='par_1_44' title="bbox 391 2812 2054 2893">
     <span class='ocr_line' id='line_1_44' title="bbox 391 2812 2054 2893; baseline -0.005 -17"><span class='ocrx_word' id='word_1_333' title='bbox 391 2812 394 2815; x_wconf 49' lang='grc'><em>’</em></span> <span class='ocrx_word' id='word_1_334' title='bbox 488 2823 890 2893; x_wconf 80' lang='grc' dir='ltr'>Μπαγιαζήτου</span> <span class='ocrx_word' id='word_1_335' title='bbox 922 2823 1243 2892; x_wconf 79' lang='grc' dir='ltr'>ῥηθήσεται.</span> <span class='ocrx_word' id='word_1_336' title='bbox 1299 2823 1357 2875; x_wconf 89' lang='lat'><strong>&#39;0</strong></span> <span class='ocrx_word' id='word_1_337' title='bbox 1386 2822 1445 2875; x_wconf 82' lang='grc' dir='ltr'>δὲ</span> <span class='ocrx_word' id='word_1_338' title='bbox 1498 2821 1766 2889; x_wconf 87' lang='grc' dir='ltr'>δεσπότης</span> <span class='ocrx_word' id='word_1_339' title='bbox 1796 2819 1900 2888; x_wconf 84' lang='grc' dir='ltr'><strong>κὺρ</strong></span> <span class='ocrx_word' id='word_1_340' title='bbox 1925 2817 2054 2869; x_wconf 84' lang='grc' dir='ltr'>Θεό-</span> 
     </span>
    </p>
   </div>
   <div class='ocr_carea' id='block_1_45' title="bbox 488 2909 2051 2983">
    <p class='ocr_par' dir='ltr' id='par_1_45' title="bbox 488 2909 2051 2983">
     <span class='ocr_line' id='line_1_45' title="bbox 488 2909 2051 2983; baseline -0.003 -18"><span class='ocrx_word' id='word_1_341' title='bbox 488 2914 661 2981; x_wconf 84' lang='grc' dir='ltr'>δωρος</span> <span class='ocrx_word' id='word_1_342' title='bbox 708 2914 935 2983; x_wconf 85' lang='grc' dir='ltr'>θεωρῶν</span> <span class='ocrx_word' id='word_1_343' title='bbox 989 2916 1055 2967; x_wconf 87' lang='grc' dir='ltr'><strong>τά</strong></span> <span class='ocrx_word' id='word_1_344' title='bbox 1106 2915 1217 2967; x_wconf 86' lang='grc' dir='ltr'><strong>τῶν</strong></span> <span class='ocrx_word' id='word_1_345' title='bbox 1279 2912 1570 2982; x_wconf 85' lang='grc' dir='ltr'>Ῥωμαίων</span> <span class='ocrx_word' id='word_1_346' title='bbox 1618 2913 1921 2981; x_wconf 79' lang='grc' dir='ltr'>πράγματα</span> <span class='ocrx_word' id='word_1_347' title='bbox 1971 2909 2051 2961; x_wconf 80' lang='grc' dir='ltr'><strong>δτι</strong></span> 
     </span>
    </p>
   </div>
   <div class='ocr_carea' id='block_1_46' title="bbox 468 2999 2122 3097">
    <p class='ocr_par' dir='ltr' id='par_1_46' title="bbox 468 2999 2122 3097">
     <span class='ocr_line' id='line_1_46' title="bbox 468 2999 2122 3097; baseline -0.003 -41"><span class='ocrx_word' id='word_1_348' title='bbox 468 3005 663 3066; x_wconf 73' lang='grc' dir='ltr'>ὀὕτως</span> <span class='ocrx_word' id='word_1_349' title='bbox 718 3008 907 3069; x_wconf 86' lang='grc' dir='ltr'>κακῶς</span> <span class='ocrx_word' id='word_1_350' title='bbox 960 3008 1250 3072; x_wconf 82' lang='grc' dir='ltr'>διέκειντο,</span> <span class='ocrx_word' id='word_1_351' title='bbox 1294 3006 1388 3057; x_wconf 84' lang='grc' dir='ltr'>καὶ</span> <span class='ocrx_word' id='word_1_352' title='bbox 1428 3005 1529 3073; x_wconf 81' lang='grc' dir='ltr'>τὴν</span> <span class='ocrx_word' id='word_1_353' title='bbox 1594 3003 1750 3056; x_wconf 88' lang='grc' dir='ltr'>πόλιν</span> <span class='ocrx_word' id='word_1_354' title='bbox 1797 2999 2122 3097; x_wconf 64' lang='grc' dir='ltr'>τοσοῦτονρ</span> 
     </span>
    </p>
   </div>
   <div class='ocr_carea' id='block_1_47' title="bbox 489 3096 2054 3165">
    <p class='ocr_par' dir='ltr' id='par_1_47' title="bbox 489 3096 2054 3165">
     <span class='ocr_line' id='line_1_47' title="bbox 489 3096 2054 3165; baseline -0.002 -16"><span class='ocrx_word' id='word_1_355' title='bbox 489 3096 682 3165; x_wconf 80' lang='grc' dir='ltr'>καιρὸν</span> <span class='ocrx_word' id='word_1_356' title='bbox 716 3098 1133 3150; x_wconf 74' lang='grc' dir='ltr'>κινδυνεύουσαν</span> <span class='ocrx_word' id='word_1_357' title='bbox 1181 3096 1696 3165; x_wconf 81' lang='grc' dir='ltr'>ἀποκεκλεισμένην</span> <span class='ocrx_word' id='word_1_358' title='bbox 1748 3096 1843 3148; x_wconf 73' lang='grc' dir='ltr'><strong>καὶ</strong></span> <span class='ocrx_word' id='word_1_359' title='bbox 1873 3110 2054 3147; x_wconf 87' lang='grc' dir='ltr'>στενο-</span> 
     </span>
    </p>
   </div>
   <div class='ocr_carea' id='block_1_48' title="bbox 488 3278 2053 3351">
    <p class='ocr_par' dir='ltr' id='par_1_48' title="bbox 488 3278 2053 3351">
     <span class='ocr_line' id='line_1_48' title="bbox 488 3278 2053 3351; baseline -0.004 -15"><span class='ocrx_word' id='word_1_360' title='bbox 488 3283 724 3337; x_wconf 80' lang='lat' dir='ltr'><strong>hostium</strong></span> <span class='ocrx_word' id='word_1_361' title='bbox 763 3280 1178 3351; x_wconf 85' lang='lat' dir='ltr'><strong>propulsandum</strong></span> <span class='ocrx_word' id='word_1_362' title='bbox 1234 3280 1469 3349; x_wconf 75' lang='lat' dir='ltr'><strong>reliquit.</strong></span> <span class='ocrx_word' id='word_1_363' title='bbox 1504 3279 1623 3349; x_wconf 86' lang='lat' dir='ltr'><strong>ipse</strong></span> <span class='ocrx_word' id='word_1_364' title='bbox 1651 3293 1770 3334; x_wconf 90' lang='lat' dir='ltr'><strong>cum</strong></span> <span class='ocrx_word' id='word_1_365' title='bbox 1818 3278 2053 3346; x_wconf 88' lang='lat' dir='ltr'><strong>impera-</strong></span> 
     </span>
    </p>
   </div>
   <div class='ocr_carea' id='block_1_49' title="bbox 485 3370 2053 3443">
    <p class='ocr_par' dir='ltr' id='par_1_49' title="bbox 485 3370 2053 3443">
     <span class='ocr_line' id='line_1_49' title="bbox 485 3370 2053 3443; baseline -0.004 -12"><span class='ocrx_word' id='word_1_366' title='bbox 485 3378 623 3431; x_wconf 82' lang='lat' dir='ltr'><strong>trice</strong></span> <span class='ocrx_word' id='word_1_367' title='bbox 664 3373 888 3443; x_wconf 80' lang='lat' dir='ltr'><strong>conjuge</strong></span> <span class='ocrx_word' id='word_1_368' title='bbox 935 3372 988 3426; x_wconf 92' lang='lat' dir='ltr'><strong>in</strong></span> <span class='ocrx_word' id='word_1_369' title='bbox 1034 3371 1457 3441; x_wconf 70' lang='lat' dir='ltr'><strong>Peloponnesum</strong></span> <span class='ocrx_word' id='word_1_370' title='bbox 1502 3371 1793 3439; x_wconf 68' lang='lat' dir='ltr'><strong>profectus,</strong></span> <span class='ocrx_word' id='word_1_371' title='bbox 1849 3370 2053 3438; x_wconf 60' lang='lat' dir='ltr'><strong>Sparta:</strong></span> 
     </span>
    </p>
   </div>
   <div class='ocr_carea' id='block_1_50' title="bbox 374 3460 2050 3535">
    <p class='ocr_par' dir='ltr' id='par_1_50' title="bbox 374 3460 2050 3535">
     <span class='ocr_line' id='line_1_50' title="bbox 374 3460 2050 3535; baseline -0.002 -15"><span class='ocrx_word' id='word_1_372' title='bbox 374 3504 382 3512; x_wconf 83' lang='grc'><strong>.</strong></span> <span class='ocrx_word' id='word_1_373' title='bbox 488 3482 608 3520; x_wconf 85' lang='lat' dir='ltr'><strong>cam</strong></span> <span class='ocrx_word' id='word_1_374' title='bbox 652 3465 791 3535; x_wconf 89' lang='lat' dir='ltr'><strong>apud</strong></span> <span class='ocrx_word' id='word_1_375' title='bbox 819 3465 1157 3519; x_wconf 85' lang='lat' dir='ltr'><strong>Theodorum</strong></span> <span class='ocrx_word' id='word_1_376' title='bbox 1190 3463 1408 3516; x_wconf 85' lang='lat' dir='ltr'><strong>fratrem</strong></span> <span class='ocrx_word' id='word_1_377' title='bbox 1465 3462 1713 3529; x_wconf 75' lang='lat' dir='ltr'><strong>deposuit</strong></span> <span class='ocrx_word' id='word_1_378' title='bbox 1743 3470 1795 3515; x_wconf 91' lang='lat' dir='ltr'><strong>et</strong></span> <span class='ocrx_word' id='word_1_379' title='bbox 1847 3460 2050 3516; x_wconf 83' lang='lat' dir='ltr'><strong>Italiam</strong></span> 
     </span>
    </p>
   </div>
   <div class='ocr_carea' id='block_1_51' title="bbox 488 3550 2052 3629">
    <p class='ocr_par' dir='ltr' id='par_1_51' title="bbox 488 3550 2052 3629">
     <span class='ocr_line' id='line_1_51' title="bbox 488 3550 2052 3629; baseline 0.001 -23"><span class='ocrx_word' id='word_1_380' title='bbox 488 3571 674 3609; x_wconf 86' lang='lat' dir='ltr'><strong>versus</strong></span> <span class='ocrx_word' id='word_1_381' title='bbox 734 3556 1016 3623; x_wconf 78' lang='lat' dir='ltr'><strong>processit.</strong></span> <span class='ocrx_word' id='word_1_382' title='bbox 1084 3553 1320 3629; x_wconf 79' lang='lat' dir='ltr'><strong>Primum</strong></span> <span class='ocrx_word' id='word_1_383' title='bbox 1375 3550 1630 3606; x_wconf 85' lang='lat' dir='ltr'><strong>Venetias</strong></span> <span class='ocrx_word' id='word_1_384' title='bbox 1681 3551 1872 3616; x_wconf 83' lang='lat' dir='ltr'><strong>venit;</strong></span> <span class='ocrx_word' id='word_1_385' title='bbox 1929 3552 2052 3608; x_wconf 89' lang='lat' dir='ltr'><strong>inde</strong></span> 
     </span>
    </p>
   </div>
   <div class='ocr_carea' id='block_1_52' title="bbox 488 3643 2052 3713">
    <p class='ocr_par' dir='ltr' id='par_1_52' title="bbox 488 3643 2052 3713">
     <span class='ocr_line' id='line_1_52' title="bbox 488 3643 2052 3713; baseline -0.001 -15"><span class='ocrx_word' id='word_1_386' title='bbox 488 3647 552 3699; x_wconf 88' lang='lat' dir='ltr'><strong>ad</strong></span> <span class='ocrx_word' id='word_1_387' title='bbox 586 3648 777 3702; x_wconf 88' lang='lat' dir='ltr'><strong>ducem</strong></span> <span class='ocrx_word' id='word_1_388' title='bbox 800 3644 1276 3699; x_wconf 84' lang='lat' dir='ltr'><strong>Mediolanensium</strong></span> <span class='ocrx_word' id='word_1_389' title='bbox 1320 3644 1578 3713; x_wconf 71' lang='lat' dir='ltr'><strong>perrexit,</strong></span> <span class='ocrx_word' id='word_1_390' title='bbox 1611 3644 1700 3711; x_wconf 88' lang='lat' dir='ltr'><strong>qui</strong></span> <span class='ocrx_word' id='word_1_391' title='bbox 1736 3658 1857 3697; x_wconf 88' lang='lat' dir='ltr'><strong>cum</strong></span> <span class='ocrx_word' id='word_1_392' title='bbox 1884 3643 2052 3697; x_wconf 86' lang='lat' dir='ltr'><strong>bono-</strong></span> 
     </span>
    </p>
   </div>
   <div class='ocr_carea' id='block_1_53' title="bbox 490 3739 2051 3806">
    <p class='ocr_par' dir='ltr' id='par_1_53' title="bbox 490 3739 2051 3806">
     <span class='ocr_line' id='line_1_53' title="bbox 490 3739 2051 3806; baseline -0.003 -14"><span class='ocrx_word' id='word_1_393' title='bbox 490 3739 889 3793; x_wconf 82' lang='lat' dir='ltr'><strong>riticentissime</strong></span> <span class='ocrx_word' id='word_1_394' title='bbox 921 3747 1083 3806; x_wconf 82' lang='lat' dir='ltr'><strong>atque</strong></span> <span class='ocrx_word' id='word_1_395' title='bbox 1112 3751 1309 3805; x_wconf 79' lang='lat' dir='ltr'><strong>magno</strong></span> <span class='ocrx_word' id='word_1_396' title='bbox 1332 3751 1453 3790; x_wconf 91' lang='lat' dir='ltr'><strong>cum</strong></span> <span class='ocrx_word' id='word_1_397' title='bbox 1487 3744 1704 3804; x_wconf 92' lang='lat' dir='ltr'><strong>sumptu</strong></span> <span class='ocrx_word' id='word_1_398' title='bbox 1738 3746 1791 3789; x_wconf 87' lang='lat' dir='ltr'><strong>et</strong></span> <span class='ocrx_word' id='word_1_399' title='bbox 1815 3746 1936 3789; x_wconf 86' lang='lat' dir='ltr'><strong>cum</strong></span> <span class='ocrx_word' id='word_1_400' title='bbox 1967 3751 2051 3790; x_wconf 88' lang='lat' dir='ltr'><strong>sa-</strong></span> 
     </span>
    </p>
   </div>
   <div class='ocr_carea' id='block_1_54' title="bbox 486 3827 2052 3896">
    <p class='ocr_par' dir='ltr' id='par_1_54' title="bbox 486 3827 2052 3896">
     <span class='ocr_line' id='line_1_54' title="bbox 486 3827 2052 3896; baseline -0.003 -13"><span class='ocrx_word' id='word_1_401' title='bbox 486 3830 747 3883; x_wconf 85' lang='lat' dir='ltr'><strong>tellitibus</strong></span> <span class='ocrx_word' id='word_1_402' title='bbox 765 3828 994 3895; x_wconf 81' lang='lat' dir='ltr'><strong>excepit,</strong></span> <span class='ocrx_word' id='word_1_403' title='bbox 1020 3827 1303 3895; x_wconf 87' lang='lat' dir='ltr'><strong>eidemque</strong></span> <span class='ocrx_word' id='word_1_404' title='bbox 1316 3827 1553 3895; x_wconf 90' lang='lat' dir='ltr'><strong>equitnm</strong></span> <span class='ocrx_word' id='word_1_405' title='bbox 1573 3827 1916 3896; x_wconf 81' lang='lat' dir='ltr'><strong>peditumque</strong></span> <span class='ocrx_word' id='word_1_406' title='bbox 1941 3841 2052 3878; x_wconf 84' lang='lat' dir='ltr'><strong>ma-</strong></span> 
     </span>
    </p>
   </div>
   <div class='ocr_carea' id='block_1_55' title="bbox 486 3916 2048 3989">
    <p class='ocr_par' dir='ltr' id='par_1_55' title="bbox 486 3916 2048 3989">
     <span class='ocr_line' id='line_1_55' title="bbox 486 3916 2048 3989; baseline -0.004 -16"><span class='ocrx_word' id='word_1_407' title='bbox 486 3938 646 3989; x_wconf 77' lang='lat' dir='ltr'><strong>gnum</strong></span> <span class='ocrx_word' id='word_1_408' title='bbox 672 3920 983 3974; x_wconf 85' lang='lat' dir='ltr'><strong>comitatum</strong></span> <span class='ocrx_word' id='word_1_409' title='bbox 1009 3918 1077 3974; x_wconf 87' lang='lat' dir='ltr'><strong>ad</strong></span> <span class='ocrx_word' id='word_1_410' title='bbox 1100 3933 1275 3987; x_wconf 85' lang='lat' dir='ltr'><strong>regem</strong></span> <span class='ocrx_word' id='word_1_411' title='bbox 1318 3916 1647 3970; x_wconf 82' lang='lat' dir='ltr'><strong>Francorum</strong></span> <span class='ocrx_word' id='word_1_412' title='bbox 1684 3917 1851 3979; x_wconf 92' lang='lat' dir='ltr'><strong>dedit,</strong></span> <span class='ocrx_word' id='word_1_413' title='bbox 1890 3916 2048 3983; x_wconf 85' lang='lat' dir='ltr'><strong>polli-</strong></span> 
     </span>
    </p>
   </div>
   <div class='ocr_carea' id='block_1_56' title="bbox 486 4007 2047 4076">
    <p class='ocr_par' dir='ltr' id='par_1_56' title="bbox 486 4007 2047 4076">
     <span class='ocr_line' id='line_1_56' title="bbox 486 4007 2047 4076; baseline -0.003 -10"><span class='ocrx_word' id='word_1_414' title='bbox 486 4014 648 4075; x_wconf 91' lang='lat' dir='ltr'><strong>citus,</strong></span> <span class='ocrx_word' id='word_1_415' title='bbox 710 4011 755 4065; x_wconf 89' lang='lat' dir='ltr'><strong>si</strong></span> <span class='ocrx_word' id='word_1_416' title='bbox 806 4010 987 4063; x_wconf 67' lang='lat' dir='ltr'><strong>caateri</strong></span> <span class='ocrx_word' id='word_1_417' title='bbox 1037 4009 1430 4071; x_wconf 87' lang='lat' dir='ltr'><strong>consentirent,</strong></span> <span class='ocrx_word' id='word_1_418' title='bbox 1480 4017 1653 4063; x_wconf 89' lang='lat' dir='ltr'><strong>semet</strong></span> <span class='ocrx_word' id='word_1_419' title='bbox 1682 4008 1755 4062; x_wconf 91' lang='lat' dir='ltr'><strong>illi</strong></span> <span class='ocrx_word' id='word_1_420' title='bbox 1788 4017 1842 4060; x_wconf 89' lang='lat' dir='ltr'><strong>et</strong></span> <span class='ocrx_word' id='word_1_421' title='bbox 1874 4007 2047 4076; x_wconf 86' lang='lat' dir='ltr'><strong>impe-</strong></span> 
     </span>
    </p>
   </div>
   <div class='ocr_carea' id='block_1_57' title="bbox 485 4098 2050 4169">
    <p class='ocr_par' dir='ltr' id='par_1_57' title="bbox 485 4098 2050 4169">
     <span class='ocr_line' id='line_1_57' title="bbox 485 4098 2050 4169; baseline -0.004 -14"><span class='ocrx_word' id='word_1_422' title='bbox 485 4104 568 4157; x_wconf 87' lang='lat' dir='ltr'><strong>rio</strong></span> <span class='ocrx_word' id='word_1_423' title='bbox 595 4100 955 4156; x_wconf 81' lang='lat' dir='ltr'><strong>Romano-sua</strong></span> <span class='ocrx_word' id='word_1_424' title='bbox 991 4109 1181 4169; x_wconf 77' lang='lat' dir='ltr'><strong>sponte</strong></span> <span class='ocrx_word' id='word_1_425' title='bbox 1204 4100 1406 4154; x_wconf 83' lang='lat' dir='ltr'><strong>auxilio</strong></span> <span class='ocrx_word' id='word_1_426' title='bbox 1448 4111 1730 4155; x_wconf 87' lang='lat' dir='ltr'><strong>venturum</strong></span> <span class='ocrx_word' id='word_1_427' title='bbox 1769 4114 1831 4152; x_wconf 91' lang='lat' dir='ltr'><strong>ac</strong></span> <span class='ocrx_word' id='word_1_428' title='bbox 1857 4098 2050 4153; x_wconf 86' lang='lat' dir='ltr'><strong>discri-</strong></span> 
     </span>
    </p>
   </div>
   <div class='ocr_carea' id='block_1_58' title="bbox 485 4189 2047 4262">
    <p class='ocr_par' dir='ltr' id='par_1_58' title="bbox 485 4189 2047 4262">
     <span class='ocr_line' id='line_1_58' title="bbox 485 4189 2047 4262; baseline -0.006 -14"><span class='ocrx_word' id='word_1_429' title='bbox 485 4209 608 4248; x_wconf 84' lang='lat' dir='ltr'><strong>men</strong></span> <span class='ocrx_word' id='word_1_430' title='bbox 636 4192 980 4262; x_wconf 88' lang='lat' dir='ltr'><strong>depulsurum</strong></span> <span class='ocrx_word' id='word_1_431' title='bbox 1016 4207 1156 4247; x_wconf 85' lang='lat' dir='ltr'><strong>esse.</strong></span> <span class='ocrx_word' id='word_1_432' title='bbox 1188 4190 1264 4244; x_wconf 88' lang='lat' dir='ltr'><strong>Ad</strong></span> <span class='ocrx_word' id='word_1_433' title='bbox 1298 4205 1474 4258; x_wconf 86' lang='lat' dir='ltr'><strong>regem</strong></span> <span class='ocrx_word' id='word_1_434' title='bbox 1535 4189 1869 4244; x_wconf 85' lang='lat' dir='ltr'><strong>Francorum</strong></span> <span class='ocrx_word' id='word_1_435' title='bbox 1923 4202 2047 4240; x_wconf 89' lang='lat' dir='ltr'><strong>cum</strong></span> 
     </span>
    </p>
   </div>
   <div class='ocr_carea' id='block_1_59' title="bbox 481 4280 2049 4352">
    <p class='ocr_par' dir='ltr' id='par_1_59' title="bbox 481 4280 2049 4352">
     <span class='ocr_line' id='line_1_59' title="bbox 481 4280 2049 4352; baseline -0.004 -15"><span class='ocrx_word' id='word_1_436' title='bbox 481 4286 744 4348; x_wconf 82' lang='lat' dir='ltr'><strong>venisset,</strong></span> <span class='ocrx_word' id='word_1_437' title='bbox 781 4285 970 4339; x_wconf 85' lang='lat' dir='ltr'><strong>morbo</strong></span> <span class='ocrx_word' id='word_1_438' title='bbox 1028 4282 1346 4352; x_wconf 77' lang='lat' dir='ltr'><strong>gravissimo</strong></span> <span class='ocrx_word' id='word_1_439' title='bbox 1397 4295 1519 4334; x_wconf 90' lang='lat' dir='ltr'><strong>eum</strong></span> <span class='ocrx_word' id='word_1_440' title='bbox 1570 4280 1967 4334; x_wconf 79' lang='lat' dir='ltr'><strong>conﬂictantem</strong></span> <span class='ocrx_word' id='word_1_441' title='bbox 1994 4288 2049 4332; x_wconf 88' lang='lat' dir='ltr'><strong>et</strong></span> 
     </span>
    </p>
   </div>
   <div class='ocr_carea' id='block_1_60' title="bbox 2158 1814 3754 1884">
    <p class='ocr_par' dir='ltr' id='par_1_60' title="bbox 2158 1814 3754 1884">
     <span class='ocr_line' id='line_1_60' title="bbox 2158 1814 3754 1884; baseline 0.003 -20"><span class='ocrx_word' id='word_1_442' title='bbox 2158 1829 2256 1882; x_wconf 89' lang='grc' dir='ltr'><strong>της</strong></span> <span class='ocrx_word' id='word_1_443' title='bbox 2292 1814 2427 1883; x_wconf 86' lang='grc' dir='ltr'><strong>μετά</strong></span> <span class='ocrx_word' id='word_1_444' title='bbox 2461 1814 2685 1882; x_wconf 76' lang='grc' dir='ltr'>εἰρήνης</span> <span class='ocrx_word' id='word_1_445' title='bbox 2710 1815 3165 1884; x_wconf 83' lang='grc' dir='ltr'>ἀναχωρήσωσιν·</span> <span class='ocrx_word' id='word_1_446' title='bbox 3204 1817 3255 1868; x_wconf 86' lang='grc' dir='ltr'><strong>εί</strong></span> <span class='ocrx_word' id='word_1_447' title='bbox 3290 1816 3345 1869; x_wconf 82' lang='grc' dir='ltr'>δὲ</span> <span class='ocrx_word' id='word_1_448' title='bbox 3374 1815 3557 1876; x_wconf 85' lang='grc' dir='ltr'>ἄλλως</span> <span class='ocrx_word' id='word_1_449' title='bbox 3583 1817 3754 1884; x_wconf 81' lang='grc' dir='ltr'>πρά-</span> 
     </span>
    </p>
   </div>
   <div class='ocr_carea' id='block_1_61' title="bbox 2160 1903 3747 1973">
    <p class='ocr_par' dir='ltr' id='par_1_61' title="bbox 2160 1903 3747 1973">
     <span class='ocr_line' id='line_1_61' title="bbox 2160 1903 3747 1973; baseline 0.002 -16"><span class='ocrx_word' id='word_1_450' title='bbox 2160 1904 2343 1969; x_wconf 82' lang='grc' dir='ltr'>ξωσιν,</span> <span class='ocrx_word' id='word_1_451' title='bbox 2379 1904 2531 1957; x_wconf 80' lang='grc' dir='ltr'>αύτοὶ</span> <span class='ocrx_word' id='word_1_452' title='bbox 2556 1904 2801 1973; x_wconf 72' lang='grc' dir='ltr'>ὄψονται.</span> <span class='ocrx_word' id='word_1_453' title='bbox 2849 1903 3071 1968; x_wconf 57' lang='grc' dir='ltr'>Ἰδόντες</span> <span class='ocrx_word' id='word_1_454' title='bbox 3123 1903 3218 1961; x_wconf 81' lang='grc' dir='ltr'>οὖν</span> <span class='ocrx_word' id='word_1_455' title='bbox 3250 1903 3397 1962; x_wconf 70' lang='grc' dir='ltr'>οὗτοι</span> <span class='ocrx_word' id='word_1_456' title='bbox 3442 1909 3523 1961; x_wconf 82' lang='grc' dir='ltr'><strong>δτι</strong></span> <span class='ocrx_word' id='word_1_457' title='bbox 3572 1908 3747 1960; x_wconf 75' lang='grc' dir='ltr'>οὐδὲν</span> 
     </span>
    </p>
   </div>
   <div class='ocr_carea' id='block_1_62' title="bbox 2158 1995 3744 2066">
    <p class='ocr_par' dir='ltr' id='par_1_62' title="bbox 2158 1995 3744 2066">
     <span class='ocr_line' id='line_1_62' title="bbox 2158 1995 3744 2066; baseline 0.002 -17"><span class='ocrx_word' id='word_1_458' title='bbox 2158 1995 2501 2065; x_wconf 83' lang='grc' dir='ltr'>κατώρθουν,</span> <span class='ocrx_word' id='word_1_459' title='bbox 2531 1995 2670 2050; x_wconf 81' lang='grc' dir='ltr'><strong>ἀλλά</strong></span> <span class='ocrx_word' id='word_1_460' title='bbox 2732 1995 2933 2066; x_wconf 81' lang='grc' dir='ltr'>μᾶλλον</span> <span class='ocrx_word' id='word_1_461' title='bbox 2994 1997 3227 2066; x_wconf 76' lang='grc' dir='ltr'>θόρυϐος</span> <span class='ocrx_word' id='word_1_462' title='bbox 3291 2000 3385 2051; x_wconf 80' lang='grc' dir='ltr'><strong>καὶ</strong></span> <span class='ocrx_word' id='word_1_463' title='bbox 3452 1998 3744 2054; x_wconf 75' lang='grc' dir='ltr'>σκάνδαλα</span> 
     </span>
    </p>
   </div>
   <div class='ocr_carea' id='block_1_63' title="bbox 2156 2085 3748 2161">
    <p class='ocr_par' dir='ltr' id='par_1_63' title="bbox 2156 2085 3748 2161">
     <span class='ocr_line' id='line_1_63' title="bbox 2156 2085 3748 2161; baseline 0.002 -23"><span class='ocrx_word' id='word_1_464' title='bbox 2156 2085 2398 2153; x_wconf 84' lang='grc' dir='ltr'>ἐγίνοντο</span> <span class='ocrx_word' id='word_1_465' title='bbox 2431 2087 2525 2139; x_wconf 75' lang='grc' dir='ltr'><strong>καὶ</strong></span> <span class='ocrx_word' id='word_1_466' title='bbox 2561 2085 2662 2157; x_wconf 83' lang='grc' dir='ltr'>τὴν</span> <span class='ocrx_word' id='word_1_467' title='bbox 2701 2085 2851 2154; x_wconf 78' lang='grc' dir='ltr'>ζωὴν</span> <span class='ocrx_word' id='word_1_468' title='bbox 2888 2087 3127 2156; x_wconf 87' lang='grc' dir='ltr'>μάλιστα</span> <span class='ocrx_word' id='word_1_469' title='bbox 3161 2089 3530 2154; x_wconf 83' lang='grc' dir='ltr'>ἐκινδύνευον,</span> <span class='ocrx_word' id='word_1_470' title='bbox 3566 2091 3748 2161; x_wconf 76' lang='grc' dir='ltr'>ἐγερ-</span> 
     </span>
    </p>
   </div>
   <div class='ocr_carea' id='block_1_64' title="bbox 2158 2176 3737 2250">
    <p class='ocr_par' dir='ltr' id='par_1_64' title="bbox 2158 2176 3737 2250">
     <span class='ocr_line' id='line_1_64' title="bbox 2158 2176 3737 2250; baseline 0.001 -18"><span class='ocrx_word' id='word_1_471' title='bbox 2158 2178 2342 2242; x_wconf 85' lang='grc' dir='ltr'>θέντες</span> <span class='ocrx_word' id='word_1_472' title='bbox 2369 2176 2480 2250; x_wconf 67' lang='grc'><strong>64</strong></span> <span class='ocrx_word' id='word_1_473' title='bbox 2508 2178 2925 2249; x_wconf 80' lang='grc' dir='ltr'>ἐπανέστρεψαν</span> <span class='ocrx_word' id='word_1_474' title='bbox 2959 2181 3167 2233; x_wconf 75' lang='grc' dir='ltr'>οἴκαδε.</span> <span class='ocrx_word' id='word_1_475' title='bbox 3205 2183 3270 2233; x_wconf 78' lang='lat' dir='ltr'><strong>Oi</strong></span> <span class='ocrx_word' id='word_1_476' title='bbox 3292 2180 3347 2233; x_wconf 87' lang='grc' dir='ltr'><strong>δέ</strong></span> <span class='ocrx_word' id='word_1_477' title='bbox 3378 2182 3737 2248; x_wconf 78' lang='grc' dir='ltr'>Σπαρτιᾶται</span> 
     </span>
    </p>
   </div>
   <div class='ocr_carea' id='block_1_65' title="bbox 2154 2252 3734 2342">
    <p class='ocr_par' dir='ltr' id='par_1_65' title="bbox 2154 2252 3734 2342">
     <span class='ocr_line' id='line_1_65' title="bbox 2154 2252 3734 2342; baseline 0 -19"><span class='ocrx_word' id='word_1_478' title='bbox 2154 2271 2245 2323; x_wconf 82' lang='grc' dir='ltr'><strong>τὸν</strong></span> <span class='ocrx_word' id='word_1_479' title='bbox 2268 2271 2531 2341; x_wconf 87' lang='grc' dir='ltr'>πρόεδρον</span> <span class='ocrx_word' id='word_1_480' title='bbox 2566 2270 2746 2325; x_wconf 86' lang='grc' dir='ltr'>αὐτῶν</span> <span class='ocrx_word' id='word_1_481' title='bbox 2789 2271 2884 2323; x_wconf 72' lang='grc' dir='ltr'><strong>καὶ</strong></span> <span class='ocrx_word' id='word_1_482' title='bbox 2908 2271 3076 2325; x_wconf 86' lang='grc' dir='ltr'>δοῦκα</span> <span class='ocrx_word' id='word_1_483' title='bbox 3116 2272 3395 2342; x_wconf 78' lang='grc' dir='ltr'>ἐψήφισαν</span> <span class='ocrx_word' id='word_1_484' title='bbox 3427 2252 3595 2333; x_wconf 76' lang='grc' dir='ltr'>εἶναι,</span> <span class='ocrx_word' id='word_1_485' title='bbox 3624 2273 3734 2323; x_wconf 81' lang='grc' dir='ltr'><strong>καὶ</strong></span> 
     </span>
    </p>
   </div>
   <div class='ocr_carea' id='block_1_66' title="bbox 2157 2362 3729 2433">
    <p class='ocr_par' dir='ltr' id='par_1_66' title="bbox 2157 2362 3729 2433">
     <span class='ocr_line' id='line_1_66' title="bbox 2157 2362 3729 2433; baseline -0.001 -17"><span class='ocrx_word' id='word_1_486' title='bbox 2157 2362 2453 2426; x_wconf 82' lang='grc' dir='ltr'>πολιτικῶς</span> <span class='ocrx_word' id='word_1_487' title='bbox 2510 2363 2606 2417; x_wconf 74' lang='grc' dir='ltr'>καὶ</span> <span class='ocrx_word' id='word_1_488' title='bbox 2666 2363 3142 2433; x_wconf 48' lang='grc' dir='ltr'>ἐκκλησιαςνικῶς</span> <span class='ocrx_word' id='word_1_489' title='bbox 3185 2363 3376 2433; x_wconf 76' lang='grc' dir='ltr'>ἤθελον</span> <span class='ocrx_word' id='word_1_490' title='bbox 3432 2363 3729 2431; x_wconf 80' lang='grc' dir='ltr'>κρίνεσθαι.</span> 
     </span>
    </p>
   </div>
   <div class='ocr_carea' id='block_1_67' title="bbox 2155 2452 3734 2524">
    <p class='ocr_par' dir='ltr' id='par_1_67' title="bbox 2155 2452 3734 2524">
     <span class='ocr_line' id='line_1_67' title="bbox 2155 2452 3734 2524; baseline -0.001 -18"><span class='ocrx_word' id='word_1_491' title='bbox 2155 2454 2254 2506; x_wconf 76' lang='grc' dir='ltr'><strong>καὶ</strong></span> <span class='ocrx_word' id='word_1_492' title='bbox 2303 2452 2681 2524; x_wconf 81' lang='grc' dir='ltr'>κυδερνᾶσθαι</span> <span class='ocrx_word' id='word_1_493' title='bbox 2741 2455 2831 2507; x_wconf 74' lang='grc' dir='ltr'><strong>ὑπ’</strong></span> <span class='ocrx_word' id='word_1_494' title='bbox 2864 2455 3050 2507; x_wconf 83' lang='grc' dir='ltr'>αὑτοῦ.</span> <span class='ocrx_word' id='word_1_495' title='bbox 3097 2454 3155 2507; x_wconf 85' lang='lat'><strong>&#39;0</strong></span> <span class='ocrx_word' id='word_1_496' title='bbox 3198 2454 3253 2506; x_wconf 89' lang='grc' dir='ltr'><strong>δέ</strong></span> <span class='ocrx_word' id='word_1_497' title='bbox 3304 2455 3570 2523; x_wconf 81' lang='grc' dir='ltr'>δεσπότης</span> <span class='ocrx_word' id='word_1_498' title='bbox 3619 2456 3734 2523; x_wconf 77' lang='grc' dir='ltr'><strong>κὺρ</strong></span> 
     </span>
    </p>
   </div>
   <div class='ocr_carea' id='block_1_68' title="bbox 2155 2540 3733 2614">
    <p class='ocr_par' dir='ltr' id='par_1_68' title="bbox 2155 2540 3733 2614">
     <span class='ocr_line' id='line_1_68' title="bbox 2155 2540 3733 2614; baseline 0 -17"><span class='ocrx_word' id='word_1_499' title='bbox 2155 2544 2447 2614; x_wconf 59' lang='grc' dir='ltr'>Θεόδωρον</span> <span class='ocrx_word' id='word_1_500' title='bbox 2465 2545 2540 2606; x_wconf 85' lang='grc' dir='ltr'><strong>ὡς</strong></span> <span class='ocrx_word' id='word_1_501' title='bbox 2566 2540 2672 2597; x_wconf 78' lang='grc' dir='ltr'>εἶδε</span> <span class='ocrx_word' id='word_1_502' title='bbox 2703 2544 2803 2607; x_wconf 77' lang='grc' dir='ltr'>τὰς</span> <span class='ocrx_word' id='word_1_503' title='bbox 2826 2546 3050 2607; x_wconf 82' lang='grc' dir='ltr'>ἐλπίδας</span> <span class='ocrx_word' id='word_1_504' title='bbox 3085 2545 3437 2614; x_wconf 78' lang='grc' dir='ltr'>ψευσθείσας,</span> <span class='ocrx_word' id='word_1_505' title='bbox 3486 2546 3551 2597; x_wconf 82' lang='grc' dir='ltr'><strong>τά</strong></span> <span class='ocrx_word' id='word_1_506' title='bbox 3586 2546 3733 2614; x_wconf 74' lang='grc' dir='ltr'>χρήο</span> 
     </span>
    </p>
   </div>
   <div class='ocr_carea' id='block_1_69' title="bbox 2159 2636 3729 2707">
    <p class='ocr_par' dir='ltr' id='par_1_69' title="bbox 2159 2636 3729 2707">
     <span class='ocr_line' id='line_1_69' title="bbox 2159 2636 3729 2707; baseline -0.002 -18"><span class='ocrx_word' id='word_1_507' title='bbox 2159 2652 2304 2705; x_wconf 86' lang='grc' dir='ltr'>ματα</span> <span class='ocrx_word' id='word_1_508' title='bbox 2338 2636 2373 2688; x_wconf 77' lang='grc' dir='ltr'><strong>ἃ</strong></span> <span class='ocrx_word' id='word_1_509' title='bbox 2412 2636 2577 2690; x_wconf 77' lang='grc' dir='ltr'>ἔλαϐε</span> <span class='ocrx_word' id='word_1_510' title='bbox 2607 2639 2674 2705; x_wconf 81' lang='grc' dir='ltr'>τῇ</span> <span class='ocrx_word' id='word_1_511' title='bbox 2715 2638 3041 2707; x_wconf 85' lang='grc' dir='ltr'>ἀδελφότητι</span> <span class='ocrx_word' id='word_1_512' title='bbox 3077 2638 3302 2698; x_wconf 87' lang='grc' dir='ltr'>ὲκτίνας</span> <span class='ocrx_word' id='word_1_513' title='bbox 3340 2636 3584 2698; x_wconf 71' lang='grc' dir='ltr'>ὄπισθεν,</span> <span class='ocrx_word' id='word_1_514' title='bbox 3640 2640 3729 2699; x_wconf 77' lang='grc' dir='ltr'>εἷς</span> 
     </span>
    </p>
   </div>
   <div class='ocr_carea' id='block_1_70' title="bbox 2155 2727 3730 2801">
    <p class='ocr_par' dir='ltr' id='par_1_70' title="bbox 2155 2727 3730 2801">
     <span class='ocr_line' id='line_1_70' title="bbox 2155 2727 3730 2801; baseline -0.003 -19"><span class='ocrx_word' id='word_1_515' title='bbox 2155 2729 2412 2801; x_wconf 89' lang='grc' dir='ltr'>Σπάρτην</span> <span class='ocrx_word' id='word_1_516' title='bbox 2443 2732 2498 2782; x_wconf 83' lang='grc' dir='ltr'><strong>ὲν</strong></span> <span class='ocrx_word' id='word_1_517' title='bbox 2521 2732 2586 2800; x_wconf 76' lang='grc' dir='ltr'>τῇ</span> <span class='ocrx_word' id='word_1_518' title='bbox 2622 2730 2784 2783; x_wconf 85' lang='grc' dir='ltr'><strong>αὑτοῦ</strong></span> <span class='ocrx_word' id='word_1_519' title='bbox 2843 2732 2988 2800; x_wconf 74' lang='grc' dir='ltr'>ἀρχῇ</span> <span class='ocrx_word' id='word_1_520' title='bbox 3030 2730 3200 2782; x_wconf 80' lang='grc' dir='ltr'>θέλων</span> <span class='ocrx_word' id='word_1_521' title='bbox 3235 2729 3435 2792; x_wconf 82' lang='grc' dir='ltr'>ἐλθεῖν,</span> <span class='ocrx_word' id='word_1_522' title='bbox 3459 2730 3560 2780; x_wconf 86' lang='grc' dir='ltr'><strong>ούκ</strong></span> <span class='ocrx_word' id='word_1_523' title='bbox 3600 2727 3730 2796; x_wconf 72' lang='grc' dir='ltr'>ἤθε-</span> 
     </span>
    </p>
   </div>
   <div class='ocr_carea' id='block_1_71' title="bbox 2154 2818 3721 2891">
    <p class='ocr_par' dir='ltr' id='par_1_71' title="bbox 2154 2818 3721 2891">
     <span class='ocr_line' id='line_1_71' title="bbox 2154 2818 3721 2891; baseline -0.003 -18"><span class='ocrx_word' id='word_1_524' title='bbox 2154 2822 2242 2874; x_wconf 88' lang='grc' dir='ltr'><strong>λεν</strong></span> <span class='ocrx_word' id='word_1_525' title='bbox 2268 2820 2523 2891; x_wconf 84' lang='grc' dir='ltr'>δεχθῆναι</span> <span class='ocrx_word' id='word_1_526' title='bbox 2546 2821 2708 2873; x_wconf 84' lang='grc' dir='ltr'>αὑτὸν</span> <span class='ocrx_word' id='word_1_527' title='bbox 2737 2824 2763 2873; x_wconf 81' lang='grc' dir='ltr'>ὁ</span> <span class='ocrx_word' id='word_1_528' title='bbox 2782 2822 2972 2890; x_wconf 71' lang='grc' dir='ltr'>δῆμος,</span> <span class='ocrx_word' id='word_1_529' title='bbox 2996 2822 3134 2874; x_wconf 77' lang='grc' dir='ltr'>ἀλλὰ</span> <span class='ocrx_word' id='word_1_530' title='bbox 3171 2822 3407 2889; x_wconf 85' lang='grc' dir='ltr'>μάλιστα</span> <span class='ocrx_word' id='word_1_531' title='bbox 3436 2820 3531 2872; x_wconf 73' lang='grc' dir='ltr'>καὶ</span> <span class='ocrx_word' id='word_1_532' title='bbox 3552 2818 3721 2887; x_wconf 73' lang='grc' dir='ltr'>ὕϐρε-</span> 
     </span>
    </p>
   </div>
   <div class='ocr_carea' id='block_1_72' title="bbox 2156 2909 3722 2980">
    <p class='ocr_par' dir='ltr' id='par_1_72' title="bbox 2156 2909 3722 2980">
     <span class='ocr_line' id='line_1_72' title="bbox 2156 2909 3722 2980; baseline -0.003 -16"><span class='ocrx_word' id='word_1_533' title='bbox 2156 2927 2240 2964; x_wconf 87' lang='grc' dir='ltr'><strong>σιν</strong></span> <span class='ocrx_word' id='word_1_534' title='bbox 2264 2910 2576 2965; x_wconf 84' lang='grc' dir='ltr'>ἐνέπλυνον.</span> <span class='ocrx_word' id='word_1_535' title='bbox 2624 2914 2733 2966; x_wconf 72' lang='grc' dir='ltr'>Καὶ</span> <span class='ocrx_word' id='word_1_536' title='bbox 2774 2912 2984 2964; x_wconf 85' lang='grc' dir='ltr'>πολλῶν</span> <span class='ocrx_word' id='word_1_537' title='bbox 3038 2912 3216 2977; x_wconf 86' lang='grc' dir='ltr'>λόγων</span> <span class='ocrx_word' id='word_1_538' title='bbox 3274 2911 3582 2980; x_wconf 81' lang='grc' dir='ltr'>γενομένων</span> <span class='ocrx_word' id='word_1_539' title='bbox 3621 2909 3722 2960; x_wconf 76' lang='grc' dir='ltr'>καὶ</span> 
     </span>
    </p>
   </div>
   <div class='ocr_carea' id='block_1_73' title="bbox 2156 3001 3716 3072">
    <p class='ocr_par' dir='ltr' id='par_1_73' title="bbox 2156 3001 3716 3072">
     <span class='ocr_line' id='line_1_73' title="bbox 2156 3001 3716 3072; baseline -0.003 -16"><span class='ocrx_word' id='word_1_540' title='bbox 2156 3004 2464 3058; x_wconf 81' lang='grc' dir='ltr'>σκανδάλων</span> <span class='ocrx_word' id='word_1_541' title='bbox 2495 3006 2647 3067; x_wconf 86' lang='grc' dir='ltr'>τέλος</span> <span class='ocrx_word' id='word_1_542' title='bbox 2677 3005 3030 3072; x_wconf 85' lang='grc' dir='ltr'>ἐμεσίτευσεν</span> <span class='ocrx_word' id='word_1_543' title='bbox 3056 3005 3081 3055; x_wconf 85' lang='grc' dir='ltr'>ὁ</span> <span class='ocrx_word' id='word_1_544' title='bbox 3108 3005 3421 3072; x_wconf 71' lang='grc' dir='ltr'>ἀρχιερεὺς,</span> <span class='ocrx_word' id='word_1_545' title='bbox 3482 3002 3576 3053; x_wconf 70' lang='grc' dir='ltr'><strong>καί</strong></span> <span class='ocrx_word' id='word_1_546' title='bbox 3607 3001 3716 3052; x_wconf 71' lang='grc' dir='ltr'>πά·-</span> 
     </span>
    </p>
   </div>
   <div class='ocr_carea' id='block_1_74' title="bbox 2155 3089 3710 3166">
    <p class='ocr_par' dir='ltr' id='par_1_74' title="bbox 2155 3089 3710 3166">
     <span class='ocr_line' id='line_1_74' title="bbox 2155 3089 3710 3166; baseline -0.005 -17"><span class='ocrx_word' id='word_1_547' title='bbox 2155 3095 2240 3149; x_wconf 89' lang='grc' dir='ltr'><strong>λιν</strong></span> <span class='ocrx_word' id='word_1_548' title='bbox 2278 3096 2577 3166; x_wconf 81' lang='grc' dir='ltr'>ἐδέχθησαν</span> <span class='ocrx_word' id='word_1_549' title='bbox 2608 3089 2701 3149; x_wconf 60' lang='grc' dir='ltr'><strong>καί</strong></span> <span class='ocrx_word' id='word_1_550' title='bbox 2734 3096 2997 3165; x_wconf 80' lang='grc' dir='ltr'>ἔστερξαν</span> <span class='ocrx_word' id='word_1_551' title='bbox 3027 3094 3188 3148; x_wconf 71' lang='grc' dir='ltr'>αὐτὸν</span> <span class='ocrx_word' id='word_1_552' title='bbox 3216 3091 3354 3147; x_wconf 80' lang='grc' dir='ltr'>εἶναι</span> <span class='ocrx_word' id='word_1_553' title='bbox 3394 3093 3467 3152; x_wconf 85' lang='grc' dir='ltr'>ὡς</span> <span class='ocrx_word' id='word_1_554' title='bbox 3512 3092 3609 3143; x_wconf 69' lang='grc' dir='ltr'><strong>καὶ</strong></span> <span class='ocrx_word' id='word_1_555' title='bbox 3646 3090 3710 3143; x_wconf 86' lang='grc' dir='ltr'><strong>τὸ</strong></span> 
     </span>
    </p>
   </div>
   <div class='ocr_carea' id='block_1_75' title="bbox 2154 3272 3711 3345">
    <p class='ocr_par' dir='ltr' id='par_1_75' title="bbox 2154 3272 3711 3345">
     <span class='ocr_line' id='line_1_75' title="bbox 2154 3272 3711 3345; baseline 0.001 -17"><span class='ocrx_word' id='word_1_556' title='bbox 2154 3272 2403 3330; x_wconf 82' lang='lat' dir='ltr'><strong>Rhodum</strong></span> <span class='ocrx_word' id='word_1_557' title='bbox 2455 3276 2726 3345; x_wconf 87' lang='lat' dir='ltr'><strong>trajectus,</strong></span> <span class='ocrx_word' id='word_1_558' title='bbox 2773 3275 2982 3345; x_wconf 77' lang='lat' dir='ltr'><strong>Sparta:</strong></span> <span class='ocrx_word' id='word_1_559' title='bbox 3050 3276 3407 3343; x_wconf 76' lang='lat' dir='ltr'><strong>principatum</strong></span> <span class='ocrx_word' id='word_1_560' title='bbox 3469 3275 3711 3329; x_wconf 73' lang='lat' dir='ltr'><strong>societati</strong></span> 
     </span>
    </p>
   </div>
   <div class='ocr_carea' id='block_1_76' title="bbox 2152 3367 3700 3439">
    <p class='ocr_par' dir='ltr' id='par_1_76' title="bbox 2152 3367 3700 3439">
     <span class='ocr_line' id='line_1_76' title="bbox 2152 3367 3700 3439; baseline -0.001 -16"><span class='ocrx_word' id='word_1_561' title='bbox 2152 3367 2376 3423; x_wconf 83' lang='lat' dir='ltr'><strong>Joannis</strong></span> <span class='ocrx_word' id='word_1_562' title='bbox 2416 3368 2688 3439; x_wconf 72' lang='lat' dir='ltr'><strong>propheta:</strong></span> <span class='ocrx_word' id='word_1_563' title='bbox 2722 3378 2774 3422; x_wconf 89' lang='lat' dir='ltr'><strong>et</strong></span> <span class='ocrx_word' id='word_1_564' title='bbox 2820 3369 3064 3436; x_wconf 67' lang='lat' dir='ltr'><strong>baptista}</strong></span> <span class='ocrx_word' id='word_1_565' title='bbox 3116 3368 3369 3421; x_wconf 74' lang='lat' dir='ltr'><strong>vendidit.</strong></span> <span class='ocrx_word' id='word_1_566' title='bbox 3429 3367 3571 3421; x_wconf 73' lang='lat' dir='ltr'><strong>Misit</strong></span> <span class='ocrx_word' id='word_1_567' title='bbox 3641 3382 3700 3422; x_wconf 82' lang='lat' dir='ltr'><strong>ea</strong></span> 
     </span>
    </p>
   </div>
   <div class='ocr_carea' id='block_1_77' title="bbox 2154 3459 3693 3529">
    <p class='ocr_par' dir='ltr' id='par_1_77' title="bbox 2154 3459 3693 3529">
     <span class='ocr_line' id='line_1_77' title="bbox 2154 3459 3693 3529; baseline -0.003 -14"><span class='ocrx_word' id='word_1_568' title='bbox 2154 3461 2383 3515; x_wconf 87' lang='lat' dir='ltr'><strong>societas</strong></span> <span class='ocrx_word' id='word_1_569' title='bbox 2436 3459 2682 3529; x_wconf 86' lang='lat' dir='ltr'><strong>Spartam</strong></span> <span class='ocrx_word' id='word_1_570' title='bbox 2731 3460 3044 3526; x_wconf 80' lang='lat' dir='ltr'><strong>crucigeros</strong></span> <span class='ocrx_word' id='word_1_571' title='bbox 3079 3459 3279 3528; x_wconf 88' lang='lat' dir='ltr'><strong>aliquot</strong></span> <span class='ocrx_word' id='word_1_572' title='bbox 3325 3461 3389 3511; x_wconf 84' lang='lat' dir='ltr'><strong>ad</strong></span> <span class='ocrx_word' id='word_1_573' title='bbox 3419 3474 3537 3512; x_wconf 84' lang='lat' dir='ltr'><strong>enm</strong></span> <span class='ocrx_word' id='word_1_574' title='bbox 3581 3472 3693 3526; x_wconf 80' lang='lat' dir='ltr'><strong>pro-</strong></span> 
     </span>
    </p>
   </div>
   <div class='ocr_carea' id='block_1_78' title="bbox 2153 3549 3695 3618">
    <p class='ocr_par' dir='ltr' id='par_1_78' title="bbox 2153 3549 3695 3618">
     <span class='ocr_line' id='line_1_78' title="bbox 2153 3549 3695 3618; baseline -0.003 -15"><span class='ocrx_word' id='word_1_575' title='bbox 2153 3551 2384 3605; x_wconf 85' lang='lat' dir='ltr'><strong>vinciam</strong></span> <span class='ocrx_word' id='word_1_576' title='bbox 2415 3550 2778 3618; x_wconf 82' lang='lat' dir='ltr'><strong>occupandam</strong></span> <span class='ocrx_word' id='word_1_577' title='bbox 2810 3560 2865 3604; x_wconf 93' lang='lat' dir='ltr'><strong>et</strong></span> <span class='ocrx_word' id='word_1_578' title='bbox 2893 3551 2993 3606; x_wconf 88' lang='lat' dir='ltr'><strong>sibi</strong></span> <span class='ocrx_word' id='word_1_579' title='bbox 3032 3550 3404 3605; x_wconf 81' lang='lat' dir='ltr'><strong>vindicandam</strong></span> <span class='ocrx_word' id='word_1_580' title='bbox 3431 3561 3489 3604; x_wconf 93' lang='lat' dir='ltr'><strong>ut</strong></span> <span class='ocrx_word' id='word_1_581' title='bbox 3535 3549 3695 3605; x_wconf 83' lang='lat' dir='ltr'><strong>domi-</strong></span> 
     </span>
    </p>
   </div>
   <div class='ocr_carea' id='block_1_79' title="bbox 2154 3640 3700 3710">
    <p class='ocr_par' dir='ltr' id='par_1_79' title="bbox 2154 3640 3700 3710">
     <span class='ocr_line' id='line_1_79' title="bbox 2154 3640 3700 3710; baseline -0.001 -16"><span class='ocrx_word' id='word_1_582' title='bbox 2154 3642 2257 3696; x_wconf 90' lang='lat' dir='ltr'><strong>nis.</strong></span> <span class='ocrx_word' id='word_1_583' title='bbox 2290 3640 2497 3707; x_wconf 83' lang='lat' dir='ltr'><strong>Quibus</strong></span> <span class='ocrx_word' id='word_1_584' title='bbox 2534 3641 2722 3696; x_wconf 69' lang='lat' dir='ltr'><strong>incolze</strong></span> <span class='ocrx_word' id='word_1_585' title='bbox 2753 3642 3056 3710; x_wconf 86' lang='lat' dir='ltr'><strong>conspectis</strong></span> <span class='ocrx_word' id='word_1_586' title='bbox 3084 3652 3136 3694; x_wconf 91' lang='lat' dir='ltr'><strong>et</strong></span> <span class='ocrx_word' id='word_1_587' title='bbox 3179 3642 3395 3703; x_wconf 82' lang='lat' dir='ltr'><strong>auditis,</strong></span> <span class='ocrx_word' id='word_1_588' title='bbox 3424 3656 3541 3710; x_wconf 83' lang='lat' dir='ltr'><strong>quae</strong></span> <span class='ocrx_word' id='word_1_589' title='bbox 3593 3649 3700 3693; x_wconf 88' lang='lat' dir='ltr'><strong>aeta</strong></span> 
     </span>
    </p>
   </div>
   <div class='ocr_carea' id='block_1_80' title="bbox 2150 3732 3697 3797">
    <p class='ocr_par' dir='ltr' id='par_1_80' title="bbox 2150 3732 3697 3797">
     <span class='ocr_line' id='line_1_80' title="bbox 2150 3732 3697 3797; baseline -0.003 -11"><span class='ocrx_word' id='word_1_590' title='bbox 2150 3741 2355 3797; x_wconf 87' lang='lat' dir='ltr'><strong>essent,</strong></span> <span class='ocrx_word' id='word_1_591' title='bbox 2390 3733 2639 3788; x_wconf 81' lang='lat' dir='ltr'><strong>hortante</strong></span> <span class='ocrx_word' id='word_1_592' title='bbox 2672 3732 2973 3795; x_wconf 87' lang='lat' dir='ltr'><strong>iracundia,</strong></span> <span class='ocrx_word' id='word_1_593' title='bbox 3005 3748 3128 3787; x_wconf 90' lang='lat' dir='ltr'><strong>cum</strong></span> <span class='ocrx_word' id='word_1_594' title='bbox 3180 3733 3349 3787; x_wconf 80' lang='lat' dir='ltr'><strong>clavis</strong></span> <span class='ocrx_word' id='word_1_595' title='bbox 3374 3743 3427 3787; x_wconf 90' lang='lat' dir='ltr'><strong>et</strong></span> <span class='ocrx_word' id='word_1_596' title='bbox 3476 3732 3697 3794; x_wconf 73' lang='lat' dir='ltr'><strong>sarisa!</strong></span> 
     </span>
    </p>
   </div>
   <div class='ocr_carea' id='block_1_81' title="bbox 2151 3824 3701 3894">
    <p class='ocr_par' dir='ltr' id='par_1_81' title="bbox 2151 3824 3701 3894">
     <span class='ocr_line' id='line_1_81' title="bbox 2151 3824 3701 3894; baseline -0.003 -15"><span class='ocrx_word' id='word_1_597' title='bbox 2151 3838 2244 3879; x_wconf 81' lang='lat' dir='ltr'><strong>eos</strong></span> <span class='ocrx_word' id='word_1_598' title='bbox 2271 3825 2592 3879; x_wconf 86' lang='lat' dir='ltr'><strong>occidendos</strong></span> <span class='ocrx_word' id='word_1_599' title='bbox 2626 3834 2971 3894; x_wconf 89' lang='lat' dir='ltr'><strong>procurrunt.</strong></span> <span class='ocrx_word' id='word_1_600' title='bbox 3021 3826 3089 3878; x_wconf 85' lang='lat' dir='ltr'><strong>At</strong></span> <span class='ocrx_word' id='word_1_601' title='bbox 3121 3827 3498 3893; x_wconf 87' lang='lat' dir='ltr'><strong>superveniens</strong></span> <span class='ocrx_word' id='word_1_602' title='bbox 3539 3834 3591 3876; x_wconf 89' lang='lat' dir='ltr'><strong>et</strong></span> <span class='ocrx_word' id='word_1_603' title='bbox 3617 3824 3701 3875; x_wconf 86' lang='lat' dir='ltr'><strong>in-</strong></span> 
     </span>
    </p>
   </div>
   <div class='ocr_carea' id='block_1_82' title="bbox 2153 3917 3701 3989">
    <p class='ocr_par' dir='ltr' id='par_1_82' title="bbox 2153 3917 3701 3989">
     <span class='ocr_line' id='line_1_82' title="bbox 2153 3917 3701 3989; baseline -0.002 -16"><span class='ocrx_word' id='word_1_604' title='bbox 2153 3922 2433 3974; x_wconf 88' lang='lat' dir='ltr'><strong>tercedens</strong></span> <span class='ocrx_word' id='word_1_605' title='bbox 2464 3921 2578 3986; x_wconf 89' lang='lat' dir='ltr'><strong>ejus</strong></span> <span class='ocrx_word' id='word_1_606' title='bbox 2606 3921 2842 3989; x_wconf 81' lang='lat' dir='ltr'><strong>regionis</strong></span> <span class='ocrx_word' id='word_1_607' title='bbox 2895 3920 3202 3989; x_wconf 81' lang='lat' dir='ltr'><strong>episcopus,</strong></span> <span class='ocrx_word' id='word_1_608' title='bbox 3249 3933 3316 3973; x_wconf 92' lang='lat' dir='ltr'><strong>ne</strong></span> <span class='ocrx_word' id='word_1_609' title='bbox 3359 3919 3491 3973; x_wconf 84' lang='lat' dir='ltr'><strong>tales</strong></span> <span class='ocrx_word' id='word_1_610' title='bbox 3545 3917 3701 3971; x_wconf 65' lang='lat' dir='ltr'><strong>turbs</strong></span> 
     </span>
    </p>
   </div>
   <div class='ocr_carea' id='block_1_83' title="bbox 2151 4011 3701 4081">
    <p class='ocr_par' dir='ltr' id='par_1_83' title="bbox 2151 4011 3701 4081">
     <span class='ocr_line' id='line_1_83' title="bbox 2151 4011 3701 4081; baseline -0.001 -17"><span class='ocrx_word' id='word_1_611' title='bbox 2151 4011 2785 4081; x_wconf 81' lang='lat' dir='ltr'><strong>orirentur,objurgabat</strong></span> <span class='ocrx_word' id='word_1_612' title='bbox 2817 4012 3236 4077; x_wconf 89' lang='lat' dir='ltr'><strong>multitudinem,</strong></span> <span class='ocrx_word' id='word_1_613' title='bbox 3258 4027 3377 4079; x_wconf 67' lang='lat' dir='ltr'><strong>quae</strong></span> <span class='ocrx_word' id='word_1_614' title='bbox 3402 4011 3562 4065; x_wconf 79' lang='lat' dir='ltr'><strong>dictis</strong></span> <span class='ocrx_word' id='word_1_615' title='bbox 3593 4012 3701 4078; x_wconf 88' lang='lat' dir='ltr'><strong>ejus</strong></span> 
     </span>
    </p>
   </div>
   <div class='ocr_carea' id='block_1_84' title="bbox 2148 4101 3699 4173">
    <p class='ocr_par' dir='ltr' id='par_1_84' title="bbox 2148 4101 3699 4173">
     <span class='ocr_line' id='line_1_84' title="bbox 2148 4101 3699 4173; baseline -0.001 -18"><span class='ocrx_word' id='word_1_616' title='bbox 2148 4101 2430 4168; x_wconf 85' lang='lat' dir='ltr'><strong>obsecuta,</strong></span> <span class='ocrx_word' id='word_1_617' title='bbox 2475 4104 2635 4157; x_wconf 89' lang='lat' dir='ltr'><strong>trium</strong></span> <span class='ocrx_word' id='word_1_618' title='bbox 2687 4103 2894 4158; x_wconf 89' lang='lat' dir='ltr'><strong>dierum</strong></span> <span class='ocrx_word' id='word_1_619' title='bbox 2945 4105 3180 4173; x_wconf 85' lang='lat' dir='ltr'><strong>spatium</strong></span> <span class='ocrx_word' id='word_1_620' title='bbox 3246 4102 3541 4172; x_wconf 76' lang='lat' dir='ltr'><strong>crncigeris</strong></span> <span class='ocrx_word' id='word_1_621' title='bbox 3583 4116 3699 4156; x_wconf 87' lang='lat' dir='ltr'><strong>con-</strong></span> 
     </span>
    </p>
   </div>
   <div class='ocr_carea' id='block_1_85' title="bbox 2150 4192 3696 4263">
    <p class='ocr_par' dir='ltr' id='par_1_85' title="bbox 2150 4192 3696 4263">
     <span class='ocr_line' id='line_1_85' title="bbox 2150 4192 3696 4263; baseline -0.002 -17"><span class='ocrx_word' id='word_1_622' title='bbox 2150 4192 2335 4255; x_wconf 88' lang='lat' dir='ltr'><strong>cessit,</strong></span> <span class='ocrx_word' id='word_1_623' title='bbox 2368 4208 2475 4261; x_wconf 93' lang='lat' dir='ltr'><strong>quo</strong></span> <span class='ocrx_word' id='word_1_624' title='bbox 2506 4208 2535 4246; x_wconf 91' lang='lat' dir='ltr'><strong>e</strong></span> <span class='ocrx_word' id='word_1_625' title='bbox 2568 4192 2776 4262; x_wconf 83' lang='lat' dir='ltr'><strong>Spartae</strong></span> <span class='ocrx_word' id='word_1_626' title='bbox 2819 4194 3019 4248; x_wconf 83' lang='lat' dir='ltr'><strong>ﬁnibus</strong></span> <span class='ocrx_word' id='word_1_627' title='bbox 3054 4194 3233 4263; x_wconf 90' lang='lat' dir='ltr'><strong>quiete</strong></span> <span class='ocrx_word' id='word_1_628' title='bbox 3266 4197 3605 4249; x_wconf 81' lang='lat' dir='ltr'><strong>excederent.</strong></span> <span class='ocrx_word' id='word_1_629' title='bbox 3648 4192 3696 4244; x_wconf 88' lang='lat' dir='ltr'><strong>Si</strong></span> 
     </span>
    </p>
   </div>
   <div class='ocr_carea' id='block_1_86' title="bbox 2149 4281 3697 4353">
    <p class='ocr_par' dir='ltr' id='par_1_86' title="bbox 2149 4281 3697 4353">
     <span class='ocr_line' id='line_1_86' title="bbox 2149 4281 3697 4353; baseline 0 -19"><span class='ocrx_word' id='word_1_630' title='bbox 2149 4295 2312 4335; x_wconf 88' lang='lat' dir='ltr'><strong>secus</strong></span> <span class='ocrx_word' id='word_1_631' title='bbox 2344 4281 2612 4345; x_wconf 81' lang='lat' dir='ltr'><strong>fecissent,</strong></span> <span class='ocrx_word' id='word_1_632' title='bbox 2650 4285 2795 4349; x_wconf 88' lang='lat' dir='ltr'><strong>ipsos</strong></span> <span class='ocrx_word' id='word_1_633' title='bbox 2824 4300 3165 4353; x_wconf 78' lang='lat' dir='ltr'><strong>expertnros,</strong></span> <span class='ocrx_word' id='word_1_634' title='bbox 3211 4302 3318 4353; x_wconf 85' lang='lat' dir='ltr'><strong>quo</strong></span> <span class='ocrx_word' id='word_1_635' title='bbox 3348 4300 3408 4338; x_wconf 88' lang='lat' dir='ltr'><strong>ea</strong></span> <span class='ocrx_word' id='word_1_636' title='bbox 3470 4301 3555 4338; x_wconf 87' lang='lat' dir='ltr'><strong>res</strong></span> <span class='ocrx_word' id='word_1_637' title='bbox 3587 4299 3697 4335; x_wconf 62' lang='lat' dir='ltr'><strong>evn-</strong></span> 
     </span>
    </p>
   </div>
   <div class='ocr_carea' id='block_1_87' title="bbox 485 4358 3697 4445">
    <p class='ocr_par' dir='ltr' id='par_1_87' title="bbox 485 4358 3697 4445">
     <span class='ocr_line' id='line_1_87' title="bbox 485 4358 3697 4445; baseline -0.005 -15"><span class='ocrx_word' id='word_1_638' title='bbox 485 4378 681 4432; x_wconf 87' lang='lat' dir='ltr'><strong>mentis</strong></span> <span class='ocrx_word' id='word_1_639' title='bbox 715 4376 967 4444; x_wconf 85' lang='lat' dir='ltr'><strong>impotem</strong></span> <span class='ocrx_word' id='word_1_640' title='bbox 1012 4374 1248 4442; x_wconf 85' lang='lat' dir='ltr'><strong>reperit;</strong></span> <span class='ocrx_word' id='word_1_641' title='bbox 1279 4386 1377 4424; x_wconf 91' lang='lat' dir='ltr'><strong>nec</strong></span> <span class='ocrx_word' id='word_1_642' title='bbox 1429 4370 1701 4423; x_wconf 81' lang='lat' dir='ltr'><strong>habebant</strong></span> <span class='ocrx_word' id='word_1_643' title='bbox 1751 4369 2046 4423; x_wconf 89' lang='lat' dir='ltr'><strong>consiliarii</strong></span> <span class='ocrx_word' id='word_1_644' title='bbox 2075 4358 2127 4416; x_wconf 88' lang='lat' dir='ltr'><strong>D</strong></span> <span class='ocrx_word' id='word_1_645' title='bbox 2153 4384 2278 4425; x_wconf 68' lang='lat' dir='ltr'><strong>sum</strong></span> <span class='ocrx_word' id='word_1_646' title='bbox 2332 4381 2493 4426; x_wconf 62' lang='lat' dir='ltr'><strong>essu,</strong></span> <span class='ocrx_word' id='word_1_647' title='bbox 2535 4370 2635 4435; x_wconf 73' lang='lat' dir='ltr'><strong>mi,</strong></span> <span class='ocrx_word' id='word_1_648' title='bbox 2685 4390 2807 4428; x_wconf 71' lang='lat' dir='ltr'><strong>cum</strong></span> <span class='ocrx_word' id='word_1_649' title='bbox 2852 4376 2985 4429; x_wconf 64' lang='lat' dir='ltr'><strong>nihil</strong></span> <span class='ocrx_word' id='word_1_650' title='bbox 3017 4390 3076 4430; x_wconf 74' lang='lat' dir='ltr'><strong>se</strong></span> <span class='ocrx_word' id='word_1_651' title='bbox 3118 4375 3347 4445; x_wconf 52' lang='lat' dir='ltr'><strong>elucere,</strong></span> <span class='ocrx_word' id='word_1_652' title='bbox 3394 4375 3489 4428; x_wconf 70' lang='lat' dir='ltr'><strong>sed</strong></span> <span class='ocrx_word' id='word_1_653' title='bbox 3529 4377 3697 4426; x_wconf 60' lang='lat' dir='ltr'><strong>turbas</strong></span> 
     </span>
    </p>
   </div>
   <div class='ocr_carea' id='block_1_88' title="bbox 481 4458 2049 4533">
    <p class='ocr_par' dir='ltr' id='par_1_88' title="bbox 481 4458 2049 4533">
     <span class='ocr_line' id='line_1_88' title="bbox 481 4458 2049 4533; baseline -0.006 -12"><span class='ocrx_word' id='word_1_654' title='bbox 481 4470 622 4533; x_wconf 80' lang='lat' dir='ltr'><strong>ejus.</strong></span> <span class='ocrx_word' id='word_1_655' title='bbox 672 4466 773 4521; x_wconf 90' lang='lat' dir='ltr'><strong>soli</strong></span> <span class='ocrx_word' id='word_1_656' title='bbox 823 4465 962 4533; x_wconf 85' lang='lat' dir='ltr'><strong>quod</strong></span> <span class='ocrx_word' id='word_1_657' title='bbox 1013 4463 1088 4516; x_wconf 82' lang='lat' dir='ltr'><strong>illi</strong></span> <span class='ocrx_word' id='word_1_658' title='bbox 1145 4476 1461 4530; x_wconf 89' lang='lat' dir='ltr'><strong>responsum</strong></span> <span class='ocrx_word' id='word_1_659' title='bbox 1517 4464 1729 4513; x_wconf 90' lang='lat' dir='ltr'><strong>darent.</strong></span> <span class='ocrx_word' id='word_1_660' title='bbox 1768 4458 1951 4526; x_wconf 87' lang='lat' dir='ltr'><strong>Itaque</strong></span> <span class='ocrx_word' id='word_1_661' title='bbox 1992 4470 2049 4511; x_wconf 89' lang='lat' dir='ltr'><strong>re</strong></span> 
     </span>
    </p>
   </div>
   <div class='ocr_carea' id='block_1_89' title="bbox 482 4547 2048 4623">
    <p class='ocr_par' dir='ltr' id='par_1_89' title="bbox 482 4547 2048 4623">
     <span class='ocr_line' id='line_1_89' title="bbox 482 4547 2048 4623; baseline -0.006 -12"><span class='ocrx_word' id='word_1_662' title='bbox 482 4556 680 4611; x_wconf 74' lang='lat' dir='ltr'><strong>infecta</strong></span> <span class='ocrx_word' id='word_1_663' title='bbox 704 4556 1000 4623; x_wconf 76' lang='lat' dir='ltr'><strong>imperator</strong></span> <span class='ocrx_word' id='word_1_664' title='bbox 1028 4548 1233 4618; x_wconf 37' lang='lat' dir='ltr'><strong>C’polim</strong></span> <span class='ocrx_word' id='word_1_665' title='bbox 1268 4548 1450 4613; x_wconf 83' lang='lat' dir='ltr'><strong>rediit,</strong></span> <span class='ocrx_word' id='word_1_666' title='bbox 1480 4563 1620 4602; x_wconf 89' lang='lat' dir='ltr'><strong>anno</strong></span> <span class='ocrx_word' id='word_1_667' title='bbox 1647 4547 1806 4611; x_wconf 73' lang='grc'>1405,</span> <span class='ocrx_word' id='word_1_668' title='bbox 1847 4548 2048 4602; x_wconf 84' lang='lat' dir='ltr'><strong>mensis</strong></span> 
     </span>
    </p>
   </div>
   <div class='ocr_carea' id='block_1_90' title="bbox 484 4639 1435 4712">
    <p class='ocr_par' dir='ltr' id='par_1_90' title="bbox 484 4639 1435 4712">
     <span class='ocr_line' id='line_1_90' title="bbox 484 4639 1435 4712; baseline -0.015 -13"><span class='ocrx_word' id='word_1_669' title='bbox 484 4643 813 4712; x_wconf 80' lang='lat' dir='ltr'><strong>Septembris</strong></span> <span class='ocrx_word' id='word_1_670' title='bbox 857 4642 942 4693; x_wconf 88' lang='lat' dir='ltr'><strong>die</strong></span> <span class='ocrx_word' id='word_1_671' title='bbox 978 4639 1060 4692; x_wconf 78' lang='grc'><strong>13.</strong></span> <span class='ocrx_word' id='word_1_672' title='bbox 1434 4642 1435 4647; x_wconf 83' lang='lat'>‘</span> 
     </span>
    </p>
   </div>
   <div class='ocr_carea' id='block_1_91' title="bbox 454 4722 2045 4815">
    <p class='ocr_par' dir='ltr' id='par_1_91' title="bbox 454 4722 2045 4815">
     <span class='ocr_line' id='line_1_91' title="bbox 454 4722 2045 4815; baseline -0.008 -27"><span class='ocrx_word' id='word_1_673' title='bbox 454 4723 463 4815; x_wconf 59' lang='grc' dir='ltr'><strong><em>θ</em></strong></span> <span class='ocrx_word' id='word_1_674' title='bbox 551 4733 638 4787; x_wconf 79' lang='grc'><strong>16.</strong></span> <span class='ocrx_word' id='word_1_675' title='bbox 670 4733 868 4787; x_wconf 88' lang='lat' dir='ltr'><strong>Eodem</strong></span> <span class='ocrx_word' id='word_1_676' title='bbox 896 4742 1039 4784; x_wconf 91' lang='lat' dir='ltr'><strong>anno</strong></span> <span class='ocrx_word' id='word_1_677' title='bbox 1072 4726 1352 4797; x_wconf 84' lang='lat' dir='ltr'><strong>Bajazetes</strong></span> <span class='ocrx_word' id='word_1_678' title='bbox 1391 4738 1602 4779; x_wconf 90' lang='lat' dir='ltr'><strong>ameras</strong></span> <span class='ocrx_word' id='word_1_679' title='bbox 1628 4722 2045 4791; x_wconf 88' lang='lat' dir='ltr'><strong>Giacup-pasia-</strong></span> 
     </span>
    </p>
   </div>
   <div class='ocr_carea' id='block_1_92' title="bbox 482 4817 2044 4888">
    <p class='ocr_par' dir='ltr' id='par_1_92' title="bbox 482 4817 2044 4888">
     <span class='ocr_line' id='line_1_92' title="bbox 482 4817 2044 4888; baseline -0.007 -9"><span class='ocrx_word' id='word_1_680' title='bbox 482 4843 604 4879; x_wconf 87' lang='lat' dir='ltr'><strong>nem</strong></span> <span class='ocrx_word' id='word_1_681' title='bbox 635 4835 690 4879; x_wconf 88' lang='lat' dir='ltr'><strong>et</strong></span> <span class='ocrx_word' id='word_1_682' title='bbox 722 4823 1013 4877; x_wconf 84' lang='lat' dir='ltr'><strong>Brenazem</strong></span> <span class='ocrx_word' id='word_1_683' title='bbox 1070 4820 1125 4874; x_wconf 92' lang='lat' dir='ltr'><strong>in</strong></span> <span class='ocrx_word' id='word_1_684' title='bbox 1151 4819 1583 4888; x_wconf 56' lang='lat' dir='ltr'><strong>Peloponnesium</strong></span> <span class='ocrx_word' id='word_1_685' title='bbox 1630 4831 1752 4872; x_wconf 90' lang='lat' dir='ltr'><strong>cum</strong></span> <span class='ocrx_word' id='word_1_686' title='bbox 1802 4817 2044 4869; x_wconf 85' lang='lat' dir='ltr'><strong>exercitu</strong></span> 
     </span>
    </p>
   </div>
   <div class='ocr_carea' id='block_1_93' title="bbox 481 4905 2045 4985">
    <p class='ocr_par' dir='ltr' id='par_1_93' title="bbox 481 4905 2045 4985">
     <span class='ocr_line' id='line_1_93' title="bbox 481 4905 2045 4985; baseline -0.006 -17"><span class='ocrx_word' id='word_1_687' title='bbox 481 4914 870 4985; x_wconf 78' lang='lat' dir='ltr'><strong>quinquaginta</strong></span> <span class='ocrx_word' id='word_1_688' title='bbox 896 4913 1118 4966; x_wconf 85' lang='lat' dir='ltr'><strong>millium</strong></span> <span class='ocrx_word' id='word_1_689' title='bbox 1166 4910 1350 4965; x_wconf 83' lang='lat' dir='ltr'><strong>misit:</strong></span> <span class='ocrx_word' id='word_1_690' title='bbox 1386 4910 1475 4976; x_wconf 89' lang='lat' dir='ltr'><strong>qui</strong></span> <span class='ocrx_word' id='word_1_691' title='bbox 1506 4917 1559 4963; x_wconf 85' lang='lat' dir='ltr'><strong>et</strong></span> <span class='ocrx_word' id='word_1_692' title='bbox 1593 4909 1644 4961; x_wconf 89' lang='lat' dir='ltr'><strong>in</strong></span> <span class='ocrx_word' id='word_1_693' title='bbox 1700 4909 1815 4975; x_wconf 88' lang='lat' dir='ltr'><strong>ipso</strong></span> <span class='ocrx_word' id='word_1_694' title='bbox 1854 4905 2045 4959; x_wconf 86' lang='lat' dir='ltr'><strong>itinere</strong></span> 
     </span>
    </p>
   </div>
   <div class='ocr_carea' id='block_1_94' title="bbox 482 4992 2043 5069">
    <p class='ocr_par' dir='ltr' id='par_1_94' title="bbox 482 4992 2043 5069">
     <span class='ocr_line' id='line_1_94' title="bbox 482 4992 2043 5069; baseline -0.007 -11"><span class='ocrx_word' id='word_1_695' title='bbox 482 5015 536 5059; x_wconf 92' lang='lat' dir='ltr'><strong>et</strong></span> <span class='ocrx_word' id='word_1_696' title='bbox 567 5004 621 5056; x_wconf 88' lang='lat' dir='ltr'><strong>in</strong></span> <span class='ocrx_word' id='word_1_697' title='bbox 658 5001 1027 5069; x_wconf 82' lang='lat' dir='ltr'><strong>Peloponneso</strong></span> <span class='ocrx_word' id='word_1_698' title='bbox 1063 4998 1244 5054; x_wconf 88' lang='lat' dir='ltr'><strong>multis</strong></span> <span class='ocrx_word' id='word_1_699' title='bbox 1298 4996 1676 5060; x_wconf 88' lang='lat' dir='ltr'><strong>incommodis,</strong></span> <span class='ocrx_word' id='word_1_700' title='bbox 1720 4992 2043 5049; x_wconf 87' lang='lat' dir='ltr'><strong>calamitati-</strong></span> 
     </span>
    </p>
   </div>
   <div class='ocr_carea' id='block_1_95' title="bbox 481 5085 2041 5154">
    <p class='ocr_par' dir='ltr' id='par_1_95' title="bbox 481 5085 2041 5154">
     <span class='ocr_line' id='line_1_95' title="bbox 481 5085 2041 5154; baseline -0.008 -3"><span class='ocrx_word' id='word_1_701' title='bbox 481 5100 583 5151; x_wconf 91' lang='lat' dir='ltr'><strong>bus</strong></span> <span class='ocrx_word' id='word_1_702' title='bbox 627 5110 690 5149; x_wconf 83' lang='lat' dir='ltr'><strong>ac</strong></span> <span class='ocrx_word' id='word_1_703' title='bbox 743 5094 975 5147; x_wconf 80' lang='lat' dir='ltr'><strong>servitiis</strong></span> <span class='ocrx_word' id='word_1_704' title='bbox 1028 5092 1364 5146; x_wconf 86' lang='lat' dir='ltr'><strong>Christianos</strong></span> <span class='ocrx_word' id='word_1_705' title='bbox 1412 5088 1734 5151; x_wconf 73' lang='lat' dir='ltr'><strong>afﬂixerunt,</strong></span> <span class='ocrx_word' id='word_1_706' title='bbox 1772 5098 1832 5140; x_wconf 89' lang='lat' dir='ltr'><strong>ut</strong></span> <span class='ocrx_word' id='word_1_707' title='bbox 1881 5085 2041 5154; x_wconf 91' lang='lat' dir='ltr'><strong>paulo</strong></span> 
     </span>
    </p>
   </div>
   <div class='ocr_carea' id='block_1_96' title="bbox 480 5176 2040 5250">
    <p class='ocr_par' dir='ltr' id='par_1_96' title="bbox 480 5176 2040 5250">
     <span class='ocr_line' id='line_1_96' title="bbox 480 5176 2040 5250; baseline -0.007 -11"><span class='ocrx_word' id='word_1_708' title='bbox 480 5188 622 5240; x_wconf 79' lang='lat' dir='ltr'><strong>infra</strong></span> <span class='ocrx_word' id='word_1_709' title='bbox 648 5187 700 5239; x_wconf 90' lang='lat' dir='ltr'><strong>in</strong></span> <span class='ocrx_word' id='word_1_710' title='bbox 731 5185 840 5239; x_wconf 79' lang='lat' dir='ltr'><strong>vita</strong></span> <span class='ocrx_word' id='word_1_711' title='bbox 900 5181 1168 5250; x_wconf 83' lang='lat' dir='ltr'><strong>Bajazetis</strong></span> <span class='ocrx_word' id='word_1_712' title='bbox 1224 5179 1548 5233; x_wconf 82' lang='lat' dir='ltr'><strong>narrabitur.</strong></span> <span class='ocrx_word' id='word_1_713' title='bbox 1584 5177 1897 5231; x_wconf 81' lang='lat' dir='ltr'><strong>Theodorus</strong></span> <span class='ocrx_word' id='word_1_714' title='bbox 1946 5176 2040 5229; x_wconf 86' lang='lat' dir='ltr'><strong>de-</strong></span> 
     </span>
    </p>
   </div>
   <div class='ocr_carea' id='block_1_97' title="bbox 480 5267 2041 5345">
    <p class='ocr_par' dir='ltr' id='par_1_97' title="bbox 480 5267 2041 5345">
     <span class='ocr_line' id='line_1_97' title="bbox 480 5267 2041 5345; baseline -0.006 -15"><span class='ocrx_word' id='word_1_715' title='bbox 480 5287 654 5345; x_wconf 74' lang='lat' dir='ltr'><strong>spata,</strong></span> <span class='ocrx_word' id='word_1_716' title='bbox 683 5290 804 5329; x_wconf 91' lang='lat' dir='ltr'><strong>cum</strong></span> <span class='ocrx_word' id='word_1_717' title='bbox 848 5288 959 5327; x_wconf 91' lang='lat' dir='ltr'><strong>rem</strong></span> <span class='ocrx_word' id='word_1_718' title='bbox 1000 5270 1294 5323; x_wconf 85' lang='lat' dir='ltr'><strong>Romanam</strong></span> <span class='ocrx_word' id='word_1_719' title='bbox 1334 5278 1455 5323; x_wconf 84' lang='lat' dir='ltr'><strong>&#39;tam</strong></span> <span class='ocrx_word' id='word_1_720' title='bbox 1506 5271 1646 5324; x_wconf 85' lang='lat' dir='ltr'><strong>male</strong></span> <span class='ocrx_word' id='word_1_721' title='bbox 1677 5267 1925 5322; x_wconf 76' lang='lat' dir='ltr'><strong>alieetam</strong></span> <span class='ocrx_word' id='word_1_722' title='bbox 1987 5278 2041 5321; x_wconf 87' lang='lat' dir='ltr'><strong>et</strong></span> 
     </span>
    </p>
   </div>
   <div class='ocr_carea' id='block_1_98' title="bbox 481 5361 2036 5434">
    <p class='ocr_par' dir='ltr' id='par_1_98' title="bbox 481 5361 2036 5434">
     <span class='ocr_line' id='line_1_98' title="bbox 481 5361 2036 5434; baseline -0.002 -17"><span class='ocrx_word' id='word_1_723' title='bbox 481 5371 667 5421; x_wconf 83' lang='lat' dir='ltr'><strong>urbem</strong></span> <span class='ocrx_word' id='word_1_724' title='bbox 705 5377 811 5419; x_wconf 86' lang='lat' dir='ltr'><strong>tam</strong></span> <span class='ocrx_word' id='word_1_725' title='bbox 862 5366 950 5419; x_wconf 90' lang='lat' dir='ltr'><strong>diu</strong></span> <span class='ocrx_word' id='word_1_726' title='bbox 1014 5361 1429 5434; x_wconf 87' lang='lat' dir='ltr'><strong>periclitantem,</strong></span> <span class='ocrx_word' id='word_1_727' title='bbox 1470 5361 1743 5417; x_wconf 86' lang='lat' dir='ltr'><strong>obsessam</strong></span> <span class='ocrx_word' id='word_1_728' title='bbox 1776 5370 1830 5416; x_wconf 88' lang='lat' dir='ltr'><strong>et</strong></span> <span class='ocrx_word' id='word_1_729' title='bbox 1886 5362 2036 5429; x_wconf 79' lang='lat' dir='ltr'><strong>gravi</strong></span> 
     </span>
    </p>
   </div>
   <div class='ocr_carea' id='block_1_99' title="bbox 484 5451 2045 5524">
    <p class='ocr_par' dir='ltr' id='par_1_99' title="bbox 484 5451 2045 5524">
     <span class='ocr_line' id='line_1_99' title="bbox 484 5451 2045 5524; baseline -0.004 -16"><span class='ocrx_word' id='word_1_730' title='bbox 484 5458 624 5510; x_wconf 77' lang='lat' dir='ltr'><strong>fame</strong></span> <span class='ocrx_word' id='word_1_731' title='bbox 654 5470 990 5524; x_wconf 81' lang='lat' dir='ltr'><strong>Oppressam,</strong></span> <span class='ocrx_word' id='word_1_732' title='bbox 1027 5453 1218 5507; x_wconf 90' lang='lat' dir='ltr'><strong>deinde</strong></span> <span class='ocrx_word' id='word_1_733' title='bbox 1246 5452 1668 5521; x_wconf 88' lang='lat' dir='ltr'><strong>Peloponnesum</strong></span> <span class='ocrx_word' id='word_1_734' title='bbox 1709 5451 1846 5505; x_wconf 89' lang='lat' dir='ltr'><strong>bello</strong></span> <span class='ocrx_word' id='word_1_735' title='bbox 1880 5464 2045 5504; x_wconf 79' lang='lat' dir='ltr'><strong>vexa--</strong></span> 
     </span>
    </p>
   </div>
   <div class='ocr_carea' id='block_1_100' title="bbox 479 5544 2037 5615">
    <p class='ocr_par' dir='ltr' id='par_1_100' title="bbox 479 5544 2037 5615">
     <span class='ocr_line' id='line_1_100' title="bbox 479 5544 2037 5615; baseline -0.004 -14"><span class='ocrx_word' id='word_1_736' title='bbox 479 5559 613 5613; x_wconf 86' lang='lat' dir='ltr'><strong>tam,</strong></span> <span class='ocrx_word' id='word_1_737' title='bbox 641 5559 693 5602; x_wconf 89' lang='lat' dir='ltr'><strong>et</strong></span> <span class='ocrx_word' id='word_1_738' title='bbox 733 5549 1158 5603; x_wconf 63' lang='lat' dir='ltr'><strong>Christianorum</strong></span> <span class='ocrx_word' id='word_1_739' title='bbox 1192 5545 1492 5615; x_wconf 87' lang='lat' dir='ltr'><strong>principum</strong></span> <span class='ocrx_word' id='word_1_740' title='bbox 1529 5547 1727 5600; x_wconf 91' lang='lat' dir='ltr'><strong>nullum</strong></span> <span class='ocrx_word' id='word_1_741' title='bbox 1757 5545 1858 5599; x_wconf 82' lang='lat' dir='ltr'><strong>sibi</strong></span> <span class='ocrx_word' id='word_1_742' title='bbox 1888 5544 2037 5596; x_wconf 83' lang='lat' dir='ltr'><strong>auxi-</strong></span> 
     </span>
    </p>
   </div>
   <div class='ocr_carea' id='block_1_101' title="bbox 480 5636 2031 5709">
    <p class='ocr_par' dir='ltr' id='par_1_101' title="bbox 480 5636 2031 5709">
     <span class='ocr_line' id='line_1_101' title="bbox 480 5636 2031 5709; baseline -0.001 -18"><span class='ocrx_word' id='word_1_743' title='bbox 480 5640 731 5694; x_wconf 79' lang='lat' dir='ltr'><strong>lialurtttn</strong></span> <span class='ocrx_word' id='word_1_744' title='bbox 782 5642 1009 5705; x_wconf 84' lang='lat' dir='ltr'><strong>videret,</strong></span> <span class='ocrx_word' id='word_1_745' title='bbox 1052 5641 1210 5708; x_wconf 85' lang='lat' dir='ltr'><strong>omni</strong></span> <span class='ocrx_word' id='word_1_746' title='bbox 1255 5653 1351 5709; x_wconf 88' lang='lat' dir='ltr'><strong>spe</strong></span> <span class='ocrx_word' id='word_1_747' title='bbox 1398 5640 1626 5709; x_wconf 85' lang='lat' dir='ltr'><strong>abjecta,</strong></span> <span class='ocrx_word' id='word_1_748' title='bbox 1675 5654 1777 5691; x_wconf 91' lang='lat' dir='ltr'><strong>una</strong></span> <span class='ocrx_word' id='word_1_749' title='bbox 1830 5636 2031 5691; x_wconf 89' lang='lat' dir='ltr'><strong>triremi</strong></span> 
     </span>
    </p>
   </div>
   <div class='ocr_carea' id='block_1_102' title="bbox 2152 4456 3690 4533">
    <p class='ocr_par' dir='ltr' id='par_1_102' title="bbox 2152 4456 3690 4533">
     <span class='ocr_line' id='line_1_102' title="bbox 2152 4456 3690 4533; baseline 0.001 -19"><span class='ocrx_word' id='word_1_750' title='bbox 2152 4475 2216 4514; x_wconf 87' lang='lat' dir='ltr'><strong>ac</strong></span> <span class='ocrx_word' id='word_1_751' title='bbox 2244 4460 2505 4515; x_wconf 80' lang='lat' dir='ltr'><strong>tumultus</strong></span> <span class='ocrx_word' id='word_1_752' title='bbox 2531 4463 2755 4515; x_wconf 79' lang='lat' dir='ltr'><strong>excitari</strong></span> <span class='ocrx_word' id='word_1_753' title='bbox 2805 4456 2966 4533; x_wconf 79' lang='lat' dir='ltr'><strong>atque</strong></span> <span class='ocrx_word' id='word_1_754' title='bbox 2994 4467 3154 4519; x_wconf 90' lang='lat' dir='ltr'><strong>vitam</strong></span> <span class='ocrx_word' id='word_1_755' title='bbox 3208 4480 3359 4518; x_wconf 87' lang='lat' dir='ltr'><strong>suam</strong></span> <span class='ocrx_word' id='word_1_756' title='bbox 3421 4465 3473 4517; x_wconf 92' lang='lat' dir='ltr'><strong>in</strong></span> <span class='ocrx_word' id='word_1_757' title='bbox 3514 4462 3690 4517; x_wconf 74' lang='lat' dir='ltr'><strong>discri-</strong></span> 
     </span>
    </p>
   </div>
   <div class='ocr_carea' id='block_1_103' title="bbox 2152 4551 3686 4620">
    <p class='ocr_par' dir='ltr' id='par_1_103' title="bbox 2152 4551 3686 4620">
     <span class='ocr_line' id='line_1_103' title="bbox 2152 4551 3686 4620; baseline 0.002 -15"><span class='ocrx_word' id='word_1_758' title='bbox 2152 4566 2271 4605; x_wconf 88' lang='lat' dir='ltr'><strong>men</strong></span> <span class='ocrx_word' id='word_1_759' title='bbox 2301 4551 2495 4605; x_wconf 91' lang='lat' dir='ltr'><strong>adduci</strong></span> <span class='ocrx_word' id='word_1_760' title='bbox 2524 4552 2785 4620; x_wconf 85' lang='lat' dir='ltr'><strong>viderent,</strong></span> <span class='ocrx_word' id='word_1_761' title='bbox 2814 4557 3006 4609; x_wconf 81' lang='lat' dir='ltr'><strong>castris</strong></span> <span class='ocrx_word' id='word_1_762' title='bbox 3060 4557 3240 4619; x_wconf 81' lang='lat' dir='ltr'><strong>mOtis,</strong></span> <span class='ocrx_word' id='word_1_763' title='bbox 3275 4556 3494 4609; x_wconf 77' lang='lat' dir='ltr'><strong>domum</strong></span> <span class='ocrx_word' id='word_1_764' title='bbox 3533 4558 3686 4608; x_wconf 46' lang='lat' dir='ltr'><strong>retlie-</strong></span> 
     </span>
    </p>
   </div>
   <div class='ocr_carea' id='block_1_104' title="bbox 2151 4640 3687 4712">
    <p class='ocr_par' dir='ltr' id='par_1_104' title="bbox 2151 4640 3687 4712">
     <span class='ocr_line' id='line_1_104' title="bbox 2151 4640 3687 4712; baseline 0.002 -18"><span class='ocrx_word' id='word_1_765' title='bbox 2151 4651 2298 4695; x_wconf 87' lang='lat' dir='ltr'><strong>runt.</strong></span> <span class='ocrx_word' id='word_1_766' title='bbox 2332 4640 2582 4708; x_wconf 89' lang='lat' dir='ltr'><strong>Spartani</strong></span> <span class='ocrx_word' id='word_1_767' title='bbox 2612 4643 2917 4712; x_wconf 85' lang='lat' dir='ltr'><strong>epise0pnm</strong></span> <span class='ocrx_word' id='word_1_768' title='bbox 2958 4646 3122 4699; x_wconf 83' lang='lat' dir='ltr'><strong>etiam</strong></span> <span class='ocrx_word' id='word_1_769' title='bbox 3180 4646 3458 4711; x_wconf 66' lang='lat' dir='ltr'><strong>prmsidem</strong></span> <span class='ocrx_word' id='word_1_770' title='bbox 3511 4648 3687 4699; x_wconf 76' lang='lat' dir='ltr'><strong>sntira-</strong></span> 
     </span>
    </p>
   </div>
   <div class='ocr_carea' id='block_1_105' title="bbox 2149 4730 3684 4800">
    <p class='ocr_par' dir='ltr' id='par_1_105' title="bbox 2149 4730 3684 4800">
     <span class='ocr_line' id='line_1_105' title="bbox 2149 4730 3684 4800; baseline 0.002 -17"><span class='ocrx_word' id='word_1_771' title='bbox 2149 4730 2252 4800; x_wconf 77' lang='lat' dir='ltr'><strong>giis</strong></span> <span class='ocrx_word' id='word_1_772' title='bbox 2279 4732 2678 4786; x_wconf 84' lang='lat' dir='ltr'><strong>constituerunt</strong></span> <span class='ocrx_word' id='word_1_773' title='bbox 2706 4742 2759 4787; x_wconf 88' lang='lat' dir='ltr'><strong>et</strong></span> <span class='ocrx_word' id='word_1_774' title='bbox 2785 4735 2852 4787; x_wconf 88' lang='lat' dir='ltr'><strong>ab</strong></span> <span class='ocrx_word' id='word_1_775' title='bbox 2890 4748 2955 4788; x_wconf 92' lang='lat' dir='ltr'><strong>eo</strong></span> <span class='ocrx_word' id='word_1_776' title='bbox 2992 4750 3104 4788; x_wconf 85' lang='lat' dir='ltr'><strong>rem</strong></span> <span class='ocrx_word' id='word_1_777' title='bbox 3128 4750 3281 4790; x_wconf 85' lang='lat' dir='ltr'><strong>suam</strong></span> <span class='ocrx_word' id='word_1_778' title='bbox 3336 4744 3442 4789; x_wconf 90' lang='lat' dir='ltr'><strong>tam</strong></span> <span class='ocrx_word' id='word_1_779' title='bbox 3494 4735 3684 4789; x_wconf 82' lang='lat' dir='ltr'><strong>civilem</strong></span> 
     </span>
    </p>
   </div>
   <div class='ocr_carea' id='block_1_106' title="bbox 2148 4823 3689 4889">
    <p class='ocr_par' dir='ltr' id='par_1_106' title="bbox 2148 4823 3689 4889">
     <span class='ocr_line' id='line_1_106' title="bbox 2148 4823 3689 4889; baseline 0.002 -15"><span class='ocrx_word' id='word_1_780' title='bbox 2148 4834 2311 4889; x_wconf 89' lang='lat' dir='ltr'><strong>quam</strong></span> <span class='ocrx_word' id='word_1_781' title='bbox 2346 4823 2770 4878; x_wconf 83' lang='lat' dir='ltr'><strong>ecclesiaSticam</strong></span> <span class='ocrx_word' id='word_1_782' title='bbox 2797 4825 3163 4879; x_wconf 87' lang='lat' dir='ltr'><strong>administrari</strong></span> <span class='ocrx_word' id='word_1_783' title='bbox 3200 4827 3508 4880; x_wconf 82' lang='lat' dir='ltr'><strong>voluerunt.</strong></span> <span class='ocrx_word' id='word_1_784' title='bbox 3530 4825 3689 4879; x_wconf 60' lang='lat' dir='ltr'><strong>Theo:</strong></span> 
     </span>
    </p>
   </div>
   <div class='ocr_carea' id='block_1_107' title="bbox 2148 4913 3681 4983">
    <p class='ocr_par' dir='ltr' id='par_1_107' title="bbox 2148 4913 3681 4983">
     <span class='ocr_line' id='line_1_107' title="bbox 2148 4913 3681 4983; baseline 0.002 -17"><span class='ocrx_word' id='word_1_785' title='bbox 2148 4913 2333 4978; x_wconf 87' lang='lat' dir='ltr'><strong>dorus,</strong></span> <span class='ocrx_word' id='word_1_786' title='bbox 2388 4928 2509 4968; x_wconf 92' lang='lat' dir='ltr'><strong>cum</strong></span> <span class='ocrx_word' id='word_1_787' title='bbox 2542 4928 2603 4968; x_wconf 91' lang='lat' dir='ltr'><strong>se</strong></span> <span class='ocrx_word' id='word_1_788' title='bbox 2630 4928 2724 4983; x_wconf 91' lang='lat' dir='ltr'><strong>spe</strong></span> <span class='ocrx_word' id='word_1_789' title='bbox 2772 4914 2964 4969; x_wconf 81' lang='lat' dir='ltr'><strong>falsum</strong></span> <span class='ocrx_word' id='word_1_790' title='bbox 2996 4930 3117 4969; x_wconf 90' lang='lat' dir='ltr'><strong>esse</strong></span> <span class='ocrx_word' id='word_1_791' title='bbox 3164 4917 3410 4979; x_wconf 80' lang='lat' dir='ltr'><strong>vidisset,</strong></span> <span class='ocrx_word' id='word_1_792' title='bbox 3451 4918 3681 4983; x_wconf 84' lang='lat' dir='ltr'><strong>pecunia,</strong></span> 
     </span>
    </p>
   </div>
   <div class='ocr_carea' id='block_1_108' title="bbox 2144 5005 3678 5077">
    <p class='ocr_par' dir='ltr' id='par_1_108' title="bbox 2144 5005 3678 5077">
     <span class='ocr_line' id='line_1_108' title="bbox 2144 5005 3678 5077; baseline 0.003 -21"><span class='ocrx_word' id='word_1_793' title='bbox 2144 5018 2306 5072; x_wconf 88' lang='lat' dir='ltr'><strong>quam</strong></span> <span class='ocrx_word' id='word_1_794' title='bbox 2384 5014 2688 5072; x_wconf 84' lang='lat' dir='ltr'><strong>acceperat,</strong></span> <span class='ocrx_word' id='word_1_795' title='bbox 2736 5005 2980 5059; x_wconf 88' lang='lat' dir='ltr'><strong>societati</strong></span> <span class='ocrx_word' id='word_1_796' title='bbox 3032 5008 3300 5071; x_wconf 85' lang='lat' dir='ltr'><strong>restituta,</strong></span> <span class='ocrx_word' id='word_1_797' title='bbox 3346 5006 3589 5077; x_wconf 82' lang='lat' dir='ltr'><strong>Spartam</strong></span> <span class='ocrx_word' id='word_1_798' title='bbox 3635 5008 3678 5060; x_wconf 90' lang='lat' dir='ltr'><strong>in</strong></span> 
     </span>
    </p>
   </div>
   <div class='ocr_carea' id='block_1_109' title="bbox 2144 5094 3682 5165">
    <p class='ocr_par' dir='ltr' id='par_1_109' title="bbox 2144 5094 3682 5165">
     <span class='ocr_line' id='line_1_109' title="bbox 2144 5094 3682 5165; baseline 0 -17"><span class='ocrx_word' id='word_1_799' title='bbox 2144 5094 2475 5163; x_wconf 86' lang='lat' dir='ltr'><strong>provinciam</strong></span> <span class='ocrx_word' id='word_1_800' title='bbox 2504 5110 2654 5149; x_wconf 88' lang='lat' dir='ltr'><strong>suam</strong></span> <span class='ocrx_word' id='word_1_801' title='bbox 2692 5097 2983 5161; x_wconf 87' lang='lat' dir='ltr'><strong>rediturus,</strong></span> <span class='ocrx_word' id='word_1_802' title='bbox 3028 5112 3133 5151; x_wconf 90' lang='lat' dir='ltr'><strong>non</strong></span> <span class='ocrx_word' id='word_1_803' title='bbox 3158 5097 3516 5165; x_wconf 88' lang='lat' dir='ltr'><strong>recipiebatur</strong></span> <span class='ocrx_word' id='word_1_804' title='bbox 3542 5114 3567 5149; x_wconf 89' lang='lat' dir='ltr'><strong>a</strong></span> <span class='ocrx_word' id='word_1_805' title='bbox 3598 5112 3682 5163; x_wconf 80' lang='lat' dir='ltr'><strong>po-</strong></span> 
     </span>
    </p>
   </div>
   <div class='ocr_carea' id='block_1_110' title="bbox 2144 5185 3682 5253">
    <p class='ocr_par' dir='ltr' id='par_1_110' title="bbox 2144 5185 3682 5253">
     <span class='ocr_line' id='line_1_110' title="bbox 2144 5185 3682 5253; baseline 0.002 -16"><span class='ocrx_word' id='word_1_806' title='bbox 2144 5186 2290 5253; x_wconf 89' lang='lat' dir='ltr'><strong>pulo,</strong></span> <span class='ocrx_word' id='word_1_807' title='bbox 2324 5186 2418 5239; x_wconf 88' lang='lat' dir='ltr'><strong>sed</strong></span> <span class='ocrx_word' id='word_1_808' title='bbox 2454 5186 2826 5253; x_wconf 78' lang='lat' dir='ltr'><strong>exagitabatur</strong></span> <span class='ocrx_word' id='word_1_809' title='bbox 2854 5187 3133 5241; x_wconf 82' lang='lat' dir='ltr'><strong>conviciis.</strong></span> <span class='ocrx_word' id='word_1_810' title='bbox 3173 5185 3298 5242; x_wconf 92' lang='lat' dir='ltr'><strong>Post</strong></span> <span class='ocrx_word' id='word_1_811' title='bbox 3347 5187 3545 5241; x_wconf 78' lang='lat' dir='ltr'><strong>multos</strong></span> <span class='ocrx_word' id='word_1_812' title='bbox 3578 5197 3682 5240; x_wconf 89' lang='lat' dir='ltr'><strong>tan-</strong></span> 
     </span>
    </p>
   </div>
   <div class='ocr_carea' id='block_1_111' title="bbox 2144 5275 3675 5350">
    <p class='ocr_par' dir='ltr' id='par_1_111' title="bbox 2144 5275 3675 5350">
     <span class='ocr_line' id='line_1_111' title="bbox 2144 5275 3675 5350; baseline 0.002 -20"><span class='ocrx_word' id='word_1_813' title='bbox 2144 5275 2265 5331; x_wconf 91' lang='lat' dir='ltr'><strong>dem</strong></span> <span class='ocrx_word' id='word_1_814' title='bbox 2332 5288 2610 5331; x_wconf 85' lang='lat' dir='ltr'><strong>sermones</strong></span> <span class='ocrx_word' id='word_1_815' title='bbox 2648 5286 2702 5331; x_wconf 89' lang='lat' dir='ltr'><strong>et</strong></span> <span class='ocrx_word' id='word_1_816' title='bbox 2735 5277 3016 5343; x_wconf 91' lang='lat' dir='ltr'><strong>tumultus,</strong></span> <span class='ocrx_word' id='word_1_817' title='bbox 3050 5278 3373 5333; x_wconf 88' lang='lat' dir='ltr'><strong>conciliante</strong></span> <span class='ocrx_word' id='word_1_818' title='bbox 3422 5279 3675 5350; x_wconf 87' lang='lat' dir='ltr'><strong>episcopo,</strong></span> 
     </span>
    </p>
   </div>
   <div class='ocr_carea' id='block_1_112' title="bbox 2143 5366 3683 5440">
    <p class='ocr_par' dir='ltr' id='par_1_112' title="bbox 2143 5366 3683 5440">
     <span class='ocr_line' id='line_1_112' title="bbox 2143 5366 3683 5440; baseline 0.001 -17"><span class='ocrx_word' id='word_1_819' title='bbox 2143 5382 2263 5423; x_wconf 88' lang='lat' dir='ltr'><strong>eum</strong></span> <span class='ocrx_word' id='word_1_820' title='bbox 2296 5366 2564 5435; x_wconf 90' lang='lat' dir='ltr'><strong>recipiunt</strong></span> <span class='ocrx_word' id='word_1_821' title='bbox 2590 5378 2643 5420; x_wconf 89' lang='lat' dir='ltr'><strong>et</strong></span> <span class='ocrx_word' id='word_1_822' title='bbox 2666 5368 2952 5435; x_wconf 88' lang='lat' dir='ltr'><strong>pristinum</strong></span> <span class='ocrx_word' id='word_1_823' title='bbox 3001 5368 3246 5423; x_wconf 85' lang='lat' dir='ltr'><strong>obtinere</strong></span> <span class='ocrx_word' id='word_1_824' title='bbox 3289 5370 3516 5440; x_wconf 77' lang='lat' dir='ltr'><strong>gradum</strong></span> <span class='ocrx_word' id='word_1_825' title='bbox 3567 5370 3683 5437; x_wconf 88' lang='lat' dir='ltr'><strong>pati-</strong></span> 
     </span>
    </p>
   </div>
   <div class='ocr_carea' id='block_1_113' title="bbox 2143 5454 3679 5525">
    <p class='ocr_par' dir='ltr' id='par_1_113' title="bbox 2143 5454 3679 5525">
     <span class='ocr_line' id='line_1_113' title="bbox 2143 5454 3679 5525; baseline 0.003 -16"><span class='ocrx_word' id='word_1_826' title='bbox 2143 5466 2323 5509; x_wconf 84' lang='lat' dir='ltr'><strong>untur.</strong></span> <span class='ocrx_word' id='word_1_827' title='bbox 2357 5454 2675 5525; x_wconf 87' lang='lat' dir='ltr'><strong>Priusquam</strong></span> <span class='ocrx_word' id='word_1_828' title='bbox 2720 5467 2894 5511; x_wconf 88' lang='lat' dir='ltr'><strong>tamen</strong></span> <span class='ocrx_word' id='word_1_829' title='bbox 2945 5459 3340 5523; x_wconf 87' lang='lat' dir='ltr'><strong>restitueretur,</strong></span> <span class='ocrx_word' id='word_1_830' title='bbox 3389 5474 3679 5514; x_wconf 85' lang='lat' dir='ltr'><strong>sacramen-</strong></span> 
     </span>
    </p>
   </div>
   <div class='ocr_carea' id='block_1_114' title="bbox 2143 5547 3676 5616">
    <p class='ocr_par' dir='ltr' id='par_1_114' title="bbox 2143 5547 3676 5616">
     <span class='ocr_line' id='line_1_114' title="bbox 2143 5547 3676 5616; baseline 0.001 -16"><span class='ocrx_word' id='word_1_831' title='bbox 2143 5547 2211 5601; x_wconf 86' lang='lat' dir='ltr'><strong>tis</strong></span> <span class='ocrx_word' id='word_1_832' title='bbox 2244 5560 2366 5599; x_wconf 88' lang='lat' dir='ltr'><strong>enm</strong></span> <span class='ocrx_word' id='word_1_833' title='bbox 2418 5547 2842 5615; x_wconf 82' lang='lat' dir='ltr'><strong>obstrinxernnt,</strong></span> <span class='ocrx_word' id='word_1_834' title='bbox 2872 5564 2940 5606; x_wconf 89' lang='lat' dir='ltr'><strong>ne</strong></span> <span class='ocrx_word' id='word_1_835' title='bbox 2987 5564 3220 5616; x_wconf 85' lang='lat' dir='ltr'><strong>unquam</strong></span> <span class='ocrx_word' id='word_1_836' title='bbox 3280 5564 3484 5606; x_wconf 83' lang='lat' dir='ltr'><strong>memor</strong></span> <span class='ocrx_word' id='word_1_837' title='bbox 3537 5558 3676 5616; x_wconf 86' lang='lat' dir='ltr'><strong>esset,</strong></span> 
     </span>
    </p>
   </div>
   <div class='ocr_carea' id='block_1_115' title="bbox 2140 5635 2571 5704">
    <p class='ocr_par' dir='ltr' id='par_1_115' title="bbox 2140 5635 2571 5704">
     <span class='ocr_line' id='line_1_115' title="bbox 2140 5635 2571 5704; baseline 0.005 -17"><span class='ocrx_word' id='word_1_838' title='bbox 2140 5649 2257 5704; x_wconf 69' lang='lat' dir='ltr'><strong>qua!</strong></span> <span class='ocrx_word' id='word_1_839' title='bbox 2296 5635 2571 5689; x_wconf 72' lang='lat' dir='ltr'><strong>fecissent.</strong></span> 
     </span>
    </p>
   </div>
  </div>
