4096 6300
334 395 442 454 esa
481 466 485 470 λ

1392 400 1837 461 ΕΗΙὶΟΝῐΟἿΝ
1886 354 2156 461 ΜΛΙὺΞ.
2200 400 2440 461 —LlB.
2491 399 2535 456 Ι.

3466 390 3573 449 690

336 508 623 581 πρότερον.
664 504 812 574 Πλὴν
839 505 966 577 πρὶν
992 505 1085 560 τοῦ
1117 507 1213 576 τὴν
1245 509 1479 581 κατωχὴν
1504 511 1688 564 λαϐεῖν
1706 513 1890 579 αὐτὸν,
1927 519 1967 569 Δ
1999 512 2127 582 περὶ
2159 513 2251 565 τοῦ
2277 512 2511 565 θανάτου
2555 508 2652 561 τοῦ
2687 506 2951 576 βασιλέως
2986 506 3091 573 κὺρ
3131 503 3382 557 Ἰωάννου
3416 502 3472 552 ὲν
3499 504 3564 569 τῇ

337 598 613 667 συνθήκας
646 596 786 666 μετὰ
830 596 1010 666 ὅρκων
1043 600 1404 668 συνέστησαν,
1437 603 1525 654 ἵνα
1577 603 1651 673 μὴ
1701 607 1778 667 εἰς
1814 605 1903 658 τὸν

336 690 510 743 αίῶνα
536 687 821 758 ὲνθυμηθῇ
849 688 949 741 ὅσα
981 690 1271 760 ἐποίησαν.

415 781 502 844 ιζ’.
546 781 637 833 Ἐν
663 780 718 833 δὲ
736 781 813 850 τῷ
841 781 1020 852 καιρῷ
1047 784 1244 853 ἐκείνῳ
1272 785 1362 838 ἐπὶ
1400 786 1575 848 ἔτους.
1600 826 1613 839 .
1644 828 1655 841 .
1687 827 1723 850 .,
1755 789 1908 858 δι’ἥν

340 875 523 927 αἰτίαν
572 874 902 942 εἰρήκαμεν,
947 874 1041 928 καὶ
1087 878 1115 929 ὁ
1148 876 1419 947 δεσπότης
1464 879 1571 949 κὺρ
1639 881 1909 951 Ἀνδρόνι-

342 982 434 1025 κος
496 963 597 1033 τὴν
638 964 1047 1035 Θεσσαλονίκην
1102 968 1167 1037 τῇ
1242 966 1351 1021 τῶν
1410 967 1643 1022 Ἐνετῶν
1711 987 1907 1041 γερου-

346 1056 433 1123 σία
465 1055 855 1124 ἐμπεπωλήκει
891 1056 980 1110 διά
1015 1055 1223 1127 φλωρία
1256 1057 1497 1128 χιλιάδας
1544 1060 1906 1130 πεντήκοντα.

426 1145 490 1196 Ἠ
512 1144 568 1197 δὲ
594 1144 880 1215 ἐλευθερία
924 1140 1023 1213 τῆς
1068 1147 1277 1208 πόλεως
1309 1149 1373 1201 ἐκ
1399 1148 1493 1202 τοῦ
1533 1150 1908 1219 ἀποκλεισμοῦ

343 1236 517 1299 οὕτως
558 1238 804 1303 γέγονεν.
854 1236 1121 1301 ’Λκούσας
1144 1241 1171 1290 ό
1199 1239 1419 1308 ἀμηρᾶς
1447 1241 1526 1293 ὅτι
1546 1286 1549 1287 ν
1572 1241 1599 1292 ὁ
1628 1240 1910 1311 Ντεμίρης

343 1331 371 1380 ὁ
405 1328 662 1395 βισιλεὺς
706 1328 930 1383 Σκυθῶν
964 1331 1057 1382 καὶ
1109 1331 1487 1398 Μασσαγετῶν
1532 1332 1752 1401 ἔρχεται
1789 1330 1909 1385 κατ’

343 1420 511 1493 αὑτοῦ
543 1420 634 1473 ἵνα
666 1421 807 1490 μετὰ
845 1425 1078 1492 στρωτοῦ
1114 1424 1491 1494 μυριαρίθμου
1524 1424 1763 1491 πόλεμον
1794 1440 1915 1475 συν-

346 1513 477 1580 ἀρῃ,
511 1512 682 1566 θέλων
705 1515 799 1567 καὶ
837 1514 912 1585 μὴ
938 1514 1268 1585 βουλόμενος
1334 1518 1432 1587 τὴν
1472 1516 1791 1586 πολιορκίαν
1819 1515 1915 1568 καὶ

344 1602 437 1654 ’τὸν
477 1602 714 1673 πόλεμον
768 1605 864 1658 καὶ
902 1606 1293 1676 ἀποκλεισμδν
1332 1608 1432 1677 τῆς
1488 1608 1697 1670 πόλεως
1730 1606 1910 1669 ἔλυσε,

346 1695 443 1746 καὶ
474 1695 698 1763 ἀγάπην
728 1697 868 1765 μετά
893 1698 987 1750 τοῦ
1009 1698 1280 1768 βασιλέως
1312 1700 1536 1766 ἐποίησε
1566 1700 1685 1765 μεθ’
1711 1700 1912 1768 ὅρκων,

347 1786 443 1837 καὶ
478 1786 533 1837 ἐν
569 1786 676 1857 65
713 1790 778 1857 τῇ
833 1789 993 1858 Ἀσίᾳ
1029 1789 1276 1858 περάσας
1294 1788 1385 1842 τοῦ
1409 1788 1660 1858 δεχθῆναι
1687 1790 1780 1842 τὸν
1822 1792 1913 1843 πό-

345 1874 510 1944 λεμον
552 1882 647 1931 καὶ
690 1880 789 1949 τὴν
845 1880 1034 1945 ἔφοδον
1093 1880 1184 1932 τοῦ
1218 1881 1468 1950 Ντεμίρη
1528 1881 1620 1933 τὸν
1685 1880 1915 1949 στρατὸν

346 1973 660 2038 ἡτοίμαξεν.

419 2058 507 2111 ιθ’.
565 2061 693 2113 Ἐπὶ
719 2062 819 2126 τῆς
862 2060 1147 2126 βασιλείας
1178 2060 1364 2112 λοιπὸν
1407 2059 1558 2112 τοῦδε
1597 2060 1692 2112 τοῦ
1753 2062 1914 2114 αὑτο-

346 2150 614 2220 κράτορος
649 2154 757 2221 κὺρ
782 2152 1064 2219 Μανουὴλ,
1095 2154 1153 2204 ἐν
1178 2151 1258 2220 τῷ
1281 2152 1640 2221 ἀποκλεισμῷ
1666 2153 1762 2221 τῆς
1816 2153 1916 2203 πόα

343 2246 500 2306 λεως,
534 2243 610 2313 τῷ
642 2245 762 2296 τότε
791 2242 970 2314 καιρῷ
1000 2243 1305 2313 ἐγεννήθην
1342 2243 1453 2312 ἐγὼ
1494 2244 1603 2296 ἔτει
1640 2246 1747 2297 ἀπὸ
1798 2246 1916 2297 κτί-

347 2354 486 2398 σεως
520 2336 728 2405 κόσμου
781 2335 951 2402 ,ςὲδθη
986 2336 1299 2404 Αὐγούστου
1350 2334 1415 2397 λ’,
1448 2336 1818 2406 ἀνεγεννήθην
1861 2336 1917 2388 δὲ

347 2427 436 2477 διὰ
468 2426 563 2478 τοῦ
599 2426 749 2477 θείου
786 2426 1172 2494 βαπτίσματος
1208 2425 1313 2476 ὑπὸ
1343 2426 1440 2490 τῆς
1473 2427 1775 2493 όσιωτάτης
1810 2443 1917 2494 μη-

346 2519 473 2585 τρὸς
498 2518 659 2583 ἁγίας
692 2517 1002 2584 Θωμαῖδος,
1066 2518 1196 2585 περὶ
1233 2512 1299 2586 ἧς
1350 2519 1406 2567 ἐν
1458 2518 1534 2583 τῷ
1586 2519 1919 2585 προσήκοντι

350 2610 504 2677 τόπῳ
537 2609 630 2660 καὶ
665 2609 966 2678 ἀρμόζοντι
1004 2608 1386 2676 διηγησόμεθα
1423 2609 1676 2675 τάληθές.
1718 2612 1835 2677 Ἀφ’
1859 2606 1919 2664 οὗ

347 2702 403 2753 δὲ
439 2701 531 2753 τοῦ
577 2701 806 2755 δεκάτου
868 2701 1024 2762 ἔτους
1066 2702 1226 2769 μέχρι
1264 2700 1484 2753 καὶτοῦ
1557 2702 1920 2771 ὀγδοηκοστυῦ

346 2792 510 2844 ἕκτου
548 2793 759 2846 πολλῶν
791 2795 1108 2861 γενομένων
1164 2794 1484 2859 ἀναγκαίων
1542 2796 1637 2845 καὶ
1698 2794 1919 2864 μνήμης

349 2884 519 2947 ἀξίων
559 2884 823 2953 βούλομαι
865 2883 1261 2953 διηγήσασθαι.
1298 2886 1455 2949 Λέγω
1481 2885 1543 2953 δὴ
1584 2887 1641 2936 ἐν
1678 2884 1918 2953 πρώτοις

348 2977 480 3041 περὶ
515 2975 614 3043 τῆς
649 2978 727 3037 είς
755 2974 852 3045 τὴν
873 2975 1024 3027 δύσιν
1061 2975 1302 3042 ἀφίξεως
1343 2976 1452 3026 τῶν
1485 2975 1645 3026 πέντε
1680 2974 1808 3025 υἱῶν
1827 2974 1920 3026 τοῦ

346 3068 542 3135 ἀμηρᾶ
567 3065 660 3118 τοῦ
694 3064 1122 3135 Μπαγιαζήτου,
1152 3066 1322 3135 ήγουν
1340 3064 1432 3117 τοῦ
1458 3064 1919 3133 Μουσουλμάνου,

2005 603 2374 673 Θεσσαλονίκῃ
2397 602 2490 656 καὶ
2512 600 2613 667 τῆς
2652 598 2919 661 ἐλεύσεως
2950 598 3135 650 ἐκεῖσε
3154 594 3249 648 τοῦ
3307 592 3573 663 βασιλέως

2008 697 2110 767 κὺρ
2133 695 2389 764 Μανουὴλ
2413 696 2506 749 καὶ
2530 694 2647 748 υἱοῦ
2673 692 2865 759 αὐτοῦ,
2897 690 2992 743 καὶ
3021 690 3122 758 τῆς
3148 688 3243 743 τοῦ
3268 687 3381 742 υίοῦ
3406 682 3572 739 αὐτοῦ

2006 787 2266 841 δεσπότου
2287 786 2392 854 κὺρ
2411 785 2751 853 Ἀνδρονίκου
2787 784 2904 834 ἐκεῖ
2926 779 3448 839 ἀποκαταστάσεως,
3480 779 3575 829 καὶ

2008 880 2101 933 τοῦ
2134 879 2368 933 θανάτου
2399 877 2494 929 τοῦ
2519 874 2785 929 δεσπότου
2820 873 2923 943 κὺρ
2974 871 3256 942 Θεοδώρου
3309 868 3401 921 τοῦ
3440 885 3574 936 πορ.

2010 972 2417 1041 φυρογεννήτου
2454 970 2534 1032 είς
2574 969 2673 1037 τὴν
2708 965 3147 1035 Λακεδαιμονίαν
3176 966 3347 1034 ήγουν
3365 964 3447 1023 εἰς
3476 960 3576 1027 τήν

2012 1061 2292 1133 Σπάρτην,
2322 1060 2416 1113 καὶ
2437 1060 2531 1112 τοῦ
2566 1058 2830 1126 βασιλέως
2871 1057 2966 1109 καὶ
3005 1053 3236 1122 ἀδελφοῦ
3267 1050 3432 1105 αὐτοῦ
3472 1050 3577 1117 κὺρ

2011 1153 2271 1222 Μανουὴλ
2313 1155 2371 1205 ἐν
2428 1155 2495 1221 τῇ
2550 1150 2948 1225 Πελοποννήσῳ
2989 1147 3277 1208 ἐλεύσεως.
3337 1145 3446 1197 Καὶ
3486 1143 3578 1193 τὸν

2014 1244 2245 1299 θάνατον
2280 1244 2373 1310 τοῦ
2410 1244 2605 1312 ἀμηρᾶ
2658 1240 3084 1307 Μουσουλμάνου
3119 1232 3233 1308 66
3288 1234 3438 1301 παρὰ
3485 1231 3579 1286 τοῦ
3630 1236 3634 1238 ⁷

2013 1333 2244 1403 ἀδελφοῦ
2307 1333 2472 1399 αὐτοῦ
2516 1333 2690 1400 Μωσῆ
2739 1332 3090 1400 διηγήσομαι,
3151 1329 3252 1381 καὶ
3302 1328 3428 1392 περὶ
3476 1323 3577 1389 τῆς

2013 1424 2270 1495 τριετοῦς
2315 1424 2498 1494 μάχης
2530 1420 2695 1476 αὐτοῦ
2717 1422 2782 1491 δὴ
2818 1420 2914 1474 τοῦ
2946 1419 3122 1486 Μωσῆ
3156 1417 3293 1487 μετά
3325 1416 3421 1469 τοῦ
3484 1416 3584 1484 βαο

2019 1516 2209 1579 σιλέως
2246 1517 2349 1585 κὺρ
2385 1515 2673 1584 Μανουὴλ,
2712 1512 2935 1581 καὶτῆς
2987 1510 3114 1582 περὶ
3163 1508 3234 1561 τά
3292 1508 3434 1577 μέρη
3486 1508 3584 1574 τῆς

2016 1603 2298 1671 Λαρίσσης
2339 1601 2739 1669 ἐκτυφλώσεως
2781 1599 3046 1670 Ὄρχάνου
3070 1597 3168 1651 τοῦ
3194 1596 3312 1649 υἱοῦ
3330 1596 3586 1661 τοῦΜουο

2018 1695 2333 1763 σουλμάνου
2372 1693 2523 1763 παρά
2552 1691 2648 1745 τοῦ
2691 1692 2839 1744 θείου
2866 1689 3032 1744 αὑτοῦ
3085 1689 3284 1757 Μωσῆ,
3342 1689 3438 1742 καὶ
3487 1687 3587 1754 τῆς

2018 1784 2282 1848 ἐλεύσεως
2315 1786 2427 1838 ἀπὸ
2458 1787 2559 1853 τῆς
2592 1782 2865 1851 ἀνατολῆς
2897 1784 2975 1843 εἰς
3007 1784 3106 1850 τὴν
3137 1781 3291 1835 δύσιν
3314 1781 3408 1834 1:06
3436 1780 3590 1834 5.6:).-

2022 1877 2123 1945 φοῦ
2152 1877 2317 1930 αὐτοῦ
2350 1877 2609 1946 Μεεμέτη
2652 1875 2748 1929 τοῦ
2776 1878 2870 1929 καὶ
2898 1874 3170 1945 Κυρίτζη,
3199 1875 3294 1926 καὶ
3323 1874 3421 1942 τῆς
3452 1875 3588 1926 ἀποτ

2021 1971 2261 2038 στροφῆς
2290 1969 2369 2030 il:
2404 1969 2502 2036 τὴν
2530 1968 2798 2037 ἀνατολήν
2830 1970 2924 2020 καὶ
2964 1968 3130 2021 πάλιν
3180 1965 3448 2027 ἐλεύσεως
3490 1965 3607 2051 αὑ-Ι

2020 2060 2113 2111 τοῦ
2146 2060 2235 2112 διὰ
2266 2061 2365 2126 τῆς
2427 2060 2638 2122 πόλεως
2678 2060 2735 2112 ἐν
2768 2060 2834 2128 τῇ
2884 2058 3074 2129 Θρᾴκῃ
3114 2058 3233 2128 ἦτοι
3266 2059 3323 2110 ἐν
3384 2058 3450 2127 τῇ
3483 2058 3586 2109 E6-

2024 2149 2204 2221 ρώπῃ,
2238 2153 2333 2204 καὶ
2365 2153 2462 2221 τῆς
2496 2152 2655 2219 νίκης
2684 2151 2874 2204 αὐτοῦ.
2934 2150 3042 2204 Καὶ
3069 2150 3163 2203 τὸν
3218 2149 3449 2204 θάνατον
3492 2146 3585 2201 τοῦ

2020 2244 2191 2310 Μωσῆ
2224 2245 2383 2304 sint»,
2429 2243 2511 2295 ἔτι
2546 2244 2601 2297 δὲ
2636 2245 2729 2295 καὶ
2756 2242 2849 2295 τοῦ
2878 2241 3132 2309 δευτέρου
3165 2239 3282 2293 υἱοῦ
3306 2239 3401 2293 τοῦ
3435 2239 3590 2309 βασιο

2021 2336 2153 2397 λέως
2185 2337 2288 2405 κὺρ
2322 2334 2605 2406 Μανουὴλ,
2630 2334 2725 2387 τοῦ
2752 2333 2859 2404 πρὸ
2902 2332 2997 2384 τοῦ
3030 2332 3473 2397 Κωνσταντίνου,
3497 2331 3588 2383 τὸν

2022 2426 2251 2479 θάνατον
2288 2430 2345 2480 ἐν
2374 2430 2439 2497 τῇ
2466 2426 2855 2497 Μονεμόασίᾳ.
2902 2425 3064 2479 Ἀλλά
3093 2425 3190 2477 καὶ
3219 2426 3347 2492 περὶ
3376 2424 3468 2476 δύο
3497 2424 3590 2476 θυ-

2022 2520 2271 2587 γατέρων
2327 2520 2518 2585 αὑτοῦ,
2576 2520 2670 2572 καὶ
2728 2519 2825 2586 τῆς
2855 2518 3172 2587 γεννήσεως
3201 2517 3296 2568 τοῦ
3328 2514 3589 2568 αὑθεντο-

2024 2611 2224 2662 πούλου
2272 2611 2378 2681 κὺρ
2414 2610 2656 2681 Μιχαὴλ,
2710 2611 2804 2663 καὶ
2851 2610 2945 2663 τοῦ
2974 2610 3210 2662 Οάνατου
3264 2606 3428 2661 αὑτοῦ
3486 2608 3589 2660 ὑπὸ

2023 2700 2322 2769 λοιμώδους
2353 2703 2685 2770 νοσήματος.
2723 2701 2964 2769 Ὀμοίως
2995 2700 3202 2754 καὶτοῦ
3238 2699 3474 2752 θανάτου
3496 2697 3587 2751 τοῦ

2023 2793 2260 2861 τζελεπῆ
2293 2794 2400 2857 κὺρ
2434 2792 2751 2862 Δημητρίου
2781 2788 3012 2843 τοῦυἱοῦ
3049 2790 3142 2842 τοῦ
3179 2790 3412 2842 σουλτάν
3437 2790 3594 2841 Mrta.-

2026 2885 2266 2963 yta‘Cﬁrq
2312 2887 2405 2938 καὶ
2438 2885 2667 2953 ἀδελφοῦ
2731 2883 2825 2936 τοῦ
2867 2884 3061 2953 ἀμηρᾱ
3094 2884 3354 2950 Μεεμέτη
3386 2899 3401 2912 υ
3432 2882 3594 2944 αὐτὸς

2024 2978 2080 3028 δὲ
2107 2978 2399 3046 γενόμενος
2428 2976 2786 3046 Χριστιανὸς,
2838 2975 2913 3038 ώς
2974 2974 3081 3044 πρὸ
3120 2974 3301 3042 ὀλίγου
3354 2973 3589 3041 ἔφημεν,

2029 3068 2126 3120 καὶ
2160 3068 2235 3136 τῷ
2258 3068 2388 3138 οέίῳ
2429 3068 2769 3143 βαπτίσματι
2829 3067 3192 3138 ἁνεγεννήθη,
3228 3067 3321 3119 καὶ
3374 3066 3401 3117 ὁ
3440 3066 3598 3135 βασι-

349 3161 443 3211 τοῦ
463 3160 662 3227 Μωσῆ,
687 3157 782 3211 τοῦ
808 3159 1032 3218 Ἰεσσαὶ,
1052 3156 1147 3209 τοῦ
1163 3157 1421 3226 Μεεμέτη
1444 3159 1538 3207 καὶ
1562 3155 1654 3207 τοῦ
1672 3157 1921 3224 ἰωσοὺφ,
1956 3151 1999 3209 ο
2031 3160 2158 3222 λεὺς
2197 3163 2292 3213 καὶ
2320 3164 2348 3213 ό
2369 3161 2591 3229 ἀμηρᾶς
2628 3162 2918 3228 Μεεμέτης
2939 3163 2966 3213 ὁ
2992 3160 3218 3227 ἀδελφὸς
3255 3158 3422 3211 αὑτοῦ
3446 3159 3600 3210 πλεῖ-

348 3250 406 3312 ὂς
431 3249 675 3318 ἐγεγόνει
703 3250 1033 3319 Χριστιανὸς
1057 3248 1149 3301 καὶ
1178 3249 1489 3316 Δημήτριος
1508 3248 1908 3316 ἐπωνομάσθη,

426 3433 512 3486 17.
546 3432 641 3486 lllo
672 3442 930 3499 tempore,
967 3447 1128 3486 anno.
1170 3472 1182 3485 .
1226 3470 1240 3486 .
1275 3474 1287 3486 .
1322 3445 1543 3503 propter
1587 3450 1733 3499 eam,
1763 3453 1921 3504 quant

351 3526 913 3587 commemoravimus,
944 3540 1184 3588 causam,
1218 3527 1379 3580 etiam
1435 3528 1779 3583 Andronicus
1829 3532 1925 3584 de-

351 3624 505 3683 spota
535 3615 979 3679 Thessalonicam
1035 3615 1363 3672 Venetorum
1400 3621 1609 3675 senatui
1653 3621 1923 3692 quinqua—

352 3707 505 3773 genis
535 3705 864 3761 ﬂorenorum
918 3710 1154 3767 millibus
1193 3712 1457 3767 vendidit.
1900 3754 1901 3757 η

427 3793 568 3848 Urbs
599 3796 912 3850 obsessione
949 3798 1050 3851 hoc
1078 3798 1238 3852 modo
1280 3799 1504 3853 liberata
1542 3809 1639 3854 est.
1675 3799 1919 3865 Ameras,

354 3887 558 3949 audito,
586 3887 879 3950 Demirem,
930 3886 1259 3957 Scytharum
1290 3899 1343 3947 et
1370 3888 1791 3958 Massagetarum
1842 3903 1925 3943 re-

352 3991 493 4038 gem,
542 3992 664 4028 rum
727 3978 1023 4031 innmucris
1070 3979 1242 4046 cepiis
1289 3988 1473 4031 contra
1507 3992 1565 4031 se
1634 3978 1921 4046 proficisci,

350 4070 598 4135 quamvis
629 4068 847 4127 invitus.
889 4077 1069 4120 tamen
1114 4068 1449 4121 obsidionem
1485 4079 1538 4122 et
1569 4070 1923 4137 oppugnatio-

352 4175 473 4213 nem
509 4160 659 4214 urbis
689 4159 871 4224 solvit,
898 4171 1060 4227 atque
1094 4175 1226 4229 pace
1259 4174 1380 4211 cum
1418 4161 1748 4229 imperatore
1784 4160 1923 4212 facta

351 4261 404 4305 et
439 4252 794 4305 sacramentis
826 4253 1171 4315 conﬁrmata,
1216 4253 1267 4303 in
1305 4251 1492 4304 Asiam
1549 4251 1827 4319 trajectus,
1859 4250 1925 4304 ati

351 4343 695 4410 excipiendos
738 4344 968 4411 impetus
1003 4343 1234 4396 Demiris
1274 4344 1570 4396 exercitum
1603 4342 1850 4410 parabat.

425 4434 511 4489 18.
546 4436 809 4489 Caeterum
848 4448 1105 4505 regnante
1142 4436 1242 4488 hoc
1288 4437 1632 4502 imperatore,
1679 4432 1926 4488 Manuele
1960 4474 1999 4524 ο

353 4527 589 4587 domino,
624 4528 749 4580 dum
784 4527 915 4580 urin-
963 4527 1261 4588 obsidetur,
1311 4539 1409 4592 ego
1450 4524 1500 4577 iu
1528 4525 1699 4578 lucem
1746 4525 1925 4579 editus

352 4634 494 4680 sum,
525 4633 664 4671 anno
704 4619 769 4670 ab
811 4619 941 4671 orbe
988 4619 1207 4672 condito
1237 4617 1395 4679 6909,
1429 4617 1516 4670 die
1558 4617 1785 4686 Augusti
1832 4617 1927 4669 tri-

358 4710 579 4761 cesimo.
635 4707 1003 4774 Regeneratus
1051 4724 1168 4763 sum
1227 4722 1323 4777 per
1383 4723 1599 4762 sacrum
1656 4709 1923 4779 baptisma

355 4815 512 4865 opera
535 4799 863 4853 venerabilis
904 4799 1097 4853 matris
1148 4796 1487 4863 Thomaidis,
1535 4800 1603 4854 de
1646 4816 1753 4868 qua
1806 4801 1924 4853 loco

353 4906 659 4962 opportuno
682 4893 748 4945 ad
781 4896 1062 4946 veritatem
1108 4890 1338 4944 referam
1363 4890 1463 4959 (ι).
1493 4893 1534 4943 Α
1565 4893 1777 4949 decimo
1828 4908 1928 4947 au-

356 4994 461 5039 tem
492 4998 635 5035 anno
662 4981 727 5033 atl
774 4979 1165 5049 octogesimum
1211 4989 1425 5033 sextum
1456 4995 1578 5048 quae
1623 4982 1923 5035 acciderint

356 5074 539 5125 mutue
555 5081 608 5125 ct
628 5070 1013 5125 memorabiles
1034 5067 1392 5136 calamitates,
1417 5070 1705 5125 euarrabo.
1736 5068 1920 5124 Dicam

356 5164 584 5232 primttm
609 5166 673 5216 ile
701 5161 938 5232 quinque
968 5159 1237 5230 Bajazetis
1291 5174 1489 5216 amerze
1534 5160 1657 5214 ﬁliis
1684 5161 1737 5215 in
1779 5162 1924 5216 occi-
1954 5185 1963 5196 -

356 5256 570 5308 dentem
604 5252 867 5322 trajectis,
894 5252 1260 5316 Musulmauo,
1285 5252 1451 5315 Mose,
1481 5250 1683 5315 Jessai,
1734 5244 1922 5307 Mehe-
1956 5272 1967 5277 ί

357 5355 496 5399 mete
525 5355 580 5397 et
612 5343 875 5411 Josupho,
900 5345 992 5413 qui
1033 5342 1377 5398 Christianus
1405 5342 1577 5395 factus
1616 5342 1923 5397 Demetrius

354 5436 657 5504 appellatus
695 5444 798 5497 est,
838 5436 903 5488 de
930 5436 1258 5500 imperatore
1287 5434 1494 5487 Joanne
1521 5432 1923 5489 Thessalonica!

355 5538 594 5584 mortuo.
637 5538 689 5581 ct
729 5527 973 5580 Mauuele
1027 5527 1378 5594 imperatore,
1435 5526 1543 5581 filio
1596 5526 1734 5595 ejus,
1798 5527 1925 5581 illuc

355 5610 618 5689 ptofecto,
655 5631 708 5674 et
736 5620 850 5690 ejus
897 5620 1027 5685 ﬁlio,
1075 5620 1383 5675 Andronico
1428 5621 1675 5689 despota,
1728 5620 1921 5675 ibidem

432 5800 504 5869 (i)
538 5799 668 5855 Vide
698 5815 818 5870 ιδῃ.
848 5800 878 5852 ὕ
904 5798 999 5851 lib.
1047 5812 1102 5852 tt.

2028 3270 2125 3305 στα
2157 3253 2446 3322 σιτηρέσια
2480 3253 2691 3306 ἔδωσαν
2726 3252 2899 3320 αὐτῷ,
2929 3250 3101 3322 ζήσας
3133 3251 3273 3320 μετά
3301 3253 3359 3304 τὸ
3401 3252 3598 3321 βαπτι-

2026 3436 2293 3500 restituto,
2329 3435 2393 3489 de
2423 3434 2709 3489 Theodoro
2758 3433 3214 3504 porphergenito
3249 3434 3469 3502 despota
3493 3432 3597 3487 La-

2024 3528 2335 3582 cedaemone
2366 3528 2482 3581 sive
2526 3525 2734 3594 Spartae
2770 3526 3063 3589 exstincto,
3088 3532 3142 3578 et
3170 3524 3235 3577 de
3270 3522 3598 3592 imperatore

2025 3618 2294 3685 Mauuele,
2327 3618 2495 3674 fratre
2544 3617 2687 3687 ejus,
2739 3614 2984 3686 profecto
3024 3616 3076 3667 in
3129 3613 3598 3683 Peloponnesum;

2026 3710 2223 3766 deinde
2248 3724 2537 3781 exponam,
2557 3709 2831 3779 quomodo
2855 3708 3029 3762 Moses
3045 3705 3385 3763 Musulmano
3402 3722 3601 3762 amerte

2029 3802 2180 3857 fratri
2206 3817 2305 3856 suo
2335 3811 2564 3856 mortem
2609 3801 2871 3860 intulerit.
2919 3815 3043 3855 cum
3091 3799 3333 3854 Manuelo
3372 3801 3603 3868 impera-

2029 3902 2145 3949 tore
2178 3906 2274 3962 per
2308 3900 2419 3947 tres
2447 3906 2621 3949 annos
2652 3891 2851 3946 bellum
2874 3890 3106 3961 gesserit
3128 3900 3182 3944 et
3224 3890 3368 3945 circa
3418 3889 3603 3946 Laris~

2026 4000 2141 4040 sam
2205 3983 2557 4039 excaecaverit
2619 3981 2947 4049 Orchanem,
2988 3980 3316 4037 Musulmani
3387 3982 3598 4046 lilium;

2026 4074 2299 4143 quomodo
2341 4072 2503 4141 hujus
2532 4072 2702 4126 frater
2731 4070 3083 4136 Mehemetes,
3136 4070 3228 4141 qui
3287 4071 3452 4126 etiam
3499 4072 3600 4141 Cy-

2028 4166 2191 4219 ritzes
2226 4164 2544 4232 appellatur,
2577 4177 2642 4218 et
2669 4164 2877 4217 oriente
2907 4163 2959 4217 in
2991 4162 3329 4218 occidentem
3367 4164 3602 4217 transic-

2029 4255 2266 4317 rit,-ini|e
2302 4254 2521 4308 redierit
2547 4256 2599 4306 in
2630 4253 2915 4317 orientem,
2942 4260 2995 4305 et
3018 4266 3205 4307 rursus
3236 4262 3388 4306 trans
3411 4252 3600 4303 urbem

2030 4346 2083 4398 in
2128 4343 2417 4401 Thraciam
2473 4342 2556 4397 vel
2612 4341 2881 4411 Europam
2931 4340 3206 4410 trajectus,
3250 4340 3607 4409 reportaverit

2028 4437 2333 4490 \ictoriatn.
2407 4433 2541 4488 Tum
2596 4435 2800 4489 obitum
2849 4433 3014 4488 Mosis
3066 4432 3361 4501 explicabo,
3423 4440 3479 4487 et
3513 4433 3602 4486 lilii

2028 4526 2250 4581 secundi
2318 4523 2583 4578 Mauuelis
2629 4524 2997 4592 imperatoris,
3058 4523 3149 4592 qui
3182 4526 3601 4577 Constantinum

2029 4616 2325 4685 praecessit,
2373 4624 2623 4677 mortem,
2672 4628 2776 4681 qua
2808 4613 2851 4667 is
2909 4610 3292 4665 Monetubasia:
3355 4611 3599 4663 decessit.

2032 4706 2209 4761 Dicam
2242 4705 2405 4759 etiam
2443 4704 2511 4759 de
2534 4702 2744 4758 duobus
2782 4701 2905 4755 filiis
2944 4700 3084 4768 eius,
3115 4711 3275 4768 atque
3330 4698 3603 4752 Michaelis

2030 4797 2289 4864 principis
2321 4795 2483 4850 natali
2516 4811 2580 4850 ac
2620 4771 2790 4848 morte
2834 4792 3132 4861 pestilentia
3168 4791 3214 4846 ei
3250 4792 3434 4843 allata.
3471 4789 3602 4841 llcttt

2030 4897 2258 4942 mortem
2300 4887 2556 4956 attingam
2593 4883 2849 4939 Demetrii
2896 4881 3164 4950 Tzelepis,
3207 4880 3471 4950 Bajazetis
3495 4882 3604 4934 sul-

2032 4979 2142 5033 tani
2173 4978 2287 5042 lilii,
2329 4987 2382 5031 et
2420 4976 2734 5031 Mehemetis
2768 4989 2965 5029 amere:
2984 4973 3188 5036 fratris,
3217 4973 3307 5041 qui
3339 4971 3605 5026 Christia-

2035 5082 2132 5122 nus
2192 5066 2385 5131 factus,
2433 5074 2486 5119 ut
2523 5064 2683 5134 paulo
2712 5075 2838 5118 ante
2880 5063 3209 5127 monuimus,
3254 5072 3308 5115 et
3325 5074 3481 5115 sacro
3511 5064 3603 5114 ha-

2031 5161 2282 5229 ptismate
2312 5169 2679 5225 regeneratus,
2712 5155 2779 5209 ab
2805 5155 3130 5223 imperatore
3151 5164 3201 5204 et
3220 5151 3385 5205 fratre
3413 5150 3599 5202 Melic-

2033 5261 2176 5305 mete
2198 5264 2379 5305 amera
2413 5264 2606 5319 magna
2636 5248 2830 5303 salaria
2860 5246 3087 5313 accepit,
3113 5255 3164 5300 et
3196 5259 3367 5298 annos
3396 5250 3598 5308 septem

2034 5352 2321 5412 postquam
2355 5341 2659 5405 baptizatus
2687 5346 2825 5403 crat,
2868 5340 2932 5392 ad
2968 5336 3253 5391 Dominum
3289 5336 3555 5387 concessit
3584 5349 3598 5392 ;

2034 5436 2316 5505 dieamqtte
2344 5435 2410 5487 tle
2456 5432 2677 5488 Tltoma:
2723 5431 2981 5499 principis
3034 5427 3231 5483 natali:
3276 5433 3437 5493 atque
3491 5423 3603 5473 htt'c

2035 5529 2247 5597 quidem
2289 5538 2504 5597 propter
2556 5528 2731 5580 a-tatis
2781 5527 3143 5577 maturitatem
3184 5523 3315 5572 bene
3349 5525 3396 5569 et
3439 5528 3600 5567 accu-

2038 5634 2149 5677 rato
2180 5624 2369 5678 doctus
2398 5638 2411 5683 ;
2444 5638 2560 5689 quae
2599 5632 2773 5673 autem
2818 5628 2942 5672 ante
2977 5633 3062 5673 me
3093 5624 3273 5668 tratum
3310 5607 3447 5660 facta
3470 5618 3599 5667 nar-
