4096 6300
342 397 448 460 693

1391 406 1844 469 CHRONICON
1889 410 2161 473 MAJUS.
2202 413 2444 474 -LIB.
2492 414 2539 475 Ι.

3456 405 3561 464 ὅθί

338 508 641 590 κρημνώδη
669 502 837 575 εἶναι,
864 510 1045 564 καὶτὸ
1076 511 1244 584 κλῖμα
1286 498 1467 568 ἐκεῖνο
1518 516 1777 586 ψυχεινδν
1809 518 1902 573 καὶ
1930 522 1974 578 Α
2005 536 2142 589 ροις,
2175 521 2270 574 καὶ
2290 520 2467 583 άλλως
2494 516 2835 581 κοινωνικῶς
2858 513 2919 568 τδ
2940 508 3073 580 ἦθος
3121 512 3230 576 τοῖς
3278 511 3371 565 ὑπ’
3396 511 3563 577 αὑτὸν

339 601 669 670 δριμύτατον
699 598 789 671 ἧν.
822 601 958 667 Τότε
988 603 1083 658 καὶ
1124 605 1395 675 χειμῶνος
1425 610 1823 678 ἐπιγενομένου
1846 611 1895 662 οἱ

339 693 498 745 ἵπποι
548 693 778 747 πλεῖστα
818 696 1229 766 ὲσαθρώσαντο.
1274 698 1335 752 '0
1391 699 1448 752 δὲ
1504 699 1759 770 βασιλεὺς
1797 702 1898 772 τὴν

336 781 445 833 τῶν
481 782 666 835 ῐππων
694 782 1001 852 μεθοδεύων
1020 785 1350 852 κυλλότητα,
1396 788 1628 856 περιιὼν
1654 787 1716 839 τὺ
1735 788 1900 857 στράο

335 887 518 940 τευμα
568 872 637 926 τά
703 874 896 945 εὐγενῆ
954 877 1065 929 τῶν
1123 878 1423 949 ὀχημάτων
1484 879 1760 946 συνέλεγε,
1803 880 1900 931 καὶ

339 963 516 1017 ταῦτα
542 964 720 1028 διδοὺς
761 965 1054 1035 Ῥωμαίοις
1087 985 1149 1022 τε
1180 971 1289 1022 καὶ¹
1310 970 1534 1033 Ἰταλοῖς
1591 971 1685 1023 καὶ
1713 969 1899 1022 ὁπόσοι

342 1054 664 1125 κοντοφόροι
715 1055 930 1109 εἴδεσαν
981 1056 1377 1129 δεξιοστρόφοι,
1438 1060 1801 1129 ἐπιστάμενος
1835 1058 1902 1115 δι’

341 1147 525 1199 αὐτῶν
543 1147 903 1203 ἀνθίστασθαι
920 1152 1034 1214 τοῖς
1060 1152 1346 1220 πολεμίοις
1370 1153 1466 1206 καὶ
1483 1154 1601 1206 ἀντι
1610 1152 1900 1223 μάχεσθαι.

344 1236 455 1288 Kal.
486 1236 662 1291 ταῦτα
692 1240 720 1292 δ
753 1239 1013 1309 βασιλεὺς
1064 1241 1392 1310 μεθοδεύων,
1452 1247 1549 1299 καὶ
1581 1226 1904 1313 συμπλοκῖίς

347 1327 647 1399 μελλούσης
671 1331 948 1398 γενέσθαι,
992 1333 1229 1405 ἱππότην
1263 1336 1536 1406 ἐπίσημον
1575 1335 1637 1398 ἐξ
1674 1334 1905 1398 Ἰταλίας

344 1417 669 1487 ὁρμώμενον
690 1419 931 1488 ἔφιππον
983 1422 1323 1494 θεασάμενος
1358 1424 1685 1494 παρεστῶτα
1719 1426 1905 1491 πεζὸν,

356 1506 614 1577 Ἰωάννην
639 1509 730 1563 τδν
762 1510 981 1580 ἀνεψιὸν
1010 1513 1301 1567 ἐκέλευσεν
1327 1512 1707 1581 άποϐἦναιτοῦ
1747 1514 1909 1583 Ἀρα-

345 1594 506 1649 ϐικοῦ
539 1596 710 1652 ἵππου
740 1599 933 1654 τούτου
965 1603 1052 1670 ἐφ’
1078 1598 1139 1657 οὗ
1169 1602 1277 1674 ⁷ο
1301 1600 1371 1673 ἦν
1399 1596 1787 1676 ἐποχούμενος,
1816 1606 1910 1658 καὶ

346 1687 528 1743 δοῦναι
551 1692 715 1745 αὐτὸν
737 1693 812 1763 τῷ
843 1693 1054 1763 Ἰταλῷ.
1096 1694 1156 1749 Ὀ
1205 1697 1261 1749 δὲ
1296 1698 1680 1768 φρονηματίας
1712 1696 1787 1751 ὢν
1815 1698 1910 1750 καὶ

2006 615 2413 683 παρεχόμενος,
2441 612 2544 682 ἤδη
2567 613 2859 681 κράτιστον
2882 610 2997 671 τοῖς
3033 604 3460 675 στρατηγοῦσιν,
3505 602 3566 655 ὲν

2006 697 2087 764 οἷς
2112 705 2205 757 καὶ
2239 703 2500 773 τρόπαια*
2524 702 2646 756 ὅθεν
2671 701 2765 755 καὶ
2790 700 2968 769 αἴρειν
2999 697 3161 759 εὐθὺς
3184 694 3277 747 τοῦ
3337 691 3566 758 σκοποῦ,

2008 790 2102 843 καὶ
2136 791 2210 853 ὡς
2253 792 2408 845 κοινά
2436 790 2505 843 τὰ
2535 789 2629 844 ὐπ’
2662 786 2829 842 αὐτοῦ
2851 786 3089 856 ἐχόμενα
3112 782 3285 836 ἐποίει
3332 783 3428 835 καὶ
3451 778 3569 832 ιλε-

2008 899 2106 951 γεν
2135 878 2303 951 εἶναι,
2336 882 2461 946 Τοῖς
2491 882 2658 935 πᾶσιν
2689 875 2759 949 ἦν
2819 876 3114 945 συμπονῶν
3163 877 3220 928 ὲν
3248 873 3371 936 ταῖς
3399 869 3570 939 ἀνάγ·-

2007 993 2136 1039 καις
2173 975 2381 1039 αὐτῶν,
2419 974 2516 1029 καὶ
2562 973 2779 1044 ὲὸοήθει
2833 972 2931 1026 καὶ
2968 970 3294 1039 ἐθεράπευε,
3334 966 3431 1020 καὶ
3471 964 3571 1030 τὰς

2009 1068 2276 1138 διαφορὰς
2303 1068 2401 1132 τὰς
2431 1066 2713 1135 φυομένας
2752 1063 3027 1134 ἀναμέσον
3063 1063 3168 1132 71
3229 1059 3411 1116 αὐτῶν
3452 1058 3575 1125 ἔθε-

2012 1160 2219 1228 ράπευε
2250 1157 2345 1211 καὶ
2372 1156 2607 1225 διώρθου
2645 1156 2740 1209 καὶ
2768 1154 3046 1224 είρήνευε.
3079 1150 3190 1207 Καὶ
3221 1150 3394 1214 οὐδεὶς
3420 1150 3573 1204 ἀντι·

2011 1250 2204 1318 λέγετο
2244 1250 2358 1311 τοῖς
2409 1247 2593 1315 λόγοις
2635 1247 2729 1301 καὶ
2757 1245 3062 1315 θελήμασιν
3094 1242 3259 1297 αὐτοῦ
3280 1258 3295 1275 ο
3345 1244 3441 1295 καὶ
3473 1239 3579 1294 ὑπὸ

2012 1337 2114 1391 τοῦ
2149 1337 2417 1408 πενθεροῦ
2460 1336 2733 1391 τοσοῦτον
2775 1336 3044 1408 ἠγαπήθη
3096 1334 3192 1388 καὶ
3226 1333 3334 1393 τῶν
3375 1331 3578 1403 ἐτέρων

2014 1430 2235 1486 πάντων
2260 1428 2403 1482 ὥστε
2425 1430 2494 1483 τὰ
2523 1429 2623 1482 ὅσα
2661 1428 2857 1497 ηθελεν
2877 1428 3117 1497 ἔπραττε
3143 1425 3238 1480 καὶ
3260 1425 3309 1478 οἱ
3366 1423 3580 1494 βάρϐα-

2018 1539 2101 1594 ροι
2125 1523 2200 1583 ὡς
2223 1520 2477 1590 δεύτερον
2504 1519 2752 1589 Μωάμεθ
2779 1517 3064 1584 ἑδόξαξον.
3106 1510 3277 1579 Οὗτος
3306 1514 3366 1568 δὶ
3414 1514 3581 1583 γεννᾷ

2015 1614 2131 1666 υίδν
2158 1612 2382 1683 ὀνόματι
2435 1610 2858 1680 Σωλιμὰν-Σιὰχ
2906 1612 2971 1662 ὲκ
3024 1608 3127 1677 τῆς
3176 1605 3441 1677 Καμερὼ,
3486 1605 3582 1659 καὶ

2018 1704 2321 1767 παιδεύσας
2352 1704 2520 1758 αὐτὸν
2557 1703 2851 1772 Ἑλληνικῇ
2910 1702 3007 1756 καὶ
3076 1700 3343 1769 Ἀραϐικῇ
3400 1698 3582 1769 σοφίᾳ,

347 1778 554 1847 γαῦρος
610 1781 776 1837 πλέον
813 1783 907 1836 τοῦ
941 1785 1177 1851 δέοντος,
1219 1787 1296 1856 τῷ
1339 1787 1432 1839 τοῦ
1496 1787 1762 1855 βασιλέως
1816 1790 1910 1840 καὶ
2018 1796 2160 1849 κατὰ,
2189 1795 2370 1848 πάντα
2399 1793 2597 1857 ἐοικὼς
2622 1788 2693 1863 ἦν
2715 1791 2795 1861 τῷ
2845 1791 3037 1860 πατρὶ,
3084 1790 3182 1843 καὶ
3216 1789 3446 1842 πλεῖστα
3479 1788 3580 1855 ηὺ·

347 1868 493 1921 θείου
534 1870 769 1943 ἀντέστη
821 1874 1177 1943 κελεύσματι,
1238 1878 1650 1947 αὐθαδεστέραν
1691 1877 1788 1947 τὴν
1823 1879 1915 1930 ἀν’
1947 1864 1992 1921 Β
2015 1884 2281 1939 λαϐοὗντο
2308 1884 2472 1938 αὐτὸν
2502 1887 2550 1938 οἱ
2581 1883 2884 1954 Βάρὸαροι.
2917 1880 3030 1936 Καὶ
3066 1882 3139 1933 -ἑν
3183 1879 3261 1950 τῷ
3308 1878 3463 1948 τόπῳ
3491 1875 3584 1931 καὶ

346 1961 604 2032 τίρῤησιν
635 1965 1042 2035 ποιησάμενος-
1075 1969 1152 2039 μὴ
1200 1968 1294 2021 ἐπὶ
1324 1969 1460 2022 πολὺ
1496 1970 1552 2022 δι
1586 1969 1726 2038 ιχων
1759 1969 1912 2022 ἀνθί-

348 2053 580 2106 στασθαι
607 2053 685 2123 τῷ
714 2053 841 2124 θείῳ
863 2054 960 2107 καὶ
984 2056 1204 2125 βασιλεῖ
1232 2057 1405 2128 (ἑώρα
1435 2059 1571 2128 πρὸς
1599 2058 1771 2130 ὀργὴν
1805 2059 1918 2129 γὰρ

348 2142 736 2215 ὲπιῦράζοντα)
792 2146 939 2200 άκων
995 2150 1090 2201 καὶ
1125 2150 1201 2219 μὴ
1230 2148 1558 2218 βουλόμενος
1591 2150 1683 2205 τδν
1740 2151 1912 2204 ἵππον

347 2232 425 2300 τῷ
469 2232 656 2305 Ἰταλῷ
681 2234 892 2303 δίδωσι,
923 2238 1358 2308 μετακελητίσας
1380 2241 1457 2303 είς
1492 2242 1580 2293 ’ἐτε
1591 2257 1682 2309 ρον
1705 2241 1913 2311 δχημα.

348 2324 519 2388 Αὐτὸς
549 2325 794 2393 ἀθυμίας
821 2329 1037 2399 πλήρης
1066 2332 1165 2383 καὶ
1210 2330 1430 2400 βράζων
1464 2331 1623 2402 θυμῷ
1656 2333 1917 2403 ἄντικρυς

349 2414 664 2482 γενόμενος,
697 2416 885 2484 φυγὼν
904 2417 1042 2487 πρὸς
1076 2418 1290 2487 Πέρσας
1331 2419 1633 2487 αὐτόμολος
1666 2423 1904 2489 γίνεται.

355 2506 458 2557 ’ον
490 2506 582 2558 καὶ
605 2506 865 2575 ἀσμένως
896 2511 994 2562 καὶ
1026 2509 1315 2573 ἀσπασίως
1337 2511 1702 2580 προσεδέξατο
1724 2513 1753 2564 ὁ
1776 2514 1920 2585 ἀμη-

355 2597 457 2664 ρᾶς
488 2598 584 2650 καὶ
608 2599 810 2659 πάντες
836 2600 883 2652 oi
942 2598 1211 2669 βάρϐαροι
1235 2616 1249 2630 ο
1300 2603 1396 2653 καὶ
1428 2600 1526 2671 τὴν
1579 2603 1636 2654 ὲν
1698 2603 1919 2673 Χριστῷ

354 2688 538 2741 πίστιν
571 2690 976 2759 ἐξομοσάμενος
1001 2690 1125 2742 ἀντὶ
1167 2691 1419 2745 Ἰωάννου
1464 2691 1743 2762 Τζελεπῆς
1781 2693 1917 2748 ὠνό-

360 2798 588 2849 μασται,
621 2783 716 2833 καί
743 2798 865 2834 τινα
903 2781 1131 2852 ὀνόματι
1180 2780 1422 2852 Καμερὼ
1472 2782 1563 2835 τοῦ
1603 2783 1794 2853 ἁμηρᾶ
1826 2785 1919 2837 θυ-

354 2871 564 2941 γατέρα
597 2874 831 2938 γυναῖκα
871 2873 1052 2939 Ελαὸε,
1114 2874 1210 2928 καὶ
1267 2875 1470 2941 προῖκα
1526 2873 1726 2928 ἐδωσεν
1768 2875 1919 2945 αὐτῷ

353 2964 556 3026 τόπους
585 2964 683 3015 καὶ
708 2961 892 3034 χώρας
926 2965 1020 3018 καὶ
1055 2964 1244 3029 πόλεις
1300 2967 1394 3019 καὶ
1425 2966 1687 3036 χρήματα
1719 2967 1914 3022 πολλά.

353 3047 463 3104 Ἦν
488 3050 544 3103 δὲ
578 3051 606 3104 ὁ
636 3052 777 3124 ἀνὴρ
801 3053 899 3124 τῆς
943 3055 1268 3125 Ἑλληνικῆς
1305 3055 1509 3125 σοφίας
1545 3056 1645 3109 οὐκ
1683 3056 1917 3126 ἀμέθεκ-

355 3158 446 3205 τος
479 3142 573 3194 καὶ
596 3144 655 3196 ὲν
677 3142 753 3212 τῷ
779 3142 959 3211 λέγειν
995 3146 1061 3215 τῃ
1115 3142 1381 3215 Ἀραὸικῇ
1418 3145 1683 3217 διαλέκτῳ
1717 3147 1915 3202 ίκᾱνώεί

355 3250 541 3296 τατος.
568 3229 678 3286 Ἦν
706 3234 763 3286 δὲ
829 3236 926 3289 καὶ
983 3236 1415 3308 φιλοδωρότατος
1473 3239 1567 3292 καὶ
1614 3239 1845 3310 δαψιλὴς
1887 3240 1915 3292 ὁ

358 3328 497 3388 νέος,
527 3324 555 3377 ὃ
585 3325 749 3378 πᾶσιν
774 3325 1005 3394 ἀρεστόν
1031 3327 1170 3393 ἐστι,
1202 3328 1296 3382 καὶ
1330 3328 1533 3397 μᾶλλον
1557 3330 1670 3394 τοῖς
1703 3329 1918 3403 βαρϐά-

363 3522 459 3572 gus
488 3516 542 3558 et
570 3507 913 3572 asperitatem
937 3519 1225 3573 summam,
1256 3509 1380 3579 equi
1416 3511 1650 3567 maxime
1670 3513 1924 3570 conﬁcie-

364 3595 581 3648 bantur.
624 3598 864 3660 Quorum
913 3596 1167 3665 perniciei
1214 3600 1505 3670 imperator
1536 3603 1609 3657 ita
1652 3604 1922 3670 subvenit,

364 3694 424 3738 ιιι
467 3685 760 3739 exercitum
813 3686 1001 3741 obiens
1054 3701 1349 3757 generosos
1422 3692 1680 3763 deligeret
1725 3709 1926 3764 eosque

363 3780 625 3843 praeberet
701 3778 960 3833 Romanis
1022 3786 1076 3834 et
1152 3780 1299 3836 Italis
1355 3790 1411 3836 et
1495 3791 1761 3853 quotquot
1831 3802 1927 3856 pe-

364 3870 464 3921 rite
499 3868 680 3922 hastas
707 3868 1011 3932 versabant,
1040 3870 1231 3925 borum
1262 3886 1423 3941 opera
1445 3873 1693 3929 hostibus
1714 3878 1926 3932 obviam

364 3962 443 4013 ire
479 3968 533 4013 et
564 3961 817 4014 resistere
844 3975 903 4015 se
931 3976 1089 4026 posse
1133 3963 1389 4018 conlisus.
1430 3963 1556 4020 Haec
1611 3967 1702 4020 ille
1756 3970 1930 4024 admi-

364 4053 777 4117 nistrans,cutn
811 4053 1057 4122 praelium
1110 4057 1519 4122 commissurus,
1564 4060 1801 4127 equitem
1850 4063 1934 4116 in-

361 4146 590 4215 signem,
622 4160 686 4199 ex
720 4144 864 4199 Italia
894 4145 1204 4208 advectum,
1248 4147 1480 4216 peditem
1535 4152 1717 4205 astare
1764 4153 1932 4207 vidis-

362 4246 466 4300 set,
512 4234 774 4289 Joannem
824 4236 890 4289 de
930 4236 1165 4291 Arabico
1205 4250 1367 4305 equo,
1410 4237 1498 4292 cui
1546 4239 1594 4295 is
1642 4240 1931 4311 insidebat,

366 4326 695 4381 descendere
726 4335 972 4395 eumque
1020 4326 1155 4381 Italo
1203 4328 1624 4398 traderejussit.
1669 4330 1930 4401 Joannes,

364 4415 488 4468 elati
512 4424 562 4468 et
594 4431 757 4486 supra
801 4420 1015 4471 modum
1047 4417 1246 4473 ferocis
1281 4421 1471 4486 animi,
1501 4421 1843 4491 imperatoris
1879 4435 1932 4481 ct

2018 1975 2168 2045 πάσῃ
2201 1976 2267 2045 τῇ
2295 1974 2564 2044 ἐπαρχίᾳ,
2618 1973 2749 2027 ἔνθα
2792 1973 2893 2040 τὴν
2939 1970 3267 2039 κατοίκησιν
3324 1970 3582 2033 ἐποιεῖτο,

2016 2066 2286 2137 αὐθέντης
2315 2065 2664 2119 καθίσταταιο
2694 2063 2791 2117 καὶ
2841 2065 2871 2132 ἠ
2904 2062 3064 2132 φήμη
3090 2060 3256 2114 αὐτοῦ
3291 2059 3371 2123 εἰς
3404 2061 3585 2112 πᾶσαν

2016 2159 2115 2227 τὴν
2164 2159 2352 2213 Ἀσίαν
2415 2158 2675 2229 διέδραμε
2716 2157 2812 2227 καὶ
2863 2156 3102 2227 διέρῤεε.
3162 2154 3276 2207 Καὶ
3325 2152 3586 2213 πλείστας

2020 2252 2223 2320 νεαρὰς
2282 2250 2395 2305 τῶν
2441 2250 2711 2319 βασιλέων
2776 2248 3069 2315 Ῥωμαίων
3137 2246 3587 2317 μεταγλωττίσας

2031 2341 2317 2412 Ἀρασιστὶ
2349 2342 2477 2405 τοὺς
2502 2340 2782 2413 Τούρκους
2807 2339 2902 2393 τοῦ
2937 2340 3151 2410 κρίνειν
3191 2339 3363 2401 οὕτως
3418 2338 3588 2392 ἐδίδα-

2021 2428 2129 2495 ξεν.
2164 2431 2358 2501 Εὐρὼν
2383 2431 2439 2485 δὲ
2474 2432 2570 2485 καὶ
2600 2431 2887 2501 εὐκαιρίαν
2921 2430 3048 2483 τινὰ
3094 2429 3184 2483 διὰ
3233 2428 3332 2491 τὰς
3390 2429 3591 2497 συγχύ-

2021 2539 2135 2584 σεις
2165 2524 2229 2585 ἃς
2257 2525 2481 2576 ἐποίουν
2514 2524 2564 2577 oi
2613 2522 2807 2579 Ἰταλοὶ
2858 2522 3003 2575 κατὰ
3026 2522 3123 2587 τῆς
3170 2519 3457 2591 Ῥωμαίων
3489 2522 3588 2589 ἀρ-

2021 2614 2143 2681 χῆς,
2165 2613 2234 2665 τὰ
2256 2613 2356 2665 ὅσα
2389 2614 2559 2682 ἐγγὺς
2585 2614 2686 2683 τῆς
2718 2614 3038 2675 δεσποτείας
3089 2610 3254 2666 αὐτοῦ
3298 2611 3587 2681 Ῥωμαίων

2021 2702 2244 2771 ὐπήκοα
2279 2704 2371 2771 ὐφ’
2407 2704 2604 2756 ἑαυτοῦ
2670 2704 2994 2774 ὲποίησατο.
3056 2704 3169 2757 Καὶ
3220 2703 3411 2757 οὐδένα
3456 2703 3590 2772 Χρι-

2021 2793 2239 2847 στιανδν
2281 2794 2494 2849 ἀδικεῖν
2542 2795 2672 2848 ποτὲ
2739 2796 2953 2865 ἢθελεν,
3009 2794 3145 2848 ἀλλὰ
3203 2793 3407 2863 μᾶλλον
3462 2793 3588 2856 τοὺς

2018 2885 2282 2953 τυχόντας
2327 2886 2810 2957 ὑποτεταγμένους
2879 2887 3032 2958 αὐτῷ
3105 2886 3308 2950 πολλὰς
3359 2886 3587 2956 χάριτας

2018 2977 2115 3030 καὶ
2168 2978 2492 3047 εὐεργεσίας
2574 2979 2750 3032 ἐποίει
2815 2982 2911 3035 καὶ
2995 2977 3306 3047 ἐχαρίζετο.
3358 2976 3469 3043 Καὶ
3524 2968 3591 3044 ἦν

2019 3065 2270 3131 αὐξάνων
2322 3068 2505 3137 ὀλίγον
2550 3070 2686 3140 πρὸς
2743 3068 2928 3138 ὀλίγον
2995 3068 3095 3140 τὴν
3158 3065 3326 3122 αὑτοῦ
3383 3065 3584 3134 ἀρχήν.

1941 3197 1983 3255 c
2018 3159 2191 3255 some;
2227 3161 2396 3231 γεννᾷ
2442 3159 2533 3214 τὸν
2609 3159 3010 3232 Ἐρτογρούλην
3056 3158 3271 3229 πατέρα
3320 3156 3417 3210 τοῦ
3454 3154 3588 3208 -Ὀτ-

2024 3245 2258 3318 θμάνου.

2025 3519 2164 3589 quis,
2191 3526 2305 3574 tum
2333 3518 2561 3574 ducibus
2605 3517 2857 3583 maxime,
2889 3518 2940 3571 in
2965 3517 3162 3586 quibus
3194 3529 3321 3585 spes
3351 3524 3588 3583 tropaeo—

2028 3626 2145 3666 rum
2190 3611 2292 3667 sita
2319 3619 2422 3666 est.
2472 3608 2625 3665 Unde
2667 3610 2852 3665 statim
2887 3609 3097 3665 instans
3150 3611 3320 3677 operi,
3352 3621 3446 3661 sua
3496 3621 3593 3659 vo-

2027 3702 2241 3756 lebatet
2268 3702 2485 3758 dicebat
2505 3714 2626 3757 esse
2650 3701 2979 3765 communia,
3027 3699 3281 3755 omnibus
3336 3698 3389 3751 in
3432 3696 3593 3752 rebus

2027 3795 2271 3863 angustis
2320 3797 2696 3859 succurrebat,
2755 3791 3118 3847 auxiliabatur
3170 3798 3225 3843 et
3281 3778 3596 3842 conferebat

2028 3884 2222 3950 cilicia,
2276 3894 2443 3955 atque
2497 3886 2805 3941 exorientes
2864 3886 3004 3938 inter
3046 3894 3140 3937 eos
3193 3879 3595 3936 controversias

2030 3975 2271 4041 sedabat,
2302 3977 2661 4044 componebat
2709 3976 3125 4043 dirimebatque.
3155 3971 3265 4027 Nec
3310 3972 3594 4043 quisquam

2032 4066 2149 4134 ejus
2190 4066 2273 4120 vel
2307 4067 2487 4121 verbis
2510 4067 2594 4120 vel
2628 4064 2873 4121 consiliis
2909 4062 3335 4127 adversabatur;
3376 4072 3539 4129 atque
3566 4073 3594 4111 ιι

2033 4173 2225 4213 socero
2267 4158 2585 4228 caeterisquc
2625 4157 2882 4213 omnibus
2935 4165 3214 4224 tantopere
3249 4153 3595 4222 diligebatur,

2034 4258 2093 4301 ut
2120 4257 2174 4301 et
2204 4246 2426 4310 faceret,
2455 4259 2793 4326 quaecunque
2839 4243 3020 4311 vellet,
3051 4253 3101 4309 et
3129 4243 3352 4298 Barbari
3391 4257 3513 4327 eum
3539 4254 3598 4297 ut

2033 4339 2260 4394 alterum
2291 4338 2651 4393 Moltaiuetum
2707 4336 2989 4392 haberent.
3032 4333 3330 4404 Suscepite
3369 4336 3599 4389 Camero

2036 4430 2223 4494 illium,
2258 4430 2476 4484 nomine
2506 4427 2832 4483 Solimanem
2872 4426 3148 4491 Siachum,
3193 4441 3375 4497 quem,
3398 4426 3599 4481 Graecis

366 4506 544 4573 patrui
581 4507 807 4575 imperio
837 4519 1121 4578 repugnat,
1157 4524 1411 4565 sermone
1453 4514 1741 4569 audaciore
1772 4517 1919 4572 oblo-
1960 4514 2007 4570 D
2034 4519 2387 4588 Arabicisque
2425 4516 2621 4572 litteris
2662 4516 2957 4581 eruditum,
3003 4514 3104 4570 sibi
3140 4516 3304 4570 rebus
3346 4514 3598 4569 oumibus

366 4605 546 4649 cutus.
576 4597 769 4650 Verum
828 4612 951 4652 cum
1007 4600 1096 4652 diu
1138 4600 1212 4654 illi
1275 4600 1529 4656 resistere
1573 4618 1681 4658 non
1725 4617 1926 4675 posset,

367 4703 528 4755 quem
551 4687 659 4754 jam
689 4686 765 4738 ira
795 4687 1144 4741 elici-vescere
1175 4688 1405 4754 videret,
1434 4695 1683 4758 quamvis
1710 4694 1931 4765 invitus,

371 4778 502 4850 lt.an
524 4792 720 4846 equum
744 4778 1036 4841 concessit,
1078 4788 1241 4846 atque
1264 4783 1378 4846 ipse
1408 4783 1570 4837 alium
1598 4789 1929 4844 conscendit.

369 4868 510 4933 Mox,
543 4869 824 4923 stomacho
878 4878 1092 4923 tumens
1126 4879 1181 4922 et
1214 4871 1519 4928 inﬂamatus
1550 4876 1651 4939 ira,
1688 4878 1752 4930 ad
1789 4880 1933 4934 Tur-

369 4972 460 5010 cas
496 4955 805 5025 transfugit,
843 4965 1006 5024 atque
1047 4956 1240 5025 cupide
1284 4968 1338 5013 et
1375 4962 1550 5017 amice
1581 4965 1850 5033 excipitur
1867 4971 1935 5023 ab

368 5060 549 5098 amera
575 5046 890 5114 cunctisque
919 5045 1185 5101 barbaris.
1212 5047 1433 5114 Deinde,
1489 5052 1699 5121 ejurala
1732 5055 1931 5112 Christi

371 5135 494 5197 title,
545 5149 643 5202 pro
697 5133 923 5197 Joanne,
961 5133 1219 5203 Tzelepes
1274 5140 1607 5207 nominatur,
1652 5152 1709 5199 tt
1760 5146 1934 5215 ipsius

368 5240 566 5281 autem
600 5226 783 5289 filiam,
811 5224 1039 5282 Camero
1073 5228 1313 5295 nomine,
1347 5245 1466 5286 cum
1510 5234 1636 5289 dote
1666 5237 1929 5305 locorum,

369 5324 669 5390 regionum,
702 5321 912 5375 urbium
939 5330 993 5375 et
1016 5322 1255 5389 pecuniae
1284 5324 1425 5380 haud
1456 5329 1712 5383 mediocri
1736 5330 1787 5383 in
1814 5346 1931 5385 ma-

366 5412 681 5467 trimonium
716 5412 945 5477 accepit.
995 5411 1125 5464 Erat
1168 5415 1384 5483 juvenis
1422 5416 1519 5471 ille
1550 5416 1750 5473 Graecae
1801 5433 1929 5472 eru-

364 5503 589 5559 ditionis
666 5506 807 5560 haud
879 5522 1091 5575 expers,
1133 5518 1188 5564 et
1243 5510 1602 5578 peritissimus
1663 5510 1930 5566 sermonis

364 5595 621 5661 Arabici;
688 5596 827 5650 idem
877 5599 1416 5654 muniﬁcentissimus
1466 5610 1518 5653 ct
1570 5600 1928 5667 lautissimus,

364 5697 483 5748 quae
512 5699 595 5738 res
618 5687 871 5741 omnibus
904 5690 1063 5758 inque
1098 5690 1287 5757 primis
1316 5690 1589 5752 Barbaris,
1628 5700 1776 5759 grata
1808 5706 1929 5745 esse

367 5770 521 5835 solet,
543 5783 700 5842 atque
732 5777 1013 5831 exltibch.:t
1046 5794 1101 5832 sc
1138 5778 1340 5834 facilem
1384 5779 1612 5833 subditis
1646 5796 1766 5833 cum
1807 5779 1930 5834 reli—

2039 4606 2369 4663 simillimum
2398 4606 2735 4670 reddidit,ac
2782 4618 3125 4675 summopere
3177 4604 3402 4659 Barbari
3450 4605 3597 4671 cole-

2035 4696 2185 4751 bant.
2217 4696 2267 4763 1s
2293 4696 2347 4749 in
2379 4695 2533 4751 omni
2556 4696 2675 4750 loco
2695 4694 2779 4750 vel
2807 4695 3105 4763 provincia.
3158 4694 3250 4747 ubi
3279 4693 3458 4748 sedem
3488 4693 3599 4747 col-

2034 4787 2265 4852 locabat,
2297 4786 2730 4842 constituebatur
2778 4785 3055 4856 princeps,
3088 4800 3153 4841 ac
3182 4785 3325 4839 fama
3381 4785 3499 4854 ejus
3521 4793 3602 4839 to-

2037 4885 2143 4930 tam
2179 4877 2572 4945 pervagabatur
2600 4874 2805 4931 Asiam.
2842 4873 2988 4930 ldem
3023 4874 3284 4943 plurimas
3308 4875 3599 4943 imperato:

2037 4984 2154 5022 rum
2209 4967 2576 5023 Romanorum
2641 4967 2898 5033 novellas,
2951 4966 3313 5021 inArabicam
3365 4966 3598 5033 linguam

2034 5076 2346 5127 conversas,
2381 5071 2438 5116 ut
2460 5061 2650 5116 Turcze
2686 5062 2737 5114 in
2761 5059 2981 5130 judiciis
3033 5058 3371 5126 adhiberent,
3396 5058 3597 5113 eﬂ'ecit.

2034 5151 2287 5208 ldoneam
2307 5164 2484 5208 autem
2528 5152 2869 5209 occasionem
2900 5160 3091 5207 nactus
3123 5159 3341 5221 propter
3390 5152 3596 5211 turbas.

2034 5256 2169 5310 quas
2216 5243 2442 5312 imperio
2505 5244 2749 5299 Romano
2792 5242 2914 5298 Itali
2964 5244 3296 5309 excitabant,
3340 5242 3597 5309 quidquid

2035 5330 2293 5387 Romanae
2314 5333 2532 5388 ditionis
2554 5333 2670 5389 suis
2694 5333 2894 5389 ﬁnibus
2926 5328 3161 5388 vicinum
3182 5342 3321 5394 erat,
3356 5332 3409 5384 in
3442 5346 3596 5383 suam

2036 5424 2240 5494 redegit
2269 5434 2614 5492 potestatem,
2641 5440 2739 5480 nec
2775 5434 2953 5479 tamen
2974 5425 3145 5478 ullum
3181 5437 3417 5489 unquam
3446 5420 3601 5474 Chri-

2033 5514 2267 5567 stianum
2309 5513 2502 5567 laedere
2525 5513 2712 5579 voluit,
2760 5512 2890 5580 quin
2932 5512 3061 5575 lmo,
3095 5511 3185 5579 qui
3229 5507 3455 5571 subjecti
3496 5505 3598 5558 sibi

2032 5615 2205 5666 erant,
2238 5620 2331 5658 eos
2367 5604 2643 5659 beneﬁciis
2678 5618 2739 5657 ac
2776 5604 2936 5658 donis
2980 5604 3229 5671 augebat,
3272 5596 3421 5664 regni
3469 5597 3601 5649 littes

2035 5694 2291 5759 paulatim
2317 5674 2612 5761 prolatans.
2648 5692 2844 5749 Genuit
2876 5695 2965 5748 hic
2991 5687 3346 5757 Ermgrulctu,
3385 5693 3597 5754 patrem

2033 5784 2337 5840 Otlttnattis.
