4096 6300
525 375 631 438 6³9

523 486 578 537 δέ
612 485 738 553 ἄχρι
759 483 852 536 καὶ
877 484 975 551 τῆς
1016 483 1178 553 νήσου
1206 481 1300 535 τοῦ
1334 483 1574 546 Πέλοπος
1605 481 1892 535 καὶπολλὰ
1922 481 2090 533 σκῦλα
2127 488 2164 538 Α

525 578 780 643 ποιήσας,
804 574 896 627 τὸν
917 574 1083 628 πλοῦν
1109 575 1313 645 τρέψας
1345 579 1403 629 ἐν
1432 579 1497 647 τῇ
1524 576 1679 647 Ἀσίᾳ
1712 574 2087 644 ἐπανέστρεψε

529 666 669 734 μετὰ
698 665 938 735 πλήθους
996 668 1356 735 αἰχμαλώτων
1397 669 1493 722 καὶ
1532 668 1791 721 πλούτου.
1845 669 1955 720 Καὶ
1986 666 2091 718 ὑπὸ

526 758 742 809 πάντων
788 757 898 809 τῶν
939 757 1139 825 ἐτέρων
1176 757 1469 826 σατραπῶν
1500 756 1715 810 καὶτοῦ
1750 756 1931 809 κοινοῦ
1955 754 2088 808 λαοῦ

522 845 808 907 ἀσπασίως
846 846 1061 915 ἐδέχθη,
1116 846 1211 897 καὶ
1247 848 1384 915 μετὰ
1434 847 1631 913 φωνῶν
1662 846 1886 914 ἐτίμουν
1928 845 2090 917 αύτδν

480 948 489 960 ·
521 939 571 988 οἱ
618 936 917 1006 βάρϐαροι·
960 938 1053 989 καὶ
1078 937 1141 989 ἐκ
1166 938 1274 989 τῶν
1308 939 1603 1004 σατραπῶν
1634 937 1818 990 ἔκτοτε
1851 936 2090 1004 μάλιστα

520 1023 589 1095 ἦν
619 1027 1034 1097 εὐλαϐούμενος,
1060 1030 1155 1081 καὶ
1181 1031 1548 1099 προτιμητέος
1582 1030 1643 1081 ἐκ
1670 1030 1884 1082 πάντων
1912 1028 1999 1081 διὰ
2030 1027 2091 1081 τὸ

524 1118 726 1179 ἱκανῶς
755 1119 1063 1198 πλέιεινοκα)⁵
1091 1120 1534 1187 θαλαττουργεϊν,
1581 1118 1715 1170 διότι
1756 1119 1854 1186 μὲν
1879 1119 1980 1172 οὐκ
2012 1120 2089 1170 εἱ-

523 1211 607 1259 σ“ιν
642 1208 838 1275 ἀγαθοὶ
885 1209 944 1261 τὸ
974 1209 1131 1275 γένος
1171 1209 1329 1261 τοῦτο
1363 1211 1469 1261 τῶν
1520 1210 1778 1280 Τούρκων
1810 1211 1867 1261 ἐν
1899 1211 1965 1277 τῇ
1998 1209 2094 1263 θα-

519 1296 698 1370 λάσσῃ
732 1298 937 1361 πλέειν,
975 1298 1135 1361 αὐτὸς
1162 1299 1219 1351 δέ
1245 1297 1334 1350 διὰ
1356 1300 1414 1351 τὸ
1444 1297 1627 1350 πλέειν
1652 1299 1757 1367 77
1784 1298 1903 1350 τότε
1934 1297 2093 1351 πλέον

518 1386 587 1457 ἦν
622 1388 1060 1459 θαυμαζόμενος.
1097 1384 1267 1452 Οὗτος
1316 1390 1484 1460 γεννᾷ
1529 1388 1622 1441 τὸν
1679 1388 2003 1457 Ὅτθμάνον,
2034 1384 2095 1453 ες

520 1472 591 1551 οὗ.
614 1479 705 1531 καὶ⁹
749 1479 1131 1548 Ὀτθμανλίδες
1173 1481 1232 1532 τὸ
1261 1483 1413 1547 γένος
1444 1481 1651 1550 ἐκλήθη
1677 1480 1847 1533 ἅπαν.

593 1577 677 1637 κγ’
687 1612 700 1626 .
739 1569 1171 1631 Ἀποϐιώσαντος
1200 1571 1292 1625 οὖν
1319 1572 1412 1623 τοῦ
1444 1571 1839 1641 Ἐρτογρούλου
1873 1570 2095 1634 σταθεὶς

522 1660 577 1709 ἐν
606 1661 670 1728 τῇ
696 1660 837 1727 ἀρχῇ
868 1660 896 1710 6
931 1660 1047 1721 υἱὸς
1102 1660 1266 1713 αὐτοῦ
1328 1660 1658 1729 Ὀτθμὰνης,
1716 1661 1792 1722 ὡς
1842 1663 2091 1730 εἴπομεν,

520 1748 618 1818 τὴν
639 1750 709 1817 ἀρ
716 1751 813 1818 χὴν
846 1750 946 1819 τὴν
971 1751 1245 1819 πατρικὴν
1277 1751 1355 1814 εἱς
1378 1753 1567 1820 χεῖρας
1600 1751 1813 1815 ἐλαϐεν,
1845 1752 1957 1805 ἔτει
1986 1752 2094 1805 ἀπὸ

522 1840 755 1902 κτίσεως
791 1842 997 1910 κόσμου
1033 1841 1231 1913 isti/07',
1267 1845 1362 1895 καὶ
1390 1846 1445 1895 ἐν
1475 1843 1643 1911 ὀλίγῳ
1670 1841 1847 1911 καιρῷ
1877 1844 2094 1910 ὁμοφω-
2126 1828 2166 1884 Β

524 1936 693 2005 νήσας
731 1918 869 2004 μετὰ
917 1934 1024 1987 τῶν
1082 1934 1283 2003 ἑτέρων
1320 1935 1632 2005 σατραπῶν,
1686 1935 1781 1987 καὶ
1823 1934 2091 2003 πολέμους

525 2025 678 2086 τινὰς
710 2029 942 2095 ποιήσας
993 2025 1134 2077 κατὰ
1168 2024 1279 2078 τῶν
1331 2026 1588 2095 ὑπηκόων
1627 2024 1952 2095 Ῥωμαίωνο
2000 2025 2093 2077 καὶ

523 2114 594 2187 ἦν
630 2119 697 2170 τὰ
732 2118 908 2171 πάντα
962 2117 1056 2170 τοῦ
1089 2118 1331 2187 πολέμου
1375 2119 1595 2171 διοικῶν
1632 2120 1728 2171 καὶ⁹
1751 2117 2035 2186 κυϐερνῶν
2066 2117 2095 2169 6

537 2208 863 2277 Ὀτθμάνης.
926 2204 1058 2261 Εἶτα
1098 2209 1196 2261 οὐκ
1245 2210 1443 2280 ήρεσεν
1492 2208 1638 2277 αὐτῷ
1677 2209 1765 2262 ἵνα
1817 2208 2013 2270 κοινῶς
2045 2208 2093 2261 οἱ

526 2300 725 2360 πάντες
753 2298 809 2352 ἐν
840 2294 973 2353 ὦσιν
997 2302 1092 2354 καὶ
1137 2301 1309 2363 οὐδεὶς
1367 2302 1456 2353 ἀεὶ
1493 2301 1731 2372 διαφέρῃ
1756 2300 1850 2352 τοῦ
1880 2300 2091 2370 ἐτέρου.

529 2390 685 2442 Μετὰ
720 2392 920 2460 μικρᾶς
953 2392 1098 2454 τινὸς
1142 2391 1399 2461 ἀφορμῆς
1426 2392 1604 2445 αἰτίαν
1640 2382 1816 2460 εὗρεν,
1860 2393 1953 2443 καὶ
1978 2389 2095 2442 δια-

531 2482 704 2548 φορᾶς
727 2482 999 2559 ἁνάμέσον
1014 2481 1312 2552 γενομένης
1346 2484 1426 2544 εἰς
1449 2481 1719 2551 σύμϐασιν
1750 2479 1913 2552 ἦλθον
1946 2481 2094 2543 ὅπως

526 2571 593 2623 τὰ
610 2573 709 2624 ὅσα
732 2574 796 2623 ἐκ
817 2574 916 2641 τῆς
946 2573 1417 2644 ἁρχῆςῬωμαίων
1440 2575 1744 2645 ἐκέρδησαν
1767 2574 2091 2644 μερίσωσιν,

524 2662 610 2715 ἵνα
634 2664 862 2727 ἕκαστος
891 2664 969 2726 εἰς
992 2666 1052 2717 τὸ
1086 2665 1248 2735 τυχὸν
1279 2666 1467 2737 κύριος
1502 2668 1595 2719 καὶ
1630 2666 1899 2730 δεσπότης
1934 2666 2095 2735 μόνον

525 2756 878 2823 γνωρίζηται.
916 2758 1025 2809 Καὶ
1069 2756 1286 2825 πρῶτον
1313 2758 1410 2826 μὲν
1442 2758 1492 2811 οἱ
1534 2758 1628 2811 τοῦ
1674 2759 1930 2829 Ἀμορίου
1966 2759 2095 2810 παῖ-

346 2893 351 2909 ,
419 2855 423 2858 ’
526 2847 635 2909 δες,
679 2850 706 2898 6
734 2847 956 2901 Χασσὰν
992 2849 1087 2902 καὶ
1144 2851 1481 2920 Μαχουμὲτ,
1517 2849 1709 2902 ἔλαϐον
1753 2850 1822 2901 τὰ
1862 2848 1970 2901 ἀπὸ
1998 2847 2093 2901 τοῦ

527 2939 857 3006 Σαγγάρεως
879 2940 1127 3010 ποταμοῦ
1160 2942 1323 3011 μέχρι
1354 2939 1759 3008 Παφλαγονίας,
1785 2940 1855 2993 τὰ
1883 2938 1942 3006 δέ
1964 2938 2096 3007 περὶ

527 3029 627 3097 τήν
653 3031 975 3100 Μαγνησίαν
1004 3033 1100 3086 καὶ¹
1118 3033 1414 3104 Πέργαμον
1442 3033 1537 3084 καὶ
1568 3032 1799 3101 Ἔφεσον
1829 3030 1858 3082 6
1887 3029 2091 3094 Σασὰν,

528 3225 592 3263 ex
621 3206 743 3264 [Eni
778 3221 831 3265 et
866 3212 1188 3269 Peritbeorii
1222 3217 1499 3285 provincia
1530 3229 1634 3268 non
1685 3227 1888 3281 paucos
1928 3210 2090 3267 Chri-
2116 3182 2162 3240 θ

526 3303 737 3357 stiauos
773 3306 1016 3372 captivos
1040 3308 1262 3361 abducit
1289 3319 1367 3371 et,
1387 3310 1451 3361 ad
1478 3306 1735 3361 Euboeam
1768 3318 1935 3371 usque
1968 3318 2093 3370 pro-

532 3410 771 3456 gressus,
800 3396 964 3449 etiam
986 3399 1201 3453 Grazcize
1227 3400 1338 3453 loca
1372 3402 1611 3467 quaedam
1632 3407 1812 3451 vexat.
1835 3396 1890 3450 ln
1917 3395 2088 3464 ipsam

531 3489 663 3542 adeo
708 3491 1133 3556 Peloiionnesnm
1181 3494 1447 3562 pervenit,
1484 3493 1646 3553 unde,
1678 3506 1870 3560 magna
1895 3490 2094 3544 ditatus

526 3584 723 3650 praelii.
749 3582 802 3635 in
836 3583 1016 3636 Asiam
1058 3599 1276 3637 cursum
1304 3585 1582 3638 reﬂexitet
1603 3599 1724 3637 cum
1745 3582 2095 3652 captivorum

525 3682 580 3726 et
615 3673 923 3727 divitiarum
952 3692 1142 3743 magna
1179 3678 1526 3731 multitudine
1561 3676 1740 3740 rediit,
1776 3691 1806 3729 a
1866 3674 2093 3742 reliquis

529 3768 759 3829 satrapis
785 3774 837 3818 et
889 3769 1141 3821 universo
1188 3769 1383 3835 populo
1434 3768 1667 3837 benigne
1715 3777 1974 3835 exceptus
2042 3775 2096 3819 et

528 3855 697 3908 Barba
708 3872 887 3909 rorum
922 3860 1240 3912 honestatus
1258 3860 1756 3913 acclamationibus.
1775 3847 1853 3911 Ex
1873 3872 1935 3912 eo
1956 3867 2097 3910 tem-

530 3961 663 4015 pore
697 3963 804 4015 prre
832 3950 1083 4004 caeteris
1105 3953 1338 4017 satrapis
1386 3953 1643 4020 dignitate
1666 3963 1719 4004 et
1767 3951 2096 4003 auctoritate

529 4039 755 4107 ins-ignis
778 4049 895 4093 erat
920 4052 1137 4109 propter
1159 4057 1336 4097 rerum
1359 4044 1753 4096 maritimarum
1795 4042 2099 4095 navalium-

528 4147 635 4198 (ιαυ
673 4132 941 4200 Perillam,
972 4136 1401 4203 Quandoquidem
1441 4133 1740 4187 Turcarum
1790 4149 1922 4202 gens
1962 4131 2095 4185 mari

531 4240 639 4277 nan
681 4225 977 4279 exercitata
1016 4236 1120 4287 est,
1167 4226 1259 4278 illc
1300 4237 1477 4279 autem
1519 4242 1583 4279 ex
1640 4224 1930 4291 navigandi
1983 4236 2099 4277 arte

534 4330 630 4366 sua
691 4316 908 4370 laudem
972 4326 1121 4369 tanto
1179 4317 1437 4382 majorem
1506 4315 1943 4368 nanciscebatnr.
2001 4311 2099 4367 llic

534 4404 853 4458 Otlnnanctn
891 4407 1095 4476 genuit,
1131 4422 1156 4455 a
1187 4421 1292 4473 quo
1348 4406 1596 4459 universa
1650 4404 1849 4457 familia
1905 4418 2097 4457 nomen

533 4494 977 4548 Othtnanidarum
1013 4497 1238 4551 invenit.

598 4590 686 4642 25.
723 4590 1009 4658 Ertogrule
1060 4599 1293 4653 mortuo,
1321 4591 1438 4655 ejus
1463 4590 1603 4643 [ilius
1657 4588 1976 4646 Otbmanes,
2039 4588 2095 4641 in

531 4698 721 4749 regno,
750 4693 806 4735 ut
834 4683 1096 4746 diximus,
1126 4683 1441 4745 collocatus,
1474 4694 1759 4749 paternum
1807 4678 2097 4746 imperium

530 4774 785 4841 suscepit,
809 4790 953 4827 anno
976 4775 1160 4828 mundi
1189 4774 1347 4827 6773.
1387 4774 1435 4827 ls
1470 4772 1787 4840 aliquandiu
1827 4779 1965 4827 'cum
1992 4786 2099 4826 cae-

533 4865 663 4915 teris
736 4867 970 4932 satrapis
1029 4881 1283 4932 concors,
1341 4866 1478 4919 bella
1540 4867 1782 4934 quredam
1841 4867 2099 4922 adversus

535 4954 804 5006 ltoinanos
836 4958 1021 5024 gessit,
1049 4959 1160 5026 ipse
1188 4974 1405 5012 onmem
1453 4974 1560 5011 rem
1617 4959 1863 5012 bellicam
1925 4950 2099 5011 admi-

534 5046 769 5097 nistrans
792 5050 1162 5103 etadornans.
1206 5049 1322 5103 Mox
1378 5050 1552 5103 eidem
1591 5066 1693 5104 non
1753 5052 1978 5118 placuit,
2040 5060 2100 5105 ut

532 5138 839 5190 communia
876 5149 1068 5192 cuncta
1098 5142 1489 5203 ltabcreut,nec
1538 5143 1826 5210 quisquam
1879 5157 1976 5197 sua
2025 5142 2093 5195 ab

532 5226 722 5279 alienis
782 5239 1114 5282 secerneret.
1170 5230 1333 5283 Facili
1384 5248 1547 5299 opera
1600 5248 1815 5286 causam
1873 5233 2095 5301 reperit,

532 5321 670 5372 unde
703 5331 890 5375 exorto
920 5320 1166 5383 dissitlio,
1196 5326 1407 5375 tandem
1452 5327 1785 5393 pepigerunt,
1817 5335 1896 5387 ut,
1952 5340 2097 5393 qure-

2132 4531 2176 4586 D

530 5425 760 5478 euntque
789 5412 855 5465 de
897 5412 1140 5465 Romano
1193 5415 1417 5482 imperio
1472 5415 1855 5478 detraxissent,
1912 5415 2098 5466 distri-

530 5502 924 5560 buerenta’nter
951 5519 1029 5565 se,
1060 5515 1131 5567 et,
1183 5521 1302 5573 quze
1359 5508 1548 5573 cuique
1609 5521 1733 5573 pars
1784 5505 2089 5573 obtigisset,

531 5593 648 5660 ejus
676 5594 721 5647 is
749 5596 999 5650 dominus
1022 5609 1073 5648 et
1100 5600 1351 5665 princeps
1393 5611 1556 5652 esst-t.
1590 5600 1666 5653 Ac
1722 5600 1951 5668 primum
1978 5602 2099 5668 qni-

532 5681 654 5734 deut
681 5685 883 5739 Δηιοτίί
946 5686 1056 5748 lilii,
1099 5672 1338 5741 Gnaeum
1374 5697 1426 5742 ct
1464 5689 1822 5757 t'llahumutus,
1873 5706 2093 5757 accepe-

538 5784 682 5840 runt,
718 5778 973 5849 quidquid
1004 5791 1265 5835 lCl‘l‘JlUlll
1310 5801 1334 5833 ιι
1398 5782 1660 5851 Sangario
1722 5782 1880 5835 ﬂuvio
1929 5799 2093 5850 usque

1743 371 2063 435 GEORGII
2104 369 2531 429 PHRANTZ/E

3688 353 3811 418 700

2194 478 2260 530 τὰ
2292 477 2350 529 δὲ
2383 476 2595 529 ἐκεῖθεν
2626 475 2791 543 μέχρι
2814 473 3066 545 Σμύρνης
3091 472 3318 527 καὶτῶν
3355 469 3659 540 παραλίων
3694 469 3809 539 τῆς

2204 569 2408 630 Ἰωνίας
2439 569 2465 620 6
2499 568 2802 637 Σαρχὰνης,
2833 568 2899 619 τὰ
2925 565 2979 617 δὲ
3010 564 3234 617 πλείονα
3262 564 3361 631 τῆς
3375 563 3804 631 Μεσοφρυγισς

2193 660 2288 711 καὶ
2318 658 2396 711 ἔτι
2424 658 2584 728 μέχρι
2614 656 2970 725 Φιλαδελφίας
3003 656 3100 709 καὶ
3137 656 3248 708 τῶν
3275 656 3515 722 ἐγγιστα
3547 653 3799 706 πάντων

2192 752 2300 804 ἀπὸ
2320 748 2413 802 τοῦ
2446 748 2756 818 Μαιάνδρου
2784 746 3028 815 ποταμοῦ
3071 746 3399 815 Ἀντιοχείας
3428 748 3456 797 ὁ
3490 743 3797 811 Καραμά-

2193 861 2281 905 νος
2320 841 2708 911 ’Λλισσούριος,
2738 841 2805 893 τὰ
2830 841 2887 892 δὲ
2914 840 3021 893 ἀπὸ
3049 841 3146 908 τῆς
3172 839 3373 901 Λυδίας
3408 838 3506 890 καὶ
3529 836 3799 896 Αἰολίδος

2194 936 2303 1004 ⁸18
2330 935 2456 1004 ἄχρι
2489 935 2702 995 Μυσίας
2734 931 2828 996 τῆς
2875 930 3012 1000 πρὸς
3038 931 3129 983 τὸν
3169 927 3569 1000 Ἑλλήσποντον
3607 930 3636 977 6
3669 927 3798 978 Ka-

2193 1028 2373 1096 λάμης
2428 1029 2523 1079 καὶ
2576 1028 2604 1079 6
2636 1024 2749 1088 υίὸς
2804 1023 2970 1076 αὐτοῦ
3004 1021 3387 1092 Καράσης,ίτὰ
3422 1022 3480 1074 δέ
3517 1022 3663 1089 περὶ
3697 1019 3796 1072 τὸν

2198 1118 2480 1187 Ὄλυμπον
2511 1118 2606 1168 καὶ
2649 1116 2748 1169 ὅσα
2776 1118 2875 1184 τῆς
2915 1114 3169 1175 Βιθυνίας
3204 1113 3331 1181 ἑξῆς
3356 1114 3383 1164 6
3429 1111 3793 1179 Ὀτθμὰνης.

2195 1211 2304 1263 Καὶ
2327 1208 2499 1270 οὕτως
2526 1209 2626 1276 τὴν
2662 1205 3013 1277 αἰχμάλωτον
3039 1205 3144 1275 γῆν
3190 1205 3407 1268 ἐκείνην
3438 1204 3793 1273 μερίσαντες

2196 1305 2288 1355 καὶ
2317 1303 2440 1372 ὅρια
2497 1300 2797 1362 ἐπιθέντες,
2830 1300 2858 1352 6
2905 1297 3225 1367 Ὀτθμάνος¹
3264 1298 3527 1366 φίλαρχος
3564 1295 3647 1348 ῶν
3687 1296 3794 1346 καὶ

2195 1391 2526 1459 πλεονέκτης
2558 1388 2656 1441 οὐκ
2693 1387 2998 1459 ¹ἠρέμησεν,
3032 1386 3170 1440 ἀλλὰ
3217 1386 3514 1453 ἀποπηδῶν
3542 1386 3616 1437 τὰ
3650 1386 3793 1453 ὅρια

2196 1483 2303 1535 τῶν
2337 1482 2561 1549 ἐτέρων,
2593 1478 2796 1532 ἀδικῶν
2842 1479 3063 1545 αὐτοὺς,
3094 1478 3264 1531 πολὺν
3302 1479 3468 1530 τόπον
3500 1478 3564 1544 ἐξ
3589 1479 3792 1531 αὐτῶν

2197 1572 2624 1643 περιεποιήσατο
2652 1570 2745 1622 καὶ
2796 1569 2968 1623 πολλὰ
2998 1568 3189 1623 ἐλύπει
3208 1569 3424 1632 αὐτούς.
3459 1571 3573 1623 Καὶ
3601 1569 3790 1621 θέλων

2198 1665 2635 1734 παντοιοτρόπως
2670 1664 2755 1717 ἴνα
2786 1663 2998 1734 αὐξήσῃ
3027 1662 3125 1733 τὴν
3182 1662 3377 1715 ἐαυτοῦ
3430 1662 3630 1730 μερίδα
3684 1664 3788 1713 καὶ

2197 1756 2397 1827 ἀρχὴν,
2435 1750 2552 1809 εἶτα
2574 1754 2811 1823 πόλεμον
2844 1754 3079 1824 ποιήσας
3102 1754 3242 1807 κατὰ
3280 1753 3569 1820 Ῥωμαίων
3598 1753 3783 1821 μέρος

2192 1851 2292 1915 τῆς
2330 1848 2587 1911 Βιθυνίας
2639 1846 2729 1917 ὑφ’
2769 1847 2961 1900 ἐαυτὸν
2991 1845 3307 1914 ἐποιήσατο,
3358 1845 3452 1897 καὶ
3484 1843 3626 1909 μετὰ
3680 1844 3785 1895 τοῦ

2194 1943 2292 2011 τῆς
2329 1941 2646 2010 περιφήμου
2675 1938 2880 2004 πόλεως
2908 1938 3237 2000 Σεϐαστείας
3260 1936 3637 2007 ἀμηρεύοντος
3680 1936 3783 1985 πό-

2194 2029 2360 2101 λεμον
2399 2030 2633 2099 ποιήσας
2686 2029 2780 2083 καὶ
2835 2030 3037 2093 πιάσας
3087 2027 3250 2081 αὑτὸν
3303 2027 3619 2087 ἀπέκτεινε,
3676 2028 3780 2077 καὶ

2194 2121 2471 2191 ἐγκρατὴς
2518 2122 2613 2174 καὶ
2644 2117 2837 2188 κύριος
2869 2120 3089 2187 ἐγένετο
3118 2120 3217 2189 τῆς
3246 2118 3507 2186 τοιαύτης
3554 2116 3782 2168 πόλεως

2194 2213 2289 2264 καὶ
2314 2211 2605 2280 ἐπαρχίας,
2629 2211 2725 2263 καὶ
2755 2212 2940 2263 πᾶσαν
2973 2209 3072 2279 τὴν
3123 2210 3298 2279 ἀρχὴν
3324 2208 3537 2275 ἐκείνην
3566 2207 3785 2259 ὕπέτα-
3850 2200 3853 2201 ⁷

2195 2301 2306 2367 ξεν.
2348 2302 2594 2355 Ἐκεῖθεν
2622 2302 2656 2371 ἡ
2683 2300 2930 2368 βασιλεία
2960 2299 3131 2354 αὐτοῦ
3155 2300 3331 2370 ἀρχὴν
3355 2298 3602 2352 λαϐοῦσα
3630 2301 3780 2365 ἐφη-

2197 2394 2366 2465 μίσθη
2389 2394 2484 2448 καὶ
2513 2393 2880 2464 ἐμεγαλύνθη.
2915 2390 3046 2446 Εἶτα
3087 2392 3253 2445 πάλιν
3278 2390 3541 2460 στραφεὶς
3578 2390 3648 2441 τὰ
3671 2390 3779 2439 ὅσα

2194 2487 2428 2558 ἐδυνήθη
2474 2486 2579 2540 ὑπὸ
2612 2486 2720 2539 τῶν
2754 2485 2956 2555 ἐτέρων
2994 2483 3286 2553 ὁμοφύλων
3331 2481 3633 2550 σατραπῶν
3672 2481 3776 2531 καὶ

2197 2570 2512 2651 συντρόφων
2543 2576 2704 2631 αὑτοῦ
2762 2576 2862 2646 τῆς
2900 2574 3126 2629 ἐκείνων
3172 2576 3390 2645 μοίρας,
3451 2571 3776 2643 λῃστρικῶς

2195 2673 2289 2726 κα)⁵
2310 2670 2448 2741 μετὰ
2477 2669 2827 2739 συμϐάσεως.
2859 2669 3015 2730 τινὰς
3047 2666 3248 2729 τόπους
3272 2667 3365 2719 καὶ
3388 2665 3625 2735 φρούρια
3648 2664 3781 2715 ἕλα-

2193 2764 2308 2817 ϐεν.
2362 2759 2506 2817 »Εῐτα
2562 2764 2859 2829 ἀπέθανεν,
2903 2761 3230 2830 βασιλεύσας
3288 2759 3384 2829 ἐτη
3442 2763 3551 2825 κη’,
3610 2756 3775 2815 ἔτους

2200 2859 2375 2920 ,ςωα¹,
2411 2854 2737 2919 ινδικτιῶνος
2789 2854 2880 2916 ια’,
2922 2854 3016 2907 καὶ
3052 2854 3080 2906 6
3130 2854 3242 2915 υίὸς
3288 2850 3453 2904 αὑτοῦ
3496 2848 3773 2918 Ὀρχάνης

2193 2946 2468 3017 ἐγκρατής
2496 2946 2598 3016 τῆς
2634 2945 2913 3016 πατρικῆς
2941 2944 3118 3014 ἀρχῆς
3148 2946 3395 3013 γέγονεν.

2194 3223 2258 3277 ad
2275 3223 2691 3294 Paphlagoniam
2719 3224 3011 3295 porrigitur
3035 3242 3048 3289 ;
3083 3223 3429 3292 Magnesiam,
3447 3219 3764 3288 Pergamum

2196 3312 2461 3378 Ephesum
2494 3322 2548 3367 et
2582 3328 2705 3383 qua:
2754 3315 2837 3368 his
2902 3313 3119 3382 oppidis
3175 3314 3426 3379 adjacent
3477 3311 3749 3377 regiones.

2196 3405 2366 3461 Sasan
2415 3407 2661 3473 accepi';
2709 3405 2837 3460 inde
2900 3407 2967 3461 ad
3027 3406 3313 3473 Smyrnam
3333 3400 3387 3458 et
3430 3401 3748 3454 maritimam

2194 3512 2349 3553 oram
2404 3496 2574 3552 lonia:
2632 3512 2749 3565 quae
2800 3497 3090 3566 pertinent,
3149 3496 3383 3549 obtinuit
3415 3489 3739 3550 Sarchanes;

2196 3588 2457 3657 majorem
2485 3599 2689 3660 partem
2716 3587 2963 3659 Phrygia:
3002 3588 3231 3656 Magum,
3278 3586 3515 3651 adeoque
3570 3579 3753 3633 Phila-

2197 3680 2475 3751 delphiam
2542 3696 2737 3749 usque,
2803 3692 2856 3736 et
2897 3683 3143 3749 proxima
3198 3681 3439 3735 omniaa
3496 3677 3763 3753 Nataner

2197 3771 2361 3827 ﬂuvio
2395 3786 2566 3843 usque
2612 3773 2979 3835 Antiochiam,
3033 3772 3376 3827 Caramanus
3429 3770 3760 3831 Alissurius;

2201 3872 2398 3918 terram
2430 3878 2459 3917 a
2499 3862 2664 3933 Lydia
2689 3872 2743 3917 et
2772 3860 2982 3917 )Eolide
3025 3878 3197 3933 usque
3219 3864 3286 3916 ad
3338 3861 3589 3931 Mysiam,
3641 3874 3760 3925 qua:

2197 3967 2279 4011 est
2322 3955 2373 4008 in
2430 3953 2801 4023 Hellesponto.
2847 3954 3095 4009 Calamcs
3148 3969 3270 4008 cum
3351 3952 3554 4005 Carase
3608 3950 3754 4003 lilio:

2200 4045 2425 4099 ﬁnitima
2458 4044 2669 4115 Olympi
2700 4052 2756 4098 et
2786 4043 2912 4098 inde
2944 4057 3063 4111 quae
3098 4052 3246 4111 patet
3294 4058 3418 4112 pars
3477 4041 3761 4111 Bithyniae,

2200 4137 2494 4191 0thmanes
2522 4134 2729 4189 habuit.
2784 4133 2941 4188 llunc
3006 4134 3058 4187 in
3110 4133 3326 4187 modum
3388 4143 3555 4196 terra,
3604 4147 3762 4199 quam

2200 4232 2366 4297 armis
2391 4214 2817 4297 occupaverant,
2852 4227 3144 4282 distributa
3192 4236 3242 4281 et
3271 4225 3583 4281 constitutis
3640 4224 3761 4276 liui-

2201 4320 2320 4383 bus,
2376 4316 2694 4381 Otltmanes,
2746 4316 3057 4369 dominandi
3120 4315 3463 4382 habendique
3510 4314 3761 4378 cupidine

2200 4402 2477 4469 incensus,
2537 4408 2814 4473 quiescere
2869 4418 2976 4458 non
3028 4404 3222 4471 potuit,
3293 4406 3386 4458 sed
3441 4405 3579 4455 ultra
3633 4400 3763 4454 lines

2201 4505 2475 4566 evagatus,
2503 4497 2737 4566 reliquos
2760 4498 3076 4559 la:debat,ac
3097 4495 3263 4549 multa
3287 4496 3351 4548 iis
3373 4494 3488 4550 loca
3505 4495 3763 4561 eripiebat

2204 4589 2580 4658 amigebatque
2605 4603 2700 4644 eos
2722 4592 2990 4659 graviter;
3014 4597 3174 4656 atque
3203 4588 3350 4641 omni
3382 4587 3540 4639 modo
3593 4587 3759 4646 nisus,

2200 4691 2259 4736 ut
2291 4689 2509 4751 augeret
2534 4695 2759 4750 regnum
2830 4695 3014 4744 suum,
3076 4694 3201 4732 mox
3259 4681 3422 4731 etiam
3494 4677 3760 4730 Rotttanus

2200 4773 2366 4828 armis
2414 4772 2633 4827 adortus
2660 4783 2744 4826 est
2771 4780 2825 4825 et
2850 4779 3054 4841 partem
3094 4770 3357 4839 Bithyniae
3383 4769 3484 4823 sibi
3514 4768 3758 4836 subjecit,

2205 4879 2268 4919 ac
2296 4864 2592 4933 principem
2625 4863 2909 4928 Sebastize,
2942 4863 3092 4916 urbis
3150 4861 3492 4926 clarissima‘,
3551 4850 3763 4928 aggres-

2198 4971 2315 5023 sus,
2352 4955 2526 5025 ipsum
2552 4964 2765 5023 captum
2818 4954 3037 5017 occidit,
3088 4954 3275 5006 urbem
3332 4952 3450 5019 ejus
3499 4961 3550 5005 et
3600 4959 3758 5002 totam

2200 5047 2531 5116 provinciam
2565 5044 2616 5097 itt
2670 5053 2991 5113 potestatem
3054 5058 3205 5098 suam
3280 5041 3488 5109 redegit
3549 5039 3763 5107 sibique

2198 5137 2515 5192 vindicavit.
2544 5136 2624 5189 Ab
2657 5136 2744 5190 his
2778 5135 3078 5202 profectum
3116 5133 3311 5201 initiis,
3362 5146 3589 5203 regnum
3646 5131 3761 5199 ejus

2202 5230 2455 5286 inclaruit
2482 5239 2537 5284 et
2565 5225 2780 5283 auctum
2811 5237 2915 5282 est.
2940 5228 3141 5282 Deinde
3172 5242 3360 5282 rursus
3394 5228 3459 5281 ad
3526 5225 3752 5278 aliorqu

2201 5332 2549 5389 satraparum
2641 5319 2986 5388 popularium
3043 5318 3415 5387 sodaliumque
3459 5316 3759 5386 provincias

2200 5426 2525 5472 conversus,
2553 5412 2815 5480 quidquid
2848 5409 2973 5463 inde
3001 5410 3178 5475 potuit
3205 5409 3446 5463 locorum
3484 5420 3539 5463 et
3566 5411 3757 5460 castel-

2198 5503 2390 5568 lorum,
2416 5506 2528 5559 sive
2548 5503 2595 5556 ri
2618 5503 2731 5555 sive
2751 5502 2919 5569 pactis
2942 5501 3236 5568 usurpavit.
3258 5500 3519 5556 Tandem.
3547 5498 3760 5566 expletis

2198 5599 2249 5650 in
2290 5613 2453 5666 regno
2485 5597 2647 5651 annis
2692 5597 3120 5664 duodetriginta,
3177 5603 3420 5647 mortuus
3470 5602 3569 5650 est.
3621 5604 3759 5642 anno

2200 5690 2362 5751 6801,
2432 5690 2723 5743 indictione
2806 5688 3131 5755 il,h.ct'ede
3192 5688 3443 5742 Orchane
3512 5685 3616 5737 lilio
3670 5695 3758 5733 re-

2201 5783 2343 5837 lit-to.
