4096 6300
297 426 394 488 70l

1351 431 1794 492 CHRONICON
1831 432 2104 493 MAJUS.
2147 460 2213 467 —
2254 434 2398 495 LIB.
2443 434 2493 493 ι.
2736 508 2751 511 _
3450 432 3555 495 '(2

368 534 467 589 κδ’.
512 535 780 604 ὐρχάνης
806 536 864 588 δὲ
889 575 902 600 ,
956 538 1031 600 ὡς
1064 537 1339 608 εἴπομεν,
1372 541 1559 609 κύριος
1586 543 1683 608 τῆς
1718 540 1869 608 βασι·
1895 544 1942 599 Α
1975 541 2337 611 πολύτροπος,
2371 545 2466 594 καὶ
2502 544 2559 595 ὲν
2605 544 2717 605 τοῖς
2748 541 3005 609 πολέμοις
3035 540 3207 603 δεξιὸς
3239 539 3377 608 ὑπὲρ
3410 528 3551 592 πάν⁶

298 627 448 690 λείας
472 629 766 695 γενόμενος
792 629 888 682 τοῦ
919 632 1124 700 πατρὸς
1148 633 1225 702 τῷ
1270 635 1439 702 πατρὶ
1480 637 1559 695 εἰς
1591 636 1768 688 πάντα
1798 629 1867 702 ἦν

305 719 664 787 μιμούμενος.
717 719 810 771 καὶ
838 720 946 789 79
976 704 1093 790 ᾔτει
1118 723 1321 789 τρόπον
1359 725 1455 776 καὶ
1491 725 1744 792 ἀφορμὰς
1780 724 1868 775 ἵνα

304 810 577 871 πλουσίως
608 810 821 880 αὐξήσῃ
844 812 932 863 τὸν
966 812 1170 881 κλῆρον
1199 815 1292 865 καὶ
1333 814 1433 880 τὴν
1461 808 1740 882 βασιλείαν
1770 814 1869 865 αὐ-

301 899 417 961 τοῦ,
451 901 544 953 καὶ
577 901 791 970 ήμέραν
819 920 878 955 τε
905 904 996 955 καὶ
1026 906 1194 957 νύκτα
1226 906 1323 973 οὐχ
1357 906 1627 974 ἡσύχαζεν
1661 905 1748 958 ἀεὶ
1769 923 1868 958 πο-

301 988 500 1059 λέμους
530 990 673 1058 ἔχειν
720 993 812 1045 καὶ
845 993 1233 1060 ἀγωνίζεσθαι.
1277 997 1386 1048 Καὶ
1430 996 1610 1065 μάχην
1650 992 1871 1066 ἐγείρας

308 1080 444 1131 κατά
465 1080 574 1132 τῶν
602 1083 891 1151 ὁμοφύλων
917 1084 1082 1136 αὐτοῦ
1108 1087 1407 1156 ἀμηράδων
1437 1088 1535 1140 καὶ
1563 1088 1762 1150 πολλὰς
1792 1088 1871 1139 νί-

306 1190 400 1235 κας
433 1172 601 1242 ἤρατο
650 1176 747 1227 καὶ
804 1178 984 1228 πᾶσαν
1039 1179 1137 1248 τὴν
1192 1180 1409 1232 Μυσίαν
1440 1181 1592 1249 νόμῳ
1631 1180 1870 1248 πολέμου

303 1264 587 1334 ἐκέρδησε,
624 1267 933 1320 Λυκαονίαν
966 1273 1061 1322 καὶ
1094 1271 1338 1340 Φρυγίαν
1368 1273 1463 1325 καὶ
1516 1272 1731 1341 Καρίαν
1775 1273 1871 1325 καὶ

304 1354 409 1417 ἕως
443 1354 714 1427 θαλάττης
754 1359 853 1427 τῆς
906 1362 1036 1429 περὶ
1066 1363 1157 1415 τὸν
1188 1365 1570 1433 Εὐρυμέδοντα
1600 1365 1869 1431 ποταμὸν,

308 1447 403 1497 καὶ
430 1446 491 1499 τὸ
518 1448 914 1519 ἐναπολειφθὲν
967 1453 1131 1521 μέρος
1162 1458 1262 1522 τῆς
1315 1456 1591 1521 Βιθυνίας.
1626 1458 1874 1526 Νικομή-

308 1536 456 1586 δειαν
504 1539 597 1588 καὶ
622 1538 856 1592 Νίκαιαν
886 1540 981 1592 καὶ
1010 1542 1172 1612 ἔτερα
1199 1544 1445 1613 πολίχνια
1475 1547 1577 1598 οὐκ
1599 1545 1754 1609 ὀλίγα
1781 1546 1876 1597 καὶ

311 1629 509 1692 ἀστυα,
561 1630 803 1699 καὶτὴν
838 1630 1150 1704 περίιρημον
1198 1637 1291 1689 καὶ
1323 1637 1532 1706 ὡραίαν
1586 1638 1740 1690 πόλιν
1773 1638 1875 1705 τῆς

314 1721 583 1791 Προύοης,
628 1724 661 1793 ἢ
698 1728 875 1778 κειται
912 1727 1017 1779 ὑπὸ
1062 1729 1185 1788 τοὺς
1221 1728 1386 1791 πόδας
1435 1729 1530 1781 τοῦ
1574 1729 1872 1796 Ὀλύμπου,

313 1812 417 1862 ὑπὸ
432 1817 541 1866 τῶν
582 1813 869 1884 Ῥωμαίων
902 1818 1213 1888 ἀρχομένην
1248 1820 1565 1887 ἐκέρδησεν.
1615 1820 1701 1870 Ἐν
1729 1821 1874 1872 ὲκεί-

1973 650 2072 696 τας
2108 634 2235 696 τοὺς
2266 635 2567 705 προγόνους
2620 633 2812 694 αὑτοῦ,
2853 632 2944 685 καὶ
2980 631 3151 683 πολλὰ
3183 628 3549 698 κατώρθωσεν

1975 723 2112 793 ἔργα
2146 726 2364 793 μνήμης
2406 723 2532 789 ἄξια
2561 725 2642 786 είς
2672 724 2899 794 αὔξησιν
2929 724 3027 791 τῆς
3056 722 3223 775 αὑτοῦ
3257 723 3431 790 ἀρχῆς
3458 724 3550 773 καὶ

1976 816 2276 886 βασιλείας.
2311 811 2480 881 Οὗτος
2512 816 2730 885 πρῶτος
2760 816 2877 885 μὲν,
2901 816 2980 878 ὡς
3004 816 3325 885 εἰρήκαμεν.
3361 818 3417 866 ὲν
3438 818 3549 873 τοῖς

1973 910 2073 975 τῆς
2126 908 2400 977 Εὐρώπης
2462 909 2654 978 μέρεσι
2695 908 2939 979 περάσας
2995 908 3094 977 τὴν
3152 906 3549 959 Καλλιούπολιν

1974 999 2294 1064 κατέλαϐεν,
2331 994 2450 1051 εἶτα
2501 999 2597 1052 καὶ
2643 998 2746 1068 τὴν
2788 998 3251 1068 Ἀδριανούπολιν.
3314 997 3548 1062 Ὁμοίως

1973 1091 2068 1142 καὶ
2099 1091 2288 1154 ἕτερον
2320 1089 2419 1143 οὐκ
2448 1090 2631 1156 ὀλίγον
2663 1091 2829 1159 μέρος
2858 1090 2957 1157 τῆς
2986 1089 3210 1159 Θρᾴκης
3234 1089 3331 1141 καὶ
3366 1089 3552 1140 Μακε-

1973 1179 2147 1242 δονίας
2181 1179 2396 1237 ἔλασεν.
2432 1180 2702 1249 ’Υστερον
2726 1181 2782 1233 δὲ
2813 1180 3037 1249 ἀγάπην
3066 1180 3161 1232 καὶ
3199 1179 3550 1248 όρκωμοσίαν

1978 1270 2117 1338 μετά
2144 1272 2238 1324 τοῦ
2280 1272 2542 1340 βασιλέως
2595 1273 2700 1341 κὺρ
2743 1271 2991 1325 Ἰωάννου
3043 1272 3321 1341 ἐποίησεν.
3386 1271 3549 1323 Ἀπο-

1977 1364 2360 1430 στατησάντων
2383 1364 2546 1416 τινῶν
2567 1364 2673 1416 τῶν
2703 1362 2999 1433 σατραπῶν
3029 1361 3193 1414 αὐτοῦ
3218 1363 3275 1414 ὲν
3307 1364 3372 1431 τῇ
3403 1360 3551 1429 Ἐᾠᾳ

1979 1456 2118 1524 μετὰ
2154 1458 2248 1508 τοὺ
2300 1455 2593 1524 βασιλέως»
2625 1456 2872 1524 περάσας
2927 1454 3278 1524 ὁμοθυμαδὸν
3325 1454 3551 1514 τούτους

1975 1545 2328 1615 ἑτροπώσατο
2346 1561 2362 1575 ·
2393 1546 2493 1599 καὶ
2510 1545 2690 1615 μάχην
2711 1546 2945 1614 ποιήσας
2970 1545 3109 1614 μετά
3139 1543 3250 1595 τῶν
3272 1543 3366 1596 τοῦ
3390 1544 3446 1596 Ἀ
3459 1562 3555 1612 μο-

1981 1638 2097 1706 ρίου
2152 1638 2438 1705 ἀπογόνων
2486 1639 2669 1690 πᾶσαν
2728 1637 3114 1705 Παφλαγονίαν
3163 1636 3257 1688 καὶ
3310 1635 3415 1696 ἕως
3455 1633 3552 1686 τοῦ

1978 1725 2228 1795 ποταμοῦ
2257 1725 2352 1778 τοῦ
2382 1727 2714 1796 Σαγγάρεως
2741 1726 2939 1786 αὐτοὺς
2964 1725 3195 1791 νικήσας
3230 1724 3325 1776 καὶ
3358 1723 3554 1785 διώξας

1958 1804 2279 1885 ¹ἐκυρίευσε.
2325 1818 2434 1870 Καὶ
2465 1818 2524 1867 ἑν
2551 1817 2630 1885 τῷ
2673 1816 2887 1884 μέλλειν
2924 1817 3163 1883 περᾶσαι
3212 1813 3368 1875 αὖθις
3399 1814 3457 1864 ὲν
3483 1814 3551 1881 τῇ

311 1921 387 1972 νῳ
420 1904 497 1973 τῷ
528 1907 749 1976 πολέμῳ
777 1911 875 1977 τῆς
904 1910 1155 1980 Προύσης
1183 1912 1275 1963 καὶ
1309 1912 1397 1962 τὸν
1416 1912 1553 1963 πόδα
1578 1911 1667 1964 τὸν
1699 1911 1875 1974 δεξιὸν
1906 1900 1948 1954 Β
1980 1907 2216 1975 Εὐρώπῃ
2271 1904 2459 1971 μαθὼν
2488 1905 2572 1958 ὅτι
2621 1907 2650 1957 ὀ
2682 1906 2796 1963 υίὸς
2840 1904 3007 1957 αὑτοῦ
3036 1904 3237 1971 Μωσῆς
3275 1903 3412 1970 μετά
3455 1901 3553 1953 τοῦ

268 1987 277 1993 ’
310 1995 545 2065 ἐπλήγη.
580 1998 831 2067 Περάσας
853 2000 907 2053 δὲ
941 2002 1033 2053 καὶ
1061 2002 1119 2053 ὲν
1152 2005 1216 2071 τῇ
1251 2003 1579 2072 Χερρονήσῳ
1605 2002 1704 2069 τῆς
1732 2002 1875 2070 Θρᾴ-

312 2102 416 2150 κης
444 2087 699 2157 πολίχνιά
727 2105 850 2142 τινα
903 2090 1222 2160 πολεμήσας
1254 2092 1481 2161 ¹ἐπῆρεν
1504 2109 1518 2123 ·
1558 2092 1784 2160 ὕστερον
1818 2092 1874 2144 δὲ

310 2175 409 2242 τὴν
440 2176 674 2248 ἀδελφὴν
702 2180 797 2232 τοῦ
828 2181 1095 2250 βασιλέως
1137 2184 1387 2239 Ἰωάννου
1419 2185 1498 2245 είς
1524 2188 1757 2252 γυναῖκα
1781 2184 1877 2236 λα-

314 2264 423 2316 ϐὼν
453 2268 540 2321 διὰ
563 2269 662 2337 τὴν
684 2273 1003 2339 συγγένειαν
1024 2273 1102 2343 τῷ
1150 2274 1359 2344 βασιλεῖ
1395 2275 1472 2343 τῷ
1507 2275 1597 2329 καὶ
1616 2292 1878 2342 γυναικα-

306 2357 490 2427 δέλφῳ
521 2360 588 2412 τὰ
641 2364 699 2413 ἐν
730 2365 796 2431 τῇ
834 2363 1162 2434 Χερρονήσῳ
1205 2366 1441 2435 φρούρια
1486 2366 1642 2430 αὖθις
1694 2367 1880 2436 ἐχαρί-

315 2465 468 2513 σατο,
502 2449 574 2511 ώς
632 2451 892 2520 ἀλλαχοῦ.
925 2453 1160 2522 ἔφημεν,
1209 2458 1308 2508 καὶ
1341 2457 1420 2523 τῷ
1464 2458 1881 2528 γυναικαδέλφῳ

322 2539 591 2607 βοηθήσας
637 2542 716 2602 είς
770 2542 871 2610 τὴν
905 2544 1185 2612 βασιλείαν
1223 2546 1322 2614 τὴν
1352 2547 1627 2617 πατρικὴν
1671 2550 1884 2601 ἀποκα-

321 2629 602 2697 τέστησεν.
636 2628 768 2699 Εἶτα
816 2634 1119 2699 ἀπέθανεν,
1160 2636 1220 2700 ὃς
1253 2637 1595 2690 ἐϐασίλευσεν
1623 2638 1716 2706 ἔτη
1752 2656 1880 2690 πεν-

326 2721 558 2788 τήκοντα
590 2724 683 2776 καὶ
712 2724 850 2778 ὲπτά
891 2727 985 2781 καὶ⁹
1017 2727 1191 2795 μῆνας
1221 2729 1379 2781 ἐννέα
1407 2731 1503 2782 καὶ
1547 2731 1756 2799 ἡμέρας
1792 2729 1882 2799 ιβ’,

324 2812 420 2863 καὶ
474 2813 503 2864 ὀ
556 2814 673 2877 υίὸς
723 2816 886 2869 αὑτοῦ
952 2818 1296 2890 ’Δμουράτης
1349 2820 1449 2891 τὴν
1495 2822 1668 2891 ἀρχὴν
1716 2822 1884 2874 διεδέ-

321 2902 469 2968 ξατο.
742 2899 748 2904 ’

403 2993 501 3048 κε’.
534 2994 689 3049 Μετά
718 2998 811 3051 τὸν
844 2999 1071 3054 θάνατον
1100 3001 1192 3055 οὖν
1221 3005 1314 3057 τοῦ
1332 3006 1592 3075 ὐρχάνου
1619 3010 1646 3061 ό
1693 3010 1887 3075 Ἀμου-

326 3084 494 3154 ράτης
519 3088 630 3156 80
656 3091 735 3150 είς
770 3093 961 3160 χεῖρας
981 3093 1161 3148 λαϐὼν
1186 3097 1287 3165 τὴν
1314 3099 1413 3165 τῆς
1439 3099 1714 3167 βασιλείας
1737 3100 1887 3165 ἐξου-

325 3176 470 3277 σίαν,
509 3180 568 3277 ἐν
600 3178 947 3277 ετει’ς·ωνη’,
986 3185 1314 3250 ίνδικτιῶνος
1362 3188 1446 3258 ιβ’,
1482 3190 1539 3252 ὃς
1571 3187 1638 3261 ἦν
1692 3194 1772 3253 είς
1818 3193 1886 3244 τά
1909 3214 1954 3277 C

327 3263 503 3316 πάντα
528 3263 851 3337 ἐπιτήδειος,
878 3271 1117 3341 ἀνδρεῖος
1148 3276 1239 3328 καὶ
1265 3277 1523 3347 ἀγχίνους
1555 3281 1765 3351 ὑπῆρχε
1788 3281 1882 3334 καὶ

393 3446 485 3501 ει.
509 3446 789 3504 Orcltanes
814 3450 977 3520 igitur
1019 3467 1183 3523 regno
1231 3464 1453 3525 paterno
1496 3458 1721 3525 potitus,
1792 3475 1886 3529 pa-

325 3549 460 3592 trem
492 3539 542 3593 in
574 3540 828 3595 omnibus
846 3543 1007 3597 rebus
1032 3544 1363 3611 imitabatur,
1389 3563 1453 3603 ac
1492 3551 1704 3605 modum
1736 3565 1884 3617 (πυξο-

326 3628 477 3683 rcbat
509 3632 953 3702 occasionesque,
980 3649 1107 3703 opes
1134 3646 1188 3691 et
1219 3654 1463 3707 regnum,
1486 3651 1741 3707 quantum
1764 3657 1887 3711 pos-

327 3729 427 3785 set,
498 3723 749 3790 augendi,
800 3740 897 3779 nec
955 3742 1190 3797 unquam
1246 3730 1496 3784 cessabat
1538 3734 1884 3785 commovere

331 3810 465 3864 bella
523 3822 575 3866 et
650 3817 971 3871 certamina.
1031 3818 1216 3889 Itaque
1269 3822 1558 3890 ponulares
1612 3823 1886 3891 principes

324 3900 564 3966 adortus,
597 3902 792 3957 multas
820 3906 884 3959 de
902 3906 968 3961 iis
988 3909 1242 3963 victorias
1268 3911 1583 3978 reportavit,
1611 3911 1888 3980 armisque

325 3990 426 4044 sibi
454 3991 662 4059 paravit
686 4002 848 4048 totam
882 3996 1134 4065 Mysiam,
1177 3999 1523 4069 Lycaoniam,
1576 4001 1887 4070 Phrygiam,

324 4080 565 4149 Cariam,
603 4098 777 4154 usque
801 4086 868 4139 ad
907 4102 1059 4142 mare
1091 4098 1143 4143 et
1174 4089 1626 4160 Eurymedontem
1659 4092 1885 4147 ﬂuvium

326 4190 663 4243 progressus.
706 4176 849 4233 Idem
882 4179 1144 4248 reliquam
1174 4192 1378 4251 partem
1406 4184 1693 4255 Bithyniae,
1728 4185 1891 4241 Nico-

328 4267 554 4319 mediam
584 4266 888 4323 et.Nica3am
952 4280 1003 4324 et
1035 4272 1135 4324 alia
1193 4287 1307 4327 non
1352 4290 1521 4341 pauca
1582 4277 1779 4343 oppida
1838 4284 1892 4330 ct

328 4358 505 4420 urbes,
534 4362 689 4427 inque
705 4361 892 4427 primis
909 4362 1384 4417 celebratissimam
1401 4372 1453 4418 et
1475 4365 1887 4434 pulcherrimam

330 4448 575 4511 Prusam,
620 4450 685 4504 ad
747 4452 960 4517 radices
1012 4451 1221 4524 Olympi
1285 4458 1483 4510 montis
1530 4458 1714 4524 sitam,
1768 4474 1890 4529 quae

1972 1997 2066 2051 τοῦ
2103 1997 2364 2066 βασιλέως
2385 1996 2501 2049 υίοῠ
2529 1995 2623 2049 τοῦ
2646 1996 2752 2066 κῦρ
2785 1995 3123 2064 Ἀνδρονίκου
3141 1995 3552 2060 άπεστάτησαν,

1975 2089 2095 2142 λίαν
2127 2089 2297 2141 λυπού
2309 2105 2468 2157 μενος
2486 2086 2576 2159 ἦν.
2603 2089 2713 2141 Καὶ
2746 2089 3087 2158 περάσαντες
3118 2087 3328 2154 ταχέως
3353 2081 3546 2154 ἦλθον,

1976 2182 2072 2234 καὶ
2098 2178 2328 2247 στρατὸν
2362 2179 2671 2240 στείλαντες
2704 2180 2827 2231 κατ’
2859 2178 3062 2241 αὐτῶν,
3100 2177 3424 2246 νικήσαντες
3453 2175 3551 2225 αύ-

1976 2273 2123 2333 τοὺς,
2144 2270 2361 2337 ἔφυγον.
2397 2271 2663 2339 Ὕστερον
2689 2270 2982 2329 πιάσαντες
2999 2267 3202 2329 αὐτοὺς
3226 2269 3254 2318 ό
3286 2267 3382 2334 μὲν
3404 2266 3553 2332 ἀμη-

1981 2365 2080 2433 ρᾶς
2111 2363 2203 2415 τὸν
2234 2362 2349 2415 υίὸν
2378 2361 2545 2415 αὑτοῦ
2574 2361 2733 2423 εὐθὺς
2759 2361 3123 2421 ἐθανάτωσεν,
3159 2358 3188 2408 ό
3209 2358 3264 2410 δὲ
3302 2356 3554 2425 βασιλεὺς

1978 2458 2071 2511 τὸν
2111 2458 2225 2510 υίδν
2268 2455 2433 2509 αὐτοῦ
2487 2453 2825 2521 ἐτύφλωσεν.
2884 2447 3015 2505 Εἶτα
3044 2449 3225 2519 μάχην
3274 2447 3413 2499 κατὰ
3448 2446 3550 2512 τῆς

1981 2546 2315 2618 Βουλγαρίας
2348 2546 2443 2598 καὶ
2494 2545 2721 2613 Σερὸίας
2780 2545 3018 2611 ποιήσας
3071 2541 3208 2594 πολὺ
3261 2540 3429 2608 μέρος
3458 2536 3554 2602 ὑφ’

1983 2640 2172 2691 ἑαυτὸν
2206 2638 2503 2706 ἐποιήσατο
2531 2636 2625 2688 καὶ
2651 2635 2806 2696 νίκας
2835 2633 3079 2699 μεγάλας
3112 2632 3306 2700 ἤρατο.
3343 2625 3552 2694 Καιροῦ

1984 2729 2042 2783 δέ
2076 2730 2183 2799 81
2207 2744 2349 2789 τινος
2384 2725 2740 2796 παρελθόντος
2776 2724 2937 2775 πάλιν
2984 2721 3126 2775 κατά
3154 2721 3249 2773 τοῦ
3279 2720 3544 2772 δεσπότου

1983 2821 2239 2890 Λαζάρου
2266 2817 2360 2871 τοῦ
2386 2817 2485 2887 τῆς
2518 2815 2752 2884 Σερδίας
2777 2811 3110 2883 κρατοῦντος
3133 2809 3553 2877 πό).εμον,ὲποι-

1985 2910 2172 2979 ήσατο.
2205 2906 2423 2977 Τρέψας
2459 2906 2555 2957 καὶ
2595 2904 2825 2972 νικήσας
2870 2900 3033 2954 αὑτὸν
3080 2896 3291 2963 ὲδίωξε,
3322 2898 3419 2949 καὶ
3459 2896 3552 2947 τὸν

1989 3000 2217 3071 στρατὸν
2246 2996 2410 3052 αὐτοῦ
2460 2996 2829 3064 διεσκόρπισε,
2858 2992 2955 3045 καὶ
2986 2990 3187 3053 πολλὰς
3230 2990 3419 3051 πόλεις
3452 2989 3549 3040 καὶ

1986 3091 2171 3162 χώρας
2195 3088 2295 3155 τῆς
2340 3085 2572 3156 Σερόίας
2598 3082 2751 3144 αὖθις
2780 3083 3073 3150 ἐκράτησε.
3112 3077 3421 3147 Τριάκοντα
3456 3078 3556 3129 καὶ

1988 3180 2129 3234 ἐπτά
2153 3179 2333 3249 μάχας
2358 3177 2594 3245 ποιήσας
2633 3172 2876 3243 μεγάλας
2908 3170 3139 3223 πάντοτε
3166 3164 3234 3239 ἦν
3260 3167 3555 3237 τροπαιοῦ-

1986 3290 2078 3344 χος
2106 3272 2202 3326 καὶ
2237 3270 2494 3337 νικητής.Δ
2513 3267 2782 3335 ’Ὕστερον
2809 3264 2865 3317 δὲ
2900 3263 3005 3316 ὑπὸ
3026 3260 3120 3315 τοῦ
3144 3259 3553 3330 προῤῥηθέντος

1987 3455 2181 3526 peritia
2210 3452 2286 3509 rei
2320 3440 2528 3507 bellica:
2557 3463 2722 3517 supra
2753 3460 2948 3502 omnes
3001 3446 3235 3515 majores
3300 3443 3550 3512 insignis,

1989 3550 2152 3601 multa
2213 3545 2473 3613 praeclara
2532 3541 2773 3596 facinora
2837 3538 2903 3591 ad
2956 3536 3261 3607 augendum
3324 3549 3549 3601 regnum
3656 3528 3659 3533 ’

1986 3639 2173 3692 edidit.
2203 3636 2445 3703 Namque
2473 3633 2677 3702 primus
2718 3631 2776 3685 in
2834 3627 3099 3696 Europam
3166 3625 3455 3693 trajectus.
3496 3634 3554 3677 ut

1988 3742 2151 3796 supra
2177 3726 2479 3786 docuimus,
2506 3720 2863 3790 Calliopolim,
2892 3732 3014 3773 mox
3071 3718 3234 3770 etiam
3286 3715 3553 3767 Adriano-
3662 3762 3667 3769 .

1989 3820 2176 3889 polim,
2210 3828 2370 3883 atque
2398 3814 2560 3868 aliam
2592 3814 2731 3867 haud
2757 3812 3007 3879 exiguam
3046 3818 3253 3872 partem
3307 3806 3554 3860 Thracia:

1988 3918 2044 3962 et
2066 3905 2391 3961 Macedoniae
2447 3902 2751 3969 occupavit.
2784 3900 2979 3954 Postea
3017 3899 3195 3953 foedus
3243 3908 3300 3952 et
3359 3896 3554 3951 amici-

1991 4001 2121 4052 tiam
2154 4011 2275 4049 cum
2306 3992 2518 4048 Joanne
2572 3994 2903 4061 imperatore
2940 3990 3093 4053 iniit;
3129 4000 3184 4044 et
3211 4005 3331 4044 cum
3363 3988 3554 4043 eodem

1991 4092 2045 4145 in
2085 4089 2265 4144 Asiam
2322 4085 2599 4155 trajectus,
2654 4083 2917 4152 quosdam
2952 4098 2981 4137 e
3036 4082 3272 4149 satrapis
3325 4080 3461 4147 suis,
3526 4094 3557 4132 a

1993 4183 2099 4237 ﬁde
2150 4180 2548 4241 desciscentes,
2618 4176 2923 4245 conjunctis
2948 4174 3157 4233 viribus
3203 4175 3269 4227 ad
3324 4173 3558 4227 cilicium

1992 4273 2285 4336 revocavit,
2317 4278 2479 4337 atque
2505 4268 2709 4322 Amorii
2752 4268 2985 4336 posteris
3014 4267 3313 4321 certamine
3344 4264 3560 4317 divictis

1992 4365 2317 4434 fugatisque,
2357 4371 2466 4417 tota
2501 4360 2865 4430 Paphlagonia
2894 4373 3064 4428 usque
3124 4359 3191 4411 ad
3230 4356 3555 4426 Sangarium

1993 4458 2191 4513 ﬂumen
2221 4456 2426 4525 potitus
2459 4464 2562 4508 cst.
2606 4454 2808 4508 Deinde
2838 4454 2890 4507 in
2916 4454 3186 4521 Europam
3218 4464 3558 4511 reversurus,

329 4538 490 4590 etiam
532 4549 640 4593 tum
668 4541 924 4596 Romanis
953 4546 1195 4611 parebat,
1226 4548 1341 4600 suis
1370 4548 1667 4616 provinciis
1724 4548 1885 4603 addi-
1921 4542 1964 4597 Ι)
1993 4549 2193 4615 Mosam
2223 4547 2389 4600 ﬁlium
2421 4562 2545 4601 eum
2585 4544 2917 4610 Andronico,
2956 4542 3181 4597 Joannis
3233 4541 3363 4605 tilio,
3414 4539 3561 4594 defc-

333 4629 429 4682 dit.
470 4629 523 4681 In
564 4630 700 4683 bello
736 4632 987 4688 Prusensi
1022 4635 1073 4687 in
1108 4638 1333 4692 dextero
1384 4642 1518 4705 pede
1570 4641 1890 4697 vulneratus

331 4729 432 4773 est.
466 4719 652 4788 Copiis
677 4721 800 4774 item
842 4723 895 4774 in
935 4723 1328 4781 Chersonesum
1362 4728 1609 4785 Thraciae
1638 4733 1888 4787 transdu-

333 4812 666 4881 ctis,0ppida
693 4815 940 4867 nonnulla
960 4818 1307 4884 expugnavit,
1326 4835 1444 4888 quae
1474 4832 1652 4874 tamen
1682 4834 1893 4890 postea,

334 4903 675 4971 imperatoris
743 4902 967 4957 Joannis
1050 4921 1290 4959 sororem
1353 4909 1404 4979 in
1486 4913 1892 4968 matrimonium

334 4997 581 5062 adeptus,
614 4996 734 5047 huic
760 5005 813 5049 et
845 4997 1031 5050 uxoris
1093 4996 1243 5050 fratri
1297 5011 1518 5067 promer
1576 5002 1890 5057 allinitatent

337 5085 480 5138 ultro
514 5086 803 5150 concessit,
840 5096 899 5139 ut
958 5087 1082 5141 alibi
1147 5088 1412 5157 diximus;
1476 5103 1638 5159 atque
1690 5096 1891 5151 auxilio

336 5193 435 5229 suo
470 5176 669 5239 eﬂ‘ecit,
704 5188 760 5229 ut
792 5178 925 5231 levir
979 5177 1033 5231 it:
1072 5190 1354 5247 paternum
1412 5183 1695 5250 imperium
1738 5187 1895 5240 resti-

338 5278 599 5320 tueretur.
656 5268 856 5323 Deinde
917 5281 1158 5326 tnortnus
1211 5280 1311 5334 est,
1363 5283 1641 5344 postquam
1729 5292 1895 5343 regno

336 5360 747 5425 praefuitannos
815 5375 1026 5418 Septem
1091 5371 1145 5416 et
1211 5365 1623 5433 quinquaginta,
1674 5384 1891 5422 incuses

335 5467 546 5511 novem.
583 5452 701 5507 dies
724 5454 1004 5508 duodecim
1035 5470 1131 5521 ;ac
1159 5459 1395 5525 suscepit
1444 5458 1725 5526 imperium
1752 5459 1895 5515 ﬁlius

331 5543 449 5614 ejus
501 5544 807 5600 Amurates.

401 5631 491 5686 25.
551 5631 680 5689 Post
732 5644 956 5690 mortem
1013 5635 1280 5694 Orchanis
1329 5638 1615 5696 Amurates
1662 5642 1895 5711 imperio

335 5722 540 5786 pOtitur
565 5739 705 5778 anno
736 5726 895 5791 6858,
930 5726 1221 5783 indictione
1252 5729 1339 5785 12.
1367 5731 1410 5784 ls
1436 5732 1486 5785 in
1528 5734 1684 5787 rebus
1718 5734 1893 5786 omni-

334 5810 435 5867 bus
459 5824 731 5882 strenuus,
787 5820 936 5875 fortis
989 5832 1043 5876 et
1085 5824 1278 5884 SOlt'I'S,
1342 5833 1499 5887 atque
1547 5825 1785 5882 versutia
1842 5837 1895 5882 ct

1992 4642 2133 4696 cisse
2162 4654 2357 4709 magno
2373 4654 2495 4692 cum
2519 4637 2702 4692 dolore
2728 4635 2960 4693 audivit.
2986 4634 3283 4689 Confestim
3318 4630 3555 4701 trajecti,

1991 4733 2286 4788 exercitum
2317 4731 2576 4785 adversus
2606 4742 2700 4783 eos
2753 4727 2997 4792 mittunt,
3058 4725 3284 4778 vincunt
3344 4736 3437 4776 eos
3474 4720 3558 4773 iu-

1993 4822 2225 4893 gantque
2249 4840 2264 4889 ;
2292 4838 2413 4877 mox
2447 4822 2637 4876 iisdem
2672 4817 3100 4885 comprehensis,
3121 4831 3337 4871 ameras
3366 4814 3552 4868 statim

1996 4916 2161 4971 lilium
2227 4930 2393 4969 suum
2439 4923 2610 4966 morte
2688 4912 2962 4972 multavit,
3067 4911 3361 4975 i-nperator
3386 4922 3546 4960 Suum

1995 5008 2227 5077 privavit
2251 5007 2443 5061 oculis.
2474 5005 2609 5059 Tum
2635 5003 2884 5072 Bulgaris
2910 5015 2964 5058 et
3002 5002 3213 5056 Serviis
3240 5000 3383 5055 bello
3409 5000 3559 5052 illato

1994 5108 2047 5151 et
2099 5096 2371 5166 praeclaris
2414 5096 2701 5163 reportatis
2735 5094 3003 5156 victoriis,
3057 5108 3305 5157 magnam
3334 5092 3401 5144 iis
3428 5106 3559 5157 pro-

1996 5189 2294 5240 vinciarntv
2334 5196 2544 5254 partem
2569 5185 2784 5253 eripuit.
2808 5184 3122 5237 intermisso
3138 5184 3319 5250 aliquo
3347 5194 3558 5248 tempo-

1995 5294 2073 5344 re,
2097 5278 2380 5337 Lazarum.
2402 5278 2602 5331 Servius
2627 5279 2906 5345 despotam
2930 5314 2946 5340 ,
2974 5273 3116 5329 bello
3141 5273 3318 5327 denno
3339 5285 3561 5339 aggres-

1996 5386 2108 5433 sus,
2150 5368 2691 5437 devit-itl‘ugavitqne,
2724 5377 2778 5421 et
2806 5367 3070 5435 dissipato
3125 5367 3241 5435 ejus
3290 5363 3579 5437 exercitu,

1998 5461 2192 5511 multas
2222 5473 2410 5512 rursus
2434 5460 2683 5525 urbes‘et
2722 5460 2969 5526 regiones
3039 5458 3243 5512 Serviat
3294 5458 3346 5508 in
3404 5438 3591 5517 pote?

1997 5560 2197 5604 statem
2246 5565 2396 5603 suam
2456 5552 2682 5620 redegit,
2742 5564 2945 5619 septem
2990 5550 3293 5618 ettriginta
3351 5548 3562 5613 magnis

1997 5641 2195 5710 praeliis
2248 5640 2611 5707 conﬂictatus,
2634 5655 2664 5694 e
2698 5643 2893 5711 quibus
2914 5641 3166 5695 omnibus
3193 5637 3445 5706 superior
3492 5651 3558 5690 ac

1998 5734 2171 5787 victor
2188 5735 2457 5788 discessit.
2480 5733 2718 5787 Tandem
2739 5733 2806 5787 ab
2824 5748 2909 5797 eo,
2925 5745 3081 5798 quem
3110 5736 3235 5781 ante
3261 5728 3558 5793 nominavi,

2001 5822 2202 5880 Lazaro
2226 5822 2349 5878 dolo
2390 5834 2613 5879 necatus
2640 5832 2744 5887 cst,
2815 5836 2977 5890 regno
3014 5818 3215 5892 potitus
3242 5832 3413 5874 annos
3449 5827 3559 5874 tres
