4096 6300
347 331 454 413 Ἰὲθ

1420 340 1866 402 CHRONICON
1916 338 2184 426 MAJUS.
2227 362 2297 373 --
2335 335 2478 395 LIB.
2517 335 2566 395 Ι.

3495 323 3598 391 714

347 458 520 512 ταῦτα
554 455 937 524 αἰσθανόμενος
963 454 1220 525 ἐμαίνετο
1270 455 1390 508 κατ’
1421 455 1624 520 αὑτῶν,
1662 456 1755 507 καὶ
1797 453 1929 505 πολ·
1957 456 2004 516 Α
2033 453 2297 504 Σινωπίου
2331 452 2397 519 ἢν
2431 450 2669 519 ὑποτελῆ
2703 450 2751 501 οί
2787 448 2890 516 πρὸ
2921 447 3086 501 αὑτου
3115 447 3270 500 ἐπονι.
3284 464 3404 512 σαν,
3449 442 3604 511 οὗτος

347 549 476 610 λοὺς
530 547 762 616 ὕστερον
796 545 1129 610 ἐθανάτωσε,
1194 547 1288 598 καὶ
1353 545 1796 614 παιδαριογέρων
1875 546 1931 595 ὲν

348 640 469 708 ταῖς
502 638 704 708 μάχαις
732 638 826 690 καὶ
856 639 975 699 ταῖς
1013 637 1343 705 διοικήσεσιν
1379 638 1457 698 εἰς
1487 637 1655 707 ἄκρον
1693 637 1928 703 ἐγένετο.

352 725 600 782 *Ηνδὲό
641 730 760 791 νέος
818 728 1107 798 δραστικὸς
1159 729 1251 780 καὶ
1302 729 1473 791 δεινὸς
1530 730 1677 782 κατὰ
1730 730 1930 791 πάντα,

354 820 483 881 τοὺς
515 819 806 888 ἐναρέτους
845 820 942 872 καὶ
995 820 1192 886 σοφοὺς
1257 821 1456 891 ἄνδρας
1505 820 1737 888 ἀγαπῶν
1773 838 1786 851 ο
1838 820 1934 873 καὶ

361 911 526 974 αὑτὸς
565 912 668 964 οὑκ
714 911 1018 980 ἁμέθικτος
1060 907 1126 980 ἦν
1171 913 1386 979 σοφίας,
1435 913 1530 964 καὶ
1573 914 1672 980 τὴν
1737 916 1933 983 τέχνην

358 1003 460 1070 τῆς
502 1003 866 1069 ἀστρολογίας
906 1004 1004 1055 οὑκ
1061 1003 1240 1070 ὀλίγον
1291 1005 1628 1074 γευσάμενος
1669 1007 1933 1073 άναγινώ⁶

357 1108 510 1145 σκειν
542 1093 629 1147 ἀεὶ
675 1093 890 1162 ἠγάπα.
928 1094 1010 1145 Τά
1056 1111 1116 1146 τε
1175 1094 1578 1164 κατορθώματα
1633 1099 1725 1150 καὶ
1788 1097 1934 1166 βίους

370 1181 724 1252 Ἀλεξάνδρου
773 1183 868 1235 τοῦ
937 1185 1248 1247 Μακεδόνος
1314 1188 1408 1238 καὶ
1481 1186 1574 1238 τοῦ
1650 1188 1932 1243 Ὀκταϐίου

361 1273 666 1340 Καίσαρος,
739 1275 1150 1330 Κωνσεαντίνου
1229 1277 1322 1329 τοῦ
1389 1278 1652 1346 μεγάλου,
1695 1279 1789 1332 τοῦ
1842 1282 1936 1334 καὶ

359 1363 592 1416 Φλαϐίου
620 1365 715 1417 καὶ
744 1365 1025 1418 Θεοδοσίου
1066 1366 1160 1420 τοῦ
1215 1368 1277 1431 ἐξ
1326 1369 1610 1433 Ἱσπανίας
1673 1371 1937 1441 βασιλέως

361 1454 995 1520 Κωνσταντινουπόλεως
1023 1457 1412 1524 ἀνεγίνωσκεν,
1455 1461 1626 1513 αἰτῶν
1661 1463 1753 1514 καὶ
1783 1464 1938 1530 ἐρευα

353 1546 464 1597 νῶν
503 1546 752 1614 μηχανὰς
783 1547 869 1600 ἵνα
898 1547 1024 1610 τοὺς
1083 1550 1289 1611 πάντας
1336 1550 1545 1620 ὑπερϐῇ
1583 1552 1770 1623 καὶτὰ
1812 1555 1935 1624 ὅρια

355 1635 459 1696 τῆς
513 1635 794 1702 βασιλείας
855 1636 1020 1688 αὑτοῦ
1076 1641 1158 1700 είς
1213 1641 1384 1708 ἄκρον
1439 1641 1651 1710 αὐξήσῃ
1687 1659 1700 1672 ⁸
1756 1643 1784 1695 ὃ
1845 1645 1936 1696 καὶ

352 1728 634 1797 ἐποίησεν.
723 1728 996 1792 Ἀκούσας
1052 1726 1144 1784 οὖν
1205 1733 1332 1802 περὶ
1400 1732 1492 1786 τοῦ
1556 1733 1786 1787 θανάτου
1843 1729 1935 1792 τοῦ

2038 541 2262 609 πολέμῳ
2293 541 2385 593 τὸν
2420 540 2590 607 αὑτῆς
2620 539 2847 608 ἁμηρᾶν
2874 538 3105 604 νικήσας
3165 535 3354 606 κύμος
3403 537 3608 600 τέλειος

2035 631 2251 699 ἐκείνης
2273 632 2372 701 τῆς
2399 630 2571 699 ἀρχῆς
2605 630 2844 696 ἐγένετο.
2879 624 3013 682 Εἶτα
3060 627 3157 697 τὴν
3189 628 3411 697 ἀγάπην
3437 628 3606 690 λύσας

2036 724 2102 792 ἢν
2153 721 2264 793 ε’χε
2302 724 2443 793 μετὰ
2502 715 2613 776 τῶν
2666 722 2940 774 δεσπότων
2991 719 3275 790 στρατεύει
3319 721 3460 773 κατᾶ
3509 725 3643 790 τῆς¹

2036 809 2472 884 Πελοποννήσου,
2525 815 2620 866 καὶ
2668 815 2795 876 τοὺς
2858 813 3123 875 δεσπότας
3184 813 3380 877 διώξας
3429 816 3610 867 πᾶσαν

2035 905 2135 974 τὴν
2165 905 2574 975 Πελοπόννησον
2605 905 2785 960 ἔλαϐε.
2821 906 2929 958 Καὶ
2977 901 3036 957 τὸ
3078 906 3463 974 ἐναπολειφθὲν
3515 909 3611 974 τῆς

2039 997 2276 1067 Σερϐίας
2305 996 2497 1066 μέρος,
2535 998 2630 1050 καὶ
2654 997 2744 1048 τὸν
2789 996 3061 1065 δεσπότην
3092 998 3259 1070 αὑτῆς
3292 993 3487 1062 διώξας
3518 1001 3612 1052 καὶ

2037 1093 2136 1158 τὴν
2169 1091 2385 1160 μητέρα
2416 1089 2960 1161 πολέμῳ,ὲγκρατὴς
3008 1093 3086 1154 εἰς
3153 1093 3328 1145 πάντα
3375 1093 3610 1159 ἐγένετο.

2037 1180 2168 1232 Χίον
2192 1180 2249 1232 δὲ
2300 1181 2397 1253 τὴν
2450 1183 2614 1248 νῆσον
2659 1183 2752 1234 καὶ
2799 1182 3007 1235 Λέσϐον
3053 1183 3180 1237 ἄνευ
3227 1184 3463 1253 πολέμου
3525 1187 3613 1255 ὑφ’

2044 1266 2228 1336 ἑαυτῷ
2262 1267 2544 1330 ὑποτελεῖς
2565 1269 2823 1338 ἐποίησεν
2857 1286 2870 1302 ο
2904 1264 3136 1341 ὕστερον
3173 1273 3228 1324 δὲ
3253 1274 3350 1341 τῆς
3404 1274 3611 1328 Λέσϐου

2041 1358 2226 1428 πάσης
2260 1359 2386 1412 καθ’
2423 1357 2547 1414 ὅλου
2594 1361 2868 1432 ἐγκρατὴς
2917 1364 3156 1430 ἐγένετο.
3209 1361 3340 1417 Εἶτα
3396 1367 3614 1437 ἔρχεται

2046 1450 2186 1503 κατὰ
2222 1451 2318 1518 τῆς
2359 1453 2520 1520 νήσου
2553 1451 2807 1520 Κύπρου,
2839 1455 2931 1506 καὶ
2984 1457 3122 1522 μετὰ
3177 1455 3268 1508 τοῦ
3320 1459 3487 1528 ῥηγδς
3537 1463 3616 1523 είς

2042 1537 2347 1610 συμϐάσεις
2397 1541 2662 1608 ἐλθόντες,
2695 1545 2850 1609 τέλος
2896 1545 3053 1610 ἔταξε
3084 1549 3282 1603 διδόναι
3319 1552 3464 1620 αὑτῷ
3523 1553 3615 1606 καὶ

2040 1633 2213 1697 οὕτως
2246 1635 2620 1706 ἀνεχώρησεν.
2669 1636 2799 1691 Είτα
2848 1640 3033 1693 στόλον
3085 1642 3268 1710 ἕτερον
3295 1641 3614 1712 ἑτοιμάσας,

2042 1728 2181 1778 κατὰ
2214 1727 2311 1796 τῆς
2353 1731 2515 1797 νήσου
2567 1727 2751 1782 Ῥόδου
2825 1730 2995 1784 ἐλθὼν
3049 1733 3333 1802 ἄπρακτος
3396 1738 3460 1788 ὲκ
3510 1738 3616 1788 τῶν

368 1817 686 1886 Ἀμουρὰτη
716 1821 743 1871 ὁ
773 1808 1106 1888 Καραμάνος
1155 1820 1489 1889 Ἀλισούριος
1518 1824 1582 1874 ὲκ
1616 1821 1724 1874 τῶν
1757 1822 1933 1887 ὀρέων
1968 1810 2008 1868 Β
2037 1816 2249 1868 ἐκεῖθεν
2277 1816 2453 1886 διέϐη,
2489 1819 2581 1871 καὶ
2631 1818 2818 1872 πολλοὶ
2874 1821 2939 1872 ὲκ
3000 1820 3094 1872 τοῦ
3161 1821 3396 1890 στρατοῦ
3447 1824 3613 1876 αὑτοῦ

352 1910 605 1972 καταϐὰς
640 1910 811 1962 πολὺν
847 1911 1010 1963 τόπον
1045 1911 1224 1982 ἑαυτῷ
1272 1914 1724 1984 περιεποιήσατο.
1765 1915 1823 1966 Ὁ
1869 1913 1927 1965 δὲ

328 1999 485 2060 ,νέος
525 1999 794 2068 αὐθέντης
827 2003 854 2052 ὁ
893 2001 1180 2072 Μεεμέτης
1214 2003 1442 2070 στρατὸν
1492 2003 1791 2070 ἑτοιμάσας
1843 2005 1931 2072 ἔρ-

351 2107 518 2157 χεται
557 2096 682 2143 κατ’
713 2091 880 2143 αὑτοῦ
917 2107 931 2122 ο
969 2093 1131 2156 αὑτὸς
1160 2094 1217 2146 δὲ
1262 2093 1451 2162 φυγὼν
1499 2094 1662 2148 πάλιν
1695 2095 1777 2156 είς
1835 2094 1932 2157 τὰς

349 2184 609 2250 κορυφὰς
641 2181 752 2234 τῶν
785 2183 961 2251 ὀρέων
997 2184 1268 2254 διήρχετο,
1329 2185 1433 2247 ἕως
1499 2181 1560 2238 οὗ
1613 2186 1755 2255 μετά
1814 2204 1934 2239 τινα

349 2273 550 2342 καιρὸν
581 2273 864 2336 παντελῶς
894 2274 1198 2343 ἠφανίσθη.
1229 2277 1386 2329 Μετὰ
1439 2277 1495 2329 δὲ
1522 2277 1582 2330 τὸ
1638 2277 1936 2348 διωχθῆναι

349 2363 454 2417 τὸν
486 2366 822 2434 Καραμάνον
861 2369 1106 2436 περάσας
1167 2370 1224 2420 ὲν
1279 2371 1344 2438 τῇ
1393 2369 1789 2436 Καλλιουπόλει
1845 2371 1937 2424 καὶ

346 2457 440 2517 εἰς
509 2455 984 2524 Ἀνδριανούπολιν
1038 2457 1150 2527 94
1204 2458 1418 2524 φθάσας
1482 2461 1791 2530 ήτοιμάσθη
1846 2465 1940 2516 καὶ

347 2541 491 2616 ἦλθε
519 2549 661 2599 κατὰ
696 2549 794 2615 τῆς
849 2547 1059 2611 πόλεως
1115 2551 1211 2600 καὶ
1280 2550 1574 2620 Ῥωμαίων
1638 2554 1937 2622 βασιλείας,

348 2639 578 2708 καὶτῆς
609 2640 864 2708 τοιαύτης
897 2643 1102 2710 περιφή
1114 2658 1216 2710 μου
1244 2643 1456 2705 πόλεως
1486 2645 1676 2713 κύριος
1699 2647 1938 2713 ἐγένετο,

351 2729 457 2783 καὶ
524 2730 672 2798 ἡμᾶς
739 2730 950 2782 ἐκεῖθεν
1005 2731 1358 2800 ῂχμαλώτισε
1419 2735 1513 2786 καὶ
1555 2736 1788 2804 ήφάνισε
1848 2737 1940 2788 καὶ

348 2819 619 2886 ἐξέωσεν.
650 2817 778 2874 Εἶτα
811 2823 1096 2890 στρατεύει
1133 2807 1273 2877 κατὰ
1317 2825 1418 2894 τῆς
1473 2825 1748 2894 βασιλείας
1801 2821 1942 2895 Τρα-

349 2911 678 2976 ⁸ιτεζοῦντος,
746 2914 844 2966 καὶ
900 2915 956 2966 ἐν
1015 2915 1239 2986 εὐκολία
1304 2918 1420 2985 μετ’
1464 2917 1644 2987 ὀλίγον
1705 2920 1940 2990 πόλεμον

351 3004 548 3056 πᾶσαν
579 3003 791 3073 ἐκείνην
817 3002 916 3072 τὴν
964 3006 1144 3077 ἀρχὴν
1195 3007 1376 3072 ἔλαϐε,
1435 3010 1530 3064 κα).
1571 3012 1664 3065 τὸν
1714 3012 1940 3081 βασιλέα

349 3091 532 3160 αὐτῆς
573 3093 736 3145 Δαϐὶδ
765 3093 855 3145 τὸν
884 3095 1170 3164 Κομνηνὸν
1193 3097 1537 3167 αἰχμάλωτον
1560 3104 1616 3155 ὲν
1668 3106 1734 3172 τῇ
1788 3105 1940 3159 πόλει

354 3184 776 3237 Κωνσταντίνου
806 3175 1023 3257 ἔφερεν.
1080 3189 1192 3242 Καὶ
1248 3190 1349 3258 τὴν
1409 3191 1740 3262 περιϐόητον
1787 3195 1943 3252 πόλιν

355 3364 560 3417 molem
585 3363 696 3432 jam
725 3376 836 3420 tum
870 3369 1141 3424 committi
1173 3370 1304 3436 lilio,
1325 3387 1394 3426 ne
1421 3374 1648 3443 spiritus
1673 3369 1943 3444 juveniles

353 3470 536 3526 regno
561 3459 863 3512 excitarent
885 3460 1146 3529 pericula.
1179 3463 1509 3521 Mehemetes
1535 3467 1647 3522 haec
1696 3469 1783 3523 ubi
1813 3485 1942 3524 sen~

356 3549 456 3610 sit,
501 3547 578 3599 ira
609 3545 846 3612 furebat,
882 3549 1192 3620 multosque
1221 3555 1285 3608 de
1321 3555 1407 3611 his
1443 3557 1715 3612 veziribus
1752 3570 1942 3628 postea

359 3636 665 3702 interemit,
690 3637 742 3690 in
776 3639 935 3693 rebus
971 3649 1082 3694 tum
1111 3643 1427 3700 domesticis
1462 3657 1574 3700 tum
1604 3648 1816 3703 bellicis
1845 3650 1943 3704 ad-

367 3724 748 3782 ministrandis
810 3729 1133 3797 sapientiam
1196 3735 1352 3802 plane
1393 3739 1618 3791 senilem
1655 3751 1938 3805 praestans.

359 3814 499 3867 Erat
524 3813 748 3884 impiger
778 3828 831 3871 et
861 3834 988 3873 acer
1011 3820 1061 3874 in
1091 3823 1248 3876 rebus
1271 3825 1544 3890 omnibus,
1569 3838 1729 3896 atque
1759 3843 1944 3885 amore

363 3904 807 3972 amplectebatur
855 3909 1100 3966 homines
1137 3915 1350 3968 virtutis
1388 3926 1441 3969 et
1488 3907 1790 3974 litterarum
1827 3933 1945 3976 stu-

359 3997 555 4050 diosos
580 4014 596 4062 ;
623 4012 724 4052 nec
743 3999 857 4066 ipse
876 4001 1026 4054 rudis
1044 4011 1160 4054 erat
1185 4005 1361 4057 littera
1374 4017 1573 4072 rnm,et
1587 4009 1637 4061 in
1657 4011 1944 4080 disciplina

355 4086 692 4156 astrologica
744 4104 1064 4156 progressus
1089 4107 1195 4146 non
1231 4081 1533 4150 mediocres
1563 4099 1765 4154 fecerat
1796 4119 1812 4168 ;
1856 4121 1944 4160 as—

354 4176 519 4230 sidua
546 4172 778 4231 lectione
803 4191 1123 4248 occupatus,
1149 4197 1234 4236 res
1268 4196 1449 4253 gestas
1475 4197 1530 4241 et
1555 4189 1692 4244 vitas
1707 4193 1941 4260 Alexan-

353 4269 440 4320 dri
494 4265 832 4334 Macedonis,
895 4271 1100 4326 Ot-tavii
1132 4273 1382 4342 Caesaris,
1409 4277 1577 4333 Flavii
1607 4282 1946 4339 Constantini

356 4349 563 4425 Magni,
615 4357 958 4427 imperatoris
981 4360 1270 4419 Theodosii
1296 4364 1516 4434 Hispani
1539 4370 1768 4441 legebat,
1799 4391 1949 4443 qua:-

2034 1907 2460 1976 ἀπεκτάνθησαν
2489 1909 2576 1962 διὰ
2604 1909 2664 1962 τὸ
2695 1909 2870 1964 ἐλθεῖν
2902 1911 3088 1964 στόλον
3121 1913 3243 1965 τινὰ
3261 1915 3323 1966 ἐκ
3340 1915 3436 1983 τῆς
3478 1916 3616 1968 Ἰτα-

2033 1994 2149 2054 λίας
2200 1999 2280 2059 είς
2315 1997 2592 2066 βοήθειαν.
2628 1999 2803 2063 Αὐτὸς
2853 2001 2909 2053 δὲ
2963 2001 3119 2071 θυμῷ
3166 2003 3473 2073 καχλάζων,
3530 2004 3617 2057 ἵνα

2039 2087 2140 2158 τὴν
2170 2090 2512 2160 άνταμοιϐὴν
2542 2094 2654 2154 τοῖς
2698 2092 2920 2156 Ἰταλοῖς
2947 2096 3168 2165 ποιήσῃ,
3201 2096 3386 2149 στόλον
3445 2096 3618 2168 βαρὺν

2038 2181 2336 2248 ἑτοιμάσας
2390 2184 2527 2251 μετά
2594 2185 2824 2254 στρατοῦ
2882 2185 3081 2239 πολλοῦ
3125 2187 3349 2240 ἱππικοῦ
3409 2206 3469 2240 τε
3523 2193 3618 2241 καὶ

2037 2271 2202 2333 πεζοῦ
2219 2271 2417 2324 ἔστειλε
2441 2275 2583 2330 κατὰ
2599 2277 2695 2344 τῆς
2723 2277 2832 2346 95
2849 2278 3163 2349 Καλαϐρίας
3181 2285 3274 2334 καὶ
3305 2284 3402 2351 τῆς
3431 2284 3622 2336 Ἀπου-

2039 2359 2181 2424 λίας,
2215 2364 2308 2414 καὶ
2339 2365 2396 2415 ὲν
2446 2363 2522 2434 τῷ
2550 2366 2891 2436 ἀπέρχεσθαι
2954 2371 3045 2423 τὸν
3093 2373 3278 2426 στόλον
3342 2374 3618 2427 Ζάκυνθ.ν

2042 2453 2136 2505 καὶ
2167 2455 2509 2523 Κεφαλονίαν
2545 2457 2827 2523 ὑποτελεῖς
2888 2463 3116 2534 ἐποίησε
3147 2480 3161 2494 ·
3217 2465 3434 2532 φθάσας
3491 2467 3548 2520 δὲ
3590 2469 3618 2518 ὁ

2044 2545 2229 2606 στόλος
2295 2549 2353 2598 ὲν
2422 2551 2487 2617 τῇ
2532 2549 2840 2621 Κάλαϐρία,
2911 2553 2970 2606 τὸ
3031 2557 3291 2627 φρούριον
3340 2559 3396 2612 τὸ
3445 2561 3500 2612 ἐν
3548 2564 3613 2630 τῇ

2055 2627 2315 2708 ’Ᾱπουλίᾳ
2336 2642 2394 2691 τὸ
2438 2640 2733 2710 λεγόμενον
2770 2645 2997 2714 ’Υδροὖς
3027 2648 3357 2713 ἀποκλείσας
3390 2654 3486 2705 καὶ
3515 2627 3616 2704 ’ποζ

2042 2729 2340 2798 λιορκήσας
2376 2731 2506 2784 αὑτὸ
2557 2733 2735 2799 ἔλαϐε,
2772 2737 2865 2787 καὶ
2901 2736 3063 2809 ἔτερα
3101 2741 3339 2811 φρούριά
3367 2760 3487 2796 τινα
3517 2746 3615 2798 λα-

2043 2822 2154 2876 ϐὼν
2185 2825 2370 2895 πρόσω
2399 2828 2714 2895 ἐπορεύετο.
2744 2830 2854 2882 Καὶ
2882 2831 2977 2883 ἐὰν
3012 2834 3088 2902 μὴ
3108 2835 3289 2902 sese;
3320 2837 3378 2901 ἐξ
3405 2839 3618 2909 ἀνθρώ-

2044 2935 2162 2972 πων
2201 2920 2456 2989 ὲποίησεν
2488 2921 2649 2975 αὑτὸν
2681 2919 2763 2986 οἷς
2793 2919 2898 2978 οἶδε
2934 2927 3180 2996 τρόποις,
3218 2931 3286 2983 τὰ
3333 2932 3493 3000 ὃμοια
3540 2933 3616 2995 tit;

2047 3011 2146 3063 ttat
2178 3009 2335 3080 ἡμεῖς
2378 3013 2426 3064 oi
2469 3013 2661 3066 Ἰταλοὶ
2689 3015 2887 3067 ἔπαθον
2915 3017 3000 3072 άν.
3053 3021 3361 3085 ’Δκουσθεὶς
3393 3023 3494 3075 δὲὸ
3524 3023 3618 3076 θά-

1970 3136 2013 3194 C
2049 3120 2204 3167 νατος
2239 3104 2402 3158 αὑτοῦ
2430 3106 2488 3158 ἑν
2518 3109 2581 3176 τῇ
2630 3106 2851 3180 Ἰταλίᾳ,
2899 3112 2947 3161 οἱ
2982 3113 3262 3182 σατράπαι
3295 3118 3388 3168 καὶ
3423 3119 3472 3169 οἱ
3516 3135 3615 3170 κυ-

2045 3195 2305 3266 ϐερνῆται
2335 3197 2428 3250 τοῦ
2467 3198 2654 3251 στόλου
2711 3200 2927 3254 καὶτοῦ
2953 3205 3187 3273 στρατοῦ
3229 3209 3366 3276 μετὰ
3403 3211 3619 3278 συμϐά-

2044 3393 2277 3451 cumque
2309 3382 2719 3438 celeberrimam
2779 3384 2966 3440 urbem
3006 3386 3244 3456 Sinopen
3299 3391 3619 3450 decessore.»

2044 3476 2162 3544 ejus
2179 3475 2551 3530 tantummodo
2569 3476 2884 3545 vectigalem
2907 3478 3242 3542 habuissent.
3266 3481 3615 3554 Mehemetes,

2044 3564 2214 3619 armis
2245 3565 2458 3620 devicto
2494 3563 2614 3633 ejus
2646 3582 2852 3633 amera,
2886 3585 3112 3636 prorsus
3141 3586 3259 3624 eam
3297 3574 3350 3626 in
3382 3585 3618 3643 potesta-

2047 3665 2152 3708 tem
2184 3671 2337 3710 suam
2372 3657 2603 3728 redegit.
2659 3657 2868 3714 Deinde
2920 3672 3074 3730 rupta
3104 3679 3257 3731 pace,
3291 3681 3450 3733 quam
3495 3685 3614 3723 cum

2045 3745 2284 3813 despotis
2316 3745 2565 3811 habebat,
2612 3747 2664 3799 in
2692 3745 3124 3816 Peloponnesum
3157 3753 3331 3819 duxit,
3365 3759 3615 3826 eamque.

2046 3836 2216 3902 pulsis
2246 3837 2506 3903 despotis,
2538 3847 2705 3892 totam
2743 3843 3052 3909 occupavit,
3099 3845 3238 3901 sicut
3284 3849 3449 3902 etiam
3489 3853 3617 3904 reli-

2046 3940 2209 3993 quam
2244 3936 2450 3994 partem
2494 3927 2716 3993 Serviae,
2762 3931 2878 3999 ejus
2917 3935 3136 4001 despota
3174 3951 3297 3991 cum
3330 3951 3502 3995 matre
3534 3943 3619 3996 [ιι-

2046 4026 2194 4084 gato,
2229 4017 2458 4085 imperio
2493 4033 2594 4073 suo
2647 4023 2898 4092 subjecit.
2952 4025 3146 4080 Chium
3181 4041 3234 4083 et
3262 4030 3495 4087 Lesbum
3538 4037 3619 4090 in-
3701 4053 3707 4066 ε

2047 4105 2196 4159 sulas
2243 4108 2380 4160 citra
2424 4109 2622 4163 bellum
2659 4112 2761 4166 sibi
2793 4114 3111 4171 tributarias
3140 4117 3267 4173 fecit
3297 4141 3311 4175 :
3347 4137 3410 4175 ac
3440 4123 3616 4179 Lesb"

2047 4197 2264 4265 quidem
2304 4214 2426 4252 mox
2458 4200 2706 4257 universa
2743 4207 2946 4272 potitus
2986 4218 3088 4264 est.
3139 4211 3342 4268 Deinde
3367 4201 3614 4286 Cyprum
3699 4238 3704 4242 -

2049 4303 2358 4357 aggressus,
2392 4305 2512 4345 cum
2563 4294 2680 4363 ejus
2712 4312 2835 4367 rege
2871 4301 2936 4354 tle
2989 4303 3191 4359 tributo
3225 4307 3324 4362 sibi
3359 4311 3617 4364 solvendo

2050 4390 2262 4447 pactum
2291 4382 2591 4451 iniitatquc
2617 4386 2688 4438 ita
2717 4389 2965 4444 recessit.
2993 4390 3111 4446 Mox
3146 4393 3248 4448 alia
3266 4397 3440 4452 classe
3468 4414 3619 4454 com-

355 4463 487 4502 rens
517 4459 572 4501 et
619 4451 877 4518 indagans
907 4465 1076 4519 artes,
1118 4459 1314 4525 quibus
1370 4479 1559 4520 omnes
1589 4468 1940 4523 antecelleret
1974 4463 2018 4518 D
2046 4481 2232 4538 parata
2257 4481 2511 4527 etcontra
2547 4475 2795 4533 Rhodum
2821 4481 3006 4548 (lucta,
3043 4499 3103 4538 re
3134 4485 3332 4540 infecta
3382 4491 3504 4544 inde
3535 4508 3620 4546 re-

354 4550 411 4594 et
449 4543 599 4606 regni
632 4543 763 4626 lines
784 4544 1050 4611 proferret
1073 4563 1234 4616 quam
1269 4553 1534 4610 latissime
1564 4559 1745 4626 :qu'od
1772 4561 1931 4614 etiam

354 4630 638 4700 praestitit.
667 4622 864 4687 Audita
914 4647 1086 4691 morte
1129 4642 1427 4710 Amuratis,
1463 4622 1795 4705 Caratitanus
1826 4654 1937 4705 έιΙῘ-

355 4720 546 4775 surius
579 4737 609 4774 e
641 4726 918 4780 montibus
950 4727 1228 4784 descendit
1248 4735 1523 4804 multaque
1540 4740 1640 4793 sibi
1669 4746 1784 4796 loca
1807 4744 1968 4796 subr

362 4812 528 4880 jecit.
594 4810 817 4868 Juvenis
852 4830 942 4868 rex
1005 4817 1357 4890 Mehemetes,
1409 4841 1720 4897 comparata
1754 4849 1938 4897 manu,

357 4903 630 4956 adversus
666 4917 790 4956 cum
835 4906 1199 4971 proﬁciscitur
1229 4929 1242 4976 ;
1299 4915 1388 4980 qui
1418 4916 1470 4968 in
1514 4920 1692 4987 fugam
1726 4935 1938 4984 versus,

359 5009 557 5050 rursus
589 4995 643 5048 in
681 4999 945 5052 montium
976 5001 1105 5070 juga
1163 5018 1220 5058 se
1255 5005 1422 5071 abdit.
1462 5009 1633 5066 donec
1664 5014 1939 5082 aliquanto

356 5095 484 5154 post
502 5088 732 5143 omnino
743 5089 974 5147 deletur.
997 5093 1362 5151 Caralitanum
1384 5113 1721 5171 persecutus,
1738 5106 1937 5160 Callio-

355 5178 554 5246 polim,
579 5180 774 5234 deinde
798 5182 1210 5254 Adrianopolitn
1233 5171 1524 5257 concessit,
1549 5195 1707 5258 unde,
1737 5198 1937 5252 instru-

353 5272 458 5325 ctis
489 5271 683 5337 copiis,
710 5275 972 5329 adversus
1001 5279 1188 5332 urbem
1223 5289 1276 5334 et
1314 5282 1600 5351 imperium
1636 5285 1935 5342 Romanum

339 5347 750 5431 proﬁciscitur,
794 5380 857 5420 ae
890 5378 1034 5420 tanta
1088 5373 1188 5425 hac
1223 5382 1444 5442 tamque
1481 5378 1646 5432 nobili
1681 5381 1810 5435 urbe
1839 5397 1935 5450 po-

355 5455 510 5518 titus,
540 5463 757 5508 nosmet
790 5457 913 5511 inde
941 5462 1180 5527 captivos
1211 5466 1413 5534 expulit
1446 5476 1498 5522 et
1535 5473 1930 5528 exterminavit.

352 5543 474 5596 Mox
512 5543 1001 5612 Trapezuntiorutn
1051 5565 1274 5620 regnum
1311 5557 1558 5621 adortus,
1599 5559 1738 5615 facili
1769 5579 1930 5632 Opera

351 5637 481 5689 illud
525 5650 748 5706 quoque
807 5637 958 5692 brevi
1007 5640 1147 5695 bello
1185 5645 1287 5699 sibi
1323 5648 1642 5715 vindicavit,
1669 5665 1720 5707 et
1755 5670 1929 5722 regem

349 5730 468 5798 ejus
500 5727 779 5784 Davidem'
807 5729 1143 5788 Comnenutn
1203 5743 1476 5806 captivum
1509 5744 1716 5814 Cpol-im
1752 5747 1907 5802 dixit

681 5825 952 5889 Punor.
992 5829 1108 5890 Gn.
1156 5833 1329 5895 CLVI
1373 5836 1398 5857 '

2045 4560 2162 4622 diit,
2196 4565 2410 4617 amissis
2443 4581 2548 4618 non
2580 4569 2764 4634 paucis
2817 4567 3106 4636 militibus.
3138 4581 3392 4647 quoniam
3425 4583 3617 4639 classis

2045 4667 2112 4704 ex
2140 4651 2287 4705 Italia
2321 4655 2522 4709 auxilio
2551 4670 2794 4714 venerat.
2827 4661 2946 4730 Ipse
2983 4665 3059 4719 ira
3113 4678 3167 4721 et
3220 4673 3470 4738 cupidine
3510 4691 3616 4732 res-

2047 4749 2203 4795 tnans
2227 4741 2390 4797 Italos
2420 4745 2740 4809 ulciscendi,
2763 4749 2989 4806 classem
3010 4755 3278 4825 ingentem
3311 4765 3499 4819 multis
3527 4766 3614 4820 in-

2044 4840 2310 4887 structam
2367 4837 2640 4903 peditibus
2695 4848 2758 4907 et.
2790 4844 3063 4911 equitibus
3107 4849 3160 4901 in
3208 4848 3518 4909 Calabriam
3561 4871 3616 4912 et

2042 4922 2288 4988 Apuli-ant
2315 4927 2480 4991 misit,
2507 4932 2736 4998 atquein
2763 4934 2956 4989 itinere
2978 4935 3312 5006 Zacynthum
3330 4955 3385 4997 et
3405 4947 3614 5018 Cepha-

2045 5010 2240 5066 leniam
2268 5018 2555 5086 vectigales
2574 5020 2722 5076 fecit.
2741 5025 2978 5093 Appulsa
3003 5031 3176 5085 classe
3197 5033 3263 5088 ad
3280 5010 3607 5104 bal-abriam,

2041 5104 2294 5171 Oppidum
2327 5108 2532 5175 Apulia:
2557 5110 2892 5180 llydruntem
2919 5119 3132 5174 obsedit
3153 5126 3424 5194 cepitque,
3449 5141 3613 5198 atque

2040 5196 2160 5250 aliis
2195 5199 2518 5261 quibusdam
2549 5207 2761 5274 oppidis
2797 5212 3098 5278 occupatis,
3128 5216 3268 5270 ultra
3324 5196 3606 5288 processit.

2039 5291 2138 5351 Ac,
2166 5289 2265 5342 nisi
2303 5293 2442 5348 Deus
2467 5309 2611 5360 cttm,
2651 5298 2847 5365 quibus
2877 5303 3014 5357 solet
3057 5308 3382 5375 rationibus,»
3414 5329 3443 5366 e
3475 5316 3610 5366 vivis

2039 5380 2378 5448 abstulisset,
2404 5402 2662 5443 σει-ωηολε
2709 5395 2910 5450 nOSIris
2940 5412 3094 5464 pares
3136 5388 3429 5455 subeunda.-
3463 5405 3608 5456 Itali.

2040 5469 2290 5527 fuissent.
2337 5477 2622 5548 Comperta
2647 5481 2767 5551 ejus
2804 5496 2975 5550 morte
3012 5489 3061 5540 in
3089 5489 3269 5553 italia,
3301 5501 3530 5554 satrapae.
3554 5509 3609 5545 cl.

2038 5564 2204 5620 duces
2233 5567 2418 5622 classis
2435 5579 2594 5639 atque
2624 5577 2895 5632 exercitus
2923 5581 3025 5634 sub
3057 5581 3462 5634 conditionibus
3487 5589 3608 5650 qut-

2036 5654 2263 5709 hnsdam
2284 5660 2478 5727 oppida
2518 5666 2939 5723 restitnernntet
2963 5687 3026 5724 ex
3061 5670 3210 5722 Italia
3236 5673 3604 5742 dcces.~ernnt.

2037 5745 2144 5802 Res
2181 5748 2234 5803 in
2263 5749 2514 5807 Calabria
2555 5756 2815 5829 igiturita
2859 5769 3176 5818 evenerunt.
3216 5760 3479 5832 Regnavit
3509 5780 3604 5819 an-

3131 5858 3206 5918 23
