4096 6300
569 353 675 415 7ὶὸ

1792 348 2119 408 GEORGII
2156 349 2584 410 PIIRANTZE

3720 347 3863 424 716,

570 489 705 533 σῖως
736 468 802 521 τὰ
828 467 1059 536 φρούρια
1088 465 1316 532 ἀφέντες
1349 463 1411 513 ὲκ
1456 462 1553 531 τῆς
1590 460 1819 524 Ἰταλίας
1850 460 2134 530 ἀνεχώρη-
2167 466 2212 521 Α
2242 466 2569 534 ἀειμνήστου
2625 464 2861 534 μεγάλου
2926 461 3320 524 Ἰουστινιανοῦ,
3354 461 3450 530 οὐχ
3477 462 3627 532 ὑπὲρ
3658 464 3831 532 ἀνάγ·

571 578 671 614 σαν
693 577 705 590 ·
742 561 833 611 καὶ
866 558 1035 617 οὓτως
1058 556 1125 608 τὰ
1158 556 1213 606 ὲν
1238 556 1302 622 {ﬁ
1337 552 1619 621 Καλαϐρία
1648 548 1958 618 γεγᾚνασιν.
1977 551 2135 603 Ἐϐα-

570 654 810 707 υίλευσεν
838 650 894 702 δὲ
927 648 1024 716 ἐτη
1078 648 1172 698 δύο
1205 646 1302 698 καὶ
1331 644 1648 714 τριάκοντα,
1681 644 1778 695 καὶ
1800 644 1950 716 Λδέκα
1982 642 2136 711 βασι-

568 742 716 803 λείας
747 736 981 801 ὑπέταξε
1012 712 1123 789 *καὶ
1155 712 1441 795 ἐδούλωσε,
1502 735 1596 787 καὶ
1624 712 1905 795 διακοᾶίας
1952 732 2137 794 πόλεις

568 841 636 887 ta:
656 834 764 887 τῶν
791 829 1135 902 Χριστιανῶν
1164 827 1346 880 ἔλαϐε.
1379 827 1544 878 [Ιέντε
1568 825 1624 878 δὲ
1651 825 1992 890 διαλέκτους,
2029 840 2137 893 χω-

570 928 653 994 ρὶς
679 924 780 992 τῆς
820 922 1010 985 αὑτοῦ,
1045 919 1219 988 ὀρθῶς
1265 918 1491 987 ώμίλειξ
1527 917 1865 987 Ἑλληνικὴν,
1919 918 2138 970 Λατινι·

568 1017 690 1086 κήν,
736 1013 1053 1083 Ἀραϐικὴν,
1094 1009 1405 1077 Χαλδαῖκήν
1446 1010 1541 1061 καὶ
1566 1009 1865 1077 Περσικήν.
1911 1009 2046 1060 Δίαν
2072 1003 2139 1077 ἦν

569 1108 992 1176 εὐφραινόμενος
1018 1104 1223 1173 ὁμιλεῖν
1270 1103 1362 1155 καὶ
1388 1102 1739 1168 διαλέγεσθαι
1789 1100 1924 1170 μετὰ
1962 1101 2140 1168 σοφῶν

571 1199 664 1250 καὶ
699 1196 932 1248 συνετῶν
962 1195 1203 1263 ἀνδρῶν’
1240 1194 1326 1246 διὰ
1358 1193 1516 1246 τοῦτο
1548 1193 1645 1245 καὶ
1668 1193 1760 1245 τὸν
1790 1193 2141 1261 πατριάρχην

573 1288 678 1355 κὺρ
707 1285 990 1338 Γεννάδιον
1020 1285 1209 1352 ἠγάπα
1243 1284 1336 1336 καὶ
1388 1284 1585 1353 ἤκουεν
1619 1281 1787 1335 αὑτοῦ
1821 1286 1911 1335 καλ⁶
1944 1283 2142 1351 συχνά-

574 1399 660 1443 κις
686 1379 877 1443 ὡμίλει
909 1377 1079 1446 αὐτῷ.
1108 1377 1300 1443 Ἔλεγε
1353 1376 1407 1428 δὲ
1430 1377 1511 1429 ὅτι
1549 1377 1611 1426 ὲκ
1642 1376 1739 1444 τῆς
1775 1374 1883 1426 τῶν
1924 1373 2141 1442 ἄστρων

576 1472 844 1540 κινήσεως
871 1465 1166 1536 ἐγνώριζεν
1200 1468 1281 1519 ὅτι
1335 1467 1573 1535 βασιλεῖς
1604 1466 1830 1536 ἔμελλεν
1871 1465 2141 1530 ὑποτάξαι

577 1562 671 1613 καὶ
700 1560 929 1621 πολλοὺς
959 1559 1157 1620 τόπους
1190 1557 1454 1610 δουλῶσαι
1512 1558 1603 1609 καὶ
1633 1556 1802 1620 οὕτως
1837 1557 2072 1625 ἐγένετο.

647 1650 757 1701 Καὶ
777 1648 947 1709 οὕτως
984 1649 1105 1715 μὲν,
1150 1646 1330 1708 καθὼς
1376 1648 1747 1717 ἱστορήσαμεν
1796 1651 1915 1699 κατ’
1964 1651 2145 1700 ἐπιτοο

582 1739 710 1807 μὴν,
740 1738 937 1806 ἡάρχὴ
968 1736 1062 1787 τοῦ
1096 1738 1291 1801 γένους
1324 1735 1417 1786 τοῦ
1454 1737 1646 1805 ἀμηρᾶ
1687 1736 1992 1802 Ὀτθμάνου
2048 1737 2143 1788 καὶ

2242 574 2343 625 κης
2374 558 2475 624 (ὅτι
2507 558 2666 618 αὐτὸς
2720 557 2827 625 γὰρ
2880 556 3061 624 σχεδὸν
3091 556 3264 607 εἰπεῖν
3286 554 3376 606 τὸν
3416 553 3628 622 κόσμον
3650 554 3828 608 anav-

2240 668 2306 703 τα
2341 648 2621 716 ὑπέταξε),
2672 648 2809 700 ἀλλὰ
2850 648 3010 715 μόνον
3061 647 3237 712 ἐφάνη
3272 644 3421 712 αὖτῷ
3461 643 3670 696 καλόν·
3708 644 3829 695 ἐπεὶ

2241 741 2333 794 καὶ
2360 741 2525 803 άλλας
2552 741 2741 809 ἐτέρας
2773 740 2983 797 κτίσεις
3037 738 3130 789 καὶ
3165 735 3458 802 οἰκοδομὰς
3489 734 3701 796 ἐποίει,
3734 736 3828 797 τὴν

2253 834 2538 901 Ῥωμαίων
2569 832 2741 900 ἀρχὴν
2779 829 3141 891 καλλωπίζων
3171 871 3184 893 ,
3222 828 3404 893 ἔδοξεν
3459 826 3615 891 αὑτῷ
3667 827 3825 895 καλή

2244 925 2420 984 κτίσις
2446 922 2540 974 τοῦ
2578 919 2818 988 Ἰσθμοῦ.
2859 917 3178 988 Προστάξας
3226 917 3450 982 ἐγένετο
3481 918 3537 966 ὲν
3564 915 3649 983 τῷ
3681 917 3829 985 τόπῳ

2243 1015 2454 1067 ἔνθακέν
2489 1029 2593 1065 τινι
2634 1011 2811 1081 καιρῷ
2853 1012 2949 1062 καὶ
2980 1012 3007 1061 ὁ
3043 1008 3335 1074 πατρίκιος
3369 1006 3623 1074 Νικήτας
3655 1008 3683 1057 ὁ
3706 1008 3828 1058 ἔπο-

2243 1106 2610 1173 νομαζόμενος
2659 1102 2919 1171 Ὀρειφᾶς
2953 1101 3046 1163 τὰς
3079 1100 3211 1166 νῆας
3242 1100 3406 1165 ἤγουν
3432 1097 3530 1159 τὰς
3573 1099 3829 1165 τριήρεις

2240 1197 2348 1266 97
2384 1198 2482 1257 τὰς
2518 1195 2834 1262 Ῥωμαϊκὰς
2885 1191 2975 1245 διὰ
3010 1193 3107 1259 τῆς
3159 1189 3331 1258 ξηρᾶς
3363 1188 3453 1241 τοῦ
3497 1188 3727 1256 ’ἰσθμοῦ
3768 1190 3827 1240 ὲκ

2242 1292 2342 1359 τῆς
2379 1286 2695 1353 Ἐλλαδικῆς
2723 1286 2993 1353 θαλάττης
3040 1285 3121 1340 είς
3171 1282 3269 1351 τὴν
3297 1280 3520 1349 δοτικὴν
3574 1280 3827 1348 περάσας

2243 1381 2367 1442 τοὺς
2411 1379 2636 1447 Κρῆτας
2674 1377 3008 1443 Ἀγαρηνοὺς
3057 1372 3426 1443 ὲτροπώσατο.
3496 1370 3671 1423 Ἀλλὰ
3712 1370 3825 1432 πῶς

2245 1472 2341 1523 καὶ
2365 1469 2454 1522 διὰ
2484 1470 2533 1522 τί
2567 1470 2627 1521 τὺ
2658 1469 2786 1521 αὐτὸ
2816 1469 2959 1535 μέγα
2993 1464 3361 1533 στρατήγημα
3392 1463 3487 1515 καὶ
3522 1461 3697 1529 ἔργον
3733 1478 3824 1512 πε-

2250 1561 2473 1631 ριφανὲς
2509 1562 2601 1613 καὶ
2638 1560 2785 1622 ἄξιον
2816 1560 3036 1626 μνήμης
3066 1556 3331 1621 ἐγεγόνει,
3364 1555 3463 1605 οὐκ
3491 1552 3821 1617 ἐγκαταλεί-

2245 1656 2350 1724 ψω,
2381 1654 2516 1707 ἀλλὰ
2544 1656 2610 1723 τῇ
2642 1651 2890 1721 ἡμετέρᾳ
2937 1649 3123 1700 ὲνώσω
3167 1647 3443 1714 διηγήσει,
3484 1645 3565 1695 ἔτι
3624 1644 3682 1695 δὲ
3732 1646 3819 1695 καὶ

2249 1747 2364 1810 πῶς
2395 1749 2427 1816 ἡ
2468 1750 2629 1815 νῆσος
2662 1746 2849 1814 Κρήτη
2898 1744 2996 1795 καὶ
3028 1742 3135 1793 τίνι
3178 1739 3364 1806 τρόπῳ
3400 1738 3503 1790 ὑπὸ
3527 1736 3635 1803 τὴν
3678 1734 3818 1797 ἐξου-

573 1828 683 1881 τῶν
707 1828 764 1891 ἐξ
795 1825 960 1879 αὑτοῦ
988 1827 1270 1893 ἀπογόνων
1295 1825 1405 1896 96
1434 1828 1560 1896 ἄχρι
1606 1828 1700 1879 καὶ
1752 1826 1844 1879 τοῦ
1880 1827 2138 1897 Μεεμέτη
2172 1807 2218 1867 Β
2251 1807 2371 1890 σία,
2400 1807 2861 1905 έῶνλΑγαρῆῥῶξ,
2908 1834 3064 1901 ἔτυχε
3100 1831 3376 1897 γενέσθαι,
3401 1829 3493 1880 καὶ
3520 1823 3686 1888 αὖθις
3712 1826 3816 1885 πῶς

576 1919 771 1988 ἁμηρᾶ
818 1918 875 1969 ὲν
913 1918 1034 1978 ταῖς
1078 1917 1244 1980 ζωαῖς
1278 1916 1457 1968 αὐτῶν
1505 1916 1685 1985 μάχας
1726 1914 1824 1967 καὶ
1874 1915 2145 1981 πολέμους

577 2008 672 2061 καὶ
701 2009 855 2070 νίκας
908 2006 1336 2075 ἐπολιτεὺθησαν
1387 2008 1482 2059 καὶ
1532 2006 1816 2074 ἐποίησαν.
1860 2007 2053 2073 Ἡμεῖς
2090 2005 2144 2057 δὲ

575 2106 672 2173 τῆς
708 2103 807 2167 τῆς
836 2100 1079 2169 ἱστορίας
1109 2098 1229 2151 ὁδοῦ
1264 2099 1405 2150 κατὰ
1436 2098 1591 2163 τάξιν
1640 2097 1794 2160 αὖθις
1825 2095 2144 2167 ἀρξώμεθα.

649 2198 755 2263 λγ’.
792 2195 880 2246 Ἐν
898 2194 953 2246 δὲ
974 2192 1052 2261 τῷ
1086 2191 1291 2260 Ἰουλίῳ
1316 2191 1449 2260 μηνὶ
1479 2190 1573 2243 τοῦ
1597 2193 1787 2258 ,ςᾏκω
1808 2190 1965 2253 ἔτους
1993 2189 2147 2258 ἐξῆλ-

579 2289 672 2343 θεν
704 2287 810 2341 ἀπὸ
831 2285 930 2353 τῆς
955 2284 1161 2345 πόλεως
1188 2283 1216 2333 ό
1248 2281 1499 2351 βασιλεὺς
1524 2282 1629 2351 κὺρ
1650 2284 1930 2353 Μανουήλ.
1950 2283 2145 2337 Ἀπελ-

578 2382 685 2436 θὼν
720 2382 799 2441 είς
846 2379 943 2449 τὴν
991 2377 1157 2445 νῆσον
1202 2375 1378 2429 Θάσον
1433 2376 1638 2445 ἐπῇρεν
1692 2376 1862 2447 αὐτὴν
1906 2380 1963 2429 ὲν
2014 2378 2145 2445 μηνὶ

577 2470 938 2540 Σεπτεμϐρίῳ
969 2466 1062 2521 τοῦ
1098 2468 1287 2539 ,ςξὶκβν
1338 2468 1530 2529 ἔτουςο
1580 2467 1675 2520 καὶ
1726 2463 1880 2528 αὖθις
1934 2468 2143 2519 ἐκεῖθεν

578 2562 820 2631 ἀπῆλθεν
853 2562 932 2619 είς
981 2560 1078 2630 τὴν
1114 2558 1543 2625 Θεσσαλονίκην,
1596 2554 1714 2611 εἶτα
1758 2559 1839 2620 είς
1875 2558 1965 2611 τὸν
2016 2559 2146 2611 Μω.

581 2658 729 2723 ρὲαν,
771 2652 901 2704 ἔνθα
926 2650 1247 2720 ᾠκοδόμησε
1281 2651 1342 2699 τδ
1380 2648 1694 2715 Ἐξαμίλιον
1733 2650 1791 2701 ὲν
1831 2650 2024 2716 ἐκείνῳ
2067 2649 2145 2718 τῷ

579 2746 729 2813 τόπῳ
762 2746 896 2797 ὅπου
933 2742 1028 2795 καὶ
1069 2743 1126 2793 ὲν
1152 2740 1368 2809 ἑτέροις
1395 2741 1605 2809 καιροῖς
1636 2738 1984 2809 ᾠκοδομήθη,
2016 2741 2145 2793 ὅταν

578 2838 606 2889 ό
647 2834 1013 2905 Ἀρταξέρξης
1044 2835 1072 2886 ό
1114 2832 1370 2902 βασιλεὺς
1416 2834 1664 2901 περάσας
1708 2832 1770 2883 ἐκ
1816 2835 1915 2900 τῆς
1958 2831 2145 2893 Ἀσίας

586 2925 725 2995 μετὰ
764 2925 858 2976 τοῦ
917 2922 1359 2992 μυριαριθμήτου
1413 2922 1622 2973 ἐκείνου
1676 2920 1908 2989 στρατοῦ
1948 2921 2145 2990 ἤρχετο

585 3017 705 3069 κατ’
735 3013 935 3067 αὐτῶν.
993 3010 1129 3066 Εἶτα
1157 3012 1245 3064 διὰ
1268 3013 1330 3063 τὸ
1372 3011 1579 3080 μάκρος
1608 3011 1701 3062 τοῦ
1732 3010 1924 3081 καιροῦ
1974 3012 2033 3063 τὸ
2077 3011 2146 3064 τά

2248 1930 2353 1982 ὑπὸ
2403 1929 2501 1999 τὴν
2549 1928 2799 1993 ἐξουσίαν
2841 1924 3129 1993 Ῥωμαίων
3163 1921 3401 1987 ἐγένετο,
3451 1920 3543 1971 καὶ
3578 1920 3697 1978 πῶς
3723 1917 3816 1968 ὀπὶ

2246 2022 2343 2089 τὴν
2374 2020 2622 2083 ἐξουσίαν
2658 2020 2757 2088 τῆς
2808 2017 3103 2087 γερουσίας
3136 2015 3246 2066 τῶν
3311 2013 3538 2065 Ἐνετῶν
3575 2011 3811 2062 ἐνέπεσε.

2248 2113 2356 2166 Καὶ
2392 2114 2551 2165 πάλιν
2600 2111 2694 2164 τοῦ
2739 2110 3008 2179 ἡμετέρου
3064 2107 3226 2177 ἔργου
3280 2102 3549 2173 ἁψώμεθα
3603 2103 3698 2155 καὶ
3733 2099 3814 2151 τὸν

2248 2203 2415 2257 πλοῦν
2442 2204 2539 2272 τῆς
2570 2204 2696 2265 νέας
2734 2202 2978 2270 ἱστορίας
3015 2201 3355 2267 ποιήσωμεν.

2317 2293 2411 2347 λδ’.
2444 2295 2506 2348 Οἱ
2535 2293 2629 2347 τοῦ
2671 2293 2981 2361 καταράτου
3012 2290 3260 2358 Μωάμεθ
3297 2289 3554 2354 ἀπόγονοι
3591 2287 3811 2355 διάδοχοί

2246 2400 2305 2435 τε
2334 2382 2427 2435 καὶ
2456 2382 2785 2451 κληρονόμοι
2811 2378 2908 2448 τῆς
2936 2379 3103 2433 αὑτοῦ
3141 2377 3316 2448 ἀρχῆς
3344 2377 3557 2446 πρῶτον
3592 2377 3690 2443 μὲν
3718 2377 3805 2441 τῆς

2247 2475 2354 2527 τῶν
2392 2474 2615 2543 Περσῶν
2637 2474 2811 2542 ἀρχῆς
2850 2474 3136 2540 ἐγκρατεῖς
3165 2470 3447 2537 γενόμενοι
3479 2467 3579 2519 καὶ
3610 2466 3806 2533 Μηδίας

2247 2570 2342 2621 καὶ
2364 2567 2683 2628 Βαϐυλῶνος
2711 2566 2803 2618 καὶ
2845 2564 3149 2633 Ἀσσυρίων
3177 2562 3591 2632 κυριεύσαντες,
3640 2561 3734 2629 ἤδη
3756 2559 3803 2610 δὲ

2250 2659 2637 2726 καὶΑίγύπτου
2671 2656 2761 2708 καὶ
2791 2655 2990 2720 Συρίας
3022 2655 3117 2705 καὶ
3150 2651 3446 2721 Ἀσσυρίας
3476 2655 3575 2703 καὶ
3618 2650 3802 2702 Παλαι-

2250 2751 2434 2821 στίνης
2464 2750 2555 2802 καὶ
2578 2747 2782 2815 Λιϐύης
2811 2745 2905 2798 καὶ
2934 2744 3207 2813 ’Δφρικῆς
3232 2745 3325 2796 καὶ
3354 2743 3549 2811 μέρους
3578 2742 3676 2793 οὐκ
3702 2740 3799 2790 ὀλί-

2248 2860 2345 2910 γου
2375 2844 2437 2892 ἐκ
2461 2841 2557 2906 τῆς
2594 2838 2885 2908 Εὐρώπης,
2922 2836 3059 2905 μετὰ
3090 2835 3145 2887 δέ
3193 2852 3314 2887 τινα
3346 2835 3535 2901 καιρὸν
3565 2832 3798 2901 ἀλλήλοις

2252 2932 2664 2996 στασιάσαντες,
2722 2932 2753 2999 ἡ
2795 2930 2891 2999 μία
2931 2927 3068 2996 αὕτη
3110 2926 3316 2996 μεγάλη
3357 2926 3497 2995 ἀρχὴ
3528 2928 3612 2988 εἰς
3641 2924 3794 2977 πολλὰ

2248 3021 2590 3092 διεμερίσθη,
2622 3022 2715 3073 καὶ
2743 3019 2901 3074 ἄλλον
2941 3019 3040 3088 μὲν
3067 3019 3311 3087 ἀρχηγὸν
3336 3012 3481 3085 εἶχεν
3520 3018 3553 3085 ή
3587 3016 3791 3083 Περσίι,

584 3106 762 3160 πάντα
792 3104 1035 3173 δαμάζον
1061 3103 1154 3155 καὶ
1178 3102 1581 3171 άνεπιμέλητον
1612 3102 1811 3170 ἀφεθὲν
1842 3103 2105 3173 διεφθάρη
2126 3119 2142 3135 ⁶
2172 3133 2214 3189 C
2249 3110 2407 3163 ἄλλον
2437 3109 2493 3160 δὲ
2539 3111 2570 3179 ή
2615 3108 2895 3171 Βαϐυλὼν,
2930 3106 3120 3175 ἕτερον
3151 3106 3205 3157 δὲ
3241 3104 3310 3157 τὰ
3348 3108 3445 3173 τῆς
3483 3104 3667 3163 Ἀσίας
3694 3102 3792 3155 άνω

583 3202 646 3252 ὲκ
679 3199 933 3266 δευτέρου
981 3196 1037 3248 δὲ
1061 3193 1276 3248 κτισθὲν
1316 3189 1387 3265 ἦν
1440 3193 1592 3263 παρὰ
1620 3194 1713 3247 τοῦ
1743 3194 1802 3247 ὲν
1830 3193 2144 3264 βασιλεῦσιν
2250 3204 2341 3256 καὶ
2370 3192 2518 3256 κάτω
2552 3202 2692 3272 μέρη
2719 3217 2733 3232 ·
2767 3200 2862 3253 ἕνα
2896 3199 2996 3269 μὲν
3036 3198 3279 3269 ἀρχηγὸν
3320 3192 3464 3265 εἶχεν
3501 3197 3533 3265 ή
3577 3194 3789 3279 Ταρσὸς,

589 3390 687 3430 nos
720 3375 859 3428 duos
894 3383 948 3426 et
988 3373 1205 3441 triginta
1240 3389 1253 3437 ;
1284 3372 1571 3440 acquisivit
1602 3380 1655 3425 et
1682 3372 1913 3439 subiecit
1940 3372 2038 3426 sibi
2072 3389 2147 3429 re-

584 3482 685 3535 grta
728 3466 934 3529 decem,
966 3472 1020 3517 et
1062 3461 1389 3517 Christianis
1422 3462 1579 3516 urbes
1631 3463 1890 3516 ducentas
1924 3464 2142 3532 eripuit.

591 3553 841 3621 Quinque
875 3552 1089 3620 linguas
1120 3559 1312 3617 praeter
1343 3566 1495 3604 suam
1524 3552 1690 3620 probe
1727 3560 1966 3615 noverat,
2003 3552 2143 3607 Gras-

584 3658 729 3709 cam,
776 3641 1045 3707 Latinam,
1077 3641 1387 3706 Arabicam,
1432 3641 1800 3706 Chaldaicam,
1849 3643 2141 3700 Persicam.

588 3734 643 3787 lu
680 3732 1065 3801 congressibus
1100 3743 1159 3787 et
1190 3732 1473 3802 colloquiis
1508 3748 1628 3787 cuin
1684 3735 1989 3789 hominibus
2018 3751 2145 3789 ern-

586 3826 712 3880 ditis
739 3840 801 3879 ac
833 3824 1187 3894 prudentibus
1214 3824 1400 3878 hilaris
1426 3834 1544 3877 erat
1572 3842 1585 3877 :
1615 3840 1781 3895 quare
1812 3828 1970 3881 etiam
2008 3827 2148 3882 Gen-

586 3919 805 3971 nadium
836 3916 1199 3986 patriarcham
1236 3915 1493 3985 diligebat
1526 3924 1581 3970 et
1603 3917 1858 3972 audiebat
1894 3918 2148 3989 frequen-

588 4015 773 4073 terque
797 4005 1175 4058 conveniebat.
1203 4005 1441 4068 Dicebat,
1479 4006 1737 4062 didicisse
1768 4022 1826 4063 se
1865 4022 1931 4062 ex
1965 4018 2147 4065 astro-

585 4112 703 4150 rum
727 4095 1195 4158 conversionibus,
1222 4109 1279 4149 se
1303 4109 1456 4165 reges
1478 4106 1531 4150 et
1550 4096 1670 4152 loca
1701 4098 1869 4154 multa
1893 4098 2147 4156 subactu-

581 4203 699 4242 rum
730 4201 852 4243 esse
879 4202 893 4240 :
934 4187 987 4240 id
1018 4186 1164 4255 quod
1190 4201 1323 4241 sane
1343 4186 1547 4243 evenit.

650 4277 782 4335 Tale
815 4278 1188 4349 igitur,‘quale
1216 4279 1401 4346 paucis
1431 4279 1890 4347 adumbravimus,
1923 4279 2147 4338 Othma-

582 4371 666 4425 nis
688 4385 883 4425 amerae
905 4370 1130 4439 ejusque
1148 4376 1485 4437 posterorum
1510 4384 1681 4437 genus
1700 4386 1870 4440 usque
1890 4375 1954 4424 ad
1973 4373 2147 4428 Melie.

581 4474 777 4518 metein
806 4476 1043 4517 ameram
1081 4460 1203 4523 fuit,
1240 4460 1684 4528 eorumdemqne,
1717 4462 1840 4515 dum
1875 4463 2141 4530 vixerunt,

581 4557 680 4609 ista
704 4555 874 4619 bella,
906 4567 1098 4622 pugnae
1130 4542 1187 4605 et
1206 4551 1465 4607 victoriaz.
1498 4550 1652 4607 Nunc
1677 4554 1743 4606 ad
1778 4554 2140 4623 interruptum

579 4646 823 4700 historiae
839 4644 1081 4698 ordinem
1106 4653 1464 4696 revertamur.

647 4735 736 4787 35.
799 4732 984 4786 Mense
1040 4729 1181 4785 .Iulio
1228 4730 1355 4784 anni
1406 4728 1537 4783 6921
1585 4716 1874 4799 imperator
1935 4734 2141 4791 Manuel

580 4825 732 4891 Cpoli
750 4824 1018 4879 discessit.
1043 4820 1278 4875 Thasum
1302 4822 1534 4877 insulam
1558 4822 1851 4890 profectus,
1871 4840 2143 4896 expugna-

581 4916 656 4967 vit
694 4930 810 4967 eam
862 4928 1047 4968 mense
1080 4912 1387 4980 Septembri
1441 4913 1564 4965 anui
1591 4912 1730 4966 6922
1760 4930 1773 4978 ;
1806 4914 1927 4969 inde
1959 4932 2142 4969 rursus

578 5002 1017 5056 Thessalonicam
1071 5002 1224 5065 abiit,
1257 5002 1522 5056 deindein
1560 5002 1819 5070 Moream,
1849 5006 1934 5059 ubi
1968 5005 2143 5061 Hexa-

579 5092 786 5145 milium
819 5091 1170 5145 exstruxiteo
1194 5091 1339 5155 loco,
1369 5105 1476 5158 quo
1504 5104 1629 5146 ante
1659 5103 1998 5149 exstructum
2030 5097 2143 5150 I'ue-

577 5192 681 5250 rat,
716 5182 931 5251 quando
972 5184 1303 5235 Artaxerxes
1334 5196 1428 5235 rex
1465 5197 1582 5234 cum
1616 5183 1826 5237 inllnito
1860 5186 1951 5239 illo
1986 5202 2141 5241 exer-

575 5274 685 5329 citu
739 5288 803 5327 ex
850 5272 975 5325 Asia
1028 5282 1215 5326 contra
1259 5272 1476 5327 ϐτειξεοο
1508 5274 1739 5343 trajecit.
1778 5277 1989 5344 Postea,
2016 5295 2136 5333 cum

576 5363 936 5416 diuturnitate
958 5362 1215 5429 temporis
1242 5362 1422 5417 omnia
1450 5368 1815 5421 consumentis
1845 5378 1900 5422 et
1932 5370 2136 5423 incuria

575 5454 860 5508 hominum
893 5454 1187 5522 collapsum
1211 5455 1422 5518 luisset,
1450 5456 1803 5512 instauratum
1827 5471 1990 5515 erata
2026 5477 2139 5515 ma-

572 5558 676 5609 gno
693 5539 1023 5607 Justiniano,
1056 5542 1383 5609 imperatore
1408 5548 1735 5615 sempiterna
1772 5552 1998 5605 colendo
2022 5567 2137 5606 me-

572 5636 763 5698 moria,
795 5649 899 5689 non
944 5636 1160 5704 quidem
1194 5646 1413 5705 propter
1458 5639 1837 5694 necessitatem
1872 5642 2134 5711 aliquam,

574 5725 1005 5795 qiiaiiquuidem
1036 5727 1083 5783 ei
1115 5728 1335 5798 parebat
1366 5730 1513 5787 orbis
1548 5738 1817 5787 terrarum
1846 5748 1983 5803 pene
2013 5736 2133 5789 uni-

2248 3399 2458 3449 versus,
2487 3382 2578 3438 sed
2608 3380 2733 3449 quia
2754 3377 3022 3434 laudabile
3049 3392 3169 3433 esse
3194 3386 3496 3445 susceptum
3522 3376 3567 3430 ei
3592 3372 3785 3427 videba-

2250 3486 2374 3529 tur:
2401 3489 2521 3527 nam
2551 3473 2692 3527 sicut
2723 3472 2826 3525 alia
2860 3470 3107 3539 quaedam
3131 3468 3354 3521 aedilicia
3386 3465 3649 3527 exstruxit,
3672 3462 3777 3529 qui-

2246 3567 2346 3621 bus
2377 3564 2602 3619 ornabat
2628 3563 2911 3631 imperium
2949 3560 3277 3621 Romanum,
3312 3563 3381 3611 ita
3413 3555 3770 3609 lsthmummu-

2248 3658 2367 3710 nire
2397 3654 2568 3708 eidem
2600 3652 2823 3722 placuit.
2845 3650 3066 3705 Factum
3092 3649 3342 3715 estjnssu
3361 3646 3477 3715 ejus
3500 3647 3548 3696 in
3568 3658 3627 3695 eo
3649 3642 3775 3701 loco,

2250 3743 2301 3796 in
2357 3756 2464 3810 quo
2522 3741 2795 3810 quondam
2845 3739 3105 3808 patricius
3156 3734 3393 3797 Nicetas,
3442 3740 3784 3803 cognomento

2250 3834 2503 3902 Uriphas,
2534 3846 2703 3884 naves
2731 3831 2843 3884 sive
2900 3829 3147 3883 triremes
3181 3827 3448 3881 Rcuianas
3484 3840 3577 3893 per
3629 3823 3789 3877 contio

2250 3933 2463 3977 nentem
2490 3919 2896 3975 tcrramlsthmi
2923 3933 2987 3973 ex
3024 3920 3154 3972 mari
3188 3918 3373 3972 Graeco
3395 3920 3445 3971 in
3472 3914 3787 3973 occidentale

2249 4011 2413 4066 traxit
2447 3998 2690 4078 fuditque
2742 4011 3020 4076 Agarenos
3051 4007 3357 4061 Cretenses.
3390 4005 3668 4071 Quomodo
3698 4018 3787 4056 au-

2248 4112 2352 4155 tem
2386 4110 2439 4153 et
2480 4114 2647 4168 quare
2684 4100 2781 4153 hoc
2819 4098 3134 4167 praeclarum
3181 4105 3504 4165 strategema
3542 4106 3597 4151 et
3630 4108 3793 4165 perpe-

2252 4204 2341 4247 tuo
2372 4193 2746 4247 celebrandum
2783 4190 2992 4244 facinus
3026 4198 3289 4257 patratum
3324 4188 3505 4253 fuerit,
3539 4205 3642 4242 non
3672 4200 3796 4255 prte-

2250 4285 2542 4338 termittsm
2588 4286 2787 4347 dicere,
2820 4284 2911 4335 sed
2960 4281 3252 4335 narrationi
3290 4291 3491 4335 nostrae
3522 4284 3743 4336 inseram
3778 4292 3791 4342 ;

2252 4374 2377 4428 item
2418 4366 2879 4434 commemorabo,
2914 4388 3019 4441 quo
3050 4384 3206 4440 pacto
3244 4374 3407 4427 Creta
3436 4373 3610 4426 insula
3640 4374 3689 4426 in
3710 4386 3795 4439 po-

2253 4472 2498 4517 testatem
2526 4463 2899 4532 Agarenorum
2922 4464 3217 4528 venerit,et
3239 4477 3447 4519 rursus.
3474 4478 3579 4531 qua
3604 4464 3794 4517 ratione

2249 4555 2314 4606 ad
2348 4553 2621 4607 Romanos
2671 4553 2912 4616 redierit,
2960 4565 3013 4606 et
3045 4552 3261 4606 tandem
3320 4552 3422 4607 sub
3483 4554 3791 4608 Venetorum

2247 4646 2505 4699 ditionem
2554 4646 2883 4698 concesserit
2917 4660 2931 4697 :
2966 4654 3075 4697 tum
3125 4644 3359 4712 denique
3390 4644 3457 4699 ad
3500 4645 3793 4700 institutum

2248 4736 2546 4789 redibimus
2576 4745 2627 4789 et
2659 4736 2978 4790 recentioris
3003 4735 3243 4789 historia:
3267 4736 3412 4789 tilum
3441 4750 3791 4805 pertexemus.

2314 4826 2402 4879 34.
2434 4825 2757 4879 Exsecrandi
2795 4825 3113 4879 llohametis
3152 4828 3351 4892 posteri
3387 4836 3441 4880 et
3465 4840 3794 4882 successores

2244 4929 2296 4968 et
2323 4916 2527 4983 imperii
2570 4914 2687 4983 ejus
2724 4916 2984 4979 baeredes,
3020 4916 3254 4984 primum
3306 4915 3595 4971 Persarum
3641 4928 3793 4985 regno

2244 5018 2406 5074 atque
2452 5006 2648 5071 Media,
2696 5006 2987 5076 Babylonia
3021 5016 3074 5061 et
3110 5007 3336 5075 Assyria
3385 5006 3563 5076 potiti,
3610 5007 3791 5061 deinde

2242 5104 2404 5153 etiam
2459 5098 2774 5168 Egyptum,
2809 5098 3045 5168 Syriam,
3102 5099 3402 5168 Assyriam,
3438 5097 3791 5160 Palaestinam,

2244 5193 2488 5263 Libyam,
2518 5192 2754 5244 Africam
2782 5201 2835 5244 et
2873 5191 3102 5259 Europa:
3159 5193 3406 5260 regiones
3458 5206 3567 5245 non
3602 5203 3791 5259 paucas

2241 5284 2536 5348 consecuti,
2583 5282 2860 5350 aliquanto
2911 5290 3033 5351 post
3059 5281 3339 5335 discordes
3390 5282 3533 5336 inter
3574 5296 3635 5336 se
3676 5278 3792 5333 facti

2240 5384 2385 5438 sunt,
2409 5372 2548 5426 unde
2579 5388 2744 5426 unum
2776 5372 2903 5426 illttd
2932 5380 3184 5442 magnum
3228 5372 3514 5440 imperium
3544 5373 3595 5425 in
3639 5369 3791 5425 multa

2243 5479 2403 5534 regna
2436 5464 2665 5517 divisum
2690 5471 2793 5529 est,
2829 5472 2883 5529 et
2917 5463 3081 5515 alium
3117 5464 3411 5531 principem
3439 5464 3620 5517 Persis
3640 5472 3788 5515 naCIa

2238 5568 2341 5623 est,
2372 5558 2538 5612 alium
2568 5556 2785 5626 Babylo,
2834 5557 2998 5610 alium
3038 5557 3286 5623 superior
3313 5566 3368 5611 et
3397 5554 3622 5610 inferior
3646 5554 3785 5614 Asia,

2239 5648 2399 5703 alium
2435 5648 2659 5713 Tarsus,
2698 5648 2860 5702 alium
2894 5648 3089 5718 Tyrus,
3130 5650 3294 5704 alium
3328 5647 3593 5711 Iconium,
3634 5646 3784 5699 alium

2241 5740 2425 5798 multis
2477 5740 2566 5795 illa
2596 5747 2648 5797 et
2680 5740 2953 5809 praeclaris
2983 5744 3145 5798 rebus
3191 5722 3475 5797 abundans
3524 5738 3774 5799 Meliteue
