4096 6300
258 404 267 415 ο
346 361 451 432 717

1409 359 1861 425 CHRONICON
1897 356 2142 416 MAJUS
2213 380 2269 389 -
2326 356 2475 416 LIB.
2524 355 2575 413 Ι.

3488 327 3610 425 ιιι,

336 479 528 549 ἕτερὸν
550 477 606 531 δὲ
637 479 671 547 ἡ
717 477 916 548 Τύρος,
955 478 1114 535 ἄλλον
1166 481 1226 534 τὸ
1269 480 1493 533 Ὶκόνιον
1533 479 1628 531 καὶ
1654 475 1846 543 ἕτερον
1877 473 1909 540 ἠ
1944 475 1989 535 Α
2018 468 2262 532 εὔϐοτος.
2297 488 2317 520 ι
2376 468 2487 522 Καὶ
2536 467 2689 520 οὐδὲν
2726 463 2888 519 πλέον
2921 462 3025 532 ἔφη
3057 462 3265 524 αὺτοῖς,
3308 460 3402 514 καὶ
3453 456 3597 510 οὕτω

336 572 615 640 Μελιτηνὴ
643 573 675 640 ή
713 572 781 624 τὰ
816 571 987 624 πολλά
1016 573 1154 626 καλὰ
1190 573 1286 626 καὶ
1316 572 1496 639 ἀγαθά
1519 570 1717 639 ῥέουσα
1744 583 1755 597 ·
1790 566 1908 619 ἕτε-

341 678 435 729 ρον
471 661 529 713 δέ
574 662 635 716 τδ
660 662 868 715 Χαλέπι
893 660 1042 733 εἶχεν
1089 664 1184 717 καὶ
1217 664 1330 732 98
1360 662 1518 718 ἄλλον
1549 662 1581 728 ὴ
1615 656 1909 726 Δαμασκδς

336 753 432 806 καὶ
470 753 658 822 ἕτερον
685 756 719 824 ή
747 755 1029 821 Αίγυωτος
1085 756 1180 808 καὶ
1225 755 1386 809 ἀλλον
1419 755 1451 822 ή
1493 750 1695 819 Λιϐύη,
1746 751 1839 803 καὶ
1875 751 1912 817 ἡ

350 844 583 914 Ἀφρικὴ
614 845 821 913 ἕτερον,
846 845 939 899 καὶ
960 846 1147 913 ἕτερον
1182 846 1240 899 ἐν
1269 846 1338 915 τῇ
1370 843 1611 912 Εὐρώπῃ
1637 843 1666 909 ή
1699 838 1910 908 ἰϐηρία

340 929 505 1000 εἶχεν,
535 935 570 1003 ἢ
600 934 817 1002 λέγεται
882 935 1156 991 Ἱσπανία.
1214 936 1325 988 Καὶ
1355 934 1495 1003 πρὸς
1552 930 1815 999 ἀλλήλους
1860 928 1910 980 οἱ

208 1021 233 1033 ”
340 1023 682 1091 γειτνιῶντες
734 1024 856 1081 καθ’
890 1026 1131 1095 ἑκάστην
1162 1025 1429 1094 διαφοράς
1463 1019 1610 1093 εἶχον
1637 1019 1913 1090 ἀναμέσον

342 1114 521 1169 αὐτῶν
544 1116 819 1182 φυομένοις
851 1116 948 1171 καὶ
980 1117 1269 1185 ἐμάχοντο.
1310 1104 1387 1170 0i
1408 1116 1465 1170 δὲ
1498 1116 1596 1185 τὴν
1629 1112 1915 1167 Ἱσπανίαν

338 1206 616 1266 οἰκοῦντες
666 1207 962 1276 Ἀγαρηνοὶ
1003 1210 1084 1271 si;
1125 1207 1582 1276 πολυανθρωπίαν
1639 1205 1911 1268 ἐλθόντες,

340 1293 436 1347 καὶ
461 1295 528 1362 ἢν
560 1296 872 1364 ἐκατῴκουν
894 1296 1000 1365 γῆν
1025 1298 1238 1365 λυπράν
1266 1297 1362 1352 καὶ
1385 1296 1628 1366 μετρίως
1663 1292 1916 1362 εὐδαιμο-

338 1402 406 1439 να
437 1385 671 1454 ὁρῶντες
707 1387 803 1441 καὶ
832 1387 923 1442 διὰ
956 1387 1115 1441 τοῦτο
1147 1387 1371 1456 τρέφειν
1422 1387 1620 1448 αὐτοὺς
1652 1383 1728 1454 μὴ
1748 1384 1911 1435 δυνα-

343 1477 530 1546 μένην,
567 1478 873 1545 προσῆλθον
895 1478 972 1548 τῷ
994 1478 1217 1549 ἄρχοντι
1246 1478 1428 1533 αὑτῶν
1463 1475 1715 1545 Ἀποχὰψ
1741 1477 1913 1544 ἀμερ-

343 1571 514 1637 μουνῇ
545 1570 639 1623 καὶ
690 1570 1092 1638 μετανάστασιν
1128 1569 1372 1639 ἀπῄτουν
1401 1568 1659 1636 γενέσθαι
1708 1569 1912 1627 αὐτοῖς.

341 1662 511 1715 πολλά
540 1662 1033 1733 στενοχωρούμενοι
1059 1663 1330 1730 λέγοντες,
1359 1663 1452 1715 καὶ
1474 1660 1583 1715 τῶν
1604 1661 1914 1726 ἀναγκαίων

340 1754 656 1816 ἐσπάνιζον.
704 1756 767 1809 '0
793 1755 848 1808 δὲ
879 1755 1016 1825 μετὰ
1053 1756 1231 1825 χαρᾶς
1273 1754 1364 1807 τὸν
1394 1753 1554 1820 λόγον
1595 1752 1908 1820 δεξάμενος,

2012 564 2102 614 τδν
2131 563 2319 614 στόλον
2350 561 2641 631 ἐμπλήσας
2672 557 2872 620 παντὸς
2903 554 3109 624 ἀγαθοῦ
3135 554 3271 622 πρὸς
3293 552 3597 621 τὴνῚσπαδ

2012 655 2130 707 νίαν
2151 651 2576 722 ἐπανέστρεψεν.
2612 652 2702 713 Ὠς
2731 650 2789 703 δὲ
2834 652 2862 701 ὁ
2899 647 3110 718 χειμὼν
3134 644 3382 715 παρῆλθε
3413 646 3509 698 καὶ
3535 642 3594 693 τὺ

2012 744 2112 815 ἔαρ
2146 744 2455 813 ἐπέλαμψε,
2495 741 2913 810 τεσσαράκοντα
2962 739 3100 806 νῆας
3158 734 3450 805 πληρώσας
3501 734 3596 786 ἀν-

2011 837 2155 906 δρῶν
2184 837 2439 916 μαχίμων
2470 835 2564 887 καὶ
2590 834 2794 903 ἄνεμον
2828 831 3134 901 ἐπιτήδειον
3173 829 3421 899 τηρήσας
3454 824 3594 895 πρὸς
3698 894 3709 901 _

2014 929 2241 997 Κρήτην
2274 927 2364 979 τὸν
2394 925 2562 979 πλοῦν
2612 927 2859 993 ἐποίησε,
2909 924 3006 987 τὰς
3054 922 3223 984 ἄλλας
3277 922 3385 972 τῶν
3413 919 3596 989 νήσων

2018 1018 2397 1087 παρατρέχων.
2446 1017 2663 1079 Φθάσας
2694 1017 2751 1069 δὲ
2780 1016 2837 1068 ἐν
2880 1017 2947 1085 τῇ
2977 1014 3129 1084 νήσῳ
3156 1014 3213 1066 ἐν
3263 1010 3599 1080 ἀκρωτηρίῳ

2011 1110 2090 1180 τῷ
2118 1110 2398 1180 λεγομένῳ
2427 1108 2646 1179 Χάρακι
2669 1106 3127 1179 προσορμίζεται,
3162 1107 3254 1159 καὶ
3280 1105 3431 1157 οὐδὲν
3472 1101 3597 1156 οὔτε

2013 1202 2154 1256 κατά
2174 1203 2273 1271 τὴν
2297 1200 2569 1256 ἀπόϐασιν
2599 1200 2724 1253 οὔτε
2753 1199 2896 1254 κατὰ
2919 1197 3017 1268 τὴν
3039 1198 3265 1266 ἀγωγὴν
3290 1197 3464 1264 ἐφάνη
3500 1211 3599 1245 πο-

2013 1294 2221 1361 λέμιον.
2262 1291 2461 1345 Ἐλθὼν
2486 1292 2544 1345 δέ
2569 1291 2907 1362 πορρωτέρω
2930 1288 3164 1342 σταδίων
3183 1287 3258 1351 ὼς
3281 1285 3479 1338 ἐκατὸν
3502 1284 3598 1336 καὶ

2014 1383 2126 1453 πῦρ
2154 1381 2408 1452 ἐμϐαλὼν
2432 1383 2532 1446 τὰς
2567 1382 2700 1451 νῆας
2726 1383 2905 1446 πάσας
2932 1379 3283 1449 κατέφλεξεν,
3335 1376 3597 1445 οὐδεμιᾶς

2016 1474 2368 1546 φεισάμενος.
2383 1474 2447 1530 '0
2472 1475 2529 1527 δὲ
2564 1474 2794 1543 στρατὸς
2818 1473 3118 1544 ταραχθεὶς
3150 1472 3240 1524 ἐπὶ
3264 1471 3324 1523 τὸ
3347 1468 3592 1539 πραχθὲν

2013 1567 2107 1619 καὶ
2139 1565 2587 1635 καταπληγέντες
2636 1566 2739 1635 τὴν
2771 1566 2955 1619 αἰτίαν
2993 1563 3318 1634 ἐπηρώτων,
3346 1562 3595 1637 ἐλθόντες

2013 1657 2108 1710 καὶ
2138 1657 2218 1718 είς
2247 1656 2438 1722 λόγους
2471 1658 2855 1723 νεωτερικούς.
2881 1656 3052 1718 Αὐτὸς
3082 1656 3139 1711 δέ
3167 1656 3359 1724 μανεὶς
3379 1653 3594 1717 ἀκούων

2016 1744 2168 1800 εἶπεν
2191 1761 2206 1776 ’
2230 1766 2248 1799 ι
2276 1748 2466 1817 Ὑμεῖς
2494 1747 2698 1801 τούτων
2721 1748 2884 1801 αἴτιοί
2916 1746 3333 1811 ἐστε,ἀποικὶαν
3373 1744 3596 1813 ζητοῦν-

340 1848 473 1915 νῆας
531 1808 751 1914 μακρὰς
800 1808 962 1910 εὐθυς
1006 1808 1386 1907 ἐπισκευάσας
1428 1808 1522 1897 καὶ
1582 1808 1816 1911 δύναμιν
1945 1808 1985 1866 Β
2018 1854 2109 1896 τες
2139 1836 2230 1888 καὶ
2262 1808 2366 1906 γῆν
2400 1838 2664 1907 ἀγαθήν.“
2689 1837 2846 1905 Ἐμοὶ
2890 1838 2947 1889 δέ
2986 1808 3193 1906 ταύτης
3222 1835 3383 1903 ἑτέρα
3414 1808 3474 1887 οὐ
3507 1852 3594 1886 νε.

342 1938 527 1991 αὐτῶν
555 1939 885 2007 ἐμϐιϐάσας,
921 1939 1014 1990 ἐπὶ
1044 1937 1303 2006 λῃστείαν
1352 1936 1489 2006 ἔχων
1538 1935 1635 2005 τὴν
1677 1936 1909 1996 ἔννοιαν,

343 2029 477 2097 πρὸς
511 2028 609 2087 ea;
641 2031 697 2081 ἐν
735 2028 813 2097 τῷ
846 2028 1054 2097 Αἰγαίῳ
1082 2028 1341 2096 κειμένας
1362 2027 1582 2094 νήσους,
1614 2026 1913 2093 ἐτράποντο

344 2121 438 2172 καὶ
478 2119 647 2171 πολλά
686 2120 904 2171 ἐποίουν
955 2119 1077 2178 ταῖς
1107 2118 1316 2185 νήσοις,
1342 2117 1531 2170 οὐδένα
1562 2116 1912 2186 εὑρίσκοντες

342 2210 990 2277 ἀντιπαρατασσόμενον·
1052 2211 1224 2262 πᾶσαι
1273 2211 1381 2278 γάρ
1436 2208 1602 2278 ⁴ᾔτουν
1657 2207 1910 2276 βοήθειαν

344 2304 437 2355 καὶ
486 2303 587 2356 οὐκ
638 2302 948 2369 ἐλάμϐανον
975 2302 1063 2355 διὰ
1096 2301 1156 2355 τὸ
1202 2301 1292 2353 τὸν
1343 2300 1572 2370 βασιλέα
1621 2300 1911 2368 Ῥωμαίων

346 2395 565 2464 Μιχαὴλ
598 2395 691 2446 τὸν
729 2394 975 2463 Τραυλδν
1014 2393 1437 2463 περισπώμενον
1475 2392 1827 2459 εὑρίσκεσθαι
1853 2393 1912 2445 ἐν

346 2488 630 2556 ἐμφυλίοις
663 2486 945 2553 πολέμοις.
979 2485 1076 2537 Διά
1108 2484 1266 2536 τοῦτο
1304 2484 1474 2539 πολλά
1501 2484 1669 2552 κέρδη
1711 2485 1774 2535 ἐκ
1806 2501 1911 2537 πα·

346 2578 455 2629 σῶν
502 2576 610 2627 τῶν
660 2576 842 2641 νήσων
881 2571 1242 2642 ἐκαρποῦντο.
1297 2571 1540 2639 Ἕφθασε
1567 2572 1625 2624 δέ
1658 2586 1788 2623 ποτε
1818 2573 1913 2624 καὶ

343 2672 448 2730 ἓως
498 2667 595 2736 τῆς
635 2667 879 2734 Κρήτης,
920 2664 1015 2718 καὶ
1050 2662 1257 2733 ταύτην
1300 2662 1668 2730 καταδραμὼν
1698 2662 1791 2713 καὶ
1819 2663 1913 2713 ἀν-

342 2757 809 2828 δραποδισάμενος
842 2756 918 2817 ὡς
945 2754 1049 2816 ἔνι,
1085 2753 1179 2806 καὶ
1208 2753 1308 2820 τὴν
1341 2753 1441 2819 τῆς
1471 2755 1634 2818 νήσου
1665 2768 1913 2819 καταμα-

343 2851 450 2903 Οὼν
473 2850 672 2918 ἀρετὴν
697 2850 788 2901 καὶ
817 2848 997 2915 χάριν,
1022 2844 1123 2913 ἔφη
1146 2846 1281 2912 πρὸς
1296 2844 1419 2905 τοὺς
1441 2843 1712 2911 ὑπηκόους
1736 2862 1751 2894 ι
1776 2844 1911 2897 Ἰδοὺ

343 2940 417 3008 γῆ
446 2938 557 3007 99
590 2939 785 3005 ῥέουσα
809 2936 952 3004 γάλα
988 2935 1082 2987 καὶ
1118 2934 1258 3003 μέλι.
1301 2951 1319 2984 ι
1376 2932 1482 2983 Καὶ
1514 2931 1686 2991 ταῦτα
1718 2934 1747 2985 ό
1778 2931 1911 3001 βάρ-

344 3030 511 3097 ϐαρος
551 3024 672 3079 εἷπε
708 3025 838 3095 περὶ
860 3025 958 3093 τῆς
996 3024 1218 3093 Κρήτης
1239 3037 1253 3051 ·
1280 3023 1307 3074 ὀ
1340 3022 1396 3075 δέ
1426 3021 1659 3091 ποιητὴς
1703 3020 1910 3090 ταύτην

341 3118 706 3186 ἐγκωμιάζων
739 3117 873 3184 φησί
911 3132 925 3148 ο
961 3133 981 3165 ι
1019 3116 1206 3184 Κρήτη
1238 3115 1509 3183 τιμήεσσα
1534 3114 1727 3182 τιθήνη
1764 3113 1908 3175 Διὸς.
1940 3151 1982 3209 C

341 3204 406 3283 ἧς
435 3208 498 3259 τὸ
535 3205 766 3275 μέγεοος
796 3202 1133 3272 περιούσιον,
1169 3202 1339 3273 πολλή
1383 3219 1442 3253 τε
1488 3204 1697 3272 λιπαρὰ
1721 3218 1781 3254 τε
1817 3202 1912 3255 καὶ

343 3381 510 3433 alium
571 3377 1007 3442 Chalepi,alium
1046 3376 1367 3442 Damascus,
1419 3378 1579 3431 alium
1624 3377 1908 3447 Egyptus,

341 3477 507 3528 alium
550 3473 735 3541 Libya,
776 3471 940 3524 alium
970 3470 1173 3537 Africa,
1195 3471 1359 3525 alium
1384 3472 1437 3523 in
1467 3471 1682 3540 Europa
1710 3472 1907 3532 Iberia,

342 3578 463 3631 qua:
491 3561 748 3628 Hispania
778 3561 1002 3616 dicitur.
1035 3560 1221 3630 Itaque
1252 3559 1455 3615 factum
1488 3572 1591 3626 est,
1627 3572 1685 3615 ιιι
1723 3564 1908 3627 vicini,

340 3653 585 3721 quotidie
625 3652 993 3707 exorientibus
1042 3652 1184 3705 inter
1239 3666 1335 3707 eos
1385 3653 1799 3717 controversiis,
1840 3655 1908 3707 ad

348 3755 563 3809 pugnas
625 3742 1032 3797 descenderant.
1084 3740 1398 3811 Hispaniam
1455 3744 1546 3810 qui
1604 3743 1911 3799 incolebant

341 3832 600 3900 Agareni,
630 3846 858 3889 numero
917 3833 1084 3898 aucti,
1113 3847 1234 3887 cuin
1287 3834 1584 3900 regionem,
1621 3850 1781 3902 quam
1814 3836 1912 3888 ha-

342 3923 613 3987 bitabant,
646 3922 993 3985 steriliorem,
1028 3938 1128 3981 nec
1168 3923 1469 3978 admodum
1521 3925 1734 3978 felicem
1790 3940 1910 3979 esse

344 4018 573 4084 ideoque
620 4015 831 4070 alendis
865 4014 967 4068 sibi
1001 4015 1144 4068 haud
1182 4015 1429 4070 subicere
1462 4017 1730 4081 viderent,
1764 4019 1910 4086 Apo-

340 4109 568 4177 chapem
591 4107 1298 4175 smermunem,principem
1320 4123 1499 4171 suum,
1520 4108 1791 4174 adierunt,
1822 4123 1915 4164 ro-

342 4210 553 4270 gantes,
571 4211 629 4253 ut
654 4200 815 4253 sedes
836 4209 1045 4253 mutare
1067 4201 1169 4254 sibi
1193 4200 1395 4261 liceret,
1423 4206 1479 4251 ut
1502 4199 1593 4267 qui
1619 4201 1770 4254 valde
1792 4215 1911 4268 pre-

345 4302 621 4347 merentur
650 4292 915 4362 angustiis
940 4301 993 4346 ct
1017 4296 1175 4347 rebus
1207 4293 1419 4347 tuendae
1447 4294 1568 4347 vita:
1591 4294 1909 4349 necessariis

343 4393 583 4453 egerent.
616 4383 728 4447 Ille,
759 4385 1023 4455 petitione
1057 4385 1291 4446 laetatus,
1318 4384 1502 4438 statim
1533 4388 1693 4438 naves
1723 4386 1909 4453 longas

2021 1928 2275 1996 νόμισται
2306 1928 2570 1998 κρείττων
2590 1944 2605 1961 ο
2640 1930 2737 1982 καλ⁸
2763 1929 2999 1983 ἐνταῦθα
3034 1924 3197 2000 ἦλθον
3222 1928 3311 1995 ἴνα
3332 1928 3432 1989 τὰς
3448 1928 3598 1995 ὑμε-

2017 2019 2181 2086 τέρας
2209 2018 2456 2089 θελήσεις
2490 2021 2584 2074 καὶ
2615 2021 2826 2090 ὀρέξεις
2857 2021 3074 2091 πράξω.
3107 2023 3219 2075 Καὶ
3250 2021 3319 2075 τὰ
3348 2020 3467 2083 νῦν,
3516 2021 3594 2089 μὴ

2018 2111 2216 2173 εἰδότες
2246 2111 2281 2165 ἃ.
2310 2110 2422 2179 ἐγὼ
2453 2113 2616 2174 ποιῶ.
2662 2113 2980 2184 φλυαρεῑτε.
3015 2132 3033 2164 ι
3093 2116 3157 2166 Oi
3181 2114 3237 2166 δέ
3260 2113 3595 2174 ἀκούσαντες

2018 2199 2318 2269 ἐσίγησανο
2358 2201 2445 2263 Ὠς
2499 2202 2557 2254 δὲ
2596 2203 2872 2270 γυναικῶν
2913 2203 3005 2255 καὶ
3052 2204 3258 2255 τέκνων
3284 2203 3595 2271 ἐμέμνηντο

2019 2293 2112 2345 καὶ
2135 2292 2405 2360 φιλτάτων
2423 2294 2589 2360 τινὲς,
2605 2291 2756 2347 εῐπιν
2779 2296 2960 2357 αὐτοῖς
2975 2311 2988 2325 ·
3007 2288 3165 2347 «Ὧδε
3183 2293 3382 2363 ὡραῖαι
3405 2297 3594 2362 γυναῖ-

2019 2387 2111 2449 κές
2146 2389 2270 2451 εισι,
2317 2388 2411 2442 καὶ
2438 2389 2634 2451 παῖδας
2662 2390 2944 2459 ποιήσετε.
2979 2409 2999 2442 ι
3034 2386 3165 2443 Εἶτα
3198 2391 3406 2459 τάφρον
3442 2391 3591 2459 ὤρυ-

2019 2476 2115 2540 ξαν
2159 2478 2385 2549 βαρεῖαν
2408 2481 2501 2533 καὶ
2533 2481 2750 2551 χάρακα
2772 2482 3112 2553 περιέπηξαν
3137 2485 3294 2554 100
3320 2486 3465 2555 (ὅθεν
3497 2488 3592 2539 καὶ

2015 2569 2044 2619 ό
2086 2570 2251 2631 τόπος
2290 2571 2389 2639 τὴν
2442 2573 2758 2639 ἐπωνυμίαν
2792 2573 2976 2628 λαϐὼν
3028 2576 3189 2640 σώζει
3231 2577 3332 2645 τὴν
3386 2594 3593 2647 προσηο

2017 2660 2249 2728 γορίαν,
2305 2662 2520 2724 Χάνδαξ
2579 2664 3003 2731 ὀνομαζόμενος)
3052 2668 3280 2719 κάκεῖσε
3311 2668 3588 2722 διενυκτέ-

2022 2766 2196 2816 ρευον.
2228 2751 2432 2805 Μαθὼν
2462 2753 2518 2804 δὲ
2556 2755 2583 2804 ό
2608 2750 2863 2822 βασιλεὺς
2894 2755 3113 2823 Μιχαὴλ.
3146 2757 3264 2825 μετ’
3297 2757 3476 2819 ὀλίγον
3522 2760 3591 2812 τὰ

2018 2844 2076 2893 ἐν
2103 2844 2168 2910 τῇ
2198 2843 2390 2912 Κρήτῃ
2412 2845 2760 2914 πραττόμενα
2792 2844 2895 2897 ὑπὸ
2917 2846 3025 2900 τῶν
3050 2847 3412 2918 Σαρακηνῶν,
3437 2852 3589 2919 παρά

2016 2933 2281 3011 Φωτεινοῦ
2309 2937 2807 3008 πρωτοσπαθαρίου
2839 2939 2931 2991 καὶ
2963 2940 3271 3009 στρατηγοῦ
3301 2942 3400 3010 τῆς
3431 2943 3585 3013 Κρήο

2015 3040 2137 3089 της,
2165 3024 2223 3086 ὃς
2256 3025 2487 3095 δύναμιν
2509 3027 2662 3096 ἠξίου
2694 3029 2841 3099 αὐτῷ
2860 3030 3065 3082 στεῖλαι
3091 3030 3178 3084 ἵνα
3205 3033 3330 3094 τοὺς
3358 3033 3587 3102 ἐχθροὺς

2015 3115 2360 3186 ἀποσοϐήσῃ·
2410 3118 2501 3169 καὶ
2546 3118 2816 3186 Δαμιανόν
2867 3136 2990 3171 τινα
3039 3121 3259 3190 κόμητα
3294 3121 3386 3173 τοῦ
3433 3122 3589 3192 βασι-

2016 3209 2167 3261 λικοῦ
2201 3210 2556 3262 ίπποστασίου
2614 3211 2755 3278 μετά
2808 3209 3005 3278 πολλῆς
3034 3211 3320 3281 δυνάμεως
3352 3214 3448 3265 καὶ
3480 3230 3586 3268 τα-

2014 3381 2180 3441 verbo
2202 3392 2461 3451 prieterea
2487 3382 2690 3447 addito,
2718 3398 2841 3439 cum
2874 3385 3067 3453 classe,
3109 3388 3255 3442 omni
3286 3376 3462 3446 rerum
3494 3406 3589 3461 ges

2015 3493 2142 3531 nere
2163 3477 2389 3544 repleta,
2414 3478 2466 3530 in
2490 3478 2803 3547 Hispaniam
2827 3482 3066 3535 revertit.
3092 3482 3383 3552 Postquam
3407 3496 3582 3539 autem

2012 3566 2186 3622 hiems
2206 3567 2336 3621 exiit
2359 3575 2414 3621 et
2438 3566 2677 3622 instabat
2708 3584 2874 3623 verna
2903 3580 3211 3639 tempestas,
3231 3576 3589 3641 quadraginta

2014 3671 2181 3710 naves
2236 3659 2475 3713 strenuis
2539 3659 2893 3714 bellatoribus
2944 3662 3198 3731 complet,
3255 3672 3586 3735 ventumque

2013 3755 2203 3800 nactus
2224 3748 2545 3809 secundum,
2569 3749 2786 3804 Cretam
2808 3766 2969 3806 cursu
2988 3755 3143 3822 pet-it,
3162 3757 3372 3810 caneris
3396 3758 3585 3812 insulis

2014 3840 2422 3908 praetermissis.
2465 3839 2567 3895 Ubi
2611 3842 2853 3907 advenit,
2898 3845 2963 3898 ad
3013 3848 3459 3914 promontorium,
3495 3852 3580 3904 cui

2015 3944 2213 3983 nomen
2272 3928 2507 3993 Charax,
2556 3931 2885 3998 appellitur:
2946 3948 3045 3988 nec
3079 3934 3129 3991 ei
3173 3938 3466 4006 quidquam
3500 3942 3583 3994 vel
3647 3986 3652 3991 .

2015 4019 2383 4086 descendenti,
2417 4021 2499 4075 vel
2531 4022 2807 4090 populanti
2839 4024 3034 4079 hostile
3087 4030 3411 4096 comparuit.
3452 4029 3584 4085 Pro-
3662 4046 3667 4053 '

2014 4126 2234 4183 gressus
2260 4111 2435 4166 stadia
2467 4113 2687 4168 circiter
2707 4122 2947 4181 centum,
2985 4132 3151 4172 naves
3181 4121 3247 4173 ad
3279 4136 3439 4174 unam
3470 4139 3585 4177 om—

2014 4218 2135 4269 nes,
2180 4204 2376 4274 injecto
2402 4206 2542 4274 igne,
2569 4206 2858 4261 comburit.
2891 4207 2965 4263 Ea
2987 4224 3047 4262 re
3073 4213 3378 4267 conturbati
3401 4224 3455 4268 et
3483 4217 3582 4269 ob-

2015 4297 2299 4365 stupefacti
2353 4298 2575 4361 milites,
2630 4314 2849 4353 causam
2910 4302 3357 4368 sciscitabantur,
3420 4321 3584 4362 voces
3673 4324 3680 4331 '

2016 4385 2179 4441 etiam
2217 4387 2502 4443 seditiosae
2536 4388 3033 4444 immiscentes.IIIe
3072 4396 3266 4457 iratus,
3303 4391 3463 4459 «Vos,
3501 4396 3582 4447 in-

344 4475 687 4529 aedificandas
734 4475 964 4537 curavit,
1017 4484 1073 4528 et
1103 4475 1344 4540 piratica:
1390 4474 1649 4529 faciendae
1679 4476 1909 4529 consilio
1944 4487 1986 4541 ι)
2012 4477 2151 4545 quit,
2185 4476 2346 4545 hujus
2400 4478 2473 4531 rei
2514 4493 2678 4533 causa
2712 4481 2866 4545 estis,
2902 4481 2993 4549 qui
3031 4481 3298 4535 coloniam
3336 4486 3582 4552 quaeritis

346 4578 562 4617 manum
594 4563 656 4616 iis
685 4564 932 4617 idoneam
958 4564 1239 4631 imposuit,
1266 4578 1383 4631 quite
1415 4565 1479 4617 ad
1515 4562 1685 4634 Egtei
1734 4566 1905 4619 maris

346 4653 551 4707 insulas
572 4667 857 4723 conversa,
906 4652 1097 4706 multis
1122 4667 1215 4706 eas
1248 4654 1647 4709 calamitatibus
1695 4654 1907 4720 alliiin,

342 4757 468 4797 cum
507 4756 667 4795 nemo
712 4750 877 4806 esset,
911 4743 1005 4809 qui
1046 4742 1343 4796 resisteret.
1400 4741 1599 4797 Omnes
1648 4744 1906 4797 auxilium

342 4834 678 4901 ﬂagitabant,
736 4847 837 4887 nec
898 4832 1351 4889 trunciscebantur
1400 4842 1597 4896 tamen,
1649 4835 1906 4900 quoniam

342 4925 570 4981 Michael
621 4924 839 4989 Balbus,
876 4925 1168 4992 imperator
1198 4924 1496 4986 Romanus,
1549 4925 1704 4980 bellis
1738 4926 1911 4979 civili-

341 5023 440 5073 bus
472 5016 897 5077 distrahebatur.
951 5014 1143 5084 Itaque
1192 5016 1269 5068 illi
1304 5032 1368 5070 ex
1400 5017 1659 5073 omnbius
1721 5017 1907 5070 insulis

342 5107 624 5163 commoda
650 5106 752 5161 sibi
784 5107 952 5159 multa
995 5106 1403 5174 comparabant.
1446 5107 1580 5161 Cum
1611 5106 1906 5176 aliquando

341 5203 409 5255 ad
444 5201 662 5255 Cretam
692 5212 861 5267 usque
892 5199 1149 5262 venisset,
1183 5213 1433 5267 eamque,
1468 5208 1727 5266 quantum
1759 5208 1909 5268 pote-

341 5304 450 5358 rat,
480 5299 806 5359 pervagatus
850 5298 906 5342 et
936 5290 1225 5358 populatus
1252 5300 1415 5353 esset,
1449 5298 1725 5356 comperta
1751 5292 1901 5343 ιωηι-

342 5395 451 5440 tate
477 5394 530 5439 et
565 5383 846 5439 fertilitate
885 5382 1091 5446 insulae,
1128 5382 1193 5434 ad
1221 5395 1352 5435 suos
1391 5374 1685 5436 conversus
1718 5400 1732 5436 :
1777 5401 1797 5433 ‹
1825 5384 1904 5435 En

343 5489 507 5536 terra,
538 5476 734 5543 inquit,
758 5474 927 5527 fluens
954 5473 1092 5526 lacte
1118 5481 1176 5525 et
1205 5472 1381 5525 melle.
1411 5490 1429 5522 ι
1462 5471 1589 5526 lla-c
1643 5471 1906 5527 barbarus

339 5568 408 5622 de
455 5566 652 5621 Creta:
691 5579 852 5634 quam
913 5577 1067 5632 poeta
1109 5563 1194 5617 his
1241 5564 1421 5616 verbis
1477 5564 1903 5617 commendavit:

346 5678 365 5711 ι
401 5659 585 5722 Creta,
628 5659 892 5711 honorata
930 5656 1107 5709 nutrix
1156 5653 1328 5719 Jovis,
1363 5656 1589 5721 insignis
1638 5656 1910 5723 magnitu-

341 5751 491 5813 dine,
518 5754 765 5805 ubertate
814 5755 868 5801 et
918 5760 1239 5813 pascuorum
1289 5745 1636 5799 abundantia.
1678 5765 1696 5795 ι
1747 5746 1906 5799 Nullo

2012 4576 2064 4622 et
2103 4576 2304 4622 terram
2338 4570 2548 4621 beatam
2580 4588 2594 4622 :
2639 4585 2874 4638 namque
2905 4571 3040 4625 mihi
3080 4573 3221 4625 nulla
3249 4573 3352 4628 hac
3388 4576 3583 4629 melior

2011 4674 2134 4714 esse
2164 4659 2399 4726 videtur,
2424 4670 2478 4715 et
2508 4660 2614 4714 huc
2646 4664 2761 4715 vela
2795 4662 2931 4729 feci,
2980 4674 3039 4719 ut
3080 4675 3275 4719 vestrae
3301 4668 3581 4722 satistace-

2010 4764 2125 4804 rem
2157 4750 2443 4804 voluntati.
2486 4754 2672 4820 Itaque
2720 4752 2901 4819 inscii,
2941 4770 3060 4823 quas
3107 4770 3208 4825 ego
3266 4773 3441 4825 agam,
3478 4759 3578 4812 ista

2012 4833 2310 4888 blateratis.
2354 4851 2374 4885 ι
2413 4834 2504 4888 His
2535 4836 2757 4901 auditis,
2788 4838 3194 4895 conticuerunt.
3230 4841 3366 4894 Cum
3392 4855 3575 4897 autem

2012 4926 2256 4979 nonnulli
2284 4941 2482 4981 uxores
2509 4936 2561 4980 et
2591 4928 2787 4982 liberos
2809 4943 3313 4999 commemorarent,
3332 4936 3572 4990 occurrit

2010 5014 2078 5069 iis
2107 5032 2121 5068 :
2164 5034 2183 5067 ι
2216 5014 2314 5070 llic
2347 5026 2473 5071 sunt
2510 5016 2761 5071 formosae
2793 5018 3031 5083 femina,
3091 5034 3124 5074 e
3148 5022 3345 5089 quibus
3374 5025 3571 5080 liberos

2008 5099 2389 5169 procreabitis.
2427 5118 2447 5152 ι
2491 5101 2691 5155 Deinde
2724 5106 2870 5156 fossa
2898 5098 3166 5170 profunda
3191 5106 3355 5161 ducta
3391 5121 3446 5163 et
3471 5111 3570 5179 χά-

2014 5210 2161 5262 ρακι,
2193 5192 2246 5246 id
2265 5203 2351 5247 est
2370 5192 2509 5246 vallo
2538 5196 2879 5248 communita
2922 5196 3087 5264 (unde
3116 5199 3339 5253 ductum
3376 5217 3571 5257 nomen

2008 5285 2269 5339 Chandax
2323 5284 2476 5338 locus
2520 5284 2788 5351 hodieque
2838 5287 3062 5356 servat),
3095 5288 3292 5344 ibidem
3353 5302 3574 5348 noctem

2010 5382 2409 5443 transegerunt.
2471 5374 2772 5443 Imperator
2806 5373 3031 5429 Michael
3061 5380 3207 5432 brevi
3245 5392 3365 5447 post
3400 5381 3468 5434 de
3509 5384 3581 5436 iis

2010 5482 2132 5535 qua:
2162 5466 2213 5519 in
2244 5464 2403 5519 Creta
2435 5481 2463 5517 a
2496 5466 2789 5521 Saracenis
2814 5479 3126 5536 agerentur,
3158 5484 3253 5536 per
3285 5470 3580 5525 Photinunt‘

2010 5560 2516 5629 protospatharium
2541 5569 2595 5614 et
2616 5560 2932 5627 praefectum
2956 5560 3133 5615 Creta:
3156 5560 3357 5615 certior
3378 5561 3580 5623 factus,

2010 5654 2101 5722 qui
2130 5653 2317 5721 cupias
2348 5652 2451 5707 sibi
2484 5652 2620 5706 mitti
2652 5653 2841 5717 voluit,
2880 5654 3079 5722 quibus
3108 5652 3289 5704 hostes
3323 5652 3577 5719 dispelh-a
3664 5698 3665 5701 η

2013 5756 2115 5814 ret,
2144 5746 2465 5801 Damianum
2491 5747 2799 5815 quemdam,
2833 5746 3086 5801 comitem
3119 5745 3312 5797 stabuli
3349 5744 3582 5813 impera—
