4096 6300
526 420 632 483 δ’δθ

1744 420 2064 483 GEORGII
2105 420 2533 479 PHRANTZ/E

3658 410 3769 475 700

523 530 579 582 δέ
612 530 738 599 ἄχρι
759 528 853 581 καὶ
878 531 976 597 τῆς
1016 530 1179 599 νήσου
1207 528 1301 582 τοῦ
1336 530 1575 593 Πέλοπος
1607 529 1893 583 καὶπολλὰ
1922 531 2091 582 σκῦλα
2127 538 2165 588 Α
2195 528 2261 580 τὰ
2293 528 2350 580 δὲ
2384 527 2597 581 ἐκεῖθεν
2628 527 2791 595 μέχρι
2815 526 3065 597 Σμύρνης
3091 526 3188 579 καὶ
3209 525 3318 578 τῶν
3354 524 3636 594 παραλίων
3663 525 3769 595 τῆς

525 623 780 688 ποιήσας,
805 620 897 673 τὸν
918 620 1084 673 πλοῦν
1110 621 1313 692 τρέψας
1346 626 1404 676 ὲν
1433 626 1497 693 τῇ
1524 624 1681 695 Ἀσίᾳ
1712 624 2088 693 ὲπανέστρεψε

529 710 669 779 μετὰ
698 710 938 781 πλήθους
997 713 1356 781 αἰχμαλώτων
1397 716 1493 769 καὶ
1532 716 1791 769 πλούτου.
1845 717 1955 769 Καὶ
1987 716 2091 769 ὑπὸ

525 802 742 854 πάντων
788 802 911 855 τῶν
938 802 1140 870 ἐτέρων
1176 804 1469 872 σατραπῶν
1500 807 1594 857 καί⁵
1622 804 1715 857 τοῦ
1749 805 1931 857 κοινοῦ
1955 804 2088 857 λαοῦ

521 890 808 952 ἀσπασίως
846 891 1061 961 ἐδέχθη,
1116 892 1211 944 καὶ
1246 895 1383 961 μετὰ
1434 894 1630 961 φωνῶν
1661 895 1885 963 ὲτίμουν
1926 894 2089 967 αύτὸν

479 993 489 1003 ’
520 983 570 1033 οί
618 980 916 1051 βάρϐαροι·
959 984 1051 1036 καὶ
1077 984 1140 1035 ὲκ
1165 985 1273 1036 τῶν
1307 986 1601 1051 σατραπῶν
1632 985 1817 1039 ἔκτοτε
1850 985 2089 1053 μάλιστα

519 1068 588 1139 ἦν
619 1073 1033 1142 εὐλαϐούμενος.
1058 1077 1153 1127 καὶ
1180 1079 1546 1147 προτιμητέος
1580 1079 1641 1129 ἐκ
1668 1079 1883 1130 πάντων
1910 1078 1998 1130 διὰ
2029 1076 2090 1131 τὸ

522 1162 725 1224 ἱκανῶς
753 1164 1061 1244 πλέεινυκαὶ
1089 1167 1533 1235 θαλαττουργεϊν,
1579 1167 1713 1218 διότι
1754 1167 1852 1235 μὲν
1877 1168 1978 1221 ούκ
2010 1169 2088 1220 εἱ-

522 1255 606 1303 σίν
640 1253 836 1319 ἁγαθοὶ
883 1255 942 1306 τὺ
972 1255 1129 1321 γένος
1169 1256 1327 1308 τοῦτο
1360 1258 1467 1308 τῶν
1517 1258 1776 1328 Τούρκων
1807 1260 1864 1310 έν
1897 1260 1963 1326 τῇ
1996 1258 2092 1312 θα-

516 1341 696 1414 λάσσῃ
730 1343 935 1406 πλέειν,
972 1344 1133 1407 αὐτὸς
1159 1345 1217 1398 δὲ
1243 1344 1332 1397 διὰ
1353 1347 1411 1397 τὸ
1441 1344 1625 1397 πλέειν
1650 1346 1755 1415 77
1782 1346 1901 1398 τότε
1932 1346 2091 1401 πλέον

516 1430 584 1501 ἦν
620 1434 1058 1504 θαυμαζόμενος.
1096 1431 1264 1499 Οὗτος
1314 1437 1481 1507 γεννᾷ
1527 1435 1619 1488 τὸν
1678 1437 2001 1505 Ὅτθμάνον,
2032 1434 2093 1502 ες

517 1516 588 1596 οὗ,
611 1524 702 1576 καὶ
746 1524 1129 1593 Ὀτθμανλίδες
1170 1528 1230 1579 τὸ
1259 1529 1410 1595 γένος
1441 1528 1648 1598 ἐκλήθη
1674 1528 1844 1582 ἅπαν.

590 1621 697 1681 κγ’.
737 1614 1168 1677 Ἀποϐιώσαντος
1198 1617 1289 1671 οὖν
1316 1619 1409 1670 τοῦ
1441 1619 1835 1689 Ἐρτογρούλου
1871 1620 2091 1683 σταθεὶς

518 1705 574 1753 ὲν
603 1705 666 1772 τῇ
692 1705 835 1772 ἀρχῇ
865 1706 893 1755 6
928 1706 1043 1766 υἱὸς
1098 1706 1262 1760 αὑτοῦ
1324 1708 1654 1777 Ὀτθμάνης,
1713 1709 1788 1771 ὼς
1838 1712 2088 1779 εἴπομεν,

517 1793 614 1863 τήν
634 1795 809 1863 ἀρχὴν
842 1796 942 1865 τὴν
968 1798 1241 1866 πατρικὴν
1273 1798 1352 1861 είς
1374 1801 1563 1868 χείρας
1596 1799 1809 1864 ἐλαϐεν,
1842 1801 1953 1853 ἔτει
1983 1802 2091 1854 ἀπὸ

517 1885 992 1965 κςίσεωςᾼκόσμου
1029 1887 1226 1959 γςψογ,
1263 1893 1358 1942 καὶ
1384 1893 1441 1942 ὲν
1470 1891 1639 1959 ὀλίγῳ
1666 1890 1843 1960 καιρῷ
1873 1893 2089 1960 δμοφω-
2123 1879 2162 1934 Β

519 1981 688 2050 νήσας
726 1979 864 2049 μετὰ
912 1980 1019 2032 τῶν
1077 1981 1278 2049 ἑτέρων
1316 1984 1628 2052 σατραπῶν,
1681 1984 1777 2035 καὶ
1819 1984 2087 2052 πολέμους

520 2070 673 2132 τινὰς
705 2075 937 2141 ποιήσας
989 2072 1129 2123 κατὰ
1163 2072 1274 2125 τῶν
1326 2072 1584 2142 ὑπηκόων
1622 2073 1947 2143 Ῥωμαίων·
1995 2074 2089 2127 καὶ

518 2158 589 2232 ἦν
625 2164 692 2215 τὰ
728 2163 903 2216 πάντα
957 2163 1052 2216 τοῦ
1084 2164 1326 2234 πολέμου
1370 2166 1590 2218 διοικῶν
1627 2168 1723 2219 καὶ
1746 2166 2030 2235 κυϐερνῶν
2061 2167 2090 2218 6

533 2252 858 2322 Ὀτθμάνης.
922 2250 1053 2307 Εἶτα
1092 2256 1192 2307 ούκ
1240 2257 1438 2327 ήρεσεν
1487 2256 1633 2325 αὐτῷ
1672 2258 1760 2310 ἵνα
1811 2257 2008 2319 κοινῶς
2040 2257 2088 2310 oi

520 2345 721 2405 πάντες
747 2344 804 2397 ἓν
834 2339 968 2398 ὦσιν
992 2348 1087 2400 καὶ
1131 2348 1304 2410 οὐδεὶς
1362 2349 1451 2401 ἀεὶ
1487 2348 1725 2420 διαφέρῃ
1750 2349 1845 2400 τοῦ
1874 2349 2085 2419 ἑτέρου.

523 2434 679 2487 Μετὰ
714 2438 914 2505 μικρᾶς
946 2438 1093 2500 τινὸς
1136 2439 1394 2508 ἀφορμῆς
1420 2440 1598 2492 αἰτίαν
1634 2431 1809 2508 εὗρεν,
1854 2441 1946 2491 καὶ
1972 2439 2089 2491 δια-

524 2527 698 2592 φορᾶς
721 2528 992 2605 ἀνὶαμέσον
1008 2528 1306 2599 γενομένης
1340 2531 1420 2592 είς
1443 2529 1713 2599 σύμϐασιν
1744 2527 1907 2601 ἦλθον
1940 2530 2088 2592 ὅπως

519 2617 587 2667 τὰ
604 2618 703 2668 ὅσα
726 2619 790 2668 ἐκ
810 2619 909 2686 τῆς
939 2619 1411 2690 ἀρχῆςῬωμαίων
1434 2622 1737 2693 ἐκέρδησαν
1761 2623 2084 2692 μερίσωσιν,

518 2707 604 2759 ἴνα
628 2708 856 2772 ἕκαστος
885 2709 964 2772 είς
986 2712 1046 2763 τὸ
1079 2711 1242 2782 τυχὸν
1272 2712 1461 2783 κύριος
1496 2715 1589 2765 καὶ
1623 2714 1893 2779 δεσπότης
1927 2714 2088 2783 μόνον

518 2800 872 2867 γνωρίζηται.
910 2803 1019 2855 Καὶ
1062 2803 1280 2872 πρῶτον
1306 2804 1403 2872 μὲν
1436 2805 1485 2858 οί
1527 2806 1621 2858 τοῦ
1667 2806 1924 2876 Ἀμορίου
1958 2807 2087 2858 παῖ-

519 2891 628 2953 δες,
672 2894 700 2943 6
726 2893 949 2947 Χασσὰν
986 2894 1081 2947 καὶ
1138 2897 1435 2967 Μαχουμὲτ
1459 2937 1473 2961 ,
1509 2896 1701 2949 ἔλαϐον
1746 2898 1815 2949 τὰ
1855 2895 1963 2949 ἀπὸ
1991 2895 2085 2950 τοῦ

520 2983 848 3051 Σαγγάρεως
871 2984 1120 3055 ποταμοῦ
1153 2987 1315 3057 μέχρι
1346 2986 1751 3055 Παφλαγονίας,
1777 2988 1847 3041 τὰ
1876 2986 1934 3055 δὲ
1956 2986 2087 3056 περὶ

519 3073 619 3141 τὴν
645 3076 967 3145 Μαγνησίαν
996 3079 1093 3132 καὶ
1111 3079 1406 3149 Πέργαμον
1435 3080 1529 3131 καὶ
1560 3080 1791 3149 Ἔφεσον
1821 3079 1850 3130 6
1879 3078 2082 3144 Σασὰν,

519 3269 583 3307 ex
613 3253 735 3309 [Eni
770 3266 822 3310 et
858 3258 1180 3316 Peritbeorii
1214 3263 1491 3331 provincia
1520 3277 1625 3315 non
1676 3275 1879 3329 paucos
1919 3259 2081 3316 Chri-

518 3347 728 3401 stianos
764 3351 1006 3417 captivos
1031 3354 1252 3407 abducit
1280 3366 1357 3418 et,
1377 3356 1442 3408 ad
1469 3354 1726 3408 Euboeam
1759 3366 1926 3420 usque
1960 3367 2084 3419 pro-

523 3453 762 3501 gressus,
791 3441 954 3493 etiam
976 3444 1191 3498 Graeciaa
1218 3447 1328 3499 loca
1362 3449 1602 3515 quaedam
1622 3454 1803 3499 vetat.
1825 3444 1881 3498 ln
1908 3444 2079 3512 ipsam

522 3533 655 3586 adeo
699 3535 1124 3601 Peloponnesum
1171 3541 1437 3607 pervenit,
1473 3540 1637 3601 unde,
1669 3554 1860 3608 magna
1885 3539 2084 3593 ditatus

516 3628 713 3694 praelia.
740 3627 792 3679 in
826 3628 1006 3682 Asiam
1048 3646 1266 3683 cursum
1295 3632 1572 3686 reﬂexitet
1593 3647 1714 3683 cum
1736 3631 2087 3700 captivorum

516 3726 570 3770 et
606 3718 913 3773 divitiarum
942 3738 1132 3789 magna
1169 3724 1515 3778 multitudine
1551 3723 1730 3787 rediit,
1766 3740 1796 3778 a
1856 3722 2083 3791 reliquis

519 3813 749 3874 satrapis
775 3819 827 3864 et
879 3814 1130 3867 universo
1178 3816 1373 3881 popqu
1424 3815 1656 3884 benigne
1704 3824 1964 3883 exceptus
2032 3823 2086 3868 et

517 3900 877 3954 Barbarornm
912 3906 1229 3959 honestatus
1248 3906 1745 3960 :u-clamationibus.
1765 3895 1842 3959 Ex
1862 3921 1925 3960 eo
1946 3916 2086 3959 tem-

519 4006 653 4059 pore
686 4008 793 4061 prae
821 3997 1036 4049 caneris
1066 3996 1327 4064 satrapis
1375 4000 1632 4067 dignitate
1655 4011 1708 4051 et
1756 3999 2085 4052 auctoritate

518 4084 744 4152 insignis
768 4094 884 4138 erat
909 4098 1126 4155 propter
1149 4104 1324 4144 rerum
1348 4092 1743 4143 maritimarum
1784 4090 2088 4144 navalium-

517 4192 623 4243 (1⁸⁸⁸
661 4178 929 4245 Perillam.
960 4182 1389 4250 quandoquidem
1429 4180 1729 4235 Turcarum
1779 4198 1910 4250 gens
1950 4180 2083 4234 mari

520 4285 627 4321 non
669 4271 965 4324 exercitata
1004 4282 1109 4333 est,
1156 4272 1246 4324 ille
1287 4284 1465 4326 autem
1508 4289 1570 4326 ex
1629 4273 1918 4339 navigandi
1971 4284 2087 4325 arte

522 4375 618 4411 sua
680 4361 896 4416 laudem
961 4372 1110 4415 tanto
1167 4364 1425 4429 majorem
1494 4363 1930 4416 nanciscehatur.
1989 4359 2087 4416 Hic

522 4449 841 4503 Otlnnanem
879 4453 1084 4521 genuit,
1119 4468 1144 4501 a
1175 4468 1280 4519 quo
1336 4453 1583 4506 universa
1637 4452 1837 4504 familia
1892 4466 2085 4505 nomen

520 4540 965 4593 Otlnnauitlarum
1001 4543 1226 4597 invenit.

585 4635 672 4687 25.
710 4635 996 4704 Ertogrule
1047 4646 1280 4700 mortuo,
1308 4637 1425 4701 ejus
1450 4637 1590 4689 (ilius
1644 4635 1962 4702 OIhmanes,
2026 4637 2082 4690 in

518 4743 707 4795 regno,
738 4739 793 4780 ut
822 4729 1083 4792 diximus,
1113 4730 1427 4792 collocatus,
1461 4741 1745 4797 paternum
1794 4727 2083 4795 imperium

516 4820 772 4886 suscepit,
796 4835 940 4873 anno
962 4821 1148 4874 mundi
1176 4820 1333 4873 6775.
1373 4820 1421 4873 Is
1455 4820 1772 4887 aliquandiu
1832 4836 1951 4875 cum
1978 4834 2085 4875 cae-

520 4909 649 4960 teris
722 4913 956 4978 satrapis
1015 4927 1268 4977 concors,
1327 4913 1464 4966 bella
1526 4914 1767 4980 qutedam
1827 4916 2085 4971 adversus

521 4999 789 5052 ltomanos
821 5004 1006 5069 gessit,
1035 5004 1146 5071 ipse
1173 5020 1390 5058 omnem
1437 5021 1546 5058 rem
1603 5006 1849 5061 bellicam
1910 5000 2085 5061 admi-

520 5091 754 5142 nistrans
778 5096 1148 5148 etadornans.
1192 5095 1308 5149 Mox
1363 5097 1537 5150 eidem
1577 5113 1678 5152 non
1738 5101 1963 5166 placuit,
2025 5109 2085 5154 ut

517 5183 824 5235 communia
861 5194 1053 5237 cuncta
1083 5186 1473 5250 haberent,nec
1523 5190 1811 5259 quisquam
1863 5207 1961 5245 sua
2010 5190 2078 5244 ab

517 5271 706 5325 alienis
766 5285 1098 5328 secerneret.
1154 5277 1318 5331 Facili
1369 5296 1532 5347 opera
1585 5296 1800 5334 causam
1856 5282 2079 5350 reperit,

516 5366 654 5417 unde
687 5377 874 5420 exorto
904 5367 1149 5431 dissidio,
1181 5374 1391 5422 tandem
1435 5375 1769 5441 pepigerunt,
1800 5385 1879 5436 ut,
1935 5389 2081 5441 quic-

514 5470 744 5522 cumque
773 5458 838 5511 de
882 5458 1124 5513 Romano
1177 5463 1400 5530 imperio
1456 5463 1839 5527 detraxissent,
1895 5463 2082 5515 distri-

512 5547 908 5605 buerentituer
934 5565 1012 5611 se,
1043 5562 1114 5614 et,
1166 5569 1285 5621 qua:
1341 5555 1531 5620 cuique
1593 5569 1716 5621 pars
1767 5553 2072 5621 obtigisset,

514 5638 630 5705 ejus
659 5639 703 5692 is
732 5641 981 5695 dominus
1005 5655 1055 5696 et
1084 5647 1333 5713 princeps
1376 5658 1539 5699 essm.
1573 5648 1649 5701 Ac
1705 5649 1935 5715 primum
1960 5650 2082 5716 qui—

514 5726 636 5779 dem
664 5730 865 5784 Δηιοτῑὶ
928 5733 1037 5795 lilii,
1081 5722 1321 5789 Clttfsstttt
1357 5743 1408 5788 cl
1447 5736 1804 5804 lllalttttnettts,
1855 5754 2076 5806 περιτρο-

521 5829 665 5885 “ll”.
699 5824 955 5893 Quidquid
986 5837 1247 5881 terminat
1293 5846 1317 5878 a
1381 5828 1642 5897 Sang-Iri!)
1704 5829 1862 5884 ﬂuvio
1911 5848 2075 5899 usun

2204 620 2409 681 Ἰωνίας
2439 620 2466 671 6
2500 619 2802 688 Σαρχάνης,
2833 620 2899 671 τὰ
2925 617 2979 670 δὲ
3010 617 3235 670 πλείονα
3262 618 3359 685 τῆς
3375 617 3767 686 Μεσοφρυγίας

2193 710 2288 762 καὶ
2317 710 2396 761 ἔτι
2424 709 2584 779 μέχρι
2615 708 2970 777 Φιλαδελφίας
3002 710 3099 761 καὶ
3137 709 3248 760 τῶν
3276 708 3510 775 ἔγγιστα
3539 708 3763 761 πάντων

2192 802 2299 854 ἀπὺ
2320 800 2413 852 τοῦ
2446 799 2756 870 Μαιάνδρου
2783 799 3027 867 ποταμοῦ
3070 800 3399 868 Ἀντιοχείας
3427 801 3455 851 6
3488 798 3761 866 Καραμά-

2192 912 2281 955 νος
2320 892 2707 962 Ἀλισσούριος,
2738 893 2805 945 τὰ
2830 893 2886 944 δὲ
2913 892 3020 945 ἀπὸ
3048 893 3145 961 τῆς
3171 893 3373 954 Λυδίας
3408 891 3503 944 καὶ
3525 892 3763 952 Αἰολίδος

2193 986 2302 1054 78
2329 985 2456 1055 ἄχρι
2488 986 2702 1047 Μυσίας
2733 984 2828 1048 τῆς
2874 982 3011 1052 πρὸς
3036 983 3128 1035 τὸν
3168 981 3560 1052 Ἑλλήσποντον
3596 985 3621 1033 6
3645 983 3762 1034 Κα-

2192 1078 2372 1147 λάμης
2428 1081 2522 1129 καὶ
2575 1079 2603 1130 6
2634 1075 2748 1140 υίὸς
2802 1074 2969 1129 αὑτοῦ
3003 1074 3388 1145 Καράσης,ντὰ
3422 1076 3479 1128 δὲ
3514 1077 3642 1144 περὶ
3668 1075 3763 1128 τὸν

2197 1168 2479 1237 Ὄλυμπον
2509 1169 2604 1220 καὶ
2648 1168 2747 1221 ὅσα
2775 1170 2873 1236 τῆς
2913 1166 3167 1228 Βιθυνίας
3202 1166 3329 1233 ἑξῆς
3355 1168 3383 1217 6
3428 1166 3759 1234 Ὀτθμὰνης.

2194 1262 2302 1313 Καὶ
2325 1258 2497 1321 οὕτως
2525 1260 2625 1328 τὴν
2661 1258 3011 1330 αἰχμάλωτον
3036 1258 3141 1327 γῆν
3188 1258 3407 1321 ἐκείνην
3436 1258 3763 1327 μερίσαντες

2193 1356 2285 1406 καὶ
2315 1354 2439 1423 ὅρια
2495 1351 2794 1415 ἐπιθέντες,
2827 1352 2855 1403 6
2903 1349 3226 1419 Ὀτθμάνος
3263 1351 3523 1420 φίλαρχος
3557 1350 3632 1403 ὢν
3664 1352 3763 1402 καὶ

2193 1441 2523 1510 πλεονέκτης
2555 1440 2653 1492 οὐκ
2690 1438 2995 1510 ἠρέμησεν,
3029 1439 3168 1493 ἀλλὰ
3214 1439 3512 1507 ἀποπηδῶν
3537 1440 3606 1492 τὰ
3635 1440 3762 1509 ὅρια

2193 1533 2300 1586 τῶν
2333 1532 2558 1600 ἑτέρων,
2590 1530 2792 1584 ἀδικῶν
2839 1531 3060 1597 αὐτοὺς,
3091 1530 3262 1584 πολὺν
3300 1532 3466 1585 τόπον
3499 1532 3558 1599 ἑξ
3581 1534 3762 1586 αὐτῶν

2194 1624 2620 1693 περιεποιήσατο
2649 1622 2742 1674 καὶ
2792 1621 2964 1675 πολλὰ
2995 1621 3185 1675 ἐλύπει
3205 1623 3422 1686 αὐτούς.
3456 1625 3565 1677 Καὶ
3593 1624 3762 1677 θέλων

2195 1716 2632 1785 παντοιοτρόπως
2666 1715 2752 1769 ἵνα
2783 1715 2994 1787 αὐξήσῃ
3024 1714 3121 1786 τήν
3178 1716 3374 1768 ἑαυτοῦ
3426 1717 3621 1785 μερίδα
3665 1720 3760 1768 καὶ

2193 1807 2393 1877 ἀρχὴν,
2432 1801 2547 1860 εἶτα
2570 1806 2808 1875 πόλεμον
2840 1807 3075 1877 ποιήσας
3097 1807 3239 1860 κατὰ
3277 1807 3563 1874 Ῥωμαίων
3589 1808 3754 1877 μέρος

2188 1902 2287 1965 τῆς
2327 1899 2582 1962 Βιθυνίας
2636 1897 2725 1968 ὑφ’
2765 1899 2957 1952 ἑαυτὸν
2987 1898 3302 1967 ἐποιήσατο,
3354 1898 3449 1950 καὶ
3482 1898 3617 1963 μετὰ
3661 1899 3757 1949 τοῦ

2189 1992 2287 2060 τῆς
2324 1992 2642 2060 περιφήμου
2670 1990 2875 2055 πόλεως
2904 1990 3233 2054 Σεϐαστείας
3255 1990 3624 2060 ἀμηρεύοντος
3659 1992 3754 2040 πό-

2189 2079 2356 2150 λεμον
2394 2081 2643 2150 ποιήσας
2680 2081 2775 2135 καὶ
2830 2082 3033 2146 πιάσας
3082 2081 3247 2134 αὐτὸν
3298 2080 3601 2142 ἀπέκτεινε,
3652 2082 3746 2131 καὶ

2189 2171 2465 2241 ἐγκρατὴς
2513 2173 2608 2225 καὶ
2639 2169 2832 2239 κύριος
2864 2172 3085 2239 ἐγένετο
3113 2172 3213 2241 τῆς
3241 2172 3499 2239 τοιαύτης
3543 2170 3747 2221 πόλεως

2188 2263 2284 2314 καὶ
2309 2261 2600 2331 ἐπαρχίας,
2622 2263 2720 2314 καὶ
2749 2264 2935 2315 πᾶσαν
2968 2261 3067 2331 τὴν
3118 2262 3292 2333 ἀρχὴν
3319 2263 3532 2329 ἐκείνην
3557 2261 3757 2313 ὑπέτα-
3826 2248 3835 2260 ’

2190 2351 2300 2417 ξεν.
2343 2352 2588 2406 Ἐκεῖθεν
2617 2353 2651 2421 ή
2677 2350 2924 2419 βασιλεία
2954 2352 3125 2406 αὑτοῦ
3149 2353 3326 2423 ἀρχὴν
3350 2351 3591 2405 λαϐοῦσα
3618 2355 3754 2419 ὲφη-

2191 2444 2360 2515 μίσθη
2383 2444 2477 2498 καὶ
2506 2444 2875 2514 ὲμεγαλύνθη.
2909 2442 3041 2498 Είτα
3081 2444 3248 2497 πάλιν
3273 2444 3536 2513 στραφεὶς
3569 2443 3637 2494 τὰ
3656 2443 3755 2494 ὅσα

2188 2537 2422 2608 ἐδυνήθη
2468 2537 2573 2589 ὑπὸ
2605 2537 2714 2589 τῶν
2748 2536 2950 2606 ἑτέρων
2988 2535 3279 2605 ὁμοφύλων
3325 2534 3622 2603 σατραπῶν
3659 2534 3754 2585 καὶ

2190 2618 2505 2700 συντρόφων
2537 2626 2697 2681 αὑτοῦ
2755 2627 2856 2697 τῆς
2893 2626 3119 2681 ἐκείνων
3166 2628 3383 2698 μοίρας,
3444 2624 3754 2697 λῃστρικῶς

2187 2722 2282 2775 καὶ
2304 2720 2441 2790 μετὰ
2470 2720 2821 2790 συμϐάσεως,
2852 2720 3008 2781 τινὰς
3041 2718 3241 2782 τόπους
3266 2720 3358 2772 καὶ
3380 2718 3614 2789 φρούρια
3638 2717 3759 2769 ἐλα-

2186 2813 2301 2867 ϐεν.
2356 2809 2499 2867 -Εῐτα
2555 2814 2851 2879 ἀπέθανεν,
2896 2814 3223 2882 βασιλεύσας
3280 2812 3377 2881 ἔτη
3434 2816 3545 2879 κη’,
3600 2809 3754 2869 ἔτους

2193 2909 2368 2969 ,ςωα’,
2403 2905 2729 2970 ίνδικτιῶνος
2782 2906 2873 2967 ια’,
2915 2906 3008 2958 καῖ⁵
3045 2906 3073 2958 6
3123 2908 3235 2968 υίδς
3281 2903 3446 2957 αὑτοῦ
3488 2902 3753 2972 Ὀρχάνης

2185 2995 2460 3067 ιγκρατής
2488 2996 2589 3067 τῆς
2626 2997 2906 3067 πατρικῆς
2934 2996 3111 3067 ἀρχῆς
3141 2998 3386 3065 γέγονεν.
3644 3016 3655 3023 π

2185 3274 2249 3326 ad
2266 3274 2681 3344 Paphlagoniam
2711 3276 3003 3347 porrigitur
3026 3294 3040 3341 ;
3074 3275 3419 3345 Magnesiam,
3438 3273 3750 3342 Pergamum

2187 3362 2452 3428 Ephesum
2485 3372 2539 3417 et
2573 3378 2696 3433 qua:
2745 3366 2828 3420 his
2893 3366 3109 3434 oppidis
3167 3366 3417 3431 adjacent
3472 3365 3739 3431 regiones,

2187 3455 2356 3511 Sasan
2405 3458 2652 3524 accepit;
2701 3456 2827 3511 inde
2890 3459 2957 3512 ad
3017 3458 3303 3525 Smyrnam
3323 3454 3379 3511 et
3425 3455 3742 3508 maritimam

2185 3562 2339 3603 oram
2395 3547 2564 3603 lenia:
2622 3563 2739 3616 qua
2790 3549 3081 3618 pertinent,
3141 3549 3375 3602 obtinuit
3411 3545 3739 3605 Sarchanes;

2185 3639 2447 3707 majorem
2474 3649 2679 3710 partem
2706 3638 2953 3711 Phrygia:
2992 3640 3222 3709 Magum,
3268 3639 3509 3705 adeoque
3569 3634 3749 3688 Phila-

2186 3730 2465 3800 delphiam
2532 3748 2727 3800 usque,
2792 3744 2846 3788 et
2887 3736 3133 3801 proxima
3188 3734 3428 3787 omniaa
3488 3731 3759 3809 Maeaudro

2186 3821 2350 3877 ﬂuvio
2384 3836 2556 3893 usque
2601 3824 2968 3888 Antiochiam,
3023 3824 3365 3879 Garamantis
3418 3824 3753 3886 Alissnrins;

2190 3922 2388 3968 terram
2419 3929 2449 3966 a
2488 3912 2653 3984 Lydia
2678 3923 2733 3968 et
2761 3912 2971 3969 IEolide
3014 3930 3187 3985 usque
3208 3918 3276 3969 ad
3327 3914 3579 3984 Mysiam,
3633 3928 3751 3980 qua:

2186 4016 2268 4060 est
2310 4005 2362 4058 in
2419 4003 2790 4073 Hellesponto,
2836 4006 3083 4060 Calamus
3136 4021 3259 4060 cum
3340 4005 3543 4059 Carase
3599 4005 3745 4057 lilio:

2189 4095 2413 4149 ﬁnitima
2446 4094 2658 4165 Olympi
2689 4104 2744 4149 et
2775 4095 2900 4149 inde
2932 4110 3052 4163 quae
3086 4104 3234 4163 patet
3283 4111 3406 4164 pars
3466 4094 3752 4164 Bithyniae,

2189 4186 2482 4241 Othmanes
2510 4185 2717 4240 habuit.
2773 4185 2930 4240 liunc
2994 4187 3046 4239 in
3098 4186 3315 4240 modum
3377 4197 3543 4249 terra,
3594 4201 3751 4253 quant

2189 4282 2354 4345 armis
2379 4265 2805 4349 occupaverant,
2839 4279 3132 4343 distributa
3180 4288 3230 4334 et
3259 4278 3571 4333 constitutis
3630 4279 3750 4330 ﬁni-

2189 4370 2308 4433 bus,
2364 4366 2682 4433 Othmanes,
2734 4367 3045 4421 dominandi
3107 4368 3450 4435 habendique
3498 4368 3751 4432 cupidine

2189 4452 2465 4519 incensus,
2525 4460 2802 4524 quiescere
2856 4471 2963 4510 non
3016 4456 3210 4523 potuit,
3281 4460 3374 4511 sed
3429 4458 3568 4510 ultra
3622 4455 3752 4508 ﬁnes

2188 4556 2463 4616 evagatus,
2490 4548 2724 4618 reliquos
2748 4549 3063 4611 Iatdebat,ac
3084 4548 3250 4602 multa
3274 4549 3338 4601 iis
3360 4548 3476 4603 loca
3494 4548 3751 4615 eripiebat

2191 4638 2566 4709 amigebatque
2592 4655 2687 4696 eos
2708 4644 2976 4711 graviter;
3000 4649 3161 4709 atque
3190 4641 3337 4694 omni
3368 4640 3528 4693 modo
3582 4641 3748 4699 nisus,

2187 4741 2246 4785 ut
2277 4740 2496 4801 augeret
2521 4746 2745 4802 regnum
2817 4747 3000 4796 suum,
3063 4747 3187 4785 mox
3245 4734 3409 4785 etiam
3480 4731 3747 4783 ίὶοιιιειιυε

2186 4824 2352 4878 armis
2400 4822 2620 4878 adortus
2647 4834 2730 4877 est
2758 4832 2811 4877 et
2836 4831 3041 4893 partem
3081 4823 3344 4892 Bithyniae
3369 4822 3470 4876 sibi
3501 4822 3745 4890 subjecit,

2190 4928 2254 4969 ac
2282 4914 2577 4984 principem
2611 4914 2895 4980 Sebastite,
2928 4914 3078 4969 urbis
3137 4914 3478 4980 clarissimat,
3538 4928 3751 4981 aggres-

2183 5021 2300 5072 sus,
2338 5006 2511 5074 ipsum
2538 5015 2751 5074 captum
2804 5007 3023 5070 occidit,
3075 5006 3261 5059 urbem
3318 5005 3437 5073 ejus
3484 5014 3537 5058 et
3587 5012 3747 5055 totam

2184 5097 2515 5165 provinciam
2550 5094 2602 5148 in
2655 5105 2977 5163 potestatem
3039 5111 3191 5151 suam
3265 5094 3473 5162 redegit
3535 5094 3752 5161 sibique

2184 5186 2499 5242 vindicavit.
2529 5187 2609 5240 Ab
2642 5187 2729 5241 his
2763 5187 3064 5254 profectum
3102 5186 3297 5253 initiis,
3348 5200 3576 5257 regnum
3635 5186 3752 5252 ejus

2186 5280 2439 5335 inclaruit
2466 5289 2522 5334 et
2549 5276 2765 5334 auctum
2796 5289 2899 5334 est.
2926 5280 3126 5335 Deinde
3158 5295 3345 5335 rursus
3378 5282 3444 5334 ad
3511 5279 3743 5333 aliorum

2185 5381 2533 5439 satraparum
2625 5371 2970 5439 popularium
3028 5371 3399 5439 sodaliumque
3444 5370 3751 5439 provincias

2183 5477 2508 5523 conversus,
2537 5463 2798 5531 quidquid
2833 5461 2957 5515 inde
2986 5463 3163 5528 potuit
3191 5462 3430 5515 locormn
3468 5474 3523 5516 et
3551 5465 3749 5514 castel-

2182 5552 2373 5617 lorum,
2400 5556 2511 5609 sive
2532 5554 2578 5607 vi
2601 5555 2714 5606 sive
2735 5554 2903 5621 pactis
2926 5554 3221 5620 usurpavit.
3242 5554 3504 5609 Tandem.
3532 5552 3752 5620 expletis

2181 5649 2232 5699 in
2272 5663 2436 5717 regno
2468 5648 2630 5701 annis
2676 5648 3104 5716 duodetriginta,
3162 5656 3405 5700 mortuus
3454 5655 3555 5703 est,
3609 5658 3751 5696 anno

2182 5740 2345 5800 6801,
2414 5741 2707 5794 i:.tliclione
2789 5741 3115 5807 ll,h."crede
3176 5740 3427 5794 Orchane
3497 5739 3603 5790 lilio
3661 5749 3751 5788 re-

2183 5832 2325 5886 lii-to.
