4096 6300
306 387 402 450 701

1360 390 1803 451 CHRONICON
1840 390 2113 451 MAJUS.
2156 418 2223 425 —
2265 393 2408 452 LIB.
2453 392 2503 450 Ι.
2744 464 2761 467 _
3461 392 3563 455 ’(2

3529 438 3566 455 -ι

376 495 476 551 κδ’.
520 497 789 565 ὐρχάνης
813 496 871 549 δὲ
897 536 910 561 ,
964 498 1039 560 ὡς
1073 498 1349 567 εἴπομεν,
1382 500 1568 568 κύριος
1595 502 1692 567 τῆς
1726 500 1877 567 βασι·
1904 502 1951 559 Α
1985 500 2347 570 πολύτροπος,
2381 503 2476 553 καὶ
2512 501 2569 553 ὲν
2615 502 2727 563 τοῖς
2759 499 3015 567 πολέμοις
3045 500 3217 562 δεξιὸς
3249 500 3387 569 ὑπὲρ
3420 488 3561 552 παν-

308 587 457 652 λείας
481 590 775 656 γενόμενος
801 590 896 642 τοῦ
927 592 1133 661 πατρὸς
1158 592 1235 661 τῷ
1279 594 1448 661 πατρὶ
1490 596 1568 655 είς
1600 595 1777 647 πάντα
1808 588 1876 661 ἦν

314 679 673 749 μιμούμενος,
726 680 819 732 καὶ
984 664 1102 751 ᾔτει
1127 683 1331 749 τρόπον
1369 684 1465 735 καὶ
1501 684 1754 751 ἀφορμὰς
1790 683 1877 734 ἵνα

314 771 587 831 πλουσίως
617 771 831 841 αὐξήσῃ
853 773 942 823 τὸν
974 773 1180 840 κλῆρον
1209 774 1302 825 καὶ
1343 773 1442 839 τὴν
1470 767 1750 841 βασιλείαν
1779 774 1879 824 αύ-

311 860 427 922 τοῦ,
460 862 554 914 καὶ
586 862 801 930 ἡμέραν
829 880 887 915 τε
916 864 1006 915 καὶ
1036 866 1203 917 νύκτα
1236 865 1332 932 οὐχ
1367 865 1637 933 ἡσύχαζεν
1671 864 1759 916 ἀεὶ
1779 882 1879 916 ποο

312 950 511 1020 λέμους
540 952 683 1019 ἒχειν
730 953 822 1005 καὶ
855 953 1242 1020 ἀγωνίζεσθαι.
1288 956 1397 1008 Καὶ
1440 954 1619 1023 μάχην
1660 950 1880 1024 ἐγείρας

319 1041 455 1092 κατὰ
476 1041 584 1092 τῶν
612 1042 901 1111 ὁμοφύλων
928 1044 1092 1096 αὐτοῦ
1118 1046 1417 1116 άμηράδων
1447 1047 1544 1099 κα)⁸
1573 1048 1772 1108 πολλὰς
1803 1047 1882 1097 νί-

316 1151 411 1196 κας
444 1133 611 1202 ἤρατο
660 1137 757 1187 καὶ⁸
814 1138 994 1188 πᾶσαν
1050 1139 1148 1207 τὴν
1203 1139 1419 1191 Μυσίαν
1450 1140 1603 1207 νόμῳ
1642 1138 1880 1207 πολέμου

314 1225 597 1294 ἐκέρδησε,
634 1227 943 1280 Λυκαονίαν
977 1232 1072 1282 καὶ
1104 1231 1348 1299 Φρυγίαν
1378 1232 1473 1283 καὶ
1527 1231 1742 1300 Καρίαν
1785 1231 1881 1284 καὶ

315 1315 419 1377 ἕως
454 1315 724 1387 θαλάττης
765 1320 863 1388 τῆς
917 1321 1047 1390 περὶ
1076 1322 1167 1374 τὸν
1199 1323 1580 1393 Εὐρυμέδοντα
1610 1323 1880 1390 ποταμδν,

320 1408 414 1458 καὶ
441 1407 502 1460 τὸ
530 1409 924 1479 ἑναπολειφθὲν
978 1413 1142 1480 μέρος
1173 1418 1273 1482 τῆς
1326 1415 1600 1480 Βιθυνίας,
1637 1417 1884 1485 Νικομή-

318 1497 467 1547 δειαν
515 1499 607 1549 καὶ
632 1499 866 1552 Νίκαιαν
896 1500 992 1552 καὶ
1021 1501 1182 1572 ἔτερα
1209 1503 1455 1573 πολίχνια
1485 1506 1586 1557 οὐκ
1608 1504 1764 1568 ὀλίγα
1790 1504 1886 1557 καὶ

321 1589 520 1652 άστυα,
572 1591 814 1659 καὶντὴν
849 1590 1161 1664 περίιρημον
1208 1596 1301 1648 καὶ
1333 1597 1542 1666 ὡραίαν
1595 1598 1749 1649 πόλιν
1783 1597 1885 1665 τῆς

324 1682 595 1751 Προύσης,
639 1685 673 1754 ἢ
709 1689 886 1738 κεῖται
923 1687 1027 1739 ὑπὸ
1072 1689 1196 1748 τοὺς
1231 1688 1396 1750 πόδας
1445 1688 1541 1740 τοῦ
1584 1689 1882 1755 Ὀλύμπου,

323 1772 428 1823 ὑπὸ
443 1777 552 1826 τῶν
593 1774 881 1844 Ῥωμαίων
913 1778 1224 1848 ἀρχομένην
1258 1779 1575 1847 ἐκέρδησεν.
1625 1780 1712 1831 Ἐν
1740 1780 1884 1832 ὲκεί-

1982 609 2081 654 τας
2118 592 2244 654 τοὺς
2276 593 2577 663 προγόνους
2631 590 2823 652 αὑτοῦ,
2864 590 2955 642 καὶ
2991 590 3161 641 πολλὰ
3194 589 3559 658 κατώρθωσεν

1984 682 2121 751 ἔργα
2155 684 2373 752 μνήμης
2415 681 2542 747 ἀξια
2572 683 2652 743 είς
2683 682 2910 751 αὔξησιν
2939 682 3037 749 τῆς
3067 681 3233 734 αὑτοῦ
3268 683 3442 749 ἀρχῆς
3468 685 3560 733 καὶ

1986 775 2285 845 βασιλείας.
2320 768 2489 838 Οὗτος
2522 774 2740 843 πρῶτος
2771 774 2889 843 μὲν,
2912 775 2991 836 ὡς
3014 775 3336 844 εἰρήκαμεν,
3372 777 3427 825 ὲν
3449 778 3559 833 τοῖς

1983 869 2082 934 τῆς
2134 868 2409 936 Εὐρώπης
2471 868 2664 937 μέρεσι
2706 867 2950 937 περάσας
3005 866 3106 936 τὴν
3163 866 3559 917 Καλλιούπολιν

1984 958 2303 1023 κατέλαϐεν,
2340 954 2460 1010 εἶτα
2510 958 2606 1011 καὶ
2653 957 2755 1027 τὴν
2798 957 3262 1027 Ἀδριανούπολιν.
3326 956 3558 1021 Ὁμοίως

1984 1050 2078 1101 καὶ
2108 1050 2296 1113 ἕτερον
2330 1049 2427 1101 οὐκ
2457 1049 2640 1115 ὀλίγον
2672 1050 2839 1118 μέρος
2868 1049 2966 1117 τῆς
2996 1049 3221 1118 Θρᾴκης
3245 1048 3342 1100 καὶ
3376 1048 3563 1100 Μακε-

1984 1137 2157 1201 δονίας
2191 1138 2405 1196 ἔλαϐεν.
2441 1140 2712 1208 ’Υστερον
2736 1140 2792 1191 δὲ
2824 1139 3046 1209 ἀγάπην
3076 1140 3170 1191 καὶ
3208 1139 3561 1208 όρκωμοσίαν

1989 1229 2127 1296 μετὰ
2154 1230 2248 1282 τοῦ
2289 1231 2551 1298 βασιλέως
2605 1232 2710 1299 κῦρ
2753 1229 3002 1283 Ἰωάννου
3053 1232 3331 1300 ἐποίησεν.
3395 1232 3559 1283 Ἀπο-

1988 1322 2370 1388 στατησάντων
2393 1323 2555 1375 τινῶν
2576 1322 2684 1374 τῶν
2713 1321 3010 1391 σατραπῶν
3039 1321 3204 1373 αὑτοῦ
3228 1322 3286 1374 ὲν
3318 1324 3383 1390 τῇ
3414 1319 3561 1389 Ἐᾠα

1989 1414 2128 1482 μετά
2164 1417 2258 1466 τοὺ
2310 1414 2605 1483 βασιλέως
2636 1414 2883 1482 περάσας
2938 1413 3289 1482 ὁμοθυμαδὸν
3336 1413 3562 1474 τούτους

1985 1504 2338 1574 ἑτροπὼσατο
2356 1520 2371 1534 ο
2402 1504 2503 1558 καὶ
2520 1504 2701 1573 μάχην
2722 1504 2955 1571 ποιήσας
2981 1504 3121 1573 μετά
3150 1502 3261 1554 τῶν
3284 1502 3378 1554 τοῦ
3402 1503 3457 1555 Ἀ
3470 1520 3565 1571 μοι

1990 1598 2106 1666 ρίου
2162 1596 2448 1663 ἀπογόνων
2496 1598 2680 1648 πᾶσαν
2739 1596 3125 1663 Παφλαγονίαν
3174 1595 3268 1647 καὶ
3320 1593 3427 1655 ἕως
3466 1592 3563 1646 τοῦ

1989 1684 2238 1754 ποταμοῦ
2267 1684 2362 1737 τοῦ
2393 1686 2723 1755 Σαγγάρεως
2751 1685 2949 1747 αὐτοὺς
2975 1684 3206 1752 νικήσας
3240 1683 3336 1736 καὶ
3368 1682 3564 1744 διώξας

1966 1764 2289 1845 Ῐὲκυρίευσε.
2336 1778 2445 1830 Καὶ
2476 1778 2534 1828 ὲν
2560 1777 2639 1846 τῷ
2683 1777 2897 1845 μέλλειν
2934 1777 3173 1844 περᾶσαι
3222 1773 3378 1836 αὖθις
3410 1774 3466 1826 ὲν
3493 1775 3562 1843 τῇ

322 1882 398 1932 νῳ
431 1865 509 1933 τῷ
540 1867 761 1937 πολέμῳ
788 1872 887 1937 τῆς
915 1869 1165 1940 Προύσης
1194 1871 1286 1923 καὶ
1320 1872 1408 1922 τὸν
1427 1872 1565 1924 πόδα
1589 1871 1679 1924 τδν
1710 1871 1886 1934 δεξιὸν
1916 1860 1958 1915 Β
1991 1866 2227 1936 Εὐρώπη
2282 1865 2470 1931 μαθὼν
2499 1866 2583 1919 ὅτι
2631 1868 2660 1918 ό
2691 1868 2805 1924 υίὸς
2850 1866 3017 1919 αὐτοῦ
3046 1865 3246 1933 Μωσῆς
3284 1865 3422 1932 μετὰ
3465 1862 3563 1914 τοῦ

280 1948 289 1955 ’
322 1956 556 2026 ἐπλήγη.
591 1959 844 2028 Περάσας
865 1960 919 2013 δὲ
953 1962 1045 2014 καὶ
1072 1963 1130 2014 ἐν
1163 1965 1228 2032 τῇ
1262 1963 1591 2032 Χερρονήσῳ
1616 1963 1715 2030 τῆς
1744 1963 1887 2031 Θρᾴ-

324 2063 428 2111 κης
456 2047 711 2117 πολίχνιά
740 2066 863 2103 τινα
915 2050 1234 2121 πολεμήσας
1286 2053 1493 2122 ἐπῆρεν
1516 2069 1531 2084 ο
1570 2053 1795 2122 ὕστερον
1829 2053 1885 2105 δὲ

322 2137 421 2204 τὴν
452 2138 686 2209 ἀδελφὴν
714 2141 809 2193 τοῦ
841 2142 1107 2211 βασιλέως
1149 2145 1399 2200 Ἰωάννου
1431 2146 1509 2206 είς
1535 2148 1769 2213 γυναῖκα
1792 2144 1888 2196 λα-

327 2226 436 2278 ϐὼν
466 2228 553 2283 διὰ
576 2230 674 2299 τὴν
697 2234 1015 2300 συγγένειαν
1037 2234 1114 2304 τῷ
1162 2235 1372 2304 βασιλεῖ
1408 2236 1484 2303 τῷ
1518 2237 1609 2290 καὶ
1628 2254 1890 2304 γυναικα-

320 2319 502 2388 δέλφῳ
533 2321 600 2374 τά
653 2325 711 2375 ὲν
743 2327 807 2392 τῇ
846 2324 1175 2396 Χερρονήσῳ
1218 2327 1453 2396 φρούρια
1498 2326 1654 2391 αὖθις
1706 2328 1891 2397 ἐχαρί-

327 2427 480 2475 σατο,
514 2411 586 2472 ὡς
645 2412 905 2482 ἀλλαχοῦ.
937 2414 1171 2484 ἔφημεν,
1221 2419 1320 2470 καὶ
1353 2418 1432 2484 τῷ
1476 2420 1891 2489 γυναικαδέλφῳ

333 2501 603 2569 βοηθήσας
649 2504 728 2564 είς
782 2504 883 2572 τὴν
917 2506 1196 2574 βασιλείαν
1234 2508 1333 2575 τὴν
1364 2509 1638 2579 πατρικὴν
1682 2512 1895 2562 ἀποκα-

332 2591 614 2660 τέστησεν.
647 2590 779 2662 Εῐτα
828 2595 1131 2661 ἀπέθανεν,
1172 2598 1231 2661 ὃς
1265 2599 1607 2653 ἐϐασίλευσεν
1635 2600 1728 2667 ἔτη
1763 2618 1891 2651 πεν-

336 2683 570 2750 τήκοντα
602 2686 695 2739 καὶ
724 2686 861 2740 ἐπτά
903 2688 996 2742 καὶ
1028 2689 1203 2757 μῆνας
1233 2692 1391 2742 ἐννέα
1417 2693 1514 2744 καὶ
1558 2693 1767 2761 ἡμέρας
1804 2692 1892 2761 ιβ’,

335 2773 431 2825 καὶ
485 2775 515 2825 ὁ
568 2776 684 2838 υίὸς
734 2777 898 2831 αὐτοῦ
964 2779 1308 2852 ’Δμουράτης
1361 2782 1461 2852 τὴν
1506 2784 1680 2854 ἀρχὴν
1728 2784 1895 2836 διεδέ-

333 2863 481 2930 ξατο.
752 2860 759 2865 ’

414 2955 513 3010 κε’.
546 2956 702 3011 Μετά
730 2960 823 3013 τὸν
857 2961 1083 3016 θάνατον
1112 2964 1205 3016 οὖν
1234 2966 1326 3018 τοῦ
1344 2968 1604 3037 ὐρχάνου
1631 2972 1659 3022 ό
1704 2972 1899 3037 Ἀμου-

337 3047 506 3117 ράτης
532 3050 642 3118 80
667 3052 747 3112 είς
782 3054 973 3121 χεῖρας
994 3055 1174 3109 λαῦὼν
1198 3058 1298 3127 τὴν
1326 3061 1426 3127 τῆς
1451 3061 1725 3129 βασιλείας
1750 3062 1899 3127 ἐξου-

1983 1958 2076 2011 τοῦ
2114 1958 2375 2027 βασιλέως
2396 1956 2511 2009 υίοῦ
2540 1956 2634 2009 τοῦ
2657 1957 2763 2026 κὺρ
2796 1956 3132 2025 Ἀνδρονίκου
3151 1956 3562 2021 ἀπεστάτησαν,

1985 2050 2106 2102 λίαν
2138 2050 2308 2102 λυπού
2320 2066 2478 2117 μενος
2497 2046 2587 2119 ἦν.
2614 2049 2723 2101 Καὶ
2757 2049 3097 2118 περάσαντες
3128 2048 3338 2115 ταχέως
3363 2042 3557 2115 ἦλθον,

1986 2143 2083 2194 καὶ
2109 2140 2338 2208 στρατὸν
2372 2140 2682 2200 στείλαντες
2714 2140 2838 2191 κατ’
2870 2139 3072 2202 αὐτῶν,
3111 2137 3433 2207 νικήσαντες
3463 2136 3562 2187 αύ-

1988 2234 2133 2294 τοὺς,
2154 2231 2373 2298 ἔφυγον.
2408 2232 2570 2283 ’Υστε
2582 2247 2674 2299 ρον
2701 2230 2993 2289 πιάσαντες
3010 2228 3213 2289 αὐτοὺς
3238 2230 3265 2279 ὁ
3297 2227 3393 2294 μὲν
3415 2227 3564 2294 ἀμη-

1993 2326 2090 2393 ρᾶς
2122 2324 2213 2375 τὸν
2245 2323 2360 2375 υίὸν
2388 2322 2555 2375 αὑτοῦ
2585 2322 2745 2383 εὐθὺς
2770 2321 3134 2383 ἐθανάτωσεν,
3170 2319 3199 2369 ό
3220 2318 3275 2371 δὲ
3313 2317 3564 2385 βασιλεὺς

1989 2419 2080 2471 τὸν
2122 2419 2236 2471 υίὸν
2280 2416 2444 2470 αὑτοῦ
2498 2413 2837 2481 ἐτύφλωσεν.
2895 2407 3026 2464 Εἶτα
3055 2410 3236 2479 μάχην
3285 2408 3424 2461 κατά
3458 2408 3561 2474 τῆς

1991 2507 2327 2580 Βουλγαρίας
2359 2507 2454 2560 καὶ
2505 2505 2732 2573 Σερϐίας
2791 2504 3029 2571 ποιήσας
3082 2502 3219 2555 πολὺ
3272 2501 3439 2570 μέρος
3469 2498 3564 2565 ὑφ’

1994 2602 2183 2653 ἑαυτὸν
2218 2600 2514 2668 ἐποιήσατο
2542 2598 2636 2649 καὶ
2662 2596 2818 2657 νίκας
2846 2593 3090 2661 μεγάλας
3123 2593 3317 2661 ἤρατο.
3354 2587 3563 2656 Καιροῦ

1994 2690 2053 2745 δέ
2087 2692 2193 2761 ει
2218 2706 2359 2751 τινος
2394 2687 2752 2758 παρελθόντος
2786 2686 2949 2737 πάλιν
2995 2683 3137 2736 κατά
3166 2683 3261 2735 τοῦ
3291 2682 3555 2735 δεσπότου

1994 2782 2250 2852 Λαζάρου
2277 2779 2371 2833 τοῦ
2397 2779 2496 2849 τῆς
2530 2777 2763 2846 Σερὸίας
2788 2773 3121 2844 κρατοῦντος
3144 2771 3565 2839 πόλεμονέποι-

1995 2872 2182 2941 ήσατο.
2216 2868 2434 2939 Τρέψας
2471 2868 2567 2919 καὶ
2605 2866 2836 2934 νικήσας
2881 2863 3043 2916 αὐτὸν
3091 2858 3303 2925 έδῖωξε,
3334 2860 3431 2912 καὶ
3470 2857 3564 2909 τὸν

2000 2963 2228 3032 στρατὸν
2257 2958 2421 3014 αὐτοῦ
2471 2958 2840 3025 διεσκόρπισε,
2869 2954 2965 3007 καὶ
2997 2953 3198 3015 πολλὰς
3241 2952 3430 3013 πόλεις
3463 2951 3561 3002 καὶ

1997 3053 2181 3124 χώρας
2205 3049 2306 3117 τῆς
2351 3046 2584 3118 Σερδίας
2609 3044 2762 3106 αὖθις
2791 3045 3085 3113 ἐκράτησε.
3124 3040 3432 3110 Τριάκοντα
3467 3040 3567 3091 καὶ

336 3138 481 3239 σίαν,
522 3141 580 3190 ὲν
612 3140 722 3239 ἔτει
750 3149 959 3215 ’ς’ωνη’,
999 3147 1326 3212 ίνδικτιῶνος
1374 3127 1460 3220 ιβ’,
1494 3153 1551 3215 6;
1583 3149 1651 3223 ἦν
1704 3156 1783 3214 εις
1830 3154 1897 3206 τὰ
1920 3175 1966 3239 C
2000 3141 2139 3195 ἑπτὰ
2164 3140 2344 3210 μάχας
2369 3139 2605 3207 ποιήσας
2644 3134 2888 3205 μεγάλας
2920 3132 3150 3185 πάντοτε
3178 3127 3245 3201 ἦν
3271 3129 3567 3199 τροπαιοῦ-

338 3225 515 3278 πάντα
541 3226 863 3299 ἐπιτήδειος,
890 3233 1131 3303 ἀνδρεῖος
1160 3237 1251 3289 καὶ
1277 3238 1535 3308 ἀγχίνους
1566 3221 1777 3312 ὑπῆρχε
1800 3242 1894 3296 καὶ
1923 3221 1966 3239 ν
1998 3251 2090 3305 χος
2117 3233 2214 3287 καὶ
2249 3232 2507 3299 νικητήςον
2524 3229 2793 3297 ’Ὕστερον
2820 3225 2875 3279 δὲ
2910 3226 3016 3278 ὑπὸ
3037 3223 3131 3276 τοῦ
3156 3221 3564 3293 προρρηθέντος

405 3408 497 3462 24.
522 3408 801 3466 Orchanes
827 3412 989 3482 igitur
1031 3429 1195 3486 regno
1242 3426 1465 3486 paterno
1509 3420 1733 3487 potitus,
1804 3436 1898 3490 pa-

337 3512 472 3554 trem
505 3501 555 3555 in
586 3502 841 3556 onmibus
858 3505 1019 3559 rebus
1045 3506 1375 3573 imitabatur,
1401 3524 1466 3564 ac
1504 3513 1716 3566 modum
1748 3527 1896 3579 quae-

338 3590 489 3645 rcbat
522 3595 965 3664 occasionesque,
992 3611 1120 3665 opes
1146 3607 1201 3653 et
1232 3615 1475 3668 regnum,
1499 3612 1753 3669 quantum
1777 3618 1898 3672 pos-

339 3691 440 3746 set,
510 3685 761 3753 augendi,
812 3702 908 3741 nec
967 3705 1202 3758 unquam
1258 3692 1508 3745 cessabat
1551 3707 1896 3747 commovere

342 3772 477 3826 bella
534 3784 586 3828 et
662 3779 983 3833 certamina.
1044 3781 1228 3850 Itaque
1282 3784 1570 3850 pepulares
1624 3785 1898 3853 principes

336 3863 577 3927 adortus,
610 3865 804 3919 multas
832 3868 896 3921 de
914 3868 980 3923 iis
1001 3871 1254 3925 victorias
1280 3873 1595 3940 reportavit,
1624 3874 1900 3942 armisque

336 3952 438 4005 sibi
466 3954 674 4020 paravit
698 3964 860 4009 totam
894 3958 1146 4027 Mysiam,
1189 3961 1535 4031 Lycaoniam,
1588 3962 1899 4032 Phrygiam,

336 4042 577 4111 Cariam,
615 4060 790 4115 usque
814 4048 880 4101 ad
919 4064 1072 4104 mare
1102 4059 1155 4105 et
1187 4050 1638 4121 Eurymedontem
1671 4054 1898 4109 ﬂuvium

338 4151 675 4204 progressus.
718 4137 861 4195 idem
894 4141 1156 4210 reliquam
1186 4154 1390 4213 partem
1419 4146 1706 4217 Bithyniae,
1741 4147 1904 4202 Nico-

339 4228 567 4280 mediam
596 4226 900 4284 etNiczeam
963 4241 1016 4286 et
1047 4234 1148 4286 alia
1205 4249 1319 4289 non
1364 4251 1533 4303 pauca
1594 4239 1791 4305 oppida
1850 4246 1904 4291 et

340 4319 517 4381 urbes,
546 4323 702 4389 inque
717 4322 904 4388 primis
920 4322 1396 4378 celebratissimam
1413 4334 1465 4380 et
1487 4327 1899 4395 pulcherrimam

342 4409 586 4473 Prusam,
632 4411 698 4465 ad
759 4412 973 4478 radices
1024 4412 1233 4485 Olympi
1296 4418 1494 4471 tuentis
1542 4419 1725 4485 sitam,
1780 4436 1902 4490 quae

1999 3416 2192 3487 peritia
2222 3413 2298 3469 rei
2331 3400 2539 3468 bellica:
2568 3424 2733 3478 supra
2764 3422 2959 3464 omnes
3012 3408 3247 3476 majores
3311 3404 3561 3475 insignis,

2001 3510 2163 3562 multa
2224 3505 2484 3574 praeclara
2542 3503 2785 3557 facinora
2848 3500 2913 3553 ad
2967 3499 3272 3568 augendqu
3335 3512 3560 3565 regnum

1998 3599 2184 3653 edidit.
2214 3597 2457 3665 Namque
2484 3595 2688 3663 primus
2730 3594 2785 3647 in
2844 3589 3109 3659 EurOpam
3177 3587 3465 3655 trajectus.
3506 3596 3565 3639 ut

2000 3704 2163 3757 supra
2189 3687 2490 3748 docuimus,
2517 3682 2874 3751 Calliopolim,
2902 3695 3025 3736 mox
3081 3681 3245 3733 etiam
3298 3678 3563 3731 Adriano-
3672 3724 3677 3732 .

2000 3781 2187 3851 polim,
2221 3789 2381 3845 atque
2410 3776 2571 3829 aliam
2602 3775 2742 3828 haud
2769 3775 3017 3842 exiguam
3057 3781 3264 3835 partem
3318 3769 3564 3822 Thraeize

2001 3880 2056 3924 et
2078 3867 2403 3922 Macedoniae
2458 3865 2763 3932 occupavit.
2794 3864 2990 3918 Postea
3028 3863 3206 3917 foedus
3254 3871 3311 3915 et
3370 3858 3565 3914 amici-

2002 3962 2133 4015 tiam
2166 3974 2286 4011 cnm
2318 3954 2529 4010 Joanne
2583 3956 2914 4023 imperatore
2951 3954 3104 4016 iniit;
3140 3963 3194 4008 et
3222 3968 3343 4007 cum
3374 3951 3565 4006 eodem

2003 4054 2057 4107 in
2097 4051 2277 4106 Asiam
2335 4048 2611 4117 trajectus,
2666 4046 2928 4114 quosdam
2963 4061 2993 4099 e
3047 4045 3283 4113 satrapis
3337 4042 3472 4108 suis,
3537 4055 3568 4094 a

2005 4145 2111 4198 ﬁde
2162 4142 2560 4204 desciscentes,
2630 4139 2935 4206 conjunctis
2959 4136 3168 4191 viribus
3215 4137 3281 4190 ad
3335 4135 3570 4190 cilicium

2004 4235 2298 4298 revocavit,
2330 4240 2491 4300 atque
2518 4229 2721 4284 Amorii
2765 4229 2997 4297 posteris
3026 4229 3324 4281 certamine
3356 4226 3572 4280 divictis

2005 4327 2329 4395 fugatisque,
2368 4333 2478 4379 tota
2512 4321 2876 4391 Paphlagonia
2905 4333 3076 4389 usque
3137 4320 3203 4373 ad
3241 4318 3567 4387 Sangarium

2005 4419 2203 4474 ﬁumen
2233 4418 2438 4487 potitus
2471 4425 2573 4470 est.
2618 4415 2819 4469 Deinde
2850 4415 2902 4468 in
2927 4415 3197 4482 Europam
3229 4426 3569 4474 reversurus,

341 4501 502 4552 etiam
543 4511 652 4554 tmn
680 4503 935 4558 Butnanis
965 4508 1207 4572 parebat,
1238 4509 1353 4561 suis
1382 4509 1679 4577 provinciis
1736 4510 1897 4564 addi-
1933 4504 1977 4559 ι)
2006 4511 2206 4575 Mosen)
2236 4508 2402 4562 ﬁlium
2433 4524 2557 4563 cum
2597 4506 2928 4571 Andronico,
2968 4503 3192 4558 Joannis
3244 4502 3375 4566 ﬁlio,
3425 4501 3572 4555 defc-

345 4591 441 4643 alit.
481 4591 534 4643 In
576 4592 712 4645 bello
748 4594 999 4650 Prusensi
1034 4596 1084 4649 in
1119 4599 1345 4652 dextero
1396 4602 1529 4667 pede
1582 4601 1902 4659 vulneratus

343 4690 444 4735 est.
479 4680 664 4749 Copiis
689 4683 812 4735 item
854 4684 907 4736 in
947 4685 1340 4742 Cbersonesmn
1374 4688 1621 4746 Thraciae
1649 4694 1900 4748 transdu-

345 4773 679 4842 ctis,oppida
705 4776 953 4829 nonnulla
973 4781 1319 4847 expugnavit,
1338 4796 1456 4849 quan
1486 4793 1663 4836 tamen
1694 4795 1904 4851 postca,

346 4864 688 4933 imperatoris
756 4863 979 4919 Joannis
1062 4882 1302 4921 sororem
1365 4871 1417 4941 in
1497 4874 1904 4930 matrimonium

347 4958 594 5023 adeptus,
626 4957 747 5009 huic
773 4966 826 5010 et
858 4959 1043 5013 uxoris
1105 4958 1255 5011 fratri
1309 4972 1529 5028 pmptcr
1589 4964 1901 5019 aliinitatem

350 5047 493 5099 ultro
527 5048 816 5111 concessit,
853 5056 911 5100 ut
971 5048 1094 5103 alibi
1160 5050 1424 5117 diximus;
1489 5063 1650 5121 atque
1701 5058 1903 5113 auxilio

349 5154 447 5191 suo
483 5138 682 5200 eﬁ‘ecit,
717 5150 773 5190 ut
805 5139 939 5192 levir
992 5138 1046 5192 it:
1085 5150 1366 5208 paternum
1425 5143 1707 5210 imperium
1751 5149 1907 5201 resti-

350 5239 612 5281 tueretur.
669 5229 869 5283 Deinde
930 5242 1171 5286 mortuus
1224 5241 1324 5295 est,
1375 5244 1654 5305 postquam
1742 5253 1907 5304 regno

348 5321 559 5387 praefuit
592 5336 760 5373 annos
828 5335 1039 5378 Septem
1104 5332 1158 5377 el.
1224 5326 1636 5394 quinquaginta,
1688 5345 1903 5383 menses

347 5429 559 5473 novem,
596 5414 713 5468 dies
736 5415 1017 5469 duodecim
1047 5431 1143 5483 ;ac
1171 5420 1407 5486 suscepit
1457 5419 1738 5486 imperium
1764 5421 1907 5476 ﬁlius

343 5504 462 5575 ejus
514 5505 820 5561 Amurates.

413 5593 503 5647 25.
564 5592 693 5650 Post
744 5605 969 5651 mortem
1025 5596 1293 5654 Orcbanis
1341 5598 1627 5656 Amurates
1675 5602 1907 5673 imperio

348 5684 552 5747 potitur
578 5700 717 5740 anno
748 5686 908 5752 6858,
943 5688 1233 5744 indictione
1265 5690 1350 5746 12.
1378 5691 1421 5746 is
1448 5693 1498 5745 in
1540 5695 1695 5748 rebus
1730 5696 1905 5747 omni-

347 5772 448 5829 bus
472 5786 743 5843 strenuus,
799 5781 949 5837 fortis
1001 5792 1055 5837 et
1097 5785 1290 5845 solcrs.
1353 5794 1511 5849 atque
1559 5787 1795 5844 versutia
1852 5800 1906 5845 et

2003 4604 2145 4658 cisse
2174 4615 2369 4671 magno
2386 4616 2507 4653 cum
2531 4599 2715 4654 dolore
2740 4597 2971 4653 audivit.
2998 4595 3295 4651 Confestim
3329 4592 3566 4663 trajecti,

2002 4694 2300 4749 exercitum
2329 4692 2588 4746 adversus
2618 4704 2712 4744 eos
2764 4688 3009 4754 mittunt,
3070 4686 3296 4739 vincunt
3355 4698 3449 4737 eos
3486 4682 3570 4734 iu-

2004 4782 2236 4854 gatitque
2261 4802 2276 4851 ;
2304 4799 2424 4839 mox
2459 4784 2648 4837 iisdem
2685 4779 3111 4847 comprehensis,
3132 4792 3349 4832 amcras
3378 4776 3564 4830 statim

2008 4877 2173 4933 lilium
2239 4892 2409 4931 suum
2451 4884 2621 4929 morte
2700 4873 2974 4934 multavit,
3079 4873 3372 4937 imperator
3398 4884 3558 4922 Suum

2007 4969 2240 5039 privavit
2263 4969 2455 5022 oculis.
2485 4967 2621 5020 Tum
2646 4965 2895 5034 Bulgaris
2922 4976 2976 5019 et
3014 4964 3225 5017 Serviis
3253 4962 3395 5017 bello
3420 4960 3570 5013 illato

2006 5069 2060 5113 et
2111 5057 2383 5128 przrclaris
2427 5057 2713 5125 reportatis
2747 5055 3015 5118 victoriis,
3069 5070 3317 5120 magnam
3345 5054 3413 5105 iis
3440 5067 3571 5118 pro-

2008 5150 2306 5202 vinciarutv
2346 5158 2556 5216 partem
2581 5148 2796 5214 eripuit.
2820 5146 3135 5199 intermisso
3151 5145 3331 5212 aliquo
3359 5155 3570 5209 tempo-

2008 5256 2085 5305 re,
2109 5239 2391 5299 Lazarum,
2414 5239 2614 5292 Servite
2639 5241 2918 5307 despotam
2942 5275 2958 5302 ,
2985 5235 3129 5291 bello
3153 5235 3331 5288 denuo
3351 5247 3573 5301 aggres-

2008 5347 2120 5394 sus,
2162 5330 2703 5399 deviriti‘ugavitqne,
2736 5339 2791 5382 et
2818 5328 3083 5396 dissipato
3137 5329 3253 5396 ejus
3302 5324 3595 5401 exercitu,

2010 5422 2204 5473 multas
2233 5422 2695 5487 rnrsnsurbesuet
2734 5422 2981 5489 regiones
3051 5420 3255 5473 Servia:
3306 5419 3359 5469 in
3415 5402 3607 5478 υθιίεο⁸

2008 5521 2209 5565 statem
2258 5527 2408 5565 suam
2468 5514 2694 5581 redegit,
2754 5525 2957 5580 septem
3002 5512 3306 5579 etltriginta
3342 5509 3576 5574 magnis

2009 5603 2207 5671 praliis
2259 5603 2622 5668 conﬂictatus,
2646 5617 2676 5656 e
2709 5605 2905 5673 quibus
2926 5602 3178 5656 omnibus
3205 5597 3456 5665 superior
3504 5612 3573 5653 ac

2009 5696 2182 5749 victor
2200 5697 2470 5750 disccssit.
2492 5694 2730 5749 Tandem
2751 5695 2818 5750 ab
2836 5710 2920 5757 eo,
2936 5706 3093 5759 quem
3121 5696 3247 5741 ante
3272 5687 3573 5755 nominavi,

2012 5784 2214 5841 Lazaro
2238 5786 2361 5842 dolo
2401 5794 2625 5841 necatus
2652 5796 2756 5851 cst,
2827 5798 2989 5852 regno
3026 5778 3226 5851 potitus
3253 5790 3425 5831 annos
3461 5787 3575 5837 tres
