4096 6300
293 319 403 381 7οὂ

1371 312 1817 379 ClIRONICON
1851 310 2124 374 MAJUS.
2158 336 2227 348 ·-
2264 312 2407 373 LIB.
2458 314 2505 375 ῐ.

3441 317 3546 378 706

283 439 377 491 καὶ
409 435 476 489 τὰ
507 434 660 505 τείχη
711 434 880 504 αὐτῆς
935 432 1271 503 χαλάσαντες
1308 432 1515 501 ἔρημον
1548 428 1865 491 κατέλιπον,
1898 426 1943 483 Α
1972 422 2068 475 καὶ
2098 423 2166 476 τὰ
2216 425 2357 479 ὅπλα
2412 426 2593 478 αὐτῶν
2648 426 2815 495 ᾕρουν
2869 428 2961 480 καὶ
3009 428 3251 496 γυμνοὺς
3294 429 3555 484 ἀπέλυον.

284 532 341 584 έν
371 530 483 584 ἔτει
511 533 689 601 ιςῖβγκ
723 529 1054 591 ίνδικτιῶνος
1087 536 1151 584 ε’.
1181 530 1333 594 Δῖνος
1353 527 1409 581 δὲ
1451 530 1479 580 ὁ
1512 528 1734 596 ἀμηρὶς
1770 525 1866 577 καὶ

282 626 330 676 οἱ
379 623 558 692 ἕτεροι
588 624 637 675 οἱ
672 621 773 689 τῆς
805 622 981 691 ἀρχῆς
1018 619 1348 684 ἐξωσθέντες
1391 618 1546 688 παρὰ
1575 616 1668 669 τοῦ
1702 619 1867 669 Μπα-

283 714 573 783 γιαζήτου,
631 713 879 775 ἐλθόντες
933 712 1071 781 πρὸς
1131 712 1222 763 τὸν
1269 710 1493 780 βασιλέα
1538 708 1819 777 Ντεμίρην
1850 748 1864 773 ,

282 806 565 869 κλαίοντες
608 806 708 874 τήν
747 805 961 858 ἀδικίαν
990 805 1058 875 ἢν
1090 804 1432 874 ἠδικήθησαν
1454 818 1467 831 ⁶
1499 804 1588 856 καὶ
1609 804 1635 855 ὁ
1659 801 1865 870 Ντεμί-

288 912 384 965 ρης
417 892 589 947 θέλων
630 894 817 955 αὖτοῖς
868 894 1156 964 βοηθῆσαι,
1210 894 1425 955 στείλας
1470 891 1711 961 πρέσϐυν
1745 891 1866 945 τινὰ

286 987 365 1047 είς
388 985 481 1038 τὸν
527 984 944 1055 Μπαγιαζήτην
1000 986 1176 1053 λέγων
1225 985 1441 1038 ὅτιούκ
1495 982 1611 1036 ἔστι
1659 982 1866 1036 δίκαιον

284 1076 424 1129 κατά
447 1075 555 1129 τῶν
585 1076 876 1145 ὁμοφύλων
907 1076 1110 1146 μᾶλλον
1132 1078 1227 1129 καὶ
1256 1075 1572 1145 ὁμοπίστων
1602 1074 1866 1143 πράττειν

283 1168 479 1233 οὕτως,
510 1170 605 1222 καὶ
636 1168 874 1240 παρῄνει
926 1169 1088 1222 αὐτὸν
1120 1169 1211 1222 ἵνα
1243 1169 1343 1239 τὴν
1372 1168 1547 1239 ἀρχὴν
1593 1169 1710 1230 ὲνὸς
1737 1166 1863 1220 ἑκά-

287 1276 414 1312 στου
461 1260 614 1324 αὒθις
671 1261 837 1334 δὼσῃ.
872 1264 919 1316 εἰ
962 1263 1107 1316 θέλει
1146 1263 1233 1316 ίνα
1285 1263 1431 1333 φίλοι
1459 1262 1711 1324 ἕσωνται,
1752 1259 1865 1333 84

293 1350 353 1405 '0
387 1352 443 1405 δὲ
477 1354 700 1423 ἀμηρᾶς
725 1354 896 1429 ἄκρον
950 1355 1282 1428 πλεονέκτης
1327 1356 1403 1410 ὣν
1461 1356 1552 1409 καὶ
1607 1356 1862 1409 οὐδέποτε

282 1445 508 1514 ἠρκεῖτο
539 1446 774 1500 πλούτου
824 1450 918 1503 καὶ
950 1450 1157 1517 τρόπου
1180 1464 1193 1478 ’
1226 1450 1531 1519 ὁρμητικὸς
1564 1451 1659 1503 καὶ
1691 1450 1863 1511 δεινὸς

281 1536 355 1589 ὢν
382 1537 477 1590 τοῦ
524 1538 808 1605 πρέσϐεως
838 1541 961 1604 τοὺς
994 1538 1190 1609 λόγους
1232 1544 1312 1605 εἰς
1345 1544 1498 1596 οὐδὲν
1548 1543 1858 1611 ἐλογίσατο,

281 1629 377 1682 καὶ
408 1630 500 1682 τὸν
552 1631 835 1702 Ντεμίρην
868 1633 958 1686 τὸν
989 1634 1259 1705 αὐθέντην
1303 1632 1468 1689 αὑτοῦ
1496 1635 1570 1698 ὡς
1600 1634 1859 1705 ἄγροικον

280 1718 454 1787 λέγων
489 1722 800 1785 ἐνέπαιζεν.
842 1723 902 1775 Ὀ
940 1723 995 1776 δὲ
1030 1724 1317 1794 Ντεμίρης
1353 1724 1594 1789 ἀκούσας
1626 1725 1731 1777 ὑπὸ
1764 1724 1858 1777 τοῦ

280 1812 567 1880 πρέσϐεως
594 1814 661 1867 τὰ
692 1815 793 1867 ὅσα
822 1814 1128 1883 ἐφθέγξατο
1158 1817 1299 1871 κατὰ
1330 1816 1519 1869 τούτου
1556 1820 1584 1869 ὁ
1615 1817 1860 1887 ἀμηρᾶς.

283 1902 378 1952 καὶ
412 1902 511 1963 τὴν
542 1903 853 1969 κενοδοξίαν
903 1903 1069 1957 αὐτοῦ
1103 1902 1259 1967 εἰδὼς
1298 1903 1579 1973 ἐθυμώθη,
1615 1904 1704 1955 καὶ
1728 1903 1863 1955 πάν-

279 2009 350 2047 τα
377 1994 470 2045 τὸν
500 1994 734 2064 στρατὸν
758 1995 925 2049 αὐτοῦ
965 1997 1332 2067 συναθροίσας
1371 1994 1492 2049 κατ’
1521 1995 1683 2047 αὑτοῦ
1713 1994 1861 2064 βαδί-

279 2084 389 2146 ζων
411 2078 500 2154 ἦν.
549 2085 637 2149 Ὠς
666 2086 721 2139 δὲ
744 2086 948 2155 ἢκουσε
986 2086 1079 2141 καὶ
1106 2090 1134 2141 ό
1160 2088 1594 2158 Μπαγιαζήτητ,
1644 2088 1740 2149 τὰς
1770 2088 1865 2140 αύ-

276 2175 371 2229 τοῦ
402 2177 660 2247 δυνάμεις
695 2180 1064 2250 συναθροίσας
1115 2181 1258 2249 μετὰ
1291 2181 1526 2250 σπουδῆς
1560 2182 1639 2242 εἷς
1670 2182 1865 2232 συνάνσε

277 2285 434 2336 τησιν
483 2269 578 2323 τοῦ
610 2271 865 2343 Ντεμίρη
897 2266 965 2344 ἦν
994 2273 1297 2343 ὶρχόμενος
1321 2273 1586 2341 ἀνδρείως
1612 2272 1707 2324 καὶ
1735 2270 1865 2341 θαρ-

281 2361 487 2425 σαλέως
523 2363 663 2431 μετὰ
694 2365 941 2435 μεγάλης
968 2364 1171 2434 ψυχῆς.
1197 2365 1446 2434 ’Υπῆρχε
1481 2364 1534 2417 δὲ
1570 2366 1597 2416 ὁ
1632 2364 1864 2431 στρατῆς

280 2452 376 2504 τοῦ
412 2455 604 2523 ἀμηρᾶ
634 2455 873 2525 χιλιάδες
923 2457 1270 2525 πεντήκοντα
1299 2456 1394 2508 καὶ
1428 2454 1641 2538 exsule,
1677 2453 1771 2505 τοῦ
1805 2454 1864 2506 δὲ

282 2544 530 2615 Ντεμίρη
564 2546 803 2616 χιλιάδες
847 2542 987 2610 ἦσαν
1028 2547 1348 2600 ὀκτακόσιαι
1392 2548 1484 2598 καὶ
1512 2545 1717 2597 εἴκοσι·
1772 2545 1863 2597 καὶ

283 2636 510 2706 πάλινή
567 2638 950 2708 μεγαλοψυχία
984 2638 1078 2689 τοῦ
1127 2638 1529 2707 Μπαγιαζήτου
1583 2640 1661 2701 είς
1710 2639 1862 2691 οὐδὲν

280 2726 372 2779 τὸν
397 2729 680 2800 Ντεμίρην
711 2731 1010 2800 ἐλογίζετο.
1043 2732 1349 2794 Φθάσαντες
1377 2732 1444 2784 τὰ
1477 2730 1863 2800 στρατεύματα

283 2822 361 2882 είς
389 2823 454 2872 τὰ
480 2821 620 2891 μέρη
650 2822 751 2891 τῆς
777 2822 1017 2893 Φρυγίας
1056 2826 1418 2894 συνήντησαν,
1451 2825 1543 2876 καὶ
1573 2827 1599 2876 ὁ
1627 2826 1863 2894 πόλεμος

212 2912 233 2919 ’
282 2910 377 2960 καὶ
414 2912 445 2980 ἡ
483 2911 739 2977 σύνταξις
789 2914 885 2967 καὶ
938 2917 968 2984 ἡ
1010 2916 1301 2985 συμπλοκὴ
1338 2916 1551 2985 μεγάλη
1594 2917 1858 2983 ἐγεγόνει.

281 2996 447 3064 Τέλος
499 3002 547 3053 oi
584 3002 676 3054 τοῦ
724 3004 1102 3074 Μπαγιαζήτη
1158 3008 1235 3068 είς
1290 3006 1469 3076 φυγὴν
1508 3006 1858 3077 ἐτράπησαν’

1978 516 2088 570 Καὶ
2114 516 2174 567 ὲν
2199 515 2276 585 τῷ
2318 516 2543 584 φεύγειν
2573 520 2669 572 καὶ
2698 519 2793 571 τὸν
2824 521 3228 589 Μπαγιαζήτην
3260 522 3559 584 πιάσαντες

1975 607 2070 659 καὶ
2098 606 2197 676 τὴν
2244 610 2481 675 γυναῖκα
2531 611 2696 663 αὐτοῦ
2730 614 2826 664 καὶ
2870 615 2962 663 τὸν
3002 614 3115 664 υἱὸν
3150 614 3315 665 αὐτοῦ
3348 617 3555 682 Μωσῆν

1975 699 2071 750 καὶ
2097 699 2320 769 ἐτέρους
2337 702 2567 765 πολλοὺς
2602 704 2874 772 ἄρχοντας
2899 708 2999 766 τῆς
3031 704 3200 772 αὐλῆς
3227 706 3389 757 αὑτοῦ
3423 710 3559 776 πρὸς

1973 789 2066 842 τὸν
2094 790 2373 861 Ντεμίρην
2395 794 2623 863 ἤγαγον.
2662 796 2767 847 Καὶ
2802 796 2829 846 ὁ
2872 797 3157 867 Ντεμίρης
3184 800 3428 867 ἐπλήσθη
3462 818 3558 867 χα-

1976 884 2077 953 ρᾶς
2105 883 2192 937 διὰ
2220 883 2317 953 τὴν
2346 886 2538 955 νίκην,
2562 888 2657 938 καὶ
2695 886 2843 950 λέγει
2877 887 2953 957 τῷ
3000 889 3375 959 Μπαγιαζήτῃ
3402 906 3415 919 ·
3448 890 3556 959 85

1981 992 1998 1026 ι
2037 975 2197 1045 Κακὴ
2247 976 2484 1046 κεφαλὴ,
2516 978 2605 1030 διὰ
2634 977 2687 1029 τί
2722 980 2820 1040 τὰς
2854 979 3065 1048 ὀρέξεις
3092 982 3189 1041 τὰς
3228 982 3404 1040 κακὰς
3459 983 3556 1047 τῆς

1975 1067 2075 1136 σῆς
2103 1066 2327 1137 γνώμης
2359 1069 2459 1122 οὐκ
2488 1070 2887 1139 ἐκυϐέρνησας,
2927 1072 3009 1123 ἵνα
3048 1072 3122 1141 μὴ
3163 1074 3244 1134 είς
3279 1073 3435 1124 τοῦτο
3472 1076 3556 1123 ἕλ-

1975 1158 2115 1229 θῃς;
2150 1162 2250 1214 οὑκ
2280 1158 2426 1225 οἶδας
2471 1163 2556 1215 ὅτι
2589 1164 2770 1226 οὐδεὶς
2802 1164 3039 1219 δύναται
3075 1167 3153 1236 τῷ
3188 1167 3304 1237 ἐμῷ
3337 1168 3557 1237 στρατῷ

1972 1248 2325 1327 ἀντιστῆναι;
2353 1272 2369 1303 ι
2403 1250 2541 1308 Εἶτα
2576 1255 2875 1324 θαυμάζων
2909 1259 2935 1307 ὁ
2958 1257 3243 1327 Ντεμίρης
3279 1260 3375 1326 τὴν
3406 1259 3559 1327 βασι-

1971 1344 2130 1415 λικὴν
2165 1326 2527 1417 παράσκευὴν
2556 1346 2651 1400 τοῦ
2678 1348 3080 1419 Μπαγιαζήτου
3107 1352 3201 1402 καὶ
3228 1353 3437 1416 ὡραίαν
3463 1353 3561 1407 καὶ
3610 1336 3619 1341 ”

1970 1436 2070 1498 τὰς
2100 1438 2308 1507 σκηνάς
2333 1439 2551 1502 ὲκείνας
2581 1440 2680 1502 τὰς
2703 1440 3046 1509 θαυμαστὰς,
3079 1445 3144 1494 τὰ
3190 1443 3430 1495 τοσαῦτα
3464 1444 3557 1512 ὅρ-

1971 1546 2065 1581 νεα
2101 1530 2196 1581 καὶ
2249 1530 2418 1593 κύνας
2452 1532 2852 1599 κυνηγετικοὺς
2904 1532 2997 1596 οὓς
3037 1529 3171 1604 εἶχε,
3204 1534 3353 1601 λέγει
3395 1536 3557 1587 πάλιν

1969 1623 2118 1692 αὒτῷ
2141 1639 2157 1655 ⁶
2189 1641 2208 1674 ι
2241 1621 2377 1677 Εἰπέ
2421 1642 2530 1693 μοι,
2555 1616 2599 1678 ὦ
2622 1626 2749 1677 σαλὲ
2769 1628 2859 1679 καὶ
2884 1626 3209 1697 παράφρων,
3244 1629 3323 1689 τίς
3346 1630 3375 1697 ἡ
3409 1628 3554 1692 ὠφέ-

1967 1717 2088 1768 λεια
2148 1716 2245 1782 τῆς
2288 1717 2529 1785 μεγάλης
2588 1736 2682 1771 σου
2740 1718 3046 1783 κενοδοξίας
3104 1722 3241 1786 μετά
3282 1721 3553 1787 τοσαύτης

1969 1809 2364 1885 παρασκευῆςς
2395 1829 2410 1859 t
2455 1810 2800 1879 Ἀποκριθεὶς
2831 1812 2886 1862 δὲ
2916 1812 3367 1880 ὸΜπαγιαζήτης
3404 1813 3552 1879 λέγει

1968 1898 2045 1968 τῷ
2059 1899 2310 1973 Ντεμίρῃ
2331 1915 2344 1929 ·
2390 1920 2407 1951 ι
2435 1897 2562 1953 Οἶδα
2591 1902 2793 1965 καλῶς,
2825 1903 2911 1955 διὰ
2940 1905 2999 1955 τὸ
3038 1900 3179 1956 εἷναί
3205 1922 3261 1957 σε
3296 1906 3552 1973 ἄγροικον

1968 1992 2184 2060 Σκύθην
2217 1994 2311 2045 καὶ
2342 1993 2399 2057 ἐξ
2433 1993 2653 2061 ἀσήμου
2688 1996 2901 2061 γένους,
2934 1997 3013 2047 ὄτι
3041 1999 3095 2048 αἱ
3132 1996 3413 2065 βασιλικαὶ
3448 2016 3548 2050 παα

1969 2084 2237 2152 ρασκευαὶ
2287 2083 2387 2136 ούκ
2432 2084 2695 2154 ἁρέσουσξ
2742 2103 2854 2150 σοι,
2902 2084 3037 2139 διότι
3082 2089 3336 2140 οὐδέποτε
3376 2088 3551 2140 ταῦτα.

1968 2173 2213 2244 ιπρεπόν
2241 2184 2362 2227 σοι’
2405 2174 2518 2244 ἐγὼ
2550 2178 2662 2246 γὰρ
2689 2176 2764 2240 ὡς
2800 2178 2915 2241 υίὸς
2952 2178 3048 2230 τοῦ
3092 2181 3404 2249 Ἀμουράτη
3458 2181 3553 2233 καὶ

1967 2262 2189 2335 ἔγγονος
2219 2267 2317 2320 τοῦ
2358 2269 2624 2339 Ὀρχάνου
2650 2271 2744 2323 καὶ
2768 2270 3081 2338 δισέγγονος
3109 2272 3205 2325 τοῦ
3248 2272 3368 2325 Ὀτθ
3380 2273 3549 2341 μάνου

1967 2360 2062 2412 καὶ
2096 2361 2449 2431 τρισάγγονος
2507 2362 2605 2415 τοῦ
2654 2362 3046 2435 Ἐρτογρούλη,
3095 2365 3187 2417 καὶ
3234 2363 3407 2416 ταῦτα
3456 2369 3549 2417 καὶ

1968 2451 2189 2505 πλείονα
2242 2455 2450 2523 πρέπον
2503 2454 2594 2523 μοί
2622 2456 2739 2507 ἐστι
2773 2456 2951 2507 ποιεῖν
2998 2458 3089 2509 καὶ
3116 2456 3282 2526 ἔχειν.
3328 2475 3344 2505 ι
3402 2455 3459 2507 ’0
3490 2456 3546 2507 δὲ

1967 2545 2255 2615 Ντεμίρης
2304 2548 2546 2603 ἀκούσας
2579 2547 2702 2610 τοὺς
2736 2542 2987 2611 αύθάδεὶς
3032 2550 3224 2616 λόγους
3256 2551 3351 2602 τοῦ
3385 2550 3550 2601 Mna—

1969 2638 2253 2709 γιαζήτου,
2302 2640 2595 2711 θυμωθεὶς,
2639 2643 2989 2695 κουϐούκλιον
3016 2645 3076 2694 ἐκ
3124 2643 3345 2711 σιδήρου
3387 2645 3547 2710 ποιήσι

1968 2744 2066 2790 σας
2113 2726 2220 2780 ἔσω
2254 2730 2416 2781 αὑτὸν
2449 2731 2672 2784 ἐνέϐαλε
2706 2735 2802 2786 καὶ
2836 2732 2955 2800 μετ’
2990 2732 3169 2799 ὀλίγον
3206 2734 3366 2783 αὑτόν
3408 2733 3534 2785 ἀπέι

1968 2836 2169 2885 κτεινε,
2226 2821 2552 2889 βασιλεύσας
2585 2824 2677 2893 ἔτη
2712 2823 2770 2888 ἒξ
2816 2824 2952 2892 πρὸς
2982 2826 3094 2885 τοῖς
3131 2827 3321 2888 είκοσι,
3376 2823 3547 2893 ζήσας

1967 2911 2022 2962 δὲ
2069 2913 2124 2963 ὲν
2158 2914 2223 2982 τῇ
2251 2912 2600 2985 αἰχμαλωσίᾳ
2633 2915 2809 2983 μῆνας
2840 2915 3004 2967 ὀκτώ.

2038 3000 2140 3067 κζ’.
2173 3003 2616 3074 Τοιουτοτρόπως
2668 3004 2760 3059 οὖν
2787 3008 2893 3059 τῶν
2934 3009 3308 3077 πραγμάτων,
3344 3010 3419 3071 ὡς
3468 3011 3545 3061 εί-

281 3092 374 3145 καὶ
408 3095 464 3144 ἐν
501 3093 577 3164 τῷ
614 3095 842 3163 φεύγειν
887 3096 1087 3159 αὐτοὺς
1140 3097 1370 3161 πολλοὺς
1414 3100 1735 3161 πιάσαντες,
1777 3093 1854 3163 οἷς
1886 3107 1933 3169 c
1969 3097 2238 3166 ρὴκαμεν,
2267 3098 2554 3161 ἐλθόντων,
2606 3101 2698 3151 καὶ
2754 3099 2847 3152 τοῦ
2894 3092 3084 3171 ἀμηρᾶ
3144 3102 3546 3170 Μπαγιαζὴτςυ

279 3184 433 3237 οὐδὲν
464 3185 654 3256 ἕτερον
681 3187 905 3258 ἀνιαρὸν
940 3189 1159 3242 ἐποίουν
1182 3191 1230 3242 εἰ
1263 3190 1339 3260 μὴ
1372 3192 1530 3261 μόνον
1563 3192 1629 3245 τὰ
1662 3192 1855 3262 ίμάτια

279 3377 527 3434 eamqne,
573 3366 787 3437 triginta
822 3370 1054 3439 amplius
1115 3370 1354 3425 millibus
1408 3372 1746 3442 captivorum
1800 3376 1855 3429 in

217 3481 224 3489 ν
279 3456 460 3511 Asiam
494 3460 673 3515 missis
702 3460 1059 3531 deductisque
1088 3462 1139 3516 in
1166 3463 1431 3529 colonias,
1465 3468 1671 3521 eversis
1719 3483 1857 3522 mm-

284 3550 461 3614 nibus,
494 3552 762 3605 desertam
819 3554 1180 3622 reliquerunt,
1245 3571 1389 3610 anno
1451 3559 1637 3612 mundi
1691 3558 1852 3624 6905,

282 3638 578 3694 indictione
609 3641 663 3694 5.
694 3641 903 3698 Interea
937 3643 1105 3700 Diuus
1141 3663 1353 3703 amcras
1393 3659 1445 3703 et
1509 3649 1723 3720 reliqui,
1761 3652 1854 3721 qui

281 3744 309 3782 a
345 3731 597 3798 Bajazete
636 3734 856 3789 sedibus
889 3738 1003 3793 suis
1038 3739 1174 3808 pulsi
1216 3740 1727 3805 fuerant,Demirem
1766 3758 1853 3799 re-

280 3838 399 3895 gem
430 3824 700 3894 adierant,
728 3828 971 3896 iniurias,
1003 3847 1139 3901 quas
1198 3834 1556 3905 accepissent,
1614 3850 1852 3903 conque-

280 3925 480 3971 rentes.
513 3916 781 3983 Demires,
812 3923 1135 3977 succurendi
1169 3924 1235 3979 iis
1260 3913 1509 3998 cupidus,
1546 3940 1642 3995 per
1702 3927 1849 3998 lega-

277 4016 391 4062 tum
422 4010 657 4078 Bajazeti
694 4013 981 4079 suadebat,
1004 4014 1266 4085 injustum
1291 3992 1579 4087 esseferg'a
1606 4020 1853 4077 homines

276 4100 523 4169 ejusdem
587 4104 764 4172 gentis
829 4115 884 4159 et
937 4105 1220 4176 religionis
1281 4108 1387 4163 isto
1454 4109 1612 4166 modo
1665 4128 1849 4183 agere,

275 4206 508 4263 eumque
534 4194 948 4263 cohortabatur,
992 4208 1052 4253 ut
1086 4214 1239 4253 suam
1297 4198 1493 4271 cuique
1554 4207 1851 4274 Satrapiam

278 4286 607 4347 restitueret,
640 4284 757 4341 sise
790 4286 1023 4341 amicum
1070 4289 1171 4342 sibi
1202 4289 1382 4345 vellet.
1415 4292 1663 4361 Ameras,
1691 4296 1851 4352 homo

275 4374 583 4442 inexplebili
640 4378 865 4432 avaritia
906 4389 960 4434 et
991 4380 1221 4435 habendi
1253 4383 1573 4453 cupiditate,
1600 4386 1852 4457 idemque

1966 3188 2522 3256 αίχμαλωτισθέντος,
2557 3192 2635 3254 είς
2667 3192 2895 3256 ἀταξίαν
2950 3194 3042 3246 καὶ
3077 3194 3323 3247 κίνδυνον
3375 3196 3545 3265 μεγά-

1966 3366 2103 3421 nihil
2140 3368 2286 3423 aliud
2335 3369 2597 3423 molestia:
2643 3369 2864 3435 laetum,
2927 3373 3027 3425 nisi
3058 3374 3202 3443 quod
3232 3374 3472 3429 vestibus
3495 3386 3549 3429 et

1963 3462 2129 3514 armis
2157 3462 2340 3515 nudati
2405 3461 2837 3517 dimittebantur.
2898 3463 3015 3532 lpse
3078 3465 3360 3533 Baiazetes
3413 3484 3535 3522 cum

1962 3562 2133 3603 uxore
2154 3559 2208 3603 et
2232 3550 2343 3604 lilio
2378 3550 2523 3604 Mose
2548 3552 2776 3621 aliisque
2799 3555 2986 3607 multis
3011 3556 3146 3607 nube
3170 3572 3280 3611 sum.
3304 3560 3543 3625 proceri-

1962 3642 2064 3697 bus
2093 3645 2537 3712 comprehensus,
2573 3646 2637 3698 ad
2667 3644 2936 3699 Demirem
2995 3648 3261 3701 adductus
3286 3661 3389 3703 est.
3439 3651 3545 3714 Qui

1964 3744 2188 3804 prepter
2214 3735 2522 3800 victoriam,
2558 3752 2716 3802 quam
2752 3748 3148 3805 reportaverat,
3201 3739 3390 3792 itetitia
3445 3756 3548 3794 exw‘

1962 3826 2199 3889 sultans,
2261 3825 2567 3894 Bajazetem
2626 3826 2938 3882 allocutus:
3014 3827 3219 3883 «Homo
3280 3848 3536 3901 nequam,

1962 3918 2157 3989 inquit,
2198 3932 2296 3971 cur
2329 3917 2508 3986 pravis
2539 3919 2703 3971 animi
2740 3918 2815 3971 tui
2882 3920 3269 3988 cupiditatibus
3293 3940 3399 3979 nou
3435 3926 3549 3980 ειη-ι

1961 4011 2186 4079 perasti,
2220 4024 2290 4064 ne
2318 4010 2425 4064 huc
2457 4012 2847 4065 devolverere?
2874 4026 2940 4065 an
2977 4014 3176 4079 nescis,
3206 4016 3339 4071 meis
3362 4021 3553 4087 copiis‘

1962 4104 2236 4159 nemiuem
2275 4116 2457 4172 parem
2499 4104 2657 4157 esse?
2698 4121 2715 4153 ι
2743 4102 2944 4158 Deinde
2980 4107 3184 4174 regium
3222 4107 3340 4177 ejus
3377 4125 3555 4164 ornas

1962 4204 2076 4251 tum
2098 4204 2151 4251 et
2179 4195 2527 4265 elegantiam,
2577 4206 2629 4251 ct
2657 4198 2889 4251 tentoria
2924 4199 3013 4252 illa
3045 4199 3246 4255 eximia
3298 4210 3536 4256 tantam-

1960 4304 2067 4360 que
2097 4289 2276 4343 avium
2312 4297 2366 4343 et
2420 4302 2617 4342 cauum
2686 4289 3065 4344 venaticurum
3122 4290 3549 4347 multitudinem

1960 4383 2210 4441 miratus,
2239 4392 2456 4433 rursus.
2480 4376 2607 4431 «Dic
2637 4378 2791 4442 mihi,
2820 4380 3017 4448 inquit,
3040 4380 3199 4435 homo
3220 4383 3555 4437 turbulente~

277 4467 572 4523 vehemens
594 4479 648 4524 et
668 4486 929 4543 prmceps,
956 4474 1855 4547 orationemlegatinihilimsﬁma-
1886 4481 1930 4537 D
1960 4482 2013 4527 et
2051 4487 2268 4535 excors,
2299 4469 2390 4539 qui
2423 4480 2504 4525 est
2540 4469 2714 4524 fastus
2746 4471 2821 4524 tui
2880 4486 3002 4525 eum
3063 4482 3212 4527 tanto
3268 4485 3531 4541 apparatu

275 4561 370 4620 vit,
405 4568 457 4613 et
478 4559 1067 4628 Demirem,dominutn
1089 4569 1226 4636 ejus,
1263 4568 1550 4626 lttdilicans
1575 4574 1848 4629 rusticum

278 4654 590 4722 appellavit.
631 4654 894 4720 Demires,
946 4673 1065 4711 cum
1111 4662 1355 4716 audisset
1397 4678 1461 4717 ex
1495 4666 1692 4737 legato,
1730 4684 1849 4737 quas

280 4746 330 4798 in
367 4762 423 4800 se
446 4745 671 4800 dixisset
706 4761 942 4811 ameras,
977 4749 1205 4817 ejusque
1236 4764 1421 4807 nosset
1467 4758 1845 4823 ambitionem,

278 4836 357 4891 ira
398 4837 676 4901 incensus,
715 4837 959 4893 collectis
990 4839 1241 4894 omnibus
1270 4843 1442 4910 copiis
1485 4846 1619 4909 suis,
1654 4849 1850 4903 adver-

278 4945 371 4983 sus
409 4944 531 4983 eum
565 4936 745 4983 castra
780 4931 965 4983 movit.
998 4928 1075 4983 lie
1122 4942 1416 5000 comperta,
1476 4937 1636 4991 etiam
1694 4938 1850 5010 Baja-

276 5033 445 5085 zetes,
469 5020 755 5076 confestim
792 5020 907 5074 suis
934 5020 1177 5076 collectis
1227 5025 1423 5092 capiis,
1466 5024 1675 5083 Demeri
1708 5039 1849 5085 stre—

276 5126 381 5165 nue
407 5120 462 5166 et
488 5112 699 5167 fortiter
723 5110 1175 5180 conﬁdenterque
1207 5112 1422 5169 obviam
1461 5118 1845 5186 proﬁciscitur.

273 5203 574 5259 Constabat
594 5219 792 5259 amera:
821 5206 1097 5261 exercitus
1119 5214 1333 5273 centum
1365 5216 1419 5262 et
1448 5209 1843 5282 quinquaginta

273 5298 514 5353 millibus
568 5314 583 5352 :
660 5295 891 5353 Demiris
935 5298 1250 5368 octingenta
1324 5309 1379 5355 et
1435 5302 1621 5372 viginti
1675 5306 1844 5361 millia

271 5401 458 5455 erant;
495 5399 545 5443 at
571 5389 897 5445 confidentia
924 5389 1192 5459 Bajazctis
1218 5391 1371 5447 nihili
1405 5392 1639 5451 faciebat
1658 5397 1841 5453 Demi-

272 5497 406 5537 rem.
441 5482 577 5537 Cum
612 5483 663 5536 in
690 5479 980 5553 Phrygiam
1029 5482 1097 5537 ab
1147 5484 1391 5553 utrisque
1412 5496 1629 5541 ventum
1673 5500 1839 5553 esset,

269 5586 665 5631 concurrerunt
741 5576 1013 5631 exercitus
1086 5590 1447 5647 magnumque
1518 5555 1842 5638 ortum‘est

272 5669 534 5736 prailimn.
594 5666 834 5723 Tandem
890 5666 1154 5739 Bajazetis
1207 5670 1483 5725 exercitus
1545 5670 1598 5724 in
1658 5671 1835 5741 fugam

272 5762 827 5841 conversuscsttin
861 5761 1182 5841 quammulti
1233 5763 1375 5832 capti
1431 5774 1576 5831 sunt,
1642 5766 1836 5834 quibus

1959 4564 2237 4620 fructus?»
2274 4561 2410 4615 Tum
2447 4562 2536 4614 ille
2572 4579 2585 4615 :
2622 4560 2798 4615 «Bene
2832 4564 2973 4627 novi,
3039 4579 3147 4616 non
3206 4564 3531 4633 placiturum

1955 4660 2074 4721 tibi,
2101 4668 2157 4712 ut
2185 4656 2381 4725 agresti
2409 4654 2624 4725 Scytha-
2644 4643 2773 4709 etei
2797 4656 3029 4709 obscuro
3049 4672 3243 4725 genere
3264 4659 3522 4724 oriunda,

1959 4761 2280 4820 apparatum
2312 4749 2540 4817 regium,
2594 4747 2687 4816 qui
2724 4742 2999 4811 nunquam
3039 4760 3089 4803 te
3123 4750 3320 4803 decuit.
3352 4751 3419 4803 At
3448 4770 3529 4804 me

1956 4845 2130 4907 decet,
2183 4840 2457 4893 Amuratis
2505 4840 2669 4892 lilium
2733 4849 2788 4892 et
2843 4837 3110 4894 Orcbanis
3164 4852 3415 4909 nepotem
3476 4849 3540 4897 (κί’

1952 4934 2209 4988 Osmanis
2240 4944 2589 5000 pronepotem
2636 4929 3016 5000 etErtogrulis
3039 4933 3382 5000 abnepotem,
3413 4936 3531 4991 haec

1953 5038 2001 5081 cl
2032 5026 2182 5093 plura
2214 5024 2392 5077 facere
2415 5034 2576 5091 atque
2608 5021 2855 5077 habere.)
2896 5022 3175 5076 Sermonis
3235 5023 3535 5079 insolentia

1953 5119 2126 5171 iratus
2158 5115 2423 5176 Demires,
2485 5130 2708 5167 caveam
2738 5112 2970 5167 ferream
3028 5111 3284 5168 fabricari
3335 5115 3535 5183 juSsit,

1951 5208 2001 5261 in
2032 5222 2190 5277 quam
2221 5221 2345 5260 eum
2380 5204 2684 5272 conjectum
2737 5203 2895 5274 paulo
2928 5206 3287 5274 postoccidit.
3316 5203 3540 5276 Regna:

1950 5310 2102 5355 verat
2128 5314 2297 5353 annos
2316 5314 2408 5353 sex
2438 5298 2725 5368 eniginti,
2760 5299 3007 5368 captivus
3065 5297 3245 5353 fuerat
3305 5312 3541 5356 menses!i

1947 5402 2089 5449 OClO.

2016 5486 2104 5540 27.
2150 5485 2330 5544 Rebus
2359 5486 2438 5542 sic
2469 5488 2782 5552 transactis,
2813 5496 2872 5541 ut
2918 5489 3297 5556 exposuimus,
3330 5496 3383 5539 ct
3415 5478 3519 5539 Ba~

1937 5582 2113 5652 jztzete
2145 5591 2321 5651 capto,
2353 5580 2406 5636 itt
2451 5581 2914 5650 perturbationem
2946 5589 2999 5635 et
3033 5592 3281 5646 maguum
3329 5578 3537 5630 (Περι-1η

1946 5690 2064 5728 men
2102 5671 2555 5733 Otlnnanidarum
2588 5674 2881 5742 imperium
2918 5671 3107 5728 incidit
3160 5677 3382 5737 propter
3412 5670 3524 5722 dis-

1946 5769 2082 5850 s’idia
2125 5772 2369 5849 qnzedant
2401 5780 2453 5826 et
2493 5762 2651 5825 bella
2688 5769 2996 5826 inter-ﬁlios
3034 5765 3146 5834 ejus
3183 5764 3535 5831 enasct'uti-‘tr
