4096 6300
324 270 436 331 709

1410 266 1854 351 CHRONICON
1898 267 2165 331 MAJUS.
2195 295 2264 305 -ι
2308 226 2449 335 LlB.
2500 274 2545 347 rp.

3481 282 3583 342 710

330 387 443 441 καὶ
469 388 498 439 ὁ
531 385 752 454 ἀμηρᾶς
789 382 1126 452 Καραμάνος
1180 382 1474 451 δεξάμενος
1518 383 1683 437 αὐτὸν
1738 384 1908 451 ήδέως
1945 386 1987 440 Α
2016 383 2225 449 ἐδίωξε,
2256 386 2357 456 τὴν
2380 387 2649 440 Γαλατίαν
2682 389 3080 444 Καππαδοκίαν
3118 410 3177 445 τε
3227 393 3321 447 καὶ
3382 394 3587 449 Πόντον

332 481 428 533 καὶ
454 480 617 547 χεῖρα
645 476 825 539 δώσας
856 475 1080 549 έξῆλθεν
1103 466 1260 536 οὗτος
1314 477 1456 527 κατὰ
1501 474 1596 526 τοῦ
1646 474 1905 526 αὐταδέλ-

331 588 435 637 φου
467 568 662 637 Μωσῆ.
709 567 943 638 Πρώτης
975 567 1067 620 καὶ
1096 566 1356 637 δευτέρας
1392 568 1571 637 μάχης
1604 565 1904 634 γενομένης

328 665 355 716 ὁ
388 661 482 716 τοῦ
521 661 697 729 Μωσῆ
726 661 957 730 στρατὸς
998 660 1333 731 ὑπιρίσχυσε
1380 662 1474 713 καὶ
1526 662 1555 712 ὁ
1614 659 1904 727 Μεεμέτης

329 754 470 807 καὶὸ
495 753 725 823 στρατὸς
769 752 937 805 αὐτοῦ
986 751 1510 823 διεσκορπίσθησαν.
1576 751 1669 803 Ἐκ
1718 751 1902 818 τρίτου

330 844 386 897 δὲ
412 843 510 914 τὴν
535 843 706 915 τύχην
726 844 1086 912 λογισάμενος
1128 844 1447 912 δοκιμάσαι,
1504 843 1642 912 πρὸς
1678 845 1771 895 τὸν
1803 843 1903 911 τῆς

334 934 562 1003 Σεηρϐίας
589 942 686 988 καὶ
718 933 1060 1003 Βουλγαρίας
1094 935 1359 1003 αὐθέντην
1390 933 1483 988 καὶ
1516 935 1652 1003 πρὸς
1692 935 1782 988 τὸν
1814 932 1904 1001 βα⁴

335 1026 494 1080 σιλέα
553 1026 725 1080 ἐλθὼν
783 1026 1039 1095 βοήθειαν
1097 1027 1320 1096 αἰτῆσαι
1387 1028 1520 1096 παρ’
1565 1026 1767 1091 αὐτῶν,
1811 1029 1905 1080 καὶ

329 1116 600 1178 δὼσαντες
629 1116 777 1186 αὐτῷ
819 1119 977 1187 χεῖρα
1012 1117 1206 1186 ίκανήν
1258 1119 1353 1171 καὶ
1398 1118 1632 1189 στρατὸν
1683 1118 1905 1187 ἐξῆλθεν

327 1208 486 1271 αὖθις
542 1209 684 1261 κατὰ
723 1208 816 1262 τοῦ
867 1210 1043 1275 Μωσῆ
1078 1226 1092 1241 ·
1140 1212 1232 1263 καὶ
1291 1211 1469 1281 μάχης
1523 1212 1822 1280 γενομένης
1877 1213 1904 1263 ὁ

328 1300 619 1369 Μεεμέτης
663 1301 950 1370 ἀπατήσας
994 1304 1132 1370 μετὰ
1177 1305 1477 1373 χρημάτων
1523 1302 1750 1364 πολλοὺς
1793 1301 1904 1353 τῶν

328 1393 563 1462 πρώτων
618 1394 965 1461 στρατηγοὺς
1010 1395 1108 1447 καὶ
1162 1395 1505 1464 κυϐερνήτας
1555 1395 1649 1447 τοῦ
1705 1395 1902 1461 Μωσῆ,

328 1486 557 1553 ἀφέντες
582 1486 748 1539 αὐτὸν
782 1485 983 1554 ἔφυγον
1012 1485 1150 1555 πρὸς
1206 1483 1297 1539 τδν
1348 1485 1656 1554 Μεεμέτην.
1728 1484 1788 1538 '0
1846 1485 1902 1537 δὲ

327 1579 533 1647 Μωσῆς
566 1577 689 1631 ίδὼν
712 1579 808 1631 καὶ
840 1577 1001 1640 αὐτὸς
1028 1578 1110 1639 είς
1159 1578 1339 1646 φυγὴν
1390 1578 1605 1647 ἐτράπη
1670 1579 1762 1630 καλ¹
1812 1578 1902 1631 ἐλ-

333 1667 442 1721 θὼν
469 1668 527 1721 ἕν
578 1686 687 1721 τινι
725 1668 876 1738 τόπῳ
937 1668 1131 1722 ὑλώδει
1194 1668 1444 1738 ὲκρύϐηυ
1493 1667 1553 1720 ὃν
1599 1667 1772 1751 εὑρών
1818 1686 1903 1731 τις

2011 478 2104 529 καὶ
2137 478 2238 530 ὅσα
2264 479 2367 547 τῆς
2394 478 2603 532 ἄνωθεν
2644 480 2833 541 Ἀσίας
2864 482 3144 552 ἐκέρδησε.
3194 484 3299 536 Τδν
3362 487 3586 554 Ἰσμαὲλ

2009 569 2234 637 ἀμηρᾶν
2259 568 2353 621 τοῦ
2401 569 2675 622 Σινωπίου
2734 570 2970 639 ὑποτελῆ
3030 572 3272 643 ἐποίησε,
3326 577 3420 629 καὶ
3476 579 3587 629 ἀπὸ

2008 660 2210 721 Λυδίας
2252 662 2355 725 ἕως
2390 662 2633 722 Λίολίδος
2694 664 2789 716 καὶ
2848 665 2978 734 ἄχρι
3022 666 3240 727 Μυσίας
3297 668 3395 737 τῆς
3450 673 3586 739 τρὶ-ς

2009 753 2103 805 τὸν
2167 753 2567 823 Ἑλλήσποντον
2622 755 2809 823 κύριος
2863 757 3101 825 ἐγένετο,
3166 759 3259 810 καὶ
3312 762 3447 826 μετὰ
3491 765 3588 827 τῆς

2011 843 2303 913 γερουσίας
2324 845 2430 900 τῶν
2477 845 2713 900 Ἐνετῶν
2764 848 2942 918 μάχην
2975 850 3231 919 ποιήσας.
3280 852 3339 904 Ὀ
3365 851 3457 904 οὖν
3478 854 3589 905 τῶν

2018 934 2252 1001 Ἐνετῶν
2284 938 2469 999 στόλος
2500 932 2649 1006 εῖχεν
2674 939 2957 1009 ναυάρχην
2980 941 3071 993 τὸν
3099 941 3307 1012 Πέτρον
3332 944 3541 1013 Λορδᾶν
3566 962 3580 977 ο

2010 1016 2105 1078 καὶ
2135 1027 2302 1095 ἄμφω
2328 1028 2378 1079 οί
2403 1029 2582 1080 στόλοι
2607 1030 3055 1098 συναντηθέντες,
3093 1032 3237 1100 λέγω
3272 1031 3378 1086 τῶν
3438 1032 3591 1086 Ἑνε-

2008 1117 2115 1169 τῶν
2145 1119 2238 1170 καὶ
2259 1118 2353 1171 τοῦ
2376 1120 2589 1189 άμηρᾶέ
2617 1122 2892 1190 άναμέσον
2913 1124 3288 1194 Προικονήσου
3311 1126 3406 1178 καὶ
3439 1126 3587 1179 Καλ-

2008 1210 2356 1274 λιουπὸλεως,
2388 1211 2482 1265 καὶ
2512 1213 2819 1281 ναυμαχίας
2856 1215 3159 1283 γενομένης
3186 1216 3381 1270 πολλαὶ
3429 1220 3584 1286 τριή-

2010 1319 2126 1371 ρεις
2156 1303 2250 1355 καὶ
2280 1303 2404 1367 νῆες
2438 1304 2547 1355 τῶν
2574 1304 2835 1373 Τούρκων
2862 1322 2993 1358 κατε
3006 1308 3366 1378 ποντίσθησαν
3395 1326 3407 1339 ·
3447 1311 3585 1377 μετὰ

2006 1395 2064 1447 δὲ
2100 1394 2274 1447 ταῦτα
2294 1395 2517 1464 ἀγάπην
2546 1397 2833 1464 ἐποίησαν.
2874 1398 3092 1464 Ἥγάπα
3130 1399 3185 1451 δὲ
3216 1402 3308 1453 τὸν
3360 1402 3584 1467 βασιλέα

2006 1484 2113 1552 κίιρ
2166 1484 2424 1552 Μανουὴλ
2450 1481 2601 1548 οὗτος
2623 1487 2651 1538 ὁ
2684 1487 2906 1558 άμηρᾶς
2932 1489 3027 1541 καὶ
3060 1490 3187 1553 τοὺς
3221 1492 3439 1561 ἑτέρους
3488 1494 3581 1544 αύ-

2007 1578 2198 1639 θέντας
2224 1577 2588 1643 Χριστιανοὺς
2609 1580 2739 1641 τοὺς
2791 1581 2959 1647 ἔγγὺς
2996 1582 3107 1635 τῶν
3145 1585 3309 1653 ὁρίων
3364 1585 3529 1638 αὐτοῦ
3566 1602 3577 1613 ·

2008 1668 2102 1720 καὶ
2165 1669 2224 1718 ὲν
2267 1668 2345 1737 τῷ
2410 1670 2627 1736 μέλλειν
2679 1671 2841 1724 αὑτὸν
2889 1674 3150 1745 τελευτᾷν
3198 1677 3308 1747 9o
3355 1678 3430 1746 τῷ
3481 1680 3583 1749 υἱῷ

333 1761 641 1829 στρατηγὸς
673 1761 767 1814 τοῦ
803 1732 1064 1832 Μεεμέτη
1105 1763 1223 1814 ἐκεῖ
1263 1732 1536 1827 -ἀπέπνιξε
1605 1732 1900 1830 προστάξει
1937 1732 1974 1786 Β
2016 1732 2329 1831 Ἀμουράτη
2355 1732 2725 1831 παρήγγειλεν
2756 1765 2823 1816 ἵν’
2858 1766 3050 1835 ἐσηται
3091 1732 3367 1836 ipf/0:211
3391 1732 3580 1839 βοηθὸς

327 1853 423 1904 τοῦ
450 1851 714 1905 αὑθέντου
746 1852 933 1908 αὑτοῦ.
977 1853 1211 1919 Ἐστάθη
1237 1853 1331 1906 οὖν
1378 1856 1411 1921 ή
1467 1854 1605 1922 αὐτὴ
1652 1853 1901 1923 βασιλεία

329 1944 716 1998 κινδυνεύουσα
760 1945 848 1999 διὰ
902 1946 1002 2007 τὰς
1056 1945 1324 2015 διχονοίας
1365 1946 1465 2009 τὰς
1524 1947 1582 1999 ἐν
1649 1946 1899 2016 ἀλλήλοις

327 2038 440 2099 τοῖς
468 2038 765 2107 τέσσαρσιν
803 2037 1054 2106 ἀδελφοῖς
1092 2036 1187 2105 ἔτη
1242 2038 1370 2108 τρία
1429 2039 1521 2091 καὶ
1559 2041 1733 2108 μῆνας
1782 2039 1899 2103 δύο,

328 2127 621 2196 Μεεμέτης
648 2128 704 2180 δὲ
731 2128 1009 2199 ἐγκρατὴς
1037 2129 1219 2200 πάσης
1248 2130 1349 2199 τῆς
1379 2129 1557 2199 ἀρχῆς
1593 2131 1686 2182 καὶ
1746 2132 1901 2200 βασι-

328 2219 478 2282 λείας
509 2221 606 2289 τῆς
641 2220 755 2290 89
785 2219 1065 2290 πατρικῆς
1100 2220 1237 2289 μετὰ
1284 2221 1558 2274 τοσούτων
1588 2221 1774 2276 κόπων
1806 2222 1901 2276 καὶ

328 2310 543 2363 ὀδυνῶν
571 2309 797 2375 γέγονεν
833 2308 891 2364 ὲν
915 2309 1028 2362 ἔτει
1055 2310 1195 2376 ςῧρζς
1224 2309 1554 2372 ίνδικτιῶνος
1578 2308 1647 2378 γ’.

396 2398 463 2453 λ’.
493 2397 713 2467 Πρῶτον
747 2398 843 2465 μὲν
868 2397 1029 2466 ἔργον
1065 2398 1205 2466 μετὰ
1250 2398 1311 2450 τὸ
1332 2397 1521 2451 λαϐεῖν
1570 2398 1668 2467 τὴν
1724 2399 1900 2470 ἀρχὴν

328 2489 551 2558 ἐποίησε
617 2488 798 2541 τοῦτο.
852 2488 936 2541 Τὰ
993 2487 1124 2557 τέλη
1178 2488 1283 2557 τῆς
1343 2488 1754 2559 Μολδοϐλαχίας
1808 2491 1900 2543 καὶ

330 2579 704 2648 Μπογδανίας,
727 2581 851 2633 ὅσον
884 2574 952 2649 ἦν
984 2579 1229 2645 δυνατὸν,
1262 2581 1519 2652 ἐϐάρυνε,
1571 2585 1664 2634 καὶ
1718 2584 1900 2634 πᾶσαν

332 2670 519 2741 χώραν
552 2672 646 2725 καὶ
680 2673 845 2725 τόπον
903 2672 962 2725 ὲν
1012 2674 1079 2742 τῇ
1137 2673 1293 2743 Ἀσία
1347 2673 1405 2725 ὲν
1458 2668 1539 2737 οἷς
1597 2676 1648 2727 oi
1697 2673 1900 2727 Σκύθαι

332 2762 572 2826 ἐγίνοντο
596 2762 882 2831 ἐγκρατεῖς
915 2760 1050 2830 μετὰ
1084 2760 1184 2831 τήν
1212 2761 1596 2831 αἰχμαλωσίαν
1645 2761 1742 2815 τοῦ
1794 2780 1900 2817 πα-

330 2852 476 2918 τρὸς,
516 2852 674 2903 πάλιν
705 2852 822 2920 μετ’
848 2850 1032 2918 ὀλίγον
1075 2851 1164 2919 ὑφ’
1191 2851 1379 2904 ἑαυτὸν
1434 2852 1843 2923 ἁπεκατέστησε
1882 2871 1896 2884 ·

331 2948 424 2997 καὶ
464 2947 589 3006 τοὺς
625 2944 934 3013 ὁμοφύλους
962 2947 1053 2998 καὶ
1085 2945 1412 3020 ὁμοπίστους
1458 2946 1719 3009 αὐθέντας
1750 2944 1900 3030 οὓςῤ

2000 1853 2079 1921 τῷ
2132 1852 2344 1922 βασιλεῖ
2402 1854 2510 1923 κὺρ
2563 1856 2841 1922 Μανουήλ.
2895 1852 3063 1922 Οὗτος
3128 1861 3348 1930 πρῶτος
3405 1864 3460 1915 ἐν
3510 1868 3577 1933 τῇ

2015 1944 2455 2013 Ἀδριανουπόλει
2487 1946 2584 2016 τὴν
2622 1947 2890 2016 καθέδραν
2934 1951 3213 2021 ἐποίησεν,
3256 1953 3324 2024 ῆν
3376 1955 3426 2007 οί
3472 1955 3579 2022 πρὸ
3668 1986 3671 1989 -

2002 2036 2170 2089 αὐτοῦ
2188 2037 2248 2087 ἐν
2269 2038 2335 2107 τῇ
2365 2037 2582 2109 Προύσῃ
2612 2036 2779 2107 εἶχον.
2826 2038 3069 2111 ’Υπῆρχε
3110 2042 3165 2096 δὲ
3199 2043 3320 2098 λίαν
3353 2046 3579 2114 φιλόδω-

2005 2145 2095 2198 ρος
2116 2130 2209 2182 καὶ
2239 2133 2348 2192 τοῖς
2374 2130 2549 2196 φίλοις
2588 2132 2813 2201 ἄριστος
2846 2149 2860 2163 ο
2889 2135 3087 2203 ὁμοίως
3116 2136 3172 2187 δὲ
3216 2140 3328 2200 τοῖς
3362 2137 3578 2207 ἐχθροῖς

2000 2219 2106 2281 ἓως
2134 2219 2322 2282 τέλους
2346 2220 2495 2289 ζωῆς
2525 2222 2903 2291 καμηλοειδῶς
2939 2224 3196 2290 διέκειτο,
3223 2229 3316 2281 καὶ
3345 2231 3576 2282 πάντοτε

2002 2310 2097 2364 νέα
2132 2311 2495 2381 ὲφευρήματα
2526 2314 2620 2366 καὶ
2649 2317 2902 2384 μηχανὰς
2939 2317 3208 2385 γορεύων.
3244 2320 3330 2373 ἵνα
3363 2320 3575 2391 βλάπτῃ

2003 2406 2097 2457 καὶ
2118 2405 2354 2477 ἀφανίζῃ
2387 2407 2514 2469 τοὺς
2542 2407 2731 2468 κακῶς
2778 2402 3157 2478 διακειμένους
3219 2414 3335 2482 μετ’
3385 2416 3576 2470 αὐτοῦ.

2015 2496 2277 2550 ’Ᾱπέθανε
2297 2498 2353 2551 δὲ
2388 2498 2715 2567 βασιλεύσας
2745 2501 2837 2571 ἔτη
2899 2503 3028 2556 δέκα
3068 2507 3161 2558 καὶ
3192 2506 3353 2562 ἑπτά.

2073 2587 2173 2643 λα’.
2220 2589 2605 2654 Ἀποθανόντος
2636 2592 2730 2645 οὖν
2776 2593 2871 2647 τοῦ
2926 2596 3123 2664 ἀμηρᾶ
3175 2599 3429 2669 Μεεμέτη
3488 2601 3581 2654 καὶ

2004 2682 2245 2752 Κυρίτζη
2271 2683 2706 2754 ὀνομαζομένου,
2763 2687 2791 2738 δ
2843 2686 2954 2750 υίὸς
3011 2689 3177 2742 αὑτοῦ
3237 2691 3579 2761 Ἀμουράτης

2002 2772 2177 2827 ἔλθὼν
2218 2774 2317 2843 τὴν
2342 2775 2519 2845 ἀρχὴν
2582 2775 2858 2842 διεδέξατο
2928 2780 2987 2831 ὲν
3031 2780 3142 2832 ἔτει
3194 2782 3399 2852 ,ςιῇκδκ
3453 2784 3580 2836 ίνδι-

2002 2866 2229 2930 κτιῶνος
2286 2866 2357 2936 η’,
2416 2870 2512 2924 καὶ
2568 2870 2662 2923 τοῦ
2729 2871 3075 2944 φθινοπώρου
3129 2874 3419 2944 ἱσταμένου
3477 2879 3579 2930 οὐκ

1999 2958 2248 3029 ἠρέμησε
2271 2959 2358 3013 διὰ
2379 2960 2472 3013 τὸν
2498 2962 2766 3031 χειμῶνα,
2798 2963 2934 3017 ἀλλὰ
2980 2964 3074 3017 τδν
3132 2967 3362 3036 στρατὸν
3411 2969 3578 3021 αὑτοῦ

330 3030 512 3100 πατὴρ
569 3032 765 3097 ἐξέωσε
804 3036 904 3102 τῆς
957 3035 1147 3126 ἀρχῆε
1165 3035 1257 3087 καὶ
1293 3035 1321 3087 ὁ
1387 3035 1667 3105 Ντεμίρης
1724 3036 1894 3089 ἐλθὼν
1924 3059 1970 3121 c
2004 3051 2237 3115 συνάξας
2265 3030 2640 3122 ἔρχεταικατὰ.
2670 3054 2767 3107 τοῦ
2822 3055 2968 3109 θείου
3028 3030 3211 3110 αὑτοῦ.
3251 3060 3575 3126 Μουσταφᾶ,

330 3125 489 3177 πάλιν
518 3126 822 3194 μετέδωκεν
850 3126 1056 3191 αὑτοῖς,
1091 3118 1245 3190 οὗτος
1280 3130 1429 3200 νόμῳ
1454 3129 1689 3200 πολέμου
1744 3128 1897 3194 αὖθις

329 3312 415 3356 tus
450 3303 640 3371 repiis,
675 3302 936 3359 adversus
993 3302 1195 3361 Mosen!
1228 3307 1446 3362 fratrem
1506 3308 1893 3378 proficiscitur.

326 3399 557 3464 Atqnee
607 3393 782 3462 primo
837 3394 1057 3461 quidem
1103 3408 1156 3451 et
1208 3401 1443 3454 secundo
1496 3399 1680 3468 praelio
1735 3400 1897 3457 Mosis

330 3486 603 3541 exercitus
671 3486 922 3555 superior
970 3487 1240 3555 discessit,
1299 3490 1624 3547 Hebemetes
1673 3494 1897 3564 ejusque

329 3578 601 3634 exercitus
629 3578 793 3649 fugati
816 3589 976 3646 sunt;
1023 3585 1117 3637 sed
1152 3583 1368 3637 tertium
1429 3585 1700 3639 fortunam
1736 3601 1897 3655 expe-

332 3670 571 3725 riendam
602 3684 723 3726 esse
761 3681 928 3737 ratus,
981 3675 1274 3743 principem
1312 3676 1515 3731 Ser-vias
1548 3687 1600 3732 et
1632 3677 1895 3749 Bulgaria:

329 3768 381 3813 et
432 3759 812 3828 imperatorem
846 3763 979 3819 adiit
1009 3756 1307 3835 eorumque
1357 3768 1661 3837 imploravit
1712 3783 1893 3839 opem,

242 3892 251 3905 .
331 3862 494 3918 atque
519 3854 754 3923 acceptis
788 3855 856 3909 ab
905 3856 970 3909 iis
1005 3858 1174 3925 copiis
1216 3859 1449 3925 idoneis,
1485 3863 1659 3915 denuo
1698 3861 1894 3916 adver-

327 3959 421 3998 sus
472 3943 673 4000 Mosem
710 3945 882 4001 duxit.
946 3949 1137 4003 Prtelio
1169 3951 1322 4015 inito,
1356 3966 1383 4006 e
1424 3953 1699 4021 primariis
1740 3953 1893 4008 multi

328 4033 490 4088 duces
515 4036 971 4105 centurionesque
1002 4038 1207 4107 ‘Mosis,
1260 4042 1489 4109 pecunia
1533 4057 1562 4096 a
1593 4042 1892 4098 Mehemete

326 4126 585 4194 corrupti,
633 4126 723 4181 illo
758 4127 971 4193 relicto,
1031 4131 1097 4184 ad
1152 4132 1294 4186 hunc
1348 4133 1735 4203 transfugiunt.
1775 4133 1891 4191 Hoc

321 4228 441 4268 eum
479 4215 949 4272 animadvertisset
982 4218 1181 4282 Moses,
1218 4222 1269 4275 in
1296 4222 1475 4292 fugam
1506 4235 1560 4279 et
1598 4225 1711 4293 ipse
1754 4240 1890 4280 con-

325 4320 531 4371 versus,
570 4307 622 4361 in
660 4307 780 4363 loco
809 4309 1261 4376 silvosoxdelituit,
1293 4316 1387 4369 sed
1418 4332 1446 4369 a
1477 4317 1613 4371 duce
1656 4320 1888 4387 quodam

1999 3145 2093 3197 καὶ
2118 3144 2349 3215 νικήσας
2376 3145 2538 3199 αὐτὸν
2570 3145 2900 3201 ἐθανάτωσε.
2933 3150 3045 3204 Καὶ
3076 3149 3239 3215 εὐθὺς
3273 3153 3414 3222 μετὰ
3473 3154 3575 3224 τὴν

2000 3327 2227 3396 Sinopes
2290 3341 2554 3393 ameram,
2602 3327 2917 3398 vectigalem
2958 3329 3103 3392 fecit,
3140 3340 3192 3384 et
3224 3346 3251 3385 a
3299 3330 3466 3403 Lydia
3508 3332 3577 3386 ad

1998 3417 2266 3476 Eolidem
2301 3434 2474 3489 usque
2492 3430 2546 3474 et
2570 3417 2820 3490 Mysiam,
2851 3436 2970 3490 qua:
3001 3430 3084 3478 est
3115 3424 3168 3477 in
3199 3423 3573 3494 Hellesponto,

1999 3509 2405 3575 dominabatur,
2435 3511 2601 3567 etiam
2646 3528 2770 3568 cum
2804 3514 3029 3572 Venetis
3069 3518 3255 3586 praelia
3294 3520 3570 3575 conflicta-

1999 3604 2105 3659 tus,
2140 3610 2367 3664 quorum
2398 3599 2556 3654 classi
2612 3601 2807 3656 Petrus
2853 3601 3067 3660 Lordan
3131 3618 3382 3675 prmerat.
3436 3608 3571 3662 Cum

1997 3688 2172 3743 ambze
2223 3688 2450 3754 classes,
2514 3691 2846 3748 Venetorum
2880 3705 2931 3750 et
2962 3712 3184 3761 ameree,
3252 3700 3396 3755 inter
3443 3703 3575 3754 Pro-

1996 3795 2292 3835 eonnesum
2333 3789 2385 3835 et
2420 3781 2758 3851 Calliopolim
2784 3797 2968 3840 essent
3023 3803 3330 3859 congressae
3378 3801 3430 3846 et
3473 3808 3572 3861 pn-

1997 3886 2099 3940 gna
2124 3872 2435 3937 commissa,
2471 3874 2653 3930 multm
2679 3874 2980 3932 Turearum
3031 3873 3280 3936 naveset
3322 3886 3573 3941 triremes

1996 3959 2269 4028 depressae
2318 3966 2469 4013 sunt.
2534 3960 2735 4017 Deinde
2770 3978 2870 4030 pax
2930 3966 3071 4021 inter
3098 3984 3193 4024 eos
3239 3978 3564 4044 composita.

1994 4049 2184 4123 Amice
2205 4049 2301 4128 hic
2324 4062 2542 4104 ameras
2572 4052 3002 4121 amplectebatur
3034 4056 3420 4128 imperatorem
3456 4066 3571 4119 Ma-

1996 4124 2211 4195 nuelem
2243 4149 2298 4194 et
2330 4140 2566 4209 reliquos
2596 4143 2867 4213 principes
2922 4124 3260 4207 Christianos
3307 4155 3408 4209 sibi
3440 4157 3569 4210 vici-

1993 4246 2111 4297 nos,
2136 4240 2189 4287 et
2220 4233 2575 4288 moribundus
2622 4240 2895 4292 Amnratze
2927 4240 3035 4295 filio
3097 4246 3396 4308 mandavit,
3430 4258 3487 4302 ut
3524 4250 3569 4305 is

1992 4338 2205 4393 quoque
2232 4324 2439 4379 amicus
2469 4336 2523 4379 et
2555 4329 2737 4382 socius
2785 4341 2930 4386 esset
2964 4331 3221 4391 Manueli.
3262 4335 3407 4393 fdem
3456 4341 3571 4411 pri-

323 4394 636 4450 Mehemetis
689 4408 954 4466 repertus,
1013 4400 1175 4469 hujus
1228 4400 1381 4470 jussu
1439 4404 1738 4461 suffocatus
1787 4416 1889 4462 est.
1922 4394 1968 4452 ι)
1999 4430 2120 4470 mus
2175 4416 2524 4487 Adrianopoli
2556 4423 2737 4475 sedem
2799 4424 3001 4493 regiam
3040 4427 3348 4494 collocavit,
3394 4394 3561 4501 qulam

328 4485 551 4540 Versata
621 4488 781 4555 igitur
832 4490 884 4544 in
946 4491 1259 4548 discrimine
1325 4494 1500 4549 fuerat
1577 4496 1736 4564 hujus
1790 4498 1889 4553 im-

328 4578 459 4644 perii
494 4579 645 4632 salus
669 4590 887 4648 propter
923 4583 1214 4637 intestinas
1246 4594 1480 4652 quatuor
1508 4583 1739 4638 fratrum
1771 4586 1887 4640 dis-

323 4668 536 4722 cordias
559 4684 729 4724 annos
760 4682 867 4725 tres
892 4683 944 4726 et
964 4688 1174 4729 menses
1209 4674 1368 4739 duos,
1415 4685 1577 4743 atque
1613 4676 1887 4732 Meheme-

325 4768 403 4813 tes
426 4761 661 4815 universi
685 4762 831 4830 regni
852 4770 905 4816 et
924 4764 1133 4831 imperii
1150 4765 1360 4832 paterni
1381 4781 1500 4819 cum
1518 4769 1680 4821 tantis
1697 4784 1892 4851 ωηιξη-

322 4852 404 4906 uis
432 4863 485 4906 et
517 4853 778 4907 molestiis
795 4855 992 4922 potitus
1013 4863 1098 4909 est
1136 4871 1277 4909 anno
1302 4855 1465 4920 6907,
1518 4860 1813 4915 indictione
1833 4862 1888 4916 5.

393 4944 485 4998 50.
524 4941 768 4997 Primum
805 4954 933 5013 post
971 4957 1285 5016 susceptum
1312 4948 1596 5018 imperium
1627 4966 1761 5021 Opus
1789 4952 1890 5006 hoc

319 5034 512 5089 edidit.
563 5034 967 5090 Moldoblachiae
1012 5046 1067 5092 et
1123 5037 1409 5105 Bogtlaniae.
1469 5042 1672 5095 tributa
1724 5058 1885 5111 quam

321 5136 533 5195 poterat
586 5128 909 5196 gravissima
950 5127 1273 5195 imperabat,
1319 5139 1377 5184 et
1412 5131 1673 5201 quidquid
1711 5136 1887 5204 regio-

319 5233 446 5283 num
485 5218 539 5270 in
568 5218 692 5272 Asia
726 5217 962 5289 Scythae,
1000 5228 1159 5287 capto
1192 5221 1311 5286 ejus
1368 5230 1539 5290 patre,
1583 5239 1886 5294 oecupave-

216 5314 227 5321 ‘
322 5317 459 5372 rant,
492 5309 642 5363 brevi
678 5310 959 5363 intervallo
991 5312 1213 5380 recepit,
1250 5320 1413 5380 atque
1471 5330 1581 5368 sua:
1618 5317 1794 5385 gentis
1821 5332 1888 5374 ac

320 5400 595 5469 religionis
650 5402 924 5471 principes
966 5416 1082 5465 eos,
1116 5418 1251 5473 quos
1281 5420 1307 5457 a
1358 5415 1510 5474 patre
1541 5410 1758 5463 sedibus
1791 5426 1888 5466 ex-

314 5491 495 5555 pulsos
549 5492 792 5548 Demires
825 5493 1158 5559 restituerat,
1221 5495 1290 5550 de
1321 5498 1531 5569 integro
1592 5501 1771 5571 ejecit,
1832 5513 1887 5558 et

313 5581 604 5647 Galatiam,
660 5583 1076 5653 Cappadociam,
1116 5586 1345 5643 Pontum
1394 5600 1668 5661 totamque
1696 5594 1880 5651 Asiam

313 5677 644 5745 superiorem
677 5677 727 5730 in
762 5682 1077 5746 potestatem
1111 5694 1263 5734 suam
1316 5684 1543 5754 redegit,
1577 5670 1878 5756 lsmaelem,

1993 4506 2230 4576 majores
2253 4507 2371 4577 ejus
2400 4508 2579 4565 Prusze
2612 4512 2931 4571 habuerant.
2954 4516 3086 4573 Erat
3116 4522 3562 4580 munificentissi-

1992 4610 2135 4661 mus,
2166 4607 2221 4651 et
2252 4597 2391 4651 sicut
2420 4598 2473 4652 in
2494 4599 2700 4656 amicos
2739 4603 3171 4671 liberalissimus,
3205 4611 3277 4664 ita
3316 4612 3564 4670 boSIibus

1990 4700 2161 4755 usque
2198 4688 2264 4742 ad
2292 4690 2450 4743 tinem
2486 4691 2607 4747 vitae
2659 4694 3081 4766 infensissimus,
3114 4716 3435 4773 semperque
3468 4723 3563 4761 no-

1992 4794 2181 4833 varum
2242 4781 2441 4835 artium
2482 4786 2968 4858 machinarumque
3006 4793 3307 4859 studiosus,
3365 4798 3562 4867 quibus

1991 4861 2132 4927 male
2178 4888 2303 4944 erga
2360 4891 2417 4931 se
2452 4879 2704 4933 animatis
2767 4884 3022 4937 damnum
3062 4896 3223 4955 atque
3275 4889 3558 4947 interitum

1948 4962 2230 5031 ,aﬂerret.
2260 4964 2505 5023 Mortuus
2528 4979 2609 5024 est
2630 4986 2771 5027 anno
2799 4975 2947 5043 regni
2971 4977 3181 5034 decimo
3203 4982 3458 5049 septimo.

2060 5054 2149 5107 51.
2187 5056 2399 5112 Mortuo
2440 5058 2738 5117 Mehemete
2782 5080 2984 5133 amera,
3021 5071 3112 5136 qui
3145 5077 3564 5141 cognominatur

1991 5144 2260 5215 Cyritzes,
2282 5148 2588 5213 Amnrates,
2606 5154 2722 5221 ejus
2746 5155 2909 5223 ﬁlius,
2932 5160 3215 5229 imperium
3246 5167 3559 5233 capessivit,

1989 5248 2133 5288 anno
2181 5236 2342 5305 6924,
2382 5239 2677 5297 indictione
2715 5243 2768 5310 8,
2817 5257 3187 5321 antumnoque
3223 5252 3462 5319 ineunte,
3502 5266 3563 5310 ut

1989 5326 2318 5393 quiesceret,
2356 5328 2592 5384 instante
2622 5331 2795 5388 hieme
2825 5344 3155 5395 commoveri
3180 5358 3285 5396 non
3312 5354 3554 5412 poterat,

1990 5600 2181 5655 toriam
2205 5606 2486 5672 prmmisso
2506 5606 2714 5675 Cpolim
2745 5612 3133 5684 Michaelbego,
3166 5615 3279 5681 ipse
3297 5629 3563 5681 superve-

1986 5693 2065 5748 nit
2120 5710 2349 5769 camque
2405 5704 2595 5758 urbem
2621 5703 2868 5761 obsedit:
2925 5709 3082 5779 cujus
3116 5704 3189 5759 rei
3221 5720 3381 5759 causa
3414 5721 3558 5781 erat,
