4096 6300
309 347 415 429 723

1380 338 1826 404 CllllONlCON
1877 333 2145 423 MAJUS.
2189 354 2259 365 -
2297 326 2440 386 LIB.
2480 325 2529 384 Ι.

3458 301 3561 369 714

310 474 481 528 ταῦτα
516 466 899 534 αἰσθανόμενος
925 461 1182 532 ἐμαίνετο
1232 459 1352 512 κατ’
1384 458 1585 520 αὐτῶν,
1624 456 1717 507 καὶ
1759 450 1890 503 πολ-
1918 453 1967 511 Α
1996 446 2260 498 Σινωπίου
2294 444 2360 511 ἢν
2395 438 2632 507 ὑποτελῆ
2667 437 2714 488 οί
2751 434 2853 502 πρὸ
2884 432 3048 486 αὐτου
3078 432 3195 534 imo:
3210 446 3231 481 (η
3247 447 3367 493 σαν,
3411 421 3567 534 piata;

312 565 439 624 λούς
493 561 724 628 ὕστερον
760 554 1093 616 ἐθανάτωσε,
1157 552 1250 603 καὶ
1316 546 1759 616 παιδαριογέρων
1838 543 1894 593 ἐν

314 655 432 716 ταῖς
468 652 668 721 μάχαις
697 649 791 701 καὶ
820 648 939 706 ταῖς
978 644 1308 710 διοικήσεσιν
1345 642 1421 701 εἰς
1452 638 1619 708 ἄκρον
1658 637 1892 702 ἐγένετο.

318 741 565 797 Ἦνδὲό
607 742 725 802 νέος
784 737 1072 807 δραστικὸς
1126 735 1217 786 καὶ
1268 733 1439 792 δεινὸς
1496 730 1643 783 κατά
1696 728 1896 788 πάντα,

321 835 450 895 τούς
482 831 772 901 ἐναρέτους
812 829 909 881 καὶ
963 827 1159 893 σοφοὺς
1224 825 1424 894 ἄνδρας
1474 820 1705 889 ἀγαπῶν
1740 836 1753 849 '
1805 817 1901 870 καὶ

330 925 494 987 αὐτὸς
533 925 636 977 οὐκ
682 921 986 990 ἀμέθτκτος
1028 914 1095 987 ἦν
1139 917 1354 983 σοφίας,
1404 914 1499 966 καὶ
1542 914 1641 979 τὴν
1706 914 1902 981 τέχνην

327 1018 429 1085 τῆς
472 1013 835 1081 ἀστρολογίας
875 1013 974 1063 οὐκ
1031 1010 1209 1076 ὀλίγον
1261 1008 1598 1076 γευσάμενος
1640 1004 1903 1071 ἀναγινώ-

327 1124 480 1160 σκειν
512 1107 599 1160 ἀεὶ
645 1104 859 1173 ἠγάπα.
898 1102 980 1153 Τά
1026 1117 1087 1151 τε
1146 1097 1549 1167 κατορθώματα
1604 1098 1697 1149 καὶ
1760 1095 1906 1163 βίους

342 1196 696 1264 Ἀλεξάνδρου
744 1193 839 1245 τοῦ
910 1191 1219 1251 Μακεδόνος
1286 1191 1380 1241 καὶ
1453 1187 1545 1239 τοῦ
1622 1186 1905 1240 Ὀκταϐίου

334 1288 639 1353 Καίσαρος,
711 1284 1123 1336 Κωνσταντίνου
1202 1281 1295 1333 τοῦ
1363 1279 1625 1348 μεγάλου,
1669 1278 1761 1331 τοῦ
1815 1280 1909 1331 καὶ

334 1378 566 1431 Φλαϐίου
594 1377 689 1429 καὶ
718 1376 999 1428 Θεοδοσίου
1041 1372 1133 1426 τοῦ
1190 1372 1251 1435 ἐξ
1299 1372 1583 1433 Ἱσπανίας
1648 1369 1911 1440 βασιλέως

339 1465 970 1527 Κωνσταντινουπόλεως
999 1463 1387 1530 ἀνεγίνωσκεν,
1431 1462 1601 1514 αἰτῶν
1636 1463 1728 1513 καὶ
1758 1462 1913 1528 ὲρευ·

334 1561 439 1612 νῶν
479 1558 727 1627 μηχανάς
759 1558 845 1609 ἵνα
875 1556 999 1618 τούς
1059 1557 1265 1616 πάντας
1312 1552 1521 1621 ὑπερϐῇ
1559 1553 1652 1604 καὶ
1680 1551 1745 1604 τὰ
1788 1553 1911 1621 ὅρια

337 1650 436 1711 τῆς
491 1647 770 1716 βασιλείας
833 1644 997 1697 αὐτοῦ
1054 1648 1133 1706 είς
1190 1646 1361 1712 ἄκρον
1416 1642 1628 1711 αὐξήσῃ
1664 1658 1676 1671 ·
1734 1642 1761 1693 ὃ
1822 1642 1913 1693 καὶ

338 1742 612 1811 ἐποίησεν.
701 1738 974 1800 Ἀκούσας
1030 1733 1121 1790 οὖν
1184 1738 1310 1806 περὶ
1378 1735 1469 1788 τοῦ
1533 1734 1764 1787 Θανάτου
1821 1726 1913 1786 τού

2002 535 2225 601 πολέμῳ
2257 532 2349 583 τὸν
2385 530 2554 596 αὐτῆς
2585 525 2811 594 ἅμηρᾶν
2840 523 3069 589 νικήσας
3129 519 3316 588 κύριος
3366 518 3571 579 τέλειος

2000 626 2216 692 ἐκείνης
2238 624 2337 692 τῆς
2365 619 2536 688 ἀρχῆς
2571 619 2624 684 ὲγ
2640 618 2810 667 ένετο.
2845 609 2979 667 Εἶτα
3026 611 3122 680 τὴν
3155 611 3374 678 ἀγάπην
3401 609 3569 669 λύσας

2002 720 2068 788 ἣν
2119 715 2231 786 ε’χε
2268 716 2409 785 μετά
2469 706 2579 765 τῶν
2633 708 2907 761 δεσπότων
2959 702 3241 773 στρατεύει
3286 702 3425 753 κατὰ
3475 705 3577 769 τῆς

2003 808 2439 876 Πελοποννήσου,
2494 804 2587 855 καὶ
2636 802 2761 863 τοὺς
2826 798 3091 857 δεσπότας
3152 794 3347 858 διώξας
3397 797 3577 846 πᾶσαν

2004 902 2103 969 τὴν
2133 899 2542 965 Πελοπόννησον
2574 892 2753 946 ἔλαϐε.
2790 892 2897 944 Καὶ
2945 886 3005 941 τὸ
3047 886 3431 954 ὲναπολειφθὲν
3484 888 3577 953 τῆς

2009 991 2244 1061 Σερϐίας
2274 989 2465 1058 μέρος,
2504 987 2598 1039 καὶ
2622 985 2712 1036 τὸν
2757 983 3030 1050 δεσπότην
3062 981 3228 1051 αὐτῆς
3262 974 3457 1041 διώξας
3488 980 3581 1031 καὶ

2008 1088 2106 1153 τὴν
2139 1085 2354 1154 μητέρα
2385 1078 2929 1149 πολέμῳ,ἐγκρατὴς
2977 1078 3056 1138 είς
3123 1076 3298 1128 πάντα
3346 1073 3579 1139 ἐγένετο.

2009 1174 2138 1228 Χίον
2164 1174 2219 1225 δὲ
2270 1174 2367 1244 τὴν
2421 1174 2584 1238 νῆσον
2630 1171 2723 1223 καὶ
2771 1168 2977 1222 Λέσϐον
3023 1168 3150 1221 ἄνευ
3197 1166 3433 1234 πολέμου
3496 1166 3584 1233 ὑφ’

2017 1260 2200 1330 ἐαυτῷ
2235 1259 2517 1320 ὑποτελεῖς
2538 1258 2795 1325 ἐποίησεν
2829 1273 2843 1288 ο
2876 1254 3108 1325 ὕστερον
3146 1256 3199 1307 δὲ
3225 1257 3322 1323 τῆς
3377 1255 3583 1307 Λέσϐου

2016 1352 2199 1421 πάσης
2234 1351 2358 1404 καθ’
2397 1350 2521 1403 ὅλου
2568 1347 2841 1419 ἐγκρατὴς
2891 1349 3129 1415 ἐγένετο.
3184 1344 3314 1398 Εἶτα
3370 1347 3586 1416 ἔρχεται

2021 1444 2161 1495 κατά
2197 1444 2292 1511 τῆς
2334 1444 2495 1510 νήσου
2528 1440 2782 1508 Κύπρου,
2814 1440 2907 1491 καί
2960 1440 3097 1507 μετά
3152 1437 3244 1489 τοῦ
3296 1439 3462 1507 ῥηγδς
3512 1442 3589 1501 εἰς

2018 1530 2322 1603 συμϐάσεις
2374 1531 2639 1596 ἐλθόντες,
2672 1532 2826 1595 τέλος
2873 1530 3029 1595 ἔταξε
3061 1531 3258 1584 διδόναι
3295 1531 3440 1599 αὐτῷ
3499 1534 3590 1583 καὶ

2016 1628 2190 1690 οὕτως
2223 1625 2597 1697 ἀνεχώρησεν.
2646 1623 2776 1678 Εἶτα
2825 1624 3010 1678 στόλον
3062 1626 3246 1693 ἕτερον
3273 1620 3591 1692 ἑτοιμάσας,

2019 1722 2160 1771 κατὰ
2193 1720 2289 1788 τῆς
2331 1722 2493 1788 νήσου
2545 1717 2729 1771 Ῥόδου
2802 1716 2972 1770 ἐλθὼν
3027 1718 3310 1787 ἄπρακτος
3374 1719 3437 1769 ἐκ
3488 1718 3593 1767 τῶν

352 1803 665 1900 Ἀμοτυράτη
695 1832 722 1882 6
752 1818 1085 1897 Καραμάνος
1134 1803 1467 1893 Ἀλισούριος
1498 1827 1561 1875 ὲκ
1596 1822 1702 1874 τῶν
1736 1820 1912 1885 ὀρέων
1947 1806 1987 1864 Β
2016 1810 2229 1863 ἐκεῖθεν
2257 1808 2432 1877 διέϐη,
2468 1809 2561 1860 καὶ
2610 1808 2796 1861 πολλοὶ
2852 1809 2916 1859 ὲκ
2963 1806 3070 1900 ,τοῦ
3139 1804 3373 1900 στρατού
3425 1803 3591 1900 αὐτοῦ

341 1923 585 1985 καταϐὰς
621 1921 791 1974 πολὺν
828 1921 989 1972 τόπον
1026 1917 1204 1987 ἐαυτῷ
1254 1917 1704 1988 περιεποιήσατο.
1745 1914 1803 1965 '0
1850 1911 1908 1963 δὲ

323 2015 467 2074 ,νέος
508 2012 776 2079 αὐθέντης
809 2013 835 2063 6
875 2009 1161 2079 Μεεμέτης
1196 2008 1424 2075 στρατὸν
1474 2003 1772 2072 ἑτοιμάσας
1825 2004 1912 2071 ἐρ-

344 2122 501 2173 χεται
541 2109 665 2156 κατ’
697 2102 862 2154 αὐτοῦ
900 2116 914 2132 υ
953 2101 1113 2163 αὐτὸς
1144 2100 1200 2153 δὲ
1245 2098 1433 2168 φυγὼν
1482 2096 1645 2150 πάλιν
1678 2096 1759 2156 είς
1818 2092 1915 2155 τὰς

344 2198 593 2265 κορυφὰς
625 2194 735 2246 τῶν
770 2194 945 2261 ὀρέων
980 2192 1252 2263 διήρχετο,
1313 2191 1417 2251 ἕως
1483 2184 1544 2241 οὐ
1598 2187 1739 2257 μετά
1798 2202 1918 2237 τινα

345 2288 535 2358 καιρὸν
566 2284 849 2346 παντελῶς
880 2282 1183 2352 ἠφανίσθη.
1214 2282 1371 2334 Μετὰ
1425 2281 1480 2333 δὲ
1506 2280 1567 2332 τὸ
1624 2277 1922 2347 διωχθῆναι

346 2380 440 2432 τὸν
472 2378 808 2448 Καραμάνον
848 2378 1093 2444 περάσας
1153 2377 1210 2427 ὲν
1264 2376 1330 2443 τῇ
1380 2372 1775 2425 Καλλιουπὸλει
1832 2369 1924 2422 καὶ

347 2473 429 2532 εἰς
496 2466 972 2537 Ἀνδριανούττολιν
1025 2464 1137 2534 91‘
1191 2465 1405 2531 φθάσας
1470 2463 1778 2533 ήτοιμάσθη
1834 2464 1926 2514 καὶ

348 2556 479 2631 ἦλθε
508 2562 649 2613 κατὰ
684 2561 782 2626 τῆς
838 2558 1047 2619 πόλεως
1104 2557 1198 2608 καὶ
1267 2555 1561 2625 Ῥωμαίων
1626 2556 1925 2624 βασιλείας,

352 2655 446 2707 καὶ
469 2654 567 2721 τῆς
598 2652 853 2719 τοιαύτης
886 2651 1205 2718 περιφήμου
1233 2649 1444 2709 πόλεως
1474 2648 1664 2715 κύριος
1689 2648 1927 2713 ἐγένετο,

356 2745 447 2797 καὶ
514 2744 662 2811 ἡμᾶς
729 2741 940 2793 ἐκεῖθεν
996 2739 1348 2810 ᾐχμαλώτισε
1408 2739 1503 2790 καὶ
1545 2738 1778 2806 ἠφάνισε
1838 2736 1931 2787 καὶ

354 2835 610 2901 ἐξέωσεν.
641 2830 769 2886 Εἶτα
802 2832 1088 2901 στρατεύει
1124 2832 1264 2884 κατὰ
1309 2830 1409 2898 τῆς
1464 2827 1738 2898 βασιλείας
1793 2828 1933 2894 Τρα-

356 2926 670 2989 ⁸πιεζοῦντος,
739 2925 836 2977 καὶ
893 2925 949 2976 ὲν
1008 2923 1231 2992 εὐκολίᾳ
1296 2922 1411 2990 μετ’
1456 2922 1636 2990 ὀλίγον
1698 2920 1932 2989 πόλεμον

358 3020 542 3070 πᾶσαν
572 3014 909 3085 ἐκείνηντὴν
957 3014 1137 3085 ἀρχὴν
1188 3014 1369 3077 ἔλαϐε,
1428 3014 1524 3067 καὶ
1564 3014 1657 3067 τὸν
1708 3013 1933 3082 βασιλέα

357 3106 527 3174 αὐτῆς
568 3105 730 3157 Δαϐὶδ
760 3105 849 3156 τὸν
878 3104 1164 3174 Κομνηνδν
1188 3104 1531 3173 αἰχμάλωτον
1555 3107 1611 3157 ἐν
1663 3108 1729 3173 τῇ
1782 3106 1935 3158 πόλει

362 3196 771 3251 Κωνσταντίνου
802 3184 1019 3267 ἔφερεν.
1077 3196 1187 3249 Καὶ
1243 3196 1344 3263 τὴν
1405 3195 1735 3265 περιϐόητον
1782 3194 1938 3250 πόλιν

365 3379 558 3431 molem
583 3377 693 3446 jam
722 3389 834 3432 tum
868 3378 1138 3433 committi
1171 3378 1302 3442 lilio,
1323 3392 1392 3431 ne
1419 3378 1646 3447 spiritus
1671 3370 1941 3445 iuveniles

364 3485 535 3541 regno
560 3471 861 3525 excitarent
884 3470 1145 3539 pericula.
1178 3470 1508 3525 Meliemetes
1534 3470 1646 3523 haec
1695 3470 1782 3523 ubi
1812 3484 1940 3523 sen-

366 3563 456 3625 sit,
500 3562 578 3613 ira
610 3559 845 3622 furebat,
882 3559 1191 3627 multosque
1220 3562 1284 3614 de
1321 3561 1406 3615 his
1443 3560 1714 3614 veziribus
1752 3569 1941 3628 postea

370 3651 665 3715 interemit,
691 3651 743 3703 in
777 3650 935 3703 rebus
971 3659 1081 3702 tum
1112 3650 1427 3705 domesticis
1463 3661 1575 3702 tum
1606 3650 1817 3704 bellicis
1846 3649 1943 3703 ad-

378 3740 750 3795 ministrandis
812 3740 1134 3808 sapientiam
1198 3742 1353 3809 plane
1394 3742 1620 3794 senilem
1657 3750 1939 3807 praestans.

372 3830 502 3883 Erat
527 3829 751 3897 impiger
781 3840 834 3882 et
864 3844 991 3883 acer
1014 3830 1063 3883 in
1093 3831 1251 3884 rebus
1273 3830 1547 3893 omnibus,
1571 3841 1732 3897 atque
1762 3844 1947 3883 amore

377 3920 810 3988 amplectebatur
859 3920 1103 3974 homines
1142 3922 1353 3974 virtutis
1391 3931 1445 3974 et
1492 3922 1794 3975 litterarum
1831 3932 1948 3976 stu-

374 4012 559 4065 diosos
585 4028 600 4075 ;
629 4025 729 4064 nec
748 4011 861 4077 ipse
881 4011 1031 4063 rudis
1049 4019 1164 4062 erat
1189 4012 1366 4063 littera
1379 4021 1577 4075 rum,et
1592 4012 1641 4064 in
1662 4012 1948 4081 disciplina

372 4101 697 4169 astrologiea
750 4115 1069 4168 progressus
1096 4115 1201 4153 non
1237 4100 1539 4154 mediocres
1569 4101 1771 4155 fecerat
1802 4121 1819 4169 ;
1861 4121 1949 4160 as.

372 4192 525 4245 sitlua
552 4186 785 4243 lectione
809 4200 1131 4258 occupatus,
1156 4205 1241 4243 res
1275 4201 1456 4259 gestas
1482 4201 1536 4245 et
1561 4192 1697 4245 vitas
1714 4195 1947 4263 Alexan-

372 4284 453 4335 dri
504 4281 839 4344 Macchuis,
902 4282 1107 4334 Ot-tavii
1140 4281 1390 4348 Caesaris,
1418 4281 1584 4336 Flavii
1615 4285 1953 4339 Constantini

376 4370 571 4440 Magni,
623 4370 967 4440 imperatoris
989 4369 1279 4425 Theodosii
1305 4369 1525 4439 Hispani
1548 4373 1776 4443 legebat,
1807 4392 1957 4443 qua:-

2015 1900 2440 1970 ἀπεκτάνθησαν
2470 1901 2556 1952 διὰ
2585 1900 2643 1952 τὸ
2674 1899 2848 1953 ὲλθεῖν
2881 1899 3067 1951 στόλον
3099 1898 3221 1950 τινὰ
3239 1900 3300 1949 ἐκ
3318 1898 3414 1965 τῆς
3456 1897 3595 1949 Ἰτα-

2014 1990 2131 2049 λίας
2182 1994 2262 2053 εἰς
2297 1990 2573 2059 βοήθειαν.
2610 1989 2783 2050 Αὐτὸς
2834 1990 2889 2041 δὲ
2943 1988 3098 2057 θυμῷ
3146 1987 3453 2056 καχλάζων,
3509 1985 3597 2037 ἵνα

2022 2084 2122 2154 τὴν
2153 2082 2495 2150 ἀνταμοιϐὴν
2524 2084 2637 2143 τοῖς
2680 2080 2902 2142 Ἰταλοῖς
2929 2083 3150 2149 ποιήσῃ,
3183 2080 3366 2132 στόλον
3426 2078 3599 2148 βαρύν

2022 2177 2319 2243 ἑτοιμάσας
2374 2175 2511 2243 μετά
2577 2172 2809 2243 στρατοῦ
2866 2170 3064 2224 πολλού
3108 2170 3332 2223 ἱππικοῦ
3391 2187 3451 2222 τε
3505 2173 3601 2221 καὶ

2023 2266 2187 2329 πεζοῦ
2204 2266 2402 2317 ἔστειλε
2426 2266 2567 2319 κατὰ
2585 2267 2679 2333 τῆς
2834 2264 3147 2333 Καλαϐρίας
3166 2267 3259 2317 καὶ
3289 2266 3387 2332 τῆς
3415 2265 3606 2315 Ἀπου-

2025 2356 2167 2419 λίας,
2201 2358 2293 2408 καὶ
2324 2357 2382 2407 ἐν
2431 2355 2508 2425 τῷ
2537 2355 2877 2425 ἀπέρχεσθαι
2940 2357 3031 2408 τὸν
3080 2356 3263 2409 στόλον
3328 2354 3602 2408 Ζάκυνθν

2029 2450 2123 2501 καὶ
2154 2448 2496 2516 Κεφαλονίαν
2532 2448 2814 2509 ὑποτελεῖς
2875 2448 3103 2518 ἐποίησε
3135 2463 3148 2477 ·
3205 2447 3421 2514 φθάσας
3478 2447 3534 2500 δὲ
3576 2449 3604 2498 ὁ

2032 2540 2217 2601 στόλος
2284 2542 2341 2591 ὲν
2410 2543 2475 2609 τῇ
2519 2536 2828 2609 Καλαϐρίᾳ,
2899 2540 2958 2592 τὸ
3019 2540 3279 2611 φρούριον
3328 2541 3384 2593 τὸ
3433 2542 3488 2592 ἐν
3536 2544 3601 2609 τῇ

2044 2624 2304 2702 ’Ᾱπουλία
2325 2635 2382 2684 τὺ
2426 2633 2721 2701 λεγόμενον
2759 2633 2986 2701 ’Υδροὐς
3016 2633 3345 2695 ἀποκλείσας
3378 2635 3475 2687 καὶ
3504 2648 3604 2684 πο-

2032 2725 2329 2793 λιορκήσας
2367 2724 2495 2776 αὐτὸ
2546 2723 2725 2787 ἔλαϐε,
2762 2725 2856 2776 καὶ
2891 2724 3053 2795 ἔτερα
3090 2725 3329 2795 φρούριά
3358 2743 3477 2777 τινα
3507 2727 3604 2778 λα-

2035 2819 2145 2873 ϐὼν
2176 2821 2360 2889 πρόσω
2390 2819 2704 2887 ἐπορεύετο.
2736 2820 2844 2870 Καὶ
2873 2819 2967 2870 ἐὰν
3004 2820 3080 2889 μὴ
3100 2822 3125 2871 ὁ
3149 2820 3281 2882 Θεὸς
3312 2820 3369 2884 ἐξ
3398 2821 3609 2890 ἀνθρώο

2037 2932 2154 2968 πων
2193 2915 2448 2983 ἐποίησεν
2481 2913 2641 2966 αὐτὸν
2673 2909 2755 2975 οἷς
2785 2908 2891 2966 οἶδε
2927 2914 3172 2983 τρόποις,
3211 2915 3279 2967 τὰ
3326 2916 3485 2983 ὅμοια
3532 2914 3608 2975 ὡς

2040 3008 2139 3060 καὶ
2171 3005 2328 3075 ἡμεῖς
2371 3006 2420 3057 οί
2462 3005 2654 3057 Ἰταλοὶ
2682 3004 2880 3057 ἔπαθον
2908 3004 2993 3059 ἄν.
3046 3006 3354 3068 Ἀκουσθεὶς
3387 3006 3442 3057 δὲ
3462 3008 3487 3057 6
3517 3005 3611 3057 θά-

1965 3134 2007 3191 C
2043 3117 2198 3163 νατος
2233 3098 2397 3152 αὐτοῦ
2424 3099 2482 3150 ὲν
2513 3101 2576 3167 τῇ
2624 3097 2846 3168 Ἰταλίᾳ,
2894 3099 2941 3149 οί
2977 3098 3256 3167 σατράπαι
3290 3100 3383 3151 καὶ
3417 3100 3466 3151 οἱ
3511 3116 3609 3150 κυο

2040 3192 2301 3263 ϐερνῆται
2331 3191 2424 3244 τοῦ
2462 3190 2649 3243 στόλου
2706 3190 2801 3242 καὶ
2830 3188 2922 3241 τοῦ
2950 3190 3183 3259 στρατοῦ
3225 3192 3362 3260 μετᾶ
3399 3192 3614 3260 συμϐά-

2042 3390 2274 3446 eumque
2306 3375 2716 3430 celeberrimam
2778 3373 2963 3428 urbem
3004 3373 3242 3441 SinOpen
3297 3375 3617 3431 decessores

2042 3473 2160 3541 ejus
2178 3467 2550 3524 tantummodo
2568 3467 2882 3534 vectigalem
2905 3466 3242 3526 habuissent.
3265 3466 3614 3538 blebemetes,

2044 3560 2213 3615 armis
2245 3559 2458 3614 devicto
2494 3556 2614 3624 ejus
2646 3571 2851 3621 amera,
2886 3571 3111 3625 prorsus
3141 3572 3258 3610 eam
3298 3558 3349 3609 in
3382 3567 3617 3625 potesta-

2048 3662 2153 3704 tem
2185 3665 2338 3704 suam
2373 3648 2603 3719 redegit.
2661 3647 2868 3702 Deinde
2922 3658 3075 3717 rupta
3105 3664 3258 3717 pace,
3291 3665 3452 3717 quam
3496 3667 3615 3704 CIIIII

2047 3740 2286 3809 despotis
2318 3738 2567 3802 habebat,
2614 3738 2666 3790 in
2694 3736 3125 3805 Peloponnesum
3159 3739 3333 3803 duxit,
3367 3744 3616 3807 eamque.

2048 3832 2219 3898 pulsis
2249 3830 2505 3897 despotis,
2540 3838 2707 3883 totam
2746 3831 3054 3898 occupavit,
3102 3832 3241 3886 sicut
3287 3833 3451 3886 etiam
3492 3834 3620 3886 reli—

2049 3936 2213 3990 quam
2248 3930 2454 3990 partem
2498 3920 2720 3984 Serviat,
2766 3921 2882 3989 ejus
2921 3924 3140 3988 despota
3178 3936 3301 3975 cum
3336 3934 3505 3977 matre
3539 3926 3623 3977 fu—

2051 4024 2199 4081 gato,
2234 4012 2462 4080 imperio
2498 4027 2599 4067 suo
2652 4014 2903 4082 subjecit.
2956 4013 3152 4066 Chium
3186 4026 3239 4067 et
3267 4015 3499 4069 Lesbum
3543 4018 3624 4070 in-
3708 4042 3709 4045 η

2053 4102 2202 4156 sulas
2249 4104 2386 4155 citra
2430 4102 2627 4157 bellum
2666 4104 2767 4157 sibi
2800 4104 3117 4157 tributarias
3147 4103 3273 4158 fecit
3304 4126 3316 4158 :
3354 4122 3416 4158 ac
3446 4106 3622 4160 Lesbu

2054 4194 2270 4263 quidem
2311 4209 2433 4246 mox
2465 4194 2713 4248 universa
2750 4197 2953 4263 potitus
2993 4205 3094 4251 est.
3148 4196 3348 4253 Deinde
3386 4200 3621 4268 Cyprum
3706 4218 3711 4222 '

2056 4299 2367 4355 aggressus,
2400 4300 2520 4339 cum
2571 4287 2688 4355 ejus
2720 4304 2843 4358 rege
2880 4290 2944 4342 de
2998 4290 3199 4344 tributo
3233 4291 3331 4346 sibi
3368 4294 3625 4346 solvendo

2060 4388 2271 4445 pactum
2301 4377 2600 4444 iniitatque
2627 4378 2697 4430 ita
2727 4379 2975 4432 recessit.
3003 4378 3120 4432 Mox
3156 4379 3256 4432 alia
3275 4381 3449 4435 classe
3478 4396 3627 4435 com-

376 4478 499 4515 rens
527 4474 581 4515 et
628 4465 887 4529 indagans
917 4475 1085 4527 artes,
1127 4466 1324 4532 quibus
1379 4484 1569 4522 omnes
1599 4469 1950 4522 antecelleret
1983 4462 2027 4516 D
2058 4478 2241 4536 parata
2267 4477 2521 4521 etcontra
2558 4468 2805 4524 ltbodunt
2831 4470 3016 4535 ducta,
3054 4485 3113 4524 re
3144 4471 3343 4524 infecta
3392 4473 3513 4525 imle
3546 4490 3629 4527 re-

375 4565 429 4607 et
465 4557 609 4620 regni
643 4556 773 4607 ﬁnes
795 4554 1060 4622 proferret
1084 4572 1244 4624 quam
1279 4558 1544 4613 latissime
1574 4577 1587 4613 :
1612 4560 1756 4629 quod
1782 4562 1942 4613 etiam

377 4644 649 4713 praestitit.
680 4634 876 4697 Audita
926 4656 1097 4699 morte
1141 4649 1439 4714 Amuratis,
1474 4651 1807 4706 Caramanus
1839 4654 1949 4704 uli-

377 4736 559 4789 surius
592 4750 622 4788 ο
655 4737 931 4789 montibus
963 4738 1239 4790 descendit
1260 4740 1535 4808 multaque
1553 4743 1653 4795 sibi
1683 4747 1797 4796 loca
1820 4744 1954 4795 sul»

386 4826 542 4893 jet-it.
609 4824 831 4878 Juvenis
866 4840 957 4878 rex
1020 4825 1370 4894 Meheutetes,
1422 4844 1734 4900 comparata
1768 4849 1952 4896 manu,

381 4917 645 4970 adversus
682 4930 805 4968 eum
850 4916 1214 4982 proﬁciscitur
1244 4935 1257 4982 ;
1314 4920 1403 4985 qui
1433 4920 1484 4972 in
1528 4923 1706 4989 fugam
1742 4937 1952 4983 versus,

384 5023 573 5063 rursus
606 5008 659 5061 in
699 5010 962 5062 montium
993 5009 1121 5078 juga
1179 5024 1236 5064 se
1271 5012 1438 5075 abdit,
1479 5014 1649 5069 donec
1680 5016 1955 5083 aliquanto

383 5109 504 5167 post
521 5102 748 5155 omnino
760 5101 991 5156 deletur.
1015 5102 1379 5156 Caramanum
1402 5116 1737 5172 persecutus,
1755 5106 1954 5160 Callio-

383 5192 572 5259 polim,
598 5193 793 5247 deinde
817 5192 1229 5262 Adrianopolim
1251 5176 1542 5259 concessit,
1568 5197 1725 5259 unde,
1756 5199 1955 5250 instru—

381 5284 482 5337 etis
512 5284 703 5350 copiis,
730 5286 991 5338 adversus
1020 5286 1207 5339 urbem
1243 5295 1295 5339 et
1334 5287 1619 5355 imperium
1656 5286 1954 5341 [tertiarium

386 5377 771 5443 proﬁciscitur,
814 5392 878 5430 ac
911 5388 1055 5429 tanta
1109 5380 1208 5431 bac
1244 5387 1465 5446 tamque
1501 5380 1665 5433 nobili
1702 5381 1830 5435 urbe
1860 5397 1955 5449 po-

384 5468 534 5529 titus,
564 5475 778 5520 nosmet
812 5467 934 5521 imle
963 5470 1202 5536 captivos
1232 5470 1434 5538 expulit
1468 5479 1519 5525 et
1557 5473 1951 5527 exterminavit.

383 5554 501 5608 Mox
537 5555 1023 5623 Trapezuntiorum
1074 5572 1295 5627 regnum
1334 5561 1580 5622 adortus,
1621 5561 1759 5616 facili
1792 5579 1953 5631 Opera

382 5649 510 5701 illud
554 5662 771 5717 quoque
832 5648 981 5701 brevi
1030 5648 1171 5701 bello
1208 5650 1310 5704 sibi
1346 5652 1661 5715 vindicavit,
1691 5665 1743 5707 et
1778 5670 1952 5721 regem

381 5742 498 5811 ejus
531 5740 805 5795 Davidem'
832 5739 1167 5794 Comuenum
1227 5747 1501 5811 captivum
1533 5747 1739 5815 Cpolint
1776 5747 1931 5801 dixit

708 5836 978 5896 PATROL.
1018 5837 1134 5896 Gn.
1182 5839 1353 5898 CLVI
1398 5840 1423 5860 '

2055 4558 2173 4618 tliit,
2208 4560 2421 4611 amissis
2454 4576 2558 4612 non
2591 4560 2775 4626 paucis
2828 4555 3116 4621 militibus.
3149 4566 3404 4633 quoniam
3436 4565 3628 4620 classis

2057 4664 2123 4701 ex
2152 4648 2298 4701 Italia
2334 4650 2533 4703 auxilio
2563 4661 2805 4704 venerat.
2840 4651 2957 4719 ipse
2996 4654 3071 4706 ira
3126 4664 3179 4707 et
3232 4657 3481 4723 cupidine
3522 4673 3628 4713 aes-

2060 4747 2216 4791 tuans
2240 4736 2403 4791 Italos
2433 4738 2752 4800 ulciscendi,
2777 4740 3002 4795 classem
3024 4742 3291 4811 ingentem
3326 4748 3511 4801 multis
3540 4748 3627 4801 in-

2059 4837 2324 4882 structam
2382 4830 2653 4897 peditibus
2709 4839 2772 4898 et.
2804 4833 3078 4901 equitibus
3122 4836 3174 4886 in
3223 4833 3532 4891 Calabriam
3575 4852 3630 4892 et

2057 4920 2303 4985 Apuliam
2330 4921 2495 4984 misit,
2522 4924 2751 4990 atquein
2778 4925 2971 4977 itinere
2994 4923 3326 4993 Zacynthum
3345 4939 3399 4981 et
3420 4930 3630 5001 Cepha-

2061 5008 2256 5062 leniam
2284 5026 2363 5064 vet
2383 5012 2570 5080 tigales
2590 5012 2738 5066 fecit.
2757 5016 2994 5083 Appulsa
3019 5018 3192 5070 classe
3214 5019 3279 5072 ad
3297 5020 3623 5083 ualabrittm,

2059 5101 2311 5168 oppidum
2345 5103 2548 5169 Apulia:
2575 5102 2909 5172 llydruntem
2936 5107 3149 5160 obsedit
3171 5111 3441 5177 cepitque,
3466 5123 3631 5180 atque

2058 5192 2178 5246 aliis
2212 5194 2536 5258 quibusdam
2566 5198 2779 5265 oppidis
2815 5200 3116 5267 occupatis,
3147 5202 3286 5255 ultra
3343 5207 3624 5271 processit.

2059 5289 2158 5348 Ac,
2186 5285 2285 5337 nisi
2322 5288 2461 5342 Deus
2486 5304 2630 5352 cum,
2670 5289 2867 5357 quibus
2896 5292 3033 5345 solet
3077 5294 3397 5358 rationibus,
3433 5312 3461 5348 e
3494 5297 3629 5347 vivis

2060 5378 2398 5443 abstulisset,
2425 5397 2682 5436 mrumnae
2730 5385 2931 5439 nostris
2961 5400 3114 5453 pares
3157 5389 3448 5439 subeundae
3484 5387 3628 5437 Itali.

2063 5468 2313 5523 fuissent.
2359 5472 2645 5541 Comperta
2669 5473 2789 5541 ejus
2826 5485 2997 5529 morte
3034 5477 3083 5528 in
3110 5476 3290 5537 italia,
3322 5486 3552 5536 satrapm
3575 5491 3631 5527 et

2061 5561 2226 5617 duces
2257 5562 2441 5617 classis
2459 5574 2618 5632 atque
2648 5566 2919 5621 exercitus
2948 5569 3049 5621 sub
3081 5566 3484 5621 conditionibus
3510 5581 3631 5632 qut-

2060 5652 2288 5708 bttsdam
2310 5656 2502 5724 oppida
2543 5657 2965 5712 restitncruutet
2990 5674 3052 5712 ex
3086 5656 3234 5708 Italia
3262 5657 3629 5708 deces~erum.

2062 5744 2170 5803 Res
2208 5746 2261 5801 in
2291 5745 2540 5804 Calabria
2582 5748 2842 5819 igiturita
2887 5755 3202 5807 evenerunt.
3244 5745 3506 5818 Regnavit
3537 5762 3631 5801 an-
