4096 6300
498 274 605 335 715

1722 267 2049 327 GEORGII
2085 268 2514 329 PIIRANTZE

3666 263 3819 329 716
3856 328 3869 338 _

500 408 636 452 σῖως
666 388 733 441 τὰ
758 387 989 455 φρούρια
1018 383 1246 451 ἀφέντες
1279 381 1341 432 ἐκ
1386 381 1483 449 τῆς
1520 379 1749 442 Ἰταλίας
1781 378 2064 449 ἀνεχώρη-
2097 385 2142 439 Α
2172 384 2499 453 ἀειμνήστου
2555 383 2790 453 μεγάλου
2856 379 3251 443 Ίουστινιανοῦ,
3284 379 3382 448 οὐχ
3411 380 3560 449 ὑπὲρ
3596 381 3823 447 ἀνάγ-

501 499 601 533 σαν
623 496 636 510 ⁸
672 480 764 531 καὶ
796 477 966 536 οὕτως
988 475 1055 527 τὰ
1088 475 1143 526 ἐν
1168 476 1232 541 τῇ
1266 470 1549 540 Καλαϐρίᾳ
1578 466 2065 537 γεγᾚνασινᾏΕϐα-

500 574 741 626 υίλευσεν
769 569 825 621 δὲ
857 567 954 635 ἐτη
1009 567 1101 618 δύο
1135 565 1232 617 καὶ
1261 564 1578 633 τριάκοντα,
1610 562 1880 653 καὶ1δέκα
1913 560 2066 629 βασι-

497 662 646 723 λείας
678 655 912 721 ὑπέταξε
958 654 1054 708 καὶ
1085 653 1371 714 ἐδούλωσε,
1432 653 1526 705 καὶ
1554 651 1835 713 διακοσίας
1882 651 2067 713 πόλεις

499 761 566 807 ἐκ
587 753 694 807 τῶν
721 748 1065 821 Χριστιανῶν
1094 746 1276 799 ἔλαϐε.
1309 745 1474 796 Πέντε
1499 744 1553 796 δὲ
1581 744 1922 809 διαλέκτους,
1959 758 2066 811 χω-

500 848 583 913 ρὶς
609 844 710 912 τῆς
750 841 940 903 αὑτοῦ,
976 838 1149 907 ὀρθῶς
1195 836 1420 906 ώμίλειξ
1457 835 1796 905 Ἑλληνικὴν,
1849 837 2068 889 Λατινι-

499 937 619 1006 κὴν,
665 932 983 1002 Ἀραϐικὴν,
1024 928 1335 994 Χαλδαῖκὴν
1376 928 1471 979 καὶ
1497 927 1795 996 Περσικήν.
1840 927 1977 979 Λίαν
2002 921 2069 995 ἦν

500 1026 922 1096 εὐφραινόμενος
948 1022 1154 1091 ὁμιλεῖν
1200 1021 1293 1073 καλ⁵
1318 1020 1669 1086 διαλέγεσθαι
1719 1018 1855 1088 μετὰ
1892 1020 2070 1086 σοφῶν

502 1118 595 1169 καὶ
629 1115 862 1167 συνετῶν
893 1112 1133 1181 ἀνδρῶν’
1171 1112 1256 1164 διὰ
1289 1111 1447 1164 τοῦτο
1478 1111 1690 1164 καὶτὸν
1720 1112 2071 1180 πατριάρχην

504 1208 609 1275 κὺρ
637 1204 921 1258 Γεννάδιον
951 1204 1141 1271 ἠγάπα
1174 1203 1267 1254 καὶ
1318 1203 1515 1272 ήκουεν
1549 1200 1716 1254 αὑτοῦ
1751 1204 1841 1253 καὶ
1874 1202 2072 1270 συχνά-

505 1318 591 1363 κις
617 1298 808 1367 ὡμίλει
840 1296 1010 1365 αὐτῷ.
1039 1295 1231 1361 Ἔλεγε
1284 1295 1337 1346 δὲ
1360 1296 1442 1347 ὅτι
1479 1296 1542 1345 ἐκ
1572 1295 1669 1363 τῆς
1705 1292 1813 1345 τῶν
1854 1293 2071 1361 ἄστρων

507 1392 775 1459 κινήσεως
803 1384 1097 1456 ἐγνώριζεν
1131 1385 1212 1437 δτι
1266 1386 1503 1453 βασιλεῖς
1535 1384 1760 1455 ἔμελλεν
1801 1385 2071 1449 ὑποτάξαι

508 1482 601 1533 καὶ
632 1478 861 1540 πολλοὺς
890 1477 1088 1538 τόπους
1122 1475 1384 1527 δουλῶσαι
1442 1477 1534 1528 καὶ
1563 1475 1732 1539 οὕτως
1767 1476 2002 1543 ἐγένετο.

578 1569 688 1621 Καὶ⁴
708 1567 879 1628 οὕτως
915 1567 1036 1635 μὲν,
1081 1565 1260 1628 καθὼς
1306 1566 1678 1636 ἱστορήσαμεν
1726 1569 1845 1618 κατ’
1894 1569 2075 1619 ἐπιτο-

513 1659 640 1727 μὴν,
670 1658 701 1726 ή
727 1657 868 1725 ἀρχὴ
899 1655 992 1707 τοῦ
1027 1657 1222 1721 γένους
1254 1654 1348 1705 τοῦ
1385 1656 1577 1724 ἁμηρᾶ
1618 1655 1922 1721 Ὀτθμάνου
1978 1656 2073 1707 καὶ

2172 493 2273 543 κης
2304 476 2406 543 (ὅτι
2437 477 2597 537 αὐτὸς
2650 476 2757 543 γάρ
2810 475 2991 543 σχεδὸν
3020 474 3194 525 εἰπεῖν
3216 473 3307 525 τὸν
3346 471 3560 539 κόσμου
3584 472 3776 525 ἅπαν
3798 501 3815 509 ο

2170 587 2236 621 τα
2271 567 2551 635 ὑπέταξε),
2603 566 2739 618 ἀλλᾶ
2781 567 2940 634 μόνον
2991 566 3167 630 ἐφάνη
3202 563 3352 631 αὐτῷ
3392 561 3608 615 κιιλόν⁸
3650 562 3817 612 ἐπεὶ

2171 660 2263 713 καὶ
2290 660 2456 722 ἄλλας
2482 659 2671 728 ἐτέρας
2703 658 2912 717 κτίσεις
2966 656 3060 707 καὶ
3095 654 3388 721 οἰκοδομὰς
3419 652 3639 714 ἐποίει,
3676 653 3812 714 τὴν

2184 752 2468 820 Ῥωμαίων
2499 750 2671 820 ἀρχὴν
2709 748 3071 810 καλλωπίζων
3100 789 3114 812 ,
3152 746 3333 811 ἔδοξεν
3388 744 3542 810 αύτῷ
3600 744 3719 797 καὶ
3762 745 3807 811 ή

2174 844 2350 903 κτίσις
2377 841 2471 893 τοῦ
2507 837 2748 907 Ἰσθμοῦ.
2789 836 3108 907 Προστάξας
3156 835 3380 900 ἐγένετο
3410 837 3468 885 ἐν
3494 833 3579 901 τῷ
3615 834 3809 901 τόπῳ

2173 934 2385 987 ἔνθαιὲν
2419 948 2524 984 τινι
2564 930 2741 1000 καιρῷ
2782 931 2879 981 καὶ
2910 930 2937 980 6
2972 926 3264 993 πατρίκιος
3298 925 3548 993 Νικήτας
3585 926 3617 975 6
3643 925 3809 974 ἐπο-

2173 1024 2540 1092 νομαζόμενος
2589 1020 2849 1089 Ὀρειφᾶς
2883 1020 2975 1081 τὰς
3009 1018 3142 1084 νῆας
3172 1019 3335 1083 ἤγουν
3361 1015 3459 1077 τὰς
3500 1017 3729 1083 τριήρε
3744 1032 3807 1076 ες

2171 1115 2279 1185 97
2314 1116 2413 1176 τὰς
2449 1113 2764 1181 Ῥωμαϊκὰς
2816 1110 2906 1163 διὰ
2940 1111 3038 1177 τῆς
3089 1108 3259 1177 ξηρᾶς
3292 1107 3382 1160 τοῦ
3426 1106 3665 1174 Ἰσθμοῦ
3718 1108 3805 1157 ἐκ

2172 1211 2272 1278 τῆς
2310 1204 2626 1272 Ἑλλαδικῆς
2653 1205 2924 1271 Θαλάττης
2970 1203 3051 1257 είς
3101 1201 3200 1270 τὴν
3226 1199 3450 1268 δυτικὴν
3500 1197 3802 1266 περάσας

2172 1300 2297 1361 τοὺς
2341 1298 2567 1366 Κρῆτας
2604 1296 2939 1362 Ἀγαρηνοὺς
2987 1291 3355 1361 ἐτροπώσατο.
3424 1290 3600 1342 Ἀλλὰ
3646 1288 3799 1351 πῶς

2175 1391 2270 1442 καὶ
2295 1388 2384 1442 διὰ
2413 1389 2464 1441 τί
2498 1389 2557 1440 τὸ
2588 1387 2716 1439 αὐτὸ
2746 1387 2889 1453 μέγα
2923 1384 3291 1453 στρατήγημα
3322 1382 3417 1433 καὶ
3452 1380 3629 1448 ἔργον
3670 1395 3795 1431 πε·-

2180 1480 2403 1549 ριφανὲς
2440 1481 2531 1531 καὶ
2568 1478 2715 1541 ἄξιον
2746 1478 2966 1545 μνήμης
2996 1474 3261 1540 ἐγεγόνει,
3294 1474 3393 1523 οὐκ
3421 1471 3792 1536 ἐγκαταλεί-

2175 1575 2280 1643 ψω,
2311 1572 2447 1625 ἀλλὰ
2475 1575 2540 1641 τῇ
2573 1569 2821 1639 ἡμετέρᾳ
2868 1568 3054 1619 ἐνώσω
3097 1565 3373 1633 διηγήσει,
3414 1563 3491 1613 ἐτι
3543 1562 3610 1614 δὲ
3668 1564 3785 1614 καὶ

2179 1666 2294 1729 πῶς
2325 1668 2357 1734 ἡ
2399 1668 2559 1734 νῆσος
2592 1665 2780 1733 Κρήτη
2828 1663 2926 1714 καὶ
2959 1662 3065 1711 τίνι
3108 1658 3295 1725 τρόπῳ
3330 1656 3432 1708 ὑπὸ
3457 1654 3555 1722 τὴν
3604 1652 3785 1716 ἐξου-

505 1726 613 1801 τῶν
638 1748 695 1811 ἐξ
726 1744 891 1799 αὑτοῦ
919 1746 1200 1812 ἀπογόνων
1365 1748 1490 1815 ἄχρι
1536 1747 1630 1798 καὶ
1683 1746 1775 1798 τοῦ
1810 1746 2067 1815 Μεεμέτη
2102 1726 2148 1786 Β
2181 1726 2302 1809 σία,
2331 1726 2792 1824 έῶνλΑγαρῖηρῶξ,
2838 1753 2995 1820 ἔτυχε
3030 1749 3306 1816 γενέσθαι,
3332 1747 3424 1799 καὶ
3449 1741 3613 1806 αὖθις
3644 1744 3782 1803 πῶς

506 1839 701 1908 ἀμηρᾶ
749 1838 806 1889 ἐν
844 1837 964 1897 ταῖς
1008 1836 1174 1899 ζωαῖς
1208 1835 1387 1887 αὐτῶν
1436 1835 1615 1904 μάχας
1657 1834 1754 1886 καὶ
1804 1834 2075 1900 πολέμους

508 1929 603 1981 καὶ
631 1929 785 1990 νίκας
839 1925 1267 1994 Emitte-teneat:
1317 1927 1412 1979 καὶ
1463 1926 1747 1993 ἐποίησαν.
1791 1926 1984 1992 Ἡμεῖς
2020 1925 2075 1976 δέ

505 2026 603 2093 τῆς
639 2023 737 2087 τῆς
766 2020 1008 2089 ἱστορίας
1039 2018 1160 2071 ὁδοῦ
1195 2019 1336 2069 κατὰ.
1367 2018 1521 2082 τάξιν
1570 2017 1724 2079 αὖθις
1755 2015 2074 2086 ἀρξώμεθα.

579 2118 686 2183 λγ’.
722 2115 810 2167 Ἑν
828 2114 883 2166 δὲ
905 2112 982 2181 τῷ
1016 2110 1222 2179 Ἰουλίῳ
1246 2111 1380 2179 μηνὶ
1409 2109 1503 2162 τοῦ
1528 2112 1717 2178 ,ςῷκω
1738 2109 1895 2171 ἔτους
1924 2109 2077 2177 ἐξῆλ-

509 2209 602 2262 θεν
634 2207 740 2261 ἀπὸ
761 2205 861 2273 τῆς
885 2204 1092 2265 πόλεως
1118 2202 1146 2253 6
1179 2201 1429 2270 βασιλεὺς
1455 2202 1560 2270 κὺρ
1580 2203 1861 2272 Μανουήλ.
1880 2202 2076 2256 Ἀπελ-

509 2302 615 2356 θὼν
650 2302 729 2361 εἰς
777 2299 874 2368 τὴν
922 2297 1088 2364 νῆσον
1133 2295 1309 2348 Θάσον
1364 2294 1569 2365 ἐπῇρεν
1623 2295 1793 2366 αὐτὴν
1837 2298 1894 2348 ἐν
1944 2297 2076 2365 μηνὶ

508 2390 869 2460 Σεπτεμϐρίῳ
900 2386 992 2441 τοῦ
1030 2387 1217 2459 ,ςῶκβ
1269 2388 1461 2448 ἑτους’
1511 2386 1606 2439 καὶ
1657 2382 1811 2447 αὖθις
1865 2387 2073 2439 ἐκεῖθεν

508 2482 751 2551 ἀπῆλθεν
784 2482 863 2539 εἰς
912 2479 1009 2550 τὴν
1046 2478 1473 2545 Θεσσαλονίκην,
1526 2473 1645 2530 εἶτα
1688 2478 1769 2539 είς
1806 2477 1896 2529 τὸν
1947 2478 2077 2530 Μω-

512 2579 659 2643 ρὲαν,
702 2572 832 2624 ἔνθα
856 2570 1177 2640 ᾠκοδόμησε
1211 2570 1273 2619 τὸ
1311 2568 1625 2634 Ἐξαμίλιον
1664 2569 1721 2621 ἐν
1761 2570 1955 2636 ἐκείνῳ
1998 2568 2075 2637 τῷ

509 2667 659 2733 τόπῳ
692 2666 827 2718 ὅπου
863 2662 958 2715 καὶ
1000 2663 1056 2713 ἐν
1083 2660 1299 2729 ἐτέροις
1326 2661 1535 2729 καιροῖς
1567 2656 1915 2729 ᾠκοδομήθη,
1946 2654 2076 2712 ὅταν

437 2758 440 2762 ’
508 2758 536 2810 ὁ
577 2754 943 2825 Ἀρταξέρξης
975 2755 1002 2806 6
1045 2751 1301 2822 βασιλεὺς
1346 2753 1595 2820 περάσας
1638 2752 1701 2802 ἐκ
1747 2754 1846 2819 τῆς
1889 2750 2076 2812 Ἀσίας

517 2845 657 2915 μετὰ
694 2844 789 2896 τοῦ
848 2841 1291 2912 μυριαριθμήτου
1344 2842 1553 2892 ἐκείνου
1606 2839 1839 2908 στρατοῦ
1879 2840 2076 2910 ήρχετο

515 2937 635 2989 κατ’
666 2933 866 2987 αὐτῶν.
924 2929 1060 2986 Εἶτα
1089 2932 1176 2983 διὰ
1199 2932 1261 2982 τὸ
1303 2931 1510 2999 μάκρος
1539 2930 1632 2981 τοῦ
1663 2929 1855 2999 καιροῦ
1906 2931 1965 2982 τὸ
2008 2931 2077 2983 τὰ

2179 1849 2283 1901 ὑπὸ
2333 1848 2431 1917 τὴν
2479 1847 2729 1912 ἐξουσίαν
2772 1843 3059 1912 Ῥωμαίων
3094 1840 3332 1907 ἐγένετο,
3381 1838 3473 1889 καὶ
3501 1838 3625 1897 πῶς
3656 1836 3779 1886 ὑπ’..

2177 1940 2273 2009 τὴν
2305 1938 2553 2002 ἐξουσίαν
2589 1939 2688 2007 τῆς
2738 1936 3034 2006 γερουσίας
3067 1934 3176 1985 τῶν
3242 1932 3468 1983 Ἐνετῶν
3499 1930 3771 1981 ἐνέπεσε.

2178 2032 2286 2085 Καὶ
2322 2032 2481 2084 πάλιν
2531 2030 2624 2082 τοῦ
2670 2028 2940 2098 ἡμετέρου
2995 2026 3157 2095 ἔργου
3211 2021 3477 2091 ἁψώμεθα
3524 2021 3626 2073 καὶ
3666 2017 3773 2070 τὸν

2179 2123 2345 2176 πλοῦν
2373 2123 2469 2191 τῆς
2500 2122 2627 2184 νέας
2665 2121 2909 2189 ἱστορίας
2946 2119 3286 2185 ποιήσωμεν.

2248 2212 2342 2266 λδ’.
2375 2214 2437 2267 Οί
2466 2212 2560 2265 τοῦ
2602 2212 2912 2281 καταράτου
2943 2208 3191 2277 Μωάμεθ
3228 2208 3482 2273 ἀπόγονοι
3513 2205 3769 2273 διάδοχοι

2176 2318 2236 2354 τε
2265 2301 2358 2354 καὶ
2387 2301 2716 2370 κληρονόμοι
2742 2297 2839 2367 τῆς
2867 2297 3033 2352 αὐτοῦ
3071 2296 3247 2367 ἀρχῆς
3275 2295 3485 2364 πρῶτον
3515 2295 3617 2361 μὲν
3650 2296 3761 2360 τῆς

2177 2394 2284 2446 τῶν
2322 2393 2545 2462 Περσῶν
2568 2393 2742 2461 ἀρχῆς
2781 2392 3067 2459 ἐγκρατεῖς
3096 2388 3377 2455 γενόμενοι
3410 2385 3504 2438 καὶ
3532 2384 3761 2451 Μηδίας

2178 2489 2273 2541 καὶ
2294 2486 2614 2547 Βαϐυλῶνος
2642 2484 2735 2536 καὶ
2776 2482 3080 2552 Ἀσσυρίων
3108 2480 3516 2550 κυριεύσαντες,
3563 2480 3670 2547 ἤδη
3694 2478 3757 2530 δὲ

2181 2581 2271 2631 καὶ
2291 2578 2568 2645 Αἰγύπτου
2602 2575 2692 2627 καὶ
2722 2574 2921 2639 Συρίας
2952 2573 3048 2624 καὶ
3081 2570 3377 2640 Ἀσσυρίας
3407 2574 3501 2622 καὶ
3543 2568 3755 2621 Παλαιο

2180 2670 2365 2740 στίνης
2396 2669 2486 2721 καὶ
2509 2666 2713 2734 Λιϐύης
2742 2664 2837 2717 καὶ
2866 2662 3138 2732 Ἀφρικῆς
3163 2664 3257 2715 καὶ
3285 2662 3480 2729 μέρους
3505 2660 3605 2712 οὐκ
3634 2659 3751 2709 ὀλί-

2179 2778 2276 2829 γου
2306 2762 2367 2811 ἐκ
2392 2760 2489 2825 τῆς
2525 2756 2817 2827 Εὐρώπης,
2854 2755 2990 2825 μετὰ
3022 2753 3076 2806 δέ
3125 2770 3245 2806 τινα
3278 2753 3466 2820 καιρὸν
3494 2750 3750 2819 ἀλλήλοις

2183 2851 2595 2914 στασιάσαντες,
2653 2850 2685 2919 ή
2726 2848 2822 2917 μία
2862 2846 2999 2915 αὕτη
3042 2845 3248 2914 μεγάλη
3288 2843 3428 2913 ἀρχή
3460 2846 3539 2906 εἰς
3570 2843 3744 2895 πολλὰ

2179 2940 2521 3011 διεμερίσθη,
2554 2941 2647 2991 καὶ
2674 2938 2833 2993 ἄλλον
2873 2937 2971 3007 μὲν
2998 2938 3242 3007 ἀρχηγὸν
3268 2931 3412 3003 εἶχεν
3451 2936 3484 3003 ὴ
3515 2935 3739 3001 Περαία,

515 3026 692 3080 πάντα
723 3024 966 3093 δαμάζον
992 3022 1086 3075 καὶ
1110 3021 1512 3090 ἀνεπιμέλητον
1544 3021 1742 3089 ἁφεθὲν
1773 3022 2036 3092 διεφθάρη
2057 3037 2074 3055 ⁸
2103 3052 2145 3108 C
2180 3029 2338 3083 ἄλλον
2369 3028 2425 3079 δὲ
2470 3030 2501 3097 ἡ
2546 3026 2826 3089 Βαϐυλὼν,
2862 3025 3051 3094 ἓτερον
3083 3025 3137 3076 δὲ
3173 3023 3241 3076 τὰ
3280 3026 3376 3091 τῆς
3415 3023 3600 3083 Ἀσίας
3631 3022 3741 3074 ἄνω

514 3122 577 3171 ἐκ
610 3118 864 3185 δευτέρου
913 3116 969 3168 δὲ
992 3113 1208 3167 κτισθὲν
1248 3108 1318 3184 ἦν
1372 3112 1523 3182 παρὰ
1551 3113 1645 3165 τοῦ
1674 3113 1733 3166 ἐν
1762 3113 2075 3183 βασιλεῦσιν
2181 3123 2273 3176 καὶ
2301 3111 2449 3174 κάτω
2483 3120 2624 3191 μέρη
2651 3136 2665 3151 ο
2698 3118 2794 3172 ἕνα
2828 3117 2928 3188 μὲν
2968 3116 3211 3187 ἀρχηγὸν
3250 3110 3396 3183 εἶχεν
3432 3116 3465 3183 ή
3507 3114 3735 3185 Ταρσὸς,

520 3309 618 3350 nos
651 3294 790 3348 duos
825 3303 879 3345 et
920 3291 1137 3360 triginta
1171 3308 1185 3356 ;
1216 3290 1503 3359 acquisivit
1534 3298 1587 3344 et
1614 3290 1844 3357 subjecit
1871 3291 1969 3345 sibi
2003 3308 2079 3347 re-

514 3401 615 3455 gna
659 3386 865 3448 decem,
898 3392 951 3437 et
994 3381 1321 3436 Christianis
1355 3380 1511 3435 urbes
1562 3382 1822 3435 ducentas
1856 3382 2074 3451 eripuit.

521 3473 773 3541 Quinque
806 3472 1020 3540 linguas
1052 3478 1243 3537 praeter
1275 3484 1427 3523 suam
1456 3470 1622 3539 probe
1658 3479 1898 3535 noverat,
1935 3471 2074 3525 Grae-

515 3578 660 3629 cam,
707 3561 975 3626 Latinam,
1008 3560 1319 3625 Arabicam,
1364 3560 1732 3625 Chaldaicam,
1781 3562 2072 3619 Persicam.

519 3654 574 3708 In
611 3652 997 3721 congressibus
1030 3663 1091 3707 et
1122 3652 1405 3722 colloquiis
1440 3668 1560 3706 cum
1615 3655 1921 3709 hominibus
1950 3670 2077 3708 ertt-

517 3747 643 3800 ditis
671 3760 733 3799 ac
765 3743 1119 3814 prudentibus
1146 3744 1332 3798 hilaris
1358 3754 1476 3796 erat
1503 3761 1517 3797 :
1547 3759 1712 3815 quare
1744 3747 1902 3801 etiam
1939 3746 2079 3802 Gen-

517 3838 737 3891 nadium
768 3835 1130 3905 patriarcham
1168 3835 1424 3904 diligebat
1459 3844 1513 3889 et
1535 3836 1790 3892 audiebat
1825 3838 2079 3909 frequen-

519 3936 705 3993 terque
728 3925 1107 3977 conveniebat.
1134 3924 1373 3987 Dicebat,
1411 3925 1669 3981 didicisse
1699 3941 1758 3982 se
1797 3942 1863 3981 ex
1897 3938 2078 3985 astro-

516 4032 635 4071 rum
659 4014 1127 4077 conversionibus,
1154 4029 1211 4068 se
1234 4029 1388 4084 reges
1409 4025 1462 4069 et
1483 4016 1602 4072 loca
1632 4018 1800 4073 multa
1824 4018 2079 4075 subactu-

513 4123 630 4162 rum
662 4120 784 4162 esse
810 4122 825 4159 :
866 4107 919 4160 id
950 4106 1096 4175 quod
1125 4121 1255 4160 sane
1275 4106 1478 4162 evenit.

582 4197 714 4254 Tale
748 4198 1120 4269 igitttr,'quale
1148 4198 1332 4265 paucis
1363 4198 1821 4266 adumbravimus,
1855 4198 2079 4257 Otltma-

513 4291 598 4345 nis
620 4305 815 4345 atnerae
836 4289 1062 4358 ejusque
1080 4296 1417 4357 posterorum
1442 4302 1612 4356 genus
1632 4304 1802 4359 usque
1822 4294 1887 4342 ad
1905 4291 2079 4346 Mehe-

512 4394 708 4437 utetem
738 4396 975 4437 emeram
1013 4380 1135 4443 fuit,
1172 4379 1616 4448 eorumdemque,
1649 4381 1772 4433 dum
1806 4381 2073 4449 vixerunt,

513 4476 613 4529 ista
636 4475 806 4540 bella,
838 4486 1030 4542 pugna:
1062 4462 1119 4525 et
1138 4471 1396 4527 victoriae.
1430 4470 1585 4526 Nunc
1610 4473 1675 4525 ad
1710 4472 2073 4541 interruptum

502 4566 755 4619 historiae
771 4564 1013 4617 ordinem
1038 4573 1397 4616 revertamur.

578 4654 668 4708 55.
730 4652 916 4706 Mense
972 4649 1114 4705 .lulio
1160 4650 1288 4703 anni
1338 4647 1470 4703 6921
1518 4648 1807 4717 imperator
1837 4651 2074 4709 -M‘.tnl10l

512 4744 664 4811 Cpoli
682 4743 950 4799 discessit.
974 4740 1210 4794 Thasum
1234 4741 1467 4797 insulam
1490 4741 1784 4809 profectus,
1804 4758 2076 4815 eXpttgua-

512 4837 588 4888 vit
627 4851 742 4889 eam
795 4848 979 4888 mense
1013 4831 1320 4899 Septembri
1374 4832 1497 4883 anni
1524 4830 1663 4885 6922
1692 4848 1706 4897 ;
1739 4832 1860 4887 inde
1892 4850 2074 4888 rursus

510 4923 949 4977 Thessalonicam
1004 4921 1156 4985 abiit,
1190 4920 1455 4974 deindein
1492 4920 1752 4989 Moream,
1782 4924 1867 4977 ubi
1902 4923 2075 4979 Hexa-

511 5012 718 5066 tnilium
751 5011 1103 5066 exstruxiteo
1128 5010 1271 5073 loco,
1302 5024 1410 5076 quo
1437 5022 1562 5063 ante
1592 5021 1932 5067 exstructum
1963 5016 2075 5068 t‘uc-

509 5113 613 5171 rat,
648 5103 864 5172 quando
905 5104 1237 5153 Artaxerxes
1267 5114 1361 5152 rex
1398 5115 1515 5152 eum
1548 5101 1758 5156 infinito
1793 5105 1884 5157 illo
1919 5121 2075 5159 exer-

508 5195 617 5249 citu
671 5209 736 5247 ex
782 5192 908 5246 Asia
961 5201 1149 5245 c0ntra
1192 5190 1409 5246 Graecos
1442 5192 1672 5261 trajecit.
1710 5196 1922 5263 Postea,
1949 5214 2068 5251 cum

509 5283 868 5336 diuturnitate
891 5280 1148 5347 temporis
1176 5280 1355 5334 omnia
1383 5286 1748 5339 consumentis
1778 5296 1833 5340 et
1864 5288 2070 5341 incuria

508 5374 793 5428 hominum
825 5373 1120 5440 collapsum
1144 5373 1354 5436 fuisset,
1383 5374 1736 5430 instauratum
1760 5389 1923 5433 erata
1959 5396 2072 5434 ma-

453 5506 456 5508 .
504 5458 956 5528 gnoJustiniano,
989 5460 1315 5528 imperatore
1341 5467 1667 5533 sempiterna
1705 5469 1931 5523 colendo
1956 5485 2071 5525 me-

505 5554 696 5617 moria,
728 5567 831 5607 non
877 5554 1092 5623 quidem
1127 5566 1344 5625 propter
1390 5558 1770 5612 necessitatem
1805 5561 2067 5630 aliquant,

506 5644 937 5717 quattdoquidettt
968 5646 1015 5702 ei
1047 5649 1267 5717 parebat
1298 5649 1445 5706 orbis
1480 5657 1750 5706 terrarum
1778 5644 1916 5721 pene
1946 5654 2066 5708 uni-

2180 3318 2389 3368 versus,
2418 3301 2510 3357 sed
2540 3299 2665 3368 quia
2686 3296 2953 3352 laudabile
2981 3311 3101 3351 esse
3126 3305 3429 3364 susceptum
3457 3294 3501 3349 ei
3526 3293 3733 3347 videba-

2182 3405 2305 3447 tur:
2332 3408 2453 3446 nam
2482 3392 2624 3447 sicut
2655 3390 2758 3444 alia
2792 3388 3038 3457 quaedam
3064 3386 3285 3440 aedificia
3318 3384 3585 3447 exStruxit,
3609 3384 3723 3449 qui-

2178 3486 2278 3540 bus
2309 3483 2533 3537 ornabat
2560 3482 2845 3550 imperium
2881 3479 3208 3539 Romanum,
3243 3482 3314 3530 ita
3350 3474 3713 3529 Isthmutntuu-

2179 3577 2298 3629 nire
2328 3573 2501 3627 eidem
2531 3570 2755 3641 placuit.
2778 3568 2998 3623 Factum
3025 3567 3274 3633 estjussu
3294 3565 3411 3633 ejus
3434 3565 3482 3615 itt
3503 3576 3563 3615 eo
3586 3561 3718 3623 loco,

2182 3662 2233 3715 itt
2289 3675 2396 3729 quo
2455 3660 2727 3728 quondam
2777 3657 3037 3727 patricius
3088 3653 3325 3717 Nicetes,
3375 3661 3727 3722 cognomento

2182 3753 2435 3821 Uriphas,
2466 3764 2635 3803 naves
2663 3750 2775 3803 sive
2832 3747 3080 3802 triremes
3113 3745 3381 3799 Romanas
3416 3759 3510 3812 per
3564 3744 3731 3797 conti-

2182 3852 2395 3896 nentem
2422 3849 2621 3893 terram
2641 3838 2828 3892 lsthmi
2855 3852 2919 3891 ex
2956 3838 3086 3890 mari
3120 3836 3305 3891 Graeco
3326 3838 3378 3890 in
3405 3836 3729 3892 occidentale

2180 3930 2345 3985 traxit
2379 3928 2622 3997 fuditque
2675 3930 2953 3995 Agarenos
2983 3925 3289 3979 Cretenses.
3323 3923 3604 3989 Quomodo
3633 3940 3726 3977 att-

2180 4030 2284 4074 tem
2317 4028 2372 4072 et
2412 4034 2579 4088 quare
2616 4018 2714 4072 hoc
2751 4016 3066 4086 praeclarum
3114 4024 3436 4083 strategema
3475 4024 3530 4069 et
3563 4030 3732 4084 perpe-

2184 4123 2273 4165 tuo
2303 4112 2678 4166 celebrandum
2716 4108 2925 4162 facinus
2958 4116 3222 4175 patratum
3256 4107 3437 4171 fuerit,
3473 4124 3576 4161 non
3605 4122 3732 4175 prte-

2183 4204 2475 4257 tertnittam
2521 4204 2719 4265 dicere,
2752 4202 2843 4254 sed
2892 4200 3185 4253 narrationi
3222 4209 3423 4253 nostrae
3455 4203 3677 4255 inseram
3712 4214 3725 4265 ;

2184 4293 2309 4346 item
2350 4285 2812 4353 commemorabo,
2845 4306 2951 4359 quo
2982 4303 3139 4358 pacto
3177 4293 3339 4345 Creta
3369 4292 3542 4345 insula
3572 4294 3621 4345 in
3642 4308 3728 4359 ροι-

2185 4391 2430 4436 testatem
2459 4381 2831 4451 Agarenorum
2854 4382 3150 4445 vetterit,et
3172 4395 3380 4437 rursus.
3406 4397 3512 4449 qua
3535 4384 3726 4437 ratione

2181 4473 2246 4525 ad
2281 4471 2553 4525 Romanos
2604 4471 2845 4535 redierit,
2892 4483 2946 4524 et
2978 4470 3193 4525 tandem
3252 4471 3355 4526 sub
3416 4472 3721 4527 Venetorum

2179 4564 2437 4618 ditionem
2486 4564 2815 4616 concesserit
2849 4579 2863 4615 :
2898 4572 3007 4615 tum
3057 4563 3291 4630 denique
3323 4563 3390 4617 ad
3433 4563 3722 4619 institutum

2180 4654 2478 4708 rcdibimus
2508 4664 2559 4708 et
2591 4654 2911 4708 recentioris
2936 4653 3176 4708 historia:
3199 4654 3344 4708 tilum
3374 4668 3718 4723 pertexemtts.

2246 4745 2334 4798 54.
2366 4744 2689 4798 Exsecrandi
2727 4743 3045 4797 Mohametis
3084 4747 3284 4810 posteri
3320 4754 3375 4799 et
3398 4759 3721 4801 successores

2176 4847 2229 4887 et
2256 4834 2460 4903 imperii
2502 4833 2619 4902 ejus
2656 4835 2917 4898 haeredes,
2952 4835 3187 4902 primum
3239 4834 3527 4889 Persarum
3572 4851 3718 4906 regno

2177 4936 2339 4993 atque
2384 4924 2580 4989 Media,
2628 4925 2920 4994 Babylonia
2954 4936 3007 4980 et
3043 4926 3269 4994 Assyria
3317 4925 3495 4994 potiti,
3541 4928 3716 4980 deinde

2176 5022 2336 5072 etiam
2391 5016 2706 5086 Egyptum,
2741 5017 2977 5086 Syriam,
3034 5017 3335 5086 Assyriam,
3369 5016 3715 5083 Palaestinam,

2176 5111 2420 5181 Libyam,
2450 5110 2687 5163 Africam
2714 5120 2768 5163 et
2805 5110 3034 5178 Europae
3090 5111 3338 5179 regiones
3391 5125 3499 5164 non
3534 5126 3715 5177 paucas

2174 5203 2469 5267 consecuti,
2515 5200 2792 5269 aliquanto
2843 5209 2965 5269 post
2992 5200 3272 5255 discordes
3323 5200 3465 5255 inter
3507 5216 3567 5255 se
3607 5201 3715 5254 facti

2173 5302 2318 5357 sunt,
2341 5291 2480 5345 unde
2511 5306 2676 5344 unum
2708 5290 2836 5345 illud
2865 5298 3116 5360 magnum
3161 5290 3446 5359 imperium
3476 5292 3528 5344 in
3572 5290 3714 5345 multa

2175 5398 2336 5452 regna
2369 5382 2598 5435 divisum
2623 5389 2726 5447 est,
2761 5390 2816 5449 et
2848 5381 3013 5434 alium
3050 5382 3343 5450 principem
3372 5383 3553 5437 Persis
3574 5395 3712 5437 nacta

2171 5486 2273 5542 est,
2304 5476 2471 5530 alittm
2500 5474 2718 5545 Babylo,
2767 5475 2930 5529 alium
2970 5477 3219 5542 superior
3245 5485 3300 5530 ct
3329 5473 3557 5529 inferior
3580 5476 3710 5539 Asia,

2173 5567 2332 5621 alium
2368 5566 2591 5631 Tarsus,
2631 5567 2792 5621 alium
2827 5567 3020 5636 Tyrus,
3062 5569 3227 5623 alium
3261 5566 3526 5631 Iconium,
3569 5568 3709 5620 aliunt

2174 5658 2358 5716 multis
2410 5658 2499 5714 illa
2528 5666 2581 5714 et
2613 5658 2885 5728 praeclaris
2916 5663 3077 5716 rebus
3123 5641 3408 5716 abundans
3457 5657 3701 5726 Meliteue
