  <div class='ocr_page' id='page_1' title='image "/cluster/home/n/w/nwhite01/storage/ocr_20150623/156/mdp.39015078384719/378.png"; bbox 0 0 4096 6300; ppageno 0'>
   <div class='ocr_carea' id='block_1_1' title="bbox 250 294 446 366">
    <p class='ocr_par' dir='ltr' id='par_1_1' title="bbox 250 294 446 366">
     <span class='ocr_line' id='line_1_1' title="bbox 250 294 446 366; baseline -0.005 0"><span class='ocrx_word' id='word_1_1' title='bbox 250 338 259 349; x_wconf 89' lang='lat'><strong>-</strong></span> <span class='ocrx_word' id='word_1_2' title='bbox 342 294 446 366; x_wconf 77' lang='lat'><strong>717</strong></span> 
     </span>
    </p>
   </div>
   <div class='ocr_carea' id='block_1_2' title="bbox 1403 284 2570 357">
    <p class='ocr_par' dir='ltr' id='par_1_2' title="bbox 1403 284 2570 357">
     <span class='ocr_line' id='line_1_2' title="bbox 1403 284 2570 357; baseline -0.013 -1"><span class='ocrx_word' id='word_1_3' title='bbox 1403 290 1855 357; x_wconf 69' lang='lat' dir='ltr'><strong>CHRONICON</strong></span> <span class='ocrx_word' id='word_1_4' title='bbox 1891 286 2137 346; x_wconf 82' lang='lat' dir='ltr'><strong>MAJUS</strong></span> <span class='ocrx_word' id='word_1_5' title='bbox 2208 310 2263 319; x_wconf 84' lang='lat'><strong>-</strong></span> <span class='ocrx_word' id='word_1_6' title='bbox 2320 286 2469 346; x_wconf 85' lang='lat' dir='ltr'><strong>LIB.</strong></span> <span class='ocrx_word' id='word_1_7' title='bbox 2518 284 2570 342; x_wconf 89' lang='grc' dir='ltr'><strong>Ι.</strong></span> 
     </span>
    </p>
   </div>
   <div class='ocr_carea' id='block_1_3' title="bbox 3483 254 3605 353">
    <p class='ocr_par' dir='ltr' id='par_1_3' title="bbox 3483 254 3605 353">
     <span class='ocr_line' id='line_1_3' title="bbox 3483 254 3605 353; baseline -0.008 -22"><span class='ocrx_word' id='word_1_8' title='bbox 3483 254 3605 353; x_wconf 42' lang='grc' dir='ltr'>τις,</span> 
     </span>
    </p>
   </div>
   <div class='ocr_carea' id='block_1_4' title="bbox 332 383 3592 483">
    <p class='ocr_par' dir='ltr' id='par_1_4' title="bbox 332 383 3592 483">
     <span class='ocr_line' id='line_1_4' title="bbox 332 383 3592 483; baseline -0.01 -16"><span class='ocrx_word' id='word_1_9' title='bbox 332 413 523 483; x_wconf 71' lang='grc' dir='ltr'>ἕτερον</span> <span class='ocrx_word' id='word_1_10' title='bbox 547 411 602 465; x_wconf 74' lang='grc' dir='ltr'><strong>δέ</strong></span> <span class='ocrx_word' id='word_1_11' title='bbox 633 412 666 481; x_wconf 80' lang='grc' dir='ltr'><strong>ή</strong></span> <span class='ocrx_word' id='word_1_12' title='bbox 712 410 911 481; x_wconf 81' lang='grc' dir='ltr'>Τύρος,</span> <span class='ocrx_word' id='word_1_13' title='bbox 950 411 1110 467; x_wconf 79' lang='grc' dir='ltr'>ἄλλον</span> <span class='ocrx_word' id='word_1_14' title='bbox 1160 413 1221 466; x_wconf 70' lang='lat' dir='ltr'><strong>rb</strong></span> <span class='ocrx_word' id='word_1_15' title='bbox 1263 412 1488 466; x_wconf 84' lang='grc' dir='ltr'>Ἰκόνιον</span> <span class='ocrx_word' id='word_1_16' title='bbox 1528 410 1623 462; x_wconf 76' lang='grc' dir='ltr'><strong>καὶ</strong></span> <span class='ocrx_word' id='word_1_17' title='bbox 1649 406 1841 473; x_wconf 77' lang='grc' dir='ltr'>ἕτερον</span> <span class='ocrx_word' id='word_1_18' title='bbox 1872 404 1905 470; x_wconf 88' lang='grc' dir='ltr'><strong>ή</strong></span> <span class='ocrx_word' id='word_1_19' title='bbox 1938 406 1984 465; x_wconf 74' lang='grc' dir='ltr'>Α</span> <span class='ocrx_word' id='word_1_20' title='bbox 2012 398 2257 463; x_wconf 74' lang='grc' dir='ltr'>εὔϐοτος.</span> <span class='ocrx_word' id='word_1_21' title='bbox 2291 418 2312 450; x_wconf 79' lang='grc' dir='ltr'><strong>ι</strong></span> <span class='ocrx_word' id='word_1_22' title='bbox 2371 397 2481 452; x_wconf 78' lang='grc' dir='ltr'>Καὶ</span> <span class='ocrx_word' id='word_1_23' title='bbox 2530 396 2683 457; x_wconf 78' lang='grc' dir='ltr'>οὐδὲν</span> <span class='ocrx_word' id='word_1_24' title='bbox 2721 391 2883 448; x_wconf 83' lang='grc' dir='ltr'>πλέον</span> <span class='ocrx_word' id='word_1_25' title='bbox 2916 390 3020 460; x_wconf 78' lang='grc' dir='ltr'>ἔφη</span> <span class='ocrx_word' id='word_1_26' title='bbox 3051 389 3260 483; x_wconf 74' lang='grc' dir='ltr'>αῦτοϊς,</span> <span class='ocrx_word' id='word_1_27' title='bbox 3304 383 3592 483; x_wconf 31' lang='grc' dir='ltr'>καὶ-ὀὕτω</span> 
     </span>
    </p>
   </div>
   <div class='ocr_carea' id='block_1_5' title="bbox 333 496 1903 573">
    <p class='ocr_par' dir='ltr' id='par_1_5' title="bbox 333 496 1903 573">
     <span class='ocr_line' id='line_1_5' title="bbox 333 496 1903 573; baseline -0.006 -16"><span class='ocrx_word' id='word_1_28' title='bbox 333 504 610 573; x_wconf 81' lang='grc' dir='ltr'>Μελιτηνὴ</span> <span class='ocrx_word' id='word_1_29' title='bbox 639 507 670 573; x_wconf 85' lang='grc' dir='ltr'><strong>ή</strong></span> <span class='ocrx_word' id='word_1_30' title='bbox 708 506 776 557; x_wconf 83' lang='grc' dir='ltr'>τὰ</span> <span class='ocrx_word' id='word_1_31' title='bbox 810 504 982 557; x_wconf 84' lang='grc' dir='ltr'>πολλά</span> <span class='ocrx_word' id='word_1_32' title='bbox 1012 505 1150 559; x_wconf 76' lang='grc' dir='ltr'>καλὰ</span> <span class='ocrx_word' id='word_1_33' title='bbox 1186 505 1281 558; x_wconf 76' lang='grc' dir='ltr'>καὶ</span> <span class='ocrx_word' id='word_1_34' title='bbox 1311 504 1491 571; x_wconf 85' lang='grc' dir='ltr'>ἀγαθά</span> <span class='ocrx_word' id='word_1_35' title='bbox 1514 501 1713 570; x_wconf 78' lang='grc' dir='ltr'><strong>ῥέουσα</strong></span> <span class='ocrx_word' id='word_1_36' title='bbox 1739 513 1751 528; x_wconf 69' lang='grc'>⁸</span> <span class='ocrx_word' id='word_1_37' title='bbox 1784 496 1903 549; x_wconf 71' lang='grc' dir='ltr'>ἒτεο</span> 
     </span>
    </p>
   </div>
   <div class='ocr_carea' id='block_1_6' title="bbox 337 587 1904 666">
    <p class='ocr_par' dir='ltr' id='par_1_6' title="bbox 337 587 1904 666">
     <span class='ocr_line' id='line_1_6' title="bbox 337 587 1904 666; baseline -0.001 -19"><span class='ocrx_word' id='word_1_38' title='bbox 337 612 430 663; x_wconf 83' lang='grc' dir='ltr'><strong>ρον</strong></span> <span class='ocrx_word' id='word_1_39' title='bbox 467 595 525 648; x_wconf 75' lang='grc' dir='ltr'>δὲ</span> <span class='ocrx_word' id='word_1_40' title='bbox 570 596 630 649; x_wconf 79' lang='grc' dir='ltr'>τὸ</span> <span class='ocrx_word' id='word_1_41' title='bbox 655 596 864 648; x_wconf 77' lang='grc' dir='ltr'>Χαλέπι</span> <span class='ocrx_word' id='word_1_42' title='bbox 888 592 1038 666; x_wconf 72' lang='grc' dir='ltr'>εῖχεν</span> <span class='ocrx_word' id='word_1_43' title='bbox 1085 597 1180 649; x_wconf 77' lang='grc' dir='ltr'>καὶ</span> <span class='ocrx_word' id='word_1_44' title='bbox 1213 596 1325 664; x_wconf 76' lang='lat'><strong>98</strong></span> <span class='ocrx_word' id='word_1_45' title='bbox 1356 593 1513 649; x_wconf 81' lang='grc' dir='ltr'>ἄλλον</span> <span class='ocrx_word' id='word_1_46' title='bbox 1545 594 1577 659; x_wconf 84' lang='grc' dir='ltr'>ἠ</span> <span class='ocrx_word' id='word_1_47' title='bbox 1611 587 1904 657; x_wconf 78' lang='grc' dir='ltr'>Δαμασκδς</span> 
     </span>
    </p>
   </div>
   <div class='ocr_carea' id='block_1_7' title="bbox 331 680 1907 758">
    <p class='ocr_par' dir='ltr' id='par_1_7' title="bbox 331 680 1907 758">
     <span class='ocr_line' id='line_1_7' title="bbox 331 680 1907 758; baseline -0.004 -18"><span class='ocrx_word' id='word_1_48' title='bbox 331 688 428 740; x_wconf 80' lang='grc' dir='ltr'><strong>καὶ</strong></span> <span class='ocrx_word' id='word_1_49' title='bbox 466 686 655 756; x_wconf 65' lang='grc' dir='ltr'>ἕτερον</span> <span class='ocrx_word' id='word_1_50' title='bbox 681 690 715 758; x_wconf 86' lang='grc' dir='ltr'><strong>ή</strong></span> <span class='ocrx_word' id='word_1_51' title='bbox 744 688 1025 755; x_wconf 75' lang='grc' dir='ltr'>Αῖγυωτος</span> <span class='ocrx_word' id='word_1_52' title='bbox 1081 688 1176 740; x_wconf 75' lang='grc' dir='ltr'><strong>καὶ</strong></span> <span class='ocrx_word' id='word_1_53' title='bbox 1221 687 1381 741; x_wconf 78' lang='grc' dir='ltr'>ἄλλον</span> <span class='ocrx_word' id='word_1_54' title='bbox 1416 686 1447 753; x_wconf 84' lang='grc' dir='ltr'><strong>ή</strong></span> <span class='ocrx_word' id='word_1_55' title='bbox 1489 682 1690 750; x_wconf 81' lang='grc' dir='ltr'>Λιϐύη,</span> <span class='ocrx_word' id='word_1_56' title='bbox 1738 681 1835 735; x_wconf 78' lang='grc' dir='ltr'>καὶ</span> <span class='ocrx_word' id='word_1_57' title='bbox 1871 680 1907 747; x_wconf 85' lang='grc' dir='ltr'><strong>ἡ</strong></span> 
     </span>
    </p>
   </div>
   <div class='ocr_carea' id='block_1_8' title="bbox 346 769 1906 848">
    <p class='ocr_par' dir='ltr' id='par_1_8' title="bbox 346 769 1906 848">
     <span class='ocr_line' id='line_1_8' title="bbox 346 769 1906 848; baseline -0.006 -16"><span class='ocrx_word' id='word_1_58' title='bbox 346 778 580 848; x_wconf 81' lang='grc' dir='ltr'>Ἀφρικὴ</span> <span class='ocrx_word' id='word_1_59' title='bbox 611 778 816 845; x_wconf 83' lang='grc' dir='ltr'>ἓτερον,</span> <span class='ocrx_word' id='word_1_60' title='bbox 842 778 935 832; x_wconf 74' lang='grc' dir='ltr'><strong>καὶ</strong></span> <span class='ocrx_word' id='word_1_61' title='bbox 955 778 1143 846; x_wconf 73' lang='grc' dir='ltr'>ἕτερον</span> <span class='ocrx_word' id='word_1_62' title='bbox 1177 778 1235 830; x_wconf 89' lang='grc' dir='ltr'><strong>ἐν</strong></span> <span class='ocrx_word' id='word_1_63' title='bbox 1266 778 1334 846; x_wconf 83' lang='grc' dir='ltr'>τῇ</span> <span class='ocrx_word' id='word_1_64' title='bbox 1366 774 1662 843; x_wconf 79' lang='grc' dir='ltr'>Εὐρώπῃή</span> <span class='ocrx_word' id='word_1_65' title='bbox 1695 769 1906 838; x_wconf 83' lang='grc' dir='ltr'>’ἰὸηρία</span> 
     </span>
    </p>
   </div>
   <div class='ocr_carea' id='block_1_9' title="bbox 336 858 1906 936">
    <p class='ocr_par' dir='ltr' id='par_1_9' title="bbox 336 858 1906 936">
     <span class='ocr_line' id='line_1_9' title="bbox 336 858 1906 936; baseline 0.001 -16"><span class='ocrx_word' id='word_1_66' title='bbox 336 863 503 934; x_wconf 64' lang='grc' dir='ltr'>εἶχεν,</span> <span class='ocrx_word' id='word_1_67' title='bbox 532 869 566 936; x_wconf 78' lang='grc' dir='ltr'>ἢ</span> <span class='ocrx_word' id='word_1_68' title='bbox 598 868 814 935; x_wconf 81' lang='grc' dir='ltr'>λέγεται</span> <span class='ocrx_word' id='word_1_69' title='bbox 878 867 1153 923; x_wconf 77' lang='grc' dir='ltr'>Ἱσπανία.</span> <span class='ocrx_word' id='word_1_70' title='bbox 1210 866 1321 919; x_wconf 71' lang='grc' dir='ltr'>Καὶ</span> <span class='ocrx_word' id='word_1_71' title='bbox 1351 865 1491 934; x_wconf 82' lang='grc' dir='ltr'>πρὸς</span> <span class='ocrx_word' id='word_1_72' title='bbox 1549 861 1811 929; x_wconf 77' lang='grc' dir='ltr'><strong>ἀλλήλους</strong></span> <span class='ocrx_word' id='word_1_73' title='bbox 1856 858 1906 910; x_wconf 71' lang='grc' dir='ltr'>οἱ</span> 
     </span>
    </p>
   </div>
   <div class='ocr_carea' id='block_1_10' title="bbox 337 948 1909 1027">
    <p class='ocr_par' dir='ltr' id='par_1_10' title="bbox 337 948 1909 1027">
     <span class='ocr_line' id='line_1_10' title="bbox 337 948 1909 1027; baseline -0.008 -13"><span class='ocrx_word' id='word_1_74' title='bbox 337 956 679 1025; x_wconf 76' lang='grc' dir='ltr'><strong>γειτνιῶντες</strong></span> <span class='ocrx_word' id='word_1_75' title='bbox 730 956 853 1013; x_wconf 84' lang='grc' dir='ltr'>καθ’</span> <span class='ocrx_word' id='word_1_76' title='bbox 887 958 1127 1027; x_wconf 77' lang='grc' dir='ltr'>ἑκάστην</span> <span class='ocrx_word' id='word_1_77' title='bbox 1159 957 1426 1026; x_wconf 82' lang='grc' dir='ltr'>διαφορὰς</span> <span class='ocrx_word' id='word_1_78' title='bbox 1460 949 1606 1024; x_wconf 79' lang='grc' dir='ltr'>εῖχον</span> <span class='ocrx_word' id='word_1_79' title='bbox 1634 948 1909 1021; x_wconf 70' lang='grc' dir='ltr'>ἀναμέσον</span> 
     </span>
    </p>
   </div>
   <div class='ocr_carea' id='block_1_11' title="bbox 339 1042 1911 1118">
    <p class='ocr_par' dir='ltr' id='par_1_11' title="bbox 339 1042 1911 1118">
     <span class='ocr_line' id='line_1_11' title="bbox 339 1042 1911 1118; baseline -0.003 -18"><span class='ocrx_word' id='word_1_80' title='bbox 339 1048 517 1103; x_wconf 75' lang='grc' dir='ltr'>αὐτῶν</span> <span class='ocrx_word' id='word_1_81' title='bbox 541 1049 816 1116; x_wconf 79' lang='grc' dir='ltr'>φυομένας</span> <span class='ocrx_word' id='word_1_82' title='bbox 848 1049 945 1104; x_wconf 73' lang='grc' dir='ltr'><strong>καὶ</strong></span> <span class='ocrx_word' id='word_1_83' title='bbox 977 1049 1265 1118; x_wconf 77' lang='grc' dir='ltr'>ἐμάχοντο.</span> <span class='ocrx_word' id='word_1_84' title='bbox 1307 1048 1374 1102; x_wconf 85' lang='grc' dir='ltr'><strong>Οἱ</strong></span> <span class='ocrx_word' id='word_1_85' title='bbox 1406 1048 1463 1101; x_wconf 81' lang='grc' dir='ltr'>δὲ</span> <span class='ocrx_word' id='word_1_86' title='bbox 1495 1047 1593 1116; x_wconf 79' lang='grc' dir='ltr'>τὴν</span> <span class='ocrx_word' id='word_1_87' title='bbox 1626 1042 1911 1099; x_wconf 77' lang='grc' dir='ltr'><strong>Ἱσπανίαν</strong></span> 
     </span>
    </p>
   </div>
   <div class='ocr_carea' id='block_1_12' title="bbox 335 1135 1909 1209">
    <p class='ocr_par' dir='ltr' id='par_1_12' title="bbox 335 1135 1909 1209">
     <span class='ocr_line' id='line_1_12' title="bbox 335 1135 1909 1209; baseline -0.003 -20"><span class='ocrx_word' id='word_1_88' title='bbox 335 1139 613 1200; x_wconf 74' lang='grc' dir='ltr'>οἰκοῦντες</span> <span class='ocrx_word' id='word_1_89' title='bbox 662 1140 959 1209; x_wconf 72' lang='grc' dir='ltr'>Ἀγαρηνοὶ</span> <span class='ocrx_word' id='word_1_90' title='bbox 1001 1142 1082 1203; x_wconf 79' lang='grc' dir='ltr'><strong>είς</strong></span> <span class='ocrx_word' id='word_1_91' title='bbox 1122 1139 1579 1208; x_wconf 74' lang='grc' dir='ltr'><strong>πολυανθρωπίαν</strong></span> <span class='ocrx_word' id='word_1_92' title='bbox 1636 1135 1909 1198; x_wconf 76' lang='grc' dir='ltr'><strong>ἐλθόντες,</strong></span> 
     </span>
    </p>
   </div>
   <div class='ocr_carea' id='block_1_13' title="bbox 337 1222 1913 1298">
    <p class='ocr_par' dir='ltr' id='par_1_13' title="bbox 337 1222 1913 1298">
     <span class='ocr_line' id='line_1_13' title="bbox 337 1222 1913 1298; baseline 0.008 -19"><span class='ocrx_word' id='word_1_93' title='bbox 337 1227 433 1281; x_wconf 73' lang='grc' dir='ltr'>καὶ</span> <span class='ocrx_word' id='word_1_94' title='bbox 458 1229 525 1296; x_wconf 79' lang='grc' dir='ltr'>ἢν</span> <span class='ocrx_word' id='word_1_95' title='bbox 556 1230 869 1297; x_wconf 80' lang='grc' dir='ltr'>ἐκατῴκουν</span> <span class='ocrx_word' id='word_1_96' title='bbox 891 1229 998 1298; x_wconf 77' lang='grc' dir='ltr'>γῆν</span> <span class='ocrx_word' id='word_1_97' title='bbox 1021 1230 1235 1297; x_wconf 81' lang='grc' dir='ltr'>λυπρὰν</span> <span class='ocrx_word' id='word_1_98' title='bbox 1263 1229 1359 1283; x_wconf 74' lang='grc' dir='ltr'><strong>καὶ</strong></span> <span class='ocrx_word' id='word_1_99' title='bbox 1382 1227 1624 1297; x_wconf 81' lang='grc' dir='ltr'><strong>μετρίως</strong></span> <span class='ocrx_word' id='word_1_100' title='bbox 1660 1222 1913 1292; x_wconf 78' lang='grc' dir='ltr'>εὐδαιμο-</span> 
     </span>
    </p>
   </div>
   <div class='ocr_carea' id='block_1_14' title="bbox 336 1314 1908 1388">
    <p class='ocr_par' dir='ltr' id='par_1_14' title="bbox 336 1314 1908 1388">
     <span class='ocr_line' id='line_1_14' title="bbox 336 1314 1908 1388; baseline -0.004 -16"><span class='ocrx_word' id='word_1_101' title='bbox 336 1336 403 1373; x_wconf 90' lang='grc' dir='ltr'><strong>να</strong></span> <span class='ocrx_word' id='word_1_102' title='bbox 435 1319 668 1387; x_wconf 67' lang='grc' dir='ltr'>ὁρῶντες</span> <span class='ocrx_word' id='word_1_103' title='bbox 705 1320 801 1375; x_wconf 78' lang='grc' dir='ltr'>καὶ</span> <span class='ocrx_word' id='word_1_104' title='bbox 830 1320 920 1375; x_wconf 81' lang='grc' dir='ltr'>διὰ</span> <span class='ocrx_word' id='word_1_105' title='bbox 954 1319 1113 1372; x_wconf 86' lang='grc' dir='ltr'>τοῦτο</span> <span class='ocrx_word' id='word_1_106' title='bbox 1145 1319 1368 1388; x_wconf 75' lang='grc' dir='ltr'>τρέφειν</span> <span class='ocrx_word' id='word_1_107' title='bbox 1420 1319 1617 1379; x_wconf 81' lang='grc' dir='ltr'>αὐτοὺς</span> <span class='ocrx_word' id='word_1_108' title='bbox 1650 1314 1726 1385; x_wconf 83' lang='grc' dir='ltr'>μὴ</span> <span class='ocrx_word' id='word_1_109' title='bbox 1745 1314 1908 1366; x_wconf 85' lang='grc' dir='ltr'>δυνα-</span> 
     </span>
    </p>
   </div>
   <div class='ocr_carea' id='block_1_15' title="bbox 342 1406 1911 1481">
    <p class='ocr_par' dir='ltr' id='par_1_15' title="bbox 342 1406 1911 1481">
     <span class='ocr_line' id='line_1_15' title="bbox 342 1406 1911 1481; baseline 0.007 -20"><span class='ocrx_word' id='word_1_110' title='bbox 342 1411 528 1480; x_wconf 83' lang='grc' dir='ltr'>μὲνην,</span> <span class='ocrx_word' id='word_1_111' title='bbox 565 1411 871 1479; x_wconf 80' lang='grc' dir='ltr'>προσῆλθον</span> <span class='ocrx_word' id='word_1_112' title='bbox 893 1411 969 1481; x_wconf 86' lang='grc' dir='ltr'>τῷ</span> <span class='ocrx_word' id='word_1_113' title='bbox 992 1411 1216 1481; x_wconf 81' lang='grc' dir='ltr'>ἄρχοντι</span> <span class='ocrx_word' id='word_1_114' title='bbox 1243 1411 1426 1465; x_wconf 72' lang='grc' dir='ltr'>αὑτῶν</span> <span class='ocrx_word' id='word_1_115' title='bbox 1461 1406 1713 1476; x_wconf 73' lang='grc' dir='ltr'>’Λποχάψ</span> <span class='ocrx_word' id='word_1_116' title='bbox 1738 1408 1911 1474; x_wconf 78' lang='grc' dir='ltr'>ἀμερ-</span> 
     </span>
    </p>
   </div>
   <div class='ocr_carea' id='block_1_16' title="bbox 341 1498 1910 1571">
    <p class='ocr_par' dir='ltr' id='par_1_16' title="bbox 341 1498 1910 1571">
     <span class='ocr_line' id='line_1_16' title="bbox 341 1498 1910 1571; baseline -0.003 -16"><span class='ocrx_word' id='word_1_117' title='bbox 341 1505 512 1571; x_wconf 82' lang='grc' dir='ltr'>μουνῇ</span> <span class='ocrx_word' id='word_1_118' title='bbox 543 1504 637 1557; x_wconf 76' lang='grc' dir='ltr'><strong>καὶ</strong></span> <span class='ocrx_word' id='word_1_119' title='bbox 689 1503 1091 1571; x_wconf 82' lang='grc' dir='ltr'>μετανάστασιν</span> <span class='ocrx_word' id='word_1_120' title='bbox 1125 1502 1369 1571; x_wconf 76' lang='grc' dir='ltr'>ἀπῄτουν</span> <span class='ocrx_word' id='word_1_121' title='bbox 1398 1498 1657 1567; x_wconf 72' lang='grc' dir='ltr'>γενέσθαι</span> <span class='ocrx_word' id='word_1_122' title='bbox 1707 1499 1910 1559; x_wconf 80' lang='grc' dir='ltr'>αὐτοῖς,</span> 
     </span>
    </p>
   </div>
   <div class='ocr_carea' id='block_1_17' title="bbox 339 1591 1912 1665">
    <p class='ocr_par' dir='ltr' id='par_1_17' title="bbox 339 1591 1912 1665">
     <span class='ocr_line' id='line_1_17' title="bbox 339 1591 1912 1665; baseline -0.003 -18"><span class='ocrx_word' id='word_1_123' title='bbox 339 1596 509 1649; x_wconf 84' lang='grc' dir='ltr'>πολλὰ</span> <span class='ocrx_word' id='word_1_124' title='bbox 538 1595 1031 1665; x_wconf 84' lang='grc' dir='ltr'>στενοχωρούμενοι</span> <span class='ocrx_word' id='word_1_125' title='bbox 1058 1595 1328 1663; x_wconf 81' lang='grc' dir='ltr'>λέγοντες,</span> <span class='ocrx_word' id='word_1_126' title='bbox 1357 1594 1450 1647; x_wconf 74' lang='grc' dir='ltr'><strong>καὶ</strong></span> <span class='ocrx_word' id='word_1_127' title='bbox 1473 1591 1581 1646; x_wconf 82' lang='grc' dir='ltr'>τῶν</span> <span class='ocrx_word' id='word_1_128' title='bbox 1602 1592 1912 1657; x_wconf 76' lang='grc' dir='ltr'>ἀναγκαίων</span> 
     </span>
    </p>
   </div>
   <div class='ocr_carea' id='block_1_18' title="bbox 338 1683 1907 1758">
    <p class='ocr_par' dir='ltr' id='par_1_18' title="bbox 338 1683 1907 1758">
     <span class='ocr_line' id='line_1_18' title="bbox 338 1683 1907 1758; baseline 0.003 -20"><span class='ocrx_word' id='word_1_129' title='bbox 338 1687 655 1749; x_wconf 80' lang='grc' dir='ltr'>ἐσπάνιζον.</span> <span class='ocrx_word' id='word_1_130' title='bbox 702 1688 765 1742; x_wconf 76' lang='grc'><strong>’0</strong></span> <span class='ocrx_word' id='word_1_131' title='bbox 791 1688 847 1741; x_wconf 86' lang='grc' dir='ltr'><strong>δέ</strong></span> <span class='ocrx_word' id='word_1_132' title='bbox 877 1687 1015 1758; x_wconf 82' lang='grc' dir='ltr'><strong>μετά</strong></span> <span class='ocrx_word' id='word_1_133' title='bbox 1052 1688 1228 1756; x_wconf 81' lang='grc' dir='ltr'>χαρᾶς</span> <span class='ocrx_word' id='word_1_134' title='bbox 1271 1685 1362 1739; x_wconf 79' lang='grc' dir='ltr'><strong>τὸν</strong></span> <span class='ocrx_word' id='word_1_135' title='bbox 1393 1685 1552 1752; x_wconf 85' lang='grc' dir='ltr'>λόγον</span> <span class='ocrx_word' id='word_1_136' title='bbox 1594 1683 1907 1750; x_wconf 76' lang='grc' dir='ltr'>δεξάμενος,</span> 
     </span>
    </p>
   </div>
   <div class='ocr_carea' id='block_1_19' title="bbox 339 1739 1985 1848">
    <p class='ocr_par' dir='ltr' id='par_1_19' title="bbox 339 1739 1985 1848">
     <span class='ocr_line' id='line_1_19' title="bbox 339 1739 1985 1848; baseline -0.006 -15"><span class='ocrx_word' id='word_1_137' title='bbox 339 1782 472 1847; x_wconf 75' lang='grc' dir='ltr'>νῆας</span> <span class='ocrx_word' id='word_1_138' title='bbox 530 1739 750 1848; x_wconf 71' lang='grc' dir='ltr'>μακρὰς</span> <span class='ocrx_word' id='word_1_139' title='bbox 987 1739 1385 1839; x_wconf 43' lang='lat' dir='ltr'><strong>inedita-udae;</strong></span> <span class='ocrx_word' id='word_1_140' title='bbox 1427 1739 1520 1829; x_wconf 76' lang='grc' dir='ltr'><strong>καὶ</strong></span> <span class='ocrx_word' id='word_1_141' title='bbox 1582 1739 1815 1843; x_wconf 68' lang='grc' dir='ltr'>δύναμιν</span> <span class='ocrx_word' id='word_1_142' title='bbox 1849 1739 1908 1837; x_wconf 63' lang='grc' dir='ltr'>ἐξ</span> <span class='ocrx_word' id='word_1_143' title='bbox 1943 1739 1985 1797; x_wconf 72' lang='grc' dir='ltr'><strong><em>Β</em></strong></span> 
     </span>
    </p>
   </div>
   <div class='ocr_carea' id='block_1_20' title="bbox 342 1866 1909 1940">
    <p class='ocr_par' dir='ltr' id='par_1_20' title="bbox 342 1866 1909 1940">
     <span class='ocr_line' id='line_1_20' title="bbox 342 1866 1909 1940; baseline -0.004 -16"><span class='ocrx_word' id='word_1_144' title='bbox 342 1872 525 1924; x_wconf 76' lang='grc' dir='ltr'>αὐτῶν</span> <span class='ocrx_word' id='word_1_145' title='bbox 554 1872 884 1940; x_wconf 78' lang='grc' dir='ltr'>ἐμϐιϐάσας,</span> <span class='ocrx_word' id='word_1_146' title='bbox 920 1872 1013 1922; x_wconf 81' lang='grc' dir='ltr'><strong>ἐπὶ</strong></span> <span class='ocrx_word' id='word_1_147' title='bbox 1043 1869 1302 1939; x_wconf 77' lang='grc' dir='ltr'>λῃστείαν</span> <span class='ocrx_word' id='word_1_148' title='bbox 1351 1867 1488 1937; x_wconf 81' lang='grc' dir='ltr'>ἔχων</span> <span class='ocrx_word' id='word_1_149' title='bbox 1537 1866 1634 1937; x_wconf 78' lang='grc' dir='ltr'>τὴν</span> <span class='ocrx_word' id='word_1_150' title='bbox 1677 1866 1909 1927; x_wconf 76' lang='grc' dir='ltr'>ἔννοιαν,</span> 
     </span>
    </p>
   </div>
   <div class='ocr_carea' id='block_1_21' title="bbox 342 1957 1913 2031">
    <p class='ocr_par' dir='ltr' id='par_1_21' title="bbox 342 1957 1913 2031">
     <span class='ocr_line' id='line_1_21' title="bbox 342 1957 1913 2031; baseline -0.003 -18"><span class='ocrx_word' id='word_1_151' title='bbox 342 1962 477 2031; x_wconf 83' lang='grc' dir='ltr'>πρὸς</span> <span class='ocrx_word' id='word_1_152' title='bbox 510 1962 608 2020; x_wconf 79' lang='grc' dir='ltr'>τὰς</span> <span class='ocrx_word' id='word_1_153' title='bbox 640 1965 696 2014; x_wconf 88' lang='grc' dir='ltr'><strong>ἐν</strong></span> <span class='ocrx_word' id='word_1_154' title='bbox 734 1962 812 2029; x_wconf 81' lang='grc' dir='ltr'>τῷ</span> <span class='ocrx_word' id='word_1_155' title='bbox 847 1960 1053 2029; x_wconf 80' lang='grc' dir='ltr'>Αίγαίῳ</span> <span class='ocrx_word' id='word_1_156' title='bbox 1081 1961 1340 2029; x_wconf 76' lang='grc' dir='ltr'>κειμένας</span> <span class='ocrx_word' id='word_1_157' title='bbox 1362 1959 1581 2027; x_wconf 81' lang='grc' dir='ltr'>νήσους,</span> <span class='ocrx_word' id='word_1_158' title='bbox 1613 1957 1913 2025; x_wconf 76' lang='grc' dir='ltr'>ἐτράποντο</span> 
     </span>
    </p>
   </div>
   <div class='ocr_carea' id='block_1_22' title="bbox 344 2048 1912 2117">
    <p class='ocr_par' dir='ltr' id='par_1_22' title="bbox 344 2048 1912 2117">
     <span class='ocr_line' id='line_1_22' title="bbox 344 2048 1912 2117; baseline -0.005 -12"><span class='ocrx_word' id='word_1_159' title='bbox 344 2055 438 2106; x_wconf 75' lang='grc' dir='ltr'><strong>καὶ</strong></span> <span class='ocrx_word' id='word_1_160' title='bbox 478 2052 647 2105; x_wconf 79' lang='grc' dir='ltr'>πολλὰ</span> <span class='ocrx_word' id='word_1_161' title='bbox 686 2053 904 2104; x_wconf 77' lang='grc' dir='ltr'>ἐποίουν</span> <span class='ocrx_word' id='word_1_162' title='bbox 954 2051 1075 2110; x_wconf 78' lang='grc' dir='ltr'>ταῖς</span> <span class='ocrx_word' id='word_1_163' title='bbox 1106 2051 1315 2117; x_wconf 78' lang='grc' dir='ltr'>νήσοις,</span> <span class='ocrx_word' id='word_1_164' title='bbox 1341 2048 1530 2101; x_wconf 77' lang='grc' dir='ltr'>οὐδένα</span> <span class='ocrx_word' id='word_1_165' title='bbox 1561 2048 1912 2117; x_wconf 75' lang='grc' dir='ltr'>εὑρίσκοντες</span> 
     </span>
    </p>
   </div>
   <div class='ocr_carea' id='block_1_23' title="bbox 342 2138 1910 2211">
    <p class='ocr_par' dir='ltr' id='par_1_23' title="bbox 342 2138 1910 2211">
     <span class='ocr_line' id='line_1_23' title="bbox 342 2138 1910 2211; baseline -0.003 -15"><span class='ocrx_word' id='word_1_166' title='bbox 342 2143 990 2211; x_wconf 84' lang='grc' dir='ltr'>ἀντιπαρατασσὸμενον·</span> <span class='ocrx_word' id='word_1_167' title='bbox 1052 2144 1224 2194; x_wconf 72' lang='grc' dir='ltr'>πᾶσαι</span> <span class='ocrx_word' id='word_1_168' title='bbox 1272 2143 1381 2210; x_wconf 86' lang='grc' dir='ltr'>γὰρ</span> <span class='ocrx_word' id='word_1_169' title='bbox 1436 2140 1602 2211; x_wconf 77' lang='grc' dir='ltr'>ᾔτουν</span> <span class='ocrx_word' id='word_1_170' title='bbox 1657 2138 1910 2209; x_wconf 84' lang='grc' dir='ltr'>βοήθειαν</span> 
     </span>
    </p>
   </div>
   <div class='ocr_carea' id='block_1_24' title="bbox 344 2232 1911 2302">
    <p class='ocr_par' dir='ltr' id='par_1_24' title="bbox 344 2232 1911 2302">
     <span class='ocr_line' id='line_1_24' title="bbox 344 2232 1911 2302; baseline -0.004 -13"><span class='ocrx_word' id='word_1_171' title='bbox 344 2237 437 2289; x_wconf 73' lang='grc' dir='ltr'>καὶ</span> <span class='ocrx_word' id='word_1_172' title='bbox 486 2236 587 2289; x_wconf 75' lang='grc' dir='ltr'><strong>οὐκ</strong></span> <span class='ocrx_word' id='word_1_173' title='bbox 638 2235 948 2302; x_wconf 82' lang='grc' dir='ltr'>ἐλάμϐανον</span> <span class='ocrx_word' id='word_1_174' title='bbox 975 2234 1064 2288; x_wconf 85' lang='grc' dir='ltr'>διὰ</span> <span class='ocrx_word' id='word_1_175' title='bbox 1095 2233 1155 2288; x_wconf 86' lang='grc' dir='ltr'>τὺ</span> <span class='ocrx_word' id='word_1_176' title='bbox 1202 2234 1292 2286; x_wconf 78' lang='grc' dir='ltr'><strong>τὸν</strong></span> <span class='ocrx_word' id='word_1_177' title='bbox 1342 2232 1571 2302; x_wconf 80' lang='grc' dir='ltr'>βασιλέα</span> <span class='ocrx_word' id='word_1_178' title='bbox 1621 2232 1911 2300; x_wconf 85' lang='grc' dir='ltr'>Ῥωμαίων</span> 
     </span>
    </p>
   </div>
   <div class='ocr_carea' id='block_1_25' title="bbox 346 2323 1911 2398">
    <p class='ocr_par' dir='ltr' id='par_1_25' title="bbox 346 2323 1911 2398">
     <span class='ocr_line' id='line_1_25' title="bbox 346 2323 1911 2398; baseline -0.004 -15"><span class='ocrx_word' id='word_1_179' title='bbox 346 2328 565 2398; x_wconf 80' lang='grc' dir='ltr'>Μιχαὴλ</span> <span class='ocrx_word' id='word_1_180' title='bbox 598 2328 691 2381; x_wconf 72' lang='grc' dir='ltr'>τὸν</span> <span class='ocrx_word' id='word_1_181' title='bbox 728 2327 975 2396; x_wconf 84' lang='grc' dir='ltr'>Τραυλὸν</span> <span class='ocrx_word' id='word_1_182' title='bbox 1015 2325 1438 2395; x_wconf 84' lang='grc' dir='ltr'>περισπώμενον</span> <span class='ocrx_word' id='word_1_183' title='bbox 1476 2323 1827 2392; x_wconf 82' lang='grc' dir='ltr'>εὑρίσκεσθαι</span> <span class='ocrx_word' id='word_1_184' title='bbox 1853 2324 1911 2377; x_wconf 89' lang='grc' dir='ltr'><strong>ἐν</strong></span> 
     </span>
    </p>
   </div>
   <div class='ocr_carea' id='block_1_26' title="bbox 346 2415 1911 2490">
    <p class='ocr_par' dir='ltr' id='par_1_26' title="bbox 346 2415 1911 2490">
     <span class='ocr_line' id='line_1_26' title="bbox 346 2415 1911 2490; baseline -0.004 -15"><span class='ocrx_word' id='word_1_185' title='bbox 346 2422 630 2490; x_wconf 86' lang='grc' dir='ltr'>ἐμφυλίοις</span> <span class='ocrx_word' id='word_1_186' title='bbox 664 2418 946 2487; x_wconf 79' lang='grc' dir='ltr'>πολέμοις.</span> <span class='ocrx_word' id='word_1_187' title='bbox 979 2418 1076 2469; x_wconf 84' lang='grc' dir='ltr'><strong>Διὰ</strong></span> <span class='ocrx_word' id='word_1_188' title='bbox 1108 2416 1267 2468; x_wconf 87' lang='grc' dir='ltr'>τοῦτο</span> <span class='ocrx_word' id='word_1_189' title='bbox 1304 2416 1475 2469; x_wconf 80' lang='grc' dir='ltr'>πολλά</span> <span class='ocrx_word' id='word_1_190' title='bbox 1502 2415 1670 2484; x_wconf 80' lang='grc' dir='ltr'><strong>κέρδη</strong></span> <span class='ocrx_word' id='word_1_191' title='bbox 1711 2417 1775 2466; x_wconf 84' lang='grc' dir='ltr'><strong>ἐκ</strong></span> <span class='ocrx_word' id='word_1_192' title='bbox 1806 2433 1911 2469; x_wconf 77' lang='grc' dir='ltr'>πα-</span> 
     </span>
    </p>
   </div>
   <div class='ocr_carea' id='block_1_27' title="bbox 346 2503 1913 2576">
    <p class='ocr_par' dir='ltr' id='par_1_27' title="bbox 346 2503 1913 2576">
     <span class='ocr_line' id='line_1_27' title="bbox 346 2503 1913 2576; baseline -0.006 -13"><span class='ocrx_word' id='word_1_193' title='bbox 346 2512 455 2563; x_wconf 84' lang='grc' dir='ltr'><strong>σῶν</strong></span> <span class='ocrx_word' id='word_1_194' title='bbox 502 2510 611 2560; x_wconf 81' lang='grc' dir='ltr'>τῶν</span> <span class='ocrx_word' id='word_1_195' title='bbox 660 2509 842 2576; x_wconf 80' lang='grc' dir='ltr'>νήσων</span> <span class='ocrx_word' id='word_1_196' title='bbox 882 2504 1242 2575; x_wconf 73' lang='grc' dir='ltr'>ἐκαρποῦντο.</span> <span class='ocrx_word' id='word_1_197' title='bbox 1296 2503 1540 2571; x_wconf 83' lang='grc' dir='ltr'>Ἔφθασε</span> <span class='ocrx_word' id='word_1_198' title='bbox 1567 2505 1625 2556; x_wconf 79' lang='grc' dir='ltr'>δέ</span> <span class='ocrx_word' id='word_1_199' title='bbox 1659 2518 1789 2556; x_wconf 84' lang='grc' dir='ltr'>ποτε</span> <span class='ocrx_word' id='word_1_200' title='bbox 1819 2504 1913 2555; x_wconf 81' lang='grc' dir='ltr'>καὶ</span> 
     </span>
    </p>
   </div>
   <div class='ocr_carea' id='block_1_28' title="bbox 343 2593 1913 2669">
    <p class='ocr_par' dir='ltr' id='par_1_28' title="bbox 343 2593 1913 2669">
     <span class='ocr_line' id='line_1_28' title="bbox 343 2593 1913 2669; baseline -0.008 -14"><span class='ocrx_word' id='word_1_201' title='bbox 343 2606 448 2664; x_wconf 73' lang='grc' dir='ltr'>ἕως</span> <span class='ocrx_word' id='word_1_202' title='bbox 498 2602 595 2669; x_wconf 79' lang='grc' dir='ltr'>τῆς</span> <span class='ocrx_word' id='word_1_203' title='bbox 636 2600 879 2667; x_wconf 76' lang='grc' dir='ltr'>Κρήτης,</span> <span class='ocrx_word' id='word_1_204' title='bbox 921 2597 1015 2651; x_wconf 76' lang='grc' dir='ltr'>καὶ</span> <span class='ocrx_word' id='word_1_205' title='bbox 1051 2595 1257 2665; x_wconf 80' lang='grc' dir='ltr'>ταύτην</span> <span class='ocrx_word' id='word_1_206' title='bbox 1300 2594 1668 2662; x_wconf 84' lang='grc' dir='ltr'>καταδραμὼν</span> <span class='ocrx_word' id='word_1_207' title='bbox 1698 2593 1791 2645; x_wconf 76' lang='grc' dir='ltr'><strong>καὶ</strong></span> <span class='ocrx_word' id='word_1_208' title='bbox 1820 2594 1913 2643; x_wconf 82' lang='grc' dir='ltr'>ἀν-</span> 
     </span>
    </p>
   </div>
   <div class='ocr_carea' id='block_1_29' title="bbox 342 2685 1913 2762">
    <p class='ocr_par' dir='ltr' id='par_1_29' title="bbox 342 2685 1913 2762">
     <span class='ocr_line' id='line_1_29' title="bbox 342 2685 1913 2762; baseline -0.008 -15"><span class='ocrx_word' id='word_1_209' title='bbox 342 2691 810 2762; x_wconf 79' lang='grc' dir='ltr'>δραποδισάμενος</span> <span class='ocrx_word' id='word_1_210' title='bbox 843 2689 918 2750; x_wconf 84' lang='grc' dir='ltr'>ὡς</span> <span class='ocrx_word' id='word_1_211' title='bbox 946 2688 1049 2749; x_wconf 77' lang='grc' dir='ltr'>ἔνι,</span> <span class='ocrx_word' id='word_1_212' title='bbox 1085 2686 1180 2739; x_wconf 78' lang='grc' dir='ltr'>καὶ</span> <span class='ocrx_word' id='word_1_213' title='bbox 1210 2686 1309 2753; x_wconf 83' lang='grc' dir='ltr'>τὴν</span> <span class='ocrx_word' id='word_1_214' title='bbox 1342 2685 1442 2751; x_wconf 80' lang='grc' dir='ltr'>τῆς</span> <span class='ocrx_word' id='word_1_215' title='bbox 1472 2686 1635 2750; x_wconf 82' lang='grc' dir='ltr'>νήσου</span> <span class='ocrx_word' id='word_1_216' title='bbox 1665 2700 1913 2750; x_wconf 82' lang='grc' dir='ltr'>καταμα-</span> 
     </span>
    </p>
   </div>
   <div class='ocr_carea' id='block_1_30' title="bbox 343 2775 1912 2852">
    <p class='ocr_par' dir='ltr' id='par_1_30' title="bbox 343 2775 1912 2852">
     <span class='ocr_line' id='line_1_30' title="bbox 343 2775 1912 2852; baseline -0.008 -14"><span class='ocrx_word' id='word_1_217' title='bbox 343 2786 451 2838; x_wconf 88' lang='grc' dir='ltr'><strong>θὼν</strong></span> <span class='ocrx_word' id='word_1_218' title='bbox 474 2783 674 2852; x_wconf 77' lang='grc' dir='ltr'>ἀρετὴν</span> <span class='ocrx_word' id='word_1_219' title='bbox 698 2783 790 2834; x_wconf 79' lang='grc' dir='ltr'><strong>καὶ</strong></span> <span class='ocrx_word' id='word_1_220' title='bbox 818 2781 998 2849; x_wconf 85' lang='grc' dir='ltr'>χάριν,</span> <span class='ocrx_word' id='word_1_221' title='bbox 1023 2778 1124 2846; x_wconf 69' lang='grc' dir='ltr'>ἔφη</span> <span class='ocrx_word' id='word_1_222' title='bbox 1146 2778 1281 2844; x_wconf 79' lang='grc' dir='ltr'>πρὸς</span> <span class='ocrx_word' id='word_1_223' title='bbox 1296 2776 1420 2837; x_wconf 84' lang='grc' dir='ltr'>τοὺς</span> <span class='ocrx_word' id='word_1_224' title='bbox 1442 2775 1712 2842; x_wconf 73' lang='grc' dir='ltr'>ὑπηκόους</span> <span class='ocrx_word' id='word_1_225' title='bbox 1736 2794 1752 2825; x_wconf 86' lang='grc' dir='ltr'><strong>ι</strong></span> <span class='ocrx_word' id='word_1_226' title='bbox 1777 2776 1912 2827; x_wconf 81' lang='grc' dir='ltr'>Ἰδοὺ</span> 
     </span>
    </p>
   </div>
   <div class='ocr_carea' id='block_1_31' title="bbox 344 2863 1913 2942">
    <p class='ocr_par' dir='ltr' id='par_1_31' title="bbox 344 2863 1913 2942">
     <span class='ocr_line' id='line_1_31' title="bbox 344 2863 1913 2942; baseline -0.018 -11"><span class='ocrx_word' id='word_1_227' title='bbox 344 2874 418 2942; x_wconf 78' lang='grc' dir='ltr'>γῆ</span> <span class='ocrx_word' id='word_1_228' title='bbox 446 2872 557 2942; x_wconf 81' lang='lat'><strong>99</strong></span> <span class='ocrx_word' id='word_1_229' title='bbox 591 2872 787 2939; x_wconf 78' lang='grc' dir='ltr'>ῥέουσα</span> <span class='ocrx_word' id='word_1_230' title='bbox 810 2870 954 2937; x_wconf 83' lang='grc' dir='ltr'>γάλα</span> <span class='ocrx_word' id='word_1_231' title='bbox 990 2868 1083 2920; x_wconf 77' lang='grc' dir='ltr'><strong>καὶ</strong></span> <span class='ocrx_word' id='word_1_232' title='bbox 1119 2866 1259 2936; x_wconf 84' lang='grc' dir='ltr'>μέλι.</span> <span class='ocrx_word' id='word_1_233' title='bbox 1303 2884 1320 2916; x_wconf 80' lang='grc' dir='ltr'><strong>ι</strong></span> <span class='ocrx_word' id='word_1_234' title='bbox 1377 2864 1483 2916; x_wconf 78' lang='grc' dir='ltr'><strong>Καὶ</strong></span> <span class='ocrx_word' id='word_1_235' title='bbox 1515 2863 1687 2923; x_wconf 76' lang='grc' dir='ltr'>ταῦτα</span> <span class='ocrx_word' id='word_1_236' title='bbox 1720 2865 1748 2917; x_wconf 72' lang='grc' dir='ltr'><strong><em>ὁ</em></strong></span> <span class='ocrx_word' id='word_1_237' title='bbox 1779 2863 1913 2933; x_wconf 75' lang='grc' dir='ltr'><strong>βάρ-</strong></span> 
     </span>
    </p>
   </div>
   <div class='ocr_carea' id='block_1_32' title="bbox 345 2952 1910 3031">
    <p class='ocr_par' dir='ltr' id='par_1_32' title="bbox 345 2952 1910 3031">
     <span class='ocr_line' id='line_1_32' title="bbox 345 2952 1910 3031; baseline -0.007 -17"><span class='ocrx_word' id='word_1_238' title='bbox 345 2964 513 3031; x_wconf 66' lang='lat' dir='ltr'><strong>(Sapo;</strong></span> <span class='ocrx_word' id='word_1_239' title='bbox 552 2958 674 3012; x_wconf 84' lang='grc' dir='ltr'>εἷπε</span> <span class='ocrx_word' id='word_1_240' title='bbox 710 2959 840 3028; x_wconf 76' lang='grc' dir='ltr'>περὶ</span> <span class='ocrx_word' id='word_1_241' title='bbox 861 2957 960 3026; x_wconf 80' lang='grc' dir='ltr'><strong>τῆς</strong></span> <span class='ocrx_word' id='word_1_242' title='bbox 997 2957 1219 3026; x_wconf 78' lang='grc' dir='ltr'>Κρήτης</span> <span class='ocrx_word' id='word_1_243' title='bbox 1240 2969 1254 2982; x_wconf 82' lang='lat'>&#39;</span> <span class='ocrx_word' id='word_1_244' title='bbox 1281 2956 1308 3006; x_wconf 89' lang='grc' dir='ltr'><strong>ό</strong></span> <span class='ocrx_word' id='word_1_245' title='bbox 1341 2953 1397 3007; x_wconf 75' lang='grc' dir='ltr'>δὲ</span> <span class='ocrx_word' id='word_1_246' title='bbox 1427 2953 1660 3022; x_wconf 83' lang='grc' dir='ltr'>ποιητὴς</span> <span class='ocrx_word' id='word_1_247' title='bbox 1704 2952 1910 3022; x_wconf 85' lang='grc' dir='ltr'>ταύτην</span> 
     </span>
    </p>
   </div>
   <div class='ocr_carea' id='block_1_33' title="bbox 342 3045 1984 3139">
    <p class='ocr_par' dir='ltr' id='par_1_33' title="bbox 342 3045 1984 3139">
     <span class='ocr_line' id='line_1_33' title="bbox 342 3045 1984 3139; baseline -0.005 -36"><span class='ocrx_word' id='word_1_248' title='bbox 342 3052 707 3120; x_wconf 79' lang='grc' dir='ltr'><strong>ἐγκωμιάζων</strong></span> <span class='ocrx_word' id='word_1_249' title='bbox 741 3049 875 3118; x_wconf 84' lang='grc' dir='ltr'>φησί</span> <span class='ocrx_word' id='word_1_250' title='bbox 912 3065 926 3081; x_wconf 72' lang='grc' dir='ltr'><strong><em>ο</em></strong></span> <span class='ocrx_word' id='word_1_251' title='bbox 963 3066 983 3098; x_wconf 79' lang='grc' dir='ltr'><strong>ι</strong></span> <span class='ocrx_word' id='word_1_252' title='bbox 1021 3048 1208 3116; x_wconf 83' lang='grc' dir='ltr'><strong>Κρήτη</strong></span> <span class='ocrx_word' id='word_1_253' title='bbox 1240 3047 1511 3115; x_wconf 77' lang='grc' dir='ltr'>τιμήεσσα</span> <span class='ocrx_word' id='word_1_254' title='bbox 1536 3046 1729 3113; x_wconf 83' lang='grc' dir='ltr'>τιθήνη</span> <span class='ocrx_word' id='word_1_255' title='bbox 1766 3045 1909 3106; x_wconf 79' lang='grc' dir='ltr'>Διὸς,</span> <span class='ocrx_word' id='word_1_256' title='bbox 1941 3082 1984 3139; x_wconf 76' lang='lat' dir='ltr'><strong>C</strong></span> 
     </span>
    </p>
   </div>
   <div class='ocr_carea' id='block_1_34' title="bbox 343 3133 1913 3221">
    <p class='ocr_par' dir='ltr' id='par_1_34' title="bbox 343 3133 1913 3221">
     <span class='ocr_line' id='line_1_34' title="bbox 343 3133 1913 3221; baseline -0.014 -17"><span class='ocrx_word' id='word_1_257' title='bbox 343 3137 408 3221; x_wconf 66' lang='grc' dir='ltr'><strong>ἧς</strong></span> <span class='ocrx_word' id='word_1_258' title='bbox 437 3141 499 3193; x_wconf 74' lang='grc' dir='ltr'>τὸ</span> <span class='ocrx_word' id='word_1_259' title='bbox 537 3138 768 3208; x_wconf 79' lang='grc' dir='ltr'>μέγεθος</span> <span class='ocrx_word' id='word_1_260' title='bbox 799 3134 1135 3205; x_wconf 74' lang='grc' dir='ltr'>περιούσιον,</span> <span class='ocrx_word' id='word_1_261' title='bbox 1171 3134 1340 3205; x_wconf 79' lang='grc' dir='ltr'>πολλή</span> <span class='ocrx_word' id='word_1_262' title='bbox 1385 3150 1444 3185; x_wconf 85' lang='grc' dir='ltr'><strong>τε</strong></span> <span class='ocrx_word' id='word_1_263' title='bbox 1490 3135 1699 3204; x_wconf 76' lang='grc' dir='ltr'>λιπαρά</span> <span class='ocrx_word' id='word_1_264' title='bbox 1723 3149 1783 3185; x_wconf 80' lang='grc' dir='ltr'><strong>τε</strong></span> <span class='ocrx_word' id='word_1_265' title='bbox 1818 3133 1913 3186; x_wconf 74' lang='grc' dir='ltr'>καὶ</span> 
     </span>
    </p>
   </div>
   <div class='ocr_carea' id='block_1_35' title="bbox 344 3308 1910 3378">
    <p class='ocr_par' dir='ltr' id='par_1_35' title="bbox 344 3308 1910 3378">
     <span class='ocr_line' id='line_1_35' title="bbox 344 3308 1910 3378; baseline -0.004 -10"><span class='ocrx_word' id='word_1_266' title='bbox 344 3314 512 3368; x_wconf 83' lang='lat' dir='ltr'><strong>alium</strong></span> <span class='ocrx_word' id='word_1_267' title='bbox 574 3312 1010 3375; x_wconf 76' lang='lat' dir='ltr'><strong>Chalepi,alium</strong></span> <span class='ocrx_word' id='word_1_268' title='bbox 1050 3308 1369 3374; x_wconf 80' lang='lat' dir='ltr'><strong>Damascus,</strong></span> <span class='ocrx_word' id='word_1_269' title='bbox 1421 3309 1581 3363; x_wconf 80' lang='lat' dir='ltr'><strong>alium</strong></span> <span class='ocrx_word' id='word_1_270' title='bbox 1627 3308 1910 3378; x_wconf 65' lang='lat' dir='ltr'><strong>Egyptus,</strong></span> 
     </span>
    </p>
   </div>
   <div class='ocr_carea' id='block_1_36' title="bbox 344 3402 1909 3474">
    <p class='ocr_par' dir='ltr' id='par_1_36' title="bbox 344 3402 1909 3474">
     <span class='ocr_line' id='line_1_36' title="bbox 344 3402 1909 3474; baseline -0.008 -13"><span class='ocrx_word' id='word_1_271' title='bbox 344 3410 509 3461; x_wconf 83' lang='lat' dir='ltr'><strong>alium</strong></span> <span class='ocrx_word' id='word_1_272' title='bbox 552 3406 738 3474; x_wconf 77' lang='lat' dir='ltr'><strong>Libya,</strong></span> <span class='ocrx_word' id='word_1_273' title='bbox 779 3403 943 3457; x_wconf 86' lang='lat' dir='ltr'><strong>alium</strong></span> <span class='ocrx_word' id='word_1_274' title='bbox 973 3403 1176 3469; x_wconf 80' lang='lat' dir='ltr'><strong>Africa,</strong></span> <span class='ocrx_word' id='word_1_275' title='bbox 1198 3404 1361 3457; x_wconf 87' lang='lat' dir='ltr'><strong>alium</strong></span> <span class='ocrx_word' id='word_1_276' title='bbox 1387 3404 1440 3455; x_wconf 91' lang='lat' dir='ltr'><strong>in</strong></span> <span class='ocrx_word' id='word_1_277' title='bbox 1470 3402 1684 3471; x_wconf 83' lang='lat' dir='ltr'><strong>Europa</strong></span> <span class='ocrx_word' id='word_1_278' title='bbox 1712 3403 1909 3463; x_wconf 62' lang='lat' dir='ltr'><strong>Iberia,</strong></span> 
     </span>
    </p>
   </div>
   <div class='ocr_carea' id='block_1_37' title="bbox 344 3492 1911 3564">
    <p class='ocr_par' dir='ltr' id='par_1_37' title="bbox 344 3492 1911 3564">
     <span class='ocr_line' id='line_1_37' title="bbox 344 3492 1911 3564; baseline -0.003 -15"><span class='ocrx_word' id='word_1_279' title='bbox 344 3512 465 3564; x_wconf 65' lang='lat' dir='ltr'><strong>qua:</strong></span> <span class='ocrx_word' id='word_1_280' title='bbox 494 3495 751 3562; x_wconf 78' lang='lat' dir='ltr'><strong>Hispania</strong></span> <span class='ocrx_word' id='word_1_281' title='bbox 780 3493 1004 3548; x_wconf 84' lang='lat' dir='ltr'><strong>dicitur.</strong></span> <span class='ocrx_word' id='word_1_282' title='bbox 1038 3493 1224 3562; x_wconf 84' lang='lat' dir='ltr'><strong>Itaque</strong></span> <span class='ocrx_word' id='word_1_283' title='bbox 1254 3492 1458 3547; x_wconf 81' lang='lat' dir='ltr'><strong>factum</strong></span> <span class='ocrx_word' id='word_1_284' title='bbox 1491 3504 1593 3558; x_wconf 88' lang='lat' dir='ltr'><strong>est,</strong></span> <span class='ocrx_word' id='word_1_285' title='bbox 1629 3503 1687 3546; x_wconf 90' lang='lat' dir='ltr'><strong>ut</strong></span> <span class='ocrx_word' id='word_1_286' title='bbox 1726 3494 1911 3558; x_wconf 87' lang='lat' dir='ltr'><strong>vicini,</strong></span> 
     </span>
    </p>
   </div>
   <div class='ocr_carea' id='block_1_38' title="bbox 344 3584 1911 3654">
    <p class='ocr_par' dir='ltr' id='par_1_38' title="bbox 344 3584 1911 3654">
     <span class='ocr_line' id='line_1_38' title="bbox 344 3584 1911 3654; baseline -0.001 -15"><span class='ocrx_word' id='word_1_287' title='bbox 344 3587 588 3654; x_wconf 84' lang='lat' dir='ltr'><strong>quotidie</strong></span> <span class='ocrx_word' id='word_1_288' title='bbox 628 3585 995 3641; x_wconf 70' lang='lat' dir='ltr'><strong>exorientibus</strong></span> <span class='ocrx_word' id='word_1_289' title='bbox 1044 3584 1186 3638; x_wconf 86' lang='lat' dir='ltr'><strong>inter</strong></span> <span class='ocrx_word' id='word_1_290' title='bbox 1242 3598 1338 3639; x_wconf 83' lang='lat' dir='ltr'><strong>eos</strong></span> <span class='ocrx_word' id='word_1_291' title='bbox 1387 3584 1801 3648; x_wconf 72' lang='lat' dir='ltr'><strong>controversiis,</strong></span> <span class='ocrx_word' id='word_1_292' title='bbox 1843 3585 1911 3638; x_wconf 90' lang='lat' dir='ltr'><strong>ad</strong></span> 
     </span>
    </p>
   </div>
   <div class='ocr_carea' id='block_1_39' title="bbox 351 3673 1914 3743">
    <p class='ocr_par' dir='ltr' id='par_1_39' title="bbox 351 3673 1914 3743">
     <span class='ocr_line' id='line_1_39' title="bbox 351 3673 1914 3743; baseline -0.001 -14"><span class='ocrx_word' id='word_1_293' title='bbox 351 3688 567 3743; x_wconf 73' lang='lat' dir='ltr'><strong>pugnas</strong></span> <span class='ocrx_word' id='word_1_294' title='bbox 628 3675 1035 3729; x_wconf 66' lang='lat' dir='ltr'><strong>descenderant.</strong></span> <span class='ocrx_word' id='word_1_295' title='bbox 1087 3673 1401 3743; x_wconf 80' lang='lat' dir='ltr'><strong>Hispaniam</strong></span> <span class='ocrx_word' id='word_1_296' title='bbox 1458 3676 1549 3742; x_wconf 85' lang='lat' dir='ltr'><strong>qui</strong></span> <span class='ocrx_word' id='word_1_297' title='bbox 1607 3675 1914 3729; x_wconf 73' lang='lat' dir='ltr'><strong>incolebant</strong></span> 
     </span>
    </p>
   </div>
   <div class='ocr_carea' id='block_1_40' title="bbox 345 3766 1915 3834">
    <p class='ocr_par' dir='ltr' id='par_1_40' title="bbox 345 3766 1915 3834">
     <span class='ocr_line' id='line_1_40' title="bbox 345 3766 1915 3834; baseline 0.001 -16"><span class='ocrx_word' id='word_1_298' title='bbox 345 3766 604 3834; x_wconf 73' lang='lat' dir='ltr'><strong>Agareni,</strong></span> <span class='ocrx_word' id='word_1_299' title='bbox 632 3779 861 3821; x_wconf 87' lang='lat' dir='ltr'><strong>numero</strong></span> <span class='ocrx_word' id='word_1_300' title='bbox 920 3766 1087 3830; x_wconf 84' lang='lat' dir='ltr'><strong>aucti,</strong></span> <span class='ocrx_word' id='word_1_301' title='bbox 1116 3779 1237 3819; x_wconf 83' lang='lat' dir='ltr'><strong>eum</strong></span> <span class='ocrx_word' id='word_1_302' title='bbox 1290 3766 1587 3832; x_wconf 74' lang='lat' dir='ltr'><strong>regionem,</strong></span> <span class='ocrx_word' id='word_1_303' title='bbox 1624 3781 1784 3834; x_wconf 87' lang='lat' dir='ltr'><strong>quam</strong></span> <span class='ocrx_word' id='word_1_304' title='bbox 1818 3766 1915 3819; x_wconf 81' lang='lat' dir='ltr'><strong>ha-</strong></span> 
     </span>
    </p>
   </div>
   <div class='ocr_carea' id='block_1_41' title="bbox 346 3854 1913 3919">
    <p class='ocr_par' dir='ltr' id='par_1_41' title="bbox 346 3854 1913 3919">
     <span class='ocr_line' id='line_1_41' title="bbox 346 3854 1913 3919; baseline -0.001 -7"><span class='ocrx_word' id='word_1_305' title='bbox 346 3856 616 3919; x_wconf 84' lang='lat' dir='ltr'><strong>bitabant,</strong></span> <span class='ocrx_word' id='word_1_306' title='bbox 650 3854 996 3918; x_wconf 81' lang='lat' dir='ltr'><strong>steriliorem,</strong></span> <span class='ocrx_word' id='word_1_307' title='bbox 1031 3870 1132 3913; x_wconf 86' lang='lat' dir='ltr'><strong>nec</strong></span> <span class='ocrx_word' id='word_1_308' title='bbox 1170 3854 1472 3909; x_wconf 66' lang='lat' dir='ltr'><strong>admodum</strong></span> <span class='ocrx_word' id='word_1_309' title='bbox 1525 3856 1738 3909; x_wconf 81' lang='lat' dir='ltr'><strong>felicem</strong></span> <span class='ocrx_word' id='word_1_310' title='bbox 1794 3870 1913 3910; x_wconf 86' lang='lat' dir='ltr'><strong>esse</strong></span> 
     </span>
    </p>
   </div>
   <div class='ocr_carea' id='block_1_42' title="bbox 347 3947 1914 4017">
    <p class='ocr_par' dir='ltr' id='par_1_42' title="bbox 347 3947 1914 4017">
     <span class='ocr_line' id='line_1_42' title="bbox 347 3947 1914 4017; baseline -0.001 -14"><span class='ocrx_word' id='word_1_311' title='bbox 347 3952 577 4017; x_wconf 83' lang='lat' dir='ltr'><strong>ideoque</strong></span> <span class='ocrx_word' id='word_1_312' title='bbox 624 3948 835 4003; x_wconf 79' lang='lat' dir='ltr'><strong>alendis</strong></span> <span class='ocrx_word' id='word_1_313' title='bbox 868 3947 971 4001; x_wconf 86' lang='lat' dir='ltr'><strong>sibi</strong></span> <span class='ocrx_word' id='word_1_314' title='bbox 1004 3948 1148 4000; x_wconf 82' lang='lat' dir='ltr'><strong>haud</strong></span> <span class='ocrx_word' id='word_1_315' title='bbox 1185 3948 1434 4001; x_wconf 70' lang='lat' dir='ltr'><strong>sufﬁcere</strong></span> <span class='ocrx_word' id='word_1_316' title='bbox 1465 3948 1734 4011; x_wconf 84' lang='lat' dir='ltr'><strong>viderent,</strong></span> <span class='ocrx_word' id='word_1_317' title='bbox 1768 3949 1914 4016; x_wconf 83' lang='lat' dir='ltr'><strong>Apo-</strong></span> 
     </span>
    </p>
   </div>
   <div class='ocr_carea' id='block_1_43' title="bbox 344 4038 1919 4111">
    <p class='ocr_par' dir='ltr' id='par_1_43' title="bbox 344 4038 1919 4111">
     <span class='ocr_line' id='line_1_43' title="bbox 344 4038 1919 4111; baseline -0.002 -16"><span class='ocrx_word' id='word_1_318' title='bbox 344 4043 571 4111; x_wconf 84' lang='lat' dir='ltr'><strong>chapcm</strong></span> <span class='ocrx_word' id='word_1_319' title='bbox 595 4040 1302 4107; x_wconf 53' lang='lat' dir='ltr'><strong>unermunemmrincipem</strong></span> <span class='ocrx_word' id='word_1_320' title='bbox 1325 4054 1503 4102; x_wconf 84' lang='lat' dir='ltr'><strong>suum,</strong></span> <span class='ocrx_word' id='word_1_321' title='bbox 1524 4038 1795 4104; x_wconf 85' lang='lat' dir='ltr'><strong>adierunt,</strong></span> <span class='ocrx_word' id='word_1_322' title='bbox 1825 4054 1919 4107; x_wconf 82' lang='lat' dir='ltr'><strong>ro-</strong></span> 
     </span>
    </p>
   </div>
   <div class='ocr_carea' id='block_1_44' title="bbox 346 4131 1916 4204">
    <p class='ocr_par' dir='ltr' id='par_1_44' title="bbox 346 4131 1916 4204">
     <span class='ocr_line' id='line_1_44' title="bbox 346 4131 1916 4204; baseline -0.003 -17"><span class='ocrx_word' id='word_1_323' title='bbox 346 4144 557 4204; x_wconf 76' lang='lat' dir='ltr'><strong>gantes,</strong></span> <span class='ocrx_word' id='word_1_324' title='bbox 574 4145 633 4187; x_wconf 89' lang='lat' dir='ltr'><strong>ut</strong></span> <span class='ocrx_word' id='word_1_325' title='bbox 659 4133 819 4186; x_wconf 86' lang='lat' dir='ltr'><strong>sedes</strong></span> <span class='ocrx_word' id='word_1_326' title='bbox 840 4142 1049 4186; x_wconf 83' lang='lat' dir='ltr'><strong>mutare</strong></span> <span class='ocrx_word' id='word_1_327' title='bbox 1070 4133 1174 4187; x_wconf 86' lang='lat' dir='ltr'><strong>sibi</strong></span> <span class='ocrx_word' id='word_1_328' title='bbox 1197 4133 1399 4192; x_wconf 80' lang='lat' dir='ltr'><strong>liceret,</strong></span> <span class='ocrx_word' id='word_1_329' title='bbox 1427 4139 1483 4183; x_wconf 92' lang='lat' dir='ltr'><strong>ut</strong></span> <span class='ocrx_word' id='word_1_330' title='bbox 1506 4131 1597 4199; x_wconf 90' lang='lat' dir='ltr'><strong>qui</strong></span> <span class='ocrx_word' id='word_1_331' title='bbox 1623 4132 1774 4184; x_wconf 84' lang='lat' dir='ltr'><strong>valde</strong></span> <span class='ocrx_word' id='word_1_332' title='bbox 1796 4146 1916 4199; x_wconf 87' lang='lat' dir='ltr'><strong>pre-</strong></span> 
     </span>
    </p>
   </div>
   <div class='ocr_carea' id='block_1_45' title="bbox 349 4224 1913 4295">
    <p class='ocr_par' dir='ltr' id='par_1_45' title="bbox 349 4224 1913 4295">
     <span class='ocr_line' id='line_1_45' title="bbox 349 4224 1913 4295; baseline -0.001 -14"><span class='ocrx_word' id='word_1_333' title='bbox 349 4236 625 4281; x_wconf 71' lang='lat' dir='ltr'><strong>merentur</strong></span> <span class='ocrx_word' id='word_1_334' title='bbox 654 4225 919 4295; x_wconf 75' lang='lat' dir='ltr'><strong>angustiis</strong></span> <span class='ocrx_word' id='word_1_335' title='bbox 944 4234 997 4279; x_wconf 91' lang='lat' dir='ltr'><strong>ct</strong></span> <span class='ocrx_word' id='word_1_336' title='bbox 1021 4228 1180 4279; x_wconf 65' lang='lat' dir='ltr'><strong>rebus</strong></span> <span class='ocrx_word' id='word_1_337' title='bbox 1212 4225 1423 4279; x_wconf 65' lang='lat' dir='ltr'><strong>tuendae</strong></span> <span class='ocrx_word' id='word_1_338' title='bbox 1451 4225 1572 4278; x_wconf 71' lang='lat' dir='ltr'><strong>vita:</strong></span> <span class='ocrx_word' id='word_1_339' title='bbox 1595 4224 1913 4279; x_wconf 76' lang='lat' dir='ltr'><strong>necessariis</strong></span> 
     </span>
    </p>
   </div>
   <div class='ocr_carea' id='block_1_46' title="bbox 347 4316 1914 4387">
    <p class='ocr_par' dir='ltr' id='par_1_46' title="bbox 347 4316 1914 4387">
     <span class='ocr_line' id='line_1_46' title="bbox 347 4316 1914 4387; baseline -0.002 -15"><span class='ocrx_word' id='word_1_340' title='bbox 347 4327 588 4387; x_wconf 79' lang='lat' dir='ltr'><strong>egerent.</strong></span> <span class='ocrx_word' id='word_1_341' title='bbox 621 4316 733 4379; x_wconf 85' lang='lat' dir='ltr'><strong>Ille,</strong></span> <span class='ocrx_word' id='word_1_342' title='bbox 763 4318 1027 4387; x_wconf 86' lang='lat' dir='ltr'><strong>petitione</strong></span> <span class='ocrx_word' id='word_1_343' title='bbox 1062 4318 1296 4379; x_wconf 71' lang='lat' dir='ltr'><strong>laetatus,</strong></span> <span class='ocrx_word' id='word_1_344' title='bbox 1324 4316 1506 4369; x_wconf 78' lang='lat' dir='ltr'><strong>statim</strong></span> <span class='ocrx_word' id='word_1_345' title='bbox 1538 4320 1697 4369; x_wconf 83' lang='lat' dir='ltr'><strong>naves</strong></span> <span class='ocrx_word' id='word_1_346' title='bbox 1727 4317 1914 4384; x_wconf 81' lang='lat' dir='ltr'><strong>longas</strong></span> 
     </span>
    </p>
   </div>
   <div class='ocr_carea' id='block_1_47' title="bbox 2007 479 3591 560">
    <p class='ocr_par' dir='ltr' id='par_1_47' title="bbox 2007 479 3591 560">
     <span class='ocr_line' id='line_1_47' title="bbox 2007 479 3591 560; baseline -0.01 -16"><span class='ocrx_word' id='word_1_347' title='bbox 2007 494 2096 544; x_wconf 62' lang='grc' dir='ltr'><strong>τὸν</strong></span> <span class='ocrx_word' id='word_1_348' title='bbox 2126 493 2314 545; x_wconf 86' lang='grc' dir='ltr'>στόλον</span> <span class='ocrx_word' id='word_1_349' title='bbox 2344 490 2634 560; x_wconf 79' lang='grc' dir='ltr'>ἐμπλήσας</span> <span class='ocrx_word' id='word_1_350' title='bbox 2666 486 2866 549; x_wconf 74' lang='grc' dir='ltr'>παντὸς</span> <span class='ocrx_word' id='word_1_351' title='bbox 2898 482 3104 553; x_wconf 78' lang='grc' dir='ltr'>ἀγαθοῦ</span> <span class='ocrx_word' id='word_1_352' title='bbox 3129 481 3266 550; x_wconf 80' lang='grc' dir='ltr'>πρὸς</span> <span class='ocrx_word' id='word_1_353' title='bbox 3288 479 3591 549; x_wconf 76' lang='grc' dir='ltr'>τὴνΊσπα-</span> 
     </span>
    </p>
   </div>
   <div class='ocr_carea' id='block_1_48' title="bbox 2008 568 3590 652">
    <p class='ocr_par' dir='ltr' id='par_1_48' title="bbox 2008 568 3590 652">
     <span class='ocr_line' id='line_1_48' title="bbox 2008 568 3590 652; baseline -0.011 -17"><span class='ocrx_word' id='word_1_354' title='bbox 2008 585 2125 636; x_wconf 88' lang='grc' dir='ltr'>νίαν</span> <span class='ocrx_word' id='word_1_355' title='bbox 2147 581 2570 652; x_wconf 77' lang='grc' dir='ltr'>ἐπανέστρεψεν.</span> <span class='ocrx_word' id='word_1_356' title='bbox 2606 581 2697 642; x_wconf 82' lang='grc' dir='ltr'><strong>Ὦς</strong></span> <span class='ocrx_word' id='word_1_357' title='bbox 2726 579 2784 632; x_wconf 82' lang='grc' dir='ltr'>δὲ</span> <span class='ocrx_word' id='word_1_358' title='bbox 2829 581 2857 630; x_wconf 84' lang='grc' dir='ltr'><strong>ὁ</strong></span> <span class='ocrx_word' id='word_1_359' title='bbox 2894 575 3105 647; x_wconf 87' lang='grc' dir='ltr'>χειμὼν</span> <span class='ocrx_word' id='word_1_360' title='bbox 3129 572 3377 643; x_wconf 81' lang='grc' dir='ltr'>παρῆλθε</span> <span class='ocrx_word' id='word_1_361' title='bbox 3408 573 3503 625; x_wconf 66' lang='grc' dir='ltr'><strong>καλ⁸</strong></span> <span class='ocrx_word' id='word_1_362' title='bbox 3530 568 3590 620; x_wconf 72' lang='lat' dir='ltr'><strong>rb</strong></span> 
     </span>
    </p>
   </div>
   <div class='ocr_carea' id='block_1_49' title="bbox 2007 662 3591 745">
    <p class='ocr_par' dir='ltr' id='par_1_49' title="bbox 2007 662 3591 745">
     <span class='ocr_line' id='line_1_49' title="bbox 2007 662 3591 745; baseline -0.009 -18"><span class='ocrx_word' id='word_1_363' title='bbox 2007 675 2108 745; x_wconf 73' lang='grc' dir='ltr'>ἔαρ</span> <span class='ocrx_word' id='word_1_364' title='bbox 2142 673 2450 743; x_wconf 76' lang='grc' dir='ltr'>ἐπέλαμψε,</span> <span class='ocrx_word' id='word_1_365' title='bbox 2490 670 2908 739; x_wconf 81' lang='grc' dir='ltr'>τεσσαράκοντα</span> <span class='ocrx_word' id='word_1_366' title='bbox 2957 667 3095 734; x_wconf 82' lang='grc' dir='ltr'>νῆας</span> <span class='ocrx_word' id='word_1_367' title='bbox 3152 662 3445 733; x_wconf 83' lang='grc' dir='ltr'>πληρώσας</span> <span class='ocrx_word' id='word_1_368' title='bbox 3497 662 3591 714; x_wconf 83' lang='grc' dir='ltr'>ἀν·-</span> 
     </span>
    </p>
   </div>
   <div class='ocr_carea' id='block_1_50' title="bbox 2008 751 3709 845">
    <p class='ocr_par' dir='ltr' id='par_1_50' title="bbox 2008 751 3709 845">
     <span class='ocr_line' id='line_1_50' title="bbox 2008 751 3709 845; baseline -0.009 -26"><span class='ocrx_word' id='word_1_369' title='bbox 2008 766 2150 835; x_wconf 85' lang='grc' dir='ltr'>δρῶν</span> <span class='ocrx_word' id='word_1_370' title='bbox 2180 766 2434 845; x_wconf 81' lang='grc' dir='ltr'>μαχίμων</span> <span class='ocrx_word' id='word_1_371' title='bbox 2466 764 2559 816; x_wconf 75' lang='grc' dir='ltr'>καὶ</span> <span class='ocrx_word' id='word_1_372' title='bbox 2586 763 2789 831; x_wconf 82' lang='grc' dir='ltr'>ἄνεμον</span> <span class='ocrx_word' id='word_1_373' title='bbox 2823 759 3129 829; x_wconf 82' lang='grc' dir='ltr'>ἐπιτήδειον</span> <span class='ocrx_word' id='word_1_374' title='bbox 3169 757 3416 827; x_wconf 83' lang='grc' dir='ltr'>τηρήσας</span> <span class='ocrx_word' id='word_1_375' title='bbox 3449 751 3589 822; x_wconf 79' lang='grc' dir='ltr'>πρὸς</span> <span class='ocrx_word' id='word_1_376' title='bbox 3694 822 3709 827; x_wconf 82' lang='lat'><strong><em>_</em></strong></span> 
     </span>
    </p>
   </div>
   <div class='ocr_carea' id='block_1_51' title="bbox 2010 846 3592 927">
    <p class='ocr_par' dir='ltr' id='par_1_51' title="bbox 2010 846 3592 927">
     <span class='ocr_line' id='line_1_51' title="bbox 2010 846 3592 927; baseline -0.009 -16"><span class='ocrx_word' id='word_1_377' title='bbox 2010 858 2237 927; x_wconf 81' lang='grc' dir='ltr'>Κρήτην</span> <span class='ocrx_word' id='word_1_378' title='bbox 2270 856 2361 908; x_wconf 80' lang='grc' dir='ltr'><strong>τὸν</strong></span> <span class='ocrx_word' id='word_1_379' title='bbox 2390 854 2558 908; x_wconf 89' lang='grc' dir='ltr'>πλοῦν</span> <span class='ocrx_word' id='word_1_380' title='bbox 2608 856 2855 921; x_wconf 85' lang='grc' dir='ltr'>ἐποίησε,</span> <span class='ocrx_word' id='word_1_381' title='bbox 2904 852 3002 915; x_wconf 77' lang='grc' dir='ltr'>τὰς</span> <span class='ocrx_word' id='word_1_382' title='bbox 3050 849 3218 912; x_wconf 78' lang='grc' dir='ltr'>ἄλλας</span> <span class='ocrx_word' id='word_1_383' title='bbox 3272 849 3380 900; x_wconf 85' lang='grc' dir='ltr'><strong>τῶν</strong></span> <span class='ocrx_word' id='word_1_384' title='bbox 3409 846 3592 916; x_wconf 87' lang='grc' dir='ltr'>νήσων</span> 
     </span>
    </p>
   </div>
   <div class='ocr_carea' id='block_1_52' title="bbox 2013 937 3594 1017">
    <p class='ocr_par' dir='ltr' id='par_1_52' title="bbox 2013 937 3594 1017">
     <span class='ocr_line' id='line_1_52' title="bbox 2013 937 3594 1017; baseline -0.008 -16"><span class='ocrx_word' id='word_1_385' title='bbox 2013 947 2393 1017; x_wconf 81' lang='grc' dir='ltr'>παρατρέχων.</span> <span class='ocrx_word' id='word_1_386' title='bbox 2442 945 2659 1006; x_wconf 80' lang='grc' dir='ltr'>Φθάσας</span> <span class='ocrx_word' id='word_1_387' title='bbox 2690 944 2747 997; x_wconf 74' lang='grc' dir='ltr'>δὲ</span> <span class='ocrx_word' id='word_1_388' title='bbox 2776 945 2833 996; x_wconf 86' lang='grc' dir='ltr'><strong>ἐν</strong></span> <span class='ocrx_word' id='word_1_389' title='bbox 2876 944 2943 1012; x_wconf 73' lang='grc' dir='ltr'>τῇ</span> <span class='ocrx_word' id='word_1_390' title='bbox 2973 941 3125 1011; x_wconf 83' lang='grc' dir='ltr'>νήσῳ</span> <span class='ocrx_word' id='word_1_391' title='bbox 3152 942 3209 994; x_wconf 84' lang='grc' dir='ltr'><strong>ἐν</strong></span> <span class='ocrx_word' id='word_1_392' title='bbox 3259 937 3594 1008; x_wconf 83' lang='grc' dir='ltr'>ἀκρωτηρίῳ</span> 
     </span>
    </p>
   </div>
   <div class='ocr_carea' id='block_1_53' title="bbox 2008 1029 3593 1109">
    <p class='ocr_par' dir='ltr' id='par_1_53' title="bbox 2008 1029 3593 1109">
     <span class='ocr_line' id='line_1_53' title="bbox 2008 1029 3593 1109; baseline -0.007 -17"><span class='ocrx_word' id='word_1_393' title='bbox 2008 1040 2087 1109; x_wconf 84' lang='grc' dir='ltr'>τῷ</span> <span class='ocrx_word' id='word_1_394' title='bbox 2115 1038 2394 1109; x_wconf 75' lang='grc' dir='ltr'>λεγομένῳ</span> <span class='ocrx_word' id='word_1_395' title='bbox 2424 1036 2643 1107; x_wconf 85' lang='grc' dir='ltr'>Χάρακι</span> <span class='ocrx_word' id='word_1_396' title='bbox 2666 1034 3124 1106; x_wconf 78' lang='grc' dir='ltr'>προσορμίζεται,</span> <span class='ocrx_word' id='word_1_397' title='bbox 3158 1034 3251 1086; x_wconf 74' lang='grc' dir='ltr'>καὶ</span> <span class='ocrx_word' id='word_1_398' title='bbox 3276 1032 3427 1084; x_wconf 76' lang='grc' dir='ltr'>οὐδὲν</span> <span class='ocrx_word' id='word_1_399' title='bbox 3468 1029 3593 1083; x_wconf 83' lang='grc' dir='ltr'>οίιτε</span> 
     </span>
    </p>
   </div>
   <div class='ocr_carea' id='block_1_54' title="bbox 2010 1124 3595 1200">
    <p class='ocr_par' dir='ltr' id='par_1_54' title="bbox 2010 1124 3595 1200">
     <span class='ocr_line' id='line_1_54' title="bbox 2010 1124 3595 1200; baseline -0.008 -15"><span class='ocrx_word' id='word_1_400' title='bbox 2010 1132 2151 1185; x_wconf 84' lang='grc' dir='ltr'><strong>κατά</strong></span> <span class='ocrx_word' id='word_1_401' title='bbox 2170 1132 2268 1200; x_wconf 79' lang='grc' dir='ltr'><strong>τήν</strong></span> <span class='ocrx_word' id='word_1_402' title='bbox 2294 1128 2566 1185; x_wconf 80' lang='grc' dir='ltr'>ἀπόϐασιν</span> <span class='ocrx_word' id='word_1_403' title='bbox 2596 1128 2721 1181; x_wconf 72' lang='grc' dir='ltr'>οὔτε</span> <span class='ocrx_word' id='word_1_404' title='bbox 2749 1126 2892 1180; x_wconf 77' lang='grc' dir='ltr'>κατὰ</span> <span class='ocrx_word' id='word_1_405' title='bbox 2915 1124 3013 1195; x_wconf 82' lang='grc' dir='ltr'>τὴν</span> <span class='ocrx_word' id='word_1_406' title='bbox 3036 1125 3261 1193; x_wconf 82' lang='grc' dir='ltr'>ἀγωγὴν</span> <span class='ocrx_word' id='word_1_407' title='bbox 3286 1124 3461 1191; x_wconf 80' lang='grc' dir='ltr'>ἐφάνη</span> <span class='ocrx_word' id='word_1_408' title='bbox 3497 1138 3595 1173; x_wconf 87' lang='grc' dir='ltr'>πο-</span> 
     </span>
    </p>
   </div>
   <div class='ocr_carea' id='block_1_55' title="bbox 2010 1212 3595 1291">
    <p class='ocr_par' dir='ltr' id='par_1_55' title="bbox 2010 1212 3595 1291">
     <span class='ocr_line' id='line_1_55' title="bbox 2010 1212 3595 1291; baseline -0.007 -17"><span class='ocrx_word' id='word_1_409' title='bbox 2010 1224 2218 1291; x_wconf 79' lang='grc' dir='ltr'>λέμιον.</span> <span class='ocrx_word' id='word_1_410' title='bbox 2258 1220 2458 1273; x_wconf 84' lang='grc' dir='ltr'>Ἐλθὼν</span> <span class='ocrx_word' id='word_1_411' title='bbox 2484 1220 2541 1273; x_wconf 86' lang='grc' dir='ltr'><strong>δέ</strong></span> <span class='ocrx_word' id='word_1_412' title='bbox 2565 1218 2903 1290; x_wconf 77' lang='grc' dir='ltr'>πορρωτέρω</span> <span class='ocrx_word' id='word_1_413' title='bbox 2926 1215 3161 1269; x_wconf 84' lang='grc' dir='ltr'>σταδίων</span> <span class='ocrx_word' id='word_1_414' title='bbox 3180 1213 3255 1278; x_wconf 88' lang='grc' dir='ltr'><strong>ὼς</strong></span> <span class='ocrx_word' id='word_1_415' title='bbox 3278 1213 3476 1266; x_wconf 75' lang='grc' dir='ltr'>ἑκατὸν</span> <span class='ocrx_word' id='word_1_416' title='bbox 3499 1212 3595 1263; x_wconf 70' lang='grc' dir='ltr'>καὶ</span> 
     </span>
    </p>
   </div>
   <div class='ocr_carea' id='block_1_56' title="bbox 2012 1304 3593 1383">
    <p class='ocr_par' dir='ltr' id='par_1_56' title="bbox 2012 1304 3593 1383">
     <span class='ocr_line' id='line_1_56' title="bbox 2012 1304 3593 1383; baseline -0.008 -17"><span class='ocrx_word' id='word_1_417' title='bbox 2012 1312 2123 1383; x_wconf 86' lang='grc' dir='ltr'><strong>πῦρ</strong></span> <span class='ocrx_word' id='word_1_418' title='bbox 2151 1311 2405 1382; x_wconf 85' lang='grc' dir='ltr'>ἐμϐαλὼν</span> <span class='ocrx_word' id='word_1_419' title='bbox 2430 1312 2529 1375; x_wconf 83' lang='grc' dir='ltr'><strong>τὰς</strong></span> <span class='ocrx_word' id='word_1_420' title='bbox 2564 1311 2697 1380; x_wconf 82' lang='grc' dir='ltr'>νῆας</span> <span class='ocrx_word' id='word_1_421' title='bbox 2723 1310 2901 1374; x_wconf 72' lang='grc' dir='ltr'>πάσας</span> <span class='ocrx_word' id='word_1_422' title='bbox 2930 1307 3279 1377; x_wconf 77' lang='grc' dir='ltr'>κατέφλεξεν,</span> <span class='ocrx_word' id='word_1_423' title='bbox 3331 1304 3593 1373; x_wconf 77' lang='grc' dir='ltr'>οὐδεμιᾶς</span> 
     </span>
    </p>
   </div>
   <div class='ocr_carea' id='block_1_57' title="bbox 2013 1396 3589 1475">
    <p class='ocr_par' dir='ltr' id='par_1_57' title="bbox 2013 1396 3589 1475">
     <span class='ocr_line' id='line_1_57' title="bbox 2013 1396 3589 1475; baseline -0.006 -18"><span class='ocrx_word' id='word_1_424' title='bbox 2013 1404 2365 1475; x_wconf 76' lang='grc' dir='ltr'>φεισάμενος.</span> <span class='ocrx_word' id='word_1_425' title='bbox 2381 1402 2444 1459; x_wconf 91' lang='lat'><strong>&#39;0</strong></span> <span class='ocrx_word' id='word_1_426' title='bbox 2469 1404 2526 1456; x_wconf 79' lang='grc' dir='ltr'>δὲ</span> <span class='ocrx_word' id='word_1_427' title='bbox 2561 1403 2791 1472; x_wconf 71' lang='grc' dir='ltr'>στρατὸς</span> <span class='ocrx_word' id='word_1_428' title='bbox 2816 1401 3115 1471; x_wconf 77' lang='grc' dir='ltr'>ταραχθεὶς</span> <span class='ocrx_word' id='word_1_429' title='bbox 3147 1400 3237 1452; x_wconf 69' lang='grc' dir='ltr'>ἐπὶ</span> <span class='ocrx_word' id='word_1_430' title='bbox 3260 1399 3320 1451; x_wconf 75' lang='grc' dir='ltr'>τὸ</span> <span class='ocrx_word' id='word_1_431' title='bbox 3343 1396 3589 1467; x_wconf 79' lang='grc' dir='ltr'>πραχθὲν</span> 
     </span>
    </p>
   </div>
   <div class='ocr_carea' id='block_1_58' title="bbox 2011 1490 3591 1564">
    <p class='ocr_par' dir='ltr' id='par_1_58' title="bbox 2011 1490 3591 1564">
     <span class='ocr_line' id='line_1_58' title="bbox 2011 1490 3591 1564; baseline -0.004 -16"><span class='ocrx_word' id='word_1_432' title='bbox 2011 1497 2105 1549; x_wconf 74' lang='grc' dir='ltr'>καὶ</span> <span class='ocrx_word' id='word_1_433' title='bbox 2137 1494 2584 1564; x_wconf 82' lang='grc' dir='ltr'>καταπληγέντες</span> <span class='ocrx_word' id='word_1_434' title='bbox 2634 1494 2736 1564; x_wconf 83' lang='grc' dir='ltr'>τὴν</span> <span class='ocrx_word' id='word_1_435' title='bbox 2768 1493 2953 1547; x_wconf 78' lang='grc' dir='ltr'>αἰτίαν</span> <span class='ocrx_word' id='word_1_436' title='bbox 2991 1491 3315 1562; x_wconf 87' lang='grc' dir='ltr'>ἐπηρώτων,</span> <span class='ocrx_word' id='word_1_437' title='bbox 3347 1490 3591 1550; x_wconf 80' lang='grc' dir='ltr'>ἐλθόντες</span> 
     </span>
    </p>
   </div>
   <div class='ocr_carea' id='block_1_59' title="bbox 2011 1581 3592 1653">
    <p class='ocr_par' dir='ltr' id='par_1_59' title="bbox 2011 1581 3592 1653">
     <span class='ocr_line' id='line_1_59' title="bbox 2011 1581 3592 1653; baseline -0.005 -13"><span class='ocrx_word' id='word_1_438' title='bbox 2011 1587 2107 1640; x_wconf 70' lang='grc' dir='ltr'><strong>καὶ</strong></span> <span class='ocrx_word' id='word_1_439' title='bbox 2136 1587 2215 1648; x_wconf 83' lang='grc' dir='ltr'><strong>είς</strong></span> <span class='ocrx_word' id='word_1_440' title='bbox 2244 1586 2436 1651; x_wconf 90' lang='grc' dir='ltr'>λόγους</span> <span class='ocrx_word' id='word_1_441' title='bbox 2470 1586 2852 1651; x_wconf 83' lang='grc' dir='ltr'>νεωτερικούς.</span> <span class='ocrx_word' id='word_1_442' title='bbox 2878 1584 3050 1646; x_wconf 81' lang='grc' dir='ltr'>Αὐτὸς</span> <span class='ocrx_word' id='word_1_443' title='bbox 3080 1584 3137 1639; x_wconf 86' lang='grc' dir='ltr'><strong>δέ</strong></span> <span class='ocrx_word' id='word_1_444' title='bbox 3164 1584 3356 1653; x_wconf 72' lang='grc' dir='ltr'>μανεὶς</span> <span class='ocrx_word' id='word_1_445' title='bbox 3377 1581 3592 1645; x_wconf 66' lang='grc' dir='ltr'>ἀκούων</span> 
     </span>
    </p>
   </div>
   <div class='ocr_carea' id='block_1_60' title="bbox 2015 1672 3594 1747">
    <p class='ocr_par' dir='ltr' id='par_1_60' title="bbox 2015 1672 3594 1747">
     <span class='ocr_line' id='line_1_60' title="bbox 2015 1672 3594 1747; baseline -0.004 -17"><span class='ocrx_word' id='word_1_446' title='bbox 2015 1674 2167 1730; x_wconf 74' lang='grc' dir='ltr'>εἶπεν</span> <span class='ocrx_word' id='word_1_447' title='bbox 2190 1691 2204 1706; x_wconf 83' lang='lat'><strong>&#39;</strong></span> <span class='ocrx_word' id='word_1_448' title='bbox 2229 1696 2247 1729; x_wconf 83' lang='lat' dir='ltr'><strong>t</strong></span> <span class='ocrx_word' id='word_1_449' title='bbox 2275 1677 2464 1747; x_wconf 82' lang='grc' dir='ltr'>Ὑμεῖς</span> <span class='ocrx_word' id='word_1_450' title='bbox 2492 1676 2696 1731; x_wconf 85' lang='grc' dir='ltr'>τούτων</span> <span class='ocrx_word' id='word_1_451' title='bbox 2719 1676 2882 1730; x_wconf 84' lang='grc' dir='ltr'>αίτιοί</span> <span class='ocrx_word' id='word_1_452' title='bbox 2914 1674 3331 1740; x_wconf 84' lang='grc' dir='ltr'>ἐστε,ἀποικίαν</span> <span class='ocrx_word' id='word_1_453' title='bbox 3371 1672 3594 1740; x_wconf 66' lang='grc' dir='ltr'>ζητοῦν-</span> 
     </span>
    </p>
   </div>
   <div class='ocr_carea' id='block_1_61' title="bbox 2017 1763 3592 1838">
    <p class='ocr_par' dir='ltr' id='par_1_61' title="bbox 2017 1763 3592 1838">
     <span class='ocr_line' id='line_1_61' title="bbox 2017 1763 3592 1838; baseline -0.003 -19"><span class='ocrx_word' id='word_1_454' title='bbox 2017 1784 2108 1826; x_wconf 86' lang='grc' dir='ltr'><strong>τες</strong></span> <span class='ocrx_word' id='word_1_455' title='bbox 2137 1767 2230 1819; x_wconf 76' lang='grc' dir='ltr'>καὶ</span> <span class='ocrx_word' id='word_1_456' title='bbox 2262 1766 2365 1836; x_wconf 79' lang='grc' dir='ltr'>γῆν</span> <span class='ocrx_word' id='word_1_457' title='bbox 2399 1768 2663 1838; x_wconf 56' lang='grc' dir='ltr'>ἀγαθήν.»</span> <span class='ocrx_word' id='word_1_458' title='bbox 2688 1767 2844 1835; x_wconf 80' lang='grc' dir='ltr'>Ἐμοὶ</span> <span class='ocrx_word' id='word_1_459' title='bbox 2888 1766 2945 1818; x_wconf 77' lang='grc' dir='ltr'>δὲ</span> <span class='ocrx_word' id='word_1_460' title='bbox 2984 1765 3191 1835; x_wconf 86' lang='grc' dir='ltr'>ταύτης</span> <span class='ocrx_word' id='word_1_461' title='bbox 3220 1764 3382 1832; x_wconf 80' lang='grc' dir='ltr'>ἐτέρα</span> <span class='ocrx_word' id='word_1_462' title='bbox 3413 1763 3473 1816; x_wconf 78' lang='grc' dir='ltr'><strong>οὐ</strong></span> <span class='ocrx_word' id='word_1_463' title='bbox 3505 1780 3592 1814; x_wconf 86' lang='grc' dir='ltr'>νε-</span> 
     </span>
    </p>
   </div>
   <div class='ocr_carea' id='block_1_62' title="bbox 2020 1854 3596 1930">
    <p class='ocr_par' dir='ltr' id='par_1_62' title="bbox 2020 1854 3596 1930">
     <span class='ocr_line' id='line_1_62' title="bbox 2020 1854 3596 1930; baseline -0.003 -19"><span class='ocrx_word' id='word_1_464' title='bbox 2020 1858 2274 1927; x_wconf 86' lang='grc' dir='ltr'>νόμισται</span> <span class='ocrx_word' id='word_1_465' title='bbox 2305 1859 2570 1929; x_wconf 82' lang='grc' dir='ltr'>κρείττων</span> <span class='ocrx_word' id='word_1_466' title='bbox 2589 1876 2604 1892; x_wconf 77' lang='grc' dir='ltr'><strong><em>ο</em></strong></span> <span class='ocrx_word' id='word_1_467' title='bbox 2639 1860 2735 1912; x_wconf 76' lang='grc' dir='ltr'><strong>καὶ</strong></span> <span class='ocrx_word' id='word_1_468' title='bbox 2762 1859 2998 1913; x_wconf 79' lang='grc' dir='ltr'>ἐνταῦθα</span> <span class='ocrx_word' id='word_1_469' title='bbox 3033 1854 3196 1930; x_wconf 80' lang='grc' dir='ltr'>ἦλθον</span> <span class='ocrx_word' id='word_1_470' title='bbox 3221 1857 3309 1910; x_wconf 81' lang='grc' dir='ltr'><strong>ἵνα</strong></span> <span class='ocrx_word' id='word_1_471' title='bbox 3331 1856 3596 1923; x_wconf 67' lang='grc' dir='ltr'>τάςὺμε-</span> 
     </span>
    </p>
   </div>
   <div class='ocr_carea' id='block_1_63' title="bbox 2017 1949 3593 2021">
    <p class='ocr_par' dir='ltr' id='par_1_63' title="bbox 2017 1949 3593 2021">
     <span class='ocr_line' id='line_1_63' title="bbox 2017 1949 3593 2021; baseline 0.001 -19"><span class='ocrx_word' id='word_1_472' title='bbox 2017 1949 2181 2018; x_wconf 81' lang='grc' dir='ltr'>τέρας</span> <span class='ocrx_word' id='word_1_473' title='bbox 2209 1950 2456 2020; x_wconf 84' lang='grc' dir='ltr'>θελήσεις</span> <span class='ocrx_word' id='word_1_474' title='bbox 2489 1952 2583 2004; x_wconf 74' lang='grc' dir='ltr'><strong>καὶ</strong></span> <span class='ocrx_word' id='word_1_475' title='bbox 2614 1951 2826 2021; x_wconf 70' lang='grc' dir='ltr'>ὀρέξεις</span> <span class='ocrx_word' id='word_1_476' title='bbox 2856 1951 3073 2021; x_wconf 79' lang='grc' dir='ltr'>πράξω.</span> <span class='ocrx_word' id='word_1_477' title='bbox 3106 1952 3218 2005; x_wconf 80' lang='grc' dir='ltr'>Καὶ</span> <span class='ocrx_word' id='word_1_478' title='bbox 3249 1950 3318 2004; x_wconf 82' lang='grc' dir='ltr'>τὰ</span> <span class='ocrx_word' id='word_1_479' title='bbox 3347 1950 3466 2011; x_wconf 88' lang='grc' dir='ltr'>νῦν,</span> <span class='ocrx_word' id='word_1_480' title='bbox 3516 1949 3593 2016; x_wconf 83' lang='grc' dir='ltr'>μὴ</span> 
     </span>
    </p>
   </div>
   <div class='ocr_carea' id='block_1_64' title="bbox 2018 2041 3595 2113">
    <p class='ocr_par' dir='ltr' id='par_1_64' title="bbox 2018 2041 3595 2113">
     <span class='ocr_line' id='line_1_64' title="bbox 2018 2041 3595 2113; baseline -0.001 -20"><span class='ocrx_word' id='word_1_481' title='bbox 2018 2042 2215 2104; x_wconf 84' lang='grc' dir='ltr'>εἰδότες</span> <span class='ocrx_word' id='word_1_482' title='bbox 2245 2042 2281 2095; x_wconf 78' lang='grc' dir='ltr'><strong>ὃ.</strong></span> <span class='ocrx_word' id='word_1_483' title='bbox 2309 2041 2422 2110; x_wconf 85' lang='grc' dir='ltr'><strong>ἐγὼ</strong></span> <span class='ocrx_word' id='word_1_484' title='bbox 2452 2043 2615 2104; x_wconf 86' lang='grc' dir='ltr'>ποιῶ,</span> <span class='ocrx_word' id='word_1_485' title='bbox 2662 2043 2980 2113; x_wconf 83' lang='grc' dir='ltr'>φλυαρείτε.</span> <span class='ocrx_word' id='word_1_486' title='bbox 3014 2062 3033 2093; x_wconf 79' lang='grc' dir='ltr'><strong>ι</strong></span> <span class='ocrx_word' id='word_1_487' title='bbox 3093 2044 3156 2095; x_wconf 84' lang='lat' dir='ltr'><strong>Ol</strong></span> <span class='ocrx_word' id='word_1_488' title='bbox 3181 2044 3237 2095; x_wconf 82' lang='grc' dir='ltr'>δὲ</span> <span class='ocrx_word' id='word_1_489' title='bbox 3259 2042 3595 2101; x_wconf 79' lang='grc' dir='ltr'>ἀκούσαντες</span> 
     </span>
    </p>
   </div>
   <div class='ocr_carea' id='block_1_65' title="bbox 2018 2130 3595 2200">
    <p class='ocr_par' dir='ltr' id='par_1_65' title="bbox 2018 2130 3595 2200">
     <span class='ocr_line' id='line_1_65' title="bbox 2018 2130 3595 2200; baseline 0.001 -18"><span class='ocrx_word' id='word_1_490' title='bbox 2018 2130 2318 2199; x_wconf 85' lang='grc' dir='ltr'>ἐσίγησαν·</span> <span class='ocrx_word' id='word_1_491' title='bbox 2357 2131 2445 2193; x_wconf 83' lang='grc' dir='ltr'>Ὠς</span> <span class='ocrx_word' id='word_1_492' title='bbox 2496 2132 2557 2184; x_wconf 79' lang='grc' dir='ltr'><strong>δέ</strong></span> <span class='ocrx_word' id='word_1_493' title='bbox 2596 2133 2872 2200; x_wconf 81' lang='grc' dir='ltr'>γυναικών</span> <span class='ocrx_word' id='word_1_494' title='bbox 2913 2132 3005 2185; x_wconf 75' lang='grc' dir='ltr'><strong>καὶ</strong></span> <span class='ocrx_word' id='word_1_495' title='bbox 3052 2133 3258 2183; x_wconf 80' lang='grc' dir='ltr'>τέκνων</span> <span class='ocrx_word' id='word_1_496' title='bbox 3284 2131 3595 2199; x_wconf 72' lang='grc' dir='ltr'>ἐμέμνηντο</span> 
     </span>
    </p>
   </div>
   <div class='ocr_carea' id='block_1_66' title="bbox 2018 2214 3595 2292">
    <p class='ocr_par' dir='ltr' id='par_1_66' title="bbox 2018 2214 3595 2292">
     <span class='ocr_line' id='line_1_66' title="bbox 2018 2214 3595 2292; baseline -0.001 -17"><span class='ocrx_word' id='word_1_497' title='bbox 2018 2224 2112 2275; x_wconf 77' lang='grc' dir='ltr'><strong>καὶ</strong></span> <span class='ocrx_word' id='word_1_498' title='bbox 2134 2223 2405 2291; x_wconf 81' lang='grc' dir='ltr'>φιλτάτων</span> <span class='ocrx_word' id='word_1_499' title='bbox 2423 2214 2589 2289; x_wconf 83' lang='grc' dir='ltr'>τινὲς,</span> <span class='ocrx_word' id='word_1_500' title='bbox 2605 2221 2756 2276; x_wconf 72' lang='grc' dir='ltr'>εἶπεν</span> <span class='ocrx_word' id='word_1_501' title='bbox 2780 2226 2960 2287; x_wconf 83' lang='grc' dir='ltr'>αὐτοῖς</span> <span class='ocrx_word' id='word_1_502' title='bbox 2975 2240 2988 2255; x_wconf 85' lang='grc'><strong>·</strong></span> <span class='ocrx_word' id='word_1_503' title='bbox 3007 2216 3164 2276; x_wconf 80' lang='grc' dir='ltr'>«Ὧδε</span> <span class='ocrx_word' id='word_1_504' title='bbox 3183 2222 3381 2292; x_wconf 80' lang='grc' dir='ltr'>ὡραῖαι</span> <span class='ocrx_word' id='word_1_505' title='bbox 3405 2225 3595 2290; x_wconf 81' lang='grc' dir='ltr'>γυναῖ-</span> 
     </span>
    </p>
   </div>
   <div class='ocr_carea' id='block_1_67' title="bbox 2019 2315 3591 2389">
    <p class='ocr_par' dir='ltr' id='par_1_67' title="bbox 2019 2315 3591 2389">
     <span class='ocr_line' id='line_1_67' title="bbox 2019 2315 3591 2389; baseline 0.001 -20"><span class='ocrx_word' id='word_1_506' title='bbox 2019 2318 2111 2380; x_wconf 83' lang='grc' dir='ltr'>κές</span> <span class='ocrx_word' id='word_1_507' title='bbox 2146 2320 2270 2382; x_wconf 88' lang='grc' dir='ltr'>είσι,</span> <span class='ocrx_word' id='word_1_508' title='bbox 2317 2319 2411 2372; x_wconf 79' lang='grc' dir='ltr'>καὶ</span> <span class='ocrx_word' id='word_1_509' title='bbox 2438 2319 2633 2382; x_wconf 83' lang='grc' dir='ltr'>παῖδας</span> <span class='ocrx_word' id='word_1_510' title='bbox 2662 2320 2944 2389; x_wconf 81' lang='grc' dir='ltr'>ποιήσετε.</span> <span class='ocrx_word' id='word_1_511' title='bbox 2979 2336 2998 2371; x_wconf 83' lang='grc' dir='ltr'><strong>ι</strong></span> <span class='ocrx_word' id='word_1_512' title='bbox 3034 2315 3166 2372; x_wconf 81' lang='grc' dir='ltr'>Εἶτα</span> <span class='ocrx_word' id='word_1_513' title='bbox 3198 2319 3406 2387; x_wconf 82' lang='grc' dir='ltr'>τάφρον</span> <span class='ocrx_word' id='word_1_514' title='bbox 3442 2319 3591 2388; x_wconf 77' lang='grc' dir='ltr'>ὤρυ-</span> 
     </span>
    </p>
   </div>
   <div class='ocr_carea' id='block_1_68' title="bbox 2019 2408 3592 2483">
    <p class='ocr_par' dir='ltr' id='par_1_68' title="bbox 2019 2408 3592 2483">
     <span class='ocr_line' id='line_1_68' title="bbox 2019 2408 3592 2483; baseline 0.003 -23"><span class='ocrx_word' id='word_1_515' title='bbox 2019 2408 2115 2471; x_wconf 79' lang='grc' dir='ltr'><strong>ξαν</strong></span> <span class='ocrx_word' id='word_1_516' title='bbox 2159 2410 2385 2480; x_wconf 75' lang='grc' dir='ltr'>βαρεῖαν</span> <span class='ocrx_word' id='word_1_517' title='bbox 2408 2412 2501 2463; x_wconf 75' lang='grc' dir='ltr'>καὶ</span> <span class='ocrx_word' id='word_1_518' title='bbox 2533 2411 2751 2481; x_wconf 84' lang='grc' dir='ltr'>χάρακα</span> <span class='ocrx_word' id='word_1_519' title='bbox 2772 2412 3111 2483; x_wconf 77' lang='grc' dir='ltr'>περιέπηξαν</span> <span class='ocrx_word' id='word_1_520' title='bbox 3137 2414 3295 2482; x_wconf 78' lang='lat'><strong>100</strong></span> <span class='ocrx_word' id='word_1_521' title='bbox 3321 2414 3464 2483; x_wconf 75' lang='grc' dir='ltr'>(ὅθεν</span> <span class='ocrx_word' id='word_1_522' title='bbox 3498 2416 3592 2467; x_wconf 76' lang='grc' dir='ltr'>καὶ</span> 
     </span>
    </p>
   </div>
   <div class='ocr_carea' id='block_1_69' title="bbox 2016 2499 3593 2575">
    <p class='ocr_par' dir='ltr' id='par_1_69' title="bbox 2016 2499 3593 2575">
     <span class='ocr_line' id='line_1_69' title="bbox 2016 2499 3593 2575; baseline 0.005 -26"><span class='ocrx_word' id='word_1_523' title='bbox 2016 2499 2045 2549; x_wconf 87' lang='grc' dir='ltr'><strong>ό</strong></span> <span class='ocrx_word' id='word_1_524' title='bbox 2086 2500 2250 2561; x_wconf 84' lang='grc' dir='ltr'>τόπος</span> <span class='ocrx_word' id='word_1_525' title='bbox 2289 2502 2389 2570; x_wconf 85' lang='grc' dir='ltr'>τὴν</span> <span class='ocrx_word' id='word_1_526' title='bbox 2442 2504 2758 2568; x_wconf 82' lang='grc' dir='ltr'>ἐπωνυμίαν</span> <span class='ocrx_word' id='word_1_527' title='bbox 2792 2503 2976 2557; x_wconf 80' lang='grc' dir='ltr'>λαϐὼν</span> <span class='ocrx_word' id='word_1_528' title='bbox 3028 2504 3190 2569; x_wconf 77' lang='grc' dir='ltr'>σώζει</span> <span class='ocrx_word' id='word_1_529' title='bbox 3231 2506 3333 2573; x_wconf 85' lang='grc' dir='ltr'><strong>τὴν</strong></span> <span class='ocrx_word' id='word_1_530' title='bbox 3387 2522 3593 2575; x_wconf 71' lang='grc' dir='ltr'>προσηο</span> 
     </span>
    </p>
   </div>
   <div class='ocr_carea' id='block_1_70' title="bbox 2017 2591 3589 2660">
    <p class='ocr_par' dir='ltr' id='par_1_70' title="bbox 2017 2591 3589 2660">
     <span class='ocr_line' id='line_1_70' title="bbox 2017 2591 3589 2660; baseline 0.003 -16"><span class='ocrx_word' id='word_1_531' title='bbox 2017 2591 2249 2658; x_wconf 79' lang='grc' dir='ltr'>γορίαν,</span> <span class='ocrx_word' id='word_1_532' title='bbox 2305 2592 2521 2653; x_wconf 76' lang='grc' dir='ltr'>Χάνδαξ</span> <span class='ocrx_word' id='word_1_533' title='bbox 2579 2594 3004 2660; x_wconf 83' lang='grc' dir='ltr'>ὀνομαζόμενος)</span> <span class='ocrx_word' id='word_1_534' title='bbox 3052 2596 3280 2647; x_wconf 72' lang='grc' dir='ltr'>κάκεῖσε</span> <span class='ocrx_word' id='word_1_535' title='bbox 3312 2596 3589 2649; x_wconf 82' lang='grc' dir='ltr'>διενυκτὲ-</span> 
     </span>
    </p>
   </div>
   <div class='ocr_carea' id='block_1_71' title="bbox 2022 2680 3591 2753">
    <p class='ocr_par' dir='ltr' id='par_1_71' title="bbox 2022 2680 3591 2753">
     <span class='ocr_line' id='line_1_71' title="bbox 2022 2680 3591 2753; baseline 0.006 -23"><span class='ocrx_word' id='word_1_536' title='bbox 2022 2696 2196 2747; x_wconf 89' lang='grc' dir='ltr'>ρευον.</span> <span class='ocrx_word' id='word_1_537' title='bbox 2228 2681 2432 2735; x_wconf 88' lang='grc' dir='ltr'>Μαθὼν</span> <span class='ocrx_word' id='word_1_538' title='bbox 2462 2683 2518 2734; x_wconf 83' lang='grc' dir='ltr'>δὲ</span> <span class='ocrx_word' id='word_1_539' title='bbox 2557 2685 2584 2734; x_wconf 87' lang='grc' dir='ltr'><strong>ό</strong></span> <span class='ocrx_word' id='word_1_540' title='bbox 2608 2680 2863 2751; x_wconf 85' lang='grc' dir='ltr'>βασιλεὺς</span> <span class='ocrx_word' id='word_1_541' title='bbox 2894 2683 3113 2752; x_wconf 75' lang='grc' dir='ltr'>Μιχαὴλ</span> <span class='ocrx_word' id='word_1_542' title='bbox 3146 2684 3264 2753; x_wconf 87' lang='grc' dir='ltr'>μετ’</span> <span class='ocrx_word' id='word_1_543' title='bbox 3298 2685 3477 2747; x_wconf 80' lang='grc' dir='ltr'>ὀλίγον</span> <span class='ocrx_word' id='word_1_544' title='bbox 3522 2688 3591 2739; x_wconf 81' lang='grc' dir='ltr'>τὰ</span> 
     </span>
    </p>
   </div>
   <div class='ocr_carea' id='block_1_72' title="bbox 2019 2773 3590 2847">
    <p class='ocr_par' dir='ltr' id='par_1_72' title="bbox 2019 2773 3590 2847">
     <span class='ocr_line' id='line_1_72' title="bbox 2019 2773 3590 2847; baseline 0.005 -24"><span class='ocrx_word' id='word_1_545' title='bbox 2019 2776 2077 2824; x_wconf 87' lang='grc' dir='ltr'><strong>ἐν</strong></span> <span class='ocrx_word' id='word_1_546' title='bbox 2104 2774 2168 2841; x_wconf 80' lang='grc' dir='ltr'>τῇ</span> <span class='ocrx_word' id='word_1_547' title='bbox 2198 2773 2391 2842; x_wconf 79' lang='grc' dir='ltr'>Κρήτῃ</span> <span class='ocrx_word' id='word_1_548' title='bbox 2412 2775 2761 2843; x_wconf 87' lang='grc' dir='ltr'>πραττόμενα</span> <span class='ocrx_word' id='word_1_549' title='bbox 2792 2773 2897 2826; x_wconf 82' lang='grc' dir='ltr'>ὑπὸ</span> <span class='ocrx_word' id='word_1_550' title='bbox 2917 2775 3026 2829; x_wconf 80' lang='grc' dir='ltr'>τῶν</span> <span class='ocrx_word' id='word_1_551' title='bbox 3051 2775 3413 2845; x_wconf 84' lang='grc' dir='ltr'>Σαρακηνῶν,</span> <span class='ocrx_word' id='word_1_552' title='bbox 3438 2779 3590 2847; x_wconf 81' lang='grc' dir='ltr'><strong>παρά</strong></span> 
     </span>
    </p>
   </div>
   <div class='ocr_carea' id='block_1_73' title="bbox 2017 2863 3586 2941">
    <p class='ocr_par' dir='ltr' id='par_1_73' title="bbox 2017 2863 3586 2941">
     <span class='ocr_line' id='line_1_73' title="bbox 2017 2863 3586 2941; baseline 0.005 -25"><span class='ocrx_word' id='word_1_553' title='bbox 2017 2863 2283 2941; x_wconf 73' lang='grc' dir='ltr'>Φωτεινοῦ</span> <span class='ocrx_word' id='word_1_554' title='bbox 2310 2866 2807 2936; x_wconf 86' lang='grc' dir='ltr'>πρωτοσπαθαρίου</span> <span class='ocrx_word' id='word_1_555' title='bbox 2839 2868 2932 2920; x_wconf 68' lang='grc' dir='ltr'><strong>καὶ</strong></span> <span class='ocrx_word' id='word_1_556' title='bbox 2964 2868 3272 2937; x_wconf 84' lang='grc' dir='ltr'>στρατηγοῦ</span> <span class='ocrx_word' id='word_1_557' title='bbox 3302 2870 3401 2937; x_wconf 84' lang='grc' dir='ltr'>τῆς</span> <span class='ocrx_word' id='word_1_558' title='bbox 3431 2871 3586 2940; x_wconf 69' lang='grc' dir='ltr'><strong>Κρήο</strong></span> 
     </span>
    </p>
   </div>
   <div class='ocr_carea' id='block_1_74' title="bbox 2016 2954 3588 3030">
    <p class='ocr_par' dir='ltr' id='par_1_74' title="bbox 2016 2954 3588 3030">
     <span class='ocr_line' id='line_1_74' title="bbox 2016 2954 3588 3030; baseline 0.006 -25"><span class='ocrx_word' id='word_1_559' title='bbox 2016 2970 2138 3020; x_wconf 86' lang='grc' dir='ltr'>της,</span> <span class='ocrx_word' id='word_1_560' title='bbox 2166 2954 2225 3017; x_wconf 80' lang='grc' dir='ltr'>ὃς</span> <span class='ocrx_word' id='word_1_561' title='bbox 2257 2955 2487 3025; x_wconf 79' lang='grc' dir='ltr'>δύναμιν</span> <span class='ocrx_word' id='word_1_562' title='bbox 2510 2957 2663 3026; x_wconf 73' lang='grc' dir='ltr'>ἠξίου</span> <span class='ocrx_word' id='word_1_563' title='bbox 2695 2958 2841 3027; x_wconf 80' lang='grc' dir='ltr'>αὐτῷ</span> <span class='ocrx_word' id='word_1_564' title='bbox 2862 2959 3067 3011; x_wconf 85' lang='grc' dir='ltr'>στεῖλαι</span> <span class='ocrx_word' id='word_1_565' title='bbox 3092 2958 3179 3012; x_wconf 78' lang='grc' dir='ltr'>ἵνα</span> <span class='ocrx_word' id='word_1_566' title='bbox 3206 2960 3331 3022; x_wconf 78' lang='grc' dir='ltr'>τοὺς</span> <span class='ocrx_word' id='word_1_567' title='bbox 3359 2961 3588 3030; x_wconf 80' lang='grc' dir='ltr'>ἐχθροὺς</span> 
     </span>
    </p>
   </div>
   <div class='ocr_carea' id='block_1_75' title="bbox 2016 3044 3590 3119">
    <p class='ocr_par' dir='ltr' id='par_1_75' title="bbox 2016 3044 3590 3119">
     <span class='ocr_line' id='line_1_75' title="bbox 2016 3044 3590 3119; baseline 0.002 -20"><span class='ocrx_word' id='word_1_568' title='bbox 2016 3044 2361 3116; x_wconf 79' lang='grc' dir='ltr'>ἀποσοϐήσῃ·</span> <span class='ocrx_word' id='word_1_569' title='bbox 2412 3047 2503 3098; x_wconf 80' lang='grc' dir='ltr'><strong>καὶ</strong></span> <span class='ocrx_word' id='word_1_570' title='bbox 2547 3048 2817 3115; x_wconf 82' lang='grc' dir='ltr'>Δαμιανόν</span> <span class='ocrx_word' id='word_1_571' title='bbox 2867 3065 2990 3099; x_wconf 90' lang='grc' dir='ltr'>τινα</span> <span class='ocrx_word' id='word_1_572' title='bbox 3040 3049 3261 3118; x_wconf 89' lang='grc' dir='ltr'>κόμητα</span> <span class='ocrx_word' id='word_1_573' title='bbox 3296 3049 3387 3101; x_wconf 88' lang='grc' dir='ltr'><strong>τοῦ</strong></span> <span class='ocrx_word' id='word_1_574' title='bbox 3434 3050 3590 3119; x_wconf 85' lang='grc' dir='ltr'>βασι-</span> 
     </span>
    </p>
   </div>
   <div class='ocr_carea' id='block_1_76' title="bbox 2018 3138 3587 3209">
    <p class='ocr_par' dir='ltr' id='par_1_76' title="bbox 2018 3138 3587 3209">
     <span class='ocr_line' id='line_1_76' title="bbox 2018 3138 3587 3209; baseline 0.001 -18"><span class='ocrx_word' id='word_1_575' title='bbox 2018 3140 2168 3192; x_wconf 86' lang='grc' dir='ltr'>λικοῦ</span> <span class='ocrx_word' id='word_1_576' title='bbox 2202 3141 2559 3191; x_wconf 80' lang='grc' dir='ltr'>ίπποστασίου</span> <span class='ocrx_word' id='word_1_577' title='bbox 2615 3140 2756 3207; x_wconf 79' lang='grc' dir='ltr'>μετὰ</span> <span class='ocrx_word' id='word_1_578' title='bbox 2809 3138 3007 3207; x_wconf 83' lang='grc' dir='ltr'>πολλῆς</span> <span class='ocrx_word' id='word_1_579' title='bbox 3035 3139 3322 3209; x_wconf 83' lang='grc' dir='ltr'>δυνάμεως</span> <span class='ocrx_word' id='word_1_580' title='bbox 3354 3142 3449 3193; x_wconf 79' lang='grc' dir='ltr'>καὶ</span> <span class='ocrx_word' id='word_1_581' title='bbox 3482 3157 3587 3196; x_wconf 72' lang='grc' dir='ltr'>πα-</span> 
     </span>
    </p>
   </div>
   <div class='ocr_carea' id='block_1_77' title="bbox 2016 3302 3590 3388">
    <p class='ocr_par' dir='ltr' id='par_1_77' title="bbox 2016 3302 3590 3388">
     <span class='ocr_line' id='line_1_77' title="bbox 2016 3302 3590 3388; baseline 0.006 -26"><span class='ocrx_word' id='word_1_582' title='bbox 2016 3311 2182 3371; x_wconf 83' lang='lat' dir='ltr'><strong>verbo</strong></span> <span class='ocrx_word' id='word_1_583' title='bbox 2204 3322 2463 3381; x_wconf 65' lang='lat' dir='ltr'><strong>praeterea</strong></span> <span class='ocrx_word' id='word_1_584' title='bbox 2489 3312 2692 3376; x_wconf 82' lang='lat' dir='ltr'><strong>addito,</strong></span> <span class='ocrx_word' id='word_1_585' title='bbox 2720 3326 2843 3367; x_wconf 88' lang='lat' dir='ltr'><strong>cum</strong></span> <span class='ocrx_word' id='word_1_586' title='bbox 2876 3314 3068 3381; x_wconf 79' lang='lat' dir='ltr'><strong>classe,</strong></span> <span class='ocrx_word' id='word_1_587' title='bbox 3112 3316 3257 3370; x_wconf 88' lang='lat' dir='ltr'><strong>omni</strong></span> <span class='ocrx_word' id='word_1_588' title='bbox 3288 3302 3464 3373; x_wconf 79' lang='lat' dir='ltr'><strong>rerum</strong></span> <span class='ocrx_word' id='word_1_589' title='bbox 3496 3333 3590 3388; x_wconf 77' lang='lat' dir='ltr'><strong>ge-</strong></span> 
     </span>
    </p>
   </div>
   <div class='ocr_carea' id='block_1_78' title="bbox 2017 3407 3585 3479">
    <p class='ocr_par' dir='ltr' id='par_1_78' title="bbox 2017 3407 3585 3479">
     <span class='ocr_line' id='line_1_78' title="bbox 2017 3407 3585 3479; baseline 0.003 -20"><span class='ocrx_word' id='word_1_590' title='bbox 2017 3422 2145 3461; x_wconf 85' lang='lat' dir='ltr'><strong>nere</strong></span> <span class='ocrx_word' id='word_1_591' title='bbox 2166 3407 2391 3474; x_wconf 87' lang='lat' dir='ltr'><strong>repleta,</strong></span> <span class='ocrx_word' id='word_1_592' title='bbox 2416 3407 2468 3460; x_wconf 89' lang='lat' dir='ltr'><strong>in</strong></span> <span class='ocrx_word' id='word_1_593' title='bbox 2493 3407 2805 3475; x_wconf 86' lang='lat' dir='ltr'><strong>Hispaniam</strong></span> <span class='ocrx_word' id='word_1_594' title='bbox 2829 3410 3069 3463; x_wconf 84' lang='lat' dir='ltr'><strong>revertit.</strong></span> <span class='ocrx_word' id='word_1_595' title='bbox 3095 3410 3385 3479; x_wconf 83' lang='lat' dir='ltr'><strong>Postquam</strong></span> <span class='ocrx_word' id='word_1_596' title='bbox 3409 3424 3585 3466; x_wconf 83' lang='lat' dir='ltr'><strong>autem</strong></span> 
     </span>
    </p>
   </div>
   <div class='ocr_carea' id='block_1_79' title="bbox 2015 3496 3591 3569">
    <p class='ocr_par' dir='ltr' id='par_1_79' title="bbox 2015 3496 3591 3569">
     <span class='ocr_line' id='line_1_79' title="bbox 2015 3496 3591 3569; baseline 0.003 -19"><span class='ocrx_word' id='word_1_597' title='bbox 2015 3497 2188 3552; x_wconf 85' lang='lat' dir='ltr'><strong>hiems</strong></span> <span class='ocrx_word' id='word_1_598' title='bbox 2208 3497 2339 3551; x_wconf 87' lang='lat' dir='ltr'><strong>exiit</strong></span> <span class='ocrx_word' id='word_1_599' title='bbox 2361 3504 2417 3550; x_wconf 91' lang='lat' dir='ltr'><strong>et</strong></span> <span class='ocrx_word' id='word_1_600' title='bbox 2440 3496 2680 3551; x_wconf 82' lang='lat' dir='ltr'><strong>instabat</strong></span> <span class='ocrx_word' id='word_1_601' title='bbox 2710 3512 2876 3552; x_wconf 88' lang='lat' dir='ltr'><strong>verna</strong></span> <span class='ocrx_word' id='word_1_602' title='bbox 2905 3508 3214 3567; x_wconf 83' lang='lat' dir='ltr'><strong>tempestas,</strong></span> <span class='ocrx_word' id='word_1_603' title='bbox 3233 3503 3591 3569; x_wconf 80' lang='lat' dir='ltr'><strong>quadraginta</strong></span> 
     </span>
    </p>
   </div>
   <div class='ocr_carea' id='block_1_80' title="bbox 2017 3588 3589 3663">
    <p class='ocr_par' dir='ltr' id='par_1_80' title="bbox 2017 3588 3589 3663">
     <span class='ocr_line' id='line_1_80' title="bbox 2017 3588 3589 3663; baseline 0.004 -24"><span class='ocrx_word' id='word_1_604' title='bbox 2017 3601 2183 3642; x_wconf 86' lang='lat' dir='ltr'><strong>naves</strong></span> <span class='ocrx_word' id='word_1_605' title='bbox 2240 3589 2478 3642; x_wconf 89' lang='lat' dir='ltr'><strong>strenuis</strong></span> <span class='ocrx_word' id='word_1_606' title='bbox 2541 3588 2895 3643; x_wconf 81' lang='lat' dir='ltr'><strong>bellatoribus</strong></span> <span class='ocrx_word' id='word_1_607' title='bbox 2947 3590 3201 3659; x_wconf 87' lang='lat' dir='ltr'><strong>complet,</strong></span> <span class='ocrx_word' id='word_1_608' title='bbox 3258 3600 3589 3663; x_wconf 74' lang='lat' dir='ltr'><strong>ventumque</strong></span> 
     </span>
    </p>
   </div>
   <div class='ocr_carea' id='block_1_81' title="bbox 2017 3678 3588 3750">
    <p class='ocr_par' dir='ltr' id='par_1_81' title="bbox 2017 3678 3588 3750">
     <span class='ocr_line' id='line_1_81' title="bbox 2017 3678 3588 3750; baseline 0.006 -20"><span class='ocrx_word' id='word_1_609' title='bbox 2017 3685 2206 3731; x_wconf 80' lang='lat' dir='ltr'><strong>nactus</strong></span> <span class='ocrx_word' id='word_1_610' title='bbox 2227 3678 2547 3738; x_wconf 89' lang='lat' dir='ltr'><strong>secundum,</strong></span> <span class='ocrx_word' id='word_1_611' title='bbox 2572 3678 2790 3733; x_wconf 82' lang='lat' dir='ltr'><strong>Cretam</strong></span> <span class='ocrx_word' id='word_1_612' title='bbox 2811 3695 2971 3735; x_wconf 87' lang='lat' dir='ltr'><strong>cursu</strong></span> <span class='ocrx_word' id='word_1_613' title='bbox 2991 3683 3146 3750; x_wconf 71' lang='lat' dir='ltr'><strong>petit,</strong></span> <span class='ocrx_word' id='word_1_614' title='bbox 3165 3684 3375 3737; x_wconf 69' lang='lat' dir='ltr'><strong>caeteris</strong></span> <span class='ocrx_word' id='word_1_615' title='bbox 3399 3685 3588 3739; x_wconf 78' lang='lat' dir='ltr'><strong>insulis</strong></span> 
     </span>
    </p>
   </div>
   <div class='ocr_carea' id='block_1_82' title="bbox 2017 3768 3583 3842">
    <p class='ocr_par' dir='ltr' id='par_1_82' title="bbox 2017 3768 3583 3842">
     <span class='ocr_line' id='line_1_82' title="bbox 2017 3768 3583 3842; baseline 0.003 -20"><span class='ocrx_word' id='word_1_616' title='bbox 2017 3770 2424 3838; x_wconf 66' lang='lat' dir='ltr'><strong>praztermissis.</strong></span> <span class='ocrx_word' id='word_1_617' title='bbox 2468 3768 2571 3825; x_wconf 88' lang='lat' dir='ltr'><strong>Ubi</strong></span> <span class='ocrx_word' id='word_1_618' title='bbox 2614 3771 2856 3835; x_wconf 83' lang='lat' dir='ltr'><strong>advenit,</strong></span> <span class='ocrx_word' id='word_1_619' title='bbox 2901 3774 2966 3826; x_wconf 87' lang='lat' dir='ltr'><strong>ad</strong></span> <span class='ocrx_word' id='word_1_620' title='bbox 3016 3775 3461 3842; x_wconf 85' lang='lat' dir='ltr'><strong>promontorium,</strong></span> <span class='ocrx_word' id='word_1_621' title='bbox 3498 3780 3583 3830; x_wconf 87' lang='lat' dir='ltr'><strong>cui</strong></span> 
     </span>
    </p>
   </div>
   <div class='ocr_carea' id='block_1_83' title="bbox 2019 3858 3655 3933">
    <p class='ocr_par' dir='ltr' id='par_1_83' title="bbox 2019 3858 3655 3933">
     <span class='ocr_line' id='line_1_83' title="bbox 2019 3858 3655 3933; baseline 0.004 -22"><span class='ocrx_word' id='word_1_622' title='bbox 2019 3873 2216 3912; x_wconf 83' lang='lat' dir='ltr'><strong>nomen</strong></span> <span class='ocrx_word' id='word_1_623' title='bbox 2275 3858 2509 3923; x_wconf 88' lang='lat' dir='ltr'><strong>Charax,</strong></span> <span class='ocrx_word' id='word_1_624' title='bbox 2559 3860 2888 3927; x_wconf 89' lang='lat' dir='ltr'><strong>appellitur:</strong></span> <span class='ocrx_word' id='word_1_625' title='bbox 2949 3876 3049 3916; x_wconf 87' lang='lat' dir='ltr'><strong>nec</strong></span> <span class='ocrx_word' id='word_1_626' title='bbox 3083 3862 3132 3917; x_wconf 90' lang='lat' dir='ltr'><strong>ei</strong></span> <span class='ocrx_word' id='word_1_627' title='bbox 3176 3866 3469 3933; x_wconf 86' lang='lat' dir='ltr'><strong>quidquam</strong></span> <span class='ocrx_word' id='word_1_628' title='bbox 3504 3869 3587 3921; x_wconf 87' lang='lat' dir='ltr'><strong>vel</strong></span> <span class='ocrx_word' id='word_1_629' title='bbox 3651 3913 3655 3918; x_wconf 95' lang='lat'><strong>.</strong></span> 
     </span>
    </p>
   </div>
   <div class='ocr_carea' id='block_1_84' title="bbox 2018 3949 3671 4024">
    <p class='ocr_par' dir='ltr' id='par_1_84' title="bbox 2018 3949 3671 4024">
     <span class='ocr_line' id='line_1_84' title="bbox 2018 3949 3671 4024; baseline 0.005 -19"><span class='ocrx_word' id='word_1_630' title='bbox 2018 3949 2387 4016; x_wconf 85' lang='lat' dir='ltr'><strong>descendenti,</strong></span> <span class='ocrx_word' id='word_1_631' title='bbox 2420 3950 2503 4004; x_wconf 87' lang='lat' dir='ltr'><strong>vel</strong></span> <span class='ocrx_word' id='word_1_632' title='bbox 2534 3950 2810 4019; x_wconf 88' lang='lat' dir='ltr'><strong>populanti</strong></span> <span class='ocrx_word' id='word_1_633' title='bbox 2842 3952 3039 4007; x_wconf 87' lang='lat' dir='ltr'><strong>hostile</strong></span> <span class='ocrx_word' id='word_1_634' title='bbox 3091 3957 3414 4024; x_wconf 89' lang='lat' dir='ltr'><strong>comparuit.</strong></span> <span class='ocrx_word' id='word_1_635' title='bbox 3455 3956 3588 4012; x_wconf 83' lang='lat' dir='ltr'><strong>Pro-</strong></span> <span class='ocrx_word' id='word_1_636' title='bbox 3665 3972 3671 3980; x_wconf 86' lang='lat'>&#39;</span> 
     </span>
    </p>
   </div>
   <div class='ocr_carea' id='block_1_85' title="bbox 2018 4040 3589 4113">
    <p class='ocr_par' dir='ltr' id='par_1_85' title="bbox 2018 4040 3589 4113">
     <span class='ocr_line' id='line_1_85' title="bbox 2018 4040 3589 4113; baseline 0.005 -19"><span class='ocrx_word' id='word_1_637' title='bbox 2018 4056 2237 4113; x_wconf 73' lang='lat' dir='ltr'><strong>gressus</strong></span> <span class='ocrx_word' id='word_1_638' title='bbox 2264 4040 2439 4095; x_wconf 79' lang='lat' dir='ltr'><strong>stadia</strong></span> <span class='ocrx_word' id='word_1_639' title='bbox 2470 4042 2690 4097; x_wconf 86' lang='lat' dir='ltr'><strong>circiter</strong></span> <span class='ocrx_word' id='word_1_640' title='bbox 2711 4051 2951 4109; x_wconf 90' lang='lat' dir='ltr'><strong>centum,</strong></span> <span class='ocrx_word' id='word_1_641' title='bbox 2990 4060 3155 4100; x_wconf 89' lang='lat' dir='ltr'><strong>naves</strong></span> <span class='ocrx_word' id='word_1_642' title='bbox 3184 4048 3251 4100; x_wconf 82' lang='lat' dir='ltr'><strong>ad</strong></span> <span class='ocrx_word' id='word_1_643' title='bbox 3283 4063 3443 4102; x_wconf 88' lang='lat' dir='ltr'><strong>unam</strong></span> <span class='ocrx_word' id='word_1_644' title='bbox 3473 4066 3589 4104; x_wconf 87' lang='lat' dir='ltr'><strong>om-</strong></span> 
     </span>
    </p>
   </div>
   <div class='ocr_carea' id='block_1_86' title="bbox 2018 4133 3586 4204">
    <p class='ocr_par' dir='ltr' id='par_1_86' title="bbox 2018 4133 3586 4204">
     <span class='ocr_line' id='line_1_86' title="bbox 2018 4133 3586 4204; baseline 0.006 -16"><span class='ocrx_word' id='word_1_645' title='bbox 2018 4148 2138 4197; x_wconf 87' lang='lat' dir='ltr'><strong>nes,</strong></span> <span class='ocrx_word' id='word_1_646' title='bbox 2184 4133 2380 4204; x_wconf 85' lang='lat' dir='ltr'><strong>injecto</strong></span> <span class='ocrx_word' id='word_1_647' title='bbox 2405 4136 2547 4203; x_wconf 74' lang='lat' dir='ltr'><strong>igne,</strong></span> <span class='ocrx_word' id='word_1_648' title='bbox 2573 4135 2862 4190; x_wconf 85' lang='lat' dir='ltr'><strong>comburit.</strong></span> <span class='ocrx_word' id='word_1_649' title='bbox 2895 4135 2969 4190; x_wconf 87' lang='lat' dir='ltr'><strong>Ea</strong></span> <span class='ocrx_word' id='word_1_650' title='bbox 2991 4152 3050 4190; x_wconf 91' lang='lat' dir='ltr'><strong>re</strong></span> <span class='ocrx_word' id='word_1_651' title='bbox 3077 4141 3382 4194; x_wconf 80' lang='lat' dir='ltr'><strong>conturbati</strong></span> <span class='ocrx_word' id='word_1_652' title='bbox 3406 4151 3459 4195; x_wconf 90' lang='lat' dir='ltr'><strong>et</strong></span> <span class='ocrx_word' id='word_1_653' title='bbox 3487 4144 3586 4197; x_wconf 86' lang='lat' dir='ltr'><strong>ob-</strong></span> 
     </span>
    </p>
   </div>
   <div class='ocr_carea' id='block_1_87' title="bbox 2019 4227 3685 4295">
    <p class='ocr_par' dir='ltr' id='par_1_87' title="bbox 2019 4227 3685 4295">
     <span class='ocr_line' id='line_1_87' title="bbox 2019 4227 3685 4295; baseline 0.005 -14"><span class='ocrx_word' id='word_1_654' title='bbox 2019 4227 2303 4294; x_wconf 77' lang='lat' dir='ltr'><strong>stupefacti</strong></span> <span class='ocrx_word' id='word_1_655' title='bbox 2357 4227 2579 4290; x_wconf 88' lang='lat' dir='ltr'><strong>milites,</strong></span> <span class='ocrx_word' id='word_1_656' title='bbox 2635 4243 2853 4281; x_wconf 85' lang='lat' dir='ltr'><strong>causam</strong></span> <span class='ocrx_word' id='word_1_657' title='bbox 2915 4230 3361 4295; x_wconf 82' lang='lat' dir='ltr'><strong>sciscitabantur,</strong></span> <span class='ocrx_word' id='word_1_658' title='bbox 3423 4249 3589 4289; x_wconf 84' lang='lat' dir='ltr'><strong>voces</strong></span> <span class='ocrx_word' id='word_1_659' title='bbox 3677 4251 3685 4257; x_wconf 86' lang='lat'>&#39;</span> 
     </span>
    </p>
   </div>
   <div class='ocr_carea' id='block_1_88' title="bbox 2021 4315 3587 4386">
    <p class='ocr_par' dir='ltr' id='par_1_88' title="bbox 2021 4315 3587 4386">
     <span class='ocr_line' id='line_1_88' title="bbox 2021 4315 3587 4386; baseline 0.001 -15"><span class='ocrx_word' id='word_1_660' title='bbox 2021 4315 2183 4371; x_wconf 81' lang='lat' dir='ltr'><strong>etiam</strong></span> <span class='ocrx_word' id='word_1_661' title='bbox 2221 4316 2507 4373; x_wconf 67' lang='lat' dir='ltr'><strong>seditiosae</strong></span> <span class='ocrx_word' id='word_1_662' title='bbox 2540 4317 3037 4372; x_wconf 82' lang='lat' dir='ltr'><strong>inuniscentes.llle</strong></span> <span class='ocrx_word' id='word_1_663' title='bbox 3076 4324 3270 4385; x_wconf 87' lang='lat' dir='ltr'><strong>iratus,</strong></span> <span class='ocrx_word' id='word_1_664' title='bbox 3307 4318 3467 4386; x_wconf 69' lang='lat' dir='ltr'><strong>«Vos,</strong></span> <span class='ocrx_word' id='word_1_665' title='bbox 3505 4323 3587 4373; x_wconf 87' lang='lat' dir='ltr'><strong>in-</strong></span> 
     </span>
    </p>
   </div>
   <div class='ocr_carea' id='block_1_89' title="bbox 348 4405 3587 4480">
    <p class='ocr_par' dir='ltr' id='par_1_89' title="bbox 348 4405 3587 4480">
     <span class='ocr_line' id='line_1_89' title="bbox 348 4405 3587 4480; baseline 0.001 -19"><span class='ocrx_word' id='word_1_666' title='bbox 348 4408 692 4462; x_wconf 69' lang='lat' dir='ltr'><strong>ardilicandas</strong></span> <span class='ocrx_word' id='word_1_667' title='bbox 738 4408 968 4471; x_wconf 80' lang='lat' dir='ltr'><strong>curavit,</strong></span> <span class='ocrx_word' id='word_1_668' title='bbox 1022 4415 1077 4460; x_wconf 86' lang='lat' dir='ltr'><strong>et</strong></span> <span class='ocrx_word' id='word_1_669' title='bbox 1108 4407 1349 4472; x_wconf 77' lang='lat' dir='ltr'><strong>piratica.-</strong></span> <span class='ocrx_word' id='word_1_670' title='bbox 1395 4406 1654 4460; x_wconf 64' lang='lat' dir='ltr'><strong>faciendse</strong></span> <span class='ocrx_word' id='word_1_671' title='bbox 1683 4406 1914 4460; x_wconf 88' lang='lat' dir='ltr'><strong>consilio</strong></span> <span class='ocrx_word' id='word_1_672' title='bbox 1948 4418 1990 4471; x_wconf 84' lang='grc' dir='ltr'>ι)</span> <span class='ocrx_word' id='word_1_673' title='bbox 2018 4407 2155 4475; x_wconf 86' lang='lat' dir='ltr'><strong>quit,</strong></span> <span class='ocrx_word' id='word_1_674' title='bbox 2190 4405 2351 4475; x_wconf 89' lang='lat' dir='ltr'><strong>hujus</strong></span> <span class='ocrx_word' id='word_1_675' title='bbox 2406 4408 2478 4461; x_wconf 86' lang='lat' dir='ltr'><strong>rei</strong></span> <span class='ocrx_word' id='word_1_676' title='bbox 2518 4422 2682 4461; x_wconf 84' lang='lat' dir='ltr'><strong>causa</strong></span> <span class='ocrx_word' id='word_1_677' title='bbox 2716 4408 2870 4473; x_wconf 85' lang='lat' dir='ltr'><strong>estis,</strong></span> <span class='ocrx_word' id='word_1_678' title='bbox 2908 4409 2998 4478; x_wconf 86' lang='lat' dir='ltr'><strong>qui</strong></span> <span class='ocrx_word' id='word_1_679' title='bbox 3035 4409 3303 4463; x_wconf 84' lang='lat' dir='ltr'><strong>coloniam</strong></span> <span class='ocrx_word' id='word_1_680' title='bbox 3341 4413 3587 4480; x_wconf 63' lang='lat' dir='ltr'><strong>quaeritis</strong></span> 
     </span>
    </p>
   </div>
   <div class='ocr_carea' id='block_1_90' title="bbox 350 4493 1910 4564">
    <p class='ocr_par' dir='ltr' id='par_1_90' title="bbox 350 4493 1910 4564">
     <span class='ocr_line' id='line_1_90' title="bbox 350 4493 1910 4564; baseline -0.001 -14"><span class='ocrx_word' id='word_1_681' title='bbox 350 4511 566 4551; x_wconf 87' lang='lat' dir='ltr'><strong>manum</strong></span> <span class='ocrx_word' id='word_1_682' title='bbox 598 4495 661 4549; x_wconf 87' lang='lat' dir='ltr'><strong>iis</strong></span> <span class='ocrx_word' id='word_1_683' title='bbox 688 4496 936 4549; x_wconf 80' lang='lat' dir='ltr'><strong>idoneam</strong></span> <span class='ocrx_word' id='word_1_684' title='bbox 960 4496 1244 4562; x_wconf 85' lang='lat' dir='ltr'><strong>imposuit,</strong></span> <span class='ocrx_word' id='word_1_685' title='bbox 1270 4510 1388 4563; x_wconf 70' lang='lat' dir='ltr'><strong>qum</strong></span> <span class='ocrx_word' id='word_1_686' title='bbox 1419 4496 1484 4548; x_wconf 85' lang='lat' dir='ltr'><strong>ad</strong></span> <span class='ocrx_word' id='word_1_687' title='bbox 1522 4493 1690 4564; x_wconf 71' lang='grc' dir='ltr'><strong>Ᾰῐεεεὶ</strong></span> <span class='ocrx_word' id='word_1_688' title='bbox 1740 4497 1910 4549; x_wconf 85' lang='lat' dir='ltr'><strong>maris</strong></span> 
     </span>
    </p>
   </div>
   <div class='ocr_carea' id='block_1_91' title="bbox 351 4584 1912 4649">
    <p class='ocr_par' dir='ltr' id='par_1_91' title="bbox 351 4584 1912 4649">
     <span class='ocr_line' id='line_1_91' title="bbox 351 4584 1912 4649; baseline -0.002 -8"><span class='ocrx_word' id='word_1_689' title='bbox 351 4587 556 4641; x_wconf 82' lang='lat' dir='ltr'><strong>insulas</strong></span> <span class='ocrx_word' id='word_1_690' title='bbox 578 4600 863 4648; x_wconf 81' lang='lat' dir='ltr'><strong>conversa,</strong></span> <span class='ocrx_word' id='word_1_691' title='bbox 911 4584 1101 4638; x_wconf 85' lang='lat' dir='ltr'><strong>multis</strong></span> <span class='ocrx_word' id='word_1_692' title='bbox 1128 4599 1220 4638; x_wconf 86' lang='lat' dir='ltr'><strong>eas</strong></span> <span class='ocrx_word' id='word_1_693' title='bbox 1253 4585 1653 4640; x_wconf 82' lang='lat' dir='ltr'><strong>calamitatibus</strong></span> <span class='ocrx_word' id='word_1_694' title='bbox 1700 4585 1912 4649; x_wconf 77' lang='lat' dir='ltr'><strong>afﬂixit,</strong></span> 
     </span>
    </p>
   </div>
   <div class='ocr_carea' id='block_1_92' title="bbox 348 4673 1911 4742">
    <p class='ocr_par' dir='ltr' id='par_1_92' title="bbox 348 4673 1911 4742">
     <span class='ocr_line' id='line_1_92' title="bbox 348 4673 1911 4742; baseline -0.002 -12"><span class='ocrx_word' id='word_1_695' title='bbox 348 4692 473 4731; x_wconf 90' lang='lat' dir='ltr'><strong>eum</strong></span> <span class='ocrx_word' id='word_1_696' title='bbox 512 4689 673 4729; x_wconf 85' lang='lat' dir='ltr'><strong>nemo</strong></span> <span class='ocrx_word' id='word_1_697' title='bbox 718 4683 882 4739; x_wconf 86' lang='lat' dir='ltr'><strong>esset,</strong></span> <span class='ocrx_word' id='word_1_698' title='bbox 917 4675 1011 4742; x_wconf 86' lang='lat' dir='ltr'><strong>qui</strong></span> <span class='ocrx_word' id='word_1_699' title='bbox 1052 4675 1348 4729; x_wconf 82' lang='lat' dir='ltr'><strong>resisteret.</strong></span> <span class='ocrx_word' id='word_1_700' title='bbox 1405 4673 1604 4728; x_wconf 87' lang='lat' dir='ltr'><strong>Omnes</strong></span> <span class='ocrx_word' id='word_1_701' title='bbox 1654 4675 1911 4728; x_wconf 82' lang='lat' dir='ltr'><strong>auxilium</strong></span> 
     </span>
    </p>
   </div>
   <div class='ocr_carea' id='block_1_93' title="bbox 348 4764 1911 4835">
    <p class='ocr_par' dir='ltr' id='par_1_93' title="bbox 348 4764 1911 4835">
     <span class='ocr_line' id='line_1_93' title="bbox 348 4764 1911 4835; baseline -0.002 -14"><span class='ocrx_word' id='word_1_702' title='bbox 348 4767 683 4835; x_wconf 74' lang='lat' dir='ltr'><strong>flagitabant,</strong></span> <span class='ocrx_word' id='word_1_703' title='bbox 740 4780 843 4821; x_wconf 82' lang='lat' dir='ltr'><strong>nec</strong></span> <span class='ocrx_word' id='word_1_704' title='bbox 903 4764 1356 4821; x_wconf 80' lang='lat' dir='ltr'><strong>tioneiscebantur</strong></span> <span class='ocrx_word' id='word_1_705' title='bbox 1406 4774 1603 4827; x_wconf 83' lang='lat' dir='ltr'><strong>tamen,</strong></span> <span class='ocrx_word' id='word_1_706' title='bbox 1655 4766 1911 4831; x_wconf 83' lang='lat' dir='ltr'><strong>quoniam</strong></span> 
     </span>
    </p>
   </div>
   <div class='ocr_carea' id='block_1_94' title="bbox 347 4856 1916 4924">
    <p class='ocr_par' dir='ltr' id='par_1_94' title="bbox 347 4856 1916 4924">
     <span class='ocr_line' id='line_1_94' title="bbox 347 4856 1916 4924; baseline -0.004 -9"><span class='ocrx_word' id='word_1_707' title='bbox 347 4858 575 4915; x_wconf 77' lang='lat' dir='ltr'><strong>Michael</strong></span> <span class='ocrx_word' id='word_1_708' title='bbox 626 4857 845 4922; x_wconf 83' lang='lat' dir='ltr'><strong>Balbus,</strong></span> <span class='ocrx_word' id='word_1_709' title='bbox 882 4857 1174 4924; x_wconf 75' lang='lat' dir='ltr'><strong>imperator</strong></span> <span class='ocrx_word' id='word_1_710' title='bbox 1204 4856 1502 4917; x_wconf 82' lang='lat' dir='ltr'><strong>Romanus,</strong></span> <span class='ocrx_word' id='word_1_711' title='bbox 1555 4857 1710 4910; x_wconf 82' lang='lat' dir='ltr'><strong>bellis</strong></span> <span class='ocrx_word' id='word_1_712' title='bbox 1744 4857 1916 4910; x_wconf 83' lang='lat' dir='ltr'><strong>civili-</strong></span> 
     </span>
    </p>
   </div>
   <div class='ocr_carea' id='block_1_95' title="bbox 347 4947 1913 5016">
    <p class='ocr_par' dir='ltr' id='par_1_95' title="bbox 347 4947 1913 5016">
     <span class='ocr_line' id='line_1_95' title="bbox 347 4947 1913 5016; baseline -0.004 -9"><span class='ocrx_word' id='word_1_713' title='bbox 347 4956 447 5007; x_wconf 90' lang='lat' dir='ltr'><strong>bus</strong></span> <span class='ocrx_word' id='word_1_714' title='bbox 479 4950 903 5011; x_wconf 74' lang='lat' dir='ltr'><strong>distrahebatur.</strong></span> <span class='ocrx_word' id='word_1_715' title='bbox 956 4947 1148 5016; x_wconf 85' lang='lat' dir='ltr'><strong>Itaque</strong></span> <span class='ocrx_word' id='word_1_716' title='bbox 1198 4947 1275 5000; x_wconf 88' lang='lat' dir='ltr'><strong>illi</strong></span> <span class='ocrx_word' id='word_1_717' title='bbox 1310 4963 1375 5002; x_wconf 85' lang='lat' dir='ltr'><strong>ex</strong></span> <span class='ocrx_word' id='word_1_718' title='bbox 1407 4948 1665 5005; x_wconf 87' lang='lat' dir='ltr'><strong>omnbius</strong></span> <span class='ocrx_word' id='word_1_719' title='bbox 1727 4948 1913 5000; x_wconf 83' lang='lat' dir='ltr'><strong>insulis</strong></span> 
     </span>
    </p>
   </div>
   <div class='ocr_carea' id='block_1_96' title="bbox 348 5036 1912 5106">
    <p class='ocr_par' dir='ltr' id='par_1_96' title="bbox 348 5036 1912 5106">
     <span class='ocr_line' id='line_1_96' title="bbox 348 5036 1912 5106; baseline -0.004 -9"><span class='ocrx_word' id='word_1_720' title='bbox 348 5041 630 5097; x_wconf 82' lang='lat' dir='ltr'><strong>commoda</strong></span> <span class='ocrx_word' id='word_1_721' title='bbox 656 5039 758 5094; x_wconf 83' lang='lat' dir='ltr'><strong>sibi</strong></span> <span class='ocrx_word' id='word_1_722' title='bbox 790 5039 958 5092; x_wconf 78' lang='lat' dir='ltr'><strong>multa</strong></span> <span class='ocrx_word' id='word_1_723' title='bbox 1001 5038 1409 5106; x_wconf 83' lang='lat' dir='ltr'><strong>comparabant.</strong></span> <span class='ocrx_word' id='word_1_724' title='bbox 1452 5038 1587 5091; x_wconf 89' lang='lat' dir='ltr'><strong>Cum</strong></span> <span class='ocrx_word' id='word_1_725' title='bbox 1617 5036 1912 5106; x_wconf 86' lang='lat' dir='ltr'><strong>aliquando</strong></span> 
     </span>
    </p>
   </div>
   <div class='ocr_carea' id='block_1_97' title="bbox 348 5132 1915 5200">
    <p class='ocr_par' dir='ltr' id='par_1_97' title="bbox 348 5132 1915 5200">
     <span class='ocr_line' id='line_1_97' title="bbox 348 5132 1915 5200; baseline -0.004 -11"><span class='ocrx_word' id='word_1_726' title='bbox 348 5138 415 5190; x_wconf 87' lang='lat' dir='ltr'><strong>ad</strong></span> <span class='ocrx_word' id='word_1_727' title='bbox 450 5135 669 5189; x_wconf 81' lang='lat' dir='ltr'><strong>Cretam</strong></span> <span class='ocrx_word' id='word_1_728' title='bbox 698 5146 868 5200; x_wconf 91' lang='lat' dir='ltr'><strong>usque</strong></span> <span class='ocrx_word' id='word_1_729' title='bbox 899 5132 1156 5194; x_wconf 81' lang='lat' dir='ltr'><strong>venisset,</strong></span> <span class='ocrx_word' id='word_1_730' title='bbox 1190 5145 1440 5197; x_wconf 82' lang='lat' dir='ltr'><strong>eamque,</strong></span> <span class='ocrx_word' id='word_1_731' title='bbox 1474 5138 1733 5197; x_wconf 90' lang='lat' dir='ltr'><strong>quantum</strong></span> <span class='ocrx_word' id='word_1_732' title='bbox 1765 5138 1915 5198; x_wconf 78' lang='lat' dir='ltr'><strong>pote-</strong></span> 
     </span>
    </p>
   </div>
   <div class='ocr_carea' id='block_1_98' title="bbox 348 5222 1908 5293">
    <p class='ocr_par' dir='ltr' id='par_1_98' title="bbox 348 5222 1908 5293">
     <span class='ocr_line' id='line_1_98' title="bbox 348 5222 1908 5293; baseline -0.006 -12"><span class='ocrx_word' id='word_1_733' title='bbox 348 5238 457 5292; x_wconf 88' lang='lat' dir='ltr'><strong>rat,</strong></span> <span class='ocrx_word' id='word_1_734' title='bbox 487 5232 813 5293; x_wconf 76' lang='lat' dir='ltr'><strong>pervagatus</strong></span> <span class='ocrx_word' id='word_1_735' title='bbox 857 5230 913 5275; x_wconf 88' lang='lat' dir='ltr'><strong>et</strong></span> <span class='ocrx_word' id='word_1_736' title='bbox 943 5222 1231 5291; x_wconf 86' lang='lat' dir='ltr'><strong>populatus</strong></span> <span class='ocrx_word' id='word_1_737' title='bbox 1259 5231 1422 5284; x_wconf 88' lang='lat' dir='ltr'><strong>esset,</strong></span> <span class='ocrx_word' id='word_1_738' title='bbox 1456 5229 1731 5287; x_wconf 86' lang='lat' dir='ltr'><strong>comperta</strong></span> <span class='ocrx_word' id='word_1_739' title='bbox 1757 5222 1908 5274; x_wconf 56' lang='lat' dir='ltr'><strong>bouiv</strong></span> 
     </span>
    </p>
   </div>
   <div class='ocr_carea' id='block_1_99' title="bbox 349 5306 1911 5379">
    <p class='ocr_par' dir='ltr' id='par_1_99' title="bbox 349 5306 1911 5379">
     <span class='ocr_line' id='line_1_99' title="bbox 349 5306 1911 5379; baseline -0.006 -5"><span class='ocrx_word' id='word_1_740' title='bbox 349 5329 458 5374; x_wconf 87' lang='lat' dir='ltr'><strong>tate</strong></span> <span class='ocrx_word' id='word_1_741' title='bbox 483 5328 537 5373; x_wconf 89' lang='lat' dir='ltr'><strong>et</strong></span> <span class='ocrx_word' id='word_1_742' title='bbox 572 5317 853 5372; x_wconf 80' lang='lat' dir='ltr'><strong>fertilitate</strong></span> <span class='ocrx_word' id='word_1_743' title='bbox 891 5314 1098 5379; x_wconf 69' lang='lat' dir='ltr'><strong>insulae,</strong></span> <span class='ocrx_word' id='word_1_744' title='bbox 1135 5314 1200 5366; x_wconf 88' lang='lat' dir='ltr'><strong>ad</strong></span> <span class='ocrx_word' id='word_1_745' title='bbox 1228 5328 1359 5367; x_wconf 91' lang='lat' dir='ltr'><strong>suos</strong></span> <span class='ocrx_word' id='word_1_746' title='bbox 1398 5306 1691 5367; x_wconf 82' lang='lat' dir='ltr'><strong>conversus</strong></span> <span class='ocrx_word' id='word_1_747' title='bbox 1726 5330 1739 5366; x_wconf 90' lang='lat'><strong>:</strong></span> <span class='ocrx_word' id='word_1_748' title='bbox 1784 5331 1803 5364; x_wconf 91' lang='grc'><strong><em>‹</em></strong></span> <span class='ocrx_word' id='word_1_749' title='bbox 1832 5314 1911 5367; x_wconf 83' lang='grc' dir='ltr'>Εη</span> 
     </span>
    </p>
   </div>
   <div class='ocr_carea' id='block_1_100' title="bbox 350 5402 1913 5476">
    <p class='ocr_par' dir='ltr' id='par_1_100' title="bbox 350 5402 1913 5476">
     <span class='ocr_line' id='line_1_100' title="bbox 350 5402 1913 5476; baseline -0.006 -11"><span class='ocrx_word' id='word_1_750' title='bbox 350 5424 515 5470; x_wconf 86' lang='lat' dir='ltr'><strong>terra,</strong></span> <span class='ocrx_word' id='word_1_751' title='bbox 545 5410 741 5476; x_wconf 89' lang='lat' dir='ltr'><strong>inquit,</strong></span> <span class='ocrx_word' id='word_1_752' title='bbox 765 5407 934 5460; x_wconf 86' lang='lat' dir='ltr'><strong>ﬂuens</strong></span> <span class='ocrx_word' id='word_1_753' title='bbox 961 5405 1099 5459; x_wconf 89' lang='lat' dir='ltr'><strong>lacte</strong></span> <span class='ocrx_word' id='word_1_754' title='bbox 1126 5413 1183 5457; x_wconf 92' lang='lat' dir='ltr'><strong>et</strong></span> <span class='ocrx_word' id='word_1_755' title='bbox 1212 5403 1388 5457; x_wconf 87' lang='lat' dir='ltr'><strong>melle.</strong></span> <span class='ocrx_word' id='word_1_756' title='bbox 1418 5422 1435 5454; x_wconf 84' lang='grc' dir='ltr'><strong>ι</strong></span> <span class='ocrx_word' id='word_1_757' title='bbox 1469 5402 1596 5457; x_wconf 74' lang='lat' dir='ltr'><strong>Ilaec</strong></span> <span class='ocrx_word' id='word_1_758' title='bbox 1650 5403 1913 5458; x_wconf 87' lang='lat' dir='ltr'><strong>barbarus</strong></span> 
     </span>
    </p>
   </div>
   <div class='ocr_carea' id='block_1_101' title="bbox 347 5495 1911 5567">
    <p class='ocr_par' dir='ltr' id='par_1_101' title="bbox 347 5495 1911 5567">
     <span class='ocr_line' id='line_1_101' title="bbox 347 5495 1911 5567; baseline -0.005 -11"><span class='ocrx_word' id='word_1_759' title='bbox 347 5502 415 5556; x_wconf 90' lang='lat' dir='ltr'><strong>de</strong></span> <span class='ocrx_word' id='word_1_760' title='bbox 462 5500 659 5554; x_wconf 86' lang='lat' dir='ltr'><strong>Creta:</strong></span> <span class='ocrx_word' id='word_1_761' title='bbox 697 5512 859 5567; x_wconf 86' lang='lat' dir='ltr'><strong>quam</strong></span> <span class='ocrx_word' id='word_1_762' title='bbox 920 5510 1075 5565; x_wconf 84' lang='lat' dir='ltr'><strong>poeta</strong></span> <span class='ocrx_word' id='word_1_763' title='bbox 1117 5495 1201 5549; x_wconf 89' lang='lat' dir='ltr'><strong>his</strong></span> <span class='ocrx_word' id='word_1_764' title='bbox 1248 5496 1427 5548; x_wconf 87' lang='lat' dir='ltr'><strong>verbis</strong></span> <span class='ocrx_word' id='word_1_765' title='bbox 1484 5495 1911 5549; x_wconf 86' lang='lat' dir='ltr'><strong>commendavit:</strong></span> 
     </span>
    </p>
   </div>
   <div class='ocr_carea' id='block_1_102' title="bbox 354 5586 1918 5657">
    <p class='ocr_par' dir='ltr' id='par_1_102' title="bbox 354 5586 1918 5657">
     <span class='ocr_line' id='line_1_102' title="bbox 354 5586 1918 5657; baseline -0.006 -12"><span class='ocrx_word' id='word_1_766' title='bbox 354 5612 373 5645; x_wconf 78' lang='grc' dir='ltr'><strong>ι</strong></span> <span class='ocrx_word' id='word_1_767' title='bbox 409 5593 592 5657; x_wconf 85' lang='lat' dir='ltr'><strong>Creta,</strong></span> <span class='ocrx_word' id='word_1_768' title='bbox 634 5592 899 5645; x_wconf 86' lang='lat' dir='ltr'><strong>honorata</strong></span> <span class='ocrx_word' id='word_1_769' title='bbox 937 5588 1115 5642; x_wconf 84' lang='lat' dir='ltr'><strong>nutrix</strong></span> <span class='ocrx_word' id='word_1_770' title='bbox 1163 5586 1335 5651; x_wconf 74' lang='lat' dir='ltr'><strong>Jovis,</strong></span> <span class='ocrx_word' id='word_1_771' title='bbox 1370 5587 1596 5653; x_wconf 71' lang='lat' dir='ltr'><strong>insignis</strong></span> <span class='ocrx_word' id='word_1_772' title='bbox 1645 5587 1918 5655; x_wconf 78' lang='lat' dir='ltr'><strong>magnitu-</strong></span> 
     </span>
    </p>
   </div>
   <div class='ocr_carea' id='block_1_103' title="bbox 348 5677 1915 5747">
    <p class='ocr_par' dir='ltr' id='par_1_103' title="bbox 348 5677 1915 5747">
     <span class='ocr_line' id='line_1_103' title="bbox 348 5677 1915 5747; baseline -0.006 -8"><span class='ocrx_word' id='word_1_773' title='bbox 348 5684 498 5747; x_wconf 75' lang='lat' dir='ltr'><strong>dine,</strong></span> <span class='ocrx_word' id='word_1_774' title='bbox 525 5688 773 5739; x_wconf 82' lang='lat' dir='ltr'><strong>ubertate</strong></span> <span class='ocrx_word' id='word_1_775' title='bbox 821 5688 875 5734; x_wconf 85' lang='lat' dir='ltr'><strong>et</strong></span> <span class='ocrx_word' id='word_1_776' title='bbox 925 5693 1247 5746; x_wconf 81' lang='lat' dir='ltr'><strong>pascuorum</strong></span> <span class='ocrx_word' id='word_1_777' title='bbox 1296 5677 1643 5732; x_wconf 84' lang='lat' dir='ltr'><strong>abundantia.</strong></span> <span class='ocrx_word' id='word_1_778' title='bbox 1685 5696 1703 5726; x_wconf 73' lang='grc' dir='ltr'><strong>ι</strong></span> <span class='ocrx_word' id='word_1_779' title='bbox 1754 5677 1915 5729; x_wconf 82' lang='lat' dir='ltr'><strong>Nullo</strong></span> 
     </span>
    </p>
   </div>
   <div class='ocr_carea' id='block_1_104' title="bbox 1982 4499 3588 4566">
    <p class='ocr_par' dir='ltr' id='par_1_104' title="bbox 1982 4499 3588 4566">
     <span class='ocr_line' id='line_1_104' title="bbox 1982 4499 3588 4566; baseline 0.003 -15"><span class='ocrx_word' id='word_1_780' title='bbox 1982 4558 1983 4561; x_wconf 26' lang='grc' dir='ltr'><strong>η</strong></span> <span class='ocrx_word' id='word_1_781' title='bbox 2017 4506 2069 4552; x_wconf 90' lang='lat' dir='ltr'><strong>et</strong></span> <span class='ocrx_word' id='word_1_782' title='bbox 2108 4507 2309 4551; x_wconf 88' lang='lat' dir='ltr'><strong>terram</strong></span> <span class='ocrx_word' id='word_1_783' title='bbox 2342 4499 2553 4551; x_wconf 83' lang='lat' dir='ltr'><strong>beatam</strong></span> <span class='ocrx_word' id='word_1_784' title='bbox 2585 4516 2599 4552; x_wconf 89' lang='lat'><strong>:</strong></span> <span class='ocrx_word' id='word_1_785' title='bbox 2644 4514 2879 4566; x_wconf 87' lang='lat' dir='ltr'><strong>namque</strong></span> <span class='ocrx_word' id='word_1_786' title='bbox 2910 4499 3045 4553; x_wconf 88' lang='lat' dir='ltr'><strong>mihi</strong></span> <span class='ocrx_word' id='word_1_787' title='bbox 3085 4501 3226 4552; x_wconf 83' lang='lat' dir='ltr'><strong>nulla</strong></span> <span class='ocrx_word' id='word_1_788' title='bbox 3254 4500 3357 4555; x_wconf 90' lang='lat' dir='ltr'><strong>hac</strong></span> <span class='ocrx_word' id='word_1_789' title='bbox 3393 4502 3588 4556; x_wconf 86' lang='lat' dir='ltr'><strong>melior</strong></span> 
     </span>
    </p>
   </div>
   <div class='ocr_carea' id='block_1_105' title="bbox 2016 4588 3586 4656">
    <p class='ocr_par' dir='ltr' id='par_1_105' title="bbox 2016 4588 3586 4656">
     <span class='ocr_line' id='line_1_105' title="bbox 2016 4588 3586 4656; baseline 0.004 -13"><span class='ocrx_word' id='word_1_790' title='bbox 2016 4604 2139 4644; x_wconf 88' lang='lat' dir='ltr'><strong>esse</strong></span> <span class='ocrx_word' id='word_1_791' title='bbox 2169 4589 2405 4655; x_wconf 86' lang='lat' dir='ltr'><strong>videtur,</strong></span> <span class='ocrx_word' id='word_1_792' title='bbox 2429 4598 2483 4645; x_wconf 91' lang='lat' dir='ltr'><strong>et</strong></span> <span class='ocrx_word' id='word_1_793' title='bbox 2513 4588 2619 4643; x_wconf 88' lang='lat' dir='ltr'><strong>huc</strong></span> <span class='ocrx_word' id='word_1_794' title='bbox 2652 4593 2767 4644; x_wconf 89' lang='lat' dir='ltr'><strong>vela</strong></span> <span class='ocrx_word' id='word_1_795' title='bbox 2800 4591 2937 4656; x_wconf 84' lang='lat' dir='ltr'><strong>feci,</strong></span> <span class='ocrx_word' id='word_1_796' title='bbox 2985 4602 3044 4647; x_wconf 87' lang='lat' dir='ltr'><strong>ut</strong></span> <span class='ocrx_word' id='word_1_797' title='bbox 3085 4602 3280 4647; x_wconf 63' lang='lat' dir='ltr'><strong>vestrae</strong></span> <span class='ocrx_word' id='word_1_798' title='bbox 3306 4595 3586 4649; x_wconf 82' lang='lat' dir='ltr'><strong>satisface-</strong></span> 
     </span>
    </p>
   </div>
   <div class='ocr_carea' id='block_1_106' title="bbox 2016 4679 3583 4753">
    <p class='ocr_par' dir='ltr' id='par_1_106' title="bbox 2016 4679 3583 4753">
     <span class='ocr_line' id='line_1_106' title="bbox 2016 4679 3583 4753; baseline 0.004 -21"><span class='ocrx_word' id='word_1_799' title='bbox 2016 4695 2130 4734; x_wconf 90' lang='lat' dir='ltr'><strong>rem</strong></span> <span class='ocrx_word' id='word_1_800' title='bbox 2162 4679 2448 4734; x_wconf 82' lang='lat' dir='ltr'><strong>voluntati.</strong></span> <span class='ocrx_word' id='word_1_801' title='bbox 2490 4683 2678 4749; x_wconf 86' lang='lat' dir='ltr'><strong>Itaque</strong></span> <span class='ocrx_word' id='word_1_802' title='bbox 2726 4681 2906 4747; x_wconf 83' lang='lat' dir='ltr'><strong>inscii,</strong></span> <span class='ocrx_word' id='word_1_803' title='bbox 2946 4697 3065 4751; x_wconf 83' lang='lat' dir='ltr'><strong>quas</strong></span> <span class='ocrx_word' id='word_1_804' title='bbox 3113 4698 3213 4753; x_wconf 78' lang='lat' dir='ltr'><strong>ego</strong></span> <span class='ocrx_word' id='word_1_805' title='bbox 3272 4700 3447 4753; x_wconf 79' lang='lat' dir='ltr'><strong>agam,</strong></span> <span class='ocrx_word' id='word_1_806' title='bbox 3484 4686 3583 4739; x_wconf 84' lang='lat' dir='ltr'><strong>ista</strong></span> 
     </span>
    </p>
   </div>
   <div class='ocr_carea' id='block_1_107' title="bbox 2016 4763 3580 4829">
    <p class='ocr_par' dir='ltr' id='par_1_107' title="bbox 2016 4763 3580 4829">
     <span class='ocr_line' id='line_1_107' title="bbox 2016 4763 3580 4829; baseline 0.003 -11"><span class='ocrx_word' id='word_1_807' title='bbox 2016 4763 2315 4818; x_wconf 84' lang='lat' dir='ltr'><strong>blateratis.</strong></span> <span class='ocrx_word' id='word_1_808' title='bbox 2360 4781 2379 4815; x_wconf 80' lang='grc' dir='ltr'><strong>ι</strong></span> <span class='ocrx_word' id='word_1_809' title='bbox 2418 4763 2509 4817; x_wconf 91' lang='lat' dir='ltr'><strong>His</strong></span> <span class='ocrx_word' id='word_1_810' title='bbox 2541 4765 2762 4829; x_wconf 87' lang='lat' dir='ltr'><strong>auditis,</strong></span> <span class='ocrx_word' id='word_1_811' title='bbox 2793 4766 3200 4823; x_wconf 82' lang='lat' dir='ltr'><strong>conticuerunt.</strong></span> <span class='ocrx_word' id='word_1_812' title='bbox 3236 4769 3371 4822; x_wconf 90' lang='lat' dir='ltr'><strong>Cum</strong></span> <span class='ocrx_word' id='word_1_813' title='bbox 3398 4782 3580 4824; x_wconf 89' lang='lat' dir='ltr'><strong>autem</strong></span> 
     </span>
    </p>
   </div>
   <div class='ocr_carea' id='block_1_108' title="bbox 2018 4856 3579 4926">
    <p class='ocr_par' dir='ltr' id='par_1_108' title="bbox 2018 4856 3579 4926">
     <span class='ocr_line' id='line_1_108' title="bbox 2018 4856 3579 4926; baseline 0.006 -18"><span class='ocrx_word' id='word_1_814' title='bbox 2018 4856 2261 4909; x_wconf 89' lang='lat' dir='ltr'><strong>nonnulli</strong></span> <span class='ocrx_word' id='word_1_815' title='bbox 2290 4870 2488 4910; x_wconf 83' lang='lat' dir='ltr'><strong>uxores</strong></span> <span class='ocrx_word' id='word_1_816' title='bbox 2514 4865 2567 4909; x_wconf 90' lang='lat' dir='ltr'><strong>et</strong></span> <span class='ocrx_word' id='word_1_817' title='bbox 2597 4856 2793 4911; x_wconf 86' lang='lat' dir='ltr'><strong>liberos</strong></span> <span class='ocrx_word' id='word_1_818' title='bbox 2815 4870 3318 4926; x_wconf 76' lang='lat' dir='ltr'><strong>commemorarent,</strong></span> <span class='ocrx_word' id='word_1_819' title='bbox 3337 4864 3579 4917; x_wconf 89' lang='lat' dir='ltr'><strong>occurrit</strong></span> 
     </span>
    </p>
   </div>
   <div class='ocr_carea' id='block_1_109' title="bbox 2016 4944 3577 5017">
    <p class='ocr_par' dir='ltr' id='par_1_109' title="bbox 2016 4944 3577 5017">
     <span class='ocr_line' id='line_1_109' title="bbox 2016 4944 3577 5017; baseline 0.005 -19"><span class='ocrx_word' id='word_1_820' title='bbox 2016 4944 2084 4999; x_wconf 90' lang='lat' dir='ltr'><strong>iis</strong></span> <span class='ocrx_word' id='word_1_821' title='bbox 2113 4962 2127 4998; x_wconf 93' lang='lat'><strong>:</strong></span> <span class='ocrx_word' id='word_1_822' title='bbox 2170 4964 2188 4996; x_wconf 78' lang='grc' dir='ltr'><strong>ι</strong></span> <span class='ocrx_word' id='word_1_823' title='bbox 2222 4944 2319 4999; x_wconf 83' lang='lat' dir='ltr'><strong>llic</strong></span> <span class='ocrx_word' id='word_1_824' title='bbox 2352 4955 2480 5000; x_wconf 88' lang='lat' dir='ltr'><strong>sunt</strong></span> <span class='ocrx_word' id='word_1_825' title='bbox 2516 4945 2767 5000; x_wconf 63' lang='lat' dir='ltr'><strong>formosa;</strong></span> <span class='ocrx_word' id='word_1_826' title='bbox 2798 4946 3038 5010; x_wconf 68' lang='lat' dir='ltr'><strong>feminae,</strong></span> <span class='ocrx_word' id='word_1_827' title='bbox 3097 4962 3130 5002; x_wconf 84' lang='lat' dir='ltr'><strong>e</strong></span> <span class='ocrx_word' id='word_1_828' title='bbox 3154 4950 3350 5017; x_wconf 88' lang='lat' dir='ltr'><strong>quibus</strong></span> <span class='ocrx_word' id='word_1_829' title='bbox 3380 4952 3577 5006; x_wconf 88' lang='lat' dir='ltr'><strong>liberos</strong></span> 
     </span>
    </p>
   </div>
   <div class='ocr_carea' id='block_1_110' title="bbox 2015 5025 3576 5106">
    <p class='ocr_par' dir='ltr' id='par_1_110' title="bbox 2015 5025 3576 5106">
     <span class='ocr_line' id='line_1_110' title="bbox 2015 5025 3576 5106; baseline 0.006 -24"><span class='ocrx_word' id='word_1_830' title='bbox 2015 5029 2395 5099; x_wconf 87' lang='lat' dir='ltr'><strong>procreabitis.</strong></span> <span class='ocrx_word' id='word_1_831' title='bbox 2433 5047 2453 5081; x_wconf 82' lang='grc' dir='ltr'><strong>ι</strong></span> <span class='ocrx_word' id='word_1_832' title='bbox 2496 5030 2697 5084; x_wconf 77' lang='lat' dir='ltr'><strong>Deinde</strong></span> <span class='ocrx_word' id='word_1_833' title='bbox 2731 5035 2875 5085; x_wconf 83' lang='lat' dir='ltr'><strong>fossa</strong></span> <span class='ocrx_word' id='word_1_834' title='bbox 2904 5025 3173 5099; x_wconf 70' lang='lat' dir='ltr'><strong>profundo</strong></span> <span class='ocrx_word' id='word_1_835' title='bbox 3197 5033 3361 5089; x_wconf 87' lang='lat' dir='ltr'><strong>ducta</strong></span> <span class='ocrx_word' id='word_1_836' title='bbox 3397 5048 3453 5090; x_wconf 87' lang='lat' dir='ltr'><strong>et</strong></span> <span class='ocrx_word' id='word_1_837' title='bbox 3477 5038 3576 5106; x_wconf 79' lang='grc' dir='ltr'><strong>χά-</strong></span> 
     </span>
    </p>
   </div>
   <div class='ocr_carea' id='block_1_111' title="bbox 2020 5121 3579 5192">
    <p class='ocr_par' dir='ltr' id='par_1_111' title="bbox 2020 5121 3579 5192">
     <span class='ocr_line' id='line_1_111' title="bbox 2020 5121 3579 5192; baseline 0.005 -17"><span class='ocrx_word' id='word_1_838' title='bbox 2020 5140 2167 5192; x_wconf 88' lang='grc' dir='ltr'>ρακι,</span> <span class='ocrx_word' id='word_1_839' title='bbox 2200 5122 2252 5175; x_wconf 94' lang='lat' dir='ltr'><strong>id</strong></span> <span class='ocrx_word' id='word_1_840' title='bbox 2272 5132 2357 5177; x_wconf 91' lang='lat' dir='ltr'><strong>est</strong></span> <span class='ocrx_word' id='word_1_841' title='bbox 2376 5121 2515 5175; x_wconf 79' lang='lat' dir='ltr'><strong>vallo</strong></span> <span class='ocrx_word' id='word_1_842' title='bbox 2544 5123 2886 5177; x_wconf 68' lang='lat' dir='ltr'><strong>communita</strong></span> <span class='ocrx_word' id='word_1_843' title='bbox 2929 5124 3092 5192; x_wconf 87' lang='lat' dir='ltr'><strong>(unde</strong></span> <span class='ocrx_word' id='word_1_844' title='bbox 3123 5126 3345 5181; x_wconf 89' lang='lat' dir='ltr'><strong>ductum</strong></span> <span class='ocrx_word' id='word_1_845' title='bbox 3382 5143 3579 5183; x_wconf 87' lang='lat' dir='ltr'><strong>nomen</strong></span> 
     </span>
    </p>
   </div>
   <div class='ocr_carea' id='block_1_112' title="bbox 2015 5213 3581 5283">
    <p class='ocr_par' dir='ltr' id='par_1_112' title="bbox 2015 5213 3581 5283">
     <span class='ocr_line' id='line_1_112' title="bbox 2015 5213 3581 5283; baseline 0.004 -14"><span class='ocrx_word' id='word_1_846' title='bbox 2015 5215 2275 5269; x_wconf 79' lang='lat' dir='ltr'><strong>Chandax</strong></span> <span class='ocrx_word' id='word_1_847' title='bbox 2330 5213 2482 5267; x_wconf 88' lang='lat' dir='ltr'><strong>locus</strong></span> <span class='ocrx_word' id='word_1_848' title='bbox 2527 5213 2794 5279; x_wconf 87' lang='lat' dir='ltr'><strong>hodieque</strong></span> <span class='ocrx_word' id='word_1_849' title='bbox 2845 5215 3068 5283; x_wconf 83' lang='lat' dir='ltr'><strong>servat),</strong></span> <span class='ocrx_word' id='word_1_850' title='bbox 3102 5216 3298 5271; x_wconf 88' lang='lat' dir='ltr'><strong>ibidem</strong></span> <span class='ocrx_word' id='word_1_851' title='bbox 3360 5229 3581 5274; x_wconf 88' lang='lat' dir='ltr'><strong>noctem</strong></span> 
     </span>
    </p>
   </div>
   <div class='ocr_carea' id='block_1_113' title="bbox 2017 5302 3589 5374">
    <p class='ocr_par' dir='ltr' id='par_1_113' title="bbox 2017 5302 3589 5374">
     <span class='ocr_line' id='line_1_113' title="bbox 2017 5302 3589 5374; baseline 0.001 -15"><span class='ocrx_word' id='word_1_852' title='bbox 2017 5311 2415 5373; x_wconf 80' lang='lat' dir='ltr'><strong>transegeruut.</strong></span> <span class='ocrx_word' id='word_1_853' title='bbox 2478 5303 2778 5372; x_wconf 86' lang='lat' dir='ltr'><strong>Imperator</strong></span> <span class='ocrx_word' id='word_1_854' title='bbox 2813 5302 3038 5358; x_wconf 72' lang='lat' dir='ltr'><strong>Michael</strong></span> <span class='ocrx_word' id='word_1_855' title='bbox 3067 5307 3214 5359; x_wconf 91' lang='lat' dir='ltr'><strong>brevi</strong></span> <span class='ocrx_word' id='word_1_856' title='bbox 3251 5318 3371 5374; x_wconf 87' lang='lat' dir='ltr'><strong>post</strong></span> <span class='ocrx_word' id='word_1_857' title='bbox 3406 5308 3475 5361; x_wconf 93' lang='lat' dir='ltr'><strong>de</strong></span> <span class='ocrx_word' id='word_1_858' title='bbox 3516 5309 3589 5362; x_wconf 81' lang='lat' dir='ltr'><strong>iis</strong></span> 
     </span>
    </p>
   </div>
   <div class='ocr_carea' id='block_1_114' title="bbox 2017 5394 3587 5465">
    <p class='ocr_par' dir='ltr' id='par_1_114' title="bbox 2017 5394 3587 5465">
     <span class='ocr_line' id='line_1_114' title="bbox 2017 5394 3587 5465; baseline 0.003 -17"><span class='ocrx_word' id='word_1_859' title='bbox 2017 5411 2139 5464; x_wconf 77' lang='lat' dir='ltr'><strong>qua:</strong></span> <span class='ocrx_word' id='word_1_860' title='bbox 2170 5395 2220 5449; x_wconf 93' lang='lat' dir='ltr'><strong>in</strong></span> <span class='ocrx_word' id='word_1_861' title='bbox 2251 5394 2411 5448; x_wconf 88' lang='lat' dir='ltr'><strong>Creta</strong></span> <span class='ocrx_word' id='word_1_862' title='bbox 2442 5410 2470 5447; x_wconf 90' lang='lat' dir='ltr'><strong>a</strong></span> <span class='ocrx_word' id='word_1_863' title='bbox 2504 5395 2795 5449; x_wconf 78' lang='lat' dir='ltr'><strong>Saracenis</strong></span> <span class='ocrx_word' id='word_1_864' title='bbox 2821 5407 3133 5465; x_wconf 80' lang='lat' dir='ltr'><strong>agerentur,</strong></span> <span class='ocrx_word' id='word_1_865' title='bbox 3164 5411 3260 5463; x_wconf 88' lang='lat' dir='ltr'><strong>per</strong></span> <span class='ocrx_word' id='word_1_866' title='bbox 3291 5396 3587 5452; x_wconf 74' lang='lat' dir='ltr'><strong>Photinum‘</strong></span> 
     </span>
    </p>
   </div>
   <div class='ocr_carea' id='block_1_115' title="bbox 2016 5486 3587 5558">
    <p class='ocr_par' dir='ltr' id='par_1_115' title="bbox 2016 5486 3587 5558">
     <span class='ocr_line' id='line_1_115' title="bbox 2016 5486 3587 5558; baseline 0 -16"><span class='ocrx_word' id='word_1_867' title='bbox 2016 5489 2523 5558; x_wconf 86' lang='lat' dir='ltr'><strong>protospatharium</strong></span> <span class='ocrx_word' id='word_1_868' title='bbox 2548 5499 2602 5543; x_wconf 86' lang='lat' dir='ltr'><strong>et</strong></span> <span class='ocrx_word' id='word_1_869' title='bbox 2624 5489 2939 5556; x_wconf 66' lang='lat' dir='ltr'><strong>praefectum</strong></span> <span class='ocrx_word' id='word_1_870' title='bbox 2963 5488 3139 5543; x_wconf 72' lang='lat' dir='ltr'><strong>Creta:</strong></span> <span class='ocrx_word' id='word_1_871' title='bbox 3163 5486 3363 5541; x_wconf 85' lang='lat' dir='ltr'><strong>certior</strong></span> <span class='ocrx_word' id='word_1_872' title='bbox 3385 5488 3587 5551; x_wconf 76' lang='lat' dir='ltr'><strong>factus,</strong></span> 
     </span>
    </p>
   </div>
   <div class='ocr_carea' id='block_1_116' title="bbox 2017 5579 3587 5651">
    <p class='ocr_par' dir='ltr' id='par_1_116' title="bbox 2017 5579 3587 5651">
     <span class='ocr_line' id='line_1_116' title="bbox 2017 5579 3587 5651; baseline -0.002 -17"><span class='ocrx_word' id='word_1_873' title='bbox 2017 5582 2109 5651; x_wconf 90' lang='lat' dir='ltr'><strong>qui</strong></span> <span class='ocrx_word' id='word_1_874' title='bbox 2138 5582 2324 5650; x_wconf 89' lang='lat' dir='ltr'><strong>copias</strong></span> <span class='ocrx_word' id='word_1_875' title='bbox 2355 5580 2458 5636; x_wconf 86' lang='lat' dir='ltr'><strong>sibi</strong></span> <span class='ocrx_word' id='word_1_876' title='bbox 2491 5580 2628 5635; x_wconf 89' lang='lat' dir='ltr'><strong>mitti</strong></span> <span class='ocrx_word' id='word_1_877' title='bbox 2660 5581 2848 5646; x_wconf 87' lang='lat' dir='ltr'><strong>voluit,</strong></span> <span class='ocrx_word' id='word_1_878' title='bbox 2887 5582 3087 5651; x_wconf 86' lang='lat' dir='ltr'><strong>quibus</strong></span> <span class='ocrx_word' id='word_1_879' title='bbox 3115 5580 3296 5632; x_wconf 85' lang='lat' dir='ltr'><strong>hostes</strong></span> <span class='ocrx_word' id='word_1_880' title='bbox 3331 5579 3587 5647; x_wconf 59' lang='lat' dir='ltr'><strong>dispellc-a</strong></span> 
     </span>
    </p>
   </div>
   <div class='ocr_carea' id='block_1_117' title="bbox 2020 5671 3592 5745">
    <p class='ocr_par' dir='ltr' id='par_1_117' title="bbox 2020 5671 3592 5745">
     <span class='ocr_line' id='line_1_117' title="bbox 2020 5671 3592 5745; baseline -0.004 -15"><span class='ocrx_word' id='word_1_881' title='bbox 2020 5685 2124 5742; x_wconf 86' lang='lat' dir='ltr'><strong>ret,</strong></span> <span class='ocrx_word' id='word_1_882' title='bbox 2152 5675 2473 5731; x_wconf 77' lang='lat' dir='ltr'><strong>Damianum</strong></span> <span class='ocrx_word' id='word_1_883' title='bbox 2499 5675 2806 5745; x_wconf 85' lang='lat' dir='ltr'><strong>quemdam,</strong></span> <span class='ocrx_word' id='word_1_884' title='bbox 2841 5674 3093 5729; x_wconf 87' lang='lat' dir='ltr'><strong>comitem</strong></span> <span class='ocrx_word' id='word_1_885' title='bbox 3127 5671 3319 5725; x_wconf 76' lang='lat' dir='ltr'><strong>stabuli</strong></span> <span class='ocrx_word' id='word_1_886' title='bbox 3357 5671 3592 5740; x_wconf 76' lang='lat' dir='ltr'><strong>impera-</strong></span> 
     </span>
    </p>
   </div>
  </div>
