4096 6300
527 336 634 403 719

1751 327 2075 388 GEORGII
2106 324 2533 387 PHRANTZ/E

3659 315 3776 377 7Ξο

534 456 807 527 ρασκευῆς
838 451 1154 507 ἀπέστειλεν
1189 451 1216 501 6
1262 448 1510 517 βασιλεὺς
1562 448 1616 499 ἐν
1666 449 1732 516 τῇ
1766 447 1960 515 Κρήτῃ
2013 445 2091 502 είς
2120 448 2164 505 Α
2196 460 2329 507 πους
2350 458 2361 471 ·
2386 443 2453 496 τὰ
2480 444 2536 498 δὲ
2565 443 2663 514 ὅρη
2689 444 2858 513 αὑτῆς
2878 442 2979 496 οὑκ
2996 442 3251 495 ἐλάττονα
3275 437 3366 493 τοῦ
3394 437 3671 506 Ταῦγέτου
3706 441 3769 492 ἐν

525 549 778 618 βοήθειαν
824 546 917 597 τοὺ
961 540 1267 611 στρατηγοῦ
1311 537 1611 601 Φωτεινοῦ,
1670 539 1765 589 καὶ
1794 537 2084 597 ἐνωθέντες

527 640 665 706 μετὰ
709 636 812 689 τῶν
856 632 1168 701 Ἀγαρηνῶν
1203 631 1353 683 οὐδὲν
1398 631 1671 700 χρήσιμον
1722 629 1907 690 αὐτοῖς
1935 626 2087 688 τέλος

522 728 764 796 ἐγεγόνει
789 741 803 757 ·
851 724 1156 796 προσϐολῆς
1183 722 1238 775 δὲ
1267 723 1565 791 γενομένης
1608 722 1636 772 6
1670 720 1938 790 Δαμιανδς
1966 737 2087 772 και-

523 824 653 887 ρίως
678 818 908 887 πληγεὶς
937 816 1030 868 καὶ
1052 816 1163 873 τοῖς
1184 815 1391 874 λοιποῖς
1415 812 1623 881 τροπῆς
1649 812 1871 879 γέγονεν
1889 811 2082 872 αἴτιος,

518 912 612 963 καὶ
636 911 662 960 6
690 909 952 968 Φωτεινδς
981 906 1134 977 μόλις
1162 908 1218 957 ἐν
1260 906 1499 973 δρόμωνι
1530 902 1855 965 διασώζεται
1886 905 1981 977 καὶ
2007 902 2084 971 τῷ

519 1002 727 1068 βασιλεῖ
765 1000 995 1065 ἄγγελος
1046 997 1280 1063 γίνεται.
1329 994 1604 1061 Ἐγεγόνει
1642 993 1697 1045 δὲ
1729 994 1888 1055 αὑτὸς
1931 995 1957 1044 ὁ
1988 993 2086 1046 πό-

516 1090 682 1156 λεμος
726 1089 819 1141 καὶ
863 1091 895 1157 ή
928 1088 1198 1157 προσϐολὴ
1230 1086 1523 1155 μακρόθεν,
1580 1085 1705 1137 ἔνθα
1733 1086 1765 1151 ἡ
1819 1084 1970 1146 πόλις
1993 1083 2086 1136 τοῦ

517 1180 799 1241 Χὰνδακος
828 1180 1200 1247 ᾠκοδόμηται,
1236 1178 1367 1231 ὡσεὶ
1404 1176 1654 1238 σταδίους
1702 1176 1900 1237 είκοσι,
1949 1175 2087 1243 πρὸς

516 1272 584 1322 τὰ
620 1272 757 1341 μέρη
792 1270 885 1321 τοῦ
911 1273 1076 1323 τόπου
1105 1269 1199 1321 τοῦ
1234 1269 1531 1337 λεγομένου
1566 1265 1861 1334 ’Δλμυροῦ,
1890 1268 1949 1317 ἐν
1977 1264 2086 1317 ἔτει

519 1368 687 1433 ,ςτμκ
727 1361 836 1413 Καὶ
860 1361 1021 1414 πάλιν
1061 1361 1173 1421 τοῖς
1215 1357 1538 1427 Ἀγαρηνοῖς
1567 1355 1629 1407 οὗ
1670 1353 1907 1405 διέλιπον
1926 1369 2085 1422 φρον·

518 1452 660 1513 τίδες
688 1451 782 1502 καὶ
810 1450 1057 1517 λογισμοὶ
1088 1449 1183 1501 καὶ
1234 1446 1407 1499 δειλία
1438 1445 1532 1498 καὶ
1566 1443 1782 1510 ταραχὴ
1816 1441 1906 1493 καὶ
1936 1442 2090 1510 μέριο

521 1562 647 1611 μνα.
691 1543 799 1597 Καὶ
829 1542 1009 1595 αὐτῶν
1037 1541 1211 1601 οὑτως
1244 1540 1474 1607 ἐχόντων
1507 1537 1739 1604 μοναχός
1764 1550 1848 1596 τις
1882 1534 1945 1585 ἐκ
1979 1531 2089 1584 τῶν

520 1637 689 1705 ὀρέων
722 1638 816 1703 τῆς
862 1637 1027 1703 νήσου
1064 1634 1401 1693 ἐπικαταὸἂς
1433 1630 1770 1700 ἁμαρτάνειν
1805 1627 2011 1696 ἔφησεν
2037 1625 2087 1678 οἳ

521 1727 773 1794 ἀσφαλῶς
807 1725 1252 1793 ὑπολαμϐάνουσι
1288 1724 1636 1786 κατοικήσειν
1692 1720 2085 1787 οἰκοδομήσαν-

521 1833 606 1877 τες
640 1818 697 1867 ἐν
744 1815 879 1883 τῷδε
909 1814 985 1883 τῷ
1015 1815 1194 1882 τόπῳ·
1234 1812 1473 1880 καὶ-ἃμα
1495 1811 1668 1877 λέγων
1708 1810 1872 1861 τόπον
1915 1808 2083 1870 δεξιὸν

520 1909 610 1959 καὶ
637 1907 807 1974 εὑφυῆ
841 1906 976 1975 πρδς
1032 1907 1210 1958 πᾶσαν
1257 1904 1549 1971 εὐετηρίαν
1587 1901 1853 1966 ὑπέδειξε.
1887 1901 1994 1952 Καὶ
2028 1901 2087 1951 ἐν

519 1999 692 2064 τούτῳ
724 1998 983 2066 φρούριον
1023 1997 1174 2064 101
1233 1990 1553 2063 ἱδρύσαντες
1585 1993 1679 2044 καὶ
1707 1991 1889 2053 καλῶς
1918 1992 2085 2059 ἀκρο-

520 2092 861 2153 πολίσαντες,
889 2089 916 2143 6
939 2091 1031 2142 καὶ
1050 2090 1304 2143 Χάνδακα
1330 2088 1643 2155 ὠνόμασαν,
1672 2087 1766 2139 καὶ
1798 2088 1861 2137 ἐκ
1890 2085 2083 2137 τούτου

520 2180 827 2250 ὁρμώμενοι
865 2184 960 2247 τήν
988 2181 1117 2250 ὅλην
1149 2182 1311 2249 νῆσον
1364 2180 1693 2247 κατέτρεχον
1724 2179 1819 2230 καὶ
1849 2179 1946 2240 τὰς
1971 2178 2085 2229 λοι-

520 2274 625 2334 πὰς
672 2274 847 2336 πάσας
890 2274 1072 2334 πόλεις
1102 2273 1200 2341 τῆς
1248 2274 1413 2340 νήσου
1447 2272 1769 2330 ἐδούλωσαν,
1818 2270 1958 2336 πλὴν
1988 2271 2084 2333 τῆς

522 2361 791 2429 Γορτύνης
836 2366 927 2413 καὶ
962 2361 1262 2421 Κυδωνίας.
1291 2362 1397 2412 Καὶ
1427 2358 1599 2420 οὕτως
1642 2359 1738 2427 μέν
1761 2359 1793 2425 ή
1821 2359 2010 2425 Κρήτη
2049 2359 2080 2425 ή

524 2450 629 2516 μία
646 2451 754 2501 τῶν
782 2451 1112 2519 περιφήμων
1145 2451 1283 2501 ἐπτὰ
1314 2448 1564 2517 μεγάλων
1595 2449 1780 2514 νήσων
1808 2446 1951 2498 ἐὰλω
1980 2446 2083 2497 ὑπὸ

519 2540 626 2591 τῶν
663 2539 930 2593 ’Ῑσπανῶν
968 2540 1322 2608 Σαρακηνῶν.
1359 2539 1469 2591 Καὶ
1502 2537 1659 2600 αὖθις
1701 2538 1838 2605 μετὰ
1881 2537 1999 2600 ἔτος
2029 2537 2086 2591 ἓν

520 2629 823 2699 ὀβασιλεὺς
858 2632 1079 2699 Μιχαὴλ
1150 2630 1341 2700 ἕτερον
1401 2629 1587 2680 στέλον
1642 2629 1919 2696 ἐκπέμπει
1964 2628 2087 2681 κατ’

521 2722 720 2784 αὐτῶν,
753 2724 845 2797 xu}
876 2722 1027 2774 οὑδέν
1056 2722 1204 2786 ἄξιον
1243 2720 1403 2789 ἔργον
1429 2719 1694 2787 ἐποίησαν
1715 2734 1730 2750 ο
1786 2719 1882 2771 καὶ
1906 2720 1953 2770 oi
1979 2719 2083 2770 Σα-

523 2814 750 2881 ρακηνοὶ
783 2812 876 2866 τοῦ
925 2812 1118 2865 λοιποῦ
1177 2812 1496 2881 ἀμερίμνως
1527 2810 1734 2876 διῆγον,
1770 2810 1866 2862 καὶ
1906 2810 2087 2877 πάσης

521 2905 621 2971 τῆς
667 2904 830 2971 νήσου
882 2902 1209 2971 κληρονόμοι
1273 2905 1368 2954 καὶ
1399 2902 1580 2967 κύριοι
1626 2899 1933 2966 γεγόνασιν,
1993 2900 2090 2951 καὶ¹

523 2993 708 3045 πολλοὶ
767 2994 1085 3060 Χριστιανοὶ
1116 2991 1254 3059 ὑπὲρ
1290 2991 1388 3059 τῆς
1440 2990 1627 3056 ὑγιοῦς
1653 2991 1809 3058 ἡμῶν
1846 2990 2087 3053 πίστεως

2189 534 2266 603 τῷ
2294 533 2423 602 ὑψει
2442 550 2456 564 ⁸
2483 535 2599 603 ἔχει
2620 536 2676 587 δέ
2710 534 2895 596 πόλεις
2922 534 3173 596 παλαιὰς,
3194 531 3443 593 πλείονας
3477 532 3510 600 ἣ
3541 531 3649 583 τῶν
3678 534 3771 584 ἐν·

2187 628 2506 695 νενήκοντα,
2566 626 2827 694 μεγίστας
2870 626 2926 678 δέ
2981 626 3078 679 καὶ
3107 625 3541 693 ἐπιφανεστάτας
3571 626 3724 691 τρεῖς
3749 667 3763 687 ,

2189 716 2469 779 Κνωσσδν,
2498 718 2772 786 Γόρτυναν
2804 720 2899 770 καὶ
2920 717 3224 770 Κυδωνίαν.
3243 709 3344 771 Ὧν
3372 718 3399 768 6
3427 717 3592 777 Μίνος
3619 716 3648 769 6
3669 698 3769 785 βα-

2190 806 2370 867 σιλεὺς
2395 808 2643 877 Κρήτης,
2670 808 3128 876 θαλαττοκρατῶν
3148 825 3299 869 ποτε,
3333 807 3435 875 τὴν
3463 806 3625 874 νῆσον
3646 824 3771 874 τρι-

2189 897 2259 965 χῆ
2292 898 2502 963 διελὼν,
2530 900 2587 951 ἐν
2615 901 2830 967 ἑκάστῳ
2862 902 3017 968 μέρει
3045 900 3237 962 κτίσας
3266 899 3553 967 πόλιν,τήν
3576 901 3772 953 Κνωσ-

2191 990 2285 1041 σὸν
2316 990 2654 1059 κατάντικρυ
2697 992 2795 1060 τῆς
2852 992 3303 1058 Πελοποννήσου·
3358 989 3503 1060 α’ὑτη
3536 990 3591 1042 δέ
3641 991 3768 1042 ἐστι

2188 1078 2573 1148 προσϐόρειος.
2609 1080 2779 1142 Οὗτος
2802 1081 2829 1132 6
2860 1080 3117 1149 βασιλεὺς
3145 1083 3172 1133 6
3201 1082 3393 1145 Μῖνος,
3430 1084 3505 1142 ὡς
3531 1082 3770 1149 ίστορεῖ-

2188 1185 2300 1232 ται,
2346 1171 2560 1238 πρῶτος
2616 1171 2715 1239 τὴν
2774 1172 2995 1241 Κρήτην
3053 1171 3413 1241 ἐξημερώσας
3463 1170 3767 1239 νομοθέτης

2193 1260 2412 1325 ἐγένετο
2444 1261 2767 1324 σπουδαῖος·
2812 1262 2895 1314 διὸ
2943 1262 3091 1329 λέγει
3147 1264 3242 1316 καὶ
3292 1265 3319 1316 6
3349 1263 3581 1331 ποιητής
3632 1264 3767 1330 περὶ

2188 1349 2349 1401 αὑτοῦ
2369 1366 2383 1381 ο
2421 1369 2440 1401 ‹
2478 1352 2577 1404 Διὰ
2599 1352 2696 1418 τὴν
2725 1352 2899 1420 ἄκραν
2936 1353 3286 1421 δικαιοσύνην
3310 1355 3480 1414 Μῖνος
3517 1355 3609 1405 καὶ
3635 1352 3768 1405 Ῥα-

2186 1440 2479 1506 δάμανθος,
2512 1443 2735 1510 Κρῆται
2766 1444 2944 1508 ὄντες,
2991 1445 3095 1496 61:6
3116 1444 3210 1497 τοῦ
3238 1444 3356 1506 Διὸς
3389 1446 3571 1513 κριταὶ
3604 1460 3767 1495 κατε-

2189 1531 2469 1601 στάθησαν
2496 1534 2651 1604 102
2678 1537 2735 1588 ἐν
2763 1540 2880 1599 ταῖς
2910 1538 3023 1589 τῶν
3050 1536 3318 1605 μακάρων
3343 1538 3551 1605 νήσοις.
3592 1552 3611 1587 ι
3650 1534 3767 1585 Καὶ

2188 1622 2358 1676 ταῦτα
2383 1625 2511 1693 περὶ
2538 1626 2633 1679 τοῦ
2669 1628 2903 1689 Μίνωος.
2932 1628 3005 1680 Ἠ
3026 1628 3082 1680 δὲ
3110 1628 3351 1698 Γόρτυνα
3380 1630 3561 1679 κεῖται
3584 1628 3640 1678 ἐν
3666 1642 3765 1676 περ

2188 1715 2285 1785 δίῳ
2317 1716 2453 1785 πρὸς
2480 1717 2540 1769 τδ
2569 1717 2777 1785 Λιϐύης
2810 1718 3066 1793 πέλαγος,
3103 1719 3297 1787 ἀπέχει
3330 1718 3385 1771 δὲ
3435 1716 3531 1785 τῆς
3564 1715 3765 1769 θαλατ-

2124 1787 2162 1840 Β
2192 1823 2290 1875 της
2327 1807 2575 1869 σταδίους
2610 1810 2897 1877 ἐξήκοντα,
2938 1787 3233 1861 παλαιόθεν
3290 1810 3390 1877 μὲν
3419 1807 3766 1875 τετειχισμέ-

2195 1912 2282 1962 νη,
2308 1894 2535 1965 ὕστερον
2566 1898 2621 1949 δέ
2660 1898 2766 1950 ὑπὸ
2795 1897 2889 1950 τοῦ
2922 1898 3116 1967 καιροῦ
3147 1898 3214 1951 τὰ
3242 1899 3397 1967 τείχη
3419 1898 3690 1966 φθαρέντα
3710 1896 3762 1964 ή

2196 1986 2440 2040 πολιτεία
2465 1986 2602 2054 αὑτὴ
2632 1987 2824 2056 ήθελον
2856 1989 3019 2041 πάλιν
3049 1989 3307 2057 τειχίσαι,
3333 1990 3427 2040 καὶ
3454 1986 3623 2055 ἀρχὴν
3656 1986 3763 2039 λα-

2192 2074 2363 2126 ϐοῦσα
2399 2074 2687 2137 κτίσαντες
2709 2078 2887 2144 τεῖχος
2917 2075 3104 2129 στάδια
3136 2075 3489 2143 ὀγδοήκοντα,
3518 2074 3611 2125 καὶ
3636 2071 3765 2124 στάς
3826 2072 3829 2075 ’

2194 2183 2334 2228 σεως
2358 2167 2655 2235 γενομένης
2681 2168 2958 2233 ἀναμέσον
2987 2166 3047 2219 τδ
3074 2168 3234 2234 ἔργον
3263 2154 3449 2227 ἀτελὲς
3472 2164 3761 2233 διέμεινεν.

2202 2254 2268 2305 Ἦ
2296 2254 2351 2305 δέ
2393 2256 2643 2307 Κυδωνία
2678 2256 2904 2324 μεγίστη
2950 2256 3049 2324 τὴν
3082 2254 3402 2323 προσθήκην
3448 2248 3540 2323 ἦν,
3585 2255 3769 2304 κεῖται

2192 2343 2248 2395 δὲ
2284 2342 2418 2411 αὕτη
2454 2346 2487 2411 ή
2521 2345 2676 2407 πόλις
2707 2345 2843 2413 πρὸς
2875 2347 2988 2405 τοῖς
3033 2344 3309 2414 ἑσπερίοις
3345 2344 3443 2408 τῆς
3474 2344 3638 2412 νήσου
3669 2342 3769 2394 πέ-

2195 2454 2342 2507 ρασι,
2370 2438 2439 2489 τὰ
2491 2436 2546 2489 δὲ
2577 2439 2675 2506 ὅρη
2714 2438 2780 2490 τὰ
2829 2438 2995 2504 ἐγγὺς
3026 2436 3197 2503 αὐτῆς
3226 2438 3290 2487 τὰ
3320 2434 3498 2503 ὑψηλὰ
3534 2433 3767 2501 Τίτυρος

2193 2528 2488 2581 καλοῦνται
2511 2546 2526 2560 ο
2558 2529 2772 2597 ἵδρυται
2801 2530 2855 2581 δὲ
2887 2531 2979 2581 ἐπὶ
3012 2528 3310 2595 θαλάσσης,
3334 2526 3605 2595 βλέπουσα
3632 2525 3769 2592 πρὸς

2195 2618 2297 2688 τὴν
2325 2618 2650 2685 Λακωνικὴν
2679 2618 2927 2683 πεδιάδα,
2972 2618 3154 2686 ἀγαθὴ
3185 2619 3276 2669 καὶ
3316 2616 3433 2668 λίαν
3458 2615 3773 2682 πανεύμορ·

2196 2726 2295 2776 φος
2326 2710 2419 2760 καὶ
2453 2710 2620 2762 πολλὰ
2671 2709 3208 2777 κὺκλωοενςέχουσα.
3245 2707 3447 2760 Λοιπὸν
3474 2708 3552 2767 εἰς
3582 2704 3710 2774 τρία
3736 2707 3767 2773 ἡ

2193 2799 2379 2866 νῆσος,
2414 2800 2486 2861 ὡς
2524 2800 2884 2869 προείπομεν,
2924 2800 3273 2869 μεμέρισται,
3302 2798 3400 2850 καλ⁷
3423 2797 3483 2848 τὸ
3509 2798 3606 2865 μὲν
3634 2797 3769 2864 πρὸς

2191 2890 2343 2960 ὴῲαν
2378 2893 2542 2963 μέρος
2599 2896 2655 2945 ἐν
2691 2896 2801 2956 τοῖς
2852 2893 2953 2961 τῆς
2996 2892 3266 2961 Γορτὺνης
3316 2891 3513 2961 μέρεσι
3544 2891 3769 2959 Δωριεῖς

2192 2977 2421 3033 ἐκάλουν
2447 3021 2461 3043 ,
2513 2980 2574 3032 τὸ
2605 2980 2662 3033 δὲ
2698 2980 2872 3033 νότιον
2920 2982 3302 3050 Ἐτεόκρητας,
3347 2981 3404 3031 ἐν
3434 2973 3478 3045 ᾦ
3513 2979 3627 3033 ἐστι
3674 2980 3769 3031 καὶ

523 3082 602 3151 τῷ
645 3083 821 3152 καιρῷ
858 3083 1052 3150 ἐκείνῳ
1111 3082 1522 3151 ἐμαρτύρησαν,
1560 3081 1718 3131 Ἐστι
1760 3080 1815 3132 δὲ
1868 3081 2092 3150 {Iv-7100;
2121 3112 2160 3165 C
2195 3067 2550 3165 τὸπολίχνιον
2580 3072 2821 3139 ΙΙράσου.
2865 3071 2926 3124 τὸ
2950 3072 3004 3124 δὲ
3029 3072 3243 3123 δυτικδν
3289 3071 3452 3139 μέρος
3474 3070 3766 3132 Κύδωνας·

526 3175 663 3244 αὕτη
699 3176 883 3244 ὀρεινὴ
914 3177 1005 3228 καὶ
1033 3174 1241 3236 δασεῖα,
1272 3172 1384 3243 ἔχει
1410 3174 1466 3225 δέ
1488 3172 1583 3226 καὶ
1620 3172 1861 3234 αὐλῶνας
1890 3172 2095 3241 εὐκάρ-

494 3420 495 3425 ,
528 3360 676 3421 totii,
708 3332 829 3412 cum
865 3357 1062 3427 ingenti
1093 3356 1334 3409 exercitu
1362 3364 1415 3408 et
1461 3363 1733 3421 apparatu
1775 3352 1827 3405 in
1879 3350 2094 3405 Cretam

530 3452 597 3505 ad
627 3451 775 3503 illum
807 3448 1167 3517 adiuvandum
1205 3446 1372 3499 misit.
1408 3445 1601 3497 Verum
1655 3443 1950 3506 enimvero,
1972 3457 2099 3495 cou-u

522 3542 729 3609 junctis
755 3540 879 3593 licet
906 3537 1130 3600 viribus,
1168 3536 1299 3589 nihil
1329 3536 1615 3587 adversum
1665 3534 1939 3601 Agareuos
1971 3546 2097 3599 pro-

530 3636 798 3687 fecerunt.
823 3630 1029 3697 Quippe
1055 3629 1246 3697 proelio
1268 3642 1384 3681 eom
1396 3627 1582 3687 misso,
1610 3622 1922 3687 Damiauus,
1943 3624 2096 3692 plaga

529 3728 805 3779 mortifera
857 3724 1195 3785 vulneratus,
1250 3720 1413 3773 etiam
1476 3717 1702 3785 reliquis
1734 3731 1898 3770 causa
1961 3716 2098 3783 lug:c

529 3816 653 3876 luit,
678 3825 732 3869 et
782 3815 1045 3867 Photinus
1076 3813 1127 3865 in
1164 3825 1305 3878 equo
1332 3808 1499 3862 veloci
1538 3822 1680 3875 mgre
1711 3816 1983 3868 servatus,
2019 3804 2095 3858 rei

526 3907 774 3960 nuntium
828 3903 1143 3972 imperatori
1206 3901 1409 3954 attulit.
1447 3898 1608 3952 Facta
1644 3906 1727 3951 est
1773 3899 1886 3952 haec
1917 3912 2095 3966 pugna

527 3995 646 4047 loco
668 3995 734 4047 ab
755 3992 889 4047 urbe
907 3992 1193 4046 Chandace
1224 3987 1417 4042 stadiis
1435 3987 1655 4041 circiter
1676 3986 1861 4053 viginti
1885 3986 2095 4049 dissito,

528 4086 615 4138 cui
653 4098 846 4137 nomen
898 4081 1110 4151 Almyri
1143 4091 1250 4142 est,
1282 4093 1423 4131 anno
1456 4077 1639 4131 mundi
1673 4066 1831 4129 6560.
1865 4074 2095 4128 Rursum

528 4178 805 4247 Agareuos
828 4189 936 4228 non
960 4174 1281 4228 deﬁciebant
1308 4186 1470 4234 curm,
1499 4168 1873 4237 cogitationes,
1913 4164 2096 4227 timor,

531 4266 867 4336 perturbatio
905 4276 958 4318 et
995 4280 1163 4333 angor
1194 4279 1211 4328 ;
1249 4271 1413 4331 atque
1464 4262 1537 4313 ita
1571 4260 1675 4312 illis
1709 4259 1940 4319 allectis,
1981 4271 2097 4309 mo-

532 4360 737 4412 nachus
766 4357 981 4425 quidam
1008 4370 1040 4409 e
1083 4353 1358 4408 montibus
1397 4350 1583 4404 insula:
1617 4349 1896 4403 descendit
1929 4360 1981 4401 et
2008 4362 2097 4400 er-

2198 3156 2291 3210 καὶ
2318 3157 2595 3227 ἀναμέσον
2648 3160 2827 3214 αὐτῶν
2887 3161 3149 3224 πολλάκις
3187 3161 3361 3231 μάχαι
3399 3160 3495 3213 καὶ
3540 3161 3767 3230 πόλεμοι

2198 3341 2314 3395 ἰιέτο
2350 3343 2521 3397 insula
2575 3354 2829 3399 montana
2864 3354 2915 3399 et
2950 3345 3147 3399 silvosa
3177 3352 3339 3413 atque
3363 3343 3529 3400 valles
3561 3343 3765 3399 fertiles

2200 3432 2361 3485 habet
2391 3449 2404 3484 :
2442 3442 2653 3487 montes
2681 3436 2963 3489 altitudine
2996 3434 3236 3506 Taygeto
3282 3452 3385 3491 non
3412 3438 3618 3490 cedunt.
3650 3435 3757 3487 Ha-

2196 3522 2287 3577 bet
2317 3525 2478 3578 urbes
2502 3526 2752 3592 antiquas
2778 3541 2939 3592 supra
2962 3528 3279 3596 nonaginta,
3305 3516 3527 3596 atquein
3559 3526 3744 3594 primis

2199 3627 2420 3680 magnas
2463 3622 2516 3666 ct
2549 3615 2753 3669 nobiles
2778 3623 2908 3679 tres,
2938 3616 3227 3682 Cuossum,
3262 3617 3550 3688 Gortynam
3575 3627 3627 3671 et
3650 3616 3753 3686 Cy-

2197 3702 2435 3768 doniam,
2467 3721 2495 3758 a
2548 3705 2745 3770 Minoe,
2773 3707 3118 3764 Cretensium
3163 3726 3311 3781 rege.
3350 3712 3438 3781 qui
3478 3712 3757 3781 imperium

2200 3796 2365 3848 maris
2395 3794 2520 3847 olim
2553 3798 2788 3861 tenebat,
2825 3808 3137 3857 exstructas
3173 3821 3185 3856 :
3218 3803 3335 3871 qui,
3366 3803 3418 3857 iu
3452 3812 3563 3857 tres
3586 3811 3761 3870 partes

2199 3881 2371 3936 insula
2407 3885 2603 3950 divisa,
2636 3888 2687 3941 iu
2720 3889 2961 3957 qualibet
2996 3900 3151 3959 parte
3201 3907 3361 3947 unam
3418 3895 3681 3958 condidit,
3710 3906 3763 3950 et

2196 3972 2461 4029 Cuossum
2480 3979 2696 4044 quidem
2721 3996 2751 4035 e
2773 3982 2988 4050 regione
3015 3982 3366 4051 Peloponnesi
3386 3994 3439 4040 et
3462 3986 3527 4040 ad
3551 3995 3764 4056 septen-

2199 4066 2455 4119 trionem.
2489 4065 2642 4121 Hunc
2678 4084 2855 4138 regem
2893 4070 3162 4138 proditum
3190 4081 3275 4128 cst
3297 4074 3527 4139 primum
3552 4075 3763 4130 Cretam

2200 4156 2394 4210 litteris
2431 4158 2733 4213 excoluisse
2780 4169 2835 4214 et
2885 4161 3095 4229 legibus
3131 4165 3371 4218 studiose
3424 4165 3759 4219 moderatum

2200 4260 2349 4301 esse:
2376 4248 2514 4301 unde
2538 4259 2698 4317 poeta
2721 4251 2853 4305 dicit
2878 4271 2892 4305 ι
2921 4270 2939 4303 ι
2969 4253 3193 4323 Propter
3211 4270 3477 4310 summam
3498 4256 3759 4325 justitiam

2199 4334 2368 4390 Minos
2401 4348 2453 4391 et
2493 4340 2966 4409 Rhadamanthus,
3007 4344 3295 4400 Cretenses
3327 4361 3547 4417 genere,
3581 4362 3613 4402 a
3636 4345 3761 4401 Jove

531 4464 655 4502 rare
678 4449 795 4501 illos
824 4445 1129 4506 alIirmavit,
1155 4444 1199 4497 si
1222 4458 1291 4497 eo
1319 4443 1374 4496 in
1406 4442 1525 4495 loco
1552 4439 1826 4492 collocatis
1857 4437 2095 4502 sedibus,
2131 4435 2172 4489 D
2202 4425 2255 4479 ill
2306 4426 2586 4483 beatorum
2621 4432 2807 4486 insulis
2836 4433 3049 4500 judices
3082 4436 3361 4491 constituti
3392 4447 3542 4492 sum.
3587 4457 3607 4490 ι
3645 4437 3762 4491 nec

530 4551 719 4590 secure
774 4550 831 4588 se
883 4546 1039 4601 posse
1074 4530 1322 4584 habitare
1361 4528 1739 4582 existimarent
1772 4541 1787 4588 ;
1828 4524 2097 4593 simulque

532 4628 705 4680 locum
738 4626 985 4679 idoneum
1000 4622 1130 4675 etad
1156 4634 1369 4673 omnem
1398 4618 1693 4671 ubertatem
1724 4616 2099 4668 accommoda-

531 4725 641 4767 tum
669 4710 1076 4767 demonstravit.
1102 4708 1177 4761 lbi
1202 4705 1460 4775 oppidum
1484 4706 1947 4757 exstruxeruut'et
1974 4714 2097 4753 arce

532 4804 667 4856 bene
722 4802 1209 4859 communiverunt,
1244 4796 1351 4852 .cui
1408 4779 1712 4849 Chandacis
1764 4806 1961 4846 nomen
2004 4792 2096 4844 da-

466 4922 471 4923 ί
534 4904 643 4945 tum
667 4902 780 4946 est:
803 4892 943 4945 unde
964 4889 1258 4960 progressi,
1286 4896 1451 4940 totam
1472 4883 1698 4937 insulam
1725 4883 2094 4946 incursabant,

531 4996 827 5049 omnesque
872 4982 1036 5033 urbes
1084 4978 1223 5045 ejus.
1268 4985 1460 5043 praeter
1494 4973 1791 5040 Gortynam
1829 4982 1882 5023 et
1912 4970 2095 5041 Cydo~

529 5071 779 5135 niam,iu
840 5070 1096 5124 ditionem
1163 5082 1318 5121 suam
1377 5065 1718 5132 redegerunt.
1777 5060 1893 5116 Hoc
1933 5063 2096 5131 igitur

530 5164 689 5214 modo
716 5162 899 5227 Creta,
932 5172 1034 5212 una
1067 5172 1131 5211 ex
1167 5164 1369 5223 septem
1403 5152 1758 5208 nobilioribus
1786 5152 2001 5216 insulis,
2029 5151 2096 5203 ab

529 5253 782 5322 Hispanis
821 5251 1109 5307 Saracenis
1143 5259 1400 5315 occupata
1455 5256 1557 5300 est.
1616 5243 1731 5298 Uno
1782 5258 1925 5296 anno
1977 5253 2097 5309 post

526 5362 715 5400 rursus
745 5343 973 5399 Michael
1015 5343 1307 5410 imperator
1347 5339 1506 5393 aliam
1561 5338 1790 5391 classem
1830 5334 2093 5389 adversus

524 5440 743 5494 eosdm]
792 5437 959 5500 misit,
991 5450 1112 5503 quae
1144 5445 1323 5488 tamen
1358 5430 1490 5495 nihil
1526 5426 1877 5482 memorabile
1906 5427 2090 5496 gessit.

524 5530 639 5587 lam
672 5530 905 5596 Agare‘ni
938 5527 1083 5581 curis
1112 5525 1363 5579 omnibus
1393 5520 1556 5575 soluti
1592 5518 1846 5571 vixerunt
1879 5525 2094 5583 totaque

526 5620 701 5672 insula
741 5629 869 5671 sunt
903 5618 1055 5687 potiti
1084 5636 1107 5670 ;¹
1129 5631 1192 5669 ac
1215 5614 1363 5667 multi
1390 5609 1680 5666 Christiani
1709 5622 1805 5675 pro
1836 5621 1966 5658 sana
1993 5608 2095 5660 lide

524 5720 709 5764 nostra
749 5711 837 5765 illo
865 5720 1107 5777 tempore
1142 5704 1461 5774 martyrium
1496 5701 1751 5755 tulerunt.
1791 5696 1886 5752 Est
1908 5704 2088 5750 autem

2200 4518 2264 4570 de
2297 4517 2495 4572 Minoe.
2530 4519 2763 4591 Gortyna
2794 4525 2847 4577 iu
2893 4526 3117 4594 planitie
3149 4528 3250 4582 sita
3294 4544 3444 4583 mare
3508 4530 3759 4599 Libycum

2198 4619 2426 4674 spectat,
2461 4626 2488 4662 a
2530 4625 2638 4678 quo
2666 4614 2819 4669 abest
2876 4619 3063 4671 stadiis
3113 4622 3413 4689 sexaginta.
3454 4621 3763 4690 Antiquitus

2199 4700 2368 4751 muris
2398 4701 2570 4756 cincta
2595 4713 2732 4769 erat,
2761 4722 2929 4774 quos,
2965 4709 3159 4777 injuria
3188 4711 3443 4780 temporis
3479 4712 3764 4767 labefacta-

2198 4800 2303 4852 tos,
2340 4797 2692 4861 magistratus
2738 4799 3045 4854 instaurare
3088 4811 3388 4869 coeperunt,
3419 4802 3518 4858 sed
3548 4805 3615 4858 ad
3642 4812 3764 4857 octo

2198 4882 2371 4936 atadia
2410 4887 2720 4953 productos,
2757 4898 2947 4943 exorta
2982 4891 3269 4957 seditione,
3303 4894 3649 4962 reliquerunt
3681 4895 3760 4946 in-

2202 4974 2447 5028 clinatos.
2491 4975 2729 5045 Cydonia
2762 4979 3132 5045 incrementis,
3162 4999 3281 5051 quae
3308 4984 3567 5052 paulatim
3595 4985 3759 5051 cepit,

2200 5066 2432 5119 maxima
2468 5066 2589 5133 fuit,
2611 5067 2661 5120 in
2688 5070 3115 5127 occidentalibus
3141 5074 3334 5127 ﬁnibus
3358 5074 3543 5128 insulae
3570 5077 3761 5144 posita.

2197 5156 2303 5209 ΑΙιὶ
2351 5167 2583 5222 montes,
2614 5160 2704 5227 qui
2739 5160 2791 5211 in
2823 5160 3018 5215 vicinia
3052 5175 3200 5228 sunt,
3239 5164 3408 5234 Tityri
3442 5181 3636 5221 nomen
3670 5168 3757 5222 lt'a-

2195 5246 2346 5301 beut.
2377 5248 2454 5300 Ad
2486 5263 2634 5302 mare
2659 5251 2760 5303 sita
2790 5259 2897 5315 est,
2928 5262 2979 5307 et
3010 5252 3331 5309 Laconicam
3363 5266 3589 5324 spectat,
3613 5272 3767 5327 egre.

2198 5338 2281 5405 gia
2310 5349 2363 5390 et
2395 5339 2621 5393 mit-ilice
2652 5341 2869 5410 elegans
2899 5352 2951 5397 et
2991 5345 3166 5414 ampla
3201 5347 3253 5399 in
3293 5348 3547 5417 circuitu.
3588 5348 3759 5403 Caete-

2198 5441 2314 5477 rtun
2356 5425 2409 5479 in
2444 5437 2551 5481 tres
2590 5439 2789 5497 partes,
2829 5440 2884 5485 ut
2922 5433 3179 5499 diximus,
3224 5434 3401 5489 insula
3432 5438 3602 5490 divisa
3633 5445 3763 5493 est:

2199 5526 2406 5584 partem
2448 5533 2636 5573 versus
2667 5521 2928 5576 orientem
2965 5526 3108 5577 circa
3144 5525 3439 5595 Gortynam
3477 5527 3763 5581 Dorienses

2197 5608 2574 5675 nominarunt;
2635 5613 2925 5666 australem
2980 5627 3182 5683 partem
3222 5619 3657 5677 Eteocreteuses.
3710 5624 3765 5674 in

2196 5714 2298 5768 qua
2333 5700 2492 5753 etiam
2517 5699 2713 5756 Prasus
2745 5705 3056 5772 oppidulum
3081 5719 3196 5775 est;
3224 5711 3626 5765 occidentalem
3662 5712 3767 5782 Cy-
