4096 6300
352 400 455 463 721

1423 412 1864 480 CHRONICON
1898 421 2169 487 MAJUS.
2212 453 2279 463 —
2318 430 2467 494 LIB.
2510 432 2557 491 Ι.

3448 393 3454 399 ’
3498 430 3603 491 722

361 515 627 612 ὲΥίνξἎξτοξ
668 514 901 612 Λέγω-⁵⁸
949 516 1004 570 δὲ
1034 517 1320 612 καὶῗτοῦτο
1371 527 1498 597 περὶ
1549 528 1647 597 τῆς
1679 530 1923 600 Κρήτης,
1961 542 2012 599 Δ
2043 539 2259 609 κὼτερα
2292 542 2433 612 μέρη
2465 544 2562 609 τῆς
2594 542 3002 611 Πελοποννήσου
3033 542 3301 609 λτιίζουσι,
3338 540 3603 610 Μοθώνης

360 609 443 659 δτι
468 605 554 657 διὰ
583 605 642 658 τὸ
671 608 769 674 τῆς
802 608 965 675 νήσου
1001 611 1172 680 τραχὺ
1211 612 1311 667 οὐκ
1340 615 1593 671 ἐδύναντο
1618 622 1756 688 μετὰ
1792 623 1939 690 ἁμα-

2042 633 2134 681 καὶ
2172 632 2348 683 ιΙύλου
2589 635 2682 686 καὶ
2724 632 3058 701 Γλαρέντζας
3092 633 3186 683 καὶ
3237 631 3475 697 Πάτρας,
3510 632 3604 681 καὶ

362 698 472 764 ξῶν
500 697 810 767 προσϐολὰς
840 702 1015 752 ποιεῖν
1044 702 1135 753 καὶ
1168 703 1570 775 ἀκοντίζεσθαι,
1603 712 1696 763 καὶ
1722 713 1939 782 πρῶτον
2044 722 2111 776 τὰ
2141 723 2305 791 ἕτερα
2359 697 2565 793 ὲιξῖθε-κρ
2598 723 2794 793 χωρία,
2839 697 3039 790 βουλήν
3078 721 3392 788 βουλεύεται
3445 723 3503 771 ἐν
3536 722 3602 788 τῇ

357 789 445 841 διὰ
474 790 630 843 τοῦτο
664 790 895 857 ἔφιπποι
921 794 969 844 οἱ
995 795 1216 863 Κρῆτες
1246 798 1455 864 ἔδειξαν
1488 802 1780 872 μάχεσθαι..

429 883 627 951 Κύριοι
676 884 732 936 δὲ
762 887 1050 952 γεγονότες
1079 888 1180 956 τῆς
1207 891 1467 961 τοιαύτης
1499 896 1741 965 μεγάλης
1770 899 1935 969 νήσου

355 972 559 1039 τρόπον
592 972 745 1041 103
773 972 831 1024 ὃν
863 974 1074 1043 ἔφημεν
1104 978 1155 1028 οἱ
1197 979 1510 1049 ’Δγαρηνοὶ,
1548 985 1641 1036 καὶ
1672 986 1810 1053 νῆας
1837 1006 1938 1056 μα-

356 1062 492 1129 κράς
516 1065 859 1134 ποιήσαντες,
885 1067 979 1119 καλ⁵
1002 1070 1598 1140 θαλασσοκρατοῦντες,
1624 1075 1822 1128 νεωστὶ
1842 1079 1936 1129 τὸν

357 1154 555 1207 Μίνωα
587 1156 943 1224 μιμούμενοι,
1002 1158 1359 1229 λῃστεύοντες
1388 1158 1532 1231 ἦσαν
1562 1167 1657 1216 καὶ
1686 1166 1785 1229 τὰς
1819 1168 1937 1219 Κυ-

357 1246 556 1308 κλάδας
582 1248 780 1315 νήσους
804 1249 1025 1317 ἐλήῖζον
1057 1254 1149 1305 καὶ
1180 1252 1383 1321 πολλὴν
1429 1254 1639 1322 φθορὰν
1673 1257 1755 1318 είς
1808 1258 1937 1319 τοὺς

356 1336 723 1406 Χριστιανοὺς
753 1339 875 1393 καθ’
906 1343 1121 1412 ἡμέραν
1150 1346 1389 1399 ἐποίουν.
1419 1348 1642 1416 Χρόνων
1668 1348 1725 1400 δὲ
1754 1366 1936 1417 παρα-

355 1427 676 1497 δραμόντων
726 1436 1141 1503 τεσσαράκοντα
1173 1438 1268 1490 καὶ
1317 1438 1478 1499 ἐπτά,
1511 1439 1608 1491 ἐπὶ
1652 1440 1752 1507 τῆς
1779 1439 1935 1507 βασι-

356 1515 507 1579 λείας
564 1519 851 1574 Βασιλείου
910 1524 1003 1576 τοῦ
1050 1526 1387 1590 Μακεδόνος,
1448 1529 1595 1598 Σαὴλ
1632 1530 1934 1598 Ἀπόχαψό

356 1608 601 1677 ἀρχηγὸς
662 1614 911 1682 Κρήτης,
944 1616 1057 1677 υἰδς
1086 1616 1181 1668 τοῦ
1232 1620 1557 1688 άμερμουνῆ
1619 1621 1934 1690 Ἀπόχαπος

356 1699 452 1752 τοῦ
486 1702 586 1770 τὴν
637 1704 865 1772 Κρήτην
897 1706 1280 1776 κερδήσαντος,
1336 1708 1496 1773 αὖθις
1526 1713 1686 1775 αὐτὸς
1712 1712 1932 1783 λῃστρι-

357 1792 461 1854 κὰς
488 1794 625 1862 νῆας
656 1797 876 1866 μακρὰς
923 1798 1308 1869 οἰκονομήσας,
1361 1802 1429 1863 ἃς
1463 1803 1563 1871 ἤδη
1593 1804 1795 1870 γαλέας
1824 1823 1924 1857 κα-

2039 812 2251 882 διανοία
2279 814 2503 883 συνετὴν
2543 815 2639 865 καὶ
2692 815 2881 882 σοφήν.
2918 814 3027 866 Καὶ
3060 808 3127 884 ἦν
3165 815 3197 881 ή
3240 812 3405 880 βουλὴ
3432 812 3527 863 καὶ
3577 814 3605 862 6

2040 904 2195 969 λόγος
2234 905 2397 971 ἔργον
2459 905 2665 967 εὐθύς·
2727 898 3038 971 ἰλιγγιάσας
3092 904 3200 971 γὰρ
3252 900 3601 971 περιοδεῦσαι

2042 994 2141 1062 τὴν
2167 996 2573 1064 Πελοπόννησον
2606 996 2692 1048 διὰ
2731 995 3095 1065 Μυρμιδόνων
3143 994 3237 1045 καὶ
3276 992 3602 1061 Ἐπιδαύρου

2040 1086 2134 1137 καὶ
2164 1084 2379 1137 Μαλέου
2414 1085 2510 1137 καὶ
2561 1085 2851 1152 Νεταρέου,
2886 1084 2975 1136 διὰ
3023 1084 3283 1136 δυσκόλου
3320 1083 3454 1135 πλοῦ
3512 1087 3606 1135 καὶ

2039 1175 2224 1243 χιλίων
2259 1175 2449 1244 μιλίων
2488 1176 2659 1243 μῆκος
2686 1175 2964 1243 τηνάλλως
2996 1176 3377 1241 ἀναμετρήσας
3403 1191 3463 1225 τε
3510 1176 3605 1225 καὶ

2038 1266 2407 1334 προσήκοντος
2435 1266 2742 1333 ὑστερήσας
2776 1265 2993 1332 καιροῦ,
3020 1266 3093 1325 ὼς
3143 1260 3309 1333 εἶχεν,
3342 1264 3505 1326 εὐθὺς
3534 1267 3601 1331 τῇ

2035 1357 2172 1425 αὐτῇ
2205 1358 2360 1409 νυκτὶ
2390 1357 2475 1408 διὰ
2507 1358 2601 1408 τοῦ
2632 1356 2996 1424 Κορινθιακοῦ
3052 1356 3244 1424 ἰσθμοῦ
3282 1355 3602 1423 πολυχειρίᾳ

2036 1446 2380 1515 χρησάμενος
2435 1447 2573 1513 πρὸς
2608 1446 2707 1515 τὴν
2757 1446 2970 1499 ἐκεῖθεν
3024 1446 3249 1513 δοτικὴν
3303 1445 3601 1507 θάλασσαν,

2034 1538 2260 1604 πλησίον
2304 1538 2398 1590 τοῦ
2444 1538 2754 1607 ὀρύγματος
2800 1538 2936 1589 ὅπου
2978 1538 3035 1589 τὸ
3061 1535 3154 1589 τοῦ
3192 1536 3386 1603 ἰσθμοῦ
3420 1537 3602 1603 τεῖχος

2033 1628 2299 1695 ἐγεγόνει.
2334 1628 2473 1681 κατὰ
2493 1629 2552 1679 τὸ
2582 1629 2749 1698 ξηρὸν
2773 1626 3079 1699 διαδιόάζει
3112 1626 3212 1687 τὰς
3244 1626 3395 1693 νῆας.
3415 1625 3603 1691 Ἐμϐι-

2033 1717 2205 1778 ϐάσας
2254 1717 2309 1769 δὲ
2362 1718 2491 1769 λαὸν
2522 1718 2616 1768 καὶ
2667 1716 2871 1785 ἄνδρας
2903 1717 3180 1784 μαχίμους
3219 1714 3507 1782 συντόμως
3547 1716 3604 1765 ἐν

2031 1804 2225 1863 αὑταῖς
2256 1804 2394 1869 ὑπὲρ
2423 1806 2482 1856 τὸ
2507 1805 2755 1873 ἀρκετὸν,
2784 1805 2907 1856 ὅσον
2941 1800 3010 1873 ἦν
3047 1804 3297 1865 δυνατὸν,
3332 1798 3495 1871 ἔργου
3524 1805 3602 1855 εί-

358 1885 681 1953 τθνομάζεω
739 1886 999 1941 εἰώθασιν
1044 1890 1163 1959 ἦτοι
1218 1893 1487 1960 τριήρεις.
1550 1895 1641 1946 τὸν
1685 1896 1920 1964 ἀριθμὸν
1952 1909 1993 1961 Β
2023 1910 2166 1961 χετο.
2201 1892 2312 1945 Καὶ
2350 1892 2517 1960 μηδὲν
2545 1892 2853 1956 ἐλπίζοντες
2880 1894 2931 1945 οἱ
2961 1892 3453 1961 πολιέμιοιΚρῆτες
3476 1892 3594 1960 (ἐπὶ

355 1971 489 2025 ὡσεὶ
518 1974 815 2042 τριάκοντα
872 1979 1199 2049 (κωπαρίων
1245 1982 1421 2034 ακοσι
1475 1984 1566 2036 καὶ
1599 1984 1690 2036 δύο
1723 1986 1924 2055 ἑκάστη

356 2062 585 2144 αὐτῶν),
609 2066 704 2117 καὶ
737 2068 932 2137 ἐτέρας
966 2070 1100 2135 νῆας
1149 2070 1470 2142 λῃστρικᾶς,
1508 2073 1821 2144 ἐξορμήσας
1866 2079 1929 2129 ἐκ

355 2154 459 2223 τῆς
486 2137 735 2226 Κρήτης,
765 2160 864 2223 τὰς
899 2161 956 2213 ἐν
976 2160 1053 2229 τῷ
1072 2137 1754 2234 Αἰγαίῳ-πελάγειννήσους
1779 2167 1929 2229 ἐληΐ-

360 2258 509 2312 σατο,
539 2244 656 2302 εἰτα
708 2250 803 2303 καὶ
833 2253 1005 2320 αὐτὴν
1034 2253 1127 2305 τοῦ
1148 2255 1407 2319 ,Πέλοπος
1455 2258 1623 2325 νῆσον
1652 2258 1927 2311 κατέϐαλε

360 2340 453 2391 καὶ
482 2340 580 2403 τὰς
612 2343 861 2396 κάτωθεν
888 2345 1060 2414 αὐτῆς
1088 2348 1285 2413 νήσους
1324 2348 1534 2411 ἐλύπει,
1569 2352 1845 2406 Ζάκυνθόν
1870 2370 1928 2405 τε

362 2430 456 2481 καὶ
483 2430 858 2501 Κεφαληνίαν.
908 2436 1187 2507 Ἐμηνύθη
1218 2439 1276 2490 δὲ
1307 2439 1466 2491 τοῦτο
1492 2442 1570 2510 τῷ
1604 2442 1815 2509 βασιλεῖ
1844 2445 1933 2497 διὰ

361 2522 729 2590 ταχυδρόμου,
779 2525 875 2577 καὶ
918 2525 1208 2594 ἐξαρτίσας
1261 2529 1448 2581 στόλον
1503 2532 1692 2584 ἱκανὸν
1724 2534 1932 2586 στέλλει

365 2612 489 2663 κατ’
536 2612 737 2679 αὐτῶν,
795 2617 1150 2685 καταστήσας
1201 2618 1566 2688 δρουγγάριον
1599 2622 1699 2690 τῆς
1758 2624 1933 2690 αὐτῆς

364 2706 630 2772 ναυτικῆς
662 2705 947 2774 δυνάμεως
984 2709 1075 2760 τὸν
1128 2710 1422 2778 πατρίκιον
1453 2712 1723 2781 Νικήταν,
1758 2714 1931 2783 ἄνδρα

365 2794 538 2848 δεινὸν
572 2796 663 2849 καὶ
686 2798 996 2867 δραστηρὸν
1020 2802 1112 2853 καὶ
1143 2802 1407 2874 ἔμπειρον
1438 2805 1640 2867 παντὸς
1667 2808 1931 2875 πολέμου,

366 2884 587 2953 ὕδραίου
618 2902 678 2938 τε
707 2889 802 2939 καὶ
836 2891 1119 2958 χερσαίου,
1149 2891 1208 2953 δς
1244 2894 1494 2962 μηχανὰς
1525 2891 1667 2947 οἶδεν
1708 2897 1784 2958 ὡς
1836 2897 1933 2967 οὐχ

366 2973 572 3043 ἔτερος.
629 2976 973 3040 Πνεύσαντος
1021 2979 1078 3033 δὲ
1112 2981 1313 3051 ἀνέμου
1366 2981 1576 3052 βορείου
1619 2985 1833 3053 ήδίστου
1866 2985 1932 3037 δι’

365 3066 558 3134 ὀλίγων
612 3069 833 3139 ἡμερῶν
888 3072 1302 3141 καταλαμῦάνει
1350 3075 1448 3143 τὴν
1496 3075 1931 3145 Πελοπόννησον.

366 3158 477 3210 Καὶ
504 3159 718 3225 φθάσας
748 3161 804 3213 ἐν
832 3161 909 3230 τῷ
939 3163 1120 3235 λιμένι
1153 3166 1260 3217 τῶν
1296 3166 1613 3234 Κεγχρεῶν,
1652 3167 1726 3228 ὡς
1778 3170 1934 3238 εἴρη-

2034 1987 2251 2041 Μαλέου
2284 1986 2392 2056 γὰρ
2423 1984 2569 2055 εἰχον
2594 1986 2693 2048 τὰς
2742 1985 3160 2055 ἡμεροσκόπους
3188 1983 3281 2034 καὶ
3310 1980 3604 2033 νυκτοσκό-

2035 2095 2170 2140 πους
2197 2080 2383 2145 ταχεῖς
2414 2076 2548 2145 νῆας
2583 2076 2895 2143 φυλάττειν,
2949 2075 3044 2129 ἐάν
3099 2092 3184 2137 τις
3244 2073 3430 2130 στόλος
3473 2072 3603 2123 Ῥω-

2036 2167 2230 2235 μαῖκὸς
2261 2167 2389 2237 ἔλθῃ
2422 2167 2541 2219 κατ’
2575 2166 2804 2233 αὐτῶν),
2846 2165 3016 2228 οὕτως
3054 2163 3340 2232 αἰφνιδίως
3369 2163 3603 2214 ἐπιτίθε-

2033 2274 2122 2310 ται
2152 2258 2360 2319 αὐτοῖς,
2396 2259 2490 2310 καὶ
2522 2257 2797 2325 συγχύσας
2839 2256 2931 2309 καὶ
2987 2256 3329 2325 συνταράξας
3382 2255 3602 2312 αὐτοὺς.

2034 2349 2111 2409 εἰς
2142 2348 2317 2417 φυγὴν
2351 2349 2690 2416 ἐτράπησαν.
2722 2349 2833 2410 Τὰς
2882 2349 2982 2415 μὲν
3010 2342 3103 2399 οῦν
3136 2347 3496 2414 πυρπολήσας
3524 2344 3602 2411 τῷ

2034 2421 2184 2507 ὑγρῷ
2217 2439 2372 2507 πυρὶ,
2399 2438 2497 2499 τὰς
2528 2438 2583 2489 δὲ
2614 2440 3036 2503 καταποντίσας,
3065 2438 3162 2499 τὰς
3208 2438 3264 2490 δὲ
3315 2428 3615 2505 ζωγρήσας

2033 2529 2140 2579 τῶν
2173 2528 2449 2597 πολεμίων
2496 2529 2661 2598 νηῶν,
2724 2530 2847 2590 τοὺς
2907 2529 2963 2580 δὲ
2998 2527 3311 2597 βαρϐάρους
3345 2529 3471 2589 τοὺς
3503 2528 3602 2595 μὲν

2034 2617 2239 2669 ἀνελὼν
2261 2618 2338 2687 τῷ
2366 2619 2509 2686 ξίφει
2542 2620 2668 2681 τοὺς
2696 2619 2751 2671 δέ
2786 2619 3153 2688 ὑποϐρυχίους
3205 2618 3602 2683 ποιησάμενος.

2035 2711 2129 2761 καὶ
2165 2708 2255 2761 τὸν
2283 2709 2563 2779 ναυάρχην
2589 2710 2683 2762 καὶ
2712 2710 2979 2779 αὐθέντην
3012 2709 3194 2761 αὐτῶν
3227 2707 3451 2767 ἀνελὼν,
3480 2708 3606 2767 τοὺς

2034 2797 2254 2859 λοιποὺς
2277 2800 2736 2868 διασκεδασθῆναι
2763 2799 2905 2851 κατὰ
2941 2800 3041 2867 τὴν
3072 2802 3235 2866 νῆσον
3270 2798 3602 2865 ἠνάγκασεν*

2035 2885 2154 2941 εἶτα
2181 2889 2343 2950 αὐτὸς
2390 2888 2603 2952 πάντας
2636 2890 2932 2958 ζωγρήσας
2989 2889 3085 2940 καὶ
3119 2886 3465 2955 σαγηνεύσας
3492 2887 3605 2937 δια-

2036 2980 2221 3049 φόροις
2249 2981 2545 3049 τιμωρίαις
2576 2980 2817 3033 ὲνέὸαλε.
2847 2981 2956 3032 Καὶ
3169 2978 3342 3038 οὕτως
3373 2979 3421 3028 οἱ
3453 2977 3604 3043 Κρῆη

2036 3088 2127 3132 τες
2162 3072 2455 3141 Ἀγαρηνοί
2483 3071 2685 3135 ἰδόντες
2717 3070 3041 3136 ἐδειλίασαν,
3073 3070 3171 3131 τὰς
3196 3068 3303 3121 τῶν
3318 3068 3604 3135 Ῥωμαίων

2042 3162 2377 3231 στρατηγίας
2436 3163 2527 3213 κα)⁸
2588 3161 2835 3230 μηχανὰς
2884 3158 3299 3228 θαυμάζοντεςο
3364 3157 3459 3208 καὶ
3507 3155 3603 3225 τὴν

367 3262 480 3311 ται,
511 3247 698 3316 μαθὼν
729 3250 786 3303 δέ
816 3228 899 3304 ὅτι
931 3228 1011 3304 αἰ,
1032 3254 1140 3306 τῶν
1167 3228 1657 3325 ἐχθρῶνγτριήρεις
1699 3259 1766 3312 τὰ
1793 3228 1938 3314 δυτὶ-
1962 3228 2006 3291 C
2039 3228 2293 3322 τοιαύτην
2324 3228 2603 3305 ἀπώλειαν
2638 3228 2898 3320 ἐξαίφνης
2953 3249 3242 3314 παθόντες,
3275 3248 3603 3317 φοϐηθέντες

369 3402 654 3485 «laneus-es.
688 3431 833 3486 Inter
872 3432 972 3487 hos
1002 3448 1145 3503 saepe
1175 3436 1311 3491 bella
1342 3447 1395 3493 et
1423 3440 1611 3508 praelia
1644 3445 1934 3500 commissa

370 3530 519 3574 sunt.
555 3520 799 3575 Tradunt
831 3524 994 3577 etiam
1040 3525 1140 3580 hoc
1169 3526 1232 3581 de
1265 3526 1447 3593 Creta,
1481 3542 1699 3598 propter
1732 3536 1940 3604 asperi-

375 3620 540 3664 tatem
584 3612 682 3666 soli
716 3628 822 3666 non
841 3617 1082 3683 potuisse
1106 3618 1159 3671 in
1193 3633 1254 3671 ea
1288 3634 1408 3673 cum
1436 3622 1686 3677 curribus
1710 3624 1939 3693 impetus

370 3702 486 3756 fieri
541 3714 594 3756 ct
634 3703 886 3773 iaculari,
937 3708 1078 3762 unde
1127 3708 1317 3766 Cretes
1363 3712 1524 3780 primi
1559 3727 1625 3767 ex
1655 3716 1809 3783 equis
1844 3729 1940 3785 pu-

370 3793 608 3861 gnarint.

438 3880 600 3937 Potiti
645 3883 808 3952 igitur
830 3901 1023 3955 magna
1056 3890 1157 3944 hac
1184 3891 1365 3945 insula
1391 3907 1478 3958 eo,
1512 3908 1619 3961 quo
1666 3896 1938 3959 diximus,

370 3972 531 4025 modo
556 3972 808 4041 Agareni,
833 3977 1248 4046 navibuslongis
1264 3981 1566 4036 exstructis
1585 3991 1640 4037 et
1662 3983 1938 4038 vindicato

370 4060 473 4115 sibi
502 4061 733 4129 imperio
768 4064 957 4127 maris,
992 4066 1057 4118 ad
1091 4065 1287 4120 Minois
1304 4068 1607 4137 exemplum
1639 4071 1928 4137 piraticam

370 4150 693 4204 exercebant
715 4158 764 4204 et
788 4150 1052 4221 Cycladas
1076 4154 1282 4207 insulas
1307 4156 1703 4223 p0pulabantur
1721 4167 1775 4211 et
1798 4160 1938 4213 mul-

371 4248 480 4293 tam
509 4242 749 4309 quotidie
768 4243 1067 4311 perniciem
1087 4243 1415 4300 Christianis
1445 4245 1776 4303 inferebant.
1806 4250 1938 4305 Post

371 4345 545 4386 annos
604 4342 810 4399 septem
866 4342 919 4386 et
950 4335 1337 4403 quadraginta,
1391 4337 1690 4405 imperante
1740 4341 1939 4396 Basilio

373 4418 686 4485 Macedone,
723 4420 1188 4493 SaelApochaps,
1237 4423 1413 4479 Creta:
1462 4428 1734 4497 princeps,
1798 4430 1934 4497 ejus,

2040 3451 2097 3496 ut
2126 3441 2326 3496 dictum
2351 3447 2454 3503 est,
2487 3453 2609 3493 cum
2684 3438 2923 3492 hostium
2960 3436 3210 3489 triremes
3235 3432 3602 3486 occidentales

2038 3545 2221 3601 partes
2286 3530 2497 3593 insulas,
2562 3529 2876 3592 Mothonen,
2947 3525 3159 3595 Pylun‘,
3234 3525 3603 3585 Glarentzam,

2038 3621 2231 3677 Patras
2263 3632 2316 3675 et
2358 3622 2561 3689 reliqua
2599 3621 2743 3673 illius
2792 3620 3031 3687 regionis
3065 3620 3178 3671 loca
3239 3618 3399 3686 popul
3423 3618 3483 3669 sri
3510 3631 3605 3669 an-

2041 3711 2282 3772 divisset.
2309 3711 2596 3765 consilium
2616 3711 2795 3762 animo
2818 3709 2959 3776 cepit
2982 3708 3219 3776 prudens
3241 3719 3295 3761 et
3325 3707 3602 3761 callidum.

2042 3798 2218 3870 Atque
2238 3801 2527 3854 consilium
2553 3810 2608 3853 et
2636 3800 2859 3852 verbum
2880 3798 3069 3852 statim
3100 3798 3314 3866 excepit
3349 3798 3462 3865 ipsa
3494 3810 3601 3849 res.

2039 3888 2177 3943 Cum
2200 3890 2343 3942 enim
2382 3891 2632 3942 horreret
2668 3887 2966 3941 circumire
3008 3886 3441 3954 PeIOponnesnm
3506 3900 3601 3952 per

2040 3976 2425 4048 Myrmidones,
2458 3976 2816 4042 Epidaurum,
2854 3974 3083 4028 Maleam
3114 3984 3168 4029 et
3192 3972 3492 4035 Netarium,
3540 3987 3605 4024 ne

2043 4066 2441 4135 navigationem
2480 4066 2759 4119 molestam
2793 4066 3001 4120 subiret
3028 4074 3144 4130 aut,
3197 4064 3344 4119 mille
3402 4063 3603 4117 millia-

2042 4158 2180 4211 rium
2220 4156 2603 4226 longitudinem
2641 4156 3008 4223 nequidquam
3055 4168 3331 4217 emensus.
3386 4152 3608 4206 adveni-

2040 4257 2122 4303 ret
2144 4262 2287 4313 sero,
2306 4247 2488 4300 statim
2507 4247 2592 4300 illa
2612 4246 2727 4315 ipsa
2756 4255 2939 4309 nocte,
2962 4247 3254 4300 multorum
3275 4259 3403 4298 usus
3418 4257 3606 4311 Opera,

2041 4355 2138 4409 per
2171 4339 2432 4393 Isthmum
2459 4338 2870 4394 Corinthiacum
2923 4338 2987 4390 ad
3036 4336 3375 4391 occidentale
3420 4349 3605 4397 «nare,

2039 4445 2210 4500 prope
2244 4429 2467 4495 fossam,
2495 4429 2584 4482 ubi
2612 4444 2802 4483 murus
2840 4428 3030 4482 ISIhmi
3082 4437 3218 4491 erat,
3256 4442 3352 4495 per
3406 4434 3605 4479 terram

374 4510 465 4578 qui
487 4512 706 4567 Cretam
738 4516 1048 4583 occupavit,
1074 4517 1385 4583 Apochapis
1411 4522 1750 4574 amermunis
1770 4522 1937 4585 ﬁlius,
1973 4556 2015 4609 υ
2045 4538 2209 4578 naves
2237 4522 2520 4578 transfert.
2580 4522 2840 4590 Imposito
2890 4520 3179 4575 confestim
3248 4530 3607 4575 strenuorum

375 4600 556 4655 denuo
598 4616 763 4657 naves
789 4606 1069 4671 piraticas,
1101 4622 1238 4674 quas
1281 4624 1423 4661 nunc
1454 4610 1635 4676 galeas
1693 4615 1807 4667 sive
1841 4615 1941 4667 tri-

377 4706 553 4749 remes
590 4696 871 4747 nominare
917 4696 1116 4761 solent,
1149 4713 1379 4751 numero
1440 4702 1552 4755 fere
1614 4704 1829 4770 triginta
1887 4714 1941 4757 et

378 4785 669 4849 remigibus
707 4786 896 4852 viginti
942 4787 1153 4841 duobus
1218 4789 1537 4855 instructas,
1591 4805 1752 4862 atque
1804 4796 1940 4849 alias

378 4890 541 4928 naves
559 4879 911 4944 prtedatorias
941 4882 1310 4944 comparavit:
1343 4884 1539 4936 deinde
1572 4900 1601 4936 ο
1634 4885 1794 4939 Creta
1816 4902 1941 4955 pro-

377 4980 614 5033 gressus,
645 4967 850 5021 insulas
891 4970 1060 5022 maris
1095 4970 1264 5039 {Egaai
1298 4972 1586 5041 populatus
1618 4978 1942 5043 est,ipsam-

376 5071 482 5124 que
513 5060 651 5111 adeo
690 5058 1127 5128 Peloponnesum
1169 5063 1388 5126 invasit,
1424 5074 1479 5118 et
1538 5065 1745 5119 insulas
1802 5068 1940 5122 infra

376 5162 495 5202 eam
526 5150 678 5215 sitas,
740 5150 1074 5221 Zacynthum
1129 5162 1182 5205 et
1236 5153 1648 5223 Cephaleniam,
1703 5161 1938 5213 vexavit.

378 5238 491 5303 Qua
520 5254 578 5294 re
612 5242 926 5309 imperatori
955 5259 1047 5310 per
1079 5243 1304 5298 faselum
1360 5248 1632 5310 nuntiata,
1686 5249 1937 5304 idoneam

378 5331 425 5385 is
459 5330 686 5384 classem
753 5331 1015 5388 adversus
1045 5335 1166 5390 illos
1220 5336 1391 5399 misit,
1452 5338 1746 5406 drungario
1796 5341 1939 5393 factu

376 5420 562 5477 Niceta
596 5424 846 5491 patricio,
880 5424 995 5479 viro
1024 5427 1275 5494 prudenti
1303 5437 1356 5480 et
1387 5439 1612 5483 strenuo
1642 5445 1705 5484 ac
1734 5432 1934 5485 scienti

374 5516 551 5570 ontnls
581 5515 655 5569 rei
692 5515 915 5582 bellicae,
951 5525 1059 5571 tum
1086 5519 1359 5572 terrestris
1392 5527 1500 5572 tum
1530 5521 1754 5573 navalis.
1795 5521 1934 5575 Idem

375 5601 690 5663 bellicarum
730 5606 923 5659 artium
966 5608 1170 5673 peritus
1224 5618 1360 5673 erat,
1424 5618 1484 5662 ut
1540 5624 1699 5662 nemo
1752 5627 1933 5679 supra.

379 5689 564 5747 Flante
594 5692 875 5749 lenissimo
922 5696 1104 5759 borea,
1134 5698 1320 5765 paucis
1346 5697 1545 5752 diebus‘
1584 5699 1636 5751 in
1674 5699 1936 5768 Pelopon-

383 5796 569 5836 nesum
617 5786 881 5846 pervenit.
910 5787 1123 5843 Delatus
1162 5790 1213 5842 ln
1250 5799 1459 5851 portum
1504 5790 1931 5855 Cenchrcarum,

2046 4614 2277 4667 militum
2310 4629 2534 4668 numero
2594 4613 2809 4682 majori,
2852 4629 3012 4681 quam
3048 4612 3183 4667 satis
3245 4622 3383 4673 erat,
3431 4610 3606 4678 operi,

2045 4715 2308 4773 quantum
2350 4713 2583 4772 poterat,
2614 4704 2976 4766 incumbebat,
3004 4714 3165 4770 atque
3186 4703 3317 4755 nihil
3356 4702 3463 4754 tale
3482 4715 3607 4768 spe-

2045 4804 2229 4850 rantes
2262 4794 2452 4849 Cretes
2485 4795 2690 4857 hostes,
2728 4794 2818 4862 ιιιιί
2854 4796 2918 4845 ad
2961 4792 3307 4846 Maleanrdiu
3331 4801 3606 4857 noctuque

2046 4881 2257 4934 veloces
2278 4881 2569 4941 habebant,
2601 4896 2721 4949 qu:e
2760 4882 3139 4941 observarent.
3184 4880 3228 4934 si
3266 4895 3370 4948 qua
3400 4879 3607 4931 [toma-

2046 4986 2237 5023 norum
2270 4972 2457 5025 classis
2487 4981 2676 5025 contra
2703 4972 2847 5039 ipsos
2878 4986 3099 5025 cursum
3126 4973 3392 5035 tenderet,
3426 4969 3608 5023 Subito

2046 5064 2273 5127 invadit,
2319 5063 2679 5131 confususque
2703 5074 2755 5116 et
2808 5064 3130 5118 turhatosin
3195 5063 3372 5130 fugam
3428 5062 3607 5115 vertit.

2045 5152 2218 5208 Naves
2245 5168 2430 5207 eorum
2455 5156 2650 5221 partim
2681 5153 2802 5219 igne
2836 5153 3024 5207 Graeco
3076 5156 3334 5217 incendit,
3411 5152 3605 5221 partim

2045 5247 2329 5316 depressit,
2364 5248 2557 5316 partim
2593 5248 2779 5317 cepit;
2833 5246 3104 5302 Barbaros
3139 5249 3284 5314 ipsos
3315 5243 3607 5311 autgladio

2045 5337 2616 5400 intercmit,autundis
2645 5340 2961 5403 submersit,
2999 5350 3179 5408 atque,
3207 5340 3389 5393 occiso
3416 5350 3604 5391 eorum

2043 5427 2181 5480 duce
2213 5437 2265 5481 et
2294 5430 2560 5498 principe,
2598 5430 2838 5498 reliquos
2869 5447 2965 5499 per
3004 5432 3234 5485 insulam
3271 5438 3327 5481 ut
3357 5443 3416 5481 se
3444 5428 3607 5480 dissi-

2043 5530 2234 5586 parcnt
2268 5522 2443 5588 coegit
2472 5538 2484 5572 :
2549 5538 2685 5590 quos
2720 5532 2895 5577 tamen
2939 5535 3118 5591 postea
3147 5534 3339 5572 ninnes
3360 5532 3610 5585 compre.

2045 5608 2239 5664 ἰιοηεω
2255 5612 2417 5666 variis
2434 5612 2605 5666 affecit
2622 5615 2918 5681 suppliciis.
2942 5612 3030 5666 "is'
3051 5609 3358 5677 compertis,
3378 5609 3611 5677 Agareui

2040 5701 2328 5759 Cretenses
2350 5716 2415 5759 te:
2433 5720 2552 5759 rore
2574 5708 2958 5772 perculsisultl,
2980 5705 3303 5757 admirantes
3320 5700 3395 5753 rei
3412 5700 3614 5757 bellicm

2044 5795 2287 5859 peritiam
2307 5809 2561 5860 artesque
2590 5797 2975 5860 Romanorum;
3006 5812 3062 5848 ac
3097 5792 3187 5845 tali
3220 5791 3371 5845 clade
3391 5802 3617 5864 repente
