4096 6300
515 411 618 472 727

1760 425 2086 489 GEORGII
2123 427 2546 490 ΡῙ-ΙΒᾹΝΤΖΑΞ

3654 433 3768 496 728

518 521 1056 615 [islorrdvvﬂcovcbv
1076 527 1154 615 τῷ
1199 529 1614 603 αὑθεντοπούλιρ
1651 536 1754 606 κὺρ
1805 539 1978 611 Θωμᾷ
2009 542 2089 603 εἰς
2121 548 2162 604 Α
2195 543 2497 606 νουπόλεως
2527 541 2708 612 διέλθῃ
2748 541 2827 606 είς
2857 541 2956 613 τὴν
3005 545 3289 615 ἀνατολήν·
3319 544 3412 600 καὶ
3438 545 3773 615 ἐπρομαθη-

517 609 620 679 τὴν
651 612 817 663 αὑτοῦ
870 613 1024 678 τάξιν
1072 611 1161 686 ἦν,
1197 619 1278 681 είς
1324 620 1632 691 ὑπηρεσίαν
1680 625 1773 678 ἐπὶ
1805 609 2085 698 τραπέζης

520 701 614 754 καὶ
647 703 940 776 κελλιώτης
969 708 1157 774 αὐτοῦ,
1190 710 1265 772 ὠς
1295 711 1610 785 ὡρίσθημεν
1639 717 1788 786 παρά
1811 719 1903 772 τοῦ
1935 721 2086 788 βασι-

518 792 658 854 λέως
689 794 784 845 τοῦ
815 797 1018 865 πατρὸς
1051 801 1215 853 αὐτοῦ
1249 803 1342 854 καὶ
1374 804 1812 876 ήτοιμαζόμεθα,
1843 811 1937 862 καὶ
1963 811 2085 862 ἐπεὶ

466 941 476 974 ξ
515 885 543 934 6
579 883 680 974 μεν
711 885 926 954 πρῶτός
961 907 1063 956 μου
1093 891 1319 960 ἀδελφὸς
1347 890 1415 964 ἦν
1441 898 1521 959 είς
1552 898 1650 966 τήν
1677 898 2086 968 Πελοπόννησον

520 973 661 1038 μετά
691 975 784 1026 τοῦ
817 976 1107 1045 βασιλέως,
1139 984 1166 1034 6
1192 982 1247 1034 δὲ
1275 985 1394 1053 μετ’
1440 985 1542 1054 ἐμὲ
1574 986 1784 1056 ἕτερος,
1812 990 1886 1050 ὡς
1913 989 2086 1057 ὲπῆλ-

477 1063 608 1115 σθεν
639 1067 665 1118 6
714 1065 942 1131 θάνατος
999 1071 1106 1123 τῶν
1161 1073 1410 1144 ἀδελφῶν
1457 1078 1650 1143 αὑτοῦ,
1685 1080 1845 1148 ἀφεὶς
1875 1080 2088 1149 πατέρα

517 1158 613 1209 καὶ
645 1159 860 1229 μητέρα
899 1165 994 1215 καὶ
1051 1164 1317 1234 ἀδελφοὺς
1368 1169 1612 1237 ἀπῆλθεν
1644 1171 1724 1232 είς
1764 1172 1864 1242 τὴν
1921 1173 2086 1241 μονὴν

513 1245 614 1317 τὴν
638 1247 938 1322 λεγομένην
971 1254 1062 1307 τοῦ
1089 1257 1481 1326 Χαρσιανίτου,
1511 1262 1644 1314 ὅπου
1666 1257 1734 1333 ἦν
1769 1265 1860 1314 καὶ
1885 1265 1912 1316 6
1945 1265 2084 1316 κατά

517 1339 779 1407 ἀλήθειαν
805 1343 1122 1410 διδάσκαλος
1151 1350 1256 1420 κὺρ
1295 1352 1512 1425 Ἰωσὴφ,
1543 1353 1639 1406 καὶ
1667 1354 1843 1406 ἐκεῖσε
1868 1357 2084 1422 εγενετο

520 1434 772 1502 μοναχός.

601 1527 690 1579 Ἐν
721 1528 918 1598 ἐκείνῳ
945 1529 1022 1598 τῷ
1048 1531 1168 1600 ἔαρι
1194 1535 1287 1586 καὶ
1321 1533 1468 1601 θέρει
1501 1535 1691 1606 λοιμοῦ
1719 1541 2000 1606 γεγονότος
2030 1543 2085 1592 ἐν

516 1620 582 1688 τῇ
605 1620 1179 1677 Κωνσταντινουπόλει
1204 1625 1444 1680 ἀπέθανε
1479 1630 1569 1681 καὶ
1593 1631 1622 1699 ή
1655 1630 1911 1684 δέσποινα
1943 1633 2086 1700 κυρὰ

523 1710 694 1762 Ἀννα
725 1713 759 1782 ή
789 1712 896 1765 ἀπὸ
931 1713 1202 1777 Ῥωσσίας
1233 1716 1486 1785 λοιμώδει
1514 1722 1672 1790 νόσῳ,
1701 1724 1795 1774 καὶ
1827 1722 2000 1792 ἐτάφη
2026 1726 2084 1775 ἐν

516 1805 582 1873 τῇ
614 1803 708 1854 τοῦ
744 1805 904 1864 Λιῦδς
942 1808 1100 1891 μονῇΣ

2169 633 2355 722 1τεύθη
2392 634 2543 704 παρὰ
2567 635 2675 688 τῶν
2699 636 3066 689 κατασκόπων
3093 638 3176 690 ὅτι
3211 640 3422 708 ὑπῆγεν
3445 639 3536 690 ἵνα
3564 637 3630 690 τὰ
3660 640 3768 705 τῆς

2188 725 2456 792 ἀνατολῆς
2508 724 2796 796 διορθώσῃ,
2831 727 2925 778 καὶ
2965 729 3022 778 ἐν
3081 728 3160 796 τῷ
3213 726 3533 780 ἐπανελθεῖν
3591 727 3770 779 αὐτὲν

2188 811 2332 863 κατά
2360 811 2486 863 νοῦν
2532 812 2810 880 ἐλογίζετο
2853 815 3030 868 ἐλθεῖν
3059 816 3203 868 κατὰ
3251 819 3349 886 τῆς
3399 816 3626 878 πόλεως.
3680 815 3765 877 ὡς

2187 902 2442 966 ἐμελέτα.
2475 903 2681 965 Πάντες
2711 901 2805 957 οὖν
2843 907 2892 958 οι
2914 906 3013 974 τῆς
3049 905 3248 974 βουλῆς
3275 906 3371 960 τοῦ
3407 906 3677 975 βασιλέως
3707 906 3764 956 οἱ

2187 995 2645 1062 ὲμπιστευθέντες
2676 998 2738 1048 τὸ
2761 998 3062 1067 μυστήριον
3083 1039 3095 1058 .
3128 999 3390 1068 ἄρχοντες
3417 1001 3511 1052 καὶ
3549 1000 3613 1052 ἐκ
3645 1000 3763 1051 τῶν

2189 1086 2526 1154 ἱερωμένων,
2564 1089 2963 1157 παροξύνοντες
2991 1090 3278 1144 ἐϐούλευον
3309 1093 3386 1161 τῷ
3418 1091 3631 1160 βασιλεῖ
3664 1092 3759 1142 ἵνα.

2185 1178 2358 1247 πιάσῃ
2384 1179 2544 1232 αὐτόν
2564 1195 2578 1209 ·
2607 1181 2816 1241 ἐκεῖνος
2859 1182 2913 1234 δὲ
2949 1183 3129 1236 οὐκέτι
3160 1184 3492 1254 κατεπείσθη
3519 1183 3702 1249 λέγων
3735 1200 3753 1214 ·

2191 1289 2208 1319 ι
2241 1271 2356 1322 Οὐκ
2377 1272 2552 1324 ἀθετῶ
2574 1273 2699 1334 τοὺς
2733 1273 2928 1343 ὅρκους
2958 1275 3050 1338 οὓς
3085 1277 3220 1345 πρὸς
3251 1279 3458 1330 ἐκεῖνον
3489 1276 3760 1345 ἐποιησά-

2188 1380 2318 1432 μην,
2365 1365 2413 1415 εί
2453 1365 2548 1416 καὶ
2589 1364 2654 1418 ἂν
2699 1364 3069 1435 ὲϐεϐαιούμην
3103 1367 3184 1419 ὃτι
3231 1369 3362 1440 ἔλθῃ
3389 1367 3512 1420 καθ’
3545 1367 3709 1437 ήμῶν
3736 1407 3751 1428 ,

2187 1453 2370 1521 μέλλει
2388 1455 2610 1520 νικῆσαι
2632 1456 2724 1508 καὶ
2749 1457 3191 1525 αἱχμαλωτεῦσαι
3217 1461 3385 1528 ἡμᾶς.
3422 1461 3480 1511 Εἰ
3505 1459 3562 1512 δὲ
3587 1459 3758 1512 πάλιν

2183 1547 2392 1607 ἐκεῖνος
2421 1547 2662 1617 ἀθετήσῃ
2694 1548 2822 1610 τοὺς
2849 1549 3048 1617 ὅρκους
3091 1550 3285 1612 αὑτοῦ,
3332 1552 3464 1619 πρὸς
3495 1550 3626 1602 Θεὸν
3658 1550 3754 1603 τὸν

2184 1637 2591 1706 περισσοτέρως
2639 1639 2852 1692 ἐκείνου
2898 1639 3202 1707 δυνάμενον
3243 1640 3312 1692 τὰ
3357 1644 3532 1693 πάντα
3567 1643 3757 1695 ἀνατί·

2184 1727 2340 1795 θημι.
2379 1747 2396 1778 ο
2461 1729 2536 1779 Δι’
2582 1729 2651 1797 ἢν
2702 1728 2881 1783 αἰτίαν
2932 1731 3054 1782 οὑδὲ
3105 1748 3228 1782 τινα
3261 1731 3369 1783 τῶν
3417 1733 3546 1784 υἱῶν
3577 1734 3752 1785 αὑτοῦ

2184 1817 2428 1869 ἔστειλεν
2460 1821 2539 1880 εἰς
2573 1820 2905 1888 συνάντησιν
2944 1821 3020 1890 τῷ
3056 1821 3260 1880 ἀσεϐεῖ,
3291 1824 3340 1874 ei
3374 1823 3448 1890 μὴ
3477 1824 3602 1885 τοὺς
3631 1823 3754 1892 ἀρί-

591 1893 703 1957 lg’.
749 1898 835 1948 ‘Ev
859 1898 915 1950 δὲ
941 1902 1005 1968 τῇ
1045 1886 1184 1970 ἀρχῇ
1217 1902 1311 1955 τοῦ
1353 1905 1549 1972 ,ςὲκᾷ
1577 1903 1730 1966 ἔτους
1759 1904 1958 1973 ἐστάλη
2001 1907 2080 1966 εἰς
2116 1886 2154 1938 Β
2188 1925 2346 1970 στους
2383 1909 2603 1976 ἄνδρας,
2642 1886 2958 1979 Δημήτριον
2988 1886 3080 1964 τὸν
3109 1886 3448 1982 Λεοντάρινξ
3483 1886 3755 1967 Ἰσαάκιον

520 1984 930 2056 Πελοπόννησον
982 1992 1009 2044 6
1041 1993 1469 2057 αὑθεντόπουλος
1521 1996 1626 2065 κίιρ
1672 1996 1873 2063 Θωμᾶς
1931 2001 2082 2066 παρὰ

517 2077 615 2128 τοῦ
647 2076 916 2144 βασιλέως
967 2082 1063 2135 καὶ
1109 2086 1314 2155 πατρὸς
1361 2087 1522 2139 αὑτοῦ
1549 2103 1562 2117 °
1594 2081 1743 2155 ἐν“ᾧ
1785 2089 1848 2158 δὴ
1906 2090 2082 2159 χρόνῳ

519 2166 922 2240 ἔπανέστρεψεν
947 2176 1027 2237 εἰς
1051 2176 1629 2232 Κωνσταντινοὺπολιν
1656 2180 1746 2231 καὶ
1773 2182 1799 2230 6
1829 2180 2082 2249 βασιλεὺς

520 2261 613 2311 καὶ
644 2262 824 2331 πατὴρ
850 2265 1037 2333 αὑτοῦ,
1076 2269 1220 2336 κάμὲ
1247 2272 1324 2332 είς
1355 2271 1414 2323 τὸ
1461 2272 1673 2324 κελλίον
1704 2273 1870 2325 αὑτοῦ
1911 2291 2085 2342 προσ-

465 2419 482 2432 .
521 2347 761 2417 ηγάγετο
803 2354 1050 2423 Μαρτίου
1090 2357 1155 2420 ιζ’
1185 2359 1525 2429 ὑπάρχοντός
1578 2379 1680 2428 μου
1714 2363 1849 2415 ἑτῶν
1883 2363 1957 2428 ις’
1988 2366 2084 2417 καὶ

518 2442 711 2510 ἥμισυ,
765 2445 974 2497 ἐκείνου
1012 2446 1070 2499 δὲ
1118 2447 1213 2502 τοῦ
1263 2451 1598 2521 ἀειμνήστου
1634 2455 1725 2505 καὶ
1777 2455 2082 2523 μακαρίτου

520 2533 656 2584 ἐτῶν
685 2534 946 2603 ἐξήκοντα
970 2539 1117 2592 ὀκτὼ
1143 2541 1340 2610 ἥμισυ.

596 2627 749 2695 ll].
790 2630 900 2682 Καὶ
932 2630 1009 2697 τῷ
1047 2632 1234 2698 ,ςέκέ
1265 2633 1376 2687 ἔτει
1422 2637 1553 2704 μηνὶ
1607 2637 1896 2706 Νοεμϐρίῳ
1923 2635 2086 2708 ἦλθεν

485 2718 598 2794 ,εἰς
637 2719 732 2788 τὴν
775 2721 1351 2776 Κωνσταντινοιὸπολιν
1397 2726 1492 2778 καὶ
1535 2727 1566 2794 ἡ
1620 2726 1878 2780 δέσποινα
1944 2729 2088 2799 κυρά

521 2810 691 2876 Σοφία
716 2813 866 2880 ήτοῦ’
890 2815 1344 2885 Μοντεφερῤάτου
1367 2819 1677 2886 μαρκίωνος
1701 2819 1969 2892 Θυγάτηρ,
1993 2825 2087 2876 καὶ

521 2903 588 2971 τῇ
642 2902 706 2953 ιϐ’
730 2905 823 2955 τοῦ
862 2904 1198 2974 Ἰανουαρίου
1230 2908 1508 2980 ηὐλογήθη
1530 2911 1702 2978 αὐτὴν
1734 2913 1824 2964 καὶ
1851 2913 2088 2983 ἐστέφοη

520 2995 550 3044 6
600 2993 854 3062 βασιλεὺς
918 2997 1026 3064 κὺρ
1067 2998 1321 3068 Ἰωάννης
1376 3000 1433 3050 ὲν
1463 3002 1530 3069 τῇ
1581 3001 1713 3072 ἁγίᾳ
1771 3004 2088 3069 Σοφίᾳ,καὶ

527 3085 738 3152 μεγάλη
776 3087 933 3155 ἑορτὴ
970 3087 1183 3156 ἐγένετο
1209 3091 1264 3140 ὲν
1288 3090 1414 3160 τῇδε
1441 3093 1505 3160 τῇ
1557 3093 1761 3160 στέψει,
1799 3096 1890 3147 καὶ
1921 3095 2088 3158 ὅντως

2181 2001 2274 2052 τὸν
2317 2000 2552 2066 Ἀσάνην
2585 2003 2681 2054 καὶ
2725 2005 2985 2073 Μανουὴλ
3018 2005 3111 2057 τὸν
3139 2006 3603 2075 πρωτοστράτορα
3660 2009 3753 2058 τον

2185 2091 2640 2158 Καντακουζηνδν
2678 2092 2817 2160 μετά
2851 2094 3062 2147 πολλῶν
3122 2097 3404 2163 ἀρχόντων
3436 2099 3532 2149 καὶ
3588 2113 3755 2164 στρα-

2183 2181 2393 2232 τιωτῶν
2421 2183 2514 2231 καὶ
2545 2181 2764 2249 δωρεῶν
2792 2183 3110 2251 βασιλικῶν.
3161 2186 3273 2238 Καὶ
3320 2188 3754 2254 συναντήσαντες

2185 2269 2333 2335 αὐτῷ
2383 2269 2538 2337 112
2573 2271 2706 2338 περὶ
2735 2271 2802 2323 τὰ
2832 2273 3138 2328 Κουτοὺλου
3180 2271 3344 2345 ἦλθον
3370 2276 3488 2343 μετ’
3539 2277 3752 2328 ἐκείνου

2185 2359 2291 2425 ἕως
2323 2359 2415 2410 τοῦ
2447 2360 2636 2412 διπλοῦ
2667 2363 2867 2425 κίονοςο
2899 2365 2992 2416 καὶ
3025 2364 3092 2416 δι’
3119 2366 3246 2432 ὅλης
3276 2369 3375 2434 τῆς
3413 2366 3533 2419 ὁδοῦ
3560 2367 3753 2434 ὡμίλει

2184 2449 2212 2499 ὁ
2229 2451 2446 2520 ἀμηρᾶς
2461 2452 2597 2520 μετά
2613 2452 2705 2503 τοῦ
2725 2455 3016 2524 Λεοντάρη.
3046 2457 3254 2508 Ἐκεῖτε
3279 2474 3344 2508 πε
3355 2460 3406 2526 pi
3421 2459 3512 2509 τὸν
3533 2456 3752 2509 διπλοῦν

2187 2543 2338 2593 κίονα
2371 2541 2563 2611 εὑρέθη
2590 2545 2685 2595 καὶ
2719 2547 2746 2596 6
2779 2543 3036 2612 βασιλεὺς
3076 2549 3171 2599 σὺν
3200 2551 3312 2610 τοῖς
3337 2550 3475 2610 υἱοῖς
3503 2548 3670 2600 αὑτοῦ
3697 2547 3754 2599 ἓν

2187 2649 2292 2682 τινι
2319 2635 2558 2702 τριήρει,
2588 2634 2805 2702 ἔχοντες
2829 2637 2924 2686 καὶ
2973 2636 3168 2704 ἑτέραν
3216 2638 3630 2706 ἡτοιμασμένην
3656 2639 3751 2706 βα-

2189 2720 2432 2781 σιλικῶς.
2469 2723 2615 2783 ὅπως
2644 2721 2713 2773 δι’
2753 2723 2923 2789 αὐτῆς
2959 2723 3143 2793 διέλθῃ
3185 2726 3211 2776 ὁ
3248 2724 3497 2795 ἀμηρᾶς.
3547 2728 3752 2793 Ἐμϐὰς

2187 2811 2276 2864 οὖν
2301 2812 2563 2882 ὀάμηρᾶς
2587 2815 2644 2865 ὲν
2673 2814 2801 2882 τῇδε
2838 2817 2903 2884 τῇ
2935 2815 3172 2884 τριήρει,
3202 2818 3339 2884 πρὸς
3389 2818 3653 2887 ἀλλήλους
3701 2823 3756 2870 ὲν

2189 2906 2252 2972 τῇ
2305 2903 2554 2973 θαλάσσῃ
2607 2906 3046 2972 χαιρετισοέντες
3095 2908 3481 2978 ήσπάσοησαν,
3527 2911 3755 2972 ἕκαστος

2189 2995 2246 3044 ὲν
2275 2995 2340 3062 τῇ
2397 2993 2500 3062 ἰδίᾳ
2534 2997 2752 3063 τριήρει
2795 2995 2889 3045 ὤν’
2931 2996 3027 3048 καὶ
3069 2997 3388 3064 ὁμιλοῦντες
3422 2993 3588 3068 ἦλθον
3627 3000 3751 3067 ἄχρι

2190 3085 2288 3148 τῆς
2331 3085 2514 3145 Ἀσίας
2550 3085 2669 3153 ἦτοι
2706 3085 2804 3152 τῆς
2830 3087 3098 3154 ἀνατολῆς
3130 3089 3328 3157 πέραν,
3373 3090 3507 3142 ὅπου
3553 3091 3623 3142 τὰ
3662 3088 3754 3143 νῦν

523 3179 727 3246 ἑορτων
751 3179 939 3246 ἑορτὴν
964 3181 1056 3231 καὶ
1091 3183 1396 3250 πανήγυριν
1423 3185 1784 3254 πανηγύρεων
1806 3187 2086 3256 ἐποίησαν.
2119 3205 2159 3260 c
2195 3177 2460 3245 Σκούταρι
2519 3175 2842 3243 ὀνομάζεται
2871 3217 2885 3239 ο
2931 3178 3197 3248 πρότερον
3265 3178 3322 3231 δὲ
3388 3181 3750 3247 Χρυσόπολεςρ

594 3267 824 3328 λζ¹.Κα“ι
855 3267 931 3334 τῷ
956 3267 1142 3338 ,ςῗκῆ
1173 3270 1284 3324 ἔτει
1316 3268 1478 3341 ἦλθεν
1518 3275 1545 3326 ὁ
1575 3275 1797 3344 ἀμηρᾶς
1831 3280 1858 3328 ὁ
1901 3277 2085 3345 κύριοί

525 3357 802 3428 Κυρίτζης
855 3361 950 3416 καὶ
998 3362 1311 3430 Μεεμέτης,
1351 3362 1437 3414 ἵνα
1473 3363 1561 3415 διὰ
1591 3365 1689 3432 τῆς
1743 3366 2091 3418 Κωνσταντι-

521 3540 660 3609 jussi
696 3542 764 3594 ab
799 3540 1146 3612 imperatore,
1187 3553 1338 3612 patre
1373 3545 1516 3612 ejus.
1556 3556 1607 3600 et
1633 3548 1804 3615 parati
1847 3563 2088 3603 eramus.

527 3631 716 3686 Frater
760 3647 909 3685 meus
959 3641 1084 3684 natu
1129 3634 1398 3688 maximus
1456 3636 1510 3689 in
1561 3635 1937 3706 Peloponneso
1972 3628 2093 3693 erat

526 3739 646 3775 cum
689 3722 1037 3790 imperatore,
1082 3732 1132 3777 et
1182 3725 1338 3793 alter,
1382 3741 1468 3780 me
1517 3728 1714 3794 minor,
1751 3744 1873 3783 cum
1915 3738 2092 3783 morte

525 3815 909 3868 occubuis<ent
942 3815 1076 3883 ejus
1117 3816 1334 3883 fratres,
1390 3818 1598 3874 relictis
1633 3831 1786 3888 patre
1818 3831 1872 3876 et
1919 3830 2092 3875 matre

526 3919 578 3956 et
619 3906 898 3970 fratribus,
929 3908 978 3958 in
1015 3909 1404 3962 monasterium
1439 3908 1682 3972 abditus,
1721 3911 1864 3980 quod
1895 3911 2093 3966 dicitur

526 3997 907 4062 Charsiauitae,
933 3998 1020 4050 ubi
1048 3998 1209 4050 etiam
1239 4013 1402 4052 verus
1424 3999 1515 4054 ille
1543 4000 1802 4067 magister
1822 3999 2092 4070 Josephus

526 4090 867 4151 versibatur,
905 4089 1273 4143 monachicam
1306 4092 1468 4144 vitam
1503 4092 1718 4160 agebat.

604 4181 738 4237 Vere
771 4192 821 4235 ct
860 4187 1046 4237 testate
1077 4182 1379 4250 pestilentia
1415 4181 1567 4252 Cpoli
1601 4194 1904 4252 grassante,
1937 4185 2091 4236 Anna

527 4275 770 4340 domina,
805 4289 833 4329 e
885 4276 1069 4329 llossis
1115 4276 1365 4339 oriunda,
1419 4275 1555 4331 obiit
1586 4283 1641 4330 et
1671 4277 1880 4345 sepulta
1925 4285 2007 4330 est
2037 4275 2091 4328 in

528 4368 858 4420 monasterio
888 4365 1055 4421 Libis.

601 4458 692 4512 56.
733 4457 1007 4524 Principio
1059 4465 1236 4511 autem
1282 4456 1408 4510 anni
1442 4456 1604 4520 6926,
1656 4458 1723 4510 ab
1763 4457 2096 4526 imperatore

2204 3269 2438 3329 Ἐκεῖνος
2465 3267 2562 3334 μὲν
2588 3265 2816 3330 ἐξελθὼν
2846 3268 2942 3334 τῆς
2969 3265 3239 3338 τριήρεως
3269 3269 3518 3339 εἰσῆλθεν
3551 3273 3629 3333 είς
3653 3273 3749 3335 τὰς

2193 3361 2392 3430 σκηνὰς
2429 3361 2545 3428 ἤτοι
2580 3360 2935 3429 παρεμϐολάς
2978 3363 3076 3424 τὰς
3121 3361 3267 3431 αὐτῷ
3306 3365 3750 3432 προετοιμασοείο

2195 3558 2305 3600 tum
2334 3557 2513 3602 autem
2544 3549 2717 3603 fuerat
2749 3549 2814 3602 ab
2837 3550 3298 3618 exploratoribus,
3333 3566 3445 3605 eum
3472 3549 3728 3602 orientem

2191 3641 2498 3693 ordinatum
2534 3641 2791 3695 advenire
2819 3651 2980 3710 atque
3027 3642 3079 3695 iu
3111 3643 3284 3696 reditu
3319 3643 3500 3696 urbem
3527 3641 3744 3692 invasu-

2195 3746 2336 3784 rum.
2385 3731 2586 3785 Omnes
2635 3733 2800 3800 igitur
2834 3734 3134 3787 consiliarii
3169 3735 3534 3802 imperatoris,
3561 3733 3753 3802 quibus

2193 3823 2456 3876 creditum
2482 3835 2563 3876 est
2590 3824 2692 3877 hoc
2717 3833 3006 3888 secretum,
3032 3825 3308 3894 principes
3330 3835 3384 3879 et
3405 3825 3754 3880 ecclesiastici

2195 3914 2495 3968 suadebant
2524 3929 2868 3983 magnopere,
2897 3927 2959 3970 ut
2984 3917 3466 3984 comprehenderet
3494 3932 3755 3971 ameram.

2195 4006 2262 4056 At
2293 4005 2382 4059 ille
2414 4019 2650 4059 renuens
2687 4022 2701 4060 :
2740 4024 2765 4055 ,ι
2799 4004 2916 4059 Νοη
2951 4007 3230 4072 violarem,
3275 4008 3472 4075 inquit,
3511 4006 3652 4074 quod
3687 4006 3756 4057 illi

2195 4095 2340 4156 dedi,
2391 4092 2794 4163 jusjurandum,
2845 4096 3060 4149 etiamsi
3124 4112 3247 4150 cum
3294 4112 3392 4151 nos
3442 4097 3756 4149 adorturum

2197 4185 2544 4254 devictosque
2568 4185 2822 4238 servituti
2847 4185 3192 4240 addicturum
3221 4203 3340 4242 esse
3367 4199 3519 4242 certo
3543 4190 3753 4243 scirem.

2198 4277 2254 4329 Si
2294 4277 2408 4345 ipse
2436 4275 2652 4330 violarit
2684 4289 3106 4343 sacramentum,
3135 4288 3328 4332 cuncta
3365 4278 3474 4332 Deo
3513 4281 3758 4332 commit-

2201 4376 2332 4431 tam,
2371 4368 2460 4435 qui
2492 4376 2572 4422 est
2605 4367 2699 4420 illo
2728 4369 3023 4435 potentior.
3070 4387 3086 4418 ι
3121 4366 3340 4422 Nullum
3373 4379 3550 4422 tamen
3580 4385 3609 4424 e
3640 4369 3758 4422 filiis

2203 4460 2368 4526 impio
2399 4459 2486 4513 isti
2525 4460 2740 4513 obviam
2793 4459 2960 4525 misit,
3009 4461 3102 4514 sed
3147 4463 3438 4527 optimates
3478 4461 3755 4530 quosdam.

527 4563 682 4618 patre
717 4549 953 4602 Thomas
1001 4548 1251 4616 princeps
1299 4547 1511 4616 iuvenis
1555 4548 1607 4600 in
1661 4547 2090 4616 Peloponnesum
2129 4551 2169 4602 ῐ)
2203 4550 2534 4602 Demetrium
2561 4549 2897 4614 Leontarim,
2923 4549 3186 4604 Isaacium
3211 4552 3442 4606 Asanem
3471 4562 3525 4606 et
3549 4553 3761 4605 Manne-

531 4661 559 4694 ιι
587 4644 727 4694 is~us
759 4650 860 4694 cst.
892 4639 1008 4705 Quo
1040 4639 1257 4708 quidem
1295 4648 1538 4707 tempore
1571 4637 1777 4706 Cpolim
1815 4637 1974 4690 rediit
1997 4637 2096 4688 im-

531 4743 770 4800 pera'or,
811 4730 925 4800 ejus
955 4740 1127 4798 pater,
1179 4741 1231 4783 et
1269 4743 1355 4783 me
1381 4730 1431 4782 in
1465 4728 1771 4784 cubiculum
1802 4728 2098 4809 assumpsit

533 4823 707 4876 Martii
736 4823 827 4876 die
863 4821 947 4884 ΓΙ,
989 4835 1163 4874 annos
1200 4830 1384 4872 natum
1431 4817 1669 4872 sedecim
1703 4825 1757 4871 et
1789 4817 2097 4879 dimidium,

531 4932 654 4967 cum
689 4915 801 4980 ipse
831 4912 918 4966 illc
952 4923 1168 4966 aeterna:
1217 4919 1269 4964 et
1298 4911 1472 4964 beata:
1509 4909 1782 4962 memoriae
1827 4908 1909 4960 vir
1943 4923 2098 4962 sexa-

507 5005 796 5074 ~gesimum
832 5013 1083 5056 octavum
1115 5017 1234 5055 cum
1263 5001 1486 5054 dimidio
1518 5013 1724 5071 ageret.

503 5159 508 5164 ρ
605 5097 758 5146 Anno
788 5095 948 5158 6927,
985 5108 1171 5150 mense
1219 5093 1532 5155 Novembri,
1583 5093 1790 5161 Cpolim
1819 5094 1966 5146 venit
2003 5094 2098 5147 do-

533 5189 674 5239 ΙΙιὶιο
709 5186 928 5254 Sophia,
976 5185 1080 5238 lilia
1127 5185 1459 5240 marchiouis
1508 5183 1920 5240 Moutisferrati.
1969 5187 2095 5238 Eam

530 5275 617 5327 die
645 5273 883 5326 Januarii
920 5271 982 5324 19
1008 5271 1235 5324 solemr-i
1267 5272 1589 5325 czeremonia
1623 5273 1774 5325 duxit
1812 5274 2100 5340 inaugura—

531 5376 726 5431 tusque
761 5373 844 5416 est
878 5363 929 5417 in
961 5363 1074 5416 mdo
1120 5363 1175 5417 S.
1225 5363 1442 5432 Sophim
1479 5363 1777 5432 imperator
1819 5361 2096 5428 Joannes;

530 5473 648 5526 qua:
685 5456 1031 5522 inauguratio
1058 5471 1324 5509 summam
1362 5453 1550 5509 habuit
1572 5454 1699 5510 festi
1733 5453 1836 5508 diei
1869 5454 2099 5509 celebri-

535 5560 694 5600 lati-tn
733 5549 939 5617 fuitque
987 5562 1174 5603 revera
1213 5549 1461 5602 solemne
1488 5547 1813 5603 solemnium
1845 5558 1898 5600 et
1931 5560 2098 5615 pane-

528 5643 674 5709 pvz'is
703 5641 1071 5710 pat‘wgyrium.

601 5732 689 5785 37.
736 5734 888 5784 Amzo
916 5733 1054 5786 6928
1085 5733 1254 5786 adfuit
1290 5747 1504 5786 aurei-as
1540 5730 1790 5800 Cyritzes
1829 5727 2098 5781 Melicme-

530 5838 634 5885 trs,
663 5839 756 5892 per
791 5824 1001 5892 Cpol’m
1038 5827 1087 5878 in
1119 5830 1296 5879 .\:i:tltl
1334 5826 1694 5894 profecturus.
1755 5821 2098 5876 Prmnuntia-

2203 4640 2303 4690 lem
2335 4637 2772 4692 Cantacuzenum
2807 4647 3257 4707 protostratorem
3293 4655 3417 4693 cum
3445 4639 3630 4692 multis
3660 4641 3757 4690 du-

2200 4728 2354 4780 cibus
2383 4735 2438 4781 et
2475 4728 2741 4781 militibus
2777 4729 3203 4797 muneribusque
3239 4730 3426 4797 regiis.
3460 4729 3618 4783 Circa
3651 4727 3759 4781 Cu-

2203 4817 2370 4871 tulum
2397 4818 2541 4871 obvii
2571 4817 2721 4880 facti,
2754 4821 3027 4886 prosecuti
3073 4834 3193 4872 eum
3237 4829 3364 4872 sunt
3393 4822 3460 4872 ad
3491 4819 3762 4888 duplicem

2202 4909 2552 4964 columnam:
2610 4924 2718 4978 quo
2769 4919 2884 4962 toto
2933 4911 3135 4964 itinere
3193 4925 3503 4965 sermonem
3556 4924 3767 4962 υηιετειε

2203 4999 2517 5054 conferebat
2560 5015 2681 5053 cum
2716 4998 2992 5053 Leontari.
3039 5001 3148 5054 lllic
3178 5003 3340 5054 etiam
3376 5001 3669 5069 imperator
3714 5010 3768 5050 et

2203 5093 2322 5158 ejus
2362 5091 2452 5144 filii
2485 5092 2535 5144 in
2572 5091 2782 5145 triremi
2812 5094 3059 5156 aderant,
3093 5109 3212 5146 cum
3241 5093 3345 5146 alia
3380 5092 3589 5145 triremi
3623 5090 3766 5144 cultu

2206 5183 2367 5251 regali
2392 5188 2602 5242 ornata,
2626 5196 2729 5249 qua
2760 5180 3088 5236 Mehemetes
3125 5185 3435 5237 veheretur.
3460 5182 3591 5236 Eam
3622 5192 3770 5249 post-

2205 5287 2367 5341 quam
2398 5273 2716 5326 conscendit
2742 5286 2977 5336 ameras,
3019 5273 3252 5326 invicem
3288 5289 3348 5328 se
3381 5275 3432 5327 in
3470 5275 3606 5327 mari
3635 5288 3767 5327 con-

2203 5363 2527 5425 salutarunt,
2551 5361 2601 5414 in
2621 5375 2716 5415 sua
2737 5362 2969 5433 quisque
2991 5363 3200 5418 triremi
3229 5366 3390 5419 vecti.
3419 5363 3605 5433 Itaque
3629 5365 3772 5416 inter

2204 5453 2614 5523 colloquendum
2653 5454 2717 5506 ad
2748 5453 2894 5524 Asize
2920 5469 3014 5507 seu
3047 5458 3279 5510 orientis
3315 5457 3469 5510 littus
3510 5469 3769 5524 pervene-

2205 5554 2350 5608 runt,
2397 5544 2485 5598 ubi
2539 5544 2668 5597 urbs
2703 5554 2805 5610 est,
2847 5559 2966 5612 qure
3017 5547 3166 5615 prius
3196 5547 3570 5615 Chrysopolis,
3624 5559 3767 5598 mmc

2208 5635 2420 5690 Scutari
2467 5633 2687 5688 dicitur.
2731 5634 2802 5687 lbi
2835 5650 3050 5692 ameras
3092 5653 3121 5691 e
3160 5639 3364 5691 triremi
3403 5651 3678 5707 egressus,
3713 5635 3766 5688 in

2208 5727 2438 5795 tentoria
2483 5725 2598 5780 sive
2651 5727 3000 5779 tabernacula
3052 5729 3152 5782 sibi
3210 5740 3397 5797 parata
3449 5723 3764 5789 conces’sit;

2205 5821 2498 5889 imperator
2529 5831 2649 5869 cum
2699 5817 2820 5871 liliis
2855 5817 2908 5871 in
2941 5821 3252 5874 triremibus
3297 5822 3489 5875 edebat
3512 5833 3576 5874 ac
3612 5816 3765 5871 bibe-
