4096 6300
392 384 499 446 ἿΞΩ

1451 392 1901 456 CIIRONICON
1930 393 2208 481 natus.
2239 421 2305 429 ——
2335 394 2483 457 LIB.
2522 397 2569 455 ι.

3521 392 3633 453 73ὒ

393 514 514 563 σας,
542 501 568 550 6
593 496 649 552 δὲ
684 497 937 567 βασιλεὺς
970 500 1061 555 καὶ
1091 503 1138 555 οἱ
1165 501 1270 557 υἱοὶ
1295 504 1456 557 αὑτοῦ
1486 505 1634 558 ἔνῖον
1664 506 1774 557 τῶν
1808 504 1960 574 τριή-
1992 507 2036 565 Α
2067 505 2223 557 ἔλαϐε
2261 506 2410 575 παρὰ
2440 504 2548 557 τῶν
2581 490 3098 575 συμϐουλευσάντων
3147 500 3306 555 αὐτόν
3364 515 3493 553 ποτε
3551 500 3636 552 ἵνα

396 605 537 657 ρεων
572 590 759 659 ἤσθιον
792 593 884 644 καὶ
930 594 1134 657 ἔπινον,
1177 597 1271 647 καὶ
1302 596 1611 657 ἀποστολὰς
1655 597 1956 663 τροφίμους

392 675 472 741 εἷς
504 682 638 748 πρὸς
660 683 752 733 τὸν
786 682 974 750 ἕτερον
1005 684 1351 737 ἀπέστελλον.
1391 684 1523 752 Περὶ
1550 683 1642 736 οὐν
1670 685 1760 735 τὸν
1792 685 1959 735 έσπε·

396 773 540 840 ρινὸν
572 775 600 824 6
651 774 871 841 ἀμηρᾶς
918 774 1156 840 εςριτιπος
1205 776 1413 843 ἀπῆλθε
1464 778 1553 828 καὶ
1601 776 1649 827 oi
1683 776 1781 827 σὺν
1810 775 1961 839 αὐτῷ

393 865 481 917 διὰ
512 866 610 932 τῆς
657 864 775 917 ὀδοῦ
806 867 902 935 τῆς
940 868 1068 935 περὶ
1100 867 1195 937 τὴν
1245 869 1619 937 Νικομήδειαν
1662 868 1958 938 φερούσης,

394 958 422 1008 6
447 957 502 1008 δὲ
529 956 783 1024 βασιλεὺς
810 958 903 1009 καὶ
924 960 972 1009 οἱ
1010 958 1113 1010 υίοὶ
1148 958 1312 1011 αὐτοῦ
1342 960 1584 1028 ἀπῆλθον
1613 958 1818 1012 οἴκαδε.

464 1051 563 1119 λη’.
593 1051 680 1118 Τῴ
703 1052 757 1104 δὲ
784 1051 905 1118 ἔαρι
934 1049 1027 1103 τοῦ
1078 1052 1244 1104 αὐτοῦ
1280 1052 1431 1113 ἔτους
1488 1051 1904 1119 ἐπαναστρέψας
1935 1051 1964 1103 6

394 1142 609 1210 ἀμηρᾶς
635 1143 713 1202 είς
742 1143 838 1211 τὴν
859 1143 1009 1196 δύσιν
1055 1143 1143 1195 διὰ
1172 1144 1270 1211 τῆς
1320 1143 1441 1196 ὁδοῦ
1485 1144 1583 1207 τῆς
1630 1142 1965 1195 Καλλιουπό-

394 1232 528 1294 λεως
560 1232 801 1300 ἀπῆλθεν
827 1235 904 1297 εἰς
948 1235 1045 1301 τὴν
1088 1235 1558 1305 Ἀνδριανούπολιν
1590 1251 1606 1267 ο
1648 1237 1673 1285 6
1708 1234 1764 1285 δὲ
1812 1233 1965 1301 βασι-

394 1322 515 1384 λεύς
557 1323 853 1391 ἑτοιμάσας
878 1325 965 1377 τὸν
991 1326 1285 1395 Δεοντάριν
1313 1326 1623 1395 Δημήτριον
1651 1324 1786 1393 πρὸς
1824 1324 1967 1385 ἐχεῖτ-

395 1428 482 1462 νον
508 1412 848 1479 ἀπέστειλεν,
874 1414 963 1467 ἵνα
991 1416 1118 1485 περὶ
1146 1416 1255 1470 τῶν
1281 1415 1782 1485 προμελετωμένων
1822 1415 1967 1483 μάθῃ

397 1503 487 1555 καὶ
518 1504 666 1573 αὐτῷ
696 1504 1038 1576 προμηνύσῃ,
1072 1506 1130 1559 δν
1172 1508 1265 1561 καὶ¹
1300 1508 1490 1577 ἐλέγξῃ
1535 1506 1691 1575 113
1726 1505 1969 1575 περὶτῆς

396 1595 563 1664 καλῆς
594 1596 812 1666 ἀγάπης
839 1597 932 1650 καὶ
959 1598 1125 1668 τιμῆς
1164 1599 1232 1669 ἢν
1261 1600 1395 1667 πρὸς
1422 1601 1628 1651 ἐκεῖνον
1659 1596 1970 1662 ἐπεδείξατο

396 1687 490 1740 καὶ
513 1686 641 1755 περὶ
676 1687 769 1739 τοῦ
791 1691 1111 1759 περάματος
1145 1691 1242 1743 xui.
1268 1690 1357 1743 διὰ
1388 1690 1483 1744 τοῦ
1510 1690 1753 1743 τοιούτου
1802 1688 1970 1756 πρέσ-

397 1775 545 1839 ϐυος,
576 1779 987 1849 καῖπρὸσωπον
1018 1781 1158 1850 λέγω
1188 1785 1282 1837 καὶ⁵
1319 1784 1385 1837 τὰ
1406 1784 1552 1851 δῶρα
1582 1782 1617 1835 ἃ
1644 1779 1969 1849 προσεκόμι-

2063 596 2232 666 πιάσῃ
2251 594 2440 648 αὐτόν’
2471 595 2752 662 εὑρίσκετο
2781 591 2839 646 δὲ
2863 594 2983 647 τότε
3014 595 3041 646 6
3077 593 3325 663 βασιλεὺς
3363 592 3428 645 δι’
3450 591 3626 644 αἰτίαν

2059 685 2248 752 λοιμοῦ
2278 686 2334 736 ἐν
2356 688 2420 755 τῇ
2462 688 2597 755 μονῇ
2633 686 2727 754 τῆς
2784 684 3169 756 Περιϐλέπτου.
3226 682 3398 744 Μόλις
3441 680 3533 735 οὖν
3574 681 3624 733 δι

2062 778 2227 847 ἄλλης
2273 777 2391 830 ὁδοῦ
2428 778 2551 847 τῆς
2602 777 2738 847 πρὸς
2760 777 2857 845 τὴν
2911 776 3277 846 Μεσημὸρίαν
3324 771 3635 840 ἀπαιτούσης

2064 868 2197 919 ποτὲ
2227 867 2460 920 ἔστειλεν
2488 872 2514 921 6
2561 868 2853 936 Λεοντάρις
2887 849 3117 937 δρομέα,
3146 870 3239 919 καὶ
3294 864 3502 918 ἐκεῖθεν
3555 864 3641 917 διὰ

2066 958 2341 1023 θαλάσσης
2370 956 2536 1009 ἐλθὼν
2559 958 2849 1027 ἐκομίσατο
2882 957 3101 1025 γραφὴν
3128 954 3257 1025 περ)⁸
3284 954 3377 1006 τοῦ
3411 952 3638 1006 θανάτου

2075 1048 2234 1120 114
2266 1048 2359 1100 τοῦ
2398 1050 2586 1119 ἁμηρᾶ
2610 1065 2624 1079 ·
2654 1049 2746 1100 καὶ
2770 1048 2982 1115 ἐγένετο
3012 1049 3066 1099 ἐν
3111 1047 3295 1115 ἐκείνῃ
3332 1046 3395 1113 τῇ
3460 1043 3638 1113 ἡμέρᾳ

2064 1142 2123 1191 τὸ
2167 1156 2180 1169 ·
2211 1158 2228 1191 ι
2280 1141 2558 1211 Ἐσπέρας
2593 1139 2991 1209 αὐλισθήσεται
3022 1137 3319 1205 κλαυθμὸς,
3360 1136 3454 1188 καὶ
3484 1136 3563 1197 είς
3584 1134 3642 1187 τέ·

2067 1229 2211 1301 πρωῒ
2238 1232 2577 1298 ἀγαλλίασις.
2620 1250 2638 1282 ι
2673 1232 2782 1285 Καὶ
2823 1231 2929 1284 ἰδοὺ
2961 1230 3156 1283 ἔπεσον
3190 1230 3267 1291 είς
3296 1227 3487 1296 ἑτέραν
3518 1227 3640 1295 βου-

2065 1322 2163 1391 λὴν
2200 1327 2294 1378 καὶ
2332 1324 2579 1392 μελέτην,
2620 1323 2845 1391 πότερον
2872 1322 3013 1391 ἔχειν
3044 1321 3181 1391 μετὰ
3230 1320 3327 1373 τοῦ
3392 1318 3509 1371 υἱοῦ
3542 1318 3641 1371 αὐ-

2068 1414 2163 1466 τοῦ
2209 1415 2543 1483 Ἀμουράτου
2576 1414 2795 1481 ἀγάπην
2823 1414 2916 1465 καὶ
2963 1410 3431 1481 παραχωρὴσωσιν
3488 1406 3628 1461 εῖναι

2070 1505 2229 1558 αὐτὸν
2256 1490 2541 1570 αὐθέντην,
2571 1504 2645 1567 ὡς
2684 1504 2874 1557 καὶτὰ
2919 1504 3269 1572 ὀρκωμοτικὰ
3326 1501 3489 1554 αὐτοῦ
3538 1501 3643 1552 διε-

2070 1599 2365 1667 λάμϐανον,
2393 1599 2425 1668 ἢ
2454 1600 2541 1651 ἵνα
2566 1598 2773 1668 φέρωσι
2808 1599 2896 1650 τὸν
2926 1598 3258 1664 Μουσταφᾶν
3284 1597 3388 1648 ἀπὸ
3419 1581 3520 1665 τὴν
3545 1596 3645 1649 Mue

2074 1691 2265 1760 ζιθρᾶν
2297 1693 2389 1743 καὶ
2432 1692 2847 1760 καταστήσωσιν
2896 1689 3056 1741 αὐτὸν
3111 1688 3373 1756 αὐθέντην
3419 1689 3499 1749 είς
3550 1685 3647 1754 τὴν

2074 1783 2245 1845 δύσιν,
2270 1781 2418 1833 καὶὸ
2477 1781 2818 1849 Ἀμουράτης
2854 1779 3035 1831 ἔσεται
3062 1780 3120 1831 ὲν
3150 1780 3214 1847 τῇ
3261 1777 3416 1845 Ἀσίᾳ.
3453 1777 3645 1829 αὐθέν-

397 1883 486 1919 σεν
545 1868 711 1937 αὐτῷ.
745 1847 753 1849 ἡ
780 1872 928 1924 Ἰδὼν
968 1847 1139 1925 αὐτδν
1184 1876 1211 1926 6
1265 1847 1494 1943 apqpaqv
1513 1871 1649 1941 μετὰ
1678 1847 1845 1937 τιμῆς
1878 1868 1970 1920 καὶ
1998 1847 2047 1906 Β
2073 1888 2191 1940 της,
2221 1871 2313 1923 τοῦ
2341 1869 2439 1939 μὲν
2466 1847 2727 1936 βασιλέως
2752 1871 2842 1922 καὶ
2876 1869 3080 1938 πατρὸς
3142 1869 3204 1921 τὸ
3265 1868 3479 1935 πρῶτον
3526 1866 3647 1935 βου-

396 1951 615 2022 ἀγάπης
654 1954 851 2025 πολλῆς
887 1956 1098 2022 ἐδέξατο
1125 1957 1213 2009 τὸν
1245 1958 1503 2010 τοιοῦτον.
1549 1958 1657 2009 Καὶ
1680 1958 1831 2017 τέλος
1889 1949 1965 2006 εῖ-

396 2059 494 2094 πεν
529 2043 675 2113 αὐτῷ
701 2046 729 2096 6
755 2044 972 2115 ἀμηρδὶς
999 2049 1083 2100 ὅτι
1113 2047 1348 2113 ἀσθενῶν
1377 2044 1488 2116 εἶχε
1538 2048 1687 2109 τινὰς
1729 2049 1962 2119 ἡμέρας,

396 2134 489 2185 καὶ
521 2135 657 2203 μετὰ
683 2135 741 2187 τὸ
770 2137 988 2205 ὑγιᾶναι
1031 2137 1191 2189 αὐτὸν
1225 2138 1360 2207 ὁμοῦ
1406 2139 1815 2191 συναυλίσονται
1873 2142 1967 2193 καὶ

395 2226 861 2298 συνομιλήσουσιν.
904 2228 1136 2291 Ἐκεῖνος
1170 2230 1225 2282 δὲ
1265 2229 1402 2297 μετὰ
1439 2232 1585 2299 τρεῖς
1634 2230 1845 2302 ἡμέρας
1906 2234 1965 2284 τὸ

394 2318 494 2389 ζῇν
512 2320 864 2389 ἐξεμέτρησε.
898 2322 1007 2374 Καὶ
1037 2323 1084 2374 οί
1121 2321 1212 2374 τοῦ
1244 2322 1509 2375 παλατίου
1564 2324 1728 2376 αὐτοῦ
1775 2324 1964 2393 βουλη-

396 2410 553 2478 φόροι
604 2411 703 2461 οὐκ
754 2411 1110 2480 ἀπεκάλυψαν
1153 2413 1212 2463 τὸ
1266 2413 1481 2480 συμϐὰν
1524 2414 1601 2481 τῷ
1634 2415 1921 2487 Λεοντάρει
1948 2430 1962 2445 ·

396 2499 509 2551 ἀλλ’
537 2502 593 2553 ἐν
617 2502 682 2568 τῇ
715 2504 886 2569 σκηνῇ
926 2500 1088 2553 αἰτοῦ
1118 2497 1208 2571 ἦν,
1240 2502 1380 2570 τάχα
1435 2503 1725 2571 θαυμάζων
1753 2504 1867 2565 πῶς
1904 2504 1964 2557 οὐ

400 2591 782 2658 προσεκαλεῖτο
807 2594 968 2645 αὐτὸν
996 2594 1023 2644 6
1046 2594 1285 2662 ἀμηρᾶς,
1311 2594 1457 2654 ὅπως
1484 2596 1574 2645 καὶ
1603 2594 1698 2655 τὰς
1724 2593 1967 2656 δουλείας

397 2682 567 2737 αὐτοῦ
596 2684 822 2755 ἀκούσῃ.
860 2685 994 2737 Κατ’
1027 2685 1195 2754 αὐτὴν
1216 2685 1325 2753 γὰρ
1354 2683 1453 2753 τὴν
1482 2682 1633 2753 ὥραν
1659 2685 1844 2739 τούτου
1877 2685 1966 2739 τὸν

397 2776 624 2829 θάνατον
654 2776 838 2844 μαθὼν
866 2776 1092 2837 πολλοὺς
1121 2777 1675 2844 γραμματοκομιστὰς
1723 2779 1750 2828 6
1803 2779 1966 2829 Λεον-

398 2868 550 2938 τάρις
590 2868 903 2921 ἀπέστειλεν
931 2871 1067 2936 πρὸς
1100 2866 1191 2919 τὸν
1227 2866 1471 2933 βασιλέα,
1520 2868 1611 2920 καὶ
1642 2867 1742 2919 οὐκ
1782 2868 1967 2934 ἐδυνήσ-

397 2957 567 3026 θησαν
606 2957 861 3010 ἀπελθεῖν
911 2957 1001 3011 διὰ
1027 2959 1087 3010 τὸ
1119 2954 1255 3010 εἶναι
1299 2958 1625 3025 κλειομένας
1660 2957 1756 3019 τὰς
1784 2958 1966 3026 ,λάθρα

397 3047 663 3116 φερούσας
688 3048 839 3109 ὀδοὺς
868 3049 947 3110 είς
980 3047 1077 3117 τὴν
1115 3038 1302 3101 πόλιν.
1376 3048 1482 3099 Καὶ
1532 3047 1704 3109 οὕτως
1763 3048 1963 3117 ἡμέραι

396 3138 645 3190 πλεῖσται
680 3138 975 3207 παρῆλθον,
1011 3136 1102 3204 ἀφ’
1133 3132 1191 3190 οὐ
1222 3137 1285 3204 δὴ
1313 3137 1371 3188 τὸ
1434 3136 1571 3189 κατὰ
1608 3138 1705 3205 τῆς
1758 3137 1965 3198 πόλεως

398 3194 1104 3296 ἀπεκαλύφθημυστήριον,
1133 3228 1226 3280 καὶ
1255 3194 1413 3297 θρους
1434 3228 1606 3295 μέγας
1636 3194 1848 3294 ἐγένετο
1873 3194 1967 3279 καλ.
1996 3194 2039 3255 C

401 3318 562 3390 βουλὴ
588 3322 681 3372 καὶ
708 3320 1037 3389 μελέτη,καὶ
1068 3321 1296 3383 πολλοὺς
1336 3321 1587 3390 ἐλέγχους
1635 3323 1661 3374 6
1716 3321 1965 3391 βασιλεὺς

399 3496 493 3551 bat
527 3504 733 3565 :atque
764 3496 993 3551 invicem
1027 3498 1127 3553 sibi
1159 3480 1344 3567 partes
1372 3501 1631 3553 delicatas
1657 3502 1962 3557 mittebant.

401 3588 515 3641 b‘ub
555 3602 839 3655 vesperam
877 3604 1115 3654 ameras,
1160 3607 1301 3660 equo
1333 3593 1594 3657 insidens,
1631 3601 1683 3645 et
1714 3593 1803 3661 qui
1844 3609 1965 3647 eum

401 3680 821 3745 comitabantur,
850 3681 1220 3737 Nicomediam
1254 3700 1446 3738 versus
1481 3684 1753 3745 abierunt,
1797 3685 1973 3751 impe-

403 3779 554 3826 rator
587 3787 709 3825 cum
748 3772 873 3827 ﬁliis
905 3774 1127 3829 domum
1164 3776 1438 3830 discessit.

472 3864 562 3917 58.
590 3862 729 3917 Vere
759 3866 1001 3931 ejusdem
1032 3868 1161 3921 anni
1186 3878 1464 3921 revertens
1496 3882 1709 3923 ameras
1739 3869 1793 3921 in
1822 3869 1970 3922 occi-

402 3954 642 4018 dentem,
687 3956 772 4009 via
813 3971 933 4025 quae
968 3965 1118 4012 trans
1168 3958 1507 4027 Calliopolim
1562 3959 1733 4021 ducit,
1782 3961 1972 4011 Adria-

402 4053 640 4119 uopolim
674 4055 955 4123 profectus
987 4064 1093 4109 est.
1130 4056 1431 4125 Imperator
1457 4057 1521 4109 ad
1549 4071 1670 4110 eum
1697 4056 1973 4123 expedivit

404 4144 739 4201 Demetrium
793 4148 1127 4215 Leontarim,
1185 4161 1265 4212 ut,
1316 4166 1434 4219 quae
1485 4149 1673 4204 inisset
1721 4151 1971 4213 consilia,

402 4250 761 4308 cognosceret
788 4242 999 4310 sibique
1040 4244 1401 4308 renuntiaret,
1440 4244 1760 4310 eumquede
1801 4243 1973 4312 gratia

403 4341 457 4385 et
488 4331 713 4395 honore,
746 4348 867 4401 quze
905 4334 953 4386 ei
996 4334 1358 4401 praestitisset,
1384 4336 1533 4388 etde
1574 4334 1975 4388 transvectione

406 4434 673 4487 moneret,
701 4424 912 4491 legatus
950 4433 1058 4477 tum
1086 4440 1329 4493 persona:
1359 4426 1641 4495 dignitate,
1675 4434 1784 4476 tum
1814 4426 1977 4478 dono-

2069 1962 2359 2031 λευομένου
2397 1961 2487 2013 καὶ
2518 1960 2790 2027 κρίνοντος
2835 1960 3059 2021 δικαίως
3087 1962 3149 2013 ἐκ
3193 1960 3403 2011 πολλῶν
3460 1958 3647 2011 αἰτιῶν

2069 2052 2153 2105 ἵνα
2185 2054 2213 2105 6
2271 2052 2610 2121 ’Λμουράτης
2658 2053 2919 2119 αὐθέντης
2976 2052 3221 2122 γένηται,
3272 2050 3364 2103 τοῦ
3418 2051 3475 2102 δὲ
3530 2049 3647 2101 υίοῦ

2066 2146 2228 2198 αὐτοῦ
2260 2146 2351 2197 καὶ
2381 2148 2473 2198 τοῦ
2503 2144 2955 2214 Καντακουζηνοῦ
3004 2145 3315 2215 Δημητρίου
3367 2145 3454 2196 ἵνα
3494 2144 3648 2209 noui,-

2067 2252 2201 2288 σωσι
2234 2238 2324 2287 τὸν
2351 2237 2706 2305 Μουσταφᾶν,
2728 2236 2978 2302 λέγοντες
3013 2236 3095 2288 ὅτι
3129 2235 3293 2287 ἕδιδεν
3316 2235 3498 2296 αὐτοῖς
3554 2235 3648 2285 καὶ

2064 2326 2164 2395 τὴν
2201 2327 2619 2381 Καλλιούπολιν.
2653 2328 2821 2389 Μόλις
2853 2326 2911 2380 δέ
2945 2345 3075 2380 ποτε
3104 2330 3265 2381 οἱονεὶ
3299 2327 3437 2379 κατὰ
3464 2344 3646 2396 παρα-

2065 2417 2308 2487 χώρησιν
2339 2420 2367 2469 6
2403 2418 2656 2487 βασιλεὺς
2687 2419 2916 2471 δέδωκεν
2938 2418 3184 2482 ἐξουσίαν
3205 2419 3282 2487 τῷ
3310 2417 3427 2487 ξυΞῷ
3484 2417 3647 2470 αὐτοῦ

2065 2510 2237 2574 λέγων
2264 2526 2277 2540 ο
2311 2528 2329 2560 ‹
2385 2508 2524 2576 Ἐγὼ
2555 2509 2662 2579 γὰρ
2697 2510 2833 2580 εἰμὶ,
2857 2512 2938 2563 υἱέ
2966 2527 3089 2579 μου,
3118 2511 3295 2578 γέρων
3350 2512 3443 2562 καὶ
3489 2508 3649 2563 ἀσθε-

2068 2599 2160 2667 νὴς
2188 2602 2278 2651 καὶ
2305 2601 2470 2666 ἐγγὺς
2498 2601 2589 2653 τοῦ
2618 2601 2847 2653 θανάτου
2872 2618 2887 2633 ο
2937 2601 3033 2669 τὴν
3084 2596 3178 2653 οὖν
3228 2599 3503 2668 βασιλείαν
3548 2601 3645 2651 καὶ

2065 2688 2133 2740 τὰ
2166 2689 2334 2755 αὐτῆς
2360 2689 2563 2741 δέδωκά
2600 2706 2702 2751 σοι,
2728 2688 2821 2740 καὶ
2872 2687 3076 2756 πρᾶξον
3135 2687 3208 2748 ὡς
3248 2686 3447 2754 βούλει.
3493 2703 3509 2735 ι
3557 2685 3647 2737 Ἑν

2066 2777 2123 2830 δὲ
2152 2778 2228 2846 τῷ
2251 2778 2612 2847 Σεπτεμϐρίῳ
2641 2778 2771 2846 μηνὶ
2794 2778 2887 2830 τοῦ
2916 2773 3101 2847 ,ςιῇκίγ
3129 2776 3278 2837 ἔτους
3316 2775 3450 2844 μετά
3479 2773 3642 2827 πλεί-

2070 2884 2211 2921 στων
2246 2870 2518 2937 τριήρεων
2544 2868 2785 2936 ἀπῆλθεν
2819 2868 2897 2930 εἰς
2926 2867 3024 2936 τὴν
3048 2865 3443 2918 Καλλιούπολιν
3473 2867 3500 2916 6
3546 2864 3641 2932 βας

2069 2956 2249 3016 σιλεὺς
2276 2957 2381 3023 κὺρ
2422 2956 2673 3025 Ἰωάννης
2706 2958 2854 3022 ἄγων
2886 2954 2982 3006 σὺν
3012 2954 3158 3023 αὐτῷ
3184 2953 3277 3005 καὶ
3302 2954 3393 3005 τὸν
3418 2951 3641 3021 ἀμηρᾶν

2068 3049 2409 3119 Μουσταφᾶν
2458 3049 2567 3099 ἀπὸ
2616 3049 2713 3117 τῆς
2771 3048 3193 3115 Πελοποννήσου,
3244 3046 3341 3098 καὶ
3380 3045 3646 3113 αὐθέντην

2072 3139 2320 3204 ἐξέϐαλεν
2358 3141 2434 3200 είς
2473 3139 2568 3208 τὴν
2596 3138 2771 3191 δύσιν.
2839 3139 2948 3190 Καὶ
2979 3138 3011 3207 ἡ
3052 3136 3444 3199 Καλλιούπολις
3480 3153 3648 3203 προσ-

2070 3229 2329 3298 εκὺνησεν
2353 3229 2515 3281 αὐτόν
2548 3244 2563 3258 ο
2598 3229 2696 3280 καὶ
2730 3227 2865 3297 μετά
2896 3244 3047 3289 τινας
3093 3228 3306 3296 ἡμέρας
3352 3227 3642 3296 ζητηοεῖσσ

2070 3322 2220 3391 παρὰ
2242 3321 2333 3375 τοῦ
2366 3321 2627 3392 βασιλέως
2662 3321 2801 3389 τάχα
2836 3319 2979 3374 κατὰ
3004 3319 3099 3383 τὰς
3130 3320 3468 3389 ὑποσχέσεις,
3501 3320 3643 3372 ἀπε-

2074 3503 2355 3555 bementer
2405 3502 2771 3569 reprehensus
2822 3511 2907 3555 est
2955 3501 3251 3569 imperator
3299 3499 3369 3552 ab
3420 3499 3489 3552 iis
3549 3498 3641 3567 qui

2072 3609 2310 3647 ameram
2356 3593 2923 3661 comprehendendum
2970 3606 3093 3645 esse
3155 3591 3281 3644 olim
3336 3588 3648 3647 su’aserant,

2079 3684 2413 3739 Versabatur
2446 3696 2557 3739 tum
2592 3688 2888 3753 imperator
2921 3686 3091 3753 pestis
3134 3685 3370 3737 vitandae
3399 3698 3558 3735 causa
3594 3683 3643 3734 in

2078 3776 2414 3830 monasterio
2450 3776 2793 3843 Peribleptaz.
2826 3774 2926 3828 Vix
2972 3776 3187 3828 tandem
3220 3775 3323 3827 alia
3372 3774 3483 3836 via,
3520 3788 3640 3841 qua}

2079 3866 2459 3920 Mesembriam
2493 3867 2724 3930 ferebat,
2760 3864 3043 3917 Lcontaris
3075 3865 3289 3917 mittere
3320 3865 3492 3932 potuit
3521 3879 3651 3916 cur-

2076 3972 2282 4017 sorem,
2317 3959 2409 4025 qui
2463 3957 2591 4011 inde
2637 3973 2731 4025 per
2772 3971 2923 4011 mare
2970 3956 3268 4026 profectus,
3327 3956 3537 4010 litteras
3585 3957 3651 4008 de

2075 4048 2225 4101 obitu
2268 4061 2465 4099 amerae
2503 4047 2729 4101 attulit:
2784 4057 2949 4115 atque
2995 4047 3411 4115 comprobatum
3458 4056 3540 4101 est
3580 4061 3648 4099 eo

2077 4140 2161 4192 die
2194 4139 2396 4191 dictum
2448 4139 2579 4191 illud
2620 4154 2634 4191 :
2689 4158 2706 4185 σ
2736 4136 2958 4206 Vesperi
3006 4139 3163 4193 ﬁetus
3220 4139 3345 4203 erit,
3393 4146 3447 4193 et
3486 4152 3645 4190 mane

2078 4230 2287 4284 laatitia.
2323 4248 2341 4281 ›
2383 4228 2459 4281 En
2496 4242 2699 4295 autem,
2733 4233 2797 4284 ad
2829 4230 2990 4283 aliam
3020 4245 3207 4284 curam
3242 4230 3492 4285 conversi
3524 4240 3651 4285 sunt

2078 4331 2132 4375 et
2182 4320 2664 4383 consultationem,
2699 4329 2879 4373 utrum
2926 4336 3046 4373 eum
3081 4320 3189 4374 ﬁlio
3224 4321 3339 4391 ejus
3389 4322 3650 4373 Amurate

2080 4408 2375 4462 amicitiam
2406 4410 2609 4461 inirent
2636 4424 2872 4477 eumque
2905 4412 3148 4464 sinerent
3174 4411 3473 4479 principem
3503 4425 3645 4470 esse,

404 4528 548 4580 rum,
582 4509 704 4582 quae
754 4515 992 4579 afferret,
1024 4513 1395 4584 'amplitudine
1438 4516 1686 4584 insignis.
1747 4516 1973 4582 Excepit
2012 4535 2053 4588 Β
2082 4501 2534 4569 quemadmodum
2564 4514 2695 4553 sane
2725 4499 2844 4569 ejus
2866 4502 3158 4569 exigebant
3188 4511 3552 4566 sacramenta,
3582 4516 3648 4553 an

407 4616 527 4655 eum
552 4605 842 4658 admodum
876 4615 929 4660 et
959 4606 1263 4661 honoriﬁce
1304 4618 1357 4661 et
1387 4608 1563 4661 amice
1596 4621 1829 4671 amcras,
1859 4618 1977 4658 tau-

408 4694 642 4762 demque
680 4694 729 4747 ei
782 4694 947 4760 dixit,
985 4707 1249 4764 aegrotare
1287 4712 1345 4751 se
1398 4698 1517 4752 dies
1562 4698 1673 4767 jam
1722 4698 1973 4767 aliquot:

409 4794 699 4853 postquam
754 4786 1146 4852 convaluisset,
1205 4803 1510 4843 sermonem
1566 4806 1624 4843 se
1678 4790 1976 4843 collaturos

407 4893 550 4932 esse.
587 4880 655 4931 At
690 4887 810 4944 post
837 4878 979 4931 diem
1013 4881 1229 4932 tertium
1264 4881 1431 4932 vitam
1476 4882 1672 4948 posuit.
1708 4882 1977 4935 Consilia-

409 4969 473 5020 rii
504 4968 619 5037 ejus
643 4968 888 5037 palatini,
920 4970 1060 5037 quod
1082 4981 1360 5033 evenerat,
1387 4986 1490 5024 non
1519 4987 1776 5040 aperuere
1800 4973 1977 5026 Leon-

412 5060 537 5122 taii,
576 5067 667 5128 qui
703 5061 755 5113 in
790 5062 1026 5115 tentorio
1055 5078 1153 5115 suo
1185 5062 1436 5129 degebat,
1479 5064 1707 5125 mirans,
1735 5079 1833 5117 cur
1871 5080 1975 5117 non

411 5160 703 5202 vocaretur
735 5150 800 5203 ab
849 5165 1029 5203 amet'a
1066 5154 1131 5204 ad
1176 5153 1554 5220 CSpiiculldlllll
1607 5156 1654 5205 ei
1693 5154 1979 5222 legationis

411 5242 655 5297 consilia.
677 5245 792 5313 Ipsa
813 5252 992 5296 autem
1023 5242 1175 5309 born,
1219 5259 1322 5310 qua
1351 5260 1470 5298 eum
1500 5245 1681 5298 ob’sse.
1705 5246 1977 5311 cognovit,

414 5336 731 5391 tabellarios
782 5337 1085 5404 complures
1134 5338 1197 5390 ad
1231 5338 1612 5406 imperatorem
1668 5338 1838 5403 misit,
1888 5336 1979 5405 qui

412 5440 619 5493 tamen,
663 5431 919 5497 quoniam
971 5433 1095 5492 vim,
1128 5448 1245 5499 quae
1277 5430 1481 5499 Cpolim
1527 5430 1795 5493 ferebant,
1841 5431 1977 5482 clam

410 5521 689 5590 praeclusa:
716 5531 894 5585 erant,
928 5537 991 5575 eo
1020 5522 1300 5589 pervenire
1328 5537 1428 5574 non
1458 5530 1763 5591 potuerunt.
1791 5519 1981 5588 Itaque

411 5614 568 5666 multi
615 5614 729 5667 dies
765 5613 1040 5678 efﬂuxere,
1080 5624 1299 5682 ex'quo
1352 5628 1610 5667 arcanum
1663 5612 1980 5666 invadenda:

416 5704 563 5756 urbis
594 5704 883 5756 consilium
911 5707 1105 5773 patuit,
1132 5704 1501 5772 tumultusque
1537 5708 1724 5772 ingens
1757 5713 1977 5755 exortus

412 5802 516 5860 est,
547 5794 826 5863 muitaque
860 5795 1176 5849 deliberatio
1207 5803 1261 5850 ct
1295 5795 1601 5850 sollicitudo
1635 5803 1771 5858 erat,
1802 5801 1853 5847 et
1883 5808 1975 5847 vc-

2084 4593 2448 4659 Mustapltam,
2481 4590 2730 4644 Mizithra
2760 4594 3060 4655 reductum,
3097 4592 3148 4644 in
3184 4591 3464 4645 occidente
3497 4592 3643 4660 prin-

2084 4685 2257 4752 cipem
2292 4684 2712 4745 constituerent,
2768 4683 3059 4736 Amurates
3109 4684 3361 4751 princeps
3402 4695 3541 4736 esset
3594 4684 3646 4733 iu

2086 4778 2316 4832 oriente.
2370 4775 2672 4845 Imperator
2722 4784 2898 4844 pater,
2955 4778 3049 4844 qui
3088 4778 3297 4845 primus
3326 4777 3648 4839 sententiam

2084 4869 2243 4934 dixit,
2276 4867 2462 4922 multis
2491 4870 2555 4922 de
2600 4870 2785 4922 causis
2808 4883 3021 4936 aequum
3056 4868 3357 4937 judicabat,
3395 4880 3451 4920 ut
3482 4884 3651 4936 penes

2082 4964 2397 5015 Amuratetn
2429 4976 2609 5014 rerum
2646 4976 2855 5013 summa
2877 4968 3042 5025 esset,
3078 4961 3217 5014 ﬁlius
3249 4970 3429 5013 autem
3461 4961 3575 5029 ejus
3598 4972 3649 5011 rt

2086 5051 2395 5106 Demetrius
2446 5052 2882 5113 (iantacuzeuus,
2935 5062 2991 5103 ut
3038 5050 3347 5117 Mustapbas
3398 5051 3650 5118 princeps

2087 5146 2261 5206 ﬁeret,
2290 5144 2434 5213 quod
2474 5145 2517 5197 is
2548 5143 2809 5196 lleinanis
2838 5144 3074 5196 dedisset
3098 5142 3461 5209 Calliopolim.
3504 5140 3647 5193 Tan-

2085 5240 2229 5297 dem,
2257 5237 2384 5290 licet
2410 5250 2571 5304 a‘gre,
2602 5238 2894 5305 imperator
2924 5236 3032 5289 ﬁlio
3055 5236 3270 5304 agendi,
3300 5222 3440 5302 quod
3466 5232 3628 5284 vellet

2084 5338 2409 5396 potestatem
2444 5328 2717 5381 concessit
2745 5326 2829 5380 bis
2858 5327 3040 5379 verbis
3080 5344 3093 5379 :
3130 5344 3147 5376 ι
3180 5325 3279 5378 Fili
3323 5324 3416 5383 mi,
3450 5335 3547 5389 ego
3568 5334 3651 5373 se-

2085 5437 2186 5475 nex
2234 5421 2449 5473 inﬁrma
2478 5419 2788 5473 valetudine
2819 5428 2874 5473 et
2908 5419 3066 5473 morti
3105 5417 3438 5486 propinquus
3470 5425 3591 5462 sum
3623 5424 3639 5462 :

2086 5515 2263 5583 itaque
2319 5512 2412 5566 tibi
2438 5513 2589 5567 trado
2618 5512 2901 5580 imperium
2936 5519 2988 5563 rt
3021 5524 3138 5578 quae
3166 5508 3233 5561 ad
3258 5508 3307 5559 id
3336 5502 3600 5570 pertinent
3631 5514 3651 5555 :

2084 5606 2272 5666 facito.
2334 5604 2480 5673 quod
2534 5604 2826 5674 placuerit.
2861 5622 2880 5654 ι
2938 5602 3120 5656 Mense
3170 5595 3472 5665 St‘plelttbl‘i
3519 5593 3649 5647 anui

2081 5696 2220 5752 6929
2256 5696 2442 5750 multis
2462 5711 2584 5749 cum
2613 5695 2931 5747 triremibus
2956 5688 3287 5755 Calliopolim
3313 5684 3455 5738 venit
3476 5682 3649 5736 Joan-

2086 5804 2181 5844 nes
2232 5789 2549 5857 imperator,
2591 5784 2929 5853 Mustapbam
2962 5798 2991 5837 e
3036 5780 3407 5845 Peloponneso
3458 5786 3645 5831 secum
