  <div class='ocr_page' id='page_1' title='image "/cluster/home/n/w/nwhite01/storage/ocr_20150623/156/mdp.39015078384719/385.png"; bbox 0 0 4096 6300; ppageno 0'>
   <div class='ocr_carea' id='block_1_1' title="bbox 445 349 543 415">
    <p class='ocr_par' dir='ltr' id='par_1_1' title="bbox 445 349 543 415">
     <span class='ocr_line' id='line_1_1' title="bbox 445 349 543 415; baseline 0.02 -2"><span class='ocrx_word' id='word_1_1' title='bbox 445 349 543 415; x_wconf 74' lang='grc'><strong>’131</strong></span> 
     </span>
    </p>
   </div>
   <div class='ocr_carea' id='block_1_2' title="bbox 1711 352 2504 422">
    <p class='ocr_par' dir='ltr' id='par_1_2' title="bbox 1711 352 2504 422">
     <span class='ocr_line' id='line_1_2' title="bbox 1711 352 2504 422; baseline 0.011 -8"><span class='ocrx_word' id='word_1_2' title='bbox 1711 352 2035 416; x_wconf 75' lang='lat' dir='ltr'><strong>GEURGII</strong></span> <span class='ocrx_word' id='word_1_3' title='bbox 2072 357 2504 422; x_wconf 69' lang='grc' dir='ltr'><strong>ΓΗΠΑΝΤΖᾸΞ</strong></span> 
     </span>
    </p>
   </div>
   <div class='ocr_carea' id='block_1_3' title="bbox 3582 362 3691 426">
    <p class='ocr_par' dir='ltr' id='par_1_3' title="bbox 3582 362 3691 426">
     <span class='ocr_line' id='line_1_3' title="bbox 3582 362 3691 426; baseline -0.018 0"><span class='ocrx_word' id='word_1_4' title='bbox 3582 362 3691 426; x_wconf 72' lang='lat'><strong>732</strong></span> 
     </span>
    </p>
   </div>
   <div class='ocr_carea' id='block_1_4' title="bbox 447 456 3686 541">
    <p class='ocr_par' dir='ltr' id='par_1_4' title="bbox 447 456 3686 541">
     <span class='ocr_line' id='line_1_4' title="bbox 447 456 3686 541; baseline 0.006 -33"><span class='ocrx_word' id='word_1_5' title='bbox 447 456 698 525; x_wconf 72' lang='grc' dir='ltr'><strong>κρίναντο</strong></span> <span class='ocrx_word' id='word_1_6' title='bbox 725 456 880 527; x_wconf 84' lang='lat'><strong>115</strong></span> <span class='ocrx_word' id='word_1_7' title='bbox 922 456 1118 520; x_wconf 78' lang='grc' dir='ltr'>πάντες</span> <span class='ocrx_word' id='word_1_8' title='bbox 1146 458 1195 510; x_wconf 87' lang='grc' dir='ltr'>οἱ</span> <span class='ocrx_word' id='word_1_9' title='bbox 1222 456 1453 529; x_wconf 84' lang='grc' dir='ltr'>Τοῦρκοι</span> <span class='ocrx_word' id='word_1_10' title='bbox 1483 457 1767 527; x_wconf 72' lang='grc' dir='ltr'>ξλέγοντες,</span> <span class='ocrx_word' id='word_1_11' title='bbox 1819 464 1902 515; x_wconf 82' lang='grc' dir='ltr'><strong>ὅτι</strong></span> <span class='ocrx_word' id='word_1_12' title='bbox 1933 466 2024 531; x_wconf 80' lang='grc' dir='ltr'>ἐγ·</span> <span class='ocrx_word' id='word_1_13' title='bbox 2050 469 2096 524; x_wconf 73' lang='grc' dir='ltr'><strong>Α</strong></span> <span class='ocrx_word' id='word_1_14' title='bbox 2125 465 2319 530; x_wconf 82' lang='grc' dir='ltr'><strong>διώξας</strong></span> <span class='ocrx_word' id='word_1_15' title='bbox 2377 469 2470 521; x_wconf 81' lang='grc' dir='ltr'><strong>τὸν</strong></span> <span class='ocrx_word' id='word_1_16' title='bbox 2500 468 2641 521; x_wconf 84' lang='grc' dir='ltr'>θεῖον</span> <span class='ocrx_word' id='word_1_17' title='bbox 2670 470 2836 523; x_wconf 75' lang='grc' dir='ltr'>αὐτοῦ</span> <span class='ocrx_word' id='word_1_18' title='bbox 2870 468 2978 527; x_wconf 73' lang='grc' dir='ltr'>’καὶ</span> <span class='ocrx_word' id='word_1_19' title='bbox 3016 470 3326 541; x_wconf 69' lang='grc' dir='ltr'>καταλήψεις</span> <span class='ocrx_word' id='word_1_20' title='bbox 3377 472 3686 526; x_wconf 68' lang='grc' dir='ltr'><strong>ἀπέκτεινε⁸</strong></span> 
     </span>
    </p>
   </div>
   <div class='ocr_carea' id='block_1_5' title="bbox 449 550 2021 625">
    <p class='ocr_par' dir='ltr' id='par_1_5' title="bbox 449 550 2021 625">
     <span class='ocr_line' id='line_1_5' title="bbox 449 550 2021 625; baseline 0.005 -24"><span class='ocrx_word' id='word_1_21' title='bbox 449 550 548 613; x_wconf 78' lang='grc' dir='ltr'><strong>γὺς</strong></span> <span class='ocrx_word' id='word_1_22' title='bbox 569 550 667 617; x_wconf 77' lang='grc' dir='ltr'>τῆς</span> <span class='ocrx_word' id='word_1_23' title='bbox 697 550 928 613; x_wconf 79' lang='grc' dir='ltr'>πίστεως</span> <span class='ocrx_word' id='word_1_24' title='bbox 962 551 1117 620; x_wconf 79' lang='grc' dir='ltr'>ἡμῶν</span> <span class='ocrx_word' id='word_1_25' title='bbox 1151 552 1183 618; x_wconf 84' lang='grc' dir='ltr'>ἡ</span> <span class='ocrx_word' id='word_1_26' title='bbox 1224 552 1620 617; x_wconf 75' lang='grc' dir='ltr'>Καλλιούπολίς</span> <span class='ocrx_word' id='word_1_27' title='bbox 1654 558 1889 608; x_wconf 77' lang='grc' dir='ltr'>ἐστικαὶ</span> <span class='ocrx_word' id='word_1_28' title='bbox 1926 574 2021 625; x_wconf 84' lang='grc' dir='ltr'>με-</span> 
     </span>
    </p>
   </div>
   <div class='ocr_carea' id='block_1_6' title="bbox 449 640 2020 713">
    <p class='ocr_par' dir='ltr' id='par_1_6' title="bbox 449 640 2020 713">
     <span class='ocr_line' id='line_1_6' title="bbox 449 640 2020 713; baseline 0.005 -22"><span class='ocrx_word' id='word_1_29' title='bbox 449 640 586 709; x_wconf 80' lang='grc' dir='ltr'>γάλη</span> <span class='ocrx_word' id='word_1_30' title='bbox 619 657 700 702; x_wconf 88' lang='grc' dir='ltr'><strong>τις</strong></span> <span class='ocrx_word' id='word_1_31' title='bbox 728 641 1001 704; x_wconf 80' lang='grc' dir='ltr'>εὐλάϐεια,</span> <span class='ocrx_word' id='word_1_32' title='bbox 1059 643 1179 694; x_wconf 73' lang='grc' dir='ltr'>ἐπεὶ</span> <span class='ocrx_word' id='word_1_33' title='bbox 1215 643 1244 695; x_wconf 86' lang='lat'><strong>6</strong></span> <span class='ocrx_word' id='word_1_34' title='bbox 1274 645 1491 713; x_wconf 88' lang='grc' dir='ltr'>πρῶτος</span> <span class='ocrx_word' id='word_1_35' title='bbox 1527 645 1689 707; x_wconf 83' lang='grc' dir='ltr'>τόπος</span> <span class='ocrx_word' id='word_1_36' title='bbox 1728 646 1787 698; x_wconf 83' lang='grc' dir='ltr'>ὃν</span> <span class='ocrx_word' id='word_1_37' title='bbox 1832 646 2020 699; x_wconf 76' lang='grc' dir='ltr'>ἐλάϐο-</span> 
     </span>
    </p>
   </div>
   <div class='ocr_carea' id='block_1_7' title="bbox 453 730 2023 806">
    <p class='ocr_par' dir='ltr' id='par_1_7' title="bbox 453 730 2023 806">
     <span class='ocr_line' id='line_1_7' title="bbox 453 730 2023 806; baseline 0.004 -24"><span class='ocrx_word' id='word_1_38' title='bbox 453 748 553 798; x_wconf 80' lang='grc' dir='ltr'><strong>μεν</strong></span> <span class='ocrx_word' id='word_1_39' title='bbox 583 733 639 781; x_wconf 85' lang='grc' dir='ltr'><strong>ἐν</strong></span> <span class='ocrx_word' id='word_1_40' title='bbox 664 734 729 799; x_wconf 79' lang='grc' dir='ltr'>τῇ</span> <span class='ocrx_word' id='word_1_41' title='bbox 781 730 1020 802; x_wconf 81' lang='grc' dir='ltr'>Εὐρώπῃ</span> <span class='ocrx_word' id='word_1_42' title='bbox 1067 734 1185 785; x_wconf 75' lang='grc' dir='ltr'>ἐστὶ</span> <span class='ocrx_word' id='word_1_43' title='bbox 1239 733 1398 787; x_wconf 80' lang='grc' dir='ltr'>τοῦτο</span> <span class='ocrx_word' id='word_1_44' title='bbox 1449 736 1511 787; x_wconf 87' lang='grc' dir='ltr'><strong>τὸ</strong></span> <span class='ocrx_word' id='word_1_45' title='bbox 1568 737 1845 806; x_wconf 77' lang='grc' dir='ltr'>φρούριον,</span> <span class='ocrx_word' id='word_1_46' title='bbox 1897 736 2023 789; x_wconf 78' lang='grc' dir='ltr'>ἔνθα</span> 
     </span>
    </p>
   </div>
   <div class='ocr_carea' id='block_1_8' title="bbox 448 821 2023 897">
    <p class='ocr_par' dir='ltr' id='par_1_8' title="bbox 448 821 2023 897">
     <span class='ocr_line' id='line_1_8' title="bbox 448 821 2023 897; baseline 0.004 -25"><span class='ocrx_word' id='word_1_47' title='bbox 448 821 543 873; x_wconf 78' lang='grc' dir='ltr'>καὶ</span> <span class='ocrx_word' id='word_1_48' title='bbox 598 822 695 883; x_wconf 77' lang='grc' dir='ltr'>τὰς</span> <span class='ocrx_word' id='word_1_49' title='bbox 746 823 843 890; x_wconf 85' lang='grc' dir='ltr'>τῆς</span> <span class='ocrx_word' id='word_1_50' title='bbox 901 825 1057 890; x_wconf 82' lang='grc' dir='ltr'>ἡμῶν</span> <span class='ocrx_word' id='word_1_51' title='bbox 1099 826 1333 889; x_wconf 80' lang='grc' dir='ltr'>πίστεως</span> <span class='ocrx_word' id='word_1_52' title='bbox 1385 828 1781 897; x_wconf 77' lang='grc' dir='ltr'><strong>προσκυνήσεις</strong></span> <span class='ocrx_word' id='word_1_53' title='bbox 1835 829 1929 881; x_wconf 74' lang='grc' dir='ltr'>καὶ</span> <span class='ocrx_word' id='word_1_54' title='bbox 1955 832 2023 880; x_wconf 63' lang='grc' dir='ltr'>τὰ</span> 
     </span>
    </p>
   </div>
   <div class='ocr_carea' id='block_1_9' title="bbox 448 910 2019 989">
    <p class='ocr_par' dir='ltr' id='par_1_9' title="bbox 448 910 2019 989">
     <span class='ocr_line' id='line_1_9' title="bbox 448 910 2019 989; baseline 0.006 -25"><span class='ocrx_word' id='word_1_55' title='bbox 448 910 607 966; x_wconf 79' lang='grc' dir='ltr'>λοιπά</span> <span class='ocrx_word' id='word_1_56' title='bbox 638 915 856 982; x_wconf 82' lang='grc' dir='ltr'>πρῶτον</span> <span class='ocrx_word' id='word_1_57' title='bbox 884 917 1218 986; x_wconf 85' lang='grc' dir='ltr'>ἐποιήσαμεν</span> <span class='ocrx_word' id='word_1_58' title='bbox 1249 920 1328 981; x_wconf 75' lang='grc' dir='ltr'>εἰς</span> <span class='ocrx_word' id='word_1_59' title='bbox 1355 920 1419 971; x_wconf 87' lang='grc' dir='ltr'>τὰ</span> <span class='ocrx_word' id='word_1_60' title='bbox 1444 921 1540 986; x_wconf 80' lang='grc' dir='ltr'>τῆς</span> <span class='ocrx_word' id='word_1_61' title='bbox 1564 919 1827 989; x_wconf 81' lang='grc' dir='ltr'><strong>Εὐρώπης</strong></span> <span class='ocrx_word' id='word_1_62' title='bbox 1859 920 2019 989; x_wconf 75' lang='grc' dir='ltr'>μέρη,</span> 
     </span>
    </p>
   </div>
   <div class='ocr_carea' id='block_1_10' title="bbox 451 1006 2023 1083">
    <p class='ocr_par' dir='ltr' id='par_1_10' title="bbox 451 1006 2023 1083">
     <span class='ocr_line' id='line_1_10' title="bbox 451 1006 2023 1083; baseline 0.002 -26"><span class='ocrx_word' id='word_1_63' title='bbox 451 1007 545 1057; x_wconf 75' lang='grc' dir='ltr'><strong>καὶ</strong></span> <span class='ocrx_word' id='word_1_64' title='bbox 575 1006 675 1058; x_wconf 88' lang='grc' dir='ltr'><strong>οὐκ</strong></span> <span class='ocrx_word' id='word_1_65' title='bbox 706 1007 914 1071; x_wconf 73' lang='grc' dir='ltr'>ἔξεστιν</span> <span class='ocrx_word' id='word_1_66' title='bbox 939 1010 1069 1077; x_wconf 74' lang='grc' dir='ltr'>ἡμῖν</span> <span class='ocrx_word' id='word_1_67' title='bbox 1105 1011 1244 1062; x_wconf 81' lang='grc' dir='ltr'>κατὰ</span> <span class='ocrx_word' id='word_1_68' title='bbox 1287 1011 1378 1062; x_wconf 82' lang='grc' dir='ltr'><strong>τὸν</strong></span> <span class='ocrx_word' id='word_1_69' title='bbox 1408 1013 1672 1081; x_wconf 74' lang='grc' dir='ltr'>ἡμέτερον</span> <span class='ocrx_word' id='word_1_70' title='bbox 1701 1012 1868 1083; x_wconf 85' lang='grc' dir='ltr'>κοράν</span> <span class='ocrx_word' id='word_1_71' title='bbox 1899 1011 2023 1063; x_wconf 68' lang='grc' dir='ltr'>δοῦ-</span> 
     </span>
    </p>
   </div>
   <div class='ocr_carea' id='block_1_11' title="bbox 450 1099 2023 1173">
    <p class='ocr_par' dir='ltr' id='par_1_11' title="bbox 450 1099 2023 1173">
     <span class='ocr_line' id='line_1_11' title="bbox 450 1099 2023 1173; baseline 0.004 -25"><span class='ocrx_word' id='word_1_72' title='bbox 450 1113 535 1149; x_wconf 86' lang='grc' dir='ltr'><strong>ναι</strong></span> <span class='ocrx_word' id='word_1_73' title='bbox 591 1099 778 1168; x_wconf 84' lang='grc' dir='ltr'>αὐτήν.</span> <span class='ocrx_word' id='word_1_74' title='bbox 824 1101 983 1153; x_wconf 76' lang='grc' dir='ltr'>Ἀλλὰ</span> <span class='ocrx_word' id='word_1_75' title='bbox 1010 1101 1266 1170; x_wconf 84' lang='grc' dir='ltr'>δὼσωμεν</span> <span class='ocrx_word' id='word_1_76' title='bbox 1297 1104 1427 1173; x_wconf 81' lang='grc' dir='ltr'>ὑμῖν</span> <span class='ocrx_word' id='word_1_77' title='bbox 1458 1105 1677 1172; x_wconf 84' lang='grc' dir='ltr'>ἐτέρους</span> <span class='ocrx_word' id='word_1_78' title='bbox 1697 1106 1893 1166; x_wconf 84' lang='grc' dir='ltr'><strong>τόπους</strong></span> <span class='ocrx_word' id='word_1_79' title='bbox 1931 1103 2023 1157; x_wconf 76' lang='grc' dir='ltr'><strong>καὶ</strong></span> 
     </span>
    </p>
   </div>
   <div class='ocr_carea' id='block_1_12' title="bbox 451 1190 2024 1266">
    <p class='ocr_par' dir='ltr' id='par_1_12' title="bbox 451 1190 2024 1266">
     <span class='ocr_line' id='line_1_12' title="bbox 451 1190 2024 1266; baseline 0.008 -27"><span class='ocrx_word' id='word_1_80' title='bbox 451 1190 635 1258; x_wconf 79' lang='grc' dir='ltr'>χώρας</span> <span class='ocrx_word' id='word_1_81' title='bbox 664 1192 780 1243; x_wconf 83' lang='grc' dir='ltr'>ἀντ’</span> <span class='ocrx_word' id='word_1_82' title='bbox 809 1194 999 1261; x_wconf 82' lang='grc' dir='ltr'>αὐτῆς.</span> <span class='ocrx_word' id='word_1_83' title='bbox 1038 1196 1155 1245; x_wconf 81' lang='grc' dir='ltr'>Ἔτι</span> <span class='ocrx_word' id='word_1_84' title='bbox 1212 1196 1303 1248; x_wconf 77' lang='grc' dir='ltr'><strong>καὶ</strong></span> <span class='ocrx_word' id='word_1_85' title='bbox 1350 1198 1378 1247; x_wconf 96' lang='lat'><strong>6</strong></span> <span class='ocrx_word' id='word_1_86' title='bbox 1420 1197 1759 1266; x_wconf 86' lang='grc' dir='ltr'>Ἀμουράτης</span> <span class='ocrx_word' id='word_1_87' title='bbox 1819 1198 1883 1250; x_wconf 82' lang='grc' dir='ltr'><strong>ἐκ</strong></span> <span class='ocrx_word' id='word_1_88' title='bbox 1924 1198 2024 1265; x_wconf 82' lang='grc' dir='ltr'>τῆς</span> 
     </span>
    </p>
   </div>
   <div class='ocr_carea' id='block_1_13' title="bbox 452 1284 2019 1357">
    <p class='ocr_par' dir='ltr' id='par_1_13' title="bbox 452 1284 2019 1357">
     <span class='ocr_line' id='line_1_13' title="bbox 452 1284 2019 1357; baseline 0.005 -23"><span class='ocrx_word' id='word_1_89' title='bbox 452 1284 714 1352; x_wconf 80' lang='grc' dir='ltr'>ἀνατολῆς</span> <span class='ocrx_word' id='word_1_90' title='bbox 734 1285 820 1337; x_wconf 77' lang='grc' dir='ltr'>διὰ</span> <span class='ocrx_word' id='word_1_91' title='bbox 842 1286 1120 1354; x_wconf 85' lang='grc' dir='ltr'>πρέσϐεων</span> <span class='ocrx_word' id='word_1_92' title='bbox 1151 1287 1316 1341; x_wconf 84' lang='grc' dir='ltr'>πολλά</span> <span class='ocrx_word' id='word_1_93' title='bbox 1339 1289 1534 1341; x_wconf 81' lang='grc' dir='ltr'>ἔτασσε</span> <span class='ocrx_word' id='word_1_94' title='bbox 1555 1293 1665 1349; x_wconf 83' lang='grc' dir='ltr'>τοῖς</span> <span class='ocrx_word' id='word_1_95' title='bbox 1707 1290 2019 1357; x_wconf 70' lang='grc' dir='ltr'>Ῥωμαίοις,</span> 
     </span>
    </p>
   </div>
   <div class='ocr_carea' id='block_1_14' title="bbox 449 1375 2023 1451">
    <p class='ocr_par' dir='ltr' id='par_1_14' title="bbox 449 1375 2023 1451">
     <span class='ocr_line' id='line_1_14' title="bbox 449 1375 2023 1451; baseline 0.006 -26"><span class='ocrx_word' id='word_1_96' title='bbox 449 1375 702 1441; x_wconf 81' lang='grc' dir='ltr'>δεόμενος</span> <span class='ocrx_word' id='word_1_97' title='bbox 735 1378 819 1428; x_wconf 83' lang='grc' dir='ltr'>ἵνα</span> <span class='ocrx_word' id='word_1_98' title='bbox 858 1379 930 1444; x_wconf 86' lang='grc' dir='ltr'><strong>μὴ</strong></span> <span class='ocrx_word' id='word_1_99' title='bbox 957 1378 1209 1445; x_wconf 76' lang='grc' dir='ltr'>γενέσθαι</span> <span class='ocrx_word' id='word_1_100' title='bbox 1236 1379 1325 1431; x_wconf 86' lang='grc' dir='ltr'><strong>τὸν</strong></span> <span class='ocrx_word' id='word_1_101' title='bbox 1379 1380 1710 1449; x_wconf 80' lang='grc' dir='ltr'>Μουσταφᾶν</span> <span class='ocrx_word' id='word_1_102' title='bbox 1762 1381 2023 1451; x_wconf 72' lang='grc' dir='ltr'><strong>αὐθέντην</strong></span> 
     </span>
    </p>
   </div>
   <div class='ocr_carea' id='block_1_15' title="bbox 451 1456 2022 1543">
    <p class='ocr_par' dir='ltr' id='par_1_15' title="bbox 451 1456 2022 1543">
     <span class='ocr_line' id='line_1_15' title="bbox 451 1456 2022 1543; baseline 0.006 -25"><span class='ocrx_word' id='word_1_103' title='bbox 451 1456 787 1535; x_wconf 70' lang='grc' dir='ltr'><strong>βοηθήσωσιν</strong></span> <span class='ocrx_word' id='word_1_104' title='bbox 824 1487 838 1500; x_wconf 83' lang='grc'>⁶</span> <span class='ocrx_word' id='word_1_105' title='bbox 871 1471 918 1522; x_wconf 80' lang='grc' dir='ltr'>οι</span> <span class='ocrx_word' id='word_1_106' title='bbox 946 1472 1001 1523; x_wconf 80' lang='grc' dir='ltr'><strong>δέ</strong></span> <span class='ocrx_word' id='word_1_107' title='bbox 1031 1472 1289 1540; x_wconf 79' lang='grc' dir='ltr'>ἡμέτεροι</span> <span class='ocrx_word' id='word_1_108' title='bbox 1326 1472 1410 1524; x_wconf 74' lang='grc' dir='ltr'>ττά</span> <span class='ocrx_word' id='word_1_109' title='bbox 1446 1475 1663 1526; x_wconf 78' lang='grc' dir='ltr'>ἐναντία</span> <span class='ocrx_word' id='word_1_110' title='bbox 1696 1474 2022 1543; x_wconf 80' lang='grc' dir='ltr'><strong>φρονοῦντες</strong></span> 
     </span>
    </p>
   </div>
   <div class='ocr_carea' id='block_1_16' title="bbox 446 1557 2026 1634">
    <p class='ocr_par' dir='ltr' id='par_1_16' title="bbox 446 1557 2026 1634">
     <span class='ocr_line' id='line_1_16' title="bbox 446 1557 2026 1634; baseline 0.006 -26"><span class='ocrx_word' id='word_1_111' title='bbox 446 1557 602 1609; x_wconf 77' lang='grc' dir='ltr'>οὐδὲν</span> <span class='ocrx_word' id='word_1_112' title='bbox 630 1559 1010 1628; x_wconf 84' lang='grc' dir='ltr'>ἀπεκρίναντο.</span> <span class='ocrx_word' id='word_1_113' title='bbox 1040 1562 1174 1629; x_wconf 86' lang='grc' dir='ltr'>Περὶ</span> <span class='ocrx_word' id='word_1_114' title='bbox 1203 1562 1259 1615; x_wconf 87' lang='grc' dir='ltr'>δὲ</span> <span class='ocrx_word' id='word_1_115' title='bbox 1283 1565 1381 1626; x_wconf 73' lang='grc' dir='ltr'>τὰς</span> <span class='ocrx_word' id='word_1_116' title='bbox 1423 1563 1597 1632; x_wconf 83' lang='grc' dir='ltr'>ἀρχὰς</span> <span class='ocrx_word' id='word_1_117' title='bbox 1637 1564 1730 1617; x_wconf 82' lang='grc' dir='ltr'>τοῦ</span> <span class='ocrx_word' id='word_1_118' title='bbox 1760 1562 2026 1634; x_wconf 86' lang='grc' dir='ltr'>χειμῶνος</span> 
     </span>
    </p>
   </div>
   <div class='ocr_carea' id='block_1_17' title="bbox 448 1646 2025 1722">
    <p class='ocr_par' dir='ltr' id='par_1_17' title="bbox 448 1646 2025 1722">
     <span class='ocr_line' id='line_1_17' title="bbox 448 1646 2025 1722; baseline 0.004 -26"><span class='ocrx_word' id='word_1_119' title='bbox 448 1646 541 1697; x_wconf 82' lang='grc' dir='ltr'>τοῦ</span> <span class='ocrx_word' id='word_1_120' title='bbox 590 1647 753 1699; x_wconf 84' lang='grc' dir='ltr'>αὐτοῦ</span> <span class='ocrx_word' id='word_1_121' title='bbox 792 1648 947 1711; x_wconf 74' lang='grc' dir='ltr'>ἔτους</span> <span class='ocrx_word' id='word_1_122' title='bbox 999 1651 1028 1701; x_wconf 90' lang='grc' dir='ltr'><em>ὁ</em></span> <span class='ocrx_word' id='word_1_123' title='bbox 1085 1651 1330 1719; x_wconf 75' lang='grc' dir='ltr'>μπεγλὲρ</span> <span class='ocrx_word' id='word_1_124' title='bbox 1374 1652 1555 1719; x_wconf 81' lang='grc' dir='ltr'>μπέης</span> <span class='ocrx_word' id='word_1_125' title='bbox 1619 1653 2025 1722; x_wconf 82' lang='grc' dir='ltr'>Μπαγιαζήτης</span> 
     </span>
    </p>
   </div>
   <div class='ocr_carea' id='block_1_18' title="bbox 449 1732 2023 1807">
    <p class='ocr_par' dir='ltr' id='par_1_18' title="bbox 449 1732 2023 1807">
     <span class='ocr_line' id='line_1_18' title="bbox 449 1732 2023 1807; baseline 0.005 -23"><span class='ocrx_word' id='word_1_126' title='bbox 449 1732 799 1803; x_wconf 75' lang='grc' dir='ltr'>διερχόμενος</span> <span class='ocrx_word' id='word_1_127' title='bbox 827 1736 913 1788; x_wconf 85' lang='grc' dir='ltr'>διὰ</span> <span class='ocrx_word' id='word_1_128' title='bbox 957 1736 1051 1789; x_wconf 80' lang='grc' dir='ltr'>τοῦ</span> <span class='ocrx_word' id='word_1_129' title='bbox 1104 1738 1289 1790; x_wconf 81' lang='grc' dir='ltr'>ἐπάνω</span> <span class='ocrx_word' id='word_1_130' title='bbox 1337 1739 1522 1791; x_wconf 74' lang='grc' dir='ltr'>στενοῦ</span> <span class='ocrx_word' id='word_1_131' title='bbox 1575 1741 1656 1801; x_wconf 84' lang='grc' dir='ltr'>εἰς</span> <span class='ocrx_word' id='word_1_132' title='bbox 1709 1740 1806 1807; x_wconf 74' lang='grc' dir='ltr'><strong>τὴν</strong></span> <span class='ocrx_word' id='word_1_133' title='bbox 1851 1742 2023 1803; x_wconf 82' lang='grc' dir='ltr'>δύσιν,</span> 
     </span>
    </p>
   </div>
   <div class='ocr_carea' id='block_1_19' title="bbox 2125 556 3697 633">
    <p class='ocr_par' dir='ltr' id='par_1_19' title="bbox 2125 556 3697 633">
     <span class='ocr_line' id='line_1_19' title="bbox 2125 556 3697 633; baseline 0.006 -25"><span class='ocrx_word' id='word_1_134' title='bbox 2125 556 2435 620; x_wconf 82' lang='grc' dir='ltr'>Ψευθέντες</span> <span class='ocrx_word' id='word_1_135' title='bbox 2487 558 2543 611; x_wconf 85' lang='grc' dir='ltr'>δὲ</span> <span class='ocrx_word' id='word_1_136' title='bbox 2598 560 2696 622; x_wconf 84' lang='grc' dir='ltr'>τὰς</span> <span class='ocrx_word' id='word_1_137' title='bbox 2744 561 2983 624; x_wconf 78' lang='grc' dir='ltr'>ἐλπίδας.</span> <span class='ocrx_word' id='word_1_138' title='bbox 3020 562 3087 626; x_wconf 75' lang='grc' dir='ltr'>ἃς</span> <span class='ocrx_word' id='word_1_139' title='bbox 3127 564 3350 631; x_wconf 71' lang='grc' dir='ltr'>ἤλπιζον</span> <span class='ocrx_word' id='word_1_140' title='bbox 3384 564 3545 633; x_wconf 75' lang='grc' dir='ltr'>ἔχειν,</span> <span class='ocrx_word' id='word_1_141' title='bbox 3604 565 3697 618; x_wconf 74' lang='grc' dir='ltr'>διὰ</span> 
     </span>
    </p>
   </div>
   <div class='ocr_carea' id='block_1_20' title="bbox 2125 644 3690 722">
    <p class='ocr_par' dir='ltr' id='par_1_20' title="bbox 2125 644 3690 722">
     <span class='ocr_line' id='line_1_20' title="bbox 2125 644 3690 722; baseline 0.004 -25"><span class='ocrx_word' id='word_1_142' title='bbox 2125 644 2213 698; x_wconf 83' lang='grc' dir='ltr'><strong>τὸν</strong></span> <span class='ocrx_word' id='word_1_143' title='bbox 2244 644 2470 699; x_wconf 78' lang='grc' dir='ltr'>θάνατον</span> <span class='ocrx_word' id='word_1_144' title='bbox 2506 646 2598 701; x_wconf 83' lang='grc' dir='ltr'>τοῦ</span> <span class='ocrx_word' id='word_1_145' title='bbox 2627 650 2925 718; x_wconf 78' lang='grc' dir='ltr'>Μουσταφᾶ</span> <span class='ocrx_word' id='word_1_146' title='bbox 2949 652 2998 704; x_wconf 80' lang='grc' dir='ltr'><strong>οἱ</strong></span> <span class='ocrx_word' id='word_1_147' title='bbox 3023 651 3259 720; x_wconf 80' lang='grc' dir='ltr'>βασιλεῖς</span> <span class='ocrx_word' id='word_1_148' title='bbox 3285 650 3377 722; x_wconf 75' lang='grc' dir='ltr'><strong>[οἳ]</strong></span> <span class='ocrx_word' id='word_1_149' title='bbox 3403 654 3482 714; x_wconf 84' lang='grc' dir='ltr'><strong>είς</strong></span> <span class='ocrx_word' id='word_1_150' title='bbox 3519 669 3690 719; x_wconf 82' lang='grc' dir='ltr'>ταρα-</span> 
     </span>
    </p>
   </div>
   <div class='ocr_carea' id='block_1_21' title="bbox 2124 736 3694 812">
    <p class='ocr_par' dir='ltr' id='par_1_21' title="bbox 2124 736 3694 812">
     <span class='ocr_line' id='line_1_21' title="bbox 2124 736 3694 812; baseline 0.002 -23"><span class='ocrx_word' id='word_1_151' title='bbox 2124 736 2226 806; x_wconf 80' lang='grc' dir='ltr'><strong>χὴν</strong></span> <span class='ocrx_word' id='word_1_152' title='bbox 2255 737 2527 808; x_wconf 82' lang='grc' dir='ltr'>λογισμῶν</span> <span class='ocrx_word' id='word_1_153' title='bbox 2560 739 2653 792; x_wconf 81' lang='grc' dir='ltr'>καὶ</span> <span class='ocrx_word' id='word_1_154' title='bbox 2673 740 2833 807; x_wconf 80' lang='grc' dir='ltr'>φόϐον</span> <span class='ocrx_word' id='word_1_155' title='bbox 2868 743 3123 795; x_wconf 83' lang='grc' dir='ltr'>ἐνέπεσον</span> <span class='ocrx_word' id='word_1_156' title='bbox 3148 742 3235 795; x_wconf 86' lang='grc' dir='ltr'><strong>διὰ</strong></span> <span class='ocrx_word' id='word_1_157' title='bbox 3261 744 3357 812; x_wconf 81' lang='grc' dir='ltr'><strong>τὴν</strong></span> <span class='ocrx_word' id='word_1_158' title='bbox 3384 743 3579 811; x_wconf 76' lang='grc' dir='ltr'>ἔχθραν</span> <span class='ocrx_word' id='word_1_159' title='bbox 3623 743 3694 812; x_wconf 79' lang='grc' dir='ltr'>ἢν</span> 
     </span>
    </p>
   </div>
   <div class='ocr_carea' id='block_1_22' title="bbox 2124 828 3693 904">
    <p class='ocr_par' dir='ltr' id='par_1_22' title="bbox 2124 828 3693 904">
     <span class='ocr_line' id='line_1_22' title="bbox 2124 828 3693 904; baseline 0.003 -25"><span class='ocrx_word' id='word_1_160' title='bbox 2124 828 2330 892; x_wconf 75' lang='grc' dir='ltr'>ἔδειξαν</span> <span class='ocrx_word' id='word_1_161' title='bbox 2368 829 2508 882; x_wconf 77' lang='grc' dir='ltr'>κατὰ</span> <span class='ocrx_word' id='word_1_162' title='bbox 2535 831 2626 883; x_wconf 84' lang='grc' dir='ltr'>τοῦ</span> <span class='ocrx_word' id='word_1_163' title='bbox 2666 833 2998 904; x_wconf 84' lang='grc' dir='ltr'>’Λμουράτη,</span> <span class='ocrx_word' id='word_1_164' title='bbox 3054 833 3344 901; x_wconf 80' lang='grc' dir='ltr'>ζητοῦντες</span> <span class='ocrx_word' id='word_1_165' title='bbox 3369 835 3564 902; x_wconf 84' lang='grc' dir='ltr'>τρόπον</span> <span class='ocrx_word' id='word_1_166' title='bbox 3592 834 3693 885; x_wconf 76' lang='grc' dir='ltr'>καὶ</span> 
     </span>
    </p>
   </div>
   <div class='ocr_carea' id='block_1_23' title="bbox 2129 919 3697 1001">
    <p class='ocr_par' dir='ltr' id='par_1_23' title="bbox 2129 919 3697 1001">
     <span class='ocr_line' id='line_1_23' title="bbox 2129 919 3697 1001; baseline 0.003 -30"><span class='ocrx_word' id='word_1_167' title='bbox 2129 922 2307 1001; x_wconf 81' lang='grc' dir='ltr'>αἰτίαν</span> <span class='ocrx_word' id='word_1_168' title='bbox 2337 921 2446 983; x_wconf 82' lang='grc' dir='ltr'>ἵνα,</span> <span class='ocrx_word' id='word_1_169' title='bbox 2473 923 2522 975; x_wconf 86' lang='grc' dir='ltr'>εἰ</span> <span class='ocrx_word' id='word_1_170' title='bbox 2554 923 2775 975; x_wconf 82' lang='grc' dir='ltr'>δυνατὸν</span> <span class='ocrx_word' id='word_1_171' title='bbox 2804 919 2891 993; x_wconf 79' lang='grc' dir='ltr'>ἦν,</span> <span class='ocrx_word' id='word_1_172' title='bbox 2923 925 3125 992; x_wconf 20' lang='grc' dir='ltr'>εἰρήνην</span> <span class='ocrx_word' id='word_1_173' title='bbox 3150 925 3243 975; x_wconf 83' lang='grc' dir='ltr'>καὶ</span> <span class='ocrx_word' id='word_1_174' title='bbox 3279 924 3467 993; x_wconf 81' lang='grc' dir='ltr'><strong>ἀγάπη</strong></span> <span class='ocrx_word' id='word_1_175' title='bbox 3492 925 3697 989; x_wconf 82' lang='grc' dir='ltr'>ἀναμέ-</span> 
     </span>
    </p>
   </div>
   <div class='ocr_carea' id='block_1_24' title="bbox 2128 1014 3693 1088">
    <p class='ocr_par' dir='ltr' id='par_1_24' title="bbox 2128 1014 3693 1088">
     <span class='ocr_line' id='line_1_24' title="bbox 2128 1014 3693 1088; baseline 0.003 -23"><span class='ocrx_word' id='word_1_176' title='bbox 2128 1030 2219 1066; x_wconf 91' lang='grc' dir='ltr'><strong>σον</strong></span> <span class='ocrx_word' id='word_1_177' title='bbox 2238 1014 2345 1066; x_wconf 87' lang='grc' dir='ltr'><strong>τῶν</strong></span> <span class='ocrx_word' id='word_1_178' title='bbox 2374 1016 2630 1083; x_wconf 87' lang='grc' dir='ltr'>Τούρκων</span> <span class='ocrx_word' id='word_1_179' title='bbox 2657 1019 2753 1070; x_wconf 72' lang='grc' dir='ltr'>καὶ</span> <span class='ocrx_word' id='word_1_180' title='bbox 2774 1018 2884 1070; x_wconf 83' lang='grc' dir='ltr'><strong>τῶν</strong></span> <span class='ocrx_word' id='word_1_181' title='bbox 2924 1017 3206 1087; x_wconf 85' lang='grc' dir='ltr'>Ῥωμαίων</span> <span class='ocrx_word' id='word_1_182' title='bbox 3239 1019 3523 1088; x_wconf 84' lang='grc' dir='ltr'>γενήσεται</span> <span class='ocrx_word' id='word_1_183' title='bbox 3551 1034 3565 1047; x_wconf 88' lang='grc'><strong>·</strong></span> <span class='ocrx_word' id='word_1_184' title='bbox 3598 1019 3693 1069; x_wconf 79' lang='grc' dir='ltr'><strong>καὶ</strong></span> 
     </span>
    </p>
   </div>
   <div class='ocr_carea' id='block_1_25' title="bbox 2127 1104 3693 1179">
    <p class='ocr_par' dir='ltr' id='par_1_25' title="bbox 2127 1104 3693 1179">
     <span class='ocr_line' id='line_1_25' title="bbox 2127 1104 3693 1179; baseline 0.001 -22"><span class='ocrx_word' id='word_1_185' title='bbox 2127 1104 2451 1158; x_wconf 80' lang='grc' dir='ltr'>ἀπέστειλαν</span> <span class='ocrx_word' id='word_1_186' title='bbox 2479 1107 2614 1176; x_wconf 82' lang='grc' dir='ltr'>πρὸς</span> <span class='ocrx_word' id='word_1_187' title='bbox 2656 1108 2745 1161; x_wconf 80' lang='grc' dir='ltr'><strong>τὸν</strong></span> <span class='ocrx_word' id='word_1_188' title='bbox 2792 1109 3014 1177; x_wconf 81' lang='grc' dir='ltr'>ἀμηρᾶν</span> <span class='ocrx_word' id='word_1_189' title='bbox 3071 1110 3333 1179; x_wconf 81' lang='grc' dir='ltr'>πρέσϐεις</span> <span class='ocrx_word' id='word_1_190' title='bbox 3387 1111 3693 1179; x_wconf 81' lang='grc' dir='ltr'>Δημήτριον</span> 
     </span>
    </p>
   </div>
   <div class='ocr_carea' id='block_1_26' title="bbox 2124 1193 3693 1267">
    <p class='ocr_par' dir='ltr' id='par_1_26' title="bbox 2124 1193 3693 1267">
     <span class='ocr_line' id='line_1_26' title="bbox 2124 1193 3693 1267; baseline 0.005 -23"><span class='ocrx_word' id='word_1_191' title='bbox 2124 1193 2215 1246; x_wconf 82' lang='grc' dir='ltr'>τὸν</span> <span class='ocrx_word' id='word_1_192' title='bbox 2248 1196 2721 1265; x_wconf 78' lang='grc' dir='ltr'>Καντακουζηνὸν,</span> <span class='ocrx_word' id='word_1_193' title='bbox 2755 1200 3032 1252; x_wconf 84' lang='grc' dir='ltr'>Ματθαῖον</span> <span class='ocrx_word' id='word_1_194' title='bbox 3060 1199 3151 1251; x_wconf 80' lang='grc' dir='ltr'><strong>τὸν</strong></span> <span class='ocrx_word' id='word_1_195' title='bbox 3178 1199 3457 1267; x_wconf 85' lang='grc' dir='ltr'>Λάσκαριν</span> <span class='ocrx_word' id='word_1_196' title='bbox 3480 1201 3574 1251; x_wconf 80' lang='grc' dir='ltr'><strong>καὶ</strong></span> <span class='ocrx_word' id='word_1_197' title='bbox 3598 1201 3693 1252; x_wconf 64' lang='grc' dir='ltr'><strong>τὸν</strong></span> 
     </span>
    </p>
   </div>
   <div class='ocr_carea' id='block_1_27' title="bbox 2127 1286 3692 1358">
    <p class='ocr_par' dir='ltr' id='par_1_27' title="bbox 2127 1286 3692 1358">
     <span class='ocr_line' id='line_1_27' title="bbox 2127 1286 3692 1358; baseline 0.004 -23"><span class='ocrx_word' id='word_1_198' title='bbox 2127 1286 2515 1354; x_wconf 80' lang='grc' dir='ltr'>γραμματικὸν</span> <span class='ocrx_word' id='word_1_199' title='bbox 2550 1288 2818 1356; x_wconf 78' lang='grc' dir='ltr'>’Ἄγγελον</span> <span class='ocrx_word' id='word_1_200' title='bbox 2851 1290 2942 1341; x_wconf 84' lang='grc' dir='ltr'><strong>τὸν</strong></span> <span class='ocrx_word' id='word_1_201' title='bbox 2965 1289 3331 1358; x_wconf 66' lang='grc' dir='ltr'><strong>⁴ιιλομμάτην.</strong></span> <span class='ocrx_word' id='word_1_202' title='bbox 3368 1290 3428 1342; x_wconf 87' lang='lat'><strong>&#39;0</strong></span> <span class='ocrx_word' id='word_1_203' title='bbox 3462 1290 3517 1342; x_wconf 79' lang='grc' dir='ltr'>δὲ</span> <span class='ocrx_word' id='word_1_204' title='bbox 3542 1290 3692 1358; x_wconf 83' lang='grc' dir='ltr'>ἁμη-</span> 
     </span>
    </p>
   </div>
   <div class='ocr_carea' id='block_1_28' title="bbox 2128 1374 3692 1448">
    <p class='ocr_par' dir='ltr' id='par_1_28' title="bbox 2128 1374 3692 1448">
     <span class='ocr_line' id='line_1_28' title="bbox 2128 1374 3692 1448; baseline 0.001 -20"><span class='ocrx_word' id='word_1_205' title='bbox 2128 1377 2229 1445; x_wconf 77' lang='grc' dir='ltr'>ρᾶς</span> <span class='ocrx_word' id='word_1_206' title='bbox 2261 1378 2585 1445; x_wconf 88' lang='grc' dir='ltr'>μαινόμενος</span> <span class='ocrx_word' id='word_1_207' title='bbox 2607 1374 2677 1448; x_wconf 80' lang='grc' dir='ltr'>ἦν</span> <span class='ocrx_word' id='word_1_208' title='bbox 2702 1378 2779 1447; x_wconf 82' lang='grc' dir='ltr'>τῷ</span> <span class='ocrx_word' id='word_1_209' title='bbox 2809 1379 2965 1448; x_wconf 86' lang='grc' dir='ltr'>θυμῷ</span> <span class='ocrx_word' id='word_1_210' title='bbox 2985 1379 3124 1433; x_wconf 85' lang='grc' dir='ltr'><strong>κατά</strong></span> <span class='ocrx_word' id='word_1_211' title='bbox 3149 1381 3243 1448; x_wconf 81' lang='grc' dir='ltr'>τῆς</span> <span class='ocrx_word' id='word_1_212' title='bbox 3266 1379 3371 1432; x_wconf 87' lang='grc' dir='ltr'><strong>τῶν</strong></span> <span class='ocrx_word' id='word_1_213' title='bbox 3407 1378 3692 1447; x_wconf 85' lang='grc' dir='ltr'>Ῥωμαίων</span> 
     </span>
    </p>
   </div>
   <div class='ocr_carea' id='block_1_29' title="bbox 2126 1466 3692 1539">
    <p class='ocr_par' dir='ltr' id='par_1_29' title="bbox 2126 1466 3692 1539">
     <span class='ocr_line' id='line_1_29' title="bbox 2126 1466 3692 1539; baseline -0.001 -18"><span class='ocrx_word' id='word_1_214' title='bbox 2126 1467 2297 1537; x_wconf 77' lang='grc' dir='ltr'>ἀρχῆς</span> <span class='ocrx_word' id='word_1_215' title='bbox 2340 1469 2408 1520; x_wconf 88' lang='grc' dir='ltr'>δι’</span> <span class='ocrx_word' id='word_1_216' title='bbox 2437 1469 2617 1531; x_wconf 81' lang='grc' dir='ltr'>αἰτίας</span> <span class='ocrx_word' id='word_1_217' title='bbox 2647 1468 2713 1529; x_wconf 72' lang='grc' dir='ltr'>ἃς</span> <span class='ocrx_word' id='word_1_218' title='bbox 2744 1470 2972 1539; x_wconf 74' lang='grc' dir='ltr'>εἴπομεν</span> <span class='ocrx_word' id='word_1_219' title='bbox 3004 1485 3020 1502; x_wconf 88' lang='grc'><strong>·</strong></span> <span class='ocrx_word' id='word_1_220' title='bbox 3049 1471 3143 1521; x_wconf 74' lang='grc' dir='ltr'>καὶ</span> <span class='ocrx_word' id='word_1_221' title='bbox 3184 1470 3348 1532; x_wconf 86' lang='grc' dir='ltr'>εὐθὺς</span> <span class='ocrx_word' id='word_1_222' title='bbox 3410 1469 3485 1531; x_wconf 81' lang='grc' dir='ltr'>ὡς</span> <span class='ocrx_word' id='word_1_223' title='bbox 3548 1466 3692 1521; x_wconf 75' lang='grc' dir='ltr'>εἶδεν</span> 
     </span>
    </p>
   </div>
   <div class='ocr_carea' id='block_1_30' title="bbox 2127 1557 3692 1631">
    <p class='ocr_par' dir='ltr' id='par_1_30' title="bbox 2127 1557 3692 1631">
     <span class='ocr_line' id='line_1_30' title="bbox 2127 1557 3692 1631; baseline 0.001 -23"><span class='ocrx_word' id='word_1_224' title='bbox 2127 1557 2342 1622; x_wconf 81' lang='grc' dir='ltr'>αὐτοὺς,</span> <span class='ocrx_word' id='word_1_225' title='bbox 2375 1559 2682 1627; x_wconf 79' lang='grc' dir='ltr'>προστάξας</span> <span class='ocrx_word' id='word_1_226' title='bbox 2717 1561 2774 1612; x_wconf 85' lang='grc' dir='ltr'><strong>ἐν</strong></span> <span class='ocrx_word' id='word_1_227' title='bbox 2826 1560 3016 1630; x_wconf 73' lang='grc' dir='ltr'>εἱρκτῇ</span> <span class='ocrx_word' id='word_1_228' title='bbox 3072 1560 3388 1631; x_wconf 76' lang='grc' dir='ltr'>ἐζοςρωμένῃ</span> <span class='ocrx_word' id='word_1_229' title='bbox 3444 1558 3692 1628; x_wconf 79' lang='grc' dir='ltr'>δεσμίους</span> 
     </span>
    </p>
   </div>
   <div class='ocr_carea' id='block_1_31' title="bbox 2128 1647 3342 1721">
    <p class='ocr_par' dir='ltr' id='par_1_31' title="bbox 2128 1647 3342 1721">
     <span class='ocr_line' id='line_1_31' title="bbox 2128 1647 3342 1721; baseline 0.002 -20"><span class='ocrx_word' id='word_1_230' title='bbox 2128 1647 2299 1714; x_wconf 72' lang='grc' dir='ltr'>ἔθετο,</span> <span class='ocrx_word' id='word_1_231' title='bbox 2334 1651 2427 1702; x_wconf 75' lang='grc' dir='ltr'><strong>καὶ</strong></span> <span class='ocrx_word' id='word_1_232' title='bbox 2457 1650 2712 1717; x_wconf 85' lang='grc' dir='ltr'>ἀσφαλῶς</span> <span class='ocrx_word' id='word_1_233' title='bbox 2739 1652 3024 1721; x_wconf 78' lang='grc' dir='ltr'>τηρεῖσθαι</span> <span class='ocrx_word' id='word_1_234' title='bbox 3057 1652 3342 1714; x_wconf 84' lang='grc' dir='ltr'>κελεύσας.</span> 
     </span>
    </p>
   </div>
   <div class='ocr_carea' id='block_1_32' title="bbox 2200 1741 3689 1814">
    <p class='ocr_par' dir='ltr' id='par_1_32' title="bbox 2200 1741 3689 1814">
     <span class='ocr_line' id='line_1_32' title="bbox 2200 1741 3689 1814; baseline 0 -21"><span class='ocrx_word' id='word_1_235' title='bbox 2200 1741 2295 1796; x_wconf 68' lang='grc' dir='ltr'>λθθ.</span> <span class='ocrx_word' id='word_1_236' title='bbox 2326 1743 2459 1807; x_wconf 75' lang='grc' dir='ltr'>Περὶ</span> <span class='ocrx_word' id='word_1_237' title='bbox 2482 1744 2538 1795; x_wconf 82' lang='grc' dir='ltr'>δὲ</span> <span class='ocrx_word' id='word_1_238' title='bbox 2570 1743 2667 1805; x_wconf 87' lang='grc' dir='ltr'><strong>τάς</strong></span> <span class='ocrx_word' id='word_1_239' title='bbox 2699 1744 2871 1813; x_wconf 79' lang='grc' dir='ltr'>ἀρχὰς</span> <span class='ocrx_word' id='word_1_240' title='bbox 2894 1744 2986 1797; x_wconf 78' lang='grc' dir='ltr'>τοῦ</span> <span class='ocrx_word' id='word_1_241' title='bbox 3025 1745 3237 1814; x_wconf 82' lang='grc' dir='ltr'>θέρους,</span> <span class='ocrx_word' id='word_1_242' title='bbox 3288 1746 3352 1811; x_wconf 84' lang='grc' dir='ltr'>τῇ</span> <span class='ocrx_word' id='word_1_243' title='bbox 3386 1742 3549 1812; x_wconf 81' lang='grc' dir='ltr'>ὀγδόῃ</span> <span class='ocrx_word' id='word_1_244' title='bbox 3594 1744 3689 1794; x_wconf 64' lang='grc' dir='ltr'><strong>τοῦ</strong></span> 
     </span>
    </p>
   </div>
   <div class='ocr_carea' id='block_1_33' title="bbox 449 1824 3691 1903">
    <p class='ocr_par' dir='ltr' id='par_1_33' title="bbox 449 1824 3691 1903">
     <span class='ocr_line' id='line_1_33' title="bbox 449 1824 3691 1903; baseline 0.003 -28"><span class='ocrx_word' id='word_1_245' title='bbox 449 1824 587 1892; x_wconf 77' lang='grc' dir='ltr'>ἀνὴρ</span> <span class='ocrx_word' id='word_1_246' title='bbox 610 1826 873 1893; x_wconf 81' lang='grc' dir='ltr'>χρήσιμος</span> <span class='ocrx_word' id='word_1_247' title='bbox 897 1828 989 1878; x_wconf 77' lang='grc' dir='ltr'><strong>καὶ</strong></span> <span class='ocrx_word' id='word_1_248' title='bbox 1012 1829 1313 1895; x_wconf 81' lang='grc' dir='ltr'>πρακτικὸς</span> <span class='ocrx_word' id='word_1_249' title='bbox 1339 1829 1396 1880; x_wconf 80' lang='grc' dir='ltr'><strong>ἐν</strong></span> <span class='ocrx_word' id='word_1_250' title='bbox 1418 1829 1675 1897; x_wconf 76' lang='grc' dir='ltr'>πολέμοις</span> <span class='ocrx_word' id='word_1_251' title='bbox 1701 1833 1796 1883; x_wconf 71' lang='grc' dir='ltr'>καὶ</span> <span class='ocrx_word' id='word_1_252' title='bbox 1826 1831 2023 1901; x_wconf 81' lang='grc' dir='ltr'>βιζῖρις</span> <span class='ocrx_word' id='word_1_253' title='bbox 2058 1828 2093 1880; x_wconf 80' lang='grc' dir='ltr'><strong>Β</strong></span> <span class='ocrx_word' id='word_1_254' title='bbox 2139 1831 2374 1897; x_wconf 83' lang='grc' dir='ltr'>Ἰουνίου,</span> <span class='ocrx_word' id='word_1_255' title='bbox 2408 1834 2481 1901; x_wconf 86' lang='grc' dir='ltr'>τῷ</span> <span class='ocrx_word' id='word_1_256' title='bbox 2508 1835 2654 1903; x_wconf 55' lang='grc' dir='ltr'>,ςῇλν</span> <span class='ocrx_word' id='word_1_257' title='bbox 2686 1834 2796 1887; x_wconf 73' lang='grc' dir='ltr'>ἔτει</span> <span class='ocrx_word' id='word_1_258' title='bbox 2830 1836 3153 1899; x_wconf 85' lang='grc' dir='ltr'>ἀποστείλας</span> <span class='ocrx_word' id='word_1_259' title='bbox 3174 1839 3203 1888; x_wconf 88' lang='lat'><strong>6</strong></span> <span class='ocrx_word' id='word_1_260' title='bbox 3242 1834 3582 1903; x_wconf 81' lang='grc' dir='ltr'>Ἀμουράτης</span> <span class='ocrx_word' id='word_1_261' title='bbox 3605 1832 3691 1885; x_wconf 73' lang='grc' dir='ltr'><strong>διὰ</strong></span> 
     </span>
    </p>
   </div>
   <div class='ocr_carea' id='block_1_34' title="bbox 448 1914 2015 1990">
    <p class='ocr_par' dir='ltr' id='par_1_34' title="bbox 448 1914 2015 1990">
     <span class='ocr_line' id='line_1_34' title="bbox 448 1914 2015 1990; baseline 0.003 -23"><span class='ocrx_word' id='word_1_262' title='bbox 448 1914 523 1967; x_wconf 85' lang='grc' dir='ltr'><strong>ῶν</strong></span> <span class='ocrx_word' id='word_1_263' title='bbox 551 1916 643 1968; x_wconf 79' lang='grc' dir='ltr'>τοῦ</span> <span class='ocrx_word' id='word_1_264' title='bbox 679 1917 883 1985; x_wconf 76' lang='grc' dir='ltr'>πατρὸς</span> <span class='ocrx_word' id='word_1_265' title='bbox 911 1918 1005 1971; x_wconf 80' lang='grc' dir='ltr'>τοῦ</span> <span class='ocrx_word' id='word_1_266' title='bbox 1050 1919 1409 1990; x_wconf 84' lang='grc' dir='ltr'>Ἀμουράτου,</span> <span class='ocrx_word' id='word_1_267' title='bbox 1467 1920 1527 1982; x_wconf 84' lang='grc' dir='ltr'>ὃς</span> <span class='ocrx_word' id='word_1_268' title='bbox 1587 1921 1683 1989; x_wconf 78' lang='grc' dir='ltr'>τὴν</span> <span class='ocrx_word' id='word_1_269' title='bbox 1734 1922 2015 1987; x_wconf 71' lang='grc' dir='ltr'>’Ἄγκυραν</span> 
     </span>
    </p>
   </div>
   <div class='ocr_carea' id='block_1_35' title="bbox 450 2006 2016 2081">
    <p class='ocr_par' dir='ltr' id='par_1_35' title="bbox 450 2006 2016 2081">
     <span class='ocr_line' id='line_1_35' title="bbox 450 2006 2016 2081; baseline 0.004 -23"><span class='ocrx_word' id='word_1_270' title='bbox 450 2006 708 2075; x_wconf 77' lang='grc' dir='ltr'>ἐκέκτητο</span> <span class='ocrx_word' id='word_1_271' title='bbox 756 2010 834 2071; x_wconf 82' lang='grc' dir='ltr'><strong>είς</strong></span> <span class='ocrx_word' id='word_1_272' title='bbox 890 2010 1271 2077; x_wconf 79' lang='grc' dir='ltr'>κεφαλάτικον,</span> <span class='ocrx_word' id='word_1_273' title='bbox 1329 2012 1666 2081; x_wconf 81' lang='grc' dir='ltr'>βουλόμενος,</span> <span class='ocrx_word' id='word_1_274' title='bbox 1721 2014 1767 2065; x_wconf 89' lang='grc' dir='ltr'>εἰ</span> <span class='ocrx_word' id='word_1_275' title='bbox 1798 2014 2016 2067; x_wconf 79' lang='grc' dir='ltr'>δυνατὸν</span> 
     </span>
    </p>
   </div>
   <div class='ocr_carea' id='block_1_36' title="bbox 450 2094 2017 2175">
    <p class='ocr_par' dir='ltr' id='par_1_36' title="bbox 450 2094 2017 2175">
     <span class='ocr_line' id='line_1_36' title="bbox 450 2094 2017 2175; baseline 0.005 -25"><span class='ocrx_word' id='word_1_276' title='bbox 450 2094 538 2166; x_wconf 80' lang='grc' dir='ltr'>ἦν,</span> <span class='ocrx_word' id='word_1_277' title='bbox 563 2100 830 2169; x_wconf 78' lang='grc' dir='ltr'>κρατῆσαι</span> <span class='ocrx_word' id='word_1_278' title='bbox 861 2103 941 2163; x_wconf 89' lang='grc' dir='ltr'><strong>είς</strong></span> <span class='ocrx_word' id='word_1_279' title='bbox 978 2101 1075 2171; x_wconf 79' lang='grc' dir='ltr'>τὴν</span> <span class='ocrx_word' id='word_1_280' title='bbox 1126 2102 1219 2154; x_wconf 83' lang='grc' dir='ltr'>τοῦ</span> <span class='ocrx_word' id='word_1_281' title='bbox 1260 2104 1565 2173; x_wconf 78' lang='grc' dir='ltr'>Ἀμουράτη</span> <span class='ocrx_word' id='word_1_282' title='bbox 1600 2104 1865 2168; x_wconf 82' lang='grc' dir='ltr'>ἐξουσίαν,</span> <span class='ocrx_word' id='word_1_283' title='bbox 1919 2107 2017 2175; x_wconf 82' lang='grc' dir='ltr'><strong>τὴν</strong></span> 
     </span>
    </p>
   </div>
   <div class='ocr_carea' id='block_1_37' title="bbox 450 2189 2017 2262">
    <p class='ocr_par' dir='ltr' id='par_1_37' title="bbox 450 2189 2017 2262">
     <span class='ocr_line' id='line_1_37' title="bbox 450 2189 2017 2262; baseline 0.005 -21"><span class='ocrx_word' id='word_1_284' title='bbox 450 2189 597 2242; x_wconf 73' lang='grc' dir='ltr'>δύσιν</span> <span class='ocrx_word' id='word_1_285' title='bbox 633 2191 891 2259; x_wconf 83' lang='grc' dir='ltr'>δηλονότι.</span> <span class='ocrx_word' id='word_1_286' title='bbox 923 2194 1035 2245; x_wconf 76' lang='grc' dir='ltr'><strong>Καὶ</strong></span> <span class='ocrx_word' id='word_1_287' title='bbox 1060 2192 1151 2245; x_wconf 77' lang='grc' dir='ltr'>τοῦ</span> <span class='ocrx_word' id='word_1_288' title='bbox 1182 2195 1486 2262; x_wconf 75' lang='grc' dir='ltr'>Μουσταφᾶ</span> <span class='ocrx_word' id='word_1_289' title='bbox 1508 2195 1668 2247; x_wconf 78' lang='grc' dir='ltr'>πάλιν</span> <span class='ocrx_word' id='word_1_290' title='bbox 1715 2195 2017 2259; x_wconf 72' lang='grc' dir='ltr'>ἐξελθόντος</span> 
     </span>
    </p>
   </div>
   <div class='ocr_carea' id='block_1_38' title="bbox 454 2282 2017 2353">
    <p class='ocr_par' dir='ltr' id='par_1_38' title="bbox 454 2282 2017 2353">
     <span class='ocr_line' id='line_1_38' title="bbox 454 2282 2017 2353; baseline 0.005 -22"><span class='ocrx_word' id='word_1_291' title='bbox 454 2282 516 2333; x_wconf 83' lang='grc' dir='ltr'><strong>ἐκ</strong></span> <span class='ocrx_word' id='word_1_292' title='bbox 549 2284 647 2350; x_wconf 83' lang='grc' dir='ltr'><strong>τῆς</strong></span> <span class='ocrx_word' id='word_1_293' title='bbox 704 2283 1167 2345; x_wconf 83' lang='grc' dir='ltr'>Καλλιουπόλεως,</span> <span class='ocrx_word' id='word_1_294' title='bbox 1220 2285 1468 2353; x_wconf 85' lang='grc' dir='ltr'>διήρχετο</span> <span class='ocrx_word' id='word_1_295' title='bbox 1497 2287 1617 2338; x_wconf 82' lang='grc' dir='ltr'>κατ’</span> <span class='ocrx_word' id='word_1_296' title='bbox 1661 2285 1824 2339; x_wconf 80' lang='grc' dir='ltr'>αὐτοῦ</span> <span class='ocrx_word' id='word_1_297' title='bbox 1846 2288 1923 2348; x_wconf 78' lang='grc' dir='ltr'>εἰς</span> <span class='ocrx_word' id='word_1_298' title='bbox 1952 2287 2017 2339; x_wconf 80' lang='grc' dir='ltr'>τὰ</span> 
     </span>
    </p>
   </div>
   <div class='ocr_carea' id='block_1_39' title="bbox 453 2373 2017 2445">
    <p class='ocr_par' dir='ltr' id='par_1_39' title="bbox 453 2373 2017 2445">
     <span class='ocr_line' id='line_1_39' title="bbox 453 2373 2017 2445; baseline 0.003 -21"><span class='ocrx_word' id='word_1_299' title='bbox 453 2375 581 2441; x_wconf 70' lang='grc' dir='ltr'>περὶ</span> <span class='ocrx_word' id='word_1_300' title='bbox 609 2373 708 2443; x_wconf 81' lang='grc' dir='ltr'><strong>τὴν</strong></span> <span class='ocrx_word' id='word_1_301' title='bbox 738 2374 1225 2444; x_wconf 71' lang='grc' dir='ltr'>Ἀνδρίανούπολιν.</span> <span class='ocrx_word' id='word_1_302' title='bbox 1271 2378 1375 2428; x_wconf 78' lang='grc' dir='ltr'>Καὶ</span> <span class='ocrx_word' id='word_1_303' title='bbox 1417 2376 1831 2445; x_wconf 82' lang='grc' dir='ltr'>συναντηθέντες</span> <span class='ocrx_word' id='word_1_304' title='bbox 1855 2378 2017 2429; x_wconf 66' lang='grc' dir='ltr'>πόλει·</span> 
     </span>
    </p>
   </div>
   <div class='ocr_carea' id='block_1_40' title="bbox 457 2465 2018 2537">
    <p class='ocr_par' dir='ltr' id='par_1_40' title="bbox 457 2465 2018 2537">
     <span class='ocr_line' id='line_1_40' title="bbox 457 2465 2018 2537; baseline 0.003 -20"><span class='ocrx_word' id='word_1_305' title='bbox 457 2481 552 2531; x_wconf 80' lang='grc' dir='ltr'><strong>μος</strong></span> <span class='ocrx_word' id='word_1_306' title='bbox 584 2468 818 2530; x_wconf 75' lang='grc' dir='ltr'>ἐγένετο,</span> <span class='ocrx_word' id='word_1_307' title='bbox 844 2465 937 2518; x_wconf 79' lang='grc' dir='ltr'>καὶ</span> <span class='ocrx_word' id='word_1_308' title='bbox 967 2469 993 2518; x_wconf 84' lang='lat'><strong>6</strong></span> <span class='ocrx_word' id='word_1_309' title='bbox 1016 2468 1415 2537; x_wconf 77' lang='grc' dir='ltr'>Μπαγιαζὴτης</span> <span class='ocrx_word' id='word_1_310' title='bbox 1460 2469 1563 2519; x_wconf 77' lang='grc' dir='ltr'><strong>ὑπὸ</strong></span> <span class='ocrx_word' id='word_1_311' title='bbox 1592 2467 1683 2519; x_wconf 83' lang='grc' dir='ltr'>τοῦ</span> <span class='ocrx_word' id='word_1_312' title='bbox 1720 2470 2018 2535; x_wconf 55' lang='grc' dir='ltr'>Μουσταξᾶ</span> 
     </span>
    </p>
   </div>
   <div class='ocr_carea' id='block_1_41' title="bbox 455 2538 2020 2628">
    <p class='ocr_par' dir='ltr' id='par_1_41' title="bbox 455 2538 2020 2628">
     <span class='ocr_line' id='line_1_41' title="bbox 455 2538 2020 2628; baseline 0.004 -22"><span class='ocrx_word' id='word_1_313' title='bbox 455 2555 694 2625; x_wconf 73' lang='grc' dir='ltr'>νικηθεὶς</span> <span class='ocrx_word' id='word_1_314' title='bbox 725 2538 818 2608; x_wconf 76' lang='grc' dir='ltr'>καῖι</span> <span class='ocrx_word' id='word_1_315' title='bbox 851 2557 1099 2619; x_wconf 66' lang='grc' dir='ltr'>πιασθεὶς</span> <span class='ocrx_word' id='word_1_316' title='bbox 1132 2558 1463 2627; x_wconf 79' lang='grc' dir='ltr'>ἀπεκτάνθη,</span> <span class='ocrx_word' id='word_1_317' title='bbox 1514 2560 1608 2611; x_wconf 75' lang='grc' dir='ltr'><strong>καὶ</strong></span> <span class='ocrx_word' id='word_1_318' title='bbox 1652 2559 1748 2628; x_wconf 84' lang='grc' dir='ltr'><strong>τὴν</strong></span> <span class='ocrx_word' id='word_1_319' title='bbox 1788 2560 1866 2623; x_wconf 80' lang='grc' dir='ltr'>εἰς</span> <span class='ocrx_word' id='word_1_320' title='bbox 1918 2560 2020 2627; x_wconf 82' lang='grc' dir='ltr'><strong>τὴν</strong></span> 
     </span>
    </p>
   </div>
   <div class='ocr_carea' id='block_1_42' title="bbox 394 2647 2020 2721">
    <p class='ocr_par' dir='ltr' id='par_1_42' title="bbox 394 2647 2020 2721">
     <span class='ocr_line' id='line_1_42' title="bbox 394 2647 2020 2721; baseline 0.006 -25"><span class='ocrx_word' id='word_1_321' title='bbox 394 2686 397 2689; x_wconf 48' lang='grc' dir='ltr'><strong>ν</strong></span> <span class='ocrx_word' id='word_1_322' title='bbox 452 2647 601 2698; x_wconf 78' lang='grc' dir='ltr'>δύσιν</span> <span class='ocrx_word' id='word_1_323' title='bbox 629 2650 809 2700; x_wconf 71' lang='grc' dir='ltr'>πᾶσαν</span> <span class='ocrx_word' id='word_1_324' title='bbox 829 2650 1002 2718; x_wconf 82' lang='grc' dir='ltr'>ἀρχὴν</span> <span class='ocrx_word' id='word_1_325' title='bbox 1025 2649 1134 2703; x_wconf 87' lang='grc' dir='ltr'><strong>τῶν</strong></span> <span class='ocrx_word' id='word_1_326' title='bbox 1159 2650 1371 2703; x_wconf 87' lang='grc' dir='ltr'>ἀσεϐῶν</span> <span class='ocrx_word' id='word_1_327' title='bbox 1398 2653 1697 2720; x_wconf 73' lang='grc' dir='ltr'>ἐκυρίευσε.</span> <span class='ocrx_word' id='word_1_328' title='bbox 1735 2652 1894 2721; x_wconf 80' lang='lat'><strong>116</strong></span> <span class='ocrx_word' id='word_1_329' title='bbox 1916 2653 2020 2705; x_wconf 82' lang='grc' dir='ltr'><strong>Καὶ</strong></span> 
     </span>
    </p>
   </div>
   <div class='ocr_carea' id='block_1_43' title="bbox 456 2738 2019 2812">
    <p class='ocr_par' dir='ltr' id='par_1_43' title="bbox 456 2738 2019 2812">
     <span class='ocr_line' id='line_1_43' title="bbox 456 2738 2019 2812; baseline 0.004 -24"><span class='ocrx_word' id='word_1_330' title='bbox 456 2738 613 2790; x_wconf 82' lang='grc' dir='ltr'>πάλιν</span> <span class='ocrx_word' id='word_1_331' title='bbox 633 2740 955 2808; x_wconf 73' lang='grc' dir='ltr'>ἐπιστρέψας</span> <span class='ocrx_word' id='word_1_332' title='bbox 978 2742 1003 2792; x_wconf 91' lang='lat'><strong>6</strong></span> <span class='ocrx_word' id='word_1_333' title='bbox 1030 2742 1364 2809; x_wconf 80' lang='grc' dir='ltr'>Μουσταφᾶς</span> <span class='ocrx_word' id='word_1_334' title='bbox 1393 2745 1471 2805; x_wconf 80' lang='grc' dir='ltr'><strong>είς</strong></span> <span class='ocrx_word' id='word_1_335' title='bbox 1503 2742 1600 2812; x_wconf 82' lang='grc' dir='ltr'>τὴν</span> <span class='ocrx_word' id='word_1_336' title='bbox 1621 2744 1856 2795; x_wconf 86' lang='grc' dir='ltr'>Καλλιού</span> <span class='ocrx_word' id='word_1_337' title='bbox 1867 2745 2019 2797; x_wconf 88' lang='grc' dir='ltr'>πολιν</span> 
     </span>
    </p>
   </div>
   <div class='ocr_carea' id='block_1_44' title="bbox 456 2829 2019 2902">
    <p class='ocr_par' dir='ltr' id='par_1_44' title="bbox 456 2829 2019 2902">
     <span class='ocr_line' id='line_1_44' title="bbox 456 2829 2019 2902; baseline 0.005 -24"><span class='ocrx_word' id='word_1_338' title='bbox 456 2829 531 2895; x_wconf 84' lang='grc' dir='ltr'>τῷ</span> <span class='ocrx_word' id='word_1_339' title='bbox 564 2829 707 2896; x_wconf 83' lang='grc' dir='ltr'>αὐτῷ</span> <span class='ocrx_word' id='word_1_340' title='bbox 729 2830 859 2891; x_wconf 82' lang='grc' dir='ltr'>ἔτει,</span> <span class='ocrx_word' id='word_1_341' title='bbox 892 2833 982 2883; x_wconf 76' lang='grc' dir='ltr'><strong>καὶ</strong></span> <span class='ocrx_word' id='word_1_342' title='bbox 1012 2834 1255 2901; x_wconf 85' lang='grc' dir='ltr'>περάσας</span> <span class='ocrx_word' id='word_1_343' title='bbox 1308 2834 1386 2894; x_wconf 84' lang='grc' dir='ltr'>εἰς</span> <span class='ocrx_word' id='word_1_344' title='bbox 1436 2834 1536 2902; x_wconf 82' lang='grc' dir='ltr'><strong>τὴν</strong></span> <span class='ocrx_word' id='word_1_345' title='bbox 1585 2834 1848 2901; x_wconf 74' lang='grc' dir='ltr'>ἀνατολὴν</span> <span class='ocrx_word' id='word_1_346' title='bbox 1881 2836 2019 2886; x_wconf 77' lang='grc' dir='ltr'>κατὰ</span> 
     </span>
    </p>
   </div>
   <div class='ocr_carea' id='block_1_45' title="bbox 456 2918 2022 2992">
    <p class='ocr_par' dir='ltr' id='par_1_45' title="bbox 456 2918 2022 2992">
     <span class='ocr_line' id='line_1_45' title="bbox 456 2918 2022 2992; baseline 0.004 -24"><span class='ocrx_word' id='word_1_347' title='bbox 456 2918 548 2969; x_wconf 81' lang='grc' dir='ltr'>τοῦ</span> <span class='ocrx_word' id='word_1_348' title='bbox 584 2919 805 2986; x_wconf 84' lang='grc' dir='ltr'>ἀνεψιού</span> <span class='ocrx_word' id='word_1_349' title='bbox 828 2919 993 2973; x_wconf 82' lang='grc' dir='ltr'>αὐτοῦ</span> <span class='ocrx_word' id='word_1_350' title='bbox 1036 2922 1343 2991; x_wconf 82' lang='grc' dir='ltr'>Ἀμουράτη</span> <span class='ocrx_word' id='word_1_351' title='bbox 1374 2923 1456 2984; x_wconf 91' lang='grc' dir='ltr'><strong>είς</strong></span> <span class='ocrx_word' id='word_1_352' title='bbox 1498 2921 1744 2990; x_wconf 81' lang='grc' dir='ltr'>Προῦσαν</span> <span class='ocrx_word' id='word_1_353' title='bbox 1768 2923 2022 2992; x_wconf 73' lang='grc' dir='ltr'>εὑρισκο-</span> 
     </span>
    </p>
   </div>
   <div class='ocr_carea' id='block_1_46' title="bbox 460 3008 2021 3082">
    <p class='ocr_par' dir='ltr' id='par_1_46' title="bbox 460 3008 2021 3082">
     <span class='ocr_line' id='line_1_46' title="bbox 460 3008 2021 3082; baseline 0.003 -23"><span class='ocrx_word' id='word_1_354' title='bbox 460 3009 641 3077; x_wconf 80' lang='grc' dir='ltr'>μένου,</span> <span class='ocrx_word' id='word_1_355' title='bbox 674 3010 921 3078; x_wconf 64' lang='grc' dir='ltr'>ἡττηθεὶς</span> <span class='ocrx_word' id='word_1_356' title='bbox 951 3010 1348 3079; x_wconf 76' lang='grc' dir='ltr'>ἐπανέστρεψεν</span> <span class='ocrx_word' id='word_1_357' title='bbox 1366 3013 1443 3073; x_wconf 84' lang='grc' dir='ltr'><strong>είς</strong></span> <span class='ocrx_word' id='word_1_358' title='bbox 1469 3012 1566 3081; x_wconf 85' lang='grc' dir='ltr'><strong>τὴν</strong></span> <span class='ocrx_word' id='word_1_359' title='bbox 1586 3012 1753 3066; x_wconf 82' lang='grc' dir='ltr'>δύσιν.</span> <span class='ocrx_word' id='word_1_360' title='bbox 1806 3014 1915 3065; x_wconf 70' lang='grc' dir='ltr'><strong>Καὶ</strong></span> <span class='ocrx_word' id='word_1_361' title='bbox 1943 3008 2021 3082; x_wconf 81' lang='grc' dir='ltr'>τῷ</span> 
     </span>
    </p>
   </div>
   <div class='ocr_carea' id='block_1_47' title="bbox 458 3097 2022 3172">
    <p class='ocr_par' dir='ltr' id='par_1_47' title="bbox 458 3097 2022 3172">
     <span class='ocr_line' id='line_1_47' title="bbox 458 3097 2022 3172; baseline 0.004 -24"><span class='ocrx_word' id='word_1_362' title='bbox 458 3098 603 3164; x_wconf 83' lang='grc' dir='ltr'>θέρει</span> <span class='ocrx_word' id='word_1_363' title='bbox 639 3097 731 3150; x_wconf 83' lang='grc' dir='ltr'>τοῦ</span> <span class='ocrx_word' id='word_1_364' title='bbox 759 3099 923 3151; x_wconf 79' lang='grc' dir='ltr'>αὐτοῦ</span> <span class='ocrx_word' id='word_1_365' title='bbox 956 3099 1109 3158; x_wconf 73' lang='grc' dir='ltr'>ἔτους</span> <span class='ocrx_word' id='word_1_366' title='bbox 1149 3100 1329 3169; x_wconf 78' lang='grc' dir='ltr'>διῆλθε</span> <span class='ocrx_word' id='word_1_367' title='bbox 1359 3103 1452 3154; x_wconf 75' lang='grc' dir='ltr'><strong>καὶ</strong></span> <span class='ocrx_word' id='word_1_368' title='bbox 1478 3102 1640 3164; x_wconf 81' lang='grc' dir='ltr'>αὐτὸς</span> <span class='ocrx_word' id='word_1_369' title='bbox 1659 3102 1737 3172; x_wconf 72' lang='grc' dir='ltr'><strong>ξδὴ</strong></span> <span class='ocrx_word' id='word_1_370' title='bbox 1762 3104 1789 3155; x_wconf 92' lang='lat'><strong>6</strong></span> <span class='ocrx_word' id='word_1_371' title='bbox 1829 3102 2022 3171; x_wconf 82' lang='grc' dir='ltr'>Ἀμου-</span> 
     </span>
    </p>
   </div>
   <div class='ocr_carea' id='block_1_48' title="bbox 2122 1923 3694 1994">
    <p class='ocr_par' dir='ltr' id='par_1_48' title="bbox 2122 1923 3694 1994">
     <span class='ocr_line' id='line_1_48' title="bbox 2122 1923 3694 1994; baseline -0.001 -18"><span class='ocrx_word' id='word_1_372' title='bbox 2122 1924 2212 1976; x_wconf 78' lang='grc' dir='ltr'><strong>τδν</strong></span> <span class='ocrx_word' id='word_1_373' title='bbox 2238 1925 2594 1993; x_wconf 77' lang='grc' dir='ltr'>Μιχάλμπεη,</span> <span class='ocrx_word' id='word_1_374' title='bbox 2632 1928 2727 1977; x_wconf 71' lang='grc' dir='ltr'><strong>καὶ</strong></span> <span class='ocrx_word' id='word_1_375' title='bbox 2761 1926 3052 1978; x_wconf 76' lang='grc' dir='ltr'>ἀπέκλεισε</span> <span class='ocrx_word' id='word_1_376' title='bbox 3108 1927 3206 1994; x_wconf 86' lang='grc' dir='ltr'>τὴν</span> <span class='ocrx_word' id='word_1_377' title='bbox 3257 1923 3694 1978; x_wconf 76' lang='grc' dir='ltr'>Κωνσταντινού-</span> 
     </span>
    </p>
   </div>
   <div class='ocr_carea' id='block_1_49' title="bbox 2124 2011 3689 2085">
    <p class='ocr_par' dir='ltr' id='par_1_49' title="bbox 2124 2011 3689 2085">
     <span class='ocr_line' id='line_1_49' title="bbox 2124 2011 3689 2085; baseline 0.001 -24"><span class='ocrx_word' id='word_1_378' title='bbox 2124 2011 2274 2063; x_wconf 79' lang='grc' dir='ltr'>πολιν</span> <span class='ocrx_word' id='word_1_379' title='bbox 2301 2012 2602 2081; x_wconf 86' lang='grc' dir='ltr'>πολιορκῶν</span> <span class='ocrx_word' id='word_1_380' title='bbox 2632 2014 2819 2085; x_wconf 80' lang='grc' dir='ltr'>αὐτήν.</span> <span class='ocrx_word' id='word_1_381' title='bbox 2848 2016 2956 2067; x_wconf 70' lang='grc' dir='ltr'><strong>Καὶ¹</strong></span> <span class='ocrx_word' id='word_1_382' title='bbox 2986 2017 3050 2083; x_wconf 82' lang='grc' dir='ltr'>τῇ</span> <span class='ocrx_word' id='word_1_383' title='bbox 3082 2015 3142 2066; x_wconf 85' lang='grc' dir='ltr'>ιε’</span> <span class='ocrx_word' id='word_1_384' title='bbox 3166 2014 3260 2067; x_wconf 82' lang='grc' dir='ltr'>τοῦ</span> <span class='ocrx_word' id='word_1_385' title='bbox 3297 2014 3461 2068; x_wconf 81' lang='grc' dir='ltr'>αὐτοῦ</span> <span class='ocrx_word' id='word_1_386' title='bbox 3493 2013 3689 2080; x_wconf 80' lang='grc' dir='ltr'>ἔφθασε</span> 
     </span>
    </p>
   </div>
   <div class='ocr_carea' id='block_1_50' title="bbox 2122 2088 3687 2173">
    <p class='ocr_par' dir='ltr' id='par_1_50' title="bbox 2122 2088 3687 2173">
     <span class='ocr_line' id='line_1_50' title="bbox 2122 2088 3687 2173; baseline -0.001 -19"><span class='ocrx_word' id='word_1_387' title='bbox 2122 2103 2216 2154; x_wconf 76' lang='grc' dir='ltr'>καὶ</span> <span class='ocrx_word' id='word_1_388' title='bbox 2242 2102 2399 2166; x_wconf 85' lang='grc' dir='ltr'>αὐτὸς</span> <span class='ocrx_word' id='word_1_389' title='bbox 2426 2106 2454 2156; x_wconf 90' lang='lat'><strong>6</strong></span> <span class='ocrx_word' id='word_1_390' title='bbox 2487 2088 2707 2173; x_wconf 77' lang='grc' dir='ltr'>ἀμηρᾶς</span> <span class='ocrx_word' id='word_1_391' title='bbox 2735 2106 2873 2173; x_wconf 77' lang='grc' dir='ltr'>μετὰ</span> <span class='ocrx_word' id='word_1_392' title='bbox 2934 2105 3092 2173; x_wconf 84' lang='lat'><strong>117</strong></span> <span class='ocrx_word' id='word_1_393' title='bbox 3146 2104 3383 2172; x_wconf 82' lang='grc' dir='ltr'>πλήθους</span> <span class='ocrx_word' id='word_1_394' title='bbox 3437 2101 3687 2170; x_wconf 82' lang='grc' dir='ltr'>στρατοῦ,</span> 
     </span>
    </p>
   </div>
   <div class='ocr_carea' id='block_1_51' title="bbox 2125 2192 3693 2264">
    <p class='ocr_par' dir='ltr' id='par_1_51' title="bbox 2125 2192 3693 2264">
     <span class='ocr_line' id='line_1_51' title="bbox 2125 2192 3693 2264; baseline -0.001 -20"><span class='ocrx_word' id='word_1_395' title='bbox 2125 2194 2262 2261; x_wconf 75' lang='grc' dir='ltr'><strong>ἔχων</strong></span> <span class='ocrx_word' id='word_1_396' title='bbox 2297 2194 2394 2247; x_wconf 82' lang='grc' dir='ltr'><strong>σὺν</strong></span> <span class='ocrx_word' id='word_1_397' title='bbox 2422 2195 2571 2264; x_wconf 86' lang='grc' dir='ltr'>αὑτῷ</span> <span class='ocrx_word' id='word_1_398' title='bbox 2596 2195 2841 2257; x_wconf 73' lang='grc' dir='ltr'>καὶτοὺς</span> <span class='ocrx_word' id='word_1_399' title='bbox 2883 2194 3293 2257; x_wconf 80' lang='grc' dir='ltr'>ἀποσταλέντας</span> <span class='ocrx_word' id='word_1_400' title='bbox 3347 2192 3481 2263; x_wconf 76' lang='grc' dir='ltr'>πρὸς</span> <span class='ocrx_word' id='word_1_401' title='bbox 3535 2192 3693 2262; x_wconf 67' lang='grc' dir='ltr'>αὐτὸν</span> 
     </span>
    </p>
   </div>
   <div class='ocr_carea' id='block_1_52' title="bbox 2126 2282 3677 2353">
    <p class='ocr_par' dir='ltr' id='par_1_52' title="bbox 2126 2282 3677 2353">
     <span class='ocr_line' id='line_1_52' title="bbox 2126 2282 3677 2353; baseline 0.001 -20"><span class='ocrx_word' id='word_1_402' title='bbox 2126 2282 2382 2351; x_wconf 76' lang='grc' dir='ltr'>πρέσϐεις</span> <span class='ocrx_word' id='word_1_403' title='bbox 2410 2283 2685 2352; x_wconf 85' lang='grc' dir='ltr'>δεσμίους.</span> <span class='ocrx_word' id='word_1_404' title='bbox 2726 2284 2839 2338; x_wconf 81' lang='grc' dir='ltr'><strong>Καὶ</strong></span> <span class='ocrx_word' id='word_1_405' title='bbox 2871 2287 2934 2353; x_wconf 83' lang='grc' dir='ltr'>τῇ</span> <span class='ocrx_word' id='word_1_406' title='bbox 2972 2283 3056 2353; x_wconf 84' lang='grc' dir='ltr'>κβ¹</span> <span class='ocrx_word' id='word_1_407' title='bbox 3095 2283 3188 2335; x_wconf 81' lang='grc' dir='ltr'>τοῦ</span> <span class='ocrx_word' id='word_1_408' title='bbox 3218 2283 3530 2349; x_wconf 77' lang='grc' dir='ltr'>Αὐγούστου</span> <span class='ocrx_word' id='word_1_409' title='bbox 3576 2298 3677 2350; x_wconf 86' lang='grc' dir='ltr'>μη-</span> 
     </span>
    </p>
   </div>
   <div class='ocr_carea' id='block_1_53' title="bbox 2125 2372 3689 2449">
    <p class='ocr_par' dir='ltr' id='par_1_53' title="bbox 2125 2372 3689 2449">
     <span class='ocr_line' id='line_1_53' title="bbox 2125 2372 3689 2449; baseline 0 -27"><span class='ocrx_word' id='word_1_410' title='bbox 2125 2376 2214 2433; x_wconf 73' lang='grc' dir='ltr'><strong>νὸς</strong></span> <span class='ocrx_word' id='word_1_411' title='bbox 2240 2373 2579 2449; x_wconf 74' lang='grc' dir='ltr'>ἐπολέμησεν</span> <span class='ocrx_word' id='word_1_412' title='bbox 2612 2375 2780 2443; x_wconf 82' lang='grc' dir='ltr'>αὐτὴν</span> <span class='ocrx_word' id='word_1_413' title='bbox 2810 2374 2866 2427; x_wconf 85' lang='grc' dir='ltr'>δὲ</span> <span class='ocrx_word' id='word_1_414' title='bbox 2896 2374 2994 2442; x_wconf 77' lang='grc' dir='ltr'>τὴν</span> <span class='ocrx_word' id='word_1_415' title='bbox 3020 2374 3173 2425; x_wconf 87' lang='grc' dir='ltr'>πόλιν</span> <span class='ocrx_word' id='word_1_416' title='bbox 3203 2372 3424 2441; x_wconf 79' lang='grc' dir='ltr'>πολέμῳ</span> <span class='ocrx_word' id='word_1_417' title='bbox 3470 2373 3689 2425; x_wconf 83' lang='grc' dir='ltr'>καθολι-</span> 
     </span>
    </p>
   </div>
   <div class='ocr_carea' id='block_1_54' title="bbox 2126 2462 3693 2535">
    <p class='ocr_par' dir='ltr' id='par_1_54' title="bbox 2126 2462 3693 2535">
     <span class='ocr_line' id='line_1_54' title="bbox 2126 2462 3693 2535; baseline -0.002 -17"><span class='ocrx_word' id='word_1_418' title='bbox 2126 2466 2225 2535; x_wconf 85' lang='grc' dir='ltr'><strong>κῷ.</strong></span> <span class='ocrx_word' id='word_1_419' title='bbox 2261 2469 2368 2520; x_wconf 71' lang='grc' dir='ltr'>Καὶ</span> <span class='ocrx_word' id='word_1_420' title='bbox 2398 2470 2464 2535; x_wconf 79' lang='grc' dir='ltr'>τῇ</span> <span class='ocrx_word' id='word_1_421' title='bbox 2507 2464 2560 2530; x_wconf 82' lang='grc' dir='ltr'>ς’</span> <span class='ocrx_word' id='word_1_422' title='bbox 2583 2466 2679 2519; x_wconf 81' lang='grc' dir='ltr'>τοῦ</span> <span class='ocrx_word' id='word_1_423' title='bbox 2735 2466 3105 2534; x_wconf 85' lang='grc' dir='ltr'>Σεπτεμϐρίου</span> <span class='ocrx_word' id='word_1_424' title='bbox 3144 2466 3313 2533; x_wconf 72' lang='grc' dir='ltr'>μηνὸς</span> <span class='ocrx_word' id='word_1_425' title='bbox 3354 2465 3449 2516; x_wconf 77' lang='grc' dir='ltr'>τοῦ</span> <span class='ocrx_word' id='word_1_426' title='bbox 3513 2462 3693 2533; x_wconf 52' lang='grc' dir='ltr'><strong>βξ)λῶ</strong></span> 
     </span>
    </p>
   </div>
   <div class='ocr_carea' id='block_1_55' title="bbox 2126 2556 3695 2627">
    <p class='ocr_par' dir='ltr' id='par_1_55' title="bbox 2126 2556 3695 2627">
     <span class='ocr_line' id='line_1_55' title="bbox 2126 2556 3695 2627; baseline -0.002 -15"><span class='ocrx_word' id='word_1_427' title='bbox 2126 2558 2276 2621; x_wconf 81' lang='grc' dir='ltr'>ἔτους</span> <span class='ocrx_word' id='word_1_428' title='bbox 2305 2560 2541 2626; x_wconf 81' lang='grc' dir='ltr'>ἀπῆλθεν</span> <span class='ocrx_word' id='word_1_429' title='bbox 2574 2559 2854 2627; x_wconf 74' lang='grc' dir='ltr'>ἄπρακτος</span> <span class='ocrx_word' id='word_1_430' title='bbox 2880 2559 2994 2611; x_wconf 80' lang='grc' dir='ltr'><strong>ἀπὸ</strong></span> <span class='ocrx_word' id='word_1_431' title='bbox 3014 2558 3112 2627; x_wconf 75' lang='grc' dir='ltr'><strong>τῆς</strong></span> <span class='ocrx_word' id='word_1_432' title='bbox 3133 2558 3366 2619; x_wconf 87' lang='grc' dir='ltr'>πόλεως,</span> <span class='ocrx_word' id='word_1_433' title='bbox 3402 2556 3536 2609; x_wconf 79' lang='grc' dir='ltr'>Θεοῦ</span> <span class='ocrx_word' id='word_1_434' title='bbox 3570 2556 3695 2625; x_wconf 82' lang='grc' dir='ltr'>βοη-</span> 
     </span>
    </p>
   </div>
   <div class='ocr_carea' id='block_1_56' title="bbox 2127 2643 3688 2719">
    <p class='ocr_par' dir='ltr' id='par_1_56' title="bbox 2127 2643 3688 2719">
     <span class='ocr_line' id='line_1_56' title="bbox 2127 2643 3688 2719; baseline -0.003 -18"><span class='ocrx_word' id='word_1_435' title='bbox 2127 2650 2267 2718; x_wconf 80' lang='grc' dir='ltr'>θείᾳ.</span> <span class='ocrx_word' id='word_1_436' title='bbox 2297 2650 2407 2701; x_wconf 72' lang='grc' dir='ltr'>Καὶ</span> <span class='ocrx_word' id='word_1_437' title='bbox 2437 2652 2503 2718; x_wconf 84' lang='grc' dir='ltr'>τῇ</span> <span class='ocrx_word' id='word_1_438' title='bbox 2542 2647 2585 2699; x_wconf 80' lang='grc' dir='ltr'>λ’</span> <span class='ocrx_word' id='word_1_439' title='bbox 2614 2648 2707 2701; x_wconf 80' lang='grc' dir='ltr'><strong>τοῦ</strong></span> <span class='ocrx_word' id='word_1_440' title='bbox 2734 2647 2899 2700; x_wconf 80' lang='grc' dir='ltr'>αὐτοῦ</span> <span class='ocrx_word' id='word_1_441' title='bbox 2934 2650 3096 2719; x_wconf 82' lang='grc' dir='ltr'>μηνὸς</span> <span class='ocrx_word' id='word_1_442' title='bbox 3123 2643 3284 2716; x_wconf 78' lang='grc' dir='ltr'>ἦλθεν</span> <span class='ocrx_word' id='word_1_443' title='bbox 3313 2649 3341 2700; x_wconf 89' lang='lat'><strong>6</strong></span> <span class='ocrx_word' id='word_1_444' title='bbox 3365 2648 3688 2715; x_wconf 80' lang='grc' dir='ltr'>Μουσταφό-</span> 
     </span>
    </p>
   </div>
   <div class='ocr_carea' id='block_1_57' title="bbox 2129 2737 3697 2808">
    <p class='ocr_par' dir='ltr' id='par_1_57' title="bbox 2129 2737 3697 2808">
     <span class='ocr_line' id='line_1_57' title="bbox 2129 2737 3697 2808; baseline -0.002 -16"><span class='ocrx_word' id='word_1_445' title='bbox 2129 2740 2324 2801; x_wconf 81' lang='grc' dir='ltr'>πουλος</span> <span class='ocrx_word' id='word_1_446' title='bbox 2358 2743 2385 2792; x_wconf 90' lang='lat'><strong>6</strong></span> <span class='ocrx_word' id='word_1_447' title='bbox 2409 2740 2502 2792; x_wconf 80' lang='grc' dir='ltr'>τοῦ</span> <span class='ocrx_word' id='word_1_448' title='bbox 2537 2739 2700 2792; x_wconf 81' lang='grc' dir='ltr'>αὐτοῦ</span> <span class='ocrx_word' id='word_1_449' title='bbox 2738 2740 3040 2808; x_wconf 82' lang='grc' dir='ltr'>’Δμουράτη</span> <span class='ocrx_word' id='word_1_450' title='bbox 3068 2738 3315 2806; x_wconf 77' lang='grc' dir='ltr'>ἀδελφὸς,</span> <span class='ocrx_word' id='word_1_451' title='bbox 3354 2738 3448 2791; x_wconf 77' lang='grc' dir='ltr'>καὶ</span> <span class='ocrx_word' id='word_1_452' title='bbox 3475 2737 3697 2790; x_wconf 80' lang='grc' dir='ltr'>διελθὼν</span> 
     </span>
    </p>
   </div>
   <div class='ocr_carea' id='block_1_58' title="bbox 2131 2829 3799 2899">
    <p class='ocr_par' dir='ltr' id='par_1_58' title="bbox 2131 2829 3799 2899">
     <span class='ocr_line' id='line_1_58' title="bbox 2131 2829 3799 2899; baseline -0.001 -16"><span class='ocrx_word' id='word_1_453' title='bbox 2131 2832 2227 2899; x_wconf 84' lang='grc' dir='ltr'>τὴν</span> <span class='ocrx_word' id='word_1_454' title='bbox 2264 2831 2418 2885; x_wconf 86' lang='grc' dir='ltr'>πόλιν</span> <span class='ocrx_word' id='word_1_455' title='bbox 2450 2834 2643 2884; x_wconf 76' lang='grc' dir='ltr'>ἔπεσεν</span> <span class='ocrx_word' id='word_1_456' title='bbox 2668 2831 2774 2894; x_wconf 78' lang='grc' dir='ltr'><strong>ἔξω</strong></span> <span class='ocrx_word' id='word_1_457' title='bbox 2803 2832 2881 2896; x_wconf 87' lang='grc' dir='ltr'><strong>είς</strong></span> <span class='ocrx_word' id='word_1_458' title='bbox 2910 2830 2999 2882; x_wconf 83' lang='grc' dir='ltr'>τὸν</span> <span class='ocrx_word' id='word_1_459' title='bbox 3025 2829 3339 2883; x_wconf 85' lang='grc' dir='ltr'>αὐθεντικδν</span> <span class='ocrx_word' id='word_1_460' title='bbox 3394 2829 3693 2899; x_wconf 88' lang='grc' dir='ltr'>περίϐολον,</span> <span class='ocrx_word' id='word_1_461' title='bbox 3793 2884 3799 2889; x_wconf 69' lang='grc'><strong>,</strong></span> 
     </span>
    </p>
   </div>
   <div class='ocr_carea' id='block_1_59' title="bbox 2127 2918 3695 2993">
    <p class='ocr_par' dir='ltr' id='par_1_59' title="bbox 2127 2918 3695 2993">
     <span class='ocr_line' id='line_1_59' title="bbox 2127 2918 3695 2993; baseline -0.004 -15"><span class='ocrx_word' id='word_1_462' title='bbox 2127 2927 2222 2978; x_wconf 77' lang='grc' dir='ltr'><strong>καὶ</strong></span> <span class='ocrx_word' id='word_1_463' title='bbox 2246 2926 2337 2977; x_wconf 77' lang='grc' dir='ltr'><strong>ἐπὶ</strong></span> <span class='ocrx_word' id='word_1_464' title='bbox 2363 2925 2461 2989; x_wconf 79' lang='grc' dir='ltr'><strong>τὴν</strong></span> <span class='ocrx_word' id='word_1_465' title='bbox 2499 2921 2688 2992; x_wconf 80' lang='grc' dir='ltr'>αὔριον</span> <span class='ocrx_word' id='word_1_466' title='bbox 2717 2926 2782 2993; x_wconf 85' lang='grc' dir='ltr'>τῇ</span> <span class='ocrx_word' id='word_1_467' title='bbox 2805 2921 2852 2977; x_wconf 90' lang='grc' dir='ltr'>α’</span> <span class='ocrx_word' id='word_1_468' title='bbox 2879 2921 2974 2975; x_wconf 77' lang='grc' dir='ltr'>τοῦ</span> <span class='ocrx_word' id='word_1_469' title='bbox 3014 2922 3344 2992; x_wconf 83' lang='grc' dir='ltr'>Ὀκτωϐρίου</span> <span class='ocrx_word' id='word_1_470' title='bbox 3376 2918 3506 2990; x_wconf 80' lang='grc' dir='ltr'>ἦλθε</span> <span class='ocrx_word' id='word_1_471' title='bbox 3535 2938 3695 2990; x_wconf 83' lang='grc' dir='ltr'>προσ·</span> 
     </span>
    </p>
   </div>
   <div class='ocr_carea' id='block_1_60' title="bbox 2129 3011 3695 3082">
    <p class='ocr_par' dir='ltr' id='par_1_60' title="bbox 2129 3011 3695 3082">
     <span class='ocr_line' id='line_1_60' title="bbox 2129 3011 3695 3082; baseline 0 -17"><span class='ocrx_word' id='word_1_472' title='bbox 2129 3014 2359 3082; x_wconf 84' lang='grc' dir='ltr'>κυνῆσαι</span> <span class='ocrx_word' id='word_1_473' title='bbox 2393 3013 2482 3064; x_wconf 85' lang='grc' dir='ltr'><strong>τὸν</strong></span> <span class='ocrx_word' id='word_1_474' title='bbox 2516 3011 2737 3081; x_wconf 77' lang='grc' dir='ltr'>βασιλέα</span> <span class='ocrx_word' id='word_1_475' title='bbox 2785 3012 3030 3073; x_wconf 72' lang='grc' dir='ltr'>καὶτοὺς</span> <span class='ocrx_word' id='word_1_476' title='bbox 3055 3012 3199 3075; x_wconf 67' lang='grc' dir='ltr'>υἱοὺς</span> <span class='ocrx_word' id='word_1_477' title='bbox 3234 3012 3421 3063; x_wconf 85' lang='grc' dir='ltr'>αὐτοῦ.</span> <span class='ocrx_word' id='word_1_478' title='bbox 3479 3014 3588 3065; x_wconf 77' lang='grc' dir='ltr'><strong>Καὶ</strong></span> <span class='ocrx_word' id='word_1_479' title='bbox 3632 3015 3695 3081; x_wconf 80' lang='grc' dir='ltr'>τῇ</span> 
     </span>
    </p>
   </div>
   <div class='ocr_carea' id='block_1_61' title="bbox 2129 3102 3696 3173">
    <p class='ocr_par' dir='ltr' id='par_1_61' title="bbox 2129 3102 3696 3173">
     <span class='ocr_line' id='line_1_61' title="bbox 2129 3102 3696 3173; baseline -0.002 -16"><span class='ocrx_word' id='word_1_480' title='bbox 2129 3107 2264 3172; x_wconf 81' lang='grc' dir='ltr'>οὐτῇ</span> <span class='ocrx_word' id='word_1_481' title='bbox 2294 3104 2475 3173; x_wconf 76' lang='grc' dir='ltr'>ἡμέρᾳ</span> <span class='ocrx_word' id='word_1_482' title='bbox 2502 3104 2559 3155; x_wconf 76' lang='grc' dir='ltr'>τὸ</span> <span class='ocrx_word' id='word_1_483' title='bbox 2593 3102 2811 3171; x_wconf 80' lang='grc' dir='ltr'>ἄριστον</span> <span class='ocrx_word' id='word_1_484' title='bbox 2840 3102 3038 3171; x_wconf 73' lang='grc' dir='ltr'>ἐπῆλθε</span> <span class='ocrx_word' id='word_1_485' title='bbox 3087 3104 3162 3171; x_wconf 85' lang='grc' dir='ltr'>τῷ</span> <span class='ocrx_word' id='word_1_486' title='bbox 3224 3103 3433 3171; x_wconf 85' lang='grc' dir='ltr'>βασιλεῖ</span> <span class='ocrx_word' id='word_1_487' title='bbox 3492 3102 3551 3156; x_wconf 87' lang='grc' dir='ltr'>τὺ</span> <span class='ocrx_word' id='word_1_488' title='bbox 3599 3103 3696 3171; x_wconf 78' lang='grc' dir='ltr'>τῆς</span> 
     </span>
    </p>
   </div>
   <div class='ocr_carea' id='block_1_62' title="bbox 462 3189 3697 3263">
    <p class='ocr_par' dir='ltr' id='par_1_62' title="bbox 462 3189 3697 3263">
     <span class='ocr_line' id='line_1_62' title="bbox 462 3189 3697 3263; baseline 0.002 -24"><span class='ocrx_word' id='word_1_489' title='bbox 462 3189 632 3256; x_wconf 79' lang='grc' dir='ltr'>ράτης</span> <span class='ocrx_word' id='word_1_490' title='bbox 666 3189 805 3257; x_wconf 80' lang='grc' dir='ltr'><strong>μετά</strong></span> <span class='ocrx_word' id='word_1_491' title='bbox 826 3190 1168 3260; x_wconf 87' lang='grc' dir='ltr'>Λιγουρικῶν</span> <span class='ocrx_word' id='word_1_492' title='bbox 1196 3192 1314 3261; x_wconf 75' lang='grc' dir='ltr'>ἦτοι</span> <span class='ocrx_word' id='word_1_493' title='bbox 1350 3192 1649 3246; x_wconf 84' lang='grc' dir='ltr'>Γενουῖτῶν</span> <span class='ocrx_word' id='word_1_494' title='bbox 1705 3193 1869 3260; x_wconf 84' lang='grc' dir='ltr'>νηῶν,</span> <span class='ocrx_word' id='word_1_495' title='bbox 1930 3194 2024 3247; x_wconf 73' lang='grc' dir='ltr'>καὶ</span> <span class='ocrx_word' id='word_1_496' title='bbox 2053 3193 2095 3248; x_wconf 88' lang='lat' dir='ltr'>C</span> <span class='ocrx_word' id='word_1_497' title='bbox 2129 3194 2461 3263; x_wconf 72' lang='grc' dir='ltr'>ἡμιπληξίας</span> <span class='ocrx_word' id='word_1_498' title='bbox 2494 3195 2725 3263; x_wconf 77' lang='grc' dir='ltr'>νόσημα,</span> <span class='ocrx_word' id='word_1_499' title='bbox 2750 3194 2808 3247; x_wconf 84' lang='grc' dir='ltr'>ὃν</span> <span class='ocrx_word' id='word_1_500' title='bbox 2846 3194 3044 3257; x_wconf 79' lang='grc' dir='ltr'>ἰδόντες</span> <span class='ocrx_word' id='word_1_501' title='bbox 3093 3195 3142 3248; x_wconf 81' lang='lat' dir='ltr'><strong>oi</strong></span> <span class='ocrx_word' id='word_1_502' title='bbox 3185 3194 3293 3247; x_wconf 77' lang='grc' dir='ltr'>ἀπὸ</span> <span class='ocrx_word' id='word_1_503' title='bbox 3340 3193 3440 3262; x_wconf 84' lang='grc' dir='ltr'><strong>τῆς</strong></span> <span class='ocrx_word' id='word_1_504' title='bbox 3510 3193 3697 3255; x_wconf 82' lang='grc' dir='ltr'>Ἀσίας</span> 
     </span>
    </p>
   </div>
   <div class='ocr_carea' id='block_1_63' title="bbox 459 3365 2016 3434">
    <p class='ocr_par' dir='ltr' id='par_1_63' title="bbox 459 3365 2016 3434">
     <span class='ocr_line' id='line_1_63' title="bbox 459 3365 2016 3434; baseline 0.004 -22"><span class='ocrx_word' id='word_1_505' title='bbox 459 3366 684 3425; x_wconf 86' lang='lat' dir='ltr'><strong>ducens.</strong></span> <span class='ocrx_word' id='word_1_506' title='bbox 728 3379 886 3433; x_wconf 85' lang='lat' dir='ltr'><strong>quem</strong></span> <span class='ocrx_word' id='word_1_507' title='bbox 938 3365 990 3419; x_wconf 89' lang='lat' dir='ltr'><strong>in</strong></span> <span class='ocrx_word' id='word_1_508' title='bbox 1032 3366 1310 3421; x_wconf 90' lang='lat' dir='ltr'><strong>occidente</strong></span> <span class='ocrx_word' id='word_1_509' title='bbox 1357 3368 1655 3434; x_wconf 85' lang='lat' dir='ltr'><strong>principem</strong></span> <span class='ocrx_word' id='word_1_510' title='bbox 1707 3367 2016 3421; x_wconf 89' lang='lat' dir='ltr'><strong>constituit.</strong></span> 
     </span>
    </p>
   </div>
   <div class='ocr_carea' id='block_1_64' title="bbox 458 3456 2027 3525">
    <p class='ocr_par' dir='ltr' id='par_1_64' title="bbox 458 3456 2027 3525">
     <span class='ocr_line' id='line_1_64' title="bbox 458 3456 2027 3525; baseline 0.002 -17"><span class='ocrx_word' id='word_1_511' title='bbox 458 3456 638 3509; x_wconf 82' lang='lat' dir='ltr'><strong>Culuit</strong></span> <span class='ocrx_word' id='word_1_512' title='bbox 688 3457 906 3525; x_wconf 74' lang='lat' dir='ltr'><strong>quidem</strong></span> <span class='ocrx_word' id='word_1_513' title='bbox 936 3457 1199 3511; x_wconf 78' lang='lat' dir='ltr'><strong>Joannem</strong></span> <span class='ocrx_word' id='word_1_514' title='bbox 1249 3474 1312 3513; x_wconf 90' lang='lat' dir='ltr'><strong>ea</strong></span> <span class='ocrx_word' id='word_1_515' title='bbox 1344 3460 1557 3518; x_wconf 81' lang='lat' dir='ltr'><strong>civitas.</strong></span> <span class='ocrx_word' id='word_1_516' title='bbox 1598 3458 1692 3511; x_wconf 88' lang='lat' dir='ltr'><strong>sed</strong></span> <span class='ocrx_word' id='word_1_517' title='bbox 1741 3473 1861 3511; x_wconf 89' lang='lat' dir='ltr'><strong>cum</strong></span> <span class='ocrx_word' id='word_1_518' title='bbox 1907 3467 2027 3521; x_wconf 82' lang='lat' dir='ltr'><strong>post</strong></span> 
     </span>
    </p>
   </div>
   <div class='ocr_carea' id='block_1_65' title="bbox 458 3546 2029 3616">
    <p class='ocr_par' dir='ltr' id='par_1_65' title="bbox 458 3546 2029 3616">
     <span class='ocr_line' id='line_1_65' title="bbox 458 3546 2029 3616; baseline 0.002 -20"><span class='ocrx_word' id='word_1_519' title='bbox 458 3547 576 3598; x_wconf 84' lang='lat' dir='ltr'><strong>dies</strong></span> <span class='ocrx_word' id='word_1_520' title='bbox 601 3546 804 3614; x_wconf 82' lang='lat' dir='ltr'><strong>aliquot</strong></span> <span class='ocrx_word' id='word_1_521' title='bbox 829 3547 1133 3615; x_wconf 69' lang='lat' dir='ltr'><strong>requireret</strong></span> <span class='ocrx_word' id='word_1_522' title='bbox 1174 3562 1321 3611; x_wconf 85' lang='lat' dir='ltr'><strong>eam,</strong></span> <span class='ocrx_word' id='word_1_523' title='bbox 1348 3557 1407 3600; x_wconf 87' lang='lat' dir='ltr'><strong>ut</strong></span> <span class='ocrx_word' id='word_1_524' title='bbox 1441 3556 1655 3616; x_wconf 85' lang='lat' dir='ltr'><strong>pactum</strong></span> <span class='ocrx_word' id='word_1_525' title='bbox 1686 3557 1827 3609; x_wconf 82' lang='lat' dir='ltr'><strong>erat,</strong></span> <span class='ocrx_word' id='word_1_526' title='bbox 1864 3546 2029 3615; x_wconf 89' lang='lat' dir='ltr'><strong>impe-</strong></span> 
     </span>
    </p>
   </div>
   <div class='ocr_carea' id='block_1_66' title="bbox 460 3637 2027 3708">
    <p class='ocr_par' dir='ltr' id='par_1_66' title="bbox 460 3637 2027 3708">
     <span class='ocr_line' id='line_1_66' title="bbox 460 3637 2027 3708; baseline 0.002 -18"><span class='ocrx_word' id='word_1_527' title='bbox 460 3649 630 3703; x_wconf 85' lang='lat' dir='ltr'><strong>ratur,</strong></span> <span class='ocrx_word' id='word_1_528' title='bbox 658 3637 850 3692; x_wconf 71' lang='lat' dir='ltr'><strong>Turcae</strong></span> <span class='ocrx_word' id='word_1_529' title='bbox 885 3654 1073 3693; x_wconf 84' lang='lat' dir='ltr'><strong>omnes</strong></span> <span class='ocrx_word' id='word_1_530' title='bbox 1108 3640 1527 3708; x_wconf 84' lang='lat' dir='ltr'><strong>responderunt,</strong></span> <span class='ocrx_word' id='word_1_531' title='bbox 1562 3641 1801 3707; x_wconf 82' lang='lat' dir='ltr'><strong>ipsorum</strong></span> <span class='ocrx_word' id='word_1_532' title='bbox 1852 3639 2027 3694; x_wconf 89' lang='lat' dir='ltr'><strong>sacris</strong></span> 
     </span>
    </p>
   </div>
   <div class='ocr_carea' id='block_1_67' title="bbox 459 3732 2025 3804">
    <p class='ocr_par' dir='ltr' id='par_1_67' title="bbox 459 3732 2025 3804">
     <span class='ocr_line' id='line_1_67' title="bbox 459 3732 2025 3804; baseline 0.004 -19"><span class='ocrx_word' id='word_1_533' title='bbox 459 3734 729 3785; x_wconf 86' lang='lat' dir='ltr'><strong>addictam</strong></span> <span class='ocrx_word' id='word_1_534' title='bbox 771 3747 891 3786; x_wconf 86' lang='lat' dir='ltr'><strong>esse</strong></span> <span class='ocrx_word' id='word_1_535' title='bbox 933 3732 1294 3801; x_wconf 87' lang='lat' dir='ltr'><strong>Calliopolim,</strong></span> <span class='ocrx_word' id='word_1_536' title='bbox 1355 3742 1408 3786; x_wconf 92' lang='lat' dir='ltr'><strong>et</strong></span> <span class='ocrx_word' id='word_1_537' title='bbox 1453 3748 1646 3802; x_wconf 85' lang='lat' dir='ltr'><strong>magna</strong></span> <span class='ocrx_word' id='word_1_538' title='bbox 1700 3748 1757 3788; x_wconf 85' lang='lat' dir='ltr'><strong>se</strong></span> <span class='ocrx_word' id='word_1_539' title='bbox 1801 3735 2025 3804; x_wconf 82' lang='lat' dir='ltr'><strong>astringi</strong></span> 
     </span>
    </p>
   </div>
   <div class='ocr_carea' id='block_1_68' title="bbox 464 3823 2027 3894">
    <p class='ocr_par' dir='ltr' id='par_1_68' title="bbox 464 3823 2027 3894">
     <span class='ocr_line' id='line_1_68' title="bbox 464 3823 2027 3894; baseline 0.004 -21"><span class='ocrx_word' id='word_1_540' title='bbox 464 3824 743 3892; x_wconf 78' lang='lat' dir='ltr'><strong>religione,</strong></span> <span class='ocrx_word' id='word_1_541' title='bbox 780 3823 1045 3891; x_wconf 84' lang='lat' dir='ltr'><strong>siquidem</strong></span> <span class='ocrx_word' id='word_1_542' title='bbox 1082 3824 1291 3892; x_wconf 82' lang='lat' dir='ltr'><strong>primus</strong></span> <span class='ocrx_word' id='word_1_543' title='bbox 1334 3824 1509 3887; x_wconf 82' lang='lat' dir='ltr'><strong>locus,</strong></span> <span class='ocrx_word' id='word_1_544' title='bbox 1543 3840 1703 3894; x_wconf 89' lang='lat' dir='ltr'><strong>quem</strong></span> <span class='ocrx_word' id='word_1_545' title='bbox 1754 3825 2027 3880; x_wconf 89' lang='lat' dir='ltr'><strong>obtinuis-</strong></span> 
     </span>
    </p>
   </div>
   <div class='ocr_carea' id='block_1_69' title="bbox 460 3914 2029 3986">
    <p class='ocr_par' dir='ltr' id='par_1_69' title="bbox 460 3914 2029 3986">
     <span class='ocr_line' id='line_1_69' title="bbox 460 3914 2029 3986; baseline 0.003 -19"><span class='ocrx_word' id='word_1_546' title='bbox 460 3922 580 3967; x_wconf 85' lang='lat' dir='ltr'><strong>sent</strong></span> <span class='ocrx_word' id='word_1_547' title='bbox 614 3916 666 3966; x_wconf 88' lang='lat' dir='ltr'><strong>in</strong></span> <span class='ocrx_word' id='word_1_548' title='bbox 696 3914 930 3982; x_wconf 86' lang='lat' dir='ltr'><strong>Europa,</strong></span> <span class='ocrx_word' id='word_1_549' title='bbox 970 3915 1073 3967; x_wconf 89' lang='lat' dir='ltr'><strong>hoc</strong></span> <span class='ocrx_word' id='word_1_550' title='bbox 1118 3916 1377 3983; x_wconf 82' lang='lat' dir='ltr'><strong>oppidum</strong></span> <span class='ocrx_word' id='word_1_551' title='bbox 1420 3925 1587 3980; x_wconf 82' lang='lat' dir='ltr'><strong>esset,</strong></span> <span class='ocrx_word' id='word_1_552' title='bbox 1627 3919 1679 3969; x_wconf 90' lang='lat' dir='ltr'><strong>in</strong></span> <span class='ocrx_word' id='word_1_553' title='bbox 1723 3933 1827 3986; x_wconf 91' lang='lat' dir='ltr'><strong>quo</strong></span> <span class='ocrx_word' id='word_1_554' title='bbox 1855 3919 2029 3986; x_wconf 86' lang='lat' dir='ltr'><strong>primo</strong></span> 
     </span>
    </p>
   </div>
   <div class='ocr_carea' id='block_1_70' title="bbox 462 4006 2023 4078">
    <p class='ocr_par' dir='ltr' id='par_1_70' title="bbox 462 4006 2023 4078">
     <span class='ocr_line' id='line_1_70' title="bbox 462 4006 2023 4078; baseline 0.003 -19"><span class='ocrx_word' id='word_1_555' title='bbox 462 4008 604 4059; x_wconf 86' lang='lat' dir='ltr'><strong>inter</strong></span> <span class='ocrx_word' id='word_1_556' title='bbox 627 4007 809 4059; x_wconf 85' lang='lat' dir='ltr'><strong>omnia</strong></span> <span class='ocrx_word' id='word_1_557' title='bbox 843 4006 1069 4072; x_wconf 73' lang='lat' dir='ltr'><strong>Europae</strong></span> <span class='ocrx_word' id='word_1_558' title='bbox 1094 4010 1290 4078; x_wconf 89' lang='lat' dir='ltr'><strong>oppida</strong></span> <span class='ocrx_word' id='word_1_559' title='bbox 1326 4009 1602 4078; x_wconf 82' lang='lat' dir='ltr'><strong>religionis</strong></span> <span class='ocrx_word' id='word_1_560' title='bbox 1638 4026 1750 4064; x_wconf 70' lang='lat' dir='ltr'><strong>suae</strong></span> <span class='ocrx_word' id='word_1_561' title='bbox 1780 4011 2023 4078; x_wconf 86' lang='lat' dir='ltr'><strong>auspicia</strong></span> 
     </span>
    </p>
   </div>
   <div class='ocr_carea' id='block_1_71' title="bbox 460 4095 2028 4163">
    <p class='ocr_par' dir='ltr' id='par_1_71' title="bbox 460 4095 2028 4163">
     <span class='ocr_line' id='line_1_71' title="bbox 460 4095 2028 4163; baseline 0.003 -16"><span class='ocrx_word' id='word_1_562' title='bbox 460 4103 516 4147; x_wconf 87' lang='lat' dir='ltr'><strong>et</strong></span> <span class='ocrx_word' id='word_1_563' title='bbox 546 4095 785 4163; x_wconf 85' lang='lat' dir='ltr'><strong>reliquas</strong></span> <span class='ocrx_word' id='word_1_564' title='bbox 813 4097 1167 4150; x_wconf 65' lang='lat' dir='ltr'><strong>caeremonias</strong></span> <span class='ocrx_word' id='word_1_565' title='bbox 1198 4097 1453 4151; x_wconf 79' lang='lat' dir='ltr'><strong>fecissent</strong></span> <span class='ocrx_word' id='word_1_566' title='bbox 1482 4112 1496 4149; x_wconf 90' lang='lat'><strong>:</strong></span> <span class='ocrx_word' id='word_1_567' title='bbox 1531 4098 1672 4151; x_wconf 88' lang='lat' dir='ltr'><strong>unde</strong></span> <span class='ocrx_word' id='word_1_568' title='bbox 1702 4114 1805 4152; x_wconf 91' lang='lat' dir='ltr'><strong>non</strong></span> <span class='ocrx_word' id='word_1_569' title='bbox 1841 4100 2028 4152; x_wconf 83' lang='lat' dir='ltr'><strong>liceret</strong></span> 
     </span>
    </p>
   </div>
   <div class='ocr_carea' id='block_1_72' title="bbox 461 4188 2027 4254">
    <p class='ocr_par' dir='ltr' id='par_1_72' title="bbox 461 4188 2027 4254">
     <span class='ocr_line' id='line_1_72' title="bbox 461 4188 2027 4254; baseline 0.004 -16"><span class='ocrx_word' id='word_1_570' title='bbox 461 4201 561 4254; x_wconf 86' lang='lat' dir='ltr'><strong>per</strong></span> <span class='ocrx_word' id='word_1_571' title='bbox 583 4200 862 4252; x_wconf 85' lang='lat' dir='ltr'><strong>eoranem,</strong></span> <span class='ocrx_word' id='word_1_572' title='bbox 911 4202 1031 4242; x_wconf 88' lang='lat' dir='ltr'><strong>eam</strong></span> <span class='ocrx_word' id='word_1_573' title='bbox 1068 4188 1259 4244; x_wconf 83' lang='lat' dir='ltr'><strong>urbem</strong></span> <span class='ocrx_word' id='word_1_574' title='bbox 1299 4190 1428 4243; x_wconf 88' lang='lat' dir='ltr'><strong>dare</strong></span> <span class='ocrx_word' id='word_1_575' title='bbox 1468 4188 1747 4242; x_wconf 82' lang='lat' dir='ltr'><strong>Romanis.</strong></span> <span class='ocrx_word' id='word_1_576' title='bbox 1796 4190 2027 4244; x_wconf 87' lang='lat' dir='ltr'><strong>Daturos</strong></span> 
     </span>
    </p>
   </div>
   <div class='ocr_carea' id='block_1_73' title="bbox 461 4277 2030 4346">
    <p class='ocr_par' dir='ltr' id='par_1_73' title="bbox 461 4277 2030 4346">
     <span class='ocr_line' id='line_1_73' title="bbox 461 4277 2030 4346; baseline 0.001 -17"><span class='ocrx_word' id='word_1_577' title='bbox 461 4292 521 4330; x_wconf 88' lang='lat' dir='ltr'><strong>se</strong></span> <span class='ocrx_word' id='word_1_578' title='bbox 547 4277 655 4331; x_wconf 88' lang='lat' dir='ltr'><strong>illis</strong></span> <span class='ocrx_word' id='word_1_579' title='bbox 679 4292 802 4331; x_wconf 81' lang='lat' dir='ltr'><strong>esse</strong></span> <span class='ocrx_word' id='word_1_580' title='bbox 837 4277 999 4342; x_wconf 84' lang='lat' dir='ltr'><strong>hujus</strong></span> <span class='ocrx_word' id='word_1_581' title='bbox 1038 4279 1158 4333; x_wconf 87' lang='lat' dir='ltr'><strong>loco</strong></span> <span class='ocrx_word' id='word_1_582' title='bbox 1184 4280 1287 4332; x_wconf 82' lang='lat' dir='ltr'><strong>alia</strong></span> <span class='ocrx_word' id='word_1_583' title='bbox 1320 4280 1513 4346; x_wconf 84' lang='lat' dir='ltr'><strong>oppida</strong></span> <span class='ocrx_word' id='word_1_584' title='bbox 1548 4294 1609 4333; x_wconf 88' lang='lat' dir='ltr'><strong>ac</strong></span> <span class='ocrx_word' id='word_1_585' title='bbox 1645 4279 1911 4346; x_wconf 74' lang='lat' dir='ltr'><strong>regiones.</strong></span> <span class='ocrx_word' id='word_1_586' title='bbox 1942 4279 2030 4331; x_wconf 89' lang='lat' dir='ltr'><strong>lu-</strong></span> 
     </span>
    </p>
   </div>
   <div class='ocr_carea' id='block_1_74' title="bbox 462 4368 2026 4437">
    <p class='ocr_par' dir='ltr' id='par_1_74' title="bbox 462 4368 2026 4437">
     <span class='ocr_line' id='line_1_74' title="bbox 462 4368 2026 4437; baseline 0.001 -17"><span class='ocrx_word' id='word_1_587' title='bbox 462 4368 619 4422; x_wconf 88' lang='lat' dir='ltr'><strong>terim</strong></span> <span class='ocrx_word' id='word_1_588' title='bbox 662 4370 955 4424; x_wconf 83' lang='lat' dir='ltr'><strong>Amurates</strong></span> <span class='ocrx_word' id='word_1_589' title='bbox 982 4385 1046 4423; x_wconf 81' lang='lat' dir='ltr'><strong>ex</strong></span> <span class='ocrx_word' id='word_1_590' title='bbox 1080 4370 1293 4424; x_wconf 82' lang='lat' dir='ltr'><strong>oriente</strong></span> <span class='ocrx_word' id='word_1_591' title='bbox 1324 4385 1417 4437; x_wconf 86' lang='lat' dir='ltr'><strong>per</strong></span> <span class='ocrx_word' id='word_1_592' title='bbox 1449 4370 1651 4435; x_wconf 75' lang='lat' dir='ltr'><strong>legatos</strong></span> <span class='ocrx_word' id='word_1_593' title='bbox 1685 4370 1909 4420; x_wconf 91' lang='lat' dir='ltr'><strong>multum</strong></span> <span class='ocrx_word' id='word_1_594' title='bbox 1944 4369 2026 4421; x_wconf 92' lang='lat' dir='ltr'><strong>in-</strong></span> 
     </span>
    </p>
   </div>
   <div class='ocr_carea' id='block_1_75' title="bbox 459 4458 2024 4529">
    <p class='ocr_par' dir='ltr' id='par_1_75' title="bbox 459 4458 2024 4529">
     <span class='ocr_line' id='line_1_75' title="bbox 459 4458 2024 4529; baseline -0.002 -17"><span class='ocrx_word' id='word_1_595' title='bbox 459 4458 645 4512; x_wconf 81' lang='lat' dir='ltr'><strong>stabat</strong></span> <span class='ocrx_word' id='word_1_596' title='bbox 671 4458 934 4513; x_wconf 76' lang='lat' dir='ltr'><strong>Romanis</strong></span> <span class='ocrx_word' id='word_1_597' title='bbox 964 4462 1281 4529; x_wconf 77' lang='lat' dir='ltr'><strong>orabatque,</strong></span> <span class='ocrx_word' id='word_1_598' title='bbox 1319 4475 1385 4511; x_wconf 89' lang='lat' dir='ltr'><strong>ne</strong></span> <span class='ocrx_word' id='word_1_599' title='bbox 1412 4458 1749 4525; x_wconf 80' lang='lat' dir='ltr'><strong>Mustaphatn</strong></span> <span class='ocrx_word' id='word_1_600' title='bbox 1775 4461 1838 4509; x_wconf 89' lang='lat' dir='ltr'><strong>ad</strong></span> <span class='ocrx_word' id='word_1_601' title='bbox 1873 4458 2024 4523; x_wconf 89' lang='lat' dir='ltr'><strong>prin-</strong></span> 
     </span>
    </p>
   </div>
   <div class='ocr_carea' id='block_1_76' title="bbox 461 4549 2025 4621">
    <p class='ocr_par' dir='ltr' id='par_1_76' title="bbox 461 4549 2025 4621">
     <span class='ocr_line' id='line_1_76' title="bbox 461 4549 2025 4621; baseline -0.003 -18"><span class='ocrx_word' id='word_1_602' title='bbox 461 4551 693 4621; x_wconf 84' lang='lat' dir='ltr'><strong>cipatum</strong></span> <span class='ocrx_word' id='word_1_603' title='bbox 744 4555 1126 4621; x_wconf 84' lang='lat' dir='ltr'><strong>proveherent.</strong></span> <span class='ocrx_word' id='word_1_604' title='bbox 1160 4554 1230 4604; x_wconf 85' lang='lat' dir='ltr'><strong>At</strong></span> <span class='ocrx_word' id='word_1_605' title='bbox 1269 4551 1468 4613; x_wconf 85' lang='lat' dir='ltr'><strong>nostri,</strong></span> <span class='ocrx_word' id='word_1_606' title='bbox 1518 4559 1577 4602; x_wconf 90' lang='lat' dir='ltr'><strong>ut</strong></span> <span class='ocrx_word' id='word_1_607' title='bbox 1611 4549 1701 4616; x_wconf 91' lang='lat' dir='ltr'><strong>qni</strong></span> <span class='ocrx_word' id='word_1_608' title='bbox 1752 4549 2025 4601; x_wconf 79' lang='lat' dir='ltr'><strong>contraria</strong></span> 
     </span>
    </p>
   </div>
   <div class='ocr_carea' id='block_1_77' title="bbox 458 4638 2025 4712">
    <p class='ocr_par' dir='ltr' id='par_1_77' title="bbox 458 4638 2025 4712">
     <span class='ocr_line' id='line_1_77' title="bbox 458 4638 2025 4712; baseline -0.006 -9"><span class='ocrx_word' id='word_1_609' title='bbox 458 4646 744 4710; x_wconf 79' lang='lat' dir='ltr'><strong>sentirent,</strong></span> <span class='ocrx_word' id='word_1_610' title='bbox 780 4644 911 4698; x_wconf 87' lang='lat' dir='ltr'><strong>nihil</strong></span> <span class='ocrx_word' id='word_1_611' title='bbox 935 4645 1353 4712; x_wconf 86' lang='lat' dir='ltr'><strong>responderunt.</strong></span> <span class='ocrx_word' id='word_1_612' title='bbox 1389 4642 1545 4695; x_wconf 85' lang='lat' dir='ltr'><strong>Circa</strong></span> <span class='ocrx_word' id='word_1_613' title='bbox 1580 4641 1795 4693; x_wconf 88' lang='lat' dir='ltr'><strong>initium</strong></span> <span class='ocrx_word' id='word_1_614' title='bbox 1829 4638 2025 4707; x_wconf 85' lang='lat' dir='ltr'><strong>hiemis</strong></span> 
     </span>
    </p>
   </div>
   <div class='ocr_carea' id='block_1_78' title="bbox 458 4733 2027 4806">
    <p class='ocr_par' dir='ltr' id='par_1_78' title="bbox 458 4733 2027 4806">
     <span class='ocr_line' id='line_1_78' title="bbox 458 4733 2027 4806; baseline -0.003 -17"><span class='ocrx_word' id='word_1_615' title='bbox 458 4737 705 4804; x_wconf 78' lang='lat' dir='ltr'><strong>ejusdem</strong></span> <span class='ocrx_word' id='word_1_616' title='bbox 737 4737 863 4790; x_wconf 90' lang='lat' dir='ltr'><strong>anni</strong></span> <span class='ocrx_word' id='word_1_617' title='bbox 897 4736 1247 4806; x_wconf 68' lang='lat' dir='ltr'><strong>beglerliegus</strong></span> <span class='ocrx_word' id='word_1_618' title='bbox 1266 4734 1564 4802; x_wconf 81' lang='lat' dir='ltr'><strong>Bajazetes,</strong></span> <span class='ocrx_word' id='word_1_619' title='bbox 1593 4733 1674 4785; x_wconf 89' lang='lat' dir='ltr'><strong>vir</strong></span> <span class='ocrx_word' id='word_1_620' title='bbox 1696 4740 1955 4785; x_wconf 84' lang='lat' dir='ltr'><strong>strenuus</strong></span> <span class='ocrx_word' id='word_1_621' title='bbox 1975 4740 2027 4784; x_wconf 85' lang='lat' dir='ltr'><strong>et</strong></span> 
     </span>
    </p>
   </div>
   <div class='ocr_carea' id='block_1_79' title="bbox 460 4823 2027 4895">
    <p class='ocr_par' dir='ltr' id='par_1_79' title="bbox 460 4823 2027 4895">
     <span class='ocr_line' id='line_1_79' title="bbox 460 4823 2027 4895; baseline -0.004 -12"><span class='ocrx_word' id='word_1_622' title='bbox 460 4830 605 4884; x_wconf 84' lang='lat' dir='ltr'><strong>bello</strong></span> <span class='ocrx_word' id='word_1_623' title='bbox 631 4832 985 4892; x_wconf 80' lang='lat' dir='ltr'><strong>exercitatus,</strong></span> <span class='ocrx_word' id='word_1_624' title='bbox 1021 4829 1271 4895; x_wconf 85' lang='lat' dir='ltr'><strong>idemque</strong></span> <span class='ocrx_word' id='word_1_625' title='bbox 1306 4826 1514 4893; x_wconf 67' lang='lat' dir='ltr'><strong>vezires</strong></span> <span class='ocrx_word' id='word_1_626' title='bbox 1544 4824 1715 4893; x_wconf 82' lang='lat' dir='ltr'><strong>patris</strong></span> <span class='ocrx_word' id='word_1_627' title='bbox 1747 4823 2027 4877; x_wconf 82' lang='lat' dir='ltr'><strong>Amuratis</strong></span> 
     </span>
    </p>
   </div>
   <div class='ocr_carea' id='block_1_80' title="bbox 457 4914 2026 4990">
    <p class='ocr_par' dir='ltr' id='par_1_80' title="bbox 457 4914 2026 4990">
     <span class='ocr_line' id='line_1_80' title="bbox 457 4914 2026 4990; baseline -0.004 -14"><span class='ocrx_word' id='word_1_628' title='bbox 457 4933 511 4977; x_wconf 79' lang='lat' dir='ltr'><strong>et</strong></span> <span class='ocrx_word' id='word_1_629' title='bbox 534 4922 858 4990; x_wconf 62' lang='lat' dir='ltr'><strong>praefectura</strong></span> <span class='ocrx_word' id='word_1_630' title='bbox 883 4923 1110 4988; x_wconf 73' lang='lat' dir='ltr'><strong>Ancyrae</strong></span> <span class='ocrx_word' id='word_1_631' title='bbox 1132 4927 1356 4980; x_wconf 82' lang='lat' dir='ltr'><strong>auctus,</strong></span> <span class='ocrx_word' id='word_1_632' title='bbox 1387 4932 1481 4984; x_wconf 91' lang='lat' dir='ltr'><strong>per</strong></span> <span class='ocrx_word' id='word_1_633' title='bbox 1505 4916 1814 4983; x_wconf 84' lang='lat' dir='ltr'><strong>superiores</strong></span> <span class='ocrx_word' id='word_1_634' title='bbox 1843 4914 2026 4969; x_wconf 78' lang='lat' dir='ltr'><strong>fauces</strong></span> 
     </span>
    </p>
   </div>
   <div class='ocr_carea' id='block_1_81' title="bbox 460 5007 2021 5080">
    <p class='ocr_par' dir='ltr' id='par_1_81' title="bbox 460 5007 2021 5080">
     <span class='ocr_line' id='line_1_81' title="bbox 460 5007 2021 5080; baseline -0.004 -15"><span class='ocrx_word' id='word_1_635' title='bbox 460 5016 512 5066; x_wconf 91' lang='lat' dir='ltr'><strong>in</strong></span> <span class='ocrx_word' id='word_1_636' title='bbox 548 5013 816 5080; x_wconf 72' lang='lat' dir='ltr'><strong>Europam</strong></span> <span class='ocrx_word' id='word_1_637' title='bbox 853 5012 1092 5074; x_wconf 82' lang='lat' dir='ltr'><strong>transiit,</strong></span> <span class='ocrx_word' id='word_1_638' title='bbox 1119 5026 1260 5069; x_wconf 87' lang='lat' dir='ltr'><strong>eam,</strong></span> <span class='ocrx_word' id='word_1_639' title='bbox 1294 5009 1336 5062; x_wconf 83' lang='lat' dir='ltr'><strong>si</strong></span> <span class='ocrx_word' id='word_1_640' title='bbox 1378 5016 1579 5074; x_wconf 83' lang='lat' dir='ltr'><strong>posset,</strong></span> <span class='ocrx_word' id='word_1_641' title='bbox 1616 5007 1666 5058; x_wconf 89' lang='lat' dir='ltr'><strong>in</strong></span> <span class='ocrx_word' id='word_1_642' title='bbox 1701 5015 2021 5074; x_wconf 83' lang='lat' dir='ltr'><strong>potestatem</strong></span> 
     </span>
    </p>
   </div>
   <div class='ocr_carea' id='block_1_82' title="bbox 461 5098 2021 5169">
    <p class='ocr_par' dir='ltr' id='par_1_82' title="bbox 461 5098 2021 5169">
     <span class='ocr_line' id='line_1_82' title="bbox 461 5098 2021 5169; baseline -0.004 -11"><span class='ocrx_word' id='word_1_643' title='bbox 461 5107 737 5167; x_wconf 75' lang='lat' dir='ltr'><strong>Amuratis</strong></span> <span class='ocrx_word' id='word_1_644' title='bbox 792 5106 1136 5159; x_wconf 86' lang='lat' dir='ltr'><strong>redacturus.</strong></span> <span class='ocrx_word' id='word_1_645' title='bbox 1191 5100 1519 5169; x_wconf 74' lang='lat' dir='ltr'><strong>Mustaphae,</strong></span> <span class='ocrx_word' id='word_1_646' title='bbox 1580 5100 1672 5168; x_wconf 91' lang='lat' dir='ltr'><strong>qui</strong></span> <span class='ocrx_word' id='word_1_647' title='bbox 1730 5098 2021 5166; x_wconf 83' lang='lat' dir='ltr'><strong>Calliopoli</strong></span> 
     </span>
    </p>
   </div>
   <div class='ocr_carea' id='block_1_83' title="bbox 464 5192 2024 5262">
    <p class='ocr_par' dir='ltr' id='par_1_83' title="bbox 464 5192 2024 5262">
     <span class='ocr_line' id='line_1_83' title="bbox 464 5192 2024 5262; baseline -0.002 -14"><span class='ocrx_word' id='word_1_648' title='bbox 464 5197 689 5258; x_wconf 77' lang='lat' dir='ltr'><strong>exierat,</strong></span> <span class='ocrx_word' id='word_1_649' title='bbox 720 5197 784 5249; x_wconf 89' lang='lat' dir='ltr'><strong>ad</strong></span> <span class='ocrx_word' id='word_1_650' title='bbox 828 5193 1237 5260; x_wconf 79' lang='lat' dir='ltr'><strong>Adriauopolim</strong></span> <span class='ocrx_word' id='word_1_651' title='bbox 1270 5193 1483 5247; x_wconf 82' lang='lat' dir='ltr'><strong>obviam</strong></span> <span class='ocrx_word' id='word_1_652' title='bbox 1532 5192 1609 5245; x_wconf 84' lang='lat' dir='ltr'><strong>ﬁt.</strong></span> <span class='ocrx_word' id='word_1_653' title='bbox 1663 5192 1847 5262; x_wconf 86' lang='lat' dir='ltr'><strong>Pugna</strong></span> <span class='ocrx_word' id='word_1_654' title='bbox 1880 5209 2024 5247; x_wconf 83' lang='lat' dir='ltr'><strong>com-</strong></span> 
     </span>
    </p>
   </div>
   <div class='ocr_carea' id='block_1_84' title="bbox 465 5283 2020 5354">
    <p class='ocr_par' dir='ltr' id='par_1_84' title="bbox 465 5283 2020 5354">
     <span class='ocr_line' id='line_1_84' title="bbox 465 5283 2020 5354; baseline 0.002 -16"><span class='ocrx_word' id='word_1_655' title='bbox 465 5287 653 5347; x_wconf 86' lang='lat' dir='ltr'><strong>missa,</strong></span> <span class='ocrx_word' id='word_1_656' title='bbox 678 5286 999 5352; x_wconf 82' lang='lat' dir='ltr'><strong>Mustaphas</strong></span> <span class='ocrx_word' id='word_1_657' title='bbox 1030 5284 1333 5348; x_wconf 80' lang='lat' dir='ltr'><strong>Bajazetem</strong></span> <span class='ocrx_word' id='word_1_658' title='bbox 1374 5283 1542 5337; x_wconf 83' lang='lat' dir='ltr'><strong>vincit</strong></span> <span class='ocrx_word' id='word_1_659' title='bbox 1566 5293 1891 5354; x_wconf 86' lang='lat' dir='ltr'><strong>captumque</strong></span> <span class='ocrx_word' id='word_1_660' title='bbox 1920 5287 2020 5341; x_wconf 83' lang='lat' dir='ltr'><strong>ob-</strong></span> 
     </span>
    </p>
   </div>
   <div class='ocr_carea' id='block_1_85' title="bbox 464 5375 2023 5444">
    <p class='ocr_par' dir='ltr' id='par_1_85' title="bbox 464 5375 2023 5444">
     <span class='ocr_line' id='line_1_85' title="bbox 464 5375 2023 5444; baseline 0.001 -15"><span class='ocrx_word' id='word_1_661' title='bbox 464 5388 703 5442; x_wconf 78' lang='lat' dir='ltr'><strong>truncat,</strong></span> <span class='ocrx_word' id='word_1_662' title='bbox 730 5390 785 5433; x_wconf 92' lang='lat' dir='ltr'><strong>et</strong></span> <span class='ocrx_word' id='word_1_663' title='bbox 818 5378 1078 5432; x_wconf 88' lang='lat' dir='ltr'><strong>universo</strong></span> <span class='ocrx_word' id='word_1_664' title='bbox 1111 5375 1405 5429; x_wconf 77' lang='lat' dir='ltr'><strong>Turcarum</strong></span> <span class='ocrx_word' id='word_1_665' title='bbox 1445 5378 1498 5430; x_wconf 92' lang='lat' dir='ltr'><strong>in</strong></span> <span class='ocrx_word' id='word_1_666' title='bbox 1539 5376 1823 5431; x_wconf 87' lang='lat' dir='ltr'><strong>occidente</strong></span> <span class='ocrx_word' id='word_1_667' title='bbox 1851 5378 2023 5444; x_wconf 83' lang='lat' dir='ltr'><strong>impe-</strong></span> 
     </span>
    </p>
   </div>
   <div class='ocr_carea' id='block_1_86' title="bbox 463 5467 2016 5537">
    <p class='ocr_par' dir='ltr' id='par_1_86' title="bbox 463 5467 2016 5537">
     <span class='ocr_line' id='line_1_86' title="bbox 463 5467 2016 5537; baseline -0.003 -11"><span class='ocrx_word' id='word_1_668' title='bbox 463 5473 544 5526; x_wconf 84' lang='lat' dir='ltr'><strong>rio</strong></span> <span class='ocrx_word' id='word_1_669' title='bbox 582 5471 804 5537; x_wconf 59' lang='lat' dir='ltr'><strong>petitur.</strong></span> <span class='ocrx_word' id='word_1_670' title='bbox 858 5469 1055 5523; x_wconf 79' lang='lat' dir='ltr'><strong>Eodem</strong></span> <span class='ocrx_word' id='word_1_671' title='bbox 1086 5479 1264 5523; x_wconf 80' lang='lat' dir='ltr'><strong>autem</strong></span> <span class='ocrx_word' id='word_1_672' title='bbox 1303 5482 1445 5522; x_wconf 86' lang='lat' dir='ltr'><strong>anno</strong></span> <span class='ocrx_word' id='word_1_673' title='bbox 1468 5467 1779 5536; x_wconf 59' lang='lat' dir='ltr'><strong>Mustapﬁas</strong></span> <span class='ocrx_word' id='word_1_674' title='bbox 1819 5467 2016 5521; x_wconf 83' lang='lat' dir='ltr'><strong>Callio-</strong></span> 
     </span>
    </p>
   </div>
   <div class='ocr_carea' id='block_1_87' title="bbox 460 5559 2016 5639">
    <p class='ocr_par' dir='ltr' id='par_1_87' title="bbox 460 5559 2016 5639">
     <span class='ocr_line' id='line_1_87' title="bbox 460 5559 2016 5639; baseline -0.001 -26"><span class='ocrx_word' id='word_1_675' title='bbox 460 5564 623 5639; x_wconf 77' lang='lat' dir='ltr'><strong>palim</strong></span> <span class='ocrx_word' id='word_1_676' title='bbox 669 5579 943 5627; x_wconf 83' lang='lat' dir='ltr'><strong>reversus,</strong></span> <span class='ocrx_word' id='word_1_677' title='bbox 984 5573 1347 5631; x_wconf 76' lang='lat' dir='ltr'><strong>susceptaque</strong></span> <span class='ocrx_word' id='word_1_678' title='bbox 1392 5559 1653 5614; x_wconf 85' lang='lat' dir='ltr'><strong>adversus</strong></span> <span class='ocrx_word' id='word_1_679' title='bbox 1676 5560 2016 5625; x_wconf 81' lang='lat' dir='ltr'><strong>Amuratem,</strong></span> 
     </span>
    </p>
   </div>
   <div class='ocr_carea' id='block_1_88' title="bbox 455 5646 2017 5722">
    <p class='ocr_par' dir='ltr' id='par_1_88' title="bbox 455 5646 2017 5722">
     <span class='ocr_line' id='line_1_88' title="bbox 455 5646 2017 5722; baseline 0.001 -19"><span class='ocrx_word' id='word_1_680' title='bbox 455 5656 547 5720; x_wconf 82' lang='lat' dir='ltr'><strong>qui</strong></span> <span class='ocrx_word' id='word_1_681' title='bbox 601 5654 785 5708; x_wconf 74' lang='lat' dir='ltr'><strong>Prusa:</strong></span> <span class='ocrx_word' id='word_1_682' title='bbox 838 5666 975 5718; x_wconf 77' lang='lat' dir='ltr'><strong>erat,</strong></span> <span class='ocrx_word' id='word_1_683' title='bbox 1026 5654 1374 5722; x_wconf 78' lang='lat' dir='ltr'><strong>expeditione</strong></span> <span class='ocrx_word' id='word_1_684' title='bbox 1410 5653 1461 5704; x_wconf 87' lang='lat' dir='ltr'><strong>in</strong></span> <span class='ocrx_word' id='word_1_685' title='bbox 1506 5646 1713 5712; x_wconf 70' lang='lat' dir='ltr'><strong>Asia’m,</strong></span> <span class='ocrx_word' id='word_1_686' title='bbox 1748 5652 1919 5704; x_wconf 80' lang='lat' dir='ltr'><strong>victus</strong></span> <span class='ocrx_word' id='word_1_687' title='bbox 1963 5653 2017 5705; x_wconf 89' lang='lat' dir='ltr'><strong>in</strong></span> 
     </span>
    </p>
   </div>
   <div class='ocr_carea' id='block_1_89' title="bbox 452 5743 2017 5815">
    <p class='ocr_par' dir='ltr' id='par_1_89' title="bbox 452 5743 2017 5815">
     <span class='ocr_line' id='line_1_89' title="bbox 452 5743 2017 5815; baseline -0.003 -15"><span class='ocrx_word' id='word_1_688' title='bbox 452 5747 790 5802; x_wconf 73' lang='lat' dir='ltr'><strong>occidentem</strong></span> <span class='ocrx_word' id='word_1_689' title='bbox 812 5749 997 5815; x_wconf 83' lang='lat' dir='ltr'><strong>rediit;</strong></span> <span class='ocrx_word' id='word_1_690' title='bbox 1018 5757 1069 5802; x_wconf 89' lang='lat' dir='ltr'><strong>et</strong></span> <span class='ocrx_word' id='word_1_691' title='bbox 1091 5754 1277 5803; x_wconf 70' lang='lat' dir='ltr'><strong>testate</strong></span> <span class='ocrx_word' id='word_1_692' title='bbox 1298 5745 1420 5813; x_wconf 84' lang='lat' dir='ltr'><strong>ejus</strong></span> <span class='ocrx_word' id='word_1_693' title='bbox 1443 5745 1565 5798; x_wconf 87' lang='lat' dir='ltr'><strong>anni</strong></span> <span class='ocrx_word' id='word_1_694' title='bbox 1586 5753 1834 5809; x_wconf 81' lang='lat' dir='ltr'><strong>patruum</strong></span> <span class='ocrx_word' id='word_1_695' title='bbox 1855 5743 2017 5796; x_wconf 81' lang='lat' dir='ltr'><strong>Amu-</strong></span> 
     </span>
    </p>
   </div>
   <div class='ocr_carea' id='block_1_90' title="bbox 2129 3369 3683 3440">
    <p class='ocr_par' dir='ltr' id='par_1_90' title="bbox 2129 3369 3683 3440">
     <span class='ocr_line' id='line_1_90' title="bbox 2129 3369 3683 3440; baseline -0.003 -15"><span class='ocrx_word' id='word_1_696' title='bbox 2129 3380 2275 3425; x_wconf 80' lang='lat' dir='ltr'><strong>rates</strong></span> <span class='ocrx_word' id='word_1_697' title='bbox 2304 3386 2424 3424; x_wconf 88' lang='lat' dir='ltr'><strong>eum</strong></span> <span class='ocrx_word' id='word_1_698' title='bbox 2462 3370 2720 3440; x_wconf 82' lang='lat' dir='ltr'><strong>Ligurum</strong></span> <span class='ocrx_word' id='word_1_699' title='bbox 2748 3369 2861 3423; x_wconf 84' lang='lat' dir='ltr'><strong>sive</strong></span> <span class='ocrx_word' id='word_1_700' title='bbox 2892 3369 3264 3424; x_wconf 88' lang='lat' dir='ltr'><strong>Genuensium</strong></span> <span class='ocrx_word' id='word_1_701' title='bbox 3309 3369 3531 3423; x_wconf 79' lang='lat' dir='ltr'><strong>navibus</strong></span> <span class='ocrx_word' id='word_1_702' title='bbox 3560 3382 3683 3435; x_wconf 55' lang='lat' dir='ltr'><strong>per-</strong></span> 
     </span>
    </p>
   </div>
   <div class='ocr_carea' id='block_1_91' title="bbox 2128 3456 3681 3528">
    <p class='ocr_par' dir='ltr' id='par_1_91' title="bbox 2128 3456 3681 3528">
     <span class='ocr_line' id='line_1_91' title="bbox 2128 3456 3681 3528; baseline -0.004 -14"><span class='ocrx_word' id='word_1_703' title='bbox 2128 3468 2351 3514; x_wconf 81' lang='lat' dir='ltr'><strong>secutus</strong></span> <span class='ocrx_word' id='word_1_704' title='bbox 2376 3469 2480 3524; x_wconf 92' lang='lat' dir='ltr'><strong>est,</strong></span> <span class='ocrx_word' id='word_1_705' title='bbox 2505 3460 3073 3528; x_wconf 81' lang='lat' dir='ltr'><strong>comprehensumque</strong></span> <span class='ocrx_word' id='word_1_706' title='bbox 3099 3460 3391 3513; x_wconf 86' lang='lat' dir='ltr'><strong>interemit.</strong></span> <span class='ocrx_word' id='word_1_707' title='bbox 3411 3456 3522 3509; x_wconf 77' lang='lat' dir='ltr'><strong>1am</strong></span> <span class='ocrx_word' id='word_1_708' title='bbox 3541 3471 3681 3509; x_wconf 59' lang='lat' dir='ltr'><strong>more</strong></span> 
     </span>
    </p>
   </div>
   <div class='ocr_carea' id='block_1_92' title="bbox 2132 3548 3685 3619">
    <p class='ocr_par' dir='ltr' id='par_1_92' title="bbox 2132 3548 3685 3619">
     <span class='ocr_line' id='line_1_92' title="bbox 2132 3548 3685 3619; baseline -0.001 -17"><span class='ocrx_word' id='word_1_709' title='bbox 2132 3559 2183 3603; x_wconf 89' lang='lat' dir='ltr'><strong>te</strong></span> <span class='ocrx_word' id='word_1_710' title='bbox 2229 3550 2527 3619; x_wconf 70' lang='lat' dir='ltr'><strong>Mustapltze</strong></span> <span class='ocrx_word' id='word_1_711' title='bbox 2560 3566 2654 3614; x_wconf 90' lang='lat' dir='ltr'><strong>spe</strong></span> <span class='ocrx_word' id='word_1_712' title='bbox 2695 3566 2789 3603; x_wconf 90' lang='lat' dir='ltr'><strong>sua</strong></span> <span class='ocrx_word' id='word_1_713' title='bbox 2833 3551 3003 3605; x_wconf 82' lang='lat' dir='ltr'><strong>delusi</strong></span> <span class='ocrx_word' id='word_1_714' title='bbox 3054 3551 3430 3616; x_wconf 84' lang='lat' dir='ltr'><strong>imperatores,</strong></span> <span class='ocrx_word' id='word_1_715' title='bbox 3479 3548 3685 3601; x_wconf 81' lang='lat' dir='ltr'><strong>turbari</strong></span> 
     </span>
    </p>
   </div>
   <div class='ocr_carea' id='block_1_93' title="bbox 2130 3637 3691 3709">
    <p class='ocr_par' dir='ltr' id='par_1_93' title="bbox 2130 3637 3691 3709">
     <span class='ocr_line' id='line_1_93' title="bbox 2130 3637 3691 3709; baseline -0.001 -17"><span class='ocrx_word' id='word_1_716' title='bbox 2130 3655 2196 3694; x_wconf 89' lang='lat' dir='ltr'><strong>ac</strong></span> <span class='ocrx_word' id='word_1_717' title='bbox 2225 3642 2325 3694; x_wconf 87' lang='lat' dir='ltr'><strong>sibi</strong></span> <span class='ocrx_word' id='word_1_718' title='bbox 2360 3650 2607 3695; x_wconf 82' lang='lat' dir='ltr'><strong>metuere</strong></span> <span class='ocrx_word' id='word_1_719' title='bbox 2633 3650 2937 3707; x_wconf 69' lang='lat' dir='ltr'><strong>coeperunt,</strong></span> <span class='ocrx_word' id='word_1_720' title='bbox 2965 3652 3250 3709; x_wconf 78' lang='lat' dir='ltr'><strong>propterea</strong></span> <span class='ocrx_word' id='word_1_721' title='bbox 3276 3640 3418 3708; x_wconf 89' lang='lat' dir='ltr'><strong>quod</strong></span> <span class='ocrx_word' id='word_1_722' title='bbox 3444 3637 3691 3693; x_wconf 86' lang='lat' dir='ltr'><strong>hostilem</strong></span> 
     </span>
    </p>
   </div>
   <div class='ocr_carea' id='block_1_94' title="bbox 2131 3726 3687 3799">
    <p class='ocr_par' dir='ltr' id='par_1_94' title="bbox 2131 3726 3687 3799">
     <span class='ocr_line' id='line_1_94' title="bbox 2131 3726 3687 3799; baseline -0.003 -16"><span class='ocrx_word' id='word_1_723' title='bbox 2131 3732 2184 3784; x_wconf 89' lang='lat' dir='ltr'><strong>in</strong></span> <span class='ocrx_word' id='word_1_724' title='bbox 2222 3732 2536 3786; x_wconf 82' lang='lat' dir='ltr'><strong>Amuratem</strong></span> <span class='ocrx_word' id='word_1_725' title='bbox 2568 3733 2806 3786; x_wconf 81' lang='lat' dir='ltr'><strong>animout</strong></span> <span class='ocrx_word' id='word_1_726' title='bbox 2842 3726 3227 3799; x_wconf 83' lang='lat' dir='ltr'><strong>prodidissent.</strong></span> <span class='ocrx_word' id='word_1_727' title='bbox 3258 3729 3446 3798; x_wconf 82' lang='lat' dir='ltr'><strong>Itaque</strong></span> <span class='ocrx_word' id='word_1_728' title='bbox 3476 3728 3687 3781; x_wconf 84' lang='lat' dir='ltr'><strong>modum</strong></span> 
     </span>
    </p>
   </div>
   <div class='ocr_carea' id='block_1_95' title="bbox 2131 3817 3696 3889">
    <p class='ocr_par' dir='ltr' id='par_1_95' title="bbox 2131 3817 3696 3889">
     <span class='ocr_line' id='line_1_95' title="bbox 2131 3817 3696 3889; baseline -0.003 -14"><span class='ocrx_word' id='word_1_729' title='bbox 2131 3829 2185 3876; x_wconf 83' lang='lat' dir='ltr'><strong>et</strong></span> <span class='ocrx_word' id='word_1_730' title='bbox 2219 3821 2558 3875; x_wconf 84' lang='lat' dir='ltr'><strong>oceasionem</strong></span> <span class='ocrx_word' id='word_1_731' title='bbox 2590 3823 2926 3889; x_wconf 66' lang='lat' dir='ltr'><strong>quaerebant,</strong></span> <span class='ocrx_word' id='word_1_732' title='bbox 2962 3837 3068 3889; x_wconf 90' lang='lat' dir='ltr'><strong>qua</strong></span> <span class='ocrx_word' id='word_1_733' title='bbox 3099 3820 3393 3875; x_wconf 82' lang='lat' dir='ltr'><strong>concordia</strong></span> <span class='ocrx_word' id='word_1_734' title='bbox 3419 3828 3474 3873; x_wconf 90' lang='lat' dir='ltr'><strong>et</strong></span> <span class='ocrx_word' id='word_1_735' title='bbox 3507 3817 3696 3872; x_wconf 87' lang='lat' dir='ltr'><strong>amici-</strong></span> 
     </span>
    </p>
   </div>
   <div class='ocr_carea' id='block_1_96' title="bbox 2130 3900 3696 3979">
    <p class='ocr_par' dir='ltr' id='par_1_96' title="bbox 2130 3900 3696 3979">
     <span class='ocr_line' id='line_1_96' title="bbox 2130 3900 3696 3979; baseline -0.002 -13"><span class='ocrx_word' id='word_1_736' title='bbox 2130 3915 2207 3967; x_wconf 90' lang='lat' dir='ltr'><strong>tia</strong></span> <span class='ocrx_word' id='word_1_737' title='bbox 2249 3913 2389 3967; x_wconf 89' lang='lat' dir='ltr'><strong>intcr</strong></span> <span class='ocrx_word' id='word_1_738' title='bbox 2423 3915 2629 3968; x_wconf 81' lang='lat' dir='ltr'><strong>&#39;l‘urcas</strong></span> <span class='ocrx_word' id='word_1_739' title='bbox 2656 3924 2719 3979; x_wconf 87' lang='lat' dir='ltr'><strong>et</strong></span> <span class='ocrx_word' id='word_1_740' title='bbox 2759 3900 3037 3968; x_wconf 69' lang='lat' dir='ltr'><strong>Romanos</strong></span> <span class='ocrx_word' id='word_1_741' title='bbox 3088 3913 3500 3975; x_wconf 85' lang='lat' dir='ltr'><strong>conciliaretur,</strong></span> <span class='ocrx_word' id='word_1_742' title='bbox 3535 3910 3696 3963; x_wconf 84' lang='lat' dir='ltr'><strong>mise-</strong></span> 
     </span>
    </p>
   </div>
   <div class='ocr_carea' id='block_1_97' title="bbox 2131 4000 3697 4074">
    <p class='ocr_par' dir='ltr' id='par_1_97' title="bbox 2131 4000 3697 4074">
     <span class='ocr_line' id='line_1_97' title="bbox 2131 4000 3697 4074; baseline -0.004 -14"><span class='ocrx_word' id='word_1_743' title='bbox 2131 4015 2362 4074; x_wconf 88' lang='lat' dir='ltr'><strong>runtque</strong></span> <span class='ocrx_word' id='word_1_744' title='bbox 2401 4004 2729 4059; x_wconf 85' lang='lat' dir='ltr'><strong>adameram</strong></span> <span class='ocrx_word' id='word_1_745' title='bbox 2761 4004 2965 4071; x_wconf 86' lang='lat' dir='ltr'><strong>legatos</strong></span> <span class='ocrx_word' id='word_1_746' title='bbox 3002 4002 3331 4057; x_wconf 88' lang='lat' dir='ltr'><strong>Demetrium</strong></span> <span class='ocrx_word' id='word_1_747' title='bbox 3362 4000 3697 4055; x_wconf 83' lang='lat' dir='ltr'><strong>Cantacuze-</strong></span> 
     </span>
    </p>
   </div>
   <div class='ocr_carea' id='block_1_98' title="bbox 2133 4092 3695 4159">
    <p class='ocr_par' dir='ltr' id='par_1_98' title="bbox 2133 4092 3695 4159">
     <span class='ocr_line' id='line_1_98' title="bbox 2133 4092 3695 4159; baseline -0.005 -11"><span class='ocrx_word' id='word_1_748' title='bbox 2133 4110 2283 4158; x_wconf 86' lang='lat' dir='ltr'><strong>num,</strong></span> <span class='ocrx_word' id='word_1_749' title='bbox 2319 4094 2630 4148; x_wconf 80' lang='lat' dir='ltr'><strong>lilatthaeum</strong></span> <span class='ocrx_word' id='word_1_750' title='bbox 2660 4094 2933 4147; x_wconf 85' lang='lat' dir='ltr'><strong>Lascarim</strong></span> <span class='ocrx_word' id='word_1_751' title='bbox 2967 4102 3021 4146; x_wconf 89' lang='lat' dir='ltr'><strong>et</strong></span> <span class='ocrx_word' id='word_1_752' title='bbox 3062 4093 3323 4159; x_wconf 77' lang='lat' dir='ltr'><strong>Angelum</strong></span> <span class='ocrx_word' id='word_1_753' title='bbox 3361 4092 3695 4145; x_wconf 84' lang='lat' dir='ltr'><strong>Philomma-</strong></span> 
     </span>
    </p>
   </div>
   <div class='ocr_carea' id='block_1_99' title="bbox 2134 4186 3696 4258">
    <p class='ocr_par' dir='ltr' id='par_1_99' title="bbox 2134 4186 3696 4258">
     <span class='ocr_line' id='line_1_99' title="bbox 2134 4186 3696 4258; baseline -0.003 -16"><span class='ocrx_word' id='word_1_754' title='bbox 2134 4201 2237 4243; x_wconf 88' lang='lat' dir='ltr'><strong>tem</strong></span> <span class='ocrx_word' id='word_1_755' title='bbox 2270 4190 2709 4258; x_wconf 85' lang='lat' dir='ltr'><strong>grammaticum.</strong></span> <span class='ocrx_word' id='word_1_756' title='bbox 2755 4190 3006 4249; x_wconf 86' lang='lat' dir='ltr'><strong>Ameras,</strong></span> <span class='ocrx_word' id='word_1_757' title='bbox 3042 4187 3119 4239; x_wconf 85' lang='lat' dir='ltr'><strong>ira</strong></span> <span class='ocrx_word' id='word_1_758' title='bbox 3149 4186 3404 4239; x_wconf 80' lang='lat' dir='ltr'><strong>incensus</strong></span> <span class='ocrx_word' id='word_1_759' title='bbox 3437 4186 3696 4239; x_wconf 83' lang='lat' dir='ltr'><strong>adversus</strong></span> 
     </span>
    </p>
   </div>
   <div class='ocr_carea' id='block_1_100' title="bbox 2133 4276 3713 4349">
    <p class='ocr_par' dir='ltr' id='par_1_100' title="bbox 2133 4276 3713 4349">
     <span class='ocr_line' id='line_1_100' title="bbox 2133 4276 3713 4349; baseline -0.003 -17"><span class='ocrx_word' id='word_1_760' title='bbox 2133 4282 2410 4335; x_wconf 79' lang='lat' dir='ltr'><strong>Romanos</strong></span> <span class='ocrx_word' id='word_1_761' title='bbox 2438 4292 2655 4349; x_wconf 87' lang='lat' dir='ltr'><strong>propter</strong></span> <span class='ocrx_word' id='word_1_762' title='bbox 2684 4295 2828 4343; x_wconf 86' lang='lat' dir='ltr'><strong>eam,</strong></span> <span class='ocrx_word' id='word_1_763' title='bbox 2877 4295 3035 4346; x_wconf 87' lang='lat' dir='ltr'><strong>quam</strong></span> <span class='ocrx_word' id='word_1_764' title='bbox 3068 4276 3529 4345; x_wconf 84' lang='lat' dir='ltr'><strong>signiﬁcavimus,</strong></span> <span class='ocrx_word' id='word_1_765' title='bbox 3563 4289 3713 4329; x_wconf 9' lang='lat' dir='ltr'><strong>cauca</strong></span> 
     </span>
    </p>
   </div>
   <div class='ocr_carea' id='block_1_101' title="bbox 2132 4368 3690 4441">
    <p class='ocr_par' dir='ltr' id='par_1_101' title="bbox 2132 4368 3690 4441">
     <span class='ocr_line' id='line_1_101' title="bbox 2132 4368 3690 4441; baseline -0.004 -16"><span class='ocrx_word' id='word_1_766' title='bbox 2132 4387 2268 4434; x_wconf 88' lang='lat' dir='ltr'><strong>sam,</strong></span> <span class='ocrx_word' id='word_1_767' title='bbox 2318 4372 2406 4425; x_wconf 91' lang='lat' dir='ltr'><strong>ubi</strong></span> <span class='ocrx_word' id='word_1_768' title='bbox 2453 4373 2684 4441; x_wconf 87' lang='lat' dir='ltr'><strong>primum</strong></span> <span class='ocrx_word' id='word_1_769' title='bbox 2728 4371 2936 4437; x_wconf 83' lang='lat' dir='ltr'><strong>legatos</strong></span> <span class='ocrx_word' id='word_1_770' title='bbox 2967 4371 3121 4433; x_wconf 84' lang='lat' dir='ltr'><strong>vidit,</strong></span> <span class='ocrx_word' id='word_1_771' title='bbox 3151 4370 3366 4422; x_wconf 84' lang='lat' dir='ltr'><strong>vinctos</strong></span> <span class='ocrx_word' id='word_1_772' title='bbox 3409 4368 3460 4419; x_wconf 89' lang='lat' dir='ltr'><strong>in</strong></span> <span class='ocrx_word' id='word_1_773' title='bbox 3496 4368 3690 4420; x_wconf 88' lang='lat' dir='ltr'><strong>obscu-</strong></span> 
     </span>
    </p>
   </div>
   <div class='ocr_carea' id='block_1_102' title="bbox 2134 4457 3691 4531">
    <p class='ocr_par' dir='ltr' id='par_1_102' title="bbox 2134 4457 3691 4531">
     <span class='ocr_line' id='line_1_102' title="bbox 2134 4457 3691 4531; baseline -0.003 -18"><span class='ocrx_word' id='word_1_774' title='bbox 2134 4478 2247 4513; x_wconf 88' lang='lat' dir='ltr'><strong>rum</strong></span> <span class='ocrx_word' id='word_1_775' title='bbox 2277 4476 2549 4515; x_wconf 86' lang='lat' dir='ltr'><strong>carcerem</strong></span> <span class='ocrx_word' id='word_1_776' title='bbox 2578 4464 2785 4515; x_wconf 87' lang='lat' dir='ltr'><strong>detrudi</strong></span> <span class='ocrx_word' id='word_1_777' title='bbox 2814 4461 3207 4531; x_wconf 77' lang='lat' dir='ltr'><strong>diligenterque</strong></span> <span class='ocrx_word' id='word_1_778' title='bbox 3233 4460 3490 4514; x_wconf 81' lang='lat' dir='ltr'><strong>custodiri</strong></span> <span class='ocrx_word' id='word_1_779' title='bbox 3512 4457 3691 4525; x_wconf 88' lang='lat' dir='ltr'><strong>jussit.</strong></span> 
     </span>
    </p>
   </div>
   <div class='ocr_carea' id='block_1_103' title="bbox 2204 4548 3694 4616">
    <p class='ocr_par' dir='ltr' id='par_1_103' title="bbox 2204 4548 3694 4616">
     <span class='ocr_line' id='line_1_103' title="bbox 2204 4548 3694 4616; baseline -0.003 -10"><span class='ocrx_word' id='word_1_780' title='bbox 2204 4554 2295 4606; x_wconf 78' lang='grc'><strong>59.</strong></span> <span class='ocrx_word' id='word_1_781' title='bbox 2326 4552 2550 4606; x_wconf 83' lang='lat' dir='ltr'><strong>ineunte</strong></span> <span class='ocrx_word' id='word_1_782' title='bbox 2585 4564 2795 4613; x_wconf 71' lang='lat' dir='ltr'><strong>testate.</strong></span> <span class='ocrx_word' id='word_1_783' title='bbox 2824 4564 3016 4607; x_wconf 88' lang='lat' dir='ltr'><strong>octavo</strong></span> <span class='ocrx_word' id='word_1_784' title='bbox 3052 4554 3137 4605; x_wconf 86' lang='lat' dir='ltr'><strong>die</strong></span> <span class='ocrx_word' id='word_1_785' title='bbox 3164 4552 3330 4616; x_wconf 79' lang='lat' dir='ltr'><strong>Junii,</strong></span> <span class='ocrx_word' id='word_1_786' title='bbox 3366 4566 3508 4603; x_wconf 90' lang='lat' dir='ltr'><strong>anno</strong></span> <span class='ocrx_word' id='word_1_787' title='bbox 3535 4548 3694 4612; x_wconf 76' lang='lat' dir='ltr'><strong>G950,</strong></span> 
     </span>
    </p>
   </div>
   <div class='ocr_carea' id='block_1_104' title="bbox 2138 4638 3779 4710">
    <p class='ocr_par' dir='ltr' id='par_1_104' title="bbox 2138 4638 3779 4710">
     <span class='ocr_line' id='line_1_104' title="bbox 2138 4638 3779 4710; baseline -0.003 -15"><span class='ocrx_word' id='word_1_788' title='bbox 2138 4644 2285 4696; x_wconf 82' lang='lat' dir='ltr'><strong>misit</strong></span> <span class='ocrx_word' id='word_1_789' title='bbox 2315 4659 2438 4696; x_wconf 87' lang='lat' dir='ltr'><strong>cum</strong></span> <span class='ocrx_word' id='word_1_790' title='bbox 2471 4645 2713 4696; x_wconf 77' lang='lat' dir='ltr'><strong>exercitu</strong></span> <span class='ocrx_word' id='word_1_791' title='bbox 2761 4642 3151 4709; x_wconf 84' lang='lat' dir='ltr'><strong>Michalbegum</strong></span> <span class='ocrx_word' id='word_1_792' title='bbox 3192 4643 3503 4705; x_wconf 81' lang='lat' dir='ltr'><strong>Atnurates,</strong></span> <span class='ocrx_word' id='word_1_793' title='bbox 3557 4638 3698 4692; x_wconf 88' lang='lat' dir='ltr'><strong>clau-</strong></span> <span class='ocrx_word' id='word_1_794' title='bbox 3773 4705 3779 4710; x_wconf 89' lang='lat'><strong>_</strong></span> 
     </span>
    </p>
   </div>
   <div class='ocr_carea' id='block_1_105' title="bbox 2137 4730 3695 4805">
    <p class='ocr_par' dir='ltr' id='par_1_105' title="bbox 2137 4730 3695 4805">
     <span class='ocr_line' id='line_1_105' title="bbox 2137 4730 3695 4805; baseline -0.005 -15"><span class='ocrx_word' id='word_1_795' title='bbox 2137 4737 2317 4805; x_wconf 82' lang='lat' dir='ltr'><strong>sitque</strong></span> <span class='ocrx_word' id='word_1_796' title='bbox 2348 4744 2397 4788; x_wconf 85' lang='lat' dir='ltr'><strong>et</strong></span> <span class='ocrx_word' id='word_1_797' title='bbox 2429 4736 2642 4788; x_wconf 87' lang='lat' dir='ltr'><strong>obsedit</strong></span> <span class='ocrx_word' id='word_1_798' title='bbox 2674 4734 2906 4803; x_wconf 89' lang='lat' dir='ltr'><strong>Cpolim.</strong></span> <span class='ocrx_word' id='word_1_799' title='bbox 2949 4736 3046 4788; x_wconf 90' lang='lat' dir='ltr'><strong>Die</strong></span> <span class='ocrx_word' id='word_1_800' title='bbox 3088 4734 3328 4802; x_wconf 88' lang='lat' dir='ltr'><strong>ejusdem</strong></span> <span class='ocrx_word' id='word_1_801' title='bbox 3378 4731 3579 4785; x_wconf 89' lang='lat' dir='ltr'><strong>mensis</strong></span> <span class='ocrx_word' id='word_1_802' title='bbox 3604 4730 3695 4783; x_wconf 88' lang='lat' dir='ltr'><strong>de-</strong></span> 
     </span>
    </p>
   </div>
   <div class='ocr_carea' id='block_1_106' title="bbox 2134 4820 3693 4895">
    <p class='ocr_par' dir='ltr' id='par_1_106' title="bbox 2134 4820 3693 4895">
     <span class='ocr_line' id='line_1_106' title="bbox 2134 4820 3693 4895; baseline -0.004 -15"><span class='ocrx_word' id='word_1_803' title='bbox 2134 4828 2275 4881; x_wconf 89' lang='lat' dir='ltr'><strong>cimo</strong></span> <span class='ocrx_word' id='word_1_804' title='bbox 2305 4827 2497 4895; x_wconf 89' lang='lat' dir='ltr'><strong>quinto</strong></span> <span class='ocrx_word' id='word_1_805' title='bbox 2541 4827 2766 4893; x_wconf 82' lang='lat' dir='ltr'><strong>ipsemet</strong></span> <span class='ocrx_word' id='word_1_806' title='bbox 2810 4840 2932 4879; x_wconf 88' lang='lat' dir='ltr'><strong>cmn</strong></span> <span class='ocrx_word' id='word_1_807' title='bbox 2981 4826 3188 4892; x_wconf 81' lang='lat' dir='ltr'><strong>magnis</strong></span> <span class='ocrx_word' id='word_1_808' title='bbox 3220 4824 3392 4892; x_wconf 86' lang='lat' dir='ltr'><strong>copiis</strong></span> <span class='ocrx_word' id='word_1_809' title='bbox 3447 4820 3693 4884; x_wconf 86' lang='lat' dir='ltr'><strong>accessit,</strong></span> 
     </span>
    </p>
   </div>
   <div class='ocr_carea' id='block_1_107' title="bbox 2138 4913 3699 4987">
    <p class='ocr_par' dir='ltr' id='par_1_107' title="bbox 2138 4913 3699 4987">
     <span class='ocr_line' id='line_1_107' title="bbox 2138 4913 3699 4987; baseline -0.006 -16"><span class='ocrx_word' id='word_1_810' title='bbox 2138 4920 2340 4987; x_wconf 76' lang='lat' dir='ltr'><strong>lt-gatos</strong></span> <span class='ocrx_word' id='word_1_811' title='bbox 2377 4919 2426 4970; x_wconf 93' lang='lat' dir='ltr'><strong>in</strong></span> <span class='ocrx_word' id='word_1_812' title='bbox 2463 4916 2691 4971; x_wconf 84' lang='lat' dir='ltr'><strong>vinculis</strong></span> <span class='ocrx_word' id='word_1_813' title='bbox 2739 4915 3037 4978; x_wconf 82' lang='lat' dir='ltr'><strong>adducens,</strong></span> <span class='ocrx_word' id='word_1_814' title='bbox 3091 4923 3146 4967; x_wconf 91' lang='lat' dir='ltr'><strong>et</strong></span> <span class='ocrx_word' id='word_1_815' title='bbox 3194 4915 3280 4965; x_wconf 87' lang='lat' dir='ltr'><strong>die</strong></span> <span class='ocrx_word' id='word_1_816' title='bbox 3310 4913 3568 4964; x_wconf 74' lang='lat' dir='ltr'><strong>vicesimo</strong></span> <span class='ocrx_word' id='word_1_817' title='bbox 3613 4922 3699 4961; x_wconf 88' lang='lat' dir='ltr'><strong>se-</strong></span> 
     </span>
    </p>
   </div>
   <div class='ocr_carea' id='block_1_108' title="bbox 2136 5002 3695 5076">
    <p class='ocr_par' dir='ltr' id='par_1_108' title="bbox 2136 5002 3695 5076">
     <span class='ocr_line' id='line_1_108' title="bbox 2136 5002 3695 5076; baseline -0.008 -13"><span class='ocrx_word' id='word_1_818' title='bbox 2136 5012 2314 5063; x_wconf 90' lang='lat' dir='ltr'><strong>cundo</strong></span> <span class='ocrx_word' id='word_1_819' title='bbox 2343 5010 2541 5063; x_wconf 87' lang='lat' dir='ltr'><strong>mensis</strong></span> <span class='ocrx_word' id='word_1_820' title='bbox 2573 5009 2799 5076; x_wconf 78' lang='lat' dir='ltr'><strong>Augusti</strong></span> <span class='ocrx_word' id='word_1_821' title='bbox 2841 5012 3027 5059; x_wconf 87' lang='lat' dir='ltr'><strong>urbem</strong></span> <span class='ocrx_word' id='word_1_822' title='bbox 3059 5004 3325 5059; x_wconf 87' lang='lat' dir='ltr'><strong>universis</strong></span> <span class='ocrx_word' id='word_1_823' title='bbox 3355 5002 3563 5055; x_wconf 87' lang='lat' dir='ltr'><strong>viribus</strong></span> <span class='ocrx_word' id='word_1_824' title='bbox 3598 5012 3695 5065; x_wconf 83' lang='lat' dir='ltr'><strong>op-</strong></span> 
     </span>
    </p>
   </div>
   <div class='ocr_carea' id='block_1_109' title="bbox 2138 5089 3689 5169">
    <p class='ocr_par' dir='ltr' id='par_1_109' title="bbox 2138 5089 3689 5169">
     <span class='ocr_line' id='line_1_109' title="bbox 2138 5089 3689 5169; baseline -0.006 -17"><span class='ocrx_word' id='word_1_825' title='bbox 2138 5104 2418 5169; x_wconf 83' lang='lat' dir='ltr'><strong>pugnavit.</strong></span> <span class='ocrx_word' id='word_1_826' title='bbox 2457 5102 2549 5152; x_wconf 89' lang='lat' dir='ltr'><strong>Die</strong></span> <span class='ocrx_word' id='word_1_827' title='bbox 2594 5099 2810 5152; x_wconf 88' lang='lat' dir='ltr'><strong>tandem</strong></span> <span class='ocrx_word' id='word_1_828' title='bbox 2845 5108 2997 5151; x_wconf 78' lang='lat' dir='ltr'><strong>sexto</strong></span> <span class='ocrx_word' id='word_1_829' title='bbox 3039 5094 3376 5163; x_wconf 84' lang='lat' dir='ltr'><strong>Septembris</strong></span> <span class='ocrx_word' id='word_1_830' title='bbox 3402 5093 3525 5144; x_wconf 88' lang='lat' dir='ltr'><strong>anui</strong></span> <span class='ocrx_word' id='word_1_831' title='bbox 3557 5089 3689 5144; x_wconf 76' lang='lat'><strong>6951</strong></span> 
     </span>
    </p>
   </div>
   <div class='ocr_carea' id='block_1_110' title="bbox 2129 5180 3700 5259">
    <p class='ocr_par' dir='ltr' id='par_1_110' title="bbox 2129 5180 3700 5259">
     <span class='ocr_line' id='line_1_110' title="bbox 2129 5180 3700 5259; baseline -0.008 -13"><span class='ocrx_word' id='word_1_832' title='bbox 2129 5193 2222 5246; x_wconf 85' lang='lat' dir='ltr'><strong>Dei</strong></span> <span class='ocrx_word' id='word_1_833' title='bbox 2261 5192 2432 5259; x_wconf 79' lang='lat' dir='ltr'><strong>gratia</strong></span> <span class='ocrx_word' id='word_1_834' title='bbox 2487 5205 2543 5244; x_wconf 90' lang='lat' dir='ltr'><strong>re</strong></span> <span class='ocrx_word' id='word_1_835' title='bbox 2586 5190 2785 5243; x_wconf 80' lang='lat' dir='ltr'><strong>infecta</strong></span> <span class='ocrx_word' id='word_1_836' title='bbox 2839 5190 2906 5241; x_wconf 90' lang='lat' dir='ltr'><strong>ab</strong></span> <span class='ocrx_word' id='word_1_837' title='bbox 2974 5188 3105 5240; x_wconf 84' lang='lat' dir='ltr'><strong>urbe</strong></span> <span class='ocrx_word' id='word_1_838' title='bbox 3154 5184 3397 5237; x_wconf 83' lang='lat' dir='ltr'><strong>recessit.</strong></span> <span class='ocrx_word' id='word_1_839' title='bbox 3447 5180 3700 5249; x_wconf 82' lang='lat' dir='ltr'><strong>Ejusdem</strong></span> 
     </span>
    </p>
   </div>
   <div class='ocr_carea' id='block_1_111' title="bbox 2134 5272 3700 5347">
    <p class='ocr_par' dir='ltr' id='par_1_111' title="bbox 2134 5272 3700 5347">
     <span class='ocr_line' id='line_1_111' title="bbox 2134 5272 3700 5347; baseline -0.008 -9"><span class='ocrx_word' id='word_1_840' title='bbox 2134 5286 2339 5338; x_wconf 86' lang='lat' dir='ltr'><strong>mensis</strong></span> <span class='ocrx_word' id='word_1_841' title='bbox 2366 5284 2451 5336; x_wconf 90' lang='lat' dir='ltr'><strong>die</strong></span> <span class='ocrx_word' id='word_1_842' title='bbox 2487 5282 2759 5336; x_wconf 89' lang='lat' dir='ltr'><strong>tricesimo</strong></span> <span class='ocrx_word' id='word_1_843' title='bbox 2794 5279 3262 5347; x_wconf 83' lang='lat' dir='ltr'><strong>Mustaphopulus,</strong></span> <span class='ocrx_word' id='word_1_844' title='bbox 3293 5279 3568 5331; x_wconf 73' lang='lat' dir='ltr'><strong>Amuratze</strong></span> <span class='ocrx_word' id='word_1_845' title='bbox 3591 5272 3700 5325; x_wconf 80' lang='lat' dir='ltr'><strong>fra-</strong></span> 
     </span>
    </p>
   </div>
   <div class='ocr_carea' id='block_1_112' title="bbox 2135 5368 3695 5441">
    <p class='ocr_par' dir='ltr' id='par_1_112' title="bbox 2135 5368 3695 5441">
     <span class='ocr_line' id='line_1_112' title="bbox 2135 5368 3695 5441; baseline -0.006 -13"><span class='ocrx_word' id='word_1_846' title='bbox 2135 5384 2239 5439; x_wconf 88' lang='lat' dir='ltr'><strong>ter,</strong></span> <span class='ocrx_word' id='word_1_847' title='bbox 2281 5389 2374 5441; x_wconf 81' lang='lat' dir='ltr'><strong>per</strong></span> <span class='ocrx_word' id='word_1_848' title='bbox 2426 5376 2611 5426; x_wconf 85' lang='lat' dir='ltr'><strong>urbem</strong></span> <span class='ocrx_word' id='word_1_849' title='bbox 2664 5373 2961 5441; x_wconf 82' lang='lat' dir='ltr'><strong>profectus.</strong></span> <span class='ocrx_word' id='word_1_850' title='bbox 3004 5374 3055 5426; x_wconf 87' lang='lat' dir='ltr'><strong>in</strong></span> <span class='ocrx_word' id='word_1_851' title='bbox 3103 5383 3314 5441; x_wconf 86' lang='lat' dir='ltr'><strong>septum</strong></span> <span class='ocrx_word' id='word_1_852' title='bbox 3352 5368 3695 5423; x_wconf 83' lang='lat' dir='ltr'><strong>Dominicum</strong></span> 
     </span>
    </p>
   </div>
   <div class='ocr_carea' id='block_1_113' title="bbox 2134 5460 3695 5534">
    <p class='ocr_par' dir='ltr' id='par_1_113' title="bbox 2134 5460 3695 5534">
     <span class='ocr_line' id='line_1_113' title="bbox 2134 5460 3695 5534; baseline -0.005 -15"><span class='ocrx_word' id='word_1_853' title='bbox 2134 5466 2403 5534; x_wconf 87' lang='lat' dir='ltr'><strong>pervenit,</strong></span> <span class='ocrx_word' id='word_1_854' title='bbox 2433 5473 2486 5518; x_wconf 89' lang='lat' dir='ltr'><strong>et</strong></span> <span class='ocrx_word' id='word_1_855' title='bbox 2518 5466 2761 5532; x_wconf 77' lang='lat' dir='ltr'><strong>proximo</strong></span> <span class='ocrx_word' id='word_1_856' title='bbox 2790 5464 2897 5527; x_wconf 87' lang='lat' dir='ltr'><strong>die,</strong></span> <span class='ocrx_word' id='word_1_857' title='bbox 2928 5467 3017 5532; x_wconf 92' lang='lat' dir='ltr'><strong>qui</strong></span> <span class='ocrx_word' id='word_1_858' title='bbox 3046 5465 3147 5518; x_wconf 80' lang='lat' dir='ltr'><strong>fuit</strong></span> <span class='ocrx_word' id='word_1_859' title='bbox 3182 5465 3389 5531; x_wconf 83' lang='lat' dir='ltr'><strong>primus</strong></span> <span class='ocrx_word' id='word_1_860' title='bbox 3423 5460 3695 5523; x_wconf 83' lang='lat' dir='ltr'><strong>Octobris,</strong></span> 
     </span>
    </p>
   </div>
   <div class='ocr_carea' id='block_1_114' title="bbox 2134 5552 3693 5626">
    <p class='ocr_par' dir='ltr' id='par_1_114' title="bbox 2134 5552 3693 5626">
     <span class='ocr_line' id='line_1_114' title="bbox 2134 5552 3693 5626; baseline -0.003 -16"><span class='ocrx_word' id='word_1_861' title='bbox 2134 5559 2198 5610; x_wconf 90' lang='lat' dir='ltr'><strong>ad</strong></span> <span class='ocrx_word' id='word_1_862' title='bbox 2234 5559 2614 5625; x_wconf 66' lang='lat' dir='ltr'><strong>imperatorem</strong></span> <span class='ocrx_word' id='word_1_863' title='bbox 2664 5570 2716 5611; x_wconf 85' lang='lat' dir='ltr'><strong>et</strong></span> <span class='ocrx_word' id='word_1_864' title='bbox 2764 5556 2902 5611; x_wconf 75' lang='lat' dir='ltr'><strong>filios</strong></span> <span class='ocrx_word' id='word_1_865' title='bbox 2934 5558 3051 5626; x_wconf 86' lang='lat' dir='ltr'><strong>ejus</strong></span> <span class='ocrx_word' id='word_1_866' title='bbox 3102 5557 3411 5611; x_wconf 80' lang='lat' dir='ltr'><strong>adorandos</strong></span> <span class='ocrx_word' id='word_1_867' title='bbox 3441 5552 3693 5607; x_wconf 88' lang='lat' dir='ltr'><strong>accessit.</strong></span> 
     </span>
    </p>
   </div>
   <div class='ocr_carea' id='block_1_115' title="bbox 2139 5644 3697 5717">
    <p class='ocr_par' dir='ltr' id='par_1_115' title="bbox 2139 5644 3697 5717">
     <span class='ocr_line' id='line_1_115' title="bbox 2139 5644 3697 5717; baseline -0.003 -17"><span class='ocrx_word' id='word_1_868' title='bbox 2139 5648 2334 5700; x_wconf 88' lang='lat' dir='ltr'><strong>Eodem</strong></span> <span class='ocrx_word' id='word_1_869' title='bbox 2379 5647 2467 5700; x_wconf 87' lang='lat' dir='ltr'><strong>die</strong></span> <span class='ocrx_word' id='word_1_870' title='bbox 2509 5657 2627 5715; x_wconf 88' lang='lat' dir='ltr'><strong>post</strong></span> <span class='ocrx_word' id='word_1_871' title='bbox 2663 5647 2989 5716; x_wconf 83' lang='lat' dir='ltr'><strong>jentaculum</strong></span> <span class='ocrx_word' id='word_1_872' title='bbox 3041 5648 3333 5717; x_wconf 87' lang='lat' dir='ltr'><strong>imperator</strong></span> <span class='ocrx_word' id='word_1_873' title='bbox 3367 5644 3697 5713; x_wconf 77' lang='lat' dir='ltr'><strong>bemiplexia</strong></span> 
     </span>
    </p>
   </div>
   <div class='ocr_carea' id='block_1_116' title="bbox 2122 5734 3697 5807">
    <p class='ocr_par' dir='ltr' id='par_1_116' title="bbox 2122 5734 3697 5807">
     <span class='ocr_line' id='line_1_116' title="bbox 2122 5734 3697 5807; baseline -0.007 -15"><span class='ocrx_word' id='word_1_874' title='bbox 2122 5749 2418 5807; x_wconf 81' lang='lat' dir='ltr'><strong>correptus</strong></span> <span class='ocrx_word' id='word_1_875' title='bbox 2449 5746 2530 5793; x_wconf 80' lang='lat' dir='ltr'><strong>est</strong></span> <span class='ocrx_word' id='word_1_876' title='bbox 2558 5753 2571 5791; x_wconf 88' lang='lat'><strong>:</strong></span> <span class='ocrx_word' id='word_1_877' title='bbox 2599 5753 2755 5806; x_wconf 90' lang='lat' dir='ltr'><strong>quem</strong></span> <span class='ocrx_word' id='word_1_878' title='bbox 2787 5738 2975 5793; x_wconf 75' lang='lat' dir='ltr'><strong>Turcae</strong></span> <span class='ocrx_word' id='word_1_879' title='bbox 2997 5739 3177 5792; x_wconf 75' lang='lat' dir='ltr'><strong>Asiani</strong></span> <span class='ocrx_word' id='word_1_880' title='bbox 3209 5737 3510 5793; x_wconf 86' lang='lat' dir='ltr'><strong>mirabundi</strong></span> <span class='ocrx_word' id='word_1_881' title='bbox 3544 5734 3697 5790; x_wconf 77' lang='lat' dir='ltr'><strong>dice-</strong></span> 
     </span>
    </p>
   </div>
  </div>
