4096 6300
409 394 477 455 33'
1415 390 1863 453 CIIRONICON
1909 388 2184 452 MAJUS.
2223 413 2288 425 ··-
2323 391 2470 450 LIB.
2511 389 2561 450 Ι.

3495 379 3606 444 736

348 504 580 574 Τοῦρκοι
606 504 791 574 ἔλεγον
829 504 1196 574 θαυμάζοντες
1219 504 1515 572 ὄτι-ὅμοιος
1557 503 1631 573 τῷ
1671 504 1769 570 τῆς
1823 502 1920 554 αὐ-
1950 508 1992 562 Α
2025 501 2092 553 δι’
2113 489 2291 565 αίτίας
2317 503 2592 569 τοιαύτης,
2627 500 2709 553 ὅτι
2735 497 2764 552 6
2797 497 2894 566 μὲν
2925 495 3276 565 Μελαχρηνδς
3306 493 3400 549 καὶ
3441 494 3602 547 ἄλλο-

349 596 462 651 τῶν
489 597 722 658 πίστεως
753 599 1007 667 προφήτῃ
1055 597 1390 667 Μαχουμέτῃ
1441 597 1558 648 ἐστὶ
1591 598 1656 663 τῇ
1702 593 1923 663 θεωρίᾳ,

257 694 260 696 ’
351 688 426 752 ὣς
453 706 581 741 ποτε
604 690 694 740 καὶ
722 689 750 740 6
781 689 1183 757 Μπαγιαζήτης
1214 690 1241 740 6
1265 689 1356 742 καὶ
1387 687 1573 756 ἐχθρὸς
1596 686 1763 740 αὑτοῦ
1798 690 1926 756 περὶ

349 780 541 834 τούτου
585 782 778 851 εῐρηκε
809 794 824 808 ⁶
862 800 879 832 ι
913 781 1017 834 Καὶ
1071 781 1216 842 ὅστις
1246 780 1346 832 οὐκ
1368 775 1472 833 οἶδε
1527 778 1618 830 τὸν
1680 775 1923 846 βασιλέα,

351 873 460 924 ἀπὸ
495 871 660 941 μόνης
695 871 794 939 τῆς
825 870 1056 939 Θεωρίας
1088 871 1248 922 αὑτὸν
1279 869 1406 940 λέξῃ
1438 866 1575 922 εἶναι
1618 867 1861 939 βασιλέα.
1899 884 1918 917 r

367 964 427 1018 Ὀ
456 965 511 1017 δὲ
539 964 1027 1031 Μουσταφὸπουλος
1052 963 1446 1034 πλημμελήσας
1480 961 1755 1021 πλείσταις
1786 958 1923 1029 ἡμέ-

363 1075 484 1128 ραις
531 1057 586 1108 ὲν
638 1058 704 1124 τῇ
747 1056 894 1110 πόλει
933 1056 1115 1108 ἕνεκεν
1144 1053 1236 1107 τοῦ
1267 1054 1344 1122 τῷ
1390 1053 1598 1123 βασιλεῖ
1625 1051 1924 1118 συμϐάντος

358 1148 510 1208 τέλος
545 1147 754 1215 ἀπῆλθε
783 1147 941 1215 μέχρι
968 1147 1066 1216 τῆς
1096 1145 1466 1219 Σηλυμϐρίας,
1496 1144 1588 1196 καὶ
1619 1143 1690 1212 μὴ
1718 1138 1924 1207 διατρί-

359 1240 465 1299 ψας
489 1239 664 1290 ὲκείσε
689 1236 1087 1305 ὲπανέστρεῲεν
1112 1238 1190 1298 είς
1217 1236 1315 1306 τὴν
1349 1237 1521 1298 πόλιν,
1566 1233 1661 1284 καὶ
1701 1229 1923 1282 διελθὼν

356 1326 595 1396 ἀπῆλθεν
658 1328 737 1389 εἰς
786 1326 884 1394 τὴν
938 1326 1208 1396 Προῦσαν.
1265 1325 1354 1392 Τῷ
1381 1324 1439 1378 δὲ
1463 1324 1582 1392 ἔαρι
1630 1319 1723 1374 τοῦ
1761 1317 1923 1371 αὑτοῦ

355 1419 505 1480 ἔτους
545 1419 744 1485 ἐπῆλθε
771 1418 865 1470 καὶ⁵
899 1421 927 1470 6
978 1416 1204 1484 ἀδελφὸς
1255 1414 1418 1469 αὑτοῦ
1460 1416 1580 1467 κατ’
1627 1411 1790 1466 αὐτοῦ
1846 1411 1926 1471 είς

354 1509 452 1577 τὴν
525 1509 730 1574 ἷΔσίαν,
801 1509 892 1560 καὶ
945 1509 1263 1561 ἀπέκτεινεν
1315 1505 1478 1559 αὐτὸν
1530 1502 1784 1574 προδοσίᾳ
1818 1500 1926 1552 τῶν

359 1602 502 1654 ἰδίων
535 1603 721 1654 αὑτοῦ.

431 1700 506 1761 μη
537 1694 628 1762 Τῷ
655 1695 711 1748 δὲ
741 1695 902 1763 Μαῖῳ
952 1693 1081 1763 μηνὶ
1111 1692 1204 1746 τοῦ
1249 1690 1413 1744 αὑτοῦ
1461 1690 1614 1749 ἔτους
1669 1687 1810 1740 ἑάλω
1865 1686 1927 1737 τὸ

368 1788 672 1857 Ἐξαμίλιον
699 1789 860 1857 118
896 1789 1012 1858 ἦτοι
1067 1789 1096 1839 6
1140 1789 1238 1853 τῆς
1271 1783 1671 1854 Πελοποννήσου
1715 1778 1924 1844 Ἰσθμὺς

360 1881 465 1933 ὑπὸ
487 1880 582 1934 τοῦ
613 1880 956 1948 Τουραχάνη,
981 1879 1074 1932 καὶ
1109 1877 1294 1929 πολλοὶ
1314 1875 1422 1927 τῶν
1461 1871 1787 1927 Ἄλϐανιτῶν
1819 1871 1926 1922 ὰπ-

358 1970 720 2038 εκτάνθησαν.
754 1970 861 2020 Καὶ
891 1967 970 2036 τῷ
999 1968 1148 2036 θέρει
1199 1967 1292 2018 τοῦ
1336 1963 1500 2016 αὐτοῦ
1531 1963 1684 2021 έτους
1730 1960 1930 2028 ἔφυγεν

354 2063 382 2112 6
443 2059 869 2121 αὐθεντόπουλος
928 2062 1034 2128 atin
1075 2059 1382 2126 Δημήτριος
1444 2053 1581 2123 μετὰ
1627 2051 1932 2120 Ἰλαρίωνος

355 2151 521 2221 Δόρια
537 2152 630 2204 καὶ
647 2151 921 2219 Γεωργίου
949 2149 1155 2214 ’ῐζαοὺλ
1175 2145 1422 2217 γαμϐροῦ
1439 2143 1532 2198 τοῦ
1552 2143 1716 2196 αὑτοῦ
1743 2143 1928 2210 Δὸρια,

358 2245 448 2296 καὶ
472 2242 714 2311 ἀπῆλθον
741 2243 818 2305 είς
835 2241 924 2294 τὸν
947 2241 1218 2302 Γαλατᾶν,
1251 2239 1336 2291 ἵνα
1359 2237 1616 2303 ὑπάγωσι
1638 2235 1771 2303 πρὸς
1794 2233 1924 2294 τοὺς

355 2336 630 2407 Τούρκους
664 2353 680 2369 ο
713 2334 806 2388 καὶ
835 2333 994 2388 πάλιν
1013 2334 1111 2386 οὒκ
1136 2331 1401 2400 ἀπῆλθον,
1427 2329 1538 2381 ἀλλ’
1562 2331 1642 2390 είς
1669 2325 1768 2395 τὴν
1789 2325 1931 2392 Οὐγ-

363 2428 578 2495 γαρίαν.
602 2428 711 2480 Καὶ
731 2429 798 2496 τῇ
834 2424 896 2478 ιε’
929 2423 1023 2500 τοῦ
1069 2422 1382 2491 Νοεμϐρίου
1407 2418 1503 2472 τοῦ
1536 2415 1720 2486 ,ςῇλβ
1753 2415 1925 2478 ἔτους,

358 2516 509 2586 δ.έ6η
543 2520 572 2570 6
603 2516 854 2584 βασιλεὺς
877 2517 982 2584 acin
1024 2512 1275 2580 Ἰωάννης
1305 2511 1384 2571 εἰς
1431 2510 1529 2577 τὴν
1591 2505 1926 2576 Οὺγγαρίαν,

358 2610 591 2679 ποιήσας
619 2609 884 2676 δεσπότην
913 2607 1001 2660 τὸν
1054 2603 1279 2672 ἀδελφὺν
1311 2602 1474 2656 αὐτοῦ
1539 2600 1629 2654 τὸν
1678 2595 1929 2651 αὑθεντόα

359 2705 559 2756 πουλον
582 2703 687 2772 κῦρ
711 2704 1134 2764 Κωνσταντῖνον,
1163 2702 1256 2752 καὶ¹
1289 2698 1622 2765 καταλείψας
1649 2694 1810 2748 αὐτὸν
1847 2693 1930 2754 εἰς

357 2795 457 2864 τὴν
488 2795 639 2848 πόλιν
683 2796 796 2847 ἀντ’
843 2793 1030 2848 αὐτοῦ.
1085 2794 1165 2862 Τῇ
1224 2791 1278 2843 δὲ
1308 2788 1389 2859 κβ¹
1421 2789 1514 2841 τοῦ
1564 2783 1928 2854 Φεὸρουαρίου

294 2927 314 2939 -
363 2888 530 2958 μηνὸς
558 2887 650 2941 τοῦ
673 2886 838 2940 αὑτοῦ
858 2887 1009 2948 ἔτους
1034 2885 1369 2952 ἐποιήσαμεν
1393 2879 1765 2952 ὁρκωμοτικδν
1789 2876 1927 2943 ἀγάο

360 2999 470 3052 πης
539 2982 675 3050 μετὰ
717 2980 811 3032 τοῦ
857 2979 1045 3049 άμηρᾶ
1109 2959 1432 3045 Ἀμουράτη,
1485 2973 1579 3026 καὶ
1637 2971 1755 3024 τότε
1800 2968 1928 3030 τοὺς

364 3073 622 3144 πρέσϐεις
660 3071 1020 3142 ἠλευθέρωσε.
1053 3068 1184 3121 Τότε
1240 3063 1334 3120 οὖν
1392 3061 1546 3126 αὖθις
1613 3061 1927 3129 ἀπήλθομεν

2027 594 2086 646 τέ
2118 611 2246 647 ποτε
2284 593 2599 664 προαπῆλθε
2631 590 2766 661 πρὸς
2788 589 2877 642 τὸν
2913 590 3132 658 ἀμηρᾶν
3195 589 3286 639 καὶ
3343 586 3482 654 εγνω
3521 585 3602 637 ὅτι

2026 685 2220 754 ἔμελλε
2245 685 2535 755 γενηθῆναι
2563 685 2832 754 ήιὰγάπη,
2865 685 2893 735 6
2925 681 2980 734 at
3003 681 3254 749 Νοταρᾶς
3285 679 3369 730 ἵνα
3409 676 3603 744 τελέσῃ

2026 778 2196 846 αὐτὴν
2224 777 2299 838 ὡς
2320 777 2586 846 χρήσιμος
2615 775 2706 828 καὶ
2728 774 2912 835 καλὸς,
2951 772 3059 840 ἐγὼ
3093 773 3148 825 δὲ
3171 772 3243 834 ὡς
3303 769 3451 836 παρὰ
3500 768 3600 832 τῆς

2027 868 2184 935 ἁγίας
2211 867 2495 935 δεσποίνης
2521 869 2619 935 τῆς
2649 863 2942 931 συγγενοῦς
2995 861 3086 914 τοῦ
3119 859 3312 930 ἁμηρᾶ
3379 859 3444 910 ὲκ
3499 857 3599 924 τῆς

2031 959 2234 1029 μητρὸς
2263 957 2426 1012 αὐτοῦ
2460 957 2783 1018 ἀποσταλείς
2811 971 2825 984 ·
2858 955 2950 1007 καὶ⁵
2970 954 3024 1005 εἴ
3048 971 3102 1006 τι
3127 952 3192 1005 ἂν
3219 951 3411 1019 δεήσῃ,
3465 948 3602 1016 γρά-

2027 1051 2115 1121 ψω
2140 1049 2234 1106 καὶ
2261 1050 2348 1102 διὰ
2383 1048 2650 1117 ὑφειλτῶν
2677 1045 3020 1115 γραμμάτων
3064 1042 3197 1112 πρός
3227 1057 3285 1093 τε
3341 1039 3433 1090 τὸν
3493 1053 3599 1104 γητ

2029 1145 2177 1213 ραιδν
2212 1139 2436 1210 βασιλέα
2462 1139 2554 1193 καὶ
2583 1139 2717 1208 πρὸς
2746 1139 2836 1190 τὸν
2867 1137 2981 1190 υἱὸν
3010 1132 3174 1188 αὑτοῦ
3231 1133 3322 1184 τὸν
3374 1128 3601 1198 βασιλέα

2027 1234 2136 1301 κὺρ
2176 1233 2430 1298 Ἰωάννην
2459 1231 2534 1292 εις
2569 1230 2667 1296 τὴν
2689 1227 3001 1295 Οὑγγαρίαν
3033 1222 3439 1292 εὑρισκόμενον.
3512 1216 3603 1270 Ἐν

2027 1324 2083 1376 δὲ
2121 1323 2197 1391 τῷ
2226 1323 2367 1374 τέλει
2387 1321 2480 1374 τοῦ
2519 1319 2848 1387 Ὀκτωϐρὶου
2879 1316 3038 1386 119
3057 1313 3149 1369 τοῦ
3209 1313 3396 1386 ,ςῶλγν
3448 1311 3604 1370 ἔτους

2027 1413 2323 1480 ἐπανῆλθεν
2349 1412 2439 1475 ἐίς
2472 1411 2568 1480 τὴν
2603 1409 2756 1463 πόλιν
2785 1409 2872 1460 διὰ
2894 1408 2989 1460 τοῦ
3021 1407 3218 1476 μέρους
3251 1403 3354 1472 ,τοῦ
3380 1403 3461 1462 εἰς
3512 1401 3602 1452 τὶν

2033 1507 2248 1574 Ἵστρον
2284 1503 2526 1573 ποταμὸν
2549 1488 2954 1570 δίατερχομένου
2977 1487 3035 1551 ὲν
3055 1496 3207 1566 χώρᾳ.
3250 1495 3360 1548 τινὶ
3384 1491 3598 1556 Κελλίῳ

2027 1593 2480 1664 ὲπονομαζομένῳ
2514 1594 2543 1646 ὁ
2570 1591 2822 1660 βασιλεὺς
2880 1589 2982 1658 κὺρ
3027 1586 3298 1654 Ἰωάννης,
3335 1581 3604 1636 άπελθου-

2029 1688 2137 1741 σῶν
2193 1687 2462 1755 τριήρεων
2525 1684 2634 1736 ἀπὸ
2696 1677 3312 1738 Κωνσταντινουπόλεως
3365 1675 3545 1727 ἐκεῖσε
3584 1687 3598 1700 ·

2029 1777 2350 1848 προέπεμψε
2378 1776 2484 1845 γάρ
2509 1775 2615 1828 ἀπὸ
2634 1774 2943 1840 Οὑγγαρὶας
2977 1772 3260 1838 ἄνθρωπον
3283 1767 3599 1832 ἀλλόγλωσ-

2037 1886 2127 1920 σον
2160 1869 2252 1920 καὶ
2286 1866 2548 1934 ἀλλογενῆ
2580 1864 2674 1916 τοῦ
2701 1864 2875 1916 ἐλθεῖν
2911 1861 2998 1914 διὰ
3027 1861 3199 1928 ξηρᾶς
3256 1857 3393 1925 μετὰ
3416 1872 3608 1907 πιττα-

2037 1960 2152 2013 κίου
2209 1956 2482 2026 ὑφειλτοῦ,
2511 1956 2570 2018 ὃς
2605 1954 2772 2006 ἐλθὼν
2820 1954 3003 2020 ἐζήτει
3053 1951 3187 2003 ίδεῖν
3239 1950 3331 2002 τὸν
3384 1946 3608 2016 βασιλέα

2033 2054 2203 2120 λέγων
2230 2052 2314 2104 ὅτι
2331 2050 2542 2118 ἀνάγκη
2573 2044 2640 2119 ἦν
2667 2045 2815 2114 αὺτῷ
2860 2047 2986 2098 ἰδεῖν
3017 2043 3179 2098 αὑτὸν
3203 2043 3299 2095 καὶ
3349 2041 3608 2110 ὁμιλῆσαι

2034 2142 2130 2195 σὺν
2161 2139 2330 2210 αὐτῷ.
2361 2141 2596 2192 ’Ἄτοπον
2622 2155 2636 2169 ·
2672 2136 2786 2197 πῶς
2825 2135 3046 2187 ἐδύνατο
3099 2131 3340 2185 τοιοῦτον
3395 2129 3607 2198 άνθριυο

2035 2252 2135 2289 παν
2172 2235 2299 2288 ίδείν
2333 2233 2556 2303 βασιλέα
2585 2231 2832 2300 deﬂevi};
2894 2229 3216 2289 κατάκοιτος
3251 2225 3359 2295 γὰρ
3393 2221 3481 2294 ἦν,
3511 2224 3606 2275 καὶ

2036 2326 2194 2394 μόνος
2227 2323 2363 2394 πρὸς
2396 2323 2562 2392 μόνον
2581 2321 2772 2392 ἤθελεν
2811 2323 3040 2387 συνᾶραι
3067 2318 3246 2384 λόγον.
3270 2314 3487 2367 Πολλῶν
3514 2306 3608 2364 οὖν

2032 2417 2203 2484 λόγων
2237 2414 2656 2483 δαπανηθέντων
2693 2412 3000 2480 ἐστάλησαν
3036 2409 3173 2478 πρὸς
3207 2408 3298 2460 τὸν
3323 2405 3609 2474 ἄνθρωπον

2029 2508 2123 2560 δύο
2148 2507 2255 2559 τῶν
2283 2505 2554 2575 σεκρέτων
2584 2507 2679 2558 σὺν
2715 2504 2854 2573 ἐμοὶ,
2895 2503 2989 2554 καὶ
3038 2498 3190 2553 εἶπον
3246 2498 3396 2565 αὐτῷ
3427 2513 3442 2527 ·
3481 2514 3498 2546 ι
3539 2497 3608 2546 Ἥ

2031 2597 2152 2649 εἰπὲ
2180 2596 2208 2648 ὂ
2243 2596 2421 2664 βούλει
2449 2595 2526 2664 τῷ
2560 2595 2812 2664 παρόντι,
2861 2609 2880 2645 ι
2918 2593 3186 2656 δείξαντες
3227 2591 3348 2659 ἐμὲ,
3392 2606 3411 2640 ι
3441 2587 3475 2658 ἦ
3501 2586 3610 2640 άπ-

2032 2689 2152 2740 ελθε
2179 2687 2309 2740 ενθα
2343 2685 2542 2755 βούλει,
2583 2704 2603 2737 r
2641 2686 2806 2755 ἡνίκα
2838 2683 3166 2752 παραλαϐών
3193 2699 3258 2750 με
3315 2679 3434 2733 κατ’
3473 2678 3610 2730 ἰδίαν

2030 2779 2229 2832 δέδωκέ
2263 2795 2352 2846 μοι
2383 2781 2590 2847 χάρτην
2624 2776 2897 2842 ὑφειλτὸν,
2927 2775 2984 2835 ὃς
3041 2771 3312 2841 δεδήλωκέ
3376 2786 3466 2838 μοι
3528 2769 3610 2820 ἔτι

2030 2871 2086 2924 δὲ
2120 2870 2282 2922 πόθεν
2342 2869 2436 2922 καὶ
2481 2868 2613 2920 πότε
2680 2867 2923 2936 ἐξῆλθεν.
2990 2866 3075 2928 Ὠς
3111 2863 3166 2918 δὲ
3223 2862 3507 2931 διὼροωσα
3548 2859 3612 2912 τὸ

2033 2960 2277 3029 ὑφειλτὸν
2337 2960 2430 3013 καὶ
2494 2958 2740 3028 ἀπῆλθον
2798 2956 3102 3022 ἀναγνῶναι
3161 2951 3352 3016 τοῦτο,
3417 2951 3610 3015 ἀνέφε-

2033 3069 2124 3123 ρον
2183 3054 2267 3105 δτι
2328 3051 2474 3120 ζητῶ
2519 3048 2860 3118 εὐεργεσίαν,
2907 3049 3028 3100 ἐπεὶ
3070 3045 3326 3117 χαρίεντα
3382 3041 3608 3112 ἔμελλον

362 3131 644 3244 πρέσϐεις,
675 3131 886 3221 Ᾰουκᾶς
915 3161 940 3210 6
974 3158 1224 3227 Νοταρᾶς
1255 3157 1284 3207 6
1321 3155 1414 3207 καὶ
1471 3152 1696 3223 ὕστερον
1755 3151 1925 3217 μέγας
1953 3147 1997 3208 c
2031 3141 2329 3213 μηνύεσθαι
2355 3141 2443 3194 διὰ
2497 3138 2606 3192 τῶν
2634 3138 2920 3208 ὑφειλτῶν.
2958 3137 3169 3191 Ἐκεῖσε
3211 3135 3302 3186 καὶ¹
3330 3133 3430 3198 τῆς
3496 3131 3588 3183 δε-

363 3240 486 3319 δοὺξ
516 3253 799 3322 γενόμενος
829 3252 922 3304 καὶ
946 3252 976 3303 ὁ
998 3248 1350 3319 Μελαχρηνὸς
1389 3244 1643 3315 Μανουὴλ
1671 3242 1767 3297 καὶ
1793 3240 1924 3312 ἐγὼ,

361 3437 494 3490 bant
532 3430 713 3500 specie
745 3425 1080 3482 simillimum
1110 3437 1233 3478 esse
1263 3419 1472 3476 auctori
1503 3415 1783 3485 religionis
1814 3429 1926 3468 suae

362 3522 654 3580 Malmmeti
683 3538 699 3583 ;
733 3517 1193 3589 quemadmodum
1240 3513 1532 3583 aliquando
1589 3509 1706 3577 ejus
1752 3506 1926 3561 hostis

364 3617 640 3682 Bajazetes
675 3613 743 3667 de
777 3611 964 3666 eodem
989 3609 1280 3663 afﬁrmavit
1305 3624 1319 3660 :
1344 3607 1774 3675 quicunqueuon
1803 3616 1928 3654 nos—

364 3716 446 3761 set
467 3707 867 3773 imperatorem,
886 3713 1006 3755 eum
1029 3709 1204 3754 tamen
1225 3698 1382 3753 esolo
1403 3703 1621 3764 aspectu
1640 3695 1929 3761 imperato-

364 3814 478 3852 rem
501 3796 648 3850 illum
662 3807 782 3848 esse
803 3786 1793 3854 iutellecturu-m.Mustaphopulus.per
1813 3782 1930 3835 dies

367 3886 566 3941 multos
615 3892 836 3953 propter
861 3895 1046 3936 casum
1089 3877 1435 3946 imperatoris
1459 3875 1678 3944 ﬂagitiis
1719 3873 1771 3925 in
1798 3874 1931 3925 urbe

363 3976 684 4046 designatis,
733 3983 1007 4043 postremo
1038 3968 1396 4039 Selymbriam
1445 3979 1618 4033 usque
1650 3963 1805 4024 abiit,
1835 3960 1930 4015 sed

366 4069 492 4122 imle
531 4066 720 4120 statim
753 4051 962 4130 Cpolim
996 4071 1268 4121 reversus,
1312 4055 1539 4109 Prusam
1588 4067 1646 4106 se
1681 4051 1928 4106 contulit.

364 4155 504 4211 Vere
537 4153 697 4223 hujus
730 4152 858 4204 anui
903 4147 1070 4202 frater
1111 4146 1228 4214 ejus
1255 4145 1308 4197 in
1351 4143 1479 4197 Asia
1508 4140 1770 4194 adversus
1806 4150 1929 4190 eum

365 4249 643 4320 profectus
674 4253 757 4297 est
810 4241 1194 4308 proditumque
1233 4249 1262 4287 ο
1293 4234 1408 4289 suis
1447 4240 1620 4286 morte
1655 4229 1927 4284 multavit.

431 4343 524 4398 40.
554 4340 738 4394 Mense
769 4334 909 4388 Maio
955 4334 1200 4400 ejusdem
1231 4330 1356 4383 anni
1393 4337 1618 4395 captum
1643 4335 1728 4378 est
1761 4334 1789 4377 ο
1819 4320 1930 4375 Τυ-

365 4435 599 4488 rachaue
635 4427 995 4483 Hetamilium
1029 4421 1141 4476 sive
1169 4422 1407 4475 Isthmus
1443 4415 1834 4484 Peloponnesi,
1865 4428 1929 4468 ac

2031 3233 2256 3303 σποίνης
2291 3231 2658 3302 καθεζομένης
2715 3232 2810 3283 καὶ
2854 3232 2951 3301 τῆς
2997 3228 3213 3298 νύμφης
3265 3225 3461 3295 αὐτῆς.
3509 3221 3605 3275 τοῦ

2033 3425 2177 3467 taras
2192 3410 2258 3465 ad
2275 3409 2655 3478 perﬁciendam
2672 3422 2792 3464 eam
2826 3409 2880 3461 in
2902 3406 3089 3474 primis
3111 3404 3259 3461 utilis
3293 3412 3346 3459 et
3377 3402 3610 3457 idoneus

2030 3519 2152 3558 csse
2179 3502 2490 3565 videbatur,
2531 3508 2587 3557 et
2623 3515 2722 3570 ego
2747 3508 2977 3553 asancta
2997 3498 3276 3565 despueua,
3307 3508 3425 3562 quae
3442 3507 3472 3546 a
3491 3509 3607 3544 ma-

2034 3598 2188 3645 terno
2225 3603 2422 3657 genere
2443 3589 2541 3658 ipsi
2577 3602 2774 3642 amera':
2797 3595 3027 3655 cognata
3061 3585 3180 3648 fuit,
3202 3584 3400 3635 missus
3429 3595 3604 3642 eram,

2031 3683 2119 3736 cui
2188 3681 2354 3734 etiam
2408 3681 2516 3734 hoc
2540 3693 2734 3732 munus
2761 3678 2947 3731 datum
2979 3684 3082 3740 est,
3114 3684 3190 3739 ut,
3242 3674 3288 3728 si
3313 3672 3442 3741 quid
3468 3686 3606 3738 npus

2030 3771 2192 3835 foret,
2215 3769 2409 3824 litteris
2431 3768 2484 3821 id
2511 3768 2882 3835 consignatum
2912 3768 2978 3819 ad
3011 3766 3384 3833 imperatorem
3419 3776 3604 3816 senem

2032 3872 2086 3916 et
2108 3861 2277 3915 ﬁlium
2301 3861 2441 3928 ejus,
2465 3857 2726 3912 Joannem
2750 3859 3159 3925 imperatorem,
3185 3855 3238 3907 in
3273 3852 3606 3922 liungariun

2032 3955 2494 4024 perscriberetur.
2531 3951 2778 4004 Exeunte
2794 3958 2974 4002 autem
3006 3946 3228 4003 Octobri
3256 3961 3446 4000 mense
3478 3949 3604 3998 annl

2032 4046 2190 4110 6935,
2225 4058 2319 4114 per
2351 4044 2650 4112 regionem,
2672 4040 2759 4096 cui
2789 4039 2942 4095 Cellii
2971 4054 3168 4094 nomen
3195 4045 3296 4104 est,
3318 4039 3382 4090 ad
3408 4035 3604 4090 Istrum

2033 4138 2252 4192 ﬂuvium
2283 4135 2674 4204 pertinentem,
2706 4133 3001 4199 imperator
3029 4129 3270 4185 Joannes
3324 4129 3377 4182 in
3415 4128 3605 4182 urbem

2034 4243 2286 4287 reversus
2311 4235 2416 4295 est,
2441 4228 2620 4282 missis
2643 4225 2752 4280 illic
2781 4225 2931 4294 Cpoli
2988 4225 3324 4278 triremibus.
3377 4224 3604 4277 Praemi-

2031 4332 2180 4378 serat
2203 4321 2348 4378 enim
2369 4337 2433 4376 ex
2456 4320 2732 4392 ﬂungario
2753 4318 2992 4373 Joannes
3044 4316 3318 4372 hominem
3357 4317 3606 4385 peregri-

2033 4433 2158 4470 num
2173 4425 2222 4471 et
2244 4416 2529 4485 peregrina
2553 4422 2790 4467 utentem
2813 4413 3021 4480 lingua,
3043 4411 3276 4480 quicum
3299 4409 3491 4462 tabella
3513 4411 3608 4463 Gil-.-

365 4526 515 4580 multi
545 4541 610 4578 ex
639 4521 900 4576 Albanitls
924 4517 1090 4573 'occisi
1119 4524 1258 4570 sunt.
1280 4513 1490 4567 Aistate
1509 4510 1752 4578 sequenti
1775 4507 1924 4576 prin-
1961 4487 2004 4541 Β
2032 4509 2246 4575 signata
2287 4509 2531 4561 terrestri
2554 4506 2638 4558 via
2665 4505 2718 4558 in
2739 4504 2925 4559 urbem
2944 4503 3401 4572 proﬁcisceretur.
3429 4499 3498 4564 Is,
3519 4499 3608 4552 ubi

364 4631 490 4688 ccps
521 4614 826 4668 Demetrius
856 4624 977 4663 cum
1009 4608 1288 4662 llilarione
1345 4604 1506 4658 Doria
1540 4611 1593 4656 ct
1621 4600 1787 4668 hujus
1833 4613 1928 4669 ge-

365 4722 520 4770 nero,
557 4703 790 4772 Georgio
817 4701 1068 4763 Hizaulo,
1101 4699 1360 4766 profugus
1392 4695 1638 4750 Galatam
1680 4691 1848 4752 venit,
1871 4697 1930 4742 ut

361 4801 427 4852 ad
457 4796 667 4851 Turcas
696 4793 907 4847 abirent
935 4807 949 4844 :
984 4790 1050 4842 ad
1102 4802 1238 4855 quos
1261 4795 1439 4840 tamen
1463 4797 1574 4837 non
1641 4790 1927 4845 venerunt,

361 4889 454 4941 sed
487 4885 540 4940 in
573 4881 906 4951 llungariam
947 4876 1174 4946 profecti
1204 4883 1354 4930 sunt.
1379 4874 1477 4927 Die
1500 4872 1712 4926 decimo
1734 4871 1928 4939 quinto

363 4976 708 5041 Novembris,
742 4987 886 5028 anno
910 4969 1072 5034 6932,
1115 4969 1418 5037 imperator
1441 4965 1677 5018 Joannes
1704 4963 1758 5016 in
1781 4961 1930 5015 Hun-

363 5069 569 5138 gariam
615 5064 854 5124 transiit,
913 5062 1130 5128 despota
1187 5057 1334 5111 facto
1363 5065 1417 5110 et
1475 5057 1530 5110 in
1558 5055 1692 5110 urbe
1741 5054 1930 5107 relicto

363 5159 530 5211 fratre
555 5152 936 5214 Constantino,
967 5151 1057 5218 qui
1094 5163 1254 5204 suum
1314 5146 1530 5202 interim
1568 5146 1747 5199 locum
1780 5153 1930 5199 tene-

360 5255 468 5303 ret.
496 5247 590 5301 Die
618 5245 880 5299 vicesimo
913 5243 1155 5297 secundo
1199 5238 1478 5293 Februarii
1509 5237 1752 5303 ejusdem
1801 5234 1927 5289 anni

363 5339 656 5392 amicitiam
697 5345 1040 5390 sacramento
1097 5330 1432 5385 firmavimus
1485 5344 1609 5383 cum
1663 5329 1929 5380 Amurate

361 5443 569 5494 amera,
597 5429 687 5498 qui
714 5429 920 5496 legatos
946 5424 1058 5493 jam
1087 5424 1289 5479 liberos
1316 5422 1546 5476 dimisit.
1572 5420 1708 5474 Tum
1738 5434 1930 5473 rursus

365 5522 524 5592 legati
561 5523 709 5576 missi
736 5534 951 5583 sumus,
976 5517 1150 5571 Lucas
1181 5516 1436 5581 Notaras,
1476 5516 1567 5584 qui
1602 5522 1788 5583 postea
1811 5527 1926 5566 ma-

363 5630 499 5683 gnus
525 5615 632 5668 dux
667 5614 840 5669 factus
869 5622 974 5675 est,
1017 5610 1228 5665 Manuel
1293 5609 1670 5664 Melachrenus
1720 5615 1773 5660 et
1807 5599 1936 5674 ego,

364 5715 644 5774 propterea
687 5708 827 5775 quod
861 5703 1232 5758 Melachrenus
1258 5703 1368 5772 jam
1405 5701 1554 5769 prius
1593 5701 1659 5752 ad
1690 5711 1926 5751 emeram

360 5803 581 5851 venerat
597 5810 890 5864 pacemque
917 5808 1031 5848 esse
1051 5801 1435 5848 conventuram
1459 5786 1930 5857 cognoveranNn-o

2029 4598 2266 4662 advenit,
2296 4598 2676 4667 imperatorem
2700 4595 2885 4648 videre
2903 4594 3174 4662 cupiebat,
3195 4590 3493 4653 afﬁrmans,
3517 4605 3610 4642 ne-.

2027 4701 2181 4743 cesse
2213 4701 2353 4753 esse,
2392 4695 2451 4740 ut
2471 4685 2674 4741 videret
2699 4699 2824 4739 eum
2854 4693 2909 4737 et
2943 4698 3069 4738 cum
3087 4697 3154 4738 eo
3179 4681 3604 4750 colloqueretur.

2028 4784 2096 4837 At
2125 4783 2270 4838 enim
2300 4797 2408 4851 quo
2440 4789 2599 4851 pacto
2653 4781 2770 4834 ﬁeri
2813 4787 3046 4848 poterat,
3100 4786 3158 4831 ut
3185 4778 3601 4844 imperatorem,

2029 4875 2122 4944 qui
2145 4883 2380 4945 aegrotus
2425 4863 2802 4937 decumbebat,
2857 4871 2960 4925 iste
3010 4869 3176 4923 homo
3197 4865 3512 4922 conveniret
3550 4873 3607 4918 ct

2029 4968 2197 5033 solus,
2228 4965 2280 5020 id
2303 4964 2446 5034 quod
2469 4963 2701 5029 volebat,
2729 4979 2852 5018 cum
2871 4977 2934 5016 eo
2955 4962 3228 5016 conferret
3259 4955 3607 5013 sermonem?

2032 5059 2246 5128 Itaque,
2315 5072 2441 5111 cum
2467 5056 2692 5110 multum
2726 5063 2870 5110 esset
2896 5055 3283 5122 disceptatum,
3337 5050 3486 5103 missi
3540 5049 3612 5109 ad

2031 5165 2151 5225 eum
2185 5150 2314 5203 sun‘t
2345 5164 2556 5204 mecum
2613 5150 2721 5203 duo
2769 5147 2868 5201 viri
2930 5143 3299 5214 imperatoria
3353 5139 3609 5201 secretis,

2032 5242 2122 5311 qui
2155 5242 2226 5296 ita
2252 5257 2376 5297 eum
2405 5240 2803 5310 compellarunt
2831 5255 2847 5293 :
2883 5255 2902 5289 ι
2937 5237 3047 5292 Aut
3077 5236 3253 5306 aperi,
3286 5233 3414 5303 quid
3448 5231 3604 5292 velis,

2032 5333 2159 5387 huic
2191 5332 2308 5387 viro
2347 5351 2366 5384 ›
2395 5331 2504 5402 (me
2531 5341 2716 5385 autem
2740 5327 3237 5395 demonstrabant),
3276 5343 3295 5375 ι
3362 5330 3455 5376 aut
3487 5320 3600 5378 abi.

2031 5441 2139 5492 quo
2179 5425 2324 5479 libet.
2359 5443 2377 5474 ι
2409 5423 2501 5477 δίο
2537 5423 2754 5478 tandem
2785 5421 3012 5477 seducto
3077 5418 3210 5472 mihi
3247 5416 3457 5482 litteras
3494 5423 3605 5464 tra-

2030 5516 2168 5569 didit
2187 5516 2521 5585 obsignatas,
2559 5530 2589 5568 e
2617 5515 2816 5582 quibus
2845 5512 3031 5574 didici,
3066 5511 3208 5564 unde
3257 5514 3312 5560 et
3346 5517 3452 5569 quo
3473 5511 3610 5554 tem-

2035 5621 2165 5677 pore
2200 5607 2438 5662 Joannes
2467 5607 2833 5660 discessisset.
2864 5602 3067 5656 Deinde
3099 5611 3221 5654 cum
3247 5595 3479 5648 abissem
3535 5591 3604 5644 ad

2036 5700 2342 5754 recitandas
2380 5713 2496 5762 eas,
2574 5699 2856 5766 praemium
2895 5711 2980 5748 me
3011 5697 3335 5758 exspectare
3385 5681 3604 5750 signiﬁ-

2030 5789 2169 5856 cavi,
2201 5799 2262 5845 ut
2294 5791 2385 5859 qui
2438 5791 2621 5843 laetum
2651 5787 2898 5841 nuntium
2935 5795 3109 5836 essem
3143 5777 3422 5829 allaturus.
3455 5768 3603 5824 Con.
