4096 6300
330 835 342 843 ,
440 770 665 854 ξόμενον
711 784 937 837 Κελλίον
987 785 1143 853 120
1186 784 1276 835 καὶ
1332 784 1532 853 ἄρασαι
1584 784 1747 836 αὐτόν
1776 784 2003 853 φέρωσι.

442 299 551 365 735
1655 296 1978 360 GEORGII
2010 298 2435 363 PHRANTZE
3577 300 3692 364 736

440 419 702 473 δεσπότου
729 417 953 479 ἀπόντος
980 418 1059 479 είς
1092 414 1153 467 τδ
1176 416 1457 482 κυνήγιον,
1510 418 1663 483 κᾶγω
1726 416 2006 483 ἀνέγνωσα
2034 413 2082 475 Α
2106 415 2363 469 δέσποινα
2383 416 2469 468 ἵνα
2497 414 2718 487 σηρικὸν
2747 415 2949 484 ἔνδυμα
2981 416 3329 486 προσφέρωσι
3366 433 3456 485 μοι
3510 418 3689 471 καλὸν

441 513 531 565 τὸν
566 513 791 583 χάρτην,
822 512 914 563 καὶ
938 510 1261 572 ἀκούσαντες
1293 510 1374 561 ὅτι
1405 509 1634 576 ὑγιαίνει
1669 512 1761 562 καὶ
1785 511 2006 580 ἔμελλεν
2110 508 2369 577 πράσινον
2400 510 2491 561 καὶ
2524 509 2829 579 νομίσματα
2861 511 3218 578 πεντήκοντα,
3244 513 3277 580 ἡ
3318 511 3374 563 δὲ
3406 512 3501 563 νέα
3556 513 3686 564 δέσ-

440 605 615 657 ὲλθεῖν
643 604 818 665 καλῶς
852 603 930 664 είς
966 603 1033 655 τὰ
1058 603 1181 671 περὶ
1216 602 1312 671 τὴν
1346 603 1584 669 μεγάλην
1610 601 1860 671 Βλαχὲαν,
1914 605 2007 655 καὶ
2108 617 2268 653 ποινα
2297 602 2580 668 μηνύσασα
2618 618 2707 669 μοι
2737 603 2817 654 δτι
2846 601 2904 654 τὸ
2932 602 3075 654 δεῖνα
3104 602 3268 670 αὐτῆς
3300 601 3507 669 ἔνδυμα
3542 604 3680 673 ἔση-

441 698 588 757 ὂπως
622 695 894 748 ἀπέλῢωσι
925 695 1169 764 τριήρεις
1192 696 1270 756 είς
1302 695 1392 745 τὸν
1421 694 1582 745 τόπον
1612 694 1705 747 τὸν
1741 696 2009 762 ἔπονομα-
2107 706 2195 741 ται
2218 692 2282 758 τῇ
2308 690 2439 759 ἐμοῦ
2462 690 2718 758 συνεύνῳ,
2746 692 2873 744 ὅταν
2918 693 3137 758 γυναικὶ
3170 691 3548 760 συναρμοσθῶ,
3577 694 3682 745 xei.

2109 781 2354 848 χρυσίνοι
2379 783 2813 852 τεσσαράκοντα.

2178 872 2255 940 Τῇ
2283 872 2336 923 δὲ
2378 870 2461 924 κα¹
2508 873 2602 925 τοῦ
2671 875 2885 926 Ἰουλίου
2936 875 3101 944 μηνὸς
3144 876 3239 928 τοῦ
3296 875 3457 929 αὑτοῦ
3520 877 3683 939 ἔτους

2108 965 2429 1034 κεκοίμηται
2458 965 2485 1016 ὁ
2518 968 2574 1018 ὲν
2597 969 2659 1035 τῇ
2689 967 2932 1037 μακαρίᾳ
2984 970 3045 1034 τῇ
3079 968 3230 1036 λήξει
3277 968 3516 1036 ἀοίδιμος
3575 969 3681 1020 καὶ

439 878 719 948 ἐχάρησαν
754 878 890 932 λίαν.
926 879 1034 932 Καὶ
1066 879 1205 947 μετὰ
1249 884 1439 947 μικρὸν
1480 878 1743 940 κελεύσας
1785 881 1811 932 ό
1853 880 2005 949 βασι-

442 970 570 1041 λεὺς
601 971 688 1022 τὸν
722 970 1115 1039 ίμα-οφύλακα,
1147 969 1311 1023 ἔδωκέ
1355 987 1443 1038 μοι
1487 970 1739 1023 καὸάδιον
1792 971 2007 1037 μολιὸὸν

439 1064 719 1131 χαμουχὰν
756 1062 895 1128 μετὰ
923 1061 1296 1130 βαρεοκοιλίας
1350 1060 1696 1127 ἐνδεδυμένον
1752 1063 1846 1113 καὶ⁸
1876 1078 2008 1131 χρυ-

444 1155 559 1205 σίου
590 1155 959 1223 κεντηνάρνον,
986 1153 1064 1205 ἔτι
1096 1153 1151 1205 δὲ
1178 1154 1268 1204 καὶ
1298 1154 1389 1205 τὸν
1437 1154 1721 1209 κάλλιστον
1771 1155 2009 1221 γλωσσό-

440 1259 607 1312 κομον
630 1246 720 1296 τὸν
768 1245 943 1313 μέγαν
971 1245 1062 1296 καὶ
1090 1244 1306 1314 ὡραῖον,
1332 1247 1391 1298 ὃν
1419 1247 1522 1314 πέρ
1565 1246 1682 1299 ποτ’
1703 1248 1835 1316 ἐμοῦ
1883 1248 2005 1316 ἑξή-

442 1351 523 1385 τει
547 1347 560 1362 ⁸
598 1330 708 1402 εἶχε
732 1335 839 1401 γὰρ
864 1335 945 1385 ὅδε
978 1337 1003 1383 ὁ
1025 1336 1406 1405 γλωσσόκομος
1453 1336 1599 1388 ἔνδον
1627 1338 1841 1406 λάφυρα
1880 1339 2006 1403 ἄξια

443 1422 567 1483 θέας
592 1424 763 1475 πολλὰ
784 1424 875 1476 καὶ
903 1407 1042 1477 καλὰ
1065 1424 1155 1475 καὶ
1177 1424 1340 1493 ἔτερα
1366 1424 1477 1493 εἴδη
1507 1425 1806 1492 Θαυμάσια,
1864 1427 2006 1496 ἅπερ

441 1512 716 1582 ὲδώθησαν
746 1514 972 1584 βστερον
1008 1516 1143 1584 μετὰ
1171 1516 1267 1583 τὴν
1292 1513 1602 1584 ἀποδημίαν
1626 1516 1788 1568 αὐτοῦ
1817 1518 1880 1569 ἐκ
1907 1517 2006 1585 τῆς

438 1604 593 1655 ἔνθεν
618 1604 787 1671 ζωῆς,
817 1606 885 1657 τὰ
917 1604 1014 1673 μὲν
1040 1607 1149 1668 τοῖς
1178 1607 1312 1667 υἱοῖς
1347 1605 1535 1673 αὑτοῦ,
1567 1607 1634 1658 τὰ
1673 1606 1727 1658 δὲ
1752 1609 1889 1676 ὑπὲρ
1911 1609 2005 1677 τῆς

2108 1054 2335 1123 εὐσεϐὴς
2361 1055 2613 1124 βασιλεὺς
2646 1058 2750 1126 κὺρ
2814 1058 3093 1125 Μινουὴλ,
3145 1057 3200 1120 ὃς
3241 1057 3327 1110 διὰ
3382 1058 3475 1111 τοῦ
3524 1058 3676 1111 Θείου

2109 1146 2201 1197 καὶ
2241 1146 2531 1212 ἁγγελικοῦ
2569 1148 2844 1215 σχήματος
2870 1148 3261 1218 μετωνομάσθη
3306 1149 3411 1217 πρὸ
3448 1150 3677 1218 ἡμερῶν

2107 1238 2198 1289 δύο
2232 1238 2329 1306 τῆς
2367 1237 2531 1306 θανῆς
2563 1239 2725 1290 αὐτοῦ
2758 1239 3033 1301 Ματθαῖος
3070 1240 3301 1308 μοναχός
3333 1255 3348 1269 ·
3378 1242 3465 1293 καὶ
3493 1242 3674 1310 ἐτάφη

2108 1327 2166 1382 ἐν
2197 1330 2261 1396 τῇ
2300 1328 2570 1397 σεϐασμίᾳ
2605 1328 2855 1397 βασιλικῇ
2884 1330 2978 1381 καὶ
3035 1330 3354 1397 περικαλλεῖ
3388 1332 3520 1399 μονῇ
3572 1331 3672 1381 τοῦ

2109 1420 2585 1489 Παντοκράτορος,
2622 1423 2757 1488 μετὰ
2789 1420 3017 1482 πένθους
3047 1421 3143 1472 καὶ
3171 1420 3471 1490 συνδρομῆς
3492 1420 3577 1472 οἷα
3602 1422 3667 1472 οὗ

2108 1513 2293 1578 γέγονε
2332 1513 2549 1564 πώποτε
2608 1513 2744 1580 πρός
2806 1530 2921 1565 τινα
2973 1512 3077 1564 τῶν
3126 1512 3321 1566 ἄλλων.
3387 1508 3564 1565 Ἦσαν
3610 1513 3674 1566 δὲ

2110 1606 2278 1657 πᾶσαι
2312 1606 2366 1656 al.
2393 1605 2595 1673 ἡμέραι
2625 1604 2721 1672 τῆς
2762 1604 2907 1673 ζωῆς
2938 1603 3101 1657 αὐτοῦ
3156 1604 3250 1674 ἔτη
3280 1601 3355 1667 οξ
3396 1604 3487 1656 καὶ
3535 1605 3677 1672 ήμέσ

440 1693 602 1759 ἁγίας
655 1693 835 1762 ψυχῆς
880 1694 1065 1749 αὑτοῦ.
1125 1694 1327 1748 Τοῦτον
1392 1696 1501 1764 γὰρ
1534 1696 1624 1749 τδν
1664 1698 1863 1766 ὡραῖον
1913 1700 2006 1751 καὶ
2036 1735 2081 1794 Β
2112 1714 2199 1763 ραι
2233 1702 2331 1758 κε’,
2377 1696 2434 1760 ἐξ
2489 1689 2563 1749 ὧν
2616 1695 2962 1749 ἐϐασίλευσεν
3020 1696 3114 1764 ἔτη
3147 1696 3241 1749 δύο
3273 1696 3368 1749 καὶ
3402 1699 3675 1764 τεσσαρά-

440 1783 752 1853 Οαυμαστὺν
777 1786 1159 1857 γλωσσόκομον
1192 1787 1296 1839 ἀπὸ
1316 1788 1506 1856 καιροῦ
1529 1790 1778 1858 ὠρέχθην
1806 1789 1965 1842 αὐτόν
1992 1807 2005 1820 ⁸

376 1930 381 1935 ,
438 1872 518 1925 διὸ
552 1873 694 1937 ἔδοξέ
737 1892 826 1944 μοι
857 1875 1087 1945 ζητῆσαι
1106 1875 1313 1942 τοῦτον,
1336 1877 1586 1946 δεόμενος
1629 1876 1703 1947 τῷ
1760 1877 2002 1948 βασιλεῖ·

438 1966 466 2016 ό
497 1965 554 2018 δὲ
581 1966 911 2036 ἀπεκρίνατό
938 1983 1026 2035 μοι
1054 1967 1136 2019 ὅτι
1168 1967 1341 2027 Αὐτὸς
1366 1968 1393 2018 ό
1427 1967 1808 2035 γλωσσόκομος
1830 1967 2009 2035 ὑπῆρ-

438 2071 531 2123 χεν
565 2053 658 2106 τοῦ
700 2055 906 2122 πατρός
941 2072 1042 2122 μου
1083 2055 1175 2107 τοῦ
1235 2054 1516 2124 βασιλέως,
1583 2057 1675 2108 καὶ
1726 2058 1781 2107 ἐν
1834 2056 2004 2125 αὐτῷ,

436 2141 509 2204 ὡς
536 2137 705 2207 οἶδας,
744 2139 856 2212 εἶχε
884 2144 1051 2195 πολλὰ
1084 2143 1221 2195 καλὰ
1273 2143 1490 2213 λάφυρα
1516 2146 1607 2196 καὶ
1633 2142 1811 2207 λίθους
1845 2144 2009 2195 πολυ-

437 2233 629 2301 τίμους
644 2234 735 2286 καὶ
756 2234 917 2304 ἔτερα
945 2236 1169 2286 πλεῖστα
1201 2234 1452 2303 βασιλικὰ
1483 2234 1619 2302 εἴδη,
1671 2233 1893 2285 πλείονα
1931 2227 2006 2288 ὧν

437 2318 607 2386 οἶδας.
679 2324 819 2390 Ἐγὼ
864 2325 919 2376 δὲ
984 2324 1146 2376 πάλιν
1188 2323 1324 2375 Θέλω
1366 2324 1711 2391 δωρήσασθαι
1742 2324 1901 2375 αὑτὸν
1930 2323 2006 2392 τῷ

441 2416 650 2484 βασιλεῖ
669 2417 746 2485 τῷ
779 2415 878 2484 υίῷ
902 2432 1026 2484 μου.
1061 2415 1148 2467 ἵνα
1180 2434 1237 2467 εν
1271 2414 1419 2482 αὐτῷ
1449 2413 1548 2486 ἔχῃ
1583 2416 1832 2476 κάκεῖνος
1867 2414 2007 2484 μετά

437 2507 540 2575 τῆς
563 2508 726 2576 εὐχῆς
761 2506 928 2560 αὐτοῦ
960 2508 1051 2560 καὶ
1076 2506 1210 2576 ἐμοῦ
1234 2505 1302 2558 τὰ
1327 2506 1538 2559 ἑαυτοῦ.
1573 2506 1684 2557 Καὶ
1711 2505 2005 2574 ἀπέπεμψέ

442 2613 507 2665 με
532 2613 544 2624 ·
575 2598 669 2649 καὶ
701 2598 821 2650 τότε
854 2597 940 2650 διὰ
970 2598 1066 2659 τὰς
1104 2597 1344 2666 χρηστὰς
1370 2595 1650 2663 ἀγγελίας,
1683 2595 1748 2658 ἃς
1775 2597 2007 2664 ἐκόμισα

442 2688 610 2756 αὐτῷ,
641 2687 969 2758 προσέταξεν
1001 2689 1086 2741 ἵνα
1112 2688 1259 2741 λάϐω
1285 2688 1372 2740 τὸν
1431 2689 1717 2759 εἰρημένον
1768 2687 2008 2754 γλωσσό-

440 2798 631 2847 κομον,
663 2781 721 2832 ὃν
742 2782 833 2833 καὶ
860 2782 1066 2850 ἔσχηκα
1103 2780 1239 2849 μετὰ
1286 2782 1385 2849 τῆς
1434 2781 1590 2846 ἁγίας
1640 2780 1803 2832 αὐτοῦ
1841 2780 2009 2848 εὐχῆς

441 2873 622 2941 πλήρη
679 2871 891 2924 πολλῶν
945 2874 1230 2941 χρησίμων
1284 2874 1379 2927 καὶ
1426 2874 1626 2941 τιμίων
1671 2872 2008 2940 πραγμάτων

440 2964 630 3016 τούτου
658 2963 751 3016 τοῦ
785 2965 1014 3033 ματαίου
1046 2964 1185 3034 βίου,
1217 2960 1520 3018 κελεύσασα
1554 2966 1634 3017 ἔτι
1661 2965 1756 3019 καὶ
1789 2965 1942 3033 121
1973 2966 2005 3031 ἡ

440 3142 679 3197 sidentes
748 3143 817 3196 ibi
855 3142 1168 3209 imperatrix
1217 3152 1272 3200 et
1308 3143 1413 3198 lilia
1469 3144 1864 3215 ejus,‘absente
1916 3158 2007 3197 ve-

444 3234 605 3287 nandi
639 3248 801 3287 causa
848 3235 1194 3303 imperatore,
1243 3252 1361 3290 cum
1406 3251 1506 3305 ego
1563 3238 1771 3292 litteras
1815 3220 2006 3305 praele-

446 3328 666 3395 gissem,
722 3342 970 3395 magnam
1037 3343 1103 3382 ex
1129 3328 1196 3383 iis
1243 3329 1574 3396 voluptatem
1627 3338 2007 3398 perceperunt,

445 3418 643 3485 quippe
672 3433 702 3471 e
733 3420 928 3488 quibus
965 3420 1255 3483 discerent,
1285 3420 1548 3475 Joannem
1598 3422 1734 3475 bona
1776 3422 1852 3474 uti
1901 3438 2005 3478 .va-

445 3508 681 3563 lctudine
708 3518 761 3562 et
802 3510 852 3563 in
889 3524 1135 3578 magnam
1170 3511 1443 3564 Blachiam
1490 3512 1860 3578 profecturum
1889 3526 2008 3566 esse

447 3609 608 3669 atque
640 3617 860 3672 cupere,
887 3612 944 3657 ut
974 3604 1024 3656 in
1065 3604 1363 3673 regionem,
1400 3604 1625 3657 Cellium
1660 3619 1781 3672 qua:
1826 3605 2008 3674 appel-

448 3692 610 3757 latur,
644 3692 988 3746 mitterentur
1010 3693 1281 3758 triremes,
1310 3708 1430 3761 qua:
1452 3708 1511 3748 se
1533 3694 1839 3762 reciperent
1866 3704 1919 3749 et
1955 3696 2007 3747 in

450 3782 633 3836 urbem
658 3784 1002 3838 reducerent.
1060 3784 1137 3837 Ac
1182 3784 1333 3843 brevi
1384 3792 1506 3852 post
1567 3784 1863 3853 imperator
1914 3800 2010 3853 per

449 3872 760 3939 perfectum
782 3873 1227 3928 vestimentorum
1257 3875 1480 3929 donavit
1519 3876 1647 3930 mihi
1683 3885 1887 3931 vestem
1918 3890 2008 3930 se-

451 3964 616 4016 ricam
649 3965 919 4033 egregiam
950 3975 1005 4020 et
1038 3969 1408 4021 centenarium
1442 3969 1583 4031 auri,
1609 3977 1771 4038 atque
1824 3984 2009 4023 arcam

450 4055 671 4123 insuper
688 4056 989 4110 vestiariam
1025 4058 1255 4126 amplam
1277 4068 1328 4113 et
1354 4060 1491 4113 mire
1516 4058 1813 4126 pulchram,
1850 4074 2010 4128 quam

450 4145 576 4200 olim
610 4146 741 4199 mihi
788 4158 1153 4202 recusaverat.
1211 4151 1537 4205 Continebat
1582 4151 1729 4204 enim
1779 4166 1840 4206 ea
1886 4164 2011 4204 arca

451 4240 674 4294 multam
701 4240 1094 4309 supellectilem
1136 4241 1253 4294 visu
1301 4242 1519 4308 dignam
1548 4251 1601 4294 et
1661 4242 2007 4309 praeclaram,

454 4330 695 4400 aliasque
726 4346 813 4386 res
848 4330 1150 4393 mirabiles,
1181 4345 1300 4397 quae
1334 4329 1593 4397 deinceps
1622 4340 1742 4397 post
1802 4331 2009 4385 obitum

2110 1805 2294 1841 κοντα.

2181 1871 2347 1939 Οὗτος
2368 1873 2459 1930 οὖν
2491 1878 2518 1929 ὁ
2552 1877 2805 1947 βασιλεὺς
2836 1880 2939 1947 κὺρ
2968 1876 3226 1950 Μανδυὴλ
3251 1881 3466 1949 πρῶτον
3495 1882 3669 1948 θυγα-

2109 1968 2243 2035 τέρα
2269 1967 2522 2035 ὲγέννησε
2552 1966 2650 2036 τὴν
2689 2004 2702 2019 .
2750 2007 2764 2020 .
2810 2005 2825 2021 .
2869 2004 2885 2019 .
2926 2006 2939 2019 .
2982 2007 2998 2030 ,
3058 1962 3175 2018 εἷτα
3240 1968 3670 2033 Κωνσταντίνον,

2123 2054 2371 2123 Ἰωάννην
2406 2058 2493 2107 τὸν
2523 2056 2745 2125 βασιλέα
2770 2059 2864 2109 καὶ
2895 2057 3235 2127 Ἀνδρόνικον
3257 2058 3348 2111 τὸν
3386 2058 3669 2127 δεσπότην,

2108 2145 2201 2196 καὶ
2268 2146 2539 2215 Θυγατέρα
2591 2138 2853 2215 δέυτέραν
2895 2147 2992 2216 τὴν
3030 2188 3044 2199 .
3088 2188 3099 2201 .
3139 2188 3151 2201 .
3190 2187 3202 2200 .
3252 2188 3265 2202 .
3312 2186 3327 2201 .
3363 2188 3376 2211 ,
3405 2148 3675 2217 Θεόδωρον

2107 2236 2195 2289 τὸν
2225 2235 2485 2305 δεσπότην
2508 2238 2602 2289 καὶ
2648 2240 3170 2308 πορφυρογέννητον,
3203 2240 3419 2309 Μιχαὴλ
3450 2240 3540 2291 τὸν
3576 2240 3676 2292 αῦ-

2110 2326 2481 2391 θεντόπουλον,
2540 2329 2945 2383 Κωνσταντίνον
2988 2330 3079 2381 τὸν
3142 2329 3395 2399 δεύτερον
3432 2332 3521 2383 τὸν
3580 2335 3675 2384 καὶ

2110 2416 2331 2485 βασιλέα
2384 2417 2707 2488 γενόμενον,
2752 2421 3065 2490 Δημήτριον
3114 2421 3203 2472 τὸν
3256 2421 3521 2491 δεσπότην
3578 2424 3673 2474 καὶ

2108 2512 2308 2577 Θωμᾶν
2346 2512 2438 2563 τὸν
2467 2512 2753 2580 δεσπότην.
2782 2514 2896 2566 Ζῶν
2925 2514 2980 2565 δὲ
3008 2515 3036 2566 ό
3065 2513 3315 2582 βασιλεὺς
3356 2515 3452 2566 καὶ
3487 2514 3666 2583 πατὴρ

2107 2602 2285 2654 αὐτῶν
2308 2603 2610 2672 διεμέρισεν
2662 2604 2876 2673 ἑκάστῳ
2918 2604 3121 2657 τούτων
3179 2605 3369 2658 τούσδε
3422 2607 3547 2668 τοὺς
3589 2608 3677 2658 τό·

2111 2708 2262 2753 πους.
2296 2692 2363 2745 δι’
2393 2692 2458 2762 ἦν
2481 2694 2661 2747 αἰτίαν
2690 2696 2786 2746 καὶ
2836 2695 2977 2763 μέγα
3009 2694 3163 2762 122
3224 2697 3392 2748 κακὸν
3455 2695 3675 2762 προεξέ-

2109 2799 2236 2847 νησε
2264 2785 2327 2851 τῇ
2361 2783 2469 2835 τῶν
2507 2784 2792 2853 Ῥωμαίων
2820 2786 2981 2854 ἀρχῇ.
3018 2786 3126 2837 Καὶ
3181 2786 3397 2855 πρῶτον
3433 2786 3531 2854 μὲν
3585 2787 3675 2838 τὸν
3754 2834 3767 2843 .

2119 2873 2373 2942 Ἰωάννην
2403 2873 2624 2943 βασιλέα
2658 2876 2825 2937 εἴασε,
2858 2874 2934 2944 τῷ
2962 2876 3018 2928 δὲ
3074 2875 3308 2947 δεσπότῃ
3376 2878 3480 2946 κὺρ
3552 2876 3675 2930 Ἀν-

2108 2963 2336 3033 δρονίκῳ
2385 2964 2481 3035 τὴν
2518 2966 2917 3036 Θεσσαλονίκην
2961 2966 3145 3020 καὶτὰ
3193 2967 3391 3036 ἑαυτῆς
3422 2967 3669 3021 δέδωκεν.

2112 3144 2271 3197 miam
2302 3143 2524 3211 prasino
2552 3144 2738 3199 colore
2766 3152 2821 3200 et
2846 3160 3096 3200 nummos
3126 3145 3511 3215 quinquaginta
3540 3145 3678 3202 mihi

2109 3235 2222 3288 dari
2252 3234 2454 3301 Jussit;
2486 3234 2605 3304 ejus
2644 3235 2751 3288 lilia
2790 3244 2971 3289 autem
3004 3238 3351 3306 signiﬁcavit,
3386 3247 3667 3305 postquam

2112 3340 2333 3379 uxorem
2354 3326 2650 3390 duxissem,
2681 3325 2805 3379 huic
2829 3341 2887 3380 se
2917 3334 3120 3380 vestem
3150 3341 3301 3380 suam
3333 3325 3659 3396 praestantis-

2112 3417 2303 3470 simam
2332 3424 2650 3470 etuummos
2700 3418 3291 3487 aureos-quadraginta
3346 3417 3656 3471 donaturam

2110 3522 2251 3562 esse.

2180 3599 2277 3653 Die
2308 3599 2432 3653 Julii
2461 3600 2524 3653 21
2560 3600 2801 3670 ejusdem
2830 3602 2954 3656 anni
2988 3605 3269 3671 beatorum
3298 3610 3445 3657 sorte
3465 3600 3667 3657 obdoro

2111 3690 2262 3745 mivit
2292 3692 2558 3759 gloriosus
2585 3704 2637 3747 et
2660 3693 2776 3761 pius
2808 3694 3102 3763 imperator
3133 3694 3345 3748 Manuel
3404 3693 3670 3756 dominus,

2113 3781 2275 3835 biduo
2303 3788 2427 3834 ante
2458 3789 2681 3834 mortem
2717 3781 2902 3835 divino
2923 3791 2977 3834 et
3019 3783 3261 3850 angelico
3285 3782 3468 3835 habitu
3507 3782 3665 3834 indu-

2113 3881 2199 3927 tus
2225 3881 2279 3925 et
2313 3872 2617 3940 appellatus
2648 3872 2929 3927 Matthteue
2962 3874 3283 3927 monachus.
3311 3873 3570 3951 Sepultus
3590 3880 3672 3925 est

2114 3967 2165 4018 in
2196 3964 2489 4019 venerabili
2541 3963 2760 4018 basilica
2818 3972 2874 4016 et
2927 3959 3296 4032 pulcherrimo’
3346 3963 3674 4018 menasterio

2112 4055 2535 4121 Pantocratoris,
2572 4072 2689 4109 cum
2723 4057 2870 4109 luctu
2920 4066 2971 4109 et
2998 4071 3286 4121 concursu,
3321 4056 3494 4124 qualis
3547 4056 3675 4108 nulli

2115 4160 2349 4213 unquam
2382 4145 2472 4199 alii
2504 4146 2753 4215 contigit.
2794 4144 3027 4200 Omnino
3076 4148 3283 4200 vixerat
3310 4162 3484 4201 annos
3515 4146 3579 4198 77
3625 4155 3676 4205 et

2116 4238 2229 4291 dies
2252 4237 2408 4326 25,.e
2444 4237 2637 4306 quibus
2668 4248 2987 4305 regnaverat
3021 4254 3191 4294 annos
3248 4239 3385 4293 duos
3414 4246 3469 4295 et
3539 4254 3673 4307 qua.

2116 4327 2383 4394 draginta.

454 4395 794 4489 imperatoris
825 4422 1016 4488 partim
1046 4421 1170 4474 (iliis
1200 4395 1337 4488 rejus
1397 4395 1634 4485 dona—ta,
1674 4421 1869 4489 partim
1940 4424 2010 4474 ob
2041 4395 2091 4452 D
2186 4417 2284 4470 llic
2305 4417 2466 4484 igitur
2493 4417 2807 4485 imperator,
2844 4417 3060 4473 Manuel
3112 4418 3391 4481 dominus,
3444 4419 3672 4485 primum

454 4510 681 4565 salutem
709 4511 880 4565 beata:
909 4510 1025 4579 ejus
1051 4510 1243 4564 animae
1307 4510 1610 4565 saeriticata
1646 4523 1791 4565 sunt.
1847 4510 2014 4579 Ilujus

454 4599 617 4667 igitur
653 4615 793 4656 arca:
837 4602 1065 4670 egregiae
1100 4610 1154 4656 et
1218 4602 1376 4670 plane
1432 4601 1697 4656 mirabilis
1756 4616 1879 4655 eum
1924 4602 2013 4656 ditt

454 4691 765 4759 ﬂagrassem
789 4693 1075 4753 desiderio,
1099 4693 1273 4746 visum
1299 4701 1381 4746 est
1409 4692 1537 4745 mihi
1571 4695 1638 4745 ab
1686 4684 2014 4759 imperatore

454 4795 572 4832 eam
604 4792 877 4849 expetere.
904 4785 970 4837 At
995 4785 1085 4838 ille
1118 4784 1189 4837 ita
1227 4784 1508 4848 reSpondil
1539 4800 1551 4838 :
1594 4788 1611 4834 ι
1645 4784 1767 4837 Fuit
1799 4800 1860 4837 ea
1891 4799 2014 4838 arca

456 4870 790 4933 imperatori,
818 4875 953 4939 patri
987 4890 1128 4937 meo,
1169 4875 1283 4942 qui,
1328 4874 1579 4936 ut‘nosti,
1643 4876 1809 4927 multa
1882 4890 2017 4945 prm—

456 4961 598 5013 clara
634 4977 816 5028 opera,
848 4965 1050 5031 lapides
1077 4967 1343 5032 pretiosos
1410 4966 1620 5034 aliaque
1645 4967 1788 5035 regia
1848 4981 2017 5021 orna-

458 5062 638 5106 menta
668 5055 839 5122 plura,
864 5072 1024 5123 quam
1057 5060 1274 5120 credas,
1308 5058 1361 5111 in
1401 5074 1461 5111 ea
1507 5058 1846 5113 asservabat.
1905 5058 2017 5125 Ego

370 5206 371 5213 η
455 5159 572 5197 eam
607 5161 794 5198 rursus
822 5146 1157 5213 imperatori,
1225 5165 1344 5203 meo
1391 5150 1521 5215 ﬁlio,
1575 5151 1808 5214 (leuabo,
1866 5157 1925 5203 ut
1973 5152 2017 5203 is

402 5240 416 5254 ‘
457 5251 671 5305 quoque
710 5252 773 5290 ex
810 5239 949 5292 votis
976 5248 1086 5293 tum
1115 5242 1228 5296 suis
1254 5252 1364 5295 tum
1394 5243 1529 5295 meis
1567 5243 1618 5295 in
1678 5242 1865 5299 eadem
1930 5236 2017 5296 res

2121 4508 2283 4562 ﬁliam
2322 4510 2621 4577 procreavit
2649 4512 2881 4576 nomine,
2906 4549 2920 4564 .
2949 4548 2965 4565 .
2988 4549 3003 4564 .
3032 4511 3228 4565 deinde
3243 4509 3673 4569 Constantinum,

2118 4599 2499 4667 imperatorem
2547 4599 2804 4655 Joannem
2835 4612 2886 4655 et
2937 4601 3310 4657 Andronicum
3372 4602 3673 4667 despotam,

2121 4700 2230 4744 tum
2262 4690 2486 4745 alteram
2521 4693 2705 4757 tiliam,
2746 4693 2828 4746 cui
2862 4708 3055 4748 nomen
3087 4704 3226 4755 erat,
3261 4732 3276 4746 .
3307 4731 3320 4746 .
3357 4731 3372 4745 .
3440 4690 3679 4745 Theodo-

2119 4795 2237 4833 rum
2311 4782 2587 4849 despotam
2646 4791 2700 4835 et
2755 4783 3293 4852 porphyrngenitum,
3354 4781 3669 4837 Michaelem

2120 4874 2437 4942 principem,
2465 4875 2882 4929 Constantinum
2930 4876 3217 4938 minorem,
3255 4875 3348 4943 qui
3379 4875 3677 4941 imperator

2122 4964 2239 5027 fuit,
2280 4966 2603 5019 Demetrium
2634 4967 2907 5033 despotam
2944 4975 2998 5017 et
3074 4965 3349 5018 Thomam
3373 4965 3676 5033 despclam.

2123 5056 2213 5109 llis
2247 5058 2541 5122 imperator
2564 5066 2734 5124 pater,
2766 5072 2887 5110 cum
2926 5056 2979 5108 in
3017 5057 3150 5111 vivis
3190 5057 3369 5109 adhuc
3395 5066 3559 5118 esset,
3604 5054 3679 5107 lo-

2120 5160 2212 5199 cos
2244 5147 2405 5200 hosce
2434 5147 2708 5200 distribuit
2736 5163 2750 5200 :
2786 5162 2905 5214 quae
2939 5161 3023 5200 res
3044 5146 3273 5213 imperio
3307 5147 3673 5199 Romanorum

2122 5252 2366 5305 magnam
2395 5238 2982 5292 calamitatemaltulit.
3018 5238 3096 5291 Ac
3161 5239 3397 5305 primum
3458 5238 3675 5305 quidem

456 5342 586 5381 snas
623 5340 885 5383 asscrvet.
924 5349 942 5382 ι
985 5330 1060 5405 Ita
1095 5332 1303 5386 dimisit
1338 5349 1441 5387 me.
1492 5332 1627 5388 Tum
1662 5344 1841 5387 autem
1898 5348 2020 5400 pro-
2118 5328 2380 5381 Joannem
2414 5330 2538 5383 sivit
2576 5329 2956 5398 imperatorem
2984 5343 3130 5387 esse.
3158 5330 3463 5381 Andronico
3496 5337 3676 5381 autem

456 5430 573 5487 pter
598 5421 773 5487 laetos,
805 5438 939 5491 quos
958 5424 1005 5477 ei
1039 5426 1346 5488 attulerant,
1376 5428 1595 5480 nunties
1625 5427 1930 5492 imperavit,
1960 5435 2018 5477 ut

462 5512 766 5568 traderetur
792 5514 920 5566 mihi
945 5515 1045 5567 ista
1080 5530 1226 5575 arca,
1267 5529 1429 5582 quam
1468 5531 1588 5566 cum
1627 5516 1714 5582 pio
1745 5514 1864 5583 ejus
1892 5522 2017 5564 voto

462 5601 625 5655 rebus
651 5603 869 5657 utilibus
890 5614 943 5657 ct
971 5605 1022 5657 in
1041 5605 1142 5657 hac
1188 5603 1332 5655 inani
1367 5604 1473 5655 vita
1508 5603 1735 5657 laudatis
1756 5601 2014 5681 repletam

465 5692 668 5759 :ccepi.
699 5692 962 5748 Similiter
990 5693 1305 5764 impcratrix
1366 5705 1569 5749 vestem
1625 5693 1852 5745 sericam
1907 5691 2019 5743 cxi-

2122 5422 2356 5485 ilespotze
2387 5418 2822 5471 Thessalonicam
2854 5416 3082 5485 ejusque
3122 5416 3272 5470 urbis
3341 5416 3676 5470 territorium

2123 5510 2360 5562 donavit.
2391 5507 2584 5563 Visum
2610 5520 2787 5563 autem
2821 5520 2903 5563 est
2935 5508 3064 5561 huic
3122 5519 3347 5577 propter
3407 5522 3674 5560 summam

2124 5598 2571 5663 imbecillitatem,
2615 5598 3059 5653 Thessalonicam
3106 5599 3293 5652 urbem
3336 5607 3388 5651 et
3437 5613 3556 5665 quae
3608 5599 3677 5650 ad

2121 5705 2238 5743 eam
2269 5692 2538 5759 pertinent
2568 5690 2891 5745 Venetorum
2934 5691 3134 5745 civitati
3184 5692 3411 5745 vendere
3441 5688 3680 5743 nummis
