4096 6300
387 312 493 377 737
1430 305 1869 365 CIIRONICON
1910 306 2183 364 MAJUS.
2210 328 2277 338 -
2312 306 2454 364 LIB.
2496 307 2584 365 ll.
3530 307 3633 367 738

384 423 551 486 Οὗτος
580 417 635 476 δε
660 418 876 492 βλαϐεὶς
920 417 1022 471 ὑπὸ
1064 416 1367 486 βαρυτάτης
1417 416 1720 479 ἀσθενείας,
1777 415 1951 479 ἔδοξεν
1984 420 2024 475 Α
2054 412 2196 479 λέγω
2238 413 2521 481 Ἀγχίαλον
2546 414 2638 465 ita!
2662 412 3026 484 Μεσημϐρίαν
3063 413 3156 467 καὶ
3184 413 3252 468 τά
3310 414 3510 468 αὐτῶν·
3543 419 3634 468 καὶ

384 515 533 585 αὐτῷ
558 513 809 579 πωλῆσαι
836 508 933 578 τὴν
961 506 1355 575 Θεσσαλονίκην
1398 509 1489 559 καὶ
1520 506 1589 559 τά
1638 506 1837 574 ἑαυτῆς
1890 507 1957 575 τῇ
2061 504 2137 573 τῷ
2169 504 2402 575 δεσπότῃ
2432 506 2532 571 κὺρ
2566 504 2736 575 Θωμᾷ
2764 505 2828 557 τὰ
2864 504 3292 574 ὲναπομείναντα
3325 508 3381 558 ὲν
3416 507 3481 575 τῇ
3532 507 3635 559 [Ie-
3734 564 3737 567 _

383 608 492 661 τῶν
536 605 762 659 Ἐνετῶν
788 602 1045 673 γερουσίᾳ
1073 602 1158 653 διά
1188 598 1412 669 χρυσίου
1467 598 1706 667 χιλιάδας
1761 597 1959 666 πεντὴο
2060 595 2392 665 λοποννήσῳ.
3136 642 3139 643 ,

382 716 567 754 κοντα.
603 694 733 750 Εἶτα
782 695 1023 760 περάσας
1052 688 1215 762 ἦλθεν
1241 694 1298 743 ὲν
1324 693 1389 761 τῇ
1436 690 1849 758 Πελοποννήσῳ,
1902 692 1957 740 ὲν
2130 687 2237 738 Καὶ
2278 688 2354 754 τῷ
2388 685 2564 752 ,ςῧλὸ
2616 686 2722 738 ἔτει
2776 686 2905 755 μηνὶ
2957 686 3251 756 Αὐγούστῳ
3296 690 3329 755 ἡ
3384 688 3635 741 δέσποινα

380 795 537 863 χώρᾳ
560 789 832 858 λεγομένῃ
859 785 1174 855 Μαντινείᾳ,
1206 784 1299 835 καὶ
1332 785 1466 851 μετὰ
1499 782 1592 833 τοῦ
1626 781 1742 833 υίοῦ
1791 781 1955 834 αὑτοῦ
2055 778 2201 846 κυρά
2231 777 2397 845 Σοφία
2424 777 2673 845 φυγοῦσα
2701 778 2849 847 διέϐη
2877 778 2954 839 είς
2998 780 3097 843 τὴν
3149 779 3316 846 αὐτῆς
3375 780 3629 848 πατρίδα,

395 884 639 937 Ἰωάννου
667 881 764 949 τὴν
794 878 1076 947 διατριϐὴν
1126 878 1238 928 ἐκεῖ
1273 876 1444 928 ἐποίει
1490 875 1677 927 ἕνεκεν
1722 875 1821 942 τῆς
1849 874 1943 925 τοῦ
2056 869 2124 921 δι’
2161 870 2338 921 αἰτίαν
2360 869 2616 937 τοιαύτην
2651 870 2732 921 ὅτι
2784 871 2811 921 ὁ
2847 868 3097 936 βασιλεὺς
3147 870 3253 939 κῦρ
3305 869 3555 937 Ἰωάννης
3607 874 3635 924 ὁ

383 974 542 1042 ἀέρος
604 969 915 1039 εὐκρασίας.
966 968 1230 1036 ’Υστερον
1278 965 1335 1018 δὲ
1385 965 1614 1033 μοναχδς
1664 965 1949 1032 γενόμενος

384 1061 699 1132 κατῴκησεν
734 1062 789 1112 ὲν
816 1062 882 1127 τῇ
922 1055 1555 1119 Κωνσταντινουπόλειὲν
1585 1058 1650 1125 τῇ
1690 1055 1782 1107 τοῦ
1809 1057 1952 1108 Παν-

386 1153 708 1222 τοκράτορος
735 1152 865 1218 μονῇ
893 1149 1180 1216 λεγομὲνγγ
1225 1147 1291 1214 τῇ
1341 1146 1395 1196 δὲ
1438 1145 1667 1215 δεσπότῃ
1694 1144 1796 1214 κὺρ
1829 1146 1956 1196 Θεο-

386 1244 541 1313 δώρῳ
572 1243 669 1311 τὴν
699 1238 1130 1307 Λακεδαιμονίαν
1159 1238 1253 1290 καὶ
1278 1236 1347 1289 τά
1373 1238 1603 1304 ἑαυτῆς·
1648 1236 1723 1304 τῷ
1768 1237 1821 1287 δὲ
1863 1237 1956 1305 βα-

389 1335 527 1387 σιλεῖ
550 1334 653 1402 κὺρ
678 1328 1071 1397 Κωνσταντίνῳ
1094 1328 1162 1380 τὰ
1179 1326 1272 1379 τοῦ
1294 1327 1544 1391 Εὐξείνου
1572 1326 1766 1378 πόντου
1792 1326 1958 1394 μέρη,

390 1510 573 1564 aureis
601 1506 959 1580 quinquagies
984 1504 1129 1560 mille
1166 1518 1311 1574 :quo
1347 1502 1508 1566 facto,
1541 1501 1681 1568 ipse,
1710 1501 1763 1552 in
1795 1498 1952 1552 Pelo-

392 1614 688 1669 ponnesum
722 1598 1018 1668 profectus,
1043 1594 1370 1649 Mantineam
1432 1593 1618 1645 urbem
1664 1605 1722 1645 sc
1769 1599 1956 1644 contu-

392 1691 452 1743 lit
486 1691 667 1757 ibique
695 1703 816 1743 cum
848 1686 1060 1741 Joanne
1093 1686 1203 1740 filio
1266 1685 1432 1737 vitam
1474 1684 1670 1751 agebat
1733 1690 1959 1749 propter

391 1779 731 1835 commodam
767 1778 909 1833 aeris
936 1776 1274 1845 temperiem.
1326 1774 1519 1828 Postea
1547 1771 1846 1825 monachus
1880 1772 1960 1823 fa-

391 1877 533 1930 ctus,
562 1866 714 1935 Cpoli
750 1866 931 1920 sedem
965 1864 1251 1918 collocavit
1277 1863 1329 1915 in
1383 1860 1717 1915 monasterio
1764 1859 1957 1913 Panto-

393 1955 645 2009 cratoris.
679 1954 967 2010 Theodoro
1010 1953 1252 2021 despoue
1301 1960 1457 2019 pater
1507 1948 1957 2005 Lacedaemonem

395 2042 619 2111 ejusque
676 2042 1010 2096 territorium
1053 2041 1397 2109 assignavit;
1452 2040 1769 2109 imperatori
1817 2040 1961 2096 Con-

390 2135 629 2189 stantino
657 2132 878 2189 domino
909 2140 1114 2187 tractus
1138 2132 1203 2187 ad
1241 2130 1471 2186 Pontum
1505 2131 1797 2198 Euxinum,
1820 2134 1874 2185 Ιι.
1908 2146 1961 2187 e.

2060 959 2198 1026 ἀνὴρ
2235 958 2402 1025 αὐτῆς
2425 959 2526 1009 οὐκ
2548 953 2664 1026 εἷχε
2705 958 2971 1025 τοσαύτην
3002 957 3213 1009 εὖνοιαν
3264 960 3357 1011 καὶ
3408 959 3633 1027 ἀγάπην

2061 1048 2197 1115 πρὸς
2224 1046 2414 1115 αὐτὴν,
2451 1046 2542 1098 καὶ
2572 1048 2763 1115 εἰρήνη
2798 1046 2899 1098 ἀνά
2930 1046 3108 1098 αὐτῶν
3130 1047 3189 1097 οὐ
3212 1046 3441 1098 διέκειτο
3467 1047 3551 1099 διὰ
3578 1048 3637 1099 τὸ
3674 1092 3675 1095 η

2040 1138 2291 1205 ἐρᾶσθαι
2326 1138 2417 1190 τὸν
2459 1137 2680 1206 βασιλέα
2715 1139 2915 1207 ἑτέρων
2963 1139 3256 1204 γυναικῶν,
3286 1137 3482 1189 οὔνεκα
3536 1138 3635 1189 οὐκ

2062 1226 2131 1298 ἦν
2181 1232 2213 1298 ἡ
2242 1230 2495 1282 δέσποινα
2537 1231 2600 1281 ἐκ
2646 1230 2860 1298 φύσεως
2904 1229 3252 1299 ἐστολισμένη
3291 1228 3388 1298 τὴν
3438 1228 3633 1297 ὡραιό-

2061 1338 2223 1392 τητα.

2062 1496 2386 1555 Anchialum
2421 1488 2477 1556 ei
2511 1499 2891 1555 Mesembriam
2913 1514 3035 1553 cum
3064 1499 3375 1563 territoriis,
3401 1513 3464 1553 ac
3495 1496 3642 1555 Tho-

2063 1606 2165 1645 mae
2200 1592 2436 1659 chpOIaa
2476 1600 2658 1659 partes
2696 1588 3055 1657 Peloponnesi
3097 1588 3359 1655 reliquas.

2134 1686 2287 1736 Anno
2320 1683 2481 1744 6934.
2520 1668 2763 1750 Augusto
2811 1692 3017 1743 mense,
3068 1679 3389 1748 imperatrix
3436 1678 3638 1747 Sophia

2064 1772 2283 1826 domina
2318 1774 2441 1840 fuga
2473 1786 2532 1825 se
2566 1773 2616 1824 in
2641 1770 2871 1839 patriam
2906 1771 3129 1837 recepit,
3170 1769 3426 1837 quoniam
3464 1768 3640 1837 impe-

2068 1872 2217 1915 rator
2245 1860 2485 1915 Joannes
2511 1862 2787 1923 dominus,
2816 1860 2933 1927 ejus
2960 1861 3180 1928 eonjux,
3203 1874 3391 1927 parum
3419 1859 3638 1912 eiamoo

2069 1952 2143 2004 ris
2183 1952 2573 2023 charitatisqne
2602 1951 2919 2021 prmStabat,
2980 1965 3081 2005 nec
3144 1952 3437 2006 concordia
3495 1949 3640 2003 inter

2066 2058 2159 2097 eos
2193 2054 2328 2108 erat,
2366 2047 2490 2112 quia
2529 2045 2618 2098 ille
2650 2045 2784 2099 alias
2818 2044 3040 2099 amabat
3072 2044 3358 2114 mulieres,
3388 2056 3512 2097 cum
3535 2041 3641 2095 im-

2075 2135 2339 2203 peratrici
2371 2134 2603 2188 formam
2632 2134 3186 2202 naturanegavisset.

432 2324 3630 2357 mw

1570 2464 1759 2551 +123
1830 2486 2276 2574 BIBAION
2350 2491 2426 2573 B'

550 2669 910 2747 ’Δρχόμενον
932 2673 1081 2744 μετὰ
1108 2673 1221 2743 τὴν
1251 2674 1449 2743 θανὴν
1480 2674 1588 2729 τοῦ
1628 2675 1938 2741 ,ϐασιλέως
1963 2679 2151 2747 κυροῦ
2186 2677 2481 2745 Μανουὴλ
2516 2675 2622 2728 τοῦ
2652 2676 3089 2745 Παλαιολόγου,
3114 2674 3212 2728 καὶ
3243 2676 3368 2729 ἀπὸ
3391 2676 3502 2745 τῆς

1436 2789 1627 2860 ἀρχῆς
1685 2791 1967 2849 Ἰωάννου
2020 2795 2127 2850 τοῦ
2200 2796 2333 2851 υἱοῦ
2386 2795 2595 2850 αὑτοῦ.

468 3121 537 3169 α’.
576 3112 667 3167 Ἐν
693 3112 771 3181 τῷ
796 3112 976 3183 καιρῷ
1004 3108 1096 3165 οὖν
1121 3106 1299 3183 ,ςῇλδ
1325 3108 1480 3175 ἔτους
1512 3110 1646 3183 μηνὶ
1670 3110 1968 3182 Αὐγούστῳ
2002 3120 2042 3175 Β
2072 3110 2349 3182 ηὺλογήθη
2382 3110 2554 3182 αὐτὴν
2581 3111 2609 3164 ό
2641 3109 2900 3182 βασιλεὺς
2946 3113 3051 3193 κὺρ
3115 3112 3393 3182 Ἰωάννης,
3430 3113 3495 3184 ἢν
3546 3116 3642 3169 xa‘.

397 3205 554 3274 διέϐη
585 3204 652 3258 τὰ
684 3203 941 3274 βασιλικά
991 3206 1251 3274 σκῆπτρα
1298 3204 1393 3255 καὶ
1432 3203 1585 3256 πάσα
1614 3204 1649 3273 ἡ
1676 3203 1774 3272 τῆς
1807 3203 1965 3272 βασι-

398 3294 546 3356 λείας
579 3294 800 3357 ἐξουσία
835 3293 974 3362 πρὸς
1007 3293 1265 3362 Ἰωάννην
1290 3291 1383 3343 τὸν
1418 3291 1535 3344 υἱὸν
1564 3293 1660 3344 τοῦ
1693 3294 1750 3344 ἑν
1788 3308 1967 3361 μακα-

404 3386 496 3456 ρίᾳ
520 3387 585 3455 τῇ
618 3385 771 3455 λήξει
803 3385 905 3453 κὺρ
936 3384 1193 3453 Μανουὴλ
1221 3383 1512 3453 βασιλέως,
1550 3382 1606 3446 ὃς
1633 3384 1729 3435 καὶ
1761 3400 1963 3454 προεσ-

400 3474 669 3543 τεμμένος
698 3466 765 3541 ἦν
806 3474 886 3533 είς
936 3472 1181 3542 βασιλέα.
1216 3474 1327 3525 Kal.
1369 3472 1449 3542 τῷ
1480 3470 1657 3543 ,ςῷλέ
1690 3472 1821 3538 ἔτει,
1856 3473 1961 3525 Αὐ-

404 3565 636 3631 γούστου
679 3563 784 3630 κθ’,
833 3565 1040 3632 ἤγαγον
1086 3565 1175 3618 διὰ
1221 3565 1495 3633 θαλάσσης
1530 3565 1669 3631 μετὰ
1698 3566 1969 3636 τριήρεων

402 3654 502 3722 τὴν
535 3654 710 3723 κυράν
737 3654 953 3724 Μαρίαν
980 3656 1079 3725 τὴν
1109 3656 1402 3726 Κομνηνὴν
1431 3657 1495 3708 ὲκ
1527 3653 1964 3724 Τραπεζοῦντος,

404 3744 678 3813 Θυγατέρα
717 3744 955 3810 Ἀλεξίου
985 3744 1082 3797 τοῦ
1115 3743 1408 3815 Κομνηνοῦ
1442 3744 1712 3815 βασιλέως
1742 3746 1965 3813 Τραπε-

405 3833 665 3899 ζοῦντος·
715 3836 774 3890 ὲν
819 3837 875 3890 δὲ
933 3836 1012 3907 τῷ
1062 3838 1225 3904 ,ςῇῌ
1273 3837 1383 3889 ἔτει
1426 3834 1558 3905 μηνὶ
1603 3834 1965 3904 Σεπτεμϐρίῳ

2072 3204 2383 3272 αὐγοῦσταν
2424 3203 2817 3273 ἀνηγόρευσεν.
2860 3204 2971 3258 Καὶ
3012 3202 3091 3274 τῷ
3133 3202 3283 3272 αὐτῷ
3337 3204 3447 3256 ἔτει
3508 3208 3639 3274 μηνὶ

2072 3293 2364 3363 Νοεμϐρίῳ
2390 3293 2620 3362 ἐξῆλθεν
2668 3293 2833 3355 αὐτὸς
2864 3294 2929 3362 δὴ
2959 3294 2986 3345 ὁ
3019 3293 3273 3363 βασιλεὺς
3317 3294 3383 3348 ἑκ
3411 3296 3511 3364 τῆς
3540 3297 3639 3349 ’πὸ⁴

2070 3382 2228 3448 λεως,
2274 3384 2369 3435 καὶ
2420 3382 2663 3450 ἀπῆλθεν
2696 3383 2793 3445 ἐίς
2841 3382 2941 3451 τὴν
2989 3382 3402 3451 Πελοπόννησον
3430 3387 3494 3452 τῇ
3530 3390 3624 3448 κς·’

2071 3470 2411 3540 Δεκεμϐρίου
2442 3473 2539 3524 σὺν
2571 3472 2651 3540 τῷ
2679 3471 2845 3523 αὐτοῦ
2868 3470 3188 3538 αύταδέλφῳ
3216 3473 3320 3540 κδρ
3346 3473 3640 3525 Κωνσταν-

2070 3562 2201 3631 τίνῳ
2233 3561 2497 3615 διἀίτίαν
2528 3563 2813 3630 τοιαύτην,
2861 3562 2941 3613 ὅτι
2977 3563 3005 3613 ό
3036 3562 3215 3614 αὐτῶν
3247 3562 3579 3629 αὐτάδελφος
3609 3563 3641 3615 δ

2069 3652 2340 3723 δεσπότης
2393 3651 2554 3722 124
2601 3653 2707 3720 κὺρ
2762 3653 3037 3721 Θεόδωρος
3084 3652 3334 3704 ἐϐούλετο
3383 3654 3638 3720 γενέσθαι

2075 3744 2326 3813 μοναχὸς,
2376 3744 2472 3795 καὶ
2506 3746 2533 3794 ό
2581 3743 2688 3812 κὺρ
2724 3744 3134 3805 Κωνσταντίνος
3168 3743 3500 3814 ὲναπομείνῃ
3537 3746 3638 3797 αύ-

2073 3834 2265 3904 θέντης
2301 3836 2380 3895 είς
2412 3834 2595 3887 πᾶσαν
2625 3832 2725 3900 τὴν
2757 3833 3172 3903 Πελοπόννησον
3194 3853 3207 3866 ο
3236 3834 3295 3898 ὃς
3327 3834 3639 3907 μεταμελη-

1754 4215 2105 4305 LIBER
2168 4217 2257 4304 II

716 4411 1031 4494 Incipiens
1062 4422 1207 4493 post
1232 4422 1490 4473 mortem
1528 4410 1930 4487 imperatoris
1961 4409 2274 4469 Manuelis
2298 4405 2635 4485 Palwologi
2666 4416 2721 4467 et
2750 4404 2827 4465 ab
2859 4405 3042 4468 initio
3076 4407 3325 4483 imperii

1674 4537 1964 4611 Joannis,
2024 4536 2143 4613 filii
2197 4539 2349 4614 ejus.

475 4853 529 4911 Ι.
559 4855 715 4933 Anno
742 4856 902 4924 igitur
932 4855 1097 4921 6931,
1136 4873 1321 4913 mense
1374 4861 1640 4929 Augusto,
1677 4860 1967 4931 imperium
1997 4874 2040 4929 ε
2077 4862 2189 4930 ipse
2212 4875 2277 4914 ex
2321 4862 2453 4916 urbe
2477 4864 2771 4928 prolectus,
2806 4858 2893 4912 die
2922 4857 3229 4914 Decembris
3258 4862 3327 4914 26
3350 4876 3468 4915 cum
3490 4860 3635 4916 Con-

403 4950 688 5018 omnisque
718 4957 956 5017 potestas
986 4950 1356 5017 imperatoria,
1382 4950 1432 5003 in
1457 4950 1723 5006 Joannem
1750 4954 1969 5008 transiit

403 5036 688 5102 Mannelis,
729 5040 902 5095 beata:
933 5040 1204 5093 memoria:
1240 5039 1609 5108 imperatoris,
1645 5042 1837 5108 filium,
1870 5044 1965 5113 qui

397 5131 511 5197 jam
540 5139 665 5185 ante
702 5132 1005 5184 diademate
1028 5131 1373 5197 imperatorio
1403 5141 1629 5185 ornatus
1651 5131 1845 5198 fuerat,
1885 5143 1965 5187 at-

403 5236 507 5291 que
540 5224 664 5276 anni
691 5224 974 5292 sequentis
1001 5222 1087 5276 die
1137 5222 1364 5288 Augusti
1387 5222 1457 5276 29
1491 5232 1585 5291 per
1637 5238 1781 5278 mare
1806 5225 1966 5279 trire-

404 5315 581 5368 mibus
653 5312 817 5368 Maria
869 5312 1139 5368 Comnena
1199 5310 1536 5380 Trapezunte
1589 5314 1809 5369 advecta
1860 5325 1967 5380 est,

400 5403 572 5457 Alcxii
601 5403 883 5468 Comneni,
930 5402 1410 5470 Trapezuntiornm
1443 5406 1606 5473 regis,
1654 5404 1782 5460 filia.
1834 5406 1965 5461 Eam

404 5510 591 5547 mense
659 5492 958 5563 Septembri
990 5494 1112 5546 anni
1172 5493 1312 5547 6936
1378 5495 1673 5563 imperator
1730 5496 1967 5552 Joannes

404 5588 749 5640 matrimonio
789 5586 891 5641 sibi
945 5586 1127 5654 junxit
1180 5586 1582 5657 declaravitque
1628 5587 1959 5653 Augustam;

2072 4954 2315 5007 stantino
2345 4954 2514 5005 fratre
2550 4953 2601 5004 in
2658 4949 3091 5018 Peloponnesum
3151 4953 3414 5019 pervenit,
3442 4964 3501 5006 ut
3549 4954 3636 5008 hic

2072 5045 2236 5096 totius
2282 5043 2470 5095 insulae
2536 5043 2966 5095 constitueretur
3037 5043 3318 5112 princeps,
3367 5044 3631 5113 quoniam

2071 5132 2384 5188 Theodorus
2419 5134 2662 5203 despota,
2690 5133 2905 5186 illorum
2943 5133 3131 5197 frater,
3171 5135 3468 5188 monachus
3519 5135 3637 5188 fieri

2071 5225 2259 5285 voluit.
2285 5226 2428 5295 quod
2488 5237 2669 5279 tamen
2704 5224 2751 5280 is
2809 5225 3096 5279 consilium
3144 5237 3326 5295 postea
3386 5227 3631 5281 mutavit.

2076 5317 2206 5371 Cum
2239 5318 2322 5371 his
2349 5332 2450 5385 ego
2486 5326 2597 5370 tum
2620 5317 2854 5386 primum
2884 5318 2939 5371 in
3013 5316 3451 5388 Peloponnesum
3478 5318 3624 5381 veni,

2076 5422 2215 5462 unus
2243 5424 2273 5463 e
2320 5408 2586 5463 ministris
2646 5409 3011 5478 imperatoris,
3052 5409 3255 5463 domini
3311 5409 3437 5469 mei,
3469 5416 3523 5461 et
3574 5417 3638 5462 ut

2073 5514 2255 5553 curam
2288 5498 2548 5554 haberem
2577 5500 2916 5555 Constantini
2945 5502 3205 5569 despotze,
3256 5506 3475 5567 propter
3506 5512 3637 5551 caa-

2072 5606 2185 5645 sam
2221 5591 2555 5660 huiusmodi.
2590 5591 2829 5647 Jussusa
2864 5593 3022 5647 beato
3065 5602 3120 5646 et
3155 5591 3391 5659 glorioso
3443 5603 3633 5643 eorum

404 5688 565 5748 atque
598 5680 784 5735 eodem
856 5693 1017 5745 anno,
1064 5692 1248 5734 mense
1299 5678 1610 5749 Novembri,
1668 5679 1963 5749 imperator
2066 5694 2243 5752 patre,
2277 5684 2435 5740 morti
2466 5683 2676 5757 _vicin_o,
2726 5685 2842 5741 haec
2891 5697 2989 5753 ego
3025 5697 3185 5737 manu
3237 5693 3355 5735 mea
3411 5680 3633 5747 scripsi,
