4096 6300
450 262 555 333 739

1693 264 1735 321 G
1751 256 2009 321 EORGII
2052 257 2478 319 PHRANTZE

3606 252 3721 315 740

449 386 559 447 θεὶς
597 384 825 451 ὕστερον
868 382 969 434 οὐκ
1014 380 1237 445 ἐγένετο
1286 377 1541 447 μοναχός.
1595 377 1732 429 Μεθ’
1763 370 1837 427 ὧν
1869 373 2026 441 κάγὼ
2058 375 2100 428 Δ
2128 374 2214 424 λιν
2243 371 2389 436 λέγω
2422 386 2503 423 σοι
2540 370 2671 439 περὶ
2700 368 2885 421 τούτου
2918 369 2983 438 δὴ
3015 368 3109 421 τοῦ
3135 368 3407 438 Φραντζῆ,
3436 368 3495 432 ὃς
3529 368 3720 431 καλῶς

450 480 589 546 ἀρχῇ
624 477 702 538 είς
754 475 852 541 τὴν
882 472 1295 539 Πελοπόννησον
1330 466 1512 538 ἦλθον,
1561 469 1642 530 εἰς
1691 467 2023 533 δουλοσύνην

450 566 549 618 τοῦ
582 564 847 633 βασιλέως
880 563 976 612 τοῦ
1024 560 1288 613 αὑθέντου
1345 578 1445 628 μου
1492 561 1589 624 ὢν,
1625 561 1718 612 καὶ
1750 560 1837 611 ῐνα
1890 560 2023 610 ἀπο·

452 653 636 706 ϐλέπω
671 654 763 703 καὶ
787 651 876 701 τὸν
924 651 1193 717 δεσπότην
1233 654 1341 716 κὺρ
1394 652 1807 702 Κωνσταντῐνον
1838 648 1910 700 δι’
1937 649 2025 699 at!-

452 745 573 797 τίαν
608 744 882 809 τοιαύτην,
917 740 1051 793 ’Ὅτε
1082 743 1109 793 6
1140 742 1407 809 μακάριος
1440 741 1532 793 καὶ
1567 740 1806 807 ἀοίδιμος
1842 740 2026 808 πατὴρ

453 836 633 889 αὐτῶν
664 832 858 904 {my-Ca
892 836 1031 903 πρὸς
1062 835 1122 885 τὸ
1149 835 1468 895 ἀποθανεῖν,
1500 833 1802 899 προσέταξέ
1838 849 1904 899 με
1931 831 2026 884 καί
2058 888 2059 891 η

455 925 669 994 ἔγραψα
699 924 923 975 τοιαῦτα
953 924 1347 992 οίκειοχείρως,
1387 924 1506 992 οὐχὶ
1536 923 1610 984 ὡς
1643 923 1907 990 διαθήκην
1930 921 2025 973 αὐ-

453 1018 546 1069 τού
573 1035 585 1046 ·
612 1019 673 1069 ού
706 1019 815 1085 γᾶρ
847 1017 1167 1069 διατιθεῖσιν
1206 1018 1255 1068 οἱ
1296 1014 1554 1082 βασιλεῖς,
1586 1015 1721 1067 ἀλλά
1760 1014 2029 1082 προστάτ-

454 1126 661 1161 τουσιν,
719 1108 809 1158 Ἐν
928 1108 1222 1174 προστάξει
1264 1106 1549 1175 διωρίζετο
1590 1106 1716 1158 τάδε
1751 1104 1897 1173 ἆπερ
1934 1104 2027 1156 καὶ

455 1199 691 1268 ἔγραψα,
726 1200 808 1250 ἵνα
840 1199 937 1268 ἔχη
972 1198 1202 1259 ἕκαστος
1229 1198 1337 1249 τῶν
1366 1198 1497 1248 υἱῶν
1527 1196 1695 1248 αὐτοῦ
1725 1198 1752 1248 6
1782 1196 1880 1264 μὲν
1907 1194 2026 1247 τόδε

456 1293 482 1343 ὁ
513 1292 568 1343 δὲ
599 1292 716 1342 τάδε
748 1291 854 1342 ἀπὸ
888 1292 997 1340 τῶν
1057 1291 1203 1341 ίδῖων
1250 1288 1414 1339 αὐτοῦ
1448 1288 1706 1356 λαφύρων
1738 1287 1833 1339 καὶ
1860 1286 2029 1338 λίθων

459 1385 767 1453 πολυτίμων
803 1383 897 1435 καὶ
946 1382 1238 1446 ἀξιολόγων
1292 1380 1468 1442 εἰδῶν,
1512 1378 1702 1451 καὶ,τά
1732 1378 1899 1429 λοιπά
1927 1378 2030 1444 τῆς

363 1468 369 1474 ’
457 1476 645 1534 οὐσίας
688 1473 851 1525 αὐτοῦ
883 1473 1052 1541 ἡτουν
1098 1474 1198 1532 τῆς
1250 1472 1358 1523 ἔσω
1412 1471 1703 1533 παλατίου,
1739 1469 2029 1536 ἱματισμοὶ

459 1566 555 1617 καὶ
607 1564 979 1633 παρασκευαὶ.
1015 1564 1107 1614 ἵνα
1154 1561 1388 1631 μερισθῇ
1436 1563 1516 1623 είς
1568 1560 1814 1629 τέσσαρα
1862 1561 2025 1629 μέρη,

460 1657 540 1715 εἰς
579 1654 976 1723 παραστάσιμα
1032 1656 1125 1704 καὶ
1178 1652 1522 1720 λειτουργίας
1553 1652 1694 1719 ὑπὲρ
1729 1650 1896 1702 αὑτοῦ
1929 1666 2031 1700 κα·

459 1748 749 1798 τεπὲκεινα
805 1744 913 1796 τῶν
970 1745 1240 1813 συνήθων,
1280 1744 1315 1795 ἃ
1369 1743 1676 1804 πολυτελῶς
1722 1743 1816 1794 καλ⁸
1853 1740 2032 1802 καλῶς

459 1840 746 1906 ἐδόθησαν.
776 1837 848 1889 τὰ
879 1837 934 1888 δὲ
973 1837 1138 1905 ἕτερα
1169 1836 1298 1903 τρία
1352 1824 1493 1905 μέρη
1537 1837 1616 1895 είς
1650 1836 1924 1903 πτωχοὺς,
1956 1836 2035 1895 είς

464 1931 688 1999 ἰατροὺς
733 1932 825 1982 καὶ
874 1930 953 1991 είς
1000 1932 1124 1990 τοὺς
1174 1926 1341 1980 αὐτοῦ
1377 1927 1715 1987 κελλιώτας·
1750 1927 2034 1995 ἐπίτροποι

460 2022 519 2075 δὲ
552 2016 688 2076 ὦσιν
716 2024 745 2076 6
776 2021 1151 2090 πνευματικὸς
1179 2019 1343 2072 αὐτοῦ
1369 2021 1396 2072 6
1426 2020 1481 2072 ἐν
1507 2022 1573 2090 τῇ
1603 2018 1709 2072 τῶν
1732 2018 2038 2071 Ξανθοπού-

463 2113 571 2167 λων
626 2113 761 2185 μονῇ
811 2114 1097 2181 Μακάριος
1145 2116 1171 2165 6
1217 2115 1275 2179 ἐξ
1322 2113 1613 2177 Ἰουδαίων,
1646 2116 1673 2165 6
1716 2112 2036 2173 διδάσκοι).ος

474 2206 673 2274 Ἰωσὴφ
708 2207 765 2256 ὲν
796 2208 861 2274 τῇ
896 2206 992 2257 τοῦ
1017 2205 1380 2274 Χαρσιανίτου
1411 2210 1571 2275 μονῇ,
1598 2209 1691 2258 καὶ
1716 2206 1845 2271 ἐγώ.
1879 2204 2035 2273 125

463 2297 573 2350 Καὶ
602 2296 1045 2363 ἀναγνωσθείσης
1078 2297 1280 2363 ταύτης
1309 2298 1371 2366 δὴ
1394 2298 1494 2365 τῆς
1524 2298 1873 2365 προστάξεως
1907 2298 2035 2364 παρ’

464 2387 599 2456 ἐμοῦ
651 2386 963 2455 ἔμπροσθεν
1015 2388 1179 2439 αὑτοῦ
1225 2388 1319 2439 καὶ
1364 2389 1460 2455 τῆς
1491 2387 1781 2457 δεσποίνης
1812 2387 1907 2439 καὶ
1943 2386 2035 2438 τοῦ

465 2476 733 2544 βασιλέως
766 2477 859 2528 καὶ
889 2477 1005 2528 υἱοῦ
1058 2477 1240 2528 αὐτῶν
1291 2478 1385 2528 καὶ
1435 2478 1615 2545 μόνον,
1650 2477 1805 2537 τέλος
1840 2476 2036 2545 προσέ-

464 2569 592 2631 ταξε
644 2567 718 2634 τῷ
770 2566 873 2637 υἱῷ
923 2567 1088 2619 αὑτοῦ
1143 2567 1344 2637 λέγων·
1397 2587 1414 2617 ‹
1456 2567 1550 2618 Υῐέ
1585 2584 1708 2635 μου,
1736 2566 2037 2635 ἦκουςαςά

466 2657 780 2725 προσέταξα
817 2658 914 2727 μὲν
947 2659 1075 2726 ὑμῖν
1127 2658 1258 2727 περὶ
1305 2658 1414 2710 τῶν
1446 2658 1913 2727 ὑπηρετησάντων
1947 2672 2038 2724 μοι

468 2747 614 2800 ἰδίων
650 2766 669 2798 ι
706 2748 937 2815 (ἔγραφε
968 2748 1123 2815 γάρ)’
1162 2766 1180 2798 ι
1208 2749 1256 2799 οἱ
1287 2747 1341 2798 δὲ
1370 2746 1661 2799 κελλιῶταί
1694 2764 1795 2814 μου
1819 2747 1869 2799 oi
1895 2747 2037 2811 ὑπηρ

464 2839 799 2908 ηρετὴσαντές
832 2855 922 2904 μοι
946 2839 1124 2899 καλῶς
1166 2839 1256 2891 καὶ
1281 2838 1540 2898 εὐνοῖκῶς
1584 2838 1882 2889 διάκεινται
1905 2837 2039 2887 ὡσεὶ

467 2929 673 2997 κυρίως
707 2926 843 2995 πρός
877 2943 968 2993 με,
996 2926 1085 2976 ἵνα
1117 2926 1281 2993 ἔχωσι
1329 2925 1480 2993 παρά
1514 2925 1736 2975 πάντων
1764 2923 1876 2973 τῶν
1910 2922 2039 2972 υἱῶν

473 3037 574 3089 μου
614 3017 837 3083 ἀγάπην
867 3032 923 3067 τε
961 3016 1055 3066 καὶ
1085 3015 1351 3083 ἀναδοχὴν
1387 3016 1479 3066 καὶ
1524 3013 1869 3083 προμήθειαν
1898 3012 2040 3063 κατά

469 3110 532 3161 τὸ
568 3105 864 3172 ἀναλογοῦν
896 3106 974 3158 ἐνί
1011 3106 1226 3174 ἑκάστῳ
1251 3105 1450 3158 αὐτῶν.
1493 3104 1819 3174 Ἐξαιρέτως
1847 3103 1903 3154 δὲ
1932 3101 2035 3161 πά-

470 3296 653 3341 nonut
694 3293 1076 3338 testamentum
1143 3293 1321 3338 tamen
1359 3300 1503 3366 :uou
1563 3285 1710 3339 enim
1767 3292 2039 3338 testantur

468 3378 847 3446 imperatores,
870 3377 963 3429 sed
990 3376 1186 3445 jubent
1213 3394 1225 3428 :
1253 3378 1367 3431 lucc
1404 3376 1597 3446 igitur,
1640 3392 1760 3449 quae
1788 3377 1876 3430 ille
1910 3392 2039 3431 con-

468 3465 748 3529 stilttebat,
781 3480 881 3533 ego
912 3465 979 3518 ab
1003 3462 1399 3529 eodemjussus
1447 3463 1640 3531 scripsi
1676 3480 1691 3515 :
1724 3472 1781 3515 ut
1840 3459 2037 3530 stnguli

469 3559 586 3626 ejus
621 3556 711 3608 ﬁlii
737 3557 875 3609 alius
904 3557 1052 3609 aliud
1077 3554 1145 3609 de
1169 3556 1509 3609 ornamentis
1545 3555 1665 3623 ejus
1698 3566 1752 3613 et
1811 3552 2039 3625 gemmis

470 3650 738 3714 rebusque
766 3645 888 3699 aliis
921 3645 1186 3713 pretiosis
1214 3644 1548 3712 acciperent,
1576 3646 1785 3712 reliqua
1854 3651 2035 3695 autem

483 3739 651 3803 bona,
692 3753 808 3804 qua!
840 3735 1059 3805 quidem
1108 3737 1161 3789 in
1196 3736 1398 3805 palatio
1454 3745 1657 3801 essent,
1720 3737 2038 3790 vestimenta

470 3842 520 3883 et
556 3841 868 3899 apparatus,
898 3832 950 3884 in
995 3840 1228 3899 quatuor
1257 3839 1439 3900 partes
1468 3830 1840 3885 dividerentur
1876 3846 2042 3899 :qua-

472 3937 593 3976 rum
625 3936 729 3975 una
756 3930 1169 3975 consumeretur
1226 3923 1281 3974 in
1325 3921 1560 3991 liturgiis
1620 3922 2041 3976 etecclesiarum

469 4012 804 4068 ornamentis
833 4028 994 4080 supra
1026 4014 1241 4067 solitum
1270 4015 1487 4067 modum
1551 4014 1904 4079 adornandis,
1926 4028 2044 4081 qua:

471 4119 602 4160 sane
620 4118 946 4172 magnoeum
976 4114 1193 4171 sumptu
1225 4104 1584 4172 etsplendore
1608 4104 1856 4160 instituta
1882 4112 2041 4169 sunt;

474 4194 693 4263 re"qua:
716 4203 825 4247 tres
857 4192 1317 4248 distribuerentur
1352 4193 1707 4262 pauperibus,
1742 4192 1965 4247 medicis
1987 4200 2041 4247 et

474 4286 787 4342 rimesticis
808 4285 946 4353 ejus.
981 4285 1278 4339 Curatores
1311 4294 1489 4337 autem
1550 4294 1737 4338 essent
1782 4283 2042 4351 spiritua-

2132 481 2224 533 μοι
2256 463 2543 515 ἐδούλευσε
2574 462 2669 514 καὶ
2705 463 2785 523 εἰς
2821 463 3003 514 πάντα
3034 461 3104 515 τά
3141 461 3240 530 τῆς
3270 461 3454 530 ψυχῆς
3482 478 3593 530 μου
3618 462 3721 514 καὶ

2129 556 2379 623 σώματος
2410 553 2769 623 ἐθεράπευσε,
2799 555 2896 605 καὶ
2930 552 3024 605 νῦν
3055 554 3134 615 είς
3180 553 3247 605 τὰ
3278 554 3381 620 τῆς
3414 553 3720 614 ἀσθενείας

2130 663 2235 714 μου
2273 647 2458 698 πλεῖον
2510 644 2621 697 τῶν
2670 644 2848 697 ἄλλων
2881 643 3206 713 θεραπεύει.
3250 644 3326 706 ὡς
3368 644 3463 697 καὶ
3499 645 3719 708 ὲλπξζω

2127 738 2208 791 δτι
2260 736 2355 789 καὶ
2406 737 2474 790 τά
2531 736 2634 803 τῆς
2670 736 2853 806 ψυχῆς
2898 753 2997 806 μου
3041 737 3180 805 μετὰ
3239 737 3471 790 θάνατον
3526 737 3719 796 καλῶς

2128 833 2486 902 οἰκονομήσῃ.
2526 831 2593 883 Ἦ
2629 832 2821 900 νεότης
2855 832 2963 902 γὰρ
3011 832 3178 884 αὐτοῦ
3212 832 3306 884 καὶ
3338 833 3399 883 τὸ
3436 835 3615 901 γῖρας
3653 830 3717 882 τὸ

2130 925 2261 991 ἐμὸν
2292 924 2392 976 οὐκ
2442 925 2635 977 εἴασαν
2669 924 2929 991 γενέσθαι
2975 941 3028 976 τι
3081 924 3415 994 πρὸς-αὐτὸν
3449 924 3715 987 ἀντάξιον

2129 1014 2234 1079 τῆς
2284 1014 2505 1080 ἀγάπης
2550 1014 2648 1066 καὶ
2694 1012 3022 1082 δουλοσύνης
3054 1014 3123 1085 ἦν
3163 1012 3428 1081 ἐφύλαξεν
3453 1017 3533 1076 εἰς
3564 1016 3671 1083 ἐμέ
3697 1032 3714 1045 ·

2132 1105 2217 1159 διὰ
2268 1105 2425 1156 τοῦτο
2465 1105 2669 1174 ἀφίημι
2722 1106 2882 1157 αὐτόν
2935 1123 3052 1159 σοι·
3084 1108 3178 1159 καὶ
3227 1108 3372 1170 ὅπως
3404 1112 3502 1175 τῆς
3537 1110 3716 1175 εὐχῆς

2133 1198 2225 1249 καλ.
2250 1197 2499 1262 εὐλογίας
2535 1196 2636 1264 τῆς
2665 1196 2808 1264 ἐμῆς
2836 1197 3026 1269 τύχῃς,
3052 1198 3080 1249 δ
3123 1199 3193 1251 δι’
3236 1200 3417 1252 αἰτίαν
3448 1201 3714 1268 τοισιύτιςτν

2134 1290 2265 1355 παρ’
2290 1287 2425 1356 ἐμοῦ
2460 1287 2562 1339 οὐκ
2592 1288 2811 1354 ἐγένετο
2842 1287 3012 1356 αύτῷ,
3049 1288 3209 1351 αὐτὸς
3240 1291 3489 1357 ποίησον.
3534 1310 3553 1341 ›
3595 1292 3713 1343 Καὶ

2130 1380 2305 1433 ταῦτα
2349 1380 2501 1446 ἔλεγε
2549 1379 2645 1430 καὶ
2696 1379 3031 1450 προσέταττε
3066 1382 3195 1449 περὶ
3241 1380 3395 1449 ἐμοῦ.
3445 1381 3605 1433 Ἐπεὶ
3651 1382 3710 1435 ῖὲ

2132 1470 2226 1521 καὶ
2266 1469 2403 1537 μετά
2436 1468 2532 1521 τοῦ
2582 1468 2848 1520 δεσπότου
2901 1470 3007 1536 κὺρ
3041 1472 3458 1523 Κωνσταντίνου
3500 1472 3711 1540 πολλὴν

2134 1559 2353 1627 ἀγάπην
2404 1554 2551 1628 εἶχον
2605 1558 2760 1625 κάγὼ
2808 1561 2904 1612 καὶ
2957 1562 3361 1630 πληροφορίαν,
3409 1564 3475 1631 ἢν
3508 1565 3534 1615 6
3572 1563 3711 1624 Θεὸς

2133 1651 2451 1718 ἀπεδέχετο,
2500 1651 2560 1714 ἐξ
2597 1651 2778 1713 αίτίας
2812 1651 3069 1720 τοιαύτης
3103 1653 3186 1705 ὅτι
3233 1652 3327 1704 τοῦ
3363 1657 3569 1724 πατρός
3604 1671 3707 1720 μου

2134 1746 2161 1795 6
2207 1744 2431 1811 ἀδελφὸς
2462 1737 2530 1813 ἦν
2571 1743 2733 1794 αύτοῦ
2782 1744 3161 1812 παιδαγωγὸς
3198 1746 3292 1798 καὶ
3326 1748 3374 1798 oi
3410 1749 3511 1799 υἱοὶ
3546 1748 3709 1818 126

2136 1834 2301 1888 αὐτοῦ
2331 1837 2377 1886 οἱ
2407 1835 2528 1903 ἐμοὶ
2560 1835 2844 1903 ἐξάδελφοι
2878 1836 3272 1904 συνανάτροφοι
3309 1837 3458 1905 αὐτῷ
3493 1840 3586 1889 καὶ
3616 1840 3704 1905 φί-

2136 1928 2216 1981 λοι
2246 1929 2340 1980 καὶ
2373 1927 2547 1979 δοῦλοι
2580 1927 2747 1995 αὐτῷ,
2776 1929 2871 1980 καὶ
2922 1928 3031 1994 ἐγὼ
3066 1929 3185 1997 μετ’
3210 1928 3412 1982 αὐτῶν.
3450 1923 3581 1980 Εἶτα
3611 1929 3703 1981 το]

2138 2019 2330 2089 καιροῦ
2373 2021 2631 2087 φέροντος
2683 2020 2960 2072 οῖκείωσιν
2999 2021 3133 2090 ἐμοῦ
3178 2023 3312 2089 πρὸς
3346 2023 3437 2075 τὸν
3471 2022 3702 2090 μακαρί-

2136 2130 2239 2178 την
2293 2114 2386 2164 καὶ
2435 2113 2681 2179 ἀοίδιμον
2730 2113 2946 2180 πατέρα
2982 2112 3167 2176 αὑτοῦ,
3196 2116 3287 2164 καὶ
3314 2113 3415 2166 ὅσα
3458 2113 3607 2181 αὐτῷ
3636 2108 3704 2181 ἦν

2137 2205 2413 2270 ἀναγκαῖα
2442 2203 2508 2254 δι’
2539 2203 2675 2270 ἐμοῦ
2710 2202 2994 2273 εὕρισκεν.
3058 2204 3282 2269 Ἠγάπα
3309 2204 3418 2277 γὰρ
3450 2204 3593 2273 ἔχειν
3637 2220 3702 2270 με

2139 2291 2369 2343 καθόλου
2421 2292 2499 2353 εἰς
2550 2291 2647 2362 τὴν
2697 2292 2862 2344 αὑτοῦ
2898 2293 3223 2362 δουλοσύνην
3252 2310 3266 2324 ’
3303 2293 3563 2358 συνήθεια
3594 2293 3703 2359 γὰρ

2138 2379 2204 2455 ἦν
2238 2384 2331 2436 καὶ
2367 2383 2518 2447 τάξις
2567 2385 2625 2435 ἐν
2654 2385 2769 2446 τοῖς
2816 2384 2925 2436 τῶν
2982 2384 3251 2453 βασιλέων
3303 2386 3474 2446 οἴκοις
3503 2386 3703 2452 χωρεῖν

2139 2475 2266 2535 τοὺς
2296 2474 2404 2526 τῶν
2434 2474 2690 2543 πατέρων
2725 2474 3023 2537 κελλιὼτας
3053 2478 3109 2528 ἐν
3136 2478 3249 2538 τοῖς
3277 2477 3384 2527 τῶν
3423 2475 3551 2527 υίῶν
3578 2475 3701 2526 κελ-

2140 2565 2299 2631 λίοις,
2349 2564 2465 2617 ἀλλ’
2513 2565 2637 2634 οὐχὶ
2690 2566 2817 2627 τοὺς
2865 2565 2975 2617 τῶν
3009 2566 3141 2619 υἱῶν
3174 2565 3472 2627 κελλιὼτας
3500 2566 3558 2618 ἐν
3592 2569 3705 2626 τοῖς

2137 2657 2231 2708 τοῦ
2266 2656 2473 2725 πατρός
2496 2671 2511 2687 ⁸
2537 2656 2694 2708 τοῦτο
2714 2656 2770 2708 δὲ
2796 2656 2876 2708 ἐτι
2903 2656 3124 2719 ζώντων
3150 2659 3259 2709 τῶν
3288 2659 3565 2727 πατέρων,
3591 2656 3705 2709 ἀλλ’

2141 2746 2259 2815 οὐχὶ
2296 2746 2435 2813 μετὰ
2461 2746 2714 2803 θάνατον.
2773 2746 2862 2809 Ὠς
2909 2747 3002 2801 οὖν
3038 2748 3310 2801 ἀπέθανεν
3336 2752 3363 2799 ὁ
3396 2749 3705 2817 μακαρίτης

2141 2839 2235 2889 καὶ
2280 2837 2524 2906 ἀοίδιμος
2576 2839 2762 2906 πατὴρ
2811 2838 2997 2903 αὑτοῦ,
3034 2840 3171 2907 μετά
3204 2839 3262 2891 τὸ
3297 2839 3511 2909 πρῶτον
3542 2839 3707 2891 αὑτοῦ

2144 2929 2488 2997 μνημόσυνον
2523 2928 2946 2997 ἐπεστρέψαμεν
2983 2930 3183 2991 πάντες
3222 2928 3588 2982 οίοιελλιῶται
3611 2931 3704 2981 a6-

2069 3042 2110 3103 ο
2142 3020 2235 3072 τοῦ
2265 3022 2343 3082 είς
2388 3020 2449 3101 τὸ
2482 3019 2741 3073 παλάτιον
2764 3034 2779 3050 '
2814 3021 2934 3085 ἔθος
2980 3022 3090 3090 γάρ
3124 3024 3240 3076 ἐστι
3274 3023 3367 3077 καὶ
3400 3020 3576 3084 τοῦτο,
3621 3021 3703 3075 ὅτι

2141 3114 2189 3165 οἱ
2220 3098 2512 3165 κελλιῶται
2539 3112 2707 3171 αὑτοῦ
2740 3112 2806 3183 δὴ
2834 3112 2930 3171 τοῦ
2964 3112 3230 3183 βασιλέως
3258 3113 3590 3185 καταμένειν
3614 3114 3704 3164 ἐπὶ

2142 3288 2262 3341 dem
2293 3286 2479 3350 etiam,
2505 3301 2625 3356 quae
2655 3289 2719 3341 ad
2753 3287 2991 3343 animam
3026 3304 3199 3343 meam
3229 3296 3355 3359 post
3384 3290 3699 3345 obitumex-

2140 3378 2393 3446 piandam
2425 3380 2725 3447 pertinent,
2776 3378 2944 3446 probe
2996 3380 3493 3437 administraturum
3543 3393 3683 3435 esse.

2142 3467 2247 3521 Per
2276 3469 2445 3536 ipsius
2481 3470 2627 3522 enim
2666 3470 3009 3538 juventutem
3039 3478 3092 3524 et
3142 3482 3473 3527 senectutem
3520 3484 3684 3525 tuesm

2143 3573 2248 3612 non
2283 3560 2453 3626 licuit,
2486 3561 2631 3631 quod
2662 3576 2847 3615 amore
2874 3576 2935 3617 ac
2968 3564 3175 3627 studio.
3206 3563 3473 3631 (μιωωὶὴί
3499 3564 3695 3633 prasti-

2146 3650 2227 3712 tit,
2267 3651 2482 3719 dignum
2513 3660 2677 3716 esset,
2708 3653 2782 3706 illi
2816 3654 3039 3709 referre.
3068 3656 3247 3721 Quare
3272 3655 3369 3711 tibi
3396 3671 3521 3711 eum
3554 3668 3699 3709 com-

2144 3742 2317 3806 mitto,
2354 3751 2517 3810 atque
2540 3753 2821 3812 spero,te,
2877 3755 2963 3811 ut,
3012 3762 3130 3816 qua:
3159 3757 3352 3817 exopto
3410 3759 3707 3815 precorque

2143 3832 2263 3897 tibi,
2291 3834 2631 3901 adipiscaris,
2661 3836 3031 3905 suppleturum
3059 3853 3207 3902 esse,
3265 3840 3411 3908 quod
3442 3839 3586 3891 illam
3640 3836 3709 3889 ob
3766 3852 3769 3853 '

2144 3938 2357 3976 causam
2392 3922 2677 3979 Phrantzze
2703 3928 2819 3993 ipse
2850 3938 3106 3997 prastare
3137 3944 3241 3983 non
3292 3929 3468 3996 potui.
3518 3947 3537 3978 ι
3584 3928 3707 3980 [lare

2146 4014 2237 4068 ille
2268 4014 2441 4068 deme
2476 4016 2607 4070 dixit
2646 4027 2700 4071 et
2744 4020 3023 4089 praecepit.
3091 4018 3475 4075 lntercedebat
3530 4032 3705 4073 autem

2144 4105 2309 4159 etiam
2366 4121 2490 4160 cum
2541 4106 2900 4163 Constantino
2954 4109 3198 4181 deSpota,
3250 4111 3488 4165 numinis
3543 4110 3704 4164 divini

2145 4196 2343 4265 gratia,
2380 4212 2572 4267 magna
2613 4198 2744 4252 mihi
2787 4196 3151 4267 familiaritas,
3178 4216 3301 4257 eum
3366 4203 3542 4270 patris
3608 4203 3707 4255 mei

2147 4287 2315 4342 frater
2346 4299 2645 4358 praeceptor
2674 4291 2794 4359 ejus
2825 4302 2988 4357 esset,
3018 4302 3073 4347 et
3126 4294 3288 4363 hujus
3340 4294 3458 4362 ﬁlii,
3517 4296 3709 4349 fratres

418 4388 423 4391 ‘
476 4376 542 4431 lis
573 4385 725 4443 pater
753 4373 870 4444 ejus
896 4374 1184 4435 Macarius.
1233 4373 1438 4441 qui.“
1487 4370 1688 4429 ludatis
1751 4374 2038 4437 oriundus,
2074 4388 2116 4441 ι)
2146 4380 2249 4433 mei
2281 4382 2571 4446 patrueles,
2598 4397 2705 4435 una
2746 4398 2871 4435 eum
2909 4382 3001 4437 illo
3033 4384 3422 4449 educarentur,
3459 4387 3512 4439 in
3568 4388 3709 4453 ejus-

476 4465 528 4516 in
552 4463 1017 4532 Xantllopulorum
1054 4462 1390 4516 monasterio
1414 4471 1534 4516 erat
1566 4501 1582 4526 ,
1610 4461 1898 4532 Josephus,
1931 4477 2044 4516 mo-

477 4556 700 4609 nasterii
748 4553 1167 4609 Charsianensis
1202 4555 1488 4621 magister,
1552 4562 1713 4621 atque
1740 4566 1860 4622 ego.
1920 4552 2044 4607 Haec

476 4663 597 4699 cum
631 4662 814 4701 coram
861 4646 979 4713 ipso
1037 4643 1305 4710 Manucle,
1350 4644 1698 4713 irnperatrice
1735 4652 1791 4698 et
1849 4660 2036 4699 eorum

479 4740 589 4793 ﬁlio
634 4739 983 4808 imperatore,
1028 4748 1081 4791 et
1124 4736 1190 4790 iis
1237 4736 1367 4791 solis
1429 4735 1673 4806 quidem,
1706 4736 2042 4803 recitassem,

479 4836 753 4897 postremo
783 4830 1081 4895 imperator
1101 4828 1172 4880 ita
1195 4827 1305 4881 ﬁlio
1322 4842 1421 4881 suo
1445 4827 1702 4897 praecepit
1735 4842 1752 4880 :
1780 4826 2042 4893 «Audisti,

482 4920 554 4972 liii
594 4920 685 4979 mi,
718 4934 840 4985 quae
864 4918 1015 4973 vobis
1042 4933 1204 4988 super
1227 4918 1499 4973 ministris
1530 4920 1665 4974 meis
1704 4919 1860 4987 jussa
1893 4920 2043 4975 dedi.

480 5003 837 5060 Cubiculariis
868 5016 1046 5060 autem
1077 5044 1093 5070 ,
1127 5007 1218 5075 qui
1261 5008 1489 5076 pulchre
1545 5008 1678 5062 mihi
1704 5019 1760 5063 et
1806 5010 2048 5064 studiose

480 5096 807 5157 srrvieruut,
839 5096 1165 5165 praecipuam
1196 5098 1425 5166 gratiam
1460 5098 1655 5165 habeo,
1710 5109 1871 5170 atque
1898 5101 2042 5162 volo.

480 5194 539 5238 ut
570 5184 638 5239 ab
664 5185 916 5259 omnibus
944 5184 1068 5239 ﬁliis
1117 5186 1253 5240 meis
1280 5187 1331 5241 id
1369 5187 1475 5243 illis
1499 5190 1719 5258 amoris,
1765 5192 1947 5247 tutelae
1990 5202 2048 5247 et

481 5275 646 5329 studii
683 5278 983 5344 contingat,
1026 5278 1168 5344 quod
1193 5278 1394 5348 cuique
1421 5284 1700 5337 convenit.
1735 5282 1923 5353 Itaque
1990 5285 2042 5338 in

482 5367 671 5436 primis
699 5368 839 5425 hunc
874 5368 968 5421 tibi
999 5367 1311 5425 Phrantzen
1349 5375 1693 5441 commendo,
1717 5377 1807 5444 qui
1833 5376 2049 5445 egregie

480 5459 992 5524 nitlriministravit,
1036 5461 1402 5531 omnibusque
1461 5466 1628 5520 animi
1688 5479 1741 5521 et
1798 5468 2047 5537 corporis

481 5551 780 5606 rninmodis
797 5565 919 5605 cum
955 5561 1081 5605 ante
1099 5555 1457 5623 prospexerit,
1489 5566 1601 5611 tum
1625 5572 1767 5613 nunc
1793 5560 1845 5613 in
1873 5572 2048 5627 aegro-

482 5642 687 5694 tatione
718 5656 835 5698 mea
864 5656 974 5712 prae
1012 5646 1226 5699 caeteris
1269 5645 1549 5714 prospicit,
1586 5662 1649 5703 ac
1678 5662 1858 5717 spero,
1900 5663 2051 5702 eum-

2145 4467 2377 4537 demque
2420 4482 2603 4523 essent
2664 4472 2857 4525 amicis
2890 4481 2947 4526 et
3000 4474 3325 4529 ministris:
3386 4476 3709 4544 quibuscum

2146 4572 2245 4625 ego
2276 4559 2331 4611 in
2365 4559 2512 4613 illius
2543 4560 2671 4614 veni
2700 4560 3157 4618 familiaritatem.
3218 4565 3444 4628 Deinde,
3508 4565 3713 4622 ferente

2145 4647 2217 4701 ita
2244 4659 2506 4717 tempore,
2540 4651 2598 4707 in
2625 4651 2770 4706 beati
2809 4660 2864 4707 et
2898 4653 3117 4723 gloriosi
3146 4657 3320 4725 patris
3374 4657 3491 4726 ejus
3553 4659 3712 4711 mini-

2145 4739 2366 4792 sterium
2398 4742 2610 4807 transii,
2642 4742 2731 4811 qui
2750 4742 2807 4815 in
2834 4745 2981 4797 omni
3012 4760 3071 4800 re
3099 4746 3200 4800 sibi
3222 4748 3530 4802 necessaria
3550 4762 3712 4816 opera

2146 4843 2265 4882 mea
2294 4830 2563 4887 utebatur.
2618 4832 2851 4889 Prorsus
2896 4836 3041 4891 enim
3069 4838 3323 4907 cupiebat
3353 4840 3405 4892 in
3473 4855 3575 4893 suo
3628 4854 3712 4893 me

2148 4916 2350 4971 habere
2410 4919 2735 4974 ministerio.
2802 4921 2952 4977 More
3001 4934 3185 4979 autem
3219 4936 3275 4980 et
3320 4930 3714 4983 consuetudine

2150 5018 2422 5075 receptum
2453 5021 2572 5065 erat
2603 5011 2656 5065 in
2711 5013 3098 5082 imperatorum
3134 5018 3375 5088 palatiis,
3414 5029 3474 5073 ut
3500 5030 3711 5089 patrum

2152 5100 2475 5155 cubicularii
2500 5102 2552 5155 in
2572 5103 2816 5156 cubicula
2844 5104 3073 5159 filiorum
3096 5108 3385 5175 intrarent,
3403 5127 3508 5165 non
3528 5122 3715 5166 contra

2150 5192 2379 5244 ﬁliorum
2400 5193 2714 5248 cubicularii
2740 5195 2791 5248 in
2813 5197 3061 5252 cubicula
3083 5201 3271 5266 patris,
3293 5201 3453 5270 idque
3470 5203 3605 5257 vivis
3627 5217 3718 5269 pa-
3789 5217 3796 5224 ’

2154 5281 2345 5347 tribus,
2376 5297 2479 5337 non
2503 5293 2623 5352 post
2645 5286 2953 5339 earumdem
2974 5298 3225 5343 mortem.
3243 5289 3533 5361 Postquam
3560 5292 3719 5358 igitur

2150 5372 2282 5426 obiit
2307 5374 2495 5430 beatus
2515 5388 2568 5430 et
2585 5377 2849 5445 gloriosus
2898 5390 3052 5448 pater
3073 5382 3213 5449 ejus,
3238 5386 3481 5453 peractis
3514 5380 3589 5439 illi
3612 5385 3720 5451 pri-

2152 5466 2258 5517 mis
2285 5464 2475 5534 justis,‘
2532 5484 2723 5525 omnes
2770 5472 3093 5527 cubicularii
3164 5477 3287 5543 ejus
3359 5478 3411 5531 in
3461 5478 3715 5548 palatium

2154 5557 2357 5609 reversi
2390 5572 2600 5614 sumus.
2626 5560 2759 5615 Nam
2805 5564 2894 5619 hic
2928 5580 3148 5634 quoque
3183 5583 3298 5621 mos
3326 5577 3495 5635 tenet,
3526 5579 3581 5621 u-t
3621 5583 3716 5620 cu-

2156 5648 2403 5704 bicularii
2434 5647 2781 5721 imperatoris
2815 5659 2959 5710 circa
2994 5658 3302 5725 sepulcrum
3370 5661 3486 5728 ejus
3545 5675 3721 5715 inanev
