4096 6300
390 323 495 386 741

1425 301 1869 369 CHRONICDN
1902 295 2172 358 MAJUS.
2218 321 2287 333 -
2331 293 2476 354 LIB.
2532 291 2614 351 ll.

3529 286 3633 355 742

392 439 483 491 τὸν
534 435 706 505 τάφον
759 432 923 487 αὐτοῦ
960 432 1126 501 μέχρι
1160 429 1256 481 τοῦ
1312 427 1530 496 πρώτου
1590 417 1960 493 μνημοσύνου.
1994 417 2037 472 Α
2066 410 2252 505 νήσου,
2277 411 2371 505 καὶ
2405 409 2453 505 εί
2479 407 2589 505 Δμὲν
2620 407 2645 455 ό
2674 405 2903 505 ἀδελφός
2954 423 3073 505 μου-
3108 404 3269 505 μείμνη
3298 408 3496 505 ἐκεῖσε,
3533 428 3630 479 με-

392 533 505 586 Kal.
534 530 710 591 οὕτως
756 528 1075 595 ἀπήλθομεν
1126 525 1206 584 είς
1252 523 1351 592 τὴν
1404 519 1608 583 οἰκίαν,
1643 514 1769 567 ἔνθα
1801 511 1964 565 κατέ-

395 640 561 693 μενεν
595 624 622 673 6
654 618 846 689 ῥηθεὶς
887 618 1158 683 δεσπότης
1196 615 1301 682 κὺρ
1330 610 1763 670 Κωνσταντῖνος,
1809 604 1962 658 καθί-

396 730 590 776 σαντες
616 714 721 777 ἔξω
754 710 829 772 ὡς
882 711 931 762 οἱ
967 707 1173 760 πολλοί.
1205 704 1411 757 Μαθὼν
1442 702 1497 753 δὲ
1531 700 1689 753 τοῦτο
1718 702 1743 751 ό
1770 698 1961 751 δεσπό-

394 823 493 877 της
523 802 856 864 ἀποστείλας
900 800 989 851 τὸν
1038 796 1178 849 θεῖόν
1214 811 1337 863 μου,
1376 792 1467 845 καὶ
1494 790 1687 860 εἴρηκέ
1718 805 1809 858 μοι
1841 787 1960 839 δεσ-

397 894 608 963 ποτικῷ
634 892 1018 962 προστάγματι
1051 889 1132 941 ὅτι
1166 888 1237 939 Σὺ
1277 886 1375 954 μὲν
1402 884 1710 952 τετήρηκας
1740 879 1837 948 τὴν
1866 879 1962 930 τά-

401 987 481 1050 ξιν
518 984 612 1038 καὶ
645 983 743 1034 οὐκ
784 978 1034 1049 εἰσῆλθες
1082 981 1163 1041 είς
1210 976 1271 1029 τὸ
1315 973 1526 1029 κελλίον
1559 989 1659 1041 μου
1690 971 1745 1036 ἐξ
1774 966 1959 1039 ὀρθοῦ,

398 1078 473 1139 ὡς
508 1075 627 1137 ἔθος
664 1090 747 1125 σοι
779 1067 846 1142 ἦν
900 1070 978 1122 ἔτι
1025 1070 1228 1132 ζῶντος
1269 1068 1361 1119 τοῦ
1414 1064 1668 1125 αὐθεντός
1719 1079 1819 1131 μου
1866 1060 1961 1112 καὶ

398 1167 664 1238 βασιλέως
698 1166 791 1217 καὶ
842 1164 1047 1232 πατρός
1077 1177 1089 1191 ·
1127 1160 1266 1228 πλὴν
1312 1160 1473 1229 ἡμεῖς
1505 1156 1779 1226 ὀφειλέται
1810 1153 1961 1213 ὄντες

395 1261 496 1327 τῆς
525 1259 749 1326 ἀγάπης
778 1257 871 1307 καὶ
902 1254 1233 1321 δουλοσύνης
1263 1254 1363 1321 τῆς
1395 1252 1547 1327 «apd.
1579 1249 1674 1302 σοῦ
1702 1250 1838 1319 πρὸς
1864 1249 1963 1301 αὐ-

397 1351 489 1403 τὸν
517 1351 611 1401 καὶ
644 1349 779 1413 πρὸς
815 1348 984 1415 ἡμᾶς,
1031 1344 1437 1414 εὐεργετοῦμέν
1467 1361 1528 1395 σε
1576 1341 1673 1395 τοῦ
1705 1340 1963 1396 δύνασθαι

402 1443 659 1513 ἔρχεσθαι
691 1440 752 1504 ἐξ
780 1438 943 1508 όρθοῦ
985 1438 1077 1490 καὶ
1120 1438 1201 1499 είς
1256 1437 1318 1489 τὸ
1367 1435 1577 1489 κελλίον
1613 1452 1737 1504 μου,
1766 1433 1840 1494 ὡς
1869 1433 1964 1485 καὶ

398 1537 664 1603 πρότερον
703 1531 861 1600 127
896 1531 1103 1591 ἐποίεις
1135 1528 1213 1580 ἔτι
1246 1528 1447 1592 ζῶντος
1474 1526 1565 1578 τοῦ
1599 1525 1808 1594 πατρός
1837 1540 1961 1591 μου.

400 1621 771 1691 Προσταχθεὶς
802 1616 896 1671 οὖν
938 1619 1087 1687 παρὰ
1138 1615 1232 1669 τοῦ
1285 1615 1549 1685 βασιλέως
1598 1615 1688 1665 καὶ
1733 1612 1965 1679 ἀδελφοῦ

399 1713 565 1767 αὐτοῦ
615 1714 703 1765 ἴνα
748 1708 1127 1763 συνακολουθῶ
1167 1708 1317 1777 αὐτῷ
1360 1705 1721 1776 ἀπερχομένῳ
1752 1704 1965 1797 είςῌε-
1992 1738 2038 1797 Β

397 1807 748 1872 λοπόννησον,
773 1802 841 1854 δι’
890 1802 1070 1853 αἰτίαν
1106 1801 1172 1867 ἥν
1224 1797 1603 1865 ἐδηλώσαμεν,
1650 1795 1962 1864 προστάξας

400 1912 493 1964 μοι
519 1896 740 1965 εἴρηκεν
770 1893 967 1961 ἐξόχως
995 1893 1022 1943 6
1046 1890 1232 1959 ῥηθεὶς
1255 1888 1522 1955 δεσπότης
1546 1887 1652 1955 κὺρ
1674 1886 1963 1936 Κωνσταν-

396 1987 538 2043 τίνος
573 1981 823 2051 περὶτοῦ
858 1980 1075 2050 μέλλειν
1108 1977 1522 2031 συνακολουθεῖν
1563 1976 1656 2029 καὶ
1686 1975 1783 2027 σὺν
1815 1973 1961 2040 αὐτῷ

400 2070 541 2125 εἶναί
580 2090 647 2141 με
676 2088 690 2103 ο
721 2072 876 2139 κάγὼ
925 2068 1204 2137 ἀναφέρας
1254 2068 1407 2137 αὐτῷ
1449 2063 1576 2119 εἶπα
1606 2068 1687 2118 ὅτι
1722 2066 1815 2119 καὶ
1853 2065 1964 2131 ἐγὼ

403 2162 587 2231 μεῖζον
612 2161 817 2214 τούτων
847 2160 1131 2229 ἐπιθυμῶ,
1168 2158 1478 2228 σωζομένου
1507 2159 1669 2227 μόνον
1706 2158 1793 2211 ἵνα
1821 2158 1963 2225 μετὰ

399 2252 666 2321 ἀποδοχῆς
695 2252 788 2304 καὶ
815 2252 1237 2321 προστάγματος
1271 2250 1363 2303 τοῦ
1389 2249 1660 2319 βασιλέως
1692 2250 1787 2301 καὶ
1812 2249 1964 2301 ἀδελ-

401 2341 501 2408 φοῦ
552 2340 718 2394 αὐτοῦ
768 2342 1014 2410 γένηται.
1080 2342 1140 2395 ’0
1169 2340 1226 2393 δὲ
1276 2342 1521 2411 ζητήσας
1576 2358 1641 2409 με
1684 2341 1837 2410 παρά
1866 2340 1960 2393 τσῦ

400 2434 634 2502 ἀδελφοῦ
680 2432 844 2487 αὐτοῦ
900 2435 1039 2502 μετά
1091 2433 1265 2500 λόγων
1298 2432 1724 2501 παρακλητικῶν
1754 2434 1848 2487 καὶ
1882 2434 1965 2486 αξ-

398 2527 531 2578 τιῶν
582 2524 924 2591 ἀναγκαίων,
972 2524 1031 2587 ἐξ
1084 2518 1158 2578 ὦν
1211 2524 1557 2590 ἠναγκάζετο
1610 2522 1755 2591 ἔχειν
1799 2524 1963 2576 αὐτὸν

400 2615 588 2685 χρείαν
622 2614 779 2681 ἐμοῦ,
824 2615 1031 2675 ἐκεῖνος
1063 2614 1117 2665 δὲ
1146 2614 1477 2682 ἀπεκρίνατο
1496 2613 1571 2675 ὡς
1604 2614 1664 2665 τὸ
1687 2612 1963 2683 ζητούμε-

400 2724 490 2760 νον
510 2706 767 2758 ἀδύνατόν
784 2707 950 2767 ἐστιν,
977 2703 1119 2774 οὐιδι’
1139 2704 1295 2756 ἀλλον
1316 2705 1362 2755 εἰ
1387 2704 1459 2772 μὴ
1524 2705 1610 2757 ἵνα
1625 2706 1699 2775 μὴ
1721 2705 1962 2775 ἀθετὴσῃ

420 2796 485 2849 τὸ
535 2796 627 2848 τοῦ
679 2796 886 2864 πατρὸς
939 2797 1268 2865 πρόσταγμα
1324 2796 1416 2846 καὶ
1440 2795 1538 2864 τὴν
1574 2797 1710 2863 πρὸς
1759 2798 1963 2848 ἐκεῖνον

400 2888 539 2956 ἐμὴν
566 2887 653 2938 διὰ
681 2887 949 2953 πόματος
979 2886 1301 2953 παράδοσιν.
1358 2885 1417 2937 Ὀ
1448 2884 1504 2938 δὲ
1538 2884 1697 2938 πάλιν
1728 2886 1962 2954 ἐζήτησε

399 2977 558 3031 τοῦτο
590 2977 677 3030 διά
698 2978 797 3043 τῆς
828 2976 1119 3045 δεσποίνης
1147 2977 1241 3028 καὶ
1276 2977 1479 3045 μητρὸς
1506 2976 1673 3029 αὐτοῦ
1696 2977 1791 3028 καὶ
1822 2977 1962 3043 μετά

401 3068 590 3121 αἰτιῶν
617 3067 955 3135 ἀναγκαίων,
983 3069 1081 3121 καὶ
1109 3068 1264 3135 μόλις
1289 3067 1589 3136 προσέταξε
1611 3068 1769 3119 τοῦτο
1789 3066 1960 3120 εἰπὼν
1986 3081 2030 3139 c

402 3159 485 3212 ὃτι
519 3158 751 3214 Ἐλθέτω
781 3158 899 3228 μεθ’
923 3157 1077 3227 ήμῶν
1100 3160 1420 3229 όΦραντζῆς
1445 3159 1549 3220 ἕως
1577 3161 1672 3227 τῆς
1700 3160 1963 3211 Πελοπον-

403 3346 497 3392 aut
526 3352 698 3404 usque
726 3336 790 3388 ad
821 3336 991 3402 prima
1018 3351 1173 3390 sacra
1196 3334 1480 3390 funeralia.
1516 3336 1591 3389 ita
1618 3340 1829 3391 demum
1894 3339 1960 3391 ad

402 3430 568 3495 tedes,
591 3429 644 3481 in
675 3426 872 3495 quibus
902 3426 1294 3480 Constantinus
1323 3428 1545 3493 despota
1584 3430 1960 3481 commoraba-

406 3534 515 3585 tur,
540 3518 907 3581 discessimus,
947 3516 1187 3585 forisque
1221 3527 1279 3570 ut
1297 3517 1480 3570 cazteri
1508 3518 1777 3586 plerique,
1834 3536 1963 3573 con—

404 3609 661 3662 sedimus.
690 3606 841 3671 Quod
902 3606 987 3659 ubi
1015 3606 1218 3660 audivit
1266 3608 1510 3675 deSpota,
1576 3610 1725 3663 misit
1758 3612 1822 3661 ad
1879 3626 1962 3664 ine

405 3708 649 3766 patruum
672 3712 870 3759 meum,
887 3698 976 3765 qui
1006 3709 1107 3751 suo
1127 3698 1339 3751 nomine
1357 3700 1429 3751 ita
1449 3700 1578 3752 milii
1598 3702 1959 3753 renuntiaret:

410 3806 430 3840 ι
454 3788 614 3842 Recte
637 3799 687 3842 tu
715 3788 931 3857 quidem
956 3804 1157 3843 morem
1181 3790 1504 3851 observasti,
1528 3798 1580 3842 nt
1603 3807 1707 3843 non
1730 3792 1962 3846 intrares

404 3880 583 3935 statim
604 3881 657 3933 in
681 3880 983 3934 cubiculum
998 3895 1201 3943 meum,
1226 3891 1283 3933 ut
1304 3889 1448 3946 ante,
1467 3882 1593 3936 vivo
1613 3883 1959 3949 imperatore,

404 3980 553 4041 patre
573 3986 713 4035 meo,
742 3971 953 4027 solebas
976 3971 1154 4025 facere
1184 3989 1199 4035 ;
1225 3972 1316 4026 sed
1351 3983 1583 4039 nosmet,
1614 3973 1835 4042 obligati
1869 3975 1961 4028 tibi

405 4073 626 4133 pr0pter
648 4077 886 4117 amorem
945 4062 1225 4125 etoliicia,
1275 4078 1395 4132 qua:
1454 4078 1580 4133 erga
1623 4074 1825 4131 patrem
1861 4080 1961 4118 no-

402 4168 571 4211 strum
603 4166 655 4209 et
674 4171 799 4223 erga
829 4170 930 4210 nos
956 4156 1279 4225 praestitisti,
1312 4167 1629 4223 potestatem
1656 4158 1746 4209 tibi
1773 4159 1962 4212 damus

403 4248 571 4302 libere
594 4246 832 4301 intrandi
864 4245 1173 4299 cubiculum
1200 4254 1471 4313 nostrum,
1507 4247 1957 4312 quemadmodum

403 4348 528 4392 ante
551 4337 808 4403 faciebas,
852 4354 973 4391 cum
1002 4347 1159 4407 pater
1182 4352 1333 4393 meus
1352 4338 1406 4391 in
1446 4339 1585 4393 vivis
1604 4350 1768 4394 esset.
1796 4358 1813 4391 ›
1837 4354 1957 4394 cum

2064 501 2201 553 νέτω
2230 501 2323 553 καθ⁸
2372 500 2533 559 αὐτὸς
2573 499 2693 567 μετ’
2726 497 2913 559 αὐτοῦ,
2958 499 3083 548 ἐπεὶ
3118 499 3215 551 καὶ
3248 502 3280 568 ἡ
3323 501 3495 569 κυρία
3528 520 3631 570 μου

2064 593 2097 661 ἡ
2150 591 2414 643 δέσποινα
2467 589 2773 660 προσέταξέ
2830 606 2922 655 μοι
2983 589 3157 651 οὕτως
3196 590 3302 642 καὶ
3360 594 3635 659 συγχωρεί

2062 684 2197 736 αὐτό
2224 701 2237 715 ·
2266 686 2313 735 εἰ
2344 683 2399 735 δὲ.
2426 683 2825 751 ὲπαναστρέψει
2853 681 3088 734 ἐνταῦθα
3119 682 3241 750 μετ’
3267 684 3402 751 ἐμοῦ
3428 688 3453 736 ό
3482 686 3634 736 ἀδελ-

2064 776 2163 843 φός
2199 791 2322 844 μου,
2372 776 2434 827 οὐ
2489 779 2596 845 χρὴ
2646 777 2692 826 εξ
2749 776 2825 844 μὴ
2882 770 3023 828 εἶναι
3055 775 3218 827 αὐτὸν
3252 772 3347 828 δὐν
3393 777 3633 844 ἐζωκὼς

2062 868 2215 936 παρά
2269 867 2361 919 τοῦ
2413 866 2679 937 βασιλέως
2728 865 2825 919 τοῦ
2876 866 3135 929 αὐθεντός
3167 885 3270 935 μου
3304 870 3396 920 καὶ
3428 870 3631 939 πατρὸς

2061 957 2431 1027 προσετάχθη,
2477 957 2688 1025 1286
2718 957 2812 1009 καὶ
2854 956 3079 1019 δικαίως
3132 957 3422 1025 ὀφείλομεν
3470 960 3628 1028 ήμεῖς

2062 1050 2286 1117 ποιῆσαι
2318 1049 2476 1103 αὐτό.
2521 1049 2871 1119 Ἐρχομένων
2902 1048 2995 1102 οῦν
3040 1051 3121 1111 είς
3159 1052 3258 1119 τὴν
3291 1051 3629 1121 Πελοπόννη-

2063 1158 2156 1193 σον
2183 1141 2258 1210 τῷ
2293 1141 2391 1209 μὲν
2420 1139 2567 1211 ήμην
2598 1140 2824 1203 τελείως
2864 1142 3202 1211 ὑποχείριος,
3238 1143 3311 1206 ὡς
3343 1147 3627 1212 προεῖπον,

2060 1232 2139 1300 τῷ
2169 1230 2225 1282 δὲ
2259 1232 2447 1301 ἀγάπῃ
2485 1233 2579 1284 καὶ
2606 1231 2785 1284 ἐλπίδι
2817 1233 3275 1300 προσαπέϐλεπον
3306 1234 3494 1286 αὐτόν.

2145 1322 2549 1383 Ἀποσωθέντες
2575 1322 2669 1374 οὖν
2698 1324 2778 1384 είς
2812 1323 3220 1393 Πελοπόννησον
3250 1326 3344 1376 καὶ
3371 1326 3510 1378 κατᾶ
3538 1325 3631 1379 τοῦ

2060 1410 2231 1465 τόπου
2263 1413 2467 1474 παντὸς
2514 1411 2610 1464 τοῦ
2662 1412 2816 1475 ἐντὸς
2856 1413 3269 1482 Πελοποννήσου
3306 1415 3363 1478 ὃς
3399 1418 3501 1470 ὑπὸ
3537 1420 3632 1473 τοῦ

2063 1504 2325 1557 δεσπότου
2373 1505 2622 1575 Καρόλου
2664 1507 2964 1575 ἐκρατεῖτο,
2998 1498 3331 1569 ἀπελθόντες
3370 1508 3464 1563 οῦν
3498 1513 3630 1565 πάν-

2062 1615 2154 1660 τες
2185 1598 2234 1649 οἱ
2273 1597 2531 1651 αὐθένται
2565 1600 2660 1653 καὶ
2690 1599 2911 1667 ἀδελφοὶ
2960 1602 3053 1653 καὶ
3094 1602 3291 1673 βουλὴν
3325 1607 3631 1675 ποιησάμε·

2064 1706 2145 1740 vat
2169 1689 2449 1758 τοιαύτην,
2486 1690 2562 1759 μὴ
2601 1689 2933 1760 θαρροῦντες
2966 1692 3074 1760 γὰρ
3100 1694 3338 1756 εὐκόλως
3369 1696 3631 1763 ὑποτάξαι

2064 1779 2155 1831 τδν
2184 1780 2348 1831 τόπον
2401 1782 2586 1843 αὐτοῖς
2633 1780 2692 1832 δν
2728 1779 2873 1850 εἶχεν
2908 1784 2934 1834 6
2986 1783 3256 1851 Κάρολος,
3285 1786 3487 1852 ὁμοίως
3535 1792 3631 1841 καὶ

2063 1870 2225 1931 αὐτὸς
2253 1871 2352 1921 οὐκ
2383 1870 2606 1941 ἐθάρρει
2642 1873 2936 1942 δυνηθῆναι
2966 1874 3201 1942 φυλάξαι
3224 1875 3316 1927 τὸν
3349 1877 3630 1931 ἐπίλοιπον

2062 1960 2228 2013 τόπον
2256 1961 2345 2013 τὶν
2374 1963 2817 2031 ὲναπομείναντα
2854 1965 3005 2034 αὐτῷ
3031 1980 3045 1994 ⁶
3076 1966 3172 2018 καί
3213 1985 3366 2030 τινας
3393 1969 3501 2021 τῶν
3536 1972 3632 2023 αὐ-

2061 2052 2155 2105 τοῦ
2189 2054 2370 2107 τόπων
2398 2054 2593 2108 ἔλαϐον
2623 2058 2673 2109 οἱ
2724 2058 2881 2126 ἡμῶν
2912 2060 3189 2122 αὐθένται,
3218 2062 3297 2123 είς
3332 2063 3631 2131 συμϐάσεις

2064 2144 2350 2208 ἐλθόντων,
2385 2148 2479 2199 καὶ
2511 2148 2910 2219 εὐδοκήσαντος
2936 2151 3030 2203 τοῦ
3058 2151 3322 2206 δεσπότου
3349 2156 3451 2224 κὺρ
3476 2157 3633 2208 κων-

2066 2235 2347 2289 σταντίνου
2371 2238 2455 2289 ἵνα
2478 2238 2620 2311 λάϐῃ
2650 2243 2727 2302 είς
2753 2241 2984 2311 νόμιμον
3012 2247 3249 2310 γυναῖκα
3278 2247 3377 2313 τὴν
3404 2247 3632 2317 ἀνεψιὰν

2063 2328 2213 2380 τοῦδε
2246 2328 2338 2381 τοῦ
2383 2324 2646 2383 δεσπότου
2695 2332 2968 2401 Καρόλου,
3008 2336 3103 2387 καὶ⁹
3138 2335 3235 2388 ὅσα
3268 2336 3331 2389 ἂν
3368 2334 3481 2408 εἶχε
3532 2340 3631 2392 κά-

2065 2436 2201 2488 στρα
2231 2422 2310 2483 είς
2340 2423 2436 2489 τὴν
2467 2422 2875 2491 Πελοπόννησον
2908 2424 3048 2496 λάϐῃ
3078 2428 3155 2489 εἰς
3180 2430 3411 2498 προῖκαν
3435 2430 3629 2501 αὐτῆς,

2062 2510 2206 2563 οὓτω
2232 2513 2531 2583 γενομένης
2562 2515 2661 2584 τῆς
2691 2517 3031 2584 συμφωνίας.

2137 2603 2202 2670 β’.
2240 2605 2316 2674 Τῇ
2363 2604 2457 2657 οῦν
2489 2608 2679 2679 πρώτῃ
2710 2609 2888 2661 Μαΐου
2924 2611 3017 2661 τοῦ
3060 2612 3225 2664 αὐτοῦ
3271 2614 3427 2677 ἕτους
3469 2617 3630 2668 σταλ-

2064 2694 2177 2756 θεὶς
2195 2696 2303 2757 ἐγὼ
2328 2696 2637 2763 παρέλαϐον
2656 2698 2753 2769 τὴν
2769 2698 3136 2769 Γλαρέντζαν,
3154 2704 3249 2755 καὶ
3274 2706 3423 2758 ἄλλοι
3441 2708 3627 2760 τᾶλλα.

2064 2784 2173 2835 Καὶ
2223 2786 2735 2856 ὲπαναστρέψαντες
2778 2792 2857 2850 εἰς
2901 2791 3159 2861 Σπάρτην
3208 2795 3493 2866 ἐνηργεῖτο
3543 2799 3629 2850 ἴνα

2062 2875 2200 2947 λάϐῃ
2234 2878 2295 2929 τὸ
2333 2880 2625 2947 μοναχικὸν
2674 2882 2861 2951 σχῆμα
2897 2884 2923 2935 6
2954 2884 3223 2955 δεσπότης
3269 2890 3374 2956 κύρ
3422 2892 3631 2944 Θεόδω-

2066 2981 2177 3035 ρος,
2206 2968 2299 3019 καὶ
2330 2969 2531 3036 τρόπον
2575 2971 2669 3024 καὶ
2712 2973 2984 3042 ἀναϐολὴν
3014 2977 3289 3044 ποιήσωσι
3320 2979 3412 3031 τοῦ
3448 2998 3629 3051 παρα-

2064 3055 2249 3109 λαϐεῖν
2285 3059 2445 3127 129
2478 3058 2575 3129 τὴν
2609 3061 2854 3131 Πάτραν,
2887 3065 3189 3131 ἀναγκαῖον
3226 3069 3320 3122 καὶ
3356 3074 3628 3140 χρήσιμον

2064 3150 2251 3217 τόπον,
2278 3151 2364 3203 ἵνα
2407 3150 2505 3219 τὴν
2558 3153 2877 3224 κατοίκησιν
2913 3158 2961 3208 oi
2992 3155 3251 3211 δεσπόται
3283 3161 3377 3213 καὶ
3410 3162 3630 3231 ἀδελφοὶ

2065 3343 2168 3382 nos
2209 3327 2512 3385 Pliraiitzes
2547 3330 2598 3384 in
2631 3328 3085 3398 Peloponnesum,
3137 3345 3297 3403 atque
3320 3316 3389 3388 ibi
3421 3336 3466 3389 si
3515 3352 3629 3389 nia-

2064 3428 2191 3477 neat
2226 3420 2395 3475 frater
2414 3436 2583 3482 meus.
2613 3431 2829 3476 maneto
2853 3422 2942 3475 ille
2960 3438 3175 3492 quoque
3198 3440 3317 3478 cum
3344 3442 3427 3488 eo,
3458 3442 3624 3494 qiian‘

2067 3514 2351 3583 doquidein
2379 3514 2450 3566 ita
2481 3514 2677 3567 suadet
2708 3514 3069 3581 conceditqiie
3100 3517 3229 3569 milii
3270 3518 3583 3585 imperatrix
3611 3537 3626 3582 ;

2066 3605 2149 3659 sin
2186 3606 2381 3659 redibit
2415 3621 2625 3659 mecum
2671 3605 2860 3668 frater,
2908 3604 3052 3657 illum
3080 3620 3302 3659 necesse
3350 3616 3434 3660 est
3485 3612 3627 3675 apud

2066 3712 2151 3749 me
2177 3711 2318 3759 esse,
2352 3697 2803 3765 quemadmodum
2830 3697 2970 3765 jussi
2992 3712 3180 3750 sumus
3203 3697 3270 3749 ab
3302 3698 3628 3765 imperatore

2067 3773 2273 3852 nosque
2295 3786 2473 3838 facere
2499 3786 2672 3839 decet.
2708 3805 2724 3834 ι
2753 3785 2885 3840 Cum
2914 3786 3079 3856 igitur
3109 3786 3159 3839 in
3197 3784 3627 3850 Peloponnesum

2065 3878 2554 3946 proficisceremur,
2587 3876 2763 3943 alteri,
2815 3887 2873 3930 ut
2900 3888 3025 3931 ante
3053 3878 3190 3942 dixi,
3240 3877 3480 3946 perfecte
3527 3880 3626 3933 ob-

2064 3967 2448 4035 teinperabam,
2477 3967 2705 4020 alterum
2747 3983 2866 4021 cum
2922 3984 3106 4022 amore
3143 3979 3197 4022 et
3241 3984 3334 4038 ape
3364 3973 3628 4041 suspicie-

2064 4059 2207 4110 bam.

2134 4148 2306 4203 Delati
2347 4150 2514 4216 igitur
2556 4149 2609 4203 in
2677 4149 3129 4218 Peloponnesum,
3205 4152 3439 4207 vidimus
3510 4156 3624 4209 loca

2062 4244 2243 4297 omnia
2286 4258 2404 4311 qua:
2461 4259 2489 4295 a
2535 4242 2729 4297 Carolo
2782 4244 3004 4307 despota
3080 4247 3421 4302 tenebantur.
3488 4248 3622 4301 Tum

2066 4334 2335 4401 principes
2361 4342 2415 4386 et
2461 4332 2660 4386 fratres
2715 4347 2924 4399 omnes,
2968 4335 3356 4390 deliberatione
3415 4338 3623 4399 habita,

401 4428 596 4482 deinde
626 4429 941 4483 mandasset
964 4428 1096 4482 mihi
1128 4428 1458 4495 imperator,
1497 4428 1643 4481 illius
1675 4429 1864 4495 frater,
1901 4440 1959 4483 ut
1988 4400 2039 4458 D
2067 4438 2190 4476 cum
2215 4430 2422 4489 partem
2458 4436 2486 4473 a
2512 4421 2707 4475 Carolo
2730 4433 3061 4491 occupatam
3105 4427 3359 4495 subigere
3393 4443 3449 4480 se
3467 4443 3627 4495 posse

402 4520 456 4574 in
492 4518 919 4588 Peloponnesum
945 4521 1233 4574 abeuntem
1258 4535 1316 4575 se
1358 4521 1671 4586 comitarer,
1734 4531 1956 4589 propter

401 4623 541 4672 eam,
580 4624 737 4676 quam
785 4623 948 4676 supra
1015 4610 1455 4688 commemoravi,
1506 4625 1746 4671 causam,
1841 4609 1958 4678 ipse

400 4699 794 4752 Constantinus
827 4698 1175 4752 vehementer
1196 4713 1282 4753 me
1310 4699 1595 4763 invitabat,
1643 4709 1697 4753 ut
1722 4699 1822 4754 sibi
1846 4702 1957 4753 vel-

401 4790 504 4843 lent
558 4804 748 4843 eomes
803 4802 943 4843 esse.
986 4789 1085 4842 Cui
1136 4805 1237 4860 ego
1303 4790 1685 4857 respondi,me
1740 4806 1956 4860 quoque

405 4882 576 4947 ipsum
616 4880 764 4934 istud
817 4891 1144 4948 praeoptare,
1223 4882 1379 4933 modo
1427 4882 1476 4934 id
1535 4882 1866 4950 approbante
1903 4888 1957 4935 et

308 4966 309 4969 “
394 4971 615 5039 iubente
653 4970 1003 5038 imperatore,
1032 4968 1357 5039 fratrecjus,
1412 4972 1591 5025 ﬁeret.
1629 4970 1817 5041 itaque
1863 4973 1955 5027 ille

401 5061 722 5117 nieafraire
751 5062 1004 5128 precibus
1037 5064 1243 5130 petivit,
1283 5064 1579 5133 propositis
1631 5066 1955 5131 rationibus,

396 5154 466 5207 ob
495 5168 628 5222 quas
653 5154 959 5207 necessaria
981 5156 1083 5208 sibi
1102 5166 1245 5210 esset
1274 5171 1393 5209 mea
1422 5172 1608 5225 opera.
1641 5156 1710 5209 At
1733 5172 1958 5225 respon-

396 5245 476 5299 dit
494 5247 650 5311 alter,
685 5246 800 5300 fieri
830 5262 936 5300 non
969 5262 1143 5315 posse,
1202 5248 1344 5315 quod
1378 5256 1617 5317 rogaret,
1677 5257 1961 5317 propterea

396 5336 537 5406 quod
572 5351 677 5390 non
714 5336 904 5391 liceret
930 5338 1199 5406 negligere
1230 5338 1565 5391 voluntatem
1618 5340 1789 5408 patris
1813 5340 1960 5408 ejus~

396 5432 624 5496 denique
692 5430 1237 5495 commendationem,
1266 5444 1369 5498 qua
1404 5429 1455 5485 is
1494 5445 1594 5483 suo
1626 5445 1720 5484 ore
1754 5432 1854 5496 ipsi
1876 5445 1962 5485 me

398 5520 728 5573 tradidisset.
763 5519 1000 5573 Instabat
1026 5536 1210 5575 rursus
1233 5521 1645 5587 Constantinus,
1669 5537 1829 5590 Opera
1847 5538 1963 5574 ma-

395 5611 890 5682 trisgimperatricis
921 5612 1211 5682 causisque
1272 5603 1484 5669 idoneis
1551 5628 1707 5673 usus.
1762 5614 1959 5682 quibus

396 5680 863 5770 ille'cominotus,
915 5718 1056 5772 aegre
1098 5680 1314 5761 tandem
1372 5705 1543 5758 edixit
1579 5722 1589 5755 :
1619 5722 1636 5754 ι
1700 5680 1952 5772 Seqiiitor

2066 4511 2388 4573 diﬁidereiit,
2424 4526 2523 4565 nec
2557 4510 2643 4565 ille
2671 4515 3065 4577 conlideret,se
3089 4526 3251 4569 totam
3279 4518 3415 4570 tueri
3440 4533 3621 4585 posse,

2063 4602 2313 4669 pactione
2364 4603 2539 4666 facta,
2591 4603 2763 4656 nostri
2807 4606 3083 4674 principes
3119 4607 3375 4661 nonnulla
3410 4610 3477 4662 ab
3531 4611 3625 4663 illo

2064 4690 2179 4745 loca
2208 4700 2539 4758 acceperunt
2574 4709 2590 4761 ;
2624 4694 2936 4765 placuitque
2965 4695 3325 4752 Constantino
3359 4701 3620 4769 despotie,

2064 4794 2123 4839 ut
2150 4786 2391 4853 ejusdem
2428 4787 2811 4839 consobrinam
2844 4786 3083 4854 legitimo
3109 4789 3214 4843 sibi
3273 4792 3624 4846 matrimonio

2055 4876 2325 4945 iungeret,
2355 4884 2405 4929 et
2440 4891 2778 4944 quacunque
2806 4876 2893 4930 ille
2942 4886 3125 4930 castra
3160 4878 3211 4930 in
3254 4877 3623 4948 Peloponneso

2063 4966 2304 5025 haberet,
2339 4983 2399 5019 ea
2430 4968 2573 5020 dotis
2624 4968 2841 5039 nomine
2892 4967 3163 5036 acciperet
3198 4986 3211 5022 :
3252 4970 3448 5036 quibus
3498 4972 3622 5038 qui-

2062 5059 2181 5111 dem
2216 5058 2615 5112 conditionibus
2634 5058 2923 5111 concordia
2953 5057 3164 5113 firmata
3197 5072 3304 5115 est.

2132 5148 2187 5203 2.
2222 5149 2485 5203 Kalendis
2519 5150 2683 5217 igitur
2718 5148 2840 5202 Maii
2866 5150 3103 5219 ejusdem
3141 5153 3268 5204 anni
3302 5153 3499 5207 missus
3524 5168 3621 5223 ego

2066 5238 2439 5305 Glarentzam,
2466 5239 2552 5293 alii
2586 5240 2789 5309 reliqua
2809 5241 2923 5295 loca
2974 5251 3312 5312 receperunt.
3372 5244 3621 5313 Spartam

2066 5333 2292 5396 reversi,
2330 5334 2611 5403 principes
2646 5334 2697 5387 in
2726 5335 2828 5389 hoc
2851 5346 3141 5405 occupatos
3187 5337 3509 5400 invenimus,
3564 5348 3624 5391 iit

2071 5422 2391 5477 Theodorus
2426 5423 2648 5493 despota
2682 5428 3043 5481 monasticuni
3078 5428 3318 5481 habitum
3353 5427 3639 5488 indueret,

2066 5519 2440 5585 rationemque
2471 5530 2534 5569 ac
2558 5516 2695 5568 viain
2722 5516 3051 5582 invenirent,
3098 5532 3199 5586 qua
3247 5515 3422 5568 Patrae
3476 5520 3623 5567 suni—

2059 5619 2333 5678 gerentiir,
2361 5607 2507 5663 locus
2537 5608 2837 5676 praecipuus
2871 5618 2925 5662 et
2971 5616 3325 5677 opportunus,
3369 5605 3456 5657 ubi
3510 5606 3618 5654 fm-

2061 5714 2169 5757 ircs
2215 5699 2541 5753 domicilium
2580 5699 2928 5766 collocarent,
3001 5712 3134 5752 neve
3195 5695 3403 5763 Sparta:
3456 5694 3622 5751 simul
