4096 6300
496 260 591 320 M3

1708 250 2035 311 GEORGII
2086 249 2511 309 PIIRANTZSE

3635 248 3751 305 ἐει

489 364 764 431 ποιήσωσι
808 361 901 413 καὶ
948 361 1039 414 διὰ
1070 361 1127 412 τὸ
1165 360 1240 428 μὴ
1287 361 1365 423 εἰς
1415 359 1856 429 Λακεδαιμονίαν
1889 360 2057 428 ’ήγουν
2089 356 2129 409 Δ
2162 374 2251 425 ρος
2306 357 2527 413 ὄπισθεν
2578 355 2668 407 διὰ
2723 356 2817 426 τῆς
2867 356 2988 408 ὁδοῦ
3038 356 3136 420 τῆς
3171 355 3489 426 ἀπαγούσης
3522 356 3602 417 είς
3639 357 3754 424 τὴν

490 452 752 521 Σπάρτην
805 450 1097 518 εὑρεθῆναι
1141 449 1275 517 ὁμοῦ
1319 451 1447 511 τοὺς
1488 450 1776 517 ἀδελφοὺς,
1821 449 1985 519 ἡνίκα
2030 454 2057 502 6

491 542 722 608 ἀδελφὸς
784 542 964 593 αὐτῶν
1023 540 1278 592 ἐϐούλετο
1350 541 1582 609 μοναχὸς
1636 541 1915 607 γενέσθαι.
1978 542 2056 610 Τῇ

482 630 683 699 ετρώτη
738 632 957 683 Ἰουλίου
1004 631 1097 682 τοῦ
1133 631 1300 683 αὑτοῦ
1347 632 1500 695 ἔτους
1545 632 1855 698 ἐξελθόντες
1897 629 2059 706 ἦλθον

491 723 629 773 κατὰ
658 723 750 790 τῆς
780 724 998 789 Πάτρας
1023 725 1069 776 οἱ
1098 726 1248 793 τρεῖς
1278 726 1387 777 τῶν
1409 727 1781 796 αύταδέλφων,
1811 730 1905 780 καὶ
1930 728 2061 798 περὶ

493 814 619 875 τοὺς
657 814 873 882 μύλους
905 816 1103 880 ἔξωθεν
1130 819 1228 885 τῆς
1261 820 1428 887 αὐτῆς
1453 820 1656 882 πόλεως
1683 823 2061 890 σκηνώσαντες

495 906 673 957 ἐκεῖσε
712 907 803 958 καὶ
838 905 936 974 τὴν
967 908 1195 975 ἀνεψιὰν
1227 908 1320 960 τοῦ
1348 910 1594 976 Καρόλου
1633 911 1829 980 κυρίαν
1861 908 2065 962 Θεοδώ-

499 1012 595 1064 ραν
626 996 856 1065 ἤγαγον,
886 997 1011 1050 ἔνθα
1043 1000 1137 1051 καὶ
1162 1002 1189 1052 ὁ
1217 1000 1485 1070 δεσπότης
1521 1005 1623 1070 κὺρ
1657 1004 2067 1065 Κωνσταντῖνος

498 1089 834 1157 συνεζεύχθη
870 1092 966 1142 καὶ
991 1092 1274 1161 ηύλογήθη
1306 1094 1492 1162 αυτὴν.
1520 1096 1611 1156 Εἰς
1645 1096 1699 1147 δὲ
1733 1096 1954 1164 Πάτραν
1976 1096 2068 1148 οὐ-

494 1177 584 1229 δὲν
636 1179 1015 1249 ἐκατωρθώθη
1070 1184 1208 1251 πρὸς
1257 1183 1486 1249 ἅλωσιν,
1512 1184 1646 1237 ἀλλὰ
1682 1186 1885 1254 μᾶλλον
1916 1185 1991 1248 ὥς
2017 1205 2069 1239 τι

494 1271 712 1323 ἀστεῖον
740 1268 806 1340 ἦν
838 1273 907 1324 τὰ
937 1274 1090 1342 παρὰ
1117 1274 1209 1325 τοῦ
1243 1274 1506 1327 δεσπότου
1532 1277 1637 1346 κὺρ
1666 1277 1942 1347 Θεοδώρου
1974 1296 2070 1348 με-

495 1360 799 1426 λετούμενα
843 1361 939 1412 τοῦ
994 1363 1253 1429 γενέσθαι
1308 1366 1579 1433 μοναχόνο
1631 1367 1901 1435 ἀθετῆσαι
1962 1371 2070 1440 γάρ

499 1444 749 1500 ἐϐούλετο
773 1453 865 1501 καὶ
892 1450 995 1502 ἀνά
1026 1452 1134 1502 τῶν
1163 1452 1407 1520 ἀδελφῶν
1443 1455 1742 1506 σκανδάλου
1773 1451 1841 1524 ἦν
1874 1458 2072 1535 αἴτιον⁹

499 1536 639 1591 ὥστε
671 1541 750 1593 εἰς
778 1541 841 1592 τά
870 1541 969 1609 τῆς
1001 1543 1221 1610 Πάτρας
1250 1544 1634 1613 συμπέρασμά
1665 1563 1717 1599 τι
1744 1551 1980 1617 χρηστὸν
2012 1553 2073 1603 οὐ

499 1630 876 1697 κατωρθοῦτο,
907 1632 1023 1683 ἀλλ’
1050 1632 1082 1701 ἢ
1121 1635 1285 1701 μόνον
1316 1636 1451 1705 τρία
1497 1640 1668 1705 μικρὰ
1699 1640 1868 1692 ἄστεα
1898 1642 2073 1709 παρέ-

501 1722 687 1783 λαϐον,
720 1723 1049 1792 ποιήσαντες
1080 1727 1307 1793 εἰρήνην
1344 1728 1440 1778 καὶ
1467 1728 1769 1797 συμϐάσεις
1803 1732 1940 1799 μετὰ
1965 1733 2073 1784 τῶν

504 1804 654 1863 ἔνδον
704 1811 997 1865 οἰκούντων
1036 1814 1174 1882 μετὰ
1212 1815 1511 1885 συνθήκης,
1563 1817 1649 1869 ἵνα
1692 1820 1887 1872 τελῶσι
1935 1822 2073 1890 πρὸς

504 1901 598 1952 τὸν
637 1901 907 1968 δεσπότην
952 1902 1059 1971 κὺρ
1105 1905 1519 1959 Κωνσταντῖνον
1562 1911 1683 1962 κατ’
1731 1909 1851 1972 ἔτος
1894 1914 2074 1981 χρυσᾶ

508 1992 708 2062 νούμια
739 1994 1095 2049 πεντακόσια.
1132 1997 1243 2051 Καὶ
1263 1998 1435 2060 οὕτως
1462 2000 1776 2069 ὲγερθέντες
1806 2004 1905 2069 μὲν
1937 2005 2074 2072 μετὰ

504 2083 596 2135 τοῦ
631 2080 896 2152 βασιλέως
923 2087 1017 2139 καὶ
1051 2087 1145 2139 τοῦ
1178 2089 1335 2158 130
1364 2091 1626 2143 δεσπότου
1659 2094 1763 2161 κὺρ
1795 2094 2071 2162 Θεοδώρου

502 2175 824 2244 ἀπήλθομεν
868 2178 953 2228 διὰ
986 2178 1083 2247 τῆς
1114 2179 1236 2231 ὁδοῦ
1286 2181 1389 2248 τῆς
1441 2186 1518 2245 εἰς
1554 2182 1653 2250 τὴν
1684 2185 1941 2255 Σπάρτην
1978 2204 2073 2255 φε-

504 2265 727 2334 ρούσης,
756 2270 781 2319 6
812 2267 866 2319 δὲ
895 2268 1162 2339 δεσπότης
1194 2272 1296 2339 κὺρ
1334 2274 1750 2337 Κωνσταντῖνος
1797 2276 1864 2329 δι’
1905 2278 2073 2349 ἄλλης

503 2355 583 2418 εἰς
611 2356 670 2408 τὸ
698 2356 1039 2426 Χλομοῦτζιν
1069 2360 1209 2427 μετὰ
1236 2362 1334 2428 τῆς
1362 2364 1628 2429 γυναικὸς
1660 2366 1826 2419 αὑτοῦ
1851 2372 1943 2421 καὶ
1973 2370 2073 2438 βα-

505 2448 774 2518 σιλίσσης.
799 2450 956 2502 Μετὰ
986 2450 1039 2503 δέ
1074 2468 1197 2505 τινα
1229 2455 1421 2524 καιρὸν
1456 2456 1637 2524 ὀλίγον
1670 2460 1793 2513 ἐπεὶ
1822 2461 2075 2516 ἐϐούλετο

504 2540 820 2591 ἐπανελθεῖν
848 2543 875 2592 6
910 2540 1170 2609 βασιλεὺς
1204 2544 1408 2609 οἴκαδε,
1451 2549 1713 2615 μηνυθεὶς
1746 2551 1840 2606 καὶ
1868 2556 1894 2605 6
1922 2554 2073 2606 άδελ-

504 2631 603 2698 φδς
639 2632 806 2684 αὑτοῦ
839 2633 1089 2701 ἀπῆλθεν
1116 2637 1197 2697 είς
1224 2637 1323 2707 τὴν
1376 2639 1638 2710 Σπάρτην
1672 2643 1780 2696 ἀπὸ
1812 2644 1909 2698 τοῦ
1936 2646 2073 2699 XXo-

508 2721 792 2785 μουτζίουσ
825 2723 1080 2779 κάκεῖθεν
1128 2726 1549 2793 διαϐιϐάσαντες
1599 2732 1925 2805 ἀμφότεροι,
1978 2740 2074 2791 καὶ

504 2815 554 2864 οἱ
592 2813 857 2881 τέσσαρες
884 2816 1104 2885 ἀδελφοὶ
1139 2818 1276 2887 ὁμοῦ
1308 2822 1527 2890 ἡμέρας
1579 2824 1767 2892 ὀλίγας
1810 2830 2071 2898 ποιήσαν-

506 2920 620 2963 τες,
645 2904 720 2973 τῷ
758 2905 1084 2976 Ὀκτωϐρίῴ
1111 2911 1243 2977 μηνὶ
1269 2911 1363 2963 τοῦ
1386 2912 1569 2981 γςᾏλξ
1593 2916 1748 2979 ἔτους
1775 2918 2073 2978 ἀναϐάντες

2163 447 2441 518 Σπάρτην,
2490 449 2583 499 καὶ
2630 449 2655 499 6
2708 447 2811 515 κῦρ
2859 447 3061 515 Θωμᾶς
3094 450 3120 498 6
3152 446 3590 511 αὐθεντόπουλος
3645 449 3751 501 σὺν

2162 538 2307 606 αὐτῷ
2345 539 2505 608 μέχρι
2534 538 2679 600 τινὸς
2709 538 2948 599 ἀπῆλθεν
2974 541 3052 600 εἰς
3081 539 3146 591 τὰ
3174 538 3533 608 Καλάϐρυτα.

2246 630 2436 695 Ἡμεῖς
2469 630 2522 681 δὲ
2554 631 2691 698 μετά
2722 628 2813 681 τοῦ
2849 630 3109 681 αύθέντου
3135 631 3291 696 ήμῶν
3317 632 3748 683 Κωνσταντενου

2164 720 2257 772 τοῦ
2290 719 2548 771 δεσπότου
2581 719 2649 771 δι’
2673 720 2839 787 ἄλλης
2871 719 2989 772 ὀδοῦ
3024 719 3264 789 ἤλθομεν
3291 722 3369 778 εἰς
3405 720 3746 784 Βοστίτζανο

2166 811 2262 864 καὶ
2293 812 2402 880 γὰρ
2435 813 2483 863 εἰ
2517 812 2611 864 καὶ
2640 812 2874 879 μοναχὸς
2908 814 3006 863 οὐκ
3035 813 3254 877 ἐγένετο
3286 812 3311 861 6
3341 811 3605 879 δεσπότης
3636 812 3751 880 κῦρ

2168 904 2465 973 Θεόδωρος,
2495 904 2580 956 ἵνα
2616 904 2887 973 ἀπομείνῃ
2918 903 3065 966 ἅπας
3094 905 3121 954 6
3149 903 3313 963 τόπος
3346 902 3508 954 αὑτοῦ
3538 905 3613 964 εἰς
3651 903 3752 955 τὸν

2168 996 2274 1063 κὺρ
2308 995 2722 1047 Κωνσταντῖνον
2748 996 2835 1046 τὸν
2859 988 3089 1061 ἀδελφόν
3117 993 3285 1047 αὑτοῦ
3312 995 3460 1047 κατὰ
3490 994 3587 1056 τὰς
3614 1012 3751 1045 συν·

2173 1085 2346 1155 θήκας
2377 1086 2472 1138 καὶ
2520 1086 2819 1154 συμϐάσεις
2855 1085 2953 1146 τὰς
2988 1086 3089 1147 ἀνὰ
3121 1086 3319 1149 αὐτῶν,
3355 1085 3470 1137 ἀλλ’
3513 1080 3604 1139 οὖν
3647 1086 3751 1139 καὶ

2172 1171 2327 1241 οῦτος
2358 1177 2555 1228 δέδωκε
2588 1176 2726 1245 πρὸς
2758 1176 2921 1229 αὑτὸν
2951 1177 3050 1245 τὴν
3098 1176 3395 1238 Βοστίτζαν
3423 1178 3516 1228 καὶ
3548 1176 3613 1229 τὰ
3644 1177 3749 1229 πέ-

2177 1268 2262 1337 ριξ
2312 1268 2483 1335 αὐτῆς
2514 1270 2608 1321 καὶ
2641 1270 2719 1329 είς
2750 1268 2810 1318 τὸ
2848 1267 3035 1336 ἕτερον
3086 1268 3248 1338 μέρος
3282 1268 3349 1320 τὰ
3385 1268 3485 1319 ὅσα
3534 1269 3591 1319 ὲν
3625 1269 3749 1329 τοῖς

2175 1360 2303 1411 ποσὶ
2331 1360 2444 1419 τοῖς
2473 1358 2610 1428 πρὸς
2640 1358 2851 1427 δυσμάς
2875 1358 3024 1426 ἡλίου
3055 1358 3162 1409 εἰσὶ
3190 1356 3282 1409 τοῦ
3303 1358 3446 1426 ὑπερ
3474 1357 3745 1426 μεγέθους

2176 1451 2336 1520 ὅρους
2364 1450 2459 1502 τοῦ
2491 1449 2769 1515 Ταῠγέτου
2818 1449 2928 1516 (κοιλ⁸
2961 1449 3202 1511 ἐνέκειτο
3233 1450 3442 1517 βέλτιον
3475 1448 3746 1519 φρούριον

2178 1543 2268 1593 καὶ
2302 1542 2478 1609 χῶρον
2515 1541 2943 1604 Πελοποννήσου,
2992 1539 3143 1609 131
3179 1541 3241 1591 τὸ
3275 1539 3551 1609 Λεῦκτρον
3595 1541 3745 1594 Μαί-

2179 1651 2297 1701 νης,
2324 1633 2382 1685 τὸ
2412 1635 2592 1685 ὁποῖον
2631 1633 2876 1699 Κετοιρία
2910 1631 3078 1683 πάλαι
3109 1631 3374 1699 ἐκαλεῖτο)
3425 1634 3518 1682 καὶ
3561 1631 3746 1684 πάντα

2174 1724 2266 1775 τὸν
2312 1724 2523 1775 ἐκείνου
2571 1722 2734 1788 ζυγὸν
2764 1722 2891 1791 ἄχρι
2927 1723 3021 1773 καὶ
3052 1724 3153 1791 τῆς
3185 1720 3359 1773 Πύλου
3391 1721 3489 1789 τῆς
3514 1720 3743 1787 λεγομέ-

2175 1835 2271 1885 νης
2314 1815 2525 1875 Ἰτίλου,
2571 1815 2633 1865 ἐκ
2677 1813 2733 1865 δὲ
2768 1812 2863 1865 τοῦ
2909 1813 3010 1876 ἔξω
3046 1812 3210 1880 ζυγοῦ
3242 1813 3303 1866 τὸ
3337 1812 3573 1879 κάστρον
3604 1812 3745 1879 Ζαρ-

2176 1910 2342 1969 νάτας
2372 1907 2468 1960 καὶ
2510 1905 2806 1968 Γαοτίτζα,
2834 1904 2893 1957 τὸ
2918 1906 3261 1966 Διάσειστον,
3296 1905 3463 1968 Μελὲ,
3509 1904 3743 1974 Δράχιον

2176 2000 2271 2052 καὶ
2301 1999 2598 2053 Πολιανοῦν
2632 2000 2727 2050 καὶ
2751 1997 2819 2049 τὰ
2850 1997 2975 2066 περὶ
3003 1996 3185 2050 αὐτόν.
3228 1998 3337 2050 Καὶ
3364 1997 3562 2049 ἓδωσεν
3592 1997 3742 2064 αὐτῷ

2176 2093 2271 2145 καὶ
2298 2092 2367 2144 τὰ
2400 2092 2502 2143 ὅσα
2541 2090 2697 2159 132
2730 2089 3041 2157 πολίσματα
3073 2089 3167 2140 καὶ
3198 2088 3436 2158 φρούριά
3476 2089 3612 2140 εἰσιν
3662 2091 3741 2150 εἰς

2177 2184 2358 2236 πάντα
2409 2185 2500 2235 τὸν
2550 2181 2934 2252 Μεσσηνιακὸν
2966 2179 3189 2243 κόλπον,
3213 2180 3342 2255 ἔνθα
3382 2180 3497 2248 ρἑι
3524 2180 3610 2232 διὰ
3646 2182 3742 2247 μέο

2176 2293 2270 2331 σου
2297 2276 2393 2328 xui.
2414 2276 2441 2327 6
2472 2276 2720 2343 Πάμισος
2752 2276 2959 2335 ἐκεῖνος
2987 2271 3254 2341 ποταμός.
3312 2271 3500 2324 Ταῦτα
3526 2273 3744 2339 ἐπιτρο-

2176 2366 2353 2429 πικῶς
2383 2367 2605 2435 ἤρχετο,
2635 2362 2731 2418 τοῦ
2770 2365 3011 2434 μεγάλου
3056 2364 3543 2434 πρωτοστράτορος
3574 2362 3743 2433 Νικη-

2177 2460 2347 2527 φόρον
2376 2456 2471 2510 τοῦ
2499 2456 2846 2527 Μελισσηνοῦ
2872 2456 3023 2517 ὄντα,
3056 2457 3114 2509 ὃν
3147 2456 3237 2509 διὰ
3256 2454 3354 2524 τὴν
3389 2456 3741 2522 ποικιλότητα

2172 2554 2271 2617 τῆς
2307 2549 2630 2618 φρονήσεως
2673 2548 2770 2600 καὶ
2813 2546 2872 2599 τὸ
2901 2546 2992 2612 ὀξὺ
3035 2548 3137 2617 τῆς
3171 2546 3413 2608 διανοίας
3445 2547 3541 2599 καὶ
3574 2550 3652 2609 εἰς
3680 2548 3743 2598 τά

2175 2642 2350 2694 πάντα
2385 2640 2707 2706 δεξιώτατον
2738 2640 3073 2707 κοινοτέροις
3111 2637 3395 2691 πείθεσθαι
3428 2639 3741 2707 πράγμασι,

2175 2734 2268 2786 καὶ
2318 2732 2731 2800 Μελισσουργὺν
2765 2732 3120 2799 ἐπωνόμαζον
3144 2731 3234 2783 τὸν
3269 2731 3437 2798 ἄνδρα
3463 2747 3478 2762 ο
3508 2732 3744 2801 διστρισ-

2174 2826 2392 2892 ἐγγονος
2442 2825 2551 2894 γὰρ
2636 2820 2704 2895 ἦν
2751 2817 2846 2877 τοῦ
2908 2822 3226 2892 θαυμαστοῦ
3285 2824 3499 2876 ἐκείνου
3553 2825 3743 2892 ἀνδρὸς

2177 2915 2491 2984 Νικηφόρον
2553 2914 2835 2983 Καίσαρος
2880 2913 2973 2965 τοῦ
3010 2911 3378 2981 Μελισσητοῦ,
3409 2914 3522 2974 υίὸς
3564 2911 3618 2963 δὲ
3650 2910 3741 2963 τοῦ

505 2989 642 3063 ὁμοῦ
699 2996 1014 3066 ἀπήλθομεν
1052 2999 1217 3069 μέχρι
1272 3001 1368 3053 καὶ
1422 3004 1522 3071 τῆς
1584 3006 1849 3076 Κορίνθου
1877 3026 1891 3041 ο
1924 3011 2018 3062 καὶ
2049 3014 2076 3062 6
2103 3016 2146 3079 (ζ
2183 3005 2693 3074 σεϐαστοκράτορος
2733 3006 2961 3065 Λέοντος
2992 3002 3087 3055 τοῦ
3123 3003 3493 3073 Μελισσηνοῦ,
3528 3004 3620 3056 καὶ
3649 3004 3743 3055 αὖά

508 3087 607 3156 μὲν
656 3086 909 3156 βασιλεὺς
945 3089 1121 3158 ἐμϐὰς
1171 3093 1251 3153 είς
1287 3093 1387 3157 τὰς
1431 3096 1679 3166 τριήρεις
1712 3100 1957 3170 ἀπῆλθεν
1996 3106 2076 3166 εἰς

506 3178 605 3249 τὴν
638 3180 1234 3251 Κωνσταντινούπολιν,
1260 3185 1287 3236 6
1314 3182 1370 3237 δὲ
1393 3185 1661 3255 δεσπότης
1689 3191 1715 3241 ὁ
1742 3190 1847 3260 κίιρ
1872 3192 2075 3245 Θεόδω-

507 3373 695 3413 omnes
727 3370 929 3421 essent,
959 3361 1172 3427 quando
1218 3376 1405 3416 eorum
1461 3364 1630 3419 frater
1672 3367 1830 3421 vellet
1895 3384 2078 3424 mona-

510 3451 645 3511 chus
682 3450 823 3503 fleri.
862 3450 1124 3506 Kalendis
1182 3452 1342 3507 Juliis
1397 3452 1637 3521 ejusdem
1686 3460 1813 3512 anui
1867 3462 2074 3529 egressi

505 3551 619 3595 tres
660 3541 874 3606 fratres,
892 3543 1083 3598 Patras
1114 3554 1402 3610 venerunt,
1426 3555 1479 3599 et
1506 3558 1660 3601 extra
1693 3551 1884 3604 urbem
1936 3555 2075 3622 apud

509 3634 682 3688 molas
705 3634 942 3689 ﬁxerunt
975 3637 1233 3701 tentoria,
1265 3651 1372 3705 quo
1395 3638 1590 3694 deinde
1632 3642 1863 3697 adducta
1893 3644 2075 3700 Theo-

510 3727 637 3781 dora
666 3728 907 3795 domina,
961 3737 1188 3796 cognata
1257 3730 1459 3799 Caroli,
1486 3734 1713 3789 solemni
1756 3740 2075 3793 caeremonia

507 3818 864 3872 Coristantino
893 3819 1241 3874 matrimonio
1270 3821 1456 3891 juncta
1487 3834 1594 3879 est.
1630 3825 1825 3881 Verum
1866 3833 1931 3884 ad
1952 3832 2077 3885 sub-

506 3908 777 3978 jugandas
808 3908 999 3964 Patras
1052 3910 1188 3965 nihil
1249 3926 1508 3983 prospere
1547 3925 1757 3985 gestum
1780 3928 1887 3986 est,
1937 3922 2067 3990 quin

510 4002 688 4067 potius
719 4000 909 4055 callida
940 4003 1187 4069 quaedam
1210 4003 1489 4060 simulatio
1524 4016 1643 4061 erat
1704 4010 1828 4064 vitae
1881 4026 2069 4066 mona-

505 4090 674 4145 chiea:
698 4091 978 4147 meditatio
1007 4108 1037 4147 a
1090 4093 1377 4150 Theodoro
1412 4108 1687 4167 suscepta.
1735 4099 2074 4169 Repudiatu-

508 4198 604 4237 rus
672 4183 817 4237 enim
870 4185 1019 4238 illum
1066 4196 1231 4259 Aerat,
1291 4203 1629 4259 magnosque
1690 4192 1834 4247 inter
1864 4194 2065 4250 fratres

507 4275 778 4330 excitabat
834 4256 1111 4342 tumultus,
1176 4278 1249 4330 ita
1282 4256 1456 4333 utres
1524 4256 1803 4337 ISatrensis
1857 4284 2067 4341 felicem

508 4366 711 4420 exitum
745 4382 854 4421 non
878 4368 1123 4431 haberet,
1163 4369 1255 4423 sed
1288 4368 1388 4423 tria
1416 4377 1623 4424 tantum
1648 4373 1843 4441 exigua
1874 4379 2068 4445 oppida

505 4474 852 4528 caperentur,
895 4476 1019 4515 cum
1078 4460 1275 4514 incolis
1306 4475 1439 4530 pace
1478 4462 1551 4514 ita
1615 4473 1795 4530 pacta,
1850 4476 1909 4518 ut
1934 4467 2070 4521 Con-

511 4550 751 4604 Stantino
770 4551 821 4628 in
842 4566 1012 4605 annos
1029 4548 1269 4617 singulos
1284 4565 1530 4606 nummos
1546 4565 1743 4607 aureos
1756 4555 2078 4625 quingentos

472 4703 476 4708 ,
515 4644 833 4708 penderent.
863 4642 941 4697 Ita
974 4644 1215 4700 collectis
1257 4644 1420 4708 vasis,
1481 4657 1605 4699 cum
1646 4644 1980 4713 imperatore
2022 4660 2077 4705 et

470 4728 793 4817 )Theodoro
858 4734 1077 4804 deSpOIa
1183 4733 1430 4802 Spartani
1488 4734 1838 4793 discessimus
1884 4739 2076 4807 ;Con-

462 4821 468 4833 '
508 4824 780 4878 stantinus
812 4835 991 4879 autem
1041 4826 1264 4894 despota
1293 4823 1394 4877 alia
1423 4823 1507 4878 via
1533 4841 1655 4880 cum
1686 4829 1866 4896 regina
1911 4846 2078 4889 uxore

505 4911 874 4968 Chlomutzim
915 4914 1192 4983 profectus
1234 4924 1340 4969 est.
1392 4915 1551 4971 Brevi
1610 4926 1854 4985 tempore
1902 4921 2075 4977 inter-

509 5000 694 5069 misso,
726 5019 848 5057 cum
881 5005 1099 5058 domum
1135 5005 1316 5060 redire
1348 5007 1510 5063 vellet
1534 5009 1855 5078 imperator,
1911 5015 2073 5068 etiam

507 5088 895 5145 Constantinus
952 5090 1018 5144 de
1049 5105 1110 5145 ea
1134 5106 1193 5145 re
1225 5092 1426 5154 certior
1480 5094 1691 5162 factus,-
1730 5097 2074 5157 Chlomutzio

510 5179 756 5248 Spartam
797 5180 964 5235 venit.
1040 5182 1195 5249 Inde,
1248 5194 1539 5253 postquam
1593 5198 1824 5256 quatuor
1877 5192 2074 5247 fratres

508 5271 715 5337 aliquot
741 5271 858 5326 dies
887 5287 990 5326 una
1025 5272 1267 5343 fuerunt,
1297 5291 1483 5332 mense
1504 5278 1721 5335 Octobri
1758 5284 1883 5338 anni
1934 5285 2074 5342 6937

506 5360 825 5414 Corinthum
860 5361 1174 5430 trajecimus
1206 5383 1220 5420 :
1253 5366 1325 5422 ibi
1362 5368 1658 5438 imperator
1692 5372 1897 5428 triremi
1945 5390 2075 5431 con-

503 5466 695 5505 scensa
735 5452 945 5521 Cpolim
985 5455 1267 5525 profectus
1301 5470 1428 5529 est;
1488 5462 1803 5520 Theodorus
1853 5469 2073 5543 despota

504 5541 631 5607 iter,
676 5543 822 5612 quod
859 5543 1113 5614 Spartam
1165 5549 1291 5619 fert,
1356 5553 1569 5625 relegit,
1599 5556 1895 5614 comitante
1947 5541 2071 5616 eum

501 5632 707 5688 'l‘homa
741 5637 982 5710 principe
1015 5656 1187 5713 usque
1212 5642 1521 5713 Calabryta.

2183 3095 2374 3164 θέντης
2401 3095 2637 3147 ἔκπαλαι
2664 3096 2755 3148 καὶ
2779 3093 2838 3157 ἐξ
2862 3096 3036 3164 ἀρχῆς
3063 3097 3161 3163 τῆς
3192 3095 3554 3164 ἰσχυροτάτης
3596 3095 3736 3147 Ἰθώ-

2186 3203 2317 3255 μης,
2373 3188 2406 3256 ἢ
2461 3188 2554 3238 καὶ
2610 3187 2875 3253 Μεσσήνη
2930 3186 3202 3249 ἐκαλεῖτο,
3256 3186 3349 3236 καὶ
3405 3187 3605 3247 παντὸς
3649 3186 3737 3237 τοῦ

2253 3358 2361 3415 Nos
2395 3376 2514 3413 cum
2568 3360 2813 3430 principe
2864 3370 3055 3416 nostro
3114 3362 3472 3417 Constantino
3517 3363 3727 3430 despota
3798 3421 3811 3430 ,

2184 3452 2287 3505 alia
2319 3453 2405 3505 via
2432 3450 2721 3504 Bostitzam
2754 3451 3020 3505 venimus.
3054 3450 3280 3505 Etiamsi
3307 3454 3442 3507 enim
3483 3452 3543 3504 ad
3610 3465 3719 3503 mo.

2184 3541 2388 3596 nachos
2413 3556 2535 3595 sese
2581 3554 2691 3593 non
2756 3542 3067 3610 aggregavit
3129 3541 3443 3596 Theodorus
3498 3542 3726 3609 deSpota,

2181 3649 2283 3702 qua
2313 3650 2369 3688 re
2393 3646 2586 3687 onmes
2615 3634 2989 3699 possessiones
3047 3630 3166 3701 ejus
3213 3634 3279 3687 ad
3331 3633 3737 3688 Constantinum

2182 3726 2404 3780 fratrem
2449 3727 2748 3782 secundum
2804 3736 2961 3794 pacta
3017 3736 3393 3798 conventaqne
3441 3728 3744 3781 transitura:

2180 3827 2357 3881 erant,
2396 3829 2581 3872 tamen
2622 3818 2910 3872 donavitei
2946 3817 3241 3872 Bostitzam
3266 3834 3391 3873 cum
3427 3820 3561 3874 locis
3597 3818 3744 3889 adias

2184 3906 2459 3971 centibus,
2489 3914 2631 3962 etex
2668 3906 2838 3961 altera
2890 3914 3045 3975 parte
3111 3924 3445 3977 quaecunque
3501 3910 3745 3964 occiden-

2182 4008 2290 4054 tem
2353 4013 2549 4054 versus
2616 3998 2683 4052 ad
2744 3999 2955 4053 radices
3006 4002 3212 4056 montis
3239 4002 3491 4056 altissimi
3524 4003 3741 4073 Taygeti

2174 4091 2408 4158 jacent:
2454 4098 2539 4145 est
2587 4100 2771 4145 autem
2830 4091 2904 4144 ibi
2929 4091 3091 4145 silum
3153 4091 3445 4148 Lcuctrum
3533 4093 3740 4159 Maium,

2180 4183 2467 4236 castellum
2496 4181 2849 4251 Peloponnesi
2876 4185 3409 4252 prmstanlissimum,
3442 4187 3586 4256 quod
3622 4188 3743 4241 olim

2181 4273 2393 4328 Cetaria
2423 4276 2719 4329 vocabatur
2755 4293 2770 4330 :
2807 4274 2862 4330 et
2887 4291 3100 4332 omnem
3132 4276 3282 4332 illum
3307 4288 3538 4335 tractum
3582 4294 3747 4349 usque

2187 4364 2254 4418 ad
2288 4359 2506 4433 Pylum,
2533 4382 2653 4435 qua:
2676 4366 2825 4423 ltilus
2851 4369 3072 4435 dicitur,
3103 4376 3155 4423 et
3182 4382 3334 4424 extra
3368 4386 3491 4425 eum
3521 4381 3744 4427 tractum

2185 4455 2464 4510 castellum
2499 4456 2784 4525 Zarnatas,
2817 4458 3138 4523 Gastitzam,
3188 4461 3541 4529 Diaseistum,
3596 4465 3744 4529 Mele,

2186 4545 2475 4599 Drachium
2507 4558 2560 4601 et
2584 4547 2865 4602 l’oliannm
2888 4565 3008 4604 cum
3042 4551 3173 4605 locis
3210 4552 3491 4619 ﬁnitimis;
3531 4556 3744 4623 insuper

2184 4636 2367 4689 omnia
2392 4638 2586 4706 oppida
2614 4647 2668 4691 et
2699 4642 2921 4695 castella
2968 4643 3033 4695 ad
3101 4643 3281 4697 sinum
3333 4642 3744 4711 Messeniacnm,

2186 4739 2283 4794 per
2341 4740 2503 4794 quam
2574 4728 2809 4782 mediam
2908 4731 3182 4799 regionem
3233 4730 3481 4789 Paniisus
3560 4734 3745 4790 fluvius

2185 4816 2409 4871 labitur.
2457 4817 2581 4873 llazc
2634 4822 3003 4888 procuratoris
3050 4825 3273 4879 nomine
3316 4825 3745 4893 administrabat,

2186 4923 2305 4976 qua:
2363 4906 2655 4978 Nicephori
2722 4908 3023 4977 Melisseni,
3083 4914 3265 4984 magni
3316 4917 3744 4984 protostratoris,

2181 5008 2337 5052 erant
2368 5014 2382 5063 ;
2418 5015 2577 5068 quem
2610 5011 2831 5067 propter
2891 5002 3058 5056 animi
3108 5008 3404 5061 versutiam
3440 5017 3496 5061 et
3546 5008 3743 5077 ingenii

2184 5090 2522 5144 celeritatem
2562 5093 3049 5164 desteritatemque
3072 5110 3337 5151 summam
3361 5100 3427 5152 ad
3450 5114 3537 5154 res
3560 5114 3741 5163 novas,

2183 5193 2319 5247 quas
2362 5180 2541 5244 vellet,
2578 5180 2938 5250 perﬁciendas
3001 5187 3164 5239 etiam
3207 5186 3581 5257 Melissurgum
3660 5204 3742 5243 co-

2183 5270 2597 5338 gnominabant.
2655 5273 2786 5326 Erat
2829 5284 3007 5328 autem
3072 5277 3172 5331 viri
3226 5277 3369 5332 illius
3423 5281 3741 5343 admirandi,

2182 5365 2463 5435 Nicephori
2487 5367 2719 5422 Caesaris
2740 5366 3033 5433 Melisseni,
3066 5369 3226 5439 longo
3264 5380 3607 5441 posterorum
3661 5389 3745 5428 or-

2182 5457 2307 5512 dine
2340 5473 2527 5526 nepos,
2558 5459 2698 5513 filius
2731 5459 2929 5515 Leonis
2962 5459 3242 5516 Melisseni
3273 5464 3740 5529 sebastocratoris,

2187 5559 2353 5619 atque
2378 5549 2489 5615 jam
2533 5550 2748 5619 pridem
2781 5562 2837 5606 et
2868 5554 2935 5607 ab
2956 5553 3114 5609 initio
3146 5554 3399 5609 dominus
3442 5554 3741 5609 munitissi-

2183 5655 2285 5695 mae
2319 5641 2471 5697 urbis
2500 5640 2778 5710 jthomes,
2830 5658 2953 5714 qua:
2977 5645 3140 5701 etiam
3200 5644 3444 5703 Messene
3508 5645 3740 5717 appella-
