  <div class='ocr_page' id='page_1' title='image "/cluster/home/n/w/nwhite01/storage/ocr_20150623/156/mdp.39015078384719/392.png"; bbox 0 0 4096 6300; ppageno 0'>
   <div class='ocr_carea' id='block_1_1' title="bbox 302 343 421 405">
    <p class='ocr_par' dir='ltr' id='par_1_1' title="bbox 302 343 421 405">
     <span class='ocr_line' id='line_1_1' title="bbox 302 343 421 405; baseline 0.017 -2"><span class='ocrx_word' id='word_1_1' title='bbox 302 343 421 405; x_wconf 70' lang='grc'><strong>’745</strong></span> 
     </span>
    </p>
   </div>
   <div class='ocr_carea' id='block_1_2' title="bbox 1336 331 2487 399">
    <p class='ocr_par' dir='ltr' id='par_1_2' title="bbox 1336 331 2487 399">
     <span class='ocr_line' id='line_1_2' title="bbox 1336 331 2487 399; baseline -0.003 -5"><span class='ocrx_word' id='word_1_2' title='bbox 1336 336 1775 397; x_wconf 72' lang='lat' dir='ltr'><strong>CIIRONICON</strong></span> <span class='ocrx_word' id='word_1_3' title='bbox 1817 336 2085 399; x_wconf 79' lang='lat' dir='ltr'><strong>MAJUS.</strong></span> <span class='ocrx_word' id='word_1_4' title='bbox 2117 360 2183 370; x_wconf 82' lang='grc'><strong><em>-</em></strong></span> <span class='ocrx_word' id='word_1_5' title='bbox 2213 335 2360 397; x_wconf 86' lang='lat' dir='ltr'><strong>LIB.</strong></span> <span class='ocrx_word' id='word_1_6' title='bbox 2402 331 2487 393; x_wconf 88' lang='grc' dir='ltr'><strong>ῐΙ.</strong></span> 
     </span>
    </p>
   </div>
   <div class='ocr_carea' id='block_1_3' title="bbox 3448 321 3555 385">
    <p class='ocr_par' dir='ltr' id='par_1_3' title="bbox 3448 321 3555 385">
     <span class='ocr_line' id='line_1_3' title="bbox 3448 321 3555 385; baseline -0.019 0"><span class='ocrx_word' id='word_1_7' title='bbox 3448 321 3555 385; x_wconf 76' lang='grc'><strong>746</strong></span> 
     </span>
    </p>
   </div>
   <div class='ocr_carea' id='block_1_4' title="bbox 306 438 3560 522">
    <p class='ocr_par' dir='ltr' id='par_1_4' title="bbox 306 438 3560 522">
     <span class='ocr_line' id='line_1_4' title="bbox 306 438 3560 522; baseline -0.004 -15"><span class='ocrx_word' id='word_1_8' title='bbox 306 449 694 522; x_wconf 82' lang='grc' dir='ltr'>Μεσσηνιακοῦ</span> <span class='ocrx_word' id='word_1_9' title='bbox 727 449 931 503; x_wconf 81' lang='grc' dir='ltr'>κόλπου</span> <span class='ocrx_word' id='word_1_10' title='bbox 959 466 970 479; x_wconf 87' lang='grc'><strong>·</strong></span> <span class='ocrx_word' id='word_1_11' title='bbox 1021 450 1077 511; x_wconf 77' lang='grc' dir='ltr'>ὃς</span> <span class='ocrx_word' id='word_1_12' title='bbox 1109 449 1301 517; x_wconf 71' lang='grc' dir='ltr'>γέγονε</span> <span class='ocrx_word' id='word_1_13' title='bbox 1342 449 1437 502; x_wconf 73' lang='grc' dir='ltr'>καὶ</span> <span class='ocrx_word' id='word_1_14' title='bbox 1468 446 1872 516; x_wconf 85' lang='grc' dir='ltr'>μητροπολίτης</span> <span class='ocrx_word' id='word_1_15' title='bbox 1910 450 1952 505; x_wconf 78' lang='grc' dir='ltr'><strong>Α</strong></span> <span class='ocrx_word' id='word_1_16' title='bbox 1980 446 2074 500; x_wconf 76' lang='grc' dir='ltr'>καὶ</span> <span class='ocrx_word' id='word_1_17' title='bbox 2131 448 2190 498; x_wconf 87' lang='grc' dir='ltr'><strong>ἐν</strong></span> <span class='ocrx_word' id='word_1_18' title='bbox 2230 448 2348 508; x_wconf 87' lang='grc' dir='ltr'>ταῖς</span> <span class='ocrx_word' id='word_1_19' title='bbox 2414 446 2697 515; x_wconf 80' lang='grc' dir='ltr'><strong>χρονικαῖς</strong></span> <span class='ocrx_word' id='word_1_20' title='bbox 2754 442 3018 511; x_wconf 78' lang='grc' dir='ltr'><strong>ἱστορίαις</strong></span> <span class='ocrx_word' id='word_1_21' title='bbox 3085 438 3261 503; x_wconf 77' lang='grc' dir='ltr'>οὕτως</span> <span class='ocrx_word' id='word_1_22' title='bbox 3316 439 3560 509; x_wconf 78' lang='grc' dir='ltr'>ἔγραφον</span> 
     </span>
    </p>
   </div>
   <div class='ocr_carea' id='block_1_5' title="bbox 317 536 1881 611">
    <p class='ocr_par' dir='ltr' id='par_1_5' title="bbox 317 536 1881 611">
     <span class='ocr_line' id='line_1_5' title="bbox 317 536 1881 611; baseline -0.004 -15"><span class='ocrx_word' id='word_1_23' title='bbox 317 540 841 611; x_wconf 80' lang='grc' dir='ltr'>Ἀνδριανουπόλεως</span> <span class='ocrx_word' id='word_1_24' title='bbox 880 538 1264 607; x_wconf 78' lang='grc' dir='ltr'><strong>ἀποθανούσης</strong></span> <span class='ocrx_word' id='word_1_25' title='bbox 1298 538 1399 607; x_wconf 83' lang='grc' dir='ltr'>τῆς</span> <span class='ocrx_word' id='word_1_26' title='bbox 1434 537 1693 605; x_wconf 81' lang='grc' dir='ltr'>γυναικὸς</span> <span class='ocrx_word' id='word_1_27' title='bbox 1715 536 1881 590; x_wconf 77' lang='grc' dir='ltr'>αὑτοῦ</span> 
     </span>
    </p>
   </div>
   <div class='ocr_carea' id='block_1_6' title="bbox 306 612 1886 701">
    <p class='ocr_par' dir='ltr' id='par_1_6' title="bbox 306 612 1886 701">
     <span class='ocr_line' id='line_1_6' title="bbox 306 612 1886 701; baseline -0.005 -12"><span class='ocrx_word' id='word_1_28' title='bbox 306 636 398 689; x_wconf 83' lang='grc' dir='ltr'><strong>διὰ</strong></span> <span class='ocrx_word' id='word_1_29' title='bbox 441 634 645 696; x_wconf 80' lang='grc' dir='ltr'>πολλὰς</span> <span class='ocrx_word' id='word_1_30' title='bbox 676 635 768 686; x_wconf 71' lang='grc' dir='ltr'>καὶ</span> <span class='ocrx_word' id='word_1_31' title='bbox 802 631 1116 701; x_wconf 77' lang='grc' dir='ltr'><strong>ἀναγκαίας</strong></span> <span class='ocrx_word' id='word_1_32' title='bbox 1152 632 1333 695; x_wconf 77' lang='grc' dir='ltr'>αἰτίας</span> <span class='ocrx_word' id='word_1_33' title='bbox 1387 633 1467 693; x_wconf 87' lang='grc' dir='ltr'><strong>είς</strong></span> <span class='ocrx_word' id='word_1_34' title='bbox 1520 631 1708 697; x_wconf 77' lang='grc' dir='ltr'>κοινὴν</span> <span class='ocrx_word' id='word_1_35' title='bbox 1739 612 1886 697; x_wconf 72' lang='grc' dir='ltr'><strong>ὠιρέ-</strong></span> 
     </span>
    </p>
   </div>
   <div class='ocr_carea' id='block_1_7' title="bbox 307 721 1887 794">
    <p class='ocr_par' dir='ltr' id='par_1_7' title="bbox 307 721 1887 794">
     <span class='ocr_line' id='line_1_7' title="bbox 307 721 1887 794; baseline -0.004 -15"><span class='ocrx_word' id='word_1_36' title='bbox 307 728 479 788; x_wconf 83' lang='grc' dir='ltr'>λειαν,</span> <span class='ocrx_word' id='word_1_37' title='bbox 517 727 566 778; x_wconf 81' lang='grc' dir='ltr'>εἰ</span> <span class='ocrx_word' id='word_1_38' title='bbox 597 724 692 779; x_wconf 60' lang='grc' dir='ltr'><strong>καί⁸</strong></span> <span class='ocrx_word' id='word_1_39' title='bbox 726 725 785 777; x_wconf 84' lang='grc' dir='ltr'>τὸ</span> <span class='ocrx_word' id='word_1_40' title='bbox 821 726 1000 794; x_wconf 81' lang='grc' dir='ltr'>ἄωρον</span> <span class='ocrx_word' id='word_1_41' title='bbox 1030 724 1125 776; x_wconf 83' lang='grc' dir='ltr'>τοῦ</span> <span class='ocrx_word' id='word_1_42' title='bbox 1160 723 1396 777; x_wconf 81' lang='grc' dir='ltr'><strong>Θανάτου</strong></span> <span class='ocrx_word' id='word_1_43' title='bbox 1446 721 1692 793; x_wconf 77' lang='grc' dir='ltr'>ἥρπαξεν</span> <span class='ocrx_word' id='word_1_44' title='bbox 1723 721 1887 775; x_wconf 79' lang='grc' dir='ltr'>αὐτὸν</span> 
     </span>
    </p>
   </div>
   <div class='ocr_carea' id='block_1_8' title="bbox 308 809 1887 885">
    <p class='ocr_par' dir='ltr' id='par_1_8' title="bbox 308 809 1887 885">
     <span class='ocr_line' id='line_1_8' title="bbox 308 809 1887 885; baseline -0.004 -17"><span class='ocrx_word' id='word_1_45' title='bbox 308 817 404 869; x_wconf 78' lang='grc' dir='ltr'>καὶ</span> <span class='ocrx_word' id='word_1_46' title='bbox 434 815 622 877; x_wconf 85' lang='grc' dir='ltr'>ἀτελὲς</span> <span class='ocrx_word' id='word_1_47' title='bbox 649 816 709 866; x_wconf 84' lang='grc' dir='ltr'>τὸ</span> <span class='ocrx_word' id='word_1_48' title='bbox 740 813 901 885; x_wconf 75' lang='grc' dir='ltr'>ἔργον</span> <span class='ocrx_word' id='word_1_49' title='bbox 934 811 1223 881; x_wconf 81' lang='grc' dir='ltr'>ἀπέμεινε.</span> <span class='ocrx_word' id='word_1_50' title='bbox 1271 811 1535 873; x_wconf 86' lang='grc' dir='ltr'>Είπόντες</span> <span class='ocrx_word' id='word_1_51' title='bbox 1567 809 1660 863; x_wconf 77' lang='grc' dir='ltr'>οὖν</span> <span class='ocrx_word' id='word_1_52' title='bbox 1705 809 1887 879; x_wconf 75' lang='grc' dir='ltr'>ἕτεροι</span> 
     </span>
    </p>
   </div>
   <div class='ocr_carea' id='block_1_9' title="bbox 311 888 1890 972">
    <p class='ocr_par' dir='ltr' id='par_1_9' title="bbox 311 888 1890 972">
     <span class='ocr_line' id='line_1_9' title="bbox 311 888 1890 972; baseline -0.004 -12"><span class='ocrx_word' id='word_1_53' title='bbox 311 908 499 961; x_wconf 74' lang='grc' dir='ltr'>πολλοὶ</span> <span class='ocrx_word' id='word_1_54' title='bbox 532 907 634 968; x_wconf 82' lang='grc' dir='ltr'><strong>τὰς</strong></span> <span class='ocrx_word' id='word_1_55' title='bbox 661 906 840 967; x_wconf 77' lang='grc' dir='ltr'>αἰτίας</span> <span class='ocrx_word' id='word_1_56' title='bbox 875 905 955 967; x_wconf 86' lang='grc' dir='ltr'><strong>είς</strong></span> <span class='ocrx_word' id='word_1_57' title='bbox 991 888 1345 972; x_wconf 79' lang='grc' dir='ltr'>πλάτος,ἐγὼ</span> <span class='ocrx_word' id='word_1_58' title='bbox 1368 902 1779 972; x_wconf 79' lang='grc' dir='ltr'><strong>ἐγκατέλειπον.</strong></span> <span class='ocrx_word' id='word_1_59' title='bbox 1823 902 1890 954; x_wconf 79' lang='grc' dir='ltr'><em>Ἢ</em></span> 
     </span>
    </p>
   </div>
   <div class='ocr_carea' id='block_1_10' title="bbox 312 994 1890 1067">
    <p class='ocr_par' dir='ltr' id='par_1_10' title="bbox 312 994 1890 1067">
     <span class='ocr_line' id='line_1_10' title="bbox 312 994 1890 1067; baseline -0.003 -16"><span class='ocrx_word' id='word_1_60' title='bbox 312 999 372 1051; x_wconf 81' lang='grc' dir='ltr'><strong>δέ</strong></span> <span class='ocrx_word' id='word_1_61' title='bbox 423 999 569 1051; x_wconf 83' lang='grc' dir='ltr'>αίτία</span> <span class='ocrx_word' id='word_1_62' title='bbox 600 998 703 1066; x_wconf 79' lang='grc' dir='ltr'>τῆς</span> <span class='ocrx_word' id='word_1_63' title='bbox 749 996 1011 1067; x_wconf 83' lang='grc' dir='ltr'><strong>τοιαύτης</strong></span> <span class='ocrx_word' id='word_1_64' title='bbox 1065 996 1429 1066; x_wconf 82' lang='grc' dir='ltr'>ἐπιτροπικῆς</span> <span class='ocrx_word' id='word_1_65' title='bbox 1461 994 1890 1064; x_wconf 87' lang='grc' dir='ltr'>τοιουτοτρόπως</span> 
     </span>
    </p>
   </div>
   <div class='ocr_carea' id='block_1_11' title="bbox 312 1086 1891 1160">
    <p class='ocr_par' dir='ltr' id='par_1_11' title="bbox 312 1086 1891 1160">
     <span class='ocr_line' id='line_1_11' title="bbox 312 1086 1891 1160; baseline -0.002 -18"><span class='ocrx_word' id='word_1_66' title='bbox 312 1088 479 1159; x_wconf 74' lang='grc' dir='ltr'>εἶχεν,</span> <span class='ocrx_word' id='word_1_67' title='bbox 535 1090 635 1158; x_wconf 80' lang='grc' dir='ltr'>τῆς</span> <span class='ocrx_word' id='word_1_68' title='bbox 671 1090 809 1160; x_wconf 78' lang='grc' dir='ltr'>πρὸς</span> <span class='ocrx_word' id='word_1_69' title='bbox 860 1090 954 1142; x_wconf 64' lang='grc' dir='ltr'><strong>τὸν</strong></span> <span class='ocrx_word' id='word_1_70' title='bbox 1010 1089 1277 1157; x_wconf 80' lang='grc' dir='ltr'><strong>δεσπότην</strong></span> <span class='ocrx_word' id='word_1_71' title='bbox 1313 1088 1419 1158; x_wconf 75' lang='grc' dir='ltr'>κὺρ</span> <span class='ocrx_word' id='word_1_72' title='bbox 1472 1086 1771 1156; x_wconf 86' lang='grc' dir='ltr'>Θεόδωρον.</span> <span class='ocrx_word' id='word_1_73' title='bbox 1832 1086 1891 1139; x_wconf 82' lang='lat'><strong>&#39;0</strong></span> 
     </span>
    </p>
   </div>
   <div class='ocr_carea' id='block_1_12' title="bbox 315 1177 1892 1252">
    <p class='ocr_par' dir='ltr' id='par_1_12' title="bbox 315 1177 1892 1252">
     <span class='ocr_line' id='line_1_12' title="bbox 315 1177 1892 1252; baseline -0.001 -21"><span class='ocrx_word' id='word_1_74' title='bbox 315 1181 653 1252; x_wconf 69' lang='grc' dir='ltr'>προρρηθεὶς</span> <span class='ocrx_word' id='word_1_75' title='bbox 682 1180 999 1250; x_wconf 80' lang='grc' dir='ltr'>Νικηφόρος</span> <span class='ocrx_word' id='word_1_76' title='bbox 1020 1180 1047 1232; x_wconf 85' lang='grc' dir='ltr'>ὁ</span> <span class='ocrx_word' id='word_1_77' title='bbox 1068 1180 1411 1250; x_wconf 82' lang='grc' dir='ltr'>Μελισσηνὺς</span> <span class='ocrx_word' id='word_1_78' title='bbox 1443 1178 1599 1248; x_wconf 75' lang='grc' dir='ltr'>ἔσχεν</span> <span class='ocrx_word' id='word_1_79' title='bbox 1629 1177 1744 1231; x_wconf 75' lang='grc' dir='ltr'>υἱὸν</span> <span class='ocrx_word' id='word_1_80' title='bbox 1773 1177 1892 1231; x_wconf 77' lang='grc' dir='ltr'>δνό-</span> 
     </span>
    </p>
   </div>
   <div class='ocr_carea' id='block_1_13' title="bbox 318 1268 1894 1341">
    <p class='ocr_par' dir='ltr' id='par_1_13' title="bbox 318 1268 1894 1341">
     <span class='ocr_line' id='line_1_13' title="bbox 318 1268 1894 1341; baseline -0.001 -18"><span class='ocrx_word' id='word_1_81' title='bbox 318 1290 451 1341; x_wconf 78' lang='grc' dir='ltr'>ματι</span> <span class='ocrx_word' id='word_1_82' title='bbox 504 1272 796 1335; x_wconf 65' lang='grc' dir='ltr'>Νικόλαον,</span> <span class='ocrx_word' id='word_1_83' title='bbox 830 1272 889 1324; x_wconf 84' lang='grc' dir='ltr'><strong>δν</strong></span> <span class='ocrx_word' id='word_1_84' title='bbox 942 1272 1272 1341; x_wconf 81' lang='grc' dir='ltr'>ἀνεγέννησε</span> <span class='ocrx_word' id='word_1_85' title='bbox 1307 1270 1396 1324; x_wconf 88' lang='grc' dir='ltr'>διὰ</span> <span class='ocrx_word' id='word_1_86' title='bbox 1427 1268 1522 1323; x_wconf 78' lang='grc' dir='ltr'><strong>τοῦ</strong></span> <span class='ocrx_word' id='word_1_87' title='bbox 1559 1270 1716 1337; x_wconf 85' lang='grc' dir='ltr'>ἁγίου</span> <span class='ocrx_word' id='word_1_88' title='bbox 1751 1270 1894 1339; x_wconf 79' lang='grc' dir='ltr'>βαπ-</span> 
     </span>
    </p>
   </div>
   <div class='ocr_carea' id='block_1_14' title="bbox 317 1356 1893 1431">
    <p class='ocr_par' dir='ltr' id='par_1_14' title="bbox 317 1356 1893 1431">
     <span class='ocr_line' id='line_1_14' title="bbox 317 1356 1893 1431; baseline -0.001 -18"><span class='ocrx_word' id='word_1_89' title='bbox 317 1363 580 1429; x_wconf 78' lang='grc' dir='ltr'>τίσματος</span> <span class='ocrx_word' id='word_1_90' title='bbox 603 1364 629 1414; x_wconf 87' lang='grc' dir='ltr'><strong>ό</strong></span> <span class='ocrx_word' id='word_1_91' title='bbox 649 1362 921 1431; x_wconf 83' lang='grc' dir='ltr'><strong>δεσπότης</strong></span> <span class='ocrx_word' id='word_1_92' title='bbox 944 1362 1050 1430; x_wconf 81' lang='grc' dir='ltr'>κὺρ</span> <span class='ocrx_word' id='word_1_93' title='bbox 1073 1360 1350 1428; x_wconf 84' lang='grc' dir='ltr'>Θεόδωρος</span> <span class='ocrx_word' id='word_1_94' title='bbox 1379 1375 1393 1388; x_wconf 89' lang='grc'><strong>·</strong></span> <span class='ocrx_word' id='word_1_95' title='bbox 1419 1363 1515 1412; x_wconf 74' lang='grc' dir='ltr'>καὶ</span> <span class='ocrx_word' id='word_1_96' title='bbox 1539 1359 1596 1410; x_wconf 88' lang='grc' dir='ltr'><strong>ἐν</strong></span> <span class='ocrx_word' id='word_1_97' title='bbox 1620 1359 1697 1428; x_wconf 84' lang='grc' dir='ltr'>τῷ</span> <span class='ocrx_word' id='word_1_98' title='bbox 1717 1356 1893 1427; x_wconf 86' lang='grc' dir='ltr'>καιρῷ</span> 
     </span>
    </p>
   </div>
   <div class='ocr_carea' id='block_1_15' title="bbox 316 1448 1895 1519">
    <p class='ocr_par' dir='ltr' id='par_1_15' title="bbox 316 1448 1895 1519">
     <span class='ocr_line' id='line_1_15' title="bbox 316 1448 1895 1519; baseline -0.003 -14"><span class='ocrx_word' id='word_1_99' title='bbox 316 1453 416 1518; x_wconf 73' lang='grc' dir='ltr'>’τῆς</span> <span class='ocrx_word' id='word_1_100' title='bbox 453 1452 845 1519; x_wconf 84' lang='grc' dir='ltr'>μεταστάσεως</span> <span class='ocrx_word' id='word_1_101' title='bbox 874 1450 1040 1503; x_wconf 82' lang='grc' dir='ltr'>αὐτοῦ</span> <span class='ocrx_word' id='word_1_102' title='bbox 1064 1452 1144 1513; x_wconf 84' lang='grc' dir='ltr'><strong>είς</strong></span> <span class='ocrx_word' id='word_1_103' title='bbox 1168 1451 1263 1512; x_wconf 90' lang='grc' dir='ltr'><strong>τάς</strong></span> <span class='ocrx_word' id='word_1_104' title='bbox 1292 1449 1493 1511; x_wconf 75' lang='grc' dir='ltr'>ἀΰλους</span> <span class='ocrx_word' id='word_1_105' title='bbox 1517 1448 1683 1518; x_wconf 82' lang='grc' dir='ltr'>μονὰς</span> <span class='ocrx_word' id='word_1_106' title='bbox 1712 1449 1763 1517; x_wconf 82' lang='grc' dir='ltr'>(ό</span> <span class='ocrx_word' id='word_1_107' title='bbox 1785 1450 1895 1519; x_wconf 86' lang='grc' dir='ltr'>γὰρ</span> 
     </span>
    </p>
   </div>
   <div class='ocr_carea' id='block_1_16' title="bbox 338 1540 1896 1613">
    <p class='ocr_par' dir='ltr' id='par_1_16' title="bbox 338 1540 1896 1613">
     <span class='ocr_line' id='line_1_16' title="bbox 338 1540 1896 1613; baseline -0.002 -17"><span class='ocrx_word' id='word_1_108' title='bbox 338 1544 430 1605; x_wconf 71' lang='grc' dir='ltr'>υἱὸς</span> <span class='ocrx_word' id='word_1_109' title='bbox 463 1542 630 1597; x_wconf 84' lang='grc' dir='ltr'>αὐτοῦ</span> <span class='ocrx_word' id='word_1_110' title='bbox 672 1541 897 1613; x_wconf 83' lang='grc' dir='ltr'>τριετὴς</span> <span class='ocrx_word' id='word_1_111' title='bbox 943 1545 1142 1611; x_wconf 77' lang='grc' dir='ltr'>νήπιος</span> <span class='ocrx_word' id='word_1_112' title='bbox 1190 1540 1286 1611; x_wconf 81' lang='grc' dir='ltr'><strong>ὢν)</strong></span> <span class='ocrx_word' id='word_1_113' title='bbox 1339 1540 1607 1610; x_wconf 80' lang='grc' dir='ltr'>διαθήκην</span> <span class='ocrx_word' id='word_1_114' title='bbox 1660 1540 1896 1607; x_wconf 81' lang='grc' dir='ltr'>ποιήσας</span> 
     </span>
    </p>
   </div>
   <div class='ocr_carea' id='block_1_17' title="bbox 319 1630 1897 1703">
    <p class='ocr_par' dir='ltr' id='par_1_17' title="bbox 319 1630 1897 1703">
     <span class='ocr_line' id='line_1_17' title="bbox 319 1630 1897 1703; baseline -0.002 -17"><span class='ocrx_word' id='word_1_115' title='bbox 319 1635 509 1686; x_wconf 66' lang='grc' dir='ltr'>τοῦτον</span> <span class='ocrx_word' id='word_1_116' title='bbox 542 1636 807 1687; x_wconf 86' lang='grc' dir='ltr'>κατέλιπε</span> <span class='ocrx_word' id='word_1_117' title='bbox 838 1632 932 1685; x_wconf 85' lang='grc' dir='ltr'>τὸν</span> <span class='ocrx_word' id='word_1_118' title='bbox 961 1633 1235 1703; x_wconf 85' lang='grc' dir='ltr'>δεσπότην</span> <span class='ocrx_word' id='word_1_119' title='bbox 1261 1632 1369 1701; x_wconf 78' lang='grc' dir='ltr'>κὺρ</span> <span class='ocrx_word' id='word_1_120' title='bbox 1402 1632 1679 1702; x_wconf 82' lang='grc' dir='ltr'>Θεόδωρον</span> <span class='ocrx_word' id='word_1_121' title='bbox 1705 1630 1897 1701; x_wconf 81' lang='grc' dir='ltr'>κύριον</span> 
     </span>
    </p>
   </div>
   <div class='ocr_carea' id='block_1_18' title="bbox 321 1721 1896 1795">
    <p class='ocr_par' dir='ltr' id='par_1_18' title="bbox 321 1721 1896 1795">
     <span class='ocr_line' id='line_1_18' title="bbox 321 1721 1896 1795; baseline -0.003 -17"><span class='ocrx_word' id='word_1_122' title='bbox 321 1727 416 1779; x_wconf 72' lang='grc' dir='ltr'>καὶ</span> <span class='ocrx_word' id='word_1_123' title='bbox 450 1726 719 1795; x_wconf 80' lang='grc' dir='ltr'>δεσπότην</span> <span class='ocrx_word' id='word_1_124' title='bbox 748 1726 842 1779; x_wconf 73' lang='grc' dir='ltr'>καὶ</span> <span class='ocrx_word' id='word_1_125' title='bbox 884 1724 1180 1792; x_wconf 82' lang='grc' dir='ltr'>ἐπίτροπον</span> <span class='ocrx_word' id='word_1_126' title='bbox 1208 1723 1302 1776; x_wconf 81' lang='grc' dir='ltr'>τοῦ</span> <span class='ocrx_word' id='word_1_127' title='bbox 1333 1722 1523 1784; x_wconf 85' lang='grc' dir='ltr'>παιδὸς</span> <span class='ocrx_word' id='word_1_128' title='bbox 1556 1724 1653 1775; x_wconf 70' lang='grc' dir='ltr'><strong>καὶ</strong></span> <span class='ocrx_word' id='word_1_129' title='bbox 1676 1721 1896 1775; x_wconf 84' lang='grc' dir='ltr'>πάντων</span> 
     </span>
    </p>
   </div>
   <div class='ocr_carea' id='block_1_19' title="bbox 1988 530 3562 607">
    <p class='ocr_par' dir='ltr' id='par_1_19' title="bbox 1988 530 3562 607">
     <span class='ocr_line' id='line_1_19' title="bbox 1988 530 3562 607; baseline -0.006 -14"><span class='ocrx_word' id='word_1_130' title='bbox 1988 539 2115 601; x_wconf 77' lang='grc' dir='ltr'>τοὺς</span> <span class='ocrx_word' id='word_1_131' title='bbox 2153 538 2550 607; x_wconf 79' lang='grc' dir='ltr'>’Μελισσηνοὺς</span> <span class='ocrx_word' id='word_1_132' title='bbox 2621 531 3172 602; x_wconf 85' lang='grc' dir='ltr'>Στρατηγοπούλους,</span> <span class='ocrx_word' id='word_1_133' title='bbox 3246 530 3316 584; x_wconf 83' lang='grc' dir='ltr'><strong>δι’</strong></span> <span class='ocrx_word' id='word_1_134' title='bbox 3376 531 3562 585; x_wconf 76' lang='grc' dir='ltr'>αἰτίαν</span> 
     </span>
    </p>
   </div>
   <div class='ocr_carea' id='block_1_20' title="bbox 1987 623 3564 696">
    <p class='ocr_par' dir='ltr' id='par_1_20' title="bbox 1987 623 3564 696">
     <span class='ocr_line' id='line_1_20' title="bbox 1987 623 3564 696; baseline -0.006 -14"><span class='ocrx_word' id='word_1_135' title='bbox 1987 630 2266 696; x_wconf 81' lang='grc' dir='ltr'>τοιαύτην·</span> <span class='ocrx_word' id='word_1_136' title='bbox 2302 628 2392 681; x_wconf 70' lang='grc' dir='ltr'>τὸν</span> <span class='ocrx_word' id='word_1_137' title='bbox 2426 630 2534 696; x_wconf 84' lang='grc' dir='ltr'>γὰρ</span> <span class='ocrx_word' id='word_1_138' title='bbox 2559 625 2801 690; x_wconf 81' lang='grc' dir='ltr'>Ἀλέξιον</span> <span class='ocrx_word' id='word_1_139' title='bbox 2827 625 3090 693; x_wconf 64' lang='grc' dir='ltr'>Καίσαρι</span> <span class='ocrx_word' id='word_1_140' title='bbox 3146 623 3239 675; x_wconf 76' lang='grc' dir='ltr'><strong>τὸν</strong></span> <span class='ocrx_word' id='word_1_141' title='bbox 3280 623 3564 693; x_wconf 83' lang='grc' dir='ltr'>Μελισσηο</span> 
     </span>
    </p>
   </div>
   <div class='ocr_carea' id='block_1_21' title="bbox 1989 715 3569 787">
    <p class='ocr_par' dir='ltr' id='par_1_21' title="bbox 1989 715 3569 787">
     <span class='ocr_line' id='line_1_21' title="bbox 1989 715 3569 787; baseline -0.004 -13"><span class='ocrx_word' id='word_1_142' title='bbox 1989 721 2100 783; x_wconf 78' lang='grc' dir='ltr'>νδν,</span> <span class='ocrx_word' id='word_1_143' title='bbox 2132 722 2223 773; x_wconf 77' lang='grc' dir='ltr'>τὸν</span> <span class='ocrx_word' id='word_1_144' title='bbox 2258 721 2353 774; x_wconf 71' lang='grc' dir='ltr'><strong>καὶ</strong></span> <span class='ocrx_word' id='word_1_145' title='bbox 2388 720 2487 787; x_wconf 78' lang='grc' dir='ltr'>τὴν</span> <span class='ocrx_word' id='word_1_146' title='bbox 2512 716 3099 771; x_wconf 83' lang='grc' dir='ltr'>Κωνσταντινούπολιν</span> <span class='ocrx_word' id='word_1_147' title='bbox 3120 715 3569 784; x_wconf 78' lang='grc' dir='ltr'>ἐλευθερώσαντα</span> 
     </span>
    </p>
   </div>
   <div class='ocr_carea' id='block_1_22' title="bbox 1995 803 3635 881">
    <p class='ocr_par' dir='ltr' id='par_1_22' title="bbox 1995 803 3635 881">
     <span class='ocr_line' id='line_1_22' title="bbox 1995 803 3635 881; baseline -0.011 -13"><span class='ocrx_word' id='word_1_148' title='bbox 1995 811 2154 881; x_wconf 63' lang='grc'><strong>134</strong></span> <span class='ocrx_word' id='word_1_149' title='bbox 2186 812 2250 863; x_wconf 89' lang='grc' dir='ltr'><strong>ἐκ</strong></span> <span class='ocrx_word' id='word_1_150' title='bbox 2284 811 2383 875; x_wconf 84' lang='grc' dir='ltr'>τῆς</span> <span class='ocrx_word' id='word_1_151' title='bbox 2421 809 2675 862; x_wconf 86' lang='grc' dir='ltr'>Λατίνων</span> <span class='ocrx_word' id='word_1_152' title='bbox 2691 807 2898 877; x_wconf 80' lang='grc' dir='ltr'>χειρὸς,</span> <span class='ocrx_word' id='word_1_153' title='bbox 2918 803 3408 873; x_wconf 86' lang='grc' dir='ltr'>Στρατηγόπουλον</span> <span class='ocrx_word' id='word_1_154' title='bbox 3428 805 3571 854; x_wconf 82' lang='grc' dir='ltr'>ἐπω-</span> <span class='ocrx_word' id='word_1_155' title='bbox 3628 854 3635 858; x_wconf 53' lang='grc'><strong>,</strong></span> 
     </span>
    </p>
   </div>
   <div class='ocr_carea' id='block_1_23' title="bbox 1991 893 3573 971">
    <p class='ocr_par' dir='ltr' id='par_1_23' title="bbox 1991 893 3573 971">
     <span class='ocr_line' id='line_1_23' title="bbox 1991 893 3573 971; baseline -0.008 -15"><span class='ocrx_word' id='word_1_156' title='bbox 1991 901 2228 971; x_wconf 76' lang='grc' dir='ltr'>νόμαξον</span> <span class='ocrx_word' id='word_1_157' title='bbox 2260 902 2349 953; x_wconf 82' lang='grc' dir='ltr'>διὰ</span> <span class='ocrx_word' id='word_1_158' title='bbox 2380 900 2476 970; x_wconf 83' lang='grc' dir='ltr'>τὴν</span> <span class='ocrx_word' id='word_1_159' title='bbox 2513 899 2749 969; x_wconf 75' lang='grc' dir='ltr'>μάμμην</span> <span class='ocrx_word' id='word_1_160' title='bbox 2792 897 2983 960; x_wconf 72' lang='grc' dir='ltr'>αὐτοῦ,</span> <span class='ocrx_word' id='word_1_161' title='bbox 3015 896 3109 949; x_wconf 76' lang='grc' dir='ltr'>καὶ</span> <span class='ocrx_word' id='word_1_162' title='bbox 3142 896 3329 949; x_wconf 74' lang='grc' dir='ltr'>ἔκτοτε</span> <span class='ocrx_word' id='word_1_163' title='bbox 3356 893 3415 947; x_wconf 81' lang='grc' dir='ltr'>τὸ</span> <span class='ocrx_word' id='word_1_164' title='bbox 3452 893 3573 945; x_wconf 82' lang='grc' dir='ltr'>ἐπί-</span> 
     </span>
    </p>
   </div>
   <div class='ocr_carea' id='block_1_24' title="bbox 1994 986 3569 1060">
    <p class='ocr_par' dir='ltr' id='par_1_24' title="bbox 1994 986 3569 1060">
     <span class='ocr_line' id='line_1_24' title="bbox 1994 986 3569 1060; baseline -0.005 -15"><span class='ocrx_word' id='word_1_165' title='bbox 1994 993 2131 1060; x_wconf 86' lang='grc' dir='ltr'>κλην</span> <span class='ocrx_word' id='word_1_166' title='bbox 2166 991 2325 1044; x_wconf 77' lang='grc' dir='ltr'>τοῦτο</span> <span class='ocrx_word' id='word_1_167' title='bbox 2354 991 2434 1053; x_wconf 85' lang='grc' dir='ltr'>εἴς</span> <span class='ocrx_word' id='word_1_168' title='bbox 2466 1006 2619 1052; x_wconf 90' lang='grc' dir='ltr'>τινας</span> <span class='ocrx_word' id='word_1_169' title='bbox 2639 988 2736 1041; x_wconf 84' lang='grc' dir='ltr'>τοῦ</span> <span class='ocrx_word' id='word_1_170' title='bbox 2769 990 2961 1056; x_wconf 87' lang='grc' dir='ltr'>γένους</span> <span class='ocrx_word' id='word_1_171' title='bbox 2981 986 3175 1040; x_wconf 79' lang='grc' dir='ltr'>τούτου</span> <span class='ocrx_word' id='word_1_172' title='bbox 3201 987 3569 1054; x_wconf 83' lang='grc' dir='ltr'>ἐπεκράτησε·</span> 
     </span>
    </p>
   </div>
   <div class='ocr_carea' id='block_1_25' title="bbox 1991 1075 3553 1150">
    <p class='ocr_par' dir='ltr' id='par_1_25' title="bbox 1991 1075 3553 1150">
     <span class='ocr_line' id='line_1_25' title="bbox 1991 1075 3553 1150; baseline -0.003 -17"><span class='ocrx_word' id='word_1_173' title='bbox 1991 1082 2085 1133; x_wconf 79' lang='grc' dir='ltr'>τὸν</span> <span class='ocrx_word' id='word_1_174' title='bbox 2138 1081 2192 1132; x_wconf 86' lang='grc' dir='ltr'><strong>δέ</strong></span> <span class='ocrx_word' id='word_1_175' title='bbox 2223 1079 2538 1150; x_wconf 76' lang='grc' dir='ltr'>Νικηφόρον</span> <span class='ocrx_word' id='word_1_176' title='bbox 2572 1080 2666 1133; x_wconf 73' lang='grc' dir='ltr'>καὶ</span> <span class='ocrx_word' id='word_1_177' title='bbox 2711 1080 2886 1147; x_wconf 86' lang='grc' dir='ltr'>μέγαν</span> <span class='ocrx_word' id='word_1_178' title='bbox 2942 1080 3403 1147; x_wconf 85' lang='grc' dir='ltr'>πρωτοστράτορα</span> <span class='ocrx_word' id='word_1_179' title='bbox 3456 1075 3553 1129; x_wconf 74' lang='grc' dir='ltr'>καὶ</span> 
     </span>
    </p>
   </div>
   <div class='ocr_carea' id='block_1_26' title="bbox 1994 1172 2832 1242">
    <p class='ocr_par' dir='ltr' id='par_1_26' title="bbox 1994 1172 2832 1242">
     <span class='ocr_line' id='line_1_26' title="bbox 1994 1172 2832 1242; baseline -0.002 -17"><span class='ocrx_word' id='word_1_180' title='bbox 1994 1172 2411 1242; x_wconf 79' lang='grc' dir='ltr'>Μελισσουργὸν</span> <span class='ocrx_word' id='word_1_181' title='bbox 2443 1172 2832 1240; x_wconf 86' lang='grc' dir='ltr'>ἐπωνόμασαν.</span> 
     </span>
    </p>
   </div>
   <div class='ocr_carea' id='block_1_27' title="bbox 2069 1258 3573 1335">
    <p class='ocr_par' dir='ltr' id='par_1_27' title="bbox 2069 1258 3573 1335">
     <span class='ocr_line' id='line_1_27' title="bbox 2069 1258 3573 1335; baseline -0.003 -20"><span class='ocrx_word' id='word_1_182' title='bbox 2069 1266 2269 1335; x_wconf 81' lang='grc' dir='ltr'>Διήρχε</span> <span class='ocrx_word' id='word_1_183' title='bbox 2284 1280 2339 1315; x_wconf 87' lang='grc' dir='ltr'><strong>το</strong></span> <span class='ocrx_word' id='word_1_184' title='bbox 2369 1262 2428 1315; x_wconf 84' lang='grc' dir='ltr'><strong>δέ</strong></span> <span class='ocrx_word' id='word_1_185' title='bbox 2460 1263 2557 1333; x_wconf 81' lang='grc' dir='ltr'>τὴν</span> <span class='ocrx_word' id='word_1_186' title='bbox 2590 1262 2890 1332; x_wconf 84' lang='grc' dir='ltr'>εἰρημένην</span> <span class='ocrx_word' id='word_1_187' title='bbox 2934 1260 3305 1330; x_wconf 83' lang='grc' dir='ltr'>ἐπιτροπικὴν</span> <span class='ocrx_word' id='word_1_188' title='bbox 3330 1276 3423 1313; x_wconf 87' lang='grc' dir='ltr'><strong>και</strong></span> <span class='ocrx_word' id='word_1_189' title='bbox 3443 1258 3573 1312; x_wconf 90' lang='grc' dir='ltr'>διοί-</span> 
     </span>
    </p>
   </div>
   <div class='ocr_carea' id='block_1_28' title="bbox 1998 1350 3572 1425">
    <p class='ocr_par' dir='ltr' id='par_1_28' title="bbox 1998 1350 3572 1425">
     <span class='ocr_line' id='line_1_28' title="bbox 1998 1350 3572 1425; baseline -0.003 -17"><span class='ocrx_word' id='word_1_190' title='bbox 1998 1373 2160 1425; x_wconf 91' lang='grc' dir='ltr'>κησιν</span> <span class='ocrx_word' id='word_1_191' title='bbox 2197 1354 2291 1408; x_wconf 72' lang='grc' dir='ltr'>καὶ</span> <span class='ocrx_word' id='word_1_192' title='bbox 2323 1357 2351 1406; x_wconf 86' lang='grc' dir='ltr'>ὁ</span> <span class='ocrx_word' id='word_1_193' title='bbox 2400 1354 2849 1424; x_wconf 78' lang='grc' dir='ltr'>πρωτοστράτωρ</span> <span class='ocrx_word' id='word_1_194' title='bbox 2885 1353 3040 1407; x_wconf 81' lang='grc' dir='ltr'>Λέων</span> <span class='ocrx_word' id='word_1_195' title='bbox 3090 1356 3117 1406; x_wconf 86' lang='grc' dir='ltr'>ὁ</span> <span class='ocrx_word' id='word_1_196' title='bbox 3150 1350 3572 1422; x_wconf 79' lang='grc' dir='ltr'>Φραγκόπουλος</span> 
     </span>
    </p>
   </div>
   <div class='ocr_carea' id='block_1_29' title="bbox 1999 1443 3572 1517">
    <p class='ocr_par' dir='ltr' id='par_1_29' title="bbox 1999 1443 3572 1517">
     <span class='ocr_line' id='line_1_29' title="bbox 1999 1443 3572 1517; baseline -0.004 -15"><span class='ocrx_word' id='word_1_197' title='bbox 1999 1444 2178 1517; x_wconf 82' lang='grc' dir='ltr'>καιρῷ</span> <span class='ocrx_word' id='word_1_198' title='bbox 2203 1444 2314 1498; x_wconf 69' lang='grc' dir='ltr'>τινὶ</span> <span class='ocrx_word' id='word_1_199' title='bbox 2345 1446 2642 1515; x_wconf 82' lang='grc' dir='ltr'>προστάξει</span> <span class='ocrx_word' id='word_1_200' title='bbox 2682 1444 2778 1498; x_wconf 74' lang='grc' dir='ltr'>τοῦ</span> <span class='ocrx_word' id='word_1_201' title='bbox 2827 1445 3091 1497; x_wconf 86' lang='grc' dir='ltr'>δεσπότου</span> <span class='ocrx_word' id='word_1_202' title='bbox 3132 1446 3238 1513; x_wconf 81' lang='grc' dir='ltr'>κὺρ</span> <span class='ocrx_word' id='word_1_203' title='bbox 3265 1443 3572 1512; x_wconf 88' lang='grc' dir='ltr'>Θεοδώρου,</span> 
     </span>
    </p>
   </div>
   <div class='ocr_carea' id='block_1_30' title="bbox 2000 1534 3577 1607">
    <p class='ocr_par' dir='ltr' id='par_1_30' title="bbox 2000 1534 3577 1607">
     <span class='ocr_line' id='line_1_30' title="bbox 2000 1534 3577 1607; baseline -0.004 -16"><span class='ocrx_word' id='word_1_204' title='bbox 2000 1538 2125 1591; x_wconf 67' lang='grc' dir='ltr'><strong>ἐειτελ⁵</strong></span> <span class='ocrx_word' id='word_1_205' title='bbox 2187 1537 2265 1607; x_wconf 86' lang='grc' dir='ltr'>τῷ</span> <span class='ocrx_word' id='word_1_206' title='bbox 2307 1536 2523 1607; x_wconf 82' lang='grc' dir='ltr'><strong>ἀδελφῷ</strong></span> <span class='ocrx_word' id='word_1_207' title='bbox 2575 1536 2669 1588; x_wconf 78' lang='grc' dir='ltr'>καὶ</span> <span class='ocrx_word' id='word_1_208' title='bbox 2732 1534 2969 1606; x_wconf 84' lang='grc' dir='ltr'>δεσπότῃ</span> <span class='ocrx_word' id='word_1_209' title='bbox 3007 1536 3114 1605; x_wconf 78' lang='grc' dir='ltr'>κὺρ</span> <span class='ocrx_word' id='word_1_210' title='bbox 3174 1536 3577 1603; x_wconf 81' lang='grc' dir='ltr'>Κωνσταντίνῳ</span> 
     </span>
    </p>
   </div>
   <div class='ocr_carea' id='block_1_31' title="bbox 2000 1621 3574 1698">
    <p class='ocr_par' dir='ltr' id='par_1_31' title="bbox 2000 1621 3574 1698">
     <span class='ocr_line' id='line_1_31' title="bbox 2000 1621 3574 1698; baseline -0.001 -18"><span class='ocrx_word' id='word_1_211' title='bbox 2000 1628 2315 1698; x_wconf 80' lang='grc' dir='ltr'>ἐδωρήσατο</span> <span class='ocrx_word' id='word_1_212' title='bbox 2347 1628 2486 1696; x_wconf 77' lang='grc' dir='ltr'>μετὰ</span> <span class='ocrx_word' id='word_1_213' title='bbox 2518 1627 2738 1682; x_wconf 78' lang='grc' dir='ltr'>πάντων</span> <span class='ocrx_word' id='word_1_214' title='bbox 2804 1627 2914 1679; x_wconf 88' lang='grc' dir='ltr'><strong>τῶν</strong></span> <span class='ocrx_word' id='word_1_215' title='bbox 2949 1627 3260 1697; x_wconf 89' lang='grc' dir='ltr'>προνομίων</span> <span class='ocrx_word' id='word_1_216' title='bbox 3304 1621 3379 1681; x_wconf 84' lang='grc' dir='ltr'>ὧν</span> <span class='ocrx_word' id='word_1_217' title='bbox 3435 1623 3574 1696; x_wconf 75' lang='grc' dir='ltr'>εἶχε,</span> 
     </span>
    </p>
   </div>
   <div class='ocr_carea' id='block_1_32' title="bbox 2002 1709 3580 1787">
    <p class='ocr_par' dir='ltr' id='par_1_32' title="bbox 2002 1709 3580 1787">
     <span class='ocr_line' id='line_1_32' title="bbox 2002 1709 3580 1787; baseline -0.001 -16"><span class='ocrx_word' id='word_1_218' title='bbox 2002 1717 2309 1783; x_wconf 83' lang='grc' dir='ltr'>τουτέστιν,</span> <span class='ocrx_word' id='word_1_219' title='bbox 2337 1720 2433 1771; x_wconf 74' lang='grc' dir='ltr'><strong>ἐὰν</strong></span> <span class='ocrx_word' id='word_1_220' title='bbox 2463 1709 2742 1787; x_wconf 80' lang='grc' dir='ltr'>δ’γνήσιος</span> <span class='ocrx_word' id='word_1_221' title='bbox 2777 1720 2989 1779; x_wconf 82' lang='grc' dir='ltr'>ἐκεῖνος</span> <span class='ocrx_word' id='word_1_222' title='bbox 3046 1718 3389 1786; x_wconf 84' lang='grc' dir='ltr'>κληρονόμος</span> <span class='ocrx_word' id='word_1_223' title='bbox 3441 1718 3580 1769; x_wconf 78' lang='grc' dir='ltr'>ἀπο·</span> 
     </span>
    </p>
   </div>
   <div class='ocr_carea' id='block_1_33' title="bbox 328 1782 3576 1887">
    <p class='ocr_par' dir='ltr' id='par_1_33' title="bbox 328 1782 3576 1887">
     <span class='ocr_line' id='line_1_33' title="bbox 328 1782 3576 1887; baseline -0.003 -15"><span class='ocrx_word' id='word_1_224' title='bbox 328 1819 433 1870; x_wconf 78' lang='grc' dir='ltr'><strong>τῶν</strong></span> <span class='ocrx_word' id='word_1_225' title='bbox 468 1819 631 1870; x_wconf 71' lang='grc' dir='ltr'>αὐτοῦ</span> <span class='ocrx_word' id='word_1_226' title='bbox 666 1782 967 1887; x_wconf 75' lang='grc' dir='ltr'>κτημάτων</span> <span class='ocrx_word' id='word_1_227' title='bbox 1000 1782 1094 1869; x_wconf 74' lang='grc' dir='ltr'>καὶ</span> <span class='ocrx_word' id='word_1_228' title='bbox 1123 1816 1425 1887; x_wconf 86' lang='grc' dir='ltr'>χρημάτων</span> <span class='ocrx_word' id='word_1_229' title='bbox 1470 1782 1626 1883; x_wconf 53' lang='grc'><strong>133</strong></span> <span class='ocrx_word' id='word_1_230' title='bbox 1659 1814 1897 1879; x_wconf 81' lang='grc' dir='ltr'>κινητῶν</span> <span class='ocrx_word' id='word_1_231' title='bbox 1929 1782 1972 1838; x_wconf 69' lang='grc' dir='ltr'><strong>Β</strong></span> <span class='ocrx_word' id='word_1_232' title='bbox 2005 1807 2142 1880; x_wconf 81' lang='grc' dir='ltr'>θάνῃ</span> <span class='ocrx_word' id='word_1_233' title='bbox 2200 1812 2330 1881; x_wconf 73' lang='grc' dir='ltr'>πρὶν</span> <span class='ocrx_word' id='word_1_234' title='bbox 2375 1807 2471 1862; x_wconf 84' lang='grc' dir='ltr'><strong>τοῦ</strong></span> <span class='ocrx_word' id='word_1_235' title='bbox 2530 1782 2619 1871; x_wconf 61' lang='grc' dir='ltr'><strong>ξιξ</strong></span> <span class='ocrx_word' id='word_1_236' title='bbox 2665 1809 2832 1870; x_wconf 88' lang='grc' dir='ltr'>νόμου</span> <span class='ocrx_word' id='word_1_237' title='bbox 2890 1808 3109 1878; x_wconf 82' lang='grc' dir='ltr'>ἠλικίαν</span> <span class='ocrx_word' id='word_1_238' title='bbox 3138 1782 3346 1880; x_wconf 40' lang='lat' dir='ltr'><strong>search,</strong></span> <span class='ocrx_word' id='word_1_239' title='bbox 3393 1808 3576 1863; x_wconf 81' lang='grc' dir='ltr'>πάντα</span> 
     </span>
    </p>
   </div>
   <div class='ocr_carea' id='block_1_34' title="bbox 330 1903 1902 1979">
    <p class='ocr_par' dir='ltr' id='par_1_34' title="bbox 330 1903 1902 1979">
     <span class='ocr_line' id='line_1_34' title="bbox 330 1903 1902 1979; baseline -0.006 -15"><span class='ocrx_word' id='word_1_240' title='bbox 330 1912 418 1964; x_wconf 74' lang='grc' dir='ltr'>καὶ</span> <span class='ocrx_word' id='word_1_241' title='bbox 449 1910 746 1979; x_wconf 82' lang='grc' dir='ltr'>ἀκινήτων,</span> <span class='ocrx_word' id='word_1_242' title='bbox 772 1910 858 1961; x_wconf 86' lang='grc' dir='ltr'>ὅτι</span> <span class='ocrx_word' id='word_1_243' title='bbox 893 1907 988 1967; x_wconf 72' lang='grc' dir='ltr'><strong>ἐὰν</strong></span> <span class='ocrx_word' id='word_1_244' title='bbox 1031 1907 1059 1960; x_wconf 84' lang='grc' dir='ltr'>ὁ</span> <span class='ocrx_word' id='word_1_245' title='bbox 1109 1907 1220 1969; x_wconf 79' lang='grc' dir='ltr'>υἱὸς</span> <span class='ocrx_word' id='word_1_246' title='bbox 1247 1905 1413 1958; x_wconf 83' lang='grc' dir='ltr'>αὐτοῦ</span> <span class='ocrx_word' id='word_1_247' title='bbox 1445 1906 1538 1957; x_wconf 72' lang='grc' dir='ltr'>καὶ</span> <span class='ocrx_word' id='word_1_248' title='bbox 1562 1903 1902 1973; x_wconf 86' lang='grc' dir='ltr'>κληρονόμος</span> 
     </span>
    </p>
   </div>
   <div class='ocr_carea' id='block_1_35' title="bbox 326 1992 1902 2072">
    <p class='ocr_par' dir='ltr' id='par_1_35' title="bbox 326 1992 1902 2072">
     <span class='ocr_line' id='line_1_35' title="bbox 326 1992 1902 2072; baseline -0.004 -20"><span class='ocrx_word' id='word_1_249' title='bbox 326 2000 483 2062; x_wconf 74' lang='grc' dir='ltr'>εὐθὺς</span> <span class='ocrx_word' id='word_1_250' title='bbox 517 2002 764 2072; x_wconf 83' lang='grc' dir='ltr'>ἀποθάνῃ</span> <span class='ocrx_word' id='word_1_251' title='bbox 792 2000 963 2070; x_wconf 74' lang='grc' dir='ltr'>χωρὶς</span> <span class='ocrx_word' id='word_1_252' title='bbox 994 1998 1373 2068; x_wconf 83' lang='grc' dir='ltr'>κληρονόμων,</span> <span class='ocrx_word' id='word_1_253' title='bbox 1403 1996 1580 2049; x_wconf 85' lang='grc' dir='ltr'>πάντα</span> <span class='ocrx_word' id='word_1_254' title='bbox 1608 1994 1677 2047; x_wconf 81' lang='grc' dir='ltr'><strong>τὰ</strong></span> <span class='ocrx_word' id='word_1_255' title='bbox 1706 1992 1902 2048; x_wconf 80' lang='grc' dir='ltr'>ἐαυτοῦ</span> 
     </span>
    </p>
   </div>
   <div class='ocr_carea' id='block_1_36' title="bbox 326 2084 1953 2161">
    <p class='ocr_par' dir='ltr' id='par_1_36' title="bbox 326 2084 1953 2161">
     <span class='ocr_line' id='line_1_36' title="bbox 326 2084 1953 2161; baseline -0.004 -18"><span class='ocrx_word' id='word_1_256' title='bbox 326 2092 519 2155; x_wconf 80' lang='grc' dir='ltr'>ἄστεα,</span> <span class='ocrx_word' id='word_1_257' title='bbox 552 2093 738 2161; x_wconf 74' lang='grc' dir='ltr'>κῶμαι</span> <span class='ocrx_word' id='word_1_258' title='bbox 782 2091 876 2143; x_wconf 73' lang='grc' dir='ltr'>καὶ</span> <span class='ocrx_word' id='word_1_259' title='bbox 916 2090 1093 2160; x_wconf 86' lang='grc' dir='ltr'>χῶραι</span> <span class='ocrx_word' id='word_1_260' title='bbox 1126 2090 1226 2141; x_wconf 74' lang='grc' dir='ltr'>καὶ</span> <span class='ocrx_word' id='word_1_261' title='bbox 1264 2087 1503 2157; x_wconf 78' lang='grc' dir='ltr'>φρούρια</span> <span class='ocrx_word' id='word_1_262' title='bbox 1558 2086 1774 2138; x_wconf 77' lang='grc' dir='ltr'>ἔσονται</span> <span class='ocrx_word' id='word_1_263' title='bbox 1823 2084 1904 2154; x_wconf 79' lang='grc' dir='ltr'>τῷ</span> <span class='ocrx_word' id='word_1_264' title='bbox 1928 2094 1953 2107; x_wconf 73' lang='grc'><strong><em>”</em></strong></span> 
     </span>
    </p>
   </div>
   <div class='ocr_carea' id='block_1_37' title="bbox 325 2176 1898 2252">
    <p class='ocr_par' dir='ltr' id='par_1_37' title="bbox 325 2176 1898 2252">
     <span class='ocr_line' id='line_1_37' title="bbox 325 2176 1898 2252; baseline -0.003 -21"><span class='ocrx_word' id='word_1_265' title='bbox 325 2183 560 2252; x_wconf 80' lang='grc' dir='ltr'>δεσπότῃ</span> <span class='ocrx_word' id='word_1_266' title='bbox 588 2184 696 2251; x_wconf 85' lang='grc' dir='ltr'>κὺρ</span> <span class='ocrx_word' id='word_1_267' title='bbox 728 2180 1011 2252; x_wconf 83' lang='grc' dir='ltr'>Θεοδώρῳ,</span> <span class='ocrx_word' id='word_1_268' title='bbox 1040 2180 1110 2233; x_wconf 81' lang='grc' dir='ltr'><strong>τὰ</strong></span> <span class='ocrx_word' id='word_1_269' title='bbox 1138 2179 1293 2241; x_wconf 78' lang='grc' dir='ltr'>ἐκτὸς</span> <span class='ocrx_word' id='word_1_270' title='bbox 1338 2183 1435 2232; x_wconf 77' lang='grc' dir='ltr'>καὶ</span> <span class='ocrx_word' id='word_1_271' title='bbox 1470 2177 1623 2240; x_wconf 78' lang='grc' dir='ltr'>ἐντὸς</span> <span class='ocrx_word' id='word_1_272' title='bbox 1655 2177 1755 2246; x_wconf 84' lang='grc' dir='ltr'>τῆς</span> <span class='ocrx_word' id='word_1_273' title='bbox 1792 2176 1898 2229; x_wconf 88' lang='grc' dir='ltr'>Πε-</span> 
     </span>
    </p>
   </div>
   <div class='ocr_carea' id='block_1_38' title="bbox 324 2268 1898 2343">
    <p class='ocr_par' dir='ltr' id='par_1_38' title="bbox 324 2268 1898 2343">
     <span class='ocr_line' id='line_1_38' title="bbox 324 2268 1898 2343; baseline -0.003 -20"><span class='ocrx_word' id='word_1_274' title='bbox 324 2272 681 2339; x_wconf 80' lang='grc' dir='ltr'>λοποννήσου.</span> <span class='ocrx_word' id='word_1_275' title='bbox 711 2271 896 2327; x_wconf 80' lang='grc' dir='ltr'>’Ἦσαν</span> <span class='ocrx_word' id='word_1_276' title='bbox 930 2273 1038 2343; x_wconf 81' lang='grc' dir='ltr'>γὰρ</span> <span class='ocrx_word' id='word_1_277' title='bbox 1081 2271 1150 2326; x_wconf 87' lang='grc' dir='ltr'><strong>τά</strong></span> <span class='ocrx_word' id='word_1_278' title='bbox 1180 2271 1354 2335; x_wconf 78' lang='grc' dir='ltr'>ἐντὸς,</span> <span class='ocrx_word' id='word_1_279' title='bbox 1410 2268 1707 2339; x_wconf 81' lang='grc' dir='ltr'>Ἀνδροῦσα</span> <span class='ocrx_word' id='word_1_280' title='bbox 1754 2268 1898 2336; x_wconf 83' lang='grc' dir='ltr'>λέγω</span> 
     </span>
    </p>
   </div>
   <div class='ocr_carea' id='block_1_39' title="bbox 328 2357 1906 2431">
    <p class='ocr_par' dir='ltr' id='par_1_39' title="bbox 328 2357 1906 2431">
     <span class='ocr_line' id='line_1_39' title="bbox 328 2357 1906 2431; baseline -0.004 -18"><span class='ocrx_word' id='word_1_281' title='bbox 328 2362 422 2413; x_wconf 73' lang='grc' dir='ltr'>καὶ</span> <span class='ocrx_word' id='word_1_282' title='bbox 480 2362 812 2431; x_wconf 73' lang='grc' dir='ltr'>Καλαμάτα,</span> <span class='ocrx_word' id='word_1_283' title='bbox 855 2361 1180 2425; x_wconf 85' lang='grc' dir='ltr'>Μαντίνεια,</span> <span class='ocrx_word' id='word_1_284' title='bbox 1222 2358 1515 2422; x_wconf 70' lang='grc' dir='ltr'>Ίόιννιτζα,</span> <span class='ocrx_word' id='word_1_285' title='bbox 1562 2358 1781 2425; x_wconf 84' lang='grc' dir='ltr'>Πίδημα</span> <span class='ocrx_word' id='word_1_286' title='bbox 1814 2357 1906 2408; x_wconf 67' lang='grc' dir='ltr'>καὶ</span> 
     </span>
    </p>
   </div>
   <div class='ocr_carea' id='block_1_40' title="bbox 330 2446 1905 2520">
    <p class='ocr_par' dir='ltr' id='par_1_40' title="bbox 330 2446 1905 2520">
     <span class='ocr_line' id='line_1_40' title="bbox 330 2446 1905 2520; baseline -0.007 -11"><span class='ocrx_word' id='word_1_287' title='bbox 330 2453 492 2519; x_wconf 83' lang='grc' dir='ltr'>Μάνη</span> <span class='ocrx_word' id='word_1_288' title='bbox 528 2456 623 2507; x_wconf 73' lang='grc' dir='ltr'>καὶ</span> <span class='ocrx_word' id='word_1_289' title='bbox 655 2454 832 2520; x_wconf 72' lang='grc' dir='ltr'>Νησὶν</span> <span class='ocrx_word' id='word_1_290' title='bbox 880 2455 978 2505; x_wconf 75' lang='grc' dir='ltr'><strong>καὶ</strong></span> <span class='ocrx_word' id='word_1_291' title='bbox 1022 2451 1287 2504; x_wconf 83' lang='grc' dir='ltr'>Σπιτάλιν</span> <span class='ocrx_word' id='word_1_292' title='bbox 1335 2451 1431 2503; x_wconf 74' lang='grc' dir='ltr'>καὶ</span> <span class='ocrx_word' id='word_1_293' title='bbox 1467 2448 1763 2519; x_wconf 85' lang='grc' dir='ltr'>Γρεμπενῆ</span> <span class='ocrx_word' id='word_1_294' title='bbox 1811 2446 1905 2499; x_wconf 82' lang='grc' dir='ltr'><strong>καὶ</strong></span> 
     </span>
    </p>
   </div>
   <div class='ocr_carea' id='block_1_41' title="bbox 347 2538 1906 2613">
    <p class='ocr_par' dir='ltr' id='par_1_41' title="bbox 347 2538 1906 2613">
     <span class='ocr_line' id='line_1_41' title="bbox 347 2538 1906 2613; baseline -0.004 -16"><span class='ocrx_word' id='word_1_295' title='bbox 347 2546 528 2607; x_wconf 77' lang='grc' dir='ltr'>Ἀετὸς</span> <span class='ocrx_word' id='word_1_296' title='bbox 560 2548 654 2599; x_wconf 76' lang='grc' dir='ltr'>καὶ</span> <span class='ocrx_word' id='word_1_297' title='bbox 688 2544 1041 2613; x_wconf 83' lang='grc' dir='ltr'>Νεόκαστρον</span> <span class='ocrx_word' id='word_1_298' title='bbox 1074 2543 1169 2596; x_wconf 71' lang='grc' dir='ltr'>καὶ</span> <span class='ocrx_word' id='word_1_299' title='bbox 1215 2539 1418 2608; x_wconf 83' lang='grc' dir='ltr'>Ἰθώμη</span> <span class='ocrx_word' id='word_1_300' title='bbox 1451 2542 1483 2609; x_wconf 79' lang='grc' dir='ltr'>ἡ</span> <span class='ocrx_word' id='word_1_301' title='bbox 1516 2538 1610 2591; x_wconf 79' lang='grc' dir='ltr'>νῦν</span> <span class='ocrx_word' id='word_1_302' title='bbox 1634 2538 1906 2608; x_wconf 82' lang='grc' dir='ltr'>λεγομένη</span> 
     </span>
    </p>
   </div>
   <div class='ocr_carea' id='block_1_42' title="bbox 335 2629 1911 2702">
    <p class='ocr_par' dir='ltr' id='par_1_42' title="bbox 335 2629 1911 2702">
     <span class='ocr_line' id='line_1_42' title="bbox 335 2629 1911 2702; baseline -0.004 -15"><span class='ocrx_word' id='word_1_303' title='bbox 335 2635 597 2702; x_wconf 80' lang='grc' dir='ltr'>Μεσσήνη</span> <span class='ocrx_word' id='word_1_304' title='bbox 632 2636 727 2687; x_wconf 76' lang='grc' dir='ltr'>καὶ</span> <span class='ocrx_word' id='word_1_305' title='bbox 767 2631 1138 2702; x_wconf 80' lang='grc' dir='ltr'>’Δρχὰγγελος</span> <span class='ocrx_word' id='word_1_306' title='bbox 1171 2630 1267 2684; x_wconf 71' lang='grc' dir='ltr'>καὶ</span> <span class='ocrx_word' id='word_1_307' title='bbox 1292 2629 1636 2697; x_wconf 87' lang='grc' dir='ltr'>Σαυλάουρος</span> <span class='ocrx_word' id='word_1_308' title='bbox 1663 2629 1761 2681; x_wconf 72' lang='grc' dir='ltr'>καὶ</span> <span class='ocrx_word' id='word_1_309' title='bbox 1795 2629 1911 2681; x_wconf 86' lang='grc' dir='ltr'><strong>Ἰω-</strong></span> 
     </span>
    </p>
   </div>
   <div class='ocr_carea' id='block_1_43' title="bbox 337 2713 1906 2790">
    <p class='ocr_par' dir='ltr' id='par_1_43' title="bbox 337 2713 1906 2790">
     <span class='ocr_line' id='line_1_43' title="bbox 337 2713 1906 2790; baseline -0.004 -13"><span class='ocrx_word' id='word_1_310' title='bbox 337 2726 525 2777; x_wconf 84' lang='grc' dir='ltr'>ἀννινα</span> <span class='ocrx_word' id='word_1_311' title='bbox 557 2725 652 2776; x_wconf 61' lang='grc' dir='ltr'><strong>καὶ¹</strong></span> <span class='ocrx_word' id='word_1_312' title='bbox 683 2723 1032 2790; x_wconf 84' lang='grc' dir='ltr'>Λιγούδιστα,</span> <span class='ocrx_word' id='word_1_313' title='bbox 1083 2719 1151 2774; x_wconf 78' lang='grc' dir='ltr'><strong>τὰ</strong></span> <span class='ocrx_word' id='word_1_314' title='bbox 1199 2719 1257 2772; x_wconf 79' lang='grc' dir='ltr'><strong>δέ</strong></span> <span class='ocrx_word' id='word_1_315' title='bbox 1310 2720 1466 2782; x_wconf 81' lang='grc' dir='ltr'>ἐκτὸς</span> <span class='ocrx_word' id='word_1_316' title='bbox 1502 2718 1727 2788; x_wconf 76' lang='grc' dir='ltr'>μεγάλη·</span> <span class='ocrx_word' id='word_1_317' title='bbox 1748 2713 1906 2781; x_wconf 73' lang='grc' dir='ltr'>Αἶνος</span> 
     </span>
    </p>
   </div>
   <div class='ocr_carea' id='block_1_44' title="bbox 339 2811 1911 2884">
    <p class='ocr_par' dir='ltr' id='par_1_44' title="bbox 339 2811 1911 2884">
     <span class='ocr_line' id='line_1_44' title="bbox 339 2811 1911 2884; baseline -0.002 -17"><span class='ocrx_word' id='word_1_318' title='bbox 339 2816 434 2868; x_wconf 71' lang='grc' dir='ltr'><strong>καὶ</strong></span> <span class='ocrx_word' id='word_1_319' title='bbox 466 2816 498 2884; x_wconf 81' lang='grc' dir='ltr'><strong>ὴ</strong></span> <span class='ocrx_word' id='word_1_320' title='bbox 538 2816 664 2883; x_wconf 76' lang='grc' dir='ltr'>περὶ</span> <span class='ocrx_word' id='word_1_321' title='bbox 696 2815 864 2882; x_wconf 77' lang='grc' dir='ltr'>αὐτὴν</span> <span class='ocrx_word' id='word_1_322' title='bbox 900 2811 1165 2883; x_wconf 78' lang='grc' dir='ltr'>παροικία</span> <span class='ocrx_word' id='word_1_323' title='bbox 1201 2813 1372 2876; x_wconf 79' lang='grc' dir='ltr'>πᾶσα,</span> <span class='ocrx_word' id='word_1_324' title='bbox 1401 2812 1589 2879; x_wconf 81' lang='grc' dir='ltr'>κῶμαι</span> <span class='ocrx_word' id='word_1_325' title='bbox 1620 2812 1714 2863; x_wconf 74' lang='grc' dir='ltr'>καὶ</span> <span class='ocrx_word' id='word_1_326' title='bbox 1735 2811 1911 2881; x_wconf 82' lang='grc' dir='ltr'>χῶραι</span> 
     </span>
    </p>
   </div>
   <div class='ocr_carea' id='block_1_45' title="bbox 334 2902 1911 2977">
    <p class='ocr_par' dir='ltr' id='par_1_45' title="bbox 334 2902 1911 2977">
     <span class='ocr_line' id='line_1_45' title="bbox 334 2902 1911 2977; baseline -0.003 -16"><span class='ocrx_word' id='word_1_327' title='bbox 334 2910 439 2971; x_wconf 79' lang='grc' dir='ltr'>ἓως</span> <span class='ocrx_word' id='word_1_328' title='bbox 469 2909 564 2961; x_wconf 72' lang='grc' dir='ltr'>καὶ</span> <span class='ocrx_word' id='word_1_329' title='bbox 596 2906 971 2977; x_wconf 86' lang='grc' dir='ltr'>Περιθεωρίου</span> <span class='ocrx_word' id='word_1_330' title='bbox 996 2921 1010 2936; x_wconf 78' lang='grc' dir='ltr'><strong><em>ο</em></strong></span> <span class='ocrx_word' id='word_1_331' title='bbox 1037 2905 1073 2959; x_wconf 79' lang='grc' dir='ltr'>ἃ</span> <span class='ocrx_word' id='word_1_332' title='bbox 1101 2904 1195 2958; x_wconf 74' lang='grc' dir='ltr'>καὶ</span> <span class='ocrx_word' id='word_1_333' title='bbox 1219 2904 1437 2966; x_wconf 75' lang='grc' dir='ltr'>σταλεὶς</span> <span class='ocrx_word' id='word_1_334' title='bbox 1463 2902 1575 2970; x_wconf 78' lang='grc' dir='ltr'>ἐγὼ</span> <span class='ocrx_word' id='word_1_335' title='bbox 1601 2902 1911 2972; x_wconf 78' lang='grc' dir='ltr'>παρέλαϐον</span> 
     </span>
    </p>
   </div>
   <div class='ocr_carea' id='block_1_46' title="bbox 338 3001 652 3052">
    <p class='ocr_par' dir='ltr' id='par_1_46' title="bbox 338 3001 652 3052">
     <span class='ocr_line' id='line_1_46' title="bbox 338 3001 652 3052; baseline 0 0"><span class='ocrx_word' id='word_1_336' title='bbox 338 3001 499 3052; x_wconf 73' lang='grc' dir='ltr'>αὐτά.</span> <span class='ocrx_word' id='word_1_337' title='bbox 639 3008 652 3039; x_wconf 65' lang='grc' dir='ltr'><strong>ί</strong></span> 
     </span>
    </p>
   </div>
   <div class='ocr_carea' id='block_1_47' title="bbox 647 3052 693 3076">
    <p class='ocr_par' dir='ltr' id='par_1_47' title="bbox 647 3052 693 3076">
     <span class='ocr_line' id='line_1_47' title="bbox 647 3052 693 3076; baseline 0 0"><span class='ocrx_word' id='word_1_338' title='bbox 647 3052 693 3076; x_wconf 49' lang='grc' dir='ltr'>ν</span> 
     </span>
    </p>
   </div>
   <div class='ocr_carea' id='block_1_48' title="bbox 2002 1900 3580 1972">
    <p class='ocr_par' dir='ltr' id='par_1_48' title="bbox 2002 1900 3580 1972">
     <span class='ocr_line' id='line_1_48' title="bbox 2002 1900 3580 1972; baseline -0.001 -18"><span class='ocrx_word' id='word_1_339' title='bbox 2002 1900 2174 1954; x_wconf 82' lang='grc' dir='ltr'>ταῦτα</span> <span class='ocrx_word' id='word_1_340' title='bbox 2203 1902 2271 1955; x_wconf 86' lang='grc' dir='ltr'><strong>τά</strong></span> <span class='ocrx_word' id='word_1_341' title='bbox 2294 1900 2394 1970; x_wconf 79' lang='grc' dir='ltr'>τῆς</span> <span class='ocrx_word' id='word_1_342' title='bbox 2427 1900 2791 1972; x_wconf 83' lang='grc' dir='ltr'>ἐπιτροπικῆς</span> <span class='ocrx_word' id='word_1_343' title='bbox 2824 1902 3088 1971; x_wconf 79' lang='grc' dir='ltr'>κτήματα</span> <span class='ocrx_word' id='word_1_344' title='bbox 3119 1901 3351 1953; x_wconf 78' lang='grc' dir='ltr'>ἕσωνται</span> <span class='ocrx_word' id='word_1_345' title='bbox 3372 1900 3450 1970; x_wconf 82' lang='grc' dir='ltr'>τῷ</span> <span class='ocrx_word' id='word_1_346' title='bbox 3472 1901 3580 1971; x_wconf 78' lang='grc' dir='ltr'>κὺρ</span> 
     </span>
    </p>
   </div>
   <div class='ocr_carea' id='block_1_49' title="bbox 2003 1993 2425 2062">
    <p class='ocr_par' dir='ltr' id='par_1_49' title="bbox 2003 1993 2425 2062">
     <span class='ocr_line' id='line_1_49' title="bbox 2003 1993 2425 2062; baseline 0.012 -18"><span class='ocrx_word' id='word_1_347' title='bbox 2003 1993 2425 2062; x_wconf 85' lang='grc' dir='ltr'>Κωνσταντίνῳ.</span> 
     </span>
    </p>
   </div>
   <div class='ocr_carea' id='block_1_50' title="bbox 2076 2084 3581 2157">
    <p class='ocr_par' dir='ltr' id='par_1_50' title="bbox 2076 2084 3581 2157">
     <span class='ocr_line' id='line_1_50' title="bbox 2076 2084 3581 2157; baseline -0.001 -17"><span class='ocrx_word' id='word_1_348' title='bbox 2076 2092 2148 2153; x_wconf 84' lang='grc' dir='ltr'><strong>γ’.</strong></span> <span class='ocrx_word' id='word_1_349' title='bbox 2185 2086 2296 2138; x_wconf 77' lang='grc' dir='ltr'><strong>Καὶ</strong></span> <span class='ocrx_word' id='word_1_350' title='bbox 2334 2087 2413 2155; x_wconf 83' lang='grc' dir='ltr'><strong>τῷ</strong></span> <span class='ocrx_word' id='word_1_351' title='bbox 2442 2085 2588 2155; x_wconf 81' lang='grc' dir='ltr'>αὐτῷ</span> <span class='ocrx_word' id='word_1_352' title='bbox 2620 2084 2731 2139; x_wconf 78' lang='grc' dir='ltr'>ἔτει</span> <span class='ocrx_word' id='word_1_353' title='bbox 2767 2087 3019 2157; x_wconf 81' lang='grc' dir='ltr'>Μαρτίου</span> <span class='ocrx_word' id='word_1_354' title='bbox 3048 2084 3289 2157; x_wconf 78' lang='grc' dir='ltr'>τετάρτῃ</span> <span class='ocrx_word' id='word_1_355' title='bbox 3316 2084 3581 2155; x_wconf 82' lang='grc' dir='ltr'>τέθνηκεν</span> 
     </span>
    </p>
   </div>
   <div class='ocr_carea' id='block_1_51' title="bbox 2005 2178 3584 2249">
    <p class='ocr_par' dir='ltr' id='par_1_51' title="bbox 2005 2178 3584 2249">
     <span class='ocr_line' id='line_1_51' title="bbox 2005 2178 3584 2249; baseline -0.001 -18"><span class='ocrx_word' id='word_1_356' title='bbox 2005 2181 2033 2231; x_wconf 85' lang='grc' dir='ltr'>ὁ</span> <span class='ocrx_word' id='word_1_357' title='bbox 2058 2178 2331 2249; x_wconf 87' lang='grc' dir='ltr'>δεσπότης</span> <span class='ocrx_word' id='word_1_358' title='bbox 2378 2179 2484 2248; x_wconf 76' lang='grc' dir='ltr'>κὺρ</span> <span class='ocrx_word' id='word_1_359' title='bbox 2563 2179 2928 2249; x_wconf 84' lang='grc' dir='ltr'>Ἀνδρόνικος,</span> <span class='ocrx_word' id='word_1_360' title='bbox 2978 2181 3005 2232; x_wconf 84' lang='grc' dir='ltr'><strong>ό</strong></span> <span class='ocrx_word' id='word_1_361' title='bbox 3032 2178 3119 2232; x_wconf 85' lang='grc' dir='ltr'><strong>διά</strong></span> <span class='ocrx_word' id='word_1_362' title='bbox 3153 2178 3247 2232; x_wconf 78' lang='grc' dir='ltr'>τοῦ</span> <span class='ocrx_word' id='word_1_363' title='bbox 3280 2178 3426 2232; x_wconf 86' lang='grc' dir='ltr'>θείου</span> <span class='ocrx_word' id='word_1_364' title='bbox 3487 2180 3584 2233; x_wconf 59' lang='grc' dir='ltr'><strong>καὶ⁵</strong></span> 
     </span>
    </p>
   </div>
   <div class='ocr_carea' id='block_1_52' title="bbox 2009 2264 3583 2338">
    <p class='ocr_par' dir='ltr' id='par_1_52' title="bbox 2009 2264 3583 2338">
     <span class='ocr_line' id='line_1_52' title="bbox 2009 2264 3583 2338; baseline -0.003 -17"><span class='ocrx_word' id='word_1_365' title='bbox 2009 2268 2305 2336; x_wconf 82' lang='grc' dir='ltr'>ἀγγελικοῦ</span> <span class='ocrx_word' id='word_1_366' title='bbox 2365 2268 2644 2338; x_wconf 82' lang='grc' dir='ltr'>σχήματος</span> <span class='ocrx_word' id='word_1_367' title='bbox 2696 2268 3124 2337; x_wconf 73' lang='grc' dir='ltr'>μετονομασθεὶς</span> <span class='ocrx_word' id='word_1_368' title='bbox 3169 2266 3455 2330; x_wconf 80' lang='grc' dir='ltr'>Ἀκάκιος·</span> <span class='ocrx_word' id='word_1_369' title='bbox 3485 2264 3583 2319; x_wconf 75' lang='grc' dir='ltr'>καὶ</span> 
     </span>
    </p>
   </div>
   <div class='ocr_carea' id='block_1_53' title="bbox 2010 2354 3585 2429">
    <p class='ocr_par' dir='ltr' id='par_1_53' title="bbox 2010 2354 3585 2429">
     <span class='ocr_line' id='line_1_53' title="bbox 2010 2354 3585 2429; baseline -0.003 -17"><span class='ocrx_word' id='word_1_370' title='bbox 2010 2358 2185 2428; x_wconf 81' lang='grc' dir='ltr'>ἐτάφη</span> <span class='ocrx_word' id='word_1_371' title='bbox 2232 2361 2290 2411; x_wconf 85' lang='grc' dir='ltr'><strong>ἐν</strong></span> <span class='ocrx_word' id='word_1_372' title='bbox 2320 2360 2387 2429; x_wconf 76' lang='grc' dir='ltr'><strong>τῇ</strong></span> <span class='ocrx_word' id='word_1_373' title='bbox 2416 2357 2513 2411; x_wconf 81' lang='grc' dir='ltr'>τοῦ</span> <span class='ocrx_word' id='word_1_374' title='bbox 2550 2359 2996 2428; x_wconf 84' lang='grc' dir='ltr'>Παντοκράτορος</span> <span class='ocrx_word' id='word_1_375' title='bbox 3032 2358 3192 2427; x_wconf 79' lang='grc' dir='ltr'>μονῇ,</span> <span class='ocrx_word' id='word_1_376' title='bbox 3241 2356 3371 2409; x_wconf 77' lang='grc' dir='ltr'>ἔνθα</span> <span class='ocrx_word' id='word_1_377' title='bbox 3417 2354 3585 2409; x_wconf 76' lang='grc' dir='ltr'>κατέ-</span> 
     </span>
    </p>
   </div>
   <div class='ocr_carea' id='block_1_54' title="bbox 2013 2448 3587 2520">
    <p class='ocr_par' dir='ltr' id='par_1_54' title="bbox 2013 2448 3587 2520">
     <span class='ocr_line' id='line_1_54' title="bbox 2013 2448 3587 2520; baseline -0.001 -16"><span class='ocrx_word' id='word_1_378' title='bbox 2013 2451 2402 2520; x_wconf 81' lang='grc' dir='ltr'>μενε.Βουλῆς</span> <span class='ocrx_word' id='word_1_379' title='bbox 2434 2451 2491 2503; x_wconf 84' lang='grc' dir='ltr'>δὲ</span> <span class='ocrx_word' id='word_1_380' title='bbox 2511 2450 2835 2519; x_wconf 85' lang='grc' dir='ltr'>ἀποκρύφου</span> <span class='ocrx_word' id='word_1_381' title='bbox 2890 2450 3013 2519; x_wconf 80' lang='grc' dir='ltr'>ἐμοὶ</span> <span class='ocrx_word' id='word_1_382' title='bbox 3075 2448 3377 2520; x_wconf 82' lang='grc' dir='ltr'>γενομένης</span> <span class='ocrx_word' id='word_1_383' title='bbox 3432 2448 3587 2519; x_wconf 85' lang='grc' dir='ltr'><strong>παρά</strong></span> 
     </span>
    </p>
   </div>
   <div class='ocr_carea' id='block_1_55' title="bbox 2009 2542 3657 2613">
    <p class='ocr_par' dir='ltr' id='par_1_55' title="bbox 2009 2542 3657 2613">
     <span class='ocr_line' id='line_1_55' title="bbox 2009 2542 3657 2613; baseline -0.002 -16"><span class='ocrx_word' id='word_1_384' title='bbox 2009 2542 2106 2597; x_wconf 79' lang='grc' dir='ltr'>τοῦ</span> <span class='ocrx_word' id='word_1_385' title='bbox 2148 2543 2405 2606; x_wconf 69' lang='grc' dir='ltr'>αὐθεντός</span> <span class='ocrx_word' id='word_1_386' title='bbox 2439 2560 2540 2612; x_wconf 87' lang='grc' dir='ltr'><strong>μου</strong></span> <span class='ocrx_word' id='word_1_387' title='bbox 2594 2544 2687 2595; x_wconf 79' lang='grc' dir='ltr'>καὶ</span> <span class='ocrx_word' id='word_1_388' title='bbox 2716 2542 2978 2595; x_wconf 86' lang='grc' dir='ltr'>δεσπότου</span> <span class='ocrx_word' id='word_1_389' title='bbox 3021 2542 3110 2595; x_wconf 82' lang='grc' dir='ltr'>ἵνα</span> <span class='ocrx_word' id='word_1_390' title='bbox 3158 2542 3303 2595; x_wconf 83' lang='grc' dir='ltr'><strong>κατά</strong></span> <span class='ocrx_word' id='word_1_391' title='bbox 3334 2542 3436 2610; x_wconf 78' lang='grc' dir='ltr'>τῆς</span> <span class='ocrx_word' id='word_1_392' title='bbox 3473 2542 3585 2594; x_wconf 84' lang='grc' dir='ltr'><strong>Πὰ-</strong></span> <span class='ocrx_word' id='word_1_393' title='bbox 3630 2608 3657 2613; x_wconf 40' lang='grc'><em>“</em></span> 
     </span>
    </p>
   </div>
   <div class='ocr_carea' id='block_1_56' title="bbox 2013 2631 3585 2704">
    <p class='ocr_par' dir='ltr' id='par_1_56' title="bbox 2013 2631 3585 2704">
     <span class='ocr_line' id='line_1_56' title="bbox 2013 2631 3585 2704; baseline -0.003 -16"><span class='ocrx_word' id='word_1_394' title='bbox 2013 2650 2152 2704; x_wconf 85' lang='grc' dir='ltr'>τρας</span> <span class='ocrx_word' id='word_1_395' title='bbox 2183 2633 2535 2703; x_wconf 83' lang='grc' dir='ltr'>ἀπέλθωμεν,</span> <span class='ocrx_word' id='word_1_396' title='bbox 2576 2634 2671 2687; x_wconf 68' lang='grc' dir='ltr'><strong>καὶ</strong></span> <span class='ocrx_word' id='word_1_397' title='bbox 2720 2635 2769 2685; x_wconf 81' lang='grc' dir='ltr'><strong>εί</strong></span> <span class='ocrx_word' id='word_1_398' title='bbox 2802 2634 2901 2701; x_wconf 82' lang='grc' dir='ltr'>μὲν</span> <span class='ocrx_word' id='word_1_399' title='bbox 2952 2632 3364 2702; x_wconf 77' lang='grc' dir='ltr'>παραλάϐωμεν</span> <span class='ocrx_word' id='word_1_400' title='bbox 3394 2631 3585 2703; x_wconf 73' lang='grc' dir='ltr'>αὐτὴν,</span> 
     </span>
    </p>
   </div>
   <div class='ocr_carea' id='block_1_57' title="bbox 2017 2711 3589 2795">
    <p class='ocr_par' dir='ltr' id='par_1_57' title="bbox 2017 2711 3589 2795">
     <span class='ocr_line' id='line_1_57' title="bbox 2017 2711 3589 2795; baseline 0 -19"><span class='ocrx_word' id='word_1_401' title='bbox 2017 2727 2296 2794; x_wconf 83' lang='grc' dir='ltr'>μείνωμεν</span> <span class='ocrx_word' id='word_1_402' title='bbox 2354 2724 2434 2787; x_wconf 86' lang='grc' dir='ltr'><strong>εἰς</strong></span> <span class='ocrx_word' id='word_1_403' title='bbox 2491 2722 2592 2795; x_wconf 77' lang='grc' dir='ltr'>τὴν</span> <span class='ocrx_word' id='word_1_404' title='bbox 2629 2711 3062 2793; x_wconf 86' lang='grc' dir='ltr'>Πελοπόννησον,</span> <span class='ocrx_word' id='word_1_405' title='bbox 3100 2724 3192 2777; x_wconf 78' lang='grc' dir='ltr'>καὶ</span> <span class='ocrx_word' id='word_1_406' title='bbox 3245 2726 3271 2777; x_wconf 85' lang='grc' dir='ltr'><strong>ό</strong></span> <span class='ocrx_word' id='word_1_407' title='bbox 3316 2724 3477 2787; x_wconf 85' lang='grc' dir='ltr'>τόπος</span> <span class='ocrx_word' id='word_1_408' title='bbox 3528 2724 3589 2776; x_wconf 82' lang='grc' dir='ltr'><strong>δν</strong></span> 
     </span>
    </p>
   </div>
   <div class='ocr_carea' id='block_1_58' title="bbox 2014 2813 3585 2889">
    <p class='ocr_par' dir='ltr' id='par_1_58' title="bbox 2014 2813 3585 2889">
     <span class='ocr_line' id='line_1_58' title="bbox 2014 2813 3585 2889; baseline 0.001 -21"><span class='ocrx_word' id='word_1_409' title='bbox 2014 2813 2159 2887; x_wconf 75' lang='grc' dir='ltr'>εἶχεν</span> <span class='ocrx_word' id='word_1_410' title='bbox 2182 2818 2240 2869; x_wconf 84' lang='grc' dir='ltr'><strong>ἐν</strong></span> <span class='ocrx_word' id='word_1_411' title='bbox 2273 2818 2339 2887; x_wconf 79' lang='grc' dir='ltr'>τῇ</span> <span class='ocrx_word' id='word_1_412' title='bbox 2390 2816 2577 2887; x_wconf 80' lang='grc' dir='ltr'>μαύρῃ</span> <span class='ocrx_word' id='word_1_413' title='bbox 2610 2814 2857 2884; x_wconf 81' lang='grc' dir='ltr'>δηλονότι</span> <span class='ocrx_word' id='word_1_414' title='bbox 2917 2816 3165 2889; x_wconf 83' lang='grc' dir='ltr'>θαλάσσῃ</span> <span class='ocrx_word' id='word_1_415' title='bbox 3197 2815 3408 2888; x_wconf 40' lang='grc' dir='ltr'>δοθείη.</span> <span class='ocrx_word' id='word_1_416' title='bbox 3446 2818 3585 2880; x_wconf 67' lang='grc' dir='ltr'>πρὸς</span> 
     </span>
    </p>
   </div>
   <div class='ocr_carea' id='block_1_59' title="bbox 2013 2906 3589 2977">
    <p class='ocr_par' dir='ltr' id='par_1_59' title="bbox 2013 2906 3589 2977">
     <span class='ocr_line' id='line_1_59' title="bbox 2013 2906 3589 2977; baseline 0.001 -17"><span class='ocrx_word' id='word_1_417' title='bbox 2013 2908 2107 2960; x_wconf 72' lang='grc' dir='ltr'>τὶν</span> <span class='ocrx_word' id='word_1_418' title='bbox 2133 2906 2360 2976; x_wconf 81' lang='grc' dir='ltr'>ἀδελφὸν</span> <span class='ocrx_word' id='word_1_419' title='bbox 2391 2907 2559 2960; x_wconf 74' lang='grc' dir='ltr'>αὐτοῦ</span> <span class='ocrx_word' id='word_1_420' title='bbox 2592 2907 2686 2961; x_wconf 72' lang='grc' dir='ltr'>τὸν</span> <span class='ocrx_word' id='word_1_421' title='bbox 2723 2907 2973 2977; x_wconf 82' lang='grc' dir='ltr'>βασιλέα,</span> <span class='ocrx_word' id='word_1_422' title='bbox 3004 2909 3054 2960; x_wconf 87' lang='grc' dir='ltr'><strong>εί</strong></span> <span class='ocrx_word' id='word_1_423' title='bbox 3074 2909 3130 2961; x_wconf 82' lang='grc' dir='ltr'>δὲ</span> <span class='ocrx_word' id='word_1_424' title='bbox 3153 2909 3214 2961; x_wconf 84' lang='grc' dir='ltr'>οὺ</span> <span class='ocrx_word' id='word_1_425' title='bbox 3250 2908 3589 2977; x_wconf 78' lang='grc' dir='ltr'>παραλάὁω-</span> 
     </span>
    </p>
   </div>
   <div class='ocr_carea' id='block_1_60' title="bbox 2019 2999 3592 3070">
    <p class='ocr_par' dir='ltr' id='par_1_60' title="bbox 2019 2999 3592 3070">
     <span class='ocr_line' id='line_1_60' title="bbox 2019 2999 3592 3070; baseline 0.003 -20"><span class='ocrx_word' id='word_1_426' title='bbox 2019 3015 2120 3068; x_wconf 75' lang='grc' dir='ltr'><strong>μεν</strong></span> <span class='ocrx_word' id='word_1_427' title='bbox 2144 2999 2242 3066; x_wconf 86' lang='grc' dir='ltr'>τὴν</span> <span class='ocrx_word' id='word_1_428' title='bbox 2277 3000 2518 3067; x_wconf 84' lang='grc' dir='ltr'>Πάτραν,</span> <span class='ocrx_word' id='word_1_429' title='bbox 2583 2999 2911 3070; x_wconf 83' lang='grc' dir='ltr'>ἀπέλθωμεν</span> <span class='ocrx_word' id='word_1_430' title='bbox 2933 3015 2950 3033; x_wconf 79' lang='grc' dir='ltr'><strong><em>ο</em></strong></span> <span class='ocrx_word' id='word_1_431' title='bbox 2984 3001 3066 3062; x_wconf 84' lang='grc' dir='ltr'><strong>είς</strong></span> <span class='ocrx_word' id='word_1_432' title='bbox 3098 2999 3196 3068; x_wconf 79' lang='grc' dir='ltr'>τὴν</span> <span class='ocrx_word' id='word_1_433' title='bbox 3237 3002 3592 3054; x_wconf 81' lang='grc' dir='ltr'>Κωνσταντι-</span> 
     </span>
    </p>
   </div>
   <div class='ocr_carea' id='block_1_61' title="bbox 423 3076 3587 3185">
    <p class='ocr_par' dir='ltr' id='par_1_61' title="bbox 423 3076 3587 3185">
     <span class='ocr_line' id='line_1_61' title="bbox 423 3076 3587 3185; baseline 0 -40"><span class='ocrx_word' id='word_1_434' title='bbox 423 3093 509 3155; x_wconf 81' lang='grc' dir='ltr'><strong>Ὠς</strong></span> <span class='ocrx_word' id='word_1_435' title='bbox 538 3093 629 3146; x_wconf 73' lang='grc' dir='ltr'>ἐπὶ</span> <span class='ocrx_word' id='word_1_436' title='bbox 652 3093 710 3146; x_wconf 71' lang='grc' dir='ltr'><strong>τὸ</strong></span> <span class='ocrx_word' id='word_1_437' title='bbox 761 3076 1016 3145; x_wconf 84' lang='grc' dir='ltr'>πλεῖστόν</span> <span class='ocrx_word' id='word_1_438' title='bbox 1059 3107 1211 3152; x_wconf 88' lang='grc' dir='ltr'>τινας</span> <span class='ocrx_word' id='word_1_439' title='bbox 1250 3089 1314 3142; x_wconf 83' lang='grc' dir='ltr'><strong>ἐκ</strong></span> <span class='ocrx_word' id='word_1_440' title='bbox 1336 3088 1530 3142; x_wconf 85' lang='grc' dir='ltr'>τούτου</span> <span class='ocrx_word' id='word_1_441' title='bbox 1573 3089 1668 3141; x_wconf 83' lang='grc' dir='ltr'><strong>τοῦ</strong></span> <span class='ocrx_word' id='word_1_442' title='bbox 1720 3088 1913 3155; x_wconf 71' lang='grc' dir='ltr'>γόνους</span> <span class='ocrx_word' id='word_1_443' title='bbox 1940 3129 1985 3185; x_wconf 76' lang='lat' dir='ltr'><strong><em>C</em></strong></span> <span class='ocrx_word' id='word_1_444' title='bbox 2017 3090 2293 3157; x_wconf 81' lang='grc' dir='ltr'>νούπολιν,</span> <span class='ocrx_word' id='word_1_445' title='bbox 2325 3091 2419 3145; x_wconf 72' lang='grc' dir='ltr'><strong>καὶ</strong></span> <span class='ocrx_word' id='word_1_446' title='bbox 2479 3090 2638 3155; x_wconf 81' lang='grc' dir='ltr'>αὐτὸς</span> <span class='ocrx_word' id='word_1_447' title='bbox 2699 3091 2845 3162; x_wconf 79' lang='grc' dir='ltr'>ἔχειν</span> <span class='ocrx_word' id='word_1_448' title='bbox 2898 3092 2978 3154; x_wconf 83' lang='grc' dir='ltr'><strong>είς</strong></span> <span class='ocrx_word' id='word_1_449' title='bbox 3016 3091 3118 3160; x_wconf 76' lang='grc' dir='ltr'>τὴν</span> <span class='ocrx_word' id='word_1_450' title='bbox 3175 3091 3587 3163; x_wconf 83' lang='grc' dir='ltr'>Πελοπόννησον</span> 
     </span>
    </p>
   </div>
   <div class='ocr_carea' id='block_1_62' title="bbox 340 3177 1911 3254">
    <p class='ocr_par' dir='ltr' id='par_1_62' title="bbox 340 3177 1911 3254">
     <span class='ocr_line' id='line_1_62' title="bbox 340 3177 1911 3254; baseline -0.006 -16"><span class='ocrx_word' id='word_1_451' title='bbox 340 3186 447 3238; x_wconf 89' lang='grc' dir='ltr'><strong>τῶν</strong></span> <span class='ocrx_word' id='word_1_452' title='bbox 479 3184 838 3254; x_wconf 84' lang='grc' dir='ltr'>Μελισσηνῶν</span> <span class='ocrx_word' id='word_1_453' title='bbox 865 3183 962 3237; x_wconf 62' lang='grc' dir='ltr'><strong>καὶ¹</strong></span> <span class='ocrx_word' id='word_1_454' title='bbox 982 3180 1508 3253; x_wconf 82' lang='grc' dir='ltr'>Στρατηγοπούλους</span> <span class='ocrx_word' id='word_1_455' title='bbox 1533 3177 1911 3247; x_wconf 78' lang='grc' dir='ltr'>ἐπωνόμαζον,</span> 
     </span>
    </p>
   </div>
   <div class='ocr_carea' id='block_1_63' title="bbox 344 3360 1912 3429">
    <p class='ocr_par' dir='ltr' id='par_1_63' title="bbox 344 3360 1912 3429">
     <span class='ocr_line' id='line_1_63' title="bbox 344 3360 1912 3429; baseline -0.003 -11"><span class='ocrx_word' id='word_1_456' title='bbox 344 3365 524 3429; x_wconf 75' lang='lat' dir='ltr'><strong>batur,</strong></span> <span class='ocrx_word' id='word_1_457' title='bbox 551 3372 604 3418; x_wconf 88' lang='lat' dir='ltr'><strong>et</strong></span> <span class='ocrx_word' id='word_1_458' title='bbox 636 3364 799 3418; x_wconf 90' lang='lat' dir='ltr'><strong>totius</strong></span> <span class='ocrx_word' id='word_1_459' title='bbox 827 3366 978 3417; x_wconf 88' lang='lat' dir='ltr'><strong>sinus</strong></span> <span class='ocrx_word' id='word_1_460' title='bbox 1010 3360 1348 3418; x_wconf 76' lang='lat' dir='ltr'><strong>Messeniaci.</strong></span> <span class='ocrx_word' id='word_1_461' title='bbox 1372 3362 1524 3417; x_wconf 87' lang='lat' dir='ltr'><strong>idem</strong></span> <span class='ocrx_word' id='word_1_462' title='bbox 1559 3372 1677 3429; x_wconf 88' lang='lat' dir='ltr'><strong>post</strong></span> <span class='ocrx_word' id='word_1_463' title='bbox 1707 3361 1912 3415; x_wconf 92' lang='lat' dir='ltr'><strong>obitum</strong></span> 
     </span>
    </p>
   </div>
   <div class='ocr_carea' id='block_1_64' title="bbox 349 3454 1920 3524">
    <p class='ocr_par' dir='ltr' id='par_1_64' title="bbox 349 3454 1920 3524">
     <span class='ocr_line' id='line_1_64' title="bbox 349 3454 1920 3524; baseline -0.003 -14"><span class='ocrx_word' id='word_1_464' title='bbox 349 3457 540 3510; x_wconf 70' lang='lat' dir='ltr'><strong>uxoris</strong></span> <span class='ocrx_word' id='word_1_465' title='bbox 576 3454 920 3522; x_wconf 90' lang='lat' dir='ltr'><strong>metropolita</strong></span> <span class='ocrx_word' id='word_1_466' title='bbox 949 3454 1329 3524; x_wconf 86' lang='lat' dir='ltr'><strong>Adrianopolis</strong></span> <span class='ocrx_word' id='word_1_467' title='bbox 1386 3454 1561 3507; x_wconf 88' lang='lat' dir='ltr'><strong>factus</strong></span> <span class='ocrx_word' id='word_1_468' title='bbox 1619 3462 1725 3518; x_wconf 92' lang='lat' dir='ltr'><strong>est,</strong></span> <span class='ocrx_word' id='word_1_469' title='bbox 1770 3468 1920 3507; x_wconf 82' lang='lat' dir='ltr'><strong>cont-</strong></span> 
     </span>
    </p>
   </div>
   <div class='ocr_carea' id='block_1_65' title="bbox 352 3544 1918 3600">
    <p class='ocr_par' dir='ltr' id='par_1_65' title="bbox 352 3544 1918 3600">
     <span class='ocr_line' id='line_1_65' title="bbox 352 3544 1918 3600; baseline -0.001 -1"><span class='ocrx_word' id='word_1_470' title='bbox 352 3548 499 3600; x_wconf 80' lang='lat' dir='ltr'><strong>muni</strong></span> <span class='ocrx_word' id='word_1_471' title='bbox 556 3547 793 3599; x_wconf 86' lang='lat' dir='ltr'><strong>utilitate</strong></span> <span class='ocrx_word' id='word_1_472' title='bbox 855 3547 1038 3599; x_wconf 90' lang='lat' dir='ltr'><strong>multis</strong></span> <span class='ocrx_word' id='word_1_473' title='bbox 1094 3555 1146 3600; x_wconf 83' lang='lat' dir='ltr'><strong>ct</strong></span> <span class='ocrx_word' id='word_1_474' title='bbox 1209 3545 1631 3600; x_wconf 88' lang='lat' dir='ltr'><strong>necessariisde</strong></span> <span class='ocrx_word' id='word_1_475' title='bbox 1660 3545 1839 3599; x_wconf 85' lang='lat' dir='ltr'><strong>causis</strong></span> <span class='ocrx_word' id='word_1_476' title='bbox 1865 3544 1918 3597; x_wconf 91' lang='lat' dir='ltr'><strong>id</strong></span> 
     </span>
    </p>
   </div>
   <div class='ocr_carea' id='block_1_66' title="bbox 355 3632 1918 3707">
    <p class='ocr_par' dir='ltr' id='par_1_66' title="bbox 355 3632 1918 3707">
     <span class='ocr_line' id='line_1_66' title="bbox 355 3632 1918 3707; baseline 0.001 -18"><span class='ocrx_word' id='word_1_477' title='bbox 355 3632 726 3701; x_wconf 54' lang='lat' dir='ltr'><strong>postulanteiz</strong></span> <span class='ocrx_word' id='word_1_478' title='bbox 776 3652 1085 3706; x_wconf 81' lang='lat' dir='ltr'><strong>quanquam</strong></span> <span class='ocrx_word' id='word_1_479' title='bbox 1156 3652 1303 3691; x_wconf 90' lang='lat' dir='ltr'><strong>mors</strong></span> <span class='ocrx_word' id='word_1_480' title='bbox 1360 3637 1735 3707; x_wconf 77' lang='lat' dir='ltr'><strong>intempestiva</strong></span> <span class='ocrx_word' id='word_1_481' title='bbox 1796 3652 1918 3690; x_wconf 89' lang='lat' dir='ltr'><strong>cum</strong></span> 
     </span>
    </p>
   </div>
   <div class='ocr_carea' id='block_1_67' title="bbox 356 3727 1920 3796">
    <p class='ocr_par' dir='ltr' id='par_1_67' title="bbox 356 3727 1920 3796">
     <span class='ocr_line' id='line_1_67' title="bbox 356 3727 1920 3796; baseline 0.001 -18"><span class='ocrx_word' id='word_1_482' title='bbox 356 3728 556 3794; x_wconf 85' lang='lat' dir='ltr'><strong>rapuit,</strong></span> <span class='ocrx_word' id='word_1_483' title='bbox 584 3728 837 3796; x_wconf 86' lang='lat' dir='ltr'><strong>atqueita</strong></span> <span class='ocrx_word' id='word_1_484' title='bbox 869 3743 955 3783; x_wconf 89' lang='lat' dir='ltr'><strong>res</strong></span> <span class='ocrx_word' id='word_1_485' title='bbox 990 3730 1167 3783; x_wconf 81' lang='lat' dir='ltr'><strong>caruit</strong></span> <span class='ocrx_word' id='word_1_486' title='bbox 1188 3737 1403 3783; x_wconf 83' lang='lat' dir='ltr'><strong>eventu.</strong></span> <span class='ocrx_word' id='word_1_487' title='bbox 1437 3727 1705 3782; x_wconf 73' lang='lat' dir='ltr'><strong>Creterum</strong></span> <span class='ocrx_word' id='word_1_488' title='bbox 1724 3739 1920 3781; x_wconf 85' lang='lat' dir='ltr'><strong>causas</strong></span> 
     </span>
    </p>
   </div>
   <div class='ocr_carea' id='block_1_68' title="bbox 354 3817 1921 3890">
    <p class='ocr_par' dir='ltr' id='par_1_68' title="bbox 354 3817 1921 3890">
     <span class='ocr_line' id='line_1_68' title="bbox 354 3817 1921 3890; baseline 0.001 -19"><span class='ocrx_word' id='word_1_489' title='bbox 354 3817 473 3871; x_wconf 87' lang='lat' dir='ltr'><strong>illas</strong></span> <span class='ocrx_word' id='word_1_490' title='bbox 517 3834 637 3872; x_wconf 78' lang='lat' dir='ltr'><strong>cum</strong></span> <span class='ocrx_word' id='word_1_491' title='bbox 667 3820 977 3887; x_wconf 86' lang='lat' dir='ltr'><strong>complures</strong></span> <span class='ocrx_word' id='word_1_492' title='bbox 1014 3822 1231 3890; x_wconf 81' lang='lat' dir='ltr'><strong>capiose</strong></span> <span class='ocrx_word' id='word_1_493' title='bbox 1290 3820 1675 3889; x_wconf 74' lang='lat' dir='ltr'><strong>explicuerint,</strong></span> <span class='ocrx_word' id='word_1_494' title='bbox 1698 3817 1921 3887; x_wconf 79' lang='lat' dir='ltr'><strong>egoillis</strong></span> 
     </span>
    </p>
   </div>
   <div class='ocr_carea' id='block_1_69' title="bbox 351 3906 1920 3978">
    <p class='ocr_par' dir='ltr' id='par_1_69' title="bbox 351 3906 1920 3978">
     <span class='ocr_line' id='line_1_69' title="bbox 351 3906 1920 3978; baseline -0.001 -16"><span class='ocrx_word' id='word_1_495' title='bbox 351 3909 739 3978; x_wconf 78' lang='lat' dir='ltr'><strong>supersedebo.</strong></span> <span class='ocrx_word' id='word_1_496' title='bbox 794 3908 969 3964; x_wconf 84' lang='lat' dir='ltr'><strong>Causa</strong></span> <span class='ocrx_word' id='word_1_497' title='bbox 1051 3919 1232 3964; x_wconf 89' lang='lat' dir='ltr'><strong>autem</strong></span> <span class='ocrx_word' id='word_1_498' title='bbox 1290 3909 1687 3975; x_wconf 74' lang='lat' dir='ltr'><strong>procurationis</strong></span> <span class='ocrx_word' id='word_1_499' title='bbox 1751 3906 1920 3972; x_wconf 88' lang='lat' dir='ltr'><strong>illius,</strong></span> 
     </span>
    </p>
   </div>
   <div class='ocr_carea' id='block_1_70' title="bbox 354 4000 1923 4072">
    <p class='ocr_par' dir='ltr' id='par_1_70' title="bbox 354 4000 1923 4072">
     <span class='ocr_line' id='line_1_70' title="bbox 354 4000 1923 4072; baseline 0.001 -20"><span class='ocrx_word' id='word_1_500' title='bbox 354 4018 515 4069; x_wconf 85' lang='lat' dir='ltr'><strong>quam</strong></span> <span class='ocrx_word' id='word_1_501' title='bbox 552 4002 871 4057; x_wconf 86' lang='lat' dir='ltr'><strong>Theodorus</strong></span> <span class='ocrx_word' id='word_1_502' title='bbox 900 4004 1119 4072; x_wconf 87' lang='lat' dir='ltr'><strong>despota</strong></span> <span class='ocrx_word' id='word_1_503' title='bbox 1155 4002 1412 4066; x_wconf 87' lang='lat' dir='ltr'><strong>habebat,</strong></span> <span class='ocrx_word' id='word_1_504' title='bbox 1451 4002 1572 4055; x_wconf 90' lang='lat' dir='ltr'><strong>talis</strong></span> <span class='ocrx_word' id='word_1_505' title='bbox 1599 4000 1720 4055; x_wconf 88' lang='lat' dir='ltr'><strong>fuit.</strong></span> <span class='ocrx_word' id='word_1_506' title='bbox 1751 4000 1923 4067; x_wconf 87' lang='lat' dir='ltr'><strong>Quem</strong></span> 
     </span>
    </p>
   </div>
   <div class='ocr_carea' id='block_1_71' title="bbox 356 4094 1928 4166">
    <p class='ocr_par' dir='ltr' id='par_1_71' title="bbox 356 4094 1928 4166">
     <span class='ocr_line' id='line_1_71' title="bbox 356 4094 1928 4166; baseline -0.001 -16"><span class='ocrx_word' id='word_1_507' title='bbox 356 4097 625 4150; x_wconf 81' lang='lat' dir='ltr'><strong>nominavi</strong></span> <span class='ocrx_word' id='word_1_508' title='bbox 702 4094 1041 4166; x_wconf 81' lang='lat' dir='ltr'><strong>Nicephorus</strong></span> <span class='ocrx_word' id='word_1_509' title='bbox 1088 4095 1407 4150; x_wconf 77' lang='lat' dir='ltr'><strong>Melissenus</strong></span> <span class='ocrx_word' id='word_1_510' title='bbox 1492 4095 1659 4149; x_wconf 88' lang='lat' dir='ltr'><strong>filium</strong></span> <span class='ocrx_word' id='word_1_511' title='bbox 1738 4094 1928 4149; x_wconf 84' lang='lat' dir='ltr'><strong>habuit</strong></span> 
     </span>
    </p>
   </div>
   <div class='ocr_carea' id='block_1_72' title="bbox 354 4181 1926 4257">
    <p class='ocr_par' dir='ltr' id='par_1_72' title="bbox 354 4181 1926 4257">
     <span class='ocr_line' id='line_1_72' title="bbox 354 4181 1926 4257; baseline -0.002 -15"><span class='ocrx_word' id='word_1_512' title='bbox 354 4188 660 4255; x_wconf 82' lang='lat' dir='ltr'><strong>Nicolaum,</strong></span> <span class='ocrx_word' id='word_1_513' title='bbox 695 4204 854 4257; x_wconf 85' lang='lat' dir='ltr'><strong>quem</strong></span> <span class='ocrx_word' id='word_1_514' title='bbox 905 4202 1116 4243; x_wconf 82' lang='lat' dir='ltr'><strong>esacro</strong></span> <span class='ocrx_word' id='word_1_515' title='bbox 1173 4189 1320 4241; x_wconf 89' lang='lat' dir='ltr'><strong>fonte</strong></span> <span class='ocrx_word' id='word_1_516' title='bbox 1381 4194 1690 4253; x_wconf 82' lang='lat' dir='ltr'><strong>susceperat</strong></span> <span class='ocrx_word' id='word_1_517' title='bbox 1744 4181 1926 4239; x_wconf 84' lang='lat' dir='ltr'><strong>Theo-</strong></span> 
     </span>
    </p>
   </div>
   <div class='ocr_carea' id='block_1_73' title="bbox 356 4277 1925 4348">
    <p class='ocr_par' dir='ltr' id='par_1_73' title="bbox 356 4277 1925 4348">
     <span class='ocr_line' id='line_1_73' title="bbox 356 4277 1925 4348; baseline -0.002 -17"><span class='ocrx_word' id='word_1_518' title='bbox 356 4277 524 4332; x_wconf 89' lang='lat' dir='ltr'><strong>dorus</strong></span> <span class='ocrx_word' id='word_1_519' title='bbox 544 4280 789 4346; x_wconf 81' lang='lat' dir='ltr'><strong>despota.</strong></span> <span class='ocrx_word' id='word_1_520' title='bbox 817 4277 1007 4348; x_wconf 86' lang='lat' dir='ltr'><strong>itaque</strong></span> <span class='ocrx_word' id='word_1_521' title='bbox 1030 4278 1107 4331; x_wconf 88' lang='lat' dir='ltr'><strong>ad-</strong></span> <span class='ocrx_word' id='word_1_522' title='bbox 1125 4277 1283 4331; x_wconf 83' lang='lat' dir='ltr'><strong>sedes</strong></span> <span class='ocrx_word' id='word_1_523' title='bbox 1299 4278 1603 4330; x_wconf 87' lang='lat' dir='ltr'><strong>animarum</strong></span> <span class='ocrx_word' id='word_1_524' title='bbox 1634 4278 1925 4341; x_wconf 89' lang='lat' dir='ltr'><strong>transiens,</strong></span> 
     </span>
    </p>
   </div>
   <div class='ocr_carea' id='block_1_74' title="bbox 2023 3180 3592 3253">
    <p class='ocr_par' dir='ltr' id='par_1_74' title="bbox 2023 3180 3592 3253">
     <span class='ocr_line' id='line_1_74' title="bbox 2023 3180 3592 3253; baseline 0 -18"><span class='ocrx_word' id='word_1_525' title='bbox 2023 3180 2179 3251; x_wconf 77' lang='lat'><strong>135</strong></span> <span class='ocrx_word' id='word_1_526' title='bbox 2235 3182 2304 3235; x_wconf 79' lang='grc' dir='ltr'>τὰ</span> <span class='ocrx_word' id='word_1_527' title='bbox 2332 3182 2435 3252; x_wconf 84' lang='grc' dir='ltr'>τῆς</span> <span class='ocrx_word' id='word_1_528' title='bbox 2491 3182 2716 3251; x_wconf 84' lang='grc' dir='ltr'>προικὸς</span> <span class='ocrx_word' id='word_1_529' title='bbox 2745 3181 2914 3235; x_wconf 80' lang='grc' dir='ltr'>αὐτοῦ</span> <span class='ocrx_word' id='word_1_530' title='bbox 2963 3182 3181 3253; x_wconf 86' lang='grc' dir='ltr'>κάστρα</span> <span class='ocrx_word' id='word_1_531' title='bbox 3229 3184 3325 3236; x_wconf 74' lang='grc' dir='ltr'>καὶ</span> <span class='ocrx_word' id='word_1_532' title='bbox 3374 3183 3446 3237; x_wconf 87' lang='grc' dir='ltr'><strong>τά</strong></span> <span class='ocrx_word' id='word_1_533' title='bbox 3494 3180 3592 3237; x_wconf 75' lang='grc' dir='ltr'><strong>τοῦ</strong></span> 
     </span>
    </p>
   </div>
   <div class='ocr_carea' id='block_1_75' title="bbox 2020 3361 3589 3432">
    <p class='ocr_par' dir='ltr' id='par_1_75' title="bbox 2020 3361 3589 3432">
     <span class='ocr_line' id='line_1_75' title="bbox 2020 3361 3589 3432; baseline 0.003 -18"><span class='ocrx_word' id='word_1_534' title='bbox 2020 3361 2293 3416; x_wconf 80' lang='lat' dir='ltr'><strong>chronicis</strong></span> <span class='ocrx_word' id='word_1_535' title='bbox 2331 3363 2399 3415; x_wconf 84' lang='lat' dir='ltr'><strong>ita</strong></span> <span class='ocrx_word' id='word_1_536' title='bbox 2452 3377 2545 3417; x_wconf 90' lang='lat' dir='ltr'><strong>eos</strong></span> <span class='ocrx_word' id='word_1_537' title='bbox 2580 3363 2947 3432; x_wconf 76' lang='lat' dir='ltr'><strong>appellarunt,</strong></span> <span class='ocrx_word' id='word_1_538' title='bbox 2998 3362 3324 3419; x_wconf 82' lang='lat' dir='ltr'><strong>Melissenos</strong></span> <span class='ocrx_word' id='word_1_539' title='bbox 3374 3364 3589 3419; x_wconf 85' lang='lat' dir='ltr'><strong>Strate-</strong></span> 
     </span>
    </p>
   </div>
   <div class='ocr_carea' id='block_1_76' title="bbox 2021 3455 3593 3523">
    <p class='ocr_par' dir='ltr' id='par_1_76' title="bbox 2021 3455 3593 3523">
     <span class='ocr_line' id='line_1_76' title="bbox 2021 3455 3593 3523; baseline 0.003 -16"><span class='ocrx_word' id='word_1_540' title='bbox 2021 3455 2268 3523; x_wconf 69' lang='lat' dir='ltr'><strong>gopttlos,</strong></span> <span class='ocrx_word' id='word_1_541' title='bbox 2316 3457 2385 3510; x_wconf 82' lang='lat' dir='ltr'><strong>ub</strong></span> <span class='ocrx_word' id='word_1_542' title='bbox 2427 3472 2650 3510; x_wconf 84' lang='lat' dir='ltr'><strong>causam</strong></span> <span class='ocrx_word' id='word_1_543' title='bbox 2688 3457 2849 3512; x_wconf 87' lang='lat' dir='ltr'><strong>hanc.</strong></span> <span class='ocrx_word' id='word_1_544' title='bbox 2886 3457 3138 3512; x_wconf 78' lang='lat' dir='ltr'><strong>Alexiutn</strong></span> <span class='ocrx_word' id='word_1_545' title='bbox 3176 3457 3453 3510; x_wconf 73' lang='lat' dir='ltr'><strong>Caesarem</strong></span> <span class='ocrx_word' id='word_1_546' title='bbox 3481 3456 3593 3512; x_wconf 78' lang='lat' dir='ltr'><strong>Me-</strong></span> 
     </span>
    </p>
   </div>
   <div class='ocr_carea' id='block_1_77' title="bbox 2022 3544 3594 3616">
    <p class='ocr_par' dir='ltr' id='par_1_77' title="bbox 2022 3544 3594 3616">
     <span class='ocr_line' id='line_1_77' title="bbox 2022 3544 3594 3616; baseline 0 -19"><span class='ocrx_word' id='word_1_547' title='bbox 2022 3544 2306 3610; x_wconf 86' lang='lat' dir='ltr'><strong>lisseuum,</strong></span> <span class='ocrx_word' id='word_1_548' title='bbox 2340 3549 2430 3616; x_wconf 86' lang='lat' dir='ltr'><strong>qui</strong></span> <span class='ocrx_word' id='word_1_549' title='bbox 2459 3548 2672 3615; x_wconf 87' lang='lat' dir='ltr'><strong>Cpolim</strong></span> <span class='ocrx_word' id='word_1_550' title='bbox 2707 3565 2735 3602; x_wconf 90' lang='lat' dir='ltr'><strong>a</strong></span> <span class='ocrx_word' id='word_1_551' title='bbox 2772 3548 2982 3602; x_wconf 90' lang='lat' dir='ltr'><strong>Latinis</strong></span> <span class='ocrx_word' id='word_1_552' title='bbox 3019 3548 3341 3612; x_wconf 77' lang='lat' dir='ltr'><strong>vindicavit,</strong></span> <span class='ocrx_word' id='word_1_553' title='bbox 3377 3547 3594 3603; x_wconf 63' lang='lat' dir='ltr'><strong>Strate-</strong></span> 
     </span>
    </p>
   </div>
   <div class='ocr_carea' id='block_1_78' title="bbox 2021 3639 3600 3710">
    <p class='ocr_par' dir='ltr' id='par_1_78' title="bbox 2021 3639 3600 3710">
     <span class='ocr_line' id='line_1_78' title="bbox 2021 3639 3600 3710; baseline 0.003 -20"><span class='ocrx_word' id='word_1_554' title='bbox 2021 3639 2275 3706; x_wconf 76' lang='lat' dir='ltr'><strong>gOpulum</strong></span> <span class='ocrx_word' id='word_1_555' title='bbox 2301 3655 2328 3692; x_wconf 92' lang='lat' dir='ltr'><strong>a</strong></span> <span class='ocrx_word' id='word_1_556' title='bbox 2359 3647 2534 3695; x_wconf 84' lang='lat' dir='ltr'><strong>matre</strong></span> <span class='ocrx_word' id='word_1_557' title='bbox 2564 3641 2682 3710; x_wconf 85' lang='lat' dir='ltr'><strong>ejus</strong></span> <span class='ocrx_word' id='word_1_558' title='bbox 2709 3640 3085 3704; x_wconf 86' lang='lat' dir='ltr'><strong>nominarunt,</strong></span> <span class='ocrx_word' id='word_1_559' title='bbox 3112 3649 3275 3708; x_wconf 86' lang='lat' dir='ltr'><strong>atque</strong></span> <span class='ocrx_word' id='word_1_560' title='bbox 3298 3639 3426 3693; x_wconf 86' lang='lat' dir='ltr'><strong>inde</strong></span> <span class='ocrx_word' id='word_1_561' title='bbox 3447 3639 3600 3695; x_wconf 69' lang='lat' dir='ltr'><strong>istud</strong></span> 
     </span>
    </p>
   </div>
   <div class='ocr_carea' id='block_1_79' title="bbox 2022 3728 3589 3800">
    <p class='ocr_par' dir='ltr' id='par_1_79' title="bbox 2022 3728 3589 3800">
     <span class='ocr_line' id='line_1_79' title="bbox 2022 3728 3589 3800; baseline 0.003 -19"><span class='ocrx_word' id='word_1_562' title='bbox 2022 3738 2440 3798; x_wconf 80' lang='lat' dir='ltr'><strong>cognomentum</strong></span> <span class='ocrx_word' id='word_1_563' title='bbox 2474 3732 2525 3785; x_wconf 93' lang='lat' dir='ltr'><strong>in</strong></span> <span class='ocrx_word' id='word_1_564' title='bbox 2561 3732 2890 3800; x_wconf 85' lang='lat' dir='ltr'><strong>quibusdam</strong></span> <span class='ocrx_word' id='word_1_565' title='bbox 2930 3729 3164 3799; x_wconf 82' lang='lat' dir='ltr'><strong>posteris</strong></span> <span class='ocrx_word' id='word_1_566' title='bbox 3185 3728 3302 3794; x_wconf 85' lang='lat' dir='ltr'><strong>ejus</strong></span> <span class='ocrx_word' id='word_1_567' title='bbox 3332 3730 3589 3785; x_wconf 85' lang='lat' dir='ltr'><strong>obtinuit.</strong></span> 
     </span>
    </p>
   </div>
   <div class='ocr_carea' id='block_1_80' title="bbox 2025 3817 3598 3889">
    <p class='ocr_par' dir='ltr' id='par_1_80' title="bbox 2025 3817 3598 3889">
     <span class='ocr_line' id='line_1_80' title="bbox 2025 3817 3598 3889; baseline 0.003 -18"><span class='ocrx_word' id='word_1_568' title='bbox 2025 3817 2386 3888; x_wconf 75' lang='lat' dir='ltr'><strong>Nicephorum</strong></span> <span class='ocrx_word' id='word_1_569' title='bbox 2439 3834 2568 3873; x_wconf 85' lang='lat' dir='ltr'><strong>vero</strong></span> <span class='ocrx_word' id='word_1_570' title='bbox 2610 3829 2660 3874; x_wconf 87' lang='lat' dir='ltr'><strong>et</strong></span> <span class='ocrx_word' id='word_1_571' title='bbox 2714 3835 2965 3889; x_wconf 74' lang='lat' dir='ltr'><strong>magnum</strong></span> <span class='ocrx_word' id='word_1_572' title='bbox 3034 3829 3503 3889; x_wconf 77' lang='lat' dir='ltr'><strong>protostratorem</strong></span> <span class='ocrx_word' id='word_1_573' title='bbox 3535 3830 3598 3876; x_wconf 85' lang='lat' dir='ltr'><strong>et</strong></span> 
     </span>
    </p>
   </div>
   <div class='ocr_carea' id='block_1_81' title="bbox 2027 3909 2804 3981">
    <p class='ocr_par' dir='ltr' id='par_1_81' title="bbox 2027 3909 2804 3981">
     <span class='ocr_line' id='line_1_81' title="bbox 2027 3909 2804 3981; baseline 0.003 -16"><span class='ocrx_word' id='word_1_574' title='bbox 2027 3909 2406 3981; x_wconf 77' lang='lat' dir='ltr'><strong>Melissurgum</strong></span> <span class='ocrx_word' id='word_1_575' title='bbox 2444 3911 2804 3981; x_wconf 86' lang='lat' dir='ltr'><strong>appellarunt.</strong></span> 
     </span>
    </p>
   </div>
   <div class='ocr_carea' id='block_1_82' title="bbox 2096 3999 3605 4073">
    <p class='ocr_par' dir='ltr' id='par_1_82' title="bbox 2096 3999 3605 4073">
     <span class='ocr_line' id='line_1_82' title="bbox 2096 3999 3605 4073; baseline 0.004 -18"><span class='ocrx_word' id='word_1_576' title='bbox 2096 3999 2276 4056; x_wconf 87' lang='lat' dir='ltr'><strong>Gessit</strong></span> <span class='ocrx_word' id='word_1_577' title='bbox 2297 4001 2616 4068; x_wconf 84' lang='lat' dir='ltr'><strong>aliquandiu</strong></span> <span class='ocrx_word' id='word_1_578' title='bbox 2642 4003 2865 4056; x_wconf 83' lang='lat' dir='ltr'><strong>tutelam</strong></span> <span class='ocrx_word' id='word_1_579' title='bbox 2897 4012 2950 4057; x_wconf 89' lang='lat' dir='ltr'><strong>et</strong></span> <span class='ocrx_word' id='word_1_580' title='bbox 2981 4006 3416 4073; x_wconf 88' lang='lat' dir='ltr'><strong>procurationem</strong></span> <span class='ocrx_word' id='word_1_581' title='bbox 3443 4005 3605 4061; x_wconf 77' lang='lat' dir='ltr'><strong>illam</strong></span> 
     </span>
    </p>
   </div>
   <div class='ocr_carea' id='block_1_83' title="bbox 2027 4094 3597 4171">
    <p class='ocr_par' dir='ltr' id='par_1_83' title="bbox 2027 4094 3597 4171">
     <span class='ocr_line' id='line_1_83' title="bbox 2027 4094 3597 4171; baseline 0.004 -22"><span class='ocrx_word' id='word_1_582' title='bbox 2027 4097 2190 4149; x_wconf 87' lang='lat' dir='ltr'><strong>etiam</strong></span> <span class='ocrx_word' id='word_1_583' title='bbox 2230 4094 2339 4149; x_wconf 84' lang='lat' dir='ltr'><strong>Leo</strong></span> <span class='ocrx_word' id='word_1_584' title='bbox 2382 4095 2789 4166; x_wconf 88' lang='lat' dir='ltr'><strong>Francopulus,</strong></span> <span class='ocrx_word' id='word_1_585' title='bbox 2832 4098 2989 4166; x_wconf 85' lang='lat' dir='ltr'><strong>jussu</strong></span> <span class='ocrx_word' id='word_1_586' title='bbox 3024 4098 3296 4154; x_wconf 87' lang='lat' dir='ltr'><strong>Theodori</strong></span> <span class='ocrx_word' id='word_1_587' title='bbox 3328 4104 3597 4171; x_wconf 60' lang='lat' dir='ltr'><strong>despota,</strong></span> 
     </span>
    </p>
   </div>
   <div class='ocr_carea' id='block_1_84' title="bbox 2029 4185 3594 4257">
    <p class='ocr_par' dir='ltr' id='par_1_84' title="bbox 2029 4185 3594 4257">
     <span class='ocr_line' id='line_1_84' title="bbox 2029 4185 3594 4257; baseline 0.003 -16"><span class='ocrx_word' id='word_1_588' title='bbox 2029 4201 2153 4241; x_wconf 91' lang='lat' dir='ltr'><strong>cum</strong></span> <span class='ocrx_word' id='word_1_589' title='bbox 2181 4199 2302 4240; x_wconf 90' lang='lat' dir='ltr'><strong>eam</strong></span> <span class='ocrx_word' id='word_1_590' title='bbox 2357 4185 2722 4241; x_wconf 84' lang='lat' dir='ltr'><strong>Constantino</strong></span> <span class='ocrx_word' id='word_1_591' title='bbox 2753 4188 2994 4257; x_wconf 72' lang='lat' dir='ltr'><strong>despoue</strong></span> <span class='ocrx_word' id='word_1_592' title='bbox 3019 4188 3173 4244; x_wconf 84' lang='lat' dir='ltr'><strong>fratri</strong></span> <span class='ocrx_word' id='word_1_593' title='bbox 3198 4191 3451 4246; x_wconf 88' lang='lat' dir='ltr'><strong>donasset</strong></span> <span class='ocrx_word' id='word_1_594' title='bbox 3471 4207 3594 4246; x_wconf 91' lang='lat' dir='ltr'><strong>cum</strong></span> 
     </span>
    </p>
   </div>
   <div class='ocr_carea' id='block_1_85' title="bbox 2030 4274 3599 4346">
    <p class='ocr_par' dir='ltr' id='par_1_85' title="bbox 2030 4274 3599 4346">
     <span class='ocr_line' id='line_1_85' title="bbox 2030 4274 3599 4346; baseline 0.004 -16"><span class='ocrx_word' id='word_1_595' title='bbox 2030 4274 2284 4330; x_wconf 88' lang='lat' dir='ltr'><strong>omnibus</strong></span> <span class='ocrx_word' id='word_1_596' title='bbox 2316 4274 2632 4344; x_wconf 74' lang='lat' dir='ltr'><strong>privilegiis,</strong></span> <span class='ocrx_word' id='word_1_597' title='bbox 2666 4275 2768 4330; x_wconf 87' lang='lat' dir='ltr'><strong>hoc</strong></span> <span class='ocrx_word' id='word_1_598' title='bbox 2800 4286 2904 4342; x_wconf 90' lang='lat' dir='ltr'><strong>est,</strong></span> <span class='ocrx_word' id='word_1_599' title='bbox 2934 4277 2976 4331; x_wconf 91' lang='lat' dir='ltr'><strong>si</strong></span> <span class='ocrx_word' id='word_1_600' title='bbox 3002 4277 3274 4346; x_wconf 81' lang='lat' dir='ltr'><strong>legitimus</strong></span> <span class='ocrx_word' id='word_1_601' title='bbox 3304 4280 3394 4335; x_wconf 88' lang='lat' dir='ltr'><strong>ille</strong></span> <span class='ocrx_word' id='word_1_602' title='bbox 3424 4281 3599 4336; x_wconf 76' lang='lat' dir='ltr'><strong>haeres</strong></span> 
     </span>
    </p>
   </div>
   <div class='ocr_carea' id='block_1_86' title="bbox 360 4364 3665 4439">
    <p class='ocr_par' dir='ltr' id='par_1_86' title="bbox 360 4364 3665 4439">
     <span class='ocr_line' id='line_1_86' title="bbox 360 4364 3665 4439; baseline 0.002 -19"><span class='ocrx_word' id='word_1_603' title='bbox 360 4384 479 4420; x_wconf 89' lang='lat' dir='ltr'><strong>cum</strong></span> <span class='ocrx_word' id='word_1_604' title='bbox 539 4370 680 4422; x_wconf 87' lang='lat' dir='ltr'><strong>filius</strong></span> <span class='ocrx_word' id='word_1_605' title='bbox 725 4378 838 4423; x_wconf 89' lang='lat' dir='ltr'><strong>tres</strong></span> <span class='ocrx_word' id='word_1_606' title='bbox 893 4382 1073 4422; x_wconf 89' lang='lat' dir='ltr'><strong>annos</strong></span> <span class='ocrx_word' id='word_1_607' title='bbox 1138 4377 1301 4421; x_wconf 87' lang='lat' dir='ltr'><strong>natus</strong></span> <span class='ocrx_word' id='word_1_608' title='bbox 1355 4376 1522 4429; x_wconf 85' lang='lat' dir='ltr'><strong>esset,</strong></span> <span class='ocrx_word' id='word_1_609' title='bbox 1580 4364 1926 4420; x_wconf 87' lang='lat' dir='ltr'><strong>Theodorum</strong></span> <span class='ocrx_word' id='word_1_610' title='bbox 2032 4374 2358 4430; x_wconf 81' lang='lat' dir='ltr'><strong>moreretur,</strong></span> <span class='ocrx_word' id='word_1_611' title='bbox 2394 4367 2909 4437; x_wconf 88' lang='lat' dir='ltr'><strong>antequamjustam</strong></span> <span class='ocrx_word' id='word_1_612' title='bbox 2953 4370 3227 4439; x_wconf 77' lang='lat' dir='ltr'><strong>attigisset</strong></span> <span class='ocrx_word' id='word_1_613' title='bbox 3250 4381 3494 4439; x_wconf 65' lang='lat' dir='ltr'><strong>aetatem,</strong></span> <span class='ocrx_word' id='word_1_614' title='bbox 3536 4383 3598 4428; x_wconf 90' lang='lat' dir='ltr'><strong>ut</strong></span> <span class='ocrx_word' id='word_1_615' title='bbox 3658 4378 3665 4381; x_wconf 82' lang='lat'><strong><em>&#39;</em></strong></span> 
     </span>
    </p>
   </div>
   <div class='ocr_carea' id='block_1_87' title="bbox 359 4451 3600 4529">
    <p class='ocr_par' dir='ltr' id='par_1_87' title="bbox 359 4451 3600 4529">
     <span class='ocr_line' id='line_1_87' title="bbox 359 4451 3600 4529; baseline 0.002 -17"><span class='ocrx_word' id='word_1_616' title='bbox 359 4459 635 4526; x_wconf 86' lang='lat' dir='ltr'><strong>despotam</strong></span> <span class='ocrx_word' id='word_1_617' title='bbox 688 4468 1012 4514; x_wconf 87' lang='lat' dir='ltr'><strong>testamento</strong></span> <span class='ocrx_word' id='word_1_618' title='bbox 1039 4468 1272 4514; x_wconf 83' lang='lat' dir='ltr'><strong>tutorem</strong></span> <span class='ocrx_word' id='word_1_619' title='bbox 1310 4460 1464 4525; x_wconf 83' lang='lat' dir='ltr'><strong>pueri</strong></span> <span class='ocrx_word' id='word_1_620' title='bbox 1495 4457 1755 4522; x_wconf 86' lang='lat' dir='ltr'><strong>instituit,</strong></span> <span class='ocrx_word' id='word_1_621' title='bbox 1805 4471 1926 4510; x_wconf 87' lang='lat' dir='ltr'><strong>om-</strong></span> <span class='ocrx_word' id='word_1_622' title='bbox 1959 4451 2006 4511; x_wconf 89' lang='lat' dir='ltr'><strong>D</strong></span> <span class='ocrx_word' id='word_1_623' title='bbox 2035 4468 2146 4511; x_wconf 90' lang='lat' dir='ltr'><strong>tum</strong></span> <span class='ocrx_word' id='word_1_624' title='bbox 2183 4457 2365 4510; x_wconf 89' lang='lat' dir='ltr'><strong>omnia</strong></span> <span class='ocrx_word' id='word_1_625' title='bbox 2408 4457 2572 4527; x_wconf 85' lang='lat' dir='ltr'><strong>hujus</strong></span> <span class='ocrx_word' id='word_1_626' title='bbox 2593 4458 2784 4529; x_wconf 85' lang='lat' dir='ltr'><strong>pupilli</strong></span> <span class='ocrx_word' id='word_1_627' title='bbox 2812 4459 2953 4515; x_wconf 86' lang='lat' dir='ltr'><strong>bona</strong></span> <span class='ocrx_word' id='word_1_628' title='bbox 2987 4462 3347 4517; x_wconf 89' lang='lat' dir='ltr'><strong>Constantino</strong></span> <span class='ocrx_word' id='word_1_629' title='bbox 3380 4464 3600 4518; x_wconf 86' lang='lat' dir='ltr'><strong>domino</strong></span> 
     </span>
    </p>
   </div>
   <div class='ocr_carea' id='block_1_88' title="bbox 362 4548 1929 4625">
    <p class='ocr_par' dir='ltr' id='par_1_88' title="bbox 362 4548 1929 4625">
     <span class='ocr_line' id='line_1_88' title="bbox 362 4548 1929 4625; baseline 0 -23"><span class='ocrx_word' id='word_1_630' title='bbox 362 4551 619 4618; x_wconf 85' lang='lat' dir='ltr'><strong>uiumque</strong></span> <span class='ocrx_word' id='word_1_631' title='bbox 659 4550 976 4625; x_wconf 73' lang='lat' dir='ltr'><strong>facultatum</strong></span> <span class='ocrx_word' id='word_1_632' title='bbox 1010 4567 1258 4615; x_wconf 85' lang='lat' dir='ltr'><strong>suarum,</strong></span> <span class='ocrx_word' id='word_1_633' title='bbox 1284 4552 1562 4605; x_wconf 88' lang='lat' dir='ltr'><strong>mobilium</strong></span> <span class='ocrx_word' id='word_1_634' title='bbox 1591 4561 1647 4606; x_wconf 89' lang='lat' dir='ltr'><strong>et</strong></span> <span class='ocrx_word' id='word_1_635' title='bbox 1677 4548 1929 4604; x_wconf 85' lang='lat' dir='ltr'><strong>immobi-</strong></span> 
     </span>
    </p>
   </div>
   <div class='ocr_carea' id='block_1_89' title="bbox 364 4640 1931 4709">
    <p class='ocr_par' dir='ltr' id='par_1_89' title="bbox 364 4640 1931 4709">
     <span class='ocr_line' id='line_1_89' title="bbox 364 4640 1931 4709; baseline -0.001 -14"><span class='ocrx_word' id='word_1_636' title='bbox 364 4643 519 4705; x_wconf 86' lang='lat' dir='ltr'><strong>-ium,</strong></span> <span class='ocrx_word' id='word_1_637' title='bbox 575 4654 1008 4708; x_wconf 83' lang='lat' dir='ltr'><strong>procuratorem,</strong></span> <span class='ocrx_word' id='word_1_638' title='bbox 1058 4653 1138 4706; x_wconf 91' lang='lat' dir='ltr'><strong>ut,</strong></span> <span class='ocrx_word' id='word_1_639' title='bbox 1171 4643 1213 4696; x_wconf 89' lang='lat' dir='ltr'><strong>si</strong></span> <span class='ocrx_word' id='word_1_640' title='bbox 1254 4642 1393 4697; x_wconf 87' lang='lat' dir='ltr'><strong>filius</strong></span> <span class='ocrx_word' id='word_1_641' title='bbox 1424 4650 1479 4695; x_wconf 85' lang='lat' dir='ltr'><strong>et</strong></span> <span class='ocrx_word' id='word_1_642' title='bbox 1533 4641 1708 4695; x_wconf 85' lang='lat' dir='ltr'><strong>haeres</strong></span> <span class='ocrx_word' id='word_1_643' title='bbox 1759 4640 1931 4709; x_wconf 80' lang='lat' dir='ltr'><strong>ipsius</strong></span> 
     </span>
    </p>
   </div>
   <div class='ocr_carea' id='block_1_90' title="bbox 365 4730 1927 4797">
    <p class='ocr_par' dir='ltr' id='par_1_90' title="bbox 365 4730 1927 4797">
     <span class='ocr_line' id='line_1_90' title="bbox 365 4730 1927 4797; baseline 0.002 -16"><span class='ocrx_word' id='word_1_644' title='bbox 365 4746 488 4786; x_wconf 72' lang='grc' dir='ltr'>ειιυχ</span> <span class='ocrx_word' id='word_1_645' title='bbox 519 4749 546 4782; x_wconf 86' lang='lat' dir='ltr'><strong>e</strong></span> <span class='ocrx_word' id='word_1_646' title='bbox 590 4731 697 4783; x_wconf 81' lang='lat' dir='ltr'><strong>vita</strong></span> <span class='ocrx_word' id='word_1_647' title='bbox 752 4730 1063 4797; x_wconf 83' lang='lat' dir='ltr'><strong>decederet,</strong></span> <span class='ocrx_word' id='word_1_648' title='bbox 1115 4731 1280 4786; x_wconf 89' lang='lat' dir='ltr'><strong>nullis</strong></span> <span class='ocrx_word' id='word_1_649' title='bbox 1335 4732 1542 4785; x_wconf 78' lang='lat' dir='ltr'><strong>relictis</strong></span> <span class='ocrx_word' id='word_1_650' title='bbox 1592 4731 1927 4794; x_wconf 61' lang='lat' dir='ltr'><strong>heredibus,</strong></span> 
     </span>
    </p>
   </div>
   <div class='ocr_carea' id='block_1_91' title="bbox 362 4820 1933 4890">
    <p class='ocr_par' dir='ltr' id='par_1_91' title="bbox 362 4820 1933 4890">
     <span class='ocr_line' id='line_1_91' title="bbox 362 4820 1933 4890; baseline 0 -15"><span class='ocrx_word' id='word_1_651' title='bbox 362 4822 543 4875; x_wconf 85' lang='lat' dir='ltr'><strong>omnia</strong></span> <span class='ocrx_word' id='word_1_652' title='bbox 569 4821 786 4890; x_wconf 89' lang='lat' dir='ltr'><strong>oppida,</strong></span> <span class='ocrx_word' id='word_1_653' title='bbox 813 4823 940 4884; x_wconf 87' lang='lat' dir='ltr'><strong>vici,</strong></span> <span class='ocrx_word' id='word_1_654' title='bbox 974 4823 1113 4887; x_wconf 91' lang='lat' dir='ltr'><strong>loca,</strong></span> <span class='ocrx_word' id='word_1_655' title='bbox 1164 4823 1386 4877; x_wconf 89' lang='lat' dir='ltr'><strong>castella</strong></span> <span class='ocrx_word' id='word_1_656' title='bbox 1443 4820 1733 4876; x_wconf 86' lang='lat' dir='ltr'><strong>Theodoro</strong></span> <span class='ocrx_word' id='word_1_657' title='bbox 1773 4822 1933 4875; x_wconf 85' lang='lat' dir='ltr'><strong>cede-</strong></span> 
     </span>
    </p>
   </div>
   <div class='ocr_carea' id='block_1_92' title="bbox 369 4910 1932 4980">
    <p class='ocr_par' dir='ltr' id='par_1_92' title="bbox 369 4910 1932 4980">
     <span class='ocr_line' id='line_1_92' title="bbox 369 4910 1932 4980; baseline 0 -17"><span class='ocrx_word' id='word_1_658' title='bbox 369 4923 529 4977; x_wconf 88' lang='lat' dir='ltr'><strong>rcut,</strong></span> <span class='ocrx_word' id='word_1_659' title='bbox 617 4914 734 4965; x_wconf 83' lang='lat' dir='ltr'><strong>sive</strong></span> <span class='ocrx_word' id='word_1_660' title='bbox 823 4924 1018 4978; x_wconf 76' lang='lat' dir='ltr'><strong>extra,</strong></span> <span class='ocrx_word' id='word_1_661' title='bbox 1099 4915 1215 4967; x_wconf 87' lang='lat' dir='ltr'><strong>sive</strong></span> <span class='ocrx_word' id='word_1_662' title='bbox 1301 4915 1437 4966; x_wconf 85' lang='lat' dir='ltr'><strong>intra</strong></span> <span class='ocrx_word' id='word_1_663' title='bbox 1503 4910 1932 4980; x_wconf 82' lang='lat' dir='ltr'><strong>Peloponnesum</strong></span> 
     </span>
    </p>
   </div>
   <div class='ocr_carea' id='block_1_93' title="bbox 366 5001 1935 5070">
    <p class='ocr_par' dir='ltr' id='par_1_93' title="bbox 366 5001 1935 5070">
     <span class='ocr_line' id='line_1_93' title="bbox 366 5001 1935 5070; baseline 0.001 -13"><span class='ocrx_word' id='word_1_664' title='bbox 366 5004 489 5057; x_wconf 86' lang='lat' dir='ltr'><strong>sita.</strong></span> <span class='ocrx_word' id='word_1_665' title='bbox 532 5004 671 5056; x_wconf 87' lang='lat' dir='ltr'><strong>Intra</strong></span> <span class='ocrx_word' id='word_1_666' title='bbox 694 5001 1120 5070; x_wconf 87' lang='lat' dir='ltr'><strong>Peloponnesum</strong></span> <span class='ocrx_word' id='word_1_667' title='bbox 1154 5013 1308 5059; x_wconf 86' lang='lat' dir='ltr'><strong>erant</strong></span> <span class='ocrx_word' id='word_1_668' title='bbox 1337 5001 1603 5067; x_wconf 81' lang='lat' dir='ltr'><strong>Audrusa,</strong></span> <span class='ocrx_word' id='word_1_669' title='bbox 1635 5002 1935 5063; x_wconf 74' lang='lat' dir='ltr'><strong>Calamata.</strong></span> 
     </span>
    </p>
   </div>
   <div class='ocr_carea' id='block_1_94' title="bbox 369 5090 1935 5160">
    <p class='ocr_par' dir='ltr' id='par_1_94' title="bbox 369 5090 1935 5160">
     <span class='ocr_line' id='line_1_94' title="bbox 369 5090 1935 5160; baseline 0.001 -14"><span class='ocrx_word' id='word_1_670' title='bbox 369 5093 664 5158; x_wconf 77' lang='lat' dir='ltr'><strong>Mantinea,</strong></span> <span class='ocrx_word' id='word_1_671' title='bbox 694 5090 967 5155; x_wconf 82' lang='lat' dir='ltr'><strong>Jannitza,</strong></span> <span class='ocrx_word' id='word_1_672' title='bbox 1004 5092 1246 5155; x_wconf 83' lang='lat' dir='ltr'><strong>Pidema,</strong></span> <span class='ocrx_word' id='word_1_673' title='bbox 1276 5091 1453 5154; x_wconf 85' lang='lat' dir='ltr'><strong>Mane,</strong></span> <span class='ocrx_word' id='word_1_674' title='bbox 1485 5090 1659 5153; x_wconf 87' lang='lat' dir='ltr'><strong>Nesis,</strong></span> <span class='ocrx_word' id='word_1_675' title='bbox 1693 5090 1935 5160; x_wconf 82' lang='lat' dir='ltr'><strong>Spitalis,</strong></span> 
     </span>
    </p>
   </div>
   <div class='ocr_carea' id='block_1_95' title="bbox 370 5182 1941 5253">
    <p class='ocr_par' dir='ltr' id='par_1_95' title="bbox 370 5182 1941 5253">
     <span class='ocr_line' id='line_1_95' title="bbox 370 5182 1941 5253; baseline 0.001 -17"><span class='ocrx_word' id='word_1_676' title='bbox 370 5186 693 5253; x_wconf 79' lang='lat' dir='ltr'><strong>Grempeue,</strong></span> <span class='ocrx_word' id='word_1_677' title='bbox 726 5185 916 5246; x_wconf 87' lang='lat' dir='ltr'><strong>Aetus,</strong></span> <span class='ocrx_word' id='word_1_678' title='bbox 948 5182 1328 5248; x_wconf 84' lang='lat' dir='ltr'><strong>Neocastrum,</strong></span> <span class='ocrx_word' id='word_1_679' title='bbox 1362 5182 1588 5246; x_wconf 88' lang='lat' dir='ltr'><strong>Ithome,</strong></span> <span class='ocrx_word' id='word_1_680' title='bbox 1617 5198 1736 5251; x_wconf 71' lang='lat' dir='ltr'><strong>quae</strong></span> <span class='ocrx_word' id='word_1_681' title='bbox 1794 5200 1941 5239; x_wconf 88' lang='lat' dir='ltr'><strong>nunc</strong></span> 
     </span>
    </p>
   </div>
   <div class='ocr_carea' id='block_1_96' title="bbox 371 5273 1940 5344">
    <p class='ocr_par' dir='ltr' id='par_1_96' title="bbox 371 5273 1940 5344">
     <span class='ocr_line' id='line_1_96' title="bbox 371 5273 1940 5344; baseline -0.002 -15"><span class='ocrx_word' id='word_1_682' title='bbox 371 5276 613 5331; x_wconf 80' lang='lat' dir='ltr'><strong>Messene</strong></span> <span class='ocrx_word' id='word_1_683' title='bbox 642 5275 1265 5344; x_wconf 82' lang='lat' dir='ltr'><strong>dicitur,Archangelus,</strong></span> <span class='ocrx_word' id='word_1_684' title='bbox 1288 5273 1602 5338; x_wconf 87' lang='lat' dir='ltr'><strong>Saulaurus,</strong></span> <span class='ocrx_word' id='word_1_685' title='bbox 1621 5274 1940 5341; x_wconf 86' lang='lat' dir='ltr'><strong>lohannina,</strong></span> 
     </span>
    </p>
   </div>
   <div class='ocr_carea' id='block_1_97' title="bbox 373 5350 1943 5434">
    <p class='ocr_par' dir='ltr' id='par_1_97' title="bbox 373 5350 1943 5434">
     <span class='ocr_line' id='line_1_97' title="bbox 373 5350 1943 5434; baseline 0 -15"><span class='ocrx_word' id='word_1_686' title='bbox 373 5365 699 5434; x_wconf 78' lang='lat' dir='ltr'><strong>Ligudista;</strong></span> <span class='ocrx_word' id='word_1_687' title='bbox 748 5374 900 5418; x_wconf 81' lang='lat' dir='ltr'><strong>extra</strong></span> <span class='ocrx_word' id='word_1_688' title='bbox 947 5350 1374 5433; x_wconf 85' lang='lat' dir='ltr'><strong>Peloponnesum</strong></span> <span class='ocrx_word' id='word_1_689' title='bbox 1428 5380 1617 5433; x_wconf 76' lang='lat' dir='ltr'><strong>magna</strong></span> <span class='ocrx_word' id='word_1_690' title='bbox 1667 5361 1842 5419; x_wconf 64' lang='lat' dir='ltr'><strong>Eoos</strong></span> <span class='ocrx_word' id='word_1_691' title='bbox 1889 5375 1943 5419; x_wconf 87' lang='lat' dir='ltr'><strong>et</strong></span> 
     </span>
    </p>
   </div>
   <div class='ocr_carea' id='block_1_98' title="bbox 372 5455 1945 5526">
    <p class='ocr_par' dir='ltr' id='par_1_98' title="bbox 372 5455 1945 5526">
     <span class='ocr_line' id='line_1_98' title="bbox 372 5455 1945 5526; baseline -0.002 -13"><span class='ocrx_word' id='word_1_692' title='bbox 372 5456 489 5526; x_wconf 77' lang='lat' dir='ltr'><strong>ejus</strong></span> <span class='ocrx_word' id='word_1_693' title='bbox 525 5458 725 5511; x_wconf 86' lang='lat' dir='ltr'><strong>vicinia</strong></span> <span class='ocrx_word' id='word_1_694' title='bbox 765 5466 901 5523; x_wconf 91' lang='lat' dir='ltr'><strong>tota,</strong></span> <span class='ocrx_word' id='word_1_695' title='bbox 941 5456 1043 5510; x_wconf 92' lang='lat' dir='ltr'><strong>vici</strong></span> <span class='ocrx_word' id='word_1_696' title='bbox 1088 5456 1345 5510; x_wconf 88' lang='lat' dir='ltr'><strong>nimirum</strong></span> <span class='ocrx_word' id='word_1_697' title='bbox 1375 5465 1427 5509; x_wconf 93' lang='lat' dir='ltr'><strong>et</strong></span> <span class='ocrx_word' id='word_1_698' title='bbox 1466 5457 1580 5510; x_wconf 88' lang='lat' dir='ltr'><strong>loca</strong></span> <span class='ocrx_word' id='word_1_699' title='bbox 1602 5470 1771 5526; x_wconf 88' lang='lat' dir='ltr'><strong>usque</strong></span> <span class='ocrx_word' id='word_1_700' title='bbox 1798 5455 1945 5510; x_wconf 87' lang='lat' dir='ltr'><strong>Peri-</strong></span> 
     </span>
    </p>
   </div>
   <div class='ocr_carea' id='block_1_99' title="bbox 376 5549 1431 5618">
    <p class='ocr_par' dir='ltr' id='par_1_99' title="bbox 376 5549 1431 5618">
     <span class='ocr_line' id='line_1_99' title="bbox 376 5549 1431 5618; baseline 0 -13"><span class='ocrx_word' id='word_1_701' title='bbox 376 5551 645 5607; x_wconf 86' lang='lat' dir='ltr'><strong>theorium</strong></span> <span class='ocrx_word' id='word_1_702' title='bbox 683 5565 840 5618; x_wconf 80' lang='lat' dir='ltr'><strong>;quae</strong></span> <span class='ocrx_word' id='word_1_703' title='bbox 872 5564 971 5618; x_wconf 83' lang='lat' dir='ltr'><strong>ego</strong></span> <span class='ocrx_word' id='word_1_704' title='bbox 997 5549 1200 5603; x_wconf 90' lang='lat' dir='ltr'><strong>missus</strong></span> <span class='ocrx_word' id='word_1_705' title='bbox 1233 5549 1431 5618; x_wconf 84' lang='lat' dir='ltr'><strong>recepi.</strong></span> 
     </span>
    </p>
   </div>
   <div class='ocr_carea' id='block_1_100' title="bbox 447 5635 1948 5708">
    <p class='ocr_par' dir='ltr' id='par_1_100' title="bbox 447 5635 1948 5708">
     <span class='ocr_line' id='line_1_100' title="bbox 447 5635 1948 5708; baseline -0.001 -14"><span class='ocrx_word' id='word_1_706' title='bbox 447 5640 775 5701; x_wconf 81' lang='lat' dir='ltr'><strong>Plerumque</strong></span> <span class='ocrx_word' id='word_1_707' title='bbox 807 5637 1068 5708; x_wconf 86' lang='lat' dir='ltr'><strong>quosdam</strong></span> <span class='ocrx_word' id='word_1_708' title='bbox 1107 5638 1169 5690; x_wconf 90' lang='lat' dir='ltr'><strong>de</strong></span> <span class='ocrx_word' id='word_1_709' title='bbox 1199 5638 1305 5691; x_wconf 90' lang='lat' dir='ltr'><strong>hoc</strong></span> <span class='ocrx_word' id='word_1_710' title='bbox 1330 5635 1744 5692; x_wconf 79' lang='lat' dir='ltr'><strong>Melissenorum</strong></span> <span class='ocrx_word' id='word_1_711' title='bbox 1782 5654 1948 5707; x_wconf 69' lang='lat' dir='ltr'><strong>gerre-</strong></span> 
     </span>
    </p>
   </div>
   <div class='ocr_carea' id='block_1_101' title="bbox 377 5729 1945 5799">
    <p class='ocr_par' dir='ltr' id='par_1_101' title="bbox 377 5729 1945 5799">
     <span class='ocr_line' id='line_1_101' title="bbox 377 5729 1945 5799; baseline -0.002 -9"><span class='ocrx_word' id='word_1_712' title='bbox 377 5749 435 5790; x_wconf 81' lang='lat' dir='ltr'><strong>re</strong></span> <span class='ocrx_word' id='word_1_713' title='bbox 467 5732 628 5787; x_wconf 78' lang='lat' dir='ltr'><strong>etiam</strong></span> <span class='ocrx_word' id='word_1_714' title='bbox 657 5730 1075 5799; x_wconf 78' lang='lat' dir='ltr'><strong>Strategopulos</strong></span> <span class='ocrx_word' id='word_1_715' title='bbox 1108 5729 1587 5797; x_wconf 82' lang='lat' dir='ltr'><strong>cognominarunt,</strong></span> <span class='ocrx_word' id='word_1_716' title='bbox 1615 5742 1666 5783; x_wconf 87' lang='lat' dir='ltr'><strong>ct</strong></span> <span class='ocrx_word' id='word_1_717' title='bbox 1701 5731 1753 5784; x_wconf 91' lang='lat' dir='ltr'><strong>in</strong></span> <span class='ocrx_word' id='word_1_718' title='bbox 1794 5731 1945 5787; x_wconf 85' lang='lat' dir='ltr'><strong>libris</strong></span> 
     </span>
    </p>
   </div>
   <div class='ocr_carea' id='block_1_102' title="bbox 646 5821 1318 5888">
    <p class='ocr_par' dir='ltr' id='par_1_102' title="bbox 646 5821 1318 5888">
     <span class='ocr_line' id='line_1_102' title="bbox 646 5821 1318 5888; baseline -0.007 0"><span class='ocrx_word' id='word_1_719' title='bbox 646 5826 921 5888; x_wconf 75' lang='grc' dir='ltr'>ΡΔτιιυι..</span> <span class='ocrx_word' id='word_1_720' title='bbox 971 5824 1087 5883; x_wconf 81' lang='lat' dir='ltr'><strong>Gtt.</strong></span> <span class='ocrx_word' id='word_1_721' title='bbox 1131 5821 1318 5883; x_wconf 71' lang='lat' dir='ltr'><strong>CLVI.</strong></span> 
     </span>
    </p>
   </div>
   <div class='ocr_carea' id='block_1_103' title="bbox 2026 4548 2309 4603">
    <p class='ocr_par' dir='ltr' id='par_1_103' title="bbox 2026 4548 2309 4603">
     <span class='ocr_line' id='line_1_103' title="bbox 2026 4548 2309 4603; baseline -0.007 0"><span class='ocrx_word' id='word_1_722' title='bbox 2026 4548 2309 4603; x_wconf 70' lang='lat' dir='ltr'><strong>&#39;cederent.</strong></span> 
     </span>
    </p>
   </div>
   <div class='ocr_carea' id='block_1_104' title="bbox 2105 4640 3605 4712">
    <p class='ocr_par' dir='ltr' id='par_1_104' title="bbox 2105 4640 3605 4712">
     <span class='ocr_line' id='line_1_104' title="bbox 2105 4640 3605 4712; baseline 0.005 -17"><span class='ocrx_word' id='word_1_723' title='bbox 2105 4641 2160 4696; x_wconf 83' lang='lat'><strong>&#39;5.</strong></span> <span class='ocrx_word' id='word_1_724' title='bbox 2204 4640 2404 4695; x_wconf 86' lang='lat' dir='ltr'><strong>Eodem</strong></span> <span class='ocrx_word' id='word_1_725' title='bbox 2437 4656 2605 4706; x_wconf 89' lang='lat' dir='ltr'><strong>anno,</strong></span> <span class='ocrx_word' id='word_1_726' title='bbox 2636 4652 2831 4712; x_wconf 90' lang='lat' dir='ltr'><strong>quarto</strong></span> <span class='ocrx_word' id='word_1_727' title='bbox 2863 4642 2950 4699; x_wconf 90' lang='lat' dir='ltr'><strong>die</strong></span> <span class='ocrx_word' id='word_1_728' title='bbox 2976 4642 3178 4707; x_wconf 78' lang='lat' dir='ltr'><strong>Martii,</strong></span> <span class='ocrx_word' id='word_1_729' title='bbox 3226 4661 3257 4699; x_wconf 92' lang='lat' dir='ltr'><strong>e</strong></span> <span class='ocrx_word' id='word_1_730' title='bbox 3291 4646 3397 4701; x_wconf 72' lang='lat' dir='ltr'><strong>rita</strong></span> <span class='ocrx_word' id='word_1_731' title='bbox 3437 4649 3605 4703; x_wconf 88' lang='lat' dir='ltr'><strong>cessit</strong></span> 
     </span>
    </p>
   </div>
   <div class='ocr_carea' id='block_1_105' title="bbox 2034 4732 3598 4807">
    <p class='ocr_par' dir='ltr' id='par_1_105' title="bbox 2034 4732 3598 4807">
     <span class='ocr_line' id='line_1_105' title="bbox 2034 4732 3598 4807; baseline 0.005 -22"><span class='ocrx_word' id='word_1_732' title='bbox 2034 4732 2384 4787; x_wconf 83' lang='lat' dir='ltr'><strong>Andronicus</strong></span> <span class='ocrx_word' id='word_1_733' title='bbox 2408 4733 2655 4803; x_wconf 89' lang='lat' dir='ltr'><strong>despota,</strong></span> <span class='ocrx_word' id='word_1_734' title='bbox 2681 4735 2773 4804; x_wconf 87' lang='lat' dir='ltr'><strong>qui</strong></span> <span class='ocrx_word' id='word_1_735' title='bbox 2809 4750 2904 4802; x_wconf 87' lang='lat' dir='ltr'><strong>per</strong></span> <span class='ocrx_word' id='word_1_736' title='bbox 2936 4735 3181 4789; x_wconf 89' lang='lat' dir='ltr'><strong>divinum</strong></span> <span class='ocrx_word' id='word_1_737' title='bbox 3213 4748 3265 4791; x_wconf 88' lang='lat' dir='ltr'><strong>et</strong></span> <span class='ocrx_word' id='word_1_738' title='bbox 3297 4739 3598 4807; x_wconf 78' lang='lat' dir='ltr'><strong>angelicum</strong></span> 
     </span>
    </p>
   </div>
   <div class='ocr_carea' id='block_1_106' title="bbox 2037 4822 3603 4896">
    <p class='ocr_par' dir='ltr' id='par_1_106' title="bbox 2037 4822 3603 4896">
     <span class='ocr_line' id='line_1_106' title="bbox 2037 4822 3603 4896; baseline 0.004 -20"><span class='ocrx_word' id='word_1_739' title='bbox 2037 4822 2282 4876; x_wconf 90' lang='lat' dir='ltr'><strong>habitttm</strong></span> <span class='ocrx_word' id='word_1_740' title='bbox 2333 4824 2511 4880; x_wconf 87' lang='lat' dir='ltr'><strong>dictus</strong></span> <span class='ocrx_word' id='word_1_741' title='bbox 2547 4833 2629 4879; x_wconf 89' lang='lat' dir='ltr'><strong>est</strong></span> <span class='ocrx_word' id='word_1_742' title='bbox 2674 4826 2928 4882; x_wconf 81' lang='lat' dir='ltr'><strong>Aeacius.</strong></span> <span class='ocrx_word' id='word_1_743' title='bbox 2984 4825 3243 4896; x_wconf 87' lang='lat' dir='ltr'><strong>Sepultus</strong></span> <span class='ocrx_word' id='word_1_744' title='bbox 3273 4839 3355 4881; x_wconf 89' lang='lat' dir='ltr'><strong>est</strong></span> <span class='ocrx_word' id='word_1_745' title='bbox 3402 4830 3452 4882; x_wconf 91' lang='lat' dir='ltr'><strong>in</strong></span> <span class='ocrx_word' id='word_1_746' title='bbox 3487 4845 3603 4883; x_wconf 88' lang='lat' dir='ltr'><strong>mo-</strong></span> 
     </span>
    </p>
   </div>
   <div class='ocr_carea' id='block_1_107' title="bbox 2040 4913 3603 4986">
    <p class='ocr_par' dir='ltr' id='par_1_107' title="bbox 2040 4913 3603 4986">
     <span class='ocr_line' id='line_1_107' title="bbox 2040 4913 3603 4986; baseline 0.007 -21"><span class='ocrx_word' id='word_1_747' title='bbox 2040 4913 2282 4967; x_wconf 88' lang='lat' dir='ltr'><strong>nasterio</strong></span> <span class='ocrx_word' id='word_1_748' title='bbox 2305 4914 2729 4982; x_wconf 85' lang='lat' dir='ltr'><strong>Pantocratoris,</strong></span> <span class='ocrx_word' id='word_1_749' title='bbox 2754 4918 2844 4971; x_wconf 89' lang='lat' dir='ltr'><strong>ubi</strong></span> <span class='ocrx_word' id='word_1_750' title='bbox 2871 4918 3122 4986; x_wconf 74' lang='lat' dir='ltr'><strong>degebat.</strong></span> <span class='ocrx_word' id='word_1_751' title='bbox 3150 4917 3283 4972; x_wconf 89' lang='lat' dir='ltr'><strong>Cum</strong></span> <span class='ocrx_word' id='word_1_752' title='bbox 3309 4921 3447 4974; x_wconf 83' lang='lat' dir='ltr'><strong>clam</strong></span> <span class='ocrx_word' id='word_1_753' title='bbox 3473 4937 3603 4976; x_wconf 75' lang='lat' dir='ltr'><strong>con-</strong></span> 
     </span>
    </p>
   </div>
   <div class='ocr_carea' id='block_1_108' title="bbox 2040 5000 3601 5082">
    <p class='ocr_par' dir='ltr' id='par_1_108' title="bbox 2040 5000 3601 5082">
     <span class='ocr_line' id='line_1_108' title="bbox 2040 5000 3601 5082; baseline 0.008 -27"><span class='ocrx_word' id='word_1_754' title='bbox 2040 5003 2291 5057; x_wconf 86' lang='lat' dir='ltr'><strong>stitutum</strong></span> <span class='ocrx_word' id='word_1_755' title='bbox 2322 5015 2468 5059; x_wconf 86' lang='lat' dir='ltr'><strong>esset</strong></span> <span class='ocrx_word' id='word_1_756' title='bbox 2497 5022 2525 5058; x_wconf 88' lang='lat' dir='ltr'><strong>a</strong></span> <span class='ocrx_word' id='word_1_757' title='bbox 2552 5007 2913 5063; x_wconf 89' lang='lat' dir='ltr'><strong>Constantino</strong></span> <span class='ocrx_word' id='word_1_758' title='bbox 2937 5009 3183 5078; x_wconf 89' lang='lat' dir='ltr'><strong>despota,</strong></span> <span class='ocrx_word' id='word_1_759' title='bbox 3210 5000 3431 5065; x_wconf 89' lang='lat' dir='ltr'><strong>domino</strong></span> <span class='ocrx_word' id='word_1_760' title='bbox 3452 5029 3601 5082; x_wconf 80' lang='lat' dir='ltr'><strong>meo,</strong></span> 
     </span>
    </p>
   </div>
   <div class='ocr_carea' id='block_1_109' title="bbox 2043 5091 3604 5168">
    <p class='ocr_par' dir='ltr' id='par_1_109' title="bbox 2043 5091 3604 5168">
     <span class='ocr_line' id='line_1_109' title="bbox 2043 5091 3604 5168; baseline 0.006 -22"><span class='ocrx_word' id='word_1_761' title='bbox 2043 5103 2099 5146; x_wconf 88' lang='grc' dir='ltr'><strong>ιιι</strong></span> <span class='ocrx_word' id='word_1_762' title='bbox 2149 5091 2338 5149; x_wconf 87' lang='lat' dir='ltr'><strong>Patras</strong></span> <span class='ocrx_word' id='word_1_763' title='bbox 2390 5096 2901 5163; x_wconf 88' lang='lat' dir='ltr'><strong>proficisceremur,</strong></span> <span class='ocrx_word' id='word_1_764' title='bbox 2966 5108 3021 5151; x_wconf 89' lang='lat' dir='ltr'><strong>et</strong></span> <span class='ocrx_word' id='word_1_765' title='bbox 3083 5098 3129 5152; x_wconf 90' lang='lat' dir='ltr'><strong>si</strong></span> <span class='ocrx_word' id='word_1_766' title='bbox 3191 5101 3496 5168; x_wconf 86' lang='lat' dir='ltr'><strong>potiremur</strong></span> <span class='ocrx_word' id='word_1_767' title='bbox 3538 5121 3604 5158; x_wconf 80' lang='lat' dir='ltr'><strong>eo</strong></span> 
     </span>
    </p>
   </div>
   <div class='ocr_carea' id='block_1_110' title="bbox 2044 5183 3607 5260">
    <p class='ocr_par' dir='ltr' id='par_1_110' title="bbox 2044 5183 3607 5260">
     <span class='ocr_line' id='line_1_110' title="bbox 2044 5183 3607 5260; baseline 0.008 -25"><span class='ocrx_word' id='word_1_768' title='bbox 2044 5183 2184 5247; x_wconf 91' lang='lat' dir='ltr'><strong>loco,</strong></span> <span class='ocrx_word' id='word_1_769' title='bbox 2228 5186 2279 5237; x_wconf 92' lang='lat' dir='ltr'><strong>in</strong></span> <span class='ocrx_word' id='word_1_770' title='bbox 2326 5184 2701 5254; x_wconf 84' lang='lat' dir='ltr'><strong>Peloponneso</strong></span> <span class='ocrx_word' id='word_1_771' title='bbox 2732 5202 3096 5252; x_wconf 90' lang='lat' dir='ltr'><strong>maneremus,</strong></span> <span class='ocrx_word' id='word_1_772' title='bbox 3133 5198 3186 5243; x_wconf 85' lang='lat' dir='ltr'><strong>et</strong></span> <span class='ocrx_word' id='word_1_773' title='bbox 3232 5189 3406 5256; x_wconf 90' lang='lat' dir='ltr'><strong>locus,</strong></span> <span class='ocrx_word' id='word_1_774' title='bbox 3444 5207 3607 5260; x_wconf 83' lang='lat' dir='ltr'><strong>quem</strong></span> 
     </span>
    </p>
   </div>
   <div class='ocr_carea' id='block_1_111' title="bbox 2046 5276 3606 5352">
    <p class='ocr_par' dir='ltr' id='par_1_111' title="bbox 2046 5276 3606 5352">
     <span class='ocr_line' id='line_1_111' title="bbox 2046 5276 3606 5352; baseline 0.006 -23"><span class='ocrx_word' id='word_1_775' title='bbox 2046 5276 2281 5330; x_wconf 84' lang='lat' dir='ltr'><strong>habebat</strong></span> <span class='ocrx_word' id='word_1_776' title='bbox 2324 5277 2390 5330; x_wconf 85' lang='lat' dir='ltr'><strong>ad</strong></span> <span class='ocrx_word' id='word_1_777' title='bbox 2438 5292 2589 5332; x_wconf 88' lang='lat' dir='ltr'><strong>mare</strong></span> <span class='ocrx_word' id='word_1_778' title='bbox 2634 5277 2878 5349; x_wconf 77' lang='lat' dir='ltr'><strong>Nigrum,</strong></span> <span class='ocrx_word' id='word_1_779' title='bbox 2940 5282 3248 5336; x_wconf 88' lang='lat' dir='ltr'><strong>traderetur</strong></span> <span class='ocrx_word' id='word_1_780' title='bbox 3294 5282 3606 5352; x_wconf 87' lang='lat' dir='ltr'><strong>imperatori</strong></span> 
     </span>
    </p>
   </div>
   <div class='ocr_carea' id='block_1_112' title="bbox 2049 5367 3611 5442">
    <p class='ocr_par' dir='ltr' id='par_1_112' title="bbox 2049 5367 3611 5442">
     <span class='ocr_line' id='line_1_112' title="bbox 2049 5367 3611 5442; baseline 0.005 -24"><span class='ocrx_word' id='word_1_781' title='bbox 2049 5367 2199 5422; x_wconf 79' lang='lat' dir='ltr'><strong>fratri</strong></span> <span class='ocrx_word' id='word_1_782' title='bbox 2231 5384 2372 5423; x_wconf 89' lang='lat' dir='ltr'><strong>suo:</strong></span> <span class='ocrx_word' id='word_1_783' title='bbox 2421 5370 2503 5423; x_wconf 88' lang='lat' dir='ltr'><strong>sin</strong></span> <span class='ocrx_word' id='word_1_784' title='bbox 2544 5386 2647 5423; x_wconf 88' lang='lat' dir='ltr'><strong>non</strong></span> <span class='ocrx_word' id='word_1_785' title='bbox 2681 5372 3008 5439; x_wconf 91' lang='lat' dir='ltr'><strong>potiremur,</strong></span> <span class='ocrx_word' id='word_1_786' title='bbox 3054 5374 3328 5429; x_wconf 88' lang='lat' dir='ltr'><strong>abiremus</strong></span> <span class='ocrx_word' id='word_1_787' title='bbox 3375 5373 3611 5442; x_wconf 89' lang='lat' dir='ltr'><strong>Cpolim,</strong></span> 
     </span>
    </p>
   </div>
   <div class='ocr_carea' id='block_1_113' title="bbox 2048 5454 3611 5543">
    <p class='ocr_par' dir='ltr' id='par_1_113' title="bbox 2048 5454 3611 5543">
     <span class='ocr_line' id='line_1_113' title="bbox 2048 5454 3611 5543; baseline 0.003 -32"><span class='ocrx_word' id='word_1_788' title='bbox 2048 5458 2165 5528; x_wconf 88' lang='lat' dir='ltr'><strong>ipse</strong></span> <span class='ocrx_word' id='word_1_789' title='bbox 2210 5460 2262 5513; x_wconf 90' lang='lat' dir='ltr'><strong>in</strong></span> <span class='ocrx_word' id='word_1_790' title='bbox 2297 5454 2670 5529; x_wconf 80' lang='lat' dir='ltr'><strong>Peloponneso</strong></span> <span class='ocrx_word' id='word_1_791' title='bbox 2719 5472 2922 5527; x_wconf 84' lang='lat' dir='ltr'><strong>castra,</strong></span> <span class='ocrx_word' id='word_1_792' title='bbox 2969 5478 3090 5530; x_wconf 77' lang='lat' dir='ltr'><strong>qua:</strong></span> <span class='ocrx_word' id='word_1_793' title='bbox 3136 5465 3260 5517; x_wconf 89' lang='lat' dir='ltr'><strong>dote</strong></span> <span class='ocrx_word' id='word_1_794' title='bbox 3305 5472 3611 5543; x_wconf 80' lang='lat' dir='ltr'><strong>acceperat,</strong></span> 
     </span>
    </p>
   </div>
   <div class='ocr_carea' id='block_1_114' title="bbox 2049 5551 3615 5622">
    <p class='ocr_par' dir='ltr' id='par_1_114' title="bbox 2049 5551 3615 5622">
     <span class='ocr_line' id='line_1_114' title="bbox 2049 5551 3615 5622; baseline 0.003 -18"><span class='ocrx_word' id='word_1_795' title='bbox 2049 5567 2276 5622; x_wconf 59' lang='lat' dir='ltr'><strong>quaque</strong></span> <span class='ocrx_word' id='word_1_796' title='bbox 2314 5552 2378 5606; x_wconf 83' lang='lat' dir='ltr'><strong>ad</strong></span> <span class='ocrx_word' id='word_1_797' title='bbox 2426 5564 2650 5622; x_wconf 89' lang='lat' dir='ltr'><strong>pontum</strong></span> <span class='ocrx_word' id='word_1_798' title='bbox 2698 5551 2978 5608; x_wconf 79' lang='lat' dir='ltr'><strong>Euxinum</strong></span> <span class='ocrx_word' id='word_1_799' title='bbox 3017 5562 3195 5617; x_wconf 86' lang='lat' dir='ltr'><strong>erant,</strong></span> <span class='ocrx_word' id='word_1_800' title='bbox 3248 5552 3528 5618; x_wconf 88' lang='lat' dir='ltr'><strong>retineret,</strong></span> <span class='ocrx_word' id='word_1_801' title='bbox 3583 5569 3615 5608; x_wconf 86' lang='lat' dir='ltr'><strong>a</strong></span> 
     </span>
    </p>
   </div>
   <div class='ocr_carea' id='block_1_115' title="bbox 2050 5639 3617 5705">
    <p class='ocr_par' dir='ltr' id='par_1_115' title="bbox 2050 5639 3617 5705">
     <span class='ocr_line' id='line_1_115' title="bbox 2050 5639 3617 5705; baseline 0.001 -13"><span class='ocrx_word' id='word_1_802' title='bbox 2050 5639 2218 5695; x_wconf 77' lang='lat' dir='ltr'><strong>fratre</strong></span> <span class='ocrx_word' id='word_1_803' title='bbox 2243 5651 2426 5694; x_wconf 87' lang='lat' dir='ltr'><strong>autem</strong></span> <span class='ocrx_word' id='word_1_804' title='bbox 2463 5640 2752 5695; x_wconf 81' lang='lat' dir='ltr'><strong>Theodoro</strong></span> <span class='ocrx_word' id='word_1_805' title='bbox 2784 5643 2885 5696; x_wconf 92' lang='lat' dir='ltr'><strong>sibi</strong></span> <span class='ocrx_word' id='word_1_806' title='bbox 2917 5642 3137 5705; x_wconf 88' lang='lat' dir='ltr'><strong>donata,</strong></span> <span class='ocrx_word' id='word_1_807' title='bbox 3164 5649 3220 5694; x_wconf 91' lang='lat' dir='ltr'><strong>et</strong></span> <span class='ocrx_word' id='word_1_808' title='bbox 3249 5654 3369 5705; x_wconf 76' lang='lat' dir='ltr'><strong>qua:</strong></span> <span class='ocrx_word' id='word_1_809' title='bbox 3400 5640 3617 5698; x_wconf 85' lang='lat' dir='ltr'><strong>nomine</strong></span> 
     </span>
    </p>
   </div>
   <div class='ocr_carea' id='block_1_116' title="bbox 2051 5728 3621 5801">
    <p class='ocr_par' dir='ltr' id='par_1_116' title="bbox 2051 5728 3621 5801">
     <span class='ocr_line' id='line_1_116' title="bbox 2051 5728 3621 5801; baseline -0.008 -15"><span class='ocrx_word' id='word_1_810' title='bbox 2051 5734 2232 5789; x_wconf 64' lang='lat' dir='ltr'><strong>tutclw</strong></span> <span class='ocrx_word' id='word_1_811' title='bbox 2266 5731 2553 5801; x_wconf 69' lang='lat' dir='ltr'><strong>Nicephori</strong></span> <span class='ocrx_word' id='word_1_812' title='bbox 2580 5728 2851 5787; x_wconf 77' lang='lat' dir='ltr'><strong>Melisscni</strong></span> <span class='ocrx_word' id='word_1_813' title='bbox 2884 5729 3426 5796; x_wconf 85' lang='lat' dir='ltr'><strong>administrabantur,</strong></span> <span class='ocrx_word' id='word_1_814' title='bbox 3451 5731 3515 5789; x_wconf 80' lang='lat' dir='ltr'><strong>ad</strong></span> <span class='ocrx_word' id='word_1_815' title='bbox 3537 5732 3621 5788; x_wconf 75' lang='lat' dir='ltr'><strong>si-</strong></span> 
     </span>
    </p>
   </div>
   <div class='ocr_carea' id='block_1_117' title="bbox 3230 5819 3305 5880">
    <p class='ocr_par' dir='ltr' id='par_1_117' title="bbox 3230 5819 3305 5880">
     <span class='ocr_line' id='line_1_117' title="bbox 3230 5819 3305 5880; baseline 0 0"><span class='ocrx_word' id='word_1_816' title='bbox 3230 5819 3305 5880; x_wconf 70' lang='lat' dir='ltr'><strong>2&#39;s</strong></span> 
     </span>
    </p>
   </div>
  </div>
