4096 6300
493 381 598 442 74⁸1

1733 375 1990 433 GEORG
2009 375 2058 430 ιι
2110 373 2537 434 ΡΙΙΒΛΝΤΖίΕ

3635 366 3743 427 743

494 499 754 562 Εὖξείνου
790 499 984 550 πόντου
1013 497 1132 566 ἦτοι
1166 493 1263 560 τῆς
1297 492 1516 562 μαῦρης
1569 490 1868 559 Θαλάσσης,
1902 489 1968 542 τά
2003 487 2058 540 δὲ
2090 494 2137 551 Α
2166 489 2361 556 ἔδειξε.
2395 489 2563 551 Τέλος
2593 488 2910 559 ἐστήσαμεν
2939 489 3026 543 ἵνα
3074 487 3164 543 διὰ
3195 488 3390 548 νυκτὸς
3421 485 3738 556 βαδίσαντες

492 593 712 644 Coos/1a
744 589 894 657 παρά
945 586 1037 638 τοῦ
1071 586 1334 638 δεσπότου
1363 586 1469 652 κὺρ
1531 575 1810 651 Θεοδώρου
1845 582 2058 650 κάστρα

493 685 589 736 καὶ
646 681 822 735 πάντα
885 679 951 730 τά
1002 677 1101 746 τῆς
1155 676 1526 746 ἐπιτροπικῆς
1579 674 1673 727 τοῦ
1713 669 2058 740 Μελισσηνοῦ

493 775 815 842 Νικηξόρου
854 773 910 824 ἐν
939 770 1015 841 τῷ
1053 768 1431 839 Μεσσηνιακῷ
1464 767 1652 838 κόλπῳ
1701 766 1863 819 πάλιν
1892 764 2060 816 600G)-

494 881 599 928 σιν,
633 865 764 916 ὅπου
803 861 850 915 δ’
880 861 946 914 ἂν
980 862 1007 913 6
1058 860 1316 928 βασιλεὺς
1377 859 1655 930 διακρίνῃ,
1716 854 2060 927 παρηκολού-

492 957 624 1026 θησε
659 956 754 1008 καὶ
787 952 966 1018 τοῦτο,
998 954 1138 1023 ὅπερ
1166 947 1234 1021 ἦν
1255 951 1362 1004 ἀπὸ
1401 954 1602 1021 μέρους
1625 948 1788 1002 αὑτοῦ
1829 947 2061 1018 βεϐαίω-

498 1067 582 1110 σις
612 1046 936 1116 ἀποκρύφου
967 1044 1220 1113 μελέτης.
1279 1044 1629 1112 Διερχόμενοι
1675 1041 1774 1111 τὴν
1802 1039 1920 1092 ὁδὸν
1957 1039 2061 1107 τῆς

493 1144 722 1212 Πάτρας
747 1146 810 1194 ἐκ
838 1141 1159 1208 Βοστίτζης,
1193 1139 1281 1192 ἵνα
1325 1140 1404 1201 εἰς
1459 1136 1556 1206 τὴν
1591 1134 1935 1204 Γλαρέντζαν
1966 1131 2059 1184 καὶ

491 1238 552 1287 16
579 1234 952 1302 Χλομούτζιον
982 1231 1334 1298 ἀπέλθωμεν,
1381 1228 1509 1280 ἔνθα
1556 1227 1650 1278 καὶ
1683 1227 1714 1294 ἡ
1769 1223 2060 1303 βασίλισσα

489 1323 581 1398 ἦν,
618 1323 837 1387 σταλείς
890 1327 918 1376 6
995 1322 1338 1392 Ἀνδρόνικος
1402 1319 1683 1384 Λάσκαρις
1723 1322 1750 1370 6
1787 1316 2058 1383 Παδιάτης

494 1421 632 1488 πρὶς
660 1420 786 1480 τοὺς
822 1419 878 1468 ἐν
909 1419 975 1485 τῇ
1026 1415 1214 1483 Πάτρᾳ
1243 1414 1509 1480 ἄρχοντας
1543 1410 1671 1478 περί
1725 1425 1887 1460 τινων
1923 1409 2059 1459 ὑπο-

492 1512 694 1562 θέσεων
732 1511 959 1560 κάκεῖσε
1001 1503 1365 1574 προσμείνας.
1397 1503 1695 1570 συνέτυχον
1718 1499 1868 1567 αὑτῷ
1915 1497 2059 1560 ἰδίως

489 1603 582 1653 καὶ
612 1602 811 1667 ἐξόχως
843 1600 1010 1664 ἱερεῖς
1043 1613 1103 1648 τε
1141 1596 1232 1646 καὶ
1266 1593 1446 1646 λαῖκοῖ
1477 1593 1604 1662 περὶ
1637 1591 1752 1654 τοῦ,
1795 1590 1842 1642 εἰ
1885 1593 1910 1642 6
1951 1589 2056 1641 αὖ·

491 1691 689 1754 θ’ἐντης
717 1687 883 1741 αὑτοῦ
929 1687 1095 1750 θέλει,
1124 1686 1280 1738 αὐτοὶ
1321 1684 1628 1754 εὐρὴσωσιν
1659 1684 1862 1752 τρόπον
1903 1681 1970 1732 δι’
1997 1673 2058 1731 οὗ

489 1779 788 1850 παραλάϐῃ
839 1777 1004 1840 αὐτὸς
1071 1777 1171 1846 τὴν
1218 1775 1466 1841 Πάτραν.
1519 1773 1801 1835 Ἐλθόντος
1865 1771 1922 1824 δὲ
1959 1769 2057 1822 τοῦ

386 1907 396 1910 -
490 1874 835 1942 Λασκάρεως
887 1872 984 1925 καὶ
1015 1871 1260 1933 εἰπόντος
1300 1869 1443 1940 μετά
1490 1866 1599 1920 τῶν
1629 1865 1808 1919 ἄλλων
1859 1867 1930 1918 τὰ
1955 1863 2064 1916 τῶν

490 1963 799 2033 Ῑίατρηνῶν
832 1962 1154 2031 ἀπόκρυφα,
1202 1959 1548 2030 ἀπεπέμφθη
1583 1959 1660 2020 ὡς
1695 1957 1936 2012 ἀδύνατα
1969 1956 2064 2009 καὶ

489 2060 727 2128 περισσά
757 2056 791 2110 ἂ
823 2056 1025 2127 ἤκουσε
1065 2056 1160 2107 καὶ
1189 2053 1364 2121 ἔλεγε.
1409 2047 1774 2130 Ἐστάληρῦν
1831 2047 1913 2110 εἰς
1968 2064 2060 2100 κε-

440 2136 467 2173 ”
493 2151 670 2220 φαλὴν
699 2151 801 2215 τῆς
842 2147 1078 2214 Ἰθώμης
1103 2145 1198 2197 καὶ
1227 2143 1559 2212 Ἀνδρούσης
1582 2143 1610 2194 6
1644 2141 1807 2203 αὐτὸς
1844 2140 2066 2193 Λάσκα-

497 2261 602 2314 ρις,
639 2246 718 2295 ἔτι
743 2241 799 2294 δὲ
833 2243 927 2293 καὶ
957 2242 1005 2292 οἰ
1033 2239 1182 2293 ἄλλοι
1237 2237 1501 2306 ἄρχοντες
1543 2237 1591 2287 οἰ
1643 2237 1722 2295 εἰς
1778 2235 1846 2284 τά
1885 2234 2064 2285 ἐκεῖσε

493 2330 706 2396 κάστρα
729 2326 1036 2394 κεφαλάδες
1061 2342 1074 2357 ο
1110 2325 1248 2378 ἀλλά
1268 2327 1331 2394 δὴ
1367 2326 1459 2376 καὶ
1488 2325 1515 2376 6
1553 2323 1769 2394 πρῶτος
1799 2322 1907 2374 τῶν
1962 2324 2064 2390 ἀρ·

494 2423 700 2490 χόντων
733 2419 828 2470 10-3
855 2419 1008 2470 οῐκου
1039 2415 1204 2470 αὐτοῦ
1233 2420 1258 2469 ὁ
1293 2417 1577 2483 Λάσκαρις
1644 2415 1886 2477 ’Δλέξιος
1921 2415 2063 2467 ἐλεί-

497 2511 605 2580 φθη
646 2512 724 2572 εἰς
771 2506 1139 2577 κεφαλάτικον
1175 2505 1276 2574 τῆς
1307 2504 1608 2572 Βοστίτζης
1649 2505 1745 2557 καὶ
1777 2505 2068 2572 ἐπανέμει-

493 2621 584 2656 νεν
626 2603 826 2654 ἐκεῖσε.
859 2599 1224 2667 Διερχόμενος
1259 2593 1375 2662 οὖν,
1416 2597 1490 2660 ὡς
1519 2597 1822 2666 δεδήλωκα,
1877 2597 1902 2646 6
1935 2595 2065 2663 ὲμδς

493 2691 876 2755 δεσπότηςκαὶ
916 2687 1185 2755 αὐθέντης
1240 2688 1355 2756 μετ’
1387 2685 1523 2755 ἐμοῦ
1559 2688 1723 2754 μόνου
1783 2685 2069 2754 ἐνεργοῦν-

494 2797 584 2841 τος
616 2780 675 2831 16
702 2780 952 2848 περὶτῆς
987 2769 1145 2847 136
1178 2778 1420 2846 Πάτρας,
1446 2776 1832 2844 εὑρισκόμενοι
1869 2777 1948 2838 εἰς
1968 2774 2066 2840 τὴν

495 2870 839 2938 Γλαρέντζαν
891 2869 1216 2938 ἐγράψαμεν
1268 2868 1533 2928 πολλάκις
1584 2869 1720 2928 πρὸς
1777 2867 1903 2928 τοὺς
1969 2862 2068 2934 τῆς

496 2964 745 3032 Πάτρας,
781 2960 1068 3021 σταλέντος
1100 2961 1218 3011 ἐκεῖ
1246 2959 1339 3010 τοῦ
1386 2959 1670 3017 Πεδιάτου,
1705 2957 1740 3010 ἀ
1774 2957 2068 3025 συνέτυχον

498 3057 614 3108 ἐκεῖ
640 3055 893 3122 λέγοντες
933 3051 1117 3110 αὐτοῖς
1170 3050 1266 3102 καὶ
1291 3051 1420 3117 περὶ
1471 3045 1543 3102 ὢν
1596 3047 1795 3113 ἔταξαν
1845 3049 1922 3118 τῷ
1972 3051 2073 3099 Πε-

499 3147 681 3216 διάτῃ.
713 3147 774 3196 Oi
797 3141 854 3196 δὲ
880 3141 1233 3209 ἀντέγραψαν
1271 3141 1406 3209 πρὸς
1435 3142 1582 3211 ἡμᾶς
1617 3141 1900 3202 πολλάκις.
1924 3141 2072 3208 Πλὴν
2100 3178 2142 3234 c

503 3239 785 3308 ἐκρίνοντο
821 3227 952 3304 παρ’
1004 3233 1162 3303 ἡμῶν
1215 3233 1478 3294 ἀδύνατα,
1531 3232 1606 3294 ὡς
1664 3232 1758 3285 καὶ
1807 3234 1835 3284 6
1880 3231 2072 3300 καιρὸς

504 3429 632 3470 num
659 3412 1050 3468 Messeniacum
1075 3411 1205 3472 sita,
1232 3413 1650 3464 restituerentur
1670 3411 1876 3472 omnia,
1903 3427 2073 3478 quan-

503 3507 573 3561 do
601 3505 918 3574 imperatori
951 3502 1228 3557 videretur
1258 3517 1270 3554 :
1306 3512 1490 3556 secuta
1535 3502 1696 3555 etiam
1735 3512 1881 3564 sunt,
1925 3515 2069 3569 qum,

501 3608 766 3670 Quantum
811 3599 862 3652 in
900 3599 1014 3665 ipso
1064 3604 1230 3659 esset,
1289 3609 1400 3646 rem
1455 3593 1792 3647 clandestino
1841 3593 2072 3646 consilio

503 3696 645 3747 inter
689 3705 788 3744 nos
821 3691 1078 3758 agitatam
1131 3687 1198 3741 ad
1244 3688 1454 3740 exitum
1505 3687 1884 3755 perducerent.
1937 3685 2068 3739 Nam

502 3798 625 3838 cum
660 3781 871 3835 Bostiza
908 3776 1096 3833 Patras
1161 3779 1540 3841 transiremus,
1587 3787 1645 3830 ut
1707 3778 2073 3846 proficiscere-

505 3887 626 3929 mur
647 3871 991 3927 Glarentzam
1023 3877 1075 3924 et
1100 3869 1527 3933 Chlomutziutn,
1562 3865 1656 3923 ubi
1683 3869 1848 3922 etiam
1883 3871 2066 3934 regina

502 3973 643 4031 erat,
669 3963 1016 4018 Andronicus
1046 3961 1298 4015 Lascaris
1331 3955 1580 4014 Pediates
1611 3959 1832 4014 interim
1866 3961 2072 4016 arbiter

503 4053 568 4110 ad
601 4055 950 4123 magistratus
974 4053 1264 4107 Patrenses
1295 4067 1460 4120 super
1480 4053 1805 4121 quibusdam
1839 4052 2073 4122 negotiis

503 4148 706 4201 missus
731 4158 809 4200 est
842 4161 856 4198 :
890 4145 1130 4214 quicum
1160 4144 1357 4199 ibidem
1390 4143 1706 4214 aliquandiu
1743 4155 2068 4210 moraretur,

503 4247 875 4294 convenerunt
903 4249 1026 4292 eum
1060 4241 1170 4290 tum
1207 4241 1423 4305 prlvato
1454 4245 1566 4291 tum
1599 4238 1818 4303 publico
1843 4229 2070 4290 consilio

503 4331 817 4384 sacerdotes
856 4339 910 4381 et
958 4325 1106 4393 laici,
1159 4330 1661 4396 promiseruntque,
1717 4327 1760 4380 si
1812 4325 2070 4378 dominus

503 4424 621 4492 ejus
649 4421 830 4485 vellet,
862 4437 921 4474 se
975 4419 1194 4473 modum
1231 4434 1296 4470 ac
1330 4419 1468 4470 viam
1505 4421 1844 4477 inventuros,
1882 4431 1984 4482 qua
2023 4416 2068 4467 is

2170 582 2491 654 εὑρεθῶμεν
2538 585 2619 644 εἰς
2657 583 2824 635 τόπον
2852 583 3083 650 πλησίον
3115 582 3224 635 τῶν
3249 581 3414 651 ὁρίων
3471 580 3579 632 τῶν
3629 579 3735 630 Πα-

2169 675 2388 744 τρηνῶν
2413 675 2780 744 ἀμπελώνων,
2811 675 3152 743 καλούμενον
3190 675 3269 736 είς
3319 673 3418 734 τὰς
3446 674 3596 740 τρεῖς
3643 673 3738 721 ἐκ·

2169 767 2424 834 κλησίας,
2453 765 2509 819 αϊ
2541 767 2840 820 παλαιόθεν
2862 763 3024 838 ἦσαν·
3051 769 3230 819 ἐκεῖσε
3253 766 3311 818 δὲ
3347 763 3614 835 εὑρεθῶσι
3641 767 3737 815 καὶ

2168 859 2553 927 οἰᾶνθρωποι,
2614 859 2707 912 καὶ
2764 858 3051 928 δηλώσωσι
3106 857 3483 917 πλατύναντες
3523 855 3589 909 τά
3645 854 3737 907 διὰ

2168 953 2412 1024 γραφῆς,
2441 955 2536 1008 καὶ
2569 955 2617 1006 εἰ
2651 954 2752 1024 μὲν
2782 949 2924 1024 ἦσαν
2954 953 3177 1016 δυνατὰ,
3211 951 3572 1022 ὲνεργηθῶσι,
3621 949 3668 1001 εἰ
3689 949 3737 1000 δ’

2169 1046 2256 1110 οὒ,
2295 1045 2628 1116 ἀπέλθωμεν
2681 1044 2935 1116 φανερῶς
2987 1045 3314 1098 ἀποκλεῖσαι
3369 1043 3429 1095 16
3479 1044 3733 1110 κάστρον,

2170 1141 2268 1193 καὶ
2298 1139 2374 1202 ὡς
2407 1140 2550 1210 φέρῃ
2589 1138 2648 1190 τὸ
2676 1139 2863 1208 φέρον.
2894 1139 3001 1190 Καὶ
3037 1137 3145 1189 ἰδοὺ
3197 1134 3520 1204 ἐγράψαμεν
3569 1150 3706 1202 προσ

2169 1231 2432 1300 τάγματα
2456 1231 2596 1302 πρὸς
2635 1231 2842 1290 πάντας
2871 1229 2998 1290 τοὺς
3022 1229 3078 1280 ὲν
3103 1229 3170 1298 τῇ
3203 1230 3433 1297 περιοχῇ
3463 1226 3559 1292 τῆς
3589 1225 3729 1278 Ἰθώ-

2174 1339 2281 1392 μης
2312 1321 2406 1374 καὶ
2455 1321 2783 1390 Ἀνδρούσης
2817 1320 2876 1372 ὲν
2921 1320 2998 1389 τῷ
3031 1317 3403 1387 Μεσσηνιακῷ
3434 1317 3621 1392 κόλπῳ
3645 1317 3742 1369 καὶ

2168 1411 2400 1463 τῶνέσω
2433 1411 2526 1463 καὶ
2559 1410 2662 1475 ἔξω
2699 1412 2901 1477 ζυγῶν,
2937 1411 3026 1464 ἵνα
3055 1413 3121 1482 τῇ
3145 1408 3339 1482 πρώτῃ
3369 1409 3465 1463 τοῦ
3496 1408 3740 1484 Μαρτίου

2172 1503 2340 1570 μτμίις
2375 1502 2468 1554 τοῦ
2507 1501 2674 1555 αὐτοῦ
2722 1501 2877 1564 ἔτους
2902 1498 3100 1554 Ξλθωσι
3131 1499 3272 1569 μετά
3303 1499 3484 1552 ὃπλων
3519 1496 3742 1552 καὶτῶν

2169 1592 2435 1645 πλειόνων
2468 1593 2774 1664 ἀνθρώπων
2811 1593 2912 1661 τῆς
2947 1589 3126 1663 ἀρχῆς
3189 1591 3307 1655 ἐνὸς
3360 1591 3589 1644 ἑκάστου
3643 1590 3743 1642 αὐ-

2169 1685 2300 1748 τῶν,
2334 1690 2425 1737 καὶ
2459 1685 2634 1747 οὕτως
2671 1683 2949 1747 τακτικῶς
3014 1682 3248 1737 διελθεῖν
3293 1685 3383 1736 τὸν
3432 1683 3596 1736 τόπον
3641 1681 3738 1734 τοῦ

2173 1777 2499 1844 πριγκίπου,
2563 1775 2657 1829 καί
2708 1773 2940 1844 δεχθῶσι
2992 1773 3085 1827 καὶ
3148 1775 3599 1845 συναπάντήσωσι
3650 1773 3742 1826 16v

2168 1869 2288 1920 νέον
2352 1866 2624 1935 αὐθέντην
2678 1866 3064 1936 εἰσερχόμενον
3119 1867 3178 1918 ἐν
3227 1866 3307 1938 τῷ
3377 1863 3742 1934 Μεσσηνιακῷ

2171 1959 2352 2026 κόλπῳ
2383 1958 2477 2010 καὶ
2498 1955 2704 2025 ζυγοῖς.
2764 1958 2999 2027 Ὁμοίως
3047 1956 3292 2028 ἐμηνύθη
3349 1959 3443 2011 καὶ
3477 1955 3554 2027 τῷ
3589 1959 3738 2011 Λασ-

2172 2054 2330 2118 κάρει
2364 2048 2589 2119 Ἀλεξίῳ
2617 2049 2694 2118 τῷ
2720 2050 2785 2102 ἐκ
2819 2049 3140 2120 Βοστίτζης.
3183 2048 3464 2112 Ἐλθὸντες
3509 2048 3600 2102 οὖν
3626 2051 3744 2101 ἔκι-

2172 2143 2417 2213 νήθημεν
2450 2140 2511 2195 οὐ
2536 2141 2624 2196 διά
2645 2143 2744 2214 τῆς
2775 2139 2900 2196 ὀδοῦ
2930 2146 3025 2211 τῆς
3057 2143 3194 2209 πρὸς
3231 2145 3326 2208 τὴν
3358 2139 3580 2208 Ἀσσον,
3603 2139 3740 2193 ἀλλά

2171 2233 2260 2284 διὰ
2297 2233 2396 2300 τῆς
2432 2233 2490 2299 ἐξ
2522 2232 2846 2301 εὐωνύμων·
3073 2232 3168 2285 καί
3199 2233 3402 2310 πάντες
3428 2231 3740 2302 ἐθαύμαζον

2172 2327 2422 2393 λέγοντες
2451 2323 2587 2396 πρὸς
2604 2323 2894 2394 ἀλλήλους,
2926 2321 3020 2377 καὶ
3042 2324 3414 2378 ἐπυνθάνοντο
3438 2324 3540 2376 ποῦ
3562 2326 3741 2392 ἀπήρ-

2171 2435 2346 2486 χοντο.
2390 2419 2529 2487 Περί
2556 2417 2612 2470 δὲ
2634 2418 2781 2487 ὥραν
2813 2419 3285 2487 ἀλεκτοροφωνίας
3339 2418 3575 2488 ἦλθομεν
3605 2419 3735 2486 περὶ

2169 2508 2263 2559 16v
2296 2501 2730 2577 συμφωνηθέντα
2765 2507 2956 2570 τόπον,
3019 2507 3149 2560 ἔνθα
3195 2507 3444 2578 εὕραμεν
3491 2505 3616 2568 τοὺς
3647 2508 3744 2558 ἀν-

2172 2597 2456 2669 θρώπους·
2487 2598 2582 2651 καὶ
2617 2599 2824 2661 ἰδόντες
2859 2600 3060 2660 αὐτοὺς
3116 2600 3436 2669 ἀπράκτους
3478 2593 3618 2650 εἶναι
3649 2599 3744 2648 καὶ

2169 2692 2430 2755 ἄπρακτα
2466 2690 2726 2758 λέγοντας
2784 2691 3195 2760 ἀπεπέμψαμεν
3249 2690 3468 2752 αὐτούς.
3522 2689 3742 2760 Πρωῖας

2171 2777 2266 2833 οὖν
2288 2781 2593 2849 γενομένης
2619 2781 3119 2849 συμϐουλευθέντες
3159 2782 3212 2834 τί
3246 2781 3355 2850 ἀρα
3384 2783 3741 2852 πραχθῇ.καὶ

2172 2871 2549 2940 διακρίναντες
2585 2870 2676 2922 ἵνα
2727 2871 2787 2922 16
2844 2871 3206 2940 στρατόπεδον
3269 2870 3454 2943 δράμῃ
3499 2872 3634 2941 πρὸς
3680 2872 3743 2922 16

2173 2961 2578 3030 αἰχμαλωτίσαι
2611 2963 2740 3022 τοὺς
2789 2959 2892 3028 ἔξω
2930 2964 3024 3032 τῆς
3089 2959 3300 3023 πόλεως
3330 2959 3613 3024 οἰκοῦντας
3647 2962 3740 3013 καὶ

2174 3054 2357 3104 πᾶσαν
2385 3055 2484 3118 τὴν
2517 3051 2623 3104 τῶν
2685 3051 2960 3121 Ἐὄραίων
3016 3052 3252 3122 οἴκησιν,
3307 3053 3382 3116 ὡς
3432 3053 3525 3106 οὖν
3570 3055 3738 3122 ἐφάνη

2177 3144 2486 3213 εὕπρακτον
2517 3143 2606 3196 διὰ
2644 3143 2845 3206 πολλάς
2885 3144 3089 3212 αἰτίας,
3141 3146 3251 3198 ἰδοὺ
3299 3147 3394 3199 καὶ
3441 3148 3490 3198 οἰ
3534 3147 3596 3198 ἐκ
3643 3147 3736 3199 τοῦ

2179 3239 2420 3309 κάστρου
2459 3237 2661 3310 ἰδόντες
2696 3237 2846 3308 ἡμᾶς
2877 3241 2972 3291 καὶ
3021 3237 3404 3310 ἀπορήσαντές
3438 3239 3490 3292 τί
3522 3240 3629 3308 ἄρα
3647 3239 3738 3292 καὶ

2174 3434 2283 3471 non
2316 3434 2525 3504 posse}
2558 3417 2608 3470 id
2633 3415 2774 3486 quod
2813 3430 3024 3487 tempus
3050 3421 3316 3488 probavit.
3341 3413 3567 3474 Tandem
3595 3436 3726 3474 con-

2175 3510 2471 3572 stituimus,
2503 3499 2568 3562 ut
2593 3519 2857 3562 nocturno
2894 3509 3092 3562 itinere
3126 3511 3176 3562 in
3213 3499 3385 3564 locum
3419 3511 3602 3563 ﬁnibus
3628 3511 3722 3562 Pa-

2178 3602 2439 3654 trensium
2480 3601 2784 3653 vinctorum
2845 3601 3082 3655 vicinum
3137 3618 3234 3655 nos
3282 3609 3664 3666 cont'errcmus,
3695 3617 3726 3654 a

2149 3693 2348 3776 ’tribus
2387 3693 2636 3746 ecclesiis
2685 3683 3072 3762 nuncupatum,
3112 3709 3232 3764 quae
3287 3709 3352 3749 ex
3404 3697 3559 3762 longo
3609 3697 3734 3749 inde

2179 3770 2420 3848 tenipo're
2447 3780 2519 3834 ibi
2551 3791 2706 3833 erant
2734 3797 2747 3830 :
2771 3781 2959 3834 eodem
2985 3782 3061 3834 illi
3092 3799 3150 3837 se
3177 3781 3513 3846 conferrem,
3545 3796 3596 3837 et
3622 3803 3738 3851 qua:

2176 3878 2546 3945 scripsissent,
2591 3875 2797 3944 plenius
2831 3895 3012 3930 coram
3059 3893 3389 3947 exponerent
3423 3901 3438 3946 ;
3481 3861 3642 3952 atque
3673 3899 3735 3936 ea

2177 3971 2219 4022 si
2245 3969 2461 4038 quidem
2483 3980 2664 4023 essent
2696 3969 2988 4040 ejusmodi,
3022 3980 3078 4024 ut
3103 3974 3216 4027 lieri
3245 3985 3486 4041 possent,
3514 3975 3732 4028 tierent:

2175 4061 2256 4114 sitt
2284 4062 2484 4124 miutts,
2521 4072 2708 4130 aperte
2737 4061 2804 4113 ad
2828 4058 3011 4131 Oppidi
3044 4064 3380 4117 obsidionem
3411 4069 3733 4136 aggredere--

2177 4168 2297 4205 mur
2327 4162 2380 4205 et
2409 4151 2846 4218 permitlcremus
2885 4168 2993 4204 rem
3027 4167 3267 4207 nostram
3302 4156 3548 4212 fortunae.
3608 4160 3734 4212 Item

2175 4243 2240 4296 ad
2271 4259 2460 4297 Omnes
2505 4244 2554 4296 in
2602 4244 2830 4297 circuitu
2872 4231 3109 4298 Ithomcs
3143 4258 3196 4300 et
3225 4249 3508 4316 Audrusze,
3549 4254 3614 4306 ad
3659 4255 3734 4306 si-

2177 4339 2301 4385 num
2339 4333 2727 4388 Messeniorum
2751 4345 2806 4389 et
2842 4336 2982 4390 intra
3019 4339 3102 4392 vel
3141 4349 3292 4392 extra
3327 4353 3561 4396 tractum
3589 4346 3734 4398 illum

2175 4421 2505 4486 habftantes,
2545 4424 2884 4492 scripsimus,
2925 4435 2976 4477 ιιι
3035 4427 3282 4484 calcndis
3333 4432 3551 4488 Martiis
3595 4436 3734 4503 ejus-

503 4525 562 4568 se
617 4514 671 4566 in
715 4512 1061 4581 possossioue
1112 4507 1264 4563 urbis
1315 4509 1628 4561 collocaret.
1666 4505 1770 4561 Ulli
1818 4503 2069 4558 Lascaris
2105 4527 2144 4578 ι)
2176 4517 2297 4566 dem
2337 4513 2464 4563 anui
2511 4527 2632 4565 cum
2674 4515 2865 4580 armis,
2909 4533 3182 4588 manuque
3216 4521 3435 4576 militari
3484 4543 3588 4578 non
3622 4529 3736 4579 cxi-

504 4624 628 4662 cum
666 4608 898 4675 reliqua,
932 4615 1045 4658 tum
1078 4613 1286 4658 secreta
1329 4601 1442 4654 luce
1473 4600 1810 4653 Patrensium
1845 4598 2068 4651 consilia

505 4699 858 4760 renuntiavit,
887 4697 1084 4764 reiecta
1115 4703 1262 4754 sunt,
1295 4707 1414 4761 qute
1447 4692 1691 4744 mulier-at
1723 4689 2066 4756 dicebatque,

504 4799 560 4842 ut
597 4804 827 4858 quameo
851 4789 968 4842 ﬁeri
998 4797 1287 4856 possentet
1310 4768 1936 4850 eSseu'tsupervacanea.
1963 4782 2069 4832 Ita-

504 4893 612 4950 que
643 4884 693 4934 iu
726 4879 1101 4951 pra-iecturan‘t
1139 4877 1373 4930 Ithome!
1401 4883 1455 4928 et
1486 4873 1748 4927 Audi‘usze
1774 4869 1912 4927 idem
1943 4875 2068 4926 mis-

504 4983 598 5027 sus
627 4983 734 5034 est,
772 4982 826 5026 et
857 4971 948 5024 alii
981 4977 1239 5033 praeterea
1271 4966 1375 5018 viri
1411 4968 1610 5019 casuis
1643 4963 1866 5019 istarum
1897 4963 2071 5033 regio-

506 5083 633 5121 num
668 5063 928 5134 prmlecti.
967 5061 1110 5126 Quin
1146 5059 1308 5113 etiam
1364 5059 1583 5113 Alexius
1615 5057 1883 5121 Lascaris,
1929 5056 2070 5110 inter

502 5169 758 5224 proceres
797 5147 944 5205 illius
996 5152 1188 5203 domus
1242 5145 1515 5217 princeps,
1547 5147 1611 5202 ad
1659 5147 2064 5217 gubernandam

499 5246 793 5300 Busttzam
829 5241 1052 5294 relictus
1072 5247 1156 5293 est
1179 5239 1364 5308 ibique
1399 5239 1677 5292 remansit.
1707 5238 1762 5291 In
1799 5239 1936 5290 Viam
1972 5238 2068 5306 igi-

503 5343 590 5387 tur
621 5345 681 5385 se
715 5330 884 5392 dedit,
919 5339 972 5382 ut
1015 5329 1342 5397 slg'nl'licavi,
1386 5329 1782 5385 Constantinus
1816 5330 2063 5397 despota,

500 5423 753 5478 dominus
783 5435 958 5486 meus,
995 5415 1203 5476 mecum
1245 5423 1359 5478 soln
1403 5423 1454 5476 in
1488 5423 1818 5482 reputt-ensi
1855 5423 2065 5491 adjuto-

500 5529 598 5581 rc;
637 5527 869 5581 cumque
916 5513 1226 5570 Glarentza:
1295 5527 1565 5577 essemus,
1616 5511 1839 5567 l’edinte
1875 5513 2066 5567 nuntio

497 5605 606 5667 usi.
637 5595 1225 5677 saepe-scripsimus’ad
1261 5607 1554 5663 Patrcnses
1595 5609 1658 5661 de
1695 5610 1760 5659 iis
1791 5622 1911 5674 qua:
1941 5622 2063 5660 cum

498 5693 725 5752 Pediatc
773 5712 994 5768 egerant
1026 5701 1553 5769 constituerantque,
1593 5709 1756 5767 atque
1790 5699 1865 5750 illi
1923 5714 2064 5766 Sil-pc

497 5787 654 5844 nobis
688 5788 1086 5861 rescripseram
1117 5810 1131 5845 :
1163 5807 1282 5860 quae
1320 5803 1497 5845 tamen
1531 5791 1914 5859 iudicabamus
1948 5791 2061 5842 ﬁeri

2175 4618 2280 4671 gua
2314 4601 2536 4654 ditionis
2578 4619 2689 4658 sum
2716 4605 2947 4671 quilibet
2980 4609 3257 4677 adessent,
3283 4624 3337 4667 et
3379 4617 3450 4668 ita
3484 4618 3734 4673 instructi

2122 4731 2131 4740 .
2174 4697 2308 4748 ﬁnes
2329 4689 2590 4763 principis
2610 4699 2922 4764 transirent,
2944 4715 3403 4774 uccurrereutque
3428 4724 3564 4762 novo
3591 4712 3737 4778 prin-

2173 4782 2303 4850 cipi,
2347 4797 2539 4837 versus
2577 4784 2755 4838 sinum
2799 4785 3193 4845 Messeniacum
3225 4803 3279 4846 et
3313 4795 3465 4848 illum
3505 4806 3734 4853 tractum

2173 4871 2506 4938 procedenti.
2541 4871 2670 4928 item
2707 4876 3002 4931 Bostitzam
3042 4879 3235 4936 Alexio
3267 4882 3488 4940 Lasrari
3521 4893 3734 4942 nuntia-

2175 4976 2282 5015 tum
2309 4972 2416 5018 cst.
2443 4963 2552 5018 Nos
2575 4965 2713 5020 viam
2742 4984 2846 5020 nou
2873 4985 3016 5031 eam,
3052 4987 3172 5040 qua:
3209 4982 3359 5030 trans
3379 4978 3580 5032 Assum
3611 4983 3733 5044 fert,

2171 5060 2263 5111 sed
2303 5075 2422 5125 quae
2450 5063 2533 5112 est
2584 5078 2610 5111 ο
2645 5061 2905 5124 sinisrris,
2937 5066 3260 5134 tenuimus;
3294 5085 3358 5124 ac
3401 5075 3737 5127 Ittirnltattlttl'

2170 5169 2381 5217 ()tttltes,
2430 5153 3003 5224 percontabanturque
3055 5160 3197 5212 inter
3230 5175 3309 5224 se,
3348 5142 3584 5229 quonam
3633 5167 3738 5221 iter

2171 5241 2431 5296 facerent.
2463 5241 2577 5297 Sub
2609 5243 2944 5312 gallicinium
2970 5251 3034 5298 ad
3059 5247 3370 5304 Condictum
3405 5255 3578 5308 locum
3613 5271 3735 5310 cum

2174 5345 2491 5401 perventum
2521 5347 2688 5401 esset,
2718 5339 2967 5392 homines
2994 5339 3064 5393 ibi
3095 5341 3216 5398 illos
3241 5344 3567 5401 invenimus.
3593 5350 3740 5413 Quos

2169 5440 2292 5478 cum
2346 5425 2536 5480 inanes
2587 5442 2706 5482 esse
2752 5432 3329 5500 animailverteremus,
3388 5449 3443 5490 ct
3498 5441 3739 5505 polliceri

2173 5516 2377 5582 inania,
2413 5515 2720 5573 dimisimus
2766 5536 2879 5574 eos.
2919 5519 3078 5576 Mane
3104 5527 3502 5583 consultatione
3531 5533 3738 5598 habita,

2171 5623 2280 5676 quo
2314 5607 2459 5663 facto
2488 5626 2624 5677 opus
2649 5623 2814 5678 esset,
2849 5618 2918 5666 et‘
2933 5618 3254 5681 constituto,
3289 5630 3346 5672 ut
3367 5622 3524 5675 miles
3553 5622 3624 5675 ad
3645 5633 3730 5676 ca-

2171 5702 2398 5767 piendos
2430 5701 2780 5758 suburbanos
2811 5716 2864 5758 et
2893 5717 3166 5777 quotquot
3196 5708 3308 5765 illic
3341 5713 3616 5768 domicilia
3644 5714 3737 5767 ba-

2171 5787 2363 5842 berent
2392 5788 2645 5847 Hebraeos
2677 5793 3034 5863 discurreret,
3063 5808 3190 5852 cum
3220 5798 3273 5854 id
3301 5811 3487 5856 multis
3517 5810 3585 5857 de
3607 5813 3738 5856 catt-
