4096 6300
410 356 510 415 749

1435 349 1881 411 CHRONlCON
1920 351 2284 410 MAJUS.—
2313 349 2456 410 LIB.
2503 350 2580 407 Il.

3539 346 3642 396 ’λου
3689 329 3696 336 ’

399 475 478 528 ἔνι
513 471 600 541 (οὐ
622 471 729 544 γὰρ
772 473 1146 543 προενόμισαν
1177 470 1237 523 τὺ
1275 469 1457 540 τυχὸν)
1490 469 1820 522 ἀπέστειλαν
1873 469 1970 521 ἕνα
1997 476 2041 532 Α
2075 469 2180 522 νῶν
2214 468 2478 534 τοξεύσας
2503 467 2592 520 τὸν
2625 463 2720 517 τοῦ
2762 462 3026 516 δεσπότου
3067 461 3258 517 ἵππον,
3311 457 3368 518 ὃς
3403 455 3496 508 καὶ
3553 455 3644 506 εύ-

399 565 508 618 τῶν
535 564 818 634 ἀρχόντων
849 566 942 618 καὶ
965 564 1064 616 ἕνα
1091 561 1378 618 κανονικὸν
1420 562 1651 630 Μάρκον
1703 561 1966 630 τούνομα,

403 659 547 726 μετά
598 675 744 719 τινος
808 657 1102 727 ἀνθρώπου
1171 655 1307 726 πρὸς
1336 655 1399 708 τὸ
1445 654 1821 724 μεταφράζειν
1878 656 1973 706 καὶ

399 751 582 806 ἄλλων
611 750 942 819 ἀνθρώπων,
974 750 1123 812 ὅπως
1157 749 1370 818 μάθωσι
1404 748 1550 810 τίνες
1577 748 1623 800 σί
1666 747 1974 816 ἐπερχόμε-

401 860 483 896 νοι
509 843 606 896 καὶ
639 843 728 895 διὰ
753 841 823 898 τί.
876 842 965 905 Ὠς
995 837 1090 894 οὖν
1113 836 1254 895 εἶδον
1276 842 1450 911 ἡμᾶς,
1483 839 1581 892 καὶ
1631 838 1750 902 πῶς
1805 839 1972 907 ἡμεῖς

402 934 678 1005 ζητοῦμεν
714 937 775 988 τὸ
801 935 1038 1005 κὰστρον
1074 933 1106 1004 ἢ
1160 934 1301 1002 μετὰ
1350 933 1628 1002 συνθήκης
1683 931 1716 1002 ἢ
1773 931 1869 1001 οἴῳ
1905 929 1973 1000 δὴ

403 1029 594 1097 τρόπῳ
625 1027 992 1096 δυνησώμεθα
1049 1024 1458 1097 παραλάϐωμεν
1497 1024 1653 1088 αὐτὸ,
1712 1022 1972 1090 ὲπιστρέυ

401 1119 605 1185 ψαντες
663 1117 800 1186 μετά
863 1116 1102 1184 σπουδῆς
1149 1115 1422 1186 ἔκρουσαν
1501 1113 1601 1174 τὰς
1659 1111 1973 1179 σάλπιγγας

401 1210 498 1261 καὶ
565 1210 672 1278 πᾶν
725 1209 961 1277 ὄργανον
1022 1207 1345 1277 πολεμικὸν,
1398 1205 1494 1258 καὶ
1551 1203 1714 1265 εὐθὺς
1767 1203 1970 1264 πάντες

399 1302 448 1353 oi
510 1300 661 1360 ἐντὸς
713 1300 808 1358 καὶ
865 1299 1025 1364 ἐκτὸς
1085 1299 1436 1368 συνήχθησαν
1500 1297 1580 1358 εἰς
1639 1295 1698 1346 τὸ
1751 1292 1976 1353 ὁπλίζε-

402 1391 550 1446 σθαι.
623 1390 818 1462 Ἡμεῖς
883 1392 942 1444 δὲ
1010 1392 1103 1445 ἐπὶ
1159 1391 1260 1458 τὴν
1330 1387 1520 1460 αῠριον
1575 1384 1824 1458 ἤρξαμεν
1878 1385 1970 1439 τοῦ

345 1556 348 1558 _
401 1484 667 1552 πολέμου.

477 1581 541 1633 δ’.
587 1579 711 1631 Ἐπὶ
763 1575 863 1646 τὴν
919 1573 1110 1648 αὔριον
1138 1572 1234 1628 οὖν
1273 1574 1581 1650 τυχοῦσαη
1643 1574 1807 1645 ἑορτὴ
1863 1572 1972 1625 τῶν

402 1676 571 1746 βαῖων
599 1670 877 1740 ὲκόψαμεν
914 1669 1043 1736 βάῖα
1076 1667 1370 1738 μυρσίνης,
1397 1668 1494 1719 καὶ
1525 1667 1634 1720 πᾶν
1659 1667 1722 1718 τὸ
1743 1666 1974 1732 στρατὸ-

407 1767 567 1820 πεδον
599 1766 856 1832 φέροντες
886 1762 1047 1832 138
1085 1753 1262 1815 τ’ἆῦτα
1288 1761 1391 1813 ὰνά
1416 1762 1609 1830 χεῖρας
1641 1761 1737 1814 καὶ
1793 1758 1975 1811 ἐλθόν·

2077 557 2208 620 θέως
2233 558 2448 633 ,ἔπεσεν
2485 557 2575 608 ἐπὶ
2606 556 2702 624 τῆς
2733 554 2858 623 γῆς,
2897 552 2989 605 καὶ
3025 553 3325 619 δραμόντες
3370 549 3418 599 οἱ
3457 545 3644 615 ἐχθροὶ

2075 652 2162 703 ῖνα
2214 650 2618 703 ἀποκτείνωσιν
2649 646 2812 700 αὐτὸν
2843 645 2876 716 ἢ
2907 645 3198 707 πιάζωσιν,
3254 639 3489 710 εὑρέθην
3533 637 3644 704 ἐγὼ

2077 742 2194 794 ἐκεῖ
2223 741 2566 810 ὑπερμαχος.
2633 739 2903 798 Κάκεῖνος
2953 736 3051 803 μὲν
3081 734 3217 786 Θεοῦ
3251 731 3475 801 βοηθείᾳ
3505 732 3644 782 ἀπο-

2077 833 2307 896 πλακεὶς
2329 833 2422 886 τοῦ
2455 832 2623 886 ἵππου
2658 832 2829 900 ἔφυγε
2862 829 3023 892 πεζός
3047 845 3060 859 ·
3097 827 3205 895 ἐγὼ
3237 827 3292 880 δὲ
3325 827 3444 877 κατ’
3467 824 3646 877 αὐτῶν

2078 927 2389 995 μαχόμενος
2441 925 2643 976 ὲπίασα
2705 924 2825 976 τινὰ
2884 923 3001 976 υἱὸν
3060 921 3432 989 Σαματέλλου.
3505 919 3647 972 Ἀλλ’

2076 1019 2226 1089 ήμην
2255 1017 2468 1083 βαρέως
2500 1014 2936 1085 τραυματισθεὶς
2967 1016 3083 1084 ἄμα
3119 1014 3195 1083 τῷ
3228 1015 3404 1082 ἵππῳ,
3454 1013 3511 1075 ὃς
3557 1014 3649 1065 ού-

2075 1112 2193 1164 κέτι.
2227 1111 2401 1178 ἴσχυε,
2445 1112 2539 1164 καὶ
2573 1111 2772 1162 ἔπεσεν
2801 1111 2828 1162 6
2861 1101 3030 1171 ἵππος
3066 1107 3093 1159 6
3131 1105 3374 1177 ἄριστος,
3411 1105 3468 1167 ὃς
3495 1107 3649 1176 παρὰ.

2074 1202 2168 1255 τοῦ
2200 1203 2397 1272 ἀμηρᾶ
2423 1200 2578 1271 ἐδέθη
2609 1202 2686 1272 τῷ
2732 1195 2930 1271 ’Ᾱσάνῃ
2979 1201 3232 1268 Ἰσαακίῳ
3259 1201 3422 1269 ἡνίκα
3451 1200 3648 1268 συνήν-

2075 1312 2238 1364 τηπεν
2276 1295 2496 1364 ἐκείνῳ,
2523 1295 2618 1347 66‘
2667 1296 2899 1362 Ἀσάνης
2934 1295 3012 1364 τῷ
3057 1295 3290 1364 γαμϐρῷ
3356 1294 3523 1346 αὑτοῦ
3571 1295 3649 1360 τῷ

2075 1385 2528 1456 Φιλανθρωπηνῷ
2558 1387 2848 1456 Γεωργίῳ,
2882 1388 3132 1450 κάκεῖνος
3380 1387 3456 1453 τῷ
3521 1388 3650 1439 ἑαυ-

2076 1476 2170 1529 τοῦ
2201 1477 2409 1546 ἀνεψιῷ
2440 1478 2516 1547 τῷ
2571 1478 2844 1547 Κομνηνῷ
2891 1480 2966 1548 τῷ
3015 1479 3108 1530 τοῦ
3165 1479 3650 1551 πρωτοστράτορος

2076 1569 2468 1633 Καντακουζοῦ
2503 1569 2760 1640 γαμϐρῷ,
2815 1572 2871 1624 ὃν
2921 1573 3193 1640 φεύγοντα
3237 1575 3372 1640 πρὸς
3404 1573 3649 1628 Γαλατᾶν

2077 1659 2296 1728 φθάσας
2326 1661 2352 1711 6
2373 1659 2602 1728 ἀδελφός
2631 1679 2738 1728 μου
2769 1664 2864 1714 καὶ
2892 1665 3119 1716 ἐπίασεν
3140 1665 3322 1729 αὑτὸν,
3356 1668 3452 1720 καὶ
3475 1664 3650 1726 οὕτως

2075 1753 2104 1804 6
2131 1752 2361 1822 ἁδελφός
2397 1769 2499 1819 μου
2530 1751 2878 1822 εὖηργετήθη
2913 1755 3001 1806 τὸν
3040 1754 3208 1807 ἵππον
3241 1756 3392 1822 παρὰ
3427 1756 3519 1807 τοῦ
3554 1757 3649 1825 βα-

402 1873 492 1917 τες
528 1825 980 1923 ἑπέσὰμενίπξρῖ
998 1825 1101 1912 ξάς
1131 1849 1307 1912 πύλας
1341 1825 1728 1917 τοὺ-κάπρου,
1787 1847 1877 1909 Ὦς
1914 1846 1971 1898 δὲ
2007 1825 2046 1879 Β
2079 1842 2268 1904 σιλέως
2295 1857 2307 1872 ·
2341 1842 2516 1909 ἔγωγε
2549 1842 2728 1895 λαῦὼν
2753 1845 2882 1913 παρ’
2913 1846 3124 1896 ἐκείνου
3149 1845 3238 1898 τὸν
3269 1847 3436 1899 ἵππον
3470 1848 3649 1917 ἀπῆλ-

401 1946 667 2015 ὲκείμεθα
705 1947 772 2012 τῇ
807 1941 898 2006 κς¹
931 1940 1025 1993 τοῦ
1056 1939 1225 1993 αὑτοῦ
1289 1938 1461 2009 μηνὸς
1515 1939 1765 2010 Μαρτίου
1834 1939 1971 2007 μετά

402 2038 502 2108 τὴν
535 2037 633 2090 τοῦ
701 2036 942 2106 μεγάλου
1001 2033 1281 2086 Σαὸὁάτου
1329 2031 1657 2085 ἀκολουθίαν
1702 2031 1821 2101 ἦτοι
1874 2034 1972 2102 τὴν

403 2129 555 2182 θείαν
599 2126 1017 2197 μυσταγωγίαν,
1061 2124 1459 2193 ἀριστήσαντες
1497 2121 1851 2192 καθεζόμεθα
1913 2126 1970 2178 ὲν

397 2224 462 2290 τῇ
499 2217 822 2290 παρεμϐολῇ
863 2219 986 2286 ἦτοι
1019 2219 1194 2286 σκηνῇ
1239 2215 1333 2268 τοῦ
1362 2216 1624 2268 αὑθέντου
1661 2217 1820 2286 ἡμῶν
1848 2232 1972 2269 συν-

396 2313 718 2384 ομιλοῦντες
761 2311 894 2380 περὶ
924 2309 1160 2364 πολλῶν.
1227 2303 1564 2376 Τδοὺάφνω
1599 2309 1744 2373 τινὲς
1797 2310 1970 2378 ὀλίγοι

399 2403 628 2473 ἔφιπποι
655 2401 880 2470 ἐξῆλθον
906 2400 1008 2469 τῆς
1046 2399 1223 2468 πύλης
1249 2398 1349 2466 τῆς
1382 2399 1725 2468 καλουμένης
1752 2399 1973 2472 Ἐϐραῖ-

398 2493 571 2563 κῆςῆ
628 2491 727 2544 τοῦ
782 2490 1185 2557 Ζευγαλατείου
1230 2489 1397 2562 (οὕτω
1436 2483 1544 2559 γὰρ
1601 2490 1966 2559 ὠνομάζετο),

400 2587 499 2642 καὶ
522 2585 598 2647 ὼς
632 2585 935 2655 ὲφᾲνησαν,
967 2583 1297 2652 διωχθέντες
1335 2579 1586 2649 εἰσῆλθον
1613 2581 1700 2634 διὰ
1739 2584 1837 2650 τῆς
1875 2582 1969 2635 τοῦ

401 2675 668 2746 αἰγιαλοῦ·
717 2675 932 2744 πύλης·
1001 2674 1184 2726 ἐκεῖσε
1250 2671 1774 2734 κατασκευαστικῶς
1829 2669 1972 2742 ἦσαν

400 2768 602 2827 πάντες
632 2766 682 2818 οἱ
711 2765 806 2816 τοῦ
833 2763 1074 2834 κάστρου
1125 2763 1265 2831 μετὰ
1298 2763 1592 2833 τζαγκρῶν
1644 2764 1739 2817 καὶ
1798 2763 1972 2826 τόξων

399 2862 494 2912 καὶ
527 2856 828 2910 σκολόπων.
860 2857 1122 2926 Εὑρεθεὶς
1149 2853 1243 2909 οὖν
1273 2858 1300 2909 6
1337 2856 1607 2925 δεσπότης
1645 2856 1801 2923 κάγὼ
1839 2873 1972 2926 προ-

401 2947 716 3011 ϐαδίζοντες
749 2947 854 3018 πρὸ
893 2947 984 3000 τοῦ
1009 2947 1253 3016 διωγμοῦ
1295 2949 1404 2999 τῶν
1429 2949 1759 3024 εἰρημένων,
1795 2949 1884 3001 διὰ
1909 2948 1970 3000 τὸ

398 3040 526 3100 τοὺς
585 3039 787 3100 ἵππους
1091 3038 1386 3108 εὑρεθῆναι
1457 3042 1595 3092 κατὰ
1663 3040 1969 3108 συγκυρίαν

402 3131 843 3202 ἠτοιμασμένους
873 3132 1102 3199 πλησίον
1133 3132 1232 3202 τῆς
1255 3131 1495 3202 γεφύρας
1539 3132 1641 3201 τῆς
1698 3131 1814 3185 ὁδοῦ
1867 3134 1966 3202 τῆς
1995 3172 2039 3232 C

398 3220 718 3291 ἀπαγούσης
753 3222 831 3284 εἰς
861 3221 951 3274 τὸν
975 3221 1132 3290 ἅγιον
1161 3223 1445 3291 Ἀνδρέαν,
1482 3223 1566 3286 τὶς
1607 3225 1715 3278 τῶν
1747 3225 1967 3294 Πατρη-

399 3402 478 3472 sis
509 3398 860 3456 commodum
916 3412 1036 3454 esse
1073 3399 1372 3461 videretur,
1414 3412 1542 3453 ecce
1576 3397 1831 3466 Oppidani
1869 3411 1968 3452 nos

397 3485 668 3555 videntes,
715 3495 770 3544 et
802 3486 932 3556 quid
987 3489 1090 3543 ltoc
1119 3489 1196 3542 rei
1241 3498 1391 3542 esset
1425 3488 1570 3542 dubii
1622 3489 1790 3559 (nihil
1820 3489 1964 3554 enim

400 3579 706 3646 huiusmodi
747 3578 1001 3646 opinione
1047 3575 1465 3646 praeceperant),
1512 3591 1674 3629 unum
1710 3594 1738 3629 e
1771 3578 1969 3646 magis.

403 3673 653 3736 tratibus,
688 3680 740 3725 et
768 3671 1088 3724 canonicum
1115 3672 1427 3737 quemdam,
1455 3668 1689 3722 Marcum
1722 3668 1962 3731 nomine,

402 3778 523 3816 cum
558 3762 662 3815 alio
695 3761 929 3830 quodam
961 3762 1178 3816 nomine
1207 3774 1271 3813 ex
1304 3760 1426 3812 aliis
1459 3769 1833 3825 porcootatmn
1861 3757 1966 3810 mi-

397 3863 608 3917 serunt,
638 3853 728 3923 qui
760 3864 940 3908 essent
964 3853 1052 3922 qui
1085 3852 1332 3906 venirent
1359 3862 1412 3904 et
1437 3866 1598 3918 quam
1628 3851 1696 3904 ob
1721 3864 1962 3902 causam.

321 3981 336 3989 —
397 3947 498 4013 Qui
532 3956 816 4016 postquam
850 3960 951 4000 nos
983 3954 1319 4014 agnoverunt
1342 3942 1707 4010 Oppidumque
1744 3957 1770 3990 a
1807 3939 1964 3992 nobis

394 4040 564 4109 quaeri
593 4043 708 4094 sive
736 4037 1010 4107 pactione,
1037 4036 1151 4090 sive
1184 4047 1504 4103 quocunque
1537 4032 1646 4086 alio
1675 4032 1855 4095 modo,
1885 4032 1967 4084 in-

399 4131 748 4194 tellexernnt,
801 4127 1135 4182 festinanter
1177 4124 1406 4188 reversi,
1454 4124 1593 4176 tubis
1641 4133 1694 4176 et
1747 4123 1965 4192 reliquis

396 4218 775 4273 instrumentis
828 4217 1038 4271 bellicis
1066 4216 1137 4271 ad
1184 4231 1334 4270 arma
1382 4225 1602 4276 vocant,
1651 4223 1703 4267 et
1759 4213 1964 4278 cuncti,

396 4311 593 4380 quique
633 4311 795 4372 intra,
831 4308 1031 4378 quique
1077 4316 1230 4361 extra
1270 4305 1470 4358 muenia
1519 4313 1702 4369 erant,
1753 4305 1819 4357 ad
1855 4303 1962 4357 vim

396 4402 680 4456 arcendam
731 4408 1088 4454 concurrunt.
1131 4398 1242 4452 Nos
1293 4396 1539 4467 sequenti
1592 4396 1708 4450 luce
1755 4396 1957 4450 bellum

394 4493 506 4547 orsi
531 4506 740 4546 sumus.
1277 4497 1290 4502 ‘

462 4585 518 4638 4.
547 4582 815 4636 Postridie
843 4582 1030 4651 igitur,
1065 4581 1322 4649 quoniam
1350 4582 1653 4650 palmarum
1681 4580 1796 4636 dies
1818 4589 1954 4645 erat,

395 4691 574 4729 ramos
607 4673 767 4743 myrti
803 4674 1228 4742 amputavimus,
1281 4688 1417 4741 quos
1457 4673 1709 4727 manibus
1741 4685 1960 4742 gestans

397 4779 536 4822 totus
573 4765 848 4820 exercitus
885 4773 1072 4832 portas
1107 4764 1268 4817 castri
1302 4765 1530 4817 adortus
1564 4776 1666 4818 est.
1700 4764 1956 4832 Ejusdem

397 4860 597 4910 n-ensis
625 4854 798 4906 Martii
827 4854 916 4907 die
942 4853 1033 4916 26,
1057 4869 1177 4904 cum
1201 4860 1324 4920 post
1348 4852 1582 4907 ofﬁcium
1617 4855 1794 4923 magni
1822 4854 1960 4908 Sab-

396 4950 502 4998 bati
537 4950 648 4998 sive
681 4943 922 4998 divinant
957 4942 1339 5006 initiationem,
1378 4957 1405 4993 a
1441 4945 1668 5011 prandio
1698 4945 1749 4996 in
1781 4953 1958 4999 tento-

397 5040 476 5091 rio
507 5037 707 5090 domini
747 5035 918 5087 nostri
945 5034 1384 5087 consedissemus
1411 5045 1466 5087 et
1501 5035 1679 5088 varios
1709 5037 1960 5090 miscere-

397 5145 514 5182 mos
542 5142 848 5190 sermones,
875 5134 1096 5192 repente
1135 5124 1340 5190 aliquot
1361 5125 1573 5192 equites
1598 5141 1691 5194 per
1720 5137 1955 5194 portam,

392 5222 479 5275 cui
531 5233 725 5271 nomen
759 5226 840 5270 est
886 5215 1163 5269 Πρω-πῖναι
1195 5215 1275 5268 vel
1325 5215 1621 5284 Zeugalatii
1669 5219 1766 5285 (ita
1811 5218 1955 5270 enim

392 5312 721 5380 appellatur)
762 5318 1157 5378 prorumpunt;
1193 5309 1309 5372 sed,
1363 5308 1452 5388 ubi
1503 5319 1955 5379 cornparuerunt,

392 5420 516 5457 mox
543 5403 764 5470 repulsi,
791 5416 883 5468 per
909 5411 1119 5468 portam
1146 5402 1306 5454 littori
1335 5402 1634 5469 oppositam
1658 5403 1954 5470 refugiunt.

389 5495 466 5549 lbi
499 5509 690 5548 omnes
721 5493 931 5556 incolae,
963 5491 1188 5556 labaris,
1223 5494 1455 5546 arcubus
1487 5502 1538 5545 et
1573 5494 1707 5562 palis
1735 5494 1953 5560 armati,

389 5586 640 5639 aderant.
683 5582 801 5638 Iam
856 5601 976 5637 cum
1023 5584 1250 5653 despota
1283 5597 1338 5638 et
1381 5600 1502 5651 ego,
1555 5595 1844 5654 antequam
1879 5586 1954 5646 illi

390 5691 489 5730 nos
513 5685 986 5745 persequerentur,
1014 5676 1152 5742 fuga:
1186 5692 1282 5728 nos
1301 5677 1793 5740 commisissemus,
1828 5679 1952 5745 quia

389 5782 514 5840 equt
549 5769 718 5825 nostri
744 5768 891 5839 iuxta
928 5778 1140 5837 portam
1177 5768 1299 5829 vim,
1329 5784 1447 5836 qua:
1491 5772 1555 5820 ad
1587 5767 1643 5819 S.
1682 5769 1951 5822 Andream

2075 1939 2166 1990 θον
2197 1939 2277 2000 είς
2303 1938 2739 2008 Πελοπόννησον.
2775 1936 2966 1989 Πεσὼν
2995 1935 3086 1989 οὖν
3112 1939 3138 1989 6
3159 1937 3346 2003 ἵππος,
3375 1938 3647 2006 ὲπιάσθην

2074 2029 2301 2093 πολλαῖς
2345 2031 2586 2100 πληγαῖς
2629 2028 3040 2099 πεπληγμένος.
3099 2029 3209 2081 Καὶ
3263 2031 3648 2098 ἀπαγαγόντες

2075 2135 2142 2186 με
2193 2118 2479 2189 ἔμϐλησαν
2509 2121 2588 2180 είς
2637 2120 2728 2171 τὸν
2781 2119 2979 2186 γουλᾶν
3012 2119 3132 2190 ἦτοι
3182 2120 3274 2174 τὸν
3326 2122 3537 2190 πύργον
3587 2123 3646 2174 ἐν

2072 2212 2208 2280 οἴκῳ
2237 2213 2524 2282 σκοτεινῷ,
2555 2211 2684 2265 ἔνθα
2710 2208 2847 2282 ἦσαν
2882 2215 3215 2283 μύρμυγκες
3241 2214 3336 2266 καὶ
3371 2216 3645 2284 σιτόφθει-

2076 2321 2168 2374 ρες
2205 2307 2300 2358 καὶ
2332 2308 2467 2373 μύες
2498 2304 2586 2357 διὰ
2610 2306 2668 2355 τὸ
2692 2299 2832 2357 εἶναί
2861 2322 2994 2357 ποτε
3027 2306 3174 2359 σίτου
3209 2307 3460 2377 ἀποθήκη
3495 2324 3508 2338 ·
3551 2309 3646 2360 καὶ

2073 2394 2398 2465 χειροπέδας
2438 2398 2658 2464 σιδηρᾶς
2690 2398 3024 2466 περιέθηκαν
3063 2403 3178 2460 τοῖς
3217 2400 3338 2463 ποςὶ
3395 2394 3496 2462 μου
3550 2403 3643 2453 καὶ

2074 2486 2270 2556 σειρὰν
2320 2489 2453 2544 ,λίαν
2523 2489 2836 2558 βαρυτάτην
2888 2490 2983 2542 καὶ
3049 2493 3280 2559 στερεὰν
3321 2492 3461 2560 μετά
3522 2494 3646 2544 σκό-

2071 2579 2234 2640 λοπος
2290 2580 2526 2647 μεγάλου
2584 2583 2724 2634 κατὰ
2779 2581 2882 2648 γῆς
2946 2583 3297 2650 πεπηγότος’
3357 2583 3483 2636 ἔνθα
3548 2602 3647 2636 κα-

2070 2670 2185 2732 κῶς
2258 2673 2571 2740 ὲκοιτὼμην
2626 2677 2681 2723 ἐν
2731 2675 2797 2742 τῇ
2854 2673 3080 2745 τοιαύτῃ
3133 2678 3368 2746 φρουρᾷ,
3428 2678 3642 2745 πικρῶς

2070 2761 2351 2828 διαγαγὼν
2387 2763 2492 2813 ἀπὸ
2531 2781 2581 2815 τε
2645 2765 2751 2815 τῶν
2779 2764 3004 2830 πληγῶν
3031 2768 3124 2817 καὶ
3156 2766 3262 2818 τῶν
3294 2767 3510 2836 δεσμῶν
3547 2773 3674 2828 καὶ,

2070 2851 2397 2917 τῶνᾶλλων,
2433 2855 2505 2916 ὼς
2537 2855 2854 2925 δεδήλωται,
2897 2856 2931 2908 δι
2992 2857 3242 2926 ὑπῆρχον
3298 2861 3355 2910 ἐν
3405 2860 3529 2928 τῇδε
3574 2865 3640 2932 τῇ

2075 2945 2304 3014 ςρουρᾷ-

2142 3034 2204 3090 ε’.
2247 3037 2509 3091 Ἐνταῦθα
2540 3039 2595 3090 δὲ
2626 3039 2730 3108 χρὴ
2768 3041 3138 3110 διηγήσασθαι
3186 3045 3338 3110 ἡμᾶς
3369 3045 3461 3098 καὶ
3513 3046 3643 3114 περὶ

2076 3127 2175 3196 τῆς
2213 3130 2513 3198 ὁσιωτάτης
2547 3130 2856 3201 Θωμαῖδος.
2883 3134 3030 3203 Αὕτη
3061 3135 3123 3185 ἐκ
3143 3135 3334 3203 γένους
3367 3136 3640 3205 χρησίμου

2071 3220 2318 3290 ὑπῆρχεν
2356 3222 2412 3273 ἐν
2442 3224 2504 3294 τῇ
2551 3224 2782 3294 ἀνατολῇ
2825 3225 2920 3294 τῆς
2971 3225 3195 3289 Ἀσίας·
3253 3227 3348 3280 καὶ
3394 3229 3644 3298 ἀπορφαο

2071 3401 2240 3467 ducit,
2285 3402 2427 3458 forte
2475 3406 2651 3471 parati
2702 3415 2881 3468 erant,
2943 3415 2996 3458 et
3033 3421 3060 3457 a
3112 3405 3356 3462 Patrensi
3404 3411 3636 3478 quodam

2071 3509 2240 3562 equus
2265 3494 2605 3551 Constantini
2642 3500 2837 3566 sagitta
2871 3498 3154 3567 perfossus
3181 3508 3348 3564 esset,
3377 3506 3637 3557 tlt'Slalint

2074 3585 2434 3640 Cullaberetur
2473 3589 2646 3652 humi,
2678 3590 3095 3642 Constantinum
3126 3590 3192 3642 ab
3228 3591 3638 3659 insequentibus

2075 3675 2347 3738 hostibus,
2379 3678 2469 3745 qui
2507 3687 2598 3730 aut
2632 3693 2827 3746 capere
2859 3689 2949 3732 aut
2977 3681 3229 3736 occidere
3258 3697 3377 3735 eum
3413 3686 3635 3752 vellent,

2071 3782 2173 3837 ego
2205 3766 2442 3821 defendi.
2480 3766 2665 3836 Itaque
2692 3769 2874 3821 divino
2911 3771 3116 3824 auxilio
3147 3771 3237 3825 ille
3270 3788 3359 3826 rex
3386 3789 3637 3843 cquocx-

2071 3856 2306 3922 peditus,
2345 3857 2505 3922 pedes
2558 3873 2616 3909 se
2656 3857 2722 3912 iis
2770 3856 3073 3922 subtraxit;
3111 3874 3211 3928 ego
3248 3863 3504 3916 adversus
3542 3868 3639 3919 lto-

2069 3959 2183 4001 stes
2217 3947 2524 4009 decertans,
2559 3945 2728 3998 lilium
2755 3949 3042 4014 quemdam
3077 3947 3354 4007 Samatelli
3380 3957 3518 4023 cepi,
3544 3963 3637 4012 sed

2070 4043 2124 4086 et
2158 4033 2274 4102 ipse
2303 4033 2542 4100 graviter
2574 4033 2894 4088 vulneratus
2939 4051 3056 4089 smn
3099 4053 3217 4092 cum
3248 4055 3384 4109 equo
3414 4058 3639 4113 genero-

2071 4125 2309 4188 sissimo,
2361 4123 2453 4193 qui
2512 4139 2631 4177 mox
2687 4123 2897 4178 defectu
2955 4127 3145 4182 virium
3198 4135 3454 4189 concidit.
3495 4138 3633 4192 Eum

2047 4229 2266 4281 ‘equtlm
2293 4217 2514 4268 dederat
2537 4230 2748 4268 amaras
2769 4214 2972 4270 lsaacio
2993 4217 3180 4278 Asani,
3203 4222 3265 4272 ad
3288 4236 3346 4275 se
3372 4227 3634 4290 profecto,

2067 4304 2277 4359 Asanes
2307 4305 2539 4375 Georgio
2563 4305 3046 4376 Philantbropeno,
3091 4326 3289 4379 gentem
3313 4299 3431 4378 suo,
3472 4325 3634 4388 atque

2070 4397 2156 4450 ltic
2200 4412 2388 4451 rursus
2415 4396 2691 4451 Conmeno
2719 4399 3072 4466 consobrino,
3110 4401 3474 4459 Cantacuzeni
3507 4425 3634 4476 pro-

1987 4512 2040 4572 Β
2070 4487 2375 4542 tostratoris
2415 4501 2630 4555 genero,
2659 4501 2820 4554 quem
2858 4487 3103 4544 Galatam
3129 4490 3425 4560 fugientem
3463 4495 3632 4552 fruor

2068 4593 2217 4631 meus
2245 4579 2678 4646 comprehendit.
2708 4579 2755 4631 ls
2792 4595 2990 4648 equum
3016 4578 3159 4634 dono
3199 4587 3410 4653 accepit
3436 4586 3502 4640 ab
3531 4589 3631 4642 in:-

2065 4677 2338 4736 peratore,
2377 4679 2542 4738 atque
2593 4684 2690 4738 ego
2738 4671 2932 4724 eodem
2971 4687 2998 4722 a
3053 4671 3223 4726 fratre
3272 4673 3522 4745 donatus,
3571 4681 3622 4735 in

2063 4765 2492 4834 Peloponnesum
2544 4781 2666 4819 eum
2702 4766 2925 4820 abduxi.
2978 4766 3231 4834 Collapso
3273 4769 3434 4837 igitur
3461 4789 3623 4842 equo,

2063 4855 2177 4920 ipse
2201 4856 2384 4909 multis
2409 4855 2580 4926 plagis
2605 4871 2920 4926 percussus,
2948 4857 2999 4909 in
3033 4867 3352 4925 potestatem
3380 4863 3618 4920 hostium

2062 4945 2206 5011 veni,
2247 4946 2337 5014 qui
2391 4946 2679 5000 abductum
2719 4962 2802 5000 me
2851 4947 2904 4998 in
2945 4962 3222 5001 carcerem
3274 4949 3385 5004 sive
3429 4957 3621 5009 turrim

2061 5035 2276 5090 aedificii
2308 5036 2587 5090 tenebrosi
2646 5036 3015 5106 coniecerunt,
3057 5037 3322 5095 formicis.
3356 5047 3624 5101 curculio.

2063 5124 2218 5179 nibus
2250 5133 2305 5179 et
2338 5129 2585 5179 muribus
2619 5135 2941 5189 scatentem,
2971 5128 3170 5197 quippe
3208 5144 3328 5199 quae
3353 5137 3618 5199 quondam

2065 5215 2256 5270 fuisset
2283 5217 2614 5285 granarium.
2656 5215 2885 5269 Brachia
2918 5227 2970 5269 et
3005 5220 3167 5285 pedes
3194 5220 3424 5277 vinculis
3451 5236 3504 5278 et
3531 5242 3623 5278 ca-

2064 5317 2184 5361 tena
2219 5308 2366 5378 gravi
2399 5317 2455 5361 et
2493 5308 2666 5361 solida
2713 5309 2776 5360 ad
2831 5309 3012 5376 palum
3068 5326 3327 5378 magnum
3381 5314 3432 5366 in
3479 5324 3620 5369 terra

2043 5399 2292 5454 -deflxum
2329 5402 2792 5456 constrinxerunt.
2829 5401 2966 5455 Male
2994 5404 3046 5454 in
3079 5419 3141 5456 ea
3176 5405 3420 5457 custodia
3453 5407 3622 5460 cuba-

2019 5497 2030 5504 “
2057 5495 2183 5547 bam
2230 5503 2448 5562 pt'Opter
2486 5493 2690 5562 plagas,
2731 5493 2968 5560 vincola,
3010 5505 3064 5550 ct
3113 5494 3344 5563 reliqua,
3386 5511 3505 5563 quae
3546 5499 3620 5554 ibi

2062 5583 2226 5639 fuisse
2254 5585 2590 5638 incommoda
2621 5586 2944 5653 significavi.

2132 5676 2183 5729 5.
2227 5675 2323 5730 llic
2349 5676 2452 5728 l0ci
2486 5678 2552 5730 de
2582 5677 2930 5730 sanctissima
2958 5676 3256 5731 Thomaide
3287 5685 3620 5732 narrandum

2064 5767 2218 5822 nobis
2241 5777 2340 5823 est.
2371 5767 2443 5821 Ex
2467 5768 2688 5822 honesta
2717 5767 2917 5822 familia
2944 5768 3178 5821 Orientis
3209 5767 3259 5820 in
3281 5768 3405 5821 Asia
3433 5784 3625 5840 proge-
