4096 6300
487 363 587 428 151
1715 356 2036 416 GEORGII
2089 350 2509 414 PIIBANTLE
3617 343 3734 407 752

483 475 764 528 νισθείσαν
790 474 840 526 οἱ
898 474 1097 540 ἑαυτῆς
1133 473 1422 540 συγγενεῖς
1475 474 1682 541 ἤγαγον
1747 471 1920 537 αὐτὴν
1967 469 2046 529 εἰς
2079 477 2119 528 Α
2151 470 2215 537 τῇ
2241 467 2450 536 Λήμνῳ
2484 468 2512 517 ὁ
2547 463 2764 525 πάππος
2804 481 2907 531 μου
2949 464 3243 530 εὑρίσκετο
3278 462 3416 532 μετά
3473 461 3576 532 τῆς
3628 479 3734 529 γυ-

481 561 1081 628 Κωνσταντινούπολιν,
1132 563 1225 615 καὶ
1255 562 1467 616 ἔδωκαν
1523 563 1694 631 αὐτὴν
1730 564 1796 629 τῇ
1845 560 2050 631 ἀδελφῇ
2156 557 2344 617 ναικὸς
2381 553 2548 607 αὑτοῦ
2579 554 2671 606 καὶ
2697 554 2929 607 τέκνων.
2978 553 3041 606 Ἦ
3072 552 3166 605 οὖν
3196 551 3394 623 πρώτη
3417 555 3528 604 τῶν
3555 553 3728 606 αὑτοῦ

480 656 590 708 τῶν
614 655 779 723 τριῶν
817 653 1122 724 ἀρχιερέων
1153 655 1250 706 καὶ
1307 653 1559 720 ἀδελφῶν
1625 654 1720 706 καὶ
1779 651 2052 721 βασιλέων
2157 645 2476 713 θυγατέρων
2508 643 2690 694 ἰδοῦσα
2719 641 2818 710 τὴν
2852 640 3006 694 όσίαν
3031 641 3126 694 καὶ
3163 641 3262 712 τὴν
3319 641 3490 707 αὐτῆς
3521 642 3733 711 ἀρετὴν

485 747 583 800 καὶ
613 747 783 816 μητρὶ
816 744 910 798 τοῦ
949 746 1266 814 σοφωτάτου
1313 745 1603 798 Καϐασίλα
1629 745 1929 805 Νικολάου,
1957 743 2054 795 καὶ
2157 734 2253 786 καὶ
2281 733 2372 786 τὸν
2411 731 2569 800 λόγον
2603 731 2936 798 ἐγκατέλιπε
2965 731 3145 799 γονεῖς
3199 732 3293 783 καὶ
3324 731 3589 799 ἀδελφοὺς
3632 735 3732 785 καὶ

483 835 626 908 εἶχεν
662 838 834 907 αὐτὴν
870 839 972 890 καὶ
1022 838 1300 890 ἐπαίδευε.
1345 837 1455 890 καὶ
1505 836 1648 905 μετὰ
1697 853 1823 890 τινα
1858 835 2052 904 καιρὸν

483 930 729 999 ἀπῆλθεν
757 931 837 992 είς
866 929 1278 999 Θεσσαλονίκην
1315 929 1404 982 διά
1444 929 1506 981 τὸ
1535 931 1715 982 ἐκεῖσε
1767 924 1906 982 εἶναι
1961 928 2053 980 τὸν

482 1023 715 1088 ἀδελφὸν
770 1023 944 1089 αὐτῆς
1001 1022 1320 1075 Καϐάσιλαν
1603 1022 1888 1092 ἀρχιερέα,
1962 1019 2057 1073 καλΙ

484 1112 704 1182 ᾤκησεν
741 1114 820 1175 είς
845 1111 944 1182 τὴν
978 1113 1149 1182 μονὴν
1173 1117 1270 1181 τῆς
1303 1115 1467 1181 ἁγίας
1486 1113 1769 1184 Θεοδὼρας
1801 1113 1940 1181 μετά
1955 1113 2055 1181 τῆς

487 1205 944 1270 Παλαιολογίνης,
977 1205 1237 1273 ἐναρέτου
1268 1205 1364 1257 καὶ
1397 1203 1584 1271 λογίας
1624 1203 1902 1271 γυναικὸς,
1927 1200 2059 1271 περὶ

485 1291 553 1368 ἧς
587 1297 846 1359 πολλάκις
877 1297 1106 1361 πολλοὺς
1135 1299 1343 1368 ἦκουσα
1369 1300 1521 1368 παρὰ
1549 1296 1643 1351 τοῦ
1683 1297 1936 1364 ἀοιδίμου
1959 1298 2058 1368 βα-

493 1387 685 1447 σιλέως
725 1389 830 1454 κὺρ
889 1387 1151 1453 Μανουὴλ
1185 1387 1466 1455 ἐπαίνους,
1501 1388 1596 1442 καὶ
1631 1387 1860 1449 πολλοὺς
1898 1386 2060 1441 κανό-

488 1477 686 1541 ναςεῖς
713 1495 772 1530 τε
803 1479 893 1530 τὸν
936 1478 1091 1545 ἅγιον
1129 1480 1442 1550 Δημήτριον
1482 1480 1576 1531 καὶ
1637 1479 1801 1546 ἁγίαν
1850 1478 2060 1531 Θεοδώ-

493 1589 596 1638 ραν
626 1570 722 1623 καὶ
767 1571 848 1632 είς
908 1570 1101 1632 ἄλλους
1136 1571 1325 1636 ἁγίους
1377 1573 1660 1639 ἀνέγνωσα
1702 1573 1813 1640 ἐγὼ
1847 1571 2062 1639 ἐκείνης

492 1662 778 1728 ποιήματα
800 1679 811 1690 ·
849 1660 905 1713 αἳ
937 1657 1080 1728 είχον
1117 1662 1214 1714 σὺν
1251 1664 1442 1723 αὐταῖς
1496 1665 1591 1716 καὶ
1619 1665 1719 1733 τὴν
1753 1663 1918 1730 ἁγίαν
1937 1664 2060 1716 Θω-

494 1752 681 1820 μαῖδα,
712 1754 806 1803 καὶ
833 1752 1122 1804 ἐπαίδευον
1153 1753 1233 1815 εἴς
1253 1769 1311 1804 τε
1352 1754 1454 1821 τὴν
1484 1754 1692 1824 ἀρετὴν
1746 1756 1840 1807 καὶ
1871 1755 2054 1823 λόγον.

507 1843 593 1905 Ὦς
616 1842 672 1894 δέ
695 1839 824 1914 ἦλθε
853 1842 1097 1903 τὸτέλος
1131 1842 1336 1909 αὐτῶν,
1368 1843 1665 1896 κατέλιπον
1699 1845 1836 1914 αὐτῇ
1878 1845 2059 1898 πάντα

489 1936 559 1986 τὰ
594 1935 797 1998 αὐτῶν,
829 1932 962 1985 ἀλλά
992 1931 1057 1996 δὴ
1079 1931 1176 1986 καὶ
1206 1935 1305 2002 τὴν
1325 1932 1418 1986 τοῦ
1450 1933 1769 2003 Κυπριανοῦ
1801 1936 2056 2002 γυναῖκα.

491 2028 614 2098 ητις
646 2027 1083 2094 ἀγανακτήσασα
1135 2025 1198 2078 τὸ
1233 2026 1470 2094 σκληρὸν
1508 2025 1606 2078 τοῦ
1638 2026 1835 2095 ἀνδρὸς
1887 2027 2057 2094 αὐτῆς

492 2123 584 2171 καὶ
612 2117 927 2171 ἀπελθοῦσα
960 2119 1096 2186 πρὸς
1156 2118 1256 2181 τάς
1318 2119 1577 2188 ῥηθείσας
1613 2121 1782 2188 μονὰς
1848 2119 2059 2191 μοναχῆ

491 2213 734 2279 ἐγένετο,
793 2210 920 2262 ἐπεὶ
969 2209 1122 2263 δὲτὸ
1184 2210 1338 2274 τέλος
1391 2212 1576 2264 αὐτῶν
1614 2213 1853 2277 ἐγένετο,
1895 2211 2059 2264 πάλιν

490 2303 739 2372 ’ἔπετάγη
772 2307 838 2371 τῇ
867 2302 1090 2355 ἐκείνων
1123 2303 1450 2375 κληρονόμῳ
1481 2304 1580 2357 καὶ
1619 2302 1713 2356 τοῦ
1747 2303 1889 2372 βίου,
1910 2306 2060 2368 ὅπως

487 2395 692 2465 δήποτε
724 2397 819 2447 καὶ
848 2396 969 2455 ταῖς
1002 2395 1227 2462 ἀρεταῖς
1257 2395 1533 2464 ὑπετάγη,
1592 2395 1686 2447 καὶ
1734 2394 1916 2459 καλῶς
1946 2393 2062 2464 διή-

489 2486 740 2540 νυσε-τὸν
773 2485 875 2553 τῆς
905 2485 1187 2554 ὑποταγῆς
1239 2487 1438 2554 δρόμον
1490 2486 1651 2556 μέχρι
1683 2486 1939 2540 θανάτου.
1989 2485 2059 2539 Ἦ

439 2591 446 2604 ’
491 2579 808 2647 Κυπριανοῦ
845 2579 990 2646 λέγω
1045 2581 1181 2647 γυνὴ
1212 2574 1284 2650 ἦν
1318 2579 1459 2648 αὕτη
1520 2579 1616 2632 τοῦ
1676 2579 1924 2643 ἐλθόντος
1975 2581 2058 2642 είς

484 2669 1069 2722 ’Κωνσταντινούπολιν
1100 2670 1222 2721 καὶ·
1255 2669 1354 2739 τὴν
1413 2673 1580 2740 μονὴν
1633 2671 1918 2734 κτίσαντος
1961 2669 2060 2741 τὴν

486 2757 576 2819 είς
627 2758 800 2828 ὄνομα
848 2759 958 2811 τῶν
1026 2759 1201 2826 ἁγίων
1263 2759 1488 2825 ἐνδόξων
1550 2759 2060 2830 μεγαλομαρτύρων

486 2851 803 2921 Θεοδώρων,
843 2853 1324 2921 ἐπονομαζομένην
1358 2853 1450 2905 τοῦ
1480 2851 1829 2922 Κυπριανοῦ.
1863 2851 1983 2906 Τῶν
1999 2852 2059 2906 δὲ

485 2944 703 2997 ἀσεϐῶν
725 2943 825 3011 τὴν
856 2945 1262 3012 Θεσσαλονίκην
1306 2945 1738 3012 παραλαϐόντων
1769 2945 2058 3010 ἐξελθοῦσα

488 3036 521 3102 ἠ
559 3035 680 3086 ὁσία
711 3032 936 3103 Θωμαῒς
983 3035 1120 3104 μετά
1161 3035 1260 3101 τῆς
1301 3035 1677 3102 ὑποτακτικῆς
1731 3034 1905 3104 αὐτῆς
1958 3035 2058 3103 τῆς

488 3124 807 3192 Κυπριανοῦ
839 3125 1102 3192 γυναικὸς
1149 3126 1395 3196 ἀπῆλθεν
1425 3129 1508 3186 εἰς
1535 3129 1775 3196 Λῆμνον,
1806 3127 1892 3180 ἴνα
1911 3127 2055 3180 ἐκεῖο
2081 3161 2125 3222 C

487 3218 579 3268 θεν
611 3217 774 3270 πάλιν
797 3218 877 3279 είς
904 3219 1005 3286 τὴν
1031 3218 1445 3272 Κωνσταντίνου
1513 3218 1805 3290 ἐπανέλθῃ.
1859 3219 1950 3272 Ἐν
1998 3219 2055 3272 δὲ

484 3407 672 3450 nerata
725 3405 863 3450 erat.
918 3392 1245 3452 Parentibus
1274 3399 1534 3454 orbatam
1583 3403 1800 3471 cognati
1843 3401 2048 3472 Cpolim

486 3491 877 3556 perduxerunt,
913 3499 968 3543 et
996 3488 1173 3542 sorori
1213 3489 1382 3543 trium
1416 3491 1956 3562 archiepiscoporum
1990 3507 2055 3549 ac

482 3581 715 3632 fratrum
764 3590 820 3633 et
854 3581 1264 3648 imperatorum,
1321 3583 1479 3635 matri
1530 3583 1920 3649 sapientissimi
1951 3587 2052 3640 viri

481 3670 690 3724 Nicolai
741 3669 1034 3735 Cabasila’,
1080 3671 1447 3734 tradiderunt,
1491 3689 1518 3724 ο
1570 3690 1676 3742 qua
1714 3675 1947 3729 educata
1997 3685 2052 3731 et

484 3764 732 3816 instituta
765 3775 870 3818 est.
898 3763 992 3827 Ea,
1033 3763 1321 3832 interjecto
1351 3765 1534 3832 aliquo
1579 3778 1844 3834 tempore,
1878 3767 2050 3824 Thes-

483 3856 778 3909 sslonicatn
809 3855 962 3917 abiit,
997 3855 1050 3908 in
1087 3873 1188 3924 qua
1219 3856 1354 3911 urbe
1383 3857 1686 3925 Cabasilus,
1717 3860 1903 3929 ipsius
1941 3861 2062 3923 ira:

487 3958 587 4007 ter,
645 3955 792 3998 esset
839 3945 1314 4016 archiepiscopus,
1368 3948 1685 4018 abdiditque
1735 3966 1794 4004 se
1842 3951 1893 4006 iu
1934 3946 2052 4005 mo-

485 4035 778 4088 nasterium
818 4035 1032 4101 Sancta:
1060 4034 1359 4092 Theodorse
1393 4054 1515 4094 cum
1555 4041 1935 4113 Palaeologina,
1970 4044 2051 4098 fe-

486 4128 627 4180 mina
663 4127 878 4181 virtutis
903 4137 956 4181 et
981 4127 1285 4184 litterarum
1315 4130 1578 4195 studiosa,
1609 4134 1766 4200 cujus
1790 4149 1890 4199 ego
1913 4133 2053 4189 mul-

483 4229 566 4273 tas
607 4233 747 4289 sazpe
782 4219 969 4274 laudes
1007 4235 1037 4274 e
1072 4223 1381 4276 venerando
1417 4221 1766 4292 imperatore,
1803 4225 2050 4280 Manuele

483 4312 724 4375 demitto,
754 4313 959 4376 audivi,
994 4322 1050 4365 et
1073 4311 1309 4380 hymnos
1343 4329 1449 4366 non
1481 4330 1683 4382 paucos
1709 4317 1762 4369 in
1797 4326 2048 4372 sanctum

488 4403 818 4458 Demetrium
854 4415 907 4459 et
939 4415 1186 4459 sanctam
1212 4405 1554 4460 Theodoram
1575 4420 1626 4462 et
1664 4409 1800 4462 alius
1829 4419 2048 4464 sanctos

2164 822 2316 894 1‘51
2361 823 2598 890 ἀδελφὰς
2628 823 2723 878 καὶ
2745 821 2804 874 δν
2837 822 3253 891 ἐμνηστεύσατο
3294 822 3375 884 είς
3403 823 3571 889 ἀνδρα
3610 824 3733 891 ἅμα

2159 917 2271 976 τοῖς
2299 917 2482 978 παισὶ,
2515 915 2610 967 καὶ
2634 912 2952 967 ἀπελθοῦσα
2997 917 3077 977 είς
3111 914 3511 984 Θεσσαλονίκην
3540 915 3732 982 γέγονε

2105 998 2111 1004 ’
2165 1006 2398 1076 μοναχῇ,
2445 1008 2542 1059 καὶ
2567 1008 2625 1058 ἐν
2653 1006 2908 1076 ὑποταγῇ
2941 1005 3115 1071 αὐτῆς
3162 1004 3227 1073 δὴ
3290 1004 3391 1073 τῆς
3437 1006 3592 1067 ὁσίας
3626 1007 3733 1056 κά-

2160 1098 2311 1150 κεῖσε
2346 1096 2713 1166 ἀπομείνασα.
2745 1097 3014 1151 Κάκεῖθεν
3050 1096 3108 1149 δέ
3135 1094 3450 1162 ἐξελθοῦσαι
3481 1097 3542 1146 at
3580 1097 3734 1164 τρεῖς

2152 1187 2255 1240 καὶ
2291 1187 2450 1256 μόναι
2505 1191 2563 1240 ἐν
2612 1191 2677 1257 τῇ
2707 1187 3128 1240 Κωνσταντίνου
3191 1187 3351 1239 πόλει
3383 1188 3734 1254 κατήντησαν

2160 1281 2306 1351 ἀρχῇ
2333 1282 2392 1333 ἐν
2430 1284 2493 1350 τῇ
2530 1283 2666 1350 μονῇ
2698 1282 2764 1350 τῇ
2797 1279 3261 1350 ἐπονομαζομένῃ
3291 1279 3389 1344 τῆς
3435 1277 3731 1346 Κλερένας.

2160 1373 2472 1425 Διαδοθεῐσα
2498 1371 2552 1423 δὲ
2582 1372 2613 1440 ή
2648 1371 2814 1439 ἀρετή
2832 1371 2928 1438 τῆς
2958 1356 3112 1431 ὁσίας
3144 1372 3240 1422 καὶ
3276 1372 3307 1438 ή
3341 1370 3421 1431 είς
3444 1370 3544 1434 τὴν
3576 1368 3735 1421 θείαν

2160 1465 2384 1536 Γραφὴν
2449 1465 2617 1532 αὐτῆς
2662 1464 2930 1532 ἐμπειρία
2992 1462 3070 1524 εἴς
3119 1477 3180 1513 τε
3222 1461 3312 1514 τὸν
3361 1460 3584 1531 βασιλέα
3636 1463 3734 1514 καὶ

2162 1558 2515 1626 πατριάρχην
2564 1557 2660 1608 καὶ
2706 1557 2916 1618 πάντας
2951 1555 3078 1628 τοὺς
3116 1553 3218 1623 τῆς
3261 1554 3494 1618 πόλεως,
3543 1557 3570 1608 ὁ
3631 1555 3733 1622 μὲν

2167 1649 2420 1718 βασιλεὺς
2452 1647 2636 1718 ἐζήτει
2667 1649 2853 1700 λαϐεῖν
2892 1646 3021 1700 ἀλλο
3049 1645 3159 1698 τῶν
3193 1645 3577 1715 μοναστηρίων
3609 1662 3698 1709 μει
3718 1676 3732 1682 -

2166 1737 2390 1807 ζότερον
2423 1736 2516 1788 καὶ
2567 1735 3142 1805 είσοδηματικὼτερον
3177 1735 3362 1789 δοῦναι
3418 1737 3582 1805 αὐτῇ,
3610 1737 3638 1787 ό
3668 1736 3733 1787 δὲ

2170 1831 2516 1898 πατριάρχης
2575 1827 2821 1896 ἐνταλμα
2853 1827 3260 1897 πατριαρχικῆς
3313 1826 3561 1890 ἐξουσίας
3611 1829 3731 1894 ἐξέ-

2160 1920 2335 1973 δωκεν
2386 1924 2467 1982 εἰς
2506 1920 2606 1982 τὰς
2656 1919 2990 1990 βουλομένας
3049 1919 3151 1987 τῆς
3200 1919 3406 1982 πόλεως
3465 1921 3732 1986 γυναῖκας

2165 2013 2451 2081 προσιέναι
2503 2013 2676 2081 αὐτῇ·
2713 2011 2762 2063 οί
2802 2010 2858 2064 δὲ
2902 2011 3000 2080 τῆς
3062 2013 3269 2075 πόλεως
3303 2012 3496 2082 ῇθελον
3543 2013 3728 2065 δοῦναι

2162 2106 2356 2166 αὑταῖς
2402 2106 2510 2157 πᾶν
2550 2105 2852 2172 ἀναγκαῖον
2903 2106 2983 2167 είς
3033 2105 3096 2158 τὸ
3146 2106 3576 2160 ἐπισκέπτεσθαι
3633 2110 3730 2159 καὶ

2163 2196 2490 2266 θεραπεύειν
2543 2196 2612 2249 τὰ
2660 2197 2796 2266 πρὸς
2853 2199 3044 2266 χρείαν
3090 2197 3304 2250 αὐτῶν·
3343 2198 3443 2268 οὐχ
3483 2198 3729 2269 ὑπῆρχεν

2163 2290 2270 2358 γὰρ
2303 2283 2546 2352 ἐκείναις
2568 2289 2693 2342 οὔτε
2718 2292 2952 2362 -χρυσίον
2983 2289 3110 2344 οὔτε
3155 2291 3442 2361 ἀργύριον,
3467 2293 3566 2345 οὐκ
3597 2292 3727 2347 ἄλλο

2161 2385 2286 2436 τιεί
2317 2384 2393 2454 μή
2426 2383 2485 2435 τὸ
2541 2383 2864 2454 ἐργόχειρον
2923 2384 3018 2438 καὶ
3069 2387 3103 2454 ή
3170 2384 3264 2437 τοῦ
3301 2383 3438 2436 Θεοῦ
3485 2386 3572 2438 διὰ
3616 2386 3724 2438 τῶν

2159 2479 2441 2548 ἀρχόντων
2477 2479 2816 2549 προμήθεια.
2851 2477 3107 2532 Λασοῦσα
3146 2478 3202 2531 δὲ
3252 2482 3451 2549 μικρόν
3483 2496 3536 2532 τι
3565 2479 3726 2532 κάθιο

2164 2588 2300 2638 opu,
2334 2571 2676 2640 συνέδραμον
2699 2573 2781 2634 εἰς
2814 2570 3096 2640 ὑποταγὴν
3119 2571 3290 2639 αὐτῆς
3318 2570 3577 2624 τοσαῦται
3598 2572 3722 2623 ὅσαι

2159 2662 2260 2713 οὐκ
2298 2660 2584 2730 ἐχώρησαν
2610 2660 2689 2724 είς
2729 2677 2790 2713 τε
2821 2661 2920 2730 τὴν
2959 2660 3050 2713 τοῦ
3083 2660 3249 2723 Λιῦὸς
3297 2662 3468 2729 μονὴν
3497 2660 3593 2712 καὶ
3624 2660 3725 2727 τῆς

2160 2753 2333 2820 κυρᾶς
2395 2752 2650 2822 Μάρθας.
2733 2750 2797 2805 Ἦ
2849 2752 2908 2804 δὲ
2940 2753 3001 2804 οὺ
3044 2753 3265 2814 πλείους
3309 2752 3342 2823 ἢ
3402 2751 3727 2804 δυοκαίδεκα

2159 2844 2564 2914 προσελάϐετοο
2601 2847 2694 2898 καὶ
2717 2841 2862 2915 ἦσαν
2898 2845 3146 2898 τοιαῦται
3173 2846 3254 2907 είς
3307 2862 3366 2897 τε
3407 2845 3726 2913 ἀκτήμοσὺ-

2159 2953 2256 3006 νην
2283 2940 2376 2989 καὶ
2411 2937 2665 3006 ὑπακοὴν
2699 2939 2796 2990 καὶ
2831 2936 3194 3008 σωφροσύνην
3223 2937 3320 2990 καὶ
3354 2939 3466 2990 πᾶν
3492 2936 3544 2988 εί
3564 2953 3614 2988 τι
3645 2935 3726 2998 είς

2165 3028 2324 3098 142
2354 3029 2488 3082 Θεὸν
2520 3029 2904 3095 εὐαπόδεκτον,
2933 3030 3022 3082 ὅτι
3054 3029 3346 3082 κατέλιπον
3369 3029 3424 3080 ot
3482 3027 3582 3096 τῆς
3629 3027 3726 3078 πόα

2158 3119 2294 3184 λεως
2327 3121 2508 3189 λέγειν
2540 3119 2605 3174 Ἦ
2642 3122 2795 3188 ἀγία,
2815 3121 2932 3173 ἀλλ’
2966 3120 3032 3173 Δί
3057 3120 3210 3187 ἀγιαι
3241 3135 3254 3150 ⁸
3291 3120 3387 3172 καὶ
3412 3118 3544 3172 αὐτὸ
3572 3119 3635 3186 δὴ
3660 3118 3720 3170 τὸ

2158 3214 2328 3282 δνομα
2357 3209 2506 3283 εἶχον
2540 3213 2632 3277 Είς
2665 3212 2764 3276 τὰς
2805 3212 2990 3281 ἁγίας.
3015 3212 3132 3265 ’Καὶ
3165 3213 3228 3264 τὺ
3266 3213 3365 3280 μὲν
3417 3212 3526 3264 τῶν
3559 3227 3724 3282 μοναο

2158 3392 2415 3465 Cypriani
2449 3393 2702 3462 conjuge,
2734 3393 2785 3446 in
2815 3391 3075 3446 Lemnum
3127 3393 3396 3452 discessit,
3432 3391 3552 3444 inde
3573 3388 3716 3458 ϐρο-

2159 3488 2250 3542 Ιίιιι
2296 3501 2602 3541 reversura.
2637 3486 2694 3539 In
2719 3484 2926 3540 Lemno
2957 3494 3068 3539 tum
3097 3497 3216 3540 erat
3248 3499 3378 3537 avus
3411 3497 3556 3536 meus
3586 3495 3707 3533 cum

2159 3592 2328 3633 uxore
2357 3591 2412 3632 et
2437 3578 2645 3632 liberis.
2678 3578 2866 3646 Itaque
2901 3585 3030 3630 natu
3063 3578 3296 3630 maxima
3332 3575 3560 3629 ﬁliarum
3592 3573 3707 3634 ejus

2157 3684 2279 3722 cum
2309 3676 2554 3722 sanctam
2583 3651 3012 3721 hatrefentittatn
3050 3666 3275 3720 vidisset
3301 3676 3352 3720 et
3377 3668 3719 3718 observasset

2160 3761 2410 3813 virtutem
2458 3758 2576 3826 ejus
2612 3761 2685 3813 ad
2727 3773 3057 3822 sermonem,
3106 3759 3320 3812 relictis
3374 3755 3716 3827 parentibus,

2160 3848 2438 3914 fratribus,
2467 3849 2772 3910 sororibus,
2808 3859 2860 3902 et
2887 3865 3120 3916 quocum
3147 3850 3442 3916 conjuncta
3465 3857 3583 3902 erat
3607 3862 3717 3901 ma-

2158 3945 2282 4007 rito,
2321 3951 2483 4010 atque
2518 3942 2726 4005 liberis,
2761 3941 3204 3996 Thessalonicam
3239 3942 3504 4011 profecta,
3539 3954 3720 3993 mona-

2153 4038 2276 4092 chis
2305 4050 2367 4089 se
2412 4035 2666 4104 ascripsit
2698 4034 2882 4102 ibique
2916 4034 3019 4089 sub
3052 4035 3294 4101 imperiis
3323 4043 3530 4092 sanctae
3560 4031 3716 4097 hujus

2157 4126 2403 4182 mulieris
2423 4124 2577 4179 vixit.
2608 4127 2736 4179 lude
2764 4126 2845 4178 ha:
2870 4135 2979 4180 tres
3011 4124 3366 4193 solmllpolim
3387 4123 3717 4189 [emigra-otes

2155 4218 2424 4287 principio
2474 4217 2525 4270 in
2560 4217 2945 4270 mouaislerium
2978 4217 3222 4271 Clerenze
3257 4225 3549 4268 venerunt.
3587 4215 3714 4267 (lum

2155 4323 2336 4363 autem
2391 4319 2591 4364 sanctae
2630 4309 2779 4363 illius
2831 4309 3044 4362 fetniuaa
3075 4310 3252 4362 virtus
3284 4316 3339 4362 et
3384 4306 3716 4360 Litterarum

2153 4418 2431 4457 sacrarum
2471 4403 2662 4472 peritia
2705 4401 3020 4469 imperatori
3063 4411 3117 4455 et
3149 4401 3473 4470 patriarchae
3502 4399 3719 4453 univer-

480 4495 605 4562 legi.
643 4494 930 4548 Habebunt
959 4503 1140 4548 autem
1169 4510 1350 4550 secum
1376 4507 1622 4550 sanctam
1658 4512 1872 4566 quoque
1901 4499 2049 4556 Tho-
2081 4496 2124 4552 D
2157 4511 2338 4564 saeque
2359 4495 2562 4549 civitati
2598 4496 2949 4559 innotuisset,
2978 4493 3271 4562 imperator
3291 4493 3338 4547 ei
3371 4493 3517 4546 aliud
3545 4493 3715 4559 majus

483 4585 716 4640 maidem
749 4601 979 4655 eamque
1023 4588 1089 4639 ad
1125 4587 1343 4641 virtutis
1381 4596 1434 4640 et
1467 4588 1771 4642 litterarum
1801 4590 2047 4658 discipli-

479 4691 605 4729 nam
635 4678 981 4732 erudiebant.
1036 4676 1174 4732 Cum
1207 4679 1438 4732 instaret
1484 4679 1617 4748 ipsis
1658 4681 1867 4735 vivendi
1900 4683 2045 4751 linis,

478 4769 654 4822 eidem
691 4785 812 4836 ηοω
845 4770 1115 4822 habebant
1153 4770 1336 4823 omnia
1380 4770 1738 4839 reliquerunt,
1786 4791 1890 4828 una
1923 4792 2046 4832 cum

479 4878 651 4920 uxore
682 4862 968 4931 Cypriani,
992 4877 1113 4928 quae
1142 4877 1393 4931 asperam
1417 4864 1518 4916 viri
1558 4865 1644 4919 sui
1663 4876 1914 4921 naturam
1936 4885 2045 4924 non

475 4954 682 5016 ferens,
723 4953 776 5004 iu
817 4951 944 5005 illud
977 4951 1216 5020 profecta
1249 4957 1656 5019 monasterium.
1692 4961 1830 5013 inter
1863 4975 2048 5016 utona-

473 5044 609 5100 chas
638 5058 832 5098 nomen
885 5045 1137 5097 dederat.
1179 5044 1472 5112 Postquam
1509 5059 1693 5103 autem
1753 5054 1861 5105 illae
1903 5055 2042 5107 diem

472 5136 748 5202 obierunt,
796 5137 1257 5206 quemadmodum
1312 5137 1498 5194 virtuti
1559 5157 1616 5195 se
1667 5145 1918 5211 subjecit,
1969 5145 2042 5200 ita

473 5228 691 5284 illarum
727 5238 839 5284 tum
871 5232 1137 5283 bonorum
1168 5240 1279 5284 tum
1315 5231 1439 5285 vita:
1470 5248 1528 5286 se
1557 5233 1792 5300 subjecit
1818 5235 2042 5301 haeredi,

471 5330 527 5376 et
561 5321 721 5390 hujus
772 5321 1139 5390 subiectionis
1191 5337 1412 5378 cursum
1457 5326 1715 5392 praeclare
1748 5342 1921 5396 usque
1975 5328 2042 5381 ad

471 5422 702 5468 mortem
747 5411 1002 5468 confecit.
1042 5411 1254 5484 Conjux
1298 5414 1411 5469 haec
1455 5415 1738 5485 Cypriani,
1789 5418 2040 5485 inquam,

469 5503 618 5561 illius
638 5513 782 5570 erat,
815 5505 908 5574 qui
938 5503 1148 5575 Cpolim
1188 5506 1356 5572 venit,
1384 5517 1439 5560 et
1482 5507 1878 5562 monasterium
1913 5523 2044 5563 sau-

465 5603 678 5648 ctorum
709 5605 1007 5666 martyrum
1039 5596 1302 5650 nobilium
1327 5593 1742 5649 Theodororum
1775 5606 2034 5652 constru-

2151 4599 2207 4640 et
2241 4586 2562 4656 locupletius
2593 4584 2982 4638 monasterium
3019 4583 3158 4635 tradi
3188 4581 3379 4647 jussit;
3408 4580 3714 4648 patriarcha

2152 4675 2511 4747 patriarchali
2535 4675 2860 4728 auctoritate
2889 4671 3163 4736 omnibus,
3185 4685 3305 4740 qua:
3327 4671 3545 4733 vellent,
3569 4670 3715 4722 urbis

2151 4768 2467 4822 mulieribus
2499 4774 2819 4833 potestatem
2846 4764 3015 4828 dedit,
3046 4763 3119 4816 illi
3153 4777 3211 4816 se
3239 4761 3568 4831 aggregandi
3596 4775 3613 4825 ;
3642 4762 3717 4813 ci-
3753 4777 3756 4780 λ

2146 4875 2243 4915 ves
2285 4875 2405 4930 qua?
2454 4868 2639 4913 essent
2689 4857 3000 4911 necessaria
3045 4855 3112 4909 ad
3167 4870 3252 4908 res
3299 4855 3630 4909 ordinandas
3662 4861 3715 4906 ct

2147 4949 2615 5005 adtniuistrandas
2653 4959 2913 5017 praestare
2939 4947 3005 5002 iis
3041 4946 3318 5001 volebant.
3361 4945 3545 5014 Neque
3570 4945 3710 4997 enim

2147 5045 2253 5098 illis
2303 5053 2420 5097 erat
2484 5042 2564 5094 vel
2615 5057 2829 5131 au’rum,
2879 5040 2963 5094 vel
3043 5049 3352 5108 argentum,
3418 5036 3502 5090 vel
3569 5035 3713 5088 aliud

2146 5135 2440 5205 quidquam
2483 5133 2584 5188 nisi
2629 5129 2764 5199 opus
2794 5147 3052 5185 manuum
3087 5141 3142 5186 et
3173 5131 3354 5184 divina
3386 5144 3484 5196 per
3516 5129 3714 5196 magis-

2147 5208 2322 5281 tratus
2370 5224 2730 5294 providentia.
2771 5223 2981 5293 ltaque,
3033 5239 3156 5276 eum
3193 5237 3300 5276 non
3351 5223 3422 5275 ita
3474 5220 3710 5289 amplum

2144 5319 2482 5375 domicilium
2517 5319 2764 5382 haberet,
2786 5317 2854 5372 ad
2880 5317 3046 5370 vitam
3072 5331 3138 5370 ex
3163 5315 3392 5386 imperio
3415 5315 3530 5384 ejus
3553 5327 3713 5382 agen-

2143 5411 2265 5463 dam
2314 5419 2393 5463 tot
2441 5408 2841 5474 conﬂuxerunt,
2897 5419 3030 5478 quot
3061 5424 3166 5462 non
3223 5405 3618 5463 concesserunt
3648 5405 3708 5457 in

2145 5486 2533 5557 monasterium
2588 5501 2737 5556 Libis
2767 5511 2823 5556 et
2859 5501 3085 5556 Marthte
3120 5501 3374 5556 dominae.
3409 5499 3478 5554 At
3506 5500 3711 5568 recepit

2143 5594 2248 5666 illa“
2265 5608 2371 5646 non
2403 5594 2521 5660 plus
2555 5595 2860 5658 duodecim,
2889 5603 3052 5663 atque
3082 5607 3240 5647 erant
3269 5606 3464 5647 omnes
3490 5593 3556 5644 ad
3582 5605 3710 5658 pau-

465 5684 565 5745 xit,
594 5689 736 5753 quod
763 5683 1017 5756 Cypriani
1068 5683 1502 5754 cognominatur.
1539 5684 1931 5742 Thessalonica
1972 5688 2038 5740 ab
2140 5697 2426 5758 perlatem,
2455 5684 2850 5751 obedientiam,
2895 5684 3248 5748 modestiam,
3283 5684 3519 5751 denique
3546 5685 3709 5746 quiu-

464 5770 647 5840 impiis
673 5786 957 5843 occupata,
994 5784 1182 5830 sancta
1213 5774 1470 5840 Thomais
1496 5792 1617 5830 cum
1654 5779 1873 5830 alumna
1912 5795 2032 5844 Sua,

2142 5779 2270 5846 qt‘tij
2304 5773 2413 5829 Deo
2449 5786 2662 5843 gratum
2699 5786 2803 5841 est,
2835 5787 2943 5829 tam
2978 5777 3194 5846 egregie
3241 5782 3462 5845 paratae,
3498 5785 3556 5826 ut
3601 5785 3704 5835 IN"
