4096 6300
382 398 485 461 ’ἶῖ-ἶί

1414 405 1864 466 (ΞΠΒΟΧΙΕΟΝ
1910 407 2174 467 MUUS.
2215 431 2276 441 -·
2315 406 2463 468 LIB.
2504 407 2582 467 iI.

3527 404 3631 468 ΤΑ

385 514 497 584 λῶν
536 514 762 569 ἐκείνων
790 518 1069 582 γυναικῶν
1121 519 1302 572 κοινὸν
1331 519 1392 572 τὸ
1448 520 1551 587 τῆς
1602 522 1813 590 τροφῆς
1856 524 1953 575 καὶ
1984 538 2025 593 Α
2056 523 2417 593 συγχωρήσας
2469 522 2562 573 τὸν
2620 520 2951 590 πειρασμὸν,
3016 514 3318 591 χορηγήσει
3368 520 3466 574 καὶ
3525 522 3626 591 τὴν

389 605 709 673 ινδυμάτων
741 608 838 660 καὶ
866 607 924 659 τδ
959 608 1034 677 μὴ
1062 608 1208 678 ἔχειν
1245 609 1380 664 ῑδιον
1415 612 1509 664 καὶ
1542 613 1603 664 τὸ
1633 613 1706 681 μὴ
1738 615 1963 681 ποιῆσαι

387 695 451 750 es
490 698 818 768 μικρότερον
862 700 894 767 ἢ
933 700 1069 769 πρὸς
1123 704 1311 773 κοινὴν
1345 704 1377 773 ἢ
1422 705 1558 773 πρὸς
1598 705 1747 758 ίδίαν
1773 706 1985 775 χρείαν

388 792 436 841 εί
474 791 549 859 μὴ
584 791 727 859 μετὰ
762 794 1177 863 συγχωρήσεως
1227 797 1476 873 ὑπῆρχεν
1502 800 1715 862 αὑταῖς,
1777 802 1874 853 καὶ
1902 800 1966 851 τὸ

392 882 732 951 ἀννπόδητον
764 889 859 938 καὶ
888 886 1250 956 ὀλιγότροφον
1281 892 1375 944 καὶ
1418 893 1593 961 χαμαὶ
1620 892 1838 945 κεῖσθαι
1868 894 1967 946 καὶ

393 976 457 1028 ἐν
492 976 745 1049 εὐτελείᾳ
798 979 893 1032 καὶ
916 980 1087 1035 τᾶλλα
1132 982 1234 1035 ὅσα
1286 983 1395 1036 τῶν
1446 986 1657 1054 ἀρετῶν
1714 987 1851 1039 εἰσὶν
1902 988 1968 1039 ἐκ

394 1069 707 1137 μαρτυρίας
739 1069 848 1123 τῶν
878 1073 1158 1142 περισσῶν
1183 1074 1297 1129 ἔστι
1352 1076 1687 1146 διηγεῖσθαι.
1733 1077 1968 1146 Ὁμοίως

394 1159 451 1211 δέ
506 1161 673 1214 πάλιν
706 1164 801 1215 καὶ
847 1164 947 1231 τῆς
1007 1168 1192 1220 αὐτῶν
1245 1169 1404 1232 ὁσίας
1464 1172 1558 1223 καὶ
1590 1171 1969 1239 πνευματικῆς

400 1252 608 1319 μητρὸς
640 1252 744 1319 τῆς
768 1255 997 1309 ἐκείνων
1025 1259 1337 1328 συνδρομῆς
1372 1261 1468 1313 καὶ
1492 1262 1837 1328 ἐπισκέψεως
1859 1258 1968 1312 τῶν

397 1342 669 1408 βασιλέων
698 1347 791 1399 καί
823 1347 1126 1402 δεσποινῶν
1185 1352 1282 1404 καὶ
1316 1352 1597 1421 ἀρχόντων
1650 1352 1747 1405 καὶ
1777 1354 1971 1421 ἀρχον-

396 1436 622 1500 τισσῶν,
666 1440 723 1490 αί
776 1438 875 1507 μὲν
909 1440 1087 1510 χάριν
1118 1442 1572 1513 ἐξομολογήσεως
1600 1445 1655 1496 αί
1706 1443 1761 1496 δὲ
1804 1442 1972 1513 εὐχῆς

400 1528 489 1579 καὶ
522 1528 899 1598 ἐπισκέψεως,
950 1532 1034 1594 τίς
1066 1533 1134 1585 ἂν
1160 1533 1407 1601 ἀκριϐῶς
1443 1532 1619 1587 ταῦτά
1644 1551 1702 1586 τε
1742 1535 1835 1586 καὶ
1874 1534 1973 1602 τὴν

400 1616 619 1685 ἐκείνης
655 1620 859 1687 ἀρετὴν
893 1621 1152 1691 δυνηθείη
1182 1623 1591 1691 διηγήσασθαι;
1629 1624 1689 1676 ἓν
1722 1623 1779 1675 δὲ
1813 1624 1973 1691 μόνον

401 1707 804 1775 διηγησάμενοι
846 1711 1113 1781 δείξωμεν
1152 1713 1222 1766 τά
1286 1717 1464 1768 πάντα
1502 1713 1699 1783 άληθῆ.
1758 1715 1847 1781 Τῷ
1881 1715 1975 1783 ρη-

403 1799 551 1852 θέντι
594 1802 815 1871 μεγάλῳ
874 1802 1163 1875 Σαϐϐάτῳ,
1214 1805 1407 1875 ὥσπερ
1473 1823 1564 1874 μοι
1621 1804 1972 1874 συμϐέϐηκεν

2069 612 2325 682 βοήθειαν
2353 612 2447 664 καὶ
2479 611 2728 665 διάλυσιν
2773 612 2940 666 αὐτοῦ
2984 612 3174 680 δὴντοῦ
3233 612 3568 682 πειρασμοῦ.
3605 632 3624 664 δ

2068 703 2175 755 Καὶ
2204 703 2492 772 ἱστάμεναι
2520 703 2747 769 ἔψαλλον
2772 705 2854 766 είς
2887 704 2988 774 τὴν
3016 704 3286 757 Θεοτόκον
3339 704 3634 774 παράκλη-

2070 810 2157 845 σιν
2184 794 2551 862 δακρύουσαι.
2583 794 2791 847 Τούτου
2833 796 2887 847 τί
2926 798 3174 863 κρεῖττον
3200 798 3284 857 εἰς
3330 796 3640 865 μαρτύριον

2066 885 2164 953 τῆς
2190 886 2268 946 είς
2300 886 2437 938 Θεὸν
2460 887 2628 954 αὐτῆς
2660 887 2862 955 ἀρετῆς
2895 888 2987 938 καὶ
3011 886 3341 947 οἰκειώσεως
3366 904 3381 951 ;
3415 888 3641 952 Ζήσασα

2068 969 2161 1024 οὖν
2188 971 2361 1033 οὕτως
2405 974 2611 1038 καλῶς,
2663 974 2761 1027 καὶΙ
2812 975 2985 1027 πολλὰ
3050 976 3130 1037 είς
3188 976 3493 1044 μαρτυρίαν
3543 976 3643 1039 τῆς

2072 1065 2274 1134 ἀρετῆς
2300 1065 2473 1132 αὐτῆς
2517 1067 2795 1131 ἐπιδείξας
2824 1071 2851 1121 ὁ
2876 1067 3027 1133 Θεὸς,
3056 1068 3204 1123 τέλος
3234 1070 3327 1121 καὶ
3358 1072 3385 1119 ὁ
3414 1068 3645 1129 θάνατος

2072 1157 2244 1224 αὐτῆς
2280 1157 2465 1224 τίμιος
2495 1159 2738 1211 ἐναντίον
2775 1159 2985 1227 κυρίου
3018 1161 3241 1226 ἐγένετο
3272 1148 3391 1211 ’καὶ
3412 1159 3520 1209 τῶν
3550 1160 3645 1210 ἁν-

2074 1247 2310 1317 θρώπων
2342 1251 2579 1318 προέϐη.
2619 1251 2892 1319 Ἡμέραις
2930 1255 3041 1322 γάρ
3097 1268 3241 1303 τισιν
3294 1252 3646 1315 άσθενῆσασα

2078 1340 2298 1409 μικρὸν,
2325 1342 2423 1395 καλ⁸
2455 1341 2641 1403 πάσας
2691 1342 2789 1403 τὰς
2846 1344 3093 1411 μοναχὰε
3135 1342 3334 1404 κοινῶς
3390 1342 3647 1409 νουθετὴο

2076 1448 2242 1495 σασα,
2278 1432 2373 1484 καὶ
2404 1434 2790 1501 καταλείψασα
2823 1437 2903 1496 είς
2931 1434 3030 1505 τὴν
3067 1436 3332 1504 ὑποδοχὴν
3361 1436 3457 1501 τῆς
3496 1435 3651 1487 ἀδελ-

2077 1523 2185 1592 φῆς
2215 1523 2315 1593 τῆς
2345 1524 2489 1592 ἐμῆς
2527 1527 2754 1593 μητρὸς,
2787 1527 2941 1596 ἢκοιί
2968 1526 3161 1595 πρῶτα
3193 1530 3271 1578 εἰς
3298 1528 3498 1594 ἀρετὴν
3553 1528 3651 1580 καὶ

2076 1616 2354 1685 ὑποταγὴν
2390 1618 2563 1685 αὐτῆς
2585 1613 2652 1688 ἦν
2687 1620 2779 1669 καὶ
2834 1619 3014 1672 πάντα
3052 1621 3120 1671 τὰ
3168 1617 3261 1670 τοῦ
3298 1617 3513 1669 κελλίου
3548 1615 3649 1667 αύ-

2075 1708 2185 1763 τῶν
2214 1709 2399 1777 ἐκείνη
2424 1710 2639 1772 διοίκει,
2678 1706 2799 1762 εἶτα
2852 1711 2928 1773 ὼς
2968 1710 3155 1771 ἔνθους
3198 1710 3467 1777 γενομένη
3517 1707 3650 1760 ἐκάο

2077 1799 2233 1867 θητο,
2281 1800 2409 1862 τοὺς
2440 1801 2541 1870 μὲν
2565 1801 2884 1869 ὀφθαλμοὺς
2913 1802 3115 1871 ἔχουσα
3172 1800 3651 1869 κεκαλυμμένους,

402 1889 549 1959 ἇπερ
577 1891 979 1961 ἐδιηγησάμην,
1007 1895 1331 1965 καθημένης
1372 1895 1511 1963 μετὰ
1550 1894 1650 1965 τὴν
1700 1894 1801 1960 τῆς
1862 1893 1970 1945 λει-
2006 1896 2045 1952 Β
2076 1891 2137 1944 τὸ
2162 1892 2220 1943 δὲ
2249 1893 2423 1959 στόμα
2460 1895 2547 1946 ἀεὶ
2580 1892 2809 1945 κινοῦσα
2864 1894 3001 1961 πρὸς
3045 1894 3251 1961 ὕμνους
3305 1895 3399 1946 καὶ
3437 1893 3656 1963 εὐχαρι-
3722 1938 3729 1957 ι

404 1980 666 2049 τουργίας
700 1983 929 2054 τελετὴν
978 1986 1037 2039 ἐν
1098 1988 1163 2055 τῇ
1208 1985 1501 2055 ἐκκλησίᾳ,
1554 1986 1651 2038 καὶ
1696 1986 1797 2038 σὺν
1832 1986 1972 2055 αὐτῇ

408 2072 577 2124 πᾶσαι
608 2073 663 2124 αἱ
697 2076 932 2143 μοναχαὶ
964 2076 1137 2145 αὐτῆς
1187 2079 1599 2146 προσμένουσαι
1637 2078 1724 2130 ἵνα
1779 2077 1989 2146 μικρόν

403 2177 456 2213 τι
482 2161 574 2214 καὶ
606 2164 1032 2230 ἀπογεύσωνται
1060 2168 1153 2221 διὰ
1191 2168 1294 2239 τὴν
1331 2167 1428 2222 τοῦ
1458 2168 1761 2238 άντιδώρου
1816 2176 1980 2232 μετά-

404 2252 598 2324 ληψιν·
633 2251 753 2309 εἶτα
792 2259 872 2318 είς
902 2258 1001 2322 τὰς
1028 2259 1265 2328 Πράξεις
1289 2260 1400 2313 τῶν
1444 2262 1767 2315 ἀποστόλων
1813 2263 1977 2328 τεθῆ-

404 2363 492 2398 ναι
514 2345 615 2414 τὴν
648 2348 960 2417 ἀνάγνωσιν
986 2364 1001 2381 θ
1042 2350 1197 2420 λέγει
1222 2346 1318 2407 οὗν
1369 2356 1402 2423 ἡ
1464 2354 1612 2407 ὁσία·
1653 2374 1671 2407 ι
1706 2355 1978 2425 Μοναχαὶ,

406 2439 707 2507 ἐγείρεσθε.
767 2459 787 2493 ι
844 2441 1036 2503 Αίδέ·
1087 2460 1107 2494 r
1148 2444 1214 2496 Τί
1275 2446 1359 2497 σοί
1406 2447 1522 2498 ἐστι
1580 2447 1765 2515 χρεία,
1809 2448 1983 2515 κυρία

406 2532 563 2597 ἡμῶν
595 2531 765 2598 άγία;
802 2551 820 2585 ι
878 2533 940 2586 Ἦ
973 2535 1029 2588 δέ
1054 2550 1068 2564 ο
1107 2552 1127 2585 ι
1162 2535 1255 2604 Τῷ
1312 2538 1418 2605 κίδρ
1466 2538 1730 2607 Γεωργίῳ
1781 2538 1983 2607 ἐπῆλθε

421 2621 579 2692 143
613 2626 941 2692 πειρασμὸς,
968 2628 1059 2679 καὶ
1088 2626 1374 2697 δεηθῶμεν
1399 2629 1499 2695 τῆς
1530 2630 1800 2682 Θεοτόκου
1842 2632 1984 2701 ὺπέρ

419 2716 658 2769 ἐκείνου.
703 2736 722 2767 ι
788 2718 920 2770 Τόδε
979 2720 1290 2774 ἀκούσασαι
1354 2724 1525 2773 πᾶσαι
1603 2721 1985 2791 προσέδραμον

414 2806 554 2875 αὐτῇ
590 2807 730 2873 μετά
758 2810 1039 2879 δακρύων,
1093 2812 1390 2880 ἐξαιρέτως
1444 2812 1501 2865 δέ
1542 2812 1598 2866 al
1647 2813 1746 2881 τῆς
1780 2813 1985 2882 μητρός

416 2914 520 2963 μου
547 2898 810 2965 ἀδελφαί⁶
838 2902 933 2953 καὶ
990 2901 1097 2970 γὰρ
1141 2902 1305 2971 ἐτέρα
1361 2900 1567 2971 ἀδελφὴ
1628 2900 1716 2974 ἦν,
1760 2903 1988 2973 ὕστερον

413 2995 676 3058 γεγονυῖα
728 2993 959 3061 κάκείνη
1026 2995 1238 3063 μοναχῆ
1286 2996 1380 3047 καὶ
1440 2996 1783 3066 ύποτακτικὴ
1815 2998 1987 3065 αὐτῆς

412 3079 577 3146 καλή.
610 3082 970 3152 Προσὲδραμε
1004 3083 1182 3151 καύτὴ
1217 3085 1359 3153 μετὰ
1400 3085 1680 3155 δακρύων,
1715 3089 1985 3142 πυνθανο-

414 3176 591 3244 μένη·
628 3192 646 3225 ι
685 3174 750 3227 Τί
784 3175 944 3229 τοῦτο
974 3176 1003 3229 ὃ
1052 3177 1258 3244 λέγεις,
1290 3178 1461 3247 κυρία
1511 3181 1669 3249 ἡμῶν
1733 3180 1904 3247 ἁγίας
1960 3201 1978 3235 ι

2085 1983 2238 2046 στίας
2266 1983 2403 2053 πρὸς
2448 1984 2615 2037 Θεὸνο
2680 1987 2936 2053 ἐμιμεῖτο
3002 1986 3111 2055 γὰρ
3171 1987 3403 2039 πάντοτε
3439 1988 3471 2053 ἠ
3525 1985 3656 2050 ἁγία

2076 2076 2140 2129 τὸ
2168 2076 2263 2129 τοῦ
2310 2077 2456 2129 θείου
2491 2078 2947 2149 χρυσορρήμονος
3000 2080 3221 2147 Πατρδς
3262 2080 3426 2150 ῥητὸν
3472 2081 3531 2131 τὸ
3566 2079 3656 2130 λέ-

2079 2184 2212 2236 γονο
2269 2187 2289 2220 ε
2326 2170 2418 2239 Μὴ
2474 2172 2640 2223 τάσιν
2723 2173 2909 2240 φωνῆς
2990 2175 3195 2246 νοήσῃς
3257 2174 3351 2226 καὶ
3426 2174 3657 2242 μέγεθος

2083 2254 2295 2324 (χρῆμα
2320 2257 2430 2327 γὰρ
2460 2259 2806 2327 ἀνάρμοστον
2835 2261 3013 2328 ἁγίοις
3038 2264 3069 2329 ἠ
3108 2263 3372 2331 κραυγή),
3416 2263 3552 2315 ἀλλὰ
3593 2263 3656 2314 τὸ

2082 2346 2269 2412 νοερὸν
2299 2346 2397 2413 τῆς
2427 2346 2671 2410 διανοίας
2707 2352 2803 2403 καὶ
2828 2350 2928 2419 τὴν
2958 2352 3118 2423 144
3183 2352 3499 2422 θερμότητα
3555 2354 3656 2419 τῆς

2082 2434 2258 2503 ψυχῆς
2288 2438 2383 2489 καὶ
2413 2438 2513 2506 τὴν
2546 2442 2831 2494 συντονίαν
2861 2445 2963 2512 τῆς
2995 2443 3261 2512 δεήσεως,
3288 2445 3413 2497 καθ’
3465 2445 3534 2515 ἣν
3560 2445 3658 2497 καὶ

2089 2526 2422 2580 σιωπώντων
2445 2529 2633 2583 ἀκούει
2661 2536 2688 2585 ὁ
2720 2532 2876 2597 Θεὸς.
2935 2554 2955 2587 ι
3007 2534 3068 2587 ’11
3099 2533 3195 2588 οὖν
3236 2536 3368 2602 ἁγία
3424 2538 3563 2605 μήτε
3606 2553 3659 2589 τι

2089 2618 2554 2690 προλαμϐάνουσα
2612 2626 2885 2694 τροφίμου
2941 2628 3278 2699 ἢπυσίμου,
3351 2631 3487 2698 μήτε
3540 2633 3661 2697 ὁμι-

2087 2707 2258 2762 λοῦσα
2306 2713 2369 2762 τὸ
2408 2713 2573 2782 τυχὸν
2622 2716 2753 2769 ἄνευ
2805 2717 2899 2769 τοῦ
2950 2718 3320 2789 καθ’ήμέραν
3360 2719 3660 2788 ἐρχομένου

2091 2802 2284 2871 ἱερέως
2309 2805 2389 2866 είς
2420 2806 2480 2857 τὸ
2513 2809 2958 2875 μεταλαμϐάνειν
2998 2812 3171 2879 αὐτὴν
3221 2813 3329 2863 τῶν
3372 2812 3532 2863 θείων
3567 2830 3665 2881 μυ-

2094 2895 2356 2965 στηρίων,
2396 2898 2520 2952 τότε
2560 2900 2782 2965 καὶτὰς
2813 2905 3001 2971 χεῖρας
3066 2906 3161 2957 καὶ
3191 2906 3315 2966 τοὺς
3347 2903 3665 2973 ὀφθαλμοὺς

2090 2987 2172 3048 είς
2201 2987 2292 3041 τὸν
2318 2990 2546 3057 οὐρανὸν
2597 2993 2831 3060 αίρουσα
2886 2996 2980 3047 καὶ
3040 2997 3390 3066 συγχώρησιν
3432 2996 3663 3048 αἰτοῦσα

2090 3074 2285 3131 λαϐεῖν.
2316 3078 2545 3150 ὕστερον
2571 3082 3007 3152 μετελάμϐανεν.
3069 3086 3230 3137 Ἀλλὰ
3281 3087 3376 3138 καί
3410 3084 3506 3137 τοῦ
3566 3085 3664 3153 βα-

2095 3170 2291 3233 σιλέως
2325 3172 2431 3241 κὺρ
2467 3175 2723 3228 Ἰωάννου
2755 3176 2851 3229 καὶ
2880 3177 2989 3229 τῶν
3026 3176 3325 3230 δεσποινιῖΝ
3358 3180 3448 3230 καὶ
3486 3178 3665 3229 ἄλλων

425 3262 487 3316 Ἤ
529 3262 588 3316 δέ
627 3265 760 3333 πρὸς
788 3265 958 3328 αὐτάς
986 3266 1090 3334 ἔφη
1113 3282 1127 3298 ο
1170 3284 1189 3318 ι
1235 3268 1327 3340 Μὴ
1388 3267 1638 3340 θροεῖσθε
1664 3287 1679 3304 ο
1709 3273 1736 3323 ὁ
1778 3271 1913 3332 θεὸς
1958 3276 1987 3326 ό
2013 3262 2056 3286 ν
2090 3262 2305 3319 πολλῶν
2330 3265 2590 3331 πολλάκις
2620 3270 3088 3340 προσερχομένων
3117 3270 3281 3340 αὐτῇ,
3320 3270 3537 3337 saxeas,
3568 3270 3665 3321 καὶ

415 3457 523 3497 non
555 3453 779 3509 sanctae,
811 3447 907 3502 sed
938 3456 1251 3504 sanctarum
1285 3450 1550 3505 vocabulo
1590 3460 1875 3509 uterentur
1908 3454 1989 3510 ci-

414 3550 511 3591 ves
544 3545 596 3589 et
650 3538 1041 3592 monasterium
1082 3540 1162 3592 Ad
1195 3550 1413 3597 sanctas
1449 3543 1745 3600 diceretur.
1798 3544 1991 3601 Fuisse

418 3628 703 3681 monachis
734 3627 841 3681 illis
876 3626 1095 3684 feminis
1124 3646 1451 3687 comnunem
1504 3634 1709 3699 cibum,
1750 3650 1992 3690 commu-

420 3731 545 3771 nem
585 3718 862 3783 vestitum,
895 3735 1188 3776 commune
1214 3724 1406 3788 etiam,
1452 3733 1510 3778 ut
1537 3725 1671 3778 nihil
1712 3726 1991 3795 proprium

419 3808 786 3875 possiderent,
821 3812 978 3875 nihil,
1007 3816 1259 3879 quamvis
1293 3817 1591 3881 modicum,
1626 3818 1714 3871 vel
1754 3819 1820 3871 ad
1846 3833 1996 3873 com-

422 3918 677 3965 munem.
720 3904 805 3959 vel
838 3907 904 3959 ad
940 3907 1206 3974 privatam
1258 3909 1547 3962 utilitatem
1590 3908 1850 3974 facerent,
1888 3908 1993 3963 nisi

420 4011 744 4053 concessum
775 3998 839 4050 iis
874 4007 1052 4061 esset;
1084 4001 1303 4052 easdem
1330 3998 1719 4054 calceamentis
1749 4000 1915 4055 nullis
1940 4009 1997 4053 et

420 4088 679 4141 alimento
709 4089 854 4142 lenui
882 4105 1013 4144 usas
1043 4104 1186 4153 esse,
1221 4089 1368 4144 humi
1403 4090 1661 4145 cubuisse
1686 4099 1741 4145 et
1770 4091 1996 4146 omnino

420 4178 585 4231 vitam
616 4178 774 4232 vilem
805 4180 982 4249 egisse
1006 4188 1061 4233 et
1092 4179 1316 4245 reliquis
1343 4179 1637 4234 virtutibus
1661 4181 1995 4236 monachicis

420 4270 638 4324 dedisse
672 4285 918 4338 operam,
958 4286 1421 4339 supervacaneum
1454 4282 1539 4326 est
1579 4272 1786 4329 dicere.
1829 4272 1996 4327 Simi-

422 4364 544 4417 liter
573 4365 639 4416 ad
677 4364 849 4432 ipsam
880 4373 1109 4418 matrem
1141 4375 1384 4419 sanctam
1417 4374 1474 4420 et
1500 4365 1839 4434 spiritualem
1867 4383 1998 4422 con-

420 4472 641 4511 cursum
704 4458 1118 4526 imperatorum.
1176 4458 1629 4526 imperatricum,
1686 4460 1992 4529 principum

2091 3445 2285 3501 matris
2342 3462 2472 3501 meas
2525 3462 2766 3503 sorores.
2819 3448 2951 3513 Nam
3007 3450 3176 3503 altera
3229 3464 3444 3518 quoque
3507 3465 3666 3502 smm-

2092 3546 2283 3604 postea
2320 3551 2378 3591 sc
2410 3537 2613 3591 iecerat
2648 3539 2967 3593 monacham
3012 3540 3264 3607 illiusque
3317 3557 3373 3594 sc
3415 3540 3666 3603 subiece-

2093 3638 2176 3681 rat
2210 3628 2461 3697 imperio.
2509 3626 2698 3698 Itaque
2756 3632 2869 3684 haec
2917 3646 3130 3699 quoq-uc
3160 3646 3280 3685 cmn
3310 3632 3547 3685 lacrimis
3579 3648 3669 3683 ar-

2094 3719 2288 3783 curt-it,
2317 3734 2567 3786 quaerens
2595 3739 2621 3774 τ’
2648 3739 2665 3771 ι
2695 3720 2832 3785 Quid
2885 3722 3014 3774 illud
3047 3731 3149 3785 est,
3182 3722 3322 3789 quod
3353 3722 3510 3785 dicis,
3540 3738 3669 3776 san-

2093 3821 2180 3864 cta
2215 3811 2435 3864 domina
2466 3812 2697 3864 nostra?
2732 3830 2751 3862 ι
2786 3812 2854 3865 At
2887 3812 2975 3864 illo
3017 3828 3032 3866 :
3075 3830 3095 3861 ε
3131 3812 3206 3865 Νε
3233 3812 3662 3876 tumultuamini,

2095 3901 2269 3969 inquit
2298 3917 2311 3964 ;
2344 3902 2437 3969 qui
2463 3901 2838 3956 sollicitationi
2868 3903 3045 3956 locum
3066 3904 3211 3957 dedit
3233 3905 3395 3964 Dens.
3418 3904 3661 3971 ejusdem

2094 3995 2259 4049 etiam
2302 3994 2611 4064 praesidium
2640 4004 2697 4048 et
2728 3995 3023 4047 remedium
3078 3996 3383 4064 praestabit.
3414 4014 3432 4047 ι
3474 3996 3665 4065 Itaque

2096 4087 2198 4141 illa:
2224 4085 2412 4140 ﬂentes
2434 4084 2660 4138 Matrem
2694 4087 2783 4140 Dei
2812 4087 3175 4156 implorabant
3194 4089 3662 4156 celebrabautquc

2096 4179 2335 4250 hymnis.
2371 4180 2483 4231 Hac
2519 4193 2578 4233 re
2604 4180 2732 4248 quid
2766 4190 2945 4247 potest
2971 4196 3092 4236 esse
3136 4182 3396 4236 disertius
3443 4187 3663 4239 virtutis

2095 4270 2420 4339 pietatisque
2471 4272 2887 4325 testimonium?
2941 4270 3020 4325 ita
3065 4274 3234 4341 igitur
3278 4289 3398 4327 cum
3439 4275 3666 4343 pulchre

2099 4364 2325 4417 vixisset
2355 4373 2407 4416 et
2437 4363 2852 4417 sanctimoniam
2872 4366 2989 4434 ejus
3024 4366 3204 4420 multis
3239 4366 3403 4421 rebus
3438 4376 3668 4420 testatus

2096 4466 2240 4508 esset
2263 4457 2429 4514 Deus.
2465 4456 2683 4509 tandem
2708 4472 2855 4509 mors
2876 4458 2926 4511 ei
2961 4457 3197 4523 gloriosa
3217 4472 3399 4511 coram
3433 4459 3665 4513 Domino

422 4552 662 4603 virorum
714 4548 1151 4616 feminarumque
1201 4562 1525 4613 conventus,
1586 4567 1816 4618 quarmn
1871 4551 1991 4606 alim
2026 4569 2070 4624 ι)
2098 4544 2312 4613 Obligil,
2354 4561 2458 4612 qua
2495 4560 2524 4599 e
2558 4546 2721 4600 rebus
2760 4549 3012 4601 humanis
3059 4552 3316 4604 excessit.
3354 4549 3485 4603 Nam
3535 4566 3657 4603 cum

420 4643 835 4706 benedictionis,
860 4642 978 4695 alia:
998 4643 1116 4711 ejus
1138 4644 1440 4697 salutanda:
1463 4654 1516 4698 et
1543 4646 1796 4713 precibus
1822 4648 1992 4712 ipsius

422 4750 545 4791 sese
574 4732 995 4789 commendandi
1025 4733 1198 4800 gratia
1233 4736 1601 4801 ventilabam,
1633 4738 1754 4803 quis
1785 4737 1918 4801 hmo,
1941 4746 1995 4790 et

423 4830 679 4881 virtutem
712 4825 855 4878 illius
881 4824 1043 4892 digne
1074 4825 1246 4891 possit
1275 4828 1580 4881 enarrare?
1613 4826 1728 4881 Una
1756 4830 1989 4897 quadam

419 4933 480 4972 re
512 4918 814 4972 enarranda
840 4933 1057 4971 omnem
1088 4919 1441 4972 OStendemus
1467 4920 1768 4975 veritatem.
1795 4919 1990 4990 Magno

422 5012 517 5064 illo
559 5011 648 5064 die
679 5009 924 5071 Sahhati,
948 5025 1057 5075 quo
1086 5025 1206 5079 qua:
1242 5010 1461 5063 narravi
1496 5010 1625 5063 mihi
1656 5012 1990 5075 acciderunt,

422 5114 567 5160 cum,
636 5098 786 5151 finita
840 5098 1081 5166 liturgia,
1119 5098 1464 5150 consedisset
1508 5098 1562 5150 in
1606 5098 1836 5150 ecclesia
1868 5114 1990 5149 eum

425 5188 647 5257 reliquis
684 5187 969 5243 monachis
1014 5188 1135 5241 suis
1154 5196 1609 5254 exspectarelqne
1642 5189 1797 5254 panis
1828 5186 1993 5240 bene-

422 5281 551 5334 dicti
605 5283 1071 5343 communionem,
1108 5279 1303 5333 deinde
1330 5282 1395 5333 ad
1437 5282 1569 5333 Acta
1620 5281 1990 5347 apostolorum

423 5371 643 5442 legenda
667 5386 725 5424 se
746 5370 1125 5431 convertisset.
1152 5371 1334 5424 subito
1364 5389 1376 5424 :
1414 5388 1432 5421 ι
1465 5369 1761 5433 Monachm,
1792 5371 1991 5439 inquit,

422 5460 879 5531 expergiscimini.
911 5479 929 5512 ι
990 5459 1080 5515 liae
1112 5476 1237 5515 cum
1288 5474 1576 5531 rogassent
1612 5479 1624 5513 :
1682 5480 1698 5512 ι
1725 5463 1840 5528 Qua
1896 5463 1991 5515 tibi

425 5567 492 5622 re.
512 5567 650 5620 opus
678 5560 781 5613 est,
823 5562 1013 5606 sancta
1063 5553 1327 5607 domina?
1365 5571 1383 5604 ι
1429 5555 1608 5622 pergit
1646 5552 1738 5607 illa
1779 5572 1792 5607 :
1825 5553 1991 5609 Geor-

418 5645 541 5709 gius
566 5644 820 5697 dominus
868 5644 919 5695 in
964 5644 1395 5698 sollicitatione-nt
1434 5646 1663 5709 incidit;
1710 5660 1994 5713 precemur

421 5737 493 5791 ob
521 5750 645 5792 eum
680 5735 906 5791 Matrem
942 5736 1055 5790 Dei.
1092 5756 1110 5789 ι
1153 5735 1247 5791 llis
1277 5738 1498 5798 auditis,
1530 5738 1895 5806 lacrymantes
1923 5737 1989 5791 ad

417 5841 538 5883 eam
584 5842 971 5886 acccurrerunt
1026 5848 1145 5885 cum
1219 5832 1461 5901 reliqum,
1521 5841 1636 5886 tum
1700 5832 1748 5883 in
1800 5845 1833 5899 p
1870 5830 1991 5884 imis

2100 4637 2291 4689 leviter
2315 4638 2523 4706 aliquot
2562 4638 2681 4695 dies
2721 4649 3039 4708 aegrotasset
3077 4650 3131 4699 et
3180 4643 3474 4697 IIlOﬂIClIaS
3512 4657 3666 4698 com-

2100 4729 2339 4783 muniter
2370 4736 2434 4781 ad
2458 4729 2711 4783 virtutem
2734 4740 2876 4785 esset
2894 4733 3455 4795 cohortata,sororem
3476 4736 3668 4790 matris

2100 4836 2254 4885 mete,
2300 4836 2420 4889 quae
2455 4822 2506 4875 in
2548 4821 2668 4890 ejus
2710 4822 3027 4890 integritate
3060 4824 3321 4878 imitanda
3355 4835 3410 4879 et
3451 4825 3667 4893 subiec-

2100 4914 2245 4966 tione
2275 4914 2444 4981 prima
2472 4924 2611 4977 erat,
2633 4916 2883 4968 etomnia
2910 4915 2960 4967 in
2987 4914 3117 4967 cella
3145 4914 3291 4970 illius
3315 4919 3665 4984 procurabat,

2100 5000 2152 5054 in
2186 5001 2363 5055 locmn
2398 5018 2555 5055 suum
2592 5002 2830 5070 delegit;
2863 5003 3060 5057 deinde
3091 4999 3348 5072 tanquam
3380 5006 3564 5061 divino
3588 5006 3670 5060 nf-

2098 5090 2227 5144 ﬂatu
2253 5093 2525 5146 concitata
2572 5094 2817 5157 sedebat,
2849 5093 3049 5148 clausis
3097 5095 3272 5151 oculis
3302 5106 3357 5151 et
3402 5099 3563 5152 labiis
3597 5098 3664 5151 ad

2099 5180 2193 5235 Dei
2231 5183 2420 5234 laudes
2472 5190 2527 5235 et
2571 5182 2870 5252 gratiarum
2924 5184 3170 5239 actiones
3205 5202 3428 5256 semper
3483 5187 3665 5240 motis.

2100 5274 2363 5327 Servabat
2386 5272 2794 5329 \znim'omn‘mo
2818 5285 3008 5329 sancta
3044 5275 3181 5341 haec,
3206 5279 3348 5346 quod
3391 5284 3545 5346 pater
3576 5292 3668 5329 an-
3734 5282 3741 5323 ³.

2100 5382 2191 5421 rea
2246 5369 2408 5421 verba
2457 5364 2692 5423 fundens
2724 5368 2859 5423 dicit
2904 5384 2918 5423 :
2956 5367 3035 5424 Ne
3073 5371 3485 5425 contentionem
3520 5370 3669 5423 vocis

2097 5472 2151 5515 et
2176 5460 2572 5514 vehementiam
2607 5460 2825 5515 noveris
2849 5460 2961 5531 (res
3004 5461 3147 5515 enim
3176 5461 3379 5515 sanctis
3411 5460 3667 5513 indecora

2097 5554 2307 5609 clamor
2332 5555 2464 5623 est),
2515 5553 2609 5608 sed
2645 5554 3001 5609 attentionem
3052 5555 3250 5607 mentis
3283 5550 3350 5604 ἐι
3398 5550 3668 5604 fervorem

2099 5648 2265 5701 animi
2298 5655 2352 5701 et
2386 5647 2638 5701 ardorem
2676 5644 3259 5714 precationigquibus
3286 5641 3467 5704 ηιιυι
3497 5643 3663 5695 etiam

2100 5748 2341 5795 tacentes
2370 5738 2510 5793 Deus
2531 5738 2734 5791 audiat.
2772 5754 2790 5789 ι
2820 5735 3017 5791 Sancta
3047 5736 3212 5802 igitur
3238 5748 3340 5787 nec
3366 5733 3544 5788 cibum
3573 5751 3673 5790 nec

2102 5844 2289 5903 potum
2348 5829 2597 5888 sumebat
2625 5869 2663 5895 ,ς
2694 5845 2795 5885 nec
2850 5828 3170 5897 loquebatur
3218 5825 3513 5897 quidquam
3562 5827 3671 5888 nisi
