4066 6296
367 367 471 431 ⁵357

1378 370 1831 461 (ΞῌΗΟΝῘΟΟΝ
1876 369 2151 431 MAJ'US.
2178 395 2241 405 -
2286 370 2437 430 LIB.
2469 368 2556 428 ΙΙ.

3508 356 3615 421 758

364 482 651 554 χαμουχᾶν
698 480 901 551 χρυσὸν
958 482 1224 553 πράσινον
1277 484 1369 537 καὶ
1422 486 1581 563 φωᾶν
1618 484 1931 554 προύσινον,
1963 488 2007 544 Α
2108 487 2178 559 η’.
2221 488 2333 558 Τῆς
2369 487 2426 539 δέ
2483 482 2827 554 προθεσμίας
2859 476 3121 545 ἐλθούσης
3164 472 3260 527 καὶ
3314 471 3390 542 μὴ
3429 469 3615 563 ἐλθόνέ

364 574 459 627 καὶ
488 572 708 642 σπάθην
730 576 1047 645 ἐγκεκοσμη
1056 578 1251 646 μένην,
1295 579 1394 629 καὶ
1418 578 1634 648 φλωρία
1664 577 1785 649 ήτοι
1818 576 1939 631 νού-

368 682 468 733 μια
496 666 677 736 χρυσᾶ
706 666 952 735 χιλιάδας
983 671 1154 738 τρεῖς.
1312 732 1321 737 ἡ

437 759 504 811 θ’.
551 758 675 811 Ἐπὶ
700 758 799 828 τὴν
823 760 1017 830 αὔριον
1035 757 1131 814 οὖν
1183 763 1511 828 ἀπελθόντες
1544 766 1627 828 εἰς
1664 764 1937 835 Γλαρέντ-

362 849 482 913 ζαν,
511 849 621 903 ἰδού
646 867 729 913 τις
761 850 946 921 ἄρχων
973 853 1070 907 τοῦ
1119 854 1311 923 ἀμηρᾶ
1361 855 1499 924 μετά
1550 874 1702 919 τινας
1741 857 1934 924 ὀλίγας

361 941 574 1011 ἡμέρας
621 937 750 1011 ἦλθε
792 944 968 1010 λέγων
1022 944 1103 998 ὅτι
1151 948 1183 1015 ή
1227 948 1413 1019 ίῐάτρα
1446 948 1592 1000 τελεῖ
1630 948 1707 1019 τῷ
1740 948 1934 1019 ἀμηρᾷ

359 1032 515 1099 τέλη,
551 1032 644 1084 καὶ
688 1033 941 1104 διαίαίνῃ
968 1036 1116 1105 αὐτῷ
1163 1034 1343 1090 εἶναι·
1390 1039 1471 1092 διὸ
1531 1040 1705 1110 ἄπεχε
1761 1042 1933 1109 αὐτῆς

363 1123 458 1174 καὶ
494 1122 569 1192 μὴ
602 1124 886 1192 πολιόρκει
916 1128 1111 1197 αὐτήν.
1147 1129 1214 1182 Εἰ
1244 1131 1286 1181 δ’
1311 1129 1397 1193 οὒ,
1438 1132 1731 1201 πέμψομεν
1767 1150 1935 1200 στρα-

371 1214 449 1266 τὸν
480 1216 621 1266 κατὰ
647 1216 765 1270 σοῦ.
805 1217 862 1269 'O
896 1219 941 1269 δ’
974 1221 1240 1292 αὐθέντης
1272 1240 1374 1293 μου
1418 1225 1737 1296 ἀποκριθεὶς
1775 1225 1933 1296 147

360 1305 509 1373 αὐτῷ
536 1301 692 1360 εἶπεν
714 1323 726 1336 ·
756 1326 775 1360 ς
827 1309 1021 1377 Ἡμεῖς
1043 1312 1360 1381 ἠκούσαμεν
1384 1315 1466 1368 ὅτι
1504 1316 1715 1370 θέλουσι
1746 1332 1933 1386 παρα-

358 1396 543 1453 δοῦναι
576 1399 749 1470 αὐτὴν
793 1403 912 1465 τοῖς
951 1404 1313 1467 Καταλάνοις.
1342 1408 1457 1460 Οὐκ
1506 1406 1598 1458 οὖν
1646 1406 1799 1475 δοκεῖ
1836 1425 1927 1476 μοι

361 1488 574 1553 πρέπον
636 1485 780 1545 εἶναι
839 1495 999 1546 ἐᾶσαι
1047 1497 1196 1565 ἡμᾶς
1237 1498 1363 1561 τούς
1398 1515 1462 1564 γε
1519 1498 1645 1560 τοὺς
1695 1498 1929 1567 ἐχθροὺς

355 1578 514 1647 ἡμῶν
543 1586 635 1635 καὶ
664 1584 890 1653 ἐχθροὺς
939 1587 1031 1638 τοῦ
1086 1588 1320 1656 ἁδελφοῦ
1383 1607 1483 1659 μου
1541 1591 1634 1644 τοῦ
1692 1591 1928 1661 μεγάλου

359 1672 553 1742 ἁμηρᾶ
597 1676 692 1729 καὶ
743 1677 907 1747 ἡμῶν
972 1681 1319 1750 παραλαϐεῖν
1362 1684 1559 1747 αὐτοὺς
1583 1685 1641 1737 τδ
1688 1684 1930 1737 τοιοῦτον

360 1766 602 1835 κάστρον
631 1767 692 1819 τὸ
723 1771 783 1821 ἐν
805 1769 961 1840 μέσῳ
996 1770 1107 1823 τῶν
1140 1773 1302 1842 ὁρίων
1330 1776 1487 1843 ἡμῶν
1520 1777 1794 1845 κείμενον.
1830 1777 1928 1831 Διὰ

355 1855 516 1908 τοῦτο
554 1857 878 1928 ἀπήλθομεν
898 1862 1035 1921 ἐκεῖ.
1063 1864 1156 1915 καὶ
1188 1862 1544 1927 ἐξετάσαντες
1584 1868 1644 1919 τὸ
1694 1870 1927 1937 πρᾶγμα

357 1948 670 2016 ἐστήσαμεν
692 1949 777 2002 ἵνα
817 1952 892 2019 μὴ
922 1953 1146 2020 γένηται
1182 1971 1194 1981 ο
1224 1956 1319 2008 καὶ
1354 1957 1487 2021 ἰδοὺ,
1541 1958 1619 2020 ὡς
1679 1961 1925 2028 βλέπεις,

353 2038 673 2108 ὴγέρθημεν
710 2041 1099 2106 ἐπανελθόντες
1151 2045 1355 2100 οἴκαδε.
1418 2049 1492 2101 Οὐ
1545 2051 1685 2118 μετὰ
1728 2051 1929 2115 πολλὰς

356 2130 576 2198 ἡμέρας
615 2130 725 2201 ἔχω
774 2133 920 2187 κατὰ
969 2136 1095 2189 νοῦν
1154 2138 1240 2190 ἵνα
1282 2140 1591 2195 ἀποστείλω
1646 2143 1782 2212 πρὸς
1836 2144 1928 2196 τὸν

353 2221 585 2291 ἀδελφόν
614 2240 716 2292 μου
756 2226 849 2277 τὸν
885 2228 1062 2295 μέγαν
1098 2230 1322 2301 ἁμηρᾶν
1366 2233 1558 2287 τοῦτον
1606 2235 1671 2306 δή
1704 2238 1797 2288 τὸν
1826 2235 1929 2303 ἆρ-

354 2330 537 2383 χοντα,
580 2334 598 2365 ι
661 2315 923 2371 δεικνύων
987 2321 1143 2388 spt,
1200 2342 1217 2373 ι
1250 2323 1305 2384 ὃς
1364 2325 1713 2396 δηλοποιήσει
1754 2329 1927 2394 αὐτῷ,

356 2407 448 2458 καὶ
477 2406 698 2462 πλείονα
730 2411 865 2463 ἄλλα
918 2413 954 2467 3.
999 2416 1315 2484 ἀναμεταξὺ
1371 2419 1531 2487 ἡμῶν
1565 2420 1647 2473 δεῖ
1689 2422 1930 2488 ἐνεργεῖ-

359 2496 504 2551 σθαι.
548 2518 568 2551 ι
614 2500 673 2552 '0
702 2498 798 2555 οὗι
833 2504 1081 2574 Τούρκος
1112 2507 1352 2571 ἀκούσας
1387 2512 1614 2573 τούτους
1662 2514 1789 2576 τοὺς
1846 2514 1931 2566 λό-

356 2594 594 2658 γους,ἔτι
617 2595 673 2647 δὲ
705 2597 799 2649 καὶ
822 2597 1217 2668 φιλοδωρηθεὶς
1242 2601 1447 2665 καλῶς,
1484 2604 1694 2672 ἀπῆλθε
1720 2605 1931 2674 χαίρων

370 2684 614 2739 Ἐκείνου
644 2688 688 2739 δ’
723 2690 1189 2759 ἀναχωρήσαντος
1221 2694 1532 2761 προσέταξέ
1578 2713 1671 2764 μοι
1701 2696 1881 2765 λέγων
1912 2715 1926 2728 ⁸

363 2796 380 2828 ι
434 2778 565 2831 Ἰδοὺ
584 2781 951 2851 προετοίμαξε
983 2783 1052 2835 τὰ
1092 2785 1228 2853 πρὸς
1257 2785 1449 2855 χρείαν
1472 2788 1570 2855 τῆς
1602 2788 1743 2843 ὀδοῦ.
1777 2808 1795 2841 ι
1822 2791 1933 2845 Καὶ
1978 2798 1993 2863 ξ

361 2866 617 2936 μὴείδὼς
653 2871 765 2938 ἐγὼ
805 2873 866 2925 τὸ
912 2873 1097 2942 τυχὸν,
1129 2874 1397 2945 ἀνέφερον
1447 2876 1598 2946 αὐτῷ
1639 2878 1722 2931 ὅτι
1754 2881 1802 2932 εί
1856 2881 1930 2949 μὴ

357 2959 490 3032 ἔλθῃ
524 2964 552 3014 6
580 2966 1020 3035 μητροπολίτης,
1042 2967 1176 3020 Θεοῦ
1200 2970 1573 3035 εὐδοκοῦντος,
1601 2974 1694 3025 καὶ
1717 2973 1930 3026 δώσωσι

358 3054 494 3122 ἡμῖν
539 3055 601 3107 τὺ
652 3056 913 3126 κάστρον,
947 3058 1106 3128 κάγὼ
1135 3060 1475 3132 ἀναρρωσθῶ
1510 3062 1707 3131 ὀλίγον.
1748 3083 1765 3114 ι
1788 3064 1930 3118 Ἀλλ’

2040 598 2130 644 τος
2159 580 2253 633 τοῦ
2314 577 2738 647 μητροπολίτου,
2786 577 2850 643 τῇ
2908 578 2956 626 α’
3021 569 3241 623 Ἰουνίου
3302 564 3395 618 τοῦ
3446 562 3613 617 αὐτοῦ

2038 670 2201 734 ἔτους
2252 667 2621 741 ἀπηρχόμεθα
2688 666 3013 735 κινήσαντες
3073 662 3155 721 εἰς
3202 659 3449 723 Πάτραν.
3526 655 3616 709 Ἐν

2039 760 2265 823 ταύταις
2295 759 2388 814 οὖν
2414 761 2533 822 ταῖς
2564 758 2802 829 ἡμέραις
2833 754 2927 808 καὶ
2956 755 2983 807 6
3037 750 3199 823 148
3250 747 3614 802 αὐθεντότιου-

2039 855 2131 918 λος
2161 857 2188 907 6
2222 854 2329 924 κύρ
2375 853 2576 922 Θωμᾶς
2624 851 2685 903 τὸ
2716 848 2809 903 τοῦ
2869 848 3172 917 πριγκίπου
3237 840 3617 909 Κεντηρίωνος

2043 946 2358 1017 πτολίεθρον
2406 944 2505 1013 τὴν
2567 941 2974 1011 Χαλατρίτζαν,
3024 937 3115 990 τοῦ
3160 935 3253 989 καὶ
3318 932 3614 1000 μετέπειτα

2039 1040 2327 1108 γεγονότος
2364 1037 2633 1105 πενθεροῦ
2669 1034 2858 1093 αὐτοῦ.
2885 1031 3200 1097 ἐπολιόρκει
3228 1045 3241 1059 ·
3280 1030 3306 1079 6
3333 1027 3388 1078 δὲ
3412 1023 3609 1076 ανίθέν-

2038 1149 2138 1200 της
2169 1148 2271 1197 μου
2307 1129 2427 1199 ἅμα
2453 1128 2533 1197 τῷ
2560 1126 2774 1195 ἀδελφῷ
2823 1122 2990 1177 αὐτοῦ
3023 1121 3312 1187 διήρχοντο
3365 1117 3454 1167 διὰ
3510 1113 3615 1177 τῆς

2037 1221 2158 1274 ὀδοῦ
2185 1222 2286 1288 τῆς
2318 1220 2399 1281 είς
2428 1217 2654 1287 Πάτραν
2725 1213 3005 1283 φερούσης
3030 1226 3046 1242 ο
3108 1206 3463 1264 κατελθόντες
3518 1200 3612 1255 οὖν

2036 1314 2337 1381 ἐμείναμεν
2383 1308 2519 1379 ὁμοῦ
2573 1309 2654 1370 είς
2718 1307 2818 1374 τὴν
2862 1303 3230 1372 Καμενίτζαν.
3283 1298 3616 1357 Ἰωαννίκιος

2036 1407 2274 1467 Βαλότας
2304 1399 2399 1458 οὖν
2452 1401 2480 1454 6
2528 1400 2622 1455 τοῦ
2682 1398 2987 1469 πριγκίπου
3038 1398 3217 1449 ἐκεῖσε
3273 1395 3480 1462 ἄρχων,
3534 1390 3613 1452 ὡς

2038 1500 2210 1567 ἔμαθε
2260 1498 2440 1563 τοῦτο,
2481 1496 2710 1564 αἰτήσας
2764 1492 3064 1561 ἀφιέρωσιν
3130 1489 3217 1541 ἴνα
3270 1486 3617 1554 ἀμφοτέρους

2034 1593 2164 1653 τοὺς
2197 1589 2463 1650 αὐθέντας
2518 1586 2646 1656 ἔλθῃ
2674 1581 3061 1652 προσκυνῆσαι
3118 1580 3339 1643 αὐτοὺς,
3377 1577 3471 1628 καὶ
3533 1572 3620 1625 ἐλ-

2037 1685 2145 1736 θὼν
2171 1683 2336 1744 εὐθὺς
2368 1680 2468 1743 τὰς
2510 1680 2606 1732 τοῦ
2662 1676 2986 1745 πτολιέθρου
3030 1672 3177 1733 κλεῖς
3225 1668 3470 1723 ἐκϐαλὼν
3532 1666 3619 1718 δέ-

2033 1777 2173 1829 δωκε
2211 1774 2412 1835 ταύτας
2440 1772 2517 1841 τῷ
2562 1770 2800 1841 αὐθέντῃ
2832 1784 2933 1836 μου
2982 1765 3060 1834 τῷ
3093 1763 3351 1830 δεσπότῃ,
3403 1758 3571 1812 εἰπών
3597 1774 3613 1790 ο

2044 1885 2063 1917 ι
2093 1864 2264 1919 Τοῦτό
2299 1865 2416 1916 ἐστι
2475 1860 2797 1927 πτολίεθρον
2859 1855 3006 1918 ἰδίως
3047 1851 3145 1906 τοῦ
3186 1850 3448 1904 αὐθέντου
3511 1866 3615 1917 μου

2038 1959 2135 2011 καὶ
2174 1954 2534 2024 συγγὰμόρου
2569 1950 2671 2020 τῆς
2734 1947 3016 2017 βασιλείας
3074 1962 3167 1997 σου
3200 1963 3218 1997 ι
3261 1943 3376 2012 (καὶ
3419 1941 3528 2009 γὰρ
3589 1943 3617 1992 6

2038 2051 2134 2105 τοῦ
2168 2050 2471 2117 πριγκίπου
2517 2045 2631 2106 υἱὸς
2667 2039 2974 2112 προέλαϐεν
3006 2040 3084 2100 εἰς
3119 2039 3352 2104 νόμιμον
3374 2033 3615 2099 γυναῖκα

2035 2145 2135 2212 τὴν
2195 2140 2430 2209 ἀδελφὴν
2492 2138 2591 2206 τῆς
2645 2134 2969 2204 βασιλίσσης
3029 2131 3228 2200 κυρίας
3287 2125 3614 2191 Θεοδώρας),

2044 2258 2061 2289 ι
2096 2239 2153 2299 ὃς
2185 2252 2276 2304 μοι
2312 2230 2647 2301 προσέταξεν
2679 2229 2765 2280 ἵνα
2823 2223 3136 2293 παραδώσω
3184 2218 3346 2274 τοῦτο
3390 2219 3456 2285 τῇ
3518 2215 3614 2283 βα-

2040 2330 2215 2399 σιλείᾳ
2248 2345 2361 2380 σου.
2389 2346 2408 2377 ι
2455 2324 2514 2378 Ὀ
2541 2324 2596 2377 δὲ
2626 2319 2949 2391 ἀποκριθεὶς
2971 2312 3124 2369 εἶπεν
3154 2311 3331 2381 αὐτῷ’
3366 2329 3387 2362 ι
3423 2308 3612 2370 Οὖτως

2040 2424 2176 2490 εχει,
2236 2422 2319 2473 ὅτι
2365 2415 2662 2485 συγγενοῦς
2705 2412 2805 2481 μού
2856 2413 3004 2463 ἐστιν
3056 2411 3085 2460 ὁ
3122 2403 3380 2467 ,τοιοῦτος
3424 2401 3612 2463 τόπος,

2039 2515 2160 2568 ἀλλ’
2185 2515 2245 2566 οὐ
2272 2508 2669 2580 γνησιεστέρου
2704 2504 2799 2559 τοῦ
2851 2500 3086 2569 ἀδελφοῦ
3146 2514 3270 2567 μου.
3329 2493 3528 2547 Λοιπὸν
3566 2492 3616 2543 εί

2039 2605 2478 2677 προγενέστερον
2532 2597 2708 2651 ἐποίει
2763 2594 2943 2657 τοῦτο,
2993 2592 3021 2642 6
3069 2588 3295 2655 ἀδελφός
3352 2601 3454 2654 μου
3493 2582 3615 2677 κατ’

2041 2675 2175 2766 ἐμοῦ
2199 2697 2302 2749 οὐκ
2338 2691 2706 2763 ὲνεχειρίζετο
2733 2688 2889 2740 οὐδὲν
2937 2684 2964 2735 ὃ
2992 2683 3101 2751 ἐγὼ
3130 2679 3298 2749 εἶχον,
3325 2678 3419 2730 καὶ
3450 2675 3615 2735 αὐτὸς

2039 2793 2134 2845 καὶ
2166 2792 2197 2843 ὁ
2242 2788 2505 2856 αὐθέντης
2560 2800 2654 2837 σου
2722 2777 3073 2849 ἀλλοτρόπως
3132 2769 3280 2842 εἶχον
3321 2767 3472 2821 αὐτό.
3532 2767 3615 2818 Τὰ

2040 2886 2135 2938 νῦν
2159 2880 2253 2938 οὗν
2288 2883 2337 2935 εί
2364 2876 2669 2949 παραλάϐω
2717 2872 2868 2936 αὐτὸ,
2920 2869 3137 2936 ἀνάγκη
3174 2866 3323 2919 ἐστὶν
3367 2863 3458 2915 ἵνα.
3501 2861 3619 2913 δια-

2041 2978 2342 3048 φερώμεθα
2371 2970 2512 3042 μετὰ
2542 2968 2635 3022 τοῦ
2667 2964 2906 3031 ἀδελφοῦ
2943 2979 3068 3033 μου,
3107 2960 3200 3033 καὶ
3233 2958 3294 3009 οὐ
3354 2952 3615 3048 τυγχάνει

2039 3042 2128 3122 δια
2154 3042 2290 3119 πολύ
2354 3080 2430 3126 τι,
2490 3058 2672 3127 πολλῷ
2733 3055 2933 3127 μᾶλλον
2990 3051 3081 3105 διὰ
3129 3049 3406 3103 τοσοῦτον.
3474 3042 3615 3097 Ἀλλ’

356 3145 532 3216 ὅμως.
567 3143 695 3201 εἶπέ
738 3168 853 3219 μοι,
896 3153 1269 3222 προετοίμαζε
1300 3155 1479 3209 πάντα
1511 3157 1578 3210 τὰ
1610 3157 1691 3219 είς
1724 3157 1932 3226 ἐκπλή-
1959 3172 2003 3228 ρ
2035 3160 2236 3215 ἄπελθε
2263 3158 2321 3209 ὲν
2352 3152 2523 3221 αὐτῷ,
2576 3151 2671 3204 καὶ
2728 3148 2804 3211 ὡς
2855 3146 3083 3199 δύνασαι
3146 3143 3392 3209 ποίησον.
3436 3156 3455 3190 ι
3529 3136 3617 3199 Ὠς

360 3256 532 3308 ρωσιν
559 3240 659 3309 τῆς
695 3244 1049 3313 προστάξεως
1077 3262 1195 3298 σου.
1233 3264 1252 3298 ι

359 3426 635 3480 ornatum,
699 3420 1061 3477 curtznbacas
1117 3424 1328 3479 sericus
1389 3439 1590 3480 aureus
1647 3428 1929 3495 prasinus,

359 3506 576 3574 gladius
619 3512 960 3565 ornamentis
1003 3513 1335 3581 conspicuus
1361 3524 1415 3569 et
1452 3514 1785 3572 ﬂorenorum
1816 3519 1933 3573 sive

360 3612 711 3651 nummorum
751 3614 1042 3655 aureorum
1072 3605 1173 3658 tria
1201 3606 1388 3661 millia.
1696 3664 1699 3669 λ

438 3686 488 3738 7.
521 3685 654 3739 Cum
682 3689 952 3757 postridie
978 3691 1324 3748 Glarentzam
1382 3696 1609 3764 profecti
1654 3712 1931 3761 essemus,

362 3795 489 3834 ecce
522 3782 708 3848 paucis
752 3784 1085 3851 postdt‘ebns
1118 3789 1336 3857 quidam
1380 3804 1443 3842 ex
1472 3805 1669 3843 amerm
1699 3793 1932 3858 οιιιίηιη-

364 3873 508 3927 tilius
543 3876 794 3927 nuntium
824 3878 981 3931 nobis
1033 3878 1219 3944 ail‘crt,
1255 3882 1477 3935 Pntram
1509 3896 1708 3936 amerae
1736 3884 1934 3937 tributa

361 3966 598 4033 pendere
635 3965 1066 4037 iu‘ejusdemque
1090 3975 1437 4025 concessisse
1470 3972 1760 4029 ditionem.
1799 3975 1937 4031 Abs-

364 4058 559 4112 tineret
608 4060 839 4131 proinde
886 4077 947 4113 ca
1002 4061 1134 4113 nrbe-
1160 4098 1177 4124 ,
1224 4077 1360 4117 neve
1390 4079 1506 4116 eam
1543 4064 1819 4119 obsideret
1848 4084 1860 4118 :
1890 4066 1936 4119 si

362 4149 543 4203 minus
589 4159 781 4205 contra
808 4168 935 4205 eum
988 4153 1287 4207 exercitum
1335 4156 1565 4208 missum
1593 4156 1682 4209 iri.
1723 4157 1816 4207 tlui
1857 4158 1928 4209 ita

362 4242 639 4311 respondit
671 4243 925 4311 princeps
959 4259 1150 4297 meus:
1191 4244 1330 4298 «Nos
1393 4246 1765 4309 audieramus,
1800 4249 1936 4301 velle

360 4349 455 4389 eos
512 4338 700 4390 urbem
749 4336 1024 4390 Catelanis
1074 4337 1308 4392 tradere.
1364 4337 1499 4391 Nam
1551 4354 1765 4408 parum,
1803 4341 1937 4393 mihi

360 4442 576 4493 aequum
636 4427 871 4494 videtur,
932 4428 1043 4496 pati
1088 4444 1188 4483 nos
1236 4439 1556 4485 conuudnes
1586 4431 1773 4483 fratris
1806 4434 1934 4497 mei,

2039 3248 2131 3306 οὖν
2150 3252 2354 3321 ήκουσε
2386 3244 2578 3307 ταῦτα,
2626 3242 2829 3313 ᾔτησεν
2881 3239 2967 3292 ῐνα
3018 3236 3244 3298 ἀκάκως
3296 3230 3516 3302 εἰσέλθῃ
3558 3232 3617 3282 ἐν

2039 3428 2465 3485 convaluissem.
2520 3420 2589 3475 At
2616 3420 2706 3475 ille
2742 3434 2756 3472 :
2794 3434 2813 3469 ι
2853 3413 3246 3483 Nihilominus,
3295 3409 3498 3479 inquit,
3545 3406 3615 3461 ad

2039 3518 2470 3590 perﬁciendum,
2517 3511 2665 3581 quod
2716 3506 3035 3563 mandatum
3090 3504 3190 3557 tibi
3249 3498 3372 3567 est,
3430 3488 3614 3554 omnia

2040 3624 2307 3677 praepara.
2324 3625 2341 3656 ι

2110 3702 2159 3754 8.
2198 3700 2301 3754 Ubi
2332 3698 2479 3751 venit
2499 3696 2615 3750 dies
2643 3692 2973 3763 praestituta,
3009 3704 3111 3745 nec
3138 3688 3316 3742 adfuit
3338 3696 3615 3755 metropo-

2039 3794 2154 3855 lila,
2208 3789 2472 3845 Kalendis
2529 3785 2707 3840 Juniis
2736 3783 2982 3853 ejusdem
3020 3781 3149 3836 anni
3174 3782 3392 3836 Patram
3428 3779 3609 3833 movi-

2041 3902 2187 3939 mus.
2223 3884 2326 3935 l’t-r
2356 3880 2576 3933 eosdem
2606 3877 2725 3931 dies
2750 3876 2913 3929 etiam
2945 3875 3183 3928 Thomas
3214 3871 3451 3926 dominis
3473 3870 3615 3924 Cen-

2043 3974 2270 4030 terionis
2309 3970 2596 4039 principis,
2651 3970 2809 4036 cujus
2839 3966 2982 4020 idem
3011 3975 3197 4033 postea
3232 3979 3404 4033 gener
3432 3961 3611 4016 factus

2039 4077 2143 4130 est,
2178 4063 2501 4134 Oppidulum
2538 4060 2935 4115 Cbalatritzam
2982 4054 3289 4113 obsidebat.
3352 4055 3615 4109 Dominus

2042 4161 2207 4226 igitur
2239 4170 2397 4208 meus
2428 4169 2554 4208 cum
2618 4151 2786 4206 fratre
2827 4150 3051 4203 Patram
3076 4150 3368 4219 processit.
3394 4146 3619 4201 diverti-

2043 4265 2275 4313 usuSque
2309 4262 2415 4299 una
2452 4259 2645 4311 omnes
2664 4242 3065 4298 Camenitzam.
3120 4240 3310 4309 Itaque
3340 4239 3614 4294 Johanni-

2043 4342 2161 4397 cius
2201 4342 2441 4403 Bulotus,
2468 4337 2735 4407 principis
2770 4336 2847 4389 ibi
2894 4343 3239 4404 procurator,
3275 4334 3367 4387 ubi
3401 4335 3500 4386 hoc
3525 4332 3613 4385 di-

2042 4436 2195 4492 dicit.
2227 4433 2500 4502 postulata
2553 4430 2912 4490 admissione,
2966 4429 3160 4482 ambus
3190 4428 3447 4483 dominos
3479 4428 3612 4479 adu-

362 4519 541 4586 tnagni
575 4534 796 4585 amr-rae,
848 4533 1179 4589 nostrosque
1217 4523 1408 4578 hostes
1433 4525 1540 4578 tale
1572 4536 1811 4579 castrum
1846 4542 1937 4580 oc-
1969 4534 2013 4592 ί)
2042 4536 2218 4578 ratum
2249 4523 2419 4587 venit;
2455 4530 2509 4574 et
2541 4521 2685 4574 illico
2715 4522 2956 4587 prolatas
2982 4520 3167 4589 oppidi
3195 4522 3376 4572 claves
3408 4520 3611 4585 despo-

361 4621 586 4671 rupare,
612 4607 665 4657 in
704 4608 899 4659 mediis
946 4610 1145 4663 finibus
1180 4614 1387 4664 nostris
1421 4614 1613 4666 situm.
1642 4612 1758 4678 Qua
1787 4616 1853 4668 de
1878 4629 1935 4667 re

363 4698 465 4750 hoc
514 4697 614 4749 iter
642 4699 1007 4767 suscepimus,
1030 4710 1103 4764 et,
1131 4717 1188 4754 re
1209 4706 1450 4771 cognita,
1487 4706 1536 4755 id
1573 4706 1851 4774 negotium
1880 4716 1937 4759 ut

361 4790 774 4854 impediremus,
830 4791 1083 4846 dedimus
1117 4808 1360 4860 operam.
1412 4800 1591 4862 Atque
1621 4799 1773 4851 vides
1814 4814 1934 4859 nos,

361 4878 606 4931 collectis
654 4879 908 4948 sarcinis,
960 4879 1183 4934 domum
1218 4882 1329 4949 jam
1385 4886 1582 4938 redire.
1613 4885 1932 4954 Propediem

362 4980 544 5021 autem
579 4969 641 5019 ad
683 4970 900 5023 fratrem
930 4987 1134 5035 meum,
1163 4988 1417 5042 magnum
1445 4991 1709 5041 emeram,
1753 4978 1934 5029 initte-

361 5078 418 5115 re
453 5063 709 5115 cousdtui
742 5065 882 5115 hunc
916 5064 1185 5117 illustrem
1211 5067 1389 5119 virum
1414 5068 1524 5135 (me
1547 5078 1727 5122 autem
1752 5078 1935 5123 osten-

362 5155 543 5219 d--bat)
577 5156 668 5222 qui
700 5155 775 5207 illi
802 5157 967 5208 etiam
1010 5157 1114 5209 alia
1150 5160 1317 5213 multa
1350 5172 1605 5227 exponet,
1633 5162 1699 5215 de
1732 5164 1933 5230 quibus

362 5246 505 5299 inter
562 5261 661 5298 nos
703 5248 785 5317 agi
819 5263 1045 5302 necesse
1066 5261 1166 5303 est.
1210 5269 1227 5299 ι
1265 5249 1464 5317 Turca,
1506 5252 1590 5306 bis
1621 5256 1845 5318 auditis,
1876 5266 1932 5309 et

360 5339 683 5391 muneribus
741 5339 875 5392 bene
906 5340 1246 5407 cumulatus,
1282 5342 1405 5396 Iath
1444 5343 1629 5397 animo
1656 5344 1929 5401 discessit.

361 5430 465 5494 Qui
502 5445 624 5481 cum
676 5430 902 5490 abisset.
954 5430 1349 5487 Constantinus
1386 5435 1550 5503 jussit
1591 5454 1675 5491 me
1711 5422 1963 5506 parare,‘

361 5536 481 5589 qua:
512 5520 577 5573 ad
609 5521 710 5573 iter
736 5520 1046 5576 faciendum
1069 5528 1377 5579 necessaria
1412 5539 1612 5581 essent.
1645 5528 1776 5599 Ego,
1799 5529 1931 5599 quid

362 5610 438 5662 rei
472 5620 617 5663 esset
680 5611 924 5679 ignarus,
987 5616 1264 5683 respondi,
1298 5617 1375 5670 ita
1419 5617 1561 5678 fore.
1590 5620 1635 5671 si
1679 5623 1785 5674 lico
1817 5604 1930 5689 pla:

360 5703 587 5759 ruisset.
655 5714 709 5756 ut
760 5721 864 5757 non
920 5707 1130 5761 veniret
1171 5711 1541 5778 metropolita.
1592 5728 1655 5764 ac
1685 5722 1927 5766 castrum

359 5794 518 5849 nobis
538 5796 797 5851 traditum
834 5806 1001 5863 esset,
1029 5809 1079 5856 et
1118 5810 1409 5873 postquam
1437 5805 1553 5875 ipse
1584 5806 1923 5877 aliquantum

2044 4628 2133 4676 tm,
2162 4618 2385 4669 domino
2415 4629 2555 4675 tneo,
2582 4615 2663 4666 bis
2682 4614 2860 4667 verbis
2887 4613 3144 4666 tradidit:
3184 4610 3483 4681 (Oppidum
3513 4612 3614 4665 hoc

2045 4706 2327 4775 proprium
2383 4712 2465 4757 est
2525 4701 2747 4756 domino
2790 4715 2914 4755 meo
2973 4701 3275 4769 majestatis
3336 4710 3440 4753 tua:
3469 4698 3612 4751 εί]ὶηί

2043 4797 2263 4867 (etenim
2302 4796 2568 4865 principis
2614 4795 2755 4848 (ilius
2793 4806 3045 4848 sororem
3085 4790 3393 4845 Theodora:
3438 4792 3613 4861 impe-

2041 4889 2258 4943 ratricis
2311 4888 2569 4957 legitimis
2629 4886 2837 4955 nuptiis
2900 4885 3005 4938 sibi
3068 4884 3478 4953 coniunxerat),
3515 4885 3609 4951 qui

2040 4982 2319 5039 mandavit
2343 4980 2502 5043 mihi,
2540 4987 2593 5032 nt
2629 4979 2906 5049 majesmti
2932 4987 3037 5031 tua!
3069 4979 3123 5031 id
3150 4974 3462 5031 dederem.»
3502 4977 3611 5030 Re-

2038 5072 2267 5140 spondet
2288 5071 2683 5127 Constantinus
2711 5089 2724 5123 :
2770 5089 2789 5123 ι
2817 5073 2891 5125 Ita
2914 5087 2976 5125 se
3011 5087 3095 5125 res
3117 5071 3300 5137 habet,
3326 5072 3478 5126 locus
3509 5072 3611 5124 iste

2039 5163 2216 5218 affinis
2246 5163 2350 5217 mei
2385 5173 2490 5228 est,
2524 5179 2632 5218 non
2671 5164 2859 5218 fratris
2880 5163 3017 5217 mibi
3049 5165 3410 5233 cognatioris.
3439 5163 3610 5216 Cute-

2037 5273 2158 5311 runt
2182 5256 2228 5311 si
2258 5258 2411 5326 prius
2447 5258 2548 5311 hoc
2573 5258 2817 5322 fecisset,
2867 5257 3039 5311 frater
3073 5274 3229 5312 mens
3267 5257 3425 5317 nihil,
3462 5256 3605 5323 quod
3680 5250 3684 5261 ’

2036 5363 2136 5417 ego
2194 5358 2457 5412 tenerem,
2516 5357 2708 5403 contra
2756 5364 2843 5403 me
2896 5358 3407 5418 oceuparet,atque
3438 5345 3525 5398 ille
3556 5355 3612 5398 et

2037 5442 2294 5509 princeps
2315 5453 2440 5496 tuus
2466 5441 2820 5496 incommode
2855 5442 2905 5495 id
2938 5443 3215 5496 tenebant.
3252 5440 3405 5493 Nunc
3426 5448 3608 5490 autem

2037 5538 2081 5587 si
2109 5535 2368 5602 oppidum
2401 5535 2635 5603 accipio,
2656 5535 2796 5588 inter
2818 5550 2902 5587 me
2928 5534 3261 5602 fratremque
3292 5544 3468 5582 meum
3497 5529 3613 5583 dis-

2037 5626 2238 5679 sidium
2272 5627 2474 5680 exoriri
2496 5642 2725 5679 necesse
2756 5637 2861 5688 est,
2892 5628 3038 5693 quod
3064 5641 3130 5678 ne
3156 5638 3364 5690 magnae
3387 5621 3608 5687 quidem
3696 5648 3703 5667 ε

2034 5732 2113 5770 ret
2150 5733 2339 5780 causa,
2368 5718 2568 5771 nedum
2620 5717 2846 5770 tantilla:
2880 5716 2995 5771 ﬁeri
3019 5722 3256 5782 Oportet.
3291 5710 3396 5766 Sed
3425 5721 3483 5763 tu
3514 5710 3605 5764 abi

2042 5806 2103 5860 in
2127 5808 2316 5864 urbem
2343 5817 2418 5872 ct,
2448 5807 2592 5874 quod
2626 5804 2979 5873 potes,efiice.
2998 5802 3121 5856 »ΙΙίε
3145 5800 3369 5867 auditis,
3395 5798 3605 5879 petivit.
