4066 6296
506 385 620 446 ’159

1710 386 2039 446 GEORGH
2080 389 2508 451 ΡΗΠΑΝἹΖΕ

3656 384 3764 447 760

508 494 587 565 τῷ
612 492 778 546 αὑτοῦ
830 491 1153 561 πτολιέθρῳ.
1195 491 1562 562 Προσταχοεὶς
1625 492 1784 564 149
1834 493 1928 547 οὖν
1976 490 2085 562 ἐγὼ
2115 497 2481 556 Ᾱλάὄωσιτδ
2544 498 2883 568 πτολίεθρον,
2942 499 3080 568 ὅπερ
3128 499 3223 552 καὶ
3275 499 3539 568 πρότερον
3589 493 3760 565 εἶχον.

506 580 819 638 συνῶδευσα
852 582 1000 651 αὐτῷ
1047 581 1185 651 μετά
1250 582 1618 651 στρατιωτῶν.
1653 585 1763 636 Καὶ
1806 586 1935 654 περὶ
1984 588 2086 653 τὴν

503 678 624 730 ὁδὸν
654 676 896 745 εὑρεθεὶς
938 674 1135 728 Ῥαούλ
1172 677 1201 728 ὁ
1241 675 1464 744 Θωμᾶς,
1520 677 1617 731 καὶ
1662 678 1895 747 νομίσας
1929 678 2088 731 εὐκο-

456 782 457 785 ‘
505 770 596 821 λον
622 765 763 821 εἶναι
819 769 906 819 ἴνα
931 768 1038 837 ἄρῃ
1073 768 1237 821 αὐτὸν
1272 770 1369 821 ἀπ⁹
1400 768 1559 838 ἐμοῦ,
1593 771 1688 824 καὶ
1721 773 1802 832 είς
1841 772 2086 824 κίνδυνον

505 857 635 930 ἦλθε
673 859 764 911 τοῦ
799 862 993 927 φυέναι
1023 860 1128 912 ἀνὰ
1173 860 1280 913 τῶν
1321 861 1568 929 ἀδελφῶν
1614 879 1665 915 τι
1703 862 1946 931 μάχιμον
1990 864 2087 914 καὶ

503 948 779 1018 λυπηρόν·
820 949 971 1017 ὅμως
1008 944 1101 1002 οῦν
1132 949 1269 1001 Θεοῦ
1322 948 1674 1012 εὐδοκοῦντος
1720 952 1930 1002 ἐκεῖνον
1985 950 2085 1019 μὲν

506 1040 644 1091 σῶον
682 1041 1105 1106 ἀπεκατέστησα
1153 1039 1362 1102 οἴκαδε,
1426 1036 1582 1106 κάγὼ
1634 1040 1969 1108 ἐπιστρέψας
1993 1039 2085 1092 εῦο

504 1148 599 1197 ρον
628 1133 722 1181 τὸν
748 1130 1018 1199 αὐθέντην
1075 1147 1175 1199 μου
1209 1131 1266 1182 ὲν
1313 1129 1390 1198 τῷ
1446 1128 1540 1182 τοῦ
1599 1130 1757 1197 ἁγίου
1831 1129 2084 1199 Ἀνδρέου

502 1222 597 1274 τοῦ
626 1222 1018 1290 πριυτοκλήτου
1055 1222 1167 1289 ναῷ
1199 1223 1291 1273 καὶ
1310 1222 1467 1289 τάφῳ
1514 1221 1872 1274 ἀποσωθέντα
1924 1223 1988 1290 τῇ
2040 1222 2084 1274 δ’

521 1313 745 1365 Ἰουνίου
803 1315 1069 1383 ἑσπέρας.
1103 1316 1181 1384 Τῇ
1226 1311 1265 1365 ε’
1320 1312 1469 1383 πρωῒ
1517 1314 1611 1366 τοῦ
1669 1314 1858 1376 αὐτοῦ,
1899 1313 2088 1384 ἡμέρᾳ

505 1401 699 1472 πρώτῃ
736 1401 837 1470 τῆς
909 1403 1225 1472 ὲὸδυμάδος,
1279 1402 1592 1468 ἐξελθόντες
1647 1404 1850 1465 πάντες
1885 1404 1933 1455 οἱ
1993 1403 2086 1455 τοῦ

502 1492 746 1561 κάστρου
773 1492 1021 1562 ἔγκριτοι
1069 1493 1207 1563 μετὰ
1245 1494 1449 1557 παντὸς
1498 1494 1593 1546 τοῦ
1646 1493 1801 1560 λαοῦ,
1852 1495 1946 1546 καὶ
1999 1495 2087 1546 ὲλ-

503 1585 687 1647 θὸντες
749 1585 917 1655 μέχρι
975 1586 1073 1638 καὶ
1116 1585 1211 1638 τοῦ
1270 1587 1532 1656 ῥηθέντος
1583 1585 1712 1640 ναοῦ
1781 1585 1874 1640 τοῦ
1928 1585 2085 1651 ἁγίου

516 1676 792 1746 Ἀνδρέου,
825 1678 917 1729 τὸν
946 1676 1214 1745 δεσπότην
1275 1678 1367 1729 καὶ
1413 1677 1684 1747 αὐθέντην
1731 1692 1833 1744 μου
1890 1692 2089 1743 προσεο

503 1768 750 1835 κύνησαν
796 1767 885 1817 καὶ
942 1767 1040 1827 τὰς
1098 1766 1250 1827 κλεῖς
1300 1762 1391 1816 τοῦ
1460 1766 1699 1835 κάστρου
1764 1765 2086 1832 παρέδωκαν

505 1859 675 1926 αὐτῷ,
703 1860 815 1911 Καὶ
861 1858 1033 1919 οὕτως
1066 1859 1395 1927 κινήσαντες
1432 1856 1575 1926 μετά
1614 1857 1881 1926 πλείστης
1910 1858 2087 1925 χαρᾶς

508 1949 801 2020 ἀμφότερα
831 1949 901 2003 τὰ
925 1949 1091 2019 μέρη,
1113 1949 1258 2017 λέγω
1283 1948 1378 2001 τοῦ
1402 1948 1660 2002 αὐθέντου
1696 1966 1801 2018 μου
1854 1950 1948 2001 καὶ
1990 1947 2086 2001 τοῦ

500 2042 865 2112 πτολιέθρου,
901 2042 1049 2104 τινὲς
1101 2041 1336 2109 ἔφιπποι
1355 2040 1447 2094 καί
1476 2057 1620 2105 τινες
1653 2041 1832 2105 πεζοὶ,
1856 2042 2087 2104 ἕκαστος

516 2135 652 2187 κατά
680 2133 780 2203 τὴν
826 2132 1024 2187 ἑαυτοῦ
1080 2134 1447 2205 πηλικότητα,
1501 2135 1597 2188 καὶ
1622 2133 1957 2197 εἰσελθόντες
2007 2134 2087 2197 είς

506 2227 567 2279 τὸ
598 2227 835 2294 κάστρον
866 2226 1031 2296 μέχρι
1069 2227 1161 2279 καὶ
1206 2226 1317 2278 τῶν
1361 2226 1504 2280 κατά
1529 2227 1620 2280 τὸν
1651 2226 1779 2280 ναδν
1799 2227 1895 2281 τοῦ
1929 2228 2084 2295 ἁγίου

510 2317 782 2370 Νικολάου
812 2317 1104 2385 δωματίων
1131 2317 1577 2388 ἀπήλθομεν,τῆς
1611 2318 1711 2387 μὲν
1742 2317 1865 2371 ὁδοῦ
1906 2320 2087 2387 πάσης

512 2411 972 2479 κατεστρωμέιης
1018 2409 1185 2480 οὐσης
1226 2409 1446 2464 πάντων
1500 2411 1729 2475 ἀνθέων,
1778 2409 1872 2462 καὶ
1926 2410 2085 2461 εὐκο-

511 2502 677 2570 σμίας
696 2504 757 2554 ἐκ
772 2501 965 2567 δεξιῶν
990 2518 1047 2554 τε
1075 2503 1170 2555 καὶ
1185 2501 1244 2568 ἐξ
1262 2500 1580 2571 εὐωνύμων,
1599 2503 1663 2554 ὲκ
1686 2500 1866 2569 δόμων
1893 2500 2087 2553 πάντο-

505 2593 600 2646 θεν
618 2595 771 2663 ῥαινο
779 2594 960 2661 μένων
980 2593 1454 2664 ῥοδοσταμμάτων
1486 2595 1580 2646 καὶ
1600 2592 1773 2662 ῥόδων
1812 2594 1908 2645 καὶ
1926 2608 2086 2662 τρια-

492 2683 916 2751 ηκονταφύλλων.
972 2683 1105 2736 Ἀπὸ
1156 2684 1200 2735 δ’
1241 2684 1452 2738 ἀνωθεν
1511 2682 1606 2736 τοῦ
1658 2683 1919 2753 φρουρίου
1967 2683 2086 2754 ἢτοι

506 2775 601 2828 τοῦ
630 2776 847 2847 πύργου
879 2775 972 2829 διὰ
994 2777 1207 2831 σκευῶν
1232 2777 1331 2831 καὶ
1358 2776 1654 2844 τζαγγρῶν
1702 2775 1860 2846 150
1898 2776 2097 2838 κακῶς·

505 2865 809 2929 ἐδεξιοῦντο
833 2868 1001 2934 ἡμᾶς,
1038 2867 1154 2920 ἀλλ’
1205 2867 1360 2921 οὐδὲν
1393 2868 1636 2938 ἔϐλαψαν
1670 2884 1685 2899 ο
1716 2870 1765 2920 οἱ
1823 2870 1933 2939 γὰρ
1989 2869 2084 2921 τοῦ

513 2960 918 3026 μητροπολίτου
937 2961 1314 3029 κρατήσαντες
1336 2960 1396 3013 τὸ
1421 2960 1706 3031 φρούριον,
1749 2961 1831 3014 ἔτι
1890 2961 1947 3014 δὲ
1993 2962 2087 3015 καὶ

507 3052 578 3101 τὰ
600 3050 898 3104 αὐθεντικά
945 3051 1184 3105 παλάτια
1214 3052 1282 3106 τὰ
1326 3052 1554 3122 πλησίον
1597 3053 1765 3106 αὐτοῦ
1807 3055 2085 3124 οἰκήματα

2203 591 2390 659 Ἦμῶν
2419 591 2473 643 δὲ
2507 593 2598 644 ἐπὶ
2627 591 2726 661 τὴν
2764 591 2956 660 αῦριον
2996 592 3374 661 συναχθέντων
3432 589 3489 641 ὲν
3533 589 3613 657 τῷ
3666 590 3762 642 τοῦ

2191 680 2343 746 ἁγίου
2378 680 2649 751 Νικολάου
2675 681 2807 749 ναῷ,
2863 682 2961 734 καὶ
3002 681 3207 743 παντὸς
3239 679 3333 733 τοῦ
3369 679 3481 732 τῶν
3524 679 3763 731 πολιτῶν

2187 770 2382 838 δήμου,
2411 758 2636 838 ὤμοσαν
2667 771 2804 839 μετά
2858 772 3037 841 ὅρκων
3088 772 3156 824 ἵν’
3186 766 3290 825 ὦσι
3340 773 3526 824 πιστοὶ
3582 771 3765 824 δοῦλοι

2188 863 2282 913 καὶ
2317 862 2673 921 ὐποτακτικοὶ
2707 861 2802 914 τοῦ
2838 862 3099 915 αὐθέντου
3131 863 3286 930 ἡμῶν
3326 863 3418 915 τοῦ
3454 862 3714 915 δεσπότου
3745 879 3760 893 -

2188 942 2312 1002 εἶτα
2376 947 2651 1018 ἐζήτησαν
2703 950 2847 1017 κάμὲ
2912 950 3007 1003 τοῦ
3065 951 3276 1019 κρίνειν
3330 952 3388 1003 ὲν
3438 952 3619 1011 αὐτοῖς
3666 951 3765 1001 καὶ

2191 1039 2412 1093 ἰθύνειν.
2475 1040 2533 1092 Ὀ
2586 1040 2643 1093 δὲ
2694 1041 2960 1110 αὐθέντης
3006 1058 3109 1110 μου
3156 1042 3491 1109 ἀπεκρίνατο
3552 1042 3758 1107 λέγων’

2197 1147 2214 1179 ι
2250 1131 2360 1183 Καὶ
2394 1132 2598 1200 μᾶλλον
2626 1131 2786 1184 τοῦτο
2821 1131 2972 1199 αὐτῷ
2999 1132 3316 1199 ὀφείλομεν,
3349 1134 3443 1185 καὶ
3474 1132 3632 1201 χάριν
3663 1132 3761 1199 τῆς
3846 1182 3855 1188 .

2189 1220 2345 1289 ὑμῶν
2377 1222 2650 1291 αἰτήσεως
2700 1224 2888 1275 ἔσεται
2920 1224 3085 1285 αὐτὸς
3117 1225 3196 1285 εἰς
3250 1222 3493 1291 κεφαλὴν
3553 1223 3700 1290 ὑμῖν.
3737 1238 3756 1270 ι

2188 1317 2269 1388 Τῇ
2291 1317 2345 1369 δὲ
2377 1316 2537 1387 ὀγδόῃ
2566 1318 2662 1369 τοῦ
2690 1316 2860 1369 αὐτοῦ
2918 1316 3140 1371 Ἰουνίου
3179 1317 3347 1386 μηνὸς
3409 1315 3761 1383 διερχομένου

2193 1425 2294 1478 μου
2326 1411 2406 1471 είς
2432 1409 2787 1473 Ναύπακτον,
2822 1409 2909 1462 ἵνα
2954 1408 3091 1479 πρὸς
3122 1406 3214 1459 τὸν
3267 1405 3490 1475 βασιλέα
3546 1405 3765 1474 πρῶτον
3814 1398 3817 1399 ν

2189 1501 2412 1555 ἀπέλθω
2455 1502 2723 1555 ἀκουστὸν
2778 1502 3002 1570 ποιῆσαι
3048 1499 3197 1570 αὐτῷ
3244 1500 3311 1552 τὰ
3352 1502 3413 1551 ἐν
3456 1501 3521 1569 τῇ
3575 1500 3766 1568 Πάτρᾳ

2190 1589 2903 1663 παρακολουθήσαντα,εἶτ’
2954 1593 3053 1645 ἀπ’
3095 1593 3276 1644 ὲκετσε
3334 1591 3453 1659 μετ’
3504 1591 3766 1660 ἄρχοντος

2190 1682 2354 1736 αὐτοῦ
2388 1682 2525 1752 πρὸς
2553 1683 2647 1735 τὸν
2711 1684 2959 1753 ἁμηρᾶν,
3004 1681 3146 1735 κατά
3192 1682 3293 1751 τὴν
3349 1681 3618 1749 τετάρτην
3667 1680 3766 1733 τοῦ

2191 1775 2359 1829 αὐτοῦ
2402 1774 2570 1846 μηνὸς
2602 1774 2908 1842 φθάσαντες
2938 1772 3238 1841 ἐπείναμεν
3296 1772 3353 1823 ὲν
3380 1770 3456 1840 τῷ
3484 1771 3573 1822 τοῦ
3604 1772 3765 1838 ἁγίου

2203 1867 2456 1936 Ἀνδρέου
2488 1866 2623 1936 ναῷ.
2672 1866 2803 1918 Ἰδοὺ
2844 1866 2941 1918 καὶ
2997 1865 3090 1916 δύο
3132 1862 3371 1932 Τοῦρκοι
3426 1862 3767 1931 διερχόμενοι

2188 1961 2291 2029 τὴν
2322 1959 2675 2025 Ναύπακτον,
2707 1960 2735 2012 ὁ
2770 1960 2869 2028 μὲν
2900 1957 2995 2011 τοῦ
3024 1959 3235 2027 ἀμηρᾶ,
3278 1959 3306 2009 ό
3337 1956 3393 2009 δὲ
3428 1954 3521 2007 τοῦ
3551 1956 3766 2024 Τουρα-

2190 2053 2349 2121 χάνη,
2375 2053 2883 2123 προσαγγέλλοντες
2914 2054 2970 2104 ὲν
3007 2052 3393 2121 προστάγματι
3431 2050 3517 2102 ἵνα
3551 2052 3624 2118 μὴ
3659 2054 3764 2119 τὴν

2191 2145 2411 2211 Πάτραν
2433 2144 2860 2215 παραλάϐωμεν.
2891 2144 3105 2206 Οἵτινες
3143 2143 3199 2195 δὲ
3228 2142 3388 2195 πάλιν
3416 2142 3767 2210 ὑπέστρεψαν

2193 2235 2314 2304 μετ’
2341 2235 2475 2304 ἐμοῦ
2506 2235 2809 2302 ἀπολογίαν
2836 2235 3095 2297 λαὸόντες
3144 2234 3378 2299 τοιάνδε,
3422 2235 3503 2285 ὃτι
3557 2234 3675 2285 ἐπεὶ
3737 2233 3767 2284 δ

2189 2325 2382 2394 παρὼν
2417 2326 2575 2394 ήμῶν
2601 2324 2786 2395 ἅρχων
2836 2325 3145 2394 ἀπέρχεται
3196 2322 3334 2393 πρὸς
3387 2321 3479 2373 τὸν
3536 2320 3769 2389 ἀδελφόν

2192 2434 2296 2485 μου
2329 2417 2419 2470 τὸν
2448 2419 2620 2487 μέγαν
2648 2419 2870 2488 ἀμηρᾶν
2893 2416 3179 2488 (δεικνύων
3209 2416 3309 2483 ἐμὲ
3355 2414 3457 2484 ἔφη
3492 2414 3675 2476 αὐτοῖς
3739 2415 3767 2467 ό

2194 2509 2346 2579 151
2380 2510 2647 2577 δεσπότης
2676 2511 2705 2561 ὁ
2760 2510 3033 2573 αὐθέντης
3096 2506 3245 2577 μου),
3298 2507 3394 2559 καὶ
3439 2506 3516 2567 ὡς
3556 2507 3765 2567 ἐκεῖνος

2189 2602 2511 2671 προστάξει,
2545 2601 2720 2664 οὕτως
2753 2603 2848 2654 καὶ
2876 2602 3203 2670 ποιήσομεν.
3264 2597 3764 2667 Ἀναχωρησάντων

2188 2690 2281 2748 οἷν
2312 2694 2469 2763 ἡμῶν
2500 2697 2557 2746 ἐν
2603 2694 2924 2763 Ναυπάκτῳ
2967 2695 3286 2762 ἐμείναμεν.
3344 2690 3497 2761 Πρωῖ
3544 2691 3763 2751 σκοτίας

2186 2786 2268 2839 In
2298 2785 2463 2851 οὔσης
2501 2786 2610 2838 ἰδοὺ
2646 2788 2825 2837 ἐκεῖσε
2860 2785 2954 2836 καὶ
3003 2786 3030 2836 ὁ
3083 2783 3329 2836 παλαιῶν
3383 2783 3615 2851 Πατρῶν
3657 2799 3765 2851 μηο

2187 2880 2523 2948 τροπολιτης
2552 2878 2793 2947 τοῦνομα
2824 2876 3167 2945 Πανδοῦλφος
3226 2874 3587 2935 Μαλατέστας
3626 2873 3764 2942 μετά

2187 2973 2457 3041 τριήρεως
2509 2971 2896 3040 Καταλανικῆς
2954 2969 3199 3038 ἔφθασεο
3257 2967 3611 3037 διερχόμενος
3652 2966 3760 3035 γάρ

2189 3064 2317 3133 περὶ
2338 3064 2405 3115 τὰ
2437 3062 2701 3133 νησύδρια
2736 3060 2805 3113 τὰ
2864 3060 3026 3128 μέσον
3086 3061 3186 3125 τῆς
3241 3056 3385 3120 ὁδοῦ,
3432 3055 3507 3119 ὡς
3560 3055 3761 3125 ἔμαθεν

507 3146 940 3213 σιταρχήσαντες
974 3144 1067 3197 καὶ
1086 3142 1496 3214 ἀφιερώσαντες
1524 3147 1809 3216 κατέσχον.
1833 3147 2079 3210 ἐλπίζον-
2110 3166 2153 3223 c
2187 3154 2267 3207 ὅτι
2301 3155 2454 3223 ἐδόθη
2512 3154 2572 3207 τ’)
2628 3154 2948 3223 πτολίεθρον
2997 3152 3075 3222 τῷ
3126 3152 3387 3221 δεσπότῃ,
3445 3149 3536 3202 τὸν
3590 3147 3759 3200 πλοῦν

504 3252 598 3299 τες
624 3237 706 3289 ὅτι
735 3236 982 3299 ἐλθόντος
1013 3236 1108 3290 τοῦ
1145 3238 1542 3309 μητροπολίτου
1571 3238 1658 3292 διὰ
1691 3241 1883 3292 τούτου
1920 3239 2085 3292 πάλιν

506 3425 567 3469 ιιι
588 3424 704 3471 tute
738 3416 927 3470 urbem
968 3416 1217 3471 intraret.
1248 3417 1435 3487 ltaque
1464 3417 1654 3487 jussus
1687 3407 1787 3488 ego
1812 3433 1919 3472 una
1963 3433 2087 3488 per-

507 3510 625 3561 rexi
647 3523 769 3563 cum
797 3522 962 3587 manu
989 3508 1249 3562 militum.
1274 3509 1332 3563 In
1354 3510 1550 3564 itinere
1577 3511 1630 3563 in
1660 3510 1925 3564 Thomam
1945 3510 2088 3564 Hau-

504 3598 615 3679 lum
635 3600 956 3656 incidimus:
983 3604 1075 3671 qui
1101 3617 1226 3656 cum
1246 3601 1404 3657 facile
1430 3618 1487 3656 se
1512 3617 1671 3671 posse
1693 3601 2082 3657 .lohannicium

506 3709 535 3745 ιι
572 3709 657 3747 me
689 3695 998 3749 distrahere
1048 3696 1435 3759 arbitraretur,
1488 3694 1793 3758 periculum
1840 3704 1979 3755 erat,
2018 3709 2085 3747 ne

505 3787 647 3840 inter
686 3786 883 3842 fratres
918 3803 1109 3858 pugna:
1135 3796 1191 3842 et
1237 3788 1378 3842 mala
1408 3789 1800 3842 excitarentur.
1855 3788 1959 3843 Sed
2005 3790 2084 3842 fa-

504 3888 664 3932 vente
684 3876 819 3942 Deo,
843 3879 996 3934 illum
1014 3880 1224 3934 salvum
1252 3880 1475 3935 domum
1512 3882 1751 3947 restitui,
1780 3892 1943 3952 atque
1972 3883 2086 3951 ipse

504 3985 781 4035 reversus,
812 3973 864 4025 in
894 3974 1095 4042 templo
1117 3982 1170 4025 et
1193 3974 1448 4043 sepulcro
1478 3974 1653 4029 sancti
1693 3974 1946 4036 Andreae,
1979 3975 2072 4042 qui

507 4063 722 4130 primus
739 4063 806 4117 ad
847 4066 1219 4134 apostolatum
1252 4075 1487 4122 vocatus
1512 4076 1618 4127 est,
1651 4068 2079 4121 Constantinum

484 4155 712 4217 inveni,
748 4166 948 4226 quarto
976 4158 1062 4211 die
1088 4157 1262 4220 Junii,
1299 4162 1364 4212 ad
1395 4174 1706 4227 vesperam.
1738 4160 1831 4214 Die
1860 4159 2079 4229 quinto,

504 4246 599 4315 qui
630 4256 752 4301 erat
811 4249 1024 4318 primus
1062 4250 1448 4314 hebdomadis,
1482 4267 1644 4304 mane
1676 4266 1870 4305 omnes
1896 4252 2080 4320 oppidi

506 4340 782 4407 primores
818 4352 872 4395 et
903 4342 1055 4411 plebs
1100 4342 1361 4407 universa
1406 4342 1472 4394 ad
1530 4343 1819 4411 templum,
1867 4345 1934 4398 de
1973 4359 2083 4412 quo

505 4430 711 4484 dictum
742 4441 846 4496 est,
871 4434 1169 4500 progressi.
1192 4432 1475 4500 despotam
1503 4473 1517 4497 ,
1553 4431 1839 4484 dominum
1878 4447 2081 4493 meum,

2190 3248 2489 3317 ἐποιήσατο
2518 3247 2605 3301 διὰ
2627 3245 2722 3299 τοῦ
2750 3248 2928 3299 ἐκεῖσε
2992 3246 3199 3299 κόλπου
3251 3241 3402 3315 παρά
3449 3241 3547 3312 τὴν
3589 3241 3760 3293 Δίτω-

2188 3436 2499 3489 tenuerant,
2560 3426 2887 3495 reciperent.
2940 3423 3167 3479 Postera
3228 3424 3349 3479 luce
3399 3430 3505 3477 tota
3529 3423 3745 3489 civitas,

2190 3518 2472 3573 uobiscum
2507 3517 2559 3571 in
2589 3517 2704 3571 aede
2731 3516 2906 3570 sancti
2957 3515 3168 3571 Nicolai
3198 3523 3537 3584 congregata,
3562 3529 3746 3569 sacra-

2189 3611 2389 3665 mentis
2424 3608 2584 3663 fidem
2618 3618 2671 3662 et
2698 3609 3071 3662 obedientiam
3107 3608 3319 3661 addisit
3350 3607 3584 3675 despotae
3606 3605 3745 3670 ,do-

2189 3702 2338 3755 mino
2372 3712 2582 3755 nostro.
2613 3701 2819 3755 Deinde
2844 3716 2971 3754 cum
3012 3716 3099 3755 me
3126 3701 3450 3770 praefectum
3480 3710 3533 3754 et
3561 3701 3758 3769 guber-

2188 3802 2435 3847 natorem
2461 3793 2563 3846 sibi
2601 3801 2949 3859 exoptarent,
2974 3791 3531 3860 responditdominus
3564 3805 3752 3844 meus:

2194 3884 2290 3936 «Et
2326 3882 2426 3951 ipsi
2464 3882 2759 3935 admodum
2801 3883 2902 3935 hoc
2942 3882 3135 3945 debeo,
3180 3891 3233 3935 et
3264 3881 3754 3949 petentibus-vobis

2188 3973 2489 4036 satisfacio,
2519 3982 2577 4027 ut
2614 3973 2768 4027 vobis
2821 3974 3064 4040 praesit.»
3092 3973 3230 4027 Cum
3263 3983 3459 4028 octavo
3486 3974 3574 4027 die
3603 3975 3749 4043 ejus-

2186 4066 2312 4119 dem
2366 4066 2569 4119 mensis
2632 4063 2780 4119 Junii
2812 4062 3155 4132 Naupactum
3194 4064 3601 4127 discessissem,
3642 4064 3749 4130 pri-

2188 4172 2336 4211 nium
2415 4154 2731 4226 imperatori
2788 4156 3035 4208 nuntium
3069 4155 3339 4209 allaturos
3385 4155 3452 4209 de
3484 4155 3649 4209 rebus
3683 4153 3750 4208 ad

2186 4244 2402 4299 Patram
2434 4244 2760 4305 transactis,
2814 4244 3015 4298 deinde
3069 4259 3194 4298 cum
3233 4259 3343 4299 uno
3370 4260 3400 4299 e
3439 4247 3751 4313 proceribus

2186 4339 2304 4401 ejus
2339 4337 2681 4405 profecturus
2713 4338 2779 4389 ad
2812 4352 3078 4399 ameram,
3106 4338 3193 4392 die
3222 4348 3421 4407 quarto
3450 4338 3571 4408 ejus
3603 4355 3753 4393 men-

2188 4434 2266 4485 sis
2309 4433 2361 4484 in
2424 4432 2629 4498 templo
2688 4432 2863 4485 sancti
2903 4432 3135 4485 Andr-ear
3159 4435 3490 4487 commorati
3546 4449 3753 4488 sumus.

504 4524 876 4579 venerabundi
926 4526 1236 4580 salutarunt
1289 4524 1746 4592 tradideruntque
1804 4526 1854 4577 ei
1899 4524 2082 4590 oppidi
2121 4503 2161 4556 θ
2190 4522 2541 4575 Advenerunt
2572 4533 2686 4576 tum
2720 4523 3061 4591 Naupactum
3090 4523 3231 4578 forte
3259 4524 3369 4579 duo
3407 4525 3625 4590 Turcse,
3659 4540 3752 4578 ve—

506 4617 705 4671 :iavcs.
740 4616 1030 4685 ltailaetitia
1063 4619 1300 4671 maxima
1327 4632 1454 4686 pars
1486 4624 1741 4691 utraque,
1774 4622 1828 4669 et
1860 4614 2071 4668 domini

502 4709 633 4770 mei,
663 4717 718 4763 et
744 4708 950 4777 oppidi,
984 4710 1075 4762 alii
1107 4694 1414 4778 equestres,
1452 4708 1546 4761 alii
1596 4707 1829 4775 pedites,
1862 4709 1957 4775 pm
1982 4724 2075 4761 sua

505 4802 743 4867 quisque
779 4802 1117 4866 conditione,
1144 4799 1490 4859 incedebant,
1529 4807 1694 4866 atque
1719 4805 1963 4852 castrum
1999 4800 2079 4853 in«

501 4894 678 4962 gressi
732 4909 907 4963 usque
959 4896 1027 4948 ad
1085 4893 1347 4949 aediculas
1375 4892 1531 4961 juxta
1572 4892 1831 4962 templum
1898 4894 2076 4946 sancti

514 4980 709 5036 \‘icolai
746 4985 882 5038 sitas
948 4984 1341 5052 processimus,
1390 4992 1499 5036 tela
1526 4982 1609 5035 via
1640 4992 1918 5037 constrata
1955 5001 2079 5039 om-

517 5074 587 5127 iis
602 5074 818 5143 generis
841 5074 1067 5128 floribus
1087 5084 1139 5128 et
1161 5075 1227 5128 ad
1259 5075 1505 5129 dextram
1527 5075 1828 5145 laevamque
1859 5088 2075 5137 ornata,

509 5180 630 5221 :um
664 5181 695 5219 e
754 5165 1007 5220 domibus
1037 5166 1262 5233 insuper
1313 5166 1557 5234 undique
1590 5183 1731 5235 aqua
1772 5184 1992 5224 rosacea
2027 5178 2081 5223 et

508 5273 645 5311 .osar
690 5265 747 5311 et
797 5256 1080 5311 odorifera
1125 5256 1255 5312 folia
1291 5269 1703 5329 spargerentur.
1756 5258 1829 5313 De
1858 5275 2080 5314 summo

511 5361 691 5404 autem
717 5348 945 5404 castello
972 5364 1089 5404 srve
1133 5365 1261 5405 arce
1297 5351 1423 5406 telis
1456 5352 1808 5421 arcubnsque
1838 5353 2077 5407 baleari-

512 5442 613 5495 lnis
646 5441 787 5495 male
838 5454 937 5495 nos
975 5440 1343 5511 excipiebant,
1403 5459 1503 5497 nec
1543 5443 1815 5499 laedebant
1869 5453 2073 5499 tamen.

504 5529 637 5586 Nam
667 5532 811 5602 quia
839 5535 1179 5603 inetrOpolita
1219 5536 1459 5599 stabant,
1508 5537 1796 5591 castellum
1836 5551 2079 5606 occupa-

504 5637 648 5688 rant,
691 5638 746 5681 et
770 5637 1031 5698 praetcrea
1055 5630 1256 5700 palatia
1294 5632 1564 5701 principis
1598 5632 1651 5686 in
1692 5634 1840 5687 illius
1872 5634 2073 5687 vicinia

500 5718 790 5787 militicata,
820 5735 915 5790 spe
944 5721 1118 5789 ducti,
1157 5722 1276 5777 fore
1312 5734 1392 5787 ut,
1448 5740 1570 5777 cum
1601 5726 1840 5779 redisset
1863 5733 2073 5778 metro-

505 5809 699 5880 polita,
720 5811 881 5882 hujus
902 5814 1229 5883 auctoritate
1251 5813 1532 5884 Oppidum,
1562 5814 1710 5883 quod
1734 5815 1902 5871 etiam
1924 5814 2075 5884 prius

2187 4621 2367 4666 tantes
2399 4629 2541 4666 unus
2590 4629 2812 4677 amerze,
2849 4617 2990 4669 alter
3034 4614 3379 4672 Turaeliaois
3415 4618 3655 4680 nomine,
3688 4634 3753 4672 ne

2190 4704 2405 4758 l’atram
2451 4705 2503 4758 in
2538 4706 2805 4760 ditionem
2845 4718 3091 4760 nostram
3128 4710 3526 4778 acciperemus.
3556 4711 3616 4764 Hi
3650 4728 3759 4763 inc-
3812 4706 3817 4719 λ

2187 4813 2308 4851 eum
2342 4798 2570 4862 reversi,
2595 4796 2700 4851 tale
2724 4814 2751 4851 a
2781 4797 3148 4854 Constantino
3174 4816 3502 4867 responsum
3529 4807 3751 4858 lerunt:

2192 4910 2208 4940 ι
2250 4891 2516 4955 Quoniam
2586 4906 2829 4959 praesens
2884 4892 2971 4946 hic
3017 4894 3101 4946 vir
3136 4894 3202 4947 ad
3266 4893 3489 4948 fratrem
3550 4912 3753 4959 meum,

2186 4998 2440 5052 magnum
2463 4998 2728 5047 ameram,
2764 4985 3138 5053 proﬁciscitur
3174 4986 3285 5057 (me
3318 4997 3500 5041 autem
3534 4990 3617 5043 his
3639 5005 3755 5041 ver-

2188 5076 2271 5129 bis
2296 5075 2688 5144 signiticabat),
2734 5084 2792 5127 ut
2820 5076 2913 5130 ille
2942 5077 3285 5141 decreverit,
3322 5080 3394 5137 ita
3429 5079 3748 5136 faciemus.

2186 5166 2278 5221 Sic
2314 5166 2481 5235 igitur
2511 5169 2865 5231 recessimus,
2940 5170 3407 5239 constitimusque
3464 5170 3753 5240 Naupacti.

2185 5259 2492 5326 Antequam
2554 5273 2721 5327 porro
2785 5260 3082 5324 diluxerat’,
3136 5276 3265 5316 ecce
3304 5263 3472 5315 etiam
3504 5275 3753 5318 veterum

2187 5351 2477 5405 Patrarnm
2511 5351 2880 5419 metropolita,
2910 5350 3263 5420 Pandulphus
3286 5353 3592 5417 Malatesta,
3626 5355 3759 5410 illuc

2188 5443 2452 5499 advectus
2508 5455 2592 5498 est
2628 5445 2834 5499 triremi
2864 5446 3176 5501 Catelanica
3201 5486 3213 5500 .
3251 5448 3452 5501 Obicns
3487 5450 3632 5502 enim
3670 5450 3759 5503 in-

2188 5535 2360 5599 sulas,
2391 5547 2542 5590 trans
2573 5551 2712 5603 quas
2740 5536 2823 5589 via
2850 5538 3078 5600 ferebat,
3112 5555 3235 5593 cum
3269 5540 3531 5609 oppidum
3559 5540 3759 5609 despo-

2189 5637 2255 5681 tze
2287 5627 2545 5682 traditum
2573 5642 2694 5683 esse
2725 5628 2994 5691 audisset,
3015 5644 3238 5685 cursum
3269 5648 3365 5700 per
3382 5633 3565 5686 sinum
3599 5632 3752 5687 illum

2191 5720 2437 5789 proxime
2488 5729 2686 5774 terram
2722 5719 3009 5776 Aditolicam
3049 5724 3216 5784 ﬂexit.
3271 5724 3747 5795 Naupactumque,

2193 5815 2383 5869 urbem
2409 5812 2645 5878 .Etoliat,
2684 5823 2742 5867 ut
2778 5812 2981 5870 factum
3045 5817 3327 5887 explorate
3368 5827 3754 5886 cognosceret,
