4066 6296
267 398 274 402 ⁴
305 397 416 463 ’161

1332 388 1777 473 CIIRONICON
1820 415 2094 476 MAJUS.
2134 441 2203 452 -—
2240 418 2388 482 LIB.
2422 418 2506 480 It.

3469 427 3577 486 752

311 519 471 591 λικὴν
503 521 699 591 χέρσον
724 519 977 589 ἔγγιστα,
1009 524 1106 576 καὶ¹
1131 524 1392 595 ἀπεσώθη
1420 530 1500 588 είς
1552 529 1888 584 Ναύπακτον
1921 541 1959 590 Α
1999 535 2152 589 ἐνθεν
2185 540 2273 589 καὶ
2305 539 2333 590 6
2363 538 2550 606 ἕτερος
2599 538 2816 592 ἐκεῖθεν
2865 538 3046 608 πολλῷ
3089 539 3422 610 διαστήματι
3481 545 3580 606 τῆς

310 610 472 665 πόλιν
503 611 601 682 τῆς
633 611 926 677 Αἰτωλίας,
957 615 1107 678 ὅπως
1163 616 1347 680 καλῶς
1405 619 1554 692 μάθῃ
1618 620 1748 689 περὶ
1796 621 1892 674 τοῦ

309 702 620 771 γεγονότος.
662 701 892 773 Ἐδεήθη
918 705 1011 758 οὖν
1039 708 1328 773 ἐπιμεῖναι
1353 713 1497 777 κάμὲ
1559 713 1737 763 ἐκεῖσε
1802 715 1897 764 καὶ

313 794 412 847 ἐπὶ
433 794 532 865 τὴν
593 793 823 865 αὔριον·
886 796 1065 864 ἔγωγε
1123 800 1434 869 ύπεσχέθην
1496 801 1656 854 τοῦτο
1705 803 1897 856 ἕνεκεν

312 885 407 938 δύο
441 887 631 941 αἰτιῶν
654 903 670 920 ⁶
704 887 805 954 τῆς
835 892 934 957 μὲν
965 891 1053 943 ἵνα
1115 892 1344 961 μηνύσω
1377 892 1452 960 τῷ
1509 895 1744 966 αὐθέντῃ
1795 915 1895 962 μου

311 979 443 1046 περὶ
462 978 556 1030 τοῦ
587 980 898 1044 γεγονότος,
923 982 950 1033 6
992 985 1083 1034 καὶ
1149 985 1281 1054 παρ’
1320 986 1454 1050 ἐμοῦ
1516 987 1687 1055 ἔμαθε
1743 989 1895 1056 πρῶ.

313 1083 428 1129 τον.
459 1069 557 1137 τῆς
587 1070 644 1123 δὲ
681 1071 770 1124 ῖνα
815 1072 974 1139 μάθω
1001 1073 1087 1136 τίς
1133 1075 1160 1126 6
1216 1075 1420 1137 σκοπὸς
1450 1077 1616 1129 αὐτοῦ
1675 1077 1739 1147 δὴ
1797 1078 1893 1130 τοῦ

317 1163 744 1232 μητροπολίτου.
780 1163 880 1214 Διὰ
919 1164 1124 1225 ταύτας
1151 1159 1244 1217 οὖν
1270 1167 1368 1227 τὰς
1401 1166 1492 1219 δύο
1521 1168 1702 1228 αίτίας
1756 1169 1896 1220 ἀπέο

322 1267 484 1317 μεινα
543 1252 678 1320 παρ’
737 1253 909 1322 αὐτῷ.
970 1255 1151 1308 Μέσον
1211 1253 1266 1308 δὲ
1313 1258 1612 1325 γενομένου
1663 1262 1771 1313 καὶο
1800 1259 1895 1313 τοῦ

315 1343 588 1412 Βικάρδου
648 1345 974 1414 Μαρκέλλου
1044 1348 1316 1415 ἡγεμόνος
1367 1349 1728 1414 Ναυπάκτου,
1800 1355 1895 1405 καὶ

315 1439 529 1505 εἴδομεν
587 1437 874 1508 ἀλλήλους,
924 1439 983 1491 6v
1027 1442 1182 1507 κάγὼ
1229 1440 1431 1510 βλέψας
1480 1443 1768 1511 ἐθαύμασα
1814 1446 1896 1497 ὅτι

317 1532 494 1585 ἔοικεν
521 1535 600 1595 εἰς
624 1533 804 1585 πάντα
821 1531 908 1602 ,τῷ
936 1533 1032 1584 τοῦ
1061 1534 1224 1603 Σίδης
1269 1536 1670 1609 μητροπολίτῃ.
1725 1538 1898 1590 Συνα-

317 1623 642 1692 νακείμενος
664 1621 758 1678 οὖν
791 1625 902 1693 ἐγὼ
948 1627 1099 1692 αύτῷ
1166 1630 1259 1680 καὶ
1316 1629 1646 1697 συνομιλῶν,
1703 1632 1760 1681 ἐν
1819 1629 1897 1699 τῷ

316 1713 663 1782 διαλέγεσθαι
689 1717 774 1768 ἀεὶ
839 1717 1294 1790 μηχανούμενοςκ
1324 1716 1393 1790 ἦν
1439 1722 1588 1785 ὅπως
1647 1721 1897 1795 γνωρίσῃ

318 1807 462 1869 τίνος
486 1807 674 1862 ἕνεκεν
706 1809 904 1879 ἤθελον
937 1810 1050 1876 ἐγὼ
1077 1811 1335 1864 ἀπελθεῖν
1366 1811 1501 1880 πρὸς
1526 1814 1619 1865 τὸν
1645 1814 1894 1881 ἀμηρᾶν.

320 1899 476 1979 κάγὼ
537 1901 745 1953 ἐκεῖνον
797 1902 1207 1969 πυνθανόμενος
1259 1903 1343 1964 τίς
1396 1905 1423 1955 6
1469 1903 1672 1965 σκοπδς
1727 1903 1893 1957 αὐτοῦ

320 1995 452 2058 περὶ
485 1991 593 2044 τῶν
625 1994 764 2045 κατὰ
793 1993 892 2060 τῆς
948 1993 1173 2062 Πάτρας
1208 1993 1364 2062 152
1397 1993 1741 2061 συμϐάντων,
1803 1996 1897 2048 καὶ

322 2083 398 2152 μὴ
432 2083 724 2151 δυνάμενοι
750 2077 831 2144 εἷς
858 2083 955 2136 τοῦ
995 2084 1186 2152 ἑτέρου
1231 2085 1302 2137 τὰ
1348 2084 1556 2154 κρύφια
1607 2085 1893 2154 γνωρίσαι.

322 2171 547 2225 Ἔοικεν
579 2172 687 2241 γὰρ
711 2173 787 2237 ὥς
812 2190 957 2235 τινες
983 2173 1266 2244 κερδαλέοι
1303 2175 1570 2242 ἐποίησαν
1600 2177 1896 2243 ἐμπορίας.

331 2263 391 2318 ’0
423 2266 520 2333 μιν
562 2265 785 2330 φορτίον
816 2260 966 2334 εἶχεν
1023 2266 1145 2318 ἀντὶ
1198 2266 1440 2334 σηρικῆς
1508 2265 1744 2334 μετάξης
1801 2269 1900 2328 τὰς

320 2359 418 2427 τῆς
445 2357 720 2427 θαλάσσης
748 2357 975 2426 βρύνας,
1005 2360 1032 2409 6
1055 2359 1112 2410 δὲ
1160 2358 1282 2411 ἀντὶ
1339 2359 1628 2428 πεπέρεως
1683 2359 1900 2427 σχοίνου

293 2455 528 2521 ,σπόρον
555 2450 719 2520 ξηρόν
755 2467 772 2483 ο
831 2451 927 2503 καὶ
983 2450 1496 2518 συναπαντηθέντες
1538 2451 1674 2518 ὁμοῦ
1735 2451 1901 2502 ἐπυν-

325 2543 550 2598 θάνοντο
587 2543 835 2612 ἀλλήλων
869 2560 888 2594 ‹
923 2544 974 2594 τί
1004 2542 1064 2596 τὸ
1097 2543 1356 2612 φορτίον;
1382 2563 1403 2594 ι
1439 2546 1465 2594 6
1499 2543 1622 2609 μὲν,
1663 2561 1680 2593 ι
1717 2542 1902 2595 Μέτα-

295 2637 412 2703 -ξα,
447 2655 465 2688 ι
510 2635 612 2704 ἔφη
646 2655 662 2686 t
706 2636 844 2702 ἐστὶ,
874 2635 935 2689 τὸ
968 2634 1134 2706 ἐμόν’
1229 2636 1258 2688 6
1293 2635 1371 2698 δὲ,
1407 2654 1425 2687 ι
1461 2636 1702 2702 Πέπεριο
1733 2652 1752 2686 ι
1809 2635 1903 2686 καὶ

323 2729 558 2788 ἕκαστος
585 2726 767 2783 αὐτῶν
793 2727 1012 2796 ἐνόμιζε
1046 2728 1244 2796 μήπως
1277 2729 1368 2778 τον
1395 2716 1585 2794 ἕτερον
1656 2715 1901 2795 συμπαί-

327 2820 414 2892 ξῃ-
457 2821 569 2872 Καὶ
610 2819 783 2882 οὕτως
827 2821 905 2882 εἰς
953 2819 1233 2891 συνθήκην
1268 2815 1434 2891 ἦλθον
1490 2820 1576 2873 ἵνα
1632 2817 1905 2872 ἀνταλλάο

328 2913 490 2976 ξωσιν
522 2914 591 2968 τὰ
634 2914 852 2983 φορτία,
880 2914 975 2967 καὶ
1005 2913 1082 2984 μὴ
1121 2913 1408 2981 γινώσκων
1457 2918 1485 2966 6
1548 2907 1626 2974 εἷς
1680 2914 1748 2966 τὰ
1811 2912 1904 2964 τοῦ

326 3006 518 3076 ἐτέρου
572 3004 766 3058 ἔλαϐον
823 3007 1042 3076 φορτία.
1091 3008 1184 3060 καὶ
1233 3006 1541 3068 σπουδαίως
1609 3007 1908 3075 ἐπορεύετο

327 3098 558 3158 ἕκαστος
585 3098 672 3150 ἴνα
702 3099 892 3168 πόρῤω
921 3097 1182 3170 μακρύνῃ
1217 3097 1325 3150 ἀπὸ
1351 3098 1445 3150 τοῦ
1468 3097 1655 3162 ἄλλου,
1682 3099 1756 3166 μή
1789 3115 1905 3160 πως

2006 627 2128 681 6606
2154 629 2249 682 καὶ
2298 628 2612 694 ἀνοίξαντες
2648 626 2745 698 οὔχ
2807 624 2965 700 εὖρον
3001 632 3173 684 οὐδέν.
3206 633 3392 694 Οὕτως
3446 635 3584 688 ἑπά-

2001 719 2170 790 θομεν
2201 723 2429 792 χήμεῖς.
2465 724 2669 776 Λοιπὸν
2701 726 2727 778 6
2763 725 3171 795 μητροπολίτης
3213 727 3412 780 δέδωκε
3469 730 3583 792 τοῖς

1996 816 2438 882 ἀπεσταλμένοις
2469 816 2736 884 Τούρκοις
2768 820 2917 888 παρὰ
2963 819 3057 871 τοῦ
3104 821 3298 888 ἀμηρᾶ
3345 823 3438 872 καὶ
3486 822 3582 874 τοῦ

1999 909 2323 977 Τουραχὰνη
2360 912 2470 970 τοῖς
2538 911 2654 976 μετ’
2709 909 2840 978 ἐμοῦ
2901 908 3019 962 οὖσι
3075 910 3382 978 γράμματα
3446 913 3584 978 πρὸς

1999 1001 2138 1083 τοὺς,
2160 1001 2373 1052 ἑαυτῶν
2406 1000 2673 1062 αὐθέντας
2719 1002 2845 1063 τοὺς
2881 1005 3315 1065 ἀποστείλαντας
3361 1003 3579 1066 αὐτοὺς,

2000 1093 2174 1160 κάμοὶ
2200 1092 2256 1144 δὲ
2299 1093 2463 1154 πολὺς
2496 1093 2693 1161 συνέϐη
2717 1095 3004 1161 λογισμὸς,
3045 1096 3116 1163 μή
3158 1113 3286 1146 ποτε
3341 1097 3586 1165 ὑπόσχη-

2000 1200 2092 1236 ται
2135 1181 2318 1236 δοῦναι
2369 1185 2537 1237 ἄστεά
2579 1202 2704 1238 τινα
2757 1187 2857 1252 τῆς
2913 1188 3155 1252 Πάτρας,
3223 1189 3381 1250 εῖπερ
3437 1189 3584 1258 αὖτῷ

2005 1274 2250 1345 βοηθήσῃ
2277 1294 2347 1327 πα
2362 1276 2620 1342 ραλαδεῖν
2657 1278 2903 1347 αὐτὴν,ῆ
2940 1279 3142 1344 πλῆθός
3172 1298 3223 1331 τι
3257 1283 3582 1348 γρημᾶτων.

2002 1369 2112 1421 Καὶ
2150 1369 2224 1437 μὴ
2254 1369 2561 1435 παυόμενος
2599 1370 2671 1438 τῷ
2695 1370 2943 1437 λογισμῷ
2979 1371 3085 1432 ἓως
3116 1364 3176 1424 o6
3227 1373 3382 1439 μάθω
3423 1373 3480 1425 τὸ
3531 1375 3584 1425 τί

2008 1461 2294 1527 περεεῖχον
2325 1460 2390 1510 τὰ
2426 1461 2762 1526 γράμματα,
2811 1459 2903 1511 καὶ
2960 1461 3131 1512 πολλὰ
3184 1463 3455 1519 κοπιάσας
3490 1465 3585 1514 καὶ

2002 1549 2303 1602 συνεσθίων
2333 1551 2515 1604 αὐτοῖς
2548 1552 2790 1616 ὶμέθυσα
2814 1551 3012 1608 αὐτοὺς
3038 1552 3106 1603 τὰ
3151 1554 3383 1620 μέγιστα
3414 1555 3582 1604 ἀκου-

2001 1641 2131 1703 σίως
2164 1642 2252 1693 διὰ
2273 1643 2331 1692 τὸ
2351 1646 2738 1709 συγκοινωνεῖν
2943 1644 3087 1710 κάμὲ
3107 1645 3201 1695 σὺν
3221 1646 3402 1698 αὐτοῖς
3445 1647 3583 1713 πρὸς

1998 1731 2059 1783 τὸ
2091 1734 2256 1793 πιεῖν,
2284 1733 2378 1784 καὶ
2400 1733 2588 1800 σχεδὸν
2615 1733 2923 1798 ὲμεθύσθην
2951 1750 2965 1764 ⁸
2997 1735 3089 1784 καὶ
3111 1734 3366 1786 τοσοῦτον
3391 1737 3588 1802 ἐμέθυ-

2003 1840 2104 1876 σαν
2132 1825 2330 1877 ἐκεῖνοι
2360 1823 2504 1877 ὥστε
2532 1825 2722 1893 ἀπῆρα
2754 1825 2849 1876 ἀπ’
2880 1825 3060 1878 αὐτῶν
3115 1827 3213 1887 τὰς
3264 1827 3583 1894 ἐπιστολὰς,

1999 1914 2096 1968 καὶ
2165 1913 2493 1982 ἀνεγνωκὼς
2547 1916 2719 1978 αὐτὰς
2782 1917 2876 1969 καὶ
2950 1919 3336 1988 μεταγράψας,
3421 1920 3586 1982 πάλιν

2000 2005 2312 2072 σφραγίσας
2371 2008 2528 2060 εἴασα
2583 2008 2804 2069 αὐτούς.
2857 2010 2947 2071 Ὠς
2973 2011 3029 2063 δὲ
3095 2009 3306 2078 ἔφθασα
3359 2014 3440 2074 είς
3488 2013 3587 2078 τὴν

1999 2096 2179 2158 πόλιν,
2210 2097 2364 2164 ἐδόθη
2406 2116 2498 2167 μοι
2555 2101 2914 2168 συμπρέσὸυς
2955 2101 3181 2168 Μάρκος
3218 2104 3244 2153 6
3292 2101 3589 2156 Ha).at0)6-

2001 2205 2095 2255 γος
2123 2188 2151 2239 6
2188 2190 2457 2256 Ἴαγροςὸ
2492 2193 2584 2244 καὶ
2650 2189 2879 2257 ὕστερον
2944 2176 3414 2262 πρωτοστράτωρ,
3463 2194 3586 2247 τότε

2004 2279 2062 2333 δὲ
2129 2283 2695 2352 πρωτοόεστιαρίτης.
2755 2286 2862 2338 Καὶ
2921 2285 3042 2338 ἀντὶ
3094 2285 3187 2338 τοῦ
3252 2288 3588 2356 συμϐοηθεῖν

2005 2391 2096 2442 μοι
2131 2377 2372 2438 ἐναντίος
2394 2371 2463 2447 ἦν
2497 2379 2636 2430 κατὰ
2669 2378 2765 2445 τῆς
2817 2378 3128 2440 ὑποθέσεως
3167 2379 3237 2430 δι’
3285 2380 3354 2450 ἦν
3414 2381 3591 2448 ἐπηρ-

2001 2466 2199 2536 χόμην,
2226 2469 2324 2521 καὶ
2348 2469 2447 2520 οὐκ
2479 2465 2598 2522 οῖδα
2627 2470 2688 2521 τὸ
2715 2470 2912 2525 αἴτιον.
2968 2469 3082 2522 ἀλλ’
3110 2471 3141 2539 ἢ
3189 2471 3252 2524 τὸ
3311 2473 3338 2522 6
3391 2471 3590 2535 φθόνος

2003 2559 2104 2609 οὐκ
2141 2553 2250 2609 οἶδε
2296 2560 2578 2629 προτιμᾷν
2635 2560 2696 2611 τὸ
2751 2561 3052 2627 συμφέρον.
3136 2561 3491 2622 ’Λπελθόντες
3544 2560 3588 2612 δ’

2005 2648 2140 2715 ὁμοῦ
2188 2649 2325 2715 προς
2383 2649 2476 2700 τὸν
2538 2650 2762 2716 ἀμηρᾶν
2824 2649 3093 2715 ἐλάϐομεν
3152 2649 3451 2714 ἀπολογίαν
3502 2649 3590 2700 ἴνα

2006 2736 2161 2802 αὖθις
2196 2739 2565 2806 ἀποδώσωμεν
2587 2741 2686 2807 τὴν
2717 2741 2939 2810 Πάτραν
2978 2735 3060 2798 οἷς
3106 2743 3360 2808 προεῖχον
3389 2741 3589 2804 αὑτήν.

2019 2833 2469 2901 Ἀπελογισὰμην
2505 2829 2600 2888 οὖν
2637 2833 2793 2898 κάγὼ
2845 2833 2920 2899 τῷ
2975 2834 3180 2902 πρώτῳ
3227 2835 3325 2900 τῆς
3391 2834 3589 2900 βουλῆς

2007 2923 2100 2976 τοῦ
2153 2925 2348 2994 ἀμηρᾶ
2396 2925 2634 2996 τοῦνομα
2698 2925 3132 2996 Ἰἧραὴμ-πασιᾶ
3193 2925 3276 2977 ὅτι
3326 2923 3586 2992 τοιαύτην

2007 3018 2302 3087 ἀπόκρισιν
2328 3018 2440 3085 ἐγὼ
2471 3019 2531 3072 οὐ
2555 3019 2740 3084 τολμῶ
2788 3020 2969 3070 είπεῖν
3024 3017 3102 3083 τῷ
3145 3017 3384 3088 αὐθέντῃ
3439 3033 3543 3082 μου
3571 3031 3588 3046 ·

2009 3103 2183 3176 ὅμως,
2225 3107 2348 3159 ἐπεὶ
2385 3109 2592 3171 ἐκεῖνος
2639 3107 2962 3160 ἀπέστειλεν
3009 3107 3109 3174 ἐμὲ
3145 3107 3281 3174 πρὸς
3338 3108 3431 3160 τδν
3497 3106 3592 3174 μὲ-

329 3191 362 3258 6
393 3189 614 3260 μηχανὴ
668 3187 1055 3260 φανερωθείη·
1114 3190 1210 3243 καὶ
1242 3189 1703 3270 ,παραγενόμενοι
1751 3191 1779 3243 ὁ
1827 3185 1976 3264 εἷςο
2009 3214 2114 3268 γαν
2169 3199 2418 3269 ἀμηρᾶν,
2474 3197 2838 3269 προσταξάτω
2888 3199 2984 3252 καὶ
3056 3198 3226 3260 αὐτός
3294 3214 3419 3249 τινα
3478 3196 3589 3248 τῶν
3634 3179 3645 3184 ’

329 3375 572 3431 devenit.
629 3373 863 3443 Rogavit
923 3374 1109 3445 igitur,
1165 3383 1224 3427 ul
1253 3389 1360 3443 ego
1387 3390 1611 3444 quoque
1656 3375 1721 3429 aJ
1757 3373 1903 3428 diem

331 3477 654 3538 sequentem
687 3467 762 3520 ibi
795 3482 1072 3520 manerent
1096 3483 1109 3520 :
1134 3466 1283 3535 quod
1319 3467 1366 3521 ei
1385 3468 1597 3521 duabus
1623 3467 1692 3521 de
1722 3467 1904 3522 causis

333 3558 606 3629 promisi:
666 3574 798 3618 una,
872 3565 931 3611 ut
979 3556 1279 3612 indicarem
1343 3559 1566 3613 domino
1616 3573 1738 3614 meo
1773 3558 1904 3627 quid

333 3651 675 3721 contigisset,
701 3651 847 3720 quod
882 3651 930 3706 is
954 3666 1088 3708 sane
1120 3667 1184 3704 ex
1220 3666 1306 3705 me
1342 3652 1580 3720 primum
1608 3652 1903 3722 cognovit;

331 3741 526 3806 altera,
569 3751 629 3796 ut
660 3743 954 3797 consilium
988 3744 1351 3812 metropolitze
1372 3744 1669 3798 discerem.
1704 3741 1786 3796 0b
1814 3758 1908 3797 eas

331 3834 696 3888 duas‘causas
732 3834 896 3904 igitur
932 3850 1058 3888 eum
1093 3835 1189 3889 illo
1223 3836 1424 3889 mansi.
1476 3833 1597 3888 Vidi
1629 3836 1705 3888 ibi
1737 3835 1904 3888 etiam

335 3927 807 3981 intervenientem
869 3926 1166 3981 Bicardum
1237 3927 1589 3990 Marcellum,
1640 3925 1907 3995 Naupacti

331 4017 854 4087 praal'ectuut,quetn
891 4019 1132 4073 mirabar
1155 4019 1382 4072 omnino
1412 4018 1754 4072 simillimum
1787 4031 1909 4073 esse

330 4110 696 4180 metropolitte
717 4111 958 4166 Side'nsi.
980 4109 1288 4172 Malatesta,
1311 4126 1443 4190 cum
1458 4110 1909 4166 accultuissemus

331 4217 441 4256 una
483 4211 536 4255 et
563 4203 1035 4272 colloqueremur,
1068 4203 1122 4256 itt
1160 4204 1512 4258 sermonibus
1545 4201 1793 4256 studiose
1815 4217 1911 4256 co-

332 4295 566 4350 nabatur
589 4296 886 4364 expiscari,
919 4312 1026 4365 qua
1067 4295 1136 4350 de
1177 4311 1235 4351 re
1310 4311 1414 4364 ego
1448 4296 1511 4351 ad
1543 4310 1784 4349 ameram
1809 4295 1911 4351 iter

332 4390 615 4456 suscipere
653 4379 874 4451 vellem,
912 4395 1080 4458 atque
1111 4403 1216 4458 ego
1246 4388 1491 4443 vicissim
1527 4403 1593 4443 ex
1628 4387 1724 4443 illo
1751 4404 1906 4458 qua:-

331 4480 516 4534 rebam
539 4480 750 4543 audire,
783 4480 916 4551 quid
945 4480 1063 4550 ipse
1095 4481 1161 4536 de
1194 4481 1360 4536 rebus
1388 4481 1655 4535 adversus
1685 4480 1934 4536 Patratn'

331 4576 498 4648 gestis
554 4575 784 4628 sentiret
813 4589 830 4630 :
865 4587 1103 4643 cumque
1163 4583 1356 4628 neuter
1401 4588 1466 4627 ex
1499 4572 1670 4626 altero
1703 4571 1906 4628 elicere

331 4676 516 4736 posset
578 4673 788 4720 secreta
818 4666 960 4733 .ejus
993 4665 1252 4729 consilia,
1289 4667 1491 4721 accidit
1543 4665 1722 4726 nobis,
1760 4661 1908 4733 quod

331 4759 662 4828 quaestuosis
693 4757 1022 4827 quibusdam
1057 4757 1258 4811 accidit
1295 4767 1661 4812 mercaturam
1699 4755 1910 4810 l'acien-

333 4853 502 4913 tibus,
548 4865 784 4918 quorum
814 4851 952 4904 alter
981 4862 1078 4918 pro
1110 4850 1290 4904 serico
1317 4848 1558 4919 plantam
1592 4849 1894 4919 quatudatn

333 4943 665 4998 maritimam
692 4943 1124 5012 portabat,alter
1151 4957 1251 5011 pro
1278 4942 1466 5013 pipere
1491 4941 1644 5012 junci
1683 4943 1906 4996 baccam

333 5037 566 5090 aridam.
609 5035 674 5089 Hi
699 5051 824 5090 cum
860 5035 962 5090 sibi
990 5035 1392 5098 occurrissent,
1470 5035 1910 5103 quaesissentque

332 5128 601 5191 vicissim,
637 5127 896 5196 quidnam
951 5127 1217 5181 mercium
1248 5134 1559 5196 portarent,
1594 5141 1738 5180 unus
1772 5125 1908 5178 seri-

334 5237 482 5287 rum,
512 5221 654 5274 alter
678 5221 831 5289 piper
862 5219 1022 5274 dixit.
1056 5220 1243 5288 itaque
1273 5233 1398 5272 cum
1425 5229 1656 5287 uterque
1679 5219 1909 5273 alterius

332 5313 624 5368 deludendi
680 5312 910 5380 cupidus
973 5322 1139 5374 esset,
1203 5311 1466 5366 convenit
1523 5313 1666 5366 inter
1701 5326 1821 5372 eos.
1849 5319 1911 5366 ut

331 5412 716 5472 permutarent
745 5418 979 5468 merces,
1005 5412 1173 5472 atque
1209 5410 1438 5470 uterque
1463 5402 1590 5471 quid
1631 5401 1770 5455 alter
1799 5402 1901 5455 ba-

328 5497 481 5551 beret
537 5496 779 5566 ignarus,
805 5497 924 5566 ejus
981 5511 1121 5550 onus
1153 5496 1367 5564 accepit
1410 5495 1706 5563 abibatque
1748 5493 1903 5548 festi-

331 5598 545 5652 nanter,
573 5597 633 5641 ttt
657 5588 818 5658 longe
845 5589 1122 5643 recederet
1149 5601 1216 5642 ne
1233 5585 1388 5642 fraus
1408 5588 1559 5642 lieret
1591 5586 1902 5641 manifesta.

331 5680 540 5736 Diversi
607 5680 777 5750 igitur
828 5697 951 5736 cum
1015 5680 1281 5736 abiissent
1305 5689 1360 5736 et
1400 5681 1566 5750 longo
1593 5679 1706 5748 jam
1733 5679 1902 5734 inter-

327 5773 471 5827 vallo
527 5773 830 5838 distarent,
867 5781 1148 5843 postremo
1202 5773 1406 5842 apertis
1455 5771 1718 5838 sarcinis,
1756 5773 1902 5840 quod

326 5868 648 5935 quaarebant
704 5866 845 5922 haud
882 5876 1226 5938 repererunt.
1259 5866 1392 5923 Tale
1425 5865 1557 5936 quid
1596 5865 1762 5921 etiam
1796 5882 1896 5920 no-

2007 3378 2092 3434 bis
2139 3397 2242 3436 usu
2316 3379 2484 3435 venit.
2519 3377 2790 3446 Deinceps
2849 3376 3197 3446 metropolita
3251 3374 3474 3441 Turcis,
3519 3374 3588 3427 ab

2009 3486 2194 3526 amera
2221 3480 2275 3525 et
2305 3470 2632 3524 Turacltane
2665 3468 2876 3526 missis.
2917 3467 3011 3535 qui
3054 3481 3266 3519 mecutn
3299 3477 3483 3526 erant,
3516 3464 3583 3517 ad

2008 3578 2200 3618 eorum
2252 3563 2529 3628 dominos,
2561 3578 2590 3616 a
2619 3561 2820 3628 quibus
2863 3559 3014 3613 missi
3051 3567 3338 3617 venerant,
3375 3557 3588 3610 litteras

2010 3654 2195 3708 dedit:
2260 3668 2323 3706 ac
2363 3653 2660 3706 vehemens
2709 3665 2796 3702 me
2825 3650 2998 3702 subiit
3051 3647 3320 3714 suspicio,
3353 3661 3419 3700 ne
3448 3645 3590 3701 forte

2011 3746 2206 3816 Oppida
2247 3745 2496 3812 quaedam
2560 3742 2842 3796 Patrensis
2892 3741 3176 3805 territorii,
3213 3747 3306 3792 aut
3339 3739 3591 3797 aliquau-

2011 3847 2128 3893 tum
2169 3839 2416 3908 pecunia:
2478 3835 2844 3904 promisisset,
2879 3835 2922 3887 si
2970 3832 3117 3887 sein
3161 3830 3476 3899 occupanda
3523 3844 3588 3884 ea

2013 3931 2152 3985 urbe
2177 3930 2484 3998 adiuvaret.
2544 3925 2655 3982 Nec
2718 3925 2934 3980 cessavi
2972 3942 3000 3978 a
3034 3924 3368 3992 suspicione,
3403 3924 3580 3977 donec

2011 4021 2417 4092 cognovissem,
2445 4019 2576 4088 quid
2606 4035 2683 4072 eae
2709 4019 2904 4072 litterae
2934 4019 3298 4076 continerent,
3327 4016 3589 4070 multum-

2012 4131 2123 4184 que
2155 4128 2336 4182 operae
2369 4113 2706 4178 impendens
2736 4118 2792 4164 et
2821 4126 2947 4164 cum
2993 4110 3060 4164 iis
3089 4109 3416 4170 convivans,
3470 4109 3586 4162 ine-

2013 4207 2190 4264 briavi
2231 4220 2328 4261 eos
2363 4204 2618 4274 quamvis
2650 4211 3047 4272 repugnantes,
3079 4218 3205 4255 cum
3236 4217 3342 4256 una
3371 4215 3493 4254 cum
3519 4198 3588 4254 iis

2014 4312 2281 4372 putarem,
2312 4316 2412 4354 nec
2444 4295 2634 4352 aberat
2661 4298 2920 4360 multum,
2955 4295 3087 4365 quin
3111 4295 3418 4349 inebriarer
3449 4293 3588 4359 ipse.

2011 4393 2093 4449 llli
2114 4402 2296 4447 autem
2324 4406 2388 4445 eo
2403 4390 2686 4445 ebrietatis
2713 4397 3132 4458 processerunt,
3156 4395 3216 4465 ut
3242 4383 3502 4451 epistolas
3523 4381 3593 4435 iis

2014 4485 2418 4549 subtralterem,
2443 4482 2645 4552 quibus
2672 4480 2833 4535 lectis
2857 4490 2910 4532 et
2937 4477 3227 4542 descriptis
3259 4487 3595 4541 rursumque

2016 4578 2341 4646 obsignatis,
2396 4575 2545 4645 ipsos
2581 4573 2782 4628 missos
2821 4571 2945 4626 l‘eci.
2977 4569 3276 4638 Postquam
3313 4566 3367 4620 in
3403 4567 3590 4618 urbem

2015 4670 2164 4732 veni,
2205 4668 2421 4722 Marcus
2462 4665 2798 4733 Palaeologus
2823 4662 3038 4731 Iagrus,
3063 4661 3154 4729 qui
3189 4671 3376 4728 postea
3399 4666 3591 4726 proto-

2017 4771 2220 4819 strator
2281 4761 2404 4824 fuit,
2463 4769 2577 4812 tum
2616 4767 2798 4810 autem
2850 4751 3257 4824 protovestiarii
3318 4751 3587 4832 dignitate

2019 4857 2366 4925 fungebatur,
2421 4853 2710 4922 legationis
2745 4852 2928 4905 socius
2961 4848 3094 4902 mihi
3146 4845 3440 4912 adjunctus
3468 4852 3578 4897 est.

2015 4944 2068 4999 Is
2105 4953 2315 4999 tantum
2345 4932 2557 5004 aberat,
2579 4941 2973 5009 uttnejttvaret
2995 4938 3049 4991 in
3081 4938 3321 5006 negotio,
3356 4931 3587 5001 oltquod

2014 5051 2298 5099 veneram,
2341 5045 2398 5089 ut
2428 5036 2813 5088 adversaretur
2841 5029 2972 5083 mihi
3003 5045 3016 5080 :
3052 5026 3213 5095 cujus
3236 5041 3340 5091 ego
3358 5024 3433 5077 rei
3470 5022 3593 5076 ttul-

2013 5129 2124 5182 lam
2168 5128 2327 5182 aliam
2391 5137 2612 5181 causm'n
2678 5123 2825 5186 novi,
2865 5121 2970 5176 nisi
3009 5118 3153 5186 quod
3185 5117 3388 5171 invidia
3421 5115 3598 5166 Itono-

2019 5234 2142 5274 rare
2171 5217 2460 5271 utilitatem
2491 5231 2598 5270 non
2645 5213 2955 5268 consuevit.
3004 5207 3120 5264 Una
3153 5209 3322 5277 igitur
3345 5204 3410 5258 ad
3438 5218 3593 5256 ame-

2014 5326 2129 5364 ratn
2164 5308 2415 5379 profecti,
2471 5321 2794 5376 responsum
2856 5302 3105 5365 tulimus,
3144 5314 3203 5354 ut
3242 5297 3461 5351 Patratn
3500 5296 3589 5356 iis,

2013 5415 2248 5470 quorum
2310 5399 2521 5458 fuisset,
2576 5395 3023 5455 restitueremus;
3068 5407 3174 5459 qua
3198 5387 3265 5442 de
3309 5402 3366 5441 re
3395 5397 3493 5453 ego
3517 5381 3594 5456 ei,

2013 5495 2104 5562 qui
2126 5506 2325 5546 amem
2361 5490 2574 5560 primus
2598 5497 2717 5542 erat
2747 5503 2776 5539 a
2805 5485 3076 5546 consiliis,
3106 5472 3589 5544 Ibraemi-pasiani

2013 5587 2255 5648 nomine,
2293 5583 2464 5646 edixi,
2501 5582 2610 5636 tale
2647 5593 2971 5650 responsum
3008 5590 3117 5628 non
3147 5569 3350 5624 audere
3385 5580 3470 5618 tne
3498 5580 3586 5618 re-

2012 5679 2158 5734 ferre
2185 5679 2252 5733 ad
2314 5677 2598 5731 dominum
2635 5689 2818 5727 meum
2847 5690 2860 5725 :
2899 5682 3086 5723 verum
3123 5675 3329 5724 tamen,
3361 5671 3484 5710 cum
3514 5654 3584 5710 ad

2013 5788 2272 5844 magnum
2298 5785 2539 5826 ameratn
2569 5768 2658 5825 ille
2695 5783 2779 5820 tne
2803 5763 3067 5821 misisset,
3098 5757 3216 5824 ipse
3258 5748 3575 5822 quempiam

2013 5879 2224 5920 mecum
2265 5863 2482 5934 iuberet
2522 5859 2696 5925 abire,
2728 5856 2818 5927 qui
2865 5850 3047 5923 magni
3071 5862 3269 5903 amet'a:
3299 5846 3587 5899 decretum
