4066 6296
509 361 618 424 763

1677 371 2006 433 esouen
2047 339 2468 434 ΡιιιιΑΝτΖιτ

3660 373 3770 436 764

507 472 697 534 αὑτοῦ,
729 474 817 527 ἵνα
843 473 962 542 μετ’
999 473 1136 543 ἐμοῦ
1191 477 1318 548 ἔλθῃ
1369 481 1464 532 καὶ
1509 481 1802 556 ἀπαγγέλῃ
1856 485 1932 553 τῷ
1982 486 2078 538 αὐ·
2109 494 2152 546 Α
2183 486 2262 547 είς
2293 487 2353 539 τὸ
2391 483 2720 538 δεσπόται-ον
2747 484 2822 548 ὡς
2854 486 3097 554 πρέσϐυς
3135 487 3379 563 ¹ζητήσει
3418 486 3512 539 τοῦ
3575 487 3768 553 Καρόο

509 564 672 636 θέντῃ
700 585 800 634 μου
823 568 882 619 τὸ
909 567 1004 620 τοῦ
1037 571 1278 638 μεγάλου
1313 573 1506 645 ἀμηρᾶ
1533 577 1734 644 δόγμα.
1792 579 1902 632 Καὶ
1967 595 2084 631 στε-

513 657 722 725 ρεὼσας
757 659 914 710 τοῦτο
941 660 1132 726 λέγει’
1173 682 1192 714 τ
1226 665 1504 732 Φρονίμως
1557 669 1649 719 καὶ
1707 669 1959 737 χρηστῶς
2011 669 2085 720 εἴ·

512 761 702 813 ρηκας.
736 765 753 795 ι
796 746 851 798 Ὀ
877 747 932 799 δὲ
972 750 1190 820 Ἴαγρος
1225 755 1578 822 μεμφόμενος
1607 757 1707 826 ἐμὲ
1738 759 1813 821 ὡς
1861 760 2081 827 ἄπρακ-

508 853 600 885 τον
633 837 905 902 ἐλογίζετο
930 843 1025 894 καὶ
1062 843 1136 912 μὴ
1167 844 1470 913 δυνάμενον
1504 849 1791 902 ἐκτελέσαι
1849 868 1903 902 τι
1951 867 2084 918 χρη-

510 927 634 975 στίιν
670 929 716 976 εί
753 929 823 994 μὴ
852 930 1146 1000 ἐπιζήμιον
1171 952 1184 964 ο
1223 936 1331 1002 ἐγὼ
1377 937 1430 990 δὲ
1463 937 1596 990 Θεοῦ
1631 940 1847 1012 εὐδοκία
1873 942 2083 1011 ἔπραξα

505 1019 686 1080 τοῦτο,
743 1026 835 1075 καὶ
893 1021 1022 1092 ἦλθε
1078 1029 1174 1080 σὺν
1236 1031 1360 1098 ὲμοί
1411 1050 1494 1095 τις
1550 1035 1703 1103 παρὰ
1749 1035 1842 1086 τοῦ
1893 1038 2084 1105 ἁμηρᾶ

510 1110 778 1175 πρέσϐυς.
813 1114 918 1164 Καὶ
956 1115 1117 1168 τοῦτο
1143 1113 1208 1181 ἦν
1242 1120 1302 1170 τδ
1359 1121 1576 1188 πρῶτον
1631 1125 1803 1177 αἴτιον
1847 1123 1942 1177 τοῦ
1988 1124 2083 1178 λα-

511 1201 626 1251 ϐεῖν
654 1203 751 1268 τὴν
782 1205 1069 1272 διόρθωσιν
1097 1210 1157 1261 τὸ
1191 1214 1318 1277 περὶ
1346 1214 1443 1281 τῆς
1483 1214 1727 1283 Πάτρας.

585 1293 744 1365 154.
769 1295 954 1367 η’.Τᾧ
987 1299 1033 1351 δ’
1100 1303 1248 1370 αὐτῷ
1315 1304 1519 1375 Ἰουλίῳ
1579 1308 1707 1376 μηνὶ
1766 1307 1860 1360 τοῦ
1915 1309 2080 1362 αὐτοῦ

510 1382 665 1445 ἔτους
730 1387 973 1440 ἀπέθανε
1045 1393 1136 1443 καὶ
1185 1394 1212 1443 6
1262 1394 1531 1465 δεσπότης
1597 1398 1840 1467 Κάρολος
1885 1401 1964 1462 είς
2014 1402 2080 1455 τά

522 1474 820 1539 Ἰωάννινα,
884 1480 977 1531 καὶ
1027 1481 1105 1549 τῷ
1153 1483 1345 1554 ιςῇλη
1401 1487 1457 1537 ἐν
1523 1488 1652 1555 μηνὶ
1719 1489 2079 1561 Σεπτεμϐρίῳ

510 1567 590 1628 είς
646 1569 774 1632 τοὺς
835 1574 1137 1637 κρατικοὺς
1175 1575 1421 1647 ἔπραξαν
1472 1578 1534 1629 τὸ
1588 1566 1924 1634 συῖλοικέσιον
1986 1581 2078 1634 τοῖο

509 1657 942 1714 αὑθεντοπούλου
968 1664 1073 1731 κὺρ
1096 1665 1269 1732 Θωμᾶ
1317 1669 1365 1718 oi
1408 1669 1732 1737 αὑτάδελφοι
1787 1672 1954 1724 αὐτοῦ
1989 1674 2081 1725 καὶ

507 1748 768 1802 δεσπόται
836 1753 977 1818 μετὰ
1038 1755 1139 1823 τῆς
1198 1756 1468 1828 θυγατρὸς
1516 1763 1822 1827 πριγκίπ-υ
1877 1765 2077 1830 Ἀσάνη

2189 577 2280 628 λου
2308 577 2591 640 δεσπότου,
2620 576 2844 644 ἀνεψιοῦ
2892 580 2984 632 καὶ
3047 575 3482 646 γυναικαδέλςρου
3515 579 3610 632 τοῦ
3663 580 3765 634 αὐ-

2189 665 2372 728 θεντό;
2405 683 2526 732 μου,
2560 666 2786 719 καὶτῶν
2817 667 3065 732 φυσικῶν
3122 669 3256 722 υίῶν
3313 667 3481 720 αὐτοῦ
3541 669 3606 737 δὴ
3663 669 3762 722 τοῦ

2189 757 2460 825 Καρόλου,
2504 758 2794 827 Ίιέρκοὺλου
2823 761 2913 812 καὶ
2936 759 3221 825 Μενώνου,
3272 761 3360 814 ἴνα
3413 762 3763 830 εἰρηνοποιή-

2189 869 2265 904 σω
2314 851 2470 922 155
2531 855 2756 916 τούτους
2823 855 2904 916 είς
2966 853 3034 907 τὶ
3083 853 3467 924 διαφερόμενα
3524 855 3706 911 αὐτῶν
3745 871 3757 881 ·

2188 944 2452 1014 ἐποίησαν
2499 945 2608 1012 γὰρ
2677 944 2933 1011 ἐνόρκους
2991 936 3332 1014 συμφωνίας,
3379 945 3628 1011 λέγοντες
3678 947 3760 998 ὅτι

2185 1035 2237 1088 εί
2272 1053 2325 1088 τι
2385 1035 2494 1106 ἄρα
2547 1053 2607 1103 γε
2655 1036 2910 1106 διακρίνῃ
2944 1038 2983 1088 .6
3039 1037 3267 1106 ζητήσει
3327 1037 3483 1104 ἡμῶν
3547 1037 3759 1095 σταλεὶς

2185 1124 2369 1193 ἄρχων
2403 1123 2496 1175 τοῦ
2545 1123 2806 1176 δεσπότου
2875 1125 2978 1191 κὺρ
3045 1125 3457 1182 Κωνσταντίνου
3495 1125 3759 1199 (δηλοιότι

2184 1213 2318 1290 ἐγὼ)
2357 1214 2487 1283 περὶ
2551 1215 2658 1265 τῶν
2706 1214 2982 1282 διαφορῶν
3030 1215 3212 1268 αὐτῶν
3258 1210 3332 1268 ὧν
3383 1217 3601 1285 ἔχομεν,
3634 1235 3759 1270 στε-

2187 1304 2480 1373 ρεώσωμεν
2514 1303 2649 1370 όμοῦ
2680 1303 2746 1356 τὰ
2787 1305 2926 1374 μέρη
2965 1320 2978 1335 ·
3014 1304 3309 1374 ἐρχόμενος
3337 1305 3431 1360 οὖν
3476 1309 3616 1363 κατὰ
3693 1308 3761 1359 τὰ

2185 1393 2417 1463 πλησίον
2444 1394 2542 1461 τῆς
2573 1393 2734 1460 ἁγίας
2757 1393 2988 1462 Μαύρας
3023 1394 3286 1462 νησύδρια
3331 1397 3759 1468 ᾐχμαλωτίσθην

2185 1481 2290 1533 ὑπὸ
2316 1482 2425 1534 τῶν
2452 1482 2787 1538 Καταλάνων
2836 1484 2974 1548 μετὰ
3026 1486 3120 1536 καὶ
3175 1484 3350 1538 ἄλλων
3399 1485 3611 1537 πολλῶν
3661 1488 3760 1538 ἀν-

2185 1573 2421 1643 θρώπων
2453 1577 2545 1629 καὶ
2578 1575 2788 1628 σκευῶν
2850 1577 3185 1646 πολυτίμων,
3237 1579 3331 1630 καὶ
3383 1581 3757 1650 κρατήσαντές

2186 1681 2253 1733 με
2288 1666 2452 1735 μέχρι
2486 1666 2632 1726 τινὸς
2655 1667 2945 1735 ἁπήγαγόν
2967 1685 3034 1739 με
3070 1668 3198 1736 ἄχρι
3220 1672 3318 1736 τῆς
3375 1670 3753 1739 Κεφαληνίας,

2183 1751 2257 1816 ὡς
2286 1753 2445 1821 δῆθεν
2505 1754 2800 1818 διελθόντες
2865 1758 2945 1819 είς
2994 1758 3062 1811 τὰ
3119 1759 3245 1830 περὶ
3301 1759 3401 1828 τὴν
3458 1761 3753 1814 Νεάπολιν.

508 1842 784 1912 Ζαχαρίου
810 1844 905 1898 τοῦ
942 1848 1320 1917 Κεντηρίωνος
1346 1867 1358 1881 ο
1421 1855 1480 1904 έν
1531 1846 1574 1918 ᾧ
1611 1854 1674 1928 δὴ
1743 1857 1874 1925 μηνὶ
1923 1856 2079 1924 κάγὼ
2111 1840 2152 1894 Β
2181 1844 2346 1906 Τέλος
2377 1847 2793 1916 ὲπεστρέψαμεν
2822 1851 2903 1911 είς
2937 1853 3036 1915 τὴν
3071 1849 3437 1919 Γλαρέντζαν,
3490 1853 3633 1920 κάμὲ
3696 1853 3755 1905 δὲ

509 1934 672 1986 πάλιν
704 1937 1086 2008 ἑπανέστρεψα
1118 1942 1198 2004 είς
1231 1943 1514 2012 Λάρισσαν
1546 1945 1682 2011 πρὸς
1723 1951 1813 2000 τὸν
1857 1939 2079 2018 ’Τουρα-

510 2027 700 2094 χάνην,
741 2029 835 2081 καὶ
863 2035 920 2081 τὺ
957 2031 1086 2100 περὶ
1120 2033 1217 2102 τῆς
1249 2036 1473 2105 Πάτρας
1532 2036 1756 2100 τελείως
1811 2040 2080 2110 ὲδιὼρθω-

511 2135 599 2172 σα.
635 2121 745 2173 Καὶ
771 2123 848 2188 τῷ
877 2121 1025 2192 αὑτῷ
1057 2124 1167 2177 ἔτει
1201 2127 1255 2178 ἐν
1289 2129 1419 2197 μηνὶ
1476 2130 1769 2202 Νοεμϐρίῳ
1828 2135 1859 2204 ἡ
1924 2134 2079 2203 βασί-

507 2213 667 2264 λισσα
700 2213 867 2279 κυρία
899 2215 1152 2283 Θεοδώρα
1187 2217 1554 2290 εὐρισκομένη
1591 2224 1672 2284 είς
1701 2225 1760 2276 τὸ
1793 2224 2078 2296 Στάμηρον

508 2303 767 2367 ἀπέθανε,
814 2307 1187 2376 καταλείψασα
1246 2311 1427 2381 λύπην
1489 2301 1692 2382 πολλὴν
1751 2315 1830 2377 εἷς
1877 2333 1936 2368 τε
1989 2317 2077 2370 τὸν

445 2410 458 2427 '
507 2395 674 2466 ἄνδρα
704 2398 871 2466 αὐτῆς
901 2401 993 2452 καὶ
1031 2401 1236 2462 πάντας
1273 2404 1420 2472 ἡμᾶς
1449 2406 1576 2468 τοὺς
1642 2405 1788 2474 αὐτῷ
1842 2406 2078 2470 οἰκείους

505 2488 595 2540 διὰ
650 2489 710 2540 τὸ
761 2486 901 2541 εἶναι
953 2492 1125 2562 αὐτὴν
1173 2493 1482 2560 καλλίστην.
1546 2496 1750 2566 Ἐτάφη
1812 2499 1868 2550 δὲ
1915 2497 2076 2568 μέχρι

450 2611 451 2614 η
507 2580 648 2641 τινὸς
683 2583 740 2630 ἐν
774 2582 994 2652 μιᾷτῶν
1021 2584 1333 2654 ἐκκλησιῶν
1402 2587 1503 2656 τῆς
1554 2588 1920 2657 Γλαρέντζας,
1981 2589 2077 2641 καὶ

512 2669 650 2736 μετὰ
686 2671 858 2723 ταῦτα
890 2673 1223 2742 ἀνεκόμισαν
1251 2676 1421 2744 αὐτὴν
1453 2679 1530 2740 είς
1549 2677 1644 2746 τὴν
1677 2680 1732 2730 ἐν
1779 2682 1846 2748 τῇ
1894 2680 2076 2748 Σπάρ-

505 2775 573 2831 τῃ
607 2759 698 2812 τοῦ
731 2762 1005 2815 Ζιυοδότου
1049 2766 1235 2834 μονήν.
1273 2767 1384 2820 Καὶ
1437 2766 1514 2834 τῷ
1589 2768 1901 2839 Ἰανουαρίῳ
1947 2772 2076 2838 μηνὶ

507 2849 598 2900 τοῦ
645 2849 813 2901 αὑτοῦ
891 2851 1044 2915 ἔτους
1099 2854 1368 2926 εὐλογήθη
1418 2859 1446 2909 6
1488 2857 1910 2920 αὐθεντόπουλος
1970 2858 2074 2928 κὺρ

507 2943 708 3008 Θωμᾶς
759 2943 856 3011 τὴν
927 2944 1125 3013 κυρίαν
1178 2949 1560 3014 Αίκατερίναν,
1631 2949 1905 3018 θυγατέρα
1980 2947 2074 3001 τοῦ

510 3035 768 3107 ῥηθέντος
798 3037 1098 3107 πριγκίπου
1129 3041 1184 3090 ὲν
1207 3042 1273 3109 τῇ
1305 3040 1549 3111 Σπάρτῃ.

582 3126 660 3197 Τῇ
680 3127 748 3219 ῌδὲ
774 3135 865 3219 κς⁹
897 3128 1145 3200 Μαρτίου
1177 3129 1271 3184 τοῦ
1322 3131 1486 3186 αὐτοῦ
1528 3132 1706 3199 ἔτους,
1762 3132 1943 3205 ἡμέρᾳ
1981 3132 2077 3186 καὶ
2104 3159 2149 3219 c

509 3215 734 3288 ὧρᾳοῖξι
785 3218 832 3270 oi
869 3219 1142 3290 Πατρηνοί
1175 3238 1243 3290 με
1306 3224 1554 3289 ὲπίασον,
1612 3225 1908 3294 ἐρχομένου
1977 3241 2080 3292 μου

511 3393 737 3448 domino
777 3411 900 3449 meo
925 3399 1286 3453 renuntiaret.
1314 3399 1486 3466 Quam
1532 3403 1848 3470 petitionem
1885 3419 2082 3472 appro-

446 3508 448 3511 ·
498 3488 672 3552 'huns,
715 3490 1086 3556 «Prudenter,
1133 3491 1343 3557 inquit,
1388 3495 1781 3563 commodeque
1838 3495 2072 3549 dixisti.»

510 3578 700 3647 lagrus
743 3590 924 3632 autem
971 3598 1056 3635 me
1095 3583 1438 3638 calumnians
1472 3601 1568 3654 pro
1615 3587 2077 3654 ineptohabebat,

511 3666 714 3735 quique
750 3666 816 3720 ad
851 3668 1009 3732 nihil,
1041 3669 1144 3722 nisi
1179 3671 1243 3722 ad
1279 3672 1538 3726 damnum
1573 3675 1874 3742 parandum
1906 3675 2078 3728 l‘aetns

509 3763 710 3812 esseni.
747 3757 859 3826 Ego
886 3774 1010 3812 vero
1029 3761 1324 3816 auxiliante
1347 3762 1457 3832 Deo
1477 3761 1580 3817 hoc
1611 3764 1783 3825 effeci,
1822 3767 2079 3832 venitque

509 3865 722 3903 mecum
794 3852 862 3904 al)
915 3867 1102 3906 amera
1169 3853 1399 3924 legatus.
1472 3856 1650 3923 Atque
1709 3855 1824 3910 haec
1890 3857 2065 3924 prima

509 3953 673 3996 Causa
721 3942 853 4008 fuit,
892 3960 999 4013 qua
1048 3943 1310 4002 l’atrense
1361 3949 1643 4017 negotium
1680 3957 1940 4021 eventum
1977 3949 2078 4001 ha-

507 4034 645 4088 lillll.

579 4126 632 4182 9.
687 4127 886 4181 Eodem
939 4145 1122 4185 mense
1175 4129 1320 4185 Iulio
1375 4131 1620 4201 ejusdem
1683 4131 1814 4185 anni
1846 4130 2078 4185 Carolus

507 4218 731 4288 despota
765 4221 905 4289 apud
933 4219 1258 4275 Joanninam
1287 4233 1538 4276 mortuus
1557 4229 1659 4285 est,
1683 4229 1738 4276 et
1759 4236 1902 4275 anno
1917 4221 2076 4285 6958,

507 4326 694 4364 mense
729 4312 1058 4380 Septembri,
1103 4310 1328 4366 Thomas
1402 4313 1672 4382 principis
1732 4311 1929 4366 fratres
1980 4312 2080 4364 de-

529 4416 700 4470 sizota:
740 4407 1080 4459 connubium
1132 4405 1275 4459 inter
1322 4406 1500 4473 ipsum
1535 4417 1588 4458 et
1622 4405 1784 4458 [illam
1819 4405 2078 4473 principis

2182 1937 2471 2006 ἐπώλησαν
2497 1940 2590 1992 καὶ
2622 1946 2744 2004 τοὺς
2766 1941 2868 2000 ¹σὺν
2893 1941 3016 2010 ἐμοὶ
3067 1943 3156 1995 διὰ
3187 1944 3474 2013 χρυσίνους
3509 1945 3753 2015 χιλιάδας

2181 2028 2369 2080 πέντε.

2265 2119 2351 2170 Ἑν
2493 2121 2557 2190 δὴ
2615 2120 2794 2191 καιρῷ
2849 2123 2982 2192 μηνὶ
3028 2123 3262 2193 Μαρτίῳ
3319 2125 3412 2177 καὶ
3457 2126 3483 2175 6
3530 2125 3753 2193 ἀμςρὶς

2189 2210 2540 2280 Ἀμουράτης
2573 2213 2884 2282 ἐπολιόρκει
2916 2213 3013 2286 τὴν
3042 2214 3469 2282 Θεσσαλονίκην,
3523 2233 3752 2284 κρατου-

2183 2300 2352 2365 μένην
2371 2302 2477 2354 ὑπὸ
2495 2303 2602 2355 τῶν
2640 2303 2892 2360 Ἐνετῶν.
2925 2305 3039 2357 Καὶ
3078 2305 3401 2361 ἀπέστειλεν
3438 2308 3466 2360 6
3499 2306 3753 2376 βασιλεὺς

2180 2393 2423 2463 πρέσϐυν
2453 2393 2544 2447 τὸν
2595 2396 3046 2466 πρωτοσέῦαστον
3076 2397 3346 2452 Νικόλαον
3388 2398 3479 2450 τὸν
3536 2399 3752 2453 Χωνιάο

2177 2499 2276 2551 την
2310 2487 2406 2536 καὶ
2469 2485 2888 2554 Φραγκόπουλον
2949 2483 3038 2538 τδν
3097 2488 3563 2557 πρωτοστράτορα
3617 2490 3787 2558 πρὶς·

2177 2576 2268 2629 τὸν
2318 2577 2563 2646 ἀμηρᾶν,
2615 2577 2812 2645 λέγων,
2873 2595 2890 2630 t
2928 2578 3040 2639 Οὐκ
3093 2579 3267 2642 ἔξεστι
3330 2581 3595 2652 μενούσης
3651 2583 3749 2649 τῆς

2179 2665 2335 2735 ἡμῶν
2365 2667 2543 2733 φιλίας
2577 2670 2669 2722 καὶ
2701 2671 2942 2736 ἀγάπης,
2997 2671 3306 2740 πολιορκεῖν
3339 2690 3399 2726 σε
3439 2677 3509 2726 τὰ
3549 2675 3751 2743 ἡμέτε-

2181 2774 2249 2826 ρα
2281 2772 2294 2786 ·
2334 2775 2352 2808 ι
2385 2759 2412 2810 6
2438 2759 2494 2811 δὲ
2535 2760 2756 2829 ἁμηρᾶς
2787 2761 3152 2830 ἁπεκρίνατοο
3195 2782 3212 2815 ι
3248 2763 3485 2834 Ἀληθῶς
3539 2765 3745 2832 λέγετε.

2180 2842 2360 2917 Είῆτο
2394 2850 2457 2900 ἐκ
2487 2850 2595 2902 τῶν
2625 2851 2718 2902 τοῦ
2769 2850 3054 2920 βασιλέως,
3089 2853 3200 2920 ὲγὼ
3266 2855 3368 2906 οὐκ
3413 2857 3750 2925 ἐπιχειριζό-

2183 2956 2293 3007 μην
2322 2957 2372 2992 τι
2415 2955 2428 2970 °
2463 2941 2509 2992 εί
2540 2941 2594 2992 δὲ
2627 2942 2720 2993 καὶ
2753 2943 3196 3014 ὲπιχειριςόμην,
3243 2946 3633 3012 ἐγκατέλειπον
3659 2949 3744 3000 ἄν.

2180 3031 2326 3100 Πλὴν
2353 3034 2464 3093 τοῖς
2501 3034 2638 3085 πᾶσι
2701 3033 2858 3102 δῆλόν
2909 3037 3027 3086 ἐστι
3086 3041 3181 3088 καὶ
3254 3038 3496 3104 γνωστὸν
3545 3039 3748 3106 ὁμοίως

2181 3123 2278 3176 καὶ
2300 3123 2378 3192 τῷ
2406 3124 2620 3194 ἀδελφῷ
2655 3143 2756 3192 μου
2794 3126 2870 3193 τῷ
2901 3126 3111 3195 βασιλεῖ
3175 3130 3270 3178 καὶ
3320 3129 3469 3196 ὑμῖν,
3538 3129 3620 3182 ὃτι
3682 3131 3745 3181 ἐκ

2182 3214 2378 3270 πολλοῦ
2422 3217 2673 3288 ὲπώλησε
2720 3219 2820 3288 τὴν
2866 3219 3274 3288 Θεσσαλονίκην
3323 3222 3416 3274 καὶ
3469 3221 3540 3276 τά
3589 3221 3748 3291 πέριξ

2184 3393 2442 3462 despolia,
2467 3394 2558 3462 qui
2585 3393 2788 3446 domini
2827 3395 2930 3447 mei
2964 3394 3140 3449 amnis
3172 3405 3226 3449 et
3274 3394 3441 3450 frater
3478 3397 3743 3464 patruelis

2182 3495 2320 3545 erat,
2357 3493 2410 3536 et
2446 3498 2830 3552 germanorum
2893 3484 3128 3538 liliorum
3173 3483 3434 3552 ejusdem,
3487 3483 3737 3536 Herculis

2181 3583 2237 3629 et
2270 3574 2540 3634 Menonis,
2587 3583 2645 3627 ut
2670 3589 2764 3628 eos
2781 3573 3114 3628 dissidentes
3139 3575 3283 3628 inter
3307 3590 3366 3630 se
3400 3575 3737 3629 restituerem

2181 3666 2236 3719 in
2267 3666 2626 3720 concordiam
2669 3683 2682 3718 :
2723 3675 3098 3719 convenerant
3138 3667 3340 3735 quippe
3369 3675 3423 3720 et
3465 3666 3739 3735 iurarant,

2182 3759 2228 3812 si
2259 3758 2386 3827 quid
2422 3759 2500 3811 vir
2534 3758 2788 3826 princeps
2831 3773 2858 3810 a
2891 3757 3254 3812 Constantino
3291 3758 3492 3814 missus
3529 3761 3648 3836 (ego
3665 3760 3747 3809 vi-

2181 3852 2402 3921 delicet)
2430 3851 2494 3904 de
2530 3851 2740 3915 litibus,
2769 3867 2906 3920 quas
2954 3851 3242 3917 haberent,
3295 3852 3640 3908 decerneret.
3691 3866 3748 3907 se

2183 3943 2233 3999 id
2270 3955 2445 3999 ratum
2515 3944 2844 3999 habituros:
2893 3959 3019 3998 cum
3073 3945 3240 4014 igitur
3300 3945 3488 4013 prope'
3535 3944 3745 4000 insulas

2182 4039 2402 4092 Sanctae
2453 4037 2654 4090 Maurae
2686 4037 2982 4100 venissem,
3025 4035 3270 4090 Catelani
3321 4051 3407 4090 me
3437 4051 3564 4090 cum
3625 4036 3745 4090 aliis

2181 4129 2373 4184 multis
2452 4129 2769 4182 hominibus
2796 4137 2853 4180 et
2920 4127 3086 4182 rebus
3145 4129 3400 4196 pretiosis
3451 4139 3729 4196 ceperunt,

2181 4225 2344 4288 atque
2367 4217 2680 4285 aliquandiu
2719 4223 3016 4276 retentum,
3056 4215 3400 4270 abduxerunt
3431 4216 3486 4270 in
3542 4217 3747 4285 Cepha-

2181 4309 2402 4372 leniam,
2463 4307 2743 4378 Neapolim
2805 4308 3056 4362 videlicet
3107 4309 3414 4378 trajecturi.
3508 4310 3746 4364 Tandem

2182 4399 2525 4454 Glarentzum
2578 4399 2785 4454 reversi
2841 4415 3055 4463 sumus,
3114 4401 3211 4453 ubi
3283 4417 3369 4455 me
3395 4411 3450 4454 et
3509 4403 3746 4472 reliquos

505 4495 704 4549 Asanis
769 4492 1051 4547 Zachariae
1103 4492 1448 4546 Centerionis
1510 4493 1923 4547 conciliarunt:
1963 4509 2071 4562 quo
2101 4499 2148 4558 D
2178 4497 2424 4562 captivos
2462 4493 2705 4562 quinque
2733 4508 3026 4546 aureorum
3076 4492 3319 4547 millibus
3362 4497 3745 4548 vendiderunt.

507 4601 694 4640 mense
721 4601 820 4655 ego
886 4584 1161 4639 Larissam
1192 4586 1257 4638 ad
1311 4583 1692 4637 Turachanem
1755 4585 1974 4649 reverti,
2025 4594 2078 4640 et

503 4677 820 4732 Patrensem
855 4677 1287 4732 controversiam
1332 4677 1398 4728 ad
1439 4676 1598 4729 linem
1635 4676 1886 4743 perduxi.
1927 4675 2076 4730 Men-

503 4787 562 4824 se
603 4770 895 4825 Novembri
921 4772 1166 4836 ejusdem
1227 4769 1356 4822 anni
1409 4767 1730 4835 imperati-ix
1782 4768 2074 4823 Theodora

503 4864 735 4918 Stameri
773 4880 802 4917 e
833 4865 938 4917 vita
968 4862 1230 4922 excessit,
1261 4861 1466 4928 ingenti
1512 4860 1788 4915 desiderio
1838 4864 1921 4917 sui
1959 4875 2074 4917 tum

502 4955 724 5020 luat-itu,
763 4965 878 5008 tum
943 4954 1102 5007 nobis
1166 4952 1427 5005 omnibus
1493 4953 1811 5008 dmnPslicis
1854 4966 2076 5025 propter

502 5049 759 5103 eximiam
788 5063 943 5102 suam
971 5055 1313 5099 venustatem
1353 5045 1564 5098 relicto.
1617 5043 1829 5114 Corpus
1870 5047 1922 5100 in
1964 5049 2076 5102 aede

500 5141 738 5209 quadam
779 5141 1083 5194 Glarentzae
1135 5138 1200 5192 ad
1272 5150 1485 5206 tempus
1537 5136 1841 5200 conditum,
1885 5151 2072 5208 postea

504 5237 756 5299 Spartam
801 5230 854 5282 in
888 5233 1284 5284 monasterium
1309 5229 1510 5283 (IhriSIi
1553 5231 1862 5285 Salvatoris
1919 5232 2071 5286 dela-

505 5334 619 5376 tum
656 5331 759 5376 est.
797 5321 1051 5389 Ejusdem
1110 5322 1237 5376 anni
1288 5338 1474 5377 mense
1519 5321 1780 5376 Januario
1834 5323 2076 5379 Thomas

503 5413 762 5468 dominus
792 5414 1022 5468 solemni
1059 5415 1167 5469 ritu
1208 5415 1586 5478 Catharinam,
1625 5417 1755 5469 dicti
1809 5415 2074 5484 principis

508 5508 698 5571 ﬁliam,
731 5506 939 5577 Sparta:
980 5526 1200 5565 uxorem
1234 5509 1410 5564 duxit.

583 5598 680 5654 Die
713 5599 887 5654 Martii
924 5601 1182 5657 vicesimo
1233 5615 1387 5657 sexto
1434 5602 1678 5672 ejusdem
1738 5601 1999 5662 anni,die
2023 5612 2076 5654 et

504 5697 662 5758 hora,
695 5707 800 5762 qua
862 5709 947 5747 mc
995 5692 1285 5748 l‘atrenses
1333 5692 1890 5757 comprehenderant,
1947 5706 2070 5744 cum

510 5787 728 5856 legatus
755 5785 808 5840 in
841 5786 1182 5858 despotatum
1234 5787 1610 5856 proﬁciscens,
1650 5792 1840 5854 rogatu
1894 5785 2072 5837 Caroli

2250 4585 2369 4650 Quo
2403 4584 2623 4651 quidem
2653 4593 2914 4654 tempore,
2944 4599 3133 4637 mense
3181 4584 3394 4646 Martio.
3460 4587 3749 4639 Amnrates

2179 4687 2396 4726 ameras
2422 4673 2872 4727 Thessalonicam
2901 4673 3136 4738 obsedit,
3186 4690 3349 4742 quam
3412 4684 3524 4727 tum
3562 4673 3746 4727 Veneti

2181 4765 2460 4818 tenebant.
2486 4763 2635 4824 Misit
2668 4765 2971 4831 imperator
3002 4765 3208 4834 legatos
3247 4765 3550 4837 ‘Nieolaum
3611 4766 3750 4819 Cho-

2180 4858 2365 4910 nialen
2423 4857 2858 4925 protosebastum
2925 4856 3404 4926 etFraneopulum
3446 4869 3749 4927 protostra-

2177 4959 2373 5013 torem,
2428 4951 2519 5018 qui
2569 4950 2683 5006 lia-c
2718 4965 2914 5006 amem-
2959 4951 3341 5004 renuutiarent
3404 4970 3417 5004 :
3456 4970 3473 5001 ‹
3503 4951 3640 5004 Pace
3697 4962 3749 5002 et

2181 5043 2421 5096 amicitia
2464 5044 2607 5096 inter
2637 5058 2738 5097 nos
2769 5043 3003 5110 vigente,
3067 5057 3174 5096 non
3237 5044 3365 5097 licet
3418 5043 3516 5096 tibi
3570 5054 3747 5096 nostra

2178 5134 2450 5188 obsidere.
2480 5152 2496 5182 ι
2531 5131 2828 5201 Respondit
2848 5149 3062 5188 ameras
3091 5116 3163 5188 τ’(
3194 5133 3357 5187 Recte
3373 5135 3576 5188 dicitis.
3601 5135 3656 5188 Si
3687 5150 3749 5188 ea

2181 5227 2316 5278 urbs
2351 5226 2698 5294 imperatoris
2739 5234 2909 5291 esset,
2951 5241 3059 5278 non
3098 5226 3393 5281 invasurus
3436 5241 3557 5278 eam
3615 5225 3748 5277 fuis-

2179 5335 2314 5383 sem,
2351 5328 2467 5379 aut.
2494 5319 2538 5373 si
2561 5320 2909 5383 invasissem,
2944 5319 3277 5374 dimissurus
3307 5335 3321 5385 ;
3384 5319 3480 5371 sed
3539 5327 3751 5372 constat

2180 5421 2234 5467 et
2267 5421 2455 5465 notum
2485 5423 2569 5464 est
2599 5411 2878 5474 (millibus,
2937 5419 2992 5465 et
3034 5411 3374 5479 imperatori,
3428 5409 3589 5463 fratri
3626 5423 3748 5462 meo

2181 5515 2234 5559 et
2268 5506 2443 5561 vobis.
2475 5505 2586 5571 jam
2637 5504 2850 5572 pridem
2913 5502 3358 5557 Thessalonicam
3417 5517 3544 5555 cum
3617 5500 3751 5552 locis

2181 5597 2561 5665 adjacentihus
2589 5597 2850 5649 omnibus
2885 5603 2944 5649 ut
2977 5595 3250 5664 peculium
3309 5594 3379 5648 ab
3430 5592 3750 5647 Andronico

2182 5691 2404 5755 livSptHa
2450 5688 2723 5741 venditem
2755 5703 2874 5742 esse
2895 5685 3137 5742 Venetis.
3168 5685 3287 5740 Jam
3325 5701 3458 5738 vero
3490 5701 3598 5739 non
3627 5685 3753 5737 licet

2181 5797 2281 5834 nee
2313 5784 2776 5845 conceda«n,eam
2831 5781 2884 5835 in
2931 5779 3170 5836 confinio
3236 5779 3407 5833 nostri
3474 5778 3755 5846 vestrique
