4066 6296
524 270 631 334 767
1728 281 2049 342 GEORGII
2092 280 2113 339 Ι

2217 280 2523 342 RANTZE
3694 286 3813 348 763

598 389 705 439 Καὶ
730 386 809 457 τῷ
840 387 1037 460 ,ςεδμβ
1067 389 1179 444 ἔτει
1217 392 1548 464 ’ῐανουαρίου
1584 396 1628 460 ζ’
1660 398 1824 451 πάλιν
1856 400 2100 467 ἀπῆλθον
2132 402 2171 456 Α
2205 400 2381 468 χῶραι
2405 401 2497 452 καὶ
2523 400 2701 463 πόλεις
2727 401 2818 452 καὶ
2842 401 3319 471 κ‹ῖ›μαι,“Ἀστρον,
3338 400 3825 469 Ἄγιος-Πέτρος,

528 482 771 546 πρέσϐυς
800 483 932 552 πρὸς
964 484 1055 535 τὸν
1092 484 1197 553 κὺρ
1246 486 1528 541 ’Λντώνιον
1559 489 1649 542 τὸν
1680 492 1965 559 Κομνηνδν
2007 494 2097 543 τὸν
2204 490 2713 557 ’Ἄγιος-Ἰωάννης,
2750 490 3132 558 Πλαταμόνας,
3168 489 3827 560 Μελίγον,Προάστειοτ

525 572 636 623 τῶν
694 571 934 641 Ἀθηνῶν
964 574 1234 645 αὐθέντην
1288 579 1380 630 καὶ
1432 577 1571 646 πρὸς
1619 582 1710 632 τὸν
1746 583 1969 651 ἀμηρᾶν
2005 585 2100 635 καὶ
2202 581 2498 641 Λεωνίδας,
2531 583 2906 649 Κυπαρισσία,
2967 584 3216 646 Ῥἑοντας
3261 587 3357 635 καὶ
3392 584 3678 646 Σίτανας,
3721 585 3829 635 καὶ

526 662 665 730 πρὸς
694 664 788 716 τὸν
821 664 1065 731 βασιλέα.
1108 668 1200 721 Ἐν
1240 662 1366 737 ᾧδὴ
1419 670 1743 743 Ἰανουαρέῳ
1790 677 1851 743 τῇ
1890 680 1973 726 κθ¹
2005 676 2100 727 αὑ-
2203 670 2378 733 οὕτως
2413 673 2579 739 ἐγγὺς
2626 673 2809 723 αὐτῶν
2861 672 3019 725 δώσω
3067 675 3204 743 αὐτῇ
3267 676 3436 726 τόπον
3466 676 3697 727 ὁπόσον
3725 678 3828 724 καὶ

523 754 642 816 τοῦ,
677 757 872 819 νυκτὸς
904 757 1022 829 ὥρᾳ
1065 760 1226 837 τρίτῃ
1248 801 1263 823 ,
1311 763 1702 833 ἐπυρπόλησαν
1734 767 1926 834 παίλδές
1958 784 2102 829 τινες
2203 756 2312 813 οἷον
2346 761 2660 831 φανήσηταί
2700 779 2789 829 μοι
2824 764 2903 823 εἰς
2952 762 3177 831 γνώμην
3226 764 3321 814 καὶ
3353 762 3558 833 βουλὴν
3603 763 3823 828 αὐτῆς.

526 846 956 912 ἀργοντόπουλοι
991 851 1083 901 τὴν
1147 853 1202 902 ὲν
1262 854 1602 924 Βλαχέρναις
1656 860 1737 918 εἰς
1788 859 1957 923 ὄνομα
2000 859 2100 927 τῆς
2207 851 2581 915 Πρυλαϐὀντος
2635 852 2691 904 δὲ
2747 851 2841 903 τοῦ
2901 853 3223 922 Τουραχάνη
3280 854 3375 905 καὶ
3427 853 3533 921 τὴν
3612 851 3826 919 Θήϐαν

527 936 878 1005 Θεομὴτορος
913 940 1059 992 θεῖον
1084 943 1213 995 ναὸν
1264 945 1356 996 τὸν
1384 948 1689 1018 περικαλλῆ
1743 955 1836 1001 καὶ
1889 952 2103 1016 θαυμα-

525 1032 782 1094 τουργδν.
816 1032 1064 1095 θέλοντες
1105 1041 1300 1090 πιάσαι
1348 1044 1494 1101 τινὰς
1545 1044 1799 1105 νεοττοὺς
1848 1061 2103 1111 περιστε-

530 1123 660 1188 ρῶν·
700 1122 758 1184 ὃς
790 1125 917 1184 ναὸς
943 1126 1120 1177 ἔκειτο
1156 1130 1215 1179 ὲν
1250 1132 1313 1198 τῇ
1350 1131 1927 1186 Κωνσταντινουπόλει
1966 1137 2103 1205 πλη-

528 1212 644 1264 σίον
695 1214 788 1266 τοῦ
836 1218 1135 1271 κεοατικοῦ
1191 1221 1398 1273 κόλπου
1450 1225 1508 1276 ὲν
1551 1225 1626 1293 τῷ
1686 1225 1956 1295 αἰγιαλῷ.
1995 1229 2103 1281 Καὶ

526 1302 684 1355 τοῦτο
717 1306 1033 1373 ἀκηκίῖαμεν
1079 1312 1137 1360 ὲν
1181 1313 1244 1377 τῇ
1302 1313 1880 1368 Κωνσταντινουπόλει
1929 1318 2103 1387 ἀπερ-

528 1394 746 1461 χόμενοι
807 1400 872 1465 τῇ
915 1398 1108 1469 πρώτῃ
1170 1402 1576 1474 Φεϐρουαρίου,
1628 1408 1748 1478 ὥρα
1809 1412 1949 1479 μετὰ
2013 1412 2105 1466 τὸν

530 1486 813 1554 ἑσπερινδν
845 1491 943 1555 τῆς
971 1493 1307 1561 Δεσποτικῆς
1356 1482 1550 1567 ἑορτῆς
1577 1502 1675 1570 τῆς
1722 1502 2101 1571 Ὕπαπαντῆς.

530 1577 642 1628 Καὶ
696 1579 873 1664 ἑπελδ
930 1582 1173 1651 εἰρηκὼς
1226 1586 1326 1637 οὐκ
1394 1589 1685 1658 ἐγνώσθη,
1738 1593 2105 1664 ἐλογισάμεθα

528 1665 726 1732 ψεῦδος
758 1663 923 1731 εἶναι,
961 1677 1054 1723 καὶ
1096 1673 1403 1739 διελθόντες
1457 1681 1887 1753 παρέμπροσθεν
1936 1687 2107 1752 μονὰς

533 1758 695 1808 πέντε
728 1761 879 1813 οὐδὲν
911 1763 1041 1830 περὶ
1086 1768 1280 1820 τούτου
1314 1770 1661 1839 ἠκούσαμεν,
1690 1777 1782 1827 καὶ
1833 1777 1993 1847 159
2026 1780 2106 1842 εἰς

533 1849 633 1918 τὴν
671 1853 725 1902 ὲν
759 1852 835 1920 τῷ
881 1854 1178 1923 Ῥαιδεστῷ
1227 1859 1361 1932 ἕκτῃ
1419 1865 1555 1932 μονῇ
1613 1864 1772 1933 ἡμῶν
1830 1868 2107 1939 ἐμάθομεν

536 1941 695 1995 τοῦτο
772 1946 1039 2013 ἀκριϐῶς,
1092 1951 1210 2014 πῶς
1262 1957 1356 2008 καὶ
1403 1957 1535 2010 πότε
1573 1960 1810 2027 ἐγένετο,
1844 1963 1983 2034 ὅπερ
2012 1966 2108 2019 καὶ

536 2052 612 2086 πα
621 2036 866 2103 ράδοξον.

606 2128 713 2181 Καὶ
752 2134 876 2183 κατ’
921 2134 1097 2203 ἀρχὰς
1144 2138 1237 2191 τοῦ
1289 2140 1483 2210 θέρους
1522 2144 1619 2198 τοὺ
1647 2149 1846 2216 ,ς-ᾒμγ’
1872 2151 2110 2204 ἀπέθανε

536 2218 629 2314 καλ
660 2222 689 2273 6
717 2222 827 2275 τῶν
871 2223 1113 2294 Ἀθηνῶν
1140 2231 1409 2301 αὐθέντης
1440 2237 1534 2289 καὶ
1567 2240 1762 2310 Θηϐῶν
1792 2243 1819 2294 6
1863 2246 2111 2314 προρρη-

538 2308 654 2405 θεὶς
680 2314 785 2379 κὺρ
829 2315 1115 2380 Ἀντώνιος
1150 2322 1488 2393 Λαντζιόλης
1511 2331 1538 2381 6
1570 2308 1874 2400 κομνηνός·

538 2401 693 2493 τήσει
743 2406 843 2470 τῆς
889 2407 1105 2461 ἐκείνου
1150 2417 1413 2478 γυναικὸς
1464 2420 1682 2487 Μαρίας
1739 2401 2111 2493 Μελισσηνῆς,

541 2490 813 2560 θυγατρὸς
841 2498 1068 2561 Λέοντος
1111 2505 1205 2554 τοῦ
1240 2506 1608 2578 Μελισσηνοῦ,
1645 2516 1865 2580 πρώτου
1902 2517 2118 2579 ὲξαδέλ-

540 2598 659 2677 φου
678 2586 999 2657 Νικηφόρου
1030 2593 1121 2644 τοῦ
1148 2596 1494 2664 Μελισσηνοῦ
1542 2601 1599 2653 δν
1628 2607 2112 2677 προεδηλώσαμεν,

536 2676 770 2746 ἐστάλην
804 2681 915 2745 ἐγὼ
948 2683 1090 2749 μετά
1119 2686 1344 2755 ὲνόρκου
1372 2691 1815 2761 ἀργυροῦοὑλλου
1847 2699 1942 2751 καὶ
1978 2676 2113 2753 πολ-

535 2765 644 2819 λιῗιν
677 2775 1049 2839 στρατιωτῶν,
1085 2777 1171 2829 ἵνα
1217 2782 1524 2849 παραλάὸω
1577 2788 1677 2854 τὴν
1733 2790 1963 2859 Ἀθήναν
2016 2794 2111 2846 καὶ

535 2858 741 2928 Θήϐαν,
773 2864 869 2915 καὶ
902 2866 1061 2918 ἄλλον
1094 2868 1210 2920 ἀντ’
1243 2874 1424 2924 αὐτῶν
1456 2877 1535 2937 εἰς
1566 2877 1663 2946 τὴν
1698 2879 2112 2951 Πελοπόννησον

536 2951 675 3045 αὐτῇ
701 2953 858 3045 δώσει)
904 2958 1091 3023 τόπον,
1125 2963 1272 3015 κατὰ
1314 2965 1382 3017 τὰ
1426 2965 1567 3037 μέρη
1616 2969 1716 3036 τῆς
1764 2973 2109 3045 Λακωνικῆς,

2207 944 2660 1009 ἁποκλεέσαντος,
2683 944 2747 1014 ἣν
2779 946 2872 997 καὶ
2903 944 3179 1013 παρέλαϐε
3208 947 3345 1013 μετὰ
3367 963 3525 999 τινας
3552 947 3823 1013 ἡμέρας,

2206 1039 2489 1107 ἄπρακτος
2527 1037 2639 1104 ἐγὼ
2671 1037 3058 1106 ἐπανέστρεψα
3089 1038 3312 1090 ἀπὸτοῦ
3351 1038 3605 1106 Ἰσθμοῦ,
3650 1039 3825 1091 mino

2208 1131 2588 1197 παραγγελίαν
2632 1131 2738 1199 γὰρ
2772 1130 2990 1197 ἔχοντός
3054 1147 3178 1198 μου.
3215 1132 3306 1192 Εἰς
3337 1131 3493 1183 δὲτὰ
3518 1131 3826 1199 Στυλὰριι

2208 1222 2604 1291 εὑρισκομένου
2678 1220 2771 1274 τοῦ
2827 1219 3090 1271 δεσπότου
3161 1221 3255 1271 καὶ
3328 1220 3598 1281 αὐθεντός
3713 1237 3824 1288 μου

2207 1314 2301 1363 καὶ
2322 1316 2422 1372 τὰς
2449 1312 2556 1363 τῶν
2590 1310 2824 1363 Ἐνετῶν
2844 1311 3155 1378 ἐμπορικὰς
3350 1312 3609 1379 τριήρεις
3642 1326 3826 1376 πρίοσ-

2206 1403 2471 1464 δοκῶντος
2503 1403 2590 1454 ἵνα
2620 1403 2794 1471 ἐμϐὰς
2824 1404 2904 1465 εἰς
2952 1401 3050 1473 τὴν
3085 1402 3240 1455 πόλιν
3271 1402 3509 1472 ἀπέλθῃ,
3545 1403 3678 1453 ἰδοὺ
3708 1402 3823 1468 ἐγὼ

2208 1496 2491 1563 ἄπρακτος
2518 1495 2755 1562 ἔφθασα,

2282 1585 2373 1641 ια’.
2408 1587 2518 1639 Καὶ
2548 1586 2819 1654 ὲμῦάντες
2850 1587 2928 1648 εἰς
2982 1585 3081 1647 τὰς
3110 1587 3222 1639 τῶν
3262 1585 3498 1638 Ἐνετῶν
3546 1589 3818 1655 τριήρεις

2209 1675 2304 1729 καὶ
2340 1674 2655 1742 φθάσαντες
2696 1677 2777 1736 εἰς
2808 1675 3073 1744 Εὐριπον,
3110 1676 3259 1740 ἔδοξε
3301 1675 3377 1742 τῷ
3409 1675 3663 1746 αὐθέντῃ
3705 1694 3812 1744 μου

2211 1769 2377 1821 καλὸν
2408 1763 2550 1821 εἶναι
2582 1767 2906 1821 ἀποστεῖλαί
2948 1785 3015 1836 με
3050 1770 3184 1836 πρὸς
3206 1768 3298 1820 τὸν
3325 1767 3712 1837 Τουραχάνην
3755 1772 3813 1819 ἐν

2211 1863 2367 1931 Θήϐῃ
2398 1861 2816 1929 εὑρισκόμενον,
2846 1862 2931 1914 ἵνα
2960 1861 3028 1913 τὰ
3058 1862 3186 1931 περὶ
3232 1861 3330 1928 τῆς
3371 1860 3614 1928 Ἀθήνης
3651 1859 3808 1925 αὑτῴ

2210 1945 2608 2025 δηλοποιήσωξ
2654 1954 2765 2007 Καὶ
2815 1954 3274 2023 παραγενομένου
3323 1970 3426 2021 μου
3476 1952 3685 2022 ἐδέχθη
3738 1972 3804 2020 με

2215 2050 2355 2119 μετὰ
2390 2050 2590 2118 χαρᾶς,
2623 2048 2716 2100 καὶ
2764 2047 3183 2118 ὲπληροφόρησὲ
3227 2064 3316 2114 μοι
3355 2047 3476 2114 μεθ’
3508 2047 3687 2113 ὅρκου
3718 2046 3803 2097 λέ-

2212 2159 2326 2208 γων
2353 2142 2431 2193 ὅτι
2471 2140 2534 2193 Εἰ
2586 2140 2801 2206 ἔγνωκα
2834 2138 2993 2190 τοῦτο
3029 2140 3156 2207 πρὶν
3204 2130 3415 2190 οἴκοὈεν
3448 2137 3700 2204 ἐξελθεῖν
3734 2155 3799 2203 ps

2212 2231 2474 2292 ἐνταῦθα,
2534 2229 2725 2281 ἕνεκεν
2768 2229 2870 2295 τῆς
2922 2229 3057 2297 πρδς
3105 2229 3195 2280 τὸν
3242 2229 3515 2297 δεσπότην
3572 2230 3799 2294 ἀγάπης

2213 2323 2309 2375 καὶ
2338 2308 2475 2391 πρδς
2498 2308 2571 2372 ’σὲ
2606 2321 2920 2388 γνωριμίας
2949 2323 3253 2390 χαριέντως
3280 2321 3308 2373 ὅ
3354 2321 3530 2383 αἰτεῖς
3566 2321 3798 2387 πληριῖ-

2215 2432 2304 2468 σαι
2332 2410 2498 2483 εἰχον,
2550 2415 2674 2464 ἐπεὶ
2733 2412 2861 2465 ἄνευ
2921 2412 3347 2481 προστάγματος
3393 2413 3490 2465 τοῦ
3552 2414 3797 2479 μεγάλω

2214 2507 2475 2560 αὑθέντου
2522 2506 2755 2573 ἐποίησα
2812 2504 2994 2567 τοῦτο,
3089 2505 3224 2557 διότι
3282 2505 3372 2557 ὅτε
3423 2505 3582 2574 ήμην
3617 2506 3680 2557 ὲν
3726 2507 3797 2574 τῷ

2214 2599 2346 2666 οἴκῳ
2383 2614 2484 2663 μου
2521 2595 2783 2658 πλείστας
2812 2597 3119 2664 προφάσεις
3148 2595 3423 2663 ἐδυνάμην
3459 2597 3674 2665 εὑρεῖν,
3707 2598 3797 2649 νῦν

2213 2690 2269 2743 δὲ
2298 2689 2573 2758 πρόφασιν
2625 2688 2725 2739 οὐκ
2773 2687 2880 2756 ἔχω
2929 2688 3226 2757 οὐδεμίαν.
3275 2688 3713 2757 Φιλοφρονηθεὶς
3746 2689 3798 2739 δὲ

2215 2782 2512 2851 φιλοτίμως
2539 2780 2649 2846 ἐγὼ
2682 2781 2814 2848 παρ’
2854 2780 3091 2841 ἐκείνου,
3129 2779 3220 2831 καὶ
3261 2780 3388 2842 τοὺς
3443 2780 3601 2841 υἱοὺς
3634 2780 3795 2833 αὐτοῦ

2214 2873 2527 2944 προσέφερέ
2563 2890 2653 2943 μοι
2705 2875 2783 2933 εἰς
2826 2870 3201 2940 προσκύνησίν
3264 2889 3388 2940 μου,
3438 2873 3536 2924 καὶ
3570 2874 3796 2941 παρετξο

2216 2967 2337 3019 θετο
2368 2966 2566 3028 αὐτοὺς
2590 2965 2713 3033 ἐμοὶ
2741 2965 2836 3017 καὶ
2866 2964 2943 3032 τῷ
2975 2963 3215 3035 αὐθέντῃ
3250 2980 3373 3030 μου,
3408 2963 3468 3028 ἐξ
3508 2957 3587 3016 ὧν
3619 2960 3689 3035 ἦν
3718 2960 3795 3024 εἷς

540 3041 772 3133 πλησίον
806 3037 993 3117 ὦνπερ
1042 3045 1157 3118 εἶχε
1207 3053 1308 3119 τῆς
1338 3054 1507 3124 αὐτῆς
1538 3062 1815 3129 πατρικῆς
1851 3037 2110 3133 κληροοᾴξ
2135 3069 2184 3131 ς
2213 3057 2243 3109 6
2268 3054 2362 3108 νῦν
2386 3055 2556 3116 πολὺς
2578 3054 2679 3107 »καὶ
2699 3055 2875 3123 μέγας
2900 3054 3145 3122 ἀμήρης.
3178 3054 3286 3106 Καὶ
3301 3052 3475 3106 οὕτως
3512 3056 3625 3106 τῶν
3653 3060 3793 3108 ἐκεῖ.

543 3129 672 3199 μίας
703 3133 798 3186 καὶ
830 3138 1081 3204 προικὸς,
1114 3138 1173 3191 αἴ
1219 3141 1359 3195 εἰσιν
1407 3143 1467 3195 αἱ
1516 3144 1669 3198 κάτω
1719 3129 2111 3221 γεγραμμέναι

609 3312 770 3368 Δηηο
799 3315 960 3377 6942.
994 3319 1082 3373 die
1104 3319 1356 3376 Januarii
1392 3325 1648 3394 septimo,
1676 3343 1870 3385 rursus
1902 3330 2113 3402 legatus

541 3404 606 3455 ad
642 3407 936 3460 Antonium
983 3409 1351 3477 Comneiium,
1408 3413 1746 3470 Athenarum
1805 3419 2111 3487 dominum,

541 3494 609 3549 ad
633 3510 873 3550 ameram
902 3508 958 3551 et
1009 3499 1075 3553 ad
1144 3500 1533 3571 imperatorem
1591 3507 1876 3572 prolectus
1940 3527 2112 3568 sum:

540 3590 698 3658 rujus
732 3591 935 3645 mensis
955 3591 1043 3646 die
1077 3595 1342 3649 vicesimo
1369 3612 1539 3661 nono,
1575 3601 1759 3655 noctis
1790 3602 1926 3657 hora
1957 3608 2114 3660 tertia

541 3681 698 3749 pueri
736 3683 953 3751 quidam
981 3685 1213 3747 nobiles,
1248 3688 1427 3755 pullos
1461 3689 1802 3748 columbinos
1855 3711 2117 3766 compre-

542 3774 785 3829 bendere
812 3775 1153 3844 laborantes,
1172 3780 1534 3838 incenderunt
1560 3785 1650 3839 Dei
1684 3785 1875 3843 Matris
1893 3793 2115 3845 nomine

542 3870 868 3923 tedilicatum
905 3871 959 3924 in
994 3871 1313 3931 Blachernis
1361 3879 1619 3947 templum
1685 3883 2113 3951 pulcherrimum

542 3969 594 4014 et
623 3961 902 4016 miraculis
930 3964 1134 4031 nobile,
1186 3967 1347 4021 situm
1392 3969 1546 4039 Cpoli
1595 3971 1649 4025 in
1710 3973 1893 4028 littore
1946 3991 2118 4045 prope

543 4050 720 4103 sinum
759 4052 1081 4108 ceratinum.
1130 4054 1454 4114 Audivimus
1515 4061 1617 4115 hoc
1682 4061 1838 4130 Cpoli
1889 4064 1943 4117 in
1995 4065 2115 4135 ipso

545 4141 815 4207 discessu,
886 4145 1133 4202 kalendis
1186 4148 1528 4215 Februariis,
1589 4154 1719 4207 hora
1771 4157 1945 4224 prima
1993 4166 2117 4227 post

544 4236 827 4297 meridiem
862 4238 967 4292 diei
1002 4240 1148 4304 festi,
1180 4242 1274 4309 qui
1317 4243 1617 4315 ὐπαπαντὴ
1647 4246 1883 4312 dicitur;
1957 4266 2116 4304 cum-

546 4342 651 4396 que
685 4328 968 4395 homo,qui
1007 4346 1120 4384 rem
1146 4333 1419 4399 narravit,
1486 4336 1703 4401 ignotus
1737 4338 1895 4391 nobis
1943 4350 2110 4406 esset,

545 4421 971 4474 commentitiam
1011 4436 1130 4475 eam
1171 4437 1295 4477 esse
1320 4425 1654 4490 putavimus,
1691 4437 1744 4479 et
1778 4443 1875 4495 per
1907 4430 2118 4486 itineris

546 4514 811 4569 stationes
844 4512 1087 4582 quinque
1123 4513 1259 4568 nihil
1293 4516 1361 4568 de
1399 4517 1588 4570 eadem
1640 4518 1840 4583 edocti,
1900 4522 2117 4577 tandem

550 4606 842 4669 Rbaedesti,
875 4621 995 4674 qua:
1025 4615 1143 4660 erat
1165 4607 1326 4660 statio
1351 4616 1529 4667 sexta,
1553 4620 1704 4662 certo
1728 4612 2115 4680 cognovimus,

547 4714 656 4766 quo
688 4699 849 4752 modo
879 4708 933 4751 et
987 4709 1231 4766 tempore
1290 4698 1573 4764 acciderit,
1635 4705 1988 4770 quantumvis
2036 4721 2121 4762 res

547 4789 821 4843 videretur
849 4788 1186 4843 incredibilis
1225 4804 1368 4844 esse.

619 4880 846 4933 Ineunte
876 4890 1065 4934 aestate
1109 4881 1236 4933 anni
1270 4881 1412 4937 6945
1459 4883 1621 4938 etiam
1677 4886 1950 4942 Antonius
1983 4886 2123 4941 Lan-

551 4973 709 5024 tziola
742 4971 1080 5034 Comnenus,
1108 4971 1451 5028 Athenarum
1490 4975 1909 5045 Thebarumque
1936 4979 2121 5032 domi-

548 5080 670 5129 nus,
705 5080 735 5118 e
764 5067 869 5117 vita
898 5066 1063 5120 cessit
1093 5083 1109 5131 ;
1134 5083 1197 5121 ac
1229 5078 1452 5137 rogante
1479 5070 1710 5139 conjuge
1758 5071 1898 5137 ejus,
1952 5071 2120 5124 Maria

549 5155 854 5218 Melisscna,
884 5157 990 5210 lilia
1031 5157 1229 5213 Leonis
1269 5158 1568 5221 Melisseni,
1611 5160 1773 5228 primi
1837 5177 1866 5214 e
1900 5172 2120 5228 palnte-

548 5249 691 5305 libus
715 5249 1005 5320 Nicepbori
1061 5250 1359 5316 Melisseui,
1397 5252 1554 5320 cujus
1583 5267 1751 5321 supra
1786 5253 2117 5306 mentionem

548 5340 800 5407 fecimus,
828 5356 929 5411 ego
952 5356 1075 5394 cum
1108 5342 1305 5395 litteris
1331 5340 1641 5409 juratoriis,
1682 5342 1828 5395 bulla
1863 5352 2120 5412 argentea

548 5434 843 5506 insignitis,
871 5434 1164 5502 multisque
1187 5434 1454 5487 militibus
1488 5431 2120 5488 missus'sum'Athenas

546 5538 602 5582 et
627 5526 846 5582 Thebas
879 5540 1181 5597 receptum,
1223 5541 1321 5595 pro
1346 5527 1549 5594 quibus
1586 5526 1661 5578 illi
1721 5525 1894 5578 alium
1938 5528 2117 5579 locum

2217 3148 2308 3202 θεν
2331 3145 2710 3216 ὲπανέστρεψα
2740 3145 3047 3216 ἄπρακτος,
3087 3145 3198 3199 Καὶ
3247 3146 3367 3197 ἐπεὶ
3422 3147 3793 3214 προλαϐόντες

2219 3327 2493 3383 habebat:
2525 3343 2646 3397 quae
2674 3327 2891 3396 quidem
2924 3327 3195 3395 regiones,
3231 3327 3426 3396 oppida
3453 3339 3505 3382 et
3528 3329 3627 3380 vici
3665 3329 3784 3383 inec

2217 3428 2346 3475 sunt
2384 3418 2674 3485 :Astrum,
2716 3417 3199 3484 Sanctus-Petrus,
3261 3418 3773 3485 Sanctus-Joannes,

2216 3506 2597 3569 Platamonas,
2677 3508 2971 3577 Meligum,
3058 3508 3424 3573 Proasteum,
3480 3509 3779 3569 Leonidas.

2216 3598 2551 3669 Cyparissia,
2586 3598 2888 3665 Rheontas,
2938 3599 3181 3654 Sitanas.
3247 3598 3341 3654 llis
3402 3601 3564 3670 igitur
3620 3599 3786 3653 liniti-
3860 3625 3867 3630 -

2218 3706 2365 3744 mum
2392 3693 2568 3745 locum
2604 3691 2652 3744 ei
2677 3691 2883 3755 darem,
2945 3692 3162 3759 qualem
3218 3702 3593 3761 quantumque
3656 3691 3779 3743 mihi

2220 3784 2513 3851 videretur,
2548 3792 2600 3837 et
2640 3784 2735 3851 qui
2766 3784 2832 3836 ad
2864 3783 3036 3852 ipsius
3091 3786 3420 3838 sententiam
3450 3799 3514 3838 ac
3538 3784 3774 3837 volunta-

2217 3884 2324 3932 tem
2357 3884 2524 3930 esset.
2572 3874 2677 3929 Sed
2730 3875 2993 3943 quoniam
3038 3887 3384 3930 antevertens
3437 3875 3781 3930 Turachanes

2218 3959 2433 4015 Thebas
2456 3962 2568 4030 jam
2617 3961 2926 4030 obsidebat,
2970 3978 3105 4033 quas
3148 3964 3288 4019 idem
3334 3967 3524 4035 paucis
3580 3966 3780 4028 diebus,

2218 4054 2566 4123 expugnavit,
2626 4069 2748 4123 ego,
2807 4064 2865 4107 ut
2913 4055 3228 4109 mandatum
3286 4056 3419 4109 mihi
3472 4058 3677 4121 luerat,
3718 4071 3781 4110 ex

2222 4143 2421 4199 Isthmo
2454 4160 2509 4197 re
2538 4144 2733 4199 inlecta
2770 4145 2929 4206 redii.
2968 4156 3131 4215 atque
3163 4145 3227 4219 ad
3275 4146 3558 4199 dominum
3611 4163 3778 4201 meum

2221 4236 2473 4307 Stylariis
2512 4227 2761 4305 agentem
2802 4237 3164 4306 triremesque
3196 4235 3529 4292 Venetorum
3585 4255 3782 4293 merca-

2222 4331 2394 4383 torias
2414 4337 2843 4397 exspectantem,
2897 4330 3099 4397 quibus
3139 4330 3191 4382 in
3250 4330 3438 4383 urbem
3481 4331 3779 4394 veheretur,

2152 4398 2193 4453 D
2222 4421 2421 4477 frustra
2451 4430 2706 4488 suscepto
2739 4420 2952 4483 itinere,
2986 4421 3228 4489 perveni.

2295 4512 2382 4565 ll.
2415 4512 2550 4565 Cum
2578 4512 2897 4567 conscensis
2932 4512 3264 4568 Venetorum
3319 4514 3645 4568 triremibus
3697 4530 3780 4568 ve-

2224 4605 2496 4659 nissemus
2531 4606 2583 4658 in
2645 4605 2934 4673 Euripum,
2989 4607 3163 4659 visum
3217 4615 3302 4660 est
3357 4606 3582 4660 domino
3647 4622 3777 4667 meo,

2224 4699 2439 4751 mittere
2463 4714 2547 4751 me
2572 4697 2637 4751 ad
2675 4696 3053 4752 Turachancm
3086 4697 3290 4753 Thebis
3341 4708 3669 4764 versantem,
3729 4708 3777 4753 ut

2224 4791 2290 4843 dc
2322 4792 2549 4845 Athenis
2571 4806 2693 4844 euan
2716 4806 2781 4844 eo
2808 4806 3051 4858 agerem.
3084 4794 3134 4844 ls
3158 4792 3535 4846 advenientem
3573 4808 3655 4845 me
3702 4792 3776 4844 hi-

2225 4886 2410 4939 lariter
2459 4888 2691 4955 excepit,
2760 4885 3166 4954 allirmavilque
3210 4883 3589 4953 jurejurando,
3645 4884 3775 4937 istud

2184 5009 2187 5013 ‹
2224 4980 2267 5032 si
2295 4980 2556 5042 nevisset,
2594 4978 2908 5046 priusquam
2938 4977 3101 5030 domo
3133 4980 3240 5029 huc
3297 4975 3577 5045 profectus
3624 4982 3774 5036 esset.

550 5619 605 5674 in
638 5619 1016 5689 Peloponneso
1047 5620 1259 5679 darem,
1285 5618 1340 5669 in
1396 5616 1617 5683 regione
1644 5615 1931 5682 Laconica,
1993 5618 2118 5671 lini-
2168 5692 2171 5693 ν

554 5712 749 5765 timum
783 5713 846 5767 iis
874 5729 994 5782 qua:
1024 5728 1090 5766 ex
1134 5707 1448 5764 lnereditate
1495 5718 1721 5776 paterna
1771 5717 1826 5763 et
1852 5710 1975 5763 dote
2018 5726 2117 5764 sua

2226 5082 2321 5134 pro
2357 5082 2566 5130 amore,
2586 5082 2695 5136 quo
2730 5067 2784 5120 in
2811 5067 3099 5135 despotam
3128 5074 3297 5129 esset,
3324 5073 3380 5118 et
3425 5077 3646 5134 propter
3692 5079 3776 5117 no-

2226 5158 2397 5211 titiam
2428 5158 2555 5218 mei,
2573 5157 2827 5222 libenter,
2848 5158 2989 5226 quod
3009 5165 3272 5226 peterem,
3296 5156 3568 5211 facturum
3594 5154 3772 5215 fuisse,

2224 5250 2490 5318 siquidem
2518 5250 2731 5318 injussu
2755 5249 2933 5317 magni
2961 5264 3160 5304 autem
3195 5249 3296 5303 hoc
3318 5247 3539 5302 fecisset
3568 5258 3622 5300 et
3641 5244 3775 5300 domi

2227 5341 2488 5409 plurimas
2513 5339 2996 5407 potuissetcausas
3021 5338 3377 5408 pretendere,
3410 5353 3554 5391 nunc
3584 5337 3769 5390 nullam

2227 5441 2427 5499 posset.
2463 5429 2910 5484 llabebatautem
2942 5445 3026 5483 me
3075 5429 3306 5495 benigne
3363 5439 3420 5483 et
3466 5428 3770 5489 honoriﬁce,

2226 5538 2290 5577 ac
2322 5522 2460 5576 titius
2482 5521 2642 5574 etiam
2671 5536 2759 5574 me
2788 5520 3083 5575 salutatum
3119 5518 3365 5584 adduxit,
3394 5533 3600 5584 eosque
3651 5516 3767 5568 mihi

2225 5626 2277 5671 et
2304 5615 2523 5668 domino
2548 5629 2671 5667 meo
2701 5612 3104 5667 commendavit
3138 5630 3151 5665 ι
3187 5626 3218 5666 e
3244 5611 3442 5680 quibus
3473 5624 3617 5661 unus
3659 5607 3765 5672 luit,

2227 5708 2317 5777 qui
2348 5707 2509 5761 hodie
2542 5705 2739 5759 nobilis
2761 5713 2819 5762 et
2844 5719 3074 5775 magnus
3100 5718 3313 5758 ameras
3344 5710 3447 5758 est.
3477 5699 3590 5754 Hoc
3618 5700 3762 5769 igiur
