4066 6296
338 414 445 477 769

1368 396 1824 458 CllRONlCON
1865 394 2145 455 MAJUS.
2183 414 2251 428 -
2289 390 2436 450 LIB.
2473 387 2549 447 If.

3478 376 3583 438 7‘70

330 527 379 579 (ί
410 526 466 577 ἐν
500 521 576 589 τῷ
602 516 829 587 Εὐρίπῳ
853 512 993 585 ἦραν
1029 513 1125 581 τὴν
1148 511 1396 580 γέφυραν
1428 510 1697 570 ἀκουσίως
1730 508 1798 576 τῇ
1831 504 1913 558 κεν
1943 509 1986 564 Α
2022 502 2119 572 μὲν
2150 501 2245 553 σὺν
2266 498 2346 565 τῷ
2378 494 2590 563 βασιλεῖ
2616 492 2878 560 μείνωσιν
2909 491 2967 542 ἐν
2999 492 3062 558 τῇ
3094 488 3268 551 πόλει,
3291 486 3511 541 οὗτοιδέ
3534 491 3584 541 οί

242 672 247 673 ,
328 615 667 683 Αὐγούστου,
702 611 866 680 ἡμεῖς
898 608 1198 677 ἐμείναμεν
1233 609 1290 656 ἐν
1318 605 1502 674 ἐκείνῃ
1539 608 1602 673 τῇ
1638 601 1793 653 νυκτὶ
1824 602 1906 661 είς

329 710 424 770 τὰς
458 705 660 768 ἔξωθεν
693 704 791 771 τῆς
805 699 1049 769 γεφύρας
1066 699 1292 767 πέτραςο
1316 697 1409 749 καὶ
1430 697 1487 747 ἐν
1506 696 1693 765 ἐκείνῃ
1723 696 1789 763 τῇ
1819 710 1908 744 νυ-

332 800 422 851 κτὶ
447 796 618 848 πολλὰ
638 791 855 846 ἐναντία
876 790 1155 858 ἐπάθομεν
1172 788 1280 843 ἀπό
1294 804 1353 839 τε
1373 785 1578 856 ψύχους
1599 785 1695 837 καὶ
1717 783 1906 847 πείνας

332 891 425 942 καὶ
456 888 561 941 ἀπδ
576 888 674 953 τῆς
693 884 988 954 ξηρότητος
1011 881 1119 934 τῶν
1143 879 1360 949 πετρῶν
1382 879 1489 934 ἀπό
1515 894 1572 929 τε
1594 877 1764 944 φόϐου
1795 876 1906 928 τῶν

333 979 542 1049 λῃστῶν
573 978 662 1029 καὶ
691 976 801 1027 τῶν
835 974 943 1026 άπὸ
970 971 1066 1025 τοῦ
1097 972 1423 1040 Τουραχάνη
1462 969 1693 1039 στρατοῦ
1749 969 1902 1038 161

333 1070 423 1121 διὰ
454 1069 512 1121 τὸ
546 1068 732 1132 ξένους
762 1067 888 1127 τοὺς
924 1064 1125 1127 ἵππους
1150 1060 1314 1128 εἶναι,
1340 1062 1430 1119 οὒς
1463 1064 1526 1114 ἔκ
1553 1061 1647 1113 τοῦ
1675 1062 1906 1128 Λιέθρου

334 1160 756 1228 ἐδανεισάμεθα,
792 1159 819 1211 ὃ
848 1176 901 1211 τι
935 1159 1030 1211 καὶ
1062 1158 1334 1227 παροιμία
1372 1156 1590 1223 ἐγένετο
1612 1156 1704 1205 ἐπὶ
1754 1152 1910 1222 κακῷ

332 1256 441 1315 τοῖς
469 1252 585 1322 μετ’
617 1251 753 1319 ἐμοῦ
794 1252 915 1304 τότε
960 1250 1113 1303 οὖσιν
1154 1250 1233 1312 εἰς
1288 1249 1391 1321 τὸν
1445 1246 1743 1317 μετέπειτα
1790 1245 1908 1314 ἦτοι

334 1345 559 1399 ἐπιόντα
583 1347 797 1415 χρόνον.
864 1341 1198 1403 Ἀναϐάντες
1247 1336 1343 1393 οὖν
1399 1341 1478 1401 εἰς
1530 1339 1627 1400 τὰς
1662 1340 1909 1405 τριήρεις

334 1440 426 1490 ἐπὶ
452 1440 550 1505 τὴν
586 1434 800 1505 αὔριον,
831 1437 895 1504 τῇ
929 1432 1013 1501 κγ’
1049 1432 1144 1487 τοῦ
1182 1431 1564 1502 Σεπτεμϐρίου
1609 1431 1777 1499 μηνὸς
1816 1429 1909 1481 τοῦ

332 1531 526 1602 5231.16'
551 1530 701 1591 ἔτους
728 1531 807 1591 είς
830 1529 929 1596 τὴν
956 1525 1534 1580 Κωνσταντινούπολιν
1568 1521 1910 1591 ἐφθάσαμεν.

410 1621 498 1690 ιβ’.
533 1624 612 1692 Τῇ
642 1622 698 1674 δὲ
728 1627 805 1673 κε’
840 1621 1091 1686 Μαρτίου
1120 1618 1214 1672 τοῦ
1264 1617 1427 1670 αὐτοῦ
1457 1618 1610 1678 ἔτους
1637 1611 1802 1686 ἦλθεν
1832 1616 1912 1678 εἰς

336 1719 435 1786 τὴν
502 1718 656 1771 πόλιν
706 1717 740 1785 ἡ
799 1715 893 1767 τοῦ
956 1711 1414 1784 Παρασπονδήλου
1448 1710 1687 1777 μεγάλου
1725 1706 1913 1768 δουκδς

339 1810 587 1879 θυγάτηρ
634 1809 861 1877 ὀνόματι
920 1806 1065 1874 Ζωὴ,
1117 1804 1253 1872 μετὰ
1312 1800 1596 1870 βασιλικῆς
1639 1799 1913 1867 τριήρεως
1947 1836 1986 1892 Β

339 1902 644 1971 ἐσταλμένη
675 1900 814 1970 μετὰ
840 1897 1098 1965 Μανουὴλ
1125 1895 1219 1947 τοῦ
1273 1891 1659 1955 ΙῘαλαιολόγου,
1710 1890 1795 1940 ἵνα
1824 1904 1912 1939 κο-

339 1994 578 2063 μίσωσιν
610 1992 803 2059 αὐτὴν,
832 1990 898 2060 ἣν
924 1989 986 2044 δὴ
1017 1988 1111 2039 καὶ
1147 1988 1287 2055 μετά
1318 2001 1468 2044 τινας
1501 1981 1720 2050 ἡμέρας
1751 1978 1915 2048 ηὐλο-

338 2085 481 2153 γὴθη
502 2088 528 2136 ό
552 2084 818 2151 δεσπότης
850 2084 877 2134 6
903 2082 1009 2147 κὺρ
1042 2080 1383 2146 Δημήτριος’
1420 2075 1541 2142 μεθ’
1562 2068 1630 2144 ἧς
1657 2073 1721 2142 δὴ
1759 2071 1915 2140 τριή-

339 2192 479 2246 ρεως
509 2173 847 2243 παρεγένετο
875 2171 954 2232 είς
987 2169 1086 2239 τὴν
1118 2167 1276 2219 πόλιν
1303 2167 1399 2216 καὶ
1432 2167 1459 2218 6
1499 2165 1768 2230 δεσπότης
1807 2164 1914 2231 κὺρ

336 2267 615 2337 Θεόδωρος
664 2266 752 2317 διὰ
782 2264 842 2316 τὸ
874 2258 1015 2315 εἶναι
1074 2260 1234 2313 αὐτὸν
1266 2263 1323 2312 tv
1353 2261 1421 2329 τῇ
1476 2258 1626 2310 πόλει
1668 2254 1913 2325 διάδοχον

337 2361 443 2428 τῆς
472 2357 751 2429 βασιλείας
775 2357 850 2419 ὼς
878 2354 1130 2423 δεύτερος
1150 2351 1401 2418 ἀδελφὸς.
1434 2350 1461 2403 ὃ
1486 2354 1576 2402 καὶ
1600 2352 1626 2401 6
1658 2347 1913 2417 βασιλεὺς

340 2448 616 2519 ἐπεκύρου
649 2447 797 2515 αὐτῷ
823 2446 1115 2506 ἀκουσίως,
1146 2444 1225 2495 ὃτι
1248 2443 1340 2494 τὸν
1375 2442 1481 2510 κύρ
1508 2441 1914 2491 Κωνσταντῖνον

337 2543 434 2595 τὸν
490 2542 759 2608 αὐθέντην
797 2556 895 2608 μου
948 2538 1043 2588 καὶ
1072 2535 1299 2602 ἀδελφὸν
1346 2533 1509 2584 αὐτοῦ
1544 2532 1730 2583 πλεῖον
1776 2530 1916 2597 ὡρέ-

339 2650 474 2702 γετο
508 2633 652 2701 ἔχειν
678 2630 844 2696 ἐγγὺς
872 2626 1040 2679 αὐτοῦ
1066 2629 1121 2677 ἐν
1148 2628 1214 2694 τῇ
1254 2624 1430 2684 πόλει,
1459 2623 1534 2683 ὡς
1569 2628 1663 2673 καὶ
1691 2624 1717 2673 6
1755 2621 1916 2688 λόγος

343 2722 553 2794 προῖὼν
585 2720 840 2789 δηλώσει.
887 2719 1040 2770 Ἐπεὶ
1076 2716 1133 2768 δὲ
1163 2714 1335 2779 οὕτως
1370 2711 1825 2784 παρηκολούθησε
1856 2712 1916 2764 τὸ

342 2819 605 2886 πρᾶγμα,
639 2812 972 2876 ἐσπούδαζεν
1005 2812 1092 2863 ἵνα
1148 2813 1226 2872 είς
1256 2809 1354 2878 τὴν
1390 2806 1796 2875 Πελοπόννησον
1824 2804 1915 2856 καὶ

344 2907 473 2969 τοὺς
496 2909 646 2975 τρεῖς
674 2904 933 2971 ἀδελφοὺς
966 2900 1356 2970 ἐγκατοικήσῃ.
1400 2897 1460 2951 '0
1497 2896 1627 2965 γοῦν
1650 2896 1915 2963 αὐθέντης

350 3018 455 3069 μου
487 2998 650 3051 πάλιν
685 3000 712 3050 6
743 2996 1013 3064 δεσπότης
1040 2994 1145 3063 κὺρ
1192 2993 1601 3051 Κωνσταντῖνος
1634 2989 1771 3058 μετὰ
1818 2986 1913 3038 τοῦ

347 3091 580 3159 ἀδελφοῦ
606 3088 773 3143 αὐτοῦ
802 3089 910 3158 κύρ
935 3088 1109 3155 Θωμᾶ
1134 3086 1227 3138 τοῦ
1257 3084 1518 3136 δεσπότου
1552 3080 1638 3152 (ἦν
1661 3082 1769 3149 γὰρ
1795 3079 1914 3149 μεθ’

2010 595 2103 646 δύο
2132 593 2389 646 αὐθένται
2418 592 2497 651 είς
2522 588 2620 655 τὴν
2656 585 3087 652 Πελοπόννησον.
3141 580 3297 650 162
3329 582 3425 633 Δια
3455 581 3589 632 ταύ-

2008 706 2106 758 την
2134 686 2196 755 δὴ
2244 684 2342 751 τὴν
2386 682 2564 735 αἰτίαν
2594 680 2690 733 καὶ
2740 677 2819 744 τῷ
2854 676 3061 741 Ἰουνίῳ
3111 676 3244 743 μηνὶ
3288 672 3385 725 τοῦ
3419 671 3586 725 αὐτοῦ

2010 779 2165 838 ἔτους
2195 775 2347 844 διέϐη
2382 774 2489 828 ἀπὸ
2519 772 2617 841 τῆς
2648 771 2853 830 πόλεως
2885 769 2964 829 εἰς
2998 766 3097 835 τὴν
3128 765 3537 832 Πελοπόννησον
3559 764 3590 815 ὁ

2009 870 2279 939 δεσπότης
2310 870 2417 936 κὺρ
2449 864 2859 922 Κωνσταντίνος
2889 860 2961 920 ὡς
3000 858 3222 928 φεύγων
3278 856 3417 924 μετὰ
3454 856 3591 907 ἀκα-

2009 961 2128 1015 τίου
2163 959 2324 1024 τινὸς,
2372 955 2531 1022 κάγὼ
2585 955 2643 1007 δὲ
2675 953 2806 1020 παρ’
2854 946 3018 1003 αὐτοῦ
3072 948 3289 1006 σταλεὶς
3318 946 3455 1013 πρδς
3497 946 3589 994 τὸν

2014 1054 2241 1123 ἀμηρᾶν
2273 1051 2362 1102 διὰ
2390 1048 2597 1115 ταύτην
2627 1046 2692 1110 δὴ
2729 1045 2829 1113 τὴν
2864 1042 3069 1102 αἰτίαν,
3116 1040 3203 1113 ἵνα
3248 1039 3410 1091 αὐτὸν
3447 1036 3590 1103 ὑπὲρ

2014 1146 2227 1198 ἑαυτῶν
2256 1144 2445 1211 ἔχωσι.
2487 1140 2598 1192 Καὶ
2649 1136 2821 1196 οὕτως
2877 1130 3130 1187 ἀπελθὼν
3187 1131 3255 1182 τὰ
3310 1128 3590 1181 ἀνατεθειο

2018 1237 2154 1306 μένα
2190 1252 2279 1301 μοι
2306 1232 2485 1293 καλῶς
2515 1229 2866 1299 ᾠκονόμησα,
2895 1227 2991 1278 καὶ
3011 1223 3096 1277 διὰ
3120 1224 3291 1294 ξηρᾶς
3316 1224 3393 1282 είς
3428 1220 3579 1272 Πελο-

2014 1324 2284 1391 πόννησον
2337 1319 2571 1387 ἔφθασα.
2610 1310 2786 1385 Εὐρον
2821 1315 2875 1367 δὲ
2918 1314 3045 1375 τοὺς
3079 1314 3340 1380 ἀδελφοὺς
3370 1313 3465 1361 καὶ
3495 1309 3593 1360 αὐ·-

2014 1418 2207 1476 θέντας
2256 1414 2481 1483 ἔχοντας
2532 1412 2757 1482 ὄχλησιν
2797 1407 2982 1476 μάχης
3032 1404 3317 1475 μεγάλην*
3365 1403 3592 1455 ὄπισθεν
3662 1420 3667 1425 ι

2015 1512 2124 1582 γὰρ
2151 1509 2246 1574 τοῦ
2275 1509 2380 1577 κύρ
2414 1504 2828 1559 Κωνσταντίνόυ
2864 1502 2956 1567 τού
3003 1500 3263 1552 αὐθέντου
3317 1514 3418 1566 μου
3454 1512 3589 1547 σταο

2014 1602 2128 1663 λεὶς
2165 1601 2302 1668 μετᾶ
2331 1600 2607 1667 τριήρεως
2641 1599 2667 1648 6
2692 1595 2798 1663 κὺρ
2833 1594 3139 1661 Θεόδωρος,
3180 1591 3267 1642 ἵνα
3302 1589 3441 1640 κατὰ
3480 1584 3591 1637 τῶν

2016 1695 2108 1749 δύο
2142 1692 2389 1761 ἀδελφῶν
2424 1689 2590 1743 αὐτοῦ
2620 1688 2887 1757 μάχηται,
2921 1685 3015 1737 καὶ
3044 1680 3278 1752 στρατοῦ
3329 1678 3591 1730 πλείστου

2018 1786 2504 1857 συναθροισθέντος
2528 1781 2696 1851 ἄμφω
2723 1783 2837 1840 τοῖς
2874 1779 3087 1846 μέρεσι,
3117 1776 3211 1828 καὶ
3242 1773 3479 1841 πόλεμός
3508 1787 3593 1833 τις

2015 1881 2120 1934 ἀνὰ
2169 1878 2348 1932 αὐτῶν
2402 1876 2615 1943 γέγονε.
2654 1872 2762 1941 ’Τῷ
2797 1873 2987 1941 ,ςῧμέ
3031 1870 3142 1920 ἔτει
3201 1865 3591 1931 ἀπεστάλησαν

2017 1972 2169 2041 παρὰ
2212 1969 2307 2022 τοῦ
2347 1968 2611 2038 βασιλέως
2658 1964 2919 2033 πρέσϐεις
2961 1960 3097 2027 πρὸς
3147 1960 3275 2019 τοὺς
3328 1956 3591 2023 ἀδελφοὺς

2017 2063 2182 2118 αὐτοῦ
2208 2065 2236 2115 6
2271 2062 2410 2130 ἄγαν
2442 2056 2672 2128 χρηστὸς
2700 2054 2971 2114 Διονύσιος
3000 2053 3371 2129 ἱερομόναχος.
3404 2051 3431 2101 6
3457 2064 3593 2117 χρηο

2020 2153 2257 2224 ματίσας
2316 2150 2413 2203 καὶ
2447 2144 2858 2218 μητροπολίτης
2897 2144 3176 2211 Σάρδεων,
3228 2134 3331 2194 καί
3372 2142 3398 2192 6
3433 2138 3592 2191 Δισύ-

2019 2263 2188 2306 πατος
2209 2240 2615 2312 Γεωργιος,καὶ
2645 2229 2792 2290 οὗτοι
2811 2236 2908 2304 τὴν
2932 2235 3114 2303 μάχην
3138 2231 3334 2301 μικρόν
3347 2249 3402 2283 τι
3424 2246 3591 2283 κατε-

2018 2340 2286 2406 πράῦναν.
2313 2334 2477 2396 Τέλος
2501 2332 2557 2385 δὲ
2587 2331 2749 2382 πάλιν
2781 2329 2953 2382 ἄλλων
2989 2326 3254 2379 ἐλθόντων
3281 2322 3588 2393 πρέσϐεων,

2019 2430 2113 2483 τοῦ
2167 2423 2511 2494 Μελισσηνοῦ
2551 2422 2699 2490 λέγω
2750 2420 3057 2493 Γρηγορίου
3109 2418 3463 2487 ίερομονάχου
3494 2416 3591 2467 καὶ

2019 2519 2420 2587 πνευματικοῦ,
2450 2516 2545 2569 τοῦ
2599 2517 2694 2568 καὶ
2747 2514 3191 2583 χρηματίσαντος
3230 2509 3455 2578 ὕστερον
3492 2525 3591 2558 πα-
3674 2540 3679 2545 -

2020 2618 2281 2685 τριάρχου
2313 2611 2969 2671 Κωνσταντινουπόλεως,
3004 2609 3060 2669 ὃς
3110 2609 3203 2657 καὶ
3235 2604 3368 2672 παρ’
3410 2604 3591 2664 ἄλλοις

2022 2705 2510 2775 Στρατηγόπυυλος
2537 2702 2926 2767 ἐπωνομάζετο
2961 2699 3057 2749 καὶ
3099 2699 3193 2749 σὺν
3221 2695 3371 2763 αὐτῷ
3403 2695 3464 2760 δὴ
3499 2695 3592 2743 καὶ

2006 2792 2100 2868 ’τῷ
2139 2798 2433 2868 Γρηγορίῳ
2470 2796 2636 2847 πάλιν
2667 2791 2761 2843 τοῦ
2796 2789 3106 2843 Δισυπάτου
3142 2788 3236 2840 καὶ
3283 2786 3416 2855 ἐμοῦ
3457 2801 3592 2851 συμο

2023 2892 2365 2945 ϐιϐασάντων
2397 2888 2492 2941 καὶ
2544 2885 3045 2955 συμφροιησάντων
3072 2884 3269 2942 αὐτοὺς
3304 2880 3388 2931 ἵνα
3433 2882 3460 2930 6
3491 2878 3591 2945 μὲν

2021 2984 2284 3046 αὐθέντης
2322 2999 2422 3050 μου
2457 2982 2547 3032 καὶ
2569 2980 2839 3046 δεσπότης
2881 2974 3132 3029 ἀπελθὼν
3189 2973 3499 3041 παροικήσῃ
3537 2971 3592 3021 ἐν

2022 3082 2086 3149 τῇ
2144 3072 2741 3138 κωνσταντινουπόλει,
2785 3074 2813 3125 6
2857 3071 2911 3124 δὲ
2944 3071 3048 3139 κὺρ
3104 3067 3257 3137 163
3318 3065 3593 3133 Θεόεωρος

348 3183 509 3255 ἡμῶν
535 3183 591 3234 tv
622 3182 689 3251 τῇ
722 3179 879 3231 πόλει
916 3181 944 3231 6
976 3177 1193 3246 πρῶτος
1237 3175 1419 3245 ἄρχων
1450 3176 1541 3226 τοῦ
1590 3174 1739 3226 οἴκου
1775 3170 1917 3224 ἐκεί-
1946 3183 1989 3239 c
2023 3172 2115 3222 καὶ
2150 3169 2254 3238 κὺρ
2298 3168 2499 3236 Θωμᾶς
2548 3168 2597 3219 oi
2649 3166 2905 3218 δεσπόται
2954 3164 3011 3214 ἐν
3054 3163 3119 3230 τῇ
3179 3158 3589 3226 Πελοποννήσῳ.

347 3292 438 3329 νου
462 3275 688 3342 ὀνόματι
749 3269 946 3324 Ῥαούλ
972 3268 1211 3340 Μιχαὴλ)
1250 3268 1585 3331 ἐσπούδαζον
1616 3267 1701 3342 ζνα
1734 3267 1783 3318 oi.
1821 3263 1915 3316 δύο

348 3456 508 3509 modo
540 3453 735 3507 infecta
762 3467 820 3505 re
858 3451 1015 3504 redii.
1064 3449 1201 3503 Cum
1262 3457 1442 3501 autem
1502 3444 1760 3513 Euripum
1823 3444 1913 3512 qui

348 3546 688 3607 accolebant,
758 3544 880 3595 licet
942 3542 1120 3603 inviti,
1175 3552 1392 3605 pontem
1453 3536 1915 3592 susntlissentdie

351 3635 579 3701 Augusti
618 3635 712 3698 29,
747 3649 848 3687 nos
877 3648 999 3688 eam
1031 3642 1242 3686 noctem
1296 3641 1448 3684 extra
1512 3638 1727 3697 pontem
1777 3629 1917 3680 inter

352 3740 480 3777 saxa
512 3722 900 3791 transegimus,
931 3732 984 3775 et
1015 3724 1184 3775 multa
1210 3702 1437 3774 adrersa
1464 3736 1493 3773 a
1521 3720 1741 3785 frigore,
1779 3718 1919 3770 fame

349 3816 629 3869 etdurilie
678 3829 957 3875 saxorum,
1004 3828 1035 3866 a
1069 3810 1265 3866 timore
1336 3813 1462 3865 item
1522 3810 1793 3862 latronum
1864 3816 1916 3859 et

354 3904 593 3955 militum
635 3900 979 3953 Turacltanis
1057 3899 1402 3968 pertulimus,
1480 3898 1735 3965 quoniam
1793 3893 1917 3959 equi

351 3992 546 4054 nostri,
572 4006 713 4060 quos
742 4006 770 4043 e
802 3989 1027 4042 Lietltro
1072 3988 1305 4041 mutuati
1364 4002 1607 4046 eramus,
1644 3983 1918 4054 peregrini

347 4091 550 4136 erant:
614 4094 736 4148 qua:
801 4094 886 4131 res
947 4077 1271 4145 proremium
1318 4075 1588 4142 quoddam
1644 4073 1911 4125 malorum

351 4174 617 4240 fuit,qu-.e
645 4177 835 4239 postea
901 4167 1109 4235 experti
1168 4177 1317 4229 sunt,
1349 4167 1440 4235 qui
1508 4176 1638 4217 tunc
1701 4176 1914 4215 mecum

348 4260 877 4319 m‘b‘ltt.COlISCt‘llsiS
928 4258 1190 4327 postridie
1249 4257 1582 4317 triremibus,
1658 4253 1921 4308 vicesimo

351 4362 508 4410 tertio
560 4356 649 4410 die
703 4353 1080 4425 Septembris,
1130 4364 1277 4403 anno
1328 4347 1492 4410 69M,
1546 4345 1757 4414 Cpolim
1799 4358 1924 4413 pcr-

350 4463 619 4502 VCIIIIIIIIS.

2021 3264 2126 3314 Καὶ
2159 3264 2225 3331 τῇ
2254 3266 2292 3312 ε’
2322 3258 2412 3311 τοῦ
2435 3256 2812 3328 Σεπτεμϐρίου
2837 3254 2910 3325 τῷ
2940 3254 3141 3322 ,ςῖνμτγ
3174 3249 3323 3318 διέϐη
3356 3246 3463 3300 άπὸ
3492 3244 3594 3315 τῆς

2018 3435 2270 3501 Michael)
2301 3433 2639 3495 nitebantur,
2697 3439 2751 3484 ut
2784 3429 2925 3498 apud
2957 3428 3337 3496 imperatorem
3374 3424 3428 3477 in
3460 3419 3594 3475 urbe

2019 3530 2127 3583 duo
2161 3528 2313 3579 alteri
2362 3534 2663 3588 manerent,
2701 3521 2801 3590 ipsi
2840 3520 3181 3573 discederent
3232 3520 3284 3567 in
3320 3513 3592 3580 Pelopon-

2019 3636 2231 3672 nesnnt.
2266 3618 2441 3684 Atque
2483 3617 2580 3667 hac
2624 3614 2691 3667 de
2717 3626 2881 3664 causa
2928 3608 3089 3662 Jttnio
3134 3620 3318 3659 mense
3348 3605 3591 3672 ejusdem

2020 3712 2145 3764 anni
2180 3708 2575 3763 Constantinus
2643 3704 2868 3771 desputa
2925 3702 3071 3754 velut
3123 3698 3384 3766 fugitivus
3418 3711 3595 3771 parvo.

2021 3802 2237 3869 navigio
2289 3801 2441 3867 (lpoli
2475 3798 2529 3850 itt
2584 3796 3019 3862 Peloponnesum
3077 3789 3232 3852 abiit,
3288 3798 3343 3841 et
3390 3802 3490 3856 ego
3523 3786 3589 3838 ad

2020 3908 2261 3951 ameram
2298 3894 2498 3944 missus
2532 3890 2672 3949 sum,
2708 3897 2767 3941 ut
2809 3888 2951 3939 hunc
2992 3886 3044 3938 in
3098 3885 3343 3951 ipsorum
3406 3890 3590 3949 partes

2022 3985 2414 4053 pertraherent.
2472 3975 2930 4044 Discessi-igttur
2972 3985 3025 4028 et
3083 3973 3396 4026 mandatum
3459 3969 3590 4024 tttlhi

2023 4076 2297 4143 negotium
2328 4070 2556 4125 feliciter
2588 4070 2824 4138 transegi
2855 4085 2869 4132 ;
2919 4067 3116 4120 deinde
3157 4080 3252 4134 per
3301 4080 3502 4120 terram
3538 4066 3592 4119 in

2023 4168 2453 4235 Peloponnesum
2513 4175 2789 4223 reversus,
2830 4159 3008 4211 inveni
3068 4157 3266 4212 fratres
3320 4158 3592 4226 principes

2024 4259 2237 4327 magnis
2292 4256 2557 4310 bellorum
2596 4253 2770 4306 turbis
2803 4253 3134 4321 implicatos.
3157 4248 3589 4303 Constantinum

2023 4356 2194 4415 ettim,
2243 4350 2520 4403 dominum
2591 4362 2793 4406 meum,
2837 4356 2894 4397 ιιι
2952 4346 3331 4412 insequeretur
3368 4354 3420 4399 et
3455 4344 3592 4398 duos

2029 4446 2230 4498 fratres
2262 4441 2580 4502 debellaret,
2620 4447 2845 4491 avectus
2883 4447 2964 4491 est
3000 4453 3123 4490 cum
3161 4436 3367 4489 triremi
3411 4435 3588 4489 Theo-

426 4540 508 4595 12.
558 4540 829 4593 Vicesimo
883 4540 1073 4608 quinto
1133 4533 1307 4589 Martii
1373 4532 1617 4599 ejusdem
1674 4526 1801 4582 anni
1858 4528 1911 4580 in

2021 4540 2190 4593 dorus
2230 4536 2506 4597 dominus,
2556 4542 2723 4600 atque
2775 4532 3036 4599 utrinque
3094 4529 3305 4595 magnis
3356 4528 3594 4582 collectis

361 4634 539 4685 urbem
574 4633 721 4685 venit
748 4630 1158 4698 Paraspundeli,
1189 4627 1364 4697 magni
1411 4626 1594 4687 ducis,
1647 4622 1775 4684 lilia,
1817 4636 1915 4672 no-

352 4729 497 4775 mine
528 4722 658 4787 Zoe,
718 4722 922 4775 triremi
983 4718 1356 4787 imperatoria,
1412 4733 1514 4785 qua
1549 4730 1667 4768 eam
1719 4712 1915 4766 adduci

351 4817 522 4865 \oluit
549 4814 864 4880 imperator,
891 4828 1011 4863 cum
1050 4809 1297 4862 Manuele
1333 4807 1633 4873 Palteologo
1664 4805 1913 4868 advecta,

350 4916 511 4974 atque
543 4906 726 4973 nupsit
758 4913 875 4970 post
925 4904 1041 4955 dies
1088 4901 1290 4969 aliquot
1351 4898 1622 4953 Demetrio
1655 4904 1914 4964 despotae.

355 4999 409 5051 In
461 4998 648 5051 eadem
697 4996 903 5050 triremi
943 4993 1083 5047 venit
1115 4996 1280 5046 etiam
1315 4990 1634 5043 Theodorus
1664 4990 1913 5058 despota.

352 5087 442 5152 qui
479 5095 535 5137 ιιι
560 5084 729 5138 frater
760 5094 887 5137 natu
924 5085 1195 5136 secundus
1240 5081 1452 5150 imperii
1491 5082 1545 5134 in
1579 5079 1709 5133 urbe
1745 5081 1916 5132 haeres

353 5188 489 5236 erat,
526 5179 667 5246 quod
719 5177 763 5229 ei
797 5178 888 5245 jus
922 5176 1215 5243 imperator
1244 5189 1352 5227 non
1387 5175 1511 5229 nisi‘
1554 5174 1757 5227 invitus
1788 5187 1921 5227 con-

354 5272 542 5330 cessit,
584 5271 785 5338 quippe
848 5268 940 5335 qui
977 5269 1400 5320 Constantinum
1442 5266 1688 5328 fratrem,
1743 5266 1920 5318 denti-

357 5376 480 5411 num
516 5376 714 5423 meum,
753 5374 934 5413 secum
972 5358 1025 5411 in
1058 5359 1190 5412 urbe
1223 5360 1423 5412 habere
1448 5358 1651 5421 mallet,
1685 5358 1734 5412 id
1769 5360 1914 5427 quod

357 5451 660 5521 procedens
694 5452 935 5503 narratio
998 5461 1181 5503 nostra
1233 5450 1555 5505 declarabit.
1618 5450 1754 5516 Quia
1788 5468 1916 5506 vero

356 5548 434 5599 sic
464 5554 736 5606 evenerat,
772 5543 920 5598 dedit
944 5559 1186 5611 operam,
1219 5554 1277 5597 ut
1311 5544 1362 5597 in
1398 5546 1776 5613 Peloponneso
1808 5539 1919 5600 tres

358 5639 553 5689 fratres
591 5637 906 5690 collocaret.
974 5635 1160 5702 itaque
1190 5636 1609 5700 Constantinus,
1661 5638 1920 5693 dominus

356 5743 524 5787 meus.
568 5738 622 5782 et
656 5728 821 5781 frater
853 5728 994 5795 ejus,
1029 5724 1267 5782 Thomas
1317 5730 1539 5796 despota
1599 5731 1739 5801 (erat
1773 5731 1917 5784 enim

357 5822 637 5876 nobiscum
673 5822 724 5875 itt
762 5823 894 5875 urbe
929 5822 1137 5889 primus
1178 5824 1325 5878 illius
1372 5826 1569 5881 domus
1623 5828 1727 5879 dux
1756 5823 1919 5890 ,liattl

2026 4631 2217 4698 copis,
2272 4628 2466 4681 bellum
2522 4623 2748 4677 exarsit.
2786 4625 2940 4675 Anno
2974 4620 3112 4674 6945
3145 4622 3213 4672 ab
3267 4620 3594 4688 imperatore

2027 4731 2093 4778 ad
2132 4726 2327 4778 fratres
2357 4719 2517 4785 legati
2551 4716 2912 4787 probissimus
2951 4715 3034 4767 vir
3086 4712 3374 4781 Dionysius
3413 4713 3594 4765 hiero-

2031 4816 2351 4875 monachus,
2392 4814 2481 4881 qui
2514 4810 2859 4878 metropolita
2899 4808 3153 4861 Sardium
3192 4804 3314 4866 fuit,
3338 4816 3392 4859 et
3420 4805 3593 4860 Geor-

2028 4912 2149 4979 gius
2202 4908 2490 4976 Disypatus
2557 4902 2871 4956 bellantium
2924 4899 3185 4968 impetum
3256 4898 3592 4967 aliquantum

2029 4994 2342 5069 utitigarunt
2368 5016 2380 5062 ;
2408 4994 2737 5063 tandemque
2768 4993 2857 5045 alii
2891 4993 3041 5046 missi
3074 4993 3260 5060 legati,
3301 4991 3595 5060 Gregorius

2029 5091 2355 5143 Melissenus
2418 5088 2881 5140 hierom‘onachus
2943 5092 2998 5136 et
3051 5094 3207 5152 pater
3270 5084 3591 5152 spiritualis,
3650 5096 3651 5099 ‘

2027 5184 2119 5251 qtti
2156 5181 2318 5233 etiam
2370 5178 2696 5247 patriarcha
2723 5175 3044 5243 Cpolitanus
3088 5183 3275 5243 postea
3341 5173 3444 5227 fuit
3473 5186 3526 5225 et
3563 5187 3595 5224 δ

2028 5273 2306 5326 nonnullis
2337 5269 2756 5338 Strategopulus
2808 5268 3203 5336 appellabatur,
3262 5274 3317 5319 et
3367 5282 3488 5320 eum
3525 5280 3595 5317 eo

2027 5382 2243 5420 rursum
2274 5363 2558 5433 Disypatus
2584 5373 2639 5416 et
2659 5378 2781 5432 ego,
2812 5363 2883 5415 ita
2917 5377 3010 5416 eos
3041 5363 3093 5414 in
3136 5361 3431 5414 amicitiam
3462 5374 3597 5412 con-

2028 5460 2379 5526 cordiamque
2406 5457 2742 5522 reduximus,
2768 5467 2824 5510 ut
2841 5456 3096 5509 dominus
3116 5470 3268 5508 meus
3287 5438 3594 5506 discederet

2028 5550 2184 5617 (ἐμοιί
2231 5549 2554 5611 habitatum,
2582 5547 2903 5602 Theodorus
2924 5557 2976 5600 et
2999 5546 3237 5600 Thomas
3260 5547 3499 5611 despota:
3538 5544 3591 5596 in

2028 5641 2403 5709 I‘eloponnesn
2431 5652 2633 5695 essent.
2654 5642 2842 5709 itaque
2870 5640 3263 5694 Constantinus
3288 5635 3378 5687 die
3398 5635 3432 5688 5
3462 5633 3594 5704 Sep-

2031 5736 2255 5789 tembris
2278 5736 2405 5788 anni
2433 5733 2572 5787 6918
2594 5734 2754 5787 Petra
2783 5750 2878 5802 per
2903 5744 3099 5785 terram
3122 5730 3187 5782 ad
3213 5727 3471 5796 Euripum
3496 5744 3595 5780 no-

2031 5827 2240 5882 biscum
2273 5826 2423 5892 abiit,
2443 5837 2495 5881 et
2528 5826 2641 5879 vela
2672 5825 2897 5879 fecimus
2922 5823 2990 5876 ab
3020 5822 3154 5876 urbe
3183 5819 3387 5888 Euripi,
3415 5820 3467 5873 in
3499 5820 3597 5875 tri-
