4066 6296
534 297 634 356 77l
1733 303 2063 362 GEORGII

2174 307 2537 368 EIR.-\NTZ:E
3685 319 3802 382 772

527 414 750 481 Πάτρας
781 413 869 467 διὰ
902 413 1069 482 ξηρᾶς
1114 415 1194 476 εἰς
1240 415 1332 470 τὸν
1366 415 1606 487 Εὔριπον
1640 420 1917 494 ἀπελθὼν,
1949 426 1976 476 6
2001 425 2100 476 αὑ·
2128 432 2174 486 Α
2207 427 2324 487 πῶς
2343 427 2404 478 οὐ
2433 423 2776 498 κατεφλέχθη
2831 429 3012 491 Ἠλίας
3043 429 3134 481 ἐπὶ
3168 429 3224 482 τὸ
3263 429 3414 499 ἅρμα
3465 432 3526 484 τδ
3558 433 3802 502 πύρινον

488 551 492 553 ,
524 506 717 574 θέντης
746 522 847 573 μου
879 507 1040 572 λέγω,
1081 510 1179 560 σὺν
1222 509 1374 576 ἡμῖν·
1408 511 1504 563 καλ⁵
1556 511 1823 579 ἐμϐάντες
1863 515 1940 576 εἷς
1972 531 2096 569 τινα
2201 517 2397 578 ἐπιϐάς
2433 519 2592 582 ;πῶς
2632 521 2659 571 6
2700 519 2927 581 Ἡσαΐας
2958 515 3066 571 εἶδε
3102 519 3192 571 τὸν
3231 519 3435 590 Κύριον
3464 522 3557 574 ἐπὶ
3587 523 3795 592 θρόνου

521 597 634 650 τῶν
687 598 913 650 Ἐνετῶν
947 601 1145 670 τριήρη
1189 601 1300 652 ἀπὸ
1346 602 1537 664 ἄστεος
1581 605 1820 672 Εὐρίπου
1863 605 2094 659 Εὔϐοιαν
2199 605 2406 675 ὑψηλοῦ
2440 609 2529 660 καὶ
2553 609 2878 677 ’ἐπηρμένου
2924 610 3234 678 καθήμενον
3270 627 3285 674 ;
3349 611 3465 672 πῶς
3520 613 3550 664 6
3580 613 3796 684 Δανιὴλ

518 688 839 757 λεγομένην,
873 691 931 741 ἐν
1015 691 1080 766 δὴ
1107 695 1323 762 τριήρει
1352 689 1420 764 ἦν
1444 697 1536 748 καὶ
1568 697 1596 749 ὃ
1628 715 1756 751 ποτε
1800 699 1855 750 ἐν
1889 701 1956 770 τῇ
1987 701 2093 752 Πά-
2196 698 2506 767 ἑφανέρωσε
2533 699 2594 750 τὸ
2640 701 3025 768 κεκρυμμένον
3056 699 3306 752 ἐνύπνιον
3349 701 3445 752 τοῦ
3497 702 3794 774 Ναϐουχο-

515 799 622 853 τρᾳ
652 785 936 846 κανονικὸς
961 785 1188 855 Μάρκος
1211 788 1371 857 ἡνίκα
1401 789 1726 856 ἀπήλθομεν
1754 792 1874 844 κατ’
1893 792 2092 859 αὐτῆς,
2195 788 2431 857 δονόσωρ
2463 808 2477 856 ;
2519 789 2634 853 πῶς
2657 793 2684 842 6
2708 791 2936 860 οὐρανὸς
2964 792 3091 853 τοὺς
3137 792 3373 861 ἀστέρας
3409 794 3638 862 κατέχει
3703 797 3791 863 μὴ

515 877 574 938 ὃς
607 877 798 944 γέγονε
843 877 938 929 καὶ
972 877 1202 944 λεγάτος
1245 879 1398 947 παρὰ
1447 881 1540 933 τοῦ
1588 881 1746 934 πάπα
1805 883 2091 948 Εὑγενείου
2197 879 2636 949 βασταζόμενος;
2666 883 2838 950 πῶςὴ
2878 882 2974 946 νὺξ
2997 882 3253 953 ἐγέννησε
3290 882 3389 952 τὴν
3415 885 3630 952 ἡμέραν
3681 886 3788 938 καὶ

512 969 608 1021 τοῦ
641 972 935 1038 συγγενοῦς
965 971 1154 1033 αὑτοῦ,
1189 978 1280 1025 καὶ
1311 973 1442 1042 παρ’
1474 973 1683 1025 ἐκείνου
1726 975 1805 1026 ἔτι
1837 977 2091 1045 καὶπρὸς
2195 972 2442 1037 γίνεταις
2476 971 2588 1032 πῶς
2618 971 2678 1022 τὸ
2703 972 2816 1038 φῶς
2840 969 2934 1023 τοῦ
2979 971 3127 1040 ἡλίου
3158 971 3382 1039 φωτίζει
3447 974 3625 1026 πάντα
3685 975 3787 1026 τὸν

513 1047 603 1114 τὸν
635 1061 864 1130 βασιλέα
888 1062 978 1114 διὰ
1010 1062 1309 1132 πρεσϐείας
1339 1062 1643 1132 ἀπεστάλη,
1672 1063 1766 1115 καὶ
1796 1067 1860 1132 τῇ
1890 1063 1966 1116 κδ’
1995 1049 2090 1117 τοὺ
2197 1065 2404 1130 κόσμον
2429 1078 2443 1127 ;
2481 1065 2529 1114 εί
2553 1062 2727 1115 ταῦτα
2747 1063 3094 1133 ἑρμηνεὺσῃς
3142 1081 3234 1129 μοι
3268 1065 3302 1118 ἀ
3338 1066 3530 1134 ἐρωτῶ
3553 1083 3632 1125 σε,
3659 1065 3788 1119 οἶδα

513 1151 680 1206 αὑτοῦ
714 1153 884 1222 μηνὸς
931 1152 1302 1222 Σεπτεμϐρίου
1333 1153 1704 1223 ἀπεσώθημεν
1749 1157 1829 1217 εἰς
1861 1157 1958 1224 τὴν
2001 1157 2092 1210 πό·

510 1244 615 1298 λιν.

592 1337 730 1390 Ἀλλ’
760 1337 946 1407 ἐπειδὴ
976 1339 1033 1390 ἐν
1069 1338 1203 1407 τῷδε
1235 1337 1312 1406 τῷ
1359 1335 1534 1405 καιρῷ
1591 1336 1824 1402 διάλεξίς
1854 1355 1937 1400 τις
1998 1355 2088 1390 σε-

509 1428 862 1497 σημειωμένη
895 1429 1110 1496 ἐγένετο
1137 1427 1450 1496 ἀναμεταξὺ
1512 1428 1606 1480 τοῦ
1655 1428 1920 1498 βασιλέως
1979 1429 2084 1496 κὺρ

507 1515 754 1570 Ἰωάννου
825 1518 918 1571 καί
973 1536 1120 1580 τινος
1163 1520 1414 1587 Ἐϐραίου
1463 1519 1627 1571 Ξένου
1676 1518 1933 1588 τοῦνομα,
1989 1517 2085 1571 τοῦ

508 1609 799 1678 μετέπειτα
827 1609 912 1662 διὰ
934 1607 1030 1677 τῆς
1063 1610 1157 1663 τοῦ
1192 1611 1347 1678 ἁγίου
1381 1611 1754 1680 βαπτίσματος
1789 1610 2086 1680 ἀναγεννή-

508 1716 645 1762 σεως
723 1701 1218 1769 μετονομασθέντος
1284 1702 1674 1772 Ἐμμανουήλ,
1738 1700 1931 1754 λοιπὸν
1983 1701 2082 1753 οὐκ

504 1793 701 1859 ἀφήσω
717 1793 809 1844 τοῦ
838 1793 1156 1862 διηγεῖσθαι.

586 1885 676 1937 Ἐν
736 1887 974 1953 πρώτοις
1030 1887 1286 1957 ἠρωτήθη
1355 1888 1382 1940 6
1446 1888 1701 1958 βασιλεὺς
1766 1894 1915 1961 παρὰ
1987 1893 2080 1946 τοῦ

517 1969 772 2042 Ἐϐραίου
796 1976 970 2028 τοιάδε
993 1992 1007 2006 ’
1041 1993 1060 2026 t
1088 1975 1207 2039 Πῶς
1229 1973 1294 2046 ἦν
1316 1977 1537 2029 δυνατὸν
1553 1981 1727 2032 τεκεῖν
1750 1980 1846 2050 τὴν
1863 1982 2081 2052 Μαρίαν

504 2065 596 2118 τὸν
626 2067 860 2137 Χριστὸν
898 2070 1164 2140 παρθένον
1196 2071 1398 2136 οὓσαν;
1439 2091 1458 2124 ι
1509 2072 1565 2126 Ὀ
1596 2075 1650 2127 δέ
1681 2075 1934 2143 βασιλεὺς
1975 2079 2080 2129 άπ-

504 2162 697 2231 εκρίθη
724 2180 738 2194 ο
781 2181 801 2215 ι
829 2163 952 2226 Πῶς
979 2163 1162 2216 ἔτεκεν
1189 2167 1216 2217 6
1259 2164 1430 2235 Ἀδάμ
1456 2165 1552 2235 τὴν
1594 2167 1737 2220 Εὕαν
1763 2169 1934 2238 χωρὶς
1984 2187 2080 2237 γυ-

503 2255 692 2316 ναικός
717 2270 730 2318 ;
769 2257 864 2309 καὶ
896 2255 1010 2316 πῶς
1039 2255 1332 2324 ἐξήνθησεν
1361 2257 1393 2324 ή
1430 2256 1501 2324 γῆ
1531 2258 1698 2326 χωρὶς
1720 2259 2076 2328 σπέρματος;

505 2347 622 2409 πῶς
669 2347 892 2399 ἔϐλυσεν
947 2347 1089 2416 ὕδωρ
1126 2349 1156 2418 ή
1189 2347 1492 2416 ἀκρότομος
1522 2347 1742 2416 πέτρας
1801 2349 1917 2413 πῶς
1980 2349 2075 2403 τοῦ

520 2439 730 2508 Ἀαρὼν
759 2441 1093 2509 ἐϐλάστησεν
1124 2441 1156 2508 ή
1189 2439 1417 2508 ράϐδοςς
1453 2439 1568 2502 πῶς
1588 2441 1877 2510 οὐρανόθεν
1920 2459 2078 2495 κατε-

506 2533 731 2601 πέμφθη
777 2533 836 2584 τὸ
885 2536 1098 2601 μάννας
1151 2532 1264 2593 πῶς
1331 2529 1658 2598 ἐπληθύνετο
1697 2533 1728 2601 ή
1767 2532 1923 2602 ὑδρία
1981 2533 2075 2586 τοῦ

504 2623 776 2694 ἁλεύρου;
811 2626 926 2688 πῶς
957 2625 1016 2677 τὸ
1044 2624 1217 2676 ἔλαιον
1253 2620 1556 2677 Ἐλισσαίου
1587 2623 1808 2676 ἔϐλυσεν
1843 2626 1921 2688 είς
1951 2627 2076 2690 τοὺς

498 2716 784 2782 ,κεράμους
813 2730 828 2778 ;
860 2714 975 2776 πῶς
1013 2715 1046 2783 ή
1081 2713 1240 2785 164
1276 2714 1471 2783 ῥάϐδος
1529 2715 1622 2766 τοῦ
1671 2715 1869 2766 Ἰεσσαὶ
1917 2715 2076 2769 έὸλά-

504 2823 701 2875 στησεν
754 2807 962 2872 ἄνθοςς
1027 2807 1141 2868 πῶς
1192 2808 1277 2858 ἐπὶ
1322 2805 1523 2858 Γεδεὼν
1567 2805 1594 2856 6
1630 2807 1793 2868 πόκος
1825 2807 2072 2880 ἀπεῤῥύη

501 2901 692 2969 δρόσον
723 2918 738 2965 ;
769 2899 884 2960 πῶς
913 2900 1004 2951 επὶ
1034 2898 1266 2966 Σαμψὼν
1294 2899 1516 2951 ἔϐλυσεν
1539 2898 1683 2967 ὕδωρ
1735 2901 1794 2950 τὸ
1845 2901 2070 2968 ὀστοῦνς

505 2995 620 3055 πῶς
661 2991 924 3062 ἐφύλαττε
949 2995 1074 3053 τοὺς
1113 2991 1303 3054 παῖδας
1354 2993 1654 3059 άιρλέκτους
1715 2995 1746 3060 ή
1802 2993 2068 3063 κάμινος;

2116 1763 2157 1818 Β

2193 1154 2276 1204 ὅτι
2311 1152 2748 1220 καταλαμϐάνεις
2776 1155 2868 1206 καὶ
2895 1153 2991 1222 τὴν
3018 1153 3270 1220 γέννησιν
3323 1154 3423 1221 τῆς
3470 1155 3778 1223 παρθένου.

2204 1243 2366 1295 Ἀλλά
2392 1244 2668 1312 ἀλλότριος
2703 1244 2975 1296 κάκείνων
3007 1245 3102 1296 καὶ
3130 1243 3338 1296 τούτων
3368 1245 3654 1314 ὑπάρχεις.

2276 1335 2333 1386 '0
2369 1335 2621 1404 Ἐϐραῖος
2645 1337 2806 1388 πάλιν
2830 1335 3113 1404 ἠρώτησεν
3135 1353 3147 1365 ·
3178 1354 3195 1388 ι
3231 1336 3291 1389 Εί
3328 1336 3428 1388 οὑκ
3459 1336 3779 1402 ἀναγκαίως

2192 1426 2306 1479 ἀλλ’
2339 1426 2499 1484 ἑκὼν,
2539 1425 2614 1488 ὼς
2646 1426 2806 1489 αὐτὸς
2837 1427 2963 1496 φῂς,
2997 1425 3265 1478 ἀπέθανεν
3304 1428 3331 1478 6
3363 1426 3613 1495 Χριστὸς,
3670 1444 3777 1494 φο-

2189 1519 2310 1580 νεὺς
2342 1518 2448 1586 ἄρα
2480 1518 2674 1571 ἐαυτοῦ
2703 1516 2967 1588 νομίζοιτ’
2994 1518 3059 1570 ἂν
3087 1518 3332 1582 εἰκότως,
3383 1520 3475 1570 καὶ
3527 1518 3776 1586 ψυχικῆς

2188 1611 2276 1662 διὰ
2299 1610 2456 1662 τοῦτο
2479 1611 2749 1679 τιμωρίας
2778 1611 2943 1675 ἄξιος.
2982 1630 2998 1660 ι
3043 1609 3104 1661 '0
3135 1609 3389 1678 βασιλεὺς
3422 1611 3772 1680 ἀποκριθεὶς,

2195 1720 2212 1752 ι
2244 1701 2382 1753 Πολύ
2406 1715 2480 1762 τι,
2512 1702 2662 1768 Ξένε,
2696 1704 2807 1754 τοῖν
2841 1702 3020 1769 λόγοιν
3048 1703 3250 1770 ἀμφοῖν
3293 1701 3514 1770 μεταξὺ’
3534 1702 3592 1753 τὸ
3651 1702 3775 1756 6:6-

2187 1810 2352 1862 φορον
2386 1810 2400 1823 ’
2433 1793 2568 1845 ἀλλά
2598 1793 2781 1862 θαῦμά
2837 1794 2888 1860 γ’
2927 1793 3079 1846 οὐδὲν
3114 1793 3250 1862 ὁμοῦ
3284 1796 3392 1853 τοῖς
3441 1793 3620 1854 ἄλλοις
3666 1796 3768 1857 ἀχν-

2183 1888 2322 1935 νοείν
2356 1901 2413 1935 σε
2445 1887 2540 1936 καὶ
2588 1883 2764 1938 τοῦτο.
2799 1884 2995 1945 Φονεὺς
3046 1884 3152 1952 γὰρ
3205 1883 3400 1936 ἑαυτοῦ
3453 1884 3654 1950 λέγοιτ’
3698 1886 3769 1938 ἂν

2181 1974 2403 2037 δικαίως
2467 1978 2495 2028 6
2533 1975 2727 2027 ἑαυτὸν
2776 1976 3130 2044 διαχειρίσας,
3178 1977 3325 2044 οὑχό
3350 1975 3487 2044 ὑπὲρ
3523 1975 3624 2041 τῆς
3654 1977 3763 2027 τῶν

2183 2065 2524 2134 φιλουμένων
2553 2066 2772 2135 ἀγάπης
2803 2068 3096 2138 ἀφειδήσας
3145 2070 3340 2122 ἑαυτοῦ
3396 2072 3490 2122 καὶ
3528 2070 3762 2122 θάνατον

2180 2158 2442 2222 ὑποστάς·
2469 2163 2496 2212 6
2511 2160 2618 2228 γὰρ
2635 2159 2877 2224 τοιοῦτος
3072 2164 3169 2214 οὐκ
3189 2163 3436 2232 αὐτόχειρ
3456 2163 3589 2214 ἀλλά
3605 2163 3760 2228 φίλος

2180 2253 2564 2321 προσηκόντως
2610 2253 2813 2323 ἀληθὴς
2869 2255 3070 2307 καλοῖτ’
3135 2254 3202 2308 ἂν
3253 2255 3326 2316 ὡς
3377 2255 3568 2307 ἑαυτὸν
3616 2255 3759 2324 ὑπὲρ

2177 2345 2284 2396 τῶν
2317 2344 2654 2413 φιλουμένων
2690 2345 2941 2413 προδοὺς,
2991 2345 3056 2398 ἵν’
3081 2346 3341 2410 ἐκείνους,
3375 2350 3419 2399 εί
3454 2347 3629 2412 οὕτως
3669 2347 3756 2399 tti-

2178 2452 2284 2504 χοι,
2309 2435 2418 2489 τῶν
2454 2437 2917 2507 ἐπικρεμαμένων
2964 2437 3210 2492 θανάτων
3261 2438 3531 2508 ἐξέληται.
3587 2438 3755 2491 Ταῦτ’

2175 2529 2286 2598 ἄρα
2320 2529 2753 2600 φιλανθρωπίας,
2786 2532 2880 2583 καὶ
2901 2533 2930 2583 6
2966 2531 3199 2602 Χριστὸς
3237 2533 3524 2584 ἀποίσεται
3554 2532 3755 2601 μᾶλλον

2187 2622 2346 2691 χάριν
2383 2621 2415 2689 ἢ
2444 2621 2708 2682 τοιούτοις
2727 2623 3070 2692 ἐγκλήμασιν
3099 2624 3469 2677 ὑποκείσεται.
3507 2641 3527 2674 ι

2244 2711 2408 2776 Ξένος
2438 2715 2465 2765 ὁ
2505 2711 2758 2782 Ἐϐραῖος
2781 2715 2962 2784 ἐρωτᾷ
2984 2729 2997 2743 ·
3039 2733 3057 2765 ι
3087 2715 3276 2767 Πόσων
3307 2714 3636 2784 ἄρωδεινῶν
3668 2716 3754 2768 ατο

2173 2823 2288 2857 τιον
2317 2804 2404 2858 ἀεὶ
2431 2805 2492 2857 τὸ
2521 2805 2715 2874 ψεῦδος
2747 2807 3071 2860 καθίσταται
3094 2809 3106 2860 l
3133 2807 3158 2860 6
3185 2808 3292 2876 γὰρ
3317 2809 3604 2878 προφήτης
3629 2808 3747 2876 οὐχ.

2183 2895 2250 2950 Ἥ
2277 2898 2562 2966 παρθένος,
2585 2898 2720 2962 ἀλλ’,
2757 2898 2823 2952 Ἦ
2849 2897 3076 2965 νεᾶνις,
3109 2900 3292 2970 φησὶν,
3320 2899 3486 2965 τέξει,
3505 2899 3748 2968 δηλονότι

2177 2991 2508 3045 συνελθοῦσα
2524 2993 2682 3062 ἀνδρί
2699 3007 2713 3020 °
2744 2994 2900 3063 ὑμεῖς
2920 2994 3086 3056 δὲτὰς
3108 2993 3314 3047 ἐαυτῶν
3341 2995 3606 3062 συστῆσαι
3629 2994 3748 3051 Βου-

504 3086 622 3147 πῶς
653 3085 744 3136 ἐπὶ
781 3083 976 3136 Μανωέ
1004 3083 1272 3153 ἀνήφθηή
1323 3085 1500 3153 πέτρα
1536 3083 1656 3151 δίχα
1714 3082 1844 3152 ὕλης
1879 3099 1894 3149 ;
1958 3084 2074 3144 πῶς
2102 3115 2144 3172 c
2179 3083 2392 3152 λόμενοι
2429 3086 2735 3153 τερατείας,
2761 3087 2861 3154 τὴν
2893 3087 3160 3156 παρθένον
3186 3089 3286 3158 τῆς
3323 3089 3566 3150 νεάνιδος
3599 3089 3746 3139 ἀντι-

507 3178 779 3244 ἐκαίετοή
818 3175 981 3245 βάτος
1016 3175 1108 3226 ἐπὶ
1155 3174 1430 3237 Μωῦσέως
1465 3173 1557 3226 καὶ
1607 3173 1666 3225 οὐ
1709 3171 2066 3240 natanti-Eo;

502 3355 635 3410 remi
655 3353 882 3414 Veneta.
901 3351 1105 3408 Euboea
1126 3351 1288 3414 dicta,
1310 3351 1362 3405 in
1381 3367 1487 3422 qua
1511 3353 1696 3407 eadem
1725 3351 1934 3408 Marcus
1952 3361 2072 3407 erat

501 3452 595 3521 qui
653 3451 825 3513 olim,
873 3465 996 3503 cum
1070 3447 1287 3502 Patram
1358 3463 1818 3516 Oppugnaremns,
1877 3447 1932 3500 in
2004 3463 2068 3502 ea

501 3543 637 3598 urbe
672 3545 996 3604 canonicus,
1027 3552 1141 3596 tttm
1175 3548 1353 3594 autem
1389 3540 1596 3610 legatus
1630 3540 1856 3608 Eugenii
1895 3555 2066 3608 papae,

502 3637 605 3694 sibi
685 3635 928 3705 cognati.
997 3632 1064 3687 ad
1133 3633 1515 3700 imperatorem
1580 3611 2071 3686 ιιιίιιθιιειιιιικῚΜο

499 3739 697 3798 quarto
759 3738 813 3781 et
848 3726 1112 3780 vicesimo
1147 3725 1487 3794 Septembris
1521 3723 1822 3778 incolumes
1855 3723 2067 3794 Byzan-

497 3825 634 3877 tium
657 3821 816 3875 delati
837 3833 1048 3874 sumus.

568 3915 836 3982 Quoniam
870 3926 1052 3968 autem
1083 3913 1177 3966 illo
1232 3921 1474 3981 tempore
1519 3911 1698 3966 habita
1734 3921 1816 3966 est
1858 3928 2066 3967 memo-

501 4009 694 4064 rabilis
733 4007 1031 4074 distiutatio
1090 4006 1230 4058 inter
1285 4005 1548 4059 Joannem
1594 4007 1973 4075 imperatorem
2015 4013 2068 4058 et

499 4103 786 4156 Hebraeum
829 4101 1140 4169 quemdam,
1199 4099 1420 4152 nomine
1465 4095 1696 4161 Xenum,
1731 4096 1824 4166 qui
1878 4105 2066 4165 postea

497 4209 658 4249 sacro
683 4195 1004 4262 baptismate
1035 4200 1406 4260 regeneratus,
1450 4186 1822 4242 EmmanUelis
1866 4204 2064 4243 nomen

493 4286 730 4354 accepit,
762 4302 879 4336 eam
922 4283 1116 4337 litteris
1152 4286 1410 4334 mandare
1444 4296 1548 4332 non
1585 4281 1855 4335 omittam.

567 4379 808 4432 Primum
841 4376 1102 4430 Hebraeus
1143 4374 1522 4440 imperatorem
1551 4371 1631 4423 sic
1663 4371 2015 4439 interrogavit
2045 4385 2062 4422 :

490 4494 523 4526 ιιι
568 4471 853 4540 Quomodo
886 4469 1052 4522 Maria
1089 4467 1365 4520 Christum
1397 4479 1657 4532 generare
1711 4464 1905 4532 potuit,
1935 4465 2062 4518 dum

496 4567 650 4635 virgo
719 4560 877 4617 erat?
923 4579 942 4610 ι
989 4557 1286 4628 Respondit
1352 4557 1685 4624 imperator:
1751 4555 2063 4617 «Quomodo

497 4657 742 4712 Adamus
772 4654 937 4708 Evam
973 4653 1090 4707 sine
1142 4666 1307 4706 usura
1358 4649 1607 4703 mulieris
1639 4649 1872 4717 genuit?
1920 4657 2062 4702 terra

489 4746 732 4801 emoruit
786 4746 904 4801 sine
957 4741 1214 4798 semine?
1269 4739 1385 4795 saxi
1436 4741 1749 4807 superﬁcies
1805 4728 2064 4807 percussa

493 4841 673 4892 emisit
702 4835 938 4906 aquam?
967 4845 1058 4889 aut
1103 4833 1379 4902 quomodo
1431 4833 1578 4899 virga
1631 4831 1864 4885 Aaronis
1912 4832 2066 4886 fron-

496 4931 652 4984 duit?
687 4929 959 4998 quomodo
992 4927 1212 4982 cmlitus
1255 4939 1451 4978 manna
1479 4923 1776 4978 demiSsum
1808 4927 1928 4976 est?
1969 4925 2063 4996 hy.

496 5027 613 5078 dria
665 5022 880 5090 impleta
908 5029 994 5074 est
1027 5018 1244 5072 farina?
1275 5018 1547 5085 quomodo
1579 5017 1628 5066 in
1695 5033 1820 5070 vasa
1877 5019 2058 5070 lit-til.a

494 5120 674 5170 oleum
711 5113 884 5170 ΙίΙίεωί
913 5111 1193 5165 manavit?
1225 5107 1397 5162 Jessai
1433 5110 1684 5160 baculum
1718 5107 1880 5161 ﬂoros
1911 5111 2060 5177 egit?

496 5212 784 5263 irroratum
816 5219 899 5259 est
926 5202 1198 5256 Gedeonis
1230 5200 1440 5254 vellus?
1471 5202 1747 5268 quomodo
1770 5201 2058 5270 Sampsoni

495 5319 557 5355 ιιι
599 5316 724 5368 osse
753 5313 894 5366 aqua
947 5295 1135 5348 saliit‘!
1169 5306 1279 5347 tres
1326 5295 1478 5362 pueri
1515 5294 1568 5346 in
1624 5296 1840 5346 camino
1864 5311 1892 5346 ιι
1931 5312 2062 5348 con-

493 5396 746 5449 bustione
807 5391 1005 5444 servati
1063 5390 1231 5442 sunt?
1289 5386 1573 5453 Quomodo
1631 5385 1810 5440 Mauoi
1864 5402 2056 5440 saxum

493 5489 613 5540 sine
654 5482 880 5536 materia
922 5480 1092 5536 arsit?
1119 5491 1214 5533 aut
1264 5480 1432 5534 rubus
1481 5478 1906 5547 Mosi'ﬂagravit,
1961 5493 2060 5531 nec

491 5583 850 5644 consumptus
873 5575 998 5628 est?
1022 5586 1114 5628 aut
1148 5573 1298 5628 Elias
1335 5574 1386 5626 iu
1418 5590 1582 5626 curru
1618 5573 1773 5641 igneo
1815 5587 1920 5624 non
1975 5579 2060 5624 est

488 5666 850 5723 combustus?
896 5665 1171 5735 quomodo
1222 5664 1391 5720 lsaias
1419 5664 1698 5718 dominum
1754 5664 1806 5714 in
1863 5663 2058 5716 throno

490 5761 710 5816 excelso
745 5770 798 5820 α
825 5761 1035 5816 eierato
1059 5761 1333 5816 sedentem
1362 5757 1534 5812 vidit?
1563 5755 1751 5809 Daniel
1779 5755 2054 5808 occultum

2094 4429 2141 4486 1)

2177 3175 2375 3230 τίθετε.
2413 3177 2478 3230 Τί
2527 3176 2636 3248 γὰρ
2677 3179 2742 3231 ἀν
2787 3196 2868 3241 τις
2922 3182 3018 3232 καὶ
3066 3178 3239 3248 λέγοι,
3287 3181 3454 3232 πόσον
3497 3179 3743 3233 ἐντεῦθεν

2173 3363 2447 3416 somnium
2479 3361 3001 3421 Nabuchmlonosori
3035 3365 3292 3436 aperuit?
3323 3367 3591 3436 quomodo
3622 3379 3737 3420 ete-

2174 3459 2286 3508 luni
2344 3469 2488 3522 astra
2531 3462 2792 3523 t-ontiuet,
2843 3477 2966 3515 cum
3026 3477 3133 3514 non
3203 3461 3570 3516 sustentetur?
3620 3475 3726 3512 uox

2172 3547 2313 3601 diem
2353 3551 2535 3616 genuit
2564 3561 2616 3604 et
2650 3553 2891 3620 gignitur
2933 3541 3090 3621 ipsa?
3158 3555 3343 3606 lumen
3399 3552 3516 3607 solis
3555 3561 3724 3603 totum

2174 3643 2435 3694 mundum
2480 3642 2786 3696 illuminat?
2834 3643 2955 3698 llzec
3009 3645 3139 3697 mihi
3177 3647 3220 3698 si
3259 3643 3630 3711 explicaveris,
3684 3651 3734 3694 te

2172 3733 2334 3784 etiam
2400 3733 2630 3802 virginis
2689 3746 2901 3803 partum
2965 3736 3164 3804 putabo
3225 3738 3500 3800 expliCare
3560 3751 3736 3802 posse.

2172 3818 2467 3874 Enimvero
2503 3833 2556 3876 tu
2599 3840 2699 3878 nec
2757 3825 2869 3887 illa,
2908 3841 3006 3877 net:
3041 3826 3672 3894 hunc*coniprehennis.
3717 3843 3734 3874 ι

2245 3912 2449 3966 Rursus
2483 3915 2742 3968 Hebraeus
2770 3917 3011 3982 rogavit:
3054 3935 3072 3966 ι
3119 3915 3172 3969 Si
3215 3932 3320 3969 non
3365 3927 3610 3978 coactus,
3645 3917 3734 3969 sed

2172 4008 2378 4070 volens,
2413 4014 2470 4058 ut
2503 4006 2615 4072 ipse
2647 4006 2805 4070 dicis,
2836 4007 3083 4061 Christus
3119 4020 3367 4060 mortuus
3407 4020 3509 4074 est,
3545 4011 3733 4061 met-ito

2171 4110 2341 4150 semet
2377 4097 2716 4151 interit-cisse
2748 4109 2804 4152 et
2860 4099 2980 4150 ideo
3023 4115 3179 4168 pwna
3232 4099 3501 4169 spirituali
3542 4101 3734 4169 dignus

2170 4202 2290 4242 esse
2327 4188 2590 4241 videatur.
2627 4206 2645 4238 ι
2691 4182 2990 4254 Imperator
3023 4192 3377 4258 respondens,
3423 4208 3441 4239 ι
3464 4190 3732 4258 Magnum,

2171 4279 2365 4346 inquit,
2393 4277 2566 4344 Keue,
2617 4281 2758 4334 inter
2808 4281 2924 4335 hate
2981 4273 3273 4335 discrimen
3327 4293 3443 4348 est;
3501 4301 3597 4338 nec
3633 4275 3736 4337 titi-

2171 4388 2288 4424 rum
2322 4383 2524 4435 tamen,
2558 4384 2608 4426 te
2640 4374 2742 4425 hoc
2771 4388 2894 4425 cum
2946 4371 3172 4440 reliquis
3225 4375 3495 4444 ignorare.
3559 4376 3737 4430 Semet

2170 4463 2510 4517 interlecisse
2548 4464 2692 4516 enim
2739 4464 2864 4532 jure
2897 4465 3134 4530 dicatur,
3175 4467 3270 4536 qui
3326 4483 3424 4521 sua
3466 4483 3526 4523 se
3569 4485 3730 4523 manu

2171 4555 2460 4619 occiderit,
2489 4569 2594 4606 non
2625 4557 2691 4618 is,
2721 4559 2836 4623 qui,
2867 4556 3134 4610 charitatc
3171 4558 3223 4611 in
3254 4560 3462 4613 amicos
3496 4575 3738 4615 commo-

2170 4655 2278 4708 tus,
2316 4647 2434 4700 vita:
2476 4661 2589 4701 sua:
2643 4662 2751 4700 non
2801 4649 2976 4715 parcit
3027 4666 3332 4720 eorumque
3391 4667 3555 4706 causa
3592 4655 3738 4707 subit

2168 4753 2418 4792 mortem.
2493 4738 2637 4792 Talis
2702 4740 2846 4794 enim
2885 4757 2993 4794 non
3031 4743 3115 4795 sui
3156 4744 3451 4808 homicida,
3490 4749 3582 4799 sed
3617 4751 3734 4800 sin-

2167 4844 2328 4883 cerus
2389 4830 2598 4883 amicus
2632 4833 2826 4883 merito
2859 4834 3194 4896 nominatur,
3232 4838 3320 4906 qui
3377 4839 3730 4906 semetipsmn

2167 4933 2265 4986 pro
2292 4917 2504 4970 dilectis
2529 4919 2714 4984 tradit,
2753 4929 2813 4971 ut
2842 4935 2955 4982 eos,
2986 4924 3028 4975 si
3057 4926 3252 4992 possit,
3287 4926 3353 4978 ab
3379 4925 3730 4996 impendente

2169 5022 2338 5066 morte
2391 5013 2609 5081 eripiat.
2667 5014 2849 5077 Quare
2891 5017 3022 5070 illud
3057 5021 3220 5072 animi
3282 5023 3500 5090 benigni
3544 5036 3648 5090 est,
3677 5035 3731 5080 et

2165 5105 2414 5157 Christus
2456 5103 2682 5173 gratiam
2707 5107 2908 5170 potius,
2953 5124 3116 5175 quant
3155 5113 3286 5168 istas
3317 5117 3731 5171 criminationes

2165 5207 2422 5248 meretur.
2467 5214 2485 5248 ι
2896 5265 2910 5275 _
3293 5195 3302 5200 ’

2236 5291 2450 5346 Rursus
2482 5291 2776 5348 llchra'us:
2817 5314 2835 5345 ι
2882 5296 3026 5359 Quot
3062 5301 3198 5351 mala
3248 5317 3464 5368 semper
3506 5283 3730 5356 menda-

2165 5384 2308 5436 ciunt
2337 5385 2539 5437 creavit
2572 5386 2584 5436 l
2621 5388 2880 5453 propheta
2925 5389 3071 5442 enim
3141 5406 3249 5443 non
3313 5394 3573 5461 virginem
3633 5395 3726 5458 ait,

2163 5477 2256 5531 sed
2290 5476 2751 5530 adolescentulam
2806 5489 3080 5547 parturam
3114 5498 3255 5544 esse,
3293 5485 3466 5536 virum
3532 5485 3725 5538 videli-

2163 5580 2250 5623 cet
2295 5577 2613 5637 expet-tatu];
2669 5585 2762 5623 vos
2818 5581 3020 5634 autem,
3055 5582 3304 5641 portenta
3341 5585 3518 5628 vestra
3571 5577 3728 5629 nobis

2164 5662 2621 5725 commendaturi,
2653 5678 2750 5730 pro
2802 5663 3150 5719 adolescente
3187 5666 3414 5719 muliere
3465 5665 3724 5733 virginem

2164 5741 2490 5824 suppettitis.
2543 5753 2676 5818 Quis
2721 5758 2819 5810 hoc
2870 5756 3049 5810 verbis
3105 5765 3457 5824 assequatur,
3519 5765 3720 5824 quanta
