4066 6296
358 384 464 443 773

1407 381 1856 445 CHRONICON
1901 385 2175 445 MAJUS.
2213 410 2276 422 --
2321 383 2465 443 ΗΒ·
2503 384 2580 443 II.

3507 389 3624 452 774‘

356 500 566 569 ῐὶιγγον
605 503 700 555 καὶ
734 501 891 569 μόνον
940 501 1231 568 λεγόμενον
1265 499 1505 568 ἐμποιεῖ,
1545 500 1636 552 καὶ
1668 501 1765 570 τὴν
1796 504 1926 554 άπι-
1960 513 2000 564 Α
2036 518 2148 552 σιν·
2221 503 2420 570 μᾶλλον
2479 500 2533 552 δὲ
2586 497 2698 552 τῶν
2757 483 2932 553 ἄλλων
2983 501 3123 570 πρδς
3177 500 3277 570 τὴν
3325 501 3612 570 παροῦσιν

355 587 510 646 στίαν
563 594 765 662 ἡλίκην
819 593 1050 659 κατάγει
1101 590 1208 644 τῶν
1261 591 1666 661 ἀκροωμένωνς
1697 591 1790 651 'l‘i;
1825 591 1933 661 γάρ

354 688 462 738 τῶν
495 688 559 737 ἑκ
603 685 698 737 τοῦ
736 684 941 746 παντὸς
981 681 1178 746 αίῶνος
1223 683 1495 758 παρθένον
1532 682 1734 752 ἢκουσε
1782 700 1933 736 τετο-

353 779 549 839 κυῖαν;
589 776 659 829 El'
705 793 795 844 μοι
830 775 958 842 μίαν
1011 773 1125 843 ἔχει
1172 773 1452 828 δεικνύναι
1492 791 1596 836 τις,
1647 774 1781 844 προς
1823 775 1931 826 οὐδ’

352 869 534 921 ὁτιοῦν
562 867 776 938 ἀντερῶ
806 869 1202 936 Μραιτέρως.»
1251 866 1310 921 '0
1341 867 1596 937 βασιλεὺς
1626 867 1922 936 ἀπεκρίθη’

359 979 376 1011 ι
405 961 478 1013 Εὖ
499 961 700 1028 λέγεις.
727 959 910 1024 Δείξόν
932 977 1022 1026 μοι
1043 965 1106 1013 σὺ
1136 957 1268 1012 Θεὸν
1289 959 1374 1030 ’έτε
1386 977 1477 1028 ρον
1498 958 1554 1025 ἐξ
1581 959 1813 1027 ούρανοῦ
1833 977 1929 1010 x1-

349 1051 682 1121 τεληλυθότα
716 1051 809 1104 καὶ
838 1048 1021 1120 σάρκα
1056 1049 1369 1118 φορέσαντα
1390 1067 1403 1079 ο
1432 1051 1587 1117 κάγώ
1642 1067 1722 1101 σοι
1769 1050 1927 1114 δείξω

347 1145 471 1212 τὴν,
491 1143 566 1206 ὡς
582 1143 746 1206 αὐτὸς
763 1140 956 1207 ἀξιοῖς,
980 1143 1250 1211 παρθένον
1276 1142 1440 1194 αὐτὸν
1464 1143 1832 1209 γεννήσασαν.
1850 1141 1924 1193 Σὺ

348 1235 391 1287 δ’
420 1235 536 1289 ἀλλ’
574 1235 697 1288 ἐπεὶ
719 1233 898 1303 τούτῳ
928 1233 1210 1287 πιστεύειν
1241 1233 1500 1304 ὑπισχνῇ,
1533 1233 1686 1285 εἵσοί
1724 1251 1808 1294 τις
1833 1233 1924 1284 καὶ

346 1331 476 1382 ἄλλο
523 1329 737 1384 τοιοῦτο
778 1329 895 1398 ἔχει
936 1327 1213 1382 δεικνύναι
1257 1327 1652 1396 γεγενημένον,
1700 1324 1922 1377 δεκτέον

347 1423 412 1475 ἂν
439 1422 525 1492 εἴη
560 1440 644 1476 σοι
677 1424 771 1476 καὶ
797 1421 956 1475 τοῦτο
983 1421 1203 1492 πρῶτον
1232 1421 1327 1474 καὶ
1359 1421 1522 1489 μόνον
1552 1419 1632 1484 ὃν,
1668 1419 1786 1471 ἐπεὶ
1821 1421 1918 1470 κά-

347 1518 494 1567 κεῖνο
555 1516 692 1582 πρὸς
748 1515 902 1569 οὐδὲν
963 1515 1150 1584 ἕτερον
1206 1515 1420 1584 ἀφορᾷν
1460 1511 1708 1582 ἔμελλεν,
1757 1513 1918 1577 εἴπερ

344 1606 563 1676 πρῶτον
585 1603 675 1678 ἦν.
699 1603 762 1660 El
789 1602 968 1670 δὀὖν,
994 1605 1156 1659 τοῦτο
1188 1608 1286 1676 μὲν
1312 1607 1523 1669 ἐατέον,
1557 1605 1730 1671 δεῖξον
1762 1604 1920 1675 163

346 1699 404 1750 δὲ
431 1698 496 1751 σύ
535 1717 622 1767 μοι
660 1698 776 1760 πῶς
804 1700 1010 1767 Μωσῆς
1052 1699 1178 1778 τοῦς
1209 1691 1510 1769 ὑμετέρους
1550 1698 1791 1767 πατέρας
1819 1697 1916 1764 τὴν

354 1789 627 1860 Ἐρυθρὰν
655 1790 1031 1860 περαιωθῆναι
1074 1791 1362 1860 πεποίηκε,
1401 1794 1510 1842 κάκ
1564 1789 1664 1857 τῆς
1712 1789 1916 1855 πέτρας

2041 592 2384 662 σαφεστέραν
2439 590 2734 660 περίληψιν
2784 591 2894 643 τῶν
2939 592 3267 661 εἰρημένων.
3303 593 3492 662 Ὅμως
3546 611 3608 660 γε

2041 682 2147 752 μὴν
2178 685 2437 754 ἀνωτέρω
2473 683 2671 753 μικρὸν
2701 682 2870 752 αὐτὴν
2898 684 3278 753 ἀναλάϐωμεν,
3315 685 3381 738 ἵν’
3407 685 3611 754 ἴδωμεν

2038 775 2376 844 σαφέστερον
2414 776 2496 836 τίς
2527 777 2558 844 ἡ
2599 775 2707 828 τῶν
2748 776 3056 845 είρημένων
3099 775 3175 845 τῷ
3205 778 3461 849 προφήτῃ
3495 779 3612 831 διὰ-

2034 884 2154 919 νοια
2186 869 2278 919 καὶ
2307 867 2437 934 περὶ
2464 865 2628 918 τίνων
2661 865 2833 920 ἐστίν.
2868 884 2887 916 ι
2938 867 3261 934 Προσέθετο,
3307 871 3462 937 φησὶ,
3501 870 3613 920 Κύ-

2035 970 2149 1025 ριος
2169 958 2398 1025 λαλῆσαι
2422 957 2498 1026 τῷ
2523 958 2720 1025 Ἀχαζ,
2740 956 2912 1024 λέγων
2934 973 2947 986 °
2974 958 3377 1028 167Αἴτησαι
3401 963 3610 1027 σεαυτῷ

2034 1051 2262 1117 σημεῖον
2297 1055 2446 1118 παρὰ
2479 1049 2684 1118 Κυρίου
2724 1047 2820 1099 τοῦ
2852 1047 2988 1100 Θεοῦ
3020 1067 3111 1103 σου
3149 1051 3234 1112 είς
3265 1049 3486 1120 βάθοςῆ
3531 1055 3610 1114 είς

2033 1140 2186 1208 ὕψος.
2237 1143 2345 1193 Καὶ
2377 1137 2529 1193 εἶπεν
2567 1141 2762 1210 Ἀχαζ,
2795 1141 2870 1192 Οὐ
2910 1143 2983 1212 μὴ
3021 1144 3255 1211 αἰτήσω,
3301 1143 3410 1195 οὐδ’
3440 1145 3501 1194 οὐ
3537 1145 3610 1212 μὴ

2033 1233 2280 1302 πειράσω
2314 1231 2545 1300 Κύριον.
2575 1234 2684 1286 Καὶ
2717 1229 2870 1286 εἶπεν
2911 1234 3168 1298 Ἡσαΐας·
3195 1236 3294 1288 Διά
3320 1237 3478 1288 τοῦτο
3510 1236 3612 1287 δώ-

2032 1343 2114 1377 σει
2148 1325 2352 1394 Κύριος
2393 1326 2523 1394 ὑμῖν
2578 1329 2824 1395 σημεῖον.
2868 1327 2999 1379 Ἰδοὺ
3040 1330 3071 1398 ἠ
3107 1327 3382 1396 παρθένος
3417 1331 3474 1380 ὲν
3509 1344 3609 1395 γα-

2030 1418 2151 1484 στρὶ
2207 1417 2438 1486 λήψεται
2479 1417 2573 1468 καὶ
2627 1417 2844 1479 τέξεται
2885 1418 3022 1480 υἱον,
3074 1417 3168 1470 καὶ
3221 1417 3511 1470 καλέσουσι
3546 1420 3606 1470 τὸ

2024 1494 2198 1574 δνομα
2243 1508 2410 1559 αὑτοῦ
2445 1507 2818 1577 Ἐμμανουήλ.
2853 1508 3127 1580 Βούτυρον
3171 1509 3311 1578 βοῶν
3336 1511 3429 1564 καὶ
3461 1511 3603 1578 γάλα

2027 1601 2317 1670 προϐάτων
2354 1603 2446 1654 καὶ
2478 1603 2600 1669 μέλι
2632 1606 2866 1669 φάγεται
2900 1605 3030 1674 πρὶν
3072 1605 3102 1676 ἢ
3135 1607 3340 1672 γνῶναι
3371 1607 3533 1658 αὐτὸν
3565 1607 3598 1677 ἢ

2024 1695 2353 1761 προελέσθαι
2407 1695 2644 1762 πονηρά,
2705 1695 3028 1759 ἐκλέξασθαι
3072 1698 3132 1749 τὸ
3165 1698 3411 1764 ἀγαθόν·
3462 1699 3598 1752 διότι

2024 1787 2152 1855 πρὶν
2187 1787 2216 1856 ἢ
2247 1787 2452 1852 γνῶναι
2500 1787 2558 1838 τὸ
2603 1788 2816 1839 παιδίον
2847 1788 3055 1856 ἀγαθον
3090 1789 3120 1857 ἢ
3154 1793 3347 1854 κακὸν,
3382 1790 3601 1844 ἀπειθεῖ

347 1880 605 1934 τοσοῦτον
636 1880 863 1933 ἔϐλυσεν
909 1880 1052 1951 ὕδωρ
1099 1883 1173 1943 ὡς
1207 1882 1424 1934 ἅπαντα
1453 1881 1545 1932 τὸν
1601 1879 1727 1930 λαὸν
1757 1893 1912 1948 κορε-
1949 1871 1987 1924 Β
2019 1877 2256 1946 πονηρία
2287 1875 2612 1941 ἐκλέξασθαι
2655 1879 2714 1930 τὸ
2747 1879 2970 1944 ἀγαθόν.
3013 1900 3030 1932 ι
3066 1880 3190 1933 Ἀπ’
3217 1882 3392 1951 ἀρχῆς
3419 1883 3598 1936 τοίνυν

341 1973 558 2042 σθῆναι,
589 1975 686 2025 καὶ
716 1975 748 2042 ἡ
783 1973 1015 2035 κιϐωτὸς
1054 1975 1165 2034 τοῖς
1213 1971 1452 2041 ἱερεῦσιν
1485 1972 1786 2039 ἀνεχομένη
1819 1969 1915 2022 καὶ

336 2065 429 2116 τὸν
457 2063 722 2133 Ἰορδάνου
751 2064 1088 2132 διαστήσασα
1116 2064 1243 2134 ῥοῦν
1278 2065 1369 2116 ἐπὶ
1393 2060 1486 2116 τοῦ
1523 2059 1691 2132 ξηροῦ
1735 2061 1909 2132 διέϐη,

335 2155 431 2206 καὶ
457 2155 524 2207 τὰ
565 2155 949 2224 Ἰεριχούντινα
1000 2154 1328 2224 κατεσείσθη
1362 2154 1536 2223 τείχη,
1567 2154 1662 2206 καὶ
1700 2154 1766 2223 τῇ
1809 2172 1914 2223 μη-

333 2247 480 2318 λωτῇ
511 2248 604 2300 τὸν
651 2247 926 2318 Ἰορδάνην
960 2244 1118 2312 αὖθις
1165 2249 1474 2310 Ἐλισσαῖος
1520 2248 1774 2318 διέρρηξε
1819 2249 1912 2300 καὶ

333 2339 558 2409 διῃρέθη
591 2340 659 2392 τὰ
685 2338 856 2392 ὕδατα
897 2338 1052 2392 ἐνθεν
1087 2341 1181 2392 καὶ
1208 2337 1387 2403 ἔνθεν,
1419 2338 1582 2401 αὐτὸς
1610 2339 1666 2391 δὲ
1699 2341 1790 2392 ἐπὶ
1817 2338 1908 2391 τοῦ

336 2430 505 2502 ξηροῦ
557 2430 732 2500 διέϐη.
767 2428 916 2500 Ἀρα
945 2430 1087 2483 κατά
1120 2431 1281 2495 φύσιν
1323 2449 1376 2483 τι
1423 2431 1678 2497 γενέσθαι
1703 2431 1908 2485 τούτων

333 2524 482 2578 ἐστιν
540 2525 759 2590 είπεῖν;
812 2523 1086 2592 οὐδαμῶς.
1119 2523 1181 2575 El
1228 2523 1272 2574 δ’
1307 2524 1488 2575 ἐκεῖνοι
1537 2524 1676 2593 ὑπὲρ
1725 2523 1905 2591 φύσιν,

331 2615 454 2668 οὐδὲ
490 2613 549 2667 τὸ
582 2615 680 2681 τῆς
711 2614 986 2685 παρθένου
1032 2614 1171 2667 κατὰ
1208 2613 1392 2680 φύσιν.
1433 2613 1619 2683 ’Υμῶν
1647 2615 1701 2664 δὲ
1727 2613 1907 2672 καλῶς

331 2707 432 2774 τὴν
491 2706 781 2771 ἀπείθειαν
839 2707 866 2758 ὁ
937 2705 1457 2774 μεγαλοφωνότατος
1524 2706 1906 2772 ἐστηλίτευσεν

341 2799 574 2862 Ἡσαΐας
601 2798 780 2865 λέγων
803 2815 817 2830 ο
861 2816 878 2850 ι
910 2799 1077 2867 Ὅλην
1104 2796 1204 2866 τὴν
1237 2796 1451 2866 ἡμέραν
1478 2796 1780 2855 ἐξεπέτασα
1811 2797 1906 2858 τὰς

330 2893 520 2962 χεῖράς
545 2909 648 2962 μου
680 2892 818 2960 πρὸς
842 2890 972 2943 λαὸν
1000 2889 1338 2943 ἀπειθοῦντα
1361 2890 1454 2941 καὶ
1477 2887 1850 2954 ἀντιλέγοντα.
1879 2909 1896 2938 ι

333 2982 476 3053 Πρὸς
514 2983 616 3052 μὲν
655 2983 762 3052 γὰρ
793 2981 973 3044 πάσας
1003 2981 1104 3044 τὰς
1131 2983 1260 3046 περὶ
1291 2979 1386 3032 τοῦ
1419 2980 1658 3050 Χριστοῦ
1688 2998 1904 3050 προφη-

328 3075 478 3137 τείας
512 3077 758 3143 ἐναργεῖς
805 3073 972 3136 οὕσας
1012 3074 1104 3125 καὶ
1150 3076 1498 3140 σαφεστάτας
1559 3075 1902 3143 μαινομένων

327 3168 528 3234 τρόπον
557 3167 856 3228 διάκεισθε,
890 3167 937 3218 οἳ
980 3167 1088 3218 τῶν
1115 3163 1250 3217 ὁδῶν
1276 3168 1374 3229 τὰς
1407 3169 1777 3236 τετριμμένας
1809 3170 1898 3220 ὲκ-

327 3257 602 3321 κλίνοντες
629 3259 774 3312 κατά
806 3260 1069 3328 κρημνῶν
1113 3259 1371 3322 πολλάκις
1404 3261 1632 3323 ἑαυτοὺς
1673 3263 1897 3329 ῥίπτου-

324 3439 483 3508 quasi
514 3437 779 3506 vertigine
812 3437 1044 3502 laboret,
1072 3438 1212 3491 istud
1269 3440 1362 3509 qui
1400 3439 1569 3506 dicat,
1623 3441 1765 3508 apud
1800 3457 1898 3494 au-

324 3531 643 3598 dientesque
671 3543 835 3598 quam
904 3544 1093 3597 parum
1130 3530 1252 3583 iidci
1289 3531 1578 3587 habiturus
1609 3533 1724 3588 sit?
1759 3533 1893 3599 Quis

323 3622 468 3675 enim
498 3628 622 3689 post
659 3619 942 3673 hominum
978 3625 1297 3704 memoriam
1352 3624 1580 3687 audivit,
1625 3625 1890 3694 virginem

325 3717 552 3764 matrem
586 3709 796 3764 fuisse?
829 3709 883 3762 Si
942 3711 1066 3779 quis
1103 3713 1235 3764 mibi
1280 3730 1440 3766 unum
1495 3714 1744 3783 proferre
1801 3730 1896 3780 p0-

324 3802 465 3863 terit,
500 3800 552 3854 in
579 3800 722 3853 nulla
753 3815 808 3854 re
823 3785 932 3853 tibi
959 3802 1071 3867 jam
1095 3804 1444 3858 adversabor.
1491 3822 1510 3854 ι
1556 3803 1889 3872 Imperator:

323 3909 346 3945 ι
388 3891 603 3956 Pulcre,
663 3892 860 3961 inquit,
914 3893 1056 3946 istud
1131 3895 1287 3949 dicis.
1347 3895 1588 3950 Ostende
1621 3906 1677 3950 tu
1759 3898 1890 3950 mihi

317 3985 482 4037 alium
515 3982 683 4036 Deum
717 3985 783 4036 de
813 3985 952 4038 coelo
1010 3986 1314 4052 proi'ecunn
1348 3997 1400 4039 et
1464 4001 1697 4055 corpore
1729 3989 1890 4041 indu-

319 4081 472 4128 tum:
504 4080 558 4126 et
585 4087 686 4142 ego
733 4073 830 4126 tibi
890 4074 1201 4134 ostendam,
1265 4090 1429 4142 quam
1468 4085 1524 4129 tu
1580 4077 1885 4144 desideras,

315 4163 609 4231 virginem,
661 4179 783 4231 qua:
812 4180 933 4216 eum
971 4164 1259 4231 pepererit.
1300 4165 1495 4220 Verum
1557 4170 1703 4222 enim
1761 4187 1890 4223 Vero

313 4259 574 4324 quoniam
629 4257 786 4313 ﬁdem
839 4266 889 4310 te
941 4257 1254 4310 habiturmn
1311 4259 1607 4326 polliceris,
1673 4262 1720 4316 si
1765 4263 1888 4331 quis

312 4349 458 4402 aliud
488 4349 667 4402 simile
716 4348 921 4402 factum
977 4349 1457 4416 demonstraverit,
1488 4353 1885 4408 admittendum

313 4442 408 4494 tibi
450 4441 732 4495 eritetiam
773 4442 1004 4509 primum
1041 4440 1143 4494 hoc
1189 4450 1242 4494 et
1271 4442 1494 4497 unicum
1548 4449 1880 4513 exemplum,

2016 1968 2174 2030 αὖθις
2231 1968 2354 2022 κατ’
2382 1970 2564 2036 ὀλίγον
2616 1971 2928 2036 ἐκτιθέντες
2969 1974 3284 2040 σκοπῶμεν.
3323 1994 3338 2025 ι
3394 1975 3598 2044 Προσέ-

2015 2059 2139 2112 θετο
2198 2061 2406 2131 Κύριος
2460 2062 2695 2132 λαλῆσαι
2745 2066 2824 2133 τῷ
2865 2065 3064 2134 Ἀχαζ,
3117 2066 3324 2133 λέγων⁸
3361 2059 3595 2136 Αἴτησαι

2014 2152 2227 2223 σεαυτῷ
2269 2153 2498 2225 σημεῖον
2546 2155 2696 2226 παρὰ
2722 2158 2929 2228 Κυρίου
2962 2160 3053 2211 τοῦ
3084 2159 3219 2212 Θεοῦ
3256 2177 3349 2212 σου
3390 2163 3470 2223 είς
3500 2161 3592 2228 βά·

2012 2244 2167 2314 θοςῆ
2215 2247 2295 2309 είς
2334 2245 2491 2316 ὕψος.
2533 2249 2644 2302 Καὶ
2695 2241 2848 2302 εἴπεν
2882 2251 3097 2320 Ἀχαζ·
3131 2253 3207 2304 Οὐ
3258 2253 3332 2323 μὴ
3381 2255 3597 2320 αἰτήσω

2011 2336 2120 2388 οὐδ’
2171 2337 2234 2390 οὐ
2288 2337 2366 2407 μὴ
2421 2327 2673 2409 πειράσω
2723 2341 2952 2410 Κύριον.
2995 2360 3013 2392 ι
3063 2340 3355 2407 Ἐξετάσαι
3410 2344 3595 2395 τοίνυν

2012 2427 2230 2494 πρῶτον
2269 2427 2500 2493 δίκαιον,
2539 2429 2624 2492 τίς
2659 2423 2788 2500 ἦνῆ
2835 2430 2984 2482 αίτίοι
3014 2430 3111 2500 τῆς
3143 2425 3451 2501 τοῦ””“Ἀχαζ
3487 2450 3591 2485 παι

2013 2518 2218 2586 ρακοῆς
2250 2518 2390 2571 ὥστε
2420 2521 2492 2589 μὴ
2525 2520 2751 2588 θελῆσαι
2784 2523 3006 2590 ποιῆσαι
3032 2526 3098 2574 τὰ
3133 2525 3590 2593 προστεταγμένα

2011 2611 2160 2680 παρὰ
2185 2610 2342 2665 Θεοῦ.
2366 2613 2553 2680 Φαμὲν
2587 2613 2649 2682 δὴ
2675 2614 2767 2667 οὖν
2803 2615 2879 2678 ὡς
2909 2615 3199 2684 ἄνθρωπος
3249 2617 3326 2668 ὧν
3360 2620 3590 2686 ματαιό-

2008 2719 2132 2769 τητι
2165 2704 2257 2755 καὶ
2282 2705 2510 2774 ἀπονοία
2542 2705 2858 2774 συνεζηκὼς
2888 2710 2982 2759 καὶ
3013 2711 3104 2761 ἐπὶ
3131 2708 3586 2780 ψευϐοπροφὴτας

2009 2795 2102 2845 καὶ
2132 2797 2544 2864 χρησμολόγους
2586 2803 2679 2851 καὶ
2718 2801 2997 2863 τοιούτους
3040 2803 3372 2871 ἀγυρτικοὺς
3425 2821 3582 2874 κεχη-

2008 2882 2113 2946 νὼς
2156 2884 2522 2955 ὑπερφρονεῖν
2557 2890 2654 2940 οὐκ
2707 2888 2873 2942 ὤκνει
2922 2891 3032 2943 τῶν
3084 2891 3245 2944 θείων
3279 2895 3588 2963 ὲπιταγμὰη

2006 2993 2133 3030 των·
2154 2977 2278 3030 ὅθεν
2301 2981 2361 3032 τὸ
2380 2984 2858 3052 καταφρονητικὸν
2887 2984 3053 3036 οίονεὶ
3077 2986 3170 3036 καὶ
3194 2985 3294 3055 τὴν
3313 2986 3584 3040 ἀναίδειαν

2016 3069 2246 3133 Ἡσαΐας
2275 3071 2550 3137 ὀνειδίζων
2586 3077 2797 3127 ἐκείνου
2824 3092 2836 3107 ·
2878 3093 2896 3127 ι
2940 3077 3038 3129 Διά
3076 3077 3255 3141 τοῦτο,
3295 3079 3446 3146 φησὶ,
3477 3078 3583 3131 δώ·

2009 3177 2090 3211 σει
2128 3159 2331 3232 Κύριος
2373 3163 2530 3224 αὐτὸς
2569 3166 2818 3234 σημεῖον,
2861 3185 2879 3216 ι
2923 3165 2985 3217 Ὀ
3018 3166 3349 3227 ἀποστείλας
3392 3184 3456 3233 με
3489 3167 3584 3234 δη-

2001 3252 2178 3306 λονότι
2229 3254 2365 3323 πρὸς
2418 3256 2478 3308 σὲ
2517 3255 2606 3308 τὸν
2665 3257 2897 3330 βέϐηλόν
2939 3276 2994 3311 τε
3048 3261 3144 3312 καὶ
3193 3259 3452 3330 δυσσεϐῆ,
3489 3259 3582 3311 τὸν

1998 3444 2167 3487 totum
2202 3435 2370 3495 diem.
2417 3439 2619 3507 inquit,
2653 3439 2904 3508 protendi
2971 3457 3164 3496 manus
3221 3442 3284 3494 ad
3319 3442 3574 3510 populum

1999 3524 2340 3580 incredulum
2413 3540 2466 3582 ct
2531 3533 3016 3585 contradicentem.
3069 3551 3087 3584 ›
3176 3533 3230 3585 In
3316 3534 3577 3590 omnibus

1998 3617 2143 3672 enim
2206 3623 2273 3675 de
2347 3622 2567 3680 Christo
2629 3627 2929 3689 vaticiniis,
2983 3643 3108 3683 eum
3170 3630 3576 3686 evidentissima

1994 3707 2104 3762 sint
2134 3721 2185 3765 et
2226 3716 2597 3780 apertissima,
2650 3717 2948 3771 furentium
3022 3722 3196 3773 instar
3235 3723 3418 3789 agitis,
3459 3724 3573 3790 qui,

1993 3799 2109 3854 vias
2137 3801 2292 3855 tritas
2345 3805 2708 3865 declinantes.
2751 3821 2847 3874 per
2909 3823 3071 3875 rupes
3125 3823 3268 3872 smne
3298 3825 3355 3863 se
3407 3811 3576 3878 proji--

1995 3892 2180 3957 ciunt;
2243 3893 2294 3948 id
2321 3911 2404 3961 iue
2444 3897 2640 3963 magis,
2701 3915 2862 3965 quam
2909 3899 2959 3951 in
3021 3901 3248 3969 reliquis
3301 3903 3488 3968 rebus,
3522 3903 3572 3957 in

1993 3979 2114 4042 hac,
2143 3983 2208 4036 de
2239 3999 2343 4053 qua
2385 3995 2506 4037 cum
2542 3983 2776 4041 maxime
2836 4001 3018 4043 si-rmo
3074 4002 3175 4055 est,
3210 3995 3420 4048 caeteris
3453 3998 3576 4050 evi-

1991 4073 2260 4127 dentiore.
2305 4073 2502 4127 Verum
2537 4078 2682 4129 enim
2731 4093 2857 4133 vero
2903 4081 3066 4150 paulo
3102 4083 3265 4140 altius
3327 4103 3443 4139 eam
3484 4105 3572 4143 re-

1990 4164 2260 4231 petamus,
2297 4175 2354 4217 ut
2386 4166 2512 4232 quid
2561 4169 2826 4237 propheta
2879 4172 3026 4226 dicat
3062 4184 3114 4228 et
3149 4175 3215 4229 de
3251 4180 3452 4246 quibus
3484 4183 3570 4235 di-

1989 4268 2095 4315 cat,
2155 4255 2355 4310 clarius
2422 4260 2839 4326 perspiciamus.
2907 4281 2926 4315 ι
2986 4263 3290 4332 Mandavit,
3350 4271 3569 4341 inquit,

1993 4343 2298 4411 Dominus,
2360 4358 2416 4402 ut
2469 4351 2748 4406 Achazum
2812 4356 3142 4425 appellarem
3200 4360 3286 4415 his
3346 4365 3568 4422 verbis:

1990 4437 2190 4508 Expete
2226 4441 2318 4495 tibi
2353 4443 2568 4513 signum
2602 4460 2631 4499 a
2660 4444 2913 4514 Domino,
2948 4448 3059 4505 Deo
3089 4460 3206 4515 tuo,
3264 4456 3379 4510 sive
3439 4475 3566 4527 pro-

311 4533 750 4603 quandoqnidem
777 4535 1028 4587 necillud
1052 4534 1118 4586 ad
1137 4535 1284 4587 aliud
1312 4538 1510 4603 poterit
1528 4538 1881 4601 referri,cum
1919 4543 1963 4606 ι)
1992 4532 2240 4596 fumium,
2279 4536 2393 4589 Sive
2442 4537 2694 4593 sublime.
2747 4539 3050 4612 Respondit
3112 4546 3388 4611 Acbazus,
3446 4551 3563 4608 Non
3657 4537 3666 4542 ’

311 4626 547 4694 primum
573 4625 664 4678 sit.
695 4624 800 4677 Sed
833 4627 1114 4678 mittamus
1141 4632 1263 4689 hoc,
1292 4639 1458 4696 atque
1485 4638 1600 4683 tute
1629 4646 1774 4684 nunc
1801 4648 1886 4684 me

308 4718 462 4780 doce,
489 4715 763 4784 quomodo
803 4715 973 4770 Moses
1006 4725 1188 4782 patres
1225 4727 1437 4772 vestros
1464 4734 1560 4787 per
1589 4736 1740 4774 mare
1775 4721 1884 4774 Ru-

309 4808 464 4860 brum
501 4807 860 4860 trans-lucere
903 4807 1158 4875 potuerit,
1194 4815 1249 4860 et
1303 4823 1334 4861 e
1381 4824 1516 4864 saxo
1559 4810 1882 4879 proﬂuxerit

306 4907 450 4953 tanta
488 4915 642 4970 aquae
677 4902 854 4966 copia,
887 4909 1088 4968 quanta
1116 4900 1181 4953 ad
1219 4899 1530 4954 satiandum
1563 4903 1876 4957 universum

303 4992 560 5060 pupulum
589 5003 723 5044 satis
756 5001 934 5056 esset;
965 4993 1242 5060 quomodo
1277 5006 1403 5046 arca
1429 5001 1459 5047 a‘
1495 4993 1878 5051 sacerdotibus

300 5093 535 5152 portata,
569 5082 793 5135 illiinine
827 5080 1082 5135 Jordanis
1135 5082 1338 5145 diviso,
1375 5098 1468 5149 per
1508 5083 1718 5136 siccum
1784 5086 1876 5136 de-

300 5180 404 5231 lata
434 5178 538 5244 sit;
585 5176 859 5244 quomodo
896 5174 1278 5229 Jerichnntina
1341 5175 1540 5228 mmnia
1598 5189 1869 5229 concussa

298 5269 428 5330 sint,
465 5276 518 5322 ιιι
543 5261 680 5337 pelle
717 5267 846 5319 ovili
896 5266 1195 5320 Jordhnem
1239 5281 1426 5322 rursus
1471 5266 1701 5321 Elisazus
1746 5284 1868 5336 per-

299 5357 529 5423 ruperit,
562 5368 636 5422 et,
681 5367 924 5422 separata
960 5357 1218 5424 utrinque
1257 5372 1422 5424 aqua,
1482 5358 1863 5418 ambulaverit,

298 5464 393 5514 per
419 5447 626 5500 aii-iam
682 5455 904 5498 terram.
954 5440 1094 5497 Num
1143 5445 1279 5519 anid
1326 5445 1521 5499 horum
1559 5447 1607 5500 vi
1661 5460 1865 5503 natura:

296 5539 494 5591 factum
529 5554 650 5592 esse
682 5538 786 5592 diei
811 5545 985 5604 poti-st
1010 5536 1031 5588 ?
1058 5535 1308 5604 profecto
1329 5551 1435 5590 non
1471 5549 1671 5606 potest.
1697 5539 1861 5607 Atqui

291 5631 338 5684 si
398 5631 489 5683 illa
525 5645 688 5697 supra
725 5639 972 5682 naturam
1007 5638 1156 5691 sunt,
1206 5643 1304 5682 nec
1361 5630 1593 5683 alterum
1650 5631 1716 5685 de
1752 5632 1861 5684 vir-

291 5721 416 5790 gii-e
448 5732 653 5776 natura:
684 5719 1022 5775 conveniens
1063 5729 1164 5773 est.
1193 5720 1459 5774 Caeterum
1492 5724 1560 5775 ab
1597 5724 1857 5776 incredu-

291 5813 438 5866 litate
471 5815 605 5866 bene
636 5831 729 5867 vos
762 5814 959 5869 notavit
1009 5811 1402 5881 grandiloquus
1438 5812 1609 5869 isaias
1637 5833 1649 5872 :
1693 5796 1729 5866 αἱ
1755 5815 1855 5869 l‘cr

1988 4633 2257 4691 expetam,
2290 4644 2387 4681 nec
2420 4629 2637 4684 temabo
2675 4629 2987 4690 Dominum.
3047 4637 3295 4696 Perrexit
3352 4645 3516 4700 Isaias
3547 4631 3560 4703 έ

1989 4713 2197 4771 IdcirCu
2257 4719 2518 4775 Dmninus
2556 4726 2669 4794 ipse
2728 4726 2883 4782 dabit
2935 4730 3088 4787 vobis
3139 4733 3378 4803 signum.
3424 4735 3566 4796 Ecce

1986 4809 2136 4880 virgo
2173 4815 2466 4880 concipiet,
2514 4828 2562 4870 et
2605 4817 2780 4886 pariet
2814 4821 3011 4887 lilium,
3048 4835 3102 4879 et
3155 4830 3427 4886 vocabunt
3461 4851 3564 4886 no-

1984 4918 2104 4956 men
2135 4905 2252 4974 ejus
2287 4905 2659 4964 Emanuelem.
2696 4909 2897 4982 Bntyro
2925 4915 3087 4969 boum
3121 4929 3173 4971 et
3206 4920 3346 4975 lacte
3372 4926 3558 4980 ovium

1979 4998 2033 5046 et
2073 4994 2229 5048 melle
2263 5007 2532 5063 ves-celur,
2567 5011 2859 5071 antequam
2911 5008 3123 5062 noverit
3156 5010 3237 5064 vel
3294 5030 3562 5081 [ποιηματι-

1980 5081 2056 5136 bit
2087 5086 2310 5149 malum,
2347 5098 2441 5140 aut
2473 5090 2634 5155 eliget
2670 5093 2870 5148 bonum
2903 5112 2918 5162 ;
2951 5101 3208 5167 quoniam
3233 5119 3558 5178 priusquam

1976 5175 2157 5230 infans
2182 5178 2502 5248 dignoscere
2535 5183 2723 5238 didicit
2755 5187 2894 5242 bena
2927 5193 3007 5245 vel
3032 5175 3453 5266 mala,pravitas
3480 5204 3559 5254 ta-

1973 5284 2098 5321 cere
2133 5280 2368 5338 recusat,
2407 5275 2548 5340 quod
2577 5275 2778 5332 bonum
2805 5291 2938 5334 est.)
2969 5282 3087 5338 Jam
3119 5303 3264 5342 nunc
3293 5291 3361 5344 ab
3399 5293 3555 5346 initio

1971 5357 2182 5427 singula
2249 5373 2560 5428 repetamus
2619 5370 3161 5446 consideremusqne.
3213 5397 3230 5429 ι
3279 5381 3553 5435 Manilaiit

1970 5447 2253 5514 Dominus,
2292 5462 2351 5506 ut
2382 5455 2657 5511 Achazum
2696 5463 3024 5530 appellarem
3055 5469 3141 5523 bis
3193 5471 3407 5526 verbis:
3445 5473 3550 5526 Ex-

1968 5553 2090 5608 pete
2121 5541 2218 5594 tibi
2254 5545 2470 5612 signum
2508 5562 2537 5601 a
2579 5548 2833 5618 Domino,
2875 5555 2982 5624 Deo
3021 5567 3136 5622 tuo,
3175 5561 3288 5612 sive
3324 5565 3552 5628 ιιι-οίιιιιο

1967 5631 2093 5686 dum
2115 5634 2228 5689 sive
2251 5638 2508 5692 sublime.
2529 5636 2833 5711 Respondit
2850 5648 3118 5714 Acbazus,
3143 5651 3257 5705 Non
3277 5666 3548 5723 expetam,

1966 5741 2065 5780 nec
2119 5728 2340 5780 tentaho
2400 5728 2714 5788 Dominum.
2755 5754 2774 5785 ι
2841 5737 3082 5808 Equum
3147 5751 3251 5807 est,
3312 5746 3544 5813 primum

1967 5833 2066 5871 nos
2097 5833 2316 5872 causam
2374 5822 2685 5891 exquiro'e,
2721 5840 2819 5881 cur
2877 5842 2985 5884 non
3026 5832 3329 5890 obediverit
3368 5838 3536 5894 Acha-
