4066 6296
505 347 615 406 775

1709 347 2041 406 GEORGII
2073 344 2497 405 PHRANTZIF

3662 348 3774 409 7'75

503 457 993 528 κατορχησάμενον
1027 457 1133 509 τῶν
1177 456 1343 510 θείων
1392 455 1811 524 ἐπιταγμάτων.
1845 456 1936 525 Μὴ
1971 457 2080 522 γὰρ
2110 461 2156 518 Α
2186 455 2282 507 καὶ
2302 432 2484 517 πέρας
2511 454 2661 522 ἔσχε,
2695 453 2798 508 κᾶν
2834 455 2991 524 ὑμεῖς
3017 455 3248 524 τάληθὲς
3279 458 3504 527 σαθροῖς
3534 461 3650 514 τισὶ
3678 462 3775 514 λό’

505 552 570 621 δὴ
609 551 835 620 νομίσας
869 550 1028 619 168
1070 548 1407 601 ἀπεστάλθαι
1441 564 1515 617 με
1561 548 1700 616 πρὸς
1734 548 1792 599 σὲ
1833 547 1909 610 ὼς
1937 547 2085 611 ἄξιον

507 643 638 694 ὅντα
664 656 678 671 ·
711 641 906 711 πόρρω
935 641 1046 708 γὰρ
1077 635 1127 691 εἷ
1159 640 1222 692 σὺ
1254 639 1351 691 τοῦ
1382 638 1619 700 τοιοῦτος
1661 636 1818 700 εἶναι,
1848 636 1988 690 ὥστε
2023 637 2084 689 οὐ

509 734 604 786 σοῦ
639 750 701 798 γε
737 733 918 793 ἕνεκα,
973 731 1107 784 ἀλλὰ
1152 729 1248 784 τοῦ
1310 732 1459 783 οῐκου
1500 729 1672 782 Ἰούδα
1727 730 1821 781 καὶ
1874 730 2085 782 πάντων

507 823 860 888 ἀπέσταλμαι
893 823 1001 875 τῶν
1025 824 1157 876 υἱῶν
1195 823 1442 892 Ἰσραήλ.
1481 842 1499 872 ι
1543 822 1642 874 Διὰ
1672 820 1831 873 τοῦτο
1857 819 1950 872 οὖν
1981 821 2086 872 δὼ-

508 933 590 967 σει
621 915 823 982 Κύριος
851 915 1016 975 αὐτὸς
1049 915 1182 982 ὑμῖν
1217 918 1465 982 σημεῖον.
1496 914 1631 966 Ἰδοὺ
1670 914 1702 983 ή
1733 912 2004 981 παρθένος
2033 915 2088 964 ὲν

512 1008 710 1073 γαστρὶ
734 1005 966 1074 λήψεται
1001 1009 1097 1060 καὶ
1128 1007 1346 1070 τέξεται
1392 1006 1528 1070 υἱὸν,
1573 1007 1670 1058 καὶ
1711 1005 1999 1058 καλέσουσι
2026 1005 2088 1057 τὸ

505 1096 680 1154 ὄνομα
741 1099 1314 1167 αὑτοῦἘμμανουήλ.
1356 1118 1372 1149 ι
1419 1097 1482 1150 Εἰ
1536 1098 1654 1165 μὲν,
1715 1097 1788 1158 ὡς
1842 1098 1905 1148 σὺ
1959 1096 2086 1167 φῂς,

510 1191 695 1240 νεᾶνιν
723 1192 751 1241 6
780 1192 1073 1258 προφήτης
1104 1191 1411 1256 προῦλεγεν
1439 1190 1495 1240 ὲν
1531 1191 1732 1257 γαστρὶ
1763 1189 1911 1254 ἕξειν
1942 1189 2084 1255 ὡμι-

508 1279 744 1343 ληκυῖαν
781 1280 960 1348 ἀνδρὶ.
1019 1281 1245 1347 μάταιον
1276 1276 1344 1347 ἦν
1378 1279 1620 1348 ἀτεχνῶς
1670 1279 1766 1331 καὶ
1808 1280 1929 1332 λίαν
1961 1279 2089 1332 ἁλό-

511 1388 698 1436 γιστον
733 1372 793 1423 τὸ
849 1374 1076 1439 σημεῖον
1119 1372 1278 1424 τοῦτο
1331 1372 1541 1425 καλεῖν.
1579 1374 1742 1424 Ἀνευ
1782 1371 1838 1423 δὲ
1896 1371 2087 1424 τούτου

517 1465 697 1515 καὶτὸ
732 1461 938 1528 νεᾶνις
962 1463 1080 1515 ἀντὶ
1111 1463 1206 1514 τοῦ
1251 1464 1547 1530 παρθένος
1579 1464 1831 1531 εὑρήσεις
1864 1463 2090 1530 ἐφιστὰς

516 1554 574 1604 ὲν
594 1553 670 1620 τῷ
690 1554 1118 1622 Δευτερονομίῳ.
1141 1554 1277 1622 Φησὶ
1298 1554 1407 1621 γὰρ
1428 1554 1502 1612 ὼς
1535 1570 1552 1603 ι
1584 1552 1692 1605 Εάν
1720 1570 1805 1616 τις
1835 1553 2089 1621 βιάσηται

514 1649 571 1696 ὲν
596 1644 670 1710 τῷ
695 1646 862 1712 πεδίῳ
891 1646 1125 1705 νεάνιδα,
1143 1664 1160 1695 ι
1190 1647 1454 1714 παρθένον
1479 1645 1678 1712 δηλαδή
1706 1661 1719 1674 ·
1751 1645 1983 1714 ἀλλαχοῦ
2009 1645 2086 1710 δὲ,

523 1755 540 1786 ι
565 1735 694 1790 Ἐάν
724 1753 806 1796 τις
838 1733 974 1805 εὕρῃ
1008 1737 1108 1798 τὴν
1136 1738 1300 1788 παῖδα
1326 1739 1426 1803 τὴν
1466 1737 1956 1805 μεμνηστευμένην
1995 1740 2088 1788 καὶ

2188 561 2305 610 γοις
2329 545 2424 597 καὶ
2456 544 2804 609 ἅσυστάτοις,
2832 546 3166 616 οἰκειότερον
3195 549 3252 601 δὲ
3281 551 3460 603 εἰπεῖν
3492 553 3774 621 ἀνοήτοις,

2188 636 2546 704 περιτρέπειν
2581 637 2937 705 ἐπιχειρεῖτε.
2979 638 3166 701 Ἀξιον
3201 639 3257 692 δὲ
3292 641 3431 709 μηδὲ
3466 642 3626 696 τοῦτο
3659 659 3774 696 πα-

2189 727 2476 797 ρατρέχειν
2497 729 2568 791 ὡς
2597 729 2644 780 εἰ
2669 729 2744 798 μὴ
2767 731 2823 781 ἐν
2851 732 2916 798 τῇ
2947 731 3202 800 παρθένῳ
3231 716 3420 804 Μαρία
3453 734 3513 786 τὸ
3540 739 3776 804 σημεῖον

2189 818 2379 890 εἴληφε
2439 821 2634 889 πέρας,
2679 821 2794 882 πῶς
2830 821 2888 886 ἐξ
2939 822 3107 892 αὐτῆς
3157 826 3185 877 6
3217 828 3622 895 γεγεννημένος
3673 831 3780 883 οὐκ

2189 913 2252 964 ὲκ
2308 911 2622 982 θελήματος
2681 913 2885 981 σαρκὸς
2932 915 3051 967 οὐδὲ
3092 918 3156 968 ὲκ
3209 913 3516 986 θελήματος
3550 922 3774 988 ἀνδρὸς,

2192 1002 2308 1056 ἀλλ’
2337 1007 2400 1056 ἐκ
2456 1004 2771 1071 Πνεύματος
2803 1005 2966 1072 ἁγίου
3017 1009 3158 1060 κατὰ
3191 1008 3253 1060 τὸ
3295 1013 3628 1078 προφητικὸν
3684 1012 3778 1062 2.6-

2189 1111 2308 1159 γιον
2367 1095 2721 1165 Ἐμμανουήλ
2761 1095 3079 1167 ὠνομάσθη,
3128 1101 3297 1170 ήγουν
3353 1101 3488 1155 Μεθ’
3525 1103 3688 1172 ἡμῶν
3747 1105 3777 1156 6

2189 1184 2356 1246 Θεός;
2388 1185 2420 1257 ἦ
2468 1187 2710 1256 δηλονότι
2744 1189 2772 1240 6
2811 1189 2944 1251 Θεὸς
2978 1191 3133 1242 ἔσται
3172 1191 3290 1260 μεθ’
3323 1194 3481 1260 ήμῶν
3528 1194 3641 1245 τῶν
3679 1197 3778 1247 ἀν-

2191 1276 2448 1345 θρώπων,
2489 1280 2658 1347 ήγουν
2705 1281 2894 1347 ὅμοιος
2952 1283 3084 1349 ἡμῖν
3137 1283 3428 1350 ἄνθρωπος
3474 1285 3625 1338 ἔσται
3673 1289 3778 1338 καὶ

2189 1371 2324 1432 Θεὸς
2351 1375 2377 1424 6
2411 1371 2572 1435 αὐτὸς
2597 1373 2879 1442 ὑπάρχων.
2914 1373 3187 1435 Ὡσαύτως
3216 1377 3268 1427 δὲ
3299 1377 3394 1429 καὶ
3427 1378 3513 1430 διὰ
3537 1378 3631 1429 τοῦ
3665 1375 3776 1430 aca-

2190 1463 2455 1518 λέσουσι
2474 1468 2573 1530 τὴν
2597 1465 2808 1530 πληθὺν
2828 1467 3008 1518 πᾶσαν
3031 1467 3220 1534 εἴρηκε
3249 1467 3356 1520 τῶν
3388 1468 3718 1536 ἀνθρώπων,
3744 1467 3776 1520 δ

2191 1555 2288 1605 καὶ
2316 1554 2581 1620 ἐγεγόνει.
2628 1552 2852 1617 Τούτοις
2883 1553 2940 1606 δὲ
2988 1555 3081 1606 καὶ
3111 1555 3180 1607 τὰ
3211 1556 3278 1606 ἐν·
3309 1556 3385 1622 τῷ
3423 1555 3636 1624 Βαροίιχ
3672 1553 3774 1607 τοῦ

2201 1645 2476 1714 Ἰερεμίου
2516 1647 2834 1700 παντάπασι
2867 1648 3174 1714 συμφωνεῖο
3215 1643 3383 1706 Οὗτος
3408 1646 3537 1714 γὰρ,
3576 1645 3774 1715 φησιν,

2198 1756 2216 1789 ι
2244 1740 2270 1788 6
2299 1738 2432 1799 Θεὸς
2463 1738 2646 1806 ήμῶν,
2679 1738 2738 1790 οὺ
2769 1737 3160 1806 λογισθήσεται
3181 1737 3372 1807 ἕτερος
3403 1739 3537 1805 πρὸς
3566 1737 3770 1788 αὐτόν·

521 1826 858 1893 βιασάμενος
913 1816 1148 1895 γόιμηθῇ
1205 1829 1321 1894 μετ’
1359 1827 1550 1892 αὐτῆς,
1607 1828 1956 1879 ἀποκτενεῖτε
2001 1826 2090 1880 τὸν
2121 1811 2165 1872 Β
2199 1829 2385 1898 ἐξεῦρε
2417 1831 2582 1881 πᾶσιν
2611 1830 2728 1881 ὁδὸν
2764 1830 3098 1898 ἐπιστήμης,
3129 1848 3146 1881 ι
3181 1829 3385 1882 ὡσανεὶ
3409 1827 3615 1894 ἔλεγεν,
3640 1822 3769 1879 uta:

515 1919 809 1987 ἄνθρωπον
851 1918 1034 1984 μόνον,
1072 1916 1167 1969 καὶ
1199 1919 1263 1985 τῇ
1296 1917 1498 1969 νεάνιδι
1537 1917 1597 1968 οὐ
1629 1919 1889 1986 ποιήσετε
1918 1919 2090 1973 οὐδέν.

525 2009 635 2060 Καὶ
658 2011 684 2059 ὁ
714 2008 954 2077 Ἔσδρας
982 2009 1038 2061 δὲ
1076 2009 1294 2061 νεάνιδα
1324 2009 1481 2062 καλεί
1510 2009 1610 2079 τὴν
1635 2009 1713 2079 τῷ
1747 2010 1960 2079 βασιλεῖ
2002 2011 2096 2063 καὶ

519 2102 780 2171 προφήτῃ
821 2102 985 2154 Δαδὶδ
1037 2103 1378 2172 γεγηρακότι
1434 2087 1895 2172 συγκοιμωμένην
1951 2121 2094 2174 παρ-

461 2235 467 2240 .
519 2193 698 2255 θένον,
734 2195 768 2264 ἢ
819 2195 1199 2263 περιθάλψεως
1245 2196 1398 2264 αὐτῷ
1437 2196 1600 2265 χάριν
1633 2196 1738 2249 ὑπὸ
1771 2199 1968 2264 γήρεος
1991 2215 2096 2251 κα-

517 2286 850 2357 τεψυγμένῳ
893 2289 1260 2355 συνεκοιμᾶτο
1306 2290 1399 2340 καὶ
1426 2289 1580 2341 οὐδὲν
1611 2289 1801 2358 ἔτερόν
1832 2307 1907 2342 τι.
1958 2291 2100 2356 Φησὶ

518 2377 628 2446 γὰρ
659 2380 738 2430 ὅτι
771 2379 865 2430 καὶ
890 2379 989 2430 οὐκ
1019 2377 1161 2444 ἔγνω
1193 2378 1401 2447 ταύτην
1433 2382 1462 2432 6
1512 2379 1792 2449 βασιλεὺς.
1825 2380 1980 2432 Ἐπεὶ
2016 2382 2095 2448 δὲ,

503 2465 710 2540 ’ὥσπερ
743 2469 991 2536 εἴπομεν.
1039 2472 1134 2523 καὶ
1172 2472 1233 2524 τὸ
1265 2473 1551 2524 συλλαϐεῖν
1593 2475 1832 2538 γυναῖκα
1880 2489 2100 2539 συγκοιο

526 2565 787 2633 μωμένην
820 2565 974 2632 ἀνδρὶ
1007 2566 1196 2618 καινὸν
1221 2565 1374 2618 οὐδὲν
1398 2560 1486 2635 ἦν,
1526 2565 1649 2619 οὐδὲ
1692 2569 1920 2634 σημεῖον
1953 2566 2098 2618 εἰκό-

519 2677 626 2721 τως
659 2659 802 2712 τοῦτ’
835 2661 900 2713 ἂν
955 2661 1213 2713 ἐκάλεσεν
1254 2664 1280 2714 6
1311 2664 1618 2731 προφήτης,
1661 2661 1911 2715 λείπεται
1941 2661 2100 2714 τοῦτο

511 2750 766 2817 νομίζειν
819 2752 984 2804 αὑτὸν
1041 2754 1322 2823 εἰρηκέναι
1377 2755 1602 2822 σημεῖον
1649 2753 1897 2806 δεδόσθαι
1950 2753 2101 2820 παρὰ

520 2841 681 2904 Θεοῦ,
729 2843 790 2895 τὸ
826 2843 1095 2913 παρθένον
1130 2845 1259 2899 ἄνευ
1295 2845 1484 2915 ἀνδρὸς
1526 2848 1742 2899 τεκεῖν·
1774 2847 1802 2898 ὂ
1845 2845 2004 2917 169
2036 2848 2100 2916 δὴ

523 3036 644 3086 zns,
676 3036 774 3073 nec
805 3020 984 3074 facere
1013 3022 1265 3086 voluerit,
1298 3022 1442 3091 quod
1475 3037 1506 3076 a
1551 3022 1659 3074 Deo
1691 3021 1739 3077 ei
1778 3024 2096 3076 mandatum

523 3121 661 3166 crat.
693 3113 1042 3166 Arbitrantur
1097 3113 1280 3182 igitur,
1345 3129 1492 3178 eum,
1545 3114 1689 3181 quod
1733 3116 1894 3167 homo
1949 3119 2095 3167 esset

2197 1921 2376 1972 πᾶσαν
2429 1921 2747 1989 ἐπιστήμην
2797 1921 2873 1982 ὡς
2925 1920 3228 1986 αὑτοσοφία
3270 1919 3367 1984 ὢν,
3416 1923 3510 1974 καὶ
3561 1924 3772 1984 πάντας

2189 1996 2322 2076 ἶτοὺς
2348 2015 2538 2082 λόγους
2571 2015 2748 2068 αὐτῶν
2786 2014 2862 2074 ὡς
2890 2015 3230 2085 δημιουργὸς
3259 2015 3447 2068 αὐτῶν
3479 2014 3576 2076 ὢν,
3623 2034 3641 2066 ι
3678 2016 3772 2067 καὶ

2198 2106 2398 2160 ἔδωκεν
2451 2108 2622 2177 αὐτὴν
2668 2107 2869 2160 Ἰακὼὸ
2923 2108 3000 2175 τῷ
3037 2108 3189 2160 παιδὶ
3240 2106 3431 2169 αὑτοῦ,
3471 2125 3489 2158 ι
3525 2107 3643 2174 ἦτοι
3692 2107 3770 2177 τῷ

2196 2199 2366 2270 δούλῳ
2391 2199 2578 2266 αὑτοῦ,
2619 2220 2638 2252 ι
2677 2201 2776 2252 καὶ
2810 2200 3032 2268 Ἰσραὴλ
3061 2199 3138 2270 τῷ
3171 2201 3520 2270 ήγαπημένῳ
3549 2200 3642 2252 ὑπ’
3667 2200 3769 2252 αὑ-

2196 2293 2324 2344 τοῦο
2356 2291 2495 2360 μετὰ
2544 2292 2600 2344 δὲ
2657 2289 2834 2344 ταῦτα
2880 2293 2974 2344 ἐπὶ
3007 2292 3107 2358 τῆς
3163 2292 3268 2361 γῆς
3313 2289 3470 2361 ὤφθη
3519 2292 3616 2345 καὶ
3655 2293 3771 2354 τοῖς

2197 2384 2510 2452 ἀνθρώποις
2547 2385 2985 2453 συνανεστράφη.
3024 2402 3042 2430 ι

2268 2474 2427 2537 Ξένος
2472 2477 2694 2546 ἐρωτᾷ·
2749 2495 2768 2528 ι
2804 2476 3050 2546 Μηδενός
3083 2495 3167 2529 πω
3212 2477 3321 2529 τῶν
3363 2479 3419 2543 ἐξ
3473 2477 3692 2540 αἰῶνος,
3725 2473 3768 2531 ὦ

2201 2566 2445 2635 βασιλεῦ.
2503 2567 2808 2637 ἀνθρώπων
2856 2569 2996 2636 ὑπὲρ
3035 2571 3102 2622 τὰ
3140 2571 3288 2640 χίλια
3339 2571 3434 2638 ἔτη
3482 2571 3768 2640 ζήσαντος,

2200 2658 2314 2720 πῶς
2332 2659 2492 2710 αὐτὸν
2515 2661 2605 2710 τὸν
2628 2660 2872 2712 Μεσσίαν
3082 2662 3449 2730 τετρακοσίων
3473 2661 3638 2727 ἐγγὺς
3669 2661 3767 2730 ήδη

2200 2749 2293 2801 καὶ
2327 2749 2516 2818 χιλίων
2551 2751 2957 2820 παρῳχηκότων
2987 2750 3253 2804 ἐνιαυτῶν
3281 2751 3363 2802 ἔτι
3395 2750 3497 2820 ζῇν
3543 2751 3773 2818 ὑπειλή-

2200 2857 2374 2908 φατε;
2413 2841 2702 2896 Ἀδύνατον
2735 2844 2865 2912 γάρ.
2899 2845 2960 2896 Ei
2988 2842 3032 2896 δ’
3067 2844 3362 2897 ἀποθανεῖν
3390 2843 3613 2914 φαίητε,
3641 2841 3776 2913 ψεῦο

2199 3033 2504 3087 parumque
2537 3020 2928 3074 convenienter
2965 3019 3072 3075 hoc
3101 3021 3362 3089 propheta
3423 3022 3638 3092 signum
3674 3036 3771 3076 no-

2201 3113 2507 3166 minaturus
2557 3111 2774 3178 fuisset,
2815 3113 3161 3182 relinquitur,
3192 3126 3250 3168 ut
3304 3124 3578 3184 putenms,
3644 3130 3767 3169 eum

524 3205 764 3257 Vanitate
798 3216 850 3259 et
888 3206 1126 3258 amentia
1157 3206 1481 3268 obstrictus,
1513 3223 1575 3260 ac
1609 3209 2096 3276 pseudoprophetis
2123 3178 2166 3234 ο
2202 3202 2303 3255 hoc
2333 3203 2545 3270 Signum
2579 3217 2608 3256 a
2653 3204 2759 3257 080
2787 3204 2974 3257 “illum
3018 3205 3087 3259 iri
3129 3205 3336 3268 dicere.
3373 3215 3431 3259 ιη
3485 3206 3657 3273 νίῐᾜο.
3688 3204 3771 3257 νί-

523 3305 578 3349 ct
605 3294 845 3350 fatidicis
871 3306 926 3350 et
956 3296 1114 3350 istius
1146 3301 1360 3365 generis
1415 3299 1538 3352 aliis
1575 3301 1964 3368 impostoribns
2015 3301 2100 3354 in-

526 3389 722 3449 hiaret,
756 3389 938 3443 divina
973 3391 1226 3444 mandata
1255 3399 1606 3445 contemnere
1637 3408 1746 3447 non
1779 3403 2096 3448 cunctatum

523 3494 664 3534 esse.
705 3480 856 3534 Unde
897 3481 1085 3544 Isaias,
1125 3483 1470 3537 insolentiam
1515 3485 1675 3537 istam
1717 3495 1772 3538 ct
1809 3485 2098 3552 impuden-

525 3572 730 3626 tiamei
789 3573 1175 3640 exprobrans:
1224 3593 1242 3624 ι
1283 3573 1514 3636 Idcirco,
1567 3574 1768 3642 inquit,
1834 3573 2098 3630 Dominus

523 3662 637 3729 ipse
697 3662 852 3716 dablt
915 3665 1071 3717 vobis
1131 3665 1369 3733 signum.
1414 3683 1431 3714 ι
1493 3664 1595 3729 Qui
1649 3665 1895 3719 videlicet
1951 3667 2100 3719 misit

525 3770 611 3807 me
647 3754 713 3806 ad
756 3765 806 3808 te
841 3755 1127 3822 profanum
1159 3764 1210 3808 et
1241 3755 1465 3823 impium
1492 3768 1546 3808 et
1606 3755 1957 3809 insultantem
2001 3756 2101 3809 im-

520 3846 689 3910 periis
737 3846 957 3901 diriuis.
1015 3845 1127 3898 Noli
1186 3847 1332 3899 enim
1392 3846 1731 3910 existimare,
1801 3863 1886 3901 me
1925 3847 1990 3900 ad
2037 3856 2091 3901 te

525 3937 758 3991 missum
783 3953 926 4002 csse,
955 3939 1082 4007 quia
1111 3938 1309 4008 dignus
1335 3942 1410 3994 sis
1438 3958 1451 3993 :
1487 3941 1714 3993 multum
1777 3939 1952 3994 abest.
1999 3939 2102 3993 Ita-

521 4045 630 4098 que
655 4044 761 4082 non
794 4041 1015 4098 propter
1042 4040 1112 4091 te,
1178 4031 1271 4085 sed
1305 4042 1524 4100 propter
1549 4031 1772 4085 domum
1828 4029 1988 4096 Juda,
2045 4040 2101 4085 et

523 4122 814 4174 universos
854 4121 998 4174 lilios
1033 4121 1197 4176 Israel
1242 4122 1444 4176 missus
1505 4137 1651 4176 sum.
1701 4141 1719 4172 ι
1764 4121 1969 4176 Idcirco
2002 4122 2101 4191 igi-

526 4218 615 4260 tur
646 4207 912 4262 Dominus
951 4208 1067 4276 ipse
1096 4196 1246 4263 dabit
1283 4212 1438 4265 vobis
1468 4212 1703 4278 signum.
1765 4213 1906 4266 Ecce
1948 4214 2100 4283 virgo

519 4302 814 4371 concipiet,
843 4313 896 4356 et
928 4301 1106 4371 pariet
1136 4303 1326 4364 lilium,
1360 4313 1415 4355 et
1438 4304 1708 4356 vocabunt
1736 4318 1932 4356 nomen
1981 4304 2100 4373 ejus

521 4390 954 4448 Ennnanuelem.
996 4411 1015 4443 ι
1057 4391 1214 4457 Quod
1267 4392 1336 4457 si,
1398 4403 1457 4446 ut
1511 4401 1566 4446 tu
1631 4393 1793 4455 dicis,
1837 4395 2100 4462 pr0pheta

2202 3307 2321 3346 rum
2377 3292 2598 3344 minime
2645 3308 2830 3361 passa.
2905 3295 3074 3348 lilium
3138 3295 3364 3349 ederet:
3437 3295 3578 3363 quod
3638 3309 3772 3349 Sane

2199 3389 2454 3430 eventum
2488 3379 2699 3442 habuit,
2755 3384 3114 3449 quantumvis
3173 3399 3269 3438 vos
3313 3385 3588 3438 veritatem
3622 3400 3770 3436 mar-

2202 3470 2336 3524 cidis
2362 3471 2614 3540 maleque
2644 3474 3071 3536 cohaerentibus,
3105 3484 3220 3540 aut,
3261 3486 3319 3529 ut
3343 3475 3511 3528 dicam
3535 3475 3757 3538 rectius,

2199 3561 2416 3614 stolidis
2463 3547 2802 3630 argumentis
2858 3575 3103 3619 evertere
3137 3567 3434 3620 conamini.
3468 3563 3572 3619 Nec
3619 3566 3758 3620 illud

2202 3651 2283 3705 I‘as
2314 3662 2397 3707 est
2463 3667 2566 3706 nos
2627 3654 2929 3722 praeterire,
2982 3651 3085 3710 nisi
3128 3659 3178 3709 in
3219 3658 3428 3726 virgine
3462 3655 3624 3710 Maria
3659 3656 3771 3712 hoc

2201 3744 2416 3812 signum
2455 3756 2708 3798 eventum
2744 3745 3044 3809 habuisset,
3078 3749 3354 3816 quomodo
3392 3763 3456 3800 ex
3487 3767 3548 3800 ea
3587 3759 3772 3813 natus,

2201 3851 2310 3889 non
2344 3851 2410 3890 ex
2465 3837 2743 3890 voluntate
2797 3839 3002 3902 carnis,
3054 3854 3154 3892 nec
3199 3856 3265 3893 ex
3321 3841 3604 3893 voluntate
3651 3839 3767 3904 \‘iri,

2202 3927 2295 3983 sed
2328 3943 2393 3982 ex
2423 3926 2628 3996 Spiritu
2675 3936 2866 3981 sancto
2899 3929 3200 4007 secundum
3242 3929 3520 3997 pr0phetae
3579 3943 3768 3983 oracu-

2204 4021 2314 4074 lum
2381 4030 2610 4075 vocatus
2670 4022 2742 4074 sit
2803 4017 3146 4082 Emmanuel,
3216 4019 3416 4084 idest,
3474 4018 3770 4074 Nobiscum

2202 4112 2801 4181 Deuszquonimirnm
2855 4112 3204 4181 signiﬁcavit,
3263 4111 3433 4166 Denm
3487 4112 3768 4166 nobiscum

2204 4205 2318 4259 fore
2346 4207 2441 4274 qui
2469 4220 2659 4258 sumus
2685 4205 2954 4266 homines,
2987 4205 3101 4259 sive
3150 4204 3380 4258 similem
3415 4205 3572 4258 nobis
3598 4205 3774 4256 lunni-

2206 4313 2325 4350 nem
2356 4296 2472 4350 fore
2500 4292 2564 4349 et.~
2588 4306 2768 4350 tamen
2801 4297 3054 4351 eumdem
3084 4296 3273 4351 Deum.
3303 4295 3460 4360 Quod
3486 4305 3541 4351 et
3570 4295 3772 4350 factum

2202 4397 2305 4440 est.
2355 4385 2501 4438 Idem
2559 4387 2724 4439 verbo
2784 4403 2804 4436 ι
2869 4387 3144 4441 vocabunt
3192 4406 3210 4439 ι
3275 4390 3494 4458 generis
3551 4389 3771 4442 humani

520 4485 1014 4546 adolescentulam,
1048 4499 1252 4538 marem
1284 4498 1525 4556 passam,
1554 4497 1942 4552 coneepturam
1969 4502 2093 4542 esse
2129 4508 2174 4562 υ
2204 4476 2615 4528 universitatem
2671 4477 3037 4544 significavit:
3073 4479 3217 4547 quod
3253 4489 3307 4533 et
3363 4479 3544 4547 ipsum
3578 4491 3771 4533 eventu

522 4578 866 4646 przediccret,
896 4589 1128 4645 prorsus
1155 4574 1397 4644 ineptum
1460 4573 1600 4628 foret
1627 4585 1679 4628 et
1710 4576 1778 4628 ab
1833 4576 1980 4630 omni
2014 4593 2100 4629 ra-

527 4669 676 4722 tione
709 4670 972 4734 alienum,
1033 4667 1177 4722 istud
1243 4668 1459 4730 signum
1495 4667 1794 4735 appellare.
1829 4666 2098 4723 Praeterea

523 4757 988 4813 adolescentulam
1049 4773 1146 4826 pro
1179 4757 1388 4825 virgine
1450 4757 1682 4824 positam
1738 4751 2007 4822 invenies,
2051 4759 2097 4813 si

521 4852 841 4916 attenderis,
875 4852 957 4905 in'
991 4849 1441 4909 Deuteronontio,
1498 4850 1590 4902 ubi
1655 4851 1770 4904 haec
1802 4850 2096 4921 leguntur:

531 4964 550 4995 ι
589 4944 642 4996 Si
668 4948 861 5012 quisin
899 4960 1029 5012 agro
1053 4943 1336 4997 violaverit
1367 4941 1857 5004 adolescentulam,
1887 4963 1906 4996 ι
1941 4945 1991 4999 id
2016 4957 2102 5001 est

525 5034 832 5102 virginem;
899 5042 954 5088 et
1009 5033 1162 5098 alibi,
1232 5050 1250 5084 ι
1302 5033 1358 5085 Si
1421 5033 1545 5101 quis
1595 5033 1868 5088 invenerit
1927 5037 2096 5093 Iiliam

521 5140 784 5193 sponsam
817 5127 980 5193 eique
1009 5126 1058 5177 vi
1089 5122 1231 5176 facta
1266 5124 1648 5181 concubuerit.
1712 5127 1980 5181 nccidetis
2005 5144 2099 5182 so-

523 5220 634 5270 lum
667 5219 964 5278 hominem,
1018 5219 1070 5272 in
1123 5214 1583 5270 adolescentulam
1615 5217 2038 5276 nihilstatnetis.
2073 5242 2091 5274 ι

523 5312 702 5380 Atque
736 5311 936 5364 Esdras
971 5311 1236 5380 virginem
1268 5309 1418 5363 illam
1474 5325 1598 5362 cum
1634 5309 1839 5366 Davide
1888 5330 2012 5382 rege
2045 5326 2098 5368 et

521 5401 786 5470 propheta
815 5402 926 5472 jam
975 5403 1128 5456 senio
1180 5401 1432 5455 conlecto
1490 5404 1804 5467 cubantem,
1864 5421 1972 5459 non
2028 5407 2100 5461 ob

519 5493 688 5557 aliud,
729 5493 830 5548 nisi
866 5505 922 5544 ut
955 5494 1112 5553 annis
1138 5493 1249 5562 jam
1281 5492 1570 5562 frigentem
1625 5489 1853 5560 foveret,
1910 5498 2096 5551 adole-

521 5584 826 5639 scenttdam
857 5595 1034 5640 vocat.
1060 5585 1202 5639 Dicit
1260 5586 1404 5639 enim
1437 5600 1465 5638 ε
1511 5601 1636 5653 rege
1690 5603 1808 5639 eam
1843 5603 1949 5640 non
1991 5587 2095 5640 ini-

523 5683 632 5726 tam
675 5689 816 5730 esse.
853 5674 1123 5741 Queniam
1153 5676 1338 5746 igitur,
1410 5685 1468 5728 ut
1515 5676 1778 5740 diximus,
1831 5675 2092 5730 feminam

517 5780 550 5819 a
602 5765 717 5822 viro
775 5783 1148 5839 compressam
1184 5768 1475 5838 concipere
1529 5766 1663 5820 nihil
1721 5783 1916 5820 novtttn
1959 5781 2090 5834 erat,

2202 4566 2619 4633 comprobatum
2669 4577 2770 4620 est.
2813 4567 2948 4620 Cum
3001 4569 3085 4623 his
3130 4569 3291 4623 etiam
3345 4569 3601 4624 Ieremia
3655 4586 3774 4638 qua:

2200 4663 2330 4708 sunt
2359 4657 2501 4720 apud
2539 4655 2850 4712 Baruchum
2878 4662 3090 4727 penitus
3120 4663 3494 4716 consentiunt.
3528 4663 3579 4715 Is
3605 4665 3775 4728 enim,

2209 4765 2226 4799 ι
2271 4749 2413 4803 Deus
2444 4759 2650 4815 noster,
2683 4751 2876 4818 inquit.
2910 4769 3019 4808 non
3081 4755 3376 4808 habebitur
3425 4757 3679 4811 diversus
3704 4756 3774 4810 ab

2200 4857 2285 4896 eo.
2320 4839 2527 4896 Invenit
2575 4845 2833 4900 omnibus
2862 4851 3003 4901 viam
3041 4848 3306 4910 scientiae,
3349 4867 3368 4902 ι
3422 4849 3580 4918 quasi
3620 4848 3773 4903 dice-

2203 4943 2306 5011 ret,
2365 4935 2519 4988 novit
2549 4949 2770 4990 omnem
2807 4936 3117 5002 scientiam,
3163 4947 3222 4991 ut
3276 4939 3371 5008 qui
3401 4948 3486 4994 est
3542 4942 3660 5009 ipsa
3685 4954 3773 4995 sa-

2200 5029 2438 5096 pientia,
2496 5037 2551 5082 et
2599 5045 2792 5084 omnes
2853 5045 3138 5086 sermones
3197 5047 3410 5094 eorum,
3475 5042 3532 5086 ut
3582 5049 3774 5088 eorum

2199 5119 2473 5179 Conditor,
2514 5137 2532 5170 t
2579 5128 2742 5188 atque
2782 5118 2934 5174 dedit
2977 5137 3096 5175 eam
3123 5121 3329 5177 Jacobo
3379 5139 3548 5193 puero
3595 5140 3721 5190 suo,
3751 5143 3772 5176 ι

2200 5210 2251 5263 id
2277 5219 2380 5272 est,
2409 5225 2570 5264 servo
2601 5225 2720 5275 suo,
2769 5229 2787 5262 ι
2836 5221 2890 5264 et
2920 5209 3104 5266 Israeli
3142 5229 3172 5266 a
3207 5229 3267 5266 se
3317 5215 3518 5268 dilecto
3545 5232 3559 5278 ;
3590 5231 3777 5283 postea

2201 5315 2382 5363 antem
2417 5302 2470 5356 in
2507 5312 2651 5358 terra
2690 5305 2836 5359 visus
2866 5313 2922 5358 et
2961 5321 3086 5360 cum
3119 5306 3438 5362 hominibus
3484 5315 3778 5362 Conversa-

2201 5404 2288 5448 lUS
2311 5405 2414 5448 est.
2454 5412 2473 5445 ι

2270 5487 2456 5542 chus
2489 5485 2844 5557 interrogavit
2871 5507 2886 5543 :
2919 5507 2937 5538 ι
2967 5487 3104 5542 Cum
3136 5499 3259 5556 post
3291 5489 3546 5543 homines
3594 5497 3776 5558 natos,

2201 5582 2518 5650 imperator,
2552 5583 2734 5635 nullus
2768 5596 3007 5650 unquam
3041 5585 3183 5635 ultra
3215 5596 3393 5638 annos
3435 5583 3584 5637 mille
3621 5584 3776 5638 vixe-

2203 5677 2293 5739 rit,
2329 5691 2439 5744 qno
2477 5685 2634 5742 pacto
2665 5675 2840 5744 ipsum
2873 5673 3122 5729 Messiam
3143 5675 3254 5743 jam
3285 5677 3445 5748 annis
3476 5677 3602 5744 plus
3626 5675 3774 5731 mille

2201 5781 2250 5822 et
2274 5769 2685 5840 quadringentis
2714 5766 3000 5838 praeteritis
3024 5768 3202 5822 adhuc
3222 5768 3403 5823 vivere
3424 5769 3728 5838 opinamini
3753 5770 3776 5820 7
