4066 6296
498 401 614 465 '770
1728 364 2055 472 G‘EORGU

2166 414 2539 473 meumr
2870 396 2873 397 ί
3664 423 3764 487 7το

580 523 781 593 Παρὼν
831 524 925 577 καὶ
976 524 1256 590 Ματθαῖος
1302 527 1329 579 6
1363 526 1716 600 ἱερομόναχος
1759 530 1851 584 καὶ
1909 530 2081 602 μέγας
2116 536 2156 592 Α
2187 535 2462 605 προτέραν
2494 535 2819 604 ἐπιφάνειάν
2862 553 2954 589 του
2988 537 3345 607 προθεσπίζει
3390 539 3485 591 καὶ
3520 538 3759 596 δείκνυσι

510 619 992 689 πρωτοσύγκελλος
1022 618 1281 690 βασιλικῇ
1311 622 1610 691 προστάξει
1637 621 1813 675 ταῦτα
1845 621 1949 693 ἔφη
1984 626 2077 676 καὶ

506 709 890 778 ἀπελογίσατο.
929 711 1038 763 Καὶ
1077 713 1104 763 ὁ
1138 712 1233 781 μὲν
1261 713 1424 775 Ξένος
1454 698 1676 783 ἐρωτῶν
1698 709 1853 768 εἶπεν
1883 715 2076 783 οὕτως,

502 803 578 867 ὡς
598 823 616 856 ι
645 804 783 874 Ἤδη
811 803 904 857 τὸν
934 806 1035 876 μὲν
1065 806 1313 860 Μεσσίαν
1334 806 1647 875 ἐληλυθέναι
1672 808 1828 876 φατὲ,
1854 809 1945 862 τὸν
1977 808 2077 862 Θε-

505 896 697 968 σ6ίτην
727 898 801 966 μὴ
821 897 1027 969 ἥκοντα
1060 898 1201 952 κατὰ
1226 899 1323 963 τὰς
1346 900 1454 953 τῶν
1486 899 1785 971 προφητῶν
1817 902 2069 971 ρήσεις;›

514 993 573 1045 ’0
599 992 878 1055 Ματθαῖος
908 992 1263 1061 ἀποκριθείς”
1307 1012 1325 1044 ι
1364 992 1650 1060 Ἀκουσον,
1689 989 1733 1047 ὦ
1778 995 1930 1061 Ξένε,
1984 996 2077 1049 καὶ

506 1086 689 1153 σύνες.
722 1086 823 1139 Δύο
852 1086 948 1150 τὰς
979 1086 1071 1138 τοῦ
1106 1085 1345 1157 Χριστοῦ
1377 1088 1688 1156 παρουσίας
1718 1089 1766 1140 οί
1797 1092 2075 1158 προφῆται

506 1182 866 1251 κηρύττουσι,
921 1180 1130 1249 ταύτην
1158 1198 1217 1231 τε
1254 1182 1353 1251 τὴν
1400 1181 1500 1250 ἤδη
1551 1183 1936 1263 γεγενημένην
1981 1184 2078 1237 καὶ

500 1275 598 1343 τὴν
654 1275 733 1336 είς
769 1274 959 1326 ἔπειτα
998 1276 1063 1343 τῇ
1096 1273 1322 1343 τελευτῇ
1368 1272 1461 1325 τοῦ
1518 1272 1727 1339 κόσμου
1761 1274 2075 1344 φανησομέ-

501 1384 622 1437 νην·
659 1367 885 1435 καὶτῆς
919 1367 1019 1435 μὲν
1053 1368 1206 1436 μιᾶς,
1257 1367 1357 1434 τῆς
1391 1365 1651 1432 δευτέρας
1678 1365 1904 1435 δηλαδὴ,
1936 1367 2072 1436 πρό·-

497 1462 700 1529 δρομον
727 1458 1067 1512 ἔσεσθαι-τὸν
1103 1456 1297 1510 Ἠλίαν
1323 1456 1568 1524 λέγουσι,
1597 1457 1694 1527 τῆς
1723 1456 1778 1509 δὲ
1803 1458 2075 1527 προτέρας

509 1550 765 1619 Ἰωάννης
799 1550 1040 1617 ἐγένετο,
1082 1548 1142 1600 ὃν
1165 1546 1401 1615 ἄγγελον
1434 1547 1532 1615 μὲν
1566 1547 1593 1598 6
1623 1548 1907 1616 προφήτης
1939 1546 2075 1599 ὠνό-

498 1660 639 1712 μασε
672 1642 981 1711 Μαλαχίας,
1026 1642 1087 1694 οὐ
1139 1640 1297 1708 μόνον
1325 1639 1399 1702 ὡς
1448 1640 1546 1711 τὴν
1590 1640 1865 1710 προτέραν
1904 1641 2072 1694 αὐτοῦ

497 1740 806 1809 παρουσίαν
838 1736 1006 1804 ἐγγὺς
1033 1731 1199 1787 οὖσαν
1234 1733 1532 1803 μην-ζοντα,
1568 1734 1704 1785 ἀλλὰ
1735 1734 1828 1786 καὶ
1851 1733 1924 1797 ὡς
1958 1734 2073 1803 βίον

496 1832 896 1899 ἀσπασάμενον
952 1827 1151 1897 μικροῦ
1184 1827 1276 1879 τοῦ
1319 1828 1427 1879 τῶν
1451 1826 1701 1896 ἀγγέλων
1741 1827 1799 1893 ἐξ
1840 1827 2072 1902 ἐφαμίλ-

494 1925 586 1976 λου
615 1923 920 1993 χωροῦντα.
971 1921 1159 1972 Ἠλίαν
1193 1919 1248 1972 δὲ
1276 1920 1371 1972 καὶ
1404 1919 1594 1971 τοῦτον
1625 1921 1651 1970 6
1680 1920 1917 1986 Χριστὸς
1947 1920 2073 1973 ἐκά-

493 2019 600 2081 λει,
634 2017 732 2070 οὐκ
761 2012 952 2084 ἐπειδὴ
994 2011 1180 2073 Ἠλίας
1213 2006 1301 2083 ἦν,
1334 2012 1449 2089 an"
1663 2012 1743 2064 ὅτι
1772 2010 1872 2082 τὴν
1901 2012 2071 2083 αὐτὴν

491 2110 687 2178 ἐκείνῳ
757 2106 986 2176 πληρῶν
1023 2105 1292 2173 ἐτύγχανε
1345 2104 1661 2159 διακονίαν·
1716 2103 1906 2170 ὥσπερ
1964 2105 2069 2172 γὰρ

491 2208 697 2266 ἐκεῖνος
751 2201 1061 2271 πρόδρομος
1097 2196 1253 2250 ἔσται
1295 2196 1394 2266 τῆς
1426 2196 1689 2266 δευτέρας
1736 2194 2069 2265 παρουσίας,

492 2298 634 2351 οὓτω
684 2299 781 2348 καὶ
833 2286 988 2353 οὗτος
1038 2292 1139 2359 τῆς
1193 2290 1471 2360 προτέρας
1505 2289 1748 2358 ἐγένετο.
1806 2287 1882 2342 Οὐ
1918 2286 2069 2357 παρὰ

493 2390 654 2444 τοῦτο
680 2387 737 2441 δὲ
782 2387 965 2456 μόνον,
1001 2382 1115 2436 ἀλλ’
1150 2382 1230 2435 ὅτι
1266 2381 1363 2433 καὶ
1398 2380 1514 2449 βίον
1550 2378 1742 2449 μετῄει
1783 2381 2069 2450 κατάκρας

490 2484 567 2552 τῷ
600 2482 809 2536 ἐκείνου
841 2477 1231 2549 συμϐαίνοντα.
1271 2474 1412 2528 Ἀλλ’
1445 2474 1496 2526 οἱ
1533 2472 1631 2543 μὲν
1656 2472 1938 2543 προφῆται
1972 2471 2069 2524 καὶ

489 2556 819 2646 ἀμφοτέρων
852 2572 1163 2641 μέμνηνται
1198 2567 1405 2621 τούτων
1440 2567 1533 2621 καὶ
1565 2568 1693 2629 τοὺς
1725 2564 2068 2634 προωδευκό⁶

478 2666 584 2731 ’τας
629 2666 900 2736 ἑκατέρας
936 2662 1305 2734 κηρύττουσιν
1329 2677 1341 2691 ’
1378 2660 1534 2730 ὑμεῖς
1567 2658 1625 2711 δὲ
1664 2657 1762 2729 τὴν
1795 2657 1893 2727 μὲν
1927 2673 2067 2726 προ-

484 2764 650 2834 τέραν
676 2740 805 2831 σιγῇ
842 2758 1171 2823 κακούργως
1207 2753 1577 2826 παρέρχεσθε,
1620 2751 1736 2819 εἴγε
1763 2751 1857 2805 καὶ
1891 2749 1967 2820 τῷ
1992 2749 2067 2821 νῷ

489 2858 592 2925 τῆς
640 2852 867 2921 Γραφῆς
900 2848 1144 2916 ἀτεχνῶς
1176 2845 1522 2909 ὲπιὸάλλετε,
1568 2844 1667 2914 τῆς
1703 2844 1759 2896 δὲ
1806 2842 2066 2909 δευτέρας

494 2943 776 3017 μέμνησθε
810 2942 1002 3011 μόνης,
1032 2933 1100 3010 ἧς
1127 2940 1155 2990 6
1190 2936 1460 3007 Θεσὸίτης
1493 2934 1898 3005 προδραμεῖται
1931 2933 2066 2985 πάν-

488 3056 594 3101 τως
642 3034 854 3097 Ἠλίας.
901 3032 1070 3086 Ἀλλὰ
1120 3032 1226 3099 γὰρ
1274 3029 1371 3084 καὶ
1424 3029 1532 3081 τῶν
1566 3028 1833 3099 χρησμῶν
1882 3026 2064 3079 αὐτῶν

487 3125 878 3193 ἀκουσώμεθα.
922 3121 982 3175 '0
1031 3122 1320 3183 θεσπέσιος
1364 3118 1657 3189 Μαλαχίας
1698 3118 1797 3189 τὴν
1826 3117 1921 3170 τοῦ
1952 3117 2065 3169 Σω-

2184 625 2272 679 τδν
2308 629 2444 696 μετὰ
2469 629 2727 698 Ἰωάννην
2758 629 2847 682 τὶν
2880 630 3188 699 βαπτιστὴν
3232 633 3452 702 ἐκείνης
3485 635 3759 702 προηγού-

2184 734 2348 787 μενον
2379 737 2392 749 ·
2418 739 2436 771 ι
2459 719 2594 773 Ἰδοὺ
2625 721 2733 789 γὰρ
2760 719 2892 788 ἐγὼ,
2929 722 3125 791 λέγων,
3157 722 3510 787 ἐξαποστελῶ
3534 726 3626 778 τδν
3656 725 3756 789 ἄγο-

2182 812 2340 880 γελόν
2373 831 2474 883 μου
2499 816 2607 884 πρὸ
2636 814 2933 885 προσώπου
2968 834 3084 881 σου,
3115 817 3173 879 ὃς
3222 819 3629 870 κατασκευάσει
3658 820 3755 884 τὴν

2119 938 2139 959 κ
2182 903 2298 957 ὀδόν
2333 922 2427 958 σου
2457 904 2768 976 ἔμπροσθέν
2807 924 2923 971 σου,
2976 910 3073 962 καὶ
3118 908 3472 976 ἐπιϐλέψεται
3507 911 3623 962 ἁδὺν
3653 910 3755 979 προ

2182 998 2483 1067 προσώπου
2515 1017 2611 1053 σου
2635 1017 2647 1030 ·
2678 1002 2773 1054 καὶ
2805 1000 3067 1069 ἐξαίφνης
3100 1003 3218 1071 ἥξει
3269 1004 3351 1065 είς
3384 1003 3475 1054 τὸν
3506 1003 3629 1054 ναὸν
3663 1005 3755 1053 αὑ-

2181 1091 2276 1144 τοῦ
2320 1092 2542 1156 Κύριος.
2585 1113 2602 1144 ι
2656 1094 2879 1146 Πάντων
2910 1095 3016 1166 γὰρ
3051 1094 3387 1162 ἀγνοούντων
3421 1098 3445 1147 6
3490 1097 3755 1163 erotipzc;

2180 1184 2337 1247 τόκος
2380 1185 2601 1252 ἐγένετο
2628 1202 2640 1214 ·
2674 1186 2803 1239 ναὸν
2852 1187 2959 1254 γὰρ
2991 1188 3090 1254 τὴν
3123 1186 3473 1257 ἀνθρωπείαν
3502 1186 3749 1253 ὠνόμασε

2184 1277 2368 1346 φύσιν,
2404 1280 2469 1348 ἦν
2517 1282 2544 1331 6
2581 1279 2716 1341 Θεὸς
2755 1280 2929 1347 Λόγος
2963 1280 3217 1333 ἀνέλαϐε.
3254 1281 3393 1349 Πρὸς
3426 1280 3480 1331 δὲ
3520 1282 3582 1347 τῇ
3617 1297 3748 1346 προ-

2179 1369 2317 1440 τέρᾳ
2352 1372 2445 1422 καὶ
2486 1370 2585 1440 τὴν
2612 1372 2869 1441 δευτέραν
2914 1372 3128 1424 ἒλευσιν
3178 1372 3523 1441 ὑπογράφει·
3570 1392 3588 1420 ε
3622 1372 3750 1422 ’1τοῦ

2181 1460 2401 1534 ἔρχεται
2433 1462 2636 1533 Κύριος
2666 1466 3086 1534 παντοκράτωρ,
3113 1463 3208 1516 καὶ
3229 1465 3309 1526 τίς
3339 1465 3601 1532 ὑπομενεῖ
3620 1464 3753 1530 ἠμέ-

2184 1570 2284 1623 ραν
2315 1553 2524 1606 εἰσόδου
2576 1553 2764 1618 αὐτοῦ,
2796 1554 2827 1624 ἤ
2862 1560 2945 1615 τίς
2995 1554 3366 1623 ὑποστήσεται
3403 1557 3460 1606 ὲν
3492 1555 3558 1623 τῇ
3595 1548 3752 1624 174

2179 1645 2420 1715 ὀπτασίᾳ.
2480 1645 2683 1711 uinci;
2741 1644 3100 1715 ἀδυσώπητος
3155 1646 3426 1699 καθιεῐται
3477 1649 3668 1714 κριτὴς
3723 1647 3749 1696 6

2180 1739 2468 1801 ἀποδιδοὺς
2500 1740 2713 1809 ἑκάστῳ
2747 1739 2890 1793 κατὰ
2936 1740 3006 1791 τὰ
3057 1741 3196 1811 ἔργα
3228 1739 3419 1791 αὐτοῦ.
3466 1760 3481 1785 ο
3516 1732 3645 1788 Εἶτα
3678 1736 3754 1788 δι-

2180 1832 2373 1886 δάσκει
2405 1831 2473 1884 τὰ
2501 1833 2643 1884 κατὰ
2680 1833 2778 1904 τὴν
2809 1833 3087 1902 προτέραν
3131 1830 3286 1894 αὖθις
3327 1831 3637 1901 παρουσίαν
3662 1830 3750 1881 ὑπ’

2180 1922 2348 1978 αὐτοῦ
2392 1922 2645 1992 δρώμενα
2671 1939 2684 1953 ·
2716 1941 2736 1975 ‹
2789 1922 2936 1976 Διότι
2982 1922 3145 1986 αὐτὸς
3201 1923 3493 1992 πορεύεται
3535 1919 3607 1982 ὡς
3643 1919 3749 1990 πῦρ

2178 2018 2544 2087 χωνευτηρίου
2577 2017 2672 2071 καὶ
2715 2017 2789 2077 ὡς
2832 2018 2939 2071 πόα
2972 2016 3304 2081 πλυνόντων,
3338 2016 3433 2068 καὶ
3478 2013 3747 2067 καθιεῖται

2175 2110 2430 2181 χωνεύων
2479 2110 2576 2162 καὶ
2628 2109 2943 2178 καθαρίζων
2976 2108 3038 2161 τὸ
3085 2108 3351 2179 ἀργύριον
3399 2107 3494 2161 καὶ
3531 2108 3590 2160 τὸ
3617 2124 3750 2177 χρυ-

2177 2203 2314 2256 σίον.
2349 2221 2367 2253 ›
2403 2203 2670 2271 Σημαίνει
2699 2201 2757 2254 δὲ
2788 2200 2876 2252 διὰ
2906 2200 3113 2254 τούτων
3139 2202 3167 2253 6
3217 2200 3504 2271 προφήτης
3533 2200 3632 2269 τὴν
3658 2199 3747 2252 διὰ

2174 2293 2267 2346 τοῦ
2299 2294 2457 2361 ἁγίου
2481 2291 2802 2362 Πνεύματος
2829 2291 3121 2361 κάθαρσιν,
3151 2292 3218 2361 ἢν
3239 2291 3572 2360 θεανδρικῶς
3596 2293 3623 2343 6
3648 2291 3747 2344 Δέο

2176 2401 2270 2449 γος
2325 2382 2794 2452 πολιτευσάμενος
2854 2384 2989 2451 ἡμῖν
3017 2380 3354 2451 ἐχαρίσατο·
3412 2382 3646 2450 καὶγὰρ
3690 2384 3745 2432 ὲν

2171 2476 2348 2545 τούτῳ
2403 2475 2685 2543 μυστικῶς
2735 2475 2863 2538 τοὺς
2895 2474 3225 2544 προσιόντας
3273 2473 3606 2544 ἀναχωνεύει
3656 2473 3745 2526 aut

2172 2568 2441 2635 νεουργεῖ,
2472 2566 2545 2635 τῷ
2579 2567 2713 2636 πυρὶ
2741 2566 2837 2619 τοῦ
2866 2566 3190 2636 Πνεύματος
3211 2565 3515 2635 χρώμενος,
3543 2562 3632 2619 οἵα
3651 2565 3745 2636 δη-

2174 2659 2458 2729 μιουργὸς,
2484 2662 2511 2712 6
2541 2659 2821 2728 Δεσπότης
2849 2676 2863 2689 ·
2894 2659 3148 2728 καθάπερ
3182 2661 3288 2713 τινὶ
3338 2660 3445 2730 πόᾳ
3484 2660 3561 2730 τῷ
3596 2658 3744 2714 ὕδατι

2170 2754 2263 2807 τοῦ
2294 2753 2676 2824 βαπτίσματος
2706 2754 2797 2828 τὸν
2829 2752 2931 2821 τῆς
2965 2753 3240 2823 ἁμαρτίας
3287 2753 3458 2823 ῥύπον
3498 2756 3745 2822 ἀποσμή-

2169 2865 2273 2916 χει,
2300 2848 2397 2900 καὶ
2422 2845 2498 2915 τῷ
2536 2846 2670 2916 πυρὶ
2702 2846 2793 2899 τοῦ
2822 2846 3136 2915 [Ινεύματος
3164 2845 3258 2899 τοῦ
3287 2848 3490 2911 ταύτης
3536 2846 3617 2899 ἰοῦ
3649 2848 3742 2907 τὰς

2171 2926 2445 3005 ἡμετέρας
2497 2935 2774 3003 ἐλευθεροῖ
2804 2936 3003 3005 ψυχάς.
3041 2935 3178 2987 Μεθ’
3210 2938 3274 3004 ἣν
3308 2939 3421 2999 τοῖς
3466 2937 3543 3006 μὴ
3574 2936 3739 3005 φυλά-

2171 3026 2292 3091 ξασι
2360 3028 2443 3088 είς
2498 3027 2651 3091 τέλος
2710 3029 2809 3097 τὴν
2865 3027 3045 3102 ψυχὴν
3106 3028 3444 3097 ἀκηλίδωτον
3516 3030 3740 3098 φοϐερὸς

2169 3119 2466 3188 ὀφθήσεται
2502 3120 2599 3173 καὶ
2642 3120 3017 3190 ἀπαραίτητος
3049 3120 3345 3188 κολαστὴς,
3380 3122 3440 3173 τὸ
3487 3121 3739 3191 δεύτερον

487 3225 552 3288 τῆ
566 3236 656 3290 ρος
683 3214 973 3289 βουληθεὶς
998 3211 1305 3282 παρουσίαν
1329 3209 1562 3275 διδάξαι,
1588 3208 1681 3262 καὶ
1707 3207 1782 3271 ὡς
1809 3207 1929 3278 ἥξει
1961 3206 2063 3277 τῆς
2092 3223 2147 3282 ο
2168 3208 2325 3272 αὖθις
2353 3208 2616 3263 ἐπανιών.
2657 3210 2768 3264 Καὶ
2813 3210 2954 3279 μετά
2985 3228 3109 3263 τινα
3155 3212 3253 3280 τῆς
3286 3210 3545 3280 δευτέρας
3582 3212 3739 3264 πάλιν

486 3314 704 3375 δικαίας
761 3307 1181 3369 ἁνταποδόσεως
1225 3306 1252 3358 6
1300 3304 1512 3374 καιρὸς,
1542 3300 1762 3371 πρῶτος
1811 3300 1910 3370 μὲν
1962 3299 2064 3370 τὴν

484 3426 988 3498 spectantibusque,
1012 3423 1065 3475 in
1089 3420 1260 3474 caelos
1276 3424 1569 3488 susceptus
1589 3423 1694 3481 est,
1714 3414 1897 3484 ibique
1917 3428 2065 3469 nunc

486 3520 703 3577 assidet
731 3517 847 3573 Deo
879 3514 1048 3576 Patri.
1084 3527 1210 3567 cum
1230 3511 1421 3566 eodem
1466 3509 1537 3564 ab
1581 3508 1842 3563 universo
1870 3514 2064 3562 sancto

485 3612 791 3680 cmlestium
834 3608 1006 3664 choro
1044 3608 1329 3659 adoratus.
1361 3620 1381 3655 ι

555 3702 657 3769 Qui
687 3702 813 3755 nuic
833 3693 1194 3766 disputationi
1223 3692 1490 3747 intererat
1536 3690 1827 3746 Matthiaeus
1874 3690 2061 3744 hiero-

483 3796 790 3851 monachus
819 3799 873 3845 et
896 3802 1127 3858 magnus
1161 3783 1620 3855 protosyncellus,
1670 3784 1826 3853 jussu
1886 3781 2060 3849 impe-

485 3889 683 3946 ratoris
707 3890 831 3943 haec
851 3886 985 3939 dixit
1015 3882 1426 3952 responditque.
1445 3880 1797 3948 Interrogans
1828 3876 2016 3931 chus
2041 3892 2055 3929 :

489 4005 508 4037 ι
550 3984 678 4045 Vos,
714 3982 913 4050 inquit,
934 3976 1314 4046 Messiamjam
1336 3975 1548 4030 venisse
1568 3972 1857 4038 diclitatis,
1881 3968 2058 4024 Thes-

481 4079 631 4133 biten
656 4089 762 4128 non
806 4073 1020 4126 venisse
1041 4070 1340 4125 secundum
1374 4081 1539 4122 voces
1562 4066 1952 4135 prophetarum
1977 4063 2000 4116 2
2030 4073 2049 4115 ι

485 4165 788 4237 Respondit
812 4162 1135 4217 Mattheus:
1166 4178 1185 4211 ι
1214 4157 1377 4222 Audi,
1406 4157 1579 4219 Xene,
1598 4165 1654 4210 et
1681 4156 1921 4210 adverte.
1947 4154 2055 4208 Du-

480 4264 675 4334 plicem
706 4259 996 4316 adventum
1056 4252 1261 4308 Christi
1322 4253 1603 4320 prOpheta:
1654 4250 2050 4317 praenuntiant,

480 4370 626 4417 eum,
652 4354 743 4423 qui
767 4353 878 4421 jam
912 4347 1193 4418 praeteriit,
1220 4354 1273 4398 et
1305 4344 1395 4412 qui
1430 4344 1484 4395 in
1510 4343 1617 4395 ﬁne
1648 4356 1832 4394 rerum
1896 4340 2050 4393 futu-

483 4465 577 4505 rus
607 4455 691 4501 est
719 4453 811 4504 ;ct
844 4440 1008 4496 unius
1037 4438 1280 4506 quidem,
1313 4434 1539 4488 secundi
1574 4446 1786 4499 nempe,
1816 4444 2051 4499 prmcur—

484 4554 665 4597 sorem
697 4535 868 4590 Eliam
907 4530 1021 4584 fore
1043 4536 1268 4592 canunt,
1316 4525 1459 4580 sicut
1488 4522 1712 4576 alterius
1744 4533 2049 4587 praecursor

482 4635 720 4689 Joannes
758 4628 879 4691 fuit,
900 4638 1058 4693 quem
1080 4618 1379 4673 Malacliias
1397 4618 1658 4685 prepheta
1682 4611 1931 4681 angelum
1953 4625 2047 4661 no-

482 4724 707 4781 minavit
742 4733 889 4788 ;non
922 4716 1122 4777 solum,
1159 4712 1286 4781 quia
1319 4710 1556 4779 priorem
1591 4704 1803 4758 Domini
1845 4698 2049 4754 adven-

478 4829 594 4875 tum
635 4817 743 4885 jam
771 4812 1014 4865 vicinum
1057 4800 1463 4866 indicavit,.sed
1497 4801 1683 4863 etiam,
1732 4797 1861 4865 quia
1924 4794 2045 4846 vitae

456 4898 1066 4966 jnstitutum'sectatus
1094 4904 1206 4958 est,
1247 4892 1394 4962 quod
1439 4905 1564 4945 eum
1626 4887 1873 4957 angelica
1936 4885 2042 4936 vita

475 4998 869 5075 prOpemodum
899 4999 1153 5049 certaret.
1184 4988 1361 5055 Atque
1384 4985 1531 5037 hunc
1554 4996 1774 5051 quoque
1792 4979 2043 5075 Christus

476 5070 651 5150 filiam
686 5084 996 5159 appellavit,
1029 5095 1140 5135 non
1172 5078 1316 5145 quod
1344 5075 1490 5129 Elias
1523 5082 1691 5137 esset,
1744 5072 1838 5125 sed
1894 5070 2042 5139 quod

474 5187 665 5243 eodem
706 5177 1016 5235 ministerio
1079 5170 1430 5239 fungebatur,
1494 5180 1605 5235 quo
1661 5164 2039 5233 illei'ungetur.

474 5280 629 5336 Sicut
662 5272 808 5329 enim
838 5267 977 5321 alter
1022 5263 1315 5318 adventum
1377 5258 1682 5314 secundum
1732 5255 2038 5321 antecedet,

474 5371 555 5427 sic
592 5365 728 5420 alter
756 5358 999 5429 priorem
1029 5351 1347 5407 antecessit.
1378 5350 1489 5411 Nec
1522 5349 1591 5403 ob
1645 5363 1808 5401 unam
1875 5347 2037 5399 istam

472 5471 696 5518 causam
721 5454 798 5507 ita
824 5463 949 5505 eum
985 5443 1294 5515 appellavit,
1322 5441 1416 5498 sed
1452 5442 1642 5506 etiam,
1689 5442 1818 5510 quia
1872 5441 2035 5492 vitam

471 5552 684 5611 colebat
708 5548 855 5604 illius
875 5543 998 5598 vitae
1025 5552 1253 5611 prorsus
1273 5535 1843 5604 similem.~Prophetae
1873 5535 2037 5604 igitur

473 5654 769 5713 utrumque
801 5638 1098 5692 adventum
1132 5638 1518 5685 memorantet
1558 5628 1847 5698 utriusque
1896 5643 2038 5697 prae.

454 5738 650 5794 dicam
686 5741 1080 5803 praecursorem
1115 5739 1131 5789 ;
1166 5731 1222 5776 at
1246 5736 1341 5776 vos
1377 5721 1615 5790 priorem
1666 5722 1888 5789 quidem
1937 5720 2035 5774 ad-

472 5840 692 5883 ventum
729 5818 978 5892 nequiter
1006 5817 1227 5872 silentio
1262 5812 1573 5880 praeteritis,
1608 5812 1879 5879 siquidem
1907 5826 2033 5865 sen-

432 5960 435 5961 ν
473 5935 590 5974 sum
623 5917 922 5975 Scriptura:
950 5906 1093 5968 haud
1118 5906 1287 5965 dubie
1317 5906 1677 5975 assequimiui
1703 5920 1718 5971 ;
1748 5919 1811 5961 ac
1855 5903 2029 5961 solum

2169 3293 2470 3364 ἐπιδημίας
2528 3296 2983 3366 ὑπομιμνήσκει·
3037 3317 3054 3349 ι
3108 3298 3242 3351 Ἰδοὺ
3290 3299 3401 3365 ἐγὼ
3450 3301 3735 3353 ἀποστελῶ

2169 3410 2529 3479 posteriorem
2554 3414 3019 3476 commemoratis,
3052 3418 3137 3473 cui
3169 3415 3396 3468 omnino
3425 3430 3725 3484 praecursa-

2167 3518 2260 3559 rus
2291 3514 2375 3561 est
2397 3503 2687 3560 Thesbites
2725 3504 2886 3560 Elius.
2910 3507 3129 3561 Atenim
3175 3509 3574 3577 auzliatnnsipsa
3598 3525 3725 3563 ora-

2166 3588 2587 3653 cula.‘Divinus'
2616 3598 2918 3661 Malacliias
2954 3600 3022 3654 de
3050 3600 3338 3657 Salvatorc
3380 3600 3733 3656 aliuturouos

2163 3690 2364 3746 docere
2390 3690 2603 3755 volens,
2626 3680 2680 3746 et
2708 3691 2870 3760 quale
2901 3691 3145 3746 futurum
3180 3695 3252 3748 sit
3313 3703 3528 3762 tempus
3568 3696 3732 3763 justm

2162 3782 2661 3851 compensationis,
2696 3782 2937 3851 primum
2963 3784 3183 3851 quidem
3217 3784 3454 3853 priorem
3502 3787 3738 3855 alicujus

2167 3874 2462 3929 adventum
2495 3874 2828 3929 vaticinatur
2855 3874 3258 3945 significatque,
3293 3878 3387 3946 qui
3414 3882 3734 3946 praecursoii

2156 3966 2353 4023 Joanni
2390 3967 2641 4037 baptista:
2669 3981 3029 4022 successurus
3056 3969 3128 4022 sit
3160 3986 3174 4023 :
3212 3987 3230 4020 c
3266 3972 3403 4024 Ecce
3450 3973 3621 4035 enim,
3654 3973 3734 4026 in-

2157 4060 2297 4129 quit,
2327 4059 2579 4128 angelum
2600 4073 2781 4113 meum
2809 4069 2936 4113 ante
2967 4060 3164 4114 faciem
3195 4072 3345 4114 tuam
3381 4063 3617 4127 mittam,
3638 4064 3731 4132 qui

2157 4156 2313 4207 viam.
2337 4153 2437 4206 tibi
2468 4162 2677 4207 sternet
2732 4154 3114 4221 spectabitque
3174 4168 3289 4206 eam
3351 4169 3480 4207 ante
3538 4155 3729 4213 faciem

2158 4254 2305 4299 tuam
2332 4254 2419 4310 ;et
2436 4245 2624 4300 statim
2648 4244 2825 4298 veniet
2849 4244 2913 4298 ad
2934 4245 3193 4313 templum
3210 4261 3367 4299 suum
3392 4246 3676 4300 Dominus.
3706 4267 3724 4297 ι

2154 4337 2419 4393 Omnibus
2442 4340 2588 4391 enim
2622 4336 2821 4391 nesciis
2853 4343 3043 4405 partus
3078 4337 3338 4391 salutaris
3394 4337 3573 4395 factus
3622 4350 3727 4394 est.

2154 4431 2425 4484 Nimirum
2462 4429 2724 4496 templum
2752 4438 3007 4482 naturam
3063 4428 3360 4483 humanam
3417 4432 3728 4499 appellavit,

2156 4536 2317 4591 quam
2347 4520 2488 4574 Deus
2509 4517 2748 4574 Verbum
2769 4523 3026 4590 suscepit.
3055 4521 3189 4575 Cum
3225 4524 3407 4590 priore
3432 4533 3613 4579 autem
3632 4527 3731 4580 ad»

2161 4621 2322 4663 ventu
2352 4609 2517 4662 etiam
2549 4609 2848 4664 secundum
2869 4610 3151 4665 describit.
3188 4630 3205 4663 ι
3236 4612 3374 4668 Ecce
3392 4616 3733 4669 venitDomi—

2155 4716 2262 4756 nus
2314 4703 2664 4770 Omnipotens
2721 4718 2735 4755 :
2769 4705 2895 4772 quis
2940 4703 3234 4757 sustinebit
3274 4705 3418 4758 diem
3449 4707 3729 4773 ingressus

2149 4794 2290 4863 ejus,
2324 4803 2418 4846 aut
2450 4794 2573 4861 quis
2603 4793 2840 4873 prodibit
2870 4794 2925 4847 in
2959 4793 3080 4862 ejus
3120 4806 3476 4864 conspectum
3505 4798 3528 4850 7
3570 4800 3728 4852 Ine:-

2148 4883 2377 4937 orabilis
2399 4884 2567 4963 judex
2598 4883 2807 4937 sedebit
2837 4883 3146 4953 referetque
3176 4889 3377 4955 cuique
3423 4890 3722 4942 Secundum

2147 4974 2267 5044 ejus
2297 4989 2483 5044 opera.
2527 4991 2545 5024 ι
2580 4973 2786 5028 Deinde
2818 4972 2873 5026 in
2908 4974 3077 5043 priori
3110 4974 3307 5031 rursus
3324 4979 3558 5032 adventu
3580 4982 3725 5033 abeo

2146 5067 2288 5122 facta
2320 5068 2478 5120 docet
2508 5083 2523 5121 :
2562 5086 2579 5117 ι
2613 5066 2797 5131 Quare
2831 5067 2948 5137 ipse
2980 5068 3160 5121 veniet
3202 5078 3261 5121 ut
3290 5069 3432 5138 ignis
3486 5070 3723 5126 fornacis

2145 5173 2198 5215 et
2241 5161 2389 5213 sicut
2433 5159 2599 5213 herba
2649 5159 2938 5223 fullonum,
2992 5174 3057 5212 ac
3111 5160 3324 5213 sedc-bit
3370 5159 3618 5214 conﬂans
3672 5171 3723 5214 et

2146 5268 2386 5324 purgans
2423 5262 2709 5322 argentum
2742 5260 2797 5305 et
2826 5266 3044 5305 aurum.
3087 5269 3105 5301 ι
3147 5252 3356 5318 Quibus
3395 5254 3575 5308 verbis
3599 5266 3722 5321 pro-

2142 5348 2300 5416 pheta
2334 5346 2712 5416 purgationem
2749 5357 2843 5413 per
2874 5342 3141 5413 Spiritum
3186 5354 3435 5399 sanctum
3486 5342 3718 5399 futuram

2140 5438 2434 5506 signiﬁcat,
2469 5452 2631 5506 quam
2662 5434 2897 5490 Verbum
2929 5446 3162 5505 utraque
3192 5448 3385 5490 natura
3436 5435 3719 5491 nobiscum

2141 5540 2413 5584 versatum
2441 5531 2601 5582 nobis
2630 5527 2951 5595 impertivit.
3000 5525 3177 5596 Hujus
3198 5528 3343 5601 enim
3374 5542 3541 5598 opera
3565 5542 3721 5582 acce-

2138 5622 2331 5677 dentes
2353 5621 2418 5676 ad
2450 5635 2510 5675 se
2546 5621 2777 5690 mystice
2804 5619 3003 5675 conﬁat
3033 5636 3099 5673 ac
3144 5630 3370 5674 renovat
3426 5619 3715 5685 Dominus,

2137 5722 2261 5790 igne
2288 5718 2546 5789 Spiritus,
2572 5728 2828 5787 tanquam
2848 5716 3045 5771 artifex
3072 5716 3365 5786 quispiam,
3396 5731 3553 5781 usus;
3577 5731 3715 5785 aqua

2139 5813 2754 5883 baptismatistanquam
2783 5811 2947 5865 herba
2967 5811 3205 5879 quadam
3242 5808 3431 5863 sordes
3456 5820 3714 5876 peccato-

2135 5920 2253 5961 rum
2278 5905 2616 5971 abstergens,
2651 5913 2813 5969 atquc
2846 5902 2970 5968 igne
3026 5902 3253 5968 spiritus
3318 5914 3508 5954 eorum
3577 5915 3714 5955 citas
