4066 6296
404 303 506 365 ’ῗ83

1618 257 2423 391 oaonottrnnama

3547 300 3673 360 τςι

401 415 512 483 σὴφ
545 411 641 465 καὶ
673 411 766 465 τοῦ
809 411 1070 464 δεσπότου
1103 411 1208 481 κὺρ
1261 410 1574 481 Δημητρίου
1610 413 1702 463 καὶ
1753 409 1964 464 πολλῶν
1998 414 2038 470 Α
2067 427 2205 478 νηνς
2241 429 2261 461 ο
2302 411 2378 463 Οὐ
2431 409 2521 462 διὰ
2567 409 2772 478 ταύτην
2801 397 2893 463 οὖν
2927 409 3026 480 τὴν
3069 412 3252 464 αἰτίαν
3290 409 3446 466 εἷπον
3490 415 3549 466 τλ
3577 414 3667 475 ὡς

397 507 675 577 ἀρχόντων
724 507 822 575 τῆς
854 505 1162 572 συγκλήτου
1207 505 1430 573 καὶτῆς
1475 504 1773 574 ἐκκλησίας
1808 503 1966 573 1⁷7

397 601 492 653 aut
524 599 740 652 πάντων
773 597 956 666 σχεδὸν
999 595 1109 648 τῶν
1165 597 1584 666 μητροπολιτῶν
1615 597 1709 650 καὶ
1749 596 1965 648 ἐπισκό-

401 707 516 743 πων
547 688 635 740 διὰ
686 686 785 756 τὴν
823 686 1218 756 μελετηθεῖσαν
1258 689 1353 741 καὶ
1395 687 1471 758 μὴ
1521 688 1901 762 ὠφεληθεῖσαν
1934 687 1966 756 ἢ

401 780 603 851 μᾶλλον
631 779 807 832 εἰπεῖν
849 763 924 847 μὴ
956 776 1322 848 ὼφελήσασαν
1354 777 1572 830 σύνοδον
1605 776 1705 849 τὴν
1736 779 1793 828 ἒν
1818 777 1968 830 Φλω-

400 873 586 943 ρεντίᾳ
639 871 1150 940 συναθροισθεῖσαν,
1201 870 1329 924 ἔνθα
1378 874 1474 923 καὶ
1515 872 1574 924 οὐ
1629 871 1970 942 συνεπέρασε

395 956 509 1025 τοῖς
545 964 703 1016 πᾶσι.
733 962 807 1014 Οὺ
839 961 983 1030 λέγω
1013 961 1173 1016 τοῦτο
1203 962 1345 1016 κατὰ
1367 965 1476 1015 τῶν
1500 964 1599 1032 τῆς
1640 962 1970 1032 Ἐκκλησίας

395 1056 691 1125 δογμάτων
714 1070 728 1084 °
761 1053 938 1108 ταῦτα
995 1055 1102 1124 γὰρ
1137 1056 1270 1126 παρ’
1321 1055 1500 1118 ἄλλοις
1537 1054 1800 1123 ἐδόθησαν
1847 1055 1970 1122 κρί-

395 1150 614 1200 νεσθαι·
658 1145 784 1216 ἐμοὶ
813 1146 870 1198 δὲ
901 1147 1061 1216 ἀρκεῖ
1093 1147 1126 1215 ἠ
1177 1147 1421 1215 πατρική
1471 1163 1573 1213 μου
1614 1145 1836 1215 διαδοχὴ
1870 1144 1970 1214 τῆς

399 1245 656 1306 πίστεως,
710 1240 844 1292 διότι
880 1240 942 1291 οὐ
989 1239 1143 1308 παρά
1172 1256 1321 1300 τινος
1363 1237 1471 1291 τῶν
1521 1240 1751 1292 ἐκείνων
1784 1239 1970 1308 μερῶν

395 1335 504 1387 τῶν
539 1334 598 1397 ἐξ
642 1324 900 1396 ’ἐναντίας
953 1333 1165 1401 ἥκουσα
1207 1331 1392 1400 λέγειν
1441 1331 1510 1384 τὰ
1544 1332 1790 1400 ἡμέτερα
1822 1330 1970 1384 κακὰ

395 1422 560 1483 εἶναι.
599 1423 734 1476 ἀλλὰ
777 1422 1153 1503 μᾶλλονρκαλὰ
1194 1421 1290 1473 καὶ
1324 1422 1552 1490 ἀρχαῖα,
1588 1420 1682 1474 καὶ
1711 1421 1778 1473 τὰ
1824 1421 1969 1473 ὲκεί-

393 1535 503 1570 νων
535 1516 700 1568 πάλιν
727 1514 788 1568 ού
837 1513 1008 1578 κακὰ,
1048 1513 1184 1566 ἀλλὰ
1233 1511 1395 1566 καλά.
1432 1513 1542 1565 Καὶ
1583 1511 1661 1573 ὡς
1704 1513 1880 1564 εἰπεῖν
1910 1511 1969 1563 ὲν

393 1606 826 1676 παραδείγματι,
874 1606 957 1657 ὅτι
1001 1603 1101 1673 τὴν
1137 1605 1310 1673 μέσην
1341 1603 1457 1655 ὁδὸν
1485 1604 1585 1674 τῆς
1628 1603 1836 1666 πόλεως
1867 1603 1968 1674 τὴν

394 1701 664 1754 πλατεῖαν
715 1701 810 1752 καὶ
840 1697 1158 1767 εὐρύχωρον
1191 1695 1534 1766 διηρχόμεθα
1575 1697 1807 1757 πολλοὺς
1839 1695 1967 1766 χρό-

393 1810 518 1853 νους
569 1790 710 1860 μετὰ
749 1806 938 1862 τινων,
973 1788 1042 1840 δι’
1069 1783 1137 1859 ἦς
1174 1787 1534 1856 καταντῶμεν
1558 1788 1638 1850 είς
1671 1787 1769 1856 τὴν
1805 1787 1967 1853 ἁγίαν

396 1885 626 1954 Σοφίαν
653 1879 774 1936 εἶτα
800 1881 941 1950 μετά
966 1898 1116 1942 τινας
1146 1880 1373 1948 καιροὺς
1402 1879 1600 1950 εὑρέθη
1633 1881 1785 1949 παρά
1805 1897 1968 1933 τινων

393 1977 491 2028 καὶ
523 1973 660 2042 ἄλλη
711 1971 829 2034 ὁδὸς
879 1971 1227 2033 καταντῶσα,
1263 1969 1336 2030 ὼς
1387 1969 1629 2036 λέγουσι,
1675 1973 1772 2022 καὶ
1825 1969 1964 2038 αὐτὴ

391 2069 530 2129 ἐκεῖ,
562 2068 658 2121 καὶ
696 2063 1104 2135 παροτρύνουσί
1159 2080 1226 2132 με
1281 2062 1532 2130 λέγοντες
1556 2077 1570 2091 ⁶
1613 2081 1631 2113 ι
1685 2062 1835 2114 mea
1873 2063 1968 2116 καὶ

395 2160 459 2212 σὺ
491 2159 579 2212 διὰ
598 2159 696 2228 τῆς
729 2157 850 2210 όδοῦ
883 2156 1108 2224 ταύτης,
1142 2156 1208 2224 ἢν
1235 2155 1470 2225 εὕρομεν
1493 2169 1506 2182 ⁸
1543 2156 1636 2207 καὶ
1660 2152 1766 2222 γὰρ
1798 2154 1844 2204 εί
1873 2151 1966 2205 καί

387 2256 544 2306 ἐστιν
593 2251 735 2321 αὕτη
782 2244 940 2321 δι’-ἦς
994 2250 1214 2322 ἀπέρχῃ
1249 2247 1389 2318 καλὴ
1446 2249 1538 2301 καὶ
1582 2246 1808 2316 ἀρχαία,
1871 2247 1967 2299 καὶ

393 2345 530 2413 ἡμῖν
580 2342 824 2412 ἁρῄθεν
874 2341 1092 2410 γνωστὴ
1133 2341 1228 2394 καὶ
1285 2343 1382 2394 σὺν
1443 2341 1572 2408 ὑμῖν
1618 2337 1963 2408 διερχομένη,

387 2435 650 2492 ἀλλὰ-καὶ
677 2432 839 2503 αὕτη,
869 2433 936 2504 ἢν
969 2433 1201 2503 εὕρομεν
1238 2433 1356 2495 νῦν,
1385 2433 1522 2501 καλή
1569 2433 1720 2484 ἐστιν
1743 2446 1758 2461 ·
1799 2447 1818 2481 ι
1856 2428 1965 2497 ἐγὼ

397 2528 454 2581 δὲ
488 2525 703 2580 ἀκούων
760 2525 911 2593 παρὰ
952 2523 1049 2592 μὲν
1078 2523 1186 2574 τῶν
1231 2524 1312 2576 ὅτι
1345 2523 1484 2592 καλή
1522 2523 1655 2586 ἐστι,
1713 2521 1865 2590 παρὰ
1906 2519 1963 2572 δὲ

337 2681 339 2684 ι
377 2617 501 2680 ⁴τῶν
526 2617 611 2670 ὅτι
639 2616 700 2668 ού
724 2614 887 2684 καλὴ,
925 2615 1020 2668 καὶ
1053 2613 1384 2680 ἀσυμφωνία
1414 2611 1550 2664 οὖσα
1585 2615 1643 2664 ὲν
1672 2609 1752 2680 τῷ
1790 2612 1962 2690 μέσῳ,

392 2710 480 2764 διὰ
507 2707 663 2780 τίμὴ
693 2707 835 2760 εἴπω
879 2709 997 2775 μετ’
1042 2707 1268 2775 εἰρήνης
1295 2719 1309 2735 ο
1355 2723 1373 2755 ι
1411 2701 1744 2774 Ἀπέρχεσθε
1783 2701 1964 2762 καλῶς

391 2803 473 2864 είς
516 2801 614 2871 τὴν
645 2799 809 2867 ἁγίαν
856 2797 1057 2866 Σοφίαν
1109 2797 1234 2850 ὅθεν
1279 2796 1534 2867 βούλεσθε
1561 2810 1574 2824 '
1646 2793 1756 2860 ἐγὼ
1797 2794 1963 2847 πάλιν

374 2891 588 2946 ,διέλθω
617 2890 706 2943 διὰ
727 2893 826 2958 τῆς
858 2887 981 2941 ὁδοῦ
1015 2889 1082 2958 ἣν
1109 2888 1205 2940 καὶ
1240 2888 1360 2955 μεθ’
1390 2886 1543 2949 ὑμῶν
1573 2884 1756 2954 πολλῷ
1786 2887 1963 2953 χρόνῳ

373 2981 560 3051 .178
592 2979 922 3050 διηρχόμην,
970 2980 1065 3029 καὶ
1101 2976 1272 3045 καλὴν
1308 2977 1481 3045 αὐτὴν
1517 2977 1612 3028 καλ⁵
1641 2975 1770 3045 παρ’
1807 2974 1962 3042 ὑμῶν

2076 501 2152 570 μὴ
2181 500 2566 568 ὠφελήσασαν,
2608 500 2725 553 ἀλλ’
2759 501 2948 554 ἕνεκεν
2974 503 3070 568 τῆς
3107 503 3489 572 ἀσυμφωνίας.
3531 506 3663 556 lima

2071 591 2265 654 ἓνωσις
2295 592 2382 660 εἴη
2415 592 2523 644 τῶν
2549 591 2888 658 ἐκκλησιῶν,
2913 595 3007 645 καὶ
3035 583 3337 661 ὑστερήσαι
3372 611 3438 660 με
3465 597 3493 645 ό
3521 597 3662 653 (θεὶς

2068 683 2182 736 τῶν
2212 683 2512 753 ὀφθαλμῶν
2552 701 2678 754 μου.
2704 684 2869 738 Ἀλλᾶ
2897 685 2987 739 διὰ
3031 686 3123 750 τίς
3173 688 3256 738 ὅτι
3314 687 3411 738 καὶ
3440 687 3576 754 αὐτὴ
3617 690 3652 757 ἡ

2069 777 2172 848 τῆς
2201 777 2423 830 συνόδου
2471 777 2731 840 ὑπόθεσις
2765 772 2836 846 ἦν
2870 778 3018 830 αἰτία
3056 776 3249 849 πρώτη
3288 778 3382 830 καὶ
3434 782 3656 847 μεγάλη

2072 870 2160 922 ἵνα
2191 872 2418 938 γένηται
2468 871 2501 939 ἡ
2533 871 2675 924 κατά
2717 873 2817 938 τῆς
2863 871 3497 939 Κωνσταντινου-πόλεως
3539 872 3655 922 τῶν

2071 959 2289 1013 ἀσεϐῶν
2313 937 2527 1028 ἔφοδος,
2558 962 2655 1013 καὶ
2683 937 2792 1012 ἁπδ
2839 963 3052 1036 ταύτης.
3075 959 3240 1014 πάλιν
3276 937 3315 1028 ἰή
3360 961 3652 1028 πολιορκία

2071 1053 2166 1103 καὶ
2199 1051 2549 1121 αἰχμαλωσία
2584 1052 2682 1104 καὶ
2711 1051 2942 1121 τοιαύτη
2990 1053 3087 1105 καὶ
3118 1052 3356 1127 τοσαύτη
3390 1059 3647 1122 συμφορὰ

2071 1145 2260 1213 ἡμῶν
2297 1145 2394 1197 καὶ
2420 1145 2693 1196 ἀκούσατε
2725 1144 2912 1211 λόγους
2953 1143 3201 1213 ἀληθεῖς,
3239 1145 3335 1214 τὴν
3361 1146 3644 1212 Αὐτοαλή-

2071 1237 2224 1290 θειαν
2256 1236 2666 1305 προϐαλομένου
2705 1255 2805 1305 μου
2836 1238 3163 1308 μαρτυρίαν.

2145 1325 2312 1381 Εἵπεν
2346 1330 2374 1380 ό
2395 1327 2644 1397 ἀοίδιμος
2683 1328 2939 1396 βασιλεὺς
2971 1329 3076 1399 κὺρ
3104 1329 3361 1401 Μανουὴλ
3391 1331 3523 1400 πρδς
3549 1333 3642 1383 τδν

2069 1420 2189 1473 υἱὸν
2223 1418 2412 1487 αὐτοῦ,
2455 1419 2548 1473 τδν
2598 1419 2824 1488 βασιλέα
2853 1422 2958 1490 κὺρ
2983 1420 3264 1492 Ἰωάννην,
3314 1422 3474 1490 μόνος
3508 1423 3639 1492 πρδς

2071 1513 2254 1582 μόνον,
2297 1511 2480 1580 κάμοῦ
2519 1513 2683 1591 μόρου
2733 1513 3030 1580 ἱσταμένου
3065 1514 3377 1584 ἔμπροσθεν
3425 1514 3639 1566 αὐτῶνο

2070 1603 2164 1655 καὶ
2205 1605 2530 1666 ἐκπεσόντος
2574 1605 2735 1672 λόγου
2779 1607 2909 1672 περὶ
2931 1609 3030 1674 τῆς
3063 1606 3286 1658 συνόδου
3317 1605 3418 1676 ἔφη
3451 1623 3463 1634 ·
3494 1625 3515 1658 ‹
3545 1607 3638 1658 Υίέ

2073 1713 2202 1762 μου,
2235 1695 2466 1764 βεϐαίως
2503 1697 2595 1758 καὶ
2626 1695 2849 1766 ἀληθῶς
2875 1697 3221 1765 ἐπιστάμεθα
3255 1699 3317 1749 ὲκ
3347 1697 3512 1766 μέσου
3543 1699 3639 1765 τῆς

2071 1788 2301 1855 καρδίας
2328 1789 2510 1841 αὐτῶν
2537 1788 2600 1858 δὴ
2629 1789 2738 1841 τῶν
2769 1788 3002 1855 ἀσεϐῶν,
3041 1790 3124 1843 ὅτι
3155 1789 3274 1843 λίαν
3305 1791 3637 1857 διστάξουσι,

2070 1878 2399 1948 φοϐούμενοι
2454 1879 2526 1946 μή
2576 1895 2692 1942 πως
2730 1883 3188 1950 συμφωνήσωμεν
3228 1883 3322 1936 καὶ
3353 1882 3640 1951 ὲνωοῶμεν

2070 1973 2181 2031 τοῖς
2223 1969 2462 2033 δυτικοῖς
2510 1971 2862 2040 Χριστιανοϊς
2887 1988 2899 2001 ·
2934 1973 3084 2024 δοκεῖ
3113 1973 3220 2042 γὰρ
3267 1973 3451 2036 αὐτοῖς
3483 1973 3560 2027 ὃτι
3591 1977 3636 2024 εί

2067 2060 2226 2113 τοῦτο
2248 2061 2496 2130 γένηται,
2525 2062 2818 2131 γενήσεταί
2843 2079 2895 2114 τι
2926 2064 3101 2116 κακὸν
3132 2065 3276 2132 μέγα
3307 2065 3429 2118 xat,‘
3459 2065 3636 2118 αὐτῶν

2069 2153 2220 2222 παρὰ
2251 2152 2376 2206 τῶνι
2404 2154 2709 2222 εἰρημένων
2753 2155 2988 2206 δυτικῶν
3017 2155 3084 2207 δι’
3116 2157 3286 2225 ἡμᾶς.
3335 2156 3534 2208 Λοιπὸν
3578 2157 3637 2206 τὸ

2069 2245 2196 2309 περὶ
2229 2245 2326 2311 τῆς
2359 2243 2581 2296 συνόδου
2636 2245 2837 2313 μελέτα
2874 2246 2977 2316 μὲν
3014 2245 3144 2297 αὐτὸ
3197 2249 3290 2298 καὶ
3329 2245 3504 2313 ζήτει,
3544 2248 3636 2297 καὶ

2024 2324 2034 2335 ’
2071 2336 2304 2403 μάλιστα
2335 2337 2464 2388 ὅταν
2487 2337 2678 2404 χρείαν
2707 2336 2854 2407 ἔχεις
2888 2337 3126 2405 φοόἧσαι
3157 2339 3284 2401 τοὺς
3309 2339 3545 2401 ἀσεϐεῖς,
3575 2339 3636 2390 τὸ

2067 2429 2124 2479 δὲ
2166 2428 2393 2494 ποιῆσαι
2435 2429 2608 2497 αὐτὴν
2657 2432 2856 2499 μηκέτι
2891 2431 3269 2502 ὲπιχειρισθῇς
3312 2432 3465 2496 αὐτὸ,
3499 2433 3634 2487 διότι

2066 2519 2141 2582 ὡς
2173 2519 2358 2587 βλέπω
2389 2521 2517 2582 τοὺς
2547 2521 2881 2590 ἡμετέρους,
2911 2521 3010 2574 οῦκ
3043 2524 3179 2574 εἰσιν
3211 2525 3463 2594 ἁρμόδιον.
3500 2527 3635 2592 πρὶς

2066 2612 2128 2664 τδ
2154 2613 2338 2679 εὑρεῖν
2388 2612 2613 2680 μέθοδον
2647 2617 2740 2666 καὶ
2788 2615 2990 2684 τρόπον
3025 2615 3270 2679 ὲνώσεως
3317 2617 3637 2692 συμφωνίας

2065 2720 2125 2756 τε
2156 2706 2251 2757 καὶ
2289 2705 2512 2774 εἰρήνης
2551 2705 2711 2774 179
2753 2707 2847 2757 καὶ
2877 2697 3098 2778 ἀγάπης
3142 2709 3236 2760 καὶ
3278 2709 3551 2777 ὁμονοίας,
3584 2711 3634 2762 εί

2068 2795 2142 2865 μὴ
2175 2796 2518 2864 φροντίζουσι
2562 2799 2698 2864 πρὸς
2745 2798 2804 2850 τὸ
2841 2799 3166 2868 ἐπιστρέψαι
3215 2800 3438 2863 αὐτοὺς,
3481 2801 3631 2868 λέγω

2065 2888 2190 2949 τοὺς
2214 2887 2491 2953 δυτικοὺς,
2521 2889 2595 2950 ὡς
2623 2883 2764 2965 ἦμεν
2789 2891 3052 2960 ἀρχῆθεν.
3082 2891 3252 2945 Τοῦτο
3283 2893 3339 2946 δὲ
3371 2894 3635 2948 ἀδύνατον

2064 2976 2233 3040 ὅντως
2254 2995 2267 3008 ·
2303 2978 2492 3047 σχεδὸν
2525 2981 2632 3048 γὰρ
2667 2980 2942 3050 φοϐοῦμαι
2974 2981 3050 3052 μὴ
3081 2984 3173 3036 καὶ
3207 2986 3392 3055 χεῖρον
3427 2987 3631 3056 σχίσμα

393 3030 970 3142 ἶαῖἶῶνᾟροἒίένῷν
1029 3030 1482 3142 μαρτυρουμένην
1531 3067 1626 3120 καὶ
1679 3030 2032 3138 διἐῥχὲμέ-(ς
2065 3030 3629 3144 γένηὲαιοᾯαιιδοέιὲιπὲκαλῡῗρθηᾷεξιτοῖςῖσξσέσιῗιτῖξ

383 3255 577 3322 -ιίεηυο
624 3262 729 3305 tam
782 3247 1046 3306 senatorii
1077 3247 1310 3312 ordinis,
1341 3262 1504 3315 quam
1541 3244 1797 3300 Ecclesiae
1828 3245 1957 3299 viris

389 3344 728 3415 primoribus
776 3327 1128 3396 ct'univcrsis
1159 3338 1550 3408 prepemodum
1599 3339 1972 3406 metrupolitis

391 3447 447 3490 et
475 3435 771 3505 episcopis,
808 3439 1028 3502 propter
1067 3445 1209 3492 eam,
1239 3443 1402 3510 quam
1429 3426 1815 3488 meditabatur,
1861 3428 1954 3482 sed

391 3531 478 3586 cui
512 3544 620 3583 non
649 3525 870 3596 profuit,
907 3514 1012 3590 vel,
1045 3532 1104 3578 ut
1132 3524 1312 3592 aptius
1350 3521 1550 3584 dicam,
1581 3533 1703 3589 quae
1727 3518 1840 3588 ipsa
1875 3519 1958 3571 ni-

392 3625 468 3679 hil
495 3621 720 3694 profuit,
757 3616 1043 3673 Florentiae
1088 3623 1334 3669 coactam
1377 3613 1642 3683 synodum
1683 3610 1954 3665 discessit.

383 3718 448 3772 -ιη
481 3733 542 3770 ea
583 3715 746 3785 igitur
795 3726 918 3765 cum
969 3707 1195 3777 reliquis
1233 3707 1494 3760 omnibus
1531 3703 1669 3758 nihil
1731 3701 1957 3771 profecit

392 3809 688 3877 imperator
721 3823 733 3857 :
773 3801 922 3870 quod
962 3814 1069 3852 non
1110 3797 1178 3852 de
1207 3797 1480 3865 dogmatis
1513 3791 1771 3848 Ecclesia:
1795 3793 1951 3848 dico:

390 3912 453 3952 ea
489 3895 634 3950 enim
663 3894 786 3946 aliis
819 3894 941 3944 data
982 3885 1449 3954 suntjudicanda,
1487 3897 1552 3936 ac
1589 3880 1722 3943 mihi
1757 3878 1956 3934 snﬂicit

295 4037 303 4048 .
383 3991 549 4064 quasi
585 3988 900 4043 haereditate
929 4000 968 4037 -υ
1009 3981 1312 4050 majoribus
1357 3986 1579 4046 accepta
1621 3977 1776 4042 ﬁdes,
1822 3990 1956 4044 quo-

391 4088 537 4140 niam
577 4098 606 4135 a
640 4085 858 4136 nemine
877 4075 1166 4131 contraria:
1183 4073 1360 4143 par-tis
1387 4069 1597 4126 assecla
1624 4067 1828 4130 audivi,
1856 4067 1955 4121 do-

390 4185 571 4248 gmata
605 4184 788 4230 nostra
817 4156 995 4239 prava
1017 4183 1159 4231 esse,
1191 4167 1302 4221 imo
1323 4165 1503 4235 potius
1527 4163 1757 4234 pulchra
1779 4171 1833 4216 et
1858 4174 1957 4213 an-

393 4273 564 4340 tiqua,
584 4278 894 4338 quanquam
919 4275 1016 4316 nec
1039 4275 1137 4314 sua
1155 4259 1405 4328 dogmata
1432 4269 1614 4324 prava,
1650 4256 1742 4309 sed
1761 4263 1815 4307 et
1837 4252 1956 4317 ipsa

2061 3264 2226 3318 quam
2258 3250 2537 3306 vobiscum
2571 3252 2662 3306 diu
2699 3256 2977 3322 usurpavi,
3016 3264 3068 3310 et
3089 3259 3371 3327 pulchram
3401 3261 3542 3314 illam
3575 3273 3627 3316 et

2061 3357 2092 3395 a
2126 3343 2393 3396 nobismet
2411 3359 2472 3395 ac
2499 3346 2794 3413 majoribus
2814 3349 3096 3416 probatam
3119 3363 3537 3421 usui-palamque
3557 3354 3609 3405 ?o

2063 3433 2178 3487 Non
2214 3435 2313 3488 hac
2373 3435 2441 3488 de
2471 3450 2634 3488 causa
2672 3437 2838 3504 igitur
2873 3440 3141 3510 synodum
3193 3444 3328 3498 nihil
3357 3445 3615 3515 profuisse

2060 3524 2197 3592 dixi,
2227 3527 2320 3580 sed
2353 3537 2573 3596 promer
2607 3528 2962 3587 discordiam.
2996 3531 3216 3587 Utinam
3255 3539 3402 3592 lieret
3441 3540 3623 3592 conci-

2062 3618 2214 3673 liatio
2239 3620 2600 3673 ecclesiarum
2638 3619 2652 3673 !
2687 3621 2770 3676 sic
2793 3637 2892 3690 ego
2917 3639 3025 3677 non
3057 3641 3394 3692 recusarem,
3424 3632 3622 3698 privari

2062 3725 2148 3764 me
2204 3726 2234 3764 a
2272 3710 2380 3765 Deo
2401 3709 2598 3764 oculis.
2639 3710 2906 3766 Nimirum
2939 3715 3053 3783 ipsa
3089 3716 3234 3774 illius
3260 3721 3451 3790 synodi
3477 3737 3627 3790 qua!-

2059 3803 2168 3857 stio
2207 3817 2369 3857 causa
2425 3805 2600 3872 prima
2640 3811 2694 3858 et
2730 3809 3054 3874 gravissima
3092 3819 3208 3863 erat
3267 3791 3629 3882 expeditionis

2058 3896 2125 3951 ab
2153 3897 2333 3965 impiis
2352 3907 2539 3950 contra
2571 3895 2779 3966 Cpolim
2809 3910 3078 3968 suscepta:
3102 3913 3266 3973 atque
3285 3905 3478 3960 deinde
3495 3923 3628 3961 con-

2057 3997 2261 4042 secutae
2289 3988 2628 4043 obsessionis
2658 3999 2714 4042 et
2741 3994 3170 4061 expugnationis
3196 4007 3249 4050 et
3279 4005 3443 4051 tantm
3465 3999 3627 4064 hujus

2057 4077 2228 4132 cladis
2285 4088 2485 4133 nostrae
2516 4095 2530 4132 :
2572 4081 2713 4148 agite
2747 4081 2932 4136 audite
2966 4101 2979 4148 ;
3015 4085 3303 4143 audituros
3356 4105 3452 4146 vos
3507 4106 3627 4145 esse

2057 4171 2399 4225 narrationes
2433 4186 2611 4234 veras,
2649 4180 2820 4226 testor
2863 4189 3012 4240 eum,
3038 4179 3231 4246 quiest
3265 4180 3378 4249 ipsa
3407 4182 3624 4236 veritas.

2129 4265 2419 4320 Gloriosus
2450 4266 2748 4331 imperator
2784 4267 2995 4324 Manuel
3031 4270 3295 4327 Joannem
3334 4275 3500 4328 tilium
3525 4277 3625 4329 im-

384 4361 614 4431 pulchra
635 4372 758 4412 esse
791 4351 1148 4409 contendunt.
1185 4350 1358 4414 Quam
1389 4362 1500 4401 rem
1527 4346 1602 4399 ita
1635 4343 1819 4398 licebit
1851 4357 1949 4396 ex-
1977 4390 2030 4452 Β
2059 4365 2358 4425 ροηιοτεηι
2384 4356 2533 4410 solus
2559 4358 2761 4420 solum,
2791 4373 2876 4413 me
2900 4361 3062 4414 unico
3092 4370 3461 4430 asummcum
3489 4363 3629 4420 forte

387 4450 566 4519 emplo
592 4447 884 4501 illustrare.
922 4440 978 4494 Si
1013 4439 1094 4492 via
1127 4439 1216 4492 illa
1241 4452 1336 4506 per
1375 4435 1610 4490 mediam
1648 4435 1838 4487 urbem
1870 4433 1948 4485 l'e-

388 4553 541 4598 rcnte
577 4540 736 4609 plana
770 4543 823 4590 et
847 4532 1026 4600 ampla
1057 4546 1152 4600 per
1180 4530 1399 4598 longum
1424 4526 1686 4594 temporis
1719 4525 1950 4593 spatium

389 4649 514 4687 cum
571 4630 697 4683 aliis
746 4623 1074 4696 quibusdam
1111 4619 1342 4690 profecti
1379 4631 1630 4672 essemus
1653 4614 1721 4668 ad
1749 4625 1952 4670 sanctae

391 4723 610 4794 Sophim
640 4715 922 4788 templum,
965 4713 1180 4775 deinde,
1221 4719 1344 4780 post
1384 4707 1600 4777 aliquod
1629 4719 1843 4774 tempus
1872 4706 1954 4757 in-

291 4826 300 4840 ·
394 4826 552 4872 venta
589 4831 616 4864 a
670 4809 949 4866 nonnullis
995 4806 1100 4860 alia
1131 4805 1238 4868 via,
1267 4813 1321 4856 et
1359 4801 1503 4870 ipsa,
1548 4799 1704 4852 utilli
1734 4797 1950 4864 quidem

390 4911 654 4968 dicerent,
676 4903 867 4956 eodem
898 4901 1126 4963 ferente,
1155 4896 1574 4950 cohortarentur
1605 4905 1690 4944 me
1717 4891 1800 4944 his
1835 4905 1954 4944 vcr-

389 5001 507 5056 bis:
538 5015 556 5047 ι
586 4994 751 5050 Utare
777 5003 832 5047 tu
859 5006 1078 5061 quoque
1107 4990 1230 5054 bac,
1261 5001 1423 5056 quam
1457 4983 1902 5061 invenimnsqia
1933 4999 1948 5048 ;

388 5053 602 5146 etiamsi
630 5087 774 5142 enim
798 5053 1046 5153 ista,qua
1079 5091 1133 5136 tu
1164 5053 1352 5144 uteris,
1393 5078 1616 5149 pulchra
1647 5085 1700 5132 et
1724 5053 1948 5145 antiqua

389 5191 474 5238 est
503 5197 566 5236 ac
606 5179 763 5236 nobis
802 5176 1009 5246 pridem
1052 5183 1178 5228 nota
1218 5181 1272 5227 et
1301 5171 1580 5227 vobiscum
1617 5171 1836 5233 usitata,
1870 5180 1950 5221 ta-

391 5291 513 5330 men
528 5274 690 5327 etiam
715 5271 826 5324 haec
847 5267 1070 5337 pulchra
1093 5276 1194 5326 est,
1215 5279 1378 5335 quam
1402 5277 1546 5318 nunc
1562 5261 1900 5323 invenimus;
1928 5252 1948 5308 ὸ

386 5383 488 5437 ego
524 5375 706 5419 autem
748 5362 816 5415 ab
856 5359 978 5414 aliis
1010 5357 1280 5421 audirem,
1319 5355 1598 5424 pulchram
1637 5366 1755 5405 eam
1801 5363 1949 5412 esse,

391 5462 456 5510 ab
479 5456 622 5519 aliis,
654 5469 761 5509 non
794 5450 1094 5523 pulchram,
1114 5459 1362 5516 BSSMque
1387 5446 1528 5501 inter
1547 5456 1806 5513 utrosque
1832 5443 1954 5497 dis-

390 5547 576 5603 sensio
605 5555 659 5601 et
685 5543 955 5600 discordia
983 5559 996 5594 :
1032 5539 1220 5610 quidni
1261 5553 1362 5607 ego
1390 5538 1571 5607 quiete
1616 5536 1687 5588 ita
1720 5549 1951 5602 respon-

388 5641 607 5693 derem:
643 5657 660 5689 ι
700 5637 775 5692 Ite
821 5651 938 5701 vos,
969 5649 1075 5705 qua
1111 5633 1307 5702 placet,
1337 5631 1403 5684 ad
1457 5630 1710 5698 templum
1755 5637 1957 5682 sanctae

397 5730 613 5800 Sophia:
637 5750 662 5796 .;
694 5744 793 5800 ego
824 5730 1052 5799 posthac
1081 5741 1300 5797 quoque
1326 5723 1606 5794 usurpabo
1640 5721 1776 5777 viam
1811 5735 1953 5786 eam,

2061 4450 2126 4501 de
2156 4448 2364 4517 synodo
2402 4447 2608 4502 mentio
2641 4450 2946 4515 incidisset,
2986 4453 3066 4514 sic
3100 4463 3182 4510 cst
3211 4455 3443 4510 allatus:
3481 4475 3500 4507 ι
3526 4456 3625 4510 Fili

2062 4538 2156 4602 mi,
2179 4539 2378 4606 inquit,
2414 4553 2542 4592 vere
2596 4554 2661 4594 ac
2684 4549 2835 4594 certo
2875 4544 3084 4598 scimus
3114 4547 3412 4614 exploratis
3439 4549 3629 4616 impio-

2063 4645 2177 4683 rum
2203 4629 2410 4684 intimis
2436 4632 2712 4695 sensibus,
2746 4637 3099 4691 vehementer
3130 4655 3226 4694 eos
3258 4642 3380 4710 angi
3421 4657 3484 4695 ac
3513 4642 3628 4696 fur-

2011 4751 2014 4756 -
2063 4724 2289 4788 midare,
2349 4738 2415 4775 ne
2479 4725 2698 4792 quando
2750 4728 3106 4782 conciliemur
3139 4743 3193 4785 et
3231 4734 3627 4803 conjungamur

2061 4828 2183 4868 Cum
2206 4813 2533 4868 Christianis
2559 4816 3012 4872 occidentalibus.
3037 4819 3157 4875 Hoc
3179 4824 3324 4876 enim
3357 4825 3535 4890 sitiat,
3555 4827 3623 4879 ab

2063 4908 2150 4970 iis,
2197 4922 2334 4976 quos
2378 4907 2510 4969 dixi.
2555 4908 2983 4965 occidentalibus
3031 4929 3230 4982 magno
3269 4934 3388 4974 sese
3423 4920 3622 4974 damno

2061 5011 2280 5070 propter
2305 5016 2403 5055 nos
2432 5011 2722 5054 mactatum
2748 5003 2811 5055 iri
2838 5007 3050 5070 putant.
3070 5005 3335 5061 Caeterum
3357 5011 3534 5079 cogita
3556 5015 3623 5067 de

2059 5093 2265 5163 synodo
2295 5101 2349 5146 et
2384 5107 2495 5145 rem
2539 5106 2686 5146 curat
2723 5095 2884 5161 habe,
2923 5099 3252 5165 praesertim,
3307 5116 3430 5156 cum
3473 5104 3624 5174 impii

2051 5185 2151 5240 tibi
2184 5183 2410 5237 timendi
2442 5192 2602 5248 sunt;
2633 5199 2825 5254 cogere
2855 5197 3035 5240 autem
3068 5205 3183 5242 cam
3209 5207 3273 5244 ne
3298 5192 3409 5260 jam
3439 5210 3627 5265 aggre-

2055 5275 2228 5338 diare,
2256 5276 2516 5342 quoniam
2549 5284 2842 5339 nostrates,
2874 5287 2932 5331 ut
2962 5279 3094 5331 mihi
3136 5282 3357 5349 quidem
3389 5285 3622 5352 videtur,

2052 5367 2122 5420 ad
2151 5366 2524 5419 inveniendam
2552 5367 2820 5420 rationem
2849 5369 3182 5440 modumque
3199 5375 3623 5442 coniunctionis,

2056 5472 2378 5521 consvnsus,
2421 5458 2591 5526 pacis,
2643 5457 2931 5531 charitatis
2957 5470 3010 5514 et
3066 5465 3373 5524 concordiae
3421 5483 3628 5536 nequa-

2059 5563 2222 5616 quam
2263 5548 2371 5616 apti
2429 5558 2579 5612 sunt,
2611 5549 2705 5604 sed
2755 5564 2872 5616 eos,
2912 5553 3277 5611 occidentales
3307 5557 3448 5622 dico,
3499 5560 3629 5614 tales

2065 5641 2241 5693 facere
2260 5642 2501 5693 animum
2525 5643 2814 5708 inducunt,
2837 5643 3030 5712 quales
3066 5645 3270 5700 fuimus
3301 5651 3644 5718 antiquitus.-

2065 5731 2224 5797 Quod'
2266 5731 2507 5803 profecto
2535 5734 2653 5798 fieri
2683 5750 2791 5803 non
2825 5746 3038 5806 potest;
3075 5754 3136 5795 ac
3163 5740 3326 5795 timeo
3361 5755 3518 5809 pene,
3563 5759 3627 5796 ne
