4066 6296
411 379 522 446 ’ἵεῦ
601 437 618 455 ,

1461 391 1904 454 CHRONICON
1937 394 2211 460 MAJUS.
2237 419 2304 432 -
2344 399 2497 459 LIB.
2539 398 2624 460 II.

3531 401 3645 464 7-86

397 491 454 548 δὲ
487 488 770 559 βασιλέως,
795 492 962 560 εδοξε,
990 495 1065 566 μὴ
1095 493 1396 567 δεξαμένου
1427 501 1519 556 τὸν
1542 503 1700 572 λόγον
1728 505 1822 558 τοῦ
1857 524 1965 561 ἰτα⁴
1993 507 2044 566 Α
2070 509 2162 562 τοῦ
2220 509 2490 579 βασιλέως
2547 511 2656 566 ἀπὸ
2703 513 2798 583 τῆς
2833 514 3039 574 πόλεως
3093 515 3193 568 καὶ·
3234 515 3638 583 ἀπερχομένου,

397 578 526 656 τρδς
558 583 748 652 αὐτοῦ,
790 588 953 657 μηδὲν
995 590 1164 643 εἰπὼν
1198 593 1435 656 ἀναστὰς
1465 597 1700 665 ἀπῆλθε.
1737 600 1845 652 Καὶ
1883 619 1967 668 μι-

395 677 529 746 κρδν
590 678 814 740 σύννους
867 682 1102 748 γεγονὼς
1146 687 1175 736 ὁ
1211 688 1526 757 μακαρίτης
1576 692 1671 743 καὶ
1723 692 1966 761 ἀοίδιμος

397 771 581 840 πατὴρ
606 771 795 836 αὑτοῦ,
848 773 1126 843 ἐμϐλέψας
1179 779 1313 848 πρὸς
1349 781 1415 848 μὲ
1463 775 1616 834 sim‘
1647 802 1665 835 ι
1704 787 1860 837 Δοκεῖ
1885 786 1965 855 τῷ

399 863 611 930 βασιλεῖ
639 863 714 932 τῷ
748 864 847 934 υίῷ
884 882 988 935 μου
1021 867 1160 921 εἶναι
1203 871 1368 925 αὐτὸν
1399 874 1664 944 ἁρμόδιον
1712 877 1959 950 βασιλέα,

398 956 538 1025 πὶὴν
567 957 628 1008 ού
657 957 749 1010 τοῦ
778 960 1046 1027 παρόντος
1077 964 1274 1033 καιροῦ
1295 983 1306 996 ·
1337 967 1527 1034 βλέπει
1559 973 1666 1040 γὰρ
1694 975 1788 1024 καὶ
1827 989 1958 1041 φρο-

395 1047 478 1096 νεῖ
509 1047 742 1114 μεγάλα,
786 1051 879 1102 καὶ
903 1052 1128 1106 τοιαῦτα
1157 1050 1243 1107 οἷα
1295 1059 1342 1109 οἱ
1375 1061 1558 1128 καιροὶ
1607 1061 1836 1130 ἔχρῃζον
1870 1065 1964 1116 ἐπὶ

361 1136 498 1215 ’τῆς
525 1137 830 1206 εὐημερίας
863 1140 971 1193 τῶν
1005 1146 1286 1212 προγόνων
1311 1150 1489 1217 ἡμῶν.
1526 1151 1672 1220 Πλὴν
1695 1157 1758 1223 τῇ
1791 1155 1962 1225 σήμε-

399 1240 491 1288 ρον
510 1227 585 1289 ὠς
611 1231 1115 1300 παρακολουθοῦσιν
1147 1239 1293 1306 ἡμᾶς
1327 1241 1393 1294 τὰ
1417 1244 1736 1313 πράγματα,
1766 1247 1826 1299 οὐ
1866 1249 1962 1314 βα·-

397 1315 549 1369 σιλέα
580 1318 721 1373 θέλει
746 1321 901 1390 ἡμῶν
923 1326 955 1394 ἡ
979 1327 1146 1398 ἀρχὴ,
1179 1330 1294 1382 ἀλλ’
1329 1333 1616 1401 οίκονόμον
1639 1353 1652 1366 ·
1686 1337 1961 1405 φοϐοῦμαι

394 1406 502 1478 γὰρ
533 1409 606 1478 μή
637 1427 767 1463 ποτε
796 1414 858 1466 ἐκ
886 1415 994 1466 τῶν
1026 1421 1348 1489 ποιημάτων
1381 1424 1476 1477 καὶ
1511 1427 1961 1498 ἐπιχειρημάτων

392 1500 556 1552 αὑτοῦ
596 1504 818 1573 γένηται
846 1508 1126 1580 χαλασμδς
1159 1514 1254 1567 τοῦ
1283 1515 1433 1570 οῐκου
1462 1503 1651 1571 τούτου
1671 1537 1682 1548 ·
1713 1522 1960 1589 προεῖδον

392 1592 502 1660 γὰρ
552 1596 647 1648 καὶ
697 1597 793 1659 τὰς
837 1600 1166 1670 ἐνθυμήσεις
1218 1608 1406 1671 αὑτοῦ,
1450 1610 1544 1662 καὶ
1581 1612 1680 1664 ὅσα
1736 1614 1956 1678 ἐδόξασε

391 1685 739 1754 κατορθῶσαι
784 1694 1047 1759 μετά”τοῦ
1090 1697 1418 1769 Μουσταφᾶ,
1449 1703 1540 1754 καὶ
1583 1699 1724 1756 εἶδον
1769 1707 1863 1758 καὶ
1889 1709 1961 1761 τὰ

389 1770 517 1841 τέλη
571 1775 681 1829 τῶν
730 1778 1040 1850 δογμάτων,
1094 1787 1152 1837 ὲν
1198 1787 1304 1842 τίνι
1360 1792 1595 1862 κινδύνῳ
1630 1795 1776 1863 ἡμᾶς
1820 1797 1958 1866 ἠγα-

389 1877 502 1928 γον.
532 1884 552 1915 ι

459 1955 685 2028 Ἕτερον
715 1961 969 2030 βεϐαιοῦν
1017 1961 1115 2037 τήν
1159 1987 1286 2023 ποτε
1324 1973 1524 2044 βουλὴν
1564 1976 1659 2029 τοῦ
1705 1979 1956 2049 ἀοιδίμου

386 2050 592 2144 πατρὸς
651 2052 838 2107 αὐτοῦ.
909 2056 996 2122 Ὠς
1050 2060 1270 2130 ἔκρινεν
1320 2065 1407 2118 ἵνα
1466 2070 1678 2141 ἀπέλθῃ
1731 2073 1810 2134 είς
1855 2074 1956 2144 τὴν

382 2135 622 2203 σύνοδον,
657 2143 861 2214 ἐστάλη
896 2151 1033 2218 πρὸς
1061 2154 1151 2205 τὸν
1188 2157 1415 2226 ἀμηρᾶν
1462 2135 1706 2229 πρέσϐυς
1738 2135 1957 2236 Ἀνδρό-

383 2244 530 2293 νικος
575 2236 601 2284 ὁ
651 2237 873 2306 Ἰαγρος
926 2241 1171 2310 δηλῶσαι
1223 2249 1384 2304 τοῦτο
1438 2254 1575 2320 πρὸς
1625 2259 1831 2311 ἐκεῖνον
1881 2260 1955 2322 ὡς

378 2321 522 2388 τάχα
551 2325 703 2391 φίλον
737 2333 829 2383 καὶ
854 2332 1087 2403 ἀδελφόν
1107 2353 1121 2366 ·
1151 2341 1402 2406 κάκεῖνος
1433 2345 1773 2414 ἀπεκρίνατο

378 2413 460 2465 ὅτι
491 2435 508 2465 ι
543 2419 616 2470 UO
648 2422 902 2486 φαίνεταί
937 2444 1028 2495 μοι
1053 2431 1220 2484 καλὸν
1249 2429 1390 2488 εἶναι
1423 2437 1509 2489 ἵνα
1536 2438 1723 2512 ὑπάγῃ
1751 2443 1840 2493 καὶ
1863 2460 1950 2494 το-

381 2505 570 2561 σοῦτον
621 2513 874 2586 μοχθήσῃ
921 2521 1015 2572 καὶ
1064 2525 1430 2599 καταναλώσῃ
1474 2530 1566 2582 τὸν
1599 2505 1722 2601 βίοῦ
1757 2534 1947 2599 αὐτοῦ,

377 2600 473 2660 καὶ
504 2604 803 2670 μετέπειτα
831 2610 885 2662 τί
919 2611 979 2664 τὸ
1010 2614 1237 2684 κέρδος;
1276 2619 1408 2673 Ἰδοὺ
1445 2622 1557 2689 ἐγὼ
1583 2600 1724 2692 ύπὲρ
1758 2627 1946 2691 αὑτοῦ,
1991 2645 1993 2648 ·

377 2694 425 2744 εί
454 2697 646 2764 χρείαν
682 2698 793 2768 ἔχει
822 2707 1126 2771 χρημάτων
1155 2706 1221 2760 δι’
1259 2708 1437 2774 ἔξοδον
1471 2715 1564 2766 καὶ
1595 2715 1802 2769 εἴσοδον
1852 2721 1947 2771 καὶ

375 2783 504 2839 ἄλλο
529 2805 578 2841 τι
615 2791 753 2858 πρὸς
802 2793 1106 2864 θεραπείαν
1136 2801 1326 2865 αὑτοῦ,
1364 2805 1590 2874 ἕτοιμός
1632 2809 1751 2879 ειμι
1789 2809 1948 2880 θερα-

381 2876 578 2933 πεῦσαι
612 2883 827 2938 αὐτόν.»
862 2889 971 2941 Καὶ
999 2892 1219 2958 ἐγένετο
1244 2897 1414 2961 πολὺς
1439 2899 1599 2966 λόγος
1633 2876 1726 2954 καὶ
1757 2876 1942 2974 βουλὴ,

373 2969 614 3049 πότερον,
636 2975 864 3047 γένηται
891 2981 952 3033 τὺ
983 2984 1074 3035 τοῦ
1108 2987 1302 3056 ἀμηρᾶ
1331 2989 1569 3059 θέλημα,
1611 2994 1641 3062 ἢ
1681 2969 1943 3052 ἀπελθείν

373 3062 572 3127 αὐτοὺς
601 3067 680 3130 είς
708 3069 806 3138 τὴν
840 3071 1079 3129 σύνοδον.
1108 3077 1296 3146 Ὅμως
1330 3081 1552 3146 ἐγένετο
1577 3083 1714 3156 ὅπερ
1746 3086 1943 3156 ἤθελεν

2070 601 2432 657 ἐϐουλεύσατο
2486 605 2514 658 ό
2558 605 2785 676 ἀμηρᾶς
2831 606 3058 676 ποιῆσαι
3115 606 3297 677 μάχην
3350 609 3492 662 κατὰ
3545 611 3642 676 τῆς

2069 694 2278 757 πόλεως
2327 695 2419 748 καὶ
2469 697 2813 765 στρατόπεδα
2865 698 3083 767 πέμψαι
3136 698 3260 752 κατ’
3303 699 3495 768 αὐτῆς.
3531 702 3642 754 Καὶ

2067 784 2224 837 τοῦτο
2267 786 2418 856 παρὰ
2450 789 2586 840 πᾶσι
2621 791 2732 850 τοῖς
2766 788 2932 842 αὑτοῦ
2983 789 3290 861 ἐϐεϐαιώθη
3321 791 3440 843 λκαὶ
3488 793 3642 843 ὲστε-

2071 876 2272 947 ρεὼθη,
2303 879 2431 932 ἄνευ
2475 880 2640 949 μόνου
2676 879 2768 932 τοῦ
2803 881 2974 934 Χαλὶλ
3021 883 3265 950 μττασιᾶ,
3295 883 3444 942 ὅστις
3478 883 3638 935 ἀντέ-

2068 986 2190 1039 στη,
2211 971 2384 1038 λέγων
2411 974 2491 1026 ὅτι
2522 991 2541 1025 ι
2563 974 2622 1026 Ei
2643 974 2784 1027 κατὰ
2805 975 2906 1043 τῆς
2929 975 3138 1038 πόλεως
3160 977 3407 1044 ποιήσεις
3431 977 3636 1046 μάχην,

2069 1065 2269 1133 μᾶλλόν
2324 1066 2472 1120 ἐστιν
2525 1067 2838 1131 ἐπιϐλαϐές,
2886 1070 2962 1138 μή
3027 1087 3143 1132 πως
3193 1071 3220 1121 ὁ
3277 1068 3534 1137 βασιλεὺς
3581 1069 3642 1132 ἐξ

2065 1154 2312 1226 ἀνάγκης
2359 1149 2572 1224 δεηθεὶς
2609 1159 2762 1227 παρὰ
2785 1159 2894 1212 τῶν
2925 1159 3175 1212 Λατίνων
3208 1159 3466 1229 βοήθειαν
3516 1163 3640 1212 ἑπι-

2066 1248 2290 1318 κυρώσῃ
2321 1247 2388 1301 τὰ
2423 1248 2672 1316 δόγματα
2709 1251 2914 1315 αὐτῶν,
2947 1250 3040 1304 καὶ
3067 1252 3474 1320 ὀμονοήσαντες
3501 1249 3639 1320 ὁμοῦ

2063 1342 2404 1410 γενήσονται,
2439 1341 2577 1409 ὅπερ
2605 1341 2975 1411 ἐνδοιάζομεν.
3011 1342 3156 1396 Ἀλλ’
3190 1343 3329 1407 ἄφες
3354 1341 3487 1393 αὐτὸ
3521 1341 3638 1401 νῦν.

2061 1432 2166 1496 ἕως
2219 1432 2286 1487 ἂν
2327 1433 2441 1504 ἴδῃς
2489 1434 2542 1486 τί
2591 1435 2789 1502 πράξει
2821 1437 3002 1498 αὐτὸς,
3038 1435 3129 1487 καὶ
3179 1436 3227 1486 εί
3280 1433 3381 1501 μὲν
3409 1433 3638 1500 ὀμονοή-
3685 1443 3690 1447 ·

2065 1540 2222 1589 σωσι,
2252 1526 2316 1580 σὺ
2372 1527 2598 1596 ἀγάπην
2643 1527 2732 1596 ἔχε
2790 1532 2907 1598 μετ’
2943 1529 3171 1582 ἐκείνων
3202 1527 3296 1581 καὶ
3326 1529 3528 1594 ὅρκους
3557 1527 3639 1585 εἰς

2060 1619 2120 1671 τὸ
2151 1621 2337 1688 πρόσω
2368 1620 2535 1674 πάλιν
2558 1635 2572 1648 ο
2607 1621 2681 1683 ὡς
2711 1621 2850 1691 ἴδῃς,
2883 1623 3030 1675 οὕτω
3081 1623 3175 1674 καὶ
3207 1620 3437 1690 πράξεις
3460 1633 3477 1648 ο
3515 1619 3564 1669 εἰ
3591 1616 3638 1668 δ’

2059 1711 2154 1779 οὐχ
2194 1713 2538 1780 ὁμονοήσωσι
2567 1752 2581 1774 ,
2639 1714 2760 1765 τότε
2826 1713 3029 1780 μᾶλλον
3067 1713 3352 1782 ἐξέρχεται
3401 1712 3429 1763 ὁ
3481 1712 3635 1778 λογι-

1997 1841 2034 1891 B
2062 1805 2218 1868 σμὸς,
2245 1807 2337 1858 καὶ
2364 1805 2503 1872 μετὰ
2535 1805 2780 1866 πλείονος
2809 1805 3045 1873 Θάρσους
3071 1806 3319 1874 ποιήσεις
3339 1805 3368 1856 ὃ
3394 1803 3579 1876 βούλῃ.
3611 1823 3628 1854 ι

2065 1894 2172 1946 Καὶ
2225 1894 2364 1963 αὕτη
2415 1897 2447 1964 ἡ
2499 1894 2666 1966 βουλὴ
2718 1896 2810 1948 τὶν
2861 1896 2960 1963 μὲν
3011 1897 3235 1965 ἀμηρᾶν
3282 1896 3377 1948 τοῦ
3429 1894 3668 1947 σκοποῦ*

2061 1979 2358 2045 ἐκώλυσεν,
2398 1984 2527 2052 περὶ
2574 1984 2631 2036 δὲ
2673 1984 2769 2036 τοῦ
2814 1986 2988 2038 Χαλὶλ
3027 1987 3243 2053 μπασιᾶ
3288 1986 3388 2056 τὴν
3435 1983 3634 2054 βουλὴν

2059 2073 2242 2136 δόντος
2274 2076 2352 2144 τῷ
2385 2078 2564 2147 καιρῷ
2598 2079 2792 2149 μαθεῖν
2823 2083 2972 2151 ἡμᾶς
2996 2082 3131 2136 ἄλλα
3163 2084 3272 2134 τῶν
3303 2081 3504 2134 ἄλλων.
3559 2134 3567 2141 ,

2133 2167 2288 2235 181
2340 2167 2396 2220 Ὀ
2456 2165 2549 2222 οὖν
2595 2171 2862 2239 αὐθέντης
2917 2191 3020 2240 μου
3073 2172 3101 2223 ὁ
3147 2173 3419 2238 δεσπότης
3455 2174 3546 2226 καὶ
3581 2174 3631 2226 οι

2058 2258 2320 2328 ἄρχοντες
2370 2259 2698 2329 ὲξώρθωσαν
2748 2263 2838 2314 τὸν
2887 2263 3252 2330 Παλαιο).όγον
3298 2264 3502 2332 Θωμᾶν
3537 2265 3632 2316 καὶ

2057 2351 2194 2420 πρὸς
2252 2352 2342 2403 τὸν
2382 2351 2604 2421 βασιλέα
2654 2355 3023 2408 ἀπέστειλαν·
3077 2357 3172 2408 καὶ
3223 2355 3485 2424 λογισμὸς
3537 2356 3630 2408 καὶ

2054 2443 2322 2510 τρικυμία
2375 2446 2432 2495 ἐν
2471 2446 2538 2515 τῇ
2584 2445 2738 2499 πόλει
2787 2447 3085 2514 περιέπεσε
3141 2447 3394 2516 πλείστη.
3429 2448 3532 2502 ἕως
3569 2441 3629 2500 οὗ

2056 2531 2220 2584 πάλιν
2274 2534 2552 2603 ἐμάθομεν
2597 2537 2699 2607 τὴν
2741 2537 3046 2605 ίσχύσασαν
3087 2538 3287 2607 βουλὴν
3326 2537 3420 2590 τοῦ
3459 2537 3628 2590 Χαλῖλ

2057 2623 2297 2689 μττασιᾶ.
2344 2623 2452 2674 Καὶ
2487 2625 2617 2690 ἰδοὺ,
2645 2625 2721 2688 ὡς
2751 2629 2862 2693 ἐγὼ
2891 2629 3178 2696 προεῖπον,
3203 2628 3279 2696 μὴ
3306 2628 3496 2680 ἕνεκεν
3525 2629 3632 2680 ’ὠν
3718 2618 3724 2624 ’

2051 2712 2311 2764 τοιούτων
2345 2717 2683 2778 σκανδάλων,
2719 2719 2776 2770 τὸ
2804 2719 2878 2781 ὡς
2917 2720 2992 2790 μὴ
3021 2719 3197 2788 ὤφελε
3233 2719 3498 2786 γενέσθαι
3531 2721 3630 2789 τὴν

2053 2805 2297 2860 σύνοδον.

2123 2899 2232 2951 Καὶ
2262 2899 2360 2969 τὴν
2401 2901 2500 2967 μὲν
2547 2899 2652 2954 ἀπὸ
2688 2903 3319 2966 Κωνσταντινουπόλεω;
3368 2905 3448 2967 είς
3484 2905 3628 2957 Ἰτα-

2049 2989 2169 3042 λίαν
2225 2992 2497 3059 περίοδον,
2533 2994 2610 3054 ὡς
2666 2995 2936 3066 περισσὴν
2986 2995 3174 3054 οὖσαν,
3208 2998 3396 3066 γραφῇ
3448 3013 3629 3062 παρα-

2046 3080 2230 3133 δοῦναι
2280 3083 2367 3134 διὰ
2394 3083 2452 3135 τὸ
2492 3085 2670 3152 μῆκος
2701 3086 2910 3155 ταύτην
2953 3087 3104 3140 ἐάσω
3130 3105 3143 3119 ’
3195 3087 3296 3157 τὴν
3325 3088 3382 3140 δὲ
3417 3087 3498 3146 είς
3529 3088 3628 3153 τὴν
3727 3161 3742 3164 _

375 3154 406 3204 ὁ
443 3154 696 3223 βασιλεὺς
727 3161 759 3230 ἢ
793 3164 996 3232 μᾶλλον
1037 3168 1067 3238 ἡ
1108 3172 1251 3239 κακὴ
1283 3170 1442 3241 τύχη.
1481 3154 1825 3243 Ἐξελθόντρς
1853 3179 1945 3234 οὖν
1971 3164 2014 3223 C
2059 3170 2300 3226 Ἐνετίαν
2334 3174 2638 3230 εἰσέλευσιν
2670 3174 2764 3228 τοῦ
2809 3176 3076 3245 βασιλέως
3100 3177 3357 3230 Ἰωάννου
3392 3177 3486 3230 καὶ
3517 3176 3628 3228 τῶν

372 3337 534 3391 etiam
563 3340 801 3397 deterius
827 3346 1063 3400 schisma
1090 3352 1306 3405 eveniat
1329 3372 1342 3405 :
1363 3364 1417 3408 et
1441 3372 1539 3412 nos
1562 3374 1686 3415 cccc
1711 3367 1944 3430 expositi

375 3429 615 3486 Ioremus
643 3433 844 3501 in'piis.
882 3454 900 3487 ι
932 3438 1226 3506 Imperator
1258 3460 1367 3498 non
1403 3449 1648 3515 probata,
1684 3462 1742 3504 ut
1769 3454 1942 3508 visum

373 3531 478 3582 est,
509 3523 679 3589 patris
729 3529 1026 3591 sententia,
1065 3533 1261 3588 tacitus
1299 3540 1537 3591 surrexit
1570 3556 1634 3596 ac
1669 3543 1942 3599 discessit.

376 3609 512 3665 Tum
556 3615 772 3682 paulum
827 3634 1010 3674 secum
1053 3639 1312 3692 reputans
1363 3632 1534 3686 beatae
1582 3637 1855 3691 memoriae
1894 3649 1948 3693 et

374 3705 698 3759 venerabilis
721 3719 873 3776 pater
889 3711 1027 3780 ejus,
1051 3730 1242 3786 meque
1263 3720 1512 3776 intuens:
1543 3724 1798 3780 «Videtur
1815 3730 1943 3793 sibi,

375 3793 570 3862 inquit,
605 3797 747 3852 ﬁlius
791 3816 941 3857 meus
977 3807 1272 3872 prmclarus
1321 3811 1623 3881 imperator
1654 3833 1775 3872 esse
1812 3839 1826 3873 :
1859 3830 1946 3876 est

376 3884 517 3939 haud
547 3887 731 3953 dubie,
765 3894 856 3946 sed
891 3910 994 3948 non
1045 3898 1170 3953 huic
1198 3903 1342 3955 aetati
1369 3913 1528 3970 aptus
1553 3906 1643 3961 ille
1672 3919 1776 3964 est.
1806 3911 1946 3981 Spe-

373 3988 481 4030 ctat
511 3982 759 4050 sapitque
792 4001 1008 4064 magna,
1044 3998 1097 4042 et
1125 3993 1274 4055 talia,
1304 3996 1484 4063 qualia
1543 3999 1816 4070 majorum
1849 4019 1947 4058 no-

374 4079 610 4126 strorum
647 4089 904 4145 prospera
937 4090 1178 4150 tempora
1206 4087 1574 4153 postulabant.
1599 4090 1724 4157 Sed,
1760 4103 1820 4148 ut
1843 4095 1945 4151 ho-

375 4163 461 4216 die
489 4179 576 4219 res
608 4177 756 4231 sunt,
809 4181 914 4223 non
967 4173 1319 4242 imperatore,
1345 4179 1438 4233 sed
1472 4181 1836 4248 gubernatore
1864 4202 1947 4242 re-

375 4271 540 4324 gnum
570 4269 814 4314 nostrum
853 4274 992 4332 eget.
1025 4265 1205 4321 Metuo
1239 4271 1383 4323 enim
1417 4287 1484 4328 ne
1519 4276 1742 4343 quando
1797 4293 1827 4332 e
1867 4278 1948 4334 Ia-

377 4350 660 4429 cinoribus
707 4356 1107 4434 canalibusque
1137 4360 1256 4426 ejus
1290 4361 1450 4430 hujus
1476 4365 1634 4433 quasi
1673 4367 1827 4423 navis
1857 4368 1945 4423 in-

377 4448 571 4500 teritns
632 4452 930 4504 exoriatur.
976 4451 1218 4525 Namque
1274 4462 1533 4523 praesensi
1583 4463 1945 4532 cogitationes

377 4537 494 4607 ejus
524 4533 736 4608 ct'qum
781 4558 841 4594 se
873 4561 996 4597 cum
1031 4546 1313 4616 Mustapha
1350 4550 1720 4620 perfecturum
1758 4571 1946 4625 spera-

378 4631 490 4695 bat,
523 4640 686 4698 atque
715 4634 977 4699 intellexi,
1013 4639 1064 4690 in
1102 4641 1243 4707 quod
1277 4644 1580 4710 periculum
1621 4661 1718 4700 nos
1749 4649 1936 4716 praeci-

377 4721 600 4791 pitarint
632 4723 940 4778 sanctiones
967 4727 1335 4795 dogmatum.»

449 4813 524 4865 En
555 4813 650 4866 tihi
680 4814 845 4873 aliud,
869 4832 978 4881 quo
1003 4819 1360 4874 conﬁrmatur
1384 4823 1607 4892 gloriosi
1636 4828 1806 4895 patris
1823 4831 1941 4900 ejus

374 4905 686 4958 collsilium.
719 4905 1009 4976 Postquam
1046 4911 1110 4962 ad
1141 4913 1409 4979 synodum
1455 4918 1726 4983 proficisci
1754 4919 1942 4975 decre—

375 4997 471 5058 vit,
516 4996 582 5048 ad
619 5012 854 5050 ameram
889 4999 1098 5066 legatus
1129 5003 1330 5058 missus
1357 5015 1441 5059 est
1476 5007 1821 5064 Andronicus
1850 5013 1936 5066 Ia-

376 5101 527 5154 grus,
565 5088 653 5155 qui
688 5087 739 5140 id
774 5089 845 5141 illi
893 5099 1148 5159 tanquam
1190 5095 1364 5148 amico
1401 5106 1454 5150 et
1501 5097 1652 5150 fratri
1686 5101 1939 5158 videlicet

375 5179 732 5250 signiﬁcaret.
780 5179 1083 5249 Respondit
1124 5200 1360 5251 ameras,
1391 5203 1500 5241 non
1530 5189 1634 5243 sibi
1692 5194 1936 5261 probari,

373 5286 496 5323 eum
527 5272 699 5330 abire,
721 5283 978 5342 tantoque
1003 5276 1182 5330 labore
1213 5265 1386 5331 semei
1414 5281 1698 5337 continere.
1740 5303 1758 5335 ι
1793 5284 1933 5350 Quid

373 5360 540 5424 enim,
582 5378 600 5411 ι
641 5359 838 5429 inquit,
873 5381 890 5412 ι
930 5364 1054 5416 inde
1082 5367 1432 5422 emolumenti
1467 5373 1937 5445 reportabitiEgo

283 5449 286 5452 ’
377 5460 577 5514 tamen,
607 5451 650 5504 si
677 5453 923 5518 pecuniis
954 5454 1018 5507 ad
1054 5455 1259 5510 abitum
1286 5468 1337 5511 et
1357 5460 1589 5514 reditum
1613 5462 1692 5515 vel
1717 5462 1784 5516 ad
1804 5464 1937 5521 alios

307 5530 312 5534 ’
378 5555 509 5597 usus
541 5543 764 5618 indiget,
807 5557 1029 5612 paratus
1083 5563 1201 5601 sum
1235 5550 1296 5602 ei
1321 5565 1663 5614 succurrere.
1695 5574 1712 5605 ι
1755 5555 1937 5611 Multis

377 5633 568 5689 deinde
623 5637 966 5692 sermonibus
997 5649 1048 5692 et
1084 5641 1578 5699 consultationibus
1612 5647 1810 5714 agitata
1850 5653 1935 5704 res

373 5731 476 5788 est,
505 5734 684 5779 utrum
719 5741 914 5780 autem:
946 5730 1252 5785 auctoritati
1288 5733 1609 5802 parendum,
1642 5751 1708 5788 an
1742 5740 1808 5790 ad
1842 5753 1932 5807 sy-

375 5812 584 5882 nodum
602 5817 908 5871 abeundum
932 5831 1093 5874 esset.
1141 5822 1392 5878 Sedcni'n
1418 5823 1616 5880 factum
1660 5837 1762 5892 est,
1789 5829 1932 5896 quod

2052 3357 2374 3427 imperator,
2397 3359 2510 3411 sive
2542 3362 2721 3427 potius
2755 3358 2923 3414 fatum
2944 3359 3177 3415 volebat.
3207 3359 3440 3430 Egresso
3462 3360 3629 3428 igitur

2050 3467 2110 3502 ex
2150 3451 2280 3504 urbe
2338 3451 2669 3520 imperatore
2720 3459 2775 3504 et
2825 3453 2928 3505 iter
2987 3463 3374 3521 prosequente.
3412 3443 3625 3507 ameras

2049 3543 2258 3610 Cpolim
2295 3559 2612 3613 oppugnare
2636 3546 2934 3613 copiasque
2957 3545 3222 3599 adversus
3253 3559 3373 3597 eam
3409 3545 3624 3614 mittere

2050 3637 2359 3690 constituit.
2397 3637 2697 3691 Suaserunt
2752 3637 2855 3689 hoc
2904 3636 3387 3704 approbat‘untque
3434 3651 3625 3689 ounnes

2050 3729 2348 3782 consiliarii
2372 3731 2513 3798 ejus.
2535 3744 2644 3783 uno
2664 3729 2997 3782 Chalilbasia
3028 3730 3384 3799 excepto,qui
3413 3731 3624 3783 ca'teris

2049 3834 2357 3888 repugnans
2386 3836 2398 3873 :
2439 3840 2455 3869 ι
2495 3817 2608 3872 Imo
2639 3819 2840 3889 potius,
2871 3820 3069 3888 inquit,
3091 3823 3281 3874 urbem
3309 3835 3622 3889 oppugnare

2049 3909 2337 3963 exitiosum
2373 3910 2893 3980 videtur,quoniam
2930 3924 3108 3967 metus
3142 3923 3246 3974 est,
3282 3929 3348 3969 ne
3381 3915 3619 3982 impera-

2051 4008 2155 4066 tor,
2178 4003 2506 4056 neeessitztte
2526 4014 2747 4058 coactus
2770 4018 2926 4070 opem
2951 4003 3269 4060 Latinorum
3303 4006 3620 4075 implorare,

2049 4106 2235 4147 eorum
2269 4094 2523 4163 dogmata
2577 4096 2958 4163 amplectatur,
2995 4105 3050 4151 et
3082 4099 3154 4152 ita
3198 4100 3436 4164 eveniat,
3462 4099 3617 4168 quod

2051 4199 2327 4248 veremur,
2381 4195 2441 4238 ut
2481 4185 2780 4240 concordes
2834 4186 2908 4240 illi
2959 4187 3090 4242 ﬁant
3128 4189 3617 4260 concilienturque.

2049 4274 2230 4340 Quare
2274 4290 2420 4330 nunc
2472 4277 2626 4330 mitte
2664 4292 2782 4331 eam
2834 4295 2948 4332 rem
2974 4319 2990 4343 ,
3029 4280 3204 4335 donec
3242 4281 3445 4338 videris
3487 4283 3619 4352 quid

2047 4363 2285 4420 Joannes
2316 4379 2417 4419 sua
2472 4374 2665 4434 sponte
2711 4366 2955 4423 facturus
2990 4368 3081 4424 sit.
3127 4368 3262 4424 Nam
3308 4371 3352 4425 si
3393 4371 3448 4425 in
3484 4387 3620 4427 con-

2049 4456 2292 4510 cordiam
2332 4457 2616 4522 redierint,
2653 4466 2770 4512 tute
2819 4460 3050 4528 posthac
3083 4476 3274 4516 rursus
3319 4462 3616 4517 amicitiam

2050 4563 2176 4603 cum
2224 4547 2292 4602 iis
2323 4563 2387 4604 ac
2421 4549 2599 4603 l'aadus
2637 4559 2889 4618 servato,
2920 4566 2984 4606 ac
3013 4551 3178 4608 facito
3213 4556 3356 4623 quod
3405 4555 3505 4609 tibi
3537 4554 3622 4609 vi-

2051 4639 2303 4694 debitur:
2344 4640 2388 4694 si
2424 4641 2566 4696 inter
2615 4655 2712 4696 eos
2742 4657 2850 4696 non
2895 4647 3235 4710 convenerit,
3277 4656 3390 4701 tum
3422 4646 3619 4702 tnelius

1982 4759 1984 4761 -
2048 4730 2230 4783 evenit
2255 4729 2569 4793 consilium,
2595 4731 2897 4802 maiorique
2917 4735 3246 4791 confidentia
3267 4737 3615 4806 l‘acies,quod

2050 4821 2312 4876 volucris.
2354 4839 2371 4872 ι
2430 4820 2546 4876 Hoc
2584 4823 2872 4878 consilium
2925 4840 3164 4882 ameram
3197 4838 3375 4898 coepto
3433 4831 3622 4898 prohi—

2051 4911 2168 4965 buit
2196 4928 2210 4976 ;
2245 4911 2314 4967 de
2339 4911 2672 4968 Chalilbasia
2702 4926 2906 4981 autem,
2937 4919 3150 4974 consilii
3181 4931 3486 4991 opportune
3517 4937 3618 4976 au-

2047 5013 2223 5065 ctore.
2254 5004 2358 5058 alia
2387 5020 2451 5060 ex
2485 5007 2610 5061 aliis
2639 5009 3018 5079 cognovimus.

2119 5095 2379 5153 Dominus
2427 5114 2582 5154 meus
2629 5101 2816 5170 igitur,
2847 5103 3246 5161 Constantinus
3285 5107 3531 5176 despota,
3563 5117 3617 5161 i-t

2045 5188 2320 5259 principes
2360 5191 2626 5246 Thomam
2675 5193 3041 5266 Palaeologum
3082 5200 3394 5254 excitarunt
3447 5211 3613 5269 atque

2044 5281 2112 5334 ad
2157 5281 2545 5350 imperatorem
2592 5285 2885 5341 miserunt.
2927 5286 3134 5342 Interea
3167 5290 3218 5342 in
3255 5291 3612 5359 cogitationes

2044 5382 2099 5427 et
2128 5372 2328 5429 ﬂuctus
2359 5389 2616 5429 curarum
2677 5377 2924 5448 ingentes
2967 5377 3236 5448 Cpolitani
3276 5381 3608 5441 inciderunt.

2044 5465 2172 5519 dum
2203 5468 2585 5536 cognovimus,
2615 5469 2756 5537 quod
2794 5471 3053 5538 obtinuit,
3083 5473 3376 5526 consilium
3405 5472 3612 5526 Citalil-

2046 5557 2235 5630 hasige.
2281 5557 2437 5612 Vides
2465 5559 2600 5626 jam,
2634 5563 2778 5630 quod
2818 5578 2984 5630 supra
3024 5563 3158 5623 dixi,
3196 5571 3412 5630 propter
3433 5571 3614 5620 tantas

2046 5628 2376 5704 oﬂensiones
2412 5667 2517 5704 non
2549 5651 2806 5706 debuisse
2839 5654 3103 5724 synodum
3139 5656 3290 5706 istarn
3330 5653 3468 5706 ﬁeri.

2114 5739 2218 5793 Iter
2247 5739 2592 5808 imperatoris
2616 5743 2766 5811 Cpoli
2807 5746 2860 5798 in
2895 5744 3100 5798 Italiatn
3139 5742 3365 5805 factum,
3398 5755 3456 5796 ut
3493 5760 3606 5800 rem

2045 5844 2525 5898 supervacaneam,
2585 5835 2784 5890 litteris
2824 5836 3062 5902 tradere,
3088 5835 3214 5905 quia
3247 5836 3465 5905 longum
3500 5848 3611 5905 est,
