4066 6296
215 294 234 304 ”
287 321 384 383 δοι

1333 319 1781 380 (ΣΗΠΟΝΙΕἾΝ
1829 320 2098 381 MAJUS.
2145 323 2380 385 —l.l}l.
2431 323 2552 383 II."

3414 330 3572 391 87?.-

287 435 366 494 είς
397 431 638 501 Εὔριπον
687 434 782 485 καὶ
821 432 895 502 μὴ
919 433 1098 500 εὑρὼν
1148 430 1244 494 τὰς
1285 435 1536 502 τριήρεις
1570 430 1637 482 δι’
1683 430 1846 482 ἄλλου
1877 433 1922 490 Α
1950 431 2054 495 ἕως
2089 435 2277 496 τέλους
2307 436 2489 488 ἔσεται
2521 439 2599 500 εἰς
2649 440 2793 507 ἡμεῖς
2829 440 2920 491 καὶ
2951 436 3062 508 ἐγὼ
3089 440 3515 510 ἐπαναστρὲψριι,

288 524 595 589 πλευσίμου
631 526 712 600 εἰς
774 524 994 592 Λῆμνον
1045 523 1333 588 ἀπέεωσα,
1395 523 1621 575 κάκεῖσε
1675 520 1855 590 εὑρὼν

287 616 517 684 τριήρην
546 615 668 667 τινὰ
693 613 982 682 βασιλικὴν
1013 611 1307 682 ἀπεσώθην
1369 613 1449 674 είς
1502 611 1855 664 Κωνσταντι-

288 706 544 758 νούπολιν
571 706 714 758 κατὰ
739 705 838 775 τὴν
865 704 1038 775 ἀρχὴν
1067 705 1160 758 τοῦ
1192 704 1500 774 Νοεμϐρίου
1550 700 1642 754 τοῦ
1663 692 1858 767 ,ιςῇνγν

287 797 464 860 ἔτους.

355 888 463 940 Καὶ
493 886 572 955 τῷ
603 884 753 955 αὐτῷ
787 884 936 954 μηνὶ,
969 883 1258 953 ἑνδεκάτῃ,
1294 886 1321 936 ὁ
1357 884 1460 954 ρὴξ
1494 884 1594 952 τῆς
1634 882 1853 949 Οὑγγα-

292 980 417 1049 ρίας
442 977 762 1047 ἀπεκτάνθη
800 979 956 1046 παρὰ
994 977 1088 1030 τοῦ
1121 977 1316 1048 ἁμηρᾶ
1363 978 1442 1038 εἰς
1473 981 1572 1044 τὴν
1616 976 1853 1045 Βάρναν,

285 1072 717 1140 τοιουτοτρόποις
767 1070 1237 1139 συγκροτηθέντος
1291 1069 1387 1122 τοῦ
1457 1068 1698 1137 πολέμου
1747 1066 1852 1120 ἀνὰ

285 1167 396 1217 τῶν
423 1163 689 1234 υῦγγρων
733 1164 826 1216 καὶ
865 1163 1148 1232 Τούρκων.
1188 1161 1248 1216 Ὀ
1275 1163 1368 1215 τοῦ
1407 1162 1578 1232 ρηγὸς
1625 1161 1855 1229 στρατὸς

289 1261 546 1328 ὑπερεῖχε
579 1257 720 1311 κατὰ
750 1255 952 1324 πάντα,
979 1258 1008 1308 ὁ
1035 1255 1092 1308 δὲ
1144 1256 1408 1326 Τούρκων
1444 1253 1606 1323 198
1632 1254 1854 1321 ἀμηρᾶς

287 1354 382 1406 καὶ
439 1353 585 1404 πᾶσα
641 1352 672 1420 η
738 1348 1018 1419 συμϐουλὴ
1073 1349 1238 1401 αὐτοῦ
1286 1345 1514 1418 ἐζήτουν
1567 1339 1849 1413 εὐκαιρίαν

287 1445 667 1514 ἀναχωρῆσαι,
697 1445 745 1495 εἰ
790 1443 1015 1495 δυνατὸν
1049 1436 1115 1512 ἦν
1143 1458 1156 1472 ·
1187 1442 1355 1504 πολὺς
1400 1441 1507 1508 γὰρ
1555 1439 1716 1507 φύϐος
1757 1439 1850 1489 καὶ

283 1538 486 1604 τρόμος
515 1534 772 1588 ὲνέπεσεν
797 1534 888 1585 ἐπὶ
908 1535 1033 1596 τοὺς
1088 1535 1326 1593 ἀσεϐεῖς.
1364 1530 1430 1586 Oi
1461 1531 1518 1584 δὲ
1554 1530 1650 1582 τοῦ
1703 1529 1848 1596 Οὔκ(-

287 1642 424 1696 γρου
482 1626 547 1676 ἐκ
605 1621 918 1676 τούναντίου
971 1622 1110 1693 μετὰ
1147 1623 1322 1691 χαρᾶς
1375 1621 1465 1672 καὶ
1513 1621 1716 1689 τόλμης
1760 1620 1853 1672 καὶ

291 1717 514 1787 ἀνδρίας
547 1715 861 1785 θαρσαλέως
892 1715 1244 1784 έστιξκεισαν,
1303 1711 1616 1776 ἐλπίζοντες
1645 1712 1728 1764 ἵνα
1751 1715 1851 1781 τῆς

289 1807 445 1875 νίκης
468 1807 674 1874 τύχωσι
698 1805 792 1857 καὶ
823 1803 916 1855 τὸν
945 1803 1169 1872 ἀμηρᾶν
1201 1801 1298 1852 καὶ
1330 1800 1538 1861 πάντας
1576 1801 1704 1859 τοὺς
1747 1799 1847 1848 αὐ-

284 1897 382 1950 τοῦ
407 1887 918 1967 αίχμαλωτίσωσιν.
967 1894 1094 1948 Ἐπὶ
1130 1891 1187 1944 δὲ
1220 1891 1317 1961 τὴν
1353 1889 1554 1959 αὔριον
1603 1888 1850 1948 θέλοντες

279 1988 333 2039 oi
364 1987 642 2057 Οῠγγαροι
671 1987 762 2039 ἵνα
787 1985 879 2038 τὸν
909 1984 1147 2052 πόλεμον
1185 1983 1522 2052 κροτήσωσι,
1585 1981 1678 2032 καὶ
1724 1980 1850 2048 βου-

274 2077 382 2146 λῆς
414 2079 717 2146 γενομένης
749 2076 853 2128 ἀνὰ
885 2074 1088 2140 αὐτῶν,
1113 2075 1139 2126 ὁ
1175 2072 1277 2143 ῥὴξ
1332 2073 1425 2125 καὶ
1479 2067 1658 2140 ἕτεροί
1706 2085 1851 2133 τινες

271 2171 560 2239 διέκρινον
591 2169 844 2236 λέγοντες
869 2167 955 2220 ἵνα
986 2165 1311 2234 αὐτομάτως
1338 2165 1365 2216 ὁ
1410 2163 1512 2235 ρὴξ
1554 2163 1644 2214 τὸν
1696 2161 1854 2214 πόλε-

281 2278 389 2330 μοθ
421 2259 632 2330 συνάψῃ
664 2258 757 2310 καὶ
781 2257 886 2317 ἕως
911 2255 1009 2325 τῆς
1035 2255 1243 2323 σκηνῆς
1271 2253 1365 2304 τοῦ
1429 2253 1642 2320 ἁμηρᾶ,
1681 2253 1730 2303 εξ
1761 2251 1852 2303 δύ-

279 2368 460 2414 ναιτο,
495 2350 703 2418 φθάσῃ,
730 2347 937 2416 ὄπωςὴ
977 2347 1136 2415 φήμη
1165 2345 1265 2412 τῆς
1306 2343 1461 2412 νίκης
1493 2345 1585 2394 καὶ
1634 2342 1732 2412 τῆς
1766 2343 1853 2394 ἁν-

278 2442 442 2510 δρίας
483 2440 649 2492 αὐτοῦ
679 2435 929 2508 κηρυχθῇ
958 2438 1018 2488 ὲν
1049 2435 1125 2505 τῷ
1157 2438 1376 2505 κόσμῳο
1411 2435 1590 2504 ῥᾴδιον
1616 2435 1721 2502 γὰρ
1756 2435 1853 2486 καὶ

278 2536 339 2585 ὲν
375 2532 595 2602 εὐκολίᾳ
617 2529 926 2595 ἐλογίζοντο
978 2529 1078 2598 τὴν
1123 2527 1282 2598 νίκην
1337 2527 1459 2579 καθ’
1504 2525 1753 2586 ἑαυτούς.
1795 2526 1851 2577 Ὀ

281 2626 344 2676 δὲ
401 2625 620 2691 Ἱαγκος
662 2624 690 2676 ὁ
723 2622 821 2675 καὶ
858 2620 1204 2689 κυϐερνήτης
1237 2617 1406 2670 αὑτοῦ
1461 2617 1535 2678 ῶς
1591 2617 1853 2686 φρόνιμος

243 2718 390 2790 ,καὶ
424 2715 739 2785 πρακτικὲς
800 2714 858 2766 ὲν
920 2711 1180 2780 πολέμοις
1230 2711 1300 2763 τὰ
1363 2710 1585 2761 ἐναντία
1643 2709 1853 2778 φρονῶν

283 2810 479 2875 ἔλεγε·
512 2825 530 2858 ι
570 2806 680 2876 Τῆς
714 2804 884 2874 τύχης
909 2803 971 2856 τὸ
1003 2805 1237 2856 ἄστατον
1281 2800 1459 2862 οὐδεὶς
1517 2794 1625 2854 οἶδε
1646 2817 1660 2831 ·
1696 2799 1775 2851 διὸ
1820 2800 1855 2870 η

287 2899 549 2972 βασιλεία
586 2915 679 2950 σου
711 2898 810 2949 οὐκ
860 2897 1008 2947 ἔστιν
1045 2895 1261 2963 ἀνάγκη
1313 2893 1402 2945 ἴνα
1429 2891 1856 2954 τοιούτως“ὲπι-

261 2992 594 3066 κχειρισθῇς.
641 2988 1012 3044 Ἐπικίνδυνόν
1043 2988 1238 3040 ὲστιτὸ
1270 2988 1528 3055 πρᾶγμα.
1575 2985 1713 3036 Ἀλλ’
1745 2982 1854 3051 ἐγὼ

1957 523 2085 586 δξξσ.
2112 524 2188 592 τῷ
2221 525 2362 594 Θεῷ,
2398 528 2430 594 ἡ
2464 528 2590 595 νίκη
2615 531 2678 598 τῇ
2707 530 2954 600 βασιλείᾳ
2991 532 3083 584 σοῦ
3128 532 3246 586 ἔστι
3275 537 3364 586 καλ
3397 535 3517 585 ἐσε-

1963 633 2090 667 ται·
2121 618 2166 668 εί
2227 616 2282 670 δὲ
2321 619 2671 675 ἁποκτανθῶ.
2729 623 2886 676 οὐδέν
2938 625 3056 676 ἐστι
3121 626 3182 677 τὸ
3227 626 3521 694 ἐμποδίζον

1961 707 2128 774 ὑμᾶς.
2173 708 2509 775 Ἐμϐλέψατε
2550 711 2648 779 τὴν
2679 713 2879 777 γνῶσιν
2915 715 3005 766 τοῦ
3041 715 3242 782 ὄφεως,
3297 716 3356 780 ὃς
3388 720 3523 770 πάνυ

1961 809 2082 844 τοτε
2110 794 2209 862 τὴν
2242 797 2484 863 κεφαλὴν
2507 800 2726 850 σκέπων
2753 801 2874 852 ὅλον
2929 803 2987 855 τῦ
3026 803 3187 872 σῶμα
3246 805 3478 872 ὑγιαίνει
3503 823 3516 837 ·

1960 887 2009 937 εἰ
2035 887 2090 938 δὲ
2127 887 2307 955 πληγῇ
2334 890 2365 956 ἡ
2391 890 2622 960 κεφαλὴ,
2645 892 2774 950 ὅλον
3007 896 3066 946 τὸ
3096 897 3255 964 σῶμα
3291 897 3525 950 ἀπόλλυ-

1959 993 2072 1031 ται.
2120 977 2392 1040 Τοιούτως
2421 982 2513 1031 καὶ
2546 983 2593 1031 εἰ
2630 985 2661 1049 ἡ
2698 982 2947 1048 βασιλεία
3015 1002 3105 1036 σου
3149 989 3534 1058 ἐπιχειρισοῇς-

1958 1071 2050 1122 καὶ
2073 1069 2381 1123 τούναντίον
2419 1074 2622 1142 συμϐῇ,
2652 1057 2901 1142 ἶ-δέομαι
2931 1075 3022 1128 τοῦ
3057 1078 3261 1147 Κυρίου
3314 1097 3416 1146 μου

1959 1160 2188 1228 γένοιτο,
2225 1164 2426 1227 πάντες
2458 1167 2617 1234 ἡμεῖς
2666 1169 2959 1236 προφανῶς
2992 1168 3364 1240 ἀπολλύμεθα.
3404 1191 3422 1224 ι
3461 1175 3522 1223 ’0

1957 1252 2011 1304 δὲ
2045 1253 2144 1322 ρὴξ
2183 1254 2258 1323 μὴ
2315 1255 2531 1324 δεχθεὶς
2578 1257 2678 1327 τὴν
2744 1260 2839 1311 τοῦ
2915 1261 3126 1326 Ίάγκου
3184 1263 3400 1332 βουλὴν,
3441 1265 3521 1332 τῷ

1960 1344 2105 1415 πρμῒ
2142 1348 2618 1418 συγκροτηθέντος
2643 1354 2885 1421 πολέμου
2913 1355 3134 1422 ἰσχυροῦ
3169 1357 3262 1408 καὶ
3289 1357 3520 1428 φοϐεροῦ

1958 1440 2051 1490 καὶ
2083 1437 2252 1509 πολλὴ
2279 1441 2646 1510 αἰματοχυσία
2677 1444 2772 1496 καὶ
2807 1446 2989 1515 σφαγὴ
3021 1447 3082 1497 ἐκ
3113 1447 3207 1498 τοῦ
3232 1449 3337 1499 τῶν
3352 1447 3522 1516 Τούρ-

1957 1548 2069 1584 νων
2095 1533 2296 1601 μέρους
2328 1535 2600 1602 ἐγεγόνει.
2641 1537 2699 1588 Ὀ
2743 1538 2797 1589 δὲ
2848 1536 2949 1607 ρὴξ
2982 1539 3188 1606 φθάσας
3227 1540 3387 1608 ἄχρις
3432 1544 3521 1604 ἐγ-

1958 1625 2056 1689 γὺς
2088 1627 2187 1694 τῆς
2242 1625 2448 1694 σκηνῆς
2493 1627 2584 1678 τοῦ
2637 1628 2855 1697 ἀμηρᾶ,
2910 1630 3162 1682 ἐϐούλετο
3225 1633 3446 1697 φεύγειν
3491 1633 3520 1683 ὁ

1954 1713 2173 1783 ἅμηρᾶς
2199 1730 2212 1744 ·
2246 1715 2294 1767 oi
2328 1715 2384 1766 δὲ
2453 1716 2809 1788 ιαννιτζάριοι
2847 1719 2947 1770 οὐκ
3008 1703 3203 1773 εἴασαν
3254 1721 3437 1785 αὑτὸν,
3472 1724 3520 1773 εἰ

1955 1807 2046 1859 καὶ
2077 1809 2154 1868 εἰς
2189 1806 2394 1859 δειλίαν
2427 1809 2686 1861 ἐνέπεσεν
2713 1809 2936 1877 θεωρῶν
2963 1811 3054 1863 τὸν
3082 1805 3522 1879 ῥῆγαηὰνδρεὶως

1954 1900 2290 1968 μαχόμενον,
2324 1899 2464 1952 ἀλλὰ
2494 1901 2836 1970 χειροπέδαις
2860 1904 3108 1973 σιδηραῖς
3139 1905 3519 1974 κρατήσαντες

1950 1994 2043 2045 τὸν
2079 1993 2250 2045 ἵππον
2282 1993 2471 2058 αὐτοῦ,
2503 1995 2594 2046 καὶ
2626 1995 2725 2047 οὐκ
2766 1994 2990 2047 ἐδύνατο
3035 1994 3259 2062 φεύγειν
3283 2013 3295 2024 ·
3340 1995 3390 2047 οἳ
3425 1999 3519 2047 καὶ

1951 2087 2291 2154 ἠγωνίσαντο
2324 2087 2561 2156 ἰσχυρῶς
2591 2088 2718 2156 περὶ
2744 2086 2844 2155 τῆς
2879 2087 2970 2138 τοῦ
3000 2088 3190 2156 ἁμηρᾶ
3221 2088 3516 2155 σωτηρίας.

1967 2177 2024 2230 Ὁ
2061 2177 2118 2228 δὲ
2145 2177 2247 2246 ῥὴξ
2297 2179 2364 2230 δι’
2393 2177 2560 2246 ἄλλης
2593 2178 2858 2247 ἀνδρείι,·,-ς
2921 2180 3250 2246 μαχόμενος.
3293 2179 3378 2229 ἵνα
3429 2177 3520 2230 τὸν

1953 2267 2176 2334 ἁμηρᾶν
2219 2267 2312 2318 καὶ
2342 2269 2524 2320 πᾶσαν
2551 2267 2649 2336 τὴν
2678 2266 2994 2332 ἀποσκευὴν
3053 2267 3220 2320 αὐτοῦ
3255 2267 3518 2339 κερδήσῃ,

1956 2357 2049 2410 καί
2078 2375 2160 2420 τις
2221 2358 2331 2410 τῶν
2367 2360 2730 2430 ἰαννιτςάρων
2791 2358 3033 2428 τοῦνομα
3093 2357 3406 2426 Χαμουζᾶς,
3457 2361 3523 2426 ἐκ

1954 2451 2054 2519 τῆς
2111 2451 2523 2522 Πελοποννήσου
2583 2439 2925 2523 ὁρμώμενος,
2967 2453 3056 2504 τὸν
3106 2453 3326 2504 ὄπισθεν
3385 2453 3520 2504 πόδα

1953 2540 2047 2592 τοῦ
2088 2541 2256 2592 ἵππου
2289 2541 2384 2594 τοῦ
2420 2543 2593 2609 ῥηγδς
2620 2543 2837 2610 τρώσας
2874 2543 3056 2612 ἀξίνῃ,
3091 2544 3158 2612 ἣν
3189 2543 3352 2613 ῥίψας
3382 2545 3520 2597 κατὰ

1956 2634 2050 2686 τοῦ
2100 2634 2291 2698 ἵππου,
2329 2634 2424 2685 καὶ
2451 2637 2508 2686 ἐν
2542 2637 2603 2701 τῇ
2640 2637 2708 2704 γῇ
2745 2633 2929 2684 πεσὼν
2970 2635 3066 2686 σὺν
3125 2635 3199 2702 τῷ
3252 2635 3518 2702 ἀναϐάς-ῃ,

1957 2723 2100 2776 οὕτω
2137 2723 2362 2792 δραμὼν
2389 2723 2556 2775 αὐτὸν
2583 2723 2962 2791 ἀπεκεφάλισε
2990 2737 3003 2751 ·
3049 2724 3142 2775 καὶ
3195 2724 3336 2791 μετὰ
3391 2725 3520 2776 ἅλα·

1957 2813 2194 2884 λαγμοῦ,
2229 2813 2304 2876 ὡς
2326 2813 2554 2882 σύνηθες
2586 2814 2697 2875 τοῖς
2727 2813 2972 2877 ἀσεϐέσι,
3002 2813 3100 2883 τὴν
3124 2813 3316 2865 τούτου
3347 2829 3520 2880 accepa-

1959 2907 2056 2977 λὴν
2088 2907 2312 2974 ὕψωσαν
2350 2906 2443 2957 ἐπὶ
2473 2905 2720 2975 δόρατος.
2753 2906 2864 2956 Καὶ
2903 2905 3107 2966 ἰδόντες
3167 2906 3219 2957 οἱ
3283 2902 3521 2974 Οὗγγροι

1957 2996 2463 3066 διεσκορπίσθησαν
2505 2996 2659 3048 ἔνθεν
2690 2997 2785 3048 καὶ
2813 2995 3048 3058 ἐκεῖθεν,
3083 2996 3176 3049 καὶ
3197 2998 3254 3048 ἐν
3289 2996 3364 3065 τῷ
3387 2996 3522 3064 φεύ·
3581 3029 3584 3033 -

283 3087 482 3158 πράξω
504 3087 604 3138 ὅσα
637 3083 791 3154 παρὰ
844 3083 944 3151 τῆς
990 3079 1273 3149 βασιλείας
1330 3097 1424 3148 σου
1488 3076 1850 3149 προστηθῶ·
1880 3120 1925 3178 c
1958 3106 2080 3158 γειν
2146 3089 2345 3151 αὐτοὺς
2399 3085 2586 3140 πολλοὶ
2635 3089 2857 3140 έὰλοντο
2887 3089 2980 3140 καὶ
3041 3087 3390 3154 ὲφονεύοντο“
3427 3089 3523 3138 καὶ

284 3181 382 3254 καὶ
402 3181 451 3230 εἰ
483 3179 582 3247 μὲν
614 3179 648 3245 ἠ
676 3177 812 3244 τύχη
846 3174 978 3242 ἐμοὶ
1039 3171 1303 3242 βοηθήσῃ,
1355 3169 1464 3232 ἕως
1494 3171 1594 3238 τῆς
1647 3168 1851 3238 σκηνῆς

283 3270 381 3322 τοῦ
438 3269 630 3338 ἀμηρᾰ
685 3264 796 3332 ἐγὼ
831 3262 1228 3329 ἀπελεύσομαι.
1293 3259 1404 3312 Καὶ
1436 3261 1484 3311 εί
1520 3259 1681 3328 μὲνὴ
1725 3257 1852 3326 νίκη

293 3450 460 3517 igitur
489 3455 546 3498 ιιι
575 3444 714 3508 veni,
754 3456 852 3496 nec
879 3439 1061 3494 inveni
1101 3438 1375 3504 triremes,
1409 3436 1512 3489 alia
1543 3435 1667 3489 navi
1690 3434 1855 3489 Lcm-

292 3556 422 3592 iiuni
464 3537 673 3608 ti'ajeci,
706 3536 886 3604 ibique
915 3543 1132 3602 reperta
1165 3529 1375 3585 triremi
1407 3528 1639 3598 quadam
1681 3527 1854 3595 impe-

294 3632 522 3696 ratoria,
574 3628 783 3696 Cpolim
827 3627 1040 3681 delatus
1095 3638 1217 3678 sum
1272 3623 1496 3676 ineunte
1549 3619 1847 3675 Novembri

294 3722 424 3775 anni
463 3720 624 3775 6955.

364 3814 565 3868 Eodem
600 3826 805 3876 mense,
835 3810 922 3864 die
961 3808 1272 3871 undecimo,
1325 3804 1705 3873 llungarorum
1759 3817 1853 3856 rex

289 3909 434 3977 apud
470 3905 702 3958 Varuam
725 3904 793 3958 ab
821 3915 1004 3956 amera
1021 3915 1193 3954 caesus
1215 3906 1316 3962 est,
1343 3912 1518 3965 pugna
1542 3895 1684 3948 inter
1711 3893 1856 3947 llun-

293 4013 458 4065 garos
491 4006 544 4051 et
567 3995 773 4049 Turcas
805 3995 878 4046 ita
905 3991 1158 4046 excitata.
1196 3988 1360 4057 Regis
1381 3986 1654 4040 exercitus
1678 3985 1855 4038 ubivis

291 4090 540 4158 superior
561 4095 703 4152 erat,
727 4095 781 4140 et
805 4099 1019 4138 ameras
1044 4099 1164 4138 cum
1196 4082 1345 4135 omni
1377 4079 1608 4134 concilio
1633 4095 1733 4133 suo
1761 4094 1858 4146 op-

293 4181 681 4251 portunitatem
702 4177 978 4246 quaerebat
1000 4172 1308 4234 recedendi,
1328 4173 1371 4226 si
1397 4180 1643 4239 possent:
1666 4170 1857 4241 ingens

294 4274 440 4328 enim
485 4273 648 4326 timor
689 4278 744 4323 et
774 4277 980 4324 tremor
1019 4265 1215 4334 impios
1270 4267 1562 4316 invaserat.
1609 4259 1856 4328 Hungari

297 4373 484 4422 contra
507 4360 797 4416 laetabundi
823 4357 1084 4414 audacter
1101 4371 1154 4410 et
1179 4356 1403 4410 fidenter
1425 4355 1659 4412 stabant,
1683 4351 1856 4406 victu-

1955 3181 2115 3237 τοῦτο
2145 3185 2208 3235 ὲκ
2235 3180 2335 3249 τῆς
2369 3173 2546 3250 κακῆς
2573 3178 2884 3248 συμϐουλῆς
2927 3177 3149 3247 συνέϐη.
3173 3177 3262 3247 Τῷ
3284 3178 3340 3230 δὲ
3369 3179 3525 3248 εερη-

1957 3275 2104 3342 μένῳ
2154 3270 2474 3342 ἰαννιτζάρῃ
2505 3270 2834 3339 Χαμουζᾷό
2894 3271 3120 3338 ἀμηρᾶς
3183 3268 3524 3337 ἁνταμείψσς

1954 3451 2182 3507 victoria
2217 3450 2372 3504 nobis
2399 3448 2707 3504 constiterit
2740 3421 2905 3515 etego
2938 3446 3172 3507 rediero,
3204 3445 3374 3514 gloria
3404 3444 3521 3508 Dei,

1956 3542 2180 3596 victoria
2217 3539 2514 3607 majestatis
2538 3549 2640 3592 tua:
2673 3549 2757 3605 est
2795 3538 3026 3605 eritque.
3061 3537 3154 3589 Sir.
3177 3537 3520 3601 accumbam,

1956 3633 2093 3687 nihil
2136 3633 2340 3686 ideirco
2367 3645 2462 3685 vos
2499 3629 2884 3684 remorabitur.
2916 3626 3204 3682 Intuemini
3247 3632 3520 3695 serpentis

1958 3723 2323 3791 prudentiam,
2354 3721 2447 3788 qui
2483 3733 2700 3786 semper
2734 3725 2899 3786 caput
2925 3717 3158 3784 tegendo
3193 3726 3364 3770 totum
3394 3733 3520 3771 cur-

1959 3830 2060 3883 pllS
2091 3821 2397 3868 conservat.
2422 3810 2596 3878 capite
2627 3819 2809 3862 autem
2831 3823 3119 3876 percusso,
3152 3818 3263 3862 ιοιο
3291 3823 3516 3876 corpore

1959 3906 2117 3973 perit.
2159 3902 2358 3956 Eodem
2401 3900 2581 3963 modo,
2615 3901 2660 3954 si
2693 3898 2950 3966 majestas
2978 3907 3068 3952 tua
3095 3899 3512 3967 impressionem

1956 3995 2172 4058 fecerit,
2207 4001 2258 4046 et
2287 4007 2445 4046 secus
2479 4006 2566 4044 res
2594 3989 2872 4052 ceciderit,
2907 3989 3053 4058 quod
3090 3988 3260 4044 Deum
3297 4005 3428 4061 r030
3466 4003 3523 4046 nt

1959 4104 2028 4142 ne
2047 4087 2156 4150 ﬁat,
2187 4083 2538 4139 manifestum
2557 4091 2661 4145 est,
2695 4097 2794 4135 nos
2812 4096 3006 4136 omnes
3027 4081 3298 4148 perituros
3323 4099 3460 4138 esse.
3497 4103 3515 4132 ι

1958 4181 2026 4232 At
2061 4193 2174 4241 rex,
2218 4175 2363 4229 lanci
2395 4172 2682 4228 consilium
2733 4178 3077 4240 aspernatus,
3125 4170 3372 4239 sequenti
3403 4176 3522 4225 lure

1960 4271 2150 4340 proelio
2176 4267 2377 4338 ingenti
2415 4273 2469 4318 et
2511 4263 2761 4318 horribili
2807 4263 3128 4329 commisso,
3167 4278 3291 4337 cum
3324 4279 3519 4331 magna

1961 4373 2141 4431 strage
2168 4369 2221 4414 et
2250 4359 2395 4414 caede
2432 4355 2758 4417 Turcarum,
2785 4354 2857 4407 ita
2912 4367 3081 4424 prope
3107 4352 3172 4406 ad
3225 4355 3520 4431 tentorium

295 4471 386 4510 ros
415 4470 474 4510 se
493 4467 612 4509 esse
641 4461 922 4522 sperantes
955 4463 1307 4518 amcramque
1338 4456 1392 4502 et
1450 4447 1729 4499 universas
1759 4457 1854 4497 co-

1960 4470 2156 4510 amerar
2184 4451 2506 4522 penetravit,
2545 4459 2599 4503 ut
2628 4448 2674 4501 is
2717 4449 2828 4517 jam
2885 4447 3022 4516 fugae
3051 4461 3111 4502 se
3184 4447 3523 4502 committere

295 4548 413 4615 pias
449 4543 570 4611 ejus
591 4554 967 4620 oppressuros.
997 4541 1206 4608 Itaque,
1231 4551 1354 4603 cum
1405 4534 1672 4605 postridie
1724 4547 1859 4601 pug-

293 4629 777 4699 natiicommittere
791 4631 1029 4700 llungari
1045 4638 1326 4698 cuperent,
1351 4627 1618 4682 concione
1653 4624 1856 4688 habita,

296 4745 389 4784 rex
413 4737 464 4782 et
494 4725 820 4794 aliiquidam
847 4729 1178 4782 statuerunt,
1208 4719 1426 4770 utultro
1452 4718 1566 4783 ipse
1596 4731 1688 4767 rex
1715 4728 1860 4782 pra:-

295 4823 430 4874 lium
467 4826 782 4873 consereret
809 4822 862 4869 et
903 4812 968 4866 ad
1000 4809 1301 4866 tentorium
1338 4822 1534 4862 amere:
1569 4821 1762 4875 usque,
1811 4806 1855 4857 si

297 4920 502 4982 posset,
528 4915 856 4978 penetraret,
892 4914 951 4957 ut
979 4902 1125 4956 fama
1157 4899 1439 4954 victoriam
1493 4893 1862 4964 virtutemque

295 5006 416 5074 ejus
450 5015 562 5056 toto
599 5000 730 5054 orbe
762 4997 1082 5066 prtedicaret
1108 5007 1124 5059 ;
1152 4990 1370 5045 facilem
1431 4989 1632 5059 quippe
1665 4999 1718 5042 et
1741 4989 1861 5043 nul-

303 5103 409 5156 lius
444 5097 646 5168 negotii
677 5093 960 5149 vietoriam
1012 5089 1127 5143 fore
1158 5085 1585 5162 arbitrabantur.
1616 5086 1684 5136 At
1741 5082 1864 5136 lan-

300 5209 420 5257 eus,
459 5192 790 5262 gubernator
815 5185 957 5254 ejus,
993 5190 1051 5236 ut
1081 5180 1164 5234 vir
1195 5179 1439 5249 prudens
1485 5185 1539 5231 et
1571 5177 1716 5231 bello
1765 5191 1860 5230 cx-

304 5297 511 5359 pertus,
532 5280 806 5336 contraria
833 5277 1104 5359 sentiens,
1149 5272 1286 5327 dixit
1342 5289 1356 5325 :
1396 5286 1414 5320 ι
1451 5267 1710 5323 Fortunae
1776 5268 1862 5321 iti-

300 5379 664 5438 constantiam
699 5388 858 5429 nemo
890 5345 1081 5434 novit';
1116 5383 1216 5422 nec
1247 5367 1361 5422 ulla
1417 5367 1720 5421 necessitas
1754 5375 1857 5431 est,

303 5473 450 5538 istud
515 5479 574 5527 ut
619 5465 858 5524 coneris.
887 5462 1262 5518 Periculosum
1295 5459 1442 5514 enim
1484 5458 1700 5513 facinus
1753 5467 1858 5512 est.

300 5571 371 5622 At
399 5582 504 5636 ego
551 5564 773 5626 faciam,
800 5555 1067 5629 quidquid
1124 5570 1155 5609 a
1201 5553 1488 5623 majestate
1533 5561 1622 5607 tua
1665 5551 1862 5621 jussus

303 5660 457 5715 fuero
488 5675 503 5723 ;
533 5673 617 5723 ac,
643 5655 690 5711 si
725 5651 860 5708 mihi
891 5647 1102 5706 faveriL
1132 5644 1374 5711 fortuna,
1437 5644 1735 5715 penetrabo
1792 5642 1863 5697 ad

307 5745 710 5809 tabernaculum
740 5759 956 5800 amerue.
987 5738 1144 5807 Quod
1169 5737 1216 5796 si
1240 5751 1413 5808 usque
1445 5736 1512 5792 ad
1549 5744 1858 5793 extremum

1959 4549 2242 4615 cogitaret.
2265 4543 2470 4598 Verum
2501 4556 2607 4595 non
2648 4542 2981 4596 dimiserunt
3029 4557 3152 4594 eum
3184 4541 3523 4611 jannitzarii,

1960 4637 2310 4709 quantumvis
2365 4636 2562 4689 timore
2617 4634 2949 4701 perculsum,
3016 4647 3136 4686 cum
3181 4647 3358 4701 regem
3414 4641 3520 4684 tam

1960 4734 2207 4784 animose
2237 4729 2581 4781 dimicantem
2620 4726 2864 4786 videret;
2897 4724 2988 4778 sed
3019 4724 3374 4792 compedibus
3418 4723 3524 4778 fer-

1962 4825 2072 4878 reis
2096 4837 2293 4889 equum
2326 4820 2446 4889 ejus
2478 4818 2906 4882 adstrinxerunt,
2931 4823 2990 4868 ut
3021 4813 3206 4884 fugere
3261 4829 3368 4868 non
3399 4830 3524 4884 pos-

1963 4926 2070 4978 set,
2098 4929 2158 4968 ac
2192 4926 2412 4968 strenue
2440 4911 2778 4999 dimicarunt
2799 4909 2866 4962 de
2899 4909 3080 4970 salute,
3111 4908 3249 4977 ejus.
3287 4905 3510 4960 Interim

1964 5023 2055 5060 rex
2090 5005 2318 5058 viriliter
2347 5004 2651 5073 pugnabat,
2688 4997 2870 5054 aniera
2895 5014 3018 5051 cum
3047 4997 3196 5052 omni
3218 4997 3338 5064 ejus
3359 5013 3522 5067 appa.

1963 5109 2080 5152 ratu
2107 5096 2271 5165 potiri
2316 5095 2562 5162 cupiens,
2595 5106 2718 5145 cum
2773 5091 2991 5160 quidam
3037 5088 3522 5160 de'_jannitzariis,

1960 5191 2269 5246 Cliamuzas
2336 5185 2619 5248 vocabulo,
2684 5198 2748 5236 ex
2805 5182 3178 5251 Peloponneso
3234 5180 3524 5240 oriundus,

1964 5281 2322 5353 posteriorem
2367 5277 2556 5346 pedem
2583 5275 2707 5345 equi
2739 5275 2900 5341 regis,
2927 5273 3135 5325 vibrata
3169 5272 3372 5337 securi,
3403 5270 3526 5325 vul-

1963 5369 2194 5433 neravit,
2226 5383 2483 5435 eumque,
2517 5379 2642 5419 cum
2675 5379 2816 5432 equo
2846 5362 2994 5415 liumi
3028 5360 3363 5430 prolapsum,
3388 5373 3522 5414 con-

1964 5475 2185 5521 secutus
2212 5462 2436 5518 occidit.
2471 5460 2609 5514 Tum
2643 5460 2778 5513 laetis
2809 5457 3165 5520 clamoribus,
3197 5465 3258 5508 ut
3289 5466 3407 5506 mos
3434 5459 3524 5505 est

1965 5552 2164 5620 impiis,
2211 5558 2374 5620 caput
2431 5548 2617 5604 hastili
2674 5547 2977 5617 praefigunt.
3031 5544 3085 5599 ld
3128 5544 3220 5598 ubi
3279 5542 3530 5594 viderunt

1964 5643 2229 5714 Hungari,
2259 5643 2369 5698 huc
2433 5642 2566 5697 illuc
2598 5642 2961 5710 dissipantur,
2997 5635 3270 5702 multique
3302 5631 3364 5688 in.
3400 5627 3529 5697 fuga

1969 5736 2112 5805 capti
2145 5743 2198 5792 et
2251 5733 2526 5792 interfecti
2567 5742 2718 5790 sunt.
2778 5730 2876 5786 llic
2916 5729 3081 5806 igitur
3136 5723 3262 5779 mali
3313 5720 3529 5777 consilii
