4066 6296
321 422 426 486 805

1351 397 1812 484 'cunomco-N
1858 382 2223 488 MAJUSf—
2252 425 2402 486 LIB.
2445 427 2528 484 II.

3456 427 3562 489 866

325 533 461 604 μήτε
492 532 750 617 πλούσιον
787 532 1182 602 ἐντρεπόμενος
1217 532 1247 602 ἦ
1279 534 1595 588 κολακεύων
1626 535 1779 604 παρὰ
1831 538 1892 588 τδ
1923 545 1965 600 Α
1996 537 2310 591 τινούπολιν
2347 540 2490 608 ὑπὲρ
2521 536 2732 590 πολλῶν
2767 551 2932 588 τινων
2965 533 3276 601 ὑποθέσεων
3307 535 3403 586 καὶ
3434 539 3565 606 περὶ

321 623 619 694 προσῆκον,
660 624 797 694 μήτε
829 624 1076 686 πενήτων
1112 626 1427 694 φειδόμενος
1446 639 1461 656 ·
1481 627 1555 679 Οὐ
1580 625 1728 698 λήψῃ
1753 625 1884 692 γὰρ,

325 717 482 784 φησὶ,
513 717 807 785 πρόσωπον
841 716 1130 778 δυνάστου,
1159 718 1250 768 ναὶ
1290 717 1494 785 πένητα
1523 717 1622 770 οὐκ
1653 717 1885 787 ἐλεήσῃς

323 809 381 860 ἐν
411 809 614 876 κρίσει,
646 809 725 860 ὅτι
753 808 848 860 τοῦ
868 808 1003 860 Θεοῦ
1036 811 1068 878 ἡ
1106 809 1312 878 κρίσις.
1333 808 1551 872 Δίκαιος
1581 810 1642 861 τὸ
1670 810 1916 873 δίκαιον-

319 899 592 963 ὀιὼξεται,
629 901 725 952 καὶ
749 901 846 952 οὐκ
879 886 1067 968 ἀρέσει
1104 901 1179 969 τῷ
1208 901 1402 970 δικαίῳ
1433 903 1623 955 ἄδικόν
1659 917 1815 954 ποτε.
1855 918 1873 951 ›

325 993 720 1062 Προσκυνήσας
777 992 869 1044 οὖν
928 993 1039 1060 ἐγὼ
1074 994 1237 1047 αὐτὸν
1295 997 1392 1048 καὶ
1449 995 1884 1064 εὐχαριστήσας,

321 1082 565 1148 ἀπῆλθεν
592 1084 672 1144 είς
712 1084 802 1135 τὸν
843 1084 1060 1154 Ἰσθμὸν.
1098 1088 1163 1155 τῇ
1199 1092 1284 1148 κη’
1317 1086 1411 1138 τοῦ
1446 1087 1612 1140 αὐτοῦ
1640 1088 1889 1158 Σεπτεμ-

322 1173 501 1243 ὁρίου.

394 1268 482 1336 Τῷ
510 1269 566 1320 δὲ
600 1268 920 1338 Ὀκτωῆρέῳ
947 1271 1077 1340 μηνὶ
1113 1271 1208 1323 τοῦ
1261 1272 1426 1325 αὐτοῦ
1452 1271 1606 1335 ἔτους
1660 1271 1886 1340 ἐξῆλθεν

321 1357 430 1412 ἀπὸ
460 1360 555 1427 τῆς
593 1359 927 1427 Γλαρέντζας
968 1363 1000 1429 ἠ
1051 1364 1214 1432 κυρία
1268 1363 1482 1431 Ἑλένη,
1516 1362 1766 1430 θυγάτηρ
1795 1362 1886 1413 τοῦ

322 1451 430 1520 κὺρ
460 1451 634 1519 Θωμᾶ
662 1450 756 1503 τοῦ
781 1450 1070 1513 δεσπότου,
1104 1453 1188 1507 ἵνα
1237 1437 1451 1522 ἀπέλθῃ
1483 1453 1564 1514 εἰς
1622 1453 1721 1522 τὴν
1750 1453 1887 1520 Σερ-

320 1543 444 1594 6ίαν
469 1544 562 1596 καὶ
603 1541 856 1610 Λάζαρον
887 1543 980 1595 τὸν
1016 1544 1134 1595 υίδν
1165 1545 1269 1615 κὺρ
1300 1544 1577 1612 Γεωργίου
1622 1543 1888 1596 δεσπότου

325 1635 496 1703 ἄνδρα
534 1634 699 1706 λάεῃ,
733 1635 872 1703 ὅπερ
898 1635 994 1686 καὶ
1025 1637 1280 1702 ἐγένετο·
1319 1637 1414 1688 καὶ
1464 1636 1550 1688 διὰ
1591 1634 1750 1688 τοῦτο
1796 1634 1891 1686 καὶ

322 1725 595 1795 δεσπότην
623 1725 716 1777 καὶ
753 1725 917 1776 αὐτὸν
953 1725 1017 1794 δὴ
1048 1725 1140 1777 τὸν
1169 1727 1421 1795 Λάζαρον
1452 1729 1480 1778 ὁ
1503 1725 1759 1796 βασιλεὺς
1781 1726 1890 1794 κὺρ

331 1816 589 1886 Ἰωάννης
625 1816 814 1868 ἕνεκεν
838 1816 933 1868 τοῦ
967 1817 1429 1886 φιλανθρωπηνοῢ
1465 1817 1744 1887 Γεωργίου
1797 1833 1892 1868 τε·

317 1911 542 1980 τίμηκε.
582 1912 660 1982 Τῇ
693 1913 747 1965 δὲ
783 1913 868 1976 κζ’
902 1912 997 1965 τοῦ
1033 1911 1349 1980 Νοεμϐρίου
1382 1911 1551 1980 μηνὸς
1580 1911 1678 1964 τοῦ
1714 1910 1887 1964 αὐτοῦ

1995 630 2095 698 τῆς
2128 629 2549 699 Τραπεζοῦντος
2588 629 2682 681 καὶ
2721 630 2820 697 τῆς
2853 626 3081 689 Γοτθίας
3122 630 3217 680 καὶ
3247 628 3373 697 περί
3415 647 3565 689 τινος

1996 721 2344 775 συνοικεσίου
2378 723 2466 775 διὰ
2481 723 2578 774 τδν
2609 721 2872 788 αὐθέντην
2910 738 3036 788 μου,
3071 721 3192 771 ἐπεὶ
3227 721 3320 772 ἀπ’
3379 723 3559 773 ἐκεῖσε

1990 813 2392 884 προεσύντυχον
2416 831 2428 844 ·
2465 813 2592 865 ἔνθα
2625 811 2721 864 καὶ
2757 811 3156 880 ίερομθνάχους
3191 812 3287 863 καὶ
3337 814 3398 863 ἐκ
3450 813 3561 862 τῶν

1989 905 2297 974 ἀνθρώπων
2361 923 2462 971 μου
2513 905 2734 958 ἔστειλα
2795 907 2852 955 ὲν
2899 905 3130 964 ἐκείνοις
3171 906 3286 964 τοῖς
3344 905 3559 974 μέρεσι,

1991 997 2285 1067 ἐξαιρέτως
2325 995 2380 1048 δὲ
2418 998 2512 1048 καλ.
2563 996 2654 1048 τὸν
2703 993 3070 1063 ίερομόναχον
3133 993 3406 1057 Ἰσίδωρον
3471 993 3562 1043 τὸν

1991 1089 2086 1143 καὶ
2121 1088 2352 1157 ὕστερον
2385 1085 2809 1156 χςηματίσαντα
2843 1083 3262 1152 μητροπολίτην
3299 1082 3563 1149 ’Δθη-κὼν,

1994 1178 2114 1246 μεθ’
2142 1172 2220 1232 ὧν
2279 1178 2519 1246 ἔγραψα.
2578 1177 2690 1228 Καὶ
2747 1176 3153 1244 προσμένοντός
3198 1192 3301 1242 μου
3334 1177 3448 1226 ἐκεῖ
3487 1174 3565 1241 τῷ

2003 1268 2208 1338 Ἰουλίῳ
2242 1271 2373 1337 μηνὶ
2391 1267 2484 1318 τοῦ
2515 1265 2707 1332 ,ςεῇνς’
2733 1266 2882 1328 ἔτους
2915 1267 3194 1318 ἀπέθανεν
3227 1265 3331 1316 ὑπὸ
3359 1263 3565 1331 λοιμώ-

1992 1364 2114 1424 δους
2176 1362 2481 1429 νοσήματος
2520 1361 2546 1409 ὁ
2577 1359 2848 1427 δεσπότης
2884 1361 2991 1427 κύρ
3028 1359 3307 1426 Θεόδωρος
3363 1360 3422 1410 ἐν
3486 1361 3552 1426 τῇ

1993 1450 2337 1519 Σηλυμϐρίᾳ,
2366 1453 2461 1501 καὶ
2503 1449 2835 1516 κομίσαντες
2890 1451 2949 1502 τὸ
2978 1450 3237 1518 λείψανον
3281 1449 3449 1502 αὐτοῦ
3505 1453 3564 1501 ὲν

1993 1545 2060 1612 τῇ
2103 1543 2255 1595 πόλει
2287 1542 2498 1610 ἔθαψαν
2525 1541 2689 1595 αὐτὸν
2725 1544 2782 1594 ὲν
2837 1544 2904 1611 τῇ
2957 1541 3050 1594 τοῦ
3115 1546 3566 1612 Παντοκράτορος

1999 1637 2158 1705 μονῇ.
2189 1635 2298 1688 Καὶ
2328 1636 2392 1703 τῇ
2431 1633 2490 1684 ιε’
2529 1633 2623 1686 τοῦ
2675 1634 2994 1698 Αὐγούστου
3054 1635 3224 1704 μηνὸς
3266 1635 3360 1688 τοῦ
3398 1635 3562 1687 αὐτοῦ

1994 1726 2144 1788 ἔτους
2173 1727 2408 1778 ἀπέθανέ
2458 1743 2548 1794 μοι
2600 1728 2626 1778 ὁ
2655 1726 2768 1788 υἱὸς
2813 1726 3079 1790 Ἃλέξιος,
3117 1727 3292 1789 ζήσεις
3339 1728 3564 1795 χρόνους

1995 1824 2036 1871 ε’
2068 1820 2161 1870 καὶ
2189 1820 2361 1884 μῆνας
2380 1817 2573 1868 ἕνδεκα
2595 1831 2610 1847 ⁸
2645 1813 2705 1869 οὗ
2731 1819 2758 1868 ὁ
2785 1817 3017 1878 θάνατος
3059 1819 3263 1885 σφόδρα
3297 1835 3399 1883 μου
3435 1819 3564 1869 καοο

1997 1909 2194 1978 ήψατο,
2221 1909 2324 1960 οὐκ
2367 1908 2573 1970 εἰδότος
2600 1924 2703 1976 μου
2729 1907 2828 1958 τοῦ
2864 1907 3055 1958 ἀθλίου
3088 1907 3155 1958 τὰ
3185 1907 3452 1974 μέλλοντά
3474 1924 3564 1972 μοι

318 2001 472 2065 ἔτους
504 1999 668 2073 ἦλθεν
694 2006 722 2056 ὁ
746 2004 969 2072 ἀμηρᾶς
1008 2004 1150 2056 κατὰ
1184 2001 1278 2054 τοῦ
1307 2001 1529 2083 Ἰσθμοῦ
1560 2001 1680 2072 ἤτοι
1731 2001 1893 2069 Ἐξα-
1928 2013 1972 2068 Β
2002 1995 2275 2064 συμσῆναι
2313 1995 2693 2064 λυπηρότερά.
2734 1997 2842 2048 Καὶ
2874 1999 2941 2065 τῇ
2971 1995 3052 2048 λα’
3092 1995 3185 2083 τοῦ
3230 1996 3564 2064 Ὀκτωϐρίου

320 2094 502 2162 μιλίου
523 2111 538 2124 ·
592 2096 686 2147 καὶ
713 2099 780 2164 τῇ
809 2096 1010 2164 δεκάτῃ
1043 2095 1137 2148 τοῦ
1166 2093 1506 2161 Δεκεμϐρίου
1546 2095 1716 2163 μηνὸς
1745 2112 1891 2164 παρ-

249 2216 260 2220 -
316 2185 511 2238 ἔλαϐεν
541 2183 705 2238 αὐτὸν
732 2186 827 2238 καὶ
860 2185 1160 2255 ἐπόρθησε.
1193 2184 1354 2255 203
1386 2186 1495 2237 Καὶ
1519 2186 1776 2239 ἀπελθὼν
1807 2189 1890 2250 είς

319 2275 542 2344 Πάτραν
571 2275 669 2344 τὴν
695 2274 920 2341 Πάτρας
951 2275 1108 2329 πόλιν
1143 2275 1312 2345 μόνην
1336 2275 1616 2346 παρέλαϐε
1649 2276 1746 2330 καὶ
1769 2276 1889 2331 ἐνέ-

227 2365 238 2372 ’
316 2381 495 2433 πρηςε
522 2366 615 2416 καὶ
650 2365 905 2434 ἠφάνισε.
965 2364 1071 2418 Καὶ
1119 2365 1198 2434 τῷ
1248 2365 1548 2434 Αὐγούστῳ
1612 2366 1747 2436 μηνὶ
1793 2365 1888 2419 τοῦ

316 2455 481 2508 αὐτοῦ
511 2455 668 2520 ἔτους
699 2457 936 2527 ἐστάλην
965 2456 1130 2511 πάλιν
1175 2456 1289 2524 ἐγὼ
1335 2458 1417 2520 εἰς
1460 2457 1560 2528 τὴν
1595 2459 1891 2512 Κωνσταν-

315 2657 688 2714 διῑιιιιίοηὶὺιιε
721 2656 794 2711 ita
822 2656 988 2712 dicit:
1026 2677 1045 2711 ι
1092 2658 1301 2732 Habeto
1338 2660 1503 2731 judex
1532 2676 1886 2730 personarum

319 2749 525 2804 nullam
557 2749 845 2814 rationem,
869 2765 1002 2804 neve
1029 2759 1122 2805 aut
1149 2751 1304 2804 diviti
1331 2751 1606 2823 indulgeat
1631 2752 1882 2807 blandia-

316 2852 532 2910 turque,
569 2851 663 2894 aut
692 2849 877 2909 parcat
905 2837 1268 2910 pauperi.Non
1306 2842 1564 2912 respicies
1591 2842 1759 2909 enim,
1804 2842 1884 2896 in-

317 2937 455 3005 quit,
481 2951 764 3004 personam
791 2935 1049 3005 potentis,
1076 2950 1174 2991 nec
1199 2944 1492 3005 pauperum
1515 2934 1884 2998 misereberis.

316 3029 568 3098 quoniam
593 3027 952 3096 esljudicium
976 3027 1092 3082 Dei.
1110 3026 1294 3083 Justus
1319 3027 1884 3098 sequeturjustitiam,

1999 2088 2167 2158 μηνὸς
2196 2086 2291 2139 τοῦ
2336 2088 2515 2159 ,ς’ᾖνξ
2537 2087 2692 2151 ἔτους
2722 2088 2971 2142 ’ἀπέθανε
2997 2089 3093 2142 καὶ
3115 2081 3147 2142 ’ὁ
3178 2088 3436 2157 βασιλεὺς
3459 2090 3566 2156 κίιρ

2007 2180 2308 2256 Ἰωάννηςς
2340 2181 2478 2232 ὲτῶν
2535 2181 2798 2250 ὑπάρχων
2854 2180 2942 2244 νς¹
3000 2182 3093 2232 καὶ
3146 2180 3333 2249 μηνῶν
3385 2185 3415 2232 ι’
3471 2180 3566 2231 καὶ

1995 2272 2222 2343 ἡμερῶν
2255 2271 2336 2334 ιε’,
2393 2274 2488 2326 καὶ
2544 2274 2718 2342 ἐτάφη
2776 2276 2841 2342 τῇ
2896 2273 3088 2344 πρώτῃ
3148 2266 3462 2340 Νοεμϐρίου
3509 2274 3565 2322 ὲν

1994 2367 2062 2434 τῇ
2132 2366 2268 2434 μονῇ
2348 2361 2443 2417 τοῦ
2523 2365 3001 2433 Παντοκράτορος,
3071 2363 3565 2433 αὐτοκρατορήσας

1991 2455 2304 2527 ἔτηδίκοσι
2335 2457 2486 2526 τρία,
2523 2457 2700 2527 μῆνας
2729 2459 2878 2524 τρεῖς
2913 2456 3008 2507 καὶ
3049 2456 3261 2524 ἡμέρας
3305 2455 3458 2509 δέκα.

2000 2660 2179 2732 gotiis,
2212 2663 2376 2715 etiam
2408 2661 2475 2715 de
2501 2662 2845 2727 Trapezunte
2875 2669 2929 2711 et
2963 2656 3202 2718 Gotthia,
3241 2667 3294 2711 et
3325 2659 3391 2712 de
3423 2675 3566 2729 qun-

1989 2754 2114 2807 dam
2151 2754 2404 2822 conjugio
2435 2752 2642 2806 domini
2688 2751 2792 2806 mei
2836 2760 3041 2808 actum.
3078 2749 3229 2802 illinc
3265 2760 3390 2804 ante
3439 2767 3572 2804 con-

1990 2845 2228 2899 ditiones
2263 2837 2511 2914 agitans:
2542 2843 2684 2896 unde
2708 2841 3189 2902 hieromonaehos,
3211 2853 3263 2895 et
3302 2844 3565 2910 quosdam

1990 2937 2056 2992 de
2095 2937 2229 2990 meis
2261 2937 2604 3000 domesticis,
2625 2936 2678 2988 in
2713 2935 2902 3003 primis
2931 2933 3197 2986 lsidorum
3228 2934 3573 2987 hieromona-

1993 3031 2180 3096 chum,
2222 3030 2315 3098 qui
2349 3039 2533 3099 postea
2567 3025 2905 3081 Athenarum
2963 3026 3309 3093 metropolita
3365 3025 3485 3083 luit.
3514 3026 3570 3080 in

315 3134 418 3175 nec
447 3119 679 3189 placebit
733 3120 809 3173 illi
845 3134 1083 3190 unquam
1120 3119 1407 3190 injustitia.
1452 3139 1472 3172 ι
1531 3119 1730 3173 Deinde
1760 3134 1880 3173 eum
1916 3149 1960 3205 ι)
1993 3121 2124 3175 istas
2153 3123 2405 3190 regiones
2433 3136 2557 3172 cum
2576 3119 2780 3171 litteris
2808 3117 3010 3173 dimisi.
3043 3117 3116 3170 lbi
3140 3133 3262 3170 cum
3291 3119 3566 3186 degerem,

315 3209 596 3265 osculatus
629 3225 752 3263 eum
778 3225 954 3264 essem
990 3211 1331 3280 egissemque
1365 3211 1592 3280 gratias,
1627 3210 1710 3265 die
1741 3210 1884 3280 ejus-

314 3301 437 3356 dem
480 3301 817 3369 Septembris
846 3301 916 3355 28
949 3305 1001 3356 in
1029 3300 1288 3357 Isthmum
1321 3303 1473 3357 abiit.

387 3391 572 3445 Mense
637 3400 817 3446 autem
855 3390 1074 3447 Octobri
1136 3394 1378 3462 ejusdem
1413 3395 1542 3448 anni
1593 3395 1884 3452 Glarentza

318 3482 570 3537 discessit
610 3481 810 3536 Helena
841 3484 1081 3548 domina,
1114 3485 1338 3539 Thomas
1371 3486 1613 3555 despotae
1671 3487 1799 3553 ﬁlia,
1827 3497 1887 3541 ut

319 3573 374 3625 in
411 3572 653 3625 Serviani
697 3570 1135 3640 proﬁcisceretur
1164 3583 1216 3628 et
1262 3573 1492 3641 Lazaro,
1528 3576 1638 3630 ﬁlio
1666 3576 1886 3648 Georgii

324 3665 581 3730 despotae,
626 3663 871 3727 nuberet,
919 3674 977 3717 ut
1028 3665 1188 3719 etiam
1222 3668 1425 3735 nupsit.
1462 3669 1640 3734 Quare
1698 3679 1750 3723 et
1797 3672 1891 3726 de-

321 3761 530 3822 spotam
559 3761 612 3805 et
640 3752 814 3820 ipsum
847 3755 1110 3808 Lazarum
1144 3757 1439 3825 imperatur
1470 3742 1710 3813 Joannes
1766 3776 1891 3830 pro-

319 3854 438 3914 pter
468 3843 760 3913 Georgium
791 3846 1314 3916 Philanthropenum
1346 3850 1656 3904 honoravit.
1685 3851 1889 3905 Vicesi-

321 3951 410 3991 mo
442 3937 674 4005 septimo
703 3938 792 3992 die
820 3941 1022 3994 mensis
1091 3939 1420 3994 Novembris
1451 3942 1698 4011 ejusdem
1755 3944 1886 3997 anni

319 4042 535 4082 ameras
567 4026 830 4082 Isthmum
855 4030 970 4084 sive
993 4029 1364 4084 llexamilium
1399 4045 1769 4102 Oppugnatum
1801 4050 1895 4089 ve-

318 4117 417 4181 nit,
487 4118 735 4189 cepitque
772 4135 896 4174 eum
948 4120 1258 4190 delevitque
1286 4121 1502 4176 decimo
1558 4121 1892 4179 Decembris.

317 4204 520 4262 Deinde
558 4207 774 4264 Patram
803 4209 1105 4281 profectus,
1137 4227 1258 4267 eam
1291 4213 1463 4268 solam
1497 4214 1688 4268 urbem
1716 4214 1888 4285 cepit,

316 4299 622 4371 combussit
651 4311 706 4355 et
727 4304 944 4357 evertit.
982 4305 1225 4372 Augusto
1255 4320 1442 4359 mense
1487 4300 1730 4371 ejusdem
1763 4305 1894 4359 anni

316 4403 417 4458 ego
477 4385 667 4448 rursus
700 4392 913 4463 Cpolim
945 4401 1147 4451 missus
1187 4411 1307 4451 sum
1366 4397 1552 4452 multis
1585 4412 1753 4467 super
1797 4414 1899 4454 ne-

1990 3225 2176 3264 mense
2212 3209 2361 3264 Julio
2393 3211 2520 3264 anni
2582 3209 2720 3264 6956
2760 3207 3086 3262 Theodorus
3122 3207 3381 3262 dominus
3418 3217 3569 3276 peste

1989 3311 2351 3371 consumptus
2384 3312 2466 3354 est
2498 3301 2818 3368 Selymbrize
2845 3317 2859 3353 :
2885 3300 3042 3369 cujus
3069 3315 3271 3369 corpus
3292 3300 3343 3353 in
3378 3299 3569 3352 urbem

1990 3395 2318 3449 translatum
2343 3402 2396 3447 et
2420 3395 2472 3446 in
2493 3387 2837 3447 'monasterio
2859 3391 3267 3446 Pantoeratoris
3291 3394 3570 3460 sepultum

1990 3494 2093 3540 est.
2137 3485 2359 3540 Decimo
2410 3487 2603 3555 quinto
2640 3486 2728 3538 die
2761 3485 2987 3554 Augusti
3041 3486 3246 3537 mensis
3315 3485 3566 3550 ejusdem
3629 3478 3631 3480 ’

1991 3577 2120 3631 anni
2160 3589 2409 3632 mortuus
2433 3586 2517 3631 est
2539 3576 2673 3629 mihi
2702 3575 2930 3629 Aiexius
2968 3574 3133 3640 ﬁlius,
3165 3589 3288 3626 eum
3341 3575 3570 3628 vixisset

1995 3683 2171 3723 annos
2203 3661 2447 3737 quinque
2488 3678 2543 3721 et
2581 3683 2796 3720 menses
2832 3665 3116 3719 undecim:
3182 3665 3339 3730 cujus
3387 3666 3577 3718 obitus

1995 3760 2346 3814 vehementer
2382 3773 2466 3812 me
2507 3757 2958 3824 aﬂlixit,quaudo
3007 3756 3172 3809 miser
3239 3755 3573 3821 nesciebam,

1995 3867 2115 3921 qua:
2138 3851 2269 3904 mihi
2300 3851 2578 3904 acerbiora
2601 3858 2862 3904 eventura
2891 3857 3097 3903 essent.
3127 3847 3428 3900 Tricesimo
3461 3849 3574 3915 pri-

1997 3959 2087 3998 mo
2122 3943 2210 3996 die
2251 3941 2505 3996 Octobris
2558 3941 2688 3994 anni
2725 3939 2864 3993 6957
2900 3941 3064 3994 etiam
3120 3940 3419 4007 imperator
3480 3937 3579 3992 Jo-

2001 4049 2172 4090 annes
2205 4034 2350 4089 diem
2415 4033 2571 4098 obiit,
2625 4045 2798 4086 annos
2855 4041 3015 4085 natus
3059 4046 3154 4085 sex
3201 4039 3256 4084 et
3299 4029 3580 4099 quinqua-

2002 4125 2176 4195 ginta.
2217 4136 2433 4177 menses
2478 4122 2690 4185 decem,
2727 4120 2848 4174 dies
2907 4118 3240 4189 quindecim,
3286 4116 3581 4184 primoque

2001 4214 2324 4270 Novembris
2356 4212 2445 4268 die
2471 4212 2526 4266 in
2563 4211 2894 4286 monasterio
2957 4209 3364 4264 Pantocratoris
3396 4198 3582 4276 sepul-

2007 4316 2094 4362 tus
2132 4315 2237 4372 est,
2269 4321 2437 4376 regno
2491 4307 2695 4373 potitus
2727 4319 2902 4361 annos
2933 4302 3126 4373 viginti
3185 4312 3318 4367 tres,
3358 4313 3578 4354 menses

2009 4410 2142 4467 tres,
2166 4399 2285 4455 dies
2324 4398 2531 4453 decem.
