4066 6296
272 323 416 387 eos
1096 400 1099 401 ί
1300 326 1734 387 enuomcon
1781 326 1890 383 MA,

1993 323 2043 380 Ξ.
2083 347 2147 357 -
2182 322 2325 384 LIB.
2361 321 2476 381 IlI.
3425 313 3532 376 8i0

281 456 476 507 ειεων,
508 440 605 493 καὶ
656 440 810 510 παρά
860 440 1081 493 πάντων
1125 441 1405 501 ἀσπασίως
1462 439 1653 509 ἐδέχθη
1690 440 1718 489 6
1754 439 1869 499 νέος
1894 434 1947 496 Α
1974 454 2081 490 των
2114 436 2418 505 ἐδέχθημεν
2457 437 2593 504 μετά
2631 436 2827 504 χαρᾶς.
2881 434 2974 486 καὶ
3023 431 3373 502 κρουομένων
3427 431 3537 482 τῶν

278 529 449 595 ἄναξ
474 531 610 599 μετά
636 532 1481 601 χαρᾶς,ἐμπλησμένοιἀπαντες
1498 531 1875 598 ἀγαλλιάσεως
1983 527 2265 596 μουσικῶν
2331 528 2492 580 είδῶν
2530 528 2624 580 καὶ
2671 526 2926 595 ὁργάνων
2970 524 3176 587 πάντες
3223 524 3274 576 οἱ
3325 521 3538 575 ἐκεῖθεν

284 619 407 671 καὶ
449 620 812 689 εὐφροσύνης,
846 623 938 673 καὶ
970 621 1272 691 θριάμϐους
1297 620 1565 689 μεγάλους
1618 621 1881 684 ποιήσαν-
1978 621 2205 690 ἔτρεχον
2241 622 2370 673 ἰδεῖν
2390 622 2484 673 καὶ
2504 620 2838 689 ἐθαύμαζον,
2869 618 3125 687 λέγοντες
3155 618 3236 670 ὅτι
3264 614 3537 685 ἠκούομεν

284 710 517 771 τες,ῶς
537 710 657 772 ἔθος
684 712 831 763 ἐστὶν
856 713 969 772 τοῖς
995 712 1189 763 νεωστὶ
1212 712 1565 780 ἐστεμμένοις
1601 707 1879 777 βασιλεῦσι
1981 711 2111 777 περὶ
2141 710 2370 773 τούτων,
2403 710 2519 761 ἀλλ’
2545 710 2823 778 αἰσθητῶς
2851 709 2927 771 ὡς
2957 710 3026 762 τὰ
3057 708 3153 761 νῦν
3192 707 3293 758 οὐκ
3324 706 3539 773 εἴδομεν

296 803 524 854 ποιεῖν.
551 800 705 852 Μετά
746 801 802 852 δέ
849 819 1000 863 τινας
1032 803 1246 870 ἡμέρας
1283 802 1375 854 τὸν
1403 800 1740 865 αὐτάδελφον
1782 799 1881 849 αὐ-

290 892 410 943 τοῦ
445 895 537 945 τὸν
563 894 669 961 κὺρ
703 895 907 960 Θωμᾶν
925 893 1014 946 τὸν
1038 875 1468 947 αὐθεντόπουλον
1496 893 1575 953 είς
1601 892 1661 942 τὸ
1686 890 1881 941 δεσπο-

292 986 473 1035 τικὸν
504 983 722 1053 ἀξίωμα
752 985 1071 1039 ἀνεϐίϐασε.
1114 986 1224 1038 Καὶ
1243 984 1319 1054 τῷ
1356 984 1503 1050 αὐτῷ
1531 982 1639 1034 ἔτει
1664 984 1721 1035 ἐν
1748 978 1889 1049 μηνὶ·

297 1076 619 1144 Αὐγούστῳ
650 1076 882 1142 ἐξελθὼν
910 1078 1010 1142 τῆς
1043 1077 1247 1140 πόλεως
1265 1078 1294 1129 6
1322 1074 1661 1146 προρρηθεὶς
1687 1072 1882 1125 δεσπό-

300 1180 425 1232 της
460 1166 567 1233 κὺρ
596 1165 800 1233 Θωμᾶς
831 1168 1078 1234 ἀπῆλθεν
1117 1169 1196 1225 εἰς
1241 1168 1671 1234 Πελοπόννησον.
1711 1163 1790 1231 Τῇ
1822 1161 1882 1213 δὲ

304 1253 521 1324 πρώτῃ
546 1256 921 1326 Σεπτεμϐρίου
949 1258 1045 1310 τοῦ
1076 1257 1254 1323 ’ςῖνέ
1287 1259 1441 1320 ἔτους
1480 1255 1675 1324 ἐξῆλθε
1712 1252 1806 1306 καὶ
1859 1254 1887 1304 6

303 1340 604 1413 δεσπότης
651 1349 679 1398 6
736 1348 1254 1418 πορφυρογέννητος
1288 1352 1392 1419 κὺρ
1416 1350 1749 1418 Δημήτριος,
1784 1344 1881 1396 καὶ

300 1435 539 1504 ἀπῆλθε
564 1438 819 1501 κάκεῖνος
846 1442 928 1501 εἰς
974 1439 1404 1509 Πελοπόννησον,
1447 1440 1541 1493 καὶ⁸
1584 1436 1886 1507 συμϐάσεις

308 1526 451 1594 μεθ’
482 1528 661 1595 ὅρκων
690 1529 940 1599 φρικτῶν
976 1530 1084 1603 πρὸ
1126 1530 1222 1584 τοῦ
1254 1530 1496 1595 ἐξελθεῖν
1534 1530 1735 1592 αὐτοὺς
1787 1530 1887 1597 τῆς

309 1617 542 1680 πόλεως
574 1621 808 1672 ἐνώπιον
833 1620 936 1690 τῆς
966 1623 1163 1690 κυρίας
1185 1623 1393 1691 μητρὸς
1425 1621 1609 1675 αὐτῶν
1662 1622 1758 1674 καὶ
1784 1620 1883 1689 βα·

302 1709 579 1777 σιλίσσης
617 1717 710 1763 καὶ
758 1713 851 1762 τοῦ
904 1712 1308 1781 αὐτοκράτορος
1355 1712 1448 1765 καὶ
1500 1711 1728 1778 ἀδελφοῦ
1790 1712 1887 1764 καὶ

304 1803 548 1853 πάντων
589 1801 697 1855 τῶν
749 1804 848 1870 τῆς
907 1804 1217 1872 συγκλήτου
1276 1805 1551 1873 ἐγκρίτων
1608 1804 1886 1873 ἀρχόντων

304 1885 682 1962 ποιήσαντες,
719 1892 805 1945 ἵνα
837 1894 1027 1961 μηδεὶς
1052 1893 1146 1945 τοῦ
1178 1893 1370 1961 ἐτέρου
1398 1895 1527 1955 τοὺς
1559 1894 1757 1956 τόπους
1789 1894 1887 1946 καὶ

298 1986 454 2052 ὅριοι
484 1986 776 2054 ὐπερπηδᾷ
794 1986 886 2037 καὶ
912 1985 1158 2055 ἁρπάζῃ,
1190 1983 1305 2037 ἀλλ’
1335 1985 1630 2054 εξρηνικῶς
1656 1986 1882 2052 διάγειν.

303 2071 490 2130 οὗτοι
522 2077 577 2128 δὲ
609 2078 748 2144 μετὰ
798 2076 971 2128 ταῦτα
1010 2075 1085 2144 μή
1141 2076 1484 2144 τηρήσαντες
1536 2077 1659 2139 τοὺς
1691 2076 1889 2146 ὅρκους

308 2169 420 2219 καὶ
479 2167 578 2229 τὰς
632 2167 911 2235 συνθήκας
962 2167 1259 2236 ἠθέτησαν.
1326 2168 1426 2218 Διά
1477 2166 1637 2219 τοῦτο
1691 2169 1748 2219 ἐν
1791 2168 1889 2218 ὐσ-

314 2260 533 2325 τέροτς,
593 2258 665 2321 ὡς
732 2260 905 2327 ἐφάνη
966 2259 1061 2311 καὶ
1116 2253 1260 2311 εἶδον
1313 2256 1492 2322 κάγὼ,
1548 2259 1732 2319 κακῶς
1758 2257 1894 2311 ἀπέ-

312 2352 497 2402 λαϐον
549 2354 645 2401 καὶ
703 2351 842 2418 πρὸς
903 2349 1165 2414 ἀλλήλους
1216 2349 1560 2415 διετέθησαν,
1602 2350 1677 2411 ὼς
1703 2350 1890 2419 πρόσω

315 2442 661 2508 διηγήσομαι
717 2440 785 2490 τά
860 2439 1421 2508 παρακολουθήσαντα
1448 2440 1760 2505 ἀναμεταξύ
1791 2440 1890 2492 αὐ·-

319 2533 461 2583 τῶν.

402 2623 483 2689 Τῇ
514 2621 569 2673 δέ
600 2621 839 2690 τετάρτῃ
875 2619 968 2671 τοῦ
1001 2619 1341 2689 Ὀκτωϐρίου
1374 2619 1547 2688 μηνὸς
1577 2618 1670 2671 τοῦ
1719 2619 1887 2671 αὐτοῦ

322 2712 489 2774 ἔτους
519 2713 754 2780 ἐστάλην
785 2711 894 2777 ἐγὼ
919 2712 1073 2778 παρά
1111 2712 1205 2762 τοῦ
1240 2710 1501 2763 αὐθέντου
1538 2727 1637 2779 μου
1673 2711 1766 2762 καὶ
1799 2710 1893 2779 βα-

324 2805 532 2864 σιλέως
565 2802 705 2870 πρὸς
736 2801 827 2853 τὸν
1066 2799 1164 2866 τῆς
1202 2800 1444 2866 Ἰϐηρίας
1478 2798 1668 2869 κύριον
1711 2800 1891 2870 Γεὼρ-

323 2915 455 2964 γιον
488 2897 697 2957 Μέπεν,
727 2894 786 2956 ὃς
820 2892 952 2962 παρ’
988 2894 1121 2961 ἡμῖν
1170 2890 1272 2961 ῥήξ
1318 2891 1558 2958 λέγεται,
1609 2892 1705 2944 καὶ
1754 2893 1891 2962 πρὸς

323 2990 423 3041 τὸν
459 2986 684 3056 βασιλέα
714 2983 1135 3055 Τραπεζοῦντος
1165 2983 1274 3051 κύρ
1320 2983 1569 3051 Ἰωάννην
1608 2983 1704 3037 τὸν
1734 2983 1889 3048 Κομ-

1917 1758 1958 1812 Β

1976 799 2100 852 οὐτε
2134 799 2470 867 ἠκούσαμεν.
2503 801 2635 868 Οὐχὶ
2672 798 2836 867 μόνον
2885 796 2992 849 ἀπὸ
3023 796 3125 863 τῆς
3166 792 3405 861 Ἰϐηρίας
3440 792 3539 843 πό-

1980 892 2142 954 λεως,
2171 891 2308 944 ἀλλὰ
2338 893 2433 943 καὶ
2485 893 2548 944 ἐκ
2580 891 2686 944 τῶν
2721 889 2881 957 πέριξ
2932 890 3103 956 αὐτῆς
3156 888 3252 938 καὶ
3282 885 3539 954 περάτων

1980 981 2203 1049 ἔτρεχον
2268 980 2397 1033 ἰδεῖν
2453 980 2549 1033 καὶ
2606 979 2860 1036 ἀκοῦσαι.
2905 978 2986 1031 ὅτι
3042 979 3102 1029 τδ
3132 977 3304 1046 ὄνομα
3359 974 3539 1027 αὐτῶν

1982 1074 2199 1141 ἤκουον,
2229 1075 2281 1126 τί
2308 1074 2364 1125 δέ
2395 1073 2544 1125 ἐστιν
2594 1073 2695 1125 οὐκ
2732 1072 3049 1137 ἐγίνωσκον.
3108 1069 3219 1121 Καὶ
3274 1067 3541 1119 ἐλθόντων

1984 1165 2218 1227 πολλῶν,
2256 1165 2314 1215 ἐν
2343 1164 2528 1225 αὐτοῖς
2559 1159 2627 1231 ἦν
2659 1165 2755 1215 καί
2808 1178 2894 1222 τις
2940 1159 3171 1228 γηραιὸς
3228 1157 3359 1209 ὡσεὶ
3404 1156 3541 1207 ἐτῶν

1986 1255 2207 1317 ἑκατὸν,
2243 1256 2338 1307 καὶ
2363 1254 2491 1306 τάδε
2520 1271 2611 1321 μοι
2639 1253 2964 1322 διηγήσατο.
3001 1247 3113 1302 Ἦν
3172 1248 3411 1317 τοῦνομα
3464 1246 3542 1313 τῷ

1986 1346 2270 1415 πρεσϐύτῃ
2329 1344 2593 1412 Ἐφραὶμ,
2651 1343 2970 1413 ὁρμώμενος
3000 1343 3063 1394 ἐκ
3091 1341 3189 1409 τῆς
3221 1340 3541 1408 περιφήμου

1985 1438 2083 1505 τῆς
2127 1436 2363 1505 Ἰϐηρίας
2396 1434 2609 1497 πόλεως
2645 1435 2975 1504 λεγομένης.
3002 1472 3016 1488 .
3040 1470 3056 1486 .
3084 1470 3097 1485 .
3126 1472 3141 1485 .
3175 1447 3190 1462 ο
3222 1432 3280 1494 ὃς
3331 1434 3394 1483 ἐκ
3427 1431 3542 1482 νεό·

1984 1546 2150 1598 τητος
2182 1526 2345 1581 αὐτοῦ
2368 1528 2762 1598 ᾐχμαλωτίσθη
2816 1527 2921 1580 ὑπὸ
2957 1525 3249 1596 βαρϐάρων
3284 1524 3380 1577 καὶ
3414 1522 3544 1575 ἀσε-

1987 1618 2099 1670 ϐῶν
2129 1618 2247 1670 τῶν
2272 1618 2483 1670 ἐκεῖθεν
2511 1612 2706 1682 ἐθνῶν,
2763 1618 2856 1671 καὶ
2912 1617 3207 1683 ἐπώλησαν
3262 1615 3427 1668 αὐτὸν
3464 1616 3545 1674 εἰς

1988 1709 2055 1761 τὰ
2084 1708 2338 1777 ἐνδότερα
2379 1710 2518 1778 μέρη
2546 1708 2655 1761 τῶν
2691 1708 2946 1776 Περσῶν.
2985 1707 3042 1759 ’0
3072 1706 3129 1759 δέ
3163 1707 3353 1775 κύριος
3377 1703 3543 1757 αὐτοῦ

1989 1800 2231 1869 ἔμπορος
2244 1800 2348 1863 ὢν,
2387 1800 2481 1851 καὶ
2513 1798 2653 1867 μετά
2682 1799 2886 1864 ἐτέρων
2923 1797 3133 1849 πολλῶν
3159 1797 3426 1865 ἐμπόρων
3455 1794 3548 1848 θέ-

1988 1892 2176 1953 λοντες
2206 1891 2383 1944 ἐλθεῖν
2412 1890 2554 1941 κατά
2581 1891 2648 1941 τὰ
2673 1888 2784 1941 τῶν
2816 1888 2995 1941 Ἰνδῶν
3020 1888 3165 1956 μέρη
3193 1889 3427 1955 ποιῆσαι
3448 1878 3549 1954 ’τὴν

1989 1982 2174 2043 αὐτοῖς
2204 1981 2613 2049 νενομισμένην
2643 1978 2940 2047 ἐμπορίαν,
2974 1981 3069 2033 καὶ¹
3108 1978 3551 2049 περιπατοῦντες

1990 2073 2203 2142 ἡμέρας
2234 2072 2333 2125 οὐκ
2360 2072 2551 2138 ὀλίγας
2570 2072 2820 2140 ’ἦγγισαν
2856 2071 3009 2124 ἔνδον
3056 2074 3154 2140 τῆς
3202 2072 3313 2123 τῶν
3373 2070 3550 2125 Ἰνδῶν

1991 2163 2198 2233 χώρας.
2243 2163 2303 2215 '0
2337 2163 2504 2224 αὐτὸς
2545 2164 2791 2232 Ἐφραὶμ
2826 2163 3109 2234 ἐπιθυμῶν
3132 2164 3301 2233 208
3327 2163 3553 2233 φεύγειν

1989 2256 2087 2308 τοῦ
2113 2256 2283 2325 ζυγοῦ
2306 2256 2404 2322 τῆς
2430 2257 2810 2325 αἰχμαλωσίας
2846 2256 3031 2326 ἐζήτει
3090 2258 3378 2325 εὐκαιρίαν
3403 2271 3419 2287 ⁶
3460 2257 3556 2310 κοὶ

1990 2350 2049 2403 ἐν
2083 2351 2184 2420 μιᾷ
2210 2350 2368 2402 νυκτὶ
2388 2350 2712 2419 πανσελήνῳ
2742 2350 2770 2401 6
2792 2349 2984 2417 κύριος
3001 2349 3169 2402 αὐτοῦ
3196 2348 3555 2411 κεκοπιακὼς

1991 2440 2056 2492 ἐκ
2100 2440 2202 2508 τῆς
2234 2438 2547 2507 ὁδοιπορίας
2590 2440 2686 2492 καὶ
2718 2438 2897 2507 ἕτεροι
2940 2437 3341 2508 συνοδοιπόροι,
3393 2439 3557 2503 αὐτὸς

1993 2531 2095 2598 τῆς
2129 2531 2303 2600 τύχης
2338 2532 2481 2600 φορᾷ
2511 2533 2865 2600 χρησάμενος
2897 2530 3144 2601 ἐγερθεὶς
3179 2533 3358 2600 φυγάς
3378 2530 3555 2602 ᾤχετο

1994 2622 2059 2672 ἐκ
2092 2621 2261 2671 τόπου
2296 2624 2376 2683 είς
2405 2622 2598 2682 τόπον.
2637 2623 2958 2690 περιπατῶν
2989 2624 3204 2693 ἡμέρας
3266 2625 3467 2683 πολλὰς
3493 2626 3553 2677 ἐν

1994 2712 2227 2781 ἐρήμοις
2277 2713 2469 2774 τόποις
2522 2715 2618 2765 καὶ
2671 2713 2911 2776 ἀϐάτοις.
2948 2714 3222 2780 ’Έφθασεν
3281 2715 3363 2778 είς
3404 2731 3555 2777 τινας

1994 2805 2211 2869 νήσους.
2248 2805 2305 2854 ἐν
2338 2797 2428 2864 αἷς
2466 2803 2709 2855 οἰκοῦσιν
2746 2805 2797 2855 οἱ
2851 2804 3179 2875 Μακρόϐιοι·
3218 2805 3556 2876 μακροϐίους

1994 2894 2104 2963 γὰρ
2133 2894 2466 2961 ὀνομάζουσι
2501 2894 2593 2947 διὰ
2619 2894 2678 2946 τὸ
2708 2895 2809 2965 ζῇν
2840 2894 3024 2949 πλεῖον
3052 2896 3085 2966 ἢ
3120 2897 3317 2950 ἑκατὸν
3357 2898 3558 2967 πεντή-

1995 3004 2161 3041 κοντα
2200 2987 2294 3056 ἐτη
2328 2988 2562 3045 ἕκαστος
2596 2988 2797 3041 αὐτῶν.
2848 2988 2961 3039 Καὶ
2990 2986 3149 3041 τοῦτο
3206 2989 3265 3042 δὲ
3322 2990 3555 3058 γίνεται,

324 3077 512 3146 νηνὸν,
575 3076 712 3145 μετά
754 3073 943 3144 δώρων
1000 3072 1222 3141 ἀγλαῶν
1273 3073 1368 3124 καὶ
1449 3071 1653 3141 πολλῆς
1710 3091 1895 3141 παρα·
1923 3070 1966 3127 C
1998 3078 2243 3146 λέγουσι,
2277 3078 2368 3130 διὰ
2390 3079 2489 3146 τὴν
2518 3077 2615 3130 τοῦ
2658 3078 2819 3147 ἀέρος
2857 3077 3159 3147 εὐκρασίαν
3191 3082 3287 3135 xui.
3317 3080 3559 3152 καθαρό-

326 3169 562 3236 σκευῆς,
600 3166 740 3235 μετά
762 3166 1043 3235 ἀρχόντων
1102 3164 1199 3215 καὶ
1242 3164 1594 3229 στρατιωτῶν
1632 3166 1895 3234 καὶίεροκ

326 3260 597 3329 μονάχων
623 3259 718 3310 καὶ
748 3257 1002 3327 μοναχῶν
1037 3256 1132 3309 καὶ
1186 3254 1407 3324 ψαλτῶν
1465 3256 1743 3324 μουσικῶν
1800 3257 1895 3309 καὶ

326 3354 540 3421 ἰατρῶν
588 3351 683 3404 καί
731 3366 893 3402 τινων
944 3349 1254 3418 κρουόντων
1305 3348 1518 3415 ὄργανα
1582 3351 1675 3400 καὶ
1727 3349 1893 3417 ἕτερα

327 3446 453 3513 είδη
485 3442 747 3512 μουσικά.
800 3442 911 3493 Καὶ
940 3440 1188 3503 ἐλθόντες
1221 3441 1303 3503 είς
1345 3439 1588 3507 Ἰϐηρίαν
1619 3441 1724 3493 ὐπὸ
1756 3440 1896 3494 πάν-

331 3631 423 3677 sto
451 3637 638 3676 mense
662 3635 726 3674 ex
755 3621 891 3674 urbe
923 3634 1171 3690 egressus
1193 3622 1245 3674 in
1279 3620 1709 3690 Peloponnesum
1742 3625 1895 3682 abiit.

334 3714 591 3767 Kalendis
620 3713 1030 3781 Septembribus
1064 3713 1189 3766 anni
1221 3711 1362 3768 6955
1390 3714 1551 3765 etiam
1592 3713 1896 3771 Demetrius

330 3810 559 3876 despota
581 3808 1073 3877 porpbyrogenitus
1098 3806 1350 3860 discessit
1372 3807 1727 3877 similiterque
1763 3808 1898 3863 abiit

334 3902 389 3954 in
420 3900 875 3968 Peloponnesum.
899 3899 956 3951 lli
980 3908 1270 3967 antequam
1300 3914 1360 3951 ex
1392 3900 1524 3952 urbe
1547 3900 1893 3965 excederent,

332 4006 515 4047 coram
556 4002 723 4043 matre
754 3990 1099 4058 imperatrice
1131 3998 1185 4043 et
1216 3990 1541 4057 imperatore
1570 3990 1737 4043 fratre
1758 4006 1895 4043 enn-

332 4085 546 4151 ctisque
580 4082 834 4136 senatorii
882 4081 1090 4134 ordinis
1134 4082 1265 4134 viris
1299 4082 1631 4142 primoribus
1666 4084 1894 4134 horren-

330 4176 417 4228 dis
449 4176 802 4228 sacramentis
833 4189 892 4227 se
924 4175 1312 4233 astrinxernnt,
1348 4181 1405 4225 ut
1438 4182 1623 4227 neuter
1672 4174 1894 4227 alterius

334 4266 451 4318 loca
513 4265 755 4333 ﬁnesque
809 4264 1088 4318 invaderet
1136 4272 1227 4316 aut
1282 4273 1537 4327 vastaret,
1568 4265 1659 4317 sed
1706 4279 1891 4332 pacem

332 4364 575 4409 servaret
607 4364 855 4421 uterque.
880 4355 946 4405 At
980 4368 1123 4415 mox,
1168 4354 1427 4419 neglectis
1455 4370 1517 4407 ac
1547 4354 1761 4408 violatis
1806 4369 1893 4407 sa-

331 4446 627 4499 cramentis
682 4444 1160 4512 pactionibusque,
1212 4454 1419 4510 postea,
1474 4452 1533 4497 ut
1586 4446 1892 4512 comparuit

331 4551 541 4604 egoque
574 4537 687 4604 ipse
730 4537 860 4596 vidi,
901 4536 1039 4587 male
1072 4535 1210 4589 inter
1257 4552 1312 4587 se
1343 4536 1520 4590 alfeeti
1578 4547 1630 4589 et
1666 4536 1891 4589 animati

336 4627 600 4689 fuerunt;
644 4625 786 4676 unde
819 4640 940 4692 quae
973 4635 1159 4679 exorta
1220 4628 1328 4680 sint
1383 4627 1525 4680 inter
1577 4642 1693 4694 eos,
1752 4626 1892 4681 infra

334 4716 635 4784 expﬁcabo.

408 4809 501 4861 Die
525 4814 717 4876 quarto
742 4805 994 4860 Octobris
1017 4806 1259 4873 ejusdem
1286 4808 1414 4860 anni
1445 4808 1513 4861 ab
1536 4807 1889 4875 imperatore,

337 4901 557 4953 domino
593 4913 735 4957 meo,
778 4899 843 4950 ad
878 4897 1177 4965 principem
1210 4897 1421 4961 lberire,
1456 4896 1747 4964 Georgium
1784 4896 1895 4949 Me-

337 5006 459 5060 pen,
487 4988 579 5056 qui
623 5004 651 5041 a
687 4988 846 5040 nobis
882 5002 971 5040 rex
1006 4987 1226 5049 dicitur,
1278 4994 1331 5039 et
1355 4985 1615 5039 Joannem
1660 4986 1894 5039 Comne-

339 5096 488 5145 num,
518 5078 873 5147 Trapezuntis
918 5092 1118 5145 regem,
1170 5076 1373 5130 missus
1408 5091 1527 5129 sum
1579 5091 1699 5127 cum
1734 5076 1893 5128 donis

337 5171 632 5240 splendidis
666 5171 947 5237 multoque
984 5176 1245 5238 apparatu
1304 5182 1426 5220 cum
1459 5166 1588 5219 viris
1620 5167 1892 5227 nobilibus

337 5272 389 5316 et
436 5260 721 5324 satellitio,
785 5274 910 5313 cum
972 5256 1414 5311 hieromonacbis
1460 5266 1512 5309 et
1564 5256 1890 5322 monachis,

338 5364 456 5404 cum
483 5349 674 5417 psaltis
698 5357 753 5401 et
776 5347 1026 5410 medicis,
1058 5348 1297 5416 aliisque
1328 5345 1656 5415 quibusdam
1688 5361 1892 5416 organa

337 5452 390 5497 et
420 5442 525 5495 alia
574 5443 933 5495 instrumenta
968 5440 1178 5493 musica
1227 5437 1502 5491 tractandi
1540 5438 1749 5505 peritis.
1791 5435 1892 5491 Ubi

338 5535 390 5587 in
436 5534 666 5587 lberiam
697 5532 967 5597 venimus,
1019 5529 1206 5584 cuncti
1258 5544 1358 5583 nos
1394 5529 1501 5581 lani
1535 5537 1888 5595 exceperunt,

279 5620 284 5627 ’
338 5626 674 5694 pulsatisqne
705 5624 923 5693 organis
954 5622 1275 5691 caeterisque
1311 5621 1708 5684 instrumentis,
1744 5620 1896 5673 inco-

339 5718 398 5771 ne
428 5725 823 5773 concursantes
869 5714 1057 5767 mirari
1089 5728 1151 5767 ac
1183 5713 1446 5781 proﬁteri,
1476 5712 1697 5767 audisse
1738 5727 1797 5766 se
1827 5713 1895 5767 de

680 5809 943 5868 l’nuou.
991 5808 1108 5867 Gn.
1154 5803 1331 5865 CLVI

1997 3188 2157 3239 τητα,
2196 3170 2286 3222 διὰ
2317 3170 2373 3221 τὶ
2407 3169 2507 3238 μὲν
2556 3171 2611 3220 ἐν
2650 3169 2881 3231 ἐκείνοις
2932 3172 3046 3232 τοῖς
3102 3171 3329 3240 μέρεσιν
3361 3175 3417 3227 οὐ
3448 3176 3561 3226 λεί..

1999 3279 2197 3315 πονται
2230 3262 2444 3329 ὀπῶραι
2478 3263 2731 3312 παντοῖαι
2762 3261 2830 3313 δι’
2864 3262 2990 3314 ὅλου
3018 3261 3115 3314 τοῦ
3148 3264 3423 3325 ἐνιαυτοῦ,
3461 3271 3558 3318 καὶ

1998 3354 2064 3405 τὰ
2092 3353 2192 3421 μὲν
2208 3352 2456 3417 ἀνθοῦσι,
2480 3354 2548 3405 τὰ
2578 3353 2634 3404 δέ
2661 3351 3058 3419 ὀμφακίζουσι,
3088 3353 3157 3405 τὰ
3187 3354 3242 3405 δέ
3261 3356 3555 3423 τρυγᾶται.

2030 3446 2161 3497 Εκεί
2191 3443 2249 3495 δὲ
2298 3444 2394 3495 καὶ
2430 3442 2499 3496 τά
2533 3442 2749 3511 μεγάλα
2809 3443 3010 3496 Ἰνδικά
3073 3443 3316 3511 γίνονται
3378 3446 3562 3516 κάρυα

1999 3624 2198 3677 talibus
2232 3621 2419 3686 rebus,
2466 3632 2771 3687 nunquam,
2810 3625 2869 3670 ut
2901 3632 3067 3681 nunc,
3113 3617 3370 3672 sensibus
3400 3634 3561 3672 usur-

1974 3724 2175 3779 passe.
2210 3706 2394 3776 Neque
2423 3706 2601 3759 solum
2631 3720 2699 3757 ex
2736 3704 2891 3771 urbe,
2937 3705 3031 3758 sed
3066 3707 3230 3759 etiam
3274 3722 3302 3760 e
3341 3708 3473 3762 locis
3502 3718 3558 3762 et

2001 3800 2323 3869 regionibus
2359 3799 2605 3851 ﬁnitimis
2657 3797 2722 3849 ad
2778 3798 3073 3851 videndum
3118 3798 3560 3867 audiendumque

1998 3898 2383 3951 accurrerunt,
2432 3885 2692 3954 quoniam
2742 3885 2956 3937 illarum
2990 3900 3173 3937 rerum
3208 3884 3431 3937 nomina
3464 3900 3561 3937 au-

1998 3982 2265 4041 diverant,
2306 3976 2498 4043 quales
2544 3975 2648 4028 illa:
2678 3983 2882 4036 essent,
2916 3975 3267 4042 ignorabant.
3311 3973 3559 4043 Cumque

1999 4068 2155 4123 multi
2202 4065 2625 4130 conﬂuxissent,
2674 4063 2776 4117 fuit
2822 4065 2962 4117 inter
3006 4066 3103 4119 hos
3131 4079 3298 4118 senex
3335 4066 3559 4133 quidam

1998 4171 2215 4216 centum
2248 4161 2472 4213 circiter
2501 4172 2796 4222 annorum,
2834 4158 2929 4225 qui
2964 4157 3081 4211 haec
3115 4157 3244 4211 mihi
3288 4159 3557 4212 narravit.

1999 4253 2130 4306 Erat
2163 4267 2360 4304 nomen
2404 4252 2521 4303 seni
2553 4248 2829 4318 Epliraim,
2866 4260 2919 4302 et
2946 4249 3215 4303 oriundus
3245 4260 3362 4304 erat
3395 4266 3424 4304 e
3455 4267 3558 4304 no-

2002 4347 2093 4400 bili
2129 4345 2320 4399 lberiae
2358 4344 2512 4405 urbe,
2546 4356 2669 4410 quae
2698 4342 3002 4409 appellatur
3039 4382 3053 4395 .
3091 4383 3104 4397 .
3139 4382 3151 4395 .
3200 4342 3341 4396 Puer
3369 4356 3560 4413 captus

2003 4457 2032 4493 a
2086 4438 2335 4493 barbaris
2362 4444 2415 4490 et
2442 4433 2625 4503 impiis
2671 4434 2779 4486 illis
2809 4434 3077 4500 gentibus,
3110 4435 3359 4490 venditus
3389 4446 3472 4491 est
3506 4438 3557 4491 in

1997 4536 2290 4596 interiores
2311 4527 2562 4594 regiones
2592 4525 2904 4578 Persarum.
2938 4524 3070 4578 Cum
3106 4528 3270 4580 herus
3302 4527 3443 4595 ejus,
3464 4530 3559 4596 qui

1997 4635 2265 4685 mercator
2285 4628 2425 4681 erat,
2448 4626 2503 4671 et
2533 4616 2623 4669 alii
2655 4616 2808 4670 multi
2844 4626 3198 4678 mercatores,
3225 4623 3365 4686 apud
3397 4617 3559 4674 Indos

1996 4718 2216 4772 solitum
2260 4708 2362 4763 sibi
2407 4713 2704 4760 mercatum
2756 4703 2978 4769 facturi,
3028 4706 3143 4757 dies
3193 4708 3403 4775 aliquot
3458 4709 3560 4761 iter

1998 4807 2276 4861 fecissent,
2297 4800 2518 4867 jamque
2541 4794 3040 4862 appropinquarent
3062 4796 3259 4850 ﬁnibus
3280 4797 3557 4865 Indorum,

1998 4894 2279 4965 Ephraim,
2324 4889 2453 4957 jngo
2487 4884 2696 4940 servitii
2732 4899 2791 4937 se
2827 4884 3156 4939 subtrahere
3188 4888 3436 4956 cupiens,
3471 4889 3559 4942 fn-

1997 5002 2076 5055 ga;
2109 4979 2576 5051 opportunitatem
2613 4973 2917 5043 quaerebat.
2962 4988 3025 5027 ac
3076 4987 3232 5030 nocte
3278 4979 3560 5045 plenilunii

1998 5078 2203 5131 lumine
2230 5074 2520 5129 illustrata,
2543 5082 2665 5121 cum
2686 5068 2849 5120 herus
2866 5080 2990 5119 eum
3013 5067 3242 5136 reliquis
3265 5071 3560 5126 comitibus

1999 5168 2174 5222 fessus
2201 5172 2347 5219 esset
2379 5177 2445 5215 ex
2479 5160 2696 5222 itinere,
2728 5158 2843 5227 ipse
2875 5156 3107 5213 fortunae
3145 5161 3407 5227 conﬁsus,
3438 5178 3562 5215 sur-

1997 5260 2137 5313 rexit
2166 5254 2530 5325 iugicndoque
2564 5253 2679 5304 loca
2714 5251 2964 5314 mutavit,
2992 5262 3045 5304 et
3071 5251 3189 5307 dies
3218 5268 3327 5307 non
3357 5268 3559 5322 paucos

1997 5367 2091 5419 per
2118 5347 2262 5401 invia
2288 5359 2353 5398 ac
2385 5345 2596 5397 deserta
2628 5343 3091 5409 circumvagatus,
3124 5343 3367 5410 pervenit
3394 5343 3448 5394 in
3475 5342 3560 5393 in-

1997 5442 2143 5495 sulas
2161 5437 2447 5507 quasdam,
2472 5448 2607 5501 quas
2625 5431 2875 5501 Longaevi
2899 5433 3162 5486 habitant.
3183 5432 3389 5499 Quippe
3411 5430 3561 5484 Lon-

1998 5545 2174 5602 gaavos
2216 5530 2317 5581 bos
2343 5526 2614 5595 appellant
2645 5531 2951 5592 propterea,
2978 5524 3125 5592 quod
3163 5521 3352 5589 singuli
3388 5521 3556 5573 vitam

1999 5636 2163 5691 supra
2201 5632 2377 5671 annos
2411 5625 2627 5670 centum
2660 5624 2716 5666 et
2763 5613 3155 5682 quinquaginta
3202 5611 3506 5677 producunt
3540 5626 3554 5662 :

2001 5715 2051 5768 id
2089 5711 2232 5783 quod
2265 5710 2378 5764 ﬁeri
2416 5710 2569 5763 aiunt
2602 5718 2822 5776 propter
2842 5705 2988 5760 aeris
3018 5702 3332 5770 temperiem
3368 5709 3420 5752 et
3458 5714 3559 5768 pu-

3015 5795 3092 5852 26
