4066 6296
523 295 623 362 811

1752 298 2075 360 GEORGII
2117 300 2220 361 PH
2228 302 2538 363 BANTZ.'E

3714 311 3846 378 832

526 414 620 466 καὶ
651 412 993 481 δυσπόριστα
1012 410 1144 477 ἡμῖν
1173 408 1268 463 καὶ
1294 409 1438 463 πάνυ
1468 407 1791 478 ἐπιθυμητὰ
1813 411 2087 482 ἀρώματα
2120 426 2166 482 Α
2190 411 2239 463 οἳ
2276 412 2369 466 καὶ
2404 413 2674 483 ἀγεληδὸν
2703 416 3068 487 πορευόμενοι
3102 419 3412 489 βόσκονται.
3460 424 3841 494 Διατρίψας

523 503 621 556 καὶ
651 504 680 557 ὁ
709 501 998 571 μαγνήτης
1049 498 1217 561 λίθος.
1253 499 1465 561 Οῖτινες
1521 498 1715 568 ἄνδρες
1748 499 1904 561 ἔθνος
1951 501 2092 554 εἰσὶν

526 594 751 655 εὐσεϐὲς
785 592 881 645 καὶ
910 590 1046 653 ζῶσι
1078 588 1226 661 ζωὴν
1263 590 1553 658 ἀκτήμονα
1579 576 1685 643 καί
1706 589 1795 642 τὸν
1841 589 1977 643 Θεὸν
2009 591 2094 643 δο-

529 687 809 750 ξάζουσιν.
850 682 947 739 Ἐκ
976 683 1088 734 τῶν
1110 682 1324 735 ἐκεῖθεν
1349 685 1442 739 καὶ
1470 682 1497 734 ὁ
1546 682 1793 753 ποταμδς
1825 684 1853 735 ὁ
1896 682 2093 744 Νεῖλος

526 780 703 850 ἀρχὴν
725 777 1016 846 λαμϐάνει·
1043 778 1071 828 ὁ
1096 776 1153 829 δέ
1183 775 1385 845 τρόπος
1418 775 1556 829 ὅπου
1580 776 1607 827 ὁ
1638 776 1898 842 παταμὸς
1930 773 2090 835 οὗτος

526 874 603 940 τῷ
648 870 856 939 Ἰουλίῳ
913 869 1010 923 καὶ
1045 867 1347 937 Αὐγούστῳ
1404 868 1540 937 μηνὶ
1597 868 1944 937 πλημμυρεῖ,
1996 864 2093 919 καὶ

528 964 651 1032 οὐχὶ
696 963 874 1032 ἑτέρῳ
903 961 1080 1031 καιρῷ
1122 961 1197 1023 ώς
1231 962 1278 1012 oi
1315 959 1469 1014 ἄλλοι
1513 961 1774 1027 ποταμοὶ,
1837 957 2092 1025 λέγουσιν

526 1053 669 1108 εἶναι
699 1054 873 1116 οὕτως
898 1069 911 1083 ο
935 1055 1017 1106 ὃτι
1047 1053 1099 1106 οι
1127 1052 1222 1105 δύο
1252 1052 1409 1105 αὐτοὶ
1441 1053 1609 1121 μῆνες
1639 1052 1696 1103 ἐν
1723 1050 1956 1112 ἐκείνοις
1978 1050 2091 1112 τοῖς

530 1147 755 1219 μέρεσιν
789 1146 1101 1215 ὑπάρχουσι
1147 1144 1476 1213 ψυχρότεροι
1512 1143 1623 1197 τῶν
1650 1144 1827 1197 ἄλλων
1879 1144 2088 1214 μηνῶν,

524 1241 712 1291 διότιὸ
742 1238 896 1307 ἥλιος
924 1237 1159 1305 ὑπάρχει
1203 1236 1340 1303 πρὸς
1380 1238 1531 1304 ἡμᾶς
1587 1238 1681 1289 καλ⁵
1729 1236 1864 1304 πρὸς
1910 1236 1969 1289 τδ
2001 1237 2091 1306 βό-

529 1347 697 1400 ρειον.
745 1330 1053 1398 ’Υψώνεται
1074 1327 1164 1382 διὰ
1192 1327 1352 1381 τοῦτο
1376 1329 1500 1380 τότε
1530 1327 1828 1398 μεσοῦντος
1860 1328 1957 1381 τοῦ
2006 1328 2093 1383 θέ-

528 1440 682 1491 ρους,
716 1422 815 1490 τὴν
850 1420 1131 1488 Αἴγυπτον
1165 1419 1477 1483 ἐπικλύζει,
1526 1420 1597 1483 ὥς
1651 1419 1751 1473 τοῦ
1779 1420 1932 1488 ἡλίου
1991 1420 2091 1490 τὴν

527 1513 879 1585 βορειοτέραν
900 1512 1212 1574 διαθέοντας
1239 1511 1402 1581 209
1434 1510 1617 1581 ζώνην
1644 1514 1740 1565 καὶ
1769 1515 1883 1575 τοῖς
1910 1513 2091 1575 ἄλλοις

530 1607 995 1677 παρενοχλοῦντος
1051 1607 1342 1674 ποταμοῖς.
1390 1606 1664 1673 Ἐπέρασε
1723 1606 1779 1657 δὲ
1831 1604 1926 1657 καί
1969 1622 2091 1657 τινα

526 1699 689 1753 ἄλλον
723 1697 970 1765 ποταμὸν
1007 1696 1151 1748 πάνυ
1191 1693 1559 1758 ἐπικίνδυνον,
1610 1695 1695 1751 ἵνα
1749 1696 1941 1765 ὑπάγῃ
1981 1695 2090 1746 αὐ-

525 1791 641 1843 τόθι
678 1792 755 1850 sl;
796 1760 924 1849 coit;
975 1785 1350 1854 Μακροϐίους,
1400 1786 1489 1839 διά
1537 1803 1589 1839 τι
1644 1784 1787 1848 ζῶον
1826 1760 2089 1854 spetam
2126 1760 2169 1819 Β

530 1870 673 1947 μίξά
696 1880 923 1947 σφόδρα,
949 1879 977 1930 ὃ
1006 1879 1256 1930 κατοικεῖ
1284 1879 1343 1929 ἐν
1366 1876 1577 1929 ἐκείνου
1608 1876 1702 1928 τοῦ
1730 1877 1978 1943 ποταμοῦ
2011 1875 2089 1945 τῷ

526 1970 699 2033 ὕδατι,
727 1965 1065 2035 καλούμενον
1095 1968 1160 2034 τῇ
1213 1964 1436 2016 ἐκείνων
1495 1964 1763 2034 διαλέκτῳ
1808 1964 2090 2018 ὁδοντοτύ-

528 2075 750 2127 ραννον,
784 2053 898 2109 οἷον
948 2056 1043 2108 καὶ
1092 2055 1365 2120 ἐλέφαντα
1420 2057 1713 2109 καταπιεῖν
1767 2055 2085 2125 ὁλόκληρον.

526 2151 890 2220 Εὑρίσκονται
926 2148 983 2201 δὲ
1010 2149 1069 2200 ἐν
1096 2146 1330 2209 ἐκείνοις
1366 2148 1481 2208 τοῖς
1512 2147 1747 2216 ἐρήμοις
1776 2147 1964 2209 τόποις
1994 2148 2090 2201 καὶ

525 2244 690 2308 ἕτερα
724 2241 903 2295 πολλὰ
956 2239 1320 2307 φοϐερώτατα
1352 2238 1468 2301 ζῶα
1505 2237 1602 2290 καὶ
1663 2236 1849 2306 θηρία,
1903 2238 1964 2302 ἐξ
2014 2231 2090 2292 ὧν

528 2337 638 2387 εἰσὶ
666 2333 959 2400 δράκοντες
993 2330 1243 2382 πλεῖστοι
1264 2328 1359 2381 καὶ
1385 2328 1641 2397 μέγιστοι
1694 2329 1907 2398 σφόδρα
1956 2329 2090 2382 ὡσεὶ

528 2424 716 2494 πηχῶν
745 2422 1147 2492 ἐῦδομήκοντα,
1192 2419 1256 2471 τὸ
1306 2418 1364 2472 δὲ
1388 2418 1621 2484 μέγεθος
1680 2418 1774 2471 καὶ
1824 2419 1886 2471 τὸ
1915 2420 2089 2487 πάχος

526 2515 781 2568 πολὺ-καὶ
808 2512 1277 2581 φρικωδέστατον,
1343 2508 1599 2578 σκορπίοι
1656 2509 1756 2577 μὲν
1806 2510 2086 2577 πηχυαῖοι,

524 2610 572 2661 ei
598 2608 652 2659 δὲ
682 2606 973 2676 μύρμηκες
1010 2602 1359 2671 σπιθαμιαῖον.
1392 2604 1486 2655 καὶ
1546 2602 1734 2663 πλέον,
1769 2601 2089 2670 νυκτερίδες

418 2728 421 2731 -
523 2699 578 2752 δὲ
602 2699 675 2758 ώς
710 2697 954 2763 κάρακες
979 2695 1205 2763 θερινοὶ,
1248 2698 1403 2763 μυῖαι
1441 2695 1495 2747 δὲ
1529 2695 1663 2749 ὡσεὶ
1707 2694 1972 2763 στρουθία
2024 2695 2089 2746 τὰ

527 2790 619 2861 ἐπὶ
645 2788 919 2861 δώματος.
945 2788 1044 2843 Διὰ
1080 2787 1240 2842 τοῦτο
1273 2791 1366 2840 καί⁸
1421 2788 1618 2840 ἐκεῖνοι
1653 2789 1703 2840 oi
1747 2791 1904 2840 τόποι
1952 2789 2090 2840 είσίν

525 2883 797 2949 ἁοίκητοι,
827 2880 919 2933 διὰ
954 2880 1024 2935 τὰ
1056 2878 1268 2946 φοϐερὰ
1302 2878 1469 2947 θηρία
1497 2881 1595 2931 καὶ
1634 2878 1998 2948 φαρμακώδη.
2025 2879 2088 2930 Οί

527 2976 824 3043 ἐλέφαντες
845 2973 901 3026 δὲ
931 2972 1053 3026 κατ’
1089 2973 1310 3040 ἐκείνην
1348 2972 1449 3042 τὴν
1476 2971 1663 3041 χώραν
1712 2973 1819 3023 είσὶ
1851 2972 1912 3024 τὸ
1955 2973 2091 3040 πλῆο

2197 503 2253 556 δὲ
2307 500 2463 568 οὗτος
2495 507 2551 558 ἐν
2583 508 2771 579 ἐκείνῃ
2801 512 2867 579 τῇ
2926 509 3084 581 χώρᾳ
3144 512 3323 581 καιρῷ
3360 516 3470 567 τινὶ
3530 516 3659 567 καὶ
3727 518 3843 583 τὴν

2194 594 2477 648 διάλεκτον
2526 596 2626 649 τοῦ
2663 597 2831 649 τόπου
2898 596 3117 651 ἐκείνου
3163 601 3347 665 καλῶς
3393 603 3668 672 ἔμαθεν,
3730 605 3838 655 καὶ

2195 684 2508 754 ἐνεθυμήθη
2539 684 2627 738 ἵνα
2661 686 2720 738 ἐν
2750 690 2819 756 τῇ
2875 688 3097 759 πατρίδι
3149 691 3445 763 ἐπανέλθῃ.
3525 694 3670 745 Καί
3710 709 3835 745 τινι

2193 776 2303 827 τῶν
2336 776 2603 829 ἐντοπίων
2628 777 2727 847 τὴν
2753 777 2985 849 γνώμην
3015 781 3186 833 αὑτοῦ
3217 782 3410 848 εἰπὼν,
3456 783 3830 853 παρέλαϐεν

2194 867 2359 920 αὐτὸν
2390 869 2483 921 καὶ
2513 869 2724 939 ἢγαγεν
2753 870 2811 922 ἐν
2844 871 2995 940 τόπῳ
3024 872 3134 925 τινὶ
3158 871 3292 927 ἔνθα
3327 876 3391 927 ἐκ
3415 874 3542 927 τῶν
3592 875 3830 939 ἔξωθεν

2206 959 2388 1014 Ἰνδῶν
2418 960 2622 1014 ἀκάτια
2648 962 2926 1032 ἐρχόμενα
2951 963 3048 1015 καὶ
3077 964 3279 1033 φόρτον
3317 966 3611 1020 ποιοῦντα
3654 968 3823 1036 ἀρω-

2197 1053 2386 1120 μάτων
2410 1048 2498 1122 ἦν.
2525 1054 2635 1105 Καὶ
2658 1054 2835 1120 ἐμὸἀς
2863 1057 2895 1107 ὁ
2919 1055 3082 1125 210
3119 1056 3453 1126 Ἐφραίμ-ἐν
3520 1060 3628 1110 ἑνὶ
3694 1061 3818 1111 τῶν

2193 1144 2441 1198 ἀκατίων
2465 1147 2560 1198 καὶ
2604 1145 2774 1198 ἐλθὼν
2800 1141 2929 1216 εὗρε
2982 1149 3088 1215 νῆα
3144 1149 3519 1218 παμμέγεθον
3578 1151 3820 1219 Ἰὸηρι-

2193 1232 2317 1301 κὴν,
2378 1236 2472 1285 καὶ
2528 1233 2775 1297 πλεύσας
2827 1234 2897 1287 δι’
2950 1235 3125 1304 αὐτῆς
3173 1231 3339 1305 ἦλθεν
3379 1241 3465 1300 είς
3524 1239 3819 1306 Ἰϐηρίαν

2193 1324 2313 1395 ἦτοι
2353 1325 2640 1378 Ἱσπανίαν
2687 1326 2833 1379 κατὰ
2886 1325 2986 1395 τὴν
3033 1327 3469 1395 Πορτογαλλίαν,
3503 1328 3818 1382 κάκεῖθεν

2192 1418 2261 1471 δι’
2300 1417 2465 1486 ἄλλης
2497 1418 2649 1487 νηδς,
2673 1417 2918 1481 πλεύσας
2964 1421 3105 1472 κατὰ
3135 1423 3230 1481 τὰς
3267 1420 3684 1489 Βρεταννικὰς
3712 1422 3817 1490 νή-

2196 1524 2323 1570 σους
2373 1508 2466 1561 καὶ
2500 1509 2731 1578 πλησίον
2786 1507 3097 1577 Γερμανίας
3132 1509 3405 1579 ἐπέρασεν
3429 1512 3491 1563 ἐν
3527 1513 3613 1581 τῇ
3651 1510 3814 1579 ’16η-

2195 1600 2290 1668 ρίᾳ
2325 1599 2455 1651 ἔνθα
2489 1597 2647 1666 κάγὼ
2686 1596 2920 1665 ἔφθασα,
2956 1599 3057 1650 καὶ
3105 1597 3279 1661 οὕτως
3303 1598 3480 1657 ταῦτα
3524 1616 3642 1668 μοι
3669 1598 3811 1668 ἐξη-

2194 1691 2424 1760 γήσατο.

2280 1780 2550 1851 ’Δπῆλθον
2579 1778 2674 1833 οὖν
2718 1781 2830 1850 ἐγὼ
2871 1783 2929 1835 ἐν
2973 1783 3168 1852 ἐκείνῳ
3202 1780 3279 1851 τῷ
3313 1782 3467 1851 τόπῳ
3501 1780 3611 1834 διὰ
3652 1798 3805 1849 00p.—

2195 1874 2507 1943 πενθερίαν,
2539 1873 2671 1926 ὅπου
2707 1872 2751 1925 δ’
2793 1872 2902 1942 ἄρα
2950 1889 3043 1941 μοι
3088 1871 3395 1939 φανήσεται
3429 1872 3500 1924 ἐκ
3540 1871 3670 1923 τῶν
3703 1869 3803 1921 δύο

2191 1964 2387 2033 γενῶν.
2423 1963 2571 2017 Ἔδει
2598 1959 2693 2016 οὖν
2724 1963 2812 2016 ἵνα
2849 1964 2985 2031 μετὰ
3030 1963 3383 2033 γράμματος,
3410 1962 3506 2015 διὰ
3530 1963 3603 2015 τὸ
3628 1961 3798 2015 ἀναί-

2190 2057 2305 2109 τιόν
2344 2072 2447 2125 μου
2478 2055 2665 2118 πλέον,
2696 2054 2924 2123 δηλώσω
2976 2053 3053 2124 τῷ
3102 2054 3317 2124 βασιλεῖ
3360 2054 3430 2107 τὰ
3467 2054 3635 2107 καλὰ
3675 2056 3794 2121 ἁμ-

2193 2150 2440 2217 φοτέρων
2471 2147 2579 2199 τῶν
2611 2148 2816 2216 μερῶν,
2850 2147 2945 2199 καὶ
2983 2149 3011 2199 ὁ
3045 2145 3314 2215 αὐθέντης
3360 2164 3463 2216 μου
3502 2146 3790 2211 ἀπελογί-

2195 2253 2343 2289 σατο.
2373 2236 2484 2288 Καὶ
2518 2236 2798 2305 ἐρχόμενοι
2838 2235 2968 2304 περὶ
3013 2234 3109 2303 τὴν
3151 2234 3379 2302 Ἀμισὸν
3411 2235 3790 2303 ἐναυάγησα.

2203 2327 2415 2381 Ἐκεῖσε
2448 2325 2763 2394 προσδοκῶν
2806 2323 2916 2392 ἐγὼ
2950 2324 3053 2392 τὴν
3086 2324 3382 2391 ἀπολογίαν
3414 2325 3693 2395 διέτριψα
3724 2327 3785 2377 ἐν

2192 2420 2422 2478 ἐκείνοις
2453 2419 2566 2479 τοῖς
2591 2418 2818 2485 μέρεσιν
2846 2415 2941 2485 ἐτη
2964 2415 3056 2469 δύο
3080 2415 3175 2469 καὶ
3200 2415 3412 2486 ἡμέρας
3432 2416 3782 2484 τριάκοντα.

2203 2505 2291 2557 Ἐν
2316 2504 2451 2573 τῷδε
2481 2505 2558 2572 τῷ
2586 2504 2763 2573 καιρῴ
2790 2507 2854 2572 τῇ
2893 2509 2979 2570 κγ’
3018 2504 3112 2556 τοῦ
3148 2503 3392 2570 Μαρτίου
3443 2505 3635 2576 μηνὸς
3684 2506 3779 2558 τοῦ

2190 2596 2359 2650 αὐτοῦ
2391 2597 2544 2657 ἔτους
2571 2594 2838 2664 τέθνηκεν
2868 2596 2924 2647 ἐν
2963 2595 3210 2663 μακαρία
3240 2596 3305 2664 τῇ
3346 2595 3499 2664 λήξει
3530 2598 3569 2666 ἡ
3605 2597 3781 2650 ἀοιδι-

2195 2706 2292 2756 μος
2325 2688 2581 2743 δέσποινα
2608 2687 2819 2758 Εἰρήνη
2847 2688 2881 2755 ὴ
2912 2686 2999 2739 διὰ
3030 2685 3123 2738 τοῦ
3157 2686 3307 2738 θείου
3336 2688 3430 2741 καὶ⁵
3457 2685 3776 2754 ἁγγελικοῦ

2193 2782 2467 2849 σχήματος
2521 2781 2987 2849 μετονομασθεῖσα
3043 2776 3326 2847 Ὑπομονὴ
3366 2779 3585 2847 μοναχή
3616 2793 3632 2807 ·
3680 2777 3779 2830 καὶ

2190 2874 2366 2939 ἐτάφη
2394 2875 2473 2933 είς
2500 2874 2597 2939 τὴν
2649 2870 2816 2940 μονὴν
2855 2870 2949 2923 τοῦ
3001 2868 3475 2941 Παντοκράτορος,
3528 2868 3776 2937 πλησίον

2192 2965 2283 3016 το)
2319 2965 2622 3034 μακαρίτου
2651 2963 2745 3015 καὶ
2795 2962 3044 3032 ἀοιδίμου
3094 2962 3359 3032 βασιλέως
3387 2959 3484 3016 τοῦ
3521 2958 3772 3025 συζύγου

528 3063 617 3127 οος
649 3061 841 3131 ῶσπερ
866 3058 990 3117 καθ’
1012 3058 1160 3128 ἡμᾶς
1195 3058 1246 3111 οἱ
1276 3057 1397 3127 βόες
1431 3060 1528 3111 καὶ
1552 3058 1749 3126 ἀγέλαι
1777 3059 2085 3128 προϐάτων,
2118 3096 2160 3153 c
2194 3055 2387 3122 αὐτῆς.
2416 3055 2525 3105 Καὶ
2553 3054 2633 3121 τῷ
2676 3052 3029 3123 Φεϐρουαρίῳ
3067 3054 3200 3124 μηνὶ
3244 3054 3338 3111 τοῦ
3365 3095 3379 3118 ,
3399 3055 3571 3122 ςῇνθ¹
3615 3051 3774 3115 ἔτους

530 3240 770 3301 ritatem,
799 3245 1023 3306 propter
1053 3250 1216 3304 quam
1240 3234 1349 3289 illis
1374 3214 1428 3287 in
1459 3233 1775 3302 regionibus
1797 3248 1893 3303 per
1914 3242 2088 3289 totum

532 3344 733 3383 annum
758 3342 864 3381 non
891 3326 1149 3380 deficiunt
1178 3324 1358 3379 omnis
1383 3323 1601 3392 generis
1626 3324 1833 3390 fruges,
1857 3339 2089 3392 quarum

529 3420 650 3474 alia:
692 3417 909 3480 ﬂorent,
966 3416 1087 3470 alia:
1120 3415 1305 3471 cruda:
1355 3425 1506 3479 sunt,
1561 3415 1680 3468 alia:
1710 3415 1821 3483 jam
1866 3424 2092 3469 maturae

530 3510 879 3577 colliguntur.
909 3507 1110 3561 Ibidem
1137 3506 1469 3576 proveniunt
1505 3520 1716 3574 magna:
1749 3520 1916 3559 nuces
1948 3504 2093 3558 ludi-

529 3618 625 3669 cas,
656 3611 709 3657 et
735 3609 979 3657 aromata
1012 3600 1171 3656 nobis
1198 3614 1347 3669 paene
1373 3606 1567 3670 negata
1590 3600 1681 3659 sed
1718 3599 2087 3668 optatissima,

529 3709 582 3752 et
619 3711 841 3766 magnes
874 3694 1033 3763 lapis.
1084 3691 1232 3749 Gens
1284 3706 1346 3745 ea
1406 3693 1493 3760 pia
1548 3702 1630 3745 est
1661 3694 1938 3759 vitamque
1982 3692 2093 3758 agit

533 3788 864 3841 moderatam
905 3794 963 3839 et
998 3784 1165 3838 Deum
1217 3783 1371 3837 colit.
1403 3783 1476 3836 Ex
1531 3783 1717 3836 eadem
1755 3782 1973 3847 regione
2001 3782 2093 3835 Ni-

530 3881 619 3932 lus
651 3878 918 3947 originem
960 3876 1130 3944 capit,
1178 3888 1533 3937 causamque,
1566 3881 1789 3942 propter
1829 3889 1991 3942 quam
2047 3875 2093 3927 is

530 3972 729 4024 ﬂuvius
764 3968 913 4022 Julio
962 3976 1015 4021 et
1045 3967 1292 4036 Augusto
1323 3966 1606 4018 mensibus
1649 3966 1931 4027 increscit,
1981 3980 2091 4018 non

531 4062 637 4113 alio
667 4068 931 4127 tempore,
962 4064 1022 4108 ut
1043 4054 1256 4123 reliqua
1285 4053 1534 4117 ﬂumina,
1566 4054 1705 4107 hanc
1729 4068 1852 4106 esse
1882 4055 2092 4115 dicunt,

530 4148 674 4218 quod
701 4148 753 4200 bi
777 4146 884 4200 duo
911 4158 1124 4199 menses
1149 4142 1254 4196 illis
1273 4142 1325 4194 in
1352 4142 1671 4209 regionibus
1696 4142 1910 4197 caeteris
1934 4158 2091 4197 men-

520 4240 687 4295 .silms
719 4238 1024 4307 frigidiores
1074 4236 1205 4297 sint,
1246 4242 1536 4303 propterea
1577 4235 1720 4302 quod
1754 4245 1865 4289 tum
1901 4236 1986 4290 sol
2022 4234 2090 4289 ad

531 4339 773 4386 nostram
812 4329 1089 4399 regionem
1139 4325 1524 4392 borealetnque
1572 4327 1852 4393 procedat.
1880 4330 1999 4392 Qua
2026 4327 2094 4381 de

2193 3235 2357 3288 etiam
2402 3233 2632 3289 habitari
2676 3241 2959 3302 nequeunt
2991 3234 3095 3287 illa!
3127 3236 3401 3305 regiones,
3431 3245 3663 3304 propter
3698 3233 3765 3287 il-

2195 3328 2297 3391 las,
2330 3326 2473 3389 dico,
2516 3325 2785 3379 terribiles
2817 3333 2865 3379 et
2904 3334 3205 3381 venenatas
3232 3328 3456 3395 bestias.
3486 3327 3765 3396 Elephan-

2196 3427 2375 3473 torum
2412 3428 2592 3471 autem
2627 3417 2821 3470 ibidem
2879 3425 3027 3471 tanta
3065 3416 3361 3473 multitudo
3398 3428 3498 3484 est,
3545 3425 3758 3486 quanta

2194 3510 2331 3579 apud
2366 3524 2466 3563 nos
2511 3509 2671 3562 boum
2706 3518 2871 3577 atque
2902 3510 3109 3572 ovium,
3157 3520 3551 3577 pascunturque
3579 3509 3749 3561 etiam

2195 3602 2459 3671 gregatim
2492 3610 2769 3668 vagantes.
2803 3599 2898 3653 llle
2925 3614 3045 3653 cum
3075 3613 3140 3652 ea
3173 3599 3227 3652 in
3261 3602 3479 3669 regione
3502 3600 3757 3666 aliquan-

2194 3697 2283 3750 diu
2318 3700 2691 3748 commoratus
2739 3698 2884 3746 esset
2926 3690 3155 3758 jamque
3206 3691 3433 3758 pulchre
3477 3690 3758 3744 didicisset

2194 3784 2370 3853 gentis
2395 3797 2724 3845 sermonem,
2758 3782 2811 3834 in
2847 3782 3077 3848 patriam
3112 3779 3290 3834 redire
3325 3782 3573 3849 cupivit;
3607 3796 3761 3835 cum-

2195 3889 2302 3942 que
2351 3880 2585 3927 mentem
2641 3887 2792 3926 suam
2852 3870 3159 3926 incolarum
3200 3871 3365 3928 alicui
3419 3873 3751 3940 aperuisset.

2195 3963 2460 4018 deductus
2493 3963 2559 4016 ab
2585 3978 2653 4017 eo
2677 3972 2760 4017 est
2794 3962 2847 4017 in
2873 3962 3052 4019 locum
3083 3963 3395 4032 quemdam,
3430 3979 3541 4032 quo
3574 3964 3644 4018 ab
3672 3977 3761 4017 ex-

2197 4054 2368 4109 ternis
2408 4052 2555 4107 Indis
2587 4054 2851 4107 naviculae
2902 4053 3163 4109 aromatis
3196 4063 3405 4109 onusta:
3438 4054 3637 4122 appelli
3672 4066 3758 4105 so-

2197 4144 2399 4199 lebant.
2441 4144 2641 4197 llarum
2677 4159 2779 4197 una
2814 4158 3119 4200 conscensa
3169 4151 3223 4199 et
3273 4146 3409 4197 mari
3444 4145 3753 4205 commissa,

2198 4252 2321 4291 mox
2347 4251 2539 4290 navem
2572 4237 2831 4303 grandem
2872 4236 3131 4292 lbericam
3166 4236 3394 4301 invenit,
3421 4253 3532 4305 qua
3560 4239 3613 4292 in
3644 4236 3753 4289 lbe-
3787 4218 3811 4256 ί

2199 4327 2332 4381 riam
2368 4328 2483 4381 sive
2517 4326 2833 4394 Hispaniam
2868 4326 3358 4396 Portugalliensem
3408 4331 3622 4385 delatus
3653 4337 3753 4384 est.

531 4439 589 4479 re
622 4422 861 4490 augescit
901 4416 1056 4471 Nilus
1101 4415 1276 4470 media
1322 4424 1507 4471 testate
1544 4416 1881 4486 inundatquc
1926 4417 2088 4487 Aﬁgy-
2125 4419 2167 4473 ὓ
2201 4418 2433 4486 indeque
2480 4418 2585 4472 alia
2626 4419 2749 4471 navi
2802 4420 2856 4472 in
2890 4420 3099 4473 insulas
3130 4419 3475 4475 Britannicas
3513 4432 3565 4475 et
3595 4437 3752 4491 prope

530 4525 709 4583 ptum,
748 4520 936 4578 utpote
963 4508 1075 4563 sole
1102 4522 1295 4563 zonam
1334 4510 1506 4573 magis
1537 4508 1809 4561 borealem
1857 4507 2095 4561 obeunte

530 4616 583 4658 et
616 4605 853 4663 instante
886 4598 1008 4653 aliis
1042 4596 1380 4652 ﬂuminibus.
1406 4596 1648 4666 Trajecit
1681 4607 1865 4651 autem
1898 4597 2011 4663 ille,
2038 4608 2095 4651 ut

533 4696 600 4748 ad
650 4694 949 4761 Longaevos
1009 4689 1340 4758 perveniret,
1374 4689 1539 4744 etiam
1591 4689 1757 4743 alium
1800 4689 2092 4757 quemdam

531 4787 782 4847 ﬂuvium,
820 4783 975 4838 valde
1024 4782 1391 4852 periculosum
1421 4791 1644 4851 propter
1692 4780 1888 4850 ingens
1915 4773 2094 4850 quod-

535 4880 661 4932 dam
694 4876 898 4929 animal
927 4874 1287 4943 ampltibium,
1319 4874 1469 4943 quod
1496 4875 1551 4926 in
1583 4887 1648 4926 eo
1675 4872 1901 4928 ﬂumine
1938 4874 2092 4938 vivit,

535 4971 750 5024 illorum
774 4983 1024 5022 sermone
1046 4968 1541 5037 odontOtyrannum
1564 4967 1920 5033 appellatum,
1947 4967 2094 5035 quod

532 5058 616 5112 vel
651 5059 922 5126 integrum
970 5058 1144 5125 possit
1196 5057 1544 5123 elephantum
1595 5055 1882 5109 devorare.
1940 5056 2096 5112 Inve-

536 5151 761 5203 niuntur
790 5149 842 5202 in
885 5148 992 5203 illis
1029 5148 1165 5202 locis
1197 5144 1429 5200 desertis
1458 5155 1724 5213 praeterea
1755 5146 1878 5201 alite
1910 5149 2094 5205 multa:

536 5238 825 5295 horrendae
858 5238 1040 5294 bestiae
1063 5247 1116 5293 et
1145 5235 1359 5299 bellum,
1397 5234 1542 5289 velut
1569 5236 1835 5291 dracones
1876 5236 2093 5305 plurimi

533 5341 587 5386 et
617 5334 881 5402 ingentes,
903 5327 1239 5397 longitudine
1254 5325 1565 5380 cubitorum
1590 5327 1703 5383 fere
1729 5330 2091 5400 septuaginta,

530 5423 818 5479 altitudine
857 5431 910 5474 et
943 5418 1230 5472 latitudine
1266 5418 1427 5487 longe
1472 5420 1883 5485 terribilissitni,
1933 5436 2091 5476 scor-

530 5514 721 5578 piones
748 5510 1039 5574 cubitales,
1088 5508 1334 5563 formicae
1366 5526 1531 5566 unius
1565 5513 1850 5580 spithamze
1878 5522 1933 5567 et
1973 5528 2091 5567 am-

528 5603 692 5670 plius,
725 5600 1135 5668 vespertil'tones
1178 5616 1473 5656 corvorum
1527 5608 1843 5659 aestivorum
1894 5602 2088 5665 instar,

531 5706 731 5747 muscae
776 5690 1088 5760 passeribus
1123 5706 1283 5763 pares
1312 5693 1701 5763 magnitudine.
1744 5696 2091 5763 Quapropter

2199 4508 2545 4564 Germaniam
2580 4510 2880 4578 profeetus,
2925 4511 2980 4563 in
3012 4511 3243 4565 lberiam
3277 4527 3396 4564 eam
3432 4515 3667 4581 traiecit,
3702 4515 3752 4566 itt

2197 4617 2304 4670 qua
2333 4609 2431 4672 ego
2468 4604 2584 4671 ipse
2616 4619 2740 4659 eum
2774 4604 2955 4658 inveni
3006 4616 3173 4672 atque
3202 4603 3316 4658 haec
3363 4604 3441 4659 ita
3467 4607 3536 4663 ab
3564 4622 3630 4662 eo
3666 4621 3756 4660 au-

2198 4697 2327 4748 divi.

2270 4785 2508 4839 Diseessi
2535 4800 2636 4856 ego
2659 4785 2805 4839 illam
2835 4786 2889 4839 in
2914 4787 3191 4856 regionem
3211 4787 3282 4841 ob
3303 4786 3615 4857 coniugium
3638 4800 3753 4841 cum

2196 4876 2454 4931 alterutra
2488 4877 2714 4940 familia,
2748 4888 2908 4948 prout
2948 4878 3079 4931 mihi
3108 4878 3408 4940 videretur,
3442 4878 3742 4933 concilian-

2198 4968 2347 5022 dum.
2376 4968 2614 5024 Necesse
2638 4979 2816 5023 autem
2858 4979 2996 5033 erat,
3026 4984 3136 5039 quo
3167 4970 3340 5023 tutior
3377 4984 3554 5023 essent
3586 4986 3613 5023 a
3644 4969 3754 5023 eul-

2198 5074 2287 5127 pa,
2320 5060 2712 5128 utimperatori
2755 5059 3038 5126 utriusque
3071 5060 3286 5129 generis
3325 5061 3615 5115 commoda
3665 5068 3756 5125 per

2197 5149 2410 5207 litteras
2431 5150 2819 5219 significarem,
2851 5166 3079 5218 quorum
3105 5151 3192 5204 ille
3214 5151 3440 5206 duceret
3469 5153 3750 5203 rationem.

2196 5241 2274 5296 Ad
2318 5242 2562 5296 Amisum
2617 5242 2717 5296 feci
2754 5242 3126 5310 naufragium,
3178 5243 3362 5312 ibique
3414 5235 3751 5309 imperatoris

2196 5342 2525 5399 exspectans
2575 5348 2897 5403 responsum
2941 5334 3091 5389 circa
3147 5347 3241 5386 eas
3289 5332 3540 5400 regiones
3586 5339 3749 5384 annos

2196 5424 2333 5478 duos
2367 5433 2420 5477 et
2451 5425 2568 5479 dies
2606 5426 2825 5494 triginta
2877 5434 3250 5479 commoratus
3288 5440 3432 5478 sum.
3469 5423 3573 5476 illo
3620 5433 3746 5474 tetu—

2197 5530 2347 5581 pore,
2385 5513 2559 5567 Martii
2594 5517 2805 5570 mensis
2835 5516 2922 5568 die
2953 5515 3023 5567 25
3072 5514 3323 5583 ejusdem
3367 5514 3518 5577 anni,
3546 5513 3610 5565 ad
3634 5512 3748 5564 bea-

2199 5615 2377 5659 torum
2415 5608 2568 5660 sedes
2590 5609 2758 5661 cessit
2789 5608 3027 5677 gloriosa
3049 5608 3313 5675 despatna
3342 5603 3516 5669 lrene,
3553 5616 3647 5671 per
3667 5598 3744 5653 dic

2197 5695 2381 5750 vinum
2418 5707 2467 5751 et
2504 5698 2807 5767 angelicum
2846 5698 3093 5753 habitum
3147 5705 3357 5749 mutato
3390 5693 3611 5746 nomine
3645 5690 3746 5756 ﬂ)"
