4066 6296
323 325 441 387 813

1354 314 2108 380 CHRONICONMAJUS.
2155 340 2215 352 —
2271 282 2420 380 LIB.
2469 318 2587 378 III.

3479 320 3586 377 8H

324 436 610 489 ἀπέθανεν
638 434 664 485 6
701 434 924 503 ἀμηρᾶς
956 436 984 486 6
1026 433 1403 504 Ἀμουρὰτης,
1446 432 1475 483 ὃ
1523 431 1681 497 κάγὼ
1708 429 1915 500 ἔμαθον
1947 447 1987 497 Α
2018 432 2110 483 καὶ
2141 433 2173 501 ὴ
2210 432 2361 495 πόλις
2391 430 2715 501 ἠπορημένη
2751 429 2870 483 ἐστὶ
2928 427 3018 483 διὰ
3050 429 3143 484 16v
3172 428 3441 499 αὐθέντην
3479 447 3583 497 μου

321 524 512 579 ετιῶν
541 528 600 578 ἐν
626 525 691 594 τῇ
724 523 956 595 Ἰϐηρίᾳ.
986 525 1074 586 Ὠς
1092 521 1186 578 οῦν
1208 521 1372 595 ἦλθον
1396 525 1475 586 είς
1495 523 1909 593 Τραπεζοῦντα,

324 615 524 685 εἴρηκέ
556 631 647 683 μοι
668 616 695 666 6
727 614 979 683 βασιλεὺς
1006 614 1204 668 τοιάδε·
1236 631 1255 663 ι
1286 615 1458 682 Κύριε
1489 611 1717 681 πρέσϐυ,
1749 611 1906 679 211

326 707 511 758 εἰπεῖν
545 722 626 758 σοι
671 706 808 758 θέλω
858 704 1109 775 χρηστὰς
1141 705 1426 771 ἀγγελίας,
1457 703 1506 755 εἰ
1544 702 1619 772 μὴ
1650 702 1731 755 δεῖ
1777 703 1912 755 ἁπο-

319 795 521 851 δοῦναί
571 812 629 849 σε
661 798 794 867 ἡμῖν
824 814 878 849 τι
908 796 1081 861 δῶρον
1111 796 1354 865 χάριτος.
1399 814 1419 846 ι
1469 795 1641 862 Κάγὼ
1671 793 1911 855 ἀναστὰς

327 890 726 961 προσεκύνησα
754 891 919 945 αὑτὸν
947 890 1121 944 εἰπών
1148 906 1194 943 ἰ
1230 891 1293 945 Ὀ
1320 891 1453 952 Θεδς
1488 887 1909 960 μακροημερεύ-

328 994 421 1031 σοι
454 981 553 1049 τὴν
598 982 761 1048 ἁγίαν
795 998 889 1033 σου
926 981 1233 1050 βασιλείαν,
1263 982 1321 1044 ὃς
1362 982 1718 1052 ,πολυτρόπως
1753 982 1907 1052 εὐερ-

322 1073 513 1135 γετεῖς
533 1073 682 1140 ἡμᾶς
709 1088 724 1102 ο
751 1070 923 1136 οὕτως
946 1074 1039 1126 καὶ
1063 1074 1153 1126 διὰ
1175 1074 1273 1136 τὰς
1300 1073 1395 1128 νῦν
1412 1073 1621 1142 ἀγαθὰς
1645 1074 1910 1141 ἀγγελίας

320 1155 493 1223 αὖθις
518 1162 901 1230 εὐεργετήσεις
927 1165 1099 1234 ἡμᾶς.
1139 1164 1280 1217 Ἀλλ’
1323 1165 1456 1233 ἡμῖν
1490 1166 1590 1219 οὐκ
1632 1165 1781 1218 ἐστιν
1810 1165 1906 1218 ἀν-

319 1248 514 1312 τάξιόν
541 1266 593 1302 τι
622 1252 922 1305 ἀποδοῦναι
950 1255 1017 1323 τῇ
1052 1252 1305 1325 βασιλείᾳ
1334 1268 1429 1307 σου
1458 1249 1526 1324 τῇ
1556 1253 1712 1327 ἁγίᾳ.
1746 1272 1765 1306 ι
1796 1255 1908 1309 Καὶ

320 1339 497 1403 εὐθὺς
536 1338 660 1393 εἰπέ
710 1358 802 1411 μοι
838 1344 968 1415 περὶ
1020 1343 1117 1398 τοῦ
1169 1343 1405 1399 θανάτου
1439 1344 1536 1399 τοῦ
1565 1344 1781 1417 ἀμηρᾶ,
1811 1346 1907 1398 καὶ

320 1431 452 1493 πῶς
485 1434 512 1483 6
547 1432 663 1495 υίὸς
710 1428 882 1488 αὐτοῦ
932 1436 1151 1503 ἐγένετο
1196 1437 1465 1507 αὐθέντης
1518 1440 1613 1492 καὶ
1644 1438 1906 1500 πλείστας

318 1524 563 1593 χάριτας
594 1525 820 1594 ἐποίησε
846 1527 928 1596 τῷ
956 1527 1174 1593 ἄνακτι,
1222 1532 1318 1583 καὶ
1350 1531 1541 1601 εἰρήνη
1589 1527 1746 1592 αὖθις
1777 1533 1904 1583 ἐπε-

320 1616 558 1686 κυρώθη
610 1617 927 1687 ἀναμεταξὺ
983 1620 1169 1673 αὐτῶν
1216 1624 1405 1693 τηρεῖν
1439 1622 1635 1691 αὐτὴν,
1682 1621 1757 1683 ὡς
1810 1624 1903 1675 καὶ

321 1702 532 1771 πρώην
564 1705 703 1773 μετά
729 1707 823 1759 τοῦ
855 1708 1064 1778 πατρὸς
1096 1709 1262 1763 αὑτοῦ
1302 1707 1450 1781 εἶχεν
1476 1713 1505 1764 6
1550 1712 1775 1765 ἐκείνων
1818 1707 1901 1763 οἷ-

2018 520 2113 571 καί
2147 519 2373 588 βασιλέα
2410 521 2608 573 νεωστί
2632 520 2701 574 τὰ
2727 521 2985 589 σκῆπτρα
3028 519 3283 586 λαϐόντα,
3315 518 3372 581 ὃς
3399 523 3495 571 καὶ
3521 519 3585 570 ἐκ

2015 610 2125 665 τῶν
2155 613 2255 681 τῆς
2306 613 2590 682 βασιλείας
2644 613 3020 683 εἰσοδημάτων
3054 613 3228 667 πολλὰ
3257 611 3465 679 ὀφείλει
3495 612 3585 665 διὰ

2013 699 2111 764 τὰς
2139 701 2351 765 ἐξόδους
2374 704 2468 757 καὶ
2489 704 2559 756 τὰ
2582 703 2875 772 φιλόδωρα,
2901 704 2938 757 ἃ.
2966 703 3261 774 ἐχαρίσατο
3283 704 3395 765 τοῖς
3422 718 3586 771 στρα-

2012 789 2239 853 τιώταις
2270 792 2366 844 καὶ
2403 794 2553 863 πάσῃ
2580 795 2646 862 τῇ
2687 794 2826 864 αὐλῇ
2855 810 2869 824 ⁸
2894 794 2973 845 διὸ
3000 793 3174 847 δεῖται
3210 792 3405 864 καιροῦ
3433 794 3585 862 εἰρη-

2012 880 2165 932 νικοῦ
2197 882 2334 951 πρὸς
2363 882 2425 935 16
2462 883 2883 952 ἐξοικονομῆσαι
2913 883 2982 937 τὰ
3010 884 3109 949 τῆς
3145 883 3326 955 μάχης
3353 883 3448 936 καὶ
3488 883 3582 937 τοῦ

2013 971 2254 1043 πολέμου
2283 973 2565 1042 ἀναγκαῖα
2597 974 2691 1027 καὶ
2718 974 3027 1044 ἐπιτήδεια.
3078 975 3188 1028 Καὶ
3216 976 3313 1028 ἐὰν
3356 975 3446 1028 διὰ
3485 974 3582 1036 τὰς

2011 1063 2287 1133 ἁμαρτίας
2322 1064 2481 1134 ἡμῶν
2512 1065 2540 1117 6
2569 1065 2704 1128 Θεὸς
2751 1067 3157 1138 παραχωρήσῃ,
3200 1066 3296 1119 καὶ
3344 1066 3506 1127 αὐτὸς
3553 1068 3582 1117 6

2009 1153 2290 1224 ἀλιτήριος
2320 1156 2429 1210 ὑπὸ
2456 1157 2555 1227 τῆς
2587 1158 2843 1229 νεότητος
2867 1158 3035 1229 αὐτοῦ
3064 1158 3160 1213 καὶ
3189 1156 3580 1226 κακογνωμίας

2006 1247 2244 1319 ὁρμήσοι
2274 1249 2343 1304 ἂν
2377 1250 2562 1322 μάχην
2611 1244 2849 1321 ποιῆσαι
2888 1252 3032 1305 κατά
3064 1252 3165 1321 τῆς
3210 1250 3442 1316 πόλεως,
3477 1251 3580 1303 οὐκ

2007 1333 2125 1391 οἶδα
2153 1340 2206 1392 τί
2242 1341 2535 1411 γενήσεται
2556 1344 2638 1406 είς
2663 1344 2833 1413 ἡμᾶς.
2867 1343 2978 1397 Ναὶ
3003 1342 3220 1412 ἀληθῶς
3245 1341 3577 1412 εδφρόσυνος

2007 1430 2240 1498 ἀγγελία
2268 1426 2358 1501 ἦν,
2393 1433 2441 1485 εἰ
2481 1432 2755 1487 ἀπέθανεν
2787 1434 2818 1486 6
2847 1432 2942 1487 νῦν
2976 1433 3213 1502 γεγονὼς
3264 1433 3383 1494 νέος
3431 1433 3579 1503 ἀμη-

2009 1520 2129 1588 ρᾶς,
2154 1521 2279 1573 ἐπεὶ
2305 1523 2334 1574 6
2366 1522 2550 1594 πατὴρ
2595 1524 2764 1577 αὑτοῦ
2807 1526 2907 1577 οὐκ
2936 1520 3084 1594 εἶχεν
3114 1524 3275 1579 ἄλλον
3308 1524 3448 1586 υἱὸν,
3484 1524 3578 1575 καὶ

2005 1612 2081 1681 τῷ
2109 1614 2329 1683 γηραιῷ
2354 1616 2416 1667 ἐκ
2439 1616 2539 1685 τῆς
2569 1615 2745 1683 λύπης
2768 1617 2973 1669 ἐδίδοτο
2994 1617 3269 1680 ἀσθένεια,
3300 1614 3361 1679 ἐξ
3386 1611 3454 1684 ἦς
3483 1614 3579 1667 καὶ

2002 1704 2386 1774 ὀλιγοχρονία·
2419 1708 2514 1760 καὶ
2571 1708 2764 1760 τούτου
2818 1708 3011 1761 ἕνεκεν
3056 1709 3135 1771 εἰς
3184 1708 3431 1760 κίνδυνον
3482 1708 3577 1760 καὶ

318 1808 448 1854 κος.
476 1793 649 1861 Κάγὼ
678 1796 917 1860 ἀκούσας
941 1797 1113 1860 οὕτως
1148 1801 1416 1869 ἐγενόμην
1448 1801 1663 1869 ἄφωνος
1687 1802 1781 1855 καὶ
1807 1818 1896 1854 1o—
1930 1806 1971 1864 Β
2002 1796 2354 1865 διχοστασίαν
2382 1799 2630 1868 μεγάλην
2665 1801 2957 1852 ἐνέπιπτεν
2983 1802 3017 1870 ὴ
3036 1802 3146 1852 τῶν
3172 1800 3386 1853 ἀσεϐῶν
3408 1798 3575 1870 ἀρχὴ,

327 1880 511 1951 σαύτη
543 1882 704 1953 ὀδύνη
739 1901 831 1954 μοι
863 1887 1169 1958 περιείχετο
1200 1888 1276 1952 ὡς
1305 1891 1354 1943 εἰ
1381 1891 1509 1962 περὶ
1537 1891 1629 1944 τοῦ
1662 1892 1896 1945 θανάτου

318 1975 443 2029 τῶν
467 1976 616 2046 ἐμῶν
644 1979 918 2047 φιλτάτων
948 1984 1228 2050 ἡκούκειν.
1263 1986 1371 2037 Καὶ
1402 1986 1599 2056 μικρὸν
1628 1986 1900 2057 κατηφιά-

322 2084 433 2132 σας
463 2069 609 2138 λέγω
630 2085 646 2102 ο
679 2089 700 2123 ι
732 2072 983 2128 Δέσποτά
1015 2091 1139 2144 μου,
1174 2074 1314 2145 αὕτη
1339 2078 1401 2130 οὐ
1431 2078 1700 2149 χαρίεσσα
1728 2081 1900 2147 ἐπαγ-

324 2159 490 2227 γελία
514 2162 683 2228 ἐστὶν,
716 2164 855 2218 ἀλλά
886 2166 982 2218 καὶ
1028 2166 1150 2221 λίαν
1198 2167 1457 2238 ὀδυνηρά.
1489 2186 1508 2219 ι
1566 2169 1627 2221 '0
1657 2169 1716 2222 δέ
1750 2169 1899 2237 λέγει

333 2270 352 2301 ι
382 2252 491 2305 Καὶ
510 2253 645 2319 πῶς,
662 2256 865 2323 χρηστὲ
887 2257 1050 2327 «ἄνερ
1072 2274 1086 2322 ;
1118 2278 1137 2309 ι
1162 2258 1337 2326 κάγὼ,
1361 2275 1381 2310 ι
1408 2262 1553 2312 Διότι
1575 2261 1604 2313 6
1625 2260 1902 2329 τεθνηκὼς

329 2343 553 2411 ἁμηρᾶς
595 2339 665 2413 ἦν
697 2344 897 2414 γέρων,
934 2348 1031 2399 καὶ
1076 2352 1139 2399 16
1190 2351 1333 2401 κατὰ
1363 2348 1467 2418 τῆς
1518 2351 1729 2412 πόλεως
1760 2352 1899 2404 ἀπε-

333 2433 609 2502 πειράσθη
639 2436 810 2505 αὐτῷ,
844 2439 937 2490 καὶ
969 2439 1150 2490 οὐκέτι
1183 2438 1437 2493 ἐϐούλετο
1484 2442 1900 2511 ἐγχειρισθῆναι

332 2540 385 2576 τι
418 2527 750 2597 κατάύτῆς,
779 2526 916 2581 ἀλλὰ
955 2530 1115 2596 μόνον
1140 2528 1301 2599 ἦθελε
1332 2530 1536 2601 μᾶλλον
1563 2533 1896 2601 εἰρηνεύειν·

332 2622 359 2669 ὁ
387 2617 444 2670 δὲ
475 2620 568 2670 νῦν
596 2619 836 2688 γεγονώς
870 2622 985 2673 ἐστι
1019 2621 1135 2685 νέος
1164 2622 1258 2675 καὶ
1304 2622 1582 2676 παιδιόθεν
1612 2625 1802 2696 ἐχθρὸς
1833 2621 1902 2696 ἦν

332 2710 443 2762 τῶν
476 2711 821 2782 Χριστιανῶν
853 2716 990 2784 πρὸς
1041 2714 1101 2767 16
1150 2714 1395 2785 ὑϐρίζειν
1441 2717 1534 2769 xal.
1580 2716 1900 2771 ἐπαπειλεῖν

335 2802 555 2866 αὐτοὺς,
584 2803 763 2870 λέγων
792 2805 877 2856 ὅτι
903 2805 1033 2857 ὅταν
1069 2805 1262 2877 καιρὸν
1294 2805 1432 2877 εὕρῃ
1460 2808 1768 2877 ἐπιτήδειον
1804 2811 1899 2863 καὶ

329 2891 429 2962 τὴν
455 2893 552 2958 τῆς
586 2894 866 2962 βασιλείας
896 2896 1152 2963 ἐξουσίαν
1180 2900 1262 2961 εἰς
1299 2900 1489 2970 χεῖρας
1521 2899 1690 2953 αὐτοῦ
1721 2899 1897 2970 λήψη-

330 3000 441 3048 ται,
481 2983 579 3053 τὴν
627 2986 802 3057 ἀρχὴν
836 2987 951 3039 τῶν
988 2988 1276 3058 Ῥωμαίων
1304 2992 1416 3056 ,καὶ
1467 2991 1688 3045 πάντων

330 3078 675 3150 Χριστιανῶν
704 3080 818 3152 ἔχει
845 3080 1226 3151 ἐξολοθρεῦσαι
1251 3085 1345 3138 καὶ
1373 3085 1659 3154 ἀφανίσαι.
1689 3084 1769 3139 Τὰ
1799 3086 1895 3138 νῦν

330 3272 562 3325 pomone
597 3260 863 3315 monacha
896 3262 1062 3317 dicta.
1094 3260 1318 3333 Sepulta
1343 3273 1430 3319 est
1465 3265 1518 3318 in
1558 3269 1892 3321 monasterio

332 3350 763 3417 Pantocratoris,
792 3352 947 3421 juxta
978 3354 1197 3409 beatum
1228 3363 1281 3409 et
1323 3354 1621 3423 gloriosum
1652 3357 1891 3427 impera-

334 3451 527 3507 torem,
551 3444 839 3515 conjugem
884 3445 1025 3515 ejus.
1056 3445 1241 3501 Mense
1282 3446 1579 3501 Februario
1601 3450 1728 3503 anni
1751 3449 1901 3504 6959‘

332 3534 621 3592 Amurates
649 3552 869 3594 ameras
916 3538 1074 3603 obiit,
1117 3540 1261 3607 quod
1291 3554 1391 3607 ego
1422 3540 1477 3592 in
1506 3540 1681 3595 lberia
1724 3544 1889 3596 etiam

330 3633 447 3676 tum
480 3624 679 3693 degens
724 3630 931 3699 accepi.
984 3628 1382 3700 Trapezuntem
1429 3632 1597 3702 igitur
1650 3643 1709 3687 ut
1742 3635 1890 3697 veni,

332 3714 630 3783 imperator
657 3718 742 3773 bis
772 3734 859 3774 me
886 3722 1065 3777 verbis
1091 3722 1312 3792 excepit
1340 3741 1354 3775 :
1386 3740 1403 3775 ι
1437 3722 1663 3777 Domine
1693 3725 1888 3794 legate,

335 3811 574 3866 faustum
629 3812 726 3867 tibi
778 3816 1036 3870 nuntium
1084 3818 1365 3886 impertire
1415 3818 1558 3885 volo,
1599 3818 1701 3873 nisi
1742 3819 1889 3887 quod

334 3918 531 3957 munus
569 3903 787 3974 aliquod
825 3909 963 3974 grati
988 3907 1157 3961 animi
1187 3910 1458 3977 rependas
1499 3910 1629 3964 mihi
1661 3925 1891 3966 necesse

328 4005 429 4050 cst.
460 4014 478 4046 ι
505 3995 584 4049 Ad
606 4011 729 4065 quae
745 4011 844 4067 ego
864 4013 1092 4066 surgens
1112 4014 1346 4067 eumque
1362 4001 1595 4054 adorans
1618 4020 1631 4056 :
1662 4002 1885 4067 «Deus,»

331 4089 576 4157 inquam,
608 4106 625 4140 ι
656 4088 772 4143 dies
804 4092 1067 4156 producat
1102 4102 1305 4146 sancta:
1339 4091 1611 4161 maiestati
1646 4106 1770 4160 tuae,
1796 4095 1889 4162 qui

333 4179 492 4234 nobis
524 4194 647 4235 cum
687 4179 872 4233 multis
894 4181 1071 4235 modis
1101 4180 1434 4247 benefacias,
1480 4194 1593 4236 tum
1631 4197 1728 4251 per
1757 4185 1892 4238 istos
1922 4232 1927 4238 .

328 4284 474 4322 nunc
509 4268 727 4324 nuntios
756 4269 1082 4324 benefacies.
1110 4270 1310 4325 Verum
1337 4273 1473 4326 nihil
1500 4286 1599 4328 nos
1630 4274 1892 4327 habemus

331 4358 575 4427 dignum,
612 4360 753 4426 quod
780 4362 1142 4427 rependamus
1165 4371 1367 4414 sanctae
1407 4361 1677 4430 majestati
1710 4372 1833 4417 ture.
1866 4381 1884 4414 ι

331 4445 469 4500 Tum
503 4449 684 4502 statim
715 4449 849 4503 dixit
878 4451 1008 4503 mihi
1038 4451 1105 4504 de
1145 4460 1322 4506 morte
1360 4452 1655 4516 Amuratis,
1699 4468 1891 4507 narra-
1918 4479 1969 4533 ,ο

336 4540 539 4607 vitque,
577 4540 850 4607 quomodo
889 4542 1008 4609 ejus
1032 4541 1176 4596 ﬁlius
1215 4544 1471 4613 princeps
1512 4547 1689 4600 factus
1724 4555 1890 4608 esset,

330 4640 384 4683 et
413 4630 644 4698 plurima
672 4630 775 4684 sibi
801 4631 1060 4686 benelicia
1086 4635 1444 4701 prmstitisset,
1473 4644 1527 4689 et
1548 4651 1651 4704 pax
1677 4651 1893 4689 rursum

334 4723 477 4775 inter
505 4722 650 4791 ipsos
677 4732 820 4777 esset
847 4723 1185 4790 conﬁrmata,
1220 4726 1397 4794 qualis
1423 4727 1587 4781 etiam
1618 4737 1742 4782 ante
1767 4729 1895 4783 huic

333 4813 520 4865 domui
562 4828 684 4866 cum
718 4821 869 4881 patre
900 4814 1018 4883 ejus
1052 4816 1465 4872 intercesserat.
1503 4817 1636 4882 Quae
1670 4820 1759 4871 ubi
1794 4836 1890 4873 au-

333 4904 467 4968 divi,
503 4904 775 4968 obmutui,
810 4912 1103 4972 tantusque
1132 4904 1288 4959 dolor
1320 4920 1408 4960 me
1450 4906 1692 4969 incessit,
1726 4925 1891 4977 quam

307 4999 381 5050 si
427 4997 706 5049 hominum
745 4996 876 5049 mihi
906 4995 1363 5050 cbarissimorum
1413 5006 1641 5049 mortem
1674 5011 1892 5066 compe-

336 5087 553 5140 rissem.
588 5085 794 5139 Deinde
844 5086 1084 5139 demisso
1115 5086 1320 5149 animo,
1364 5103 1383 5136 r
1422 5084 1492 5139 Mi
1523 5086 1772 5155 despOta,
1804 5088 1889 5141 in-

334 5193 518 5245 quam,
557 5177 660 5232 iste
690 5178 906 5245 quidem
941 5190 1047 5229 non
1074 5185 1261 5243 gratus
1287 5177 1511 5232 nuntius
1534 5186 1639 5243 est,
1668 5179 1762 5232 sed
1791 5178 1891 5232 ad-

334 5270 551 5324 modum
575 5270 738 5324 etiam
773 5268 1021 5323 acerbus.
1054 5286 1072 5318 ι
1112 5265 1248 5322 Tum
1274 5268 1392 5323 ille:
1425 5287 1444 5319 r
1471 5269 1777 5335 Quomodo,
1808 5269 1893 5322 vir

334 5358 516 5412 bone?
551 5376 570 5409 ι
612 5376 630 5409 ι
659 5358 816 5421 Quia,
854 5356 1099 5424 inquam,
1141 5357 1208 5422 is,
1248 5357 1339 5426 qui
1375 5357 1533 5418 obiit,
1564 5372 1775 5410 ameras
1803 5372 1893 5412 se-

336 5466 436 5503 nex
466 5461 601 5514 erat,
642 5449 943 5517 urbemque
973 5452 1108 5503 satis
1144 5450 1393 5529 tentavit,
1438 5464 1538 5503 nec
1575 5449 1690 5517 jam
1727 5449 1890 5501 adur-

333 5549 491 5593 turus
521 5554 638 5593 eam
674 5549 810 5605 erat,
852 5542 947 5593 sed
978 5555 1161 5609 pacem
1211 5554 1374 5608 quam
1426 5540 1624 5593 bellum
1671 5539 1886 5592 maluit.

338 5634 399 5681 At
431 5630 519 5698 qui
558 5644 701 5681 nunc
737 5628 914 5685 factus
937 5641 1019 5684 est
1053 5645 1290 5693 ameras,
1324 5630 1370 5683 is
1396 5629 1690 5698 etjuvenis
1727 5638 1809 5682 est
1835 5638 1890 5683 et

332 5734 361 5773 a
389 5736 559 5791 puero
590 5720 1032 5775 Christianorum
1068 5722 1341 5787 inimicus,
1379 5720 1773 5775 contumeliose
1793 5736 1885 5775 eos

2002 1890 2098 1940 καὶ
2129 1890 2187 1940 ἐν
2212 1889 2290 1952 τῷ
2325 1893 2477 1961 μέσῳ
2507 1892 2698 1946 τούτου
2731 1893 2825 1946 τοῦ
2859 1893 3055 1963 καιροῦ
3084 1892 3307 1945 ἐδύνατο
3334 1892 3399 1945 ἂν
3424 1891 3575 1959 διορο

1999 1980 2174 2033 ϐῶσαι
2210 1984 2305 2035 καὶ
2332 1984 2689 2055 οἰκονομῆσαι
2721 1985 2790 2037 τὰ
2826 1986 3026 2050 πάντα,
3052 1986 3147 2036 καὶ
3179 1986 3211 2053 ἡ
3253 1983 3450 2037 ἐαυτοῦ
3480 1984 3575 2053 βα-

2009 2072 2188 2124 σιλεία
2222 2072 2490 2127 διέϐαινεν
2534 2078 2619 2139 είς
2645 2077 2931 2145 κρείττονα
2969 2076 3330 2146 προτίμησιν.
3366 2091 3387 2125 ι
3428 2076 3488 2130 Ὀ
3515 2075 3573 2129 δὲ

2002 2161 2258 2230 βασιλεὺς
2313 2165 2730 2237 Τραπεζοῦντος
2777 2167 2952 2220 ταῦτα
3006 2183 3098 2237 μοι
3142 2168 3290 2236 ἔφη’
3327 2185 3346 2218 t
3396 2167 3574 2229 Αὐτὸς

2005 2256 2269 2325 ὑπάρχεις
2302 2254 2382 2321 εἷς
2417 2259 2531 2312 τῶν
2556 2260 2838 2328 φρονίμων
2868 2260 3150 2330 ἀρχόντων
3196 2262 3293 2314 καὶ
3336 2278 3573 2332 πρακτισ

2003 2348 2112 2400 κῶν
2139 2349 2237 2417 τῆς
2267 2349 2439 2420 αὐλῆς
2461 2351 2699 2422 ἐκείνης,
2723 2352 2818 2407 καὶ
2838 2352 3131 2420 γινώσκεις
3165 2354 3415 2423 κρεῖττον
3442 2354 3571 2422 περὶ

1999 2439 2244 2491 τούτων·
2280 2441 2430 2511 ὅμως
2478 2444 2507 2495 6
2556 2443 2711 2506 Θεὸς,
2756 2443 2832 2508 ὡς
2885 2444 3127 2509 δυνατὸς,
3160 2445 3378 2513 ποιήσει
3409 2444 3570 2497 αὐτὸν

2000 2532 2080 2591 εἰς
2120 2532 2345 2597 ἀγαθόν.
2385 2552 2403 2585 t
2442 2535 2613 2597 Κάγὼ
2644 2534 2964 2606 ἀποκριθεὶς
2995 2532 3122 2590 εἶπα
3149 2550 3163 2565 ⁶
3188 2554 3209 2587 r
3237 2536 3374 2589 Δίαν
3407 2535 3570 2603 εὐχα-

2003 2622 2173 2691 ριστῶ
2221 2628 2285 2694 τῇ
2338 2626 2717 2697 καλοκαγαθίᾳ
2759 2628 2853 2680 καὶ
2903 2630 3228 2699 προαιρέσει
3263 2629 3425 2699 213
3470 2629 3567 2682 τοῦ

2002 2715 2238 2782 κράτους
2268 2731 2386 2780 σου,
2405 2716 2541 2771 διότι
2564 2717 2675 2785 ἐγὼ
2700 2719 2801 2771 οῦκ
2833 2720 2954 2788 εἰμι
2982 2720 3249 2788 τοσαύτης
3279 2720 3569 2789 ποιότητος

1999 2804 2075 2866 ῶς
2109 2806 2142 2875 ἡ
2177 2805 2424 2875 βασιλεία
2463 2825 2556 2862 σου
2602 2810 2918 2874 ἐκέλευσας.
2959 2829 2977 2861 ι
3024 2811 3292 2873 Ἀκούσας
3323 2813 3433 2882 γὰρ
3456 2812 3567 2879 ἐγὼ

2000 2892 2079 2949 ἔτι
2104 2898 2186 2950 ὅτι
2218 2900 2249 2969 ή
2281 2898 2372 2952 τοῦ
2406 2902 2811 2973 προρῤηθέντος
2856 2905 3051 2973 ἀμηρᾶ
3079 2903 3238 2972 γυνὴ,
3269 2905 3301 2973 ἡ
3335 2905 3430 2956 καὶ
3471 2904 3565 2958 τοῦ

1999 2990 2096 3058 τῆς
2126 2990 2353 3059 Σερδίας
2379 2991 2642 3046 δεσπότου
2676 2994 2948 3065 θυγάτηρ,
2971 2997 3110 3063 μετὰ
3133 2995 3234 3065 τὴν
3254 2996 3351 3048 τοῦ
3374 2997 3567 3067 ἀμηρᾶ

2000 3082 2094 3133 καὶ
2125 3083 2320 3153 ἀνδρὸς
2368 3086 2542 3154 αὐτῆς
2580 3086 2746 3156 θανὴν
2799 3087 3033 3157 ἐντίμως
3064 3091 3159 3144 καὶ
3191 3089 3375 3153 καλῶς
3424 3093 3566 3145 ἀπε·-

2001 3256 2202 3314 habcre
2239 3262 2587 3333 minatusque
2606 3266 2791 3319 dicere
2819 3265 3050 3330 solebat,
3076 3283 3158 3335 se,
3180 3284 3300 3324 cum
3324 3271 3561 3340 primum

2000 3349 2345 3404 occasionem
2382 3351 2685 3408 invenisset
2716 3365 2771 3409 et
2800 3369 2966 3424 regno
2994 3356 3201 3425 potitus
3238 3368 3409 3424 esset,
3449 3360 3562 3417 Ro-

2002 3453 2310 3506 manorum,
2354 3443 2468 3499 imo
2497 3444 2939 3502 Christianorum
2972 3450 3218 3504 omnium
3268 3451 3562 3521 imperium

2000 3529 2348 3595 perditurum
2382 3543 2439 3588 et
2486 3535 2819 3589 deleturum.
2858 3524 2924 3592 Et
2956 3553 3085 3591 vero
3133 3538 3266 3594 urbs
3314 3556 3461 3596 nunc
3503 3542 3562 3598 in

1999 3622 2267 3687 angustiis
2291 3632 2372 3676 est
2406 3635 2626 3694 propter
2660 3626 2961 3696 principem
3004 3642 3189 3682 meum
3220 3637 3278 3683 et
3323 3630 3563 3699 impera—

2003 3719 2173 3765 torem
2211 3724 2401 3768 recens
2450 3731 2678 3785 regnum
2727 3718 3009 3786 adcptum,
3060 3720 3148 3774 cui
3183 3719 3251 3775 de
3295 3721 3565 3777 reditibus

1998 3800 2209 3870 imperii
2238 3805 2439 3871 grande
2464 3820 2538 3861 aes
2568 3807 2807 3863 alienum
2845 3811 3166 3867 solvendum
3196 3822 3303 3878 est,
3341 3824 3561 3884 propter

1997 3890 2375 3959 expeditiones
2397 3903 2451 3949 et
2475 3896 2725 3951 donativa
2750 3907 2862 3952 tum
2888 3899 3174 3968 militibus,
3205 3912 3319 3957 tum
3345 3906 3560 3960 cunctis

1999 3981 2194 4047 aulicis
2214 3984 2408 4037 collata
2426 3984 2743 4041 conﬂatum.
2767 3986 2949 4054 Quare
2968 3993 3309 4061 temporibus
3333 3996 3560 4064 placatis

1999 4084 2137 4140 opus
2163 4079 2266 4135 est,
2293 4082 2351 4126 ut
2381 4076 2543 4129 rebus
2567 4075 2633 4129 ad
2661 4076 2862 4132 bellum
2896 4082 3227 4136 necessariis
3260 4093 3314 4136 et
3344 4084 3559 4140 idoneis

2000 4173 2059 4213 sc
2096 4159 2353 4215 instruat.
2385 4161 2541 4227 Quod
2585 4164 2632 4217 si
2665 4164 2812 4219 Deus
2840 4175 3062 4237 propter
3095 4180 3329 4238 peccata
3367 4183 3555 4228 nostra

1998 4253 2349 4319 concesserit,
2379 4265 2436 4307 ut
2454 4270 2687 4324 nequam
2712 4258 2819 4324 ille,
2843 4261 3072 4329 juvenili
3101 4262 3331 4317 audacia
3359 4274 3414 4319 et
3440 4270 3562 4321 ani-

2000 4346 2072 4397 mi
2098 4346 2360 4413 pravitate
2384 4358 2559 4413 actus,
2587 4349 2774 4403 urbem
2805 4351 2948 4405 bello
2969 4354 3343 4424 aggrediatur,
3367 4360 3556 4412 nescio

1999 4435 2276 4503 equidem.
2312 4436 2439 4502 quid
2474 4438 2635 4493 nobis
2685 4440 2933 4495 futurum
2981 4445 3074 4498 sit.
3124 4446 3382 4501 Profecto
3428 4447 3556 4502 l‘elix

2000 4531 2228 4580 nuntius
2257 4526 2417 4591 foret,
2453 4532 2498 4583 sl
2524 4529 2801 4599 juvenem,
2834 4534 2928 4603 qui
2959 4544 3107 4591 nunc
3133 4550 3347 4592 ameras
3379 4541 3557 4594 factus

1997 4625 2102 4676 est.
2130 4619 2336 4674 obiisse
2384 4623 2689 4687 nuntiares,
2737 4625 3006 4693 siquidem
3034 4638 3188 4697 pater
3224 4631 3345 4698 ejus
3389 4632 3554 4686 alium

1998 4710 2167 4763 lilium
2211 4727 2321 4765 non
2366 4713 2590 4769 haberet
2619 4726 2673 4770 et
2702 4719 2817 4771 seni
2850 4734 2881 4772 ο
2915 4718 3064 4773 luctu
3112 4721 3351 4776 oriretur
3384 4737 3555 4792 mgro-

1998 4801 2149 4866 tatio,
2178 4818 2242 4855 ex
2271 4807 2625 4872 aegrotatione
2647 4808 2959 4865 deminutio
2996 4812 3120 4866 vitae
3151 4831 3165 4866 :
3199 4815 3342 4870 unde
3380 4815 3431 4869 in
3461 4831 3553 4885 pe-

1997 4892 2230 4945 riculum
2258 4903 2310 4947 et
2334 4909 2584 4965 magnam
2615 4900 2938 4955 seditionem
2967 4903 3232 4958 incideret
3258 4904 3553 4975 impiorum

1996 4984 2306 5053 imperium,
2348 4998 2534 5043 nostra
2565 5001 2749 5045 autem
2785 4993 3003 5048 interim
3038 4997 3221 5050 omnia
3255 4998 3473 5053 restitui
3501 5011 3556 5055 et

1996 5076 2367 5131 administrari
2389 5090 2637 5148 possent,
2661 5090 2721 5137 ut
2740 5085 3039 5139 auctoritas
3061 5087 3406 5155 imperatoris
3429 5089 3557 5144 inde

1996 5169 2141 5223 haud
2172 5171 2333 5239 paulo
2364 5171 2683 5229 honoratior
2725 5190 2956 5230 evasura
2993 5176 3206 5232 fuisset.
3239 5195 3265 5229 τ
3298 5176 3434 5234 Tum
3461 5193 3553 5233 rer

1996 5259 2391 5328 Trapezuntius
2420 5262 2490 5314 ita
2516 5265 2795 5332 respondit
2825 5284 2839 5320 :
2879 5267 3004 5319 r'l‘u
3029 5282 3153 5321 cum
3180 5267 3297 5336 ipse
3317 5268 3394 5322 sis
3417 5282 3556 5320 unus

1990 5366 2023 5405 e
2059 5353 2422 5420 prudentibus
2455 5362 2508 5407 et
2555 5356 2744 5423 peritis
2773 5357 2907 5411 viris
2959 5358 3106 5413 illius
3147 5359 3306 5420 aulae,
3364 5358 3557 5411 melius

1994 5445 2181 5511 utique
2201 5445 2299 5496 ista
2324 5444 2543 5498 novisti.
2564 5441 2850 5499 Enimvero
2880 5449 3039 5512 Deus,
3064 5463 3170 5516 qua
3192 5456 3275 5500 est
3296 5448 3553 5511 potentia,

1993 5534 2131 5602 frugi
2169 5536 2320 5588 illum
2356 5536 2538 5591 faciet.
2576 5556 2594 5588 ι
2655 5538 2751 5590 llic
2782 5554 2901 5607 ego,
2964 5556 2982 5587 ι
3014 5536 3258 5604 Magnas,
3304 5534 3548 5601 inquam,

1993 5629 2194 5696 gratias
2242 5644 2343 5699 ago
2395 5630 2691 5698 integritati
2745 5640 2801 5684 et
2854 5628 3086 5682 consilio
3121 5625 3372 5693 potentiae
3418 5632 3548 5685 tuae,

1993 5721 2253 5790 quoniam
2287 5736 2392 5775 non
2438 5731 2622 5774 tantus
2667 5737 2812 5786 sum,
2866 5728 3128 5788 quantum
3177 5714 3433 5783 maiestas
3460 5725 3551 5770 tua
