4066 6296
533 345 642 407 815

1733 343 2078 404 'GEORGII
2115 341 2212 402 ΡΠ
2225 343 2318 401 ΗΛ
2331 340 2538 402 δΤΖςΕ

3696 338 3856 404 816

543 461 758 529 στρὰφη
811 458 946 523 πρὸς
996 459 1122 521 τούς
1168 461 1342 526 γονεῖς
1379 459 1548 528 αὐτῆς
1584 461 1643 512 ἐν
1672 460 1748 528 τῷ
1784 461 1899 528 ἰδίῳ
1943 463 2096 528 οἴκῳ.
2131 469 2169 520 Α
2207 460 2453 527 βπσιλεία
2486 477 2578 511 σου
2635 458 2937 527 αἰτιωμένη
2970 457 3029 511 οὐ
3063 457 3259 526 πράξει
3297 455 3479 521 τοῦτο,
3529 457 3586 509 εἰ
3651 459 3850 526 αὐτῇ

539 555 645 605 ἔδει
679 569 744 620 με
777 554 884 620 γὰρ
917 553 1268 619 ἐναπομείναι
1303 553 1380 613 εἰς
1411 551 1799 620 Τραπεζοῦντα
1833 552 1922 605 διά
1954 569 2103 614 τινας

541 643 637 695 οὐκ
671 643 860 708 ὀλίγας
910 641 1112 704 αἰτίας.
1161 644 1255 693 καὶ
1293 643 1470 712 εὑρών
1506 661 1630 696 τινα
1665 644 1766 711 νῆα
1801 643 2104 712 μέλλουσαν

540 735 618 792 εἰς
677 732 1257 784 Κωνσταντινούπολιν
1312 731 1676 795 ἀποπλεῦσαι,
1711 732 1831 800 μεθ’
1876 729 1944 802 ἧς
1992 733 2104 798 ἐγὼ

537 823 836 876 ἀπέστειλά
869 839 1025 884 τινας
1076 823 1300 888 ἵππους,
1350 826 1438 876 καί
1479 824 1572 876 δύο
1623 823 1716 886 οὓς
1769 827 1794 877 ὁ
1850 825 2102 892 βασιλεὺς

549 915 789 983 Ἰϐηρίας
823 930 914 982 μοι
944 913 1260 984 ἐδωρήσατο
1286 915 1347 966 ἐκ
1377 913 1484 966 τῶν
1504 914 1596 964 ὑπ’
1626 913 1789 966 αὐτοῦ
1820 916 2101 983 αἰχμαλω-

535 1007 847 1065 τισθέντων,
881 1006 969 1058 ὅτε
1015 1007 1141 1068 τοὺς
1196 1007 1571 1076 αἰχμαλώτους
1620 1009 1962 1062 ἐσκύλευσεν.
1996 1011 2102 1062 Kal.

535 1101 698 1166 ’ἑτερα
746 1098 921 1150 πολλά
971 1115 1090 1151 τινα
1139 1098 1252 1166 εἴδη
1310 1099 1608 1152 ἀπέστειλα
1664 1100 2103 1168 φιλοδωρηοέντα

539 1193 669 1258 ἡμῖν
703 1191 854 1258 παρὰ
883 1206 1066 1253 τινων,
1113 1191 1208 1242 καὶ
1241 1190 1376 1257 πρὸς
1426 1189 1518 1241 τὸν
1571 1191 1840 1259 αὐθέντην
1876 1209 1974 1257 μου
2011 1192 2101 1242 τὸν

539 1281 762 1349 βασιλέα
788 1281 968 1332 τοιάδε
995 1279 1206 1349 ἔγραψα
1236 1282 1363 1349 περὶ
1395 1273 1471 1332 ὧν
1498 1281 1576 1342 εἰς
1612 1281 1851 1350 Ἰϐηρίαν
1890 1281 2102 1350 ἔπραξα

541 1373 629 1424 καί
661 1367 734 1425 ὧν
783 1373 864 1432 εἰς
897 1371 1286 1441 Τραπεζοῦντα
1342 1372 1660 1423 ὑπώπτευον
1712 1372 1956 1438 ποιῆσαι,
2007 1375 2102 1424 καὶ

541 1469 717 1517 πάντα
748 1464 815 1515 τὰ
852 1461 1136 1531 συμϐάντα
1177 1462 1324 1532 αὐτῷ
1371 1463 1638 1531 ἐδήλωσα.
1687 1464 1795 1515 Καὶ
1838 1462 1961 1524 δοὺς
2006 1465 2102 1526 τὰς

541 1555 754 1626 γραφάς
786 1556 862 1608 ἐνὶ
896 1555 1006 1606 τῶν
1041 1555 1138 1606 σύν
1175 1556 1298 1621 ἐμοὶ
1351 1554 1628 1622 ἀρχόντων
1663 1553 1880 1606 ἔστειλα
1914 1555 2098 1617 αὐτὸν,

538 1648 628 1698 καὶ
652 1643 993 1714 παρήγγειλα
1038 1644 1185 1712 αὐτῷ
1212 1643 1298 1695 ἴνα
1337 1643 1432 1712 τὴν
1461 1647 1558 1712 μὲν
1587 1644 1718 1712 μίαν
1738 1643 1849 1696 τῶν
1872 1644 2102 1712 γραφῶν

537 1740 684 1808 δώσῃ
716 1743 794 1804 τῷ
849 1736 1058 1804 βασιλεῖ
1091 1737 1148 1788 ἐν
1195 1734 1273 1804 τῷ
1317 1738 1695 1804 προσκυνῆσαι
1749 1735 1933 1799 αὐτὸν,
1963 1735 2101 1802 ἔφην

2204 549 2375 614 δόξειο
2407 550 2622 620 πρῶτον
2661 551 2758 618 μὲν
2789 551 2848 601 τὸ
2885 550 3104 603 έλαττον
3134 549 3228 600 τοῦ
3263 550 3454 616 γένους
3475 565 3490 579 ·
3520 548 3852 616 δεύτερον

2203 643 2258 695 δὲ
2290 643 2363 712 μή
2414 659 2531 703 πως
2561 644 2654 695 καὶ
2691 645 2722 712 ἡ
2759 643 3024 711 ἐκκλησία
3055 643 3142 694 διὰ
3174 642 3271 709 τὴν
3323 641 3666 708 συγγένειαν
3697 640 3846 707 τὴν

2204 735 2298 784 τοῦ
2354 734 2531 801 γάμου
2588 733 2892 801 ἱερολογίαν
2943 732 3197 802 κωλύσῃ·
3237 733 3420 800 τρίτον
3464 731 3545 784 ὅτι
3584 731 3619 781 ὁ
3651 731 3841 800 ἀνὴρ

2205 823 2376 891 αὐτῆς
2393 819 2459 892 ἦν
2476 823 2716 892 Τοῦρκος
2733 837 2747 852 ⁸
2765 823 3022 886 τέταρτον
3047 823 3128 873 ὅτι
3149 822 3633 891 πεντηκονταετὴς
3653 819 3732 874 οὗ
3745 840 3837 873 31

2204 919 2269 985 τῇ
2307 916 2512 987 ἡλικίᾳ,
2547 918 2594 968 εἰ
2623 916 2759 986 τύχῃ
2791 916 2881 969 καὶ
2912 913 3255 982 συλλὴψηται
3279 916 3336 966 ἐν
3364 914 3594 983 γαστρὶ,
3622 915 3689 967 ὲν
3727 913 3833 979 τῷ

2208 1009 2422 1078 μέλλειν
2452 1011 2633 1062 τεκεῖν
2667 1008 3009 1079 κινδυνεύσῃ,
3039 1009 3112 1070 ὡς
3149 1009 3199 1060 οἰ
3252 1010 3475 1075 φυσικοὶ
3518 1006 3827 1073 λέγουσιν

2202 1101 2275 1163 ώς
2311 1103 2401 1154 ἐπὶ
2430 1101 2489 1153 τὸ
2519 1101 2770 1153 πλεῖστον
2799 1100 3209 1169 ὲπισυμϐαίνει,
3237 1099 3359 1151 ἐπεὶ
3384 1094 3448 1166 ἦν
3479 1101 3688 1169 στεῖρα
3721 1099 3824 1167 μὴ

2202 1191 2438 1245 τεκοῦσά
2476 1210 2628 1246 ποτε.
2675 1194 2796 1244 Τῶν
2848 1193 3131 1261 τεσσάρων
3175 1189 3270 1241 οὖν
3320 1189 3525 1243 τούτων
3579 1190 3819 1242 αἰτιῶν

2203 1285 2302 1350 τὴν
2326 1283 2569 1336 διάλυσιν
2596 1283 2844 1352 λέξομαι.
2876 1283 3101 1352 Πρῶτον
3151 1284 3250 1350 μὲν
3293 1281 3445 1334 οὐδέν
3475 1283 3636 1333 ἐστιν
3680 1298 3820 1333 πα-

2208 1373 2429 1442 ράδοξον
2455 1377 2502 1428 εἰ
2526 1375 2733 1441 ταύτην
2761 1374 2932 1443 λάϐῃς
2961 1377 3039 1435 εἰς
3090 1375 3343 1441 γυναῖκα,
3368 1373 3447 1424 ὅτι
3478 1373 3809 1432 ἐλάττονος

2204 1465 2394 1530 γένους
2422 1467 2523 1517 οὐκ
2552 1464 2701 1516 ἔστιν
2731 1466 2829 1536 τῆς
2876 1465 3070 1535 κυρίας
3107 1481 3207 1532 μου
3249 1465 3342 1516 καὶ
3392 1463 3650 1531 ἀοιδίμου
3688 1479 3810 1514 σου

2209 1557 2434 1626 μητρός.
2468 1557 2750 1626 Δεύτερον,
2782 1559 2831 1609 εἰ
2871 1558 2965 1609 καὶ
3008 1557 3068 1609 τὸ
3107 1556 3441 1608 συνοικέσιον
3488 1555 3639 1622 μετὰ
3683 1553 3810 1622 τῆς

2205 1647 2295 1700 τοῦ
2321 1645 2738 1716 Τραπεζοῦντος
2778 1646 3041 1715 βασιλέως
3079 1645 3349 1712 Θυγατρὸς
3386 1645 3640 1712 γένηται,
3665 1642 3808 1695 {vso

2208 1761 2300 1794 κεν
2328 1743 2424 1808 τῆς
2459 1742 2777 1808 συγγενείας
2802 1738 2964 1808 215
2995 1738 3293 1806 ἐλπίζομεν
3347 1734 3802 1803 συγχωρηθῆναι

537 1829 706 1895 αὖτῷν
756 1828 852 1880 καὶ
902 1827 991 1878 διὰ
1027 1827 1319 1895 στόματοςν
1345 1827 1432 1878 ἶνα
1465 1826 1534 1878 τὰ
1565 1827 1689 1880 καθ’
1739 1828 1884 1894 ἡμᾶς
1922 1827 2098 1878 πάντα
2136 1807 2172 1858 Β
2203 1835 2358 1887 τοῦτο
2392 1834 2543 1903 παρὰ
2573 1835 2672 1901 τῆς
2721 1832 3040 1901 ἐκκλησίας.
3065 1833 3113 1882 εἰ
3165 1831 3244 1889 εἰς
3277 1828 3523 1897 πτωχοὺς
3553 1829 3658 1879 καὶ
3685 1825 3795 1892 ὁρ-

538 1924 784 1991 ἀναφέρῃ
841 1921 928 1973 διὰ
975 1919 1155 1987 ζώσης
1209 1921 1415 1987 φωνῆς,
1443 1921 1540 1988 τὴν
1569 1920 1625 1972 δὲ
1659 1921 1854 1988 ἑτέραν
1884 1921 2100 1991 γραφὴν

538 2015 628 2066 ἐπὶ
658 2014 756 2082 τὴν
791 2011 982 2080 αὔριον
1006 2011 1084 2079 τῷ
1117 2011 1325 2082 βασιλεῖ
1352 2011 1510 2074 αὖθις
1538 2013 1704 2082 δώσῃ.
1733 2009 1856 2082 Εἶχε
1903 2013 1958 2066 δὲ
2005 2010 2097 2065 οὖ-

537 2107 704 2173 τωςῆ
743 2105 953 2172 γραφή·
992 2121 1009 2153 ι
1067 2101 1208 2169 Ἐγὼ
1257 2104 1314 2155 ἐν
1364 2103 1442 2172 τῷ
1489 2101 1840 2170 ἀποσωθῆναί
1895 2121 1961 2172 με
2016 2104 2097 2166 εἰς

537 2197 931 2268 Τραπεζοῦντα
961 2194 1164 2263 ἔμαθον
1189 2195 1256 2246 τά
1284 2195 1408 2264 περὶ
1434 2192 1528 2246 τοῦ
1561 2194 1792 2248 θανάτου
1821 2193 1984 2264 214
2005 2195 2097 2246 τοῦ

537 2290 728 2358 ἀμηρᾶ
756 2289 907 2352 παρὰ
933 2283 1026 2338 τοῦ
1062 2283 1328 2353 βασιλέως
1358 2284 1615 2346 ἐνταῦθα,
1639 2285 1734 2337 καὶ
1759 2285 1875 2347 πῶς
1898 2287 1930 2352 ἡ
1956 2286 2099 2352 ἀμή-

542 2400 701 2451 ρισσα
731 2383 761 2438 ἠ
799 2380 990 2432 τούτου
1027 2379 1294 2446 ἐξαδέλφη
1327 2378 1732 2447 ὲπανέστρεψεν
1766 2381 1846 2441 εἰς
1878 2379 1976 2448 τὴν
1999 2396 2101 2432 πα-

536 2477 690 2545 τρίδα
725 2473 895 2542 αὐτῆς
940 2471 1078 2541 πρὸς
1108 2470 1236 2532 τοὺς
1279 2472 1457 2535 γονεῖς
1501 2471 1736 2538 ἐντίμως
1769 2470 1863 2524 καὶ
1896 2469 2095 2530 καλῶς.

546 2571 632 2630 Ὠς
664 2569 869 2636 ἥκουσα
907 2564 986 2626 δὲ,
1031 2563 1469 2630 ἐσυλλογισάμην
1516 2563 1656 2615 κατὰ
1690 2562 1781 2614 τὸν
1810 2562 1941 2632 ἐμὸν
1969 2579 2097 2615 σκο-

537 2660 635 2708 et?»
680 2659 774 2709 καὶ
820 2655 879 2708 τὸ
919 2653 1111 2708 δοκοῦν
1148 2641 1623 2722 μοι’δηλοποιῆσαι
1651 2654 1726 2722 τῷ
1755 2654 1946 2723 κράτει
1978 2672 2094 2716 seu,

535 2753 617 2802 ὅτι
653 2749 762 2801 τῶν
796 2748 891 2798 δύο
923 2745 1304 2808 συνοικεσίων,
1332 2746 1456 2812 περὶ
1484 2738 1557 2797 ὧν
1598 2745 1786 2798 ἐνθάδε
1837 2745 2094 2808 ἐλήλυθα,

535 2839 962 2909 συμφερώτερον
980 2840 1046 2907 τῇ
1073 2837 1317 2906 βασιλείᾳ
1348 2853 1439 2887 σου
1465 2837 1638 2888 ἔσεται
1663 2837 1755 2888 καὶ
1775 2836 1892 2890 λίαν
1915 2839 2097 2908 κρεῖτ-

532 2949 625 2982 τον
654 2931 748 2982 καὶ
781 2927 1054 2996 ὠφέλιμον
1083 2927 1164 2987 εἰς
1207 2924 1386 2978 πάντα
1432 2925 1524 2977 διὰ
1583 2926 1780 2988 πολλὰς
1818 2927 2018 2988 αἰτίας,
2045 2929 2096 2979 εἰ

535 3021 761 3090 ἀρεστόν
792 3021 908 3070 ἐστι
931 3018 1007 3087 τῷ
1037 3017 1227 3084 κράτει
1253 3033 1348 3068 σου
1373 3016 1600 3084 ποιῆσαι
1621 3017 1821 3084 τρόπον
1845 3017 1938 3068 καὶ
1962 3017 2095 3068 άνα-

2202 1929 2404 1996 φανοὺς
2433 1927 2528 1977 καί.
2559 1925 2860 1995 ἐκκλησίας
2890 1925 3147 1994 χρήματα
3177 1921 3516 1989 δοθήσονται.
3561 1917 3790 1981 Τοσοῦ-

2200 2037 2291 2072 τον
2345 2019 2545 2088 μᾶλλον
2593 2017 3022 2086 εὐσκοπωτέρως
3057 2011 3541 2082 συγχωρηθήσεται
3580 2011 3685 2063 καὶ
3713 2010 3784 2061 τὸ

2200 2113 2299 2180 τῆς
2323 2114 2416 2164 τοῦ
2445 2089 2707 2164 δεσπότού
2742 2109 2974 2179 Σερόίας
3004 2107 3296 2176 Θυγατρδς,
3323 2105 3465 2172 λέγω
3491 2104 3587 2172 τῆς
3615 2103 3786 2170 εἰρη-

2205 2202 2370 2271 μένης
2424 2203 2760 2269 ἀμηρίσσας,
2803 2197 2893 2251 διὰ
2943 2197 3043 2259 τὰς
3092 2195 3358 2256 τοσαύτας
3398 2195 3628 2263 χάριτας
3680 2193 3775 2244 καὶ

2200 2293 2515 2363 εὐεργεσίας
2546 2291 2611 2353 ἃς
2659 2289 2971 2358 ὀφείλουσιν
3006 2287 3142 2358 αὐτῇ
3179 2286 3301 2340 καθ’
3345 2286 3582 2352 ἑκάστην
3611 2285 3646 2351 ἡ
3679 2286 3742 2334 ἐκ

2201 2386 2396 2453 κλησία
2432 2376 2488 2436 τε
2521 2381 2616 2436 καὶ
2661 2382 2712 2434 οί
2751 2381 3088 2450 ἱερομόναχοι
3121 2379 3215 2431 καὶ
3252 2376 3480 2446 μοναχοὶ
3521 2375 3616 2426 καὶ
3661 2375 3772 2432 πᾶς

2199 2480 2226 2530 ὁ
2255 2477 2352 2546 τῆς
2387 2472 2684 2542 ἐκκλησίας
2707 2471 2927 2540 κλῆρος.
2972 2468 3166 2538 Τρίτον
3191 2468 3290 2519 οὐκ
3318 2466 3498 2518 ἔσεται
3526 2464 3768 2533 παράδο-

2201 2566 2290 2634 ξον
2331 2567 2380 2618 εἰ
2407 2564 2649 2632 Τοῦρκον
2699 2561 2856 2632 ἔσχεν
2907 2561 3102 2630 ἄνδρα,
3149 2560 3270 2612 ἐπεὶ
3317 2560 3412 2612 καὶ
3445 2560 3478 2628 ὴ
3509 2558 3765 2610 δέσποινα

2201 2655 2452 2718 Εὐδοκία,
2477 2656 2544 2724 ὴν
2573 2656 2601 2707 ὁ
2637 2653 2864 2716 πάππος
2897 2669 2992 2704 σου
3024 2650 3218 2705 ἐλαϐεν
3249 2654 3329 2711 εἰς
3378 2649 3632 2716 γυναῖκα,
3676 2647 3764 2698 ἇν-

2200 2749 2299 2814 δρα
2325 2745 2558 2814 προέσχε
2590 2742 2834 2811 Τοῦρκον
2879 2742 2972 2794 καὶ
3015 2738 3213 2808 μικροῦ
3260 2739 3354 2790 καὶ
3383 2737 3568 2804 ὀλίγου
3593 2737 3758 2788 τόπου

2199 2837 2485 2904 αὐθέντην,
2521 2836 2614 2887 καὶ
2652 2833 2842 2886 παιδία
2881 2831 2998 2900 μετ’
3029 2831 3238 2884 ἐκείνου
3272 2829 3462 2882 έτεκεν
3486 2845 3501 2860 ο
3535 2827 3674 2894 αὕτη
3704 2828 3756 2879 δέ

2197 2929 2456 2982 τοσούτου
2489 2927 2728 2996 μεγάλου
2771 2925 3032 2980 αὐθέντου
3071 2925 3165 2975 καὶ
3192 2923 3387 2991 ἀμηρᾷ
3421 2921 3560 2990 γυνὴ
3603 2913 3751 2982 οῦσ),

2200 3019 2292 3071 xal
2317 3017 2392 3078 ὡς
2424 3016 2718 3084 ἀκούομεν,
2745 3015 2844 3067 οὐκ
2875 3012 3172 3083 ἐγνώρισεν
3202 3013 3394 3083 αὐτὴν,
3423 3011 3504 3063 διὸ
3523 3013 3612 3062 καὶ
3633 3011 3752 3062 ἄτε-

535 3113 695 3181 ὗολὴν
728 3112 814 3165 ἶνα
853 3111 1022 3179 λάϐῃς
1076 3108 1176 3175 τὴν
1205 3107 1503 3176 εἰρημένην
1538 3109 1851 3178 ἁμήρισσαν
1880 3108 1960 3168 εἰς
1997 3123 2094 3174 γυ·
2119 3126 2165 3188 C
2199 3108 2323 3170 κνός
2355 3109 2488 3160 ἐστι.
2525 3107 2662 3175 Περὶ
2708 3106 2765 3159 δὲ
2812 3103 2955 3158 κατὰ
2983 3105 3045 3157 τὸ
3067 3105 3354 3174 τέταρτον,
3384 3104 3432 3155 εἰ
3482 3104 3575 3156 καὶ
3619 3103 3750 3154 ἐτῶν

532 3205 712 3256 ναίκα.
766 3200 1020 3267 Τέσσαρα
1070 3197 1176 3265 γὰρ
1226 3195 1364 3265 μόνα
1399 3195 1636 3265 εὑρίσκω
1665 3194 1813 3248 αἴτια
1845 3196 1914 3248 δι’
1950 3188 2024 3249 ὧν
2059 3197 2090 3264 ἡ

533 3398 620 3438 me
651 3382 883 3450 putavit.
913 3397 932 3431 ι
970 3379 1301 3446 Acceperam
1337 3385 1624 3445 praeterea,
1675 3389 1897 3438 amarae,
1930 3375 2090 3444 cujus

530 3484 653 3528 ante
687 3472 892 3527 mentio
941 3470 1085 3524 facta
1111 3480 1213 3531 est,
1246 3484 1494 3533 uxorem,
1527 3468 1765 3536 despotae
1793 3467 1997 3521 Servia:
2026 3469 2091 3520 li-

533 3567 688 3628 liam,
738 3573 862 3632 post
897 3562 1077 3615 mariti
1109 3571 1339 3614 mortem
1376 3559 1639 3628 praeclaro
1675 3569 1729 3612 et
1783 3560 2086 3613 honorilico

529 3655 790 3710 comitatu
818 3654 1037 3707 domum
1055 3651 1122 3705 ad
1151 3659 1405 3720 parentes
1430 3650 1674 3704 rediisse.
1705 3647 1841 3702 Cum
1871 3660 2092 3717 propter

528 3744 794 3811 quasdam
825 3756 933 3794 non
962 3740 1113 3794 leves
1149 3753 1344 3794 causas
1372 3737 1718 3805 Trapezunte
1754 3755 1839 3791 me.
1869 3755 2091 3793 manere

527 3849 752 3889 necesse
797 3841 963 3894 esset,
1011 3832 1230 3886 inventa
1281 3830 1426 3893 navi,
1465 3844 1587 3897 qua:
1625 3830 1834 3898 Cpolitn
1875 3833 2088 3884 solvere

527 3927 706 3989 Vellet,
731 3922 1010 3977 transmisi
1041 3935 1213 3990 equos
1243 3919 1509 3989 quosdam
1541 3927 1593 3972 et
1625 3933 1822 3986 pueros
1856 3921 1994 3976 duos
2021 3923 2089 3974 ab

525 4015 802 4068 lberorum
834 4027 956 4080 rege
987 4011 1053 4066 de
1087 4011 1341 4080 captivis,
1388 4023 1528 4079 quos
1563 4007 1788 4071 fecerat,
1826 4011 1960 4062 mihi
1989 4012 2088 4065 do-

524 4116 701 4170 natos,
727 4105 940 4174 aliaque
963 4105 1130 4159 multa
1159 4119 1447 4161 munerum
1472 4121 1668 4178 genera
1698 4123 1724 4160 a
1756 4107 2084 4176 quibusdam

524 4200 825 4255 liberaliter
846 4199 898 4251 in
923 4211 1009 4251 me
1035 4196 1254 4260 collata,
1281 4199 1584 4268 scripsique
1606 4199 1670 4253 ad
1696 4199 2083 4266 imperatorem

524 4291 807 4345 dominum
837 4304 1040 4353 meum,
1076 4296 1214 4352 tum,
1239 4302 1358 4357 quae
1387 4292 1440 4344 in
1467 4289 1641 4345 Iberia
1676 4290 2084 4360 transegissem,

522 4391 658 4446 tum,
682 4397 802 4450 quae
823 4379 1168 4449 Trapezunte
1191 4389 1594 4435 transacturum
1622 4397 1709 4436 me
1725 4384 2080 4444 conliderem,

2197 3200 2457 3254 πλειόνων
2502 3199 2761 3268 ὑπάρχει,
2792 3199 2885 3250 ἐὰν
2920 3196 3156 3266 συλλάὄῃ
3186 3195 3411 3264 γαστρὶ,
3439 3195 3499 3248 τὺ
3524 3194 3613 3247 τοῦ
3646 3194 3748 3244 Κυ-

2194 3397 2384 3436 curam
2409 3381 2686 3444 adhibere,
2717 3391 2775 3434 ut
2801 3384 3117 3436 amerissmn
3142 3379 3294 3434 illam
3317 3378 3481 3457 ducas
3507 3391 3744 3431 uxorem.

2196 3469 2411 3525 Etenim
2438 3480 2672 3539 quatuor
2695 3471 2856 3524 modo
2882 3486 3076 3525 causas
3101 3469 3346 3537 invenio,
3376 3478 3586 3538 propter
3604 3483 3737 3535 qu:is

2198 3563 2472 3631 majestati
2549 3571 2654 3615 tua:
2725 3561 2815 3614 illa
2873 3562 3114 3616 conditio
3183 3559 3515 3630 repudianda
3565 3558 3740 3624 ,videri

2192 3663 2354 3724 queat
2382 3673 2393 3708 :
2418 3655 2675 3722 primum,
2706 3653 2850 3723 quod
2882 3668 3078 3722 genere
3135 3652 3517 3720 inferiorzest;
3538 3649 3738 3710 deinde,

2194 3763 2259 3800 ne
2287 3747 2424 3800 forte
2451 3746 2688 3800 Ecclesia
2719 3748 2946 3800 istarum
2977 3746 3286 3813 nuptiarum
3331 3758 3484 3798 sacra
3538 3751 3741 3810 propter

2191 3840 2572 3907 cognationem
2633 3840 2936 3907 impediat;
2973 3847 3129 3902 tum,
3184 3836 3328 3906 quod
3379 3834 3581 3902 coniux
3634 3833 3739 3900 ejus

2193 3932 2370 3986 Turca
2425 3929 2564 3998 luit;
2599 3941 2900 4000 postremo,
2947 3928 3113 3996 quod,
3158 3939 3219 3980 ut
3263 3926 3735 3996 quinquagenaria,

2193 4024 2238 4077 si
2277 4023 2608 4091 conceperit,
2647 4037 2770 4074 cum
2816 4019 3064 4089 periculo
3109 4020 3306 4088 pariet,
3345 4017 3491 4086 quod
3545 4016 3736 4087 physici

2191 4113 2510 4181 plerumque
2557 4111 2671 4165 ﬁeri
2728 4111 2961 4175 dicunt,
3039 4109 3516 4178 quandoquidem,
3579 4109 3739 4161 adhuc

2189 4205 2411 4268 sterilis,
2449 4203 2657 4257 nullum
2722 4218 2958 4271 unquam
3003 4212 3216 4269 partum
3259 4199 3453 4256 edidit.
3510 4199 3736 4265 Quatuor

2189 4294 2272 4348 his
2306 4295 2488 4348 causis
2518 4294 2590 4346 ita
2633 4294 2745 4360 jam
2785 4307 3160 4348 occurramus.
3199 4292 3278 4345 Ad
3328 4293 3564 4360 primum
3611 4289 3735 4344 nihil

2196 4383 2474 4452 singulare
2545 4384 2744 4450 facies,
2798 4384 2843 4438 si
2898 4384 3044 4438 illam
3105 4399 3324 4437 uxorem
3381 4385 3568 4440 dttcas.
3630 4397 3738 4450 qua

456 4531 462 4537 _
521 4469 922 4536 certioremque
951 4483 1076 4522 eum
1105 4467 1209 4522 feci
1236 4467 1304 4521 de
1337 4468 1500 4522 rebus
1525 4470 1804 4532 omnibus,
1835 4485 1954 4538 qme
1991 4485 2083 4522 ac-

2196 4476 2470 4528 nubilitate
2499 4475 2735 4528 domina:
2769 4489 2919 4538 meas,
2968 4474 3219 4544 gloriosa:
3263 4476 3424 4528 matri
3459 4485 3586 4535 tuae,
3616 4476 3733 4528 nihil

520 4561 789 4615 ciderant.
823 4557 952 4612 Dedi
982 4557 1239 4626 epistolas
1273 4558 1368 4611 ttni
1409 4559 1477 4612 de
1514 4559 1814 4622 nobilibus,
1843 4559 1932 4627 qui
1967 4574 2077 4613 me-

519 4667 643 4705 cunt
679 4657 858 4713 erant,
889 4663 1126 4718 cumque
1155 4648 1339 4705 dimisi
1381 4649 1722 4712 cohortatus,
1754 4657 1813 4702 ut
1846 4649 2075 4702 alteram

518 4742 842 4812 imperatori
892 4740 1097 4805 statim,
1153 4755 1279 4796 cum
1323 4756 1448 4795 eum
1502 4746 1779 4804 adoraret,
1815 4742 2087 4815 traderet,

517 4840 875 4900 uarraretque
903 4845 1087 4885 coram
1107 4830 1312 4895 omnia,
1342 4846 1463 4900 quae
1485 4831 1552 4883 ad
1579 4845 1679 4884 nos
1703 4831 2034 4897 pertinerent
2059 4832 2084 4894 ;'

516 4925 742 4975 alteram
773 4919 946 4973 eidem
982 4920 1068 4974 die
1106 4920 1359 4988 sequenti
1406 4923 1582 4973 daret.
1630 4918 1844 4983 Scripta
1887 4927 2068 4971 autem

516 5018 629 5061 erat
659 5008 885 5075 epistola
935 5008 1038 5062 hoc
1070 5009 1320 5076 exemplo
1347 5024 1360 5062 :
1395 5027 1412 5059 ι
1445 5008 1638 5063 Salvus
1673 5006 2067 5076 Trapezuntem

514 5095 749 5157 delatus,
793 5108 857 5147 ex
892 5094 995 5148 hoc
1029 5109 1153 5163 rege
1190 5106 1422 5150 mortem
1472 5109 1670 5149 amara:
1717 5095 1976 5161 cognovi,
2012 5105 2067 5148 et

515 5186 859 5249 amerissam,
886 5186 1050 5254 hujus
1080 5201 1110 5240 e
1132 5201 1323 5240 sorore
1369 5196 1606 5254 neptem,
1641 5187 1868 5254 pulchre
1899 5199 1951 5239 et
1979 5188 2076 5239 ho-

514 5278 736 5333 norilice
753 5277 809 5329 in
830 5276 1057 5344 patriam
1078 5277 1144 5330 ad
1170 5288 1426 5346 parentes
1449 5292 1720 5332 reversam
1741 5292 1882 5332 esse.
1917 5279 2072 5343 Quod

515 5371 605 5424 ubi
634 5367 896 5436 comperi,
945 5369 1206 5421 constitui
1241 5370 1381 5437 apud
1438 5369 1706 5432 animum,
1741 5371 1885 5437 quod
1941 5373 2073 5425 mihi

511 5461 688 5513 visum
723 5465 826 5522 est,
873 5459 1132 5525 potentiae
1177 5469 1284 5512 tuze
1329 5461 1659 5528 signiﬁcare,
1709 5460 1926 5516 duobus
1961 5463 2066 5527 his,

510 5551 579 5602 ob
611 5564 730 5616 quae
772 5551 872 5602 hoc
919 5549 1020 5601 iter
1047 5548 1174 5609 feci,
1226 5553 1519 5607 conuubiis
1563 5554 1746 5608 multis
1778 5554 1844 5608 de
1883 5557 2068 5608 cnusis

512 5641 697 5694 utilius
714 5639 832 5694 fore
858 5639 1125 5707 majestati
1155 5651 1258 5697 tuae
1280 5654 1334 5699 et
1354 5645 1509 5715 longe
1539 5646 1728 5700 melius
1756 5648 1822 5700 ad
1849 5649 2065 5699 omnia-

511 5745 615 5796 que
647 5731 846 5799 aptius,
884 5733 928 5789 εἰ
967 5735 1214 5802 potentia:
1265 5747 1367 5792 tua:
1418 5740 1649 5807 placeat,
1689 5739 1952 5792 rationem
1989 5753 2051 5789 ac

2191 4565 2356 4618 cedit.
2394 4562 2616 4628 Deinde,
2648 4565 2689 4618 si
2720 4564 2774 4618 itt
2805 4565 3210 4619 matrimonium
3281 4576 3494 4634 peteres
3547 4566 3734 4635 Trape-

2196 4645 2512 4710 zuntiorum
2603 4656 2746 4724 regis
2837 4657 3048 4720 filiam,
3119 4659 3460 4727 cognationis
3523 4663 3736 4729 gratiam

2185 4761 2465 4816 speramus
2506 4749 2598 4801 tibi
2645 4747 2846 4801 factum
2891 4747 2956 4800 iri
2988 4749 3056 4802 ab
3089 4747 3348 4815 Ecclesia,
3383 4751 3427 4804 si
3482 4752 3536 4804 in
3595 4768 3737 4806 men-

2186 4839 2358 4900 dicos,
2421 4841 2694 4907 orphanos
2771 4848 2825 4892 et
2883 4839 3144 4894 ecclesias
3201 4845 3488 4910 pecuniam
3549 4859 3732 4912 eroga-

2191 4927 2282 4981 ris.
2337 4927 2450 4981 lloc
2507 4939 2657 4981 tanto
2692 4928 2864 4998 magis
2915 4937 2968 4982 et
3015 4928 3233 4982 facilius
3273 4931 3601 4986 concedetur
3644 4933 3732 4987 tibi

2191 5019 2599 5070 lttalt'imultllttll
2634 5019 2754 5073 lilia;
2788 5020 3027 5087 tlespotaa
3084 5018 3309 5086 Serviat,
3347 5027 3624 5079 amerissa:
3656 5028 3727 5078 in-

2187 5123 2374 5177 quam,
2411 5119 2630 5177 propter
2659 5120 2809 5162 tanta
2840 5111 2930 5162 illa
2964 5110 3138 5164 cilicia
3173 5123 3227 5166 et
3266 5130 3514 5177 munera,
3545 5119 3730 5185 quibus

2186 5201 2425 5267 qu0tidie
2478 5200 2555 5254 illi
2606 5201 2913 5269 obligantur
2967 5200 3246 5265 Ecclesia,
3302 5205 3726 5272 hieromonachi,

2188 5292 2461 5352 tnoiiachi,
2499 5292 2787 5344 universus
2829 5291 3071 5358 denique
3105 5294 3311 5348 clerus.
3351 5297 3485 5350 Illud
3530 5309 3726 5359 autem,

2183 5379 2328 5446 quod
2380 5379 2610 5432 Turrani
2645 5383 2896 5433 maritum
2950 5382 3162 5448 habuit,
3201 5385 3424 5440 minime
3465 5388 3728 5456 singulare

2185 5481 2289 5531 est,
2323 5473 2581 5538 quoniam
2608 5473 2772 5526 etiam
2817 5473 3054 5527 Eudocia
3093 5477 3374 5544 despaana,
3411 5493 3529 5548 qua:
3552 5482 3636 5534 avi
3659 5485 3729 5537 tui

2184 5577 2318 5614 uxor
2362 5563 2479 5625 fuit,
2509 5574 2631 5618 ante
2663 5565 2893 5618 Turcam
2928 5569 3212 5636 conjugem
3242 5571 3523 5638 habuerat,
3563 5588 3725 5641 parva:

2183 5663 2235 5706 et
2261 5654 2420 5706 exilis
2455 5656 2690 5722 regionis
2724 5660 3041 5727 principem,
3075 5663 3160 5714 cui
3194 5667 3360 5716 etiam
3394 5663 3600 5717 liberos
3639 5679 3722 5733 pc-

2183 5755 2419 5812 pei-crat.
2446 5746 2648 5800 Contra
2675 5749 2786 5802 lucc
2820 5761 2925 5803 tam
2957 5753 3139 5806 eximii
3175 5755 3432 5823 principis
3462 5765 3514 5809 et
3541 5771 3726 5812 ameris
