4066 6296
278 394 379 460 817

1271 402 1720 465 CIIRONICON
1761 408 2029 472 MAJUS.
2067 434 2131 444 —
2166 410 2309 472 LIB.
2360 387 2476 470 ut.

3429 403 3538 466 818

285 517 402 585 ρίου
437 512 649 583 θέλημα
679 508 1002 584 γενήσηται,
1040 516 1160 568 ἐπεὶ
1188 520 1466 588 συμφέρον
1501 523 1566 592 τῇ
1605 521 1854 594 βασιλεία
1881 528 1930 585 Α
1959 529 2136 591 γονεῖς
2160 528 2327 596 αὐτῆς
2361 528 2532 596 ἡδέως
2556 527 2648 581 καὶ
2672 526 2927 594 ἀσμένως
2957 525 3048 577 τδν
3071 525 3228 592 λόγον
3253 522 3531 588 ἐδέξαντο,

281 605 376 659 σού
407 609 521 660 ἐστι
571 606 637 658 τὰ
685 607 1060 676 προειρημένα
1095 609 1221 677 τρία
1266 609 1432 673 αίτια,
1461 611 1556 665 ἐὰν
1605 616 1852 681 γένηται,

282 698 505 766 μᾶλλον.
543 698 651 750 Καὶ
677 699 726 751 οί
769 702 947 766 γονεῖς
979 699 1151 766 αὐτῆς
1186 703 1500 771 περιχαρῶς
1555 707 1649 756 καὶ
1684 705 1856 774 άσμέ-

283 806 389 851 νως
421 789 664 852 δέξονται
714 791 893 844 τοῦτο.
955 789 1367 856 Ἐξαπόστειλον
1411 789 1506 846 οὖν
1537 794 1700 856 εὐθύς
1729 811 1854 848 τινα

282 880 474 932 πιστὸν
503 880 613 933 τῶν
640 880 735 933 τοῦ
767 880 1029 933 παλατίου
1063 898 1156 934 σου
1205 883 1486 953 ἀρχόντων
1519 885 1550 954 ἢ
1579 886 1689 939 τῶν
1716 889 1858 957 [spo—

285 973 598 1043 μονάχωνῆ
645 974 923 1043 μοναχῶν,
964 974 1057 1025 καὶ
1108 974 1176 1026 τὰ
1219 976 1352 1044 περὶ
1399 979 1593 1028 τούτου
1630 978 1858 1046 διορθώ-

284 1083 456 1128 σουσι,
489 1067 582 1119 καὶ
632 1065 870 1135 ἀναϐολὴ
918 1066 1145 1134 οὐδεμία
1190 1070 1506 1138 γενήσεται.
1545 1093 1564 1122 ς
1610 1072 1856 1125 Ἀποσωο

281 1158 483 1210 θέντων
511 1155 606 1210 οὖν
634 1158 744 1210 τῶν
784 1161 1363 1227 γραμματοκομιστῶν
1412 1164 1550 1230 μετὰ
1591 1165 1690 1230 τῆς
1727 1165 1856 1232 νηὸς

279 1254 337 1302 ἐν
363 1254 428 1321 τῇ
461 1250 617 1302 πόλει
650 1253 712 1320 τῇ
750 1249 837 1321 κη’
864 1251 1070 1314 Μαΐου,
1119 1253 1214 1304 καὶ
1266 1256 1292 1305 ὁ
1347 1253 1600 1322 βασιλεὺς
1645 1256 1720 1307 ὢν
1775 1261 1854 1319 εἰς

280 1345 607 1412 χοιράγραν,
635 1343 712 1406 ὡς
739 1344 988 1414 ἐμηνύθη
1017 1344 1166 1415 αὐτῷ
1202 1347 1365 1417 216
1388 1347 1470 1399 ὄτι
1495 1350 1637 1410 τινὲς
1668 1351 1730 1400 ἐκ
1757 1350 1856 1416 τῆς

237 1426 249 1433 ’
294 1433 536 1501 Ἰϐηρίας
583 1434 928 1503 ἐληλύθασιν,
981 1436 1148 1499 ἐάσας
1199 1439 1260 1490 τὸ
1316 1438 1577 1507 συάγριον
1631 1441 1688 1491 ἐν
1744 1443 1854 1503 τοῖς

279 1525 606 1594 ἀνακτόροις
635 1521 767 1594 ἦλθε
800 1527 941 1596 μετὰ
976 1529 1187 1598 χαρᾶς.
1237 1519 1408 1596 Ἐν’ᾧ
1449 1531 1513 1600 δὴ
1553 1531 1732 1601 καιρῷ
1763 1530 1856 1598 ἐφ-

279 1615 452 1668 θασαν
483 1618 533 1668 οἱ
562 1622 1020 1688 χαρτοκομισταὶ,
1054 1623 1120 1690 τῇ
1150 1627 1236 1688 κη’
1263 1621 1358 1674 τοῦ
1388 1624 1590 1685 Μαΐου,
1616 1627 1681 1693 τῇ
1715 1625 1853 1694 αὐτῇ

279 1706 438 1757 νυκτὶ
470 1706 765 1760 ὑπνώττων
802 1708 975 1779 ἐφάνη
1030 1728 1120 1780 μοι
1172 1711 1293 1764 κατ’
1338 1712 1469 1781 δναρ
1502 1715 1582 1766 ὅτι
1613 1715 1708 1768 καὶ
1743 1714 1856 1783 ἐγὼ

277 1798 357 1859 εἰς
388 1797 490 1868 τὴν
532 1799 1110 1854 Κωνσταντινούπολιν
1144 1802 1380 1870 ἔφθασα,
1412 1806 1507 1856 καὶ
1543 1807 1858 1875 προσσπεύ-

281 1905 380 1952 σας
423 1889 502 1959 τῷ
551 1889 768 1960 βασιλεί
816 1893 1169 1961 ἀσπασθῆναί
1217 1914 1283 1964 με
1321 1899 1444 1960 τοὺς
1478 1899 1646 1961 πόδας
1690 1898 1856 1968 αὐτοῦ

278 1981 379 2034 οὐκ
412 1981 563 2035 εἴασέ
597 2001 690 2052 με,
715 1984 832 2036 ἀλλ’
860 1985 1140 2038 ἐπιλαϐὼν
1170 1988 1438 2055 ἀνέστησέ
1473 2005 1539 2056 με
1572 1989 1665 2040 καὶ
1693 2005 1857 2041 κατε-

278 2072 471 2144 φίλησέ
507 2092 610 2144 μου
658 2076 781 2138 τοὺς
805 2076 1144 2146 ὀφθαλμούς.
1179 2077 1396 2145 Ἔγωγε
1430 2078 1661 2144 ἔξυπνος
1708 2080 1858 2145 γενό-

290 2183 448 2234 μενος
487 2163 642 2221 εἷπον
682 2171 794 2232 τοῖς
829 2171 960 2239 περὶ
1014 2171 1116 2238 ἐμὲ
1164 2171 1392 2226 ὐπνούσι
1428 2173 1485 2225 τὸ
1520 2173 1727 2243 ὅραμα,
1757 2175 1853 2226 καὶ

276 2259 425 2320 ὅπως
451 2257 552 2326 τῆς
577 2257 796 2329 ἡμέρας
825 2261 1264 2328 μνημονεύσωσι.
1309 2262 1459 2314 Ἰδὼν
1497 2262 1588 2316 οὖν
1614 2266 1640 2315 ὁ
1665 2263 1858 2316 αὐθέν-

276 2363 372 2414 της
416 2364 517 2414 μου
564 2350 658 2399 καί
707 2347 962 2417 βασιλεὺς
997 2350 1073 2420 μὴ
1122 2351 1298 2402 ἐλθεῖν
1335 2370 1431 2418 με,
1467 2351 1586 2406 ἀλλ’
1630 2354 1694 2405 ἐκ
1748 2354 1855 2406 τῶν

279 2440 376 2490 σὺν
418 2439 562 2508 ἐμοὶ,
592 2441 688 2492 καὶ
725 2439 824 2510 τὴν
855 2440 1084 2510 πρώτην
1120 2443 1340 2512 γραφὴν
1387 2446 1716 2510 ἀναγνώσας
1757 2463 1856 2499 πε-

283 2528 511 2596 ρίλυπος
541 2530 764 2596 ἐγένετο
794 2531 889 2583 καὶ
915 2533 1204 2601 ἐδυσφόρει
1229 2536 1557 2603 κατηγορῶν
1583 2537 1683 2604 τὴν
1713 2536 1854 2606 ἐμὴν

277 2619 587 2691 βραδύτητα
607 2636 621 2650 ·
642 2621 726 2684 ὡς
755 2621 812 2674 δέ
841 2621 939 2692 τὴν
988 2623 1184 2692 ἑτέραν
1215 2628 1439 2695 γραφὴν
1474 2627 1568 2679 ἐπὶ
1617 2627 1716 2699 τὴν
1751 2629 1848 2680 ab.

277 2729 394 2781 ριον
450 2712 688 2781 ἀνέγνω,
745 2714 840 2765 καὶ
890 2713 1078 2782 μαθὼν
1115 2717 1335 2784 μέλλειν
1385 2718 1560 2771 ἐλθεῖν
1615 2719 1703 2772 διά
1753 2721 1854 2790 τῆς

279 2804 520 2872 γραφῆς,
553 2805 660 2857 ὶδυύ
687 2805 932 2876 ἠρκέσθη
967 2807 1057 2858 καὶ
1107 2807 1324 2877 χαρίεις
1359 2813 1685 2880 ἐναπέμεινε
1712 2829 1725 2843 ·
1758 2815 1853 2867 καὶ

277 2897 438 2961 εὐθὺς
489 2898 857 2968 οἰκονομήσας
905 2899 1160 2970 Μανουὴλ
1212 2901 1307 2954 τὸν
1365 2903 1730 2974 Παλαιολόγον
1761 2907 1854 2960 τὸν

269 2989 376 3057 ’τῆς
431 2989 898 3060 Καντακουζηνῆς
951 2991 1052 3061 τῆς
1098 2996 1687 3068 πρωτοστρατορίσσης
1723 2999 1850 3050 ἀνε-

272 3082 420 3147 ψιὸν,
448 3081 833 3147 ἐξαπέστειλεν
859 3083 1031 3147 αὐτ-δη
1050 3085 1184 3156 πρὸς
1224 3086 1318 3139 τὸν
1348 3087 1450 3156 τῆς
1498 3087 1730 3157 Σερϐίας
1760 3089 1847 3142 δε-

1962 617 2056 668 καὶ
2085 617 2316 686 ἐτοίμως
2337 613 2486 688 εἶχον
2520 617 2877 688 ἐκπληρῶσαι
2906 619 3001 670 καὶ
3032 618 3090 668 τὸ
3121 617 3304 685 ἔργον.
3339 615 3536 670 ’Λλλον

1961 709 2070 778 γὰρ
2101 711 2202 762 οὐκ
2237 710 2480 762 ἐκώλυσε
2511 711 2571 764 τὸ
2620 710 2865 764 τοιοῦτον
2903 710 3238 762 συνοικέσιον
3267 709 3315 760 εἰ
3351 708 3426 775 μὴ
3452 707 3538 759 ὅτι

1961 799 1994 867 ἡ
2025 797 2318 867 ’ἀμήρισσα
2357 798 2550 868 ἐδεήθη
2582 798 2679 849 τοῦ
2728 795 2863 850 Θεοῦ
2899 797 3172 865 εὐχομένη
3209 792 3423 856 τάξασα
3458 790 3540 842 ἔτι

1960 889 2164 952 ζῶντος
2199 889 2290 942 τοῦ
2322 890 2515 959 άμηρᾶ
2561 891 2654 942 καὶ
2684 889 2879 958 ἀνδρὸς
2919 888 3112 956 αὐτῆς,
3142 887 3191 938 εί
3225 887 3251 938 ό
3285 884 3418 946 Θεὸς
3443 882 3540 951 οἴῳ

1958 981 2020 1050 δή
2064 997 2190 1033 ποτε
2215 981 2404 1052 τρόπῳ
2432 980 2778 1052 ἐλευθερώσῃ
2815 978 2986 1050 αὐτὴν
3021 979 3084 1030 ἐκ
3119 978 3218 1040 τὰς
3254 976 3364 1026 τῶν
3415 976 3542 1027 ἀσε-
3597 975 3606 986 ’

1960 1071 2070 1124 ϐῶν
2097 1073 2304 1141 χεῖρας,
2335 1071 2510 1142 ἐτέρῳ
2545 1071 2701 1141 ἀνδρὶ
2749 1071 2950 1140 μηκέτι
2984 1069 3042 1121 ἐν
3096 1070 3162 1136 τῇ
3223 1064 3385 1135 217
3426 1063 3538 1134 ζωῇ

1960 1162 2134 1231 αὐτῆς
2159 1162 2510 1232 συζευχθείη,
2533 1162 2670 1214 ἀλλὰ
2701 1162 2886 1230 μένειν
2914 1159 3084 1228 αὐτὴν
3113 1160 3171 1211 ἐν
3206 1154 3538 1225 σοφρωσύνῃ

1959 1256 2408 1322 παρθενεύουσαν
2458 1257 2554 1308 καὶ
2606 1255 2752 1308 κατὰ
2806 1254 2870 1307 τὸ
2923 1251 3151 1306 δυνατὸν
3208 1247 3542 1320 θεραπεύειν

1957 1345 2077 1416 Θεῷ
2112 1345 2189 1415 τῷ
2216 1347 2316 1417 τὴν
2351 1347 2668 1417 ἐλευθερίαν
2707 1345 2880 1414 αὐτῆς
2913 1342 3326 1414 χορηγήσαντιο
3359 1340 3428 1391 δι’
3476 1338 3543 1407 ἦν

1958 1436 2140 1492 αἰτίαν
2171 1438 2231 1489 τὸ
2265 1438 2606 1490 συνοικέσιον
2645 1437 2809 1511 τοῦτο
2839 1437 2937 1490 οὐκ
2967 1436 3210 1503 ἐγένετο.

2028 1529 2118 1598 Τῷ
2149 1530 2244 1582 τοῦ
2297 1529 2462 1583 αὐτοῦ
2498 1529 2652 1592 ἔτους
2699 1529 3000 1598 Αὐγούστῳ
3055 1529 3189 1597 μηνὶ
3228 1525 3386 1594 διέϐη
3433 1523 3543 1578 ἀπὸ

1957 1621 2055 1689 τῆς
2087 1620 2297 1683 πόλεως
2320 1621 2396 1684 ὡς
2430 1621 2605 1690 φυγάς
2631 1623 2658 1673 ό
2691 1621 3040 1691 πατριάρχης
3069 1619 3177 1689 κὺρ
3207 1619 3540 1690 Γρηγόριος.

1958 1713 2053 1764 καὶ
2089 1711 2199 1780 ἐγὼ
2243 1715 2308 1782 τῇ
2364 1713 2423 1766 ιδ’
2461 1713 2556 1765 τοῦ
2608 1711 2986 1782 Σεπτεμϐρίου
3038 1713 3208 1781 μηνὸς
3261 1711 3356 1764 τοῦ
3387 1709 3541 1777 ,ςῇξ

1959 1802 2113 1864 ἔτους
2161 1805 2242 1865 εἰς
2300 1802 2880 1856 Κωνσταντινούπολιν
2931 1803 3196 1856 άπέσωσα
3254 1801 3396 1872 μετὰ
3444 1805 3545 1869 τῆς

1961 1895 2090 1964 νηὸς
2123 1894 2218 1946 τοῦ
2260 1893 2430 1946 καλοῦ
2459 1893 2751 1945 Ἀντωνίου
2795 1894 3031 1957 Ῥίτζου,
3056 1892 3154 1945 ’τοῦ
3190 1895 3287 1945 καὶ
3314 1893 3546 1962 ὕστερον

1964 1981 2420 2053 μαρτυρήσαντος
2467 1980 2609 2051 ὑπὲρ
2670 1981 2771 2052 τῆς
2827 1982 2906 2044 είς
2957 1981 3199 2052 Χριστὸν
3246 1980 3409 2042 αὐτοῦ
3459 1981 3548 2033 πίε

1964 2091 2159 2134 στεως.

2033 2163 2102 2235 β’.
2135 2163 2379 2229 Τελέσας
2404 2161 2497 2220 οὖν
2530 2166 2652 2234 ἐγὼ
2672 2167 2730 2219 τὸ
2759 2165 3099 2220 συνοικέσιον
3133 2169 3187 2219 ἐν
3214 2167 3279 2236 τῇ
3313 2165 3546 2237 Ἰϐηρίᾳ,

1960 2255 2047 2309 ἵνα
2085 2257 2228 2329 λάϐῃ
2270 2258 2299 2310 ό
2328 2258 2597 2327 αὐθέντης
2632 2275 2751 2327 μου-
2766 2259 2863 2328 τὴν
2910 2259 3003 2311 τοῦ
3035 2260 3215 2311 ἐκεῖσε
3247 2259 3418 2327 ρηγὺς
3453 2257 3550 2309 θυ-

1960 2351 2192 2421 γατέρα,
2223 2349 2373 2412 εἰδὼς
2408 2351 2491 2404 ὅτι
2524 2355 2776 2421 κρεῖττον
2821 2347 2890 2422 ἦν
2923 2353 2983 2404 τὸ
3022 2353 3080 2405 ἐν
3119 2354 3185 2421 τῇ
3213 2351 3429 2421 Ἰϐηρίᾳ
3452 2351 3548 2404 τοῦ

1959 2444 2057 2511 τῆς
2113 2440 2554 2511 Τραπεζοῦντος.
2610 2437 2744 2495 Είπέ
2804 2439 2893 2510 μοὶ
2924 2441 3035 2510 γάρ
3088 2445 3116 2494 ὁ
3166 2444 3265 2510 τῆς
3303 2439 3547 2510 Ἰϐηρίας

1961 2533 2363 2603 προειρημένος
2521 2533 2722 2586 τοιάδε·
2761 2552 2780 2585 ι
2819 2535 2937 2587 Οὐκ
2963 2535 3078 2586 ἐστι
3115 2531 3386 2602 συνήθεια
3413 2513 3548 2602 παρν

1959 2627 2091 2695 ἡμῖν
2122 2625 2210 2676 ἵνα
2233 2624 2451 2677 διδῶσιν
2480 2627 2743 2694 χρήματα
2766 2627 2819 2677 αἱ
2843 2626 3106 2691 γυναῖκες
3132 2626 3246 2685 τοῖς
3277 2623 3542 2692 ἀνδράσιν
3609 2689 3620 2702 ρ

1958 2715 2054 2778 οὒς
2084 2716 2342 2786 μέλλουσι
2371 2715 2583 2780 λαϐεῖν,
2613 2717 2728 2768 ἀλλ’
2761 2717 2809 2768 οἱ
2845 2717 3193 2786 άνδρεςταῖς
3229 2716 3538 2783 γυναιξίν.»

1973 2805 2117 2874 Ἐγὼ
2146 2806 2203 2858 δέ
2231 2806 2553 2875 ἀποκριθεὶς
2574 2807 2743 2860 αίτῶν
2772 2807 3002 2875 ίλασμδν
3026 2805 3158 2876 παρ’
3187 2805 3352 2858 αὐτοῦ
3382 2806 3547 2872 λέγωε

1965 2915 1983 2949 ι
2018 2899 2134 2950 Οὐκ
2165 2899 2375 2968 ἥκουσα
2399 2900 2620 2951 πώποτε
2651 2899 2910 2969 τοιαύτην
2943 2899 3235 2968 συνήθειαν
3268 2901 3360 2950 καὶ
3385 2898 3550 2967 νόμον

1957 2990 2032 3054 ὼς
2065 2992 2094 3060 ἡ
2128 2990 2379 3060 βασιλεία
2431 3009 2524 3044 σου
2577 2995 2968 3062 προστάττεις.
3009 3009 3026 3041 ι
3087 2992 3146 3044 '0
3197 2991 3255 3044 δὲ
3290 2990 3550 3062 βασιλεὺς

1955 3085 2217 3153 γελάσας,
2263 3087 2402 3156 τάχα
2437 3085 2738 3154 θαυμάζων
2785 3085 2912 3148 τούς
2938 3085 3130 3151 λόγους
3186 3102 3312 3153 μου,
3361 3081 3538 3137 εἶπενο

280 3175 507 3244 σπότην,
548 3175 633 3227 ἵνα
669 3175 944 3246 δοκιμάσῃ
990 3178 1086 3232 καὶ
1122 3179 1212 3252 ίδη
1273 3181 1400 3250 περὶ
1445 3180 1505 3233 οὖ
1539 3185 1595 3234 ἐν
1641 3186 1706 3253 τῇ
1743 3185 1851 3254 ἐμῇ
1884 3183 1929 3248 C
1967 3194 1984 3227 ι
2021 3179 2132 3228 Οὲκ
2165 3171 2330 3240 οἶδας,
2363 3173 2661 3246 τιμιώτατε
2692 3175 2844 3244 ἄνερ,
2869 3173 2922 3228 τί
2947 3192 3116 3244 φησιν
3146 3175 3174 3228 ὁ
3201 3176 3377 3245 μέγας
3410 3178 3550 3228 Και-

274 3268 538 3338 ἐπιστολῇ
569 3267 824 3340 γέγραφα
861 3272 1229 3326 συνοικεσίου.
1282 3274 1392 3327 Καὶ
1442 3275 1776 3341 ἀκούσαντες
1804 3280 1853 3330 οί

543 3359 556 3384 ἓ

281 3456 421 3496 uxor
452 3441 577 3508 fuit,
611 3452 665 3498 et
715 3444 783 3498 ab
817 3459 904 3510 eo,
939 3445 1118 3512 aiunt,
1171 3464 1236 3502 ne
1275 3459 1418 3504 tacta
1455 3452 1681 3520 quidem
1717 3461 1798 3506 est
1836 3467 1849 3504 :

279 3550 452 3602 quare
482 3551 580 3589 nec
602 3536 899 3591 liberorum
926 3541 1227 3610 quidquam
1253 3544 1460 3606 genuit.
1493 3546 1569 3599 Ad
1599 3555 1852 3614 quartam

277 3627 391 3691 jam
430 3627 696 3683 rationem
729 3630 876 3698 quod
918 3633 1134 3698 attinet,
1177 3635 1395 3688 etiamsi
1426 3652 1635 3690 annosa
1660 3648 1766 3701 est,
1805 3638 1850 3692 si

281 3721 613 3788 conceperit,
666 3720 756 3776 fiet
807 3724 994 3792 utique
1027 3726 1279 3781 voluntas
1327 3726 1440 3792 Dei,
1476 3731 1696 3797 quando
1737 3738 1852 3782 tres

281 3819 405 3862 ante
426 3824 863 3868 commemoratw
878 3817 1118 3872 rationes
1138 3819 1408 3887 n'iajestali
1427 3832 1531 3874 tua:
1551 3816 1854 3876 c'ou'imodze

280 3914 458 3956 erunt.
486 3902 744 3960 Parentes
780 3907 902 3976 ejus
937 3918 1118 3963 autem
1152 3910 1388 3964 libenter
1417 3921 1472 3965 et
1505 3912 1701 3981 cupide
1728 3927 1850 3965 eam

278 3994 649 4050 conditionem
699 3999 984 4068 arripient.
1023 3999 1105 4054 Tu
1149 4002 1263 4070 jam
1307 4001 1603 4057 confestim
1643 4003 1848 4058 mittito

280 4085 416 4140 mihi
445 4086 656 4142 fidelem
688 4092 1000 4159 quempiam
1044 4091 1111 4145 de
1148 4092 1482 4160 primoribus
1512 4095 1725 4164 palatii,
1760 4104 1856 4150 aut

281 4183 752 4246 hieromonachis,
804 4195 902 4239 aut
947 4187 1256 4252 monachis,
1290 4203 1488 4257 resque
1527 4191 1642 4246 haec
1672 4191 1852 4247 admi-

282 4271 625 4356 nistrabitur,
659 4290 763 4332 nec
789 4277 895 4331 ulla
932 4293 1088 4332 mora
1119 4280 1242 4333 erit.
1276 4298 1296 4330 ›
1330 4280 1468 4335 Cum
1504 4281 1540 4335 ii
1582 4282 1674 4350 qui
1703 4283 1855 4337 litte-

283 4379 370 4416 ras
397 4367 709 4433 portabant,
735 4370 872 4424 salvi
909 4369 976 4425 ad
1013 4372 1204 4427 urbem
1231 4376 1577 4443 appulissent
1599 4377 1688 4431 die
1723 4375 1847 4430 lllaii

280 4453 372 4519 28,
418 4454 737 4524 imperator,
773 4463 866 4531 qui
903 4461 1042 4518 forte
1073 4479 1235 4534 apros
1278 4469 1606 4534 venabatur,
1646 4469 1852 4524 certior

284 4545 483 4612 factus,
512 4550 800 4607 advenisse
827 4556 1092 4625 quosdam
1127 4573 1192 4612 ex
1220 4558 1422 4623 Iberia,
1462 4561 1650 4615 relicta
1695 4577 1858 4615 vena-

287 4640 456 4706 tione,
513 4644 856 4704 laetabundus
897 4651 1158 4719 palatium
1208 4655 1382 4722 petiit.
1445 4656 1568 4723 Quo
1616 4668 1864 4728 tempore

288 4733 553 4790 tabellarii
579 4738 940 4804 advenerunt,
977 4742 1065 4797 die
1086 4744 1156 4798 28
1187 4745 1335 4808 Maii,
1359 4747 1546 4801 eadem
1578 4759 1740 4804 nocte
1764 4765 1860 4818 per

285 4842 540 4882 somnum
575 4829 724 4885 visus
748 4832 883 4887 mihi
916 4849 1037 4888 sum
1066 4848 1119 4890 et
1145 4837 1259 4906 ipse
1281 4838 1472 4894 adesse
1495 4839 1672 4910 Cpoli,
1701 4856 1860 4896 cum-

284 4939 389 4990 que
444 4923 762 4980 festinarem
798 4929 864 4982 ad
907 4931 1317 4998 imperatorem,
1354 4950 1527 5004 genua
1567 4936 1690 5004 ejus
1746 4953 1865 4990 am-

287 5017 566 5081 plexurus,
609 5019 828 5073 retineri
859 5022 928 5075 ab
958 5038 1024 5077 eo
1054 5031 1109 5077 et
1152 5024 1430 5079 sublevari
1460 5035 1513 5080 et
1545 5031 1742 5083 osculo
1773 5045 1864 5083 sa-

287 5108 471 5163 lutari.
500 5107 950 5180 Expergel’actus,
983 5115 1047 5169 iis
1075 5117 1168 5184 qui
1200 5117 1346 5170 circa
1376 5133 1464 5171 me
1488 5119 1860 5182 dormiebant,

287 5202 558 5256 somnium
601 5205 841 5272 narravi,
873 5214 1038 5274 atque
1068 5207 1202 5271 dixi,
1235 5220 1292 5262 ut
1317 5209 1422 5264 diei
1461 5210 1863 5265 meminissent.

288 5294 587 5360 Imperator
621 5305 829 5362 autem,
884 5299 1140 5380 domim'ts
1183 5316 1362 5365 meus,
1402 5302 1490 5354 ubi
1533 5315 1641 5354 non
1684 5301 1859 5369 ipsum

236 5454 239 5455 ν
289 5401 394 5452 me,
427 5388 520 5441 sed
557 5403 589 5443 e
620 5390 914 5444 comitibus
951 5390 1187 5459 aliquem
1218 5393 1412 5446 adesse
1441 5394 1859 5460 animadvertit,

287 5487 341 5530 et
391 5480 632 5548 priorem
664 5482 798 5550 legit
831 5483 1141 5558 epistolam,
1180 5492 1410 5539 maestus
1451 5484 1650 5547 factus.
1678 5487 1862 5557 segni-

291 5573 420 5626 tiam
450 5589 626 5629 meam
659 5591 801 5646 aegre
831 5577 956 5631 tulit
992 5578 1408 5647 accusavitque.
1446 5577 1545 5632 Ubi
1576 5587 1758 5651 autem
1786 5580 1864 5632 al-

293 5670 465 5716 teram
499 5663 586 5718 die
614 5667 866 5735 sequenti
909 5668 1036 5736 legit
1068 5684 1263 5736 meque
1293 5669 1582 5722 venturum
1615 5685 1737 5724 esse
1776 5671 1863 5722 di-

291 5754 444 5820 dicit,
464 5757 742 5825 acquievit
763 5767 816 5812 et
842 5758 1042 5812 laetitia:
1064 5775 1127 5814 se
1148 5761 1320 5824 dedit,
1348 5762 1646 5830 Statimque
1675 5777 1857 5814 rerum

294 5849 490 5906 notitia
517 5850 842 5907 instructum
879 5850 1184 5907 Manuelem
1222 5852 1608 5923 Palaeologum,
1659 5851 1862 5908 Cauta-

1961 3268 2184 3338 σάριος;
2219 3269 2504 3337 Διαφόρων
2538 3264 2708 3322 ἐθνῶν
2745 3269 2948 3341 τρόπον
2994 3285 3054 3321 τε
3105 3271 3200 3323 καὶ
3231 3271 3398 3338 νόμον
3424 3270 3549 3340 ἐξη-

1957 3470 2178 3509 cuzenae
2205 3452 2696 3524 protostratorissaa
2721 3449 3143 3515 consobrinum,
3170 3449 3238 3504 ad
3259 3450 3570 3520 despotam.

1957 3546 2161 3601 Servi-.e
2195 3547 2488 3614 ablegavit,
2528 3553 2588 3599 ut
2633 3545 2680 3598 is
2712 3543 2781 3597 de
2811 3543 3088 3612 conjugio,
3119 3542 3187 3596 dc
3232 3556 3344 3611 quo
3375 3543 3553 3611 scrip-

1957 3638 2486 3707 seram,inquireret
2522 3650 2586 3690 ac
2615 3635 2849 3689 videret.
2885 3633 3144 3688 Parentes
3176 3633 3296 3700 ejus
3322 3634 3552 3687 libenter

1957 3740 2011 3784 et
2029 3729 2225 3798 cupide
2267 3729 2632 3783 conditionem
2667 3733 3028 3796 acceperunt,
3061 3732 3117 3778 et
3141 3726 3207 3778 ad
3237 3739 3350 3778 rem
3382 3723 3551 3794 perﬁ-

1956 3821 2206 3874 ciendam
2239 3819 2412 3887 parati
2437 3827 2612 3872 erant.
2639 3815 2798 3870 Nulla
2831 3816 2977 3870 enim
3007 3815 3112 3869 alia
3152 3831 3238 3868 res
3281 3815 3333 3869 id
3355 3815 3552 3884 conju-

1958 3912 2104 3980 gium
2129 3911 2474 3975 impediebat,
2499 3910 2604 3964 nisi
2631 3910 2776 3978 quod
2807 3909 3090 3970 amerissa,
3119 3909 3240 3961 vivo
3266 3909 3550 3962 etiamtum

1956 4016 2140 4056 amera
2197 4001 2450 4070 conjuge,
2496 3999 2768 4054 atPDeum
2817 4008 3034 4067 precata
3084 4001 3468 4064 constituerat,
3508 3997 3554 4052 si

1960 4094 2102 4149 Deus
2117 4109 2230 4164 quo
2263 4094 2475 4148 tandem
2501 4107 2719 4162 cunque
2745 4091 2902 4147 modo
2935 4091 3219 4146 liberasset
3242 4107 3348 4146 see
3381 4093 3554 4145 mani-

1958 4187 2058 4241 bus
2090 4186 2401 4256 impiorum,
2434 4184 2527 4240 alii
2562 4183 2777 4240 netuini.
2803 4200 2897 4255 per
2932 4194 3096 4239 totam
3129 4185 3292 4238 vitam
3319 4185 3548 4248 nubere,

1956 4277 2049 4331 sed
2087 4278 2139 4330 in
2169 4276 2417 4331 castitate
2456 4277 2726 4346 virginali,
2759 4281 2903 4346 quod
2933 4285 3164 4330 restaret
3191 4277 3334 4338 vitaz,
3379 4287 3550 4330 trans-

1957 4369 2104 4438 igere
2154 4378 2208 4422 ct
2239 4384 2338 4437 pro
2368 4367 2573 4422 viribus
2605 4367 2734 4434 Deo,
2787 4369 3067 4424 liberatori
3107 4383 3227 4432 suo,
3270 4371 3501 4423 servire.

2038 4448 2296 4531 Ejusdem
2349 4461 2478 4514 anni
2508 4476 2699 4516 mense
2720 4461 2974 4532 Augusto
3009 4477 3074 4516 ex
3109 4463 3245 4516 urbe
3279 4462 3553 4532 pro'lugus

1971 4554 2103 4608 abiit
2127 4554 2426 4624 Gregorius
2455 4555 2792 4624 patriarcha,
2833 4564 2998 4626 atque
3029 4571 3133 4626 ego
3174 4557 3261 4610 die
3295 4558 3363 4610 14
3396 4572 3552 4609 tuen-

1971 4648 2049 4702 sis
2100 4647 2442 4716 Septembris
2502 4648 2632 4701 anni
2665 4648 2807 4703 6960
2845 4649 3058 4717 Cpolim
3106 4649 3308 4704 reverti
3338 4650 3392 4700 in
3429 4649 3552 4703 navi

1971 4741 2074 4794 viri
2116 4741 2307 4810 optimi
2372 4741 2598 4794 Antonii
2663 4738 2848 4807 Ritzi,
2900 4740 3147 4811 ejusdem
3207 4745 3299 4810 qui
3363 4752 3551 4810 postea

1972 4842 2194 4904 propter
2228 4832 2386 4886 ﬁdem
2417 4832 2625 4887 Christi
2658 4835 2982 4903 martyrium
3019 4833 3264 4902 pertulit.

2041 4925 2099 4979 2.
2125 4923 2350 4980 Confeci
2382 4925 2547 4994 igitur
2565 4925 2881 4995 conjugium
2909 4924 3178 4988 inlberia,
3205 4934 3262 4979 ut
3290 4924 3551 4980 dominus

1974 5034 2130 5074 meus
2191 5020 2338 5073 illius
2365 5020 2510 5089 regis
2573 5019 2741 5072 tiliam
2788 5018 3038 5072 duceret.
3073 5015 3343 5072 Noveram
3377 5019 3546 5081 enim,

1972 5113 2311 5168 connubium
2346 5113 2610 5168 lbericum
2647 5123 2908 5182 praestare
2954 5113 3346 5184 Trapezuntio.
3376 5114 3548 5169 Nam-

1972 5219 2077 5273 que
2106 5204 2178 5257 ita
2220 5204 2354 5256 mihi
2390 5203 2605 5256 dixerat
2646 5203 2929 5257 lbcrorum
2960 5217 3052 5257 rex
3086 5221 3099 5257 :
3143 5203 3341 5257 «Nobis
3375 5204 3548 5256 moris

1971 5312 2078 5349 non
2117 5305 2221 5360 est,
2256 5305 2314 5349 ut
2368 5295 2548 5348 dotem
2583 5297 2715 5348 dent
2745 5294 2960 5349 femina
2997 5295 3150 5358 viris,
3198 5296 3400 5363 quibus
3447 5310 3548 5347 nu-

1968 5398 2146 5457 plura:
2172 5399 2322 5448 sunt,
2343 5387 2436 5441 sed
2459 5387 2558 5440 viri
2579 5385 2853 5442 feminis.»
2882 5387 2992 5456 Ego
3017 5387 3276 5456 prtefatus
3306 5383 3544 5447 veniam,

1971 5496 2249 5549 nunquam
2279 5496 2364 5534 me
2394 5480 2462 5534 de
2490 5480 2595 5534 isto
2641 5495 2792 5533 more
2824 5479 3075 5550 autlege,
3123 5479 3342 5547 qualem
3383 5477 3551 5544 maje-

1972 5582 2089 5625 stas
2123 5571 2296 5639 ipsius
2323 5571 2552 5634 diceret,
2579 5571 2805 5626 audisse
2837 5572 3113 5641 respondi.
3138 5569 3277 5624 Tum
3306 5583 3398 5621 rex
3422 5568 3552 5620 sub-

1971 5667 2155 5720 ridens
2176 5675 2233 5720 et
2255 5665 2415 5734 quasi
2445 5666 2653 5719 mirans
2677 5666 2841 5718 verba
2877 5681 2996 5720 mea
3022 5683 3035 5719 :
3070 5663 3316 5722 «Scisne,
3349 5661 3550 5727 inquit,

1974 5759 2056 5811 vir
2103 5759 2568 5823 honoratissime,
2605 5758 2739 5827 quid
2777 5773 3006 5826 magnus
3047 5757 3191 5808 dicat
3229 5752 3502 5805 Caesarius
3528 5751 3554 5802 ?

1971 5849 2322 5905 Diversarum
2343 5849 2584 5919 gentium
2609 5865 2789 5905 mores
2809 5860 2861 5905 et
2878 5847 3132 5904 instituta
3151 5845 3434 5914 exlilicans
3495 5859 3552 5915 in
