4066 6296
547 343 656 423 819

1794 362 2127 425 GEORGII
2165 362 2588 426 PHRANTZIE

3716 368 3842 429 830

552 466 818 537 γούμενος
846 468 904 520 ἐν
925 469 1161 540 ἐπιτομῇ
1191 470 1368 529 τοιάδε
1405 470 1627 538 φάσκειο
1671 473 1758 527 Ἐν
1785 477 1992 546 ἑκάστῃ
2014 476 2126 548 γάρ
2156 481 2203 541 Α
2234 479 2413 548 μελῶς
2442 480 2539 534 καὶ
2567 479 2950 552 ἐκτρέφουσιν.
2980 478 3165 543 οὕτως
3200 482 3295 535 καλ⁹
3320 481 3387 534 τά
3430 479 3709 544 ἐνταῦθα,
3748 478 3840 541 ὡς

549 557 706 628 χώρᾳ
736 559 830 611 καὶ
850 558 1061 611 ἔθνεσιν
1081 559 1140 611 ἐν
1162 564 1275 620 τοῖς
1307 561 1406 630 μὲν
1434 564 1731 632 ἐγγράφως
1759 565 1922 635 νόμος
1944 568 2118 632 ἐστὶν,

551 649 611 698 ἐν
633 649 745 709 τοῖς
776 647 833 700 δέ
863 647 1030 717 218
1056 648 1325 718 ἀγράφως
1352 652 1444 703 καὶ
1486 654 1777 723 συνήθειαο
1811 656 1972 725 νόμος
2009 657 2125 727 γὰρ

548 732 618 785 τά
642 733 851 802 πάτρια
873 734 1021 787 δοκεῖ
1050 732 1210 793 εἶναι.
1246 738 1335 802 Ὦς
1360 741 1578 811 πρῶτον
1602 744 1773 814 Σῆρες
1803 748 1851 797 οἱ
1873 748 1931 799 τὸ
1952 747 2124 816 ἀκρον

547 826 650 894 τῆς
679 826 785 896 γῆς
840 828 1119 893 οίκοῦντες
1148 831 1348 901 νόμους
1397 832 1582 903 ἔχουσι
1629 836 1697 888 τά
1747 838 1953 906 πάτρια
1997 840 2121 907 ἔθη.

554 918 630 990 μὴ
665 921 953 991 πορνεύειν
1003 922 1036 992 ἢ
1088 925 1344 978 κλέπτειν
1389 926 1422 994 ἢ
1473 926 1736 999 λοιδορεῖν
1784 930 2120 999 ἢφονεύειν.

552 1010 737 1078 Νόμος
772 1012 829 1069 δὲ
866 1013 1018 1085 παρὰ
1046 1016 1461 1088 Βακτριανοῖςὴ
1493 1020 1556 1072 ἐκ
1584 1022 1869 1089 προγόνων
1902 1024 2123 1075 παιδεία

551 1100 653 1153 καὶ
681 1101 952 1170 εὐσέϐεια,
992 1104 1066 1173 μὴ
1114 1106 1460 1175 κρεωφαγεῖν
1506 1108 1538 1177 ἢ
1594 1111 1895 1163 οἰνοποτεῖν
1946 1110 1977 1181 ἢ
2024 1112 2123 1164 λα·-

554 1191 772 1258 γνεύειν
820 1192 854 1264 ἦ
904 1182 1134 1251 παντοῖα
1168 1198 1313 1249 κακά
1356 1198 1803 1269 διαπράττεσθαι,
1845 1202 2019 1255 καίτοι
2059 1220 2120 1268 γε

557 1281 665 1333 τῶν
690 1286 1115 1356 παρακειμένων
1150 1287 1336 1346 αὐτοῖς
1370 1288 1829 1351 Ἰνδῶν’τάναντία
1859 1293 2127 1361 διαπρατ-

555 1373 799 1440 τομένων
828 1374 1025 1437 ἀδεῶς.
1069 1376 1160 1428 Ἐν
1190 1377 1246 1430 δὲ
1275 1380 1393 1440 τοῖς
1441 1380 1739 1451 ἐνδοτέροις
1773 1384 1965 1452 μέρεσι
2000 1385 2125 1437 τού-

556 1478 665 1513 των
724 1462 1151 1531 ἀνθρωποφάγοι
1204 1465 1312 1517 είσὶ
1367 1468 1460 1519 καὶ
1508 1469 1633 1530 τοὺς
1685 1470 2127 1536 ἐπιξενωμένους

557 1549 919 1615 ἀναιροῦντες
967 1553 1234 1607 ἐσθίουσι.
1268 1555 1448 1624 Νόμος
1485 1557 1777 1621 Χαλδαίοις
1811 1561 1906 1612 καὶ
1951 1560 2128 1613 Βαϐυ-

558 1639 770 1702 λωνίοις
833 1643 1122 1710 ἀσελγείας
1174 1645 1271 1697 καὶ
1339 1647 1735 1717 αἰσχρουργίας
1796 1648 2123 1719 ἀνάμεστος.

563 1730 757 1792 ’Λλλος
789 1730 846 1783 δὲ
873 1736 1026 1802 παρὰ
1056 1733 1320 1801 Πηλαίοις
1351 1735 1535 1804 νόμος.
1559 1738 1825 1803 γυναῖκας
1859 1742 2129 1809 γεωργεῖν

562 1822 657 1873 καὶ
705 1822 1014 1890 οἰκοδομεῖν
1044 1826 1139 1877 καί
1167 1824 1236 1877 τά
1266 1825 1376 1878 τῶν
1413 1826 1625 1896 ἀνδρῶν
1661 1829 1945 1896 πράττειν,
1978 1807 2129 1882 »ἀλλὰ
2159 1807 2204 1865 Β

560 1911 656 1962 καὶ
688 1912 976 1979 πορνεύειν
1030 1914 1104 1976 ὡς
1147 1914 1450 1983 βούλονται,
1502 1915 1579 1987 μὴ
1633 1918 1978 1986 κωλυόμενοιι
2025 1921 2131 1972 ὑπὸ

557 2002 671 2055 τῶν
701 2003 911 2074 ἀνδρῶν
941 2005 1122 2059 αὐτῶν
1155 2008 1456 2071 παντελῶςο
1494 2008 1551 2062 ἐν
1587 2004 1677 2073 αἷς
1703 2011 2014 2081 ὑπάρχουσι
2036 2012 2130 2064 καὶ

560 2082 817 2146 πλεῖσται
872 2096 1318 2167 πολεμικώταται
1357 2100 1455 2152 καὶ
1505 2099 1752 2171 θηρῶσαι
1785 2103 1852 2155 τὰ
1890 2104 1966 2174 μὴ
2011 2104 2133 2157 λίαν

564 2183 900 2254 ἰσχυρότατα
928 2187 1038 2239 τῶν
1069 2187 1297 2259 θηρίων.
1340 2190 1428 2243 Ἐν
1458 2189 1759 2263 Βρεταννίᾳ
1792 2192 1847 2244 δὲ
1891 2193 2132 2245 πλεῖστοι

559 2273 670 2328 τῶν
702 2276 914 2346 ἀνδρῶν
938 2280 1041 2348 μιᾷ
1073 2280 1505 2345 συγκαθεύδουσι
1536 2282 1775 2350 γυναικὶ,
1814 2285 1907 2336 καὶ
1939 2283 2132 2337 πολλαὶ

561 2365 821 2430 γυναῖκες
854 2367 934 2420 ἐνὶ
977 2369 1344 2439 ἐταιρίξονται
1369 2372 1541 2440 ἀνδρί.
1576 2375 1642 2426 Ai
1671 2374 1986 2442 Ἀμαζῶναι
2035 2378 2133 2444 μέν

564 2471 697 2509 ποτε
722 2458 902 2529 καιρῷ
946 2459 1149 2535 ἄνδρας
1195 2462 1295 2515 οὐκ
1325 2462 1563 2533 είχασιν,
1601 2464 1720 2517 ἀλλ’
1743 2465 1818 2526 ὡς
1860 2465 1927 2520 τά
1964 2465 2135 2533 ἄλογα

564 2548 680 2613 ζῶα
711 2548 860 2614 ἅπαξ
881 2549 981 2604 τοῦ
1010 2552 1261 2607 ἐνιαυτοῦ
1300 2556 1431 2625 περὶ⁵
1456 2555 1556 2625 τὴν
1591 2556 1812 2627 ἐαρινὴν
1840 2557 2133 2628 ίσημερίαν

562 2640 853 2711 ὑπερόριοι
879 2643 1147 2710 γίνονται,
1175 2647 1270 2699 καὶ
1298 2647 1632 2717 μιγνύμεναι
1667 2651 1781 2711 τοῖς
1825 2649 2135 2717 γειτνιῶσιν

562 2733 829 2805 ἀνδράσιν
860 2736 936 2801 ὡς
991 2732 1302 2810 πανήγυρίν
1350 2756 1479 2794 τινα
1514 2741 1612 2794 καὶ
1648 2742 1894 2814 μεγάλην
1941 2743 2134 2812 ἑορτὴν

548 2823 645 2894 τῷ
673 2826 853 2897 καιρῷ
888 2828 1084 2899 ἐκείνῳ
1132 2828 1416 2899 ἡγοῦνται·
1453 2832 1513 2898 ἐξ
1561 2826 1636 2887 ὧν
1686 2834 1782 2888 καὶ
1825 2836 1883 2887 ἐν
1936 2835 2135 2906 γαστρὶ

569 2916 1044 2987 συλλαμϐάνουσαι
1072 2921 1239 2991 219
1262 2922 1689 2993 παλινδρομοῦσι
1726 2926 1909 2980 οἴκαδε
1939 2928 2135 2981 πᾶσαν

564 3008 645 3080 τῷ
668 3010 724 3063 δὲ
759 3012 941 3081 καιρῷ
981 3015 1080 3082 τῆς
1113 3016 1477 3084 ἀποκυήσεως
1503 3018 1571 3071 τὰ
1614 3018 1711 3088 μὲν
1745 3020 1952 3091 ἄρρενα
1982 3019 2137 3089 φθεί-

2225 567 2379 625 εῐπόν
2412 588 2522 638 σσι,
2547 572 2787 643 ὑπάρχει
2824 573 2856 641 ἡ
2898 573 3145 642 ἡμετέρα
3174 572 3453 641 συνήθεια,
3486 569 3564 633 ὥς
3618 570 3843 633 καθὼς

2226 663 2320 715 καὶ
2345 661 2509 725 αὐτὸς
2542 662 2759 732 μέλλεις
2796 661 2989 731 μαθεῖν
3022 662 3176 730 παρά
3203 661 3539 726 ἀξιοπίστων
3567 659 3836 728 ἀνδρῶν,

2227 756 2335 809 Καὶ
2371 754 2447 824 μὴ
2478 754 2752 823 θαύμαζε,
2779 754 3079 824 τιμιὼτατε
3112 754 3245 820 άνερ
3274 752 3380 822 κὺρ
3406 752 3679 821 Γεὼργιε.
3714 752 3833 804 Διά

2225 848 2385 901 τοῦτο
2434 849 2698 916 ποιοῦμεν
2732 848 2794 900 τὺ
2848 846 3024 916 παρὸν
3064 845 3405 900 συωικέσιον
3456 843 3576 913 μετ’
3617 842 3832 905 αἰδοῦς

2226 941 2320 999 καὶ
2350 940 2450 994 οὐκ
2479 939 2841 1009 ἀσυμὼύλως
2873 938 3006 1003 τῶν,
3043 939 3139 992 καὶ
3171 936 3483 1006 ὑπόσχομαι
3508 934 3716 995 δοῦναι
3754 936 3825 1001 τῇ

2226 1032 2456 1102 θυγατρί
2494 1049 2595 1101 μου
2623 1030 2755 1084 ἀνευ
2787 1029 2895 1082 τῶν
2924 1027 3241 1096 πολυτίμων
3274 1025 3483 1080 σκευῶν
3526 1023 3825 1093 ἀργυρίου

2226 1122 2321 1176 καὶ
2372 1122 2597 1192 χρυσίου
2648 1124 2744 1176 καὶ
2793 1120 2956 1174 λίθων
3009 1119 3324 1189 πολυτίμων
3360 1119 3455 1179 καὶ
3508 1116 3826 1187 μανακίων

2224 1212 2622 1282 διαμαργάρων
2651 1214 2745 1265 καὶ
2774 1211 3001 1282 χρυσίου
3029 1212 3124 1263 καὶ
3159 1210 3362 1278 ἐτέρων
3398 1209 3585 1271 λίθων,
3627 1208 3824 1276 χωρὶς

2225 1301 2335 1353 τῶν
2360 1303 2673 1372 ἐνδυμάτων
2701 1305 2794 1355 καὶ
2812 1302 3156 1373 ὑφασμάτων
3181 1301 3478 1355 πολυειδῶν
3504 1302 3587 1363 είς
3613 1301 3789 1367 ὑπηρ
3807 1328 3821 1337 -

2227 1395 2382 1445 εσίαν
2413 1394 2604 1463 αὑτῆς,
2629 1395 2724 1446 καὶ
2750 1393 2927 1463 πάρεξ
2956 1393 3163 1446 τούτων
3194 1394 3374 1463 χρυσᾶ
3397 1392 3597 1460 νούμια
3619 1390 3819 1459 χιλιά-

2226 1482 2691 1551 δαςςπεντήκοντα
2723 1483 2822 1536 καὶ
2875 1482 2955 1555 ἐξ.
2995 1483 3116 1535 Ἔτι
3147 1481 3203 1534 δὲ
3248 1482 3342 1537 καὶ
3373 1482 3493 1534 κατ’
3529 1482 3653 1543 ἔτος
3710 1479 3822 1548 ἔχῃ

2227 1576 2420 1645 ἐτέρας
2451 1574 2698 1645 χιλιάδας
2733 1576 2886 1644 τρεῖς
2922 1574 3019 1628 τοῦ
3074 1574 3254 1626 ποιεῖν
3296 1572 3669 1643 ἐλεημοσύνας
3732 1572 3823 1631 είς

2228 1668 2500 1737 πτωχοὺς,
2529 1666 2625 1720 καὶ
2654 1666 2788 1719 ὅπου
2821 1665 2869 1719 δ’
2914 1666 2981 1721 ἂν
3011 1664 3138 1735 δόξῃ
3187 1665 3347 1735 αὐτῇ.
3396 1664 3463 1729 Σὲ
3512 1663 3569 1717 δέ
3619 1663 3822 1716 ἀκούω

2230 1753 2376 1824 ἐχειν
2402 1755 2591 1808 παιδία
2626 1754 2739 1808 δύο.
2774 1754 2847 1808 Τὸ
2880 1754 2981 1823 μὲν
3016 1754 3188 1825 άρῤεν
3227 1755 3255 1807 ὁ
3291 1752 3543 1823 βασιλεὺς
3576 1753 3821 1819 ἀνεγὲν-

2236 1864 2367 1916 νησε
2399 1846 2490 1901 διὰ
2524 1844 2619 1899 τοῦ
2652 1845 2798 1898 θείου
2839 1845 3242 1917 βαπτίσματος,
3305 1845 3401 1897 καὶ
3433 1843 3596 1897 αὐτοῦ
3626 1846 3822 1899 ἐκεῖνο

2234 1939 2349 1992 ἐστι
2381 1940 2474 1994 καὶ
2500 1940 2676 1994 ἔσται’
2708 1939 2768 1993 τὸ
2796 1939 2854 1993 δὲ
2883 1939 3018 2009 θῆλυ
3048 1939 3186 1992 ἔστω
3230 1940 3293 1990 ἐκ
3338 1938 3436 2013 τῆς
3465 1937 3710 2007 σήμερον
3742 1940 3814 2004 τῇ

2234 2031 2466 2103 θυγατρί
2497 2050 2623 2103 μου,
2645 2032 2680 2103 ἢ
2716 2032 2808 2088 καὶ
2829 2031 3095 2101 ὀφειλέτω
3124 2029 3218 2091 τοῦ
3241 2028 3614 2099 ὑπανδρεῢσαι
3643 2028 3810 2090 αὐτὸ,

2233 2122 2372 2176 ὅπου
2419 2121 2465 2175 δ’
2498 2124 2565 2175 ἂν
2597 2121 2661 2175 σὺ
2699 2121 2894 2193 κρίνῃς
2924 2118 3068 2173 εῖναι
3098 2119 3248 2185 άξιον
3276 2119 3463 2173 τόπον.
3512 2119 3622 2175 Καὶ
3673 2118 3815 2171 ὅταν

2234 2210 2394 2282 ἔλθῃς
2426 2211 2522 2265 σὺν
2547 2211 2669 2280 Θεῷ
2695 2207 2828 2279 ἆραι
2853 2209 3047 2282 αὐτὴν,
3071 2210 3197 2264 τότε
3224 2209 3475 2265 ἐπιδώσω
3502 2225 3584 2260 σοι
3609 2209 3816 2277 φορτία

2236 2302 2466 2375 σηρικοῢ
2518 2303 2793 2373 τέτταραο
2827 2304 2943 2356 ἐστι
2998 2303 3106 2373 γὰρ
3157 2302 3191 2373 ἡ
3248 2300 3455 2370 μέταξα
3484 2288 3667 2370 ἐκείνη
3706 2300 3815 2353 οὐκ

2235 2395 2502 2464 ἐξίτηλος,
2528 2397 2624 2448 καὶ
2652 2394 2727 2459 ὡς
2763 2395 3107 2465 ἠκούσαμεν,
3140 2393 3442 2463 πράττεται
3475 2391 3536 2447 τὸ
3584 2392 3815 2463 φορτίον

2236 2487 2323 2551 διὰ
2357 2485 2579 2556 χρυσῶν
2609 2485 2850 2556 νουμίων
2878 2485 3277 2539 πεντακοσίων.
3320 2503 3341 2535 ι

2309 2577 2474 2649 220
2520 2576 2608 2642 Ὦς
2633 2575 2729 2629 οὖν
2771 2576 2949 2629 πάντα
2985 2576 3055 2628 τά
3098 2577 3156 2628 ἐν
3202 2579 3269 2646 τῇ
3299 2576 3511 2650 Ἰϐηρίᾳ
3538 2582 3635 2634 καὶ
3662 2578 3811 2649 Τρα-

2240 2669 2501 2737 πεζοῦντι
2529 2667 2884 2731 καταλεπτῶς
2918 2667 3303 2739 ἐδιηγησάμην
3332 2669 3410 2738 τῷ
3456 2669 3670 2740 βασιλεῖ
3712 2670 3813 2721 καὶ

2241 2762 2477 2833 αὐθέντῃ
2505 2778 2609 2829 μου
2650 2761 2727 2824 ὡς
2760 2758 2989 2825 ἄνωθεν,
3022 2762 3287 2831 ἠρώτησα
3320 2762 3512 2829 μαθεῖν
3542 2762 3637 2813 καὶ
3676 2762 3810 2829 περὶ

2238 2855 2334 2908 τοῦ
2366 2858 2465 2926 τῆς
2494 2855 2725 2924 Σερὸίας
2758 2854 3097 2906 συνοικεσίου
3127 2872 3139 2884 ·
3176 2856 3269 2908 καὶ
3318 2853 3644 2925 ἀποκριθεὶς
3685 2847 3810 2906 εἶπέ

2242 2962 2357 3019 μοι’
2396 2965 2414 2998 ι
2449 2948 2592 3015 Ἐγὼ
2639 2964 2721 2999 σοι
2753 2947 2955 3019 ὀφείλω
2983 2946 3157 3001 πολλὰ
3186 2945 3275 3013 διὰ
3303 2946 3404 3016 τὴν
3429 2947 3567 3017 πρός
3607 2962 3674 3015 με
3707 2942 3809 3012 σὴν

2241 3037 2463 3107 ἀγάπην
2495 3038 2591 3089 καὶ
2621 3037 2807 3090 πίστιν
2839 3036 3116 3090 παιδιόθεν
3143 3037 3235 3093 καὶ
3263 3036 3363 3107 τὴν
3388 3036 3660 3111 τοσαύτην
3687 3034 3807 3087 δου-

570 3119 749 3173 Ρουσιο
781 3108 850 3159 τά
887 3105 943 3159 δὲ
973 3106 1109 3176 θῆλυ
1155 3106 1488 3176 ζωογονοῦσι
1530 3110 1631 3205 καῖ
1667 3110 1977 3182 τιθηνοῦσιν
2016 3112 2135 3164 έπι·
2164 3134 2210 3191 c
2245 3105 2496 3196 λοσύνην·
2525 3126 2665 3180 άλλά
2692 3128 2850 3181 τοῦτο
2883 3126 2948 3198 δὴ
2979 3126 3165 3180 πλεῖον
3192 3105 3438 3198 σήμερον
3466 3127 3528 3183 τὸ
3553 3127 3650 3207 τῆς
3679 3126 3807 3197 Σερ-

567 3305 734 3360 breve
764 3314 1042 3362 contracta
1058 3307 1174 3362 hazc
1190 3309 1373 3365 docet.
1408 3309 1837 3367 Cuivisterraeet
1865 3312 2011 3382 genti
2050 3322 2143 3368 aut

569 3396 768 3466 scripta
788 3397 875 3452 lex
890 3405 974 3452 est
990 3406 1084 3452 aut
1102 3414 1207 3454 non
1228 3400 1429 3470 scripta
1448 3409 1501 3454 et
1517 3392 1669 3456 more
1686 3403 2005 3458 constituta.
2032 3401 2141 3457 Lex

569 3487 718 3540 enim
747 3502 871 3543 esse
899 3489 1154 3545 videntur
1180 3491 1357 3561 patria
1377 3492 1649 3557 instituta,
1676 3492 2138 3562 quemadmodum

569 3580 831 3649 primum,
867 3581 961 3651 qui
1010 3582 1065 3635 in
1100 3590 1348 3636 extremo
1381 3584 1517 3638 orbe
1567 3584 1835 3643 habitant,
1871 3584 2032 3640 Seres
2064 3585 2142 3641 le-

570 3684 697 3739 gum
730 3671 853 3725 loco
876 3673 1051 3742 patria
1102 3673 1352 3727 instituta
1390 3675 1615 3740 habent,
1666 3690 1733 3729 ne
1773 3676 2141 3740 mmchentur,

570 3772 664 3816 aut
696 3761 968 3831 furentur,
1006 3772 1101 3819 aut
1133 3765 1563 3832 calumnientur,
1595 3776 1689 3820 aut
1717 3765 1997 3821 occidant.
2035 3766 2141 3821 Lex

569 3864 652 3909 est
679 3856 822 3925 apud
851 3856 1172 3912 Bactrianos
1199 3872 1229 3911 a
1268 3858 1567 3927 majoribus
1601 3867 1823 3927 accepta
1850 3858 2141 3928 disciplina

567 3956 623 4000 et
646 3948 840 4015 pietas,
875 3963 943 4003 ne
979 3949 1240 4004 carnibus
1268 3960 1563 4005 vescantur
1588 3959 1684 4004 aut
1703 3950 1896 4004 bibant
1928 3951 2143 4015 vinum,

571 4054 705 4093 neve
729 4039 942 4095 libidini
975 4042 1060 4094 vel
1095 4041 1189 4097 ulli
1219 4042 1406 4115 generi
1441 4042 1730 4113 pravitatis
1756 4042 1942 4097 locum
1974 4041 2146 4096 relin-

572 4140 770 4197 quant,
825 4147 950 4203 cum
1011 4134 1225 4188 ﬁnitimi
1260 4134 1371 4191 illis
1418 4134 1536 4189 ludi
1590 4135 1819 4204 impune
1866 4135 2145 4189 contraria

574 4231 772 4291 agant:
803 4238 1041 4294 quorum
1069 4225 1165 4297 qui
1197 4225 1254 4280 in
1309 4227 1630 4297 regionibus
1657 4227 2016 4299 interioribus
2047 4227 2146 4282 lia-

569 4313 769 4380 bitant,
822 4315 1259 4385 anthropophagi
1313 4324 1444 4373 sunt
1488 4326 1544 4373 et
1571 4316 1816 4373 advenas
1880 4318 2146 4372 occidunt

572 4409 998 4479 comeduntque.
1031 4408 1303 4464 Chaldaeis
1342 4418 1397 4464 et
1425 4408 1738 4481 Babyloniis
1780 4411 1864 4465 lex
1903 4412 2146 4465 lascivia).

2244 3310 2407 3363 etiam
2447 3309 2602 3363 nobis
2637 3309 2747 3372 hic,
2782 3318 2840 3363 ut
2873 3308 2968 3362 tibi
3005 3307 3143 3373 dixi,
3179 3318 3368 3363 nostra
3398 3315 3484 3362 est
3516 3317 3813 3362 consuetu-

2244 3399 2333 3463 do,
2368 3401 2418 3455 id
2463 3403 2605 3470 quod
2636 3415 2665 3452 a
2701 3401 2829 3454 viris
2863 3401 2965 3455 ﬁde
2996 3401 3175 3471 dignis
3225 3400 3427 3469 poteris
3458 3413 3810 3471 cognoscere.

2248 3492 2446 3548 Verum
2482 3509 2550 3547 ne
2601 3494 2822 3557 mirare,
2850 3494 2933 3546 vir
2960 3493 3380 3555 honoratissime
3404 3491 3632 3561 Georgi:
3662 3506 3814 3567 pra:-

2248 3603 2374 3642 sens
2403 3588 2598 3641 horum
2628 3584 2964 3641 connubium
3018 3595 3342 3641 reverenter
3375 3599 3472 3641 nec
3497 3584 3813 3640 inconsulto

2248 3678 2612 3746 instituimus,
2676 3665 3078 3747 polliceorque,‘
3126 3687 3326 3747 prteter
3382 3674 3675 3745 pretiosam
3725 3690 3808 3728 ar-

2248 3771 2395 3841 genti
2430 3780 2482 3824 et
2509 3770 2627 3824 auri
2669 3769 3055 3840 supellectilem
3079 3812 3094 3836 ,
3132 3779 3329 3838 praeter
3352 3784 3603 3841 gemmas
3623 3778 3677 3825 et
3699 3782 3799 3821 mo-

2251 3864 2380 3917 nilia
2408 3862 2740 3933 margaritis,
2779 3878 2916 3918 auro
2942 3870 2996 3915 et
3027 3862 3223 3930 lapillis
3256 3861 3592 3927 Composita,
3623 3868 3797 3931 praeter

2250 3964 2432 4009 vestes
2483 3964 2537 4008 et
2574 3954 2780 4010 textilia
2819 3955 2955 4008 varii
2986 3954 3224 4023 generis,
3261 3954 3435 4023 ipsnts
3497 3952 3619 4009 usui
3648 3950 3806 4007 desti-

2250 4056 2401 4111 nata,
2430 4054 2625 4116 przcter
2654 4047 2766 4100 haec
2800 4045 2970 4117 igitur
3002 4045 3252 4101 daturum
3278 4061 3361 4100 me
3389 4060 3510 4103 esse
3538 4058 3806 4099 nummum

2250 4150 2542 4191 aureorum
2574 4134 2966 4204 quinquaginta
2987 4149 3079 4189 sex
3110 4134 3298 4188 millia.
3332 4134 3411 4185 Ad
3437 4134 3553 4188 hrec
3574 4135 3625 4186 in
3646 4146 3808 4185 annos

2252 4226 2501 4295 singulos
2550 4225 2912 4296 accipiet'alia
2940 4240 3226 4279 aureorum
3251 4225 3354 4280 tria
3386 4224 3578 4289 millia,
3606 4238 3721 4291 quae
3752 4223 3803 4275 in

2253 4320 2423 4388 stipes
2459 4333 2759 4389 pauperum
2817 4327 2912 4371 aut
2958 4317 3326 4388 quodcunque
3364 4317 3468 4386 ipsi
3522 4315 3806 4379 videbitur,

2254 4411 2554 4483 impendat.
2589 4407 2664 4464 Te
2694 4419 2874 4465 autem
2934 4410 3070 4464 duos
3122 4410 3324 4465 habere
3372 4409 3579 4463 liberos
3629 4408 3805 4469 audio,

570 4508 627 4556 ct
654 4501 1007 4571 turpitudinis
1030 4501 1207 4569 plena.
1228 4502 1384 4570 Apud
1411 4502 1614 4557 Pclzeos
1636 4512 1816 4557 autem
1844 4504 1930 4555 lex
1967 4512 2145 4567 est,ut
2180 4495 2223 4553 D
2253 4518 2485 4570 quorum
2511 4503 2814 4557 masculum
2859 4502 3156 4577 imperator
3197 4517 3227 4555 c
3271 4515 3429 4555 sacro
3452 4499 3600 4554 fonte
3630 4514 3807 4554 susce-

572 4595 838 4650 muliercs
855 4609 1013 4665 agros
1034 4594 1217 4647 colant
1233 4604 1289 4649 et
1312 4594 1505 4651 domos
1526 4594 1796 4650 aedificent
1825 4596 2146 4663 caeterisque

572 4689 816 4743 virorum
870 4687 1129 4758 operibus
1178 4688 1502 4757 fungantur,
1555 4700 1609 4741 at
1656 4703 1788 4743 vero
1816 4689 1981 4742 etiam
2016 4704 2152 4744 mm-

573 4779 830 4847 cltentur,
856 4790 1121 4851 quantum
1154 4780 1305 4846 libet,
1342 4795 1370 4832 a
1410 4780 1544 4835 viris
1575 4778 1733 4849 plane
1759 4795 1864 4834 non
1915 4780 2147 4851 impedi-

573 4883 642 4927 tu:
668 4893 682 4928 :
712 4875 767 4928 in
798 4874 1001 4945 quibus
1034 4873 1169 4928 adeo
1199 4874 1446 4945 plurimae
1478 4872 1911 4928 bellicosissima),
1939 4882 2150 4929 suntac

576 4968 783 5023 bestias
809 4983 913 5022 non
937 4969 1095 5037 plane
1116 4966 1491 5022 validissimas
1515 4974 1806 5020 venantur.
1843 4965 1902 5021 ltt
1934 4965 2152 5019 Britan-

578 5061 864 5115 niaautetn
895 5061 1139 5129 plerique
1164 5059 1265 5111 viri
1298 5058 1392 5111 uni
1424 5058 1794 5121 concumbunt
1822 5059 2057 5123 mulieri,
2098 5068 2151 5111 et

578 5152 765 5207 multa:
811 5152 1070 5207 mulieres
1121 5152 1214 5205 uni
1247 5150 1390 5205 viro.
1422 5151 1730 5204 Amazones
1778 5150 1907 5205 olim
1939 5150 2152 5204 maritis

578 5244 843 5298 carebant
874 5259 938 5298 ac
983 5243 1285 5298 bestiarum
1354 5241 1533 5297 instar
1587 5243 1759 5297 semel
1824 5242 2146 5313 quotannis,

576 5338 721 5391 circa
779 5350 1005 5389 vernum
1066 5335 1474 5404 :equinoctium,
1528 5336 1785 5390 etinibns
1833 5350 2067 5405 egressae
2099 5346 2150 5388 et

579 5426 1004 5479 concumbcntcs
1059 5439 1184 5480 cum
1245 5424 1378 5480 viris
1433 5426 1706 5491 ﬁnitimis,
1739 5426 1897 5495 quasi
1949 5424 2148 5480 festum

578 5517 869 5588 quemdam
919 5527 1245 5581 conventum
1273 5518 1666 5578 celebrabant:
1700 5517 1843 5572 unde
1872 5518 2154 5586 conceptis
2186 5556 2194 5561 .

580 5610 784 5666 fetibus
808 5620 1023 5665 cuuclze
1046 5612 1266 5665 domum
1288 5626 1347 5665 se
1379 5611 1759 5681 recipiebant;
1800 5611 1995 5665 deinde
2024 5625 2147 5663 cum

580 5711 797 5769 partum
834 5701 1158 5768 edidissem,
1219 5717 1396 5756 mares
1424 5701 1713 5765 necabant,
1754 5698 1988 5753 feminas
2018 5713 2151 5752 con-

584 5796 904 5860 scrvabaut,
956 5797 1241 5865 diligenter
1292 5795 1562 5850 iactabant
1601 5792 2029 5864 educabantquc.
2092 5791 2146 5846 Si

2254 4595 2361 4663 pit;
2393 4594 2437 4648 is
2472 4595 2633 4665 igitur
2659 4594 2808 4650 illius
2826 4594 3164 4664 esteritque;
3198 4603 3251 4648 at
3278 4593 3537 4663 puellaab
3559 4593 3806 4647 hodierno

2253 4686 2339 4741 die
2371 4696 2493 4741 esto
2556 4686 2680 4743 ﬁliae
2747 4703 2900 4753 mete,
2951 4688 3110 4759 cujus
3140 4687 3242 4741 erit
3270 4701 3388 4740 eam
3446 4684 3732 4749 collocare,
3759 4685 3801 4736 in

2252 4795 2413 4848 quem
2440 4789 2494 4834 tu
2532 4778 2714 4834 locum
2744 4777 2871 4833 boni
2894 4778 3261 4833 consulueris.
3294 4776 3435 4830 Tum
3466 4786 3675 4841 autem,
3696 4790 3803 4829 cum

2253 4888 2369 4925 eam
2414 4880 2693 4939 receptum
2718 4870 2928 4933 venies,
2956 4872 3002 4923 si
3036 4868 3146 4923 Deo
3191 4869 3261 4923 ita
3289 4867 3579 4937 placuerit,
3612 4865 3806 4920 donabo

2256 4964 2350 5017 tibi
2384 4965 2608 5034 insuper
2624 4977 2791 5017 onera
2818 4960 2979 5017 serici
3008 4968 3266 5032 quatuor.
3282 4958 3375 5012 Est
3402 4960 3549 5012 enim
3574 4974 3680 5012 non
3704 4956 3805 5013 vul-

2254 5058 2401 5127 garis
2434 5056 2520 5110 illa
2567 5064 2802 5119 metaxa,
2864 5042 3118 5123 solvique
3158 5067 3255 5120 pro
3307 5050 3538 5121 singulis
3565 5049 3804 5104 oneribus

2256 5164 2510 5205 nummos
2544 5163 2738 5203 aureos
2781 5147 3107 5216 quingentos
3130 5143 3327 5213 accepi.
3371 5162 3389 5195 ι

2327 5243 2463 5296 Cum
2505 5242 2668 5311 igitur
2706 5240 2889 5292 omnia
2921 5238 2972 5291 in
3002 5235 3177 5291 Iberia
3208 5245 3255 5289 et
3299 5234 3647 5303 Trapezunte
3676 5243 3806 5301 gesta

2257 5333 2525 5388 Subtiliter
2547 5328 2851 5399 imperatori
2870 5326 3091 5381 domino
3116 5341 3233 5379 meo
3254 5333 3308 5378 et
3332 5339 3359 5377 a
3387 5324 3657 5393 principio
3672 5338 3807 5375 ennr-
3892 5346 3897 5349 ~

2258 5407 2567 5488 rassem,de
2591 5421 2851 5477 Serviano
2872 5418 3144 5475 connubio
3163 5430 3286 5469 eum
3307 5424 3661 5484 percontatus
3682 5426 3806 5473 sum,

2259 5528 2424 5586 atque
2451 5516 2536 5569 ille
2562 5516 2634 5568 ita
2657 5514 2788 5567 mihi
2813 5510 3143 5581 responditu
3180 5506 3444 5577 Equidem
3472 5506 3703 5560 multum
3725 5504 3804 5555 tibi

2259 5609 2432 5661 debeo
2460 5616 2681 5676 propter
2723 5620 2867 5671 eam,
2897 5618 3059 5673 quam
3088 5618 3115 5655 a
3142 5614 3315 5670 puero
3345 5613 3472 5669 erga
3505 5595 3810 5665 me'przesti-

2261 5702 2397 5764 tisti,
2439 5697 2869 5753 benevolentiam
2894 5704 2945 5749 et
2980 5694 3133 5748 ﬁdem
3181 5699 3444 5758 tantaque
3495 5687 3702 5751 oﬁicia;
3737 5702 3811 5735 w-

2265 5807 2383 5844 rnm
2412 5806 2552 5845 nunc
2580 5788 2904 5845 Servianum
2946 5786 3049 5841 hoc
3086 5782 3362 5854 negotium
3394 5778 3811 5835 benevolentiam
