  <div class='ocr_page' id='page_1' title='image "/cluster/home/n/w/nwhite01/storage/ocr_20150623/156/mdp.39015078384719/430.png"; bbox 0 0 4066 6296; ppageno 0'>
   <div class='ocr_carea' id='block_1_1' title="bbox 368 376 469 442">
    <p class='ocr_par' dir='ltr' id='par_1_1' title="bbox 368 376 469 442">
     <span class='ocr_line' id='line_1_1' title="bbox 368 376 469 442; baseline 0 -1"><span class='ocrx_word' id='word_1_1' title='bbox 368 376 469 442; x_wconf 76' lang='lat'><strong>821</strong></span> 
     </span>
    </p>
   </div>
   <div class='ocr_carea' id='block_1_2' title="bbox 1380 385 2558 451">
    <p class='ocr_par' dir='ltr' id='par_1_2' title="bbox 1380 385 2558 451">
     <span class='ocr_line' id='line_1_2' title="bbox 1380 385 2558 451; baseline 0.007 -8"><span class='ocrx_word' id='word_1_2' title='bbox 1380 385 1827 447; x_wconf 80' lang='lat' dir='ltr'><strong>CHllONlCON</strong></span> <span class='ocrx_word' id='word_1_3' title='bbox 1865 388 2133 449; x_wconf 84' lang='lat' dir='ltr'><strong>MAJUS.</strong></span> <span class='ocrx_word' id='word_1_4' title='bbox 2161 413 2229 424; x_wconf 90' lang='grc'><strong>-·</strong></span> <span class='ocrx_word' id='word_1_5' title='bbox 2258 389 2405 450; x_wconf 88' lang='lat' dir='ltr'><strong>LIB.</strong></span> <span class='ocrx_word' id='word_1_6' title='bbox 2444 390 2558 451; x_wconf 74' lang='grc' dir='ltr'><strong>ΠΙ.</strong></span> 
     </span>
    </p>
   </div>
   <div class='ocr_carea' id='block_1_3' title="bbox 3487 387 3597 449">
    <p class='ocr_par' dir='ltr' id='par_1_3' title="bbox 3487 387 3597 449">
     <span class='ocr_line' id='line_1_3' title="bbox 3487 387 3597 449; baseline 0 0"><span class='ocrx_word' id='word_1_7' title='bbox 3487 387 3597 449; x_wconf 73' lang='lat'><strong>822</strong></span> 
     </span>
    </p>
   </div>
   <div class='ocr_carea' id='block_1_4' title="bbox 365 492 3602 574">
    <p class='ocr_par' dir='ltr' id='par_1_4' title="bbox 365 492 3602 574">
     <span class='ocr_line' id='line_1_4' title="bbox 365 492 3602 574; baseline 0.002 -28"><span class='ocrx_word' id='word_1_8' title='bbox 365 492 489 557; x_wconf 75' lang='grc' dir='ltr'>δίας</span> <span class='ocrx_word' id='word_1_9' title='bbox 524 492 813 563; x_wconf 76' lang='grc' dir='ltr'>βεϐαίωσις</span> <span class='ocrx_word' id='word_1_10' title='bbox 852 498 949 552; x_wconf 76' lang='grc' dir='ltr'>καὶ</span> <span class='ocrx_word' id='word_1_11' title='bbox 982 498 1248 567; x_wconf 82' lang='grc' dir='ltr'>ἀσφάλεια</span> <span class='ocrx_word' id='word_1_12' title='bbox 1274 503 1371 554; x_wconf 80' lang='grc' dir='ltr'>καὶ</span> <span class='ocrx_word' id='word_1_13' title='bbox 1399 503 1792 572; x_wconf 75' lang='grc' dir='ltr'>ἐκσςρράγισμά</span> <span class='ocrx_word' id='word_1_14' title='bbox 1816 505 1930 555; x_wconf 82' lang='grc' dir='ltr'>ἐστι</span> <span class='ocrx_word' id='word_1_15' title='bbox 1959 501 2010 560; x_wconf 76' lang='grc' dir='ltr'>Α</span> <span class='ocrx_word' id='word_1_16' title='bbox 2046 502 2104 554; x_wconf 91' lang='lat' dir='ltr'><strong>&#39;O</strong></span> <span class='ocrx_word' id='word_1_17' title='bbox 2133 501 2233 570; x_wconf 77' lang='grc' dir='ltr'>μὲν</span> <span class='ocrx_word' id='word_1_18' title='bbox 2260 503 2737 574; x_wconf 80' lang='grc' dir='ltr'>Καντακουζηνδς,</span> <span class='ocrx_word' id='word_1_19' title='bbox 2756 503 2815 566; x_wconf 83' lang='grc' dir='ltr'>ὃς</span> <span class='ocrx_word' id='word_1_20' title='bbox 2837 502 2945 557; x_wconf 71' lang='grc' dir='ltr'><strong>ἀπὸ</strong></span> <span class='ocrx_word' id='word_1_21' title='bbox 2971 503 3080 557; x_wconf 90' lang='grc' dir='ltr'><strong>τῶν</strong></span> <span class='ocrx_word' id='word_1_22' title='bbox 3105 502 3279 557; x_wconf 69' lang='grc' dir='ltr'>ἄλλων</span> <span class='ocrx_word' id='word_1_23' title='bbox 3308 501 3602 572; x_wconf 83' lang='grc' dir='ltr'>ἀπροσπα-</span> 
     </span>
    </p>
   </div>
   <div class='ocr_carea' id='block_1_5' title="bbox 372 585 1931 662">
    <p class='ocr_par' dir='ltr' id='par_1_5' title="bbox 372 585 1931 662">
     <span class='ocr_line' id='line_1_5' title="bbox 372 585 1931 662; baseline 0.006 -26"><span class='ocrx_word' id='word_1_24' title='bbox 372 585 465 655; x_wconf 75' lang='grc' dir='ltr'><strong>τῆς</strong></span> <span class='ocrx_word' id='word_1_25' title='bbox 496 587 572 648; x_wconf 81' lang='grc' dir='ltr'>εις</span> <span class='ocrx_word' id='word_1_26' title='bbox 614 587 714 657; x_wconf 79' lang='grc' dir='ltr'>ἐμέ</span> <span class='ocrx_word' id='word_1_27' title='bbox 751 604 849 641; x_wconf 91' lang='grc' dir='ltr'>σου</span> <span class='ocrx_word' id='word_1_28' title='bbox 882 589 1107 660; x_wconf 81' lang='grc' dir='ltr'><strong>ἀγάπης</strong></span> <span class='ocrx_word' id='word_1_29' title='bbox 1146 593 1239 646; x_wconf 73' lang='grc' dir='ltr'>καὶ</span> <span class='ocrx_word' id='word_1_30' title='bbox 1261 594 1612 662; x_wconf 81' lang='grc' dir='ltr'><strong>δουλοσύνης,</strong></span> <span class='ocrx_word' id='word_1_31' title='bbox 1644 595 1737 647; x_wconf 80' lang='grc' dir='ltr'><strong>καὶ</strong></span> <span class='ocrx_word' id='word_1_32' title='bbox 1764 595 1931 646; x_wconf 83' lang='grc' dir='ltr'>ἀντα-</span> 
     </span>
    </p>
   </div>
   <div class='ocr_carea' id='block_1_6' title="bbox 369 676 1927 754">
    <p class='ocr_par' dir='ltr' id='par_1_6' title="bbox 369 676 1927 754">
     <span class='ocr_line' id='line_1_6' title="bbox 369 676 1927 754; baseline 0.008 -30"><span class='ocrx_word' id='word_1_33' title='bbox 369 676 565 743; x_wconf 76' lang='grc' dir='ltr'>μοιϐήν</span> <span class='ocrx_word' id='word_1_34' title='bbox 612 678 698 730; x_wconf 86' lang='grc' dir='ltr'><strong>σοι</strong></span> <span class='ocrx_word' id='word_1_35' title='bbox 729 678 930 743; x_wconf 85' lang='grc' dir='ltr'>ὀφείλω</span> <span class='ocrx_word' id='word_1_36' title='bbox 978 680 1079 744; x_wconf 76' lang='grc' dir='ltr'>ἕως</span> <span class='ocrx_word' id='word_1_37' title='bbox 1127 683 1193 734; x_wconf 87' lang='grc' dir='ltr'><strong>ἐν</strong></span> <span class='ocrx_word' id='word_1_38' title='bbox 1230 686 1342 745; x_wconf 84' lang='grc' dir='ltr'>τοῖς</span> <span class='ocrx_word' id='word_1_39' title='bbox 1373 682 1542 747; x_wconf 79' lang='grc' dir='ltr'>ζῶσιν</span> <span class='ocrx_word' id='word_1_40' title='bbox 1572 684 1927 754; x_wconf 79' lang='grc' dir='ltr'><strong>εὑρίσκομαι,</strong></span> 
     </span>
    </p>
   </div>
   <div class='ocr_carea' id='block_1_7' title="bbox 368 770 1933 845">
    <p class='ocr_par' dir='ltr' id='par_1_7' title="bbox 368 770 1933 845">
     <span class='ocr_line' id='line_1_7' title="bbox 368 770 1933 845; baseline 0.006 -26"><span class='ocrx_word' id='word_1_41' title='bbox 368 770 491 820; x_wconf 75' lang='grc' dir='ltr'>ἐπεὶ</span> <span class='ocrx_word' id='word_1_42' title='bbox 517 770 774 825; x_wconf 86' lang='grc' dir='ltr'>τοσοῦτον</span> <span class='ocrx_word' id='word_1_43' title='bbox 805 773 1148 837; x_wconf 84' lang='grc' dir='ltr'>κεκοπίακας</span> <span class='ocrx_word' id='word_1_44' title='bbox 1179 776 1268 828; x_wconf 78' lang='grc' dir='ltr'>ἀεὶ</span> <span class='ocrx_word' id='word_1_45' title='bbox 1300 775 1441 845; x_wconf 80' lang='grc' dir='ltr'>ὑπὲρ</span> <span class='ocrx_word' id='word_1_46' title='bbox 1471 774 1630 843; x_wconf 81' lang='grc' dir='ltr'>ἐμοῦ,</span> <span class='ocrx_word' id='word_1_47' title='bbox 1663 776 1758 829; x_wconf 78' lang='grc' dir='ltr'>καὶ</span> <span class='ocrx_word' id='word_1_48' title='bbox 1798 777 1933 844; x_wconf 82' lang='grc' dir='ltr'>μᾶλ-</span> 
     </span>
    </p>
   </div>
   <div class='ocr_carea' id='block_1_8' title="bbox 367 860 1931 938">
    <p class='ocr_par' dir='ltr' id='par_1_8' title="bbox 367 860 1931 938">
     <span class='ocr_line' id='line_1_8' title="bbox 367 860 1931 938; baseline 0.006 -27"><span class='ocrx_word' id='word_1_49' title='bbox 367 860 461 913; x_wconf 83' lang='grc' dir='ltr'><strong>λον</strong></span> <span class='ocrx_word' id='word_1_50' title='bbox 488 861 559 913; x_wconf 69' lang='grc' dir='ltr'><strong>τὰ</strong></span> <span class='ocrx_word' id='word_1_51' title='bbox 592 861 689 914; x_wconf 84' lang='grc' dir='ltr'><strong>νῦν</strong></span> <span class='ocrx_word' id='word_1_52' title='bbox 717 862 1079 930; x_wconf 69' lang='grc' dir='ltr'>ἐγκατέλιπες</span> <span class='ocrx_word' id='word_1_53' title='bbox 1105 866 1193 918; x_wconf 80' lang='grc' dir='ltr'><strong>τὸν</strong></span> <span class='ocrx_word' id='word_1_54' title='bbox 1243 863 1393 919; x_wconf 73' lang='grc' dir='ltr'>οἶκόν</span> <span class='ocrx_word' id='word_1_55' title='bbox 1424 884 1543 934; x_wconf 86' lang='grc' dir='ltr'>σου,</span> <span class='ocrx_word' id='word_1_56' title='bbox 1577 868 1827 921; x_wconf 84' lang='grc' dir='ltr'>τοσοῦτον</span> <span class='ocrx_word' id='word_1_57' title='bbox 1866 867 1931 938; x_wconf 80' lang='grc' dir='ltr'>δὴ</span> 
     </span>
    </p>
   </div>
   <div class='ocr_carea' id='block_1_9' title="bbox 366 954 1935 1031">
    <p class='ocr_par' dir='ltr' id='par_1_9' title="bbox 366 954 1935 1031">
     <span class='ocr_line' id='line_1_9' title="bbox 366 954 1935 1031; baseline 0.004 -27"><span class='ocrx_word' id='word_1_58' title='bbox 366 954 557 1023; x_wconf 73' lang='grc' dir='ltr'>καιρὸν</span> <span class='ocrx_word' id='word_1_59' title='bbox 586 954 774 1023; x_wconf 82' lang='grc' dir='ltr'><strong>πόρῥω</strong></span> <span class='ocrx_word' id='word_1_60' title='bbox 796 955 900 1024; x_wconf 83' lang='grc' dir='ltr'>τῆς</span> <span class='ocrx_word' id='word_1_61' title='bbox 927 958 1025 1025; x_wconf 82' lang='grc' dir='ltr'>σῆς</span> <span class='ocrx_word' id='word_1_62' title='bbox 1047 959 1307 1028; x_wconf 80' lang='grc' dir='ltr'><strong>πατρίδος</strong></span> <span class='ocrx_word' id='word_1_63' title='bbox 1333 959 1485 1024; x_wconf 77' lang='grc' dir='ltr'>ξένας</span> <span class='ocrx_word' id='word_1_64' title='bbox 1506 959 1688 1030; x_wconf 87' lang='grc' dir='ltr'>χώρας</span> <span class='ocrx_word' id='word_1_65' title='bbox 1712 977 1935 1031; x_wconf 80' lang='grc' dir='ltr'>περιερ-</span> 
     </span>
    </p>
   </div>
   <div class='ocr_carea' id='block_1_10' title="bbox 367 1040 1932 1122">
    <p class='ocr_par' dir='ltr' id='par_1_10' title="bbox 367 1040 1932 1122">
     <span class='ocr_line' id='line_1_10' title="bbox 367 1040 1932 1122; baseline 0.006 -26"><span class='ocrx_word' id='word_1_66' title='bbox 367 1046 617 1113; x_wconf 84' lang='grc' dir='ltr'>χόμενος.</span> <span class='ocrx_word' id='word_1_67' title='bbox 650 1040 815 1100; x_wconf 85' lang='grc' dir='ltr'>Ὅθεν</span> <span class='ocrx_word' id='word_1_68' title='bbox 840 1046 890 1099; x_wconf 79' lang='grc' dir='ltr'>οἱ</span> <span class='ocrx_word' id='word_1_69' title='bbox 924 1049 1101 1100; x_wconf 77' lang='grc' dir='ltr'>ἐκεῖσε</span> <span class='ocrx_word' id='word_1_70' title='bbox 1133 1050 1476 1119; x_wconf 77' lang='grc' dir='ltr'>κυριεύοντες</span> <span class='ocrx_word' id='word_1_71' title='bbox 1505 1052 1749 1119; x_wconf 79' lang='grc' dir='ltr'><strong>μεγάλας</strong></span> <span class='ocrx_word' id='word_1_72' title='bbox 1775 1052 1932 1122; x_wconf 79' lang='grc' dir='ltr'>εὐερ-</span> 
     </span>
    </p>
   </div>
   <div class='ocr_carea' id='block_1_11' title="bbox 366 1134 1932 1209">
    <p class='ocr_par' dir='ltr' id='par_1_11' title="bbox 366 1134 1932 1209">
     <span class='ocr_line' id='line_1_11' title="bbox 366 1134 1932 1209; baseline 0.005 -25"><span class='ocrx_word' id='word_1_73' title='bbox 366 1135 558 1200; x_wconf 75' lang='grc' dir='ltr'>γεσίας</span> <span class='ocrx_word' id='word_1_74' title='bbox 592 1134 885 1204; x_wconf 77' lang='grc' dir='ltr'>καὶτιμὰς</span> <span class='ocrx_word' id='word_1_75' title='bbox 918 1138 1325 1206; x_wconf 84' lang='grc' dir='ltr'>ἐπηγγέλλοντό</span> <span class='ocrx_word' id='word_1_76' title='bbox 1354 1157 1436 1193; x_wconf 91' lang='grc' dir='ltr'><strong>σοι</strong></span> <span class='ocrx_word' id='word_1_77' title='bbox 1464 1140 1668 1206; x_wconf 80' lang='grc' dir='ltr'>δοῦναι,</span> <span class='ocrx_word' id='word_1_78' title='bbox 1704 1140 1848 1209; x_wconf 82' lang='grc' dir='ltr'>λέγω</span> <span class='ocrx_word' id='word_1_79' title='bbox 1884 1144 1932 1193; x_wconf 75' lang='grc' dir='ltr'><strong>οἱ</strong></span> 
     </span>
    </p>
   </div>
   <div class='ocr_carea' id='block_1_12' title="bbox 368 1224 1933 1301">
    <p class='ocr_par' dir='ltr' id='par_1_12' title="bbox 368 1224 1933 1301">
     <span class='ocr_line' id='line_1_12' title="bbox 368 1224 1933 1301; baseline 0.005 -25"><span class='ocrx_word' id='word_1_80' title='bbox 368 1224 469 1291; x_wconf 79' lang='grc' dir='ltr'><strong>τῆς</strong></span> <span class='ocrx_word' id='word_1_81' title='bbox 514 1225 758 1292; x_wconf 77' lang='grc' dir='ltr'>Ἰϐηρίας</span> <span class='ocrx_word' id='word_1_82' title='bbox 801 1229 894 1281; x_wconf 72' lang='grc' dir='ltr'>καὶ</span> <span class='ocrx_word' id='word_1_83' title='bbox 924 1228 1335 1298; x_wconf 75' lang='grc' dir='ltr'><strong>Τραπεζοῦντος</strong></span> <span class='ocrx_word' id='word_1_84' title='bbox 1364 1230 1622 1284; x_wconf 83' lang='grc' dir='ltr'>δεσπόται</span> <span class='ocrx_word' id='word_1_85' title='bbox 1654 1231 1749 1285; x_wconf 72' lang='grc' dir='ltr'><strong>καὶ</strong></span> <span class='ocrx_word' id='word_1_86' title='bbox 1777 1231 1933 1301; x_wconf 84' lang='grc' dir='ltr'>βασι-</span> 
     </span>
    </p>
   </div>
   <div class='ocr_carea' id='block_1_13' title="bbox 366 1313 1933 1392">
    <p class='ocr_par' dir='ltr' id='par_1_13' title="bbox 366 1313 1933 1392">
     <span class='ocr_line' id='line_1_13' title="bbox 366 1313 1933 1392; baseline 0.007 -28"><span class='ocrx_word' id='word_1_87' title='bbox 366 1313 500 1376; x_wconf 79' lang='grc' dir='ltr'>λεῖς,</span> <span class='ocrx_word' id='word_1_88' title='bbox 541 1314 771 1377; x_wconf 73' lang='grc' dir='ltr'>ἕκαστος</span> <span class='ocrx_word' id='word_1_89' title='bbox 816 1318 999 1371; x_wconf 82' lang='grc' dir='ltr'>αὐτῶν</span> <span class='ocrx_word' id='word_1_90' title='bbox 1040 1320 1218 1389; x_wconf 79' lang='grc' dir='ltr'>ζητῶν</span> <span class='ocrx_word' id='word_1_91' title='bbox 1276 1339 1359 1375; x_wconf 92' lang='grc' dir='ltr'><strong>σοι</strong></span> <span class='ocrx_word' id='word_1_92' title='bbox 1408 1323 1547 1392; x_wconf 82' lang='grc' dir='ltr'><strong>ὑπὲρ</strong></span> <span class='ocrx_word' id='word_1_93' title='bbox 1605 1324 1793 1387; x_wconf 78' lang='grc' dir='ltr'>αὑτοῦ,</span> <span class='ocrx_word' id='word_1_94' title='bbox 1848 1325 1933 1376; x_wconf 80' lang='grc' dir='ltr'>ἵνα</span> 
     </span>
    </p>
   </div>
   <div class='ocr_carea' id='block_1_14' title="bbox 368 1403 1931 1484">
    <p class='ocr_par' dir='ltr' id='par_1_14' title="bbox 368 1403 1931 1484">
     <span class='ocr_line' id='line_1_14' title="bbox 368 1403 1931 1484; baseline 0.006 -29"><span class='ocrx_word' id='word_1_95' title='bbox 368 1403 710 1459; x_wconf 73' lang='grc' dir='ltr'>συνοικέσιον</span> <span class='ocrx_word' id='word_1_96' title='bbox 773 1409 892 1476; x_wconf 88' lang='grc' dir='ltr'>μετ’</span> <span class='ocrx_word' id='word_1_97' title='bbox 923 1409 1057 1477; x_wconf 76' lang='grc' dir='ltr'>ἐμοῦ</span> <span class='ocrx_word' id='word_1_98' title='bbox 1112 1412 1359 1484; x_wconf 81' lang='grc' dir='ltr'>τελέσῃς.</span> <span class='ocrx_word' id='word_1_99' title='bbox 1414 1414 1585 1475; x_wconf 77' lang='grc' dir='ltr'><strong>Αὐτὸς</strong></span> <span class='ocrx_word' id='word_1_100' title='bbox 1629 1414 1683 1465; x_wconf 78' lang='grc' dir='ltr'><strong>δέ</strong></span> <span class='ocrx_word' id='word_1_101' title='bbox 1718 1413 1793 1475; x_wconf 83' lang='grc' dir='ltr'>ὡς</span> <span class='ocrx_word' id='word_1_102' title='bbox 1826 1415 1931 1467; x_wconf 79' lang='grc' dir='ltr'><strong>σώο</strong></span> 
     </span>
    </p>
   </div>
   <div class='ocr_carea' id='block_1_15' title="bbox 367 1497 1934 1576">
    <p class='ocr_par' dir='ltr' id='par_1_15' title="bbox 367 1497 1934 1576">
     <span class='ocr_line' id='line_1_15' title="bbox 367 1497 1934 1576; baseline 0.007 -29"><span class='ocrx_word' id='word_1_103' title='bbox 367 1512 521 1564; x_wconf 84' lang='grc' dir='ltr'>φρων</span> <span class='ocrx_word' id='word_1_104' title='bbox 568 1497 664 1549; x_wconf 76' lang='grc' dir='ltr'>καὶ</span> <span class='ocrx_word' id='word_1_105' title='bbox 721 1500 911 1563; x_wconf 75' lang='grc' dir='ltr'>πιστὸς</span> <span class='ocrx_word' id='word_1_106' title='bbox 956 1503 1212 1572; x_wconf 80' lang='grc' dir='ltr'><strong>θεράπων</strong></span> <span class='ocrx_word' id='word_1_107' title='bbox 1239 1504 1518 1575; x_wconf 80' lang='grc' dir='ltr'>διέκρινας</span> <span class='ocrx_word' id='word_1_108' title='bbox 1546 1506 1608 1558; x_wconf 84' lang='grc' dir='ltr'><strong>τὺ</strong></span> <span class='ocrx_word' id='word_1_109' title='bbox 1657 1506 1934 1576; x_wconf 83' lang='grc' dir='ltr'><strong>συμφέρον</strong></span> 
     </span>
    </p>
   </div>
   <div class='ocr_carea' id='block_1_16' title="bbox 369 1588 1935 1670">
    <p class='ocr_par' dir='ltr' id='par_1_16' title="bbox 369 1588 1935 1670">
     <span class='ocr_line' id='line_1_16' title="bbox 369 1588 1935 1670; baseline 0.011 -33"><span class='ocrx_word' id='word_1_110' title='bbox 369 1602 462 1653; x_wconf 89' lang='grc' dir='ltr'><strong>μοι</strong></span> <span class='ocrx_word' id='word_1_111' title='bbox 488 1588 582 1640; x_wconf 71' lang='grc' dir='ltr'>καὶ</span> <span class='ocrx_word' id='word_1_112' title='bbox 617 1589 1064 1663; x_wconf 84' lang='grc' dir='ltr'>ὠφελιμώτερον,</span> <span class='ocrx_word' id='word_1_113' title='bbox 1085 1598 1183 1650; x_wconf 80' lang='grc' dir='ltr'>καὶ</span> <span class='ocrx_word' id='word_1_114' title='bbox 1210 1598 1461 1667; x_wconf 75' lang='grc' dir='ltr'>ἔδρασας,</span> <span class='ocrx_word' id='word_1_115' title='bbox 1483 1600 1579 1652; x_wconf 79' lang='grc' dir='ltr'><strong>καὶ</strong></span> <span class='ocrx_word' id='word_1_116' title='bbox 1609 1600 1645 1653; x_wconf 80' lang='grc' dir='ltr'><strong>ἀ</strong></span> <span class='ocrx_word' id='word_1_117' title='bbox 1674 1600 1935 1670; x_wconf 73' lang='grc' dir='ltr'>νενόηκας</span> 
     </span>
    </p>
   </div>
   <div class='ocr_carea' id='block_1_17' title="bbox 368 1676 1933 1761">
    <p class='ocr_par' dir='ltr' id='par_1_17' title="bbox 368 1676 1933 1761">
     <span class='ocr_line' id='line_1_17' title="bbox 368 1676 1933 1761; baseline 0.01 -33"><span class='ocrx_word' id='word_1_118' title='bbox 368 1676 616 1747; x_wconf 71' lang='grc' dir='ltr'>ἔγραψάς</span> <span class='ocrx_word' id='word_1_119' title='bbox 652 1698 745 1750; x_wconf 88' lang='grc' dir='ltr'><strong>μοι</strong></span> <span class='ocrx_word' id='word_1_120' title='bbox 797 1686 1205 1751; x_wconf 77' lang='grc' dir='ltr'>συμϐουλεύων.</span> <span class='ocrx_word' id='word_1_121' title='bbox 1246 1689 1419 1742; x_wconf 78' lang='grc' dir='ltr'>Τοῦτο</span> <span class='ocrx_word' id='word_1_122' title='bbox 1462 1686 1530 1761; x_wconf 77' lang='grc' dir='ltr'>ἦν</span> <span class='ocrx_word' id='word_1_123' title='bbox 1573 1691 1715 1759; x_wconf 84' lang='grc' dir='ltr'>μέγα</span> <span class='ocrx_word' id='word_1_124' title='bbox 1746 1709 1800 1745; x_wconf 87' lang='grc' dir='ltr'>τι</span> <span class='ocrx_word' id='word_1_125' title='bbox 1839 1694 1933 1744; x_wconf 80' lang='grc' dir='ltr'>ἐκ·</span> 
     </span>
    </p>
   </div>
   <div class='ocr_carea' id='block_1_18' title="bbox 371 1770 2011 1878">
    <p class='ocr_par' dir='ltr' id='par_1_18' title="bbox 371 1770 2011 1878">
     <span class='ocr_line' id='line_1_18' title="bbox 371 1770 2011 1878; baseline -0.015 -28"><span class='ocrx_word' id='word_1_126' title='bbox 371 1770 674 1878; x_wconf 45' lang='grc' dir='ltr'><strong>μαρτῩΡιον</strong></span> <span class='ocrx_word' id='word_1_127' title='bbox 704 1774 803 1843; x_wconf 71' lang='grc' dir='ltr'><strong>τῆς</strong></span> <span class='ocrx_word' id='word_1_128' title='bbox 848 1776 987 1845; x_wconf 75' lang='grc' dir='ltr'>πρὸς</span> <span class='ocrx_word' id='word_1_129' title='bbox 1019 1779 1123 1847; x_wconf 74' lang='grc' dir='ltr'>ἐμὲ</span> <span class='ocrx_word' id='word_1_130' title='bbox 1172 1796 1266 1833; x_wconf 81' lang='grc' dir='ltr'>σου</span> <span class='ocrx_word' id='word_1_131' title='bbox 1301 1782 1516 1844; x_wconf 78' lang='grc' dir='ltr'><strong>εὐνοίας</strong></span> <span class='ocrx_word' id='word_1_132' title='bbox 1563 1785 1655 1836; x_wconf 78' lang='grc' dir='ltr'>καὶ</span> <span class='ocrx_word' id='word_1_133' title='bbox 1694 1784 1931 1852; x_wconf 69' lang='grc' dir='ltr'>ἀγάπης*</span> <span class='ocrx_word' id='word_1_134' title='bbox 1970 1825 2011 1878; x_wconf 76' lang='grc' dir='ltr'>Β</span> 
     </span>
    </p>
   </div>
   <div class='ocr_carea' id='block_1_19' title="bbox 365 1863 1937 1943">
    <p class='ocr_par' dir='ltr' id='par_1_19' title="bbox 365 1863 1937 1943">
     <span class='ocr_line' id='line_1_19' title="bbox 365 1863 1937 1943; baseline 0.01 -30"><span class='ocrx_word' id='word_1_135' title='bbox 365 1864 460 1914; x_wconf 77' lang='grc' dir='ltr'>καὶ</span> <span class='ocrx_word' id='word_1_136' title='bbox 491 1863 947 1935; x_wconf 77' lang='grc' dir='ltr'>πληροφορήθητι</span> <span class='ocrx_word' id='word_1_137' title='bbox 976 1869 1194 1937; x_wconf 87' lang='grc' dir='ltr'>ἀληθῶς</span> <span class='ocrx_word' id='word_1_138' title='bbox 1224 1872 1433 1937; x_wconf 75' lang='grc' dir='ltr'>ὄτι,καὶ</span> <span class='ocrx_word' id='word_1_139' title='bbox 1471 1876 1601 1943; x_wconf 84' lang='grc' dir='ltr'>παρ’</span> <span class='ocrx_word' id='word_1_140' title='bbox 1628 1874 1764 1942; x_wconf 84' lang='grc' dir='ltr'>ἐμοῦ</span> <span class='ocrx_word' id='word_1_141' title='bbox 1795 1875 1937 1939; x_wconf 74' lang='grc' dir='ltr'>ἔξεις</span> 
     </span>
    </p>
   </div>
   <div class='ocr_carea' id='block_1_20' title="bbox 364 1952 1931 2037">
    <p class='ocr_par' dir='ltr' id='par_1_20' title="bbox 364 1952 1931 2037">
     <span class='ocr_line' id='line_1_20' title="bbox 364 1952 1931 2037; baseline 0.01 -33"><span class='ocrx_word' id='word_1_142' title='bbox 364 1952 524 2017; x_wconf 82' lang='grc' dir='ltr'>ἀξίαν</span> <span class='ocrx_word' id='word_1_143' title='bbox 550 1956 646 2025; x_wconf 77' lang='grc' dir='ltr'><strong>τὴν</strong></span> <span class='ocrx_word' id='word_1_144' title='bbox 677 1957 1045 2027; x_wconf 81' lang='grc' dir='ltr'>ἀντάμειψιν,,</span> <span class='ocrx_word' id='word_1_145' title='bbox 1084 1961 1188 2024; x_wconf 82' lang='grc' dir='ltr'><strong>ἐως</strong></span> <span class='ocrx_word' id='word_1_146' title='bbox 1231 1965 1289 2016; x_wconf 88' lang='grc' dir='ltr'><strong>ἐν</strong></span> <span class='ocrx_word' id='word_1_147' title='bbox 1324 1968 1436 2027; x_wconf 83' lang='grc' dir='ltr'>τοῖς</span> <span class='ocrx_word' id='word_1_148' title='bbox 1482 1964 1650 2029; x_wconf 77' lang='grc' dir='ltr'>ζῶσιν</span> <span class='ocrx_word' id='word_1_149' title='bbox 1682 1967 1931 2037; x_wconf 85' lang='grc' dir='ltr'><strong>ὑπάρχω.</strong></span> 
     </span>
    </p>
   </div>
   <div class='ocr_carea' id='block_1_21' title="bbox 365 2043 1938 2128">
    <p class='ocr_par' dir='ltr' id='par_1_21' title="bbox 365 2043 1938 2128">
     <span class='ocr_line' id='line_1_21' title="bbox 365 2043 1938 2128; baseline 0.01 -33"><span class='ocrx_word' id='word_1_150' title='bbox 365 2043 505 2112; x_wconf 73' lang='grc' dir='ltr'>Περὶ</span> <span class='ocrx_word' id='word_1_151' title='bbox 541 2044 598 2097; x_wconf 84' lang='grc' dir='ltr'><strong>δέ</strong></span> <span class='ocrx_word' id='word_1_152' title='bbox 647 2045 743 2100; x_wconf 81' lang='grc' dir='ltr'><strong>τοῦ</strong></span> <span class='ocrx_word' id='word_1_153' title='bbox 799 2048 857 2101; x_wconf 76' lang='grc' dir='ltr'><strong>ἐν</strong></span> <span class='ocrx_word' id='word_1_154' title='bbox 890 2048 1089 2121; x_wconf 78' lang='grc' dir='ltr'>Σερϐίᾳ</span> <span class='ocrx_word' id='word_1_155' title='bbox 1130 2054 1475 2107; x_wconf 85' lang='grc' dir='ltr'>συνοικεσίου</span> <span class='ocrx_word' id='word_1_156' title='bbox 1518 2048 1694 2127; x_wconf 72' lang='grc' dir='ltr'>οὗπερ</span> <span class='ocrx_word' id='word_1_157' title='bbox 1726 2059 1938 2128; x_wconf 72' lang='grc' dir='ltr'>ἐρωτᾷς</span> 
     </span>
    </p>
   </div>
   <div class='ocr_carea' id='block_1_22' title="bbox 366 2139 1938 2212">
    <p class='ocr_par' dir='ltr' id='par_1_22' title="bbox 366 2139 1938 2212">
     <span class='ocr_line' id='line_1_22' title="bbox 366 2139 1938 2212; baseline 0.011 -26"><span class='ocrx_word' id='word_1_158' title='bbox 366 2150 459 2202; x_wconf 84' lang='grc' dir='ltr'>με,</span> <span class='ocrx_word' id='word_1_159' title='bbox 492 2139 922 2209; x_wconf 84' lang='grc' dir='ltr'>τοιουτοτρόπως</span> <span class='ocrx_word' id='word_1_160' title='bbox 948 2142 1428 2212; x_wconf 81' lang='grc' dir='ltr'>παρηκολούθησε.</span> <span class='ocrx_word' id='word_1_161' title='bbox 1462 2147 1619 2200; x_wconf 84' lang='grc' dir='ltr'>Μετὰ</span> <span class='ocrx_word' id='word_1_162' title='bbox 1654 2148 1715 2201; x_wconf 85' lang='grc' dir='ltr'><strong>τὸ</strong></span> <span class='ocrx_word' id='word_1_163' title='bbox 1753 2148 1938 2202; x_wconf 82' lang='grc' dir='ltr'>θανεῖν</span> 
     </span>
    </p>
   </div>
   <div class='ocr_carea' id='block_1_23' title="bbox 363 2224 1937 2306">
    <p class='ocr_par' dir='ltr' id='par_1_23' title="bbox 363 2224 1937 2306">
     <span class='ocr_line' id='line_1_23' title="bbox 363 2224 1937 2306; baseline 0.011 -30"><span class='ocrx_word' id='word_1_164' title='bbox 363 2224 456 2277; x_wconf 84' lang='grc' dir='ltr'>τὸν</span> <span class='ocrx_word' id='word_1_165' title='bbox 485 2228 706 2296; x_wconf 81' lang='grc' dir='ltr'>ἀμηρᾶν</span> <span class='ocrx_word' id='word_1_166' title='bbox 743 2228 835 2281; x_wconf 76' lang='grc' dir='ltr'>καὶ</span> <span class='ocrx_word' id='word_1_167' title='bbox 869 2229 966 2300; x_wconf 81' lang='grc' dir='ltr'>τὴν</span> <span class='ocrx_word' id='word_1_168' title='bbox 1002 2232 1158 2302; x_wconf 76' lang='grc'><strong>221</strong></span> <span class='ocrx_word' id='word_1_169' title='bbox 1211 2235 1401 2289; x_wconf 86' lang='grc' dir='ltr'>τούτου</span> <span class='ocrx_word' id='word_1_170' title='bbox 1438 2237 1674 2306; x_wconf 78' lang='grc' dir='ltr'>σύζυγον</span> <span class='ocrx_word' id='word_1_171' title='bbox 1727 2241 1937 2293; x_wconf 82' lang='grc' dir='ltr'>ἐπανα-</span> 
     </span>
    </p>
   </div>
   <div class='ocr_carea' id='block_1_24' title="bbox 367 2314 1939 2399">
    <p class='ocr_par' dir='ltr' id='par_1_24' title="bbox 367 2314 1939 2399">
     <span class='ocr_line' id='line_1_24' title="bbox 367 2314 1939 2399; baseline 0.011 -33"><span class='ocrx_word' id='word_1_172' title='bbox 367 2314 678 2385; x_wconf 76' lang='grc' dir='ltr'>στρέψασαν</span> <span class='ocrx_word' id='word_1_173' title='bbox 701 2319 837 2387; x_wconf 85' lang='grc' dir='ltr'>πρὸς</span> <span class='ocrx_word' id='word_1_174' title='bbox 863 2320 955 2372; x_wconf 82' lang='grc' dir='ltr'>τὸν</span> <span class='ocrx_word' id='word_1_175' title='bbox 987 2324 1087 2391; x_wconf 79' lang='grc' dir='ltr'><strong>τῆς</strong></span> <span class='ocrx_word' id='word_1_176' title='bbox 1126 2323 1359 2393; x_wconf 80' lang='grc' dir='ltr'>Σερόίας</span> <span class='ocrx_word' id='word_1_177' title='bbox 1395 2325 1668 2399; x_wconf 75' lang='grc' dir='ltr'><strong>δεσπότην</strong></span> <span class='ocrx_word' id='word_1_178' title='bbox 1712 2332 1804 2383; x_wconf 89' lang='grc' dir='ltr'>τὸν</span> <span class='ocrx_word' id='word_1_179' title='bbox 1835 2347 1939 2384; x_wconf 89' lang='grc' dir='ltr'>πα-</span> 
     </span>
    </p>
   </div>
   <div class='ocr_carea' id='block_1_25' title="bbox 366 2405 1940 2488">
    <p class='ocr_par' dir='ltr' id='par_1_25' title="bbox 366 2405 1940 2488">
     <span class='ocr_line' id='line_1_25' title="bbox 366 2405 1940 2488; baseline 0.01 -32"><span class='ocrx_word' id='word_1_180' title='bbox 366 2405 499 2474; x_wconf 84' lang='grc' dir='ltr'>τέρα</span> <span class='ocrx_word' id='word_1_181' title='bbox 544 2407 736 2475; x_wconf 83' lang='grc' dir='ltr'><strong>αὐτῆς,</strong></span> <span class='ocrx_word' id='word_1_182' title='bbox 767 2409 1047 2479; x_wconf 83' lang='grc' dir='ltr'>προσῆλθέ</span> <span class='ocrx_word' id='word_1_183' title='bbox 1087 2429 1179 2478; x_wconf 89' lang='grc' dir='ltr'><strong>μοι</strong></span> <span class='ocrx_word' id='word_1_184' title='bbox 1232 2414 1621 2485; x_wconf 82' lang='grc' dir='ltr'>συλλαλήσασα</span> <span class='ocrx_word' id='word_1_185' title='bbox 1651 2419 1684 2487; x_wconf 80' lang='grc' dir='ltr'>ἠ</span> <span class='ocrx_word' id='word_1_186' title='bbox 1724 2435 1940 2488; x_wconf 85' lang='grc' dir='ltr'>πρωτο-</span> 
     </span>
    </p>
   </div>
   <div class='ocr_carea' id='block_1_26' title="bbox 370 2496 1939 2580">
    <p class='ocr_par' dir='ltr' id='par_1_26' title="bbox 370 2496 1939 2580">
     <span class='ocr_line' id='line_1_26' title="bbox 370 2496 1939 2580; baseline 0.011 -35"><span class='ocrx_word' id='word_1_187' title='bbox 370 2496 733 2564; x_wconf 82' lang='grc' dir='ltr'>στρατόρισσα</span> <span class='ocrx_word' id='word_1_188' title='bbox 782 2499 816 2567; x_wconf 85' lang='grc' dir='ltr'>ή</span> <span class='ocrx_word' id='word_1_189' title='bbox 869 2503 1137 2570; x_wconf 82' lang='grc' dir='ltr'>συγγενὴς</span> <span class='ocrx_word' id='word_1_190' title='bbox 1188 2503 1360 2571; x_wconf 78' lang='grc' dir='ltr'>αὐτῆς</span> <span class='ocrx_word' id='word_1_191' title='bbox 1388 2507 1519 2574; x_wconf 77' lang='grc' dir='ltr'>περὶ</span> <span class='ocrx_word' id='word_1_192' title='bbox 1551 2507 1651 2575; x_wconf 83' lang='grc' dir='ltr'><strong>τῆς</strong></span> <span class='ocrx_word' id='word_1_193' title='bbox 1682 2510 1939 2580; x_wconf 84' lang='grc' dir='ltr'><strong>τοιαύτης</strong></span> 
     </span>
    </p>
   </div>
   <div class='ocr_carea' id='block_1_27' title="bbox 369 2580 1937 2666">
    <p class='ocr_par' dir='ltr' id='par_1_27' title="bbox 369 2580 1937 2666">
     <span class='ocr_line' id='line_1_27' title="bbox 369 2580 1937 2666; baseline 0.011 -34"><span class='ocrx_word' id='word_1_194' title='bbox 369 2580 704 2648; x_wconf 77' lang='grc' dir='ltr'><strong>ὑποθέσεως,</strong></span> <span class='ocrx_word' id='word_1_195' title='bbox 733 2586 829 2637; x_wconf 76' lang='grc' dir='ltr'><strong>καὶ</strong></span> <span class='ocrx_word' id='word_1_196' title='bbox 861 2586 1122 2652; x_wconf 85' lang='grc' dir='ltr'>πλείστας</span> <span class='ocrx_word' id='word_1_197' title='bbox 1155 2590 1334 2654; x_wconf 79' lang='grc' dir='ltr'>δόσεις</span> <span class='ocrx_word' id='word_1_198' title='bbox 1362 2594 1458 2647; x_wconf 80' lang='grc' dir='ltr'><strong>καὶ</strong></span> <span class='ocrx_word' id='word_1_199' title='bbox 1487 2596 1730 2663; x_wconf 82' lang='grc' dir='ltr'>προῖκας</span> <span class='ocrx_word' id='word_1_200' title='bbox 1766 2598 1937 2666; x_wconf 80' lang='grc' dir='ltr'>ἐπηγ-</span> 
     </span>
    </p>
   </div>
   <div class='ocr_carea' id='block_1_28' title="bbox 369 2671 1939 2754">
    <p class='ocr_par' dir='ltr' id='par_1_28' title="bbox 369 2671 1939 2754">
     <span class='ocr_line' id='line_1_28' title="bbox 369 2671 1939 2754; baseline 0.011 -31"><span class='ocrx_word' id='word_1_201' title='bbox 369 2671 587 2738; x_wconf 83' lang='grc' dir='ltr'>γέλλετό</span> <span class='ocrx_word' id='word_1_202' title='bbox 626 2692 741 2742; x_wconf 85' lang='grc' dir='ltr'>μοι,</span> <span class='ocrx_word' id='word_1_203' title='bbox 775 2677 866 2730; x_wconf 75' lang='grc' dir='ltr'>καὶ</span> <span class='ocrx_word' id='word_1_204' title='bbox 900 2678 1038 2732; x_wconf 81' lang='grc' dir='ltr'>ἀλλα</span> <span class='ocrx_word' id='word_1_205' title='bbox 1076 2682 1250 2736; x_wconf 82' lang='grc' dir='ltr'>πολλὰ</span> <span class='ocrx_word' id='word_1_206' title='bbox 1280 2684 1683 2754; x_wconf 83' lang='grc' dir='ltr'><strong>ὠφελιμώτατα</strong></span> <span class='ocrx_word' id='word_1_207' title='bbox 1712 2688 1939 2742; x_wconf 73' lang='grc' dir='ltr'>ἔτασσεν</span> 
     </span>
    </p>
   </div>
   <div class='ocr_carea' id='block_1_29' title="bbox 370 2763 1940 2846">
    <p class='ocr_par' dir='ltr' id='par_1_29' title="bbox 370 2763 1940 2846">
     <span class='ocr_line' id='line_1_29' title="bbox 370 2763 1940 2846; baseline 0.011 -31"><span class='ocrx_word' id='word_1_208' title='bbox 370 2763 717 2836; x_wconf 83' lang='grc' dir='ltr'>ὑποσχομένη</span> <span class='ocrx_word' id='word_1_209' title='bbox 746 2770 803 2820; x_wconf 91' lang='grc' dir='ltr'><strong>ἐν</strong></span> <span class='ocrx_word' id='word_1_210' title='bbox 833 2768 911 2838; x_wconf 81' lang='grc' dir='ltr'>τῷ</span> <span class='ocrx_word' id='word_1_211' title='bbox 944 2772 1219 2840; x_wconf 68' lang='grc' dir='ltr'>μέλλοντι,</span> <span class='ocrx_word' id='word_1_212' title='bbox 1246 2774 1389 2846; x_wconf 75' lang='grc' dir='ltr'>ἅπερ</span> <span class='ocrx_word' id='word_1_213' title='bbox 1416 2777 1571 2844; x_wconf 79' lang='grc' dir='ltr'>κάγὼ</span> <span class='ocrx_word' id='word_1_214' title='bbox 1595 2780 1701 2831; x_wconf 84' lang='grc' dir='ltr'>ἀπὸ</span> <span class='ocrx_word' id='word_1_215' title='bbox 1730 2781 1940 2833; x_wconf 84' lang='grc' dir='ltr'>πολλῶν</span> 
     </span>
    </p>
   </div>
   <div class='ocr_carea' id='block_1_30' title="bbox 370 2855 1936 2940">
    <p class='ocr_par' dir='ltr' id='par_1_30' title="bbox 370 2855 1936 2940">
     <span class='ocr_line' id='line_1_30' title="bbox 370 2855 1936 2940; baseline 0.012 -34"><span class='ocrx_word' id='word_1_216' title='bbox 370 2855 560 2909; x_wconf 80' lang='grc' dir='ltr'>αἰτιῶν</span> <span class='ocrx_word' id='word_1_217' title='bbox 599 2858 829 2927; x_wconf 76' lang='grc' dir='ltr'>ἐνόμισα</span> <span class='ocrx_word' id='word_1_218' title='bbox 855 2861 1033 2915; x_wconf 85' lang='grc' dir='ltr'>ταῦτα</span> <span class='ocrx_word' id='word_1_219' title='bbox 1064 2864 1242 2935; x_wconf 80' lang='grc' dir='ltr'>ἀληθῆ</span> <span class='ocrx_word' id='word_1_220' title='bbox 1278 2862 1421 2920; x_wconf 78' lang='grc' dir='ltr'>εἶναι</span> <span class='ocrx_word' id='word_1_221' title='bbox 1447 2872 1538 2921; x_wconf 72' lang='grc' dir='ltr'><strong>καὶ</strong></span> <span class='ocrx_word' id='word_1_222' title='bbox 1568 2871 1936 2940; x_wconf 80' lang='grc' dir='ltr'>συμφέροντα.</span> 
     </span>
    </p>
   </div>
   <div class='ocr_carea' id='block_1_31' title="bbox 372 2943 1938 3031">
    <p class='ocr_par' dir='ltr' id='par_1_31' title="bbox 372 2943 1938 3031">
     <span class='ocr_line' id='line_1_31' title="bbox 372 2943 1938 3031; baseline 0.011 -35"><span class='ocrx_word' id='word_1_223' title='bbox 372 2943 565 3012; x_wconf 78' lang='grc' dir='ltr'>Ὅμως</span> <span class='ocrx_word' id='word_1_224' title='bbox 590 2945 649 2999; x_wconf 83' lang='grc' dir='ltr'>δὲ</span> <span class='ocrx_word' id='word_1_225' title='bbox 674 2948 733 3000; x_wconf 89' lang='grc' dir='ltr'><strong>ἐν</strong></span> <span class='ocrx_word' id='word_1_226' title='bbox 761 2951 937 3021; x_wconf 87' lang='grc' dir='ltr'>τούτῳ</span> <span class='ocrx_word' id='word_1_227' title='bbox 957 2952 1064 3005; x_wconf 79' lang='grc' dir='ltr'>ἔδει</span> <span class='ocrx_word' id='word_1_228' title='bbox 1093 2956 1187 3007; x_wconf 77' lang='grc' dir='ltr'>καὶ</span> <span class='ocrx_word' id='word_1_229' title='bbox 1209 2956 1376 3026; x_wconf 78' lang='grc' dir='ltr'>ἑτέρα</span> <span class='ocrx_word' id='word_1_230' title='bbox 1408 2958 1571 3031; x_wconf 81' lang='grc' dir='ltr'>βουλὴ</span> <span class='ocrx_word' id='word_1_231' title='bbox 1597 2961 1693 3013; x_wconf 78' lang='grc' dir='ltr'>καὶ</span> <span class='ocrx_word' id='word_1_232' title='bbox 1726 2961 1938 3031; x_wconf 71' lang='grc' dir='ltr'>σκέψις,</span> 
     </span>
    </p>
   </div>
   <div class='ocr_carea' id='block_1_32' title="bbox 371 3035 1940 3119">
    <p class='ocr_par' dir='ltr' id='par_1_32' title="bbox 371 3035 1940 3119">
     <span class='ocr_line' id='line_1_32' title="bbox 371 3035 1940 3119; baseline 0.013 -33"><span class='ocrx_word' id='word_1_233' title='bbox 371 3035 524 3102; x_wconf 84' lang='grc' dir='ltr'>κάγὼ</span> <span class='ocrx_word' id='word_1_234' title='bbox 553 3039 653 3092; x_wconf 81' lang='grc' dir='ltr'><strong>οὐκ</strong></span> <span class='ocrx_word' id='word_1_235' title='bbox 696 3037 844 3110; x_wconf 76' lang='grc' dir='ltr'>εἶχον</span> <span class='ocrx_word' id='word_1_236' title='bbox 878 3043 1020 3109; x_wconf 85' lang='grc' dir='ltr'><strong>μετά</strong></span> <span class='ocrx_word' id='word_1_237' title='bbox 1050 3062 1194 3109; x_wconf 90' lang='grc' dir='ltr'>τινος</span> <span class='ocrx_word' id='word_1_238' title='bbox 1229 3048 1703 3119; x_wconf 77' lang='grc' dir='ltr'>συμδουλευθῆναι</span> <span class='ocrx_word' id='word_1_239' title='bbox 1740 3053 1831 3105; x_wconf 79' lang='grc' dir='ltr'><strong>διὰ</strong></span> <span class='ocrx_word' id='word_1_240' title='bbox 1880 3054 1940 3107; x_wconf 86' lang='grc' dir='ltr'>τὸ</span> 
     </span>
    </p>
   </div>
   <div class='ocr_carea' id='block_1_33' title="bbox 2036 591 3600 658">
    <p class='ocr_par' dir='ltr' id='par_1_33' title="bbox 2036 591 3600 658">
     <span class='ocr_line' id='line_1_33' title="bbox 2036 591 3600 658; baseline 0.001 -15"><span class='ocrx_word' id='word_1_241' title='bbox 2036 591 2143 655; x_wconf 89' lang='grc' dir='ltr'><strong>θῶς</strong></span> <span class='ocrx_word' id='word_1_242' title='bbox 2175 593 2454 654; x_wconf 79' lang='grc' dir='ltr'>ἐϐούλευε.</span> <span class='ocrx_word' id='word_1_243' title='bbox 2487 595 2580 648; x_wconf 79' lang='grc' dir='ltr'><strong>καὶ</strong></span> <span class='ocrx_word' id='word_1_244' title='bbox 2614 596 2772 658; x_wconf 78' lang='grc' dir='ltr'>αὐτὸς</span> <span class='ocrx_word' id='word_1_245' title='bbox 2825 595 3117 648; x_wconf 60' lang='grc' dir='ltr'>ἀπέθανεν</span> <span class='ocrx_word' id='word_1_246' title='bbox 3170 598 3198 647; x_wconf 89' lang='lat'><strong>6</strong></span> <span class='ocrx_word' id='word_1_247' title='bbox 3235 593 3292 646; x_wconf 70' lang='grc' dir='ltr'>δὲ</span> <span class='ocrx_word' id='word_1_248' title='bbox 3324 594 3539 656; x_wconf 78' lang='grc' dir='ltr'>Λουκᾶς</span> <span class='ocrx_word' id='word_1_249' title='bbox 3572 595 3600 645; x_wconf 96' lang='lat'><strong>6</strong></span> 
     </span>
    </p>
   </div>
   <div class='ocr_carea' id='block_1_34' title="bbox 2033 681 3599 756">
    <p class='ocr_par' dir='ltr' id='par_1_34' title="bbox 2033 681 3599 756">
     <span class='ocr_line' id='line_1_34' title="bbox 2033 681 3599 756; baseline -0.001 -19"><span class='ocrx_word' id='word_1_250' title='bbox 2033 681 2291 754; x_wconf 78' lang='grc' dir='ltr'>Νοταρᾶς</span> <span class='ocrx_word' id='word_1_251' title='bbox 2323 688 2575 756; x_wconf 78' lang='grc' dir='ltr'>φανερῶς</span> <span class='ocrx_word' id='word_1_252' title='bbox 2614 688 2707 741; x_wconf 73' lang='grc' dir='ltr'><strong>καὶ</strong></span> <span class='ocrx_word' id='word_1_253' title='bbox 2733 688 2956 755; x_wconf 84' lang='grc' dir='ltr'>ἀφανῶς</span> <span class='ocrx_word' id='word_1_254' title='bbox 2992 687 3141 754; x_wconf 78' lang='grc' dir='ltr'>λέγει</span> <span class='ocrx_word' id='word_1_255' title='bbox 3178 688 3261 740; x_wconf 81' lang='grc' dir='ltr'>ὅτι</span> <span class='ocrx_word' id='word_1_256' title='bbox 3291 686 3464 748; x_wconf 69' lang='grc' dir='ltr'>οὐδεὶς</span> <span class='ocrx_word' id='word_1_257' title='bbox 3490 686 3599 737; x_wconf 82' lang='grc' dir='ltr'><strong>τῶν</strong></span> 
     </span>
    </p>
   </div>
   <div class='ocr_carea' id='block_1_35' title="bbox 2036 775 3599 848">
    <p class='ocr_par' dir='ltr' id='par_1_35' title="bbox 2036 775 3599 848">
     <span class='ocr_line' id='line_1_35' title="bbox 2036 775 3599 848; baseline -0.002 -17"><span class='ocrx_word' id='word_1_258' title='bbox 2036 776 2216 831; x_wconf 79' lang='grc' dir='ltr'>ἄλλων</span> <span class='ocrx_word' id='word_1_259' title='bbox 2251 777 2429 848; x_wconf 74' lang='grc' dir='ltr'>πάρεξ</span> <span class='ocrx_word' id='word_1_260' title='bbox 2476 778 2643 832; x_wconf 77' lang='grc' dir='ltr'>αὐτοῦ</span> <span class='ocrx_word' id='word_1_261' title='bbox 2690 775 2799 831; x_wconf 74' lang='grc' dir='ltr'>οἵδε</span> <span class='ocrx_word' id='word_1_262' title='bbox 2853 780 2905 832; x_wconf 88' lang='grc' dir='ltr'><strong>τί</strong></span> <span class='ocrx_word' id='word_1_263' title='bbox 2959 782 3129 844; x_wconf 82' lang='grc' dir='ltr'>ποιεί,</span> <span class='ocrx_word' id='word_1_264' title='bbox 3178 779 3225 830; x_wconf 84' lang='grc' dir='ltr'><strong>εί</strong></span> <span class='ocrx_word' id='word_1_265' title='bbox 3259 778 3333 846; x_wconf 68' lang='grc' dir='ltr'>μὴ</span> <span class='ocrx_word' id='word_1_266' title='bbox 3362 778 3433 829; x_wconf 70' lang='grc' dir='ltr'><strong>τὰ</strong></span> <span class='ocrx_word' id='word_1_267' title='bbox 3466 777 3599 845; x_wconf 85' lang='grc' dir='ltr'>παρ’</span> 
     </span>
    </p>
   </div>
   <div class='ocr_carea' id='block_1_36' title="bbox 2037 867 3600 937">
    <p class='ocr_par' dir='ltr' id='par_1_36' title="bbox 2037 867 3600 937">
     <span class='ocr_line' id='line_1_36' title="bbox 2037 867 3600 937; baseline -0.002 -17"><span class='ocrx_word' id='word_1_268' title='bbox 2037 867 2202 921; x_wconf 83' lang='grc' dir='ltr'>αὐτοῦ</span> <span class='ocrx_word' id='word_1_269' title='bbox 2233 869 2502 935; x_wconf 78' lang='grc' dir='ltr'>λεγόμενα</span> <span class='ocrx_word' id='word_1_270' title='bbox 2531 869 2624 921; x_wconf 80' lang='grc' dir='ltr'><strong>καὶ</strong></span> <span class='ocrx_word' id='word_1_271' title='bbox 2661 869 2963 936; x_wconf 80' lang='grc' dir='ltr'>ποιούμενα</span> <span class='ocrx_word' id='word_1_272' title='bbox 2986 867 3383 937; x_wconf 76' lang='grc' dir='ltr'>διισχυρίζεται</span> <span class='ocrx_word' id='word_1_273' title='bbox 3423 867 3600 935; x_wconf 84' lang='grc' dir='ltr'>ἀληθῆ</span> 
     </span>
    </p>
   </div>
   <div class='ocr_carea' id='block_1_37' title="bbox 2037 956 3600 1024">
    <p class='ocr_par' dir='ltr' id='par_1_37' title="bbox 2037 956 3600 1024">
     <span class='ocr_line' id='line_1_37' title="bbox 2037 956 3600 1024; baseline -0.003 -11"><span class='ocrx_word' id='word_1_274' title='bbox 2037 959 2131 1013; x_wconf 71' lang='grc' dir='ltr'>καὶ</span> <span class='ocrx_word' id='word_1_275' title='bbox 2162 959 2303 1011; x_wconf 78' lang='grc' dir='ltr'>καλὰ</span> <span class='ocrx_word' id='word_1_276' title='bbox 2330 956 2487 1023; x_wconf 78' lang='grc' dir='ltr'>εἶναι,</span> <span class='ocrx_word' id='word_1_277' title='bbox 2513 959 2606 1012; x_wconf 81' lang='grc' dir='ltr'><strong>καὶ</strong></span> <span class='ocrx_word' id='word_1_278' title='bbox 2631 959 2810 1012; x_wconf 85' lang='grc' dir='ltr'>πάντα</span> <span class='ocrx_word' id='word_1_279' title='bbox 2835 958 2986 1013; x_wconf 84' lang='grc' dir='ltr'>λίθον</span> <span class='ocrx_word' id='word_1_280' title='bbox 3014 961 3174 1022; x_wconf 76' lang='grc' dir='ltr'>κινεῖ,</span> <span class='ocrx_word' id='word_1_281' title='bbox 3205 959 3266 1012; x_wconf 84' lang='grc' dir='ltr'>τὸ</span> <span class='ocrx_word' id='word_1_282' title='bbox 3296 958 3388 1011; x_wconf 84' lang='grc' dir='ltr'><strong>τοῦ</strong></span> <span class='ocrx_word' id='word_1_283' title='bbox 3415 958 3600 1024; x_wconf 78' lang='grc' dir='ltr'>λόγου,</span> 
     </span>
    </p>
   </div>
   <div class='ocr_carea' id='block_1_38' title="bbox 2037 1044 3601 1113">
    <p class='ocr_par' dir='ltr' id='par_1_38' title="bbox 2037 1044 3601 1113">
     <span class='ocr_line' id='line_1_38' title="bbox 2037 1044 3601 1113; baseline -0.002 -15"><span class='ocrx_word' id='word_1_284' title='bbox 2037 1044 2113 1107; x_wconf 81' lang='grc' dir='ltr'>ὡς</span> <span class='ocrx_word' id='word_1_285' title='bbox 2144 1045 2239 1099; x_wconf 77' lang='grc' dir='ltr'>καὶ</span> <span class='ocrx_word' id='word_1_286' title='bbox 2266 1047 2429 1109; x_wconf 76' lang='grc' dir='ltr'>αὐτὸς</span> <span class='ocrx_word' id='word_1_287' title='bbox 2459 1046 2640 1110; x_wconf 87' lang='grc' dir='ltr'>καλῶς</span> <span class='ocrx_word' id='word_1_288' title='bbox 2667 1046 2978 1099; x_wconf 82' lang='grc' dir='ltr'>ἐπίστασαι.</span> <span class='ocrx_word' id='word_1_289' title='bbox 3022 1046 3081 1098; x_wconf 86' lang='lat'><strong>&#39;0</strong></span> <span class='ocrx_word' id='word_1_290' title='bbox 3127 1046 3303 1113; x_wconf 85' lang='grc' dir='ltr'>μέγας</span> <span class='ocrx_word' id='word_1_291' title='bbox 3350 1044 3601 1113; x_wconf 72' lang='grc' dir='ltr'>δομέστι-</span> 
     </span>
    </p>
   </div>
   <div class='ocr_carea' id='block_1_39' title="bbox 2038 1133 3603 1204">
    <p class='ocr_par' dir='ltr' id='par_1_39' title="bbox 2038 1133 3603 1204">
     <span class='ocr_line' id='line_1_39' title="bbox 2038 1133 3603 1204; baseline -0.001 -17"><span class='ocrx_word' id='word_1_292' title='bbox 2038 1150 2133 1193; x_wconf 85' lang='grc' dir='ltr'><strong>κος</strong></span> <span class='ocrx_word' id='word_1_293' title='bbox 2166 1134 2456 1204; x_wconf 83' lang='grc' dir='ltr'>ἐχθρωδῶς</span> <span class='ocrx_word' id='word_1_294' title='bbox 2504 1134 2777 1189; x_wconf 83' lang='grc' dir='ltr'>διάκειται</span> <span class='ocrx_word' id='word_1_295' title='bbox 2823 1137 2905 1196; x_wconf 81' lang='grc' dir='ltr'><strong>είς</strong></span> <span class='ocrx_word' id='word_1_296' title='bbox 2959 1133 3029 1187; x_wconf 77' lang='grc' dir='ltr'>τὰ</span> <span class='ocrx_word' id='word_1_297' title='bbox 3067 1134 3168 1203; x_wconf 81' lang='grc' dir='ltr'>τῆς</span> <span class='ocrx_word' id='word_1_298' title='bbox 3220 1134 3474 1203; x_wconf 80' lang='grc' dir='ltr'>Σερσίας,</span> <span class='ocrx_word' id='word_1_299' title='bbox 3509 1134 3603 1186; x_wconf 78' lang='grc' dir='ltr'><strong>καὶ</strong></span> 
     </span>
    </p>
   </div>
   <div class='ocr_carea' id='block_1_40' title="bbox 2036 1224 3601 1295">
    <p class='ocr_par' dir='ltr' id='par_1_40' title="bbox 2036 1224 3601 1295">
     <span class='ocr_line' id='line_1_40' title="bbox 2036 1224 3601 1295; baseline 0.002 -19"><span class='ocrx_word' id='word_1_300' title='bbox 2036 1225 2340 1295; x_wconf 83' lang='grc' dir='ltr'>ὁμονοήσας</span> <span class='ocrx_word' id='word_1_301' title='bbox 2395 1226 2536 1294; x_wconf 77' lang='grc' dir='ltr'>μετὰ</span> <span class='ocrx_word' id='word_1_302' title='bbox 2569 1226 2661 1278; x_wconf 79' lang='grc' dir='ltr'>τοῦ</span> <span class='ocrx_word' id='word_1_303' title='bbox 2704 1226 3165 1293; x_wconf 80' lang='grc' dir='ltr'>Καντακουζηνοῦ</span> <span class='ocrx_word' id='word_1_304' title='bbox 3204 1224 3453 1278; x_wconf 83' lang='grc' dir='ltr'>Ἰωάννου</span> <span class='ocrx_word' id='word_1_305' title='bbox 3490 1243 3601 1279; x_wconf 80' lang='grc' dir='ltr'>πα-</span> 
     </span>
    </p>
   </div>
   <div class='ocr_carea' id='block_1_41' title="bbox 2042 1315 3602 1385">
    <p class='ocr_par' dir='ltr' id='par_1_41' title="bbox 2042 1315 3602 1385">
     <span class='ocr_line' id='line_1_41' title="bbox 2042 1315 3602 1385; baseline 0 -18"><span class='ocrx_word' id='word_1_306' title='bbox 2042 1316 2391 1385; x_wconf 79' lang='grc' dir='ltr'>ροτρύνοντές</span> <span class='ocrx_word' id='word_1_307' title='bbox 2424 1332 2492 1383; x_wconf 90' lang='grc' dir='ltr'><strong>με</strong></span> <span class='ocrx_word' id='word_1_308' title='bbox 2521 1316 2610 1368; x_wconf 75' lang='grc' dir='ltr'>ἀεὶ</span> <span class='ocrx_word' id='word_1_309' title='bbox 2640 1316 2729 1369; x_wconf 79' lang='grc' dir='ltr'><strong>ἴνα</strong></span> <span class='ocrx_word' id='word_1_310' title='bbox 2758 1316 2820 1368; x_wconf 78' lang='grc' dir='ltr'>τὸ</span> <span class='ocrx_word' id='word_1_311' title='bbox 2850 1317 2948 1385; x_wconf 83' lang='grc' dir='ltr'>τῆς</span> <span class='ocrx_word' id='word_1_312' title='bbox 2976 1315 3389 1384; x_wconf 76' lang='grc' dir='ltr'>Τραπεζοῦντος</span> <span class='ocrx_word' id='word_1_313' title='bbox 3421 1332 3602 1370; x_wconf 82' lang='grc' dir='ltr'>συνοι-</span> 
     </span>
    </p>
   </div>
   <div class='ocr_carea' id='block_1_42' title="bbox 2039 1405 3606 1476">
    <p class='ocr_par' dir='ltr' id='par_1_42' title="bbox 2039 1405 3606 1476">
     <span class='ocr_line' id='line_1_42' title="bbox 2039 1405 3606 1476; baseline 0.003 -20"><span class='ocrx_word' id='word_1_314' title='bbox 2039 1405 2225 1458; x_wconf 80' lang='grc' dir='ltr'>κέσιον</span> <span class='ocrx_word' id='word_1_315' title='bbox 2282 1405 2521 1475; x_wconf 80' lang='grc' dir='ltr'>γένηται.</span> <span class='ocrx_word' id='word_1_316' title='bbox 2564 1407 2680 1459; x_wconf 85' lang='grc' dir='ltr'>Τίνι</span> <span class='ocrx_word' id='word_1_317' title='bbox 2727 1409 2832 1475; x_wconf 85' lang='grc' dir='ltr'>γὰρ</span> <span class='ocrx_word' id='word_1_318' title='bbox 2879 1406 3003 1460; x_wconf 86' lang='grc' dir='ltr'>τότε</span> <span class='ocrx_word' id='word_1_319' title='bbox 3043 1407 3319 1476; x_wconf 77' lang='grc' dir='ltr'>ἐδυνάμην</span> <span class='ocrx_word' id='word_1_320' title='bbox 3370 1407 3606 1475; x_wconf 75' lang='grc' dir='ltr'>συμϐου-</span> 
     </span>
    </p>
   </div>
   <div class='ocr_carea' id='block_1_43' title="bbox 2038 1499 3606 1573">
    <p class='ocr_par' dir='ltr' id='par_1_43' title="bbox 2038 1499 3606 1573">
     <span class='ocr_line' id='line_1_43' title="bbox 2038 1499 3606 1573; baseline 0.003 -22"><span class='ocrx_word' id='word_1_321' title='bbox 2038 1499 2293 1552; x_wconf 86' lang='grc' dir='ltr'>λεύεσθαι</span> <span class='ocrx_word' id='word_1_322' title='bbox 2313 1519 2329 1567; x_wconf 87' lang='grc'><strong>;</strong></span> <span class='ocrx_word' id='word_1_323' title='bbox 2351 1502 2507 1555; x_wconf 86' lang='grc' dir='ltr'><strong>Μετὰ</strong></span> <span class='ocrx_word' id='word_1_324' title='bbox 2532 1502 2783 1573; x_wconf 85' lang='grc' dir='ltr'>μοναχῶν</span> <span class='ocrx_word' id='word_1_325' title='bbox 2810 1503 2905 1557; x_wconf 73' lang='grc' dir='ltr'>καὶ</span> <span class='ocrx_word' id='word_1_326' title='bbox 2938 1502 3048 1558; x_wconf 90' lang='grc' dir='ltr'><strong>τῶν</strong></span> <span class='ocrx_word' id='word_1_327' title='bbox 3070 1503 3356 1569; x_wconf 84' lang='grc' dir='ltr'>τοιούτων;</span> <span class='ocrx_word' id='word_1_328' title='bbox 3390 1504 3606 1572; x_wconf 84' lang='grc' dir='ltr'>απράγ-</span> 
     </span>
    </p>
   </div>
   <div class='ocr_carea' id='block_1_44' title="bbox 2041 1591 3598 1667">
    <p class='ocr_par' dir='ltr' id='par_1_44' title="bbox 2041 1591 3598 1667">
     <span class='ocr_line' id='line_1_44' title="bbox 2041 1591 3598 1667; baseline 0.003 -25"><span class='ocrx_word' id='word_1_329' title='bbox 2041 1591 2202 1660; x_wconf 80' lang='grc' dir='ltr'>μονές</span> <span class='ocrx_word' id='word_1_330' title='bbox 2228 1593 2358 1647; x_wconf 85' lang='grc' dir='ltr'>είσι.</span> <span class='ocrx_word' id='word_1_331' title='bbox 2408 1594 2567 1647; x_wconf 82' lang='grc' dir='ltr'><strong>Μετὰ</strong></span> <span class='ocrx_word' id='word_1_332' title='bbox 2617 1594 2921 1664; x_wconf 76' lang='grc' dir='ltr'>ἀρχόντωνς</span> <span class='ocrx_word' id='word_1_333' title='bbox 2974 1597 3069 1648; x_wconf 72' lang='grc' dir='ltr'>καὶ</span> <span class='ocrx_word' id='word_1_334' title='bbox 3096 1597 3273 1657; x_wconf 69' lang='grc' dir='ltr'>οὐδεὶς</span> <span class='ocrx_word' id='word_1_335' title='bbox 3310 1595 3598 1667; x_wconf 75' lang='grc' dir='ltr'>ἐφρόντιζε</span> 
     </span>
    </p>
   </div>
   <div class='ocr_carea' id='block_1_45' title="bbox 2042 1681 3605 1756">
    <p class='ocr_par' dir='ltr' id='par_1_45' title="bbox 2042 1681 3605 1756">
     <span class='ocr_line' id='line_1_45' title="bbox 2042 1681 3605 1756; baseline 0.003 -24"><span class='ocrx_word' id='word_1_336' title='bbox 2042 1681 2120 1749; x_wconf 85' lang='grc' dir='ltr'>μὴ</span> <span class='ocrx_word' id='word_1_337' title='bbox 2153 1682 2513 1751; x_wconf 85' lang='grc' dir='ltr'>προκείμενός</span> <span class='ocrx_word' id='word_1_338' title='bbox 2546 1700 2672 1747; x_wconf 89' lang='grc' dir='ltr'>τινι,</span> <span class='ocrx_word' id='word_1_339' title='bbox 2709 1686 2783 1756; x_wconf 88' lang='grc' dir='ltr'>μή</span> <span class='ocrx_word' id='word_1_340' title='bbox 2826 1703 2943 1748; x_wconf 86' lang='grc' dir='ltr'><strong>πως</strong></span> <span class='ocrx_word' id='word_1_341' title='bbox 2967 1685 3302 1756; x_wconf 81' lang='grc' dir='ltr'>δημοσιεύσῃ</span> <span class='ocrx_word' id='word_1_342' title='bbox 3329 1686 3467 1738; x_wconf 70' lang='grc' dir='ltr'>αὐτὰ</span> <span class='ocrx_word' id='word_1_343' title='bbox 3492 1687 3605 1746; x_wconf 88' lang='grc' dir='ltr'>τοῖς</span> 
     </span>
    </p>
   </div>
   <div class='ocr_carea' id='block_1_46' title="bbox 2042 1770 3606 1845">
    <p class='ocr_par' dir='ltr' id='par_1_46' title="bbox 2042 1770 3606 1845">
     <span class='ocr_line' id='line_1_46' title="bbox 2042 1770 3606 1845; baseline 0.003 -22"><span class='ocrx_word' id='word_1_344' title='bbox 2042 1770 2244 1833; x_wconf 78' lang='grc' dir='ltr'>ἄλλοις.</span> <span class='ocrx_word' id='word_1_345' title='bbox 2280 1773 2481 1825; x_wconf 86' lang='grc' dir='ltr'>Λοιπὸν</span> <span class='ocrx_word' id='word_1_346' title='bbox 2505 1774 2666 1843; x_wconf 88' lang='grc'><strong>222</strong></span> <span class='ocrx_word' id='word_1_347' title='bbox 2697 1774 2810 1842; x_wconf 87' lang='grc' dir='ltr'>ἐγὼ</span> <span class='ocrx_word' id='word_1_348' title='bbox 2842 1776 3229 1829; x_wconf 84' lang='grc' dir='ltr'>ἐδεινοπάθουν</span> <span class='ocrx_word' id='word_1_349' title='bbox 3250 1778 3330 1837; x_wconf 84' lang='grc' dir='ltr'><strong>εἰς</strong></span> <span class='ocrx_word' id='word_1_350' title='bbox 3360 1777 3461 1844; x_wconf 75' lang='grc' dir='ltr'>τὴν</span> <span class='ocrx_word' id='word_1_351' title='bbox 3508 1778 3606 1845; x_wconf 84' lang='grc' dir='ltr'><strong>σὴν</strong></span> 
     </span>
    </p>
   </div>
   <div class='ocr_carea' id='block_1_47' title="bbox 2042 1862 3606 1935">
    <p class='ocr_par' dir='ltr' id='par_1_47' title="bbox 2042 1862 3606 1935">
     <span class='ocr_line' id='line_1_47' title="bbox 2042 1862 3606 1935; baseline 0.003 -20"><span class='ocrx_word' id='word_1_352' title='bbox 2042 1862 2378 1932; x_wconf 80' lang='grc' dir='ltr'>βραδύτητα.</span> <span class='ocrx_word' id='word_1_353' title='bbox 2424 1865 2719 1934; x_wconf 87' lang='grc' dir='ltr'>Ἐλθούσης</span> <span class='ocrx_word' id='word_1_354' title='bbox 2749 1868 2806 1919; x_wconf 87' lang='grc' dir='ltr'><strong>δέ</strong></span> <span class='ocrx_word' id='word_1_355' title='bbox 2833 1865 2933 1934; x_wconf 83' lang='grc' dir='ltr'>τῆς</span> <span class='ocrx_word' id='word_1_356' title='bbox 2962 1868 3182 1935; x_wconf 81' lang='grc' dir='ltr'>γραφῆς</span> <span class='ocrx_word' id='word_1_357' title='bbox 3218 1884 3335 1931; x_wconf 84' lang='grc' dir='ltr'>σου,</span> <span class='ocrx_word' id='word_1_358' title='bbox 3368 1867 3478 1919; x_wconf 75' lang='grc' dir='ltr'>ἰδοὺ</span> <span class='ocrx_word' id='word_1_359' title='bbox 3513 1870 3606 1919; x_wconf 81' lang='grc' dir='ltr'>καὶ</span> 
     </span>
    </p>
   </div>
   <div class='ocr_carea' id='block_1_48' title="bbox 2042 1953 3608 2027">
    <p class='ocr_par' dir='ltr' id='par_1_48' title="bbox 2042 1953 3608 2027">
     <span class='ocr_line' id='line_1_48' title="bbox 2042 1953 3608 2027; baseline 0.002 -21"><span class='ocrx_word' id='word_1_360' title='bbox 2042 1953 2103 2006; x_wconf 69' lang='grc' dir='ltr'><strong>σὲ</strong></span> <span class='ocrx_word' id='word_1_361' title='bbox 2139 1956 2234 2007; x_wconf 72' lang='grc' dir='ltr'><strong>καὶ</strong></span> <span class='ocrx_word' id='word_1_362' title='bbox 2269 1956 2368 2025; x_wconf 82' lang='grc' dir='ltr'>τὴν</span> <span class='ocrx_word' id='word_1_363' title='bbox 2398 1956 2630 2027; x_wconf 84' lang='grc' dir='ltr'>γνώμην</span> <span class='ocrx_word' id='word_1_364' title='bbox 2671 1973 2763 2010; x_wconf 92' lang='grc' dir='ltr'>σου</span> <span class='ocrx_word' id='word_1_365' title='bbox 2798 1957 3037 2025; x_wconf 79' lang='grc' dir='ltr'>ἐγνωκαο</span> <span class='ocrx_word' id='word_1_366' title='bbox 3064 1960 3157 2011; x_wconf 78' lang='grc' dir='ltr'>καὶ</span> <span class='ocrx_word' id='word_1_367' title='bbox 3184 1956 3220 2011; x_wconf 74' lang='grc' dir='ltr'><strong>ἃ.</strong></span> <span class='ocrx_word' id='word_1_368' title='bbox 3249 1958 3470 2027; x_wconf 74' lang='grc' dir='ltr'>εἴχομεν</span> <span class='ocrx_word' id='word_1_369' title='bbox 3510 1959 3608 2009; x_wconf 77' lang='grc' dir='ltr'>καὶ</span> 
     </span>
    </p>
   </div>
   <div class='ocr_carea' id='block_1_49' title="bbox 2040 2046 3602 2120">
    <p class='ocr_par' dir='ltr' id='par_1_49' title="bbox 2040 2046 3602 2120">
     <span class='ocr_line' id='line_1_49' title="bbox 2040 2046 3602 2120; baseline 0.004 -24"><span class='ocrx_word' id='word_1_370' title='bbox 2040 2046 2203 2114; x_wconf 80' lang='grc' dir='ltr'>ἡμεῖς</span> <span class='ocrx_word' id='word_1_371' title='bbox 2231 2052 2733 2119; x_wconf 84' lang='grc' dir='ltr'>προσυνιστάμενα,</span> <span class='ocrx_word' id='word_1_372' title='bbox 2753 2051 3036 2120; x_wconf 82' lang='grc' dir='ltr'>φρονίμως</span> <span class='ocrx_word' id='word_1_373' title='bbox 3065 2050 3162 2105; x_wconf 78' lang='grc' dir='ltr'>καὶ</span> <span class='ocrx_word' id='word_1_374' title='bbox 3184 2050 3367 2111; x_wconf 83' lang='grc' dir='ltr'>καλῶς</span> <span class='ocrx_word' id='word_1_375' title='bbox 3389 2048 3602 2111; x_wconf 78' lang='grc' dir='ltr'>ἔλυσας.</span> 
     </span>
    </p>
   </div>
   <div class='ocr_carea' id='block_1_50' title="bbox 2040 2136 3607 2209">
    <p class='ocr_par' dir='ltr' id='par_1_50' title="bbox 2040 2136 3607 2209">
     <span class='ocr_line' id='line_1_50' title="bbox 2040 2136 3607 2209; baseline 0.003 -22"><span class='ocrx_word' id='word_1_376' title='bbox 2040 2136 2147 2188; x_wconf 55' lang='grc' dir='ltr'><strong>Καὶ⁵</strong></span> <span class='ocrx_word' id='word_1_377' title='bbox 2210 2138 2372 2201; x_wconf 73' lang='grc' dir='ltr'>εὐθὺς</span> <span class='ocrx_word' id='word_1_378' title='bbox 2428 2138 2523 2192; x_wconf 74' lang='grc' dir='ltr'>τὸν</span> <span class='ocrx_word' id='word_1_379' title='bbox 2576 2141 2943 2208; x_wconf 86' lang='grc' dir='ltr'>Παλαιολόγον</span> <span class='ocrx_word' id='word_1_380' title='bbox 2996 2141 3090 2195; x_wconf 73' lang='grc' dir='ltr'>καὶ</span> <span class='ocrx_word' id='word_1_381' title='bbox 3148 2141 3240 2193; x_wconf 80' lang='grc' dir='ltr'>τὸν</span> <span class='ocrx_word' id='word_1_382' title='bbox 3297 2139 3607 2209; x_wconf 77' lang='grc' dir='ltr'>Εὐδαίμονα</span> 
     </span>
    </p>
   </div>
   <div class='ocr_carea' id='block_1_51' title="bbox 2052 2227 3605 2301">
    <p class='ocr_par' dir='ltr' id='par_1_51' title="bbox 2052 2227 3605 2301">
     <span class='ocr_line' id='line_1_51' title="bbox 2052 2227 3605 2301; baseline 0.002 -20"><span class='ocrx_word' id='word_1_383' title='bbox 2052 2227 2307 2299; x_wconf 82' lang='grc' dir='ltr'>Ἰωάννην</span> <span class='ocrx_word' id='word_1_384' title='bbox 2341 2230 2664 2295; x_wconf 72' lang='grc' dir='ltr'>ἀπέστειλα,</span> <span class='ocrx_word' id='word_1_385' title='bbox 2713 2231 2780 2284; x_wconf 74' lang='grc' dir='ltr'>δι’</span> <span class='ocrx_word' id='word_1_386' title='bbox 2810 2232 2944 2286; x_wconf 75' lang='grc' dir='ltr'>ἄλλα</span> <span class='ocrx_word' id='word_1_387' title='bbox 3006 2233 3105 2301; x_wconf 72' lang='grc' dir='ltr'>μὲν</span> <span class='ocrx_word' id='word_1_388' title='bbox 3143 2233 3204 2285; x_wconf 87' lang='grc' dir='ltr'>τὸ</span> <span class='ocrx_word' id='word_1_389' title='bbox 3255 2230 3605 2301; x_wconf 80' lang='grc' dir='ltr'>φαινόμενον.</span> 
     </span>
    </p>
   </div>
   <div class='ocr_carea' id='block_1_52' title="bbox 2038 2319 3608 2393">
    <p class='ocr_par' dir='ltr' id='par_1_52' title="bbox 2038 2319 3608 2393">
     <span class='ocr_line' id='line_1_52' title="bbox 2038 2319 3608 2393; baseline 0.003 -22"><span class='ocrx_word' id='word_1_390' title='bbox 2038 2319 2115 2381; x_wconf 86' lang='grc' dir='ltr'><strong>ὡς</strong></span> <span class='ocrx_word' id='word_1_391' title='bbox 2146 2320 2256 2373; x_wconf 56' lang='grc' dir='ltr'><strong>ἀπὸ</strong></span> <span class='ocrx_word' id='word_1_392' title='bbox 2306 2322 2409 2389; x_wconf 81' lang='grc' dir='ltr'><strong>τῆς</strong></span> <span class='ocrx_word' id='word_1_393' title='bbox 2466 2322 2617 2384; x_wconf 90' lang='grc' dir='ltr'>θείας</span> <span class='ocrx_word' id='word_1_394' title='bbox 2659 2323 2823 2376; x_wconf 74' lang='grc' dir='ltr'>αὑτοῦ</span> <span class='ocrx_word' id='word_1_395' title='bbox 2870 2325 2973 2392; x_wconf 83' lang='grc' dir='ltr'><strong>τῆς</strong></span> <span class='ocrx_word' id='word_1_396' title='bbox 3016 2324 3608 2393; x_wconf 82' lang='grc' dir='ltr'>πρωτοστρατορίσσης</span> 
     </span>
    </p>
   </div>
   <div class='ocr_carea' id='block_1_53' title="bbox 2039 2409 3607 2483">
    <p class='ocr_par' dir='ltr' id='par_1_53' title="bbox 2039 2409 3607 2483">
     <span class='ocr_line' id='line_1_53' title="bbox 2039 2409 3607 2483; baseline 0.004 -22"><span class='ocrx_word' id='word_1_397' title='bbox 2039 2409 2172 2481; x_wconf 76' lang='grc' dir='ltr'>εἴπῃ</span> <span class='ocrx_word' id='word_1_398' title='bbox 2205 2410 2385 2463; x_wconf 80' lang='grc' dir='ltr'>τοῦτο.</span> <span class='ocrx_word' id='word_1_399' title='bbox 2415 2412 2524 2465; x_wconf 70' lang='grc' dir='ltr'><strong>Καὶ</strong></span> <span class='ocrx_word' id='word_1_400' title='bbox 2576 2413 2685 2466; x_wconf 71' lang='grc' dir='ltr'>ἰδοὺ</span> <span class='ocrx_word' id='word_1_401' title='bbox 2722 2413 3037 2483; x_wconf 77' lang='grc' dir='ltr'>ἠκούσαμεν</span> <span class='ocrx_word' id='word_1_402' title='bbox 3068 2415 3128 2466; x_wconf 79' lang='grc' dir='ltr'><strong>τὸ</strong></span> <span class='ocrx_word' id='word_1_403' title='bbox 3170 2416 3345 2467; x_wconf 85' lang='grc' dir='ltr'>αίτιον</span> <span class='ocrx_word' id='word_1_404' title='bbox 3373 2414 3466 2467; x_wconf 84' lang='grc' dir='ltr'><strong>τοῦ</strong></span> <span class='ocrx_word' id='word_1_405' title='bbox 3498 2432 3607 2468; x_wconf 87' lang='grc' dir='ltr'>κω-</span> 
     </span>
    </p>
   </div>
   <div class='ocr_carea' id='block_1_54' title="bbox 2037 2501 3604 2577">
    <p class='ocr_par' dir='ltr' id='par_1_54' title="bbox 2037 2501 3604 2577">
     <span class='ocr_line' id='line_1_54' title="bbox 2037 2501 3604 2577; baseline 0.004 -25"><span class='ocrx_word' id='word_1_406' title='bbox 2037 2501 2301 2571; x_wconf 73' lang='grc' dir='ltr'>λύματος,</span> <span class='ocrx_word' id='word_1_407' title='bbox 2333 2504 2426 2555; x_wconf 72' lang='grc' dir='ltr'>καὶ</span> <span class='ocrx_word' id='word_1_408' title='bbox 2481 2503 2821 2573; x_wconf 79' lang='grc' dir='ltr'>ἐπαύσαμεν.</span> <span class='ocrx_word' id='word_1_409' title='bbox 2858 2506 3057 2558; x_wconf 82' lang='grc' dir='ltr'>Λοιπὸν</span> <span class='ocrx_word' id='word_1_410' title='bbox 3091 2508 3188 2559; x_wconf 74' lang='grc' dir='ltr'><strong>σὺν</strong></span> <span class='ocrx_word' id='word_1_411' title='bbox 3220 2507 3340 2577; x_wconf 86' lang='grc' dir='ltr'><strong>Θεῷ</strong></span> <span class='ocrx_word' id='word_1_412' title='bbox 3369 2506 3604 2560; x_wconf 82' lang='grc' dir='ltr'>τελέσω-</span> 
     </span>
    </p>
   </div>
   <div class='ocr_carea' id='block_1_55' title="bbox 2044 2593 3606 2666">
    <p class='ocr_par' dir='ltr' id='par_1_55' title="bbox 2044 2593 3606 2666">
     <span class='ocr_line' id='line_1_55' title="bbox 2044 2593 3606 2666; baseline 0.004 -23"><span class='ocrx_word' id='word_1_413' title='bbox 2044 2608 2144 2660; x_wconf 89' lang='grc' dir='ltr'><strong>μεν</strong></span> <span class='ocrx_word' id='word_1_414' title='bbox 2173 2593 2234 2644; x_wconf 81' lang='grc' dir='ltr'>τὸ</span> <span class='ocrx_word' id='word_1_415' title='bbox 2265 2594 2357 2645; x_wconf 77' lang='grc' dir='ltr'><strong>τοῦ</strong></span> <span class='ocrx_word' id='word_1_416' title='bbox 2388 2593 2653 2663; x_wconf 81' lang='grc' dir='ltr'>βασιλέως</span> <span class='ocrx_word' id='word_1_417' title='bbox 2686 2596 2784 2665; x_wconf 79' lang='grc' dir='ltr'><strong>τῆς</strong></span> <span class='ocrx_word' id='word_1_418' title='bbox 2815 2595 3081 2666; x_wconf 75' lang='grc' dir='ltr'>Ἰϐηρίας.</span> <span class='ocrx_word' id='word_1_419' title='bbox 3116 2615 3136 2649; x_wconf 75' lang='grc' dir='ltr'><strong>ι</strong></span> <span class='ocrx_word' id='word_1_420' title='bbox 3179 2599 3290 2651; x_wconf 78' lang='grc' dir='ltr'><strong>Καὶ</strong></span> <span class='ocrx_word' id='word_1_421' title='bbox 3319 2598 3606 2666; x_wconf 80' lang='grc' dir='ltr'>γεγονότος</span> 
     </span>
    </p>
   </div>
   <div class='ocr_carea' id='block_1_56' title="bbox 2042 2682 3604 2758">
    <p class='ocr_par' dir='ltr' id='par_1_56' title="bbox 2042 2682 3604 2758">
     <span class='ocr_line' id='line_1_56' title="bbox 2042 2682 3604 2758; baseline 0.005 -24"><span class='ocrx_word' id='word_1_422' title='bbox 2042 2682 2440 2751; x_wconf 77' lang='grc' dir='ltr'>χρυσοὸούλλου</span> <span class='ocrx_word' id='word_1_423' title='bbox 2474 2688 2567 2737; x_wconf 78' lang='grc' dir='ltr'>καὶ</span> <span class='ocrx_word' id='word_1_424' title='bbox 2598 2687 3033 2755; x_wconf 76' lang='grc' dir='ltr'>ὑπογραφέντος,</span> <span class='ocrx_word' id='word_1_425' title='bbox 3088 2690 3363 2758; x_wconf 78' lang='grc' dir='ltr'>περιεῖχεν</span> <span class='ocrx_word' id='word_1_426' title='bbox 3410 2688 3604 2751; x_wconf 78' lang='grc' dir='ltr'>οὕτως,</span> 
     </span>
    </p>
   </div>
   <div class='ocr_carea' id='block_1_57' title="bbox 2041 2773 3608 2848">
    <p class='ocr_par' dir='ltr' id='par_1_57' title="bbox 2041 2773 3608 2848">
     <span class='ocr_line' id='line_1_57' title="bbox 2041 2773 3608 2848; baseline 0.003 -24"><span class='ocrx_word' id='word_1_427' title='bbox 2041 2773 2122 2824; x_wconf 82' lang='grc' dir='ltr'><strong>ὅτι</strong></span> <span class='ocrx_word' id='word_1_428' title='bbox 2151 2773 2360 2827; x_wconf 77' lang='grc' dir='ltr'>ἐκείνου</span> <span class='ocrx_word' id='word_1_429' title='bbox 2387 2774 2488 2842; x_wconf 86' lang='grc' dir='ltr'>μὲν</span> <span class='ocrx_word' id='word_1_430' title='bbox 2524 2776 2829 2847; x_wconf 84' lang='grc' dir='ltr'>ήθυγάτηρ</span> <span class='ocrx_word' id='word_1_431' title='bbox 2863 2776 3006 2829; x_wconf 75' lang='grc' dir='ltr'>ἔστω</span> <span class='ocrx_word' id='word_1_432' title='bbox 3040 2779 3176 2848; x_wconf 81' lang='grc' dir='ltr'>γυνὴ</span> <span class='ocrx_word' id='word_1_433' title='bbox 3207 2777 3302 2831; x_wconf 81' lang='grc' dir='ltr'><strong>τοῦ</strong></span> <span class='ocrx_word' id='word_1_434' title='bbox 3341 2777 3608 2847; x_wconf 77' lang='grc' dir='ltr'>βασιλέως</span> 
     </span>
    </p>
   </div>
   <div class='ocr_carea' id='block_1_58' title="bbox 2042 2864 3608 2933">
    <p class='ocr_par' dir='ltr' id='par_1_58' title="bbox 2042 2864 3608 2933">
     <span class='ocr_line' id='line_1_58' title="bbox 2042 2864 3608 2933; baseline 0.004 -19"><span class='ocrx_word' id='word_1_435' title='bbox 2042 2865 2132 2915; x_wconf 70' lang='grc' dir='ltr'>καὶ</span> <span class='ocrx_word' id='word_1_436' title='bbox 2177 2864 2436 2918; x_wconf 81' lang='grc' dir='ltr'>δέσποινα</span> <span class='ocrx_word' id='word_1_437' title='bbox 2478 2867 2576 2933; x_wconf 84' lang='grc' dir='ltr'>τῆς</span> <span class='ocrx_word' id='word_1_438' title='bbox 2626 2870 3272 2933; x_wconf 82' lang='grc' dir='ltr'>Κωνσταντινουπόλεως,</span> <span class='ocrx_word' id='word_1_439' title='bbox 3320 2870 3414 2921; x_wconf 75' lang='grc' dir='ltr'>καὶ</span> <span class='ocrx_word' id='word_1_440' title='bbox 3445 2871 3608 2933; x_wconf 72' lang='grc' dir='ltr'>αὐτὸς</span> 
     </span>
    </p>
   </div>
   <div class='ocr_carea' id='block_1_59' title="bbox 2040 2955 3610 3031">
    <p class='ocr_par' dir='ltr' id='par_1_59' title="bbox 2040 2955 3610 3031">
     <span class='ocr_line' id='line_1_59' title="bbox 2040 2955 3610 3031; baseline 0.004 -24"><span class='ocrx_word' id='word_1_441' title='bbox 2040 2955 2105 3023; x_wconf 82' lang='grc' dir='ltr'>δὴ</span> <span class='ocrx_word' id='word_1_442' title='bbox 2135 2957 2161 3007; x_wconf 89' lang='lat'><strong>6</strong></span> <span class='ocrx_word' id='word_1_443' title='bbox 2197 2955 2456 3021; x_wconf 73' lang='grc' dir='ltr'>βασιλεὺς</span> <span class='ocrx_word' id='word_1_444' title='bbox 2501 2956 2642 3010; x_wconf 77' lang='grc' dir='ltr'><strong>ἔστω</strong></span> <span class='ocrx_word' id='word_1_445' title='bbox 2694 2959 2835 3029; x_wconf 85' lang='grc' dir='ltr'>ἀνὴρ</span> <span class='ocrx_word' id='word_1_446' title='bbox 2868 2961 3061 3031; x_wconf 71' lang='grc' dir='ltr'>αὐτῆς,</span> <span class='ocrx_word' id='word_1_447' title='bbox 3110 2962 3255 3015; x_wconf 79' lang='grc' dir='ltr'>κατὰ</span> <span class='ocrx_word' id='word_1_448' title='bbox 3293 2962 3473 3025; x_wconf 80' lang='grc' dir='ltr'>πάσας</span> <span class='ocrx_word' id='word_1_449' title='bbox 3511 2962 3610 3024; x_wconf 78' lang='grc' dir='ltr'>τὰς</span> 
     </span>
    </p>
   </div>
   <div class='ocr_carea' id='block_1_60' title="bbox 2044 3045 3610 3123">
    <p class='ocr_par' dir='ltr' id='par_1_60' title="bbox 2044 3045 3610 3123">
     <span class='ocr_line' id='line_1_60' title="bbox 2044 3045 3610 3123; baseline 0.006 -26"><span class='ocrx_word' id='word_1_450' title='bbox 2044 3047 2362 3114; x_wconf 70' lang='grc' dir='ltr'>συμφωκίας</span> <span class='ocrx_word' id='word_1_451' title='bbox 2393 3045 2459 3110; x_wconf 80' lang='grc' dir='ltr'><strong>ἀς</strong></span> <span class='ocrx_word' id='word_1_452' title='bbox 2495 3048 2615 3117; x_wconf 80' lang='grc' dir='ltr'>μετ’</span> <span class='ocrx_word' id='word_1_453' title='bbox 2644 3051 2778 3119; x_wconf 83' lang='grc' dir='ltr'>ἐμοῦ</span> <span class='ocrx_word' id='word_1_454' title='bbox 2812 3051 3041 3121; x_wconf 77' lang='grc' dir='ltr'>ἔστησεν</span> <span class='ocrx_word' id='word_1_455' title='bbox 3087 3055 3114 3106; x_wconf 94' lang='lat'><strong>6</strong></span> <span class='ocrx_word' id='word_1_456' title='bbox 3151 3053 3342 3123; x_wconf 76' lang='grc' dir='ltr'>ῥηθεὶς</span> <span class='ocrx_word' id='word_1_457' title='bbox 3379 3052 3481 3123; x_wconf 78' lang='grc' dir='ltr'>ρὴξ</span> <span class='ocrx_word' id='word_1_458' title='bbox 3510 3055 3610 3121; x_wconf 82' lang='grc' dir='ltr'>τῆς</span> 
     </span>
    </p>
   </div>
   <div class='ocr_carea' id='block_1_61' title="bbox 371 3127 3609 3219">
    <p class='ocr_par' dir='ltr' id='par_1_61' title="bbox 371 3127 3609 3219">
     <span class='ocr_line' id='line_1_61' title="bbox 371 3127 3609 3219; baseline 0.007 -41"><span class='ocrx_word' id='word_1_459' title='bbox 371 3127 579 3191; x_wconf 86' lang='grc' dir='ltr'>πάντας</span> <span class='ocrx_word' id='word_1_460' title='bbox 636 3132 958 3202; x_wconf 87' lang='grc' dir='ltr'>παθητικῶς</span> <span class='ocrx_word' id='word_1_461' title='bbox 1005 3138 1335 3196; x_wconf 79' lang='grc' dir='ltr'>διακεῖσθαι.</span> <span class='ocrx_word' id='word_1_462' title='bbox 1394 3141 1459 3194; x_wconf 88' lang='grc' dir='ltr'><strong>Ἦ</strong></span> <span class='ocrx_word' id='word_1_463' title='bbox 1514 3144 1683 3212; x_wconf 86' lang='grc' dir='ltr'>κυρία</span> <span class='ocrx_word' id='word_1_464' title='bbox 1735 3161 1838 3212; x_wconf 82' lang='grc' dir='ltr'><strong>μου</strong></span> <span class='ocrx_word' id='word_1_465' title='bbox 1904 3146 1937 3214; x_wconf 76' lang='grc' dir='ltr'>ἡ</span> <span class='ocrx_word' id='word_1_466' title='bbox 1966 3158 2012 3219; x_wconf 74' lang='lat' dir='ltr'><strong>c</strong></span> <span class='ocrx_word' id='word_1_467' title='bbox 2055 3138 2311 3208; x_wconf 78' lang='grc' dir='ltr'>Ἰϐηρίας.</span> <span class='ocrx_word' id='word_1_468' title='bbox 2369 3142 2478 3194; x_wconf 73' lang='grc' dir='ltr'><strong>Καὶ</strong></span> <span class='ocrx_word' id='word_1_469' title='bbox 2533 3141 2758 3213; x_wconf 75' lang='grc' dir='ltr'>κληθεὶς</span> <span class='ocrx_word' id='word_1_470' title='bbox 2816 3145 3091 3214; x_wconf 76' lang='grc' dir='ltr'>προσῆλθε</span> <span class='ocrx_word' id='word_1_471' title='bbox 3130 3146 3469 3200; x_wconf 86' lang='grc' dir='ltr'>κατενώπιον</span> <span class='ocrx_word' id='word_1_472' title='bbox 3514 3145 3609 3200; x_wconf 78' lang='grc' dir='ltr'>τοῦ</span> 
     </span>
    </p>
   </div>
   <div class='ocr_carea' id='block_1_62' title="bbox 369 3216 1932 3305">
    <p class='ocr_par' dir='ltr' id='par_1_62' title="bbox 369 3216 1932 3305">
     <span class='ocr_line' id='line_1_62' title="bbox 369 3216 1932 3305; baseline 0.013 -36"><span class='ocrx_word' id='word_1_473' title='bbox 369 3216 625 3274; x_wconf 76' lang='grc' dir='ltr'>δέσποινα</span> <span class='ocrx_word' id='word_1_474' title='bbox 658 3224 751 3277; x_wconf 76' lang='grc' dir='ltr'><strong>καὶ</strong></span> <span class='ocrx_word' id='word_1_475' title='bbox 790 3229 972 3295; x_wconf 75' lang='grc' dir='ltr'>μήτηρ</span> <span class='ocrx_word' id='word_1_476' title='bbox 1003 3228 1097 3279; x_wconf 84' lang='grc' dir='ltr'><strong>τοῦ</strong></span> <span class='ocrx_word' id='word_1_477' title='bbox 1147 3231 1416 3301; x_wconf 85' lang='grc' dir='ltr'>παρόντος</span> <span class='ocrx_word' id='word_1_478' title='bbox 1460 3232 1575 3302; x_wconf 85' lang='grc' dir='ltr'>βίου</span> <span class='ocrx_word' id='word_1_479' title='bbox 1610 3235 1932 3305; x_wconf 79' lang='grc' dir='ltr'>ἐξεδήμησε.</span> 
     </span>
    </p>
   </div>
   <div class='ocr_carea' id='block_1_63' title="bbox 372 3399 1938 3473">
    <p class='ocr_par' dir='ltr' id='par_1_63' title="bbox 372 3399 1938 3473">
     <span class='ocr_line' id='line_1_63' title="bbox 372 3399 1938 3473; baseline 0.011 -26"><span class='ocrx_word' id='word_1_480' title='bbox 372 3404 520 3448; x_wconf 91' lang='lat' dir='ltr'><strong>tuam</strong></span> <span class='ocrx_word' id='word_1_481' title='bbox 548 3409 613 3450; x_wconf 90' lang='lat' dir='ltr'><strong>ac</strong></span> <span class='ocrx_word' id='word_1_482' title='bbox 636 3399 876 3453; x_wconf 89' lang='lat' dir='ltr'><strong>studium</strong></span> <span class='ocrx_word' id='word_1_483' title='bbox 903 3401 1064 3455; x_wconf 89' lang='lat' dir='ltr'><strong>etiam</strong></span> <span class='ocrx_word' id='word_1_484' title='bbox 1092 3404 1266 3473; x_wconf 84' lang='lat' dir='ltr'><strong>magis</strong></span> <span class='ocrx_word' id='word_1_485' title='bbox 1299 3406 1605 3472; x_wconf 83' lang='lat' dir='ltr'><strong>conﬁrmat,</strong></span> <span class='ocrx_word' id='word_1_486' title='bbox 1632 3412 1938 3464; x_wconf 92' lang='lat' dir='ltr'><strong>communit</strong></span> 
     </span>
    </p>
   </div>
   <div class='ocr_carea' id='block_1_64' title="bbox 372 3487 1931 3571">
    <p class='ocr_par' dir='ltr' id='par_1_64' title="bbox 372 3487 1931 3571">
     <span class='ocr_line' id='line_1_64' title="bbox 372 3487 1931 3571; baseline 0.011 -32"><span class='ocrx_word' id='word_1_487' title='bbox 372 3497 425 3541; x_wconf 86' lang='lat' dir='ltr'><strong>et</strong></span> <span class='ocrx_word' id='word_1_488' title='bbox 448 3487 602 3552; x_wconf 88' lang='lat' dir='ltr'><strong>quasi</strong></span> <span class='ocrx_word' id='word_1_489' title='bbox 623 3489 890 3559; x_wconf 78' lang='lat' dir='ltr'><strong>obsignat,</strong></span> <span class='ocrx_word' id='word_1_490' title='bbox 922 3493 1133 3563; x_wconf 77' lang='lat' dir='ltr'><strong>tibique</strong></span> <span class='ocrx_word' id='word_1_491' title='bbox 1184 3496 1456 3566; x_wconf 90' lang='lat' dir='ltr'><strong>obligatus</strong></span> <span class='ocrx_word' id='word_1_492' title='bbox 1485 3515 1627 3562; x_wconf 85' lang='lat' dir='ltr'><strong>sum,</strong></span> <span class='ocrx_word' id='word_1_493' title='bbox 1655 3502 1835 3571; x_wconf 84' lang='lat' dir='ltr'><strong>quoad</strong></span> <span class='ocrx_word' id='word_1_494' title='bbox 1876 3503 1931 3558; x_wconf 88' lang='lat' dir='ltr'><strong>in</strong></span> 
     </span>
    </p>
   </div>
   <div class='ocr_carea' id='block_1_65' title="bbox 373 3579 1939 3662">
    <p class='ocr_par' dir='ltr' id='par_1_65' title="bbox 373 3579 1939 3662">
     <span class='ocr_line' id='line_1_65' title="bbox 373 3579 1939 3662; baseline 0.01 -32"><span class='ocrx_word' id='word_1_495' title='bbox 373 3579 512 3634; x_wconf 85' lang='lat' dir='ltr'><strong>vivis</strong></span> <span class='ocrx_word' id='word_1_496' title='bbox 540 3596 654 3647; x_wconf 90' lang='lat' dir='ltr'><strong>ero,</strong></span> <span class='ocrx_word' id='word_1_497' title='bbox 690 3597 813 3637; x_wconf 89' lang='lat' dir='ltr'><strong>cum</strong></span> <span class='ocrx_word' id='word_1_498' title='bbox 866 3599 1080 3656; x_wconf 85' lang='lat' dir='ltr'><strong>semper</strong></span> <span class='ocrx_word' id='word_1_499' title='bbox 1110 3603 1229 3643; x_wconf 86' lang='lat' dir='ltr'><strong>mea</strong></span> <span class='ocrx_word' id='word_1_500' title='bbox 1270 3603 1435 3644; x_wconf 90' lang='lat' dir='ltr'><strong>causa</strong></span> <span class='ocrx_word' id='word_1_501' title='bbox 1477 3608 1820 3662; x_wconf 78' lang='lat' dir='ltr'><strong>summopere</strong></span> <span class='ocrx_word' id='word_1_502' title='bbox 1861 3595 1939 3648; x_wconf 77' lang='lat' dir='ltr'><strong>la-</strong></span> 
     </span>
    </p>
   </div>
   <div class='ocr_carea' id='block_1_66' title="bbox 375 3671 1943 3754">
    <p class='ocr_par' dir='ltr' id='par_1_66' title="bbox 375 3671 1943 3754">
     <span class='ocr_line' id='line_1_66' title="bbox 375 3671 1943 3754; baseline 0.011 -31"><span class='ocrx_word' id='word_1_503' title='bbox 375 3671 674 3739; x_wconf 84' lang='lat' dir='ltr'><strong>horaveris,</strong></span> <span class='ocrx_word' id='word_1_504' title='bbox 710 3689 857 3730; x_wconf 91' lang='lat' dir='ltr'><strong>nunc</strong></span> <span class='ocrx_word' id='word_1_505' title='bbox 895 3691 1024 3733; x_wconf 87' lang='lat' dir='ltr'><strong>vero</strong></span> <span class='ocrx_word' id='word_1_506' title='bbox 1066 3690 1226 3733; x_wconf 78' lang='lat' dir='ltr'><strong>etiam</strong></span> <span class='ocrx_word' id='word_1_507' title='bbox 1268 3680 1490 3736; x_wconf 89' lang='lat' dir='ltr'><strong>domum</strong></span> <span class='ocrx_word' id='word_1_508' title='bbox 1524 3692 1669 3738; x_wconf 84' lang='lat' dir='ltr'><strong>tuam</strong></span> <span class='ocrx_word' id='word_1_509' title='bbox 1703 3700 1796 3754; x_wconf 88' lang='lat' dir='ltr'><strong>per</strong></span> <span class='ocrx_word' id='word_1_510' title='bbox 1824 3685 1943 3739; x_wconf 91' lang='lat' dir='ltr'><strong>lon-</strong></span> 
     </span>
    </p>
   </div>
   <div class='ocr_carea' id='block_1_67' title="bbox 378 3768 1939 3843">
    <p class='ocr_par' dir='ltr' id='par_1_67' title="bbox 378 3768 1939 3843">
     <span class='ocr_line' id='line_1_67' title="bbox 378 3768 1939 3843; baseline 0.01 -28"><span class='ocrx_word' id='word_1_511' title='bbox 378 3779 503 3831; x_wconf 88' lang='lat' dir='ltr'><strong>gqu</strong></span> <span class='ocrx_word' id='word_1_512' title='bbox 531 3773 746 3834; x_wconf 89' lang='lat' dir='ltr'><strong>tempus</strong></span> <span class='ocrx_word' id='word_1_513' title='bbox 778 3768 1091 3837; x_wconf 87' lang='lat' dir='ltr'><strong>reliqueris,</strong></span> <span class='ocrx_word' id='word_1_514' title='bbox 1127 3772 1318 3839; x_wconf 88' lang='lat' dir='ltr'><strong>procul</strong></span> <span class='ocrx_word' id='word_1_515' title='bbox 1358 3788 1386 3827; x_wconf 89' lang='lat' dir='ltr'><strong>a</strong></span> <span class='ocrx_word' id='word_1_516' title='bbox 1411 3776 1587 3843; x_wconf 89' lang='lat' dir='ltr'><strong>patria</strong></span> <span class='ocrx_word' id='word_1_517' title='bbox 1611 3786 1827 3831; x_wconf 80' lang='lat' dir='ltr'><strong>exteras</strong></span> <span class='ocrx_word' id='word_1_518' title='bbox 1856 3792 1939 3830; x_wconf 66' lang='grc' dir='ltr'><strong>τοι</strong></span> 
     </span>
    </p>
   </div>
   <div class='ocr_carea' id='block_1_68' title="bbox 377 3855 1941 3939">
    <p class='ocr_par' dir='ltr' id='par_1_68' title="bbox 377 3855 1941 3939">
     <span class='ocr_line' id='line_1_68' title="bbox 377 3855 1941 3939; baseline 0.008 -33"><span class='ocrx_word' id='word_1_519' title='bbox 377 3855 565 3923; x_wconf 83' lang='lat' dir='ltr'><strong>giones</strong></span> <span class='ocrx_word' id='word_1_520' title='bbox 596 3857 821 3913; x_wconf 89' lang='lat' dir='ltr'><strong>obiens:</strong></span> <span class='ocrx_word' id='word_1_521' title='bbox 860 3860 1003 3915; x_wconf 91' lang='lat' dir='ltr'><strong>unde</strong></span> <span class='ocrx_word' id='word_1_522' title='bbox 1031 3877 1178 3939; x_wconf 85' lang='lat' dir='ltr'><strong>eum,</strong></span> <span class='ocrx_word' id='word_1_523' title='bbox 1207 3864 1301 3931; x_wconf 87' lang='lat' dir='ltr'><strong>qui</strong></span> <span class='ocrx_word' id='word_1_524' title='bbox 1331 3864 1443 3918; x_wconf 89' lang='lat' dir='ltr'><strong>illic</strong></span> <span class='ocrx_word' id='word_1_525' title='bbox 1471 3875 1723 3934; x_wconf 73' lang='lat' dir='ltr'><strong>regnant.</strong></span> <span class='ocrx_word' id='word_1_526' title='bbox 1745 3882 1941 3935; x_wconf 87' lang='lat' dir='ltr'><strong>magna</strong></span> 
     </span>
    </p>
   </div>
   <div class='ocr_carea' id='block_1_69' title="bbox 377 3947 1942 4022">
    <p class='ocr_par' dir='ltr' id='par_1_69' title="bbox 377 3947 1942 4022">
     <span class='ocr_line' id='line_1_69' title="bbox 377 3947 1942 4022; baseline 0.007 -24"><span class='ocrx_word' id='word_1_527' title='bbox 377 3947 473 4000; x_wconf 89' lang='lat' dir='ltr'><strong>tibi</strong></span> <span class='ocrx_word' id='word_1_528' title='bbox 505 3947 646 4002; x_wconf 89' lang='lat' dir='ltr'><strong>doua</strong></span> <span class='ocrx_word' id='word_1_529' title='bbox 697 3950 1047 4020; x_wconf 84' lang='lat' dir='ltr'><strong>honoresque</strong></span> <span class='ocrx_word' id='word_1_530' title='bbox 1071 3953 1479 4022; x_wconf 78' lang='lat' dir='ltr'><strong>promitterent,</strong></span> <span class='ocrx_word' id='word_1_531' title='bbox 1508 3955 1697 4010; x_wconf 82' lang='lat' dir='ltr'><strong>Iberiae</strong></span> <span class='ocrx_word' id='word_1_532' title='bbox 1725 3957 1942 4011; x_wconf 86' lang='lat' dir='ltr'><strong>scilicet</strong></span> 
     </span>
    </p>
   </div>
   <div class='ocr_carea' id='block_1_70' title="bbox 376 4035 1941 4114">
    <p class='ocr_par' dir='ltr' id='par_1_70' title="bbox 376 4035 1941 4114">
     <span class='ocr_line' id='line_1_70' title="bbox 376 4035 1941 4114; baseline 0.006 -25"><span class='ocrx_word' id='word_1_533' title='bbox 376 4045 431 4090; x_wconf 85' lang='lat' dir='ltr'><strong>et</strong></span> <span class='ocrx_word' id='word_1_534' title='bbox 453 4035 557 4089; x_wconf 84' lang='lat' dir='ltr'><strong>Tra</strong></span> <span class='ocrx_word' id='word_1_535' title='bbox 569 4038 817 4105; x_wconf 86' lang='lat' dir='ltr'><strong>pezuntis</strong></span> <span class='ocrx_word' id='word_1_536' title='bbox 838 4040 1080 4108; x_wconf 72' lang='lat' dir='ltr'><strong>despotae</strong></span> <span class='ocrx_word' id='word_1_537' title='bbox 1104 4058 1388 4111; x_wconf 84' lang='lat' dir='ltr'><strong>regesque,</strong></span> <span class='ocrx_word' id='word_1_538' title='bbox 1413 4054 1641 4114; x_wconf 91' lang='lat' dir='ltr'><strong>uterque</strong></span> <span class='ocrx_word' id='word_1_539' title='bbox 1658 4055 1708 4098; x_wconf 91' lang='lat' dir='ltr'><strong>te</strong></span> <span class='ocrx_word' id='word_1_540' title='bbox 1723 4061 1941 4113; x_wconf 78' lang='lat' dir='ltr'><strong>rogans,</strong></span> 
     </span>
    </p>
   </div>
   <div class='ocr_carea' id='block_1_71' title="bbox 378 4128 1947 4206">
    <p class='ocr_par' dir='ltr' id='par_1_71' title="bbox 378 4128 1947 4206">
     <span class='ocr_line' id='line_1_71' title="bbox 378 4128 1947 4206; baseline 0.006 -23"><span class='ocrx_word' id='word_1_541' title='bbox 378 4128 477 4195; x_wconf 89' lang='lat' dir='ltr'><strong>ipsi</strong></span> <span class='ocrx_word' id='word_1_542' title='bbox 516 4137 575 4183; x_wconf 88' lang='lat' dir='ltr'><strong>ut</strong></span> <span class='ocrx_word' id='word_1_543' title='bbox 609 4129 936 4187; x_wconf 86' lang='lat' dir='ltr'><strong>conciliares</strong></span> <span class='ocrx_word' id='word_1_544' title='bbox 971 4134 1074 4186; x_wconf 87' lang='lat' dir='ltr'><strong>hoc</strong></span> <span class='ocrx_word' id='word_1_545' title='bbox 1108 4135 1472 4200; x_wconf 85' lang='lat' dir='ltr'><strong>conuubium,</strong></span> <span class='ocrx_word' id='word_1_546' title='bbox 1512 4145 1572 4190; x_wconf 90' lang='lat' dir='ltr'><strong>ut</strong></span> <span class='ocrx_word' id='word_1_547' title='bbox 1621 4138 1863 4206; x_wconf 78' lang='lat' dir='ltr'><strong>prudens</strong></span> <span class='ocrx_word' id='word_1_548' title='bbox 1892 4148 1947 4193; x_wconf 85' lang='lat' dir='ltr'><strong>et</strong></span> 
     </span>
    </p>
   </div>
   <div class='ocr_carea' id='block_1_72' title="bbox 380 4220 1947 4296">
    <p class='ocr_par' dir='ltr' id='par_1_72' title="bbox 380 4220 1947 4296">
     <span class='ocr_line' id='line_1_72' title="bbox 380 4220 1947 4296; baseline 0.007 -25"><span class='ocrx_word' id='word_1_549' title='bbox 380 4220 549 4274; x_wconf 79' lang='lat' dir='ltr'><strong>fidelis</strong></span> <span class='ocrx_word' id='word_1_550' title='bbox 582 4220 830 4276; x_wconf 86' lang='lat' dir='ltr'><strong>minister</strong></span> <span class='ocrx_word' id='word_1_551' title='bbox 852 4223 1139 4279; x_wconf 87' lang='lat' dir='ltr'><strong>decrevisti</strong></span> <span class='ocrx_word' id='word_1_552' title='bbox 1168 4233 1221 4277; x_wconf 93' lang='lat' dir='ltr'><strong>et</strong></span> <span class='ocrx_word' id='word_1_553' title='bbox 1252 4224 1451 4291; x_wconf 79' lang='lat' dir='ltr'><strong>fecisti,</strong></span> <span class='ocrx_word' id='word_1_554' title='bbox 1474 4227 1616 4296; x_wconf 75' lang='lat' dir='ltr'><strong>quod</strong></span> <span class='ocrx_word' id='word_1_555' title='bbox 1646 4227 1774 4281; x_wconf 89' lang='lat' dir='ltr'><strong>mihi</strong></span> <span class='ocrx_word' id='word_1_556' title='bbox 1800 4243 1947 4282; x_wconf 82' lang='lat' dir='ltr'><strong>com-</strong></span> 
     </span>
    </p>
   </div>
   <div class='ocr_carea' id='block_1_73' title="bbox 379 4315 1943 4386">
    <p class='ocr_par' dir='ltr' id='par_1_73' title="bbox 379 4315 1943 4386">
     <span class='ocr_line' id='line_1_73' title="bbox 379 4315 1943 4386; baseline 0.006 -22"><span class='ocrx_word' id='word_1_557' title='bbox 379 4315 597 4367; x_wconf 87' lang='lat' dir='ltr'><strong>modum</strong></span> <span class='ocrx_word' id='word_1_558' title='bbox 631 4325 686 4370; x_wconf 89' lang='lat' dir='ltr'><strong>et</strong></span> <span class='ocrx_word' id='word_1_559' title='bbox 707 4316 1057 4371; x_wconf 84' lang='lat' dir='ltr'><strong>utilissimum</strong></span> <span class='ocrx_word' id='word_1_560' title='bbox 1092 4325 1259 4384; x_wconf 85' lang='lat' dir='ltr'><strong>esset,</strong></span> <span class='ocrx_word' id='word_1_561' title='bbox 1286 4328 1334 4371; x_wconf 91' lang='lat' dir='ltr'><strong>et</strong></span> <span class='ocrx_word' id='word_1_562' title='bbox 1364 4319 1493 4386; x_wconf 91' lang='lat' dir='ltr'><strong>quid</strong></span> <span class='ocrx_word' id='word_1_563' title='bbox 1523 4319 1617 4373; x_wconf 89' lang='lat' dir='ltr'><strong>tibi</strong></span> <span class='ocrx_word' id='word_1_564' title='bbox 1644 4320 1943 4384; x_wconf 85' lang='lat' dir='ltr'><strong>videretur,</strong></span> 
     </span>
    </p>
   </div>
   <div class='ocr_carea' id='block_1_74' title="bbox 383 4406 1947 4480">
    <p class='ocr_par' dir='ltr' id='par_1_74' title="bbox 383 4406 1947 4480">
     <span class='ocr_line' id='line_1_74' title="bbox 383 4406 1947 4480; baseline 0.007 -26"><span class='ocrx_word' id='word_1_565' title='bbox 383 4419 474 4469; x_wconf 77' lang='lat' dir='ltr'><strong>per</strong></span> <span class='ocrx_word' id='word_1_566' title='bbox 504 4406 713 4462; x_wconf 84' lang='lat' dir='ltr'><strong>litteras</strong></span> <span class='ocrx_word' id='word_1_567' title='bbox 744 4409 875 4461; x_wconf 92' lang='lat' dir='ltr'><strong>mihi</strong></span> <span class='ocrx_word' id='word_1_568' title='bbox 904 4410 1151 4464; x_wconf 82' lang='lat' dir='ltr'><strong>suasisti.</strong></span> <span class='ocrx_word' id='word_1_569' title='bbox 1186 4410 1320 4464; x_wconf 88' lang='lat' dir='ltr'><strong>Illud</strong></span> <span class='ocrx_word' id='word_1_570' title='bbox 1344 4425 1597 4480; x_wconf 86' lang='lat' dir='ltr'><strong>magnum</strong></span> <span class='ocrx_word' id='word_1_571' title='bbox 1632 4412 1763 4465; x_wconf 93' lang='lat' dir='ltr'><strong>mihi</strong></span> <span class='ocrx_word' id='word_1_572' title='bbox 1794 4412 1947 4467; x_wconf 82' lang='lat' dir='ltr'><strong>testi-</strong></span> 
     </span>
    </p>
   </div>
   <div class='ocr_carea' id='block_1_75' title="bbox 2041 3230 3611 3310">
    <p class='ocr_par' dir='ltr' id='par_1_75' title="bbox 2041 3230 3611 3310">
     <span class='ocr_line' id='line_1_75' title="bbox 2041 3230 3611 3310; baseline 0.006 -28"><span class='ocrx_word' id='word_1_573' title='bbox 2041 3230 2307 3298; x_wconf 80' lang='grc' dir='ltr'>βασιλέως</span> <span class='ocrx_word' id='word_1_574' title='bbox 2342 3236 2369 3286; x_wconf 89' lang='lat'><strong>6</strong></span> <span class='ocrx_word' id='word_1_575' title='bbox 2404 3235 2467 3286; x_wconf 79' lang='grc' dir='ltr'><strong>ἐκ</strong></span> <span class='ocrx_word' id='word_1_576' title='bbox 2525 3234 2626 3302; x_wconf 78' lang='grc' dir='ltr'>τῆς</span> <span class='ocrx_word' id='word_1_577' title='bbox 2670 3236 2910 3306; x_wconf 69' lang='grc' dir='ltr'>Ἰϐηρίας</span> <span class='ocrx_word' id='word_1_578' title='bbox 2973 3238 3092 3307; x_wconf 80' lang='grc' dir='ltr'>μετ’</span> <span class='ocrx_word' id='word_1_579' title='bbox 3140 3239 3279 3310; x_wconf 80' lang='grc' dir='ltr'>ἐμοῦ</span> <span class='ocrx_word' id='word_1_580' title='bbox 3331 3238 3611 3310; x_wconf 86' lang='grc' dir='ltr'>ἐληλυθὼς</span> 
     </span>
    </p>
   </div>
   <div class='ocr_carea' id='block_1_76' title="bbox 2042 3408 3607 3481">
    <p class='ocr_par' dir='ltr' id='par_1_76' title="bbox 2042 3408 3607 3481">
     <span class='ocr_line' id='line_1_76' title="bbox 2042 3408 3607 3481; baseline 0.004 -20"><span class='ocrx_word' id='word_1_581' title='bbox 2042 3408 2217 3464; x_wconf 87' lang='lat' dir='ltr'><strong>Lucas</strong></span> <span class='ocrx_word' id='word_1_582' title='bbox 2267 3408 2498 3465; x_wconf 84' lang='lat' dir='ltr'><strong>Notaras</strong></span> <span class='ocrx_word' id='word_1_583' title='bbox 2557 3422 2741 3465; x_wconf 87' lang='lat' dir='ltr'><strong>autem</strong></span> <span class='ocrx_word' id='word_1_584' title='bbox 2792 3412 2968 3481; x_wconf 82' lang='lat' dir='ltr'><strong>palam</strong></span> <span class='ocrx_word' id='word_1_585' title='bbox 3014 3422 3069 3467; x_wconf 87' lang='lat' dir='ltr'><strong>et</strong></span> <span class='ocrx_word' id='word_1_586' title='bbox 3122 3413 3336 3468; x_wconf 84' lang='lat' dir='ltr'><strong>occulte</strong></span> <span class='ocrx_word' id='word_1_587' title='bbox 3371 3413 3607 3475; x_wconf 85' lang='lat' dir='ltr'><strong>dictitat.</strong></span> 
     </span>
    </p>
   </div>
   <div class='ocr_carea' id='block_1_77' title="bbox 2044 3502 3610 3572">
    <p class='ocr_par' dir='ltr' id='par_1_77' title="bbox 2044 3502 3610 3572">
     <span class='ocr_line' id='line_1_77' title="bbox 2044 3502 3610 3572; baseline 0.004 -20"><span class='ocrx_word' id='word_1_588' title='bbox 2044 3511 2236 3567; x_wconf 69' lang='lat' dir='ltr'><strong>praeter</strong></span> <span class='ocrx_word' id='word_1_589' title='bbox 2268 3516 2327 3556; x_wconf 83' lang='lat' dir='ltr'><strong>se</strong></span> <span class='ocrx_word' id='word_1_590' title='bbox 2372 3502 2646 3556; x_wconf 90' lang='lat' dir='ltr'><strong>nemiuem</strong></span> <span class='ocrx_word' id='word_1_591' title='bbox 2674 3504 2919 3558; x_wconf 91' lang='lat' dir='ltr'><strong>omnium</strong></span> <span class='ocrx_word' id='word_1_592' title='bbox 2953 3504 3126 3570; x_wconf 89' lang='lat' dir='ltr'><strong>scire,</strong></span> <span class='ocrx_word' id='word_1_593' title='bbox 3152 3504 3279 3572; x_wconf 89' lang='lat' dir='ltr'><strong>quid</strong></span> <span class='ocrx_word' id='word_1_594' title='bbox 3308 3502 3450 3558; x_wconf 85' lang='lat' dir='ltr'><strong>facto</strong></span> <span class='ocrx_word' id='word_1_595' title='bbox 3471 3518 3610 3572; x_wconf 87' lang='lat' dir='ltr'><strong>opus</strong></span> 
     </span>
    </p>
   </div>
   <div class='ocr_carea' id='block_1_78' title="bbox 2042 3593 3611 3664">
    <p class='ocr_par' dir='ltr' id='par_1_78' title="bbox 2042 3593 3611 3664">
     <span class='ocr_line' id='line_1_78' title="bbox 2042 3593 3611 3664; baseline 0.001 -19"><span class='ocrx_word' id='word_1_596' title='bbox 2042 3593 2131 3658; x_wconf 87' lang='lat' dir='ltr'><strong>sit,</strong></span> <span class='ocrx_word' id='word_1_597' title='bbox 2165 3593 2317 3659; x_wconf 87' lang='lat' dir='ltr'><strong>nihil,</strong></span> <span class='ocrx_word' id='word_1_598' title='bbox 2369 3594 2472 3648; x_wconf 90' lang='lat' dir='ltr'><strong>nisi</strong></span> <span class='ocrx_word' id='word_1_599' title='bbox 2505 3595 2655 3663; x_wconf 90' lang='lat' dir='ltr'><strong>quod</strong></span> <span class='ocrx_word' id='word_1_600' title='bbox 2709 3595 2824 3663; x_wconf 88' lang='lat' dir='ltr'><strong>ipse</strong></span> <span class='ocrx_word' id='word_1_601' title='bbox 2863 3596 2998 3650; x_wconf 93' lang='lat' dir='ltr'><strong>dicit</strong></span> <span class='ocrx_word' id='word_1_602' title='bbox 3034 3595 3293 3664; x_wconf 78' lang='lat' dir='ltr'><strong>facitque,</strong></span> <span class='ocrx_word' id='word_1_603' title='bbox 3320 3611 3508 3648; x_wconf 85' lang='lat' dir='ltr'><strong>verum</strong></span> <span class='ocrx_word' id='word_1_604' title='bbox 3547 3611 3611 3648; x_wconf 82' lang='lat' dir='ltr'><strong>ac</strong></span> 
     </span>
    </p>
   </div>
   <div class='ocr_carea' id='block_1_79' title="bbox 2046 3684 3612 3761">
    <p class='ocr_par' dir='ltr' id='par_1_79' title="bbox 2046 3684 3612 3761">
     <span class='ocr_line' id='line_1_79' title="bbox 2046 3684 3612 3761; baseline 0.003 -27"><span class='ocrx_word' id='word_1_605' title='bbox 2046 3685 2246 3737; x_wconf 88' lang='lat' dir='ltr'><strong>bonum</strong></span> <span class='ocrx_word' id='word_1_606' title='bbox 2268 3699 2392 3740; x_wconf 89' lang='lat' dir='ltr'><strong>esse</strong></span> <span class='ocrx_word' id='word_1_607' title='bbox 2415 3684 2673 3751; x_wconf 80' lang='lat' dir='ltr'><strong>afﬁrmat,</strong></span> <span class='ocrx_word' id='word_1_608' title='bbox 2706 3700 3034 3754; x_wconf 89' lang='lat' dir='ltr'><strong>omnemque</strong></span> <span class='ocrx_word' id='word_1_609' title='bbox 3065 3686 3296 3756; x_wconf 87' lang='lat' dir='ltr'><strong>lapidem</strong></span> <span class='ocrx_word' id='word_1_610' title='bbox 3325 3694 3523 3761; x_wconf 67' lang='lat' dir='ltr'><strong>movet,</strong></span> <span class='ocrx_word' id='word_1_611' title='bbox 3553 3696 3612 3739; x_wconf 91' lang='lat' dir='ltr'><strong>ut</strong></span> 
     </span>
    </p>
   </div>
   <div class='ocr_carea' id='block_1_80' title="bbox 2047 3770 3611 3840">
    <p class='ocr_par' dir='ltr' id='par_1_80' title="bbox 2047 3770 3611 3840">
     <span class='ocr_line' id='line_1_80' title="bbox 2047 3770 3611 3840; baseline -0.001 -16"><span class='ocrx_word' id='word_1_612' title='bbox 2047 3782 2167 3824; x_wconf 86' lang='lat' dir='ltr'><strong>utar</strong></span> <span class='ocrx_word' id='word_1_613' title='bbox 2205 3772 2516 3839; x_wconf 87' lang='lat' dir='ltr'><strong>proverbio,</strong></span> <span class='ocrx_word' id='word_1_614' title='bbox 2550 3771 2603 3825; x_wconf 90' lang='lat' dir='ltr'><strong>id</strong></span> <span class='ocrx_word' id='word_1_615' title='bbox 2644 3771 2788 3840; x_wconf 92' lang='lat' dir='ltr'><strong>quod</strong></span> <span class='ocrx_word' id='word_1_616' title='bbox 2830 3774 2944 3839; x_wconf 92' lang='lat' dir='ltr'><strong>ipse</strong></span> <span class='ocrx_word' id='word_1_617' title='bbox 2984 3771 3125 3825; x_wconf 88' lang='lat' dir='ltr'><strong>bene</strong></span> <span class='ocrx_word' id='word_1_618' title='bbox 3178 3771 3343 3826; x_wconf 77' lang='lat' dir='ltr'><strong>nosti.</strong></span> <span class='ocrx_word' id='word_1_619' title='bbox 3386 3770 3611 3838; x_wconf 80' lang='lat' dir='ltr'><strong>Magnus</strong></span> 
     </span>
    </p>
   </div>
   <div class='ocr_carea' id='block_1_81' title="bbox 2045 3857 3606 3925">
    <p class='ocr_par' dir='ltr' id='par_1_81' title="bbox 2045 3857 3606 3925">
     <span class='ocr_line' id='line_1_81' title="bbox 2045 3857 3606 3925; baseline -0.003 -11"><span class='ocrx_word' id='word_1_620' title='bbox 2045 3860 2376 3914; x_wconf 86' lang='lat' dir='ltr'><strong>domesticus</strong></span> <span class='ocrx_word' id='word_1_621' title='bbox 2397 3857 2596 3912; x_wconf 81' lang='lat' dir='ltr'><strong>infesto</strong></span> <span class='ocrx_word' id='word_1_622' title='bbox 2615 3858 2668 3911; x_wconf 90' lang='lat' dir='ltr'><strong>in</strong></span> <span class='ocrx_word' id='word_1_623' title='bbox 2695 3857 2917 3913; x_wconf 85' lang='lat' dir='ltr'><strong>Servios</strong></span> <span class='ocrx_word' id='word_1_624' title='bbox 2946 3862 3129 3912; x_wconf 78' lang='lat' dir='ltr'><strong>animo</strong></span> <span class='ocrx_word' id='word_1_625' title='bbox 3147 3867 3227 3912; x_wconf 88' lang='lat' dir='ltr'><strong>est</strong></span> <span class='ocrx_word' id='word_1_626' title='bbox 3250 3858 3606 3925; x_wconf 87' lang='lat' dir='ltr'><strong>conspirans-</strong></span> 
     </span>
    </p>
   </div>
   <div class='ocr_carea' id='block_1_82' title="bbox 2046 3944 3611 4019">
    <p class='ocr_par' dir='ltr' id='par_1_82' title="bbox 2046 3944 3611 4019">
     <span class='ocr_line' id='line_1_82' title="bbox 2046 3944 3611 4019; baseline -0.001 -17"><span class='ocrx_word' id='word_1_627' title='bbox 2046 3965 2151 4019; x_wconf 83' lang='lat' dir='ltr'><strong>que</strong></span> <span class='ocrx_word' id='word_1_628' title='bbox 2196 3966 2319 4004; x_wconf 92' lang='lat' dir='ltr'><strong>cum</strong></span> <span class='ocrx_word' id='word_1_629' title='bbox 2349 3949 2558 4005; x_wconf 82' lang='lat' dir='ltr'><strong>Joanne</strong></span> <span class='ocrx_word' id='word_1_630' title='bbox 2576 3947 2959 4003; x_wconf 83' lang='lat' dir='ltr'><strong>Cantacuzeno</strong></span> <span class='ocrx_word' id='word_1_631' title='bbox 2995 3948 3238 4017; x_wconf 87' lang='lat' dir='ltr'><strong>quotidie</strong></span> <span class='ocrx_word' id='word_1_632' title='bbox 3264 3962 3349 4001; x_wconf 90' lang='lat' dir='ltr'><strong>me</strong></span> <span class='ocrx_word' id='word_1_633' title='bbox 3388 3950 3450 4001; x_wconf 88' lang='lat' dir='ltr'><strong>ad</strong></span> <span class='ocrx_word' id='word_1_634' title='bbox 3473 3944 3611 4001; x_wconf 82' lang='lat' dir='ltr'><strong>Tra-</strong></span> 
     </span>
    </p>
   </div>
   <div class='ocr_carea' id='block_1_83' title="bbox 2047 4038 3609 4109">
    <p class='ocr_par' dir='ltr' id='par_1_83' title="bbox 2047 4038 3609 4109">
     <span class='ocr_line' id='line_1_83' title="bbox 2047 4038 3609 4109; baseline -0.004 -14"><span class='ocrx_word' id='word_1_635' title='bbox 2047 4041 2362 4109; x_wconf 85' lang='lat' dir='ltr'><strong>pezuntium</strong></span> <span class='ocrx_word' id='word_1_636' title='bbox 2389 4039 2721 4095; x_wconf 86' lang='lat' dir='ltr'><strong>cunnubium</strong></span> <span class='ocrx_word' id='word_1_637' title='bbox 2789 4040 3131 4093; x_wconf 80' lang='lat' dir='ltr'><strong>adhortatur.</strong></span> <span class='ocrx_word' id='word_1_638' title='bbox 3187 4038 3323 4092; x_wconf 88' lang='lat' dir='ltr'><strong>Cum</strong></span> <span class='ocrx_word' id='word_1_639' title='bbox 3368 4052 3609 4106; x_wconf 86' lang='lat' dir='ltr'><strong>quonam</strong></span> 
     </span>
    </p>
   </div>
   <div class='ocr_carea' id='block_1_84' title="bbox 2048 4130 3607 4203">
    <p class='ocr_par' dir='ltr' id='par_1_84' title="bbox 2048 4130 3607 4203">
     <span class='ocr_line' id='line_1_84' title="bbox 2048 4130 3607 4203; baseline -0.002 -17"><span class='ocrx_word' id='word_1_640' title='bbox 2048 4132 2213 4203; x_wconf 86' lang='lat' dir='ltr'><strong>igitur</strong></span> <span class='ocrx_word' id='word_1_641' title='bbox 2233 4133 2591 4187; x_wconf 87' lang='lat' dir='ltr'><strong>deliberarem</strong></span> <span class='ocrx_word' id='word_1_642' title='bbox 2617 4133 2640 4185; x_wconf 87' lang='lat'><strong>?</strong></span> <span class='ocrx_word' id='word_1_643' title='bbox 2661 4132 2795 4187; x_wconf 90' lang='lat' dir='ltr'><strong>Cum</strong></span> <span class='ocrx_word' id='word_1_644' title='bbox 2831 4131 3110 4185; x_wconf 87' lang='lat' dir='ltr'><strong>monachis</strong></span> <span class='ocrx_word' id='word_1_645' title='bbox 3130 4139 3184 4184; x_wconf 92' lang='lat' dir='ltr'><strong>et</strong></span> <span class='ocrx_word' id='word_1_646' title='bbox 3205 4130 3479 4198; x_wconf 84' lang='lat' dir='ltr'><strong>ejusmodi</strong></span> <span class='ocrx_word' id='word_1_647' title='bbox 3513 4131 3607 4184; x_wconf 88' lang='lat' dir='ltr'><strong>ho-</strong></span> 
     </span>
    </p>
   </div>
   <div class='ocr_carea' id='block_1_85' title="bbox 2050 4221 3609 4294">
    <p class='ocr_par' dir='ltr' id='par_1_85' title="bbox 2050 4221 3609 4294">
     <span class='ocr_line' id='line_1_85' title="bbox 2050 4221 3609 4294; baseline -0.004 -15"><span class='ocrx_word' id='word_1_648' title='bbox 2050 4225 2334 4280; x_wconf 83' lang='lat' dir='ltr'><strong>minibus?</strong></span> <span class='ocrx_word' id='word_1_649' title='bbox 2384 4233 2440 4278; x_wconf 91' lang='lat' dir='ltr'><strong>at</strong></span> <span class='ocrx_word' id='word_1_650' title='bbox 2488 4238 2603 4277; x_wconf 91' lang='lat' dir='ltr'><strong>rem</strong></span> <span class='ocrx_word' id='word_1_651' title='bbox 2658 4222 2933 4294; x_wconf 86' lang='lat' dir='ltr'><strong>publicam</strong></span> <span class='ocrx_word' id='word_1_652' title='bbox 2995 4237 3098 4276; x_wconf 87' lang='lat' dir='ltr'><strong>non</strong></span> <span class='ocrx_word' id='word_1_653' title='bbox 3145 4222 3439 4288; x_wconf 85' lang='lat' dir='ltr'><strong>attingunt.</strong></span> <span class='ocrx_word' id='word_1_654' title='bbox 3471 4221 3609 4276; x_wconf 89' lang='lat' dir='ltr'><strong>Cum</strong></span> 
     </span>
    </p>
   </div>
   <div class='ocr_carea' id='block_1_86' title="bbox 2049 4313 3611 4387">
    <p class='ocr_par' dir='ltr' id='par_1_86' title="bbox 2049 4313 3611 4387">
     <span class='ocr_line' id='line_1_86' title="bbox 2049 4313 3611 4387; baseline -0.004 -17"><span class='ocrx_word' id='word_1_655' title='bbox 2049 4316 2401 4387; x_wconf 85' lang='lat' dir='ltr'><strong>proceribus?</strong></span> <span class='ocrx_word' id='word_1_656' title='bbox 2448 4324 2505 4369; x_wconf 87' lang='lat' dir='ltr'><strong>at</strong></span> <span class='ocrx_word' id='word_1_657' title='bbox 2556 4330 2715 4369; x_wconf 85' lang='lat' dir='ltr'><strong>nemo</strong></span> <span class='ocrx_word' id='word_1_658' title='bbox 2767 4330 2880 4369; x_wconf 90' lang='lat' dir='ltr'><strong>rem</strong></span> <span class='ocrx_word' id='word_1_659' title='bbox 2936 4328 3306 4384; x_wconf 86' lang='lat' dir='ltr'><strong>perpensurus</strong></span> <span class='ocrx_word' id='word_1_660' title='bbox 3344 4321 3482 4375; x_wconf 89' lang='lat' dir='ltr'><strong>erat,</strong></span> <span class='ocrx_word' id='word_1_661' title='bbox 3517 4313 3611 4377; x_wconf 90' lang='lat' dir='ltr'><strong>qui</strong></span> 
     </span>
    </p>
   </div>
   <div class='ocr_carea' id='block_1_87' title="bbox 2049 4404 3610 4478">
    <p class='ocr_par' dir='ltr' id='par_1_87' title="bbox 2049 4404 3610 4478">
     <span class='ocr_line' id='line_1_87' title="bbox 2049 4404 3610 4478; baseline -0.006 -15"><span class='ocrx_word' id='word_1_662' title='bbox 2049 4408 2182 4463; x_wconf 91' lang='lat' dir='ltr'><strong>nulli</strong></span> <span class='ocrx_word' id='word_1_663' title='bbox 2207 4408 2529 4478; x_wconf 87' lang='lat' dir='ltr'><strong>propensior</strong></span> <span class='ocrx_word' id='word_1_664' title='bbox 2570 4416 2736 4470; x_wconf 87' lang='lat' dir='ltr'><strong>esset,</strong></span> <span class='ocrx_word' id='word_1_665' title='bbox 2769 4414 2828 4460; x_wconf 93' lang='lat' dir='ltr'><strong>ut</strong></span> <span class='ocrx_word' id='word_1_666' title='bbox 2854 4404 3155 4461; x_wconf 86' lang='lat' dir='ltr'><strong>timendum</strong></span> <span class='ocrx_word' id='word_1_667' title='bbox 3198 4411 3364 4469; x_wconf 89' lang='lat' dir='ltr'><strong>esset,</strong></span> <span class='ocrx_word' id='word_1_668' title='bbox 3400 4417 3466 4455; x_wconf 93' lang='lat' dir='ltr'><strong>ne</strong></span> <span class='ocrx_word' id='word_1_669' title='bbox 3492 4416 3610 4455; x_wconf 86' lang='lat' dir='ltr'><strong>eam</strong></span> 
     </span>
    </p>
   </div>
   <div class='ocr_carea' id='block_1_88' title="bbox 381 4484 3610 4572">
    <p class='ocr_par' dir='ltr' id='par_1_88' title="bbox 381 4484 3610 4572">
     <span class='ocr_line' id='line_1_88' title="bbox 381 4484 3610 4572; baseline 0 -27"><span class='ocrx_word' id='word_1_670' title='bbox 381 4496 619 4548; x_wconf 85' lang='lat' dir='ltr'><strong>monium</strong></span> <span class='ocrx_word' id='word_1_671' title='bbox 645 4508 761 4551; x_wconf 89' lang='lat' dir='ltr'><strong>erat</strong></span> <span class='ocrx_word' id='word_1_672' title='bbox 780 4508 884 4553; x_wconf 65' lang='lat' dir='ltr'><strong>tua:</strong></span> <span class='ocrx_word' id='word_1_673' title='bbox 907 4517 1032 4571; x_wconf 82' lang='lat' dir='ltr'><strong>erga</strong></span> <span class='ocrx_word' id='word_1_674' title='bbox 1055 4517 1138 4555; x_wconf 87' lang='lat' dir='ltr'><strong>me</strong></span> <span class='ocrx_word' id='word_1_675' title='bbox 1158 4502 1455 4557; x_wconf 89' lang='lat' dir='ltr'><strong>voluntatis</strong></span> <span class='ocrx_word' id='word_1_676' title='bbox 1477 4513 1528 4557; x_wconf 90' lang='lat' dir='ltr'><strong>et</strong></span> <span class='ocrx_word' id='word_1_677' title='bbox 1546 4503 1938 4572; x_wconf 78' lang='lat' dir='ltr'><strong>benignitatis:</strong></span> <span class='ocrx_word' id='word_1_678' title='bbox 1972 4484 2025 4545; x_wconf 83' lang='lat' dir='ltr'><strong>D</strong></span> <span class='ocrx_word' id='word_1_679' title='bbox 2051 4514 2175 4553; x_wconf 87' lang='lat' dir='ltr'><strong>cum</strong></span> <span class='ocrx_word' id='word_1_680' title='bbox 2197 4499 2406 4553; x_wconf 68' lang='lat' dir='ltr'><strong>caeteris</strong></span> <span class='ocrx_word' id='word_1_681' title='bbox 2434 4499 2887 4552; x_wconf 85' lang='lat' dir='ltr'><strong>communicaret.</strong></span> <span class='ocrx_word' id='word_1_682' title='bbox 2914 4495 3103 4565; x_wconf 86' lang='lat' dir='ltr'><strong>Itaque</strong></span> <span class='ocrx_word' id='word_1_683' title='bbox 3125 4510 3225 4565; x_wconf 83' lang='lat' dir='ltr'><strong>ego</strong></span> <span class='ocrx_word' id='word_1_684' title='bbox 3254 4494 3496 4564; x_wconf 81' lang='lat' dir='ltr'><strong>iniquius</strong></span> <span class='ocrx_word' id='word_1_685' title='bbox 3532 4494 3610 4546; x_wconf 83' lang='lat' dir='ltr'><strong>fe-</strong></span> 
     </span>
    </p>
   </div>
   <div class='ocr_carea' id='block_1_89' title="bbox 379 4590 1939 4663">
    <p class='ocr_par' dir='ltr' id='par_1_89' title="bbox 379 4590 1939 4663">
     <span class='ocr_line' id='line_1_89' title="bbox 379 4590 1939 4663; baseline 0.006 -24"><span class='ocrx_word' id='word_1_686' title='bbox 379 4594 434 4657; x_wconf 84' lang='lat' dir='ltr'><strong>et</strong></span> <span class='ocrx_word' id='word_1_687' title='bbox 484 4596 638 4640; x_wconf 85' lang='lat' dir='ltr'><strong>certo</strong></span> <span class='ocrx_word' id='word_1_688' title='bbox 684 4590 841 4649; x_wconf 90' lang='lat' dir='ltr'><strong>scito.</strong></span> <span class='ocrx_word' id='word_1_689' title='bbox 896 4594 1058 4660; x_wconf 87' lang='lat' dir='ltr'><strong>digna</strong></span> <span class='ocrx_word' id='word_1_690' title='bbox 1111 4609 1197 4647; x_wconf 88' lang='lat' dir='ltr'><strong>me</strong></span> <span class='ocrx_word' id='word_1_691' title='bbox 1228 4594 1321 4647; x_wconf 92' lang='lat' dir='ltr'><strong>tibi</strong></span> <span class='ocrx_word' id='word_1_692' title='bbox 1354 4594 1578 4663; x_wconf 74' lang='lat' dir='ltr'><strong>praemia</strong></span> <span class='ocrx_word' id='word_1_693' title='bbox 1605 4595 1939 4661; x_wconf 87' lang='lat' dir='ltr'><strong>soluturum,</strong></span> 
     </span>
    </p>
   </div>
   <div class='ocr_carea' id='block_1_90' title="bbox 377 4676 1943 4747">
    <p class='ocr_par' dir='ltr' id='par_1_90' title="bbox 377 4676 1943 4747">
     <span class='ocr_line' id='line_1_90' title="bbox 377 4676 1943 4747; baseline 0.008 -18"><span class='ocrx_word' id='word_1_694' title='bbox 377 4676 555 4746; x_wconf 87' lang='lat' dir='ltr'><strong>quoad</strong></span> <span class='ocrx_word' id='word_1_695' title='bbox 607 4678 659 4730; x_wconf 93' lang='lat' dir='ltr'><strong>in</strong></span> <span class='ocrx_word' id='word_1_696' title='bbox 692 4679 829 4733; x_wconf 85' lang='lat' dir='ltr'><strong>vivis</strong></span> <span class='ocrx_word' id='word_1_697' title='bbox 869 4696 985 4736; x_wconf 89' lang='lat' dir='ltr'><strong>ero.</strong></span> <span class='ocrx_word' id='word_1_698' title='bbox 1035 4682 1191 4747; x_wconf 88' lang='lat' dir='ltr'><strong>Quod</strong></span> <span class='ocrx_word' id='word_1_699' title='bbox 1218 4692 1399 4738; x_wconf 88' lang='lat' dir='ltr'><strong>autem</strong></span> <span class='ocrx_word' id='word_1_700' title='bbox 1460 4687 1527 4738; x_wconf 90' lang='lat' dir='ltr'><strong>de</strong></span> <span class='ocrx_word' id='word_1_701' title='bbox 1560 4686 1826 4742; x_wconf 87' lang='lat' dir='ltr'><strong>Serviano</strong></span> <span class='ocrx_word' id='word_1_702' title='bbox 1857 4704 1943 4742; x_wconf 90' lang='lat' dir='ltr'><strong>me</strong></span> 
     </span>
    </p>
   </div>
   <div class='ocr_carea' id='block_1_91' title="bbox 378 4764 1944 4835">
    <p class='ocr_par' dir='ltr' id='par_1_91' title="bbox 378 4764 1944 4835">
     <span class='ocr_line' id='line_1_91' title="bbox 378 4764 1944 4835; baseline 0.008 -17"><span class='ocrx_word' id='word_1_703' title='bbox 378 4764 654 4819; x_wconf 89' lang='lat' dir='ltr'><strong>connubio</strong></span> <span class='ocrx_word' id='word_1_704' title='bbox 713 4782 893 4835; x_wconf 86' lang='lat' dir='ltr'><strong>rogas,</strong></span> <span class='ocrx_word' id='word_1_705' title='bbox 932 4784 1018 4823; x_wconf 84' lang='lat' dir='ltr'><strong>res</strong></span> <span class='ocrx_word' id='word_1_706' title='bbox 1045 4783 1107 4823; x_wconf 89' lang='lat' dir='ltr'><strong>ea</strong></span> <span class='ocrx_word' id='word_1_707' title='bbox 1147 4770 1224 4826; x_wconf 87' lang='lat' dir='ltr'><strong>ita</strong></span> <span class='ocrx_word' id='word_1_708' title='bbox 1266 4773 1468 4825; x_wconf 88' lang='lat' dir='ltr'><strong>evenit.</strong></span> <span class='ocrx_word' id='word_1_709' title='bbox 1497 4773 1694 4828; x_wconf 80' lang='lat' dir='ltr'><strong>Amera</strong></span> <span class='ocrx_word' id='word_1_710' title='bbox 1723 4785 1944 4831; x_wconf 89' lang='lat' dir='ltr'><strong>mortuo</strong></span> 
     </span>
    </p>
   </div>
   <div class='ocr_carea' id='block_1_92' title="bbox 378 4856 1944 4934">
    <p class='ocr_par' dir='ltr' id='par_1_92' title="bbox 378 4856 1944 4934">
     <span class='ocr_line' id='line_1_92' title="bbox 378 4856 1944 4934; baseline 0.008 -24"><span class='ocrx_word' id='word_1_711' title='bbox 378 4866 431 4911; x_wconf 91' lang='lat' dir='ltr'><strong>et</strong></span> <span class='ocrx_word' id='word_1_712' title='bbox 470 4856 699 4929; x_wconf 80' lang='lat' dir='ltr'><strong>conjuge</strong></span> <span class='ocrx_word' id='word_1_713' title='bbox 756 4860 878 4928; x_wconf 85' lang='lat' dir='ltr'><strong>ejus</strong></span> <span class='ocrx_word' id='word_1_714' title='bbox 912 4875 1133 4917; x_wconf 87' lang='lat' dir='ltr'><strong>reversa</strong></span> <span class='ocrx_word' id='word_1_715' title='bbox 1160 4862 1227 4915; x_wconf 89' lang='lat' dir='ltr'><strong>ad</strong></span> <span class='ocrx_word' id='word_1_716' title='bbox 1255 4862 1539 4933; x_wconf 89' lang='lat' dir='ltr'><strong>despotam</strong></span> <span class='ocrx_word' id='word_1_717' title='bbox 1574 4865 1798 4930; x_wconf 70' lang='lat' dir='ltr'><strong>Servite,</strong></span> <span class='ocrx_word' id='word_1_718' title='bbox 1824 4866 1944 4934; x_wconf 87' lang='lat' dir='ltr'><strong>ejus</strong></span> 
     </span>
    </p>
   </div>
   <div class='ocr_carea' id='block_1_93' title="bbox 379 4953 1945 5029">
    <p class='ocr_par' dir='ltr' id='par_1_93' title="bbox 379 4953 1945 5029">
     <span class='ocr_line' id='line_1_93' title="bbox 379 4953 1945 5029; baseline 0.008 -27"><span class='ocrx_word' id='word_1_719' title='bbox 379 4958 610 5018; x_wconf 80' lang='lat' dir='ltr'><strong>patrem,</strong></span> <span class='ocrx_word' id='word_1_720' title='bbox 658 4953 788 5006; x_wconf 83' lang='lat' dir='ltr'><strong>adiit</strong></span> <span class='ocrx_word' id='word_1_721' title='bbox 829 4968 915 5007; x_wconf 90' lang='lat' dir='ltr'><strong>me</strong></span> <span class='ocrx_word' id='word_1_722' title='bbox 942 4969 1107 5024; x_wconf 88' lang='lat' dir='ltr'><strong>super</strong></span> <span class='ocrx_word' id='word_1_723' title='bbox 1149 4955 1242 5010; x_wconf 89' lang='lat' dir='ltr'><strong>illo</strong></span> <span class='ocrx_word' id='word_1_724' title='bbox 1284 4958 1502 5027; x_wconf 83' lang='lat' dir='ltr'><strong>negotio</strong></span> <span class='ocrx_word' id='word_1_725' title='bbox 1554 4970 1785 5027; x_wconf 82' lang='lat' dir='ltr'><strong>cognata</strong></span> <span class='ocrx_word' id='word_1_726' title='bbox 1821 4962 1945 5029; x_wconf 75' lang='lat' dir='ltr'><strong>ejus</strong></span> 
     </span>
    </p>
   </div>
   <div class='ocr_carea' id='block_1_94' title="bbox 378 5042 1938 5113">
    <p class='ocr_par' dir='ltr' id='par_1_94' title="bbox 378 5042 1938 5113">
     <span class='ocr_line' id='line_1_94' title="bbox 378 5042 1938 5113; baseline 0.008 -23"><span class='ocrx_word' id='word_1_727' title='bbox 378 5042 873 5107; x_wconf 56' lang='lat' dir='ltr'><strong>protostratorissa,</strong></span> <span class='ocrx_word' id='word_1_728' title='bbox 910 5044 1306 5113; x_wconf 89' lang='lat' dir='ltr'><strong>spoponditque</strong></span> <span class='ocrx_word' id='word_1_729' title='bbox 1335 5046 1468 5098; x_wconf 88' lang='lat' dir='ltr'><strong>mihi</strong></span> <span class='ocrx_word' id='word_1_730' title='bbox 1498 5048 1938 5103; x_wconf 85' lang='lat' dir='ltr'><strong>cumulatissima</strong></span> 
     </span>
    </p>
   </div>
   <div class='ocr_carea' id='block_1_95' title="bbox 379 5130 1945 5201">
    <p class='ocr_par' dir='ltr' id='par_1_95' title="bbox 379 5130 1945 5201">
     <span class='ocr_line' id='line_1_95' title="bbox 379 5130 1945 5201; baseline 0.005 -16"><span class='ocrx_word' id='word_1_731' title='bbox 379 5130 522 5185; x_wconf 91' lang='lat' dir='ltr'><strong>dona</strong></span> <span class='ocrx_word' id='word_1_732' title='bbox 554 5130 866 5201; x_wconf 86' lang='lat' dir='ltr'><strong>dotemque,</strong></span> <span class='ocrx_word' id='word_1_733' title='bbox 887 5141 942 5187; x_wconf 86' lang='lat' dir='ltr'><strong>et</strong></span> <span class='ocrx_word' id='word_1_734' title='bbox 976 5135 1079 5188; x_wconf 88' lang='lat' dir='ltr'><strong>alia</strong></span> <span class='ocrx_word' id='word_1_735' title='bbox 1100 5134 1271 5190; x_wconf 90' lang='lat' dir='ltr'><strong>multa</strong></span> <span class='ocrx_word' id='word_1_736' title='bbox 1292 5136 1580 5191; x_wconf 86' lang='lat' dir='ltr'><strong>utilissima</strong></span> <span class='ocrx_word' id='word_1_737' title='bbox 1611 5152 1945 5193; x_wconf 88' lang='lat' dir='ltr'><strong>commemo-</strong></span> 
     </span>
    </p>
   </div>
   <div class='ocr_carea' id='block_1_96' title="bbox 382 5221 1943 5297">
    <p class='ocr_par' dir='ltr' id='par_1_96' title="bbox 382 5221 1943 5297">
     <span class='ocr_line' id='line_1_96' title="bbox 382 5221 1943 5297; baseline 0.008 -23"><span class='ocrx_word' id='word_1_738' title='bbox 382 5221 520 5276; x_wconf 87' lang='lat' dir='ltr'><strong>ravit</strong></span> <span class='ocrx_word' id='word_1_739' title='bbox 574 5232 628 5275; x_wconf 85' lang='lat' dir='ltr'><strong>et</strong></span> <span class='ocrx_word' id='word_1_740' title='bbox 659 5223 711 5277; x_wconf 92' lang='lat' dir='ltr'><strong>in</strong></span> <span class='ocrx_word' id='word_1_741' title='bbox 736 5223 974 5279; x_wconf 75' lang='lat' dir='ltr'><strong>futurum</strong></span> <span class='ocrx_word' id='word_1_742' title='bbox 1021 5227 1303 5295; x_wconf 86' lang='lat' dir='ltr'><strong>promisit:</strong></span> <span class='ocrx_word' id='word_1_743' title='bbox 1359 5244 1479 5297; x_wconf 67' lang='lat' dir='ltr'><strong>qua:</strong></span> <span class='ocrx_word' id='word_1_744' title='bbox 1512 5244 1612 5297; x_wconf 80' lang='lat' dir='ltr'><strong>ego</strong></span> <span class='ocrx_word' id='word_1_745' title='bbox 1668 5230 1851 5285; x_wconf 91' lang='lat' dir='ltr'><strong>multis</strong></span> <span class='ocrx_word' id='word_1_746' title='bbox 1874 5230 1943 5285; x_wconf 90' lang='lat' dir='ltr'><strong>de</strong></span> 
     </span>
    </p>
   </div>
   <div class='ocr_carea' id='block_1_97' title="bbox 379 5312 1941 5376">
    <p class='ocr_par' dir='ltr' id='par_1_97' title="bbox 379 5312 1941 5376">
     <span class='ocr_line' id='line_1_97' title="bbox 379 5312 1941 5376; baseline 0.007 -11"><span class='ocrx_word' id='word_1_747' title='bbox 379 5312 563 5368; x_wconf 84' lang='lat' dir='ltr'><strong>causis</strong></span> <span class='ocrx_word' id='word_1_748' title='bbox 595 5329 722 5368; x_wconf 86' lang='lat' dir='ltr'><strong>vera</strong></span> <span class='ocrx_word' id='word_1_749' title='bbox 770 5323 869 5369; x_wconf 90' lang='lat' dir='ltr'><strong>ete</strong></span> <span class='ocrx_word' id='word_1_750' title='bbox 901 5331 958 5370; x_wconf 91' lang='lat' dir='ltr'><strong>re</strong></span> <span class='ocrx_word' id='word_1_751' title='bbox 1002 5332 1123 5372; x_wconf 88' lang='lat' dir='ltr'><strong>mea</strong></span> <span class='ocrx_word' id='word_1_752' title='bbox 1174 5316 1291 5374; x_wconf 81' lang='lat' dir='ltr'><strong>fore</strong></span> <span class='ocrx_word' id='word_1_753' title='bbox 1318 5320 1649 5376; x_wconf 80' lang='lat' dir='ltr'><strong>existimavi.</strong></span> <span class='ocrx_word' id='word_1_754' title='bbox 1686 5320 1941 5376; x_wconf 77' lang='lat' dir='ltr'><strong>Attamen</strong></span> 
     </span>
    </p>
   </div>
   <div class='ocr_carea' id='block_1_98' title="bbox 378 5403 1941 5481">
    <p class='ocr_par' dir='ltr' id='par_1_98' title="bbox 378 5403 1941 5481">
     <span class='ocr_line' id='line_1_98' title="bbox 378 5403 1941 5481; baseline 0.008 -25"><span class='ocrx_word' id='word_1_755' title='bbox 378 5403 485 5458; x_wconf 90' lang='lat' dir='ltr'><strong>alio</strong></span> <span class='ocrx_word' id='word_1_756' title='bbox 510 5406 742 5459; x_wconf 87' lang='lat' dir='ltr'><strong>consilio</strong></span> <span class='ocrx_word' id='word_1_757' title='bbox 776 5416 829 5461; x_wconf 90' lang='lat' dir='ltr'><strong>et</strong></span> <span class='ocrx_word' id='word_1_758' title='bbox 872 5408 1263 5463; x_wconf 88' lang='lat' dir='ltr'><strong>deliberatione</strong></span> <span class='ocrx_word' id='word_1_759' title='bbox 1304 5412 1360 5463; x_wconf 90' lang='lat' dir='ltr'><strong>in</strong></span> <span class='ocrx_word' id='word_1_760' title='bbox 1386 5412 1477 5465; x_wconf 88' lang='lat' dir='ltr'><strong>tali</strong></span> <span class='ocrx_word' id='word_1_761' title='bbox 1520 5428 1577 5466; x_wconf 91' lang='lat' dir='ltr'><strong>re</strong></span> <span class='ocrx_word' id='word_1_762' title='bbox 1622 5412 1761 5481; x_wconf 78' lang='lat' dir='ltr'><strong>o‘pus</strong></span> <span class='ocrx_word' id='word_1_763' title='bbox 1801 5424 1941 5478; x_wconf 89' lang='lat' dir='ltr'><strong>erat,</strong></span> 
     </span>
    </p>
   </div>
   <div class='ocr_carea' id='block_1_99' title="bbox 380 5495 1941 5569">
    <p class='ocr_par' dir='ltr' id='par_1_99' title="bbox 380 5495 1941 5569">
     <span class='ocr_line' id='line_1_99' title="bbox 380 5495 1941 5569; baseline 0.008 -21"><span class='ocrx_word' id='word_1_764' title='bbox 380 5508 482 5549; x_wconf 90' lang='lat' dir='ltr'><strong>nec</strong></span> <span class='ocrx_word' id='word_1_765' title='bbox 507 5495 805 5561; x_wconf 85' lang='lat' dir='ltr'><strong>habebam,</strong></span> <span class='ocrx_word' id='word_1_766' title='bbox 850 5514 1011 5569; x_wconf 84' lang='lat' dir='ltr'><strong>quem</strong></span> <span class='ocrx_word' id='word_1_767' title='bbox 1068 5502 1432 5565; x_wconf 80' lang='lat' dir='ltr'><strong>consulerem,</strong></span> <span class='ocrx_word' id='word_1_768' title='bbox 1456 5506 1717 5568; x_wconf 89' lang='lat' dir='ltr'><strong>quoniam</strong></span> <span class='ocrx_word' id='word_1_769' title='bbox 1749 5520 1941 5560; x_wconf 90' lang='lat' dir='ltr'><strong>omnes</strong></span> 
     </span>
    </p>
   </div>
   <div class='ocr_carea' id='block_1_100' title="bbox 379 5583 1943 5661">
    <p class='ocr_par' dir='ltr' id='par_1_100' title="bbox 379 5583 1943 5661">
     <span class='ocr_line' id='line_1_100' title="bbox 379 5583 1943 5661; baseline 0.007 -24"><span class='ocrx_word' id='word_1_770' title='bbox 379 5583 563 5639; x_wconf 88' lang='lat' dir='ltr'><strong>animo</strong></span> <span class='ocrx_word' id='word_1_771' title='bbox 618 5587 1007 5642; x_wconf 85' lang='lat' dir='ltr'><strong>vehementiori</strong></span> <span class='ocrx_word' id='word_1_772' title='bbox 1049 5599 1227 5644; x_wconf 86' lang='lat' dir='ltr'><strong>erant.</strong></span> <span class='ocrx_word' id='word_1_773' title='bbox 1262 5593 1484 5645; x_wconf 87' lang='lat' dir='ltr'><strong>Domina</strong></span> <span class='ocrx_word' id='word_1_774' title='bbox 1512 5603 1568 5661; x_wconf 82' lang='lat' dir='ltr'><strong>et</strong></span> <span class='ocrx_word' id='word_1_775' title='bbox 1606 5604 1780 5647; x_wconf 88' lang='lat' dir='ltr'><strong>mater</strong></span> <span class='ocrx_word' id='word_1_776' title='bbox 1820 5610 1943 5649; x_wconf 91' lang='lat' dir='ltr'><strong>mea</strong></span> 
     </span>
    </p>
   </div>
   <div class='ocr_carea' id='block_1_101' title="bbox 379 5673 1940 5755">
    <p class='ocr_par' dir='ltr' id='par_1_101' title="bbox 379 5673 1940 5755">
     <span class='ocr_line' id='line_1_101' title="bbox 379 5673 1940 5755; baseline 0.008 -28"><span class='ocrx_word' id='word_1_777' title='bbox 379 5673 695 5745; x_wconf 81' lang='lat' dir='ltr'><strong>imperatrix</strong></span> <span class='ocrx_word' id='word_1_778' title='bbox 729 5692 758 5731; x_wconf 90' lang='lat' dir='ltr'><strong>e</strong></span> <span class='ocrx_word' id='word_1_779' title='bbox 792 5677 902 5731; x_wconf 87' lang='lat' dir='ltr'><strong>vita</strong></span> <span class='ocrx_word' id='word_1_780' title='bbox 940 5690 1216 5746; x_wconf 86' lang='lat' dir='ltr'><strong>cesserat;</strong></span> <span class='ocrx_word' id='word_1_781' title='bbox 1261 5680 1717 5748; x_wconf 76' lang='lat' dir='ltr'><strong>Cantacuzcnus,</strong></span> <span class='ocrx_word' id='word_1_782' title='bbox 1775 5685 1871 5755; x_wconf 90' lang='lat' dir='ltr'><strong>qui</strong></span> <span class='ocrx_word' id='word_1_783' title='bbox 1910 5700 1940 5740; x_wconf 90' lang='lat' dir='ltr'><strong>e</strong></span> 
     </span>
    </p>
   </div>
   <div class='ocr_carea' id='block_1_102' title="bbox 380 5765 1940 5844">
    <p class='ocr_par' dir='ltr' id='par_1_102' title="bbox 380 5765 1940 5844">
     <span class='ocr_line' id='line_1_102' title="bbox 380 5765 1940 5844; baseline 0.007 -26"><span class='ocrx_word' id='word_1_784' title='bbox 380 5765 604 5837; x_wconf 87' lang='lat' dir='ltr'><strong>reliquis</strong></span> <span class='ocrx_word' id='word_1_785' title='bbox 629 5783 733 5823; x_wconf 92' lang='lat' dir='ltr'><strong>non</strong></span> <span class='ocrx_word' id='word_1_786' title='bbox 762 5769 956 5838; x_wconf 85' lang='lat' dir='ltr'><strong>cupide</strong></span> <span class='ocrx_word' id='word_1_787' title='bbox 985 5772 1283 5844; x_wconf 78' lang='lat' dir='ltr'><strong>judicabat,</strong></span> <span class='ocrx_word' id='word_1_788' title='bbox 1308 5783 1360 5829; x_wconf 88' lang='lat' dir='ltr'><strong>et</strong></span> <span class='ocrx_word' id='word_1_789' title='bbox 1388 5774 1504 5841; x_wconf 89' lang='lat' dir='ltr'><strong>ipse</strong></span> <span class='ocrx_word' id='word_1_790' title='bbox 1522 5783 1773 5832; x_wconf 88' lang='lat' dir='ltr'><strong>mortuus</strong></span> <span class='ocrx_word' id='word_1_791' title='bbox 1803 5784 1940 5831; x_wconf 89' lang='lat' dir='ltr'><strong>erat.</strong></span> 
     </span>
    </p>
   </div>
   <div class='ocr_carea' id='block_1_103' title="bbox 2046 4586 3610 4657">
    <p class='ocr_par' dir='ltr' id='par_1_103' title="bbox 2046 4586 3610 4657">
     <span class='ocr_line' id='line_1_103' title="bbox 2046 4586 3610 4657; baseline -0.005 -13"><span class='ocrx_word' id='word_1_792' title='bbox 2046 4593 2229 4646; x_wconf 89' lang='lat' dir='ltr'><strong>rebam</strong></span> <span class='ocrx_word' id='word_1_793' title='bbox 2265 4606 2444 4645; x_wconf 85' lang='lat' dir='ltr'><strong>moras</strong></span> <span class='ocrx_word' id='word_1_794' title='bbox 2468 4600 2612 4645; x_wconf 76' lang='lat' dir='ltr'><strong>tuus.</strong></span> <span class='ocrx_word' id='word_1_795' title='bbox 2650 4588 2889 4657; x_wconf 88' lang='lat' dir='ltr'><strong>Epistola</strong></span> <span class='ocrx_word' id='word_1_796' title='bbox 2948 4598 3127 4641; x_wconf 87' lang='lat' dir='ltr'><strong>autem</strong></span> <span class='ocrx_word' id='word_1_797' title='bbox 3155 4596 3244 4641; x_wconf 88' lang='lat' dir='ltr'><strong>tua</strong></span> <span class='ocrx_word' id='word_1_798' title='bbox 3273 4586 3339 4639; x_wconf 90' lang='lat' dir='ltr'><strong>ad</strong></span> <span class='ocrx_word' id='word_1_799' title='bbox 3376 4600 3461 4639; x_wconf 89' lang='lat' dir='ltr'><strong>me</strong></span> <span class='ocrx_word' id='word_1_800' title='bbox 3486 4600 3610 4654; x_wconf 84' lang='lat' dir='ltr'><strong>per-</strong></span> 
     </span>
    </p>
   </div>
   <div class='ocr_carea' id='block_1_104' title="bbox 2045 4679 3610 4748">
    <p class='ocr_par' dir='ltr' id='par_1_104' title="bbox 2045 4679 3610 4748">
     <span class='ocr_line' id='line_1_104' title="bbox 2045 4679 3610 4748; baseline -0.002 -14"><span class='ocrx_word' id='word_1_801' title='bbox 2045 4680 2180 4746; x_wconf 90' lang='lat' dir='ltr'><strong>lata,</strong></span> <span class='ocrx_word' id='word_1_802' title='bbox 2208 4690 2261 4736; x_wconf 92' lang='lat' dir='ltr'><strong>et</strong></span> <span class='ocrx_word' id='word_1_803' title='bbox 2281 4692 2332 4735; x_wconf 93' lang='lat' dir='ltr'><strong>te</strong></span> <span class='ocrx_word' id='word_1_804' title='bbox 2355 4690 2407 4735; x_wconf 85' lang='lat' dir='ltr'><strong>et</strong></span> <span class='ocrx_word' id='word_1_805' title='bbox 2438 4679 2765 4734; x_wconf 87' lang='lat' dir='ltr'><strong>sententiam</strong></span> <span class='ocrx_word' id='word_1_806' title='bbox 2791 4688 2937 4733; x_wconf 89' lang='lat' dir='ltr'><strong>tuam</strong></span> <span class='ocrx_word' id='word_1_807' title='bbox 2967 4680 3220 4748; x_wconf 84' lang='lat' dir='ltr'><strong>cognovi,</strong></span> <span class='ocrx_word' id='word_1_808' title='bbox 3256 4692 3486 4746; x_wconf 74' lang='lat' dir='ltr'><strong>quaeque</strong></span> <span class='ocrx_word' id='word_1_809' title='bbox 3513 4692 3610 4731; x_wconf 84' lang='lat' dir='ltr'><strong>nos</strong></span> 
     </span>
    </p>
   </div>
   <div class='ocr_carea' id='block_1_105' title="bbox 2046 4769 3611 4841">
    <p class='ocr_par' dir='ltr' id='par_1_105' title="bbox 2046 4769 3611 4841">
     <span class='ocr_line' id='line_1_105' title="bbox 2046 4769 3611 4841; baseline -0.002 -16"><span class='ocrx_word' id='word_1_810' title='bbox 2046 4786 2264 4841; x_wconf 89' lang='lat' dir='ltr'><strong>quoque</strong></span> <span class='ocrx_word' id='word_1_811' title='bbox 2290 4772 2438 4841; x_wconf 86' lang='lat' dir='ltr'><strong>prius</strong></span> <span class='ocrx_word' id='word_1_812' title='bbox 2464 4771 2763 4826; x_wconf 90' lang='lat' dir='ltr'><strong>constituta</strong></span> <span class='ocrx_word' id='word_1_813' title='bbox 2823 4771 3183 4834; x_wconf 81' lang='lat' dir='ltr'><strong>habebamus,</strong></span> <span class='ocrx_word' id='word_1_814' title='bbox 3225 4769 3523 4838; x_wconf 84' lang='lat' dir='ltr'><strong>prudenter</strong></span> <span class='ocrx_word' id='word_1_815' title='bbox 3556 4778 3611 4822; x_wconf 84' lang='lat' dir='ltr'><strong>et</strong></span> 
     </span>
    </p>
   </div>
   <div class='ocr_carea' id='block_1_106' title="bbox 2045 4858 3608 4930">
    <p class='ocr_par' dir='ltr' id='par_1_106' title="bbox 2045 4858 3608 4930">
     <span class='ocr_line' id='line_1_106' title="bbox 2045 4858 3608 4930; baseline -0.005 -12"><span class='ocrx_word' id='word_1_816' title='bbox 2045 4867 2328 4918; x_wconf 88' lang='lat' dir='ltr'><strong>commode</strong></span> <span class='ocrx_word' id='word_1_817' title='bbox 2370 4863 2741 4930; x_wconf 82' lang='lat' dir='ltr'><strong>expediveras.</strong></span> <span class='ocrx_word' id='word_1_818' title='bbox 2785 4859 2983 4917; x_wconf 86' lang='lat' dir='ltr'><strong>Statim</strong></span> <span class='ocrx_word' id='word_1_819' title='bbox 3035 4861 3197 4930; x_wconf 82' lang='lat' dir='ltr'><strong>igitur</strong></span> <span class='ocrx_word' id='word_1_820' title='bbox 3246 4858 3608 4927; x_wconf 76' lang='lat' dir='ltr'><strong>Palaeologum</strong></span> 
     </span>
    </p>
   </div>
   <div class='ocr_carea' id='block_1_107' title="bbox 2047 4948 3609 5019">
    <p class='ocr_par' dir='ltr' id='par_1_107' title="bbox 2047 4948 3609 5019">
     <span class='ocr_line' id='line_1_107' title="bbox 2047 4948 3609 5019; baseline -0.003 -14"><span class='ocrx_word' id='word_1_821' title='bbox 2047 4968 2168 5006; x_wconf 89' lang='lat' dir='ltr'><strong>cum</strong></span> <span class='ocrx_word' id='word_1_822' title='bbox 2214 4950 2425 5005; x_wconf 81' lang='lat' dir='ltr'><strong>Joanne</strong></span> <span class='ocrx_word' id='word_1_823' title='bbox 2451 4950 2799 5016; x_wconf 65' lang='lat' dir='ltr'><strong>Eudaemone,</strong></span> <span class='ocrx_word' id='word_1_824' title='bbox 2853 4948 3087 5004; x_wconf 78' lang='lat' dir='ltr'><strong>aliarum</strong></span> <span class='ocrx_word' id='word_1_825' title='bbox 3110 4963 3289 5002; x_wconf 89' lang='lat' dir='ltr'><strong>rerum</strong></span> <span class='ocrx_word' id='word_1_826' title='bbox 3321 4956 3609 5019; x_wconf 70' lang='lat' dir='ltr'><strong>praatextu,</strong></span> 
     </span>
    </p>
   </div>
   <div class='ocr_carea' id='block_1_108' title="bbox 2046 5041 3609 5114">
    <p class='ocr_par' dir='ltr' id='par_1_108' title="bbox 2046 5041 3609 5114">
     <span class='ocr_line' id='line_1_108' title="bbox 2046 5041 3609 5114; baseline -0.002 -16"><span class='ocrx_word' id='word_1_827' title='bbox 2046 5045 2212 5113; x_wconf 88' lang='lat' dir='ltr'><strong>misi,</strong></span> <span class='ocrx_word' id='word_1_828' title='bbox 2253 5059 2284 5098; x_wconf 89' lang='lat' dir='ltr'><strong>a</strong></span> <span class='ocrx_word' id='word_1_829' title='bbox 2337 5045 2850 5114; x_wconf 84' lang='lat' dir='ltr'><strong>protostratorissa,</strong></span> <span class='ocrx_word' id='word_1_830' title='bbox 2906 5050 3199 5095; x_wconf 84' lang='lat' dir='ltr'><strong>matertera</strong></span> <span class='ocrx_word' id='word_1_831' title='bbox 3282 5056 3415 5105; x_wconf 91' lang='lat' dir='ltr'><strong>sua,</strong></span> <span class='ocrx_word' id='word_1_832' title='bbox 3480 5041 3609 5095; x_wconf 89' lang='lat' dir='ltr'><strong>illud</strong></span> 
     </span>
    </p>
   </div>
   <div class='ocr_carea' id='block_1_109' title="bbox 2049 5132 3614 5201">
    <p class='ocr_par' dir='ltr' id='par_1_109' title="bbox 2049 5132 3614 5201">
     <span class='ocr_line' id='line_1_109' title="bbox 2049 5132 3614 5201; baseline -0.002 -12"><span class='ocrx_word' id='word_1_833' title='bbox 2049 5135 2377 5192; x_wconf 88' lang='lat' dir='ltr'><strong>nuntiatum.</strong></span> <span class='ocrx_word' id='word_1_834' title='bbox 2406 5134 2546 5189; x_wconf 88' lang='lat' dir='ltr'><strong>Ecce</strong></span> <span class='ocrx_word' id='word_1_835' title='bbox 2589 5145 2770 5189; x_wconf 80' lang='lat' dir='ltr'><strong>autem</strong></span> <span class='ocrx_word' id='word_1_836' title='bbox 2790 5175 2805 5199; x_wconf 91' lang='lat'><strong>,</strong></span> <span class='ocrx_word' id='word_1_837' title='bbox 2835 5147 3054 5187; x_wconf 89' lang='lat' dir='ltr'><strong>causam</strong></span> <span class='ocrx_word' id='word_1_838' title='bbox 3083 5147 3203 5201; x_wconf 62' lang='lat' dir='ltr'><strong>qua:</strong></span> <span class='ocrx_word' id='word_1_839' title='bbox 3232 5147 3344 5187; x_wconf 89' lang='lat' dir='ltr'><strong>rem</strong></span> <span class='ocrx_word' id='word_1_840' title='bbox 3377 5132 3614 5201; x_wconf 86' lang='lat' dir='ltr'><strong>impedi-</strong></span> 
     </span>
    </p>
   </div>
   <div class='ocr_carea' id='block_1_110' title="bbox 2044 5224 3611 5298">
    <p class='ocr_par' dir='ltr' id='par_1_110' title="bbox 2044 5224 3611 5298">
     <span class='ocr_line' id='line_1_110' title="bbox 2044 5224 3611 5298; baseline -0.003 -18"><span class='ocrx_word' id='word_1_841' title='bbox 2044 5240 2148 5293; x_wconf 88' lang='lat' dir='ltr'><strong>ret,</strong></span> <span class='ocrx_word' id='word_1_842' title='bbox 2198 5228 2571 5298; x_wconf 87' lang='lat' dir='ltr'><strong>cognovimus,</strong></span> <span class='ocrx_word' id='word_1_843' title='bbox 2597 5237 2651 5281; x_wconf 91' lang='lat' dir='ltr'><strong>et</strong></span> <span class='ocrx_word' id='word_1_844' title='bbox 2693 5226 3024 5281; x_wconf 78' lang='lat' dir='ltr'><strong>destitimus.</strong></span> <span class='ocrx_word' id='word_1_845' title='bbox 3088 5224 3353 5279; x_wconf 57' lang='lat' dir='ltr'><strong>Caeterum</strong></span> <span class='ocrx_word' id='word_1_846' title='bbox 3377 5265 3391 5288; x_wconf 93' lang='lat'><strong>,</strong></span> <span class='ocrx_word' id='word_1_847' title='bbox 3424 5226 3466 5278; x_wconf 76' lang='lat' dir='ltr'><strong>si</strong></span> <span class='ocrx_word' id='word_1_848' title='bbox 3500 5224 3611 5277; x_wconf 78' lang='lat' dir='ltr'><strong>Deo</strong></span> 
     </span>
    </p>
   </div>
   <div class='ocr_carea' id='block_1_111' title="bbox 2048 5317 3612 5389">
    <p class='ocr_par' dir='ltr' id='par_1_111' title="bbox 2048 5317 3612 5389">
     <span class='ocr_line' id='line_1_111' title="bbox 2048 5317 3612 5389; baseline -0.005 -17"><span class='ocrx_word' id='word_1_849' title='bbox 2048 5320 2244 5389; x_wconf 86' lang='lat' dir='ltr'><strong>placet,</strong></span> <span class='ocrx_word' id='word_1_850' title='bbox 2295 5318 2643 5387; x_wconf 74' lang='lat' dir='ltr'><strong>perficiamus</strong></span> <span class='ocrx_word' id='word_1_851' title='bbox 2696 5333 2819 5370; x_wconf 91' lang='lat' dir='ltr'><strong>cum</strong></span> <span class='ocrx_word' id='word_1_852' title='bbox 2880 5317 3161 5372; x_wconf 89' lang='lat' dir='ltr'><strong>lberorum</strong></span> <span class='ocrx_word' id='word_1_853' title='bbox 3237 5331 3361 5385; x_wconf 86' lang='lat' dir='ltr'><strong>rege</strong></span> <span class='ocrx_word' id='word_1_854' title='bbox 3403 5331 3612 5369; x_wconf 83' lang='lat' dir='ltr'><strong>connu-</strong></span> 
     </span>
    </p>
   </div>
   <div class='ocr_carea' id='block_1_112' title="bbox 2047 5408 3610 5481">
    <p class='ocr_par' dir='ltr' id='par_1_112' title="bbox 2047 5408 3610 5481">
     <span class='ocr_line' id='line_1_112' title="bbox 2047 5408 3610 5481; baseline -0.005 -17"><span class='ocrx_word' id='word_1_855' title='bbox 2047 5411 2251 5464; x_wconf 66' lang='lat' dir='ltr'><strong>hium.»</strong></span> <span class='ocrx_word' id='word_1_856' title='bbox 2290 5408 2375 5464; x_wconf 85' lang='lat' dir='ltr'><strong>Fit</strong></span> <span class='ocrx_word' id='word_1_857' title='bbox 2402 5409 2567 5481; x_wconf 86' lang='lat' dir='ltr'><strong>igitur</strong></span> <span class='ocrx_word' id='word_1_858' title='bbox 2596 5410 2737 5463; x_wconf 82' lang='lat' dir='ltr'><strong>bulla</strong></span> <span class='ocrx_word' id='word_1_859' title='bbox 2774 5423 2959 5472; x_wconf 78' lang='lat' dir='ltr'><strong>aurea,</strong></span> <span class='ocrx_word' id='word_1_860' title='bbox 2987 5408 3076 5461; x_wconf 87' lang='lat' dir='ltr'><strong>cui</strong></span> <span class='ocrx_word' id='word_1_861' title='bbox 3110 5408 3477 5475; x_wconf 82' lang='lat' dir='ltr'><strong>subscriptum</strong></span> <span class='ocrx_word' id='word_1_862' title='bbox 3505 5417 3610 5468; x_wconf 76' lang='lat' dir='ltr'><strong>est,</strong></span> 
     </span>
    </p>
   </div>
   <div class='ocr_carea' id='block_1_113' title="bbox 2048 5496 3610 5562">
    <p class='ocr_par' dir='ltr' id='par_1_113' title="bbox 2048 5496 3610 5562">
     <span class='ocr_line' id='line_1_113' title="bbox 2048 5496 3610 5562; baseline -0.006 -8"><span class='ocrx_word' id='word_1_863' title='bbox 2048 5503 2101 5554; x_wconf 94' lang='lat' dir='ltr'><strong>ln</strong></span> <span class='ocrx_word' id='word_1_864' title='bbox 2136 5503 2276 5555; x_wconf 87' lang='lat' dir='ltr'><strong>hanc</strong></span> <span class='ocrx_word' id='word_1_865' title='bbox 2310 5500 2635 5554; x_wconf 82' lang='lat' dir='ltr'><strong>sententiam</strong></span> <span class='ocrx_word' id='word_1_866' title='bbox 2660 5540 2673 5561; x_wconf 90' lang='lat'><strong>,</strong></span> <span class='ocrx_word' id='word_1_867' title='bbox 2705 5511 2764 5551; x_wconf 91' lang='lat' dir='ltr'><strong>ut</strong></span> <span class='ocrx_word' id='word_1_868' title='bbox 2794 5500 2943 5553; x_wconf 85' lang='lat' dir='ltr'><strong>illius</strong></span> <span class='ocrx_word' id='word_1_869' title='bbox 2968 5500 3073 5552; x_wconf 84' lang='lat' dir='ltr'><strong>lilia</strong></span> <span class='ocrx_word' id='word_1_870' title='bbox 3102 5507 3246 5552; x_wconf 81' lang='lat' dir='ltr'><strong>esset</strong></span> <span class='ocrx_word' id='word_1_871' title='bbox 3268 5511 3408 5548; x_wconf 77' lang='lat' dir='ltr'><strong>uxor</strong></span> <span class='ocrx_word' id='word_1_872' title='bbox 3438 5496 3610 5562; x_wconf 71' lang='lat' dir='ltr'><strong>impe-</strong></span> 
     </span>
    </p>
   </div>
   <div class='ocr_carea' id='block_1_114' title="bbox 2046 5590 3608 5662">
    <p class='ocr_par' dir='ltr' id='par_1_114' title="bbox 2046 5590 3608 5662">
     <span class='ocr_line' id='line_1_114' title="bbox 2046 5590 3608 5662; baseline -0.006 -14"><span class='ocrx_word' id='word_1_873' title='bbox 2046 5596 2246 5650; x_wconf 86' lang='lat' dir='ltr'><strong>ratoris</strong></span> <span class='ocrx_word' id='word_1_874' title='bbox 2281 5604 2332 5647; x_wconf 87' lang='lat' dir='ltr'><strong>et</strong></span> <span class='ocrx_word' id='word_1_875' title='bbox 2369 5594 2689 5662; x_wconf 81' lang='lat' dir='ltr'><strong>imperatrix</strong></span> <span class='ocrx_word' id='word_1_876' title='bbox 2724 5591 2932 5661; x_wconf 83' lang='lat' dir='ltr'><strong>Cpolis,</strong></span> <span class='ocrx_word' id='word_1_877' title='bbox 2982 5592 3282 5659; x_wconf 85' lang='lat' dir='ltr'><strong>imperator</strong></span> <span class='ocrx_word' id='word_1_878' title='bbox 3309 5595 3456 5641; x_wconf 88' lang='lat' dir='ltr'><strong>esset</strong></span> <span class='ocrx_word' id='word_1_879' title='bbox 3490 5590 3608 5652; x_wconf 88' lang='lat' dir='ltr'><strong>ejus</strong></span> 
     </span>
    </p>
   </div>
   <div class='ocr_carea' id='block_1_115' title="bbox 2048 5676 3612 5746">
    <p class='ocr_par' dir='ltr' id='par_1_115' title="bbox 2048 5676 3612 5746">
     <span class='ocr_line' id='line_1_115' title="bbox 2048 5676 3612 5746; baseline -0.008 -8"><span class='ocrx_word' id='word_1_880' title='bbox 2048 5686 2296 5745; x_wconf 86' lang='lat' dir='ltr'><strong>maritus,</strong></span> <span class='ocrx_word' id='word_1_881' title='bbox 2326 5685 2623 5738; x_wconf 87' lang='lat' dir='ltr'><strong>secundum</strong></span> <span class='ocrx_word' id='word_1_882' title='bbox 2658 5683 3003 5737; x_wconf 89' lang='lat' dir='ltr'><strong>conditiones</strong></span> <span class='ocrx_word' id='word_1_883' title='bbox 3034 5693 3223 5734; x_wconf 88' lang='lat' dir='ltr'><strong>omnes</strong></span> <span class='ocrx_word' id='word_1_884' title='bbox 3251 5692 3387 5746; x_wconf 85' lang='lat' dir='ltr'><strong>quas</strong></span> <span class='ocrx_word' id='word_1_885' title='bbox 3422 5676 3612 5729; x_wconf 86' lang='lat' dir='ltr'><strong>lbero-</strong></span> 
     </span>
    </p>
   </div>
   <div class='ocr_carea' id='block_1_116' title="bbox 2048 5767 3614 5841">
    <p class='ocr_par' dir='ltr' id='par_1_116' title="bbox 2048 5767 3614 5841">
     <span class='ocr_line' id='line_1_116' title="bbox 2048 5767 3614 5841; baseline -0.006 -11"><span class='ocrx_word' id='word_1_886' title='bbox 2048 5791 2165 5830; x_wconf 91' lang='lat' dir='ltr'><strong>rum</strong></span> <span class='ocrx_word' id='word_1_887' title='bbox 2198 5790 2291 5830; x_wconf 83' lang='lat' dir='ltr'><strong>rex</strong></span> <span class='ocrx_word' id='word_1_888' title='bbox 2325 5789 2536 5831; x_wconf 90' lang='lat' dir='ltr'><strong>tnccum</strong></span> <span class='ocrx_word' id='word_1_889' title='bbox 2568 5781 2971 5841; x_wconf 84' lang='lat' dir='ltr'><strong>composuerat.</strong></span> <span class='ocrx_word' id='word_1_890' title='bbox 3027 5767 3265 5823; x_wconf 77' lang='lat' dir='ltr'><strong>Vocatur</strong></span> <span class='ocrx_word' id='word_1_891' title='bbox 3294 5768 3349 5821; x_wconf 87' lang='lat' dir='ltr'><strong>in</strong></span> <span class='ocrx_word' id='word_1_892' title='bbox 3385 5780 3614 5836; x_wconf 81' lang='lat' dir='ltr'><strong>conspe-</strong></span> 
     </span>
    </p>
   </div>
  </div>
