4066 6296
533 385 642 448 893

1795 391 2117 452 GEURGII
2158 395 2250 453 PI]
2265 397 2357 454 ΠΛ
2373 397 2586 454 ΝΤΖᾹΞ

3659 399 3765 459 825

528 497 797 568 πρέσϐυς.
820 499 922 550 Καὶ
967 502 994 551 ὁ
1050 499 1308 567 βασιλεὺς
1352 503 1724 573 οίκειοχείρως
1776 505 2089 572 ἔμπροσθεν
2121 520 2168 572 Α
2199 509 2396 577 κυρίαν
2425 527 2544 561 σου.
2572 529 2588 561 ι
2639 510 2852 576 Ἔγωγε
2878 510 3202 579 ἀποκριθεὶς
3233 506 3386 562 εἷπον
3420 509 3591 580 αὐτῷ·
3628 531 3647 562 ‹
3681 515 3758 566 Οὔ

529 592 719 646 τούτου
771 592 995 658 ἐποίησε
1049 595 1319 662 σταυροὺς
1357 597 1507 663 τρεῖς
1559 596 1698 664 μετᾶ
1756 598 2094 667 κιναϐάρεως

527 685 606 746 είς
629 685 689 735 τὸ
717 684 987 754 ἀνώτερον
1018 684 1109 737 τοῦ
1142 687 1545 754 χρυσοϐούλλου
1589 689 1842 756 μέτωπον
1881 690 1961 751 είς
2009 688 2096 756 βε·

531 776 758 828 ϐαίωσιν
789 777 932 829 κατά
959 777 1055 846 τὴν
1084 779 1309 832 ἐκείνων
1344 780 1658 849 συνήθειαν,
1689 782 1782 833 καὶ
1811 780 1975 833 ἐδωσε
2003 781 2094 832 τὸν

532 865 930 932 χρυσόϐουλλον
975 869 1070 920 ἐπὶ
1113 869 1214 930 τὰς
1255 871 1447 939 χεῖρας
1493 870 1586 921 τοῦ
1642 870 1956 939 πρέσϐεως,
2000 870 2093 922 καί

529 973 696 1025 φησιν
750 955 932 1026 αὐτῷ’
982 978 999 1009 ι
1047 959 1179 1012 Ἰδοὺ
1219 960 1376 1020 οὗτος
1413 979 1431 1011 ι
1471 961 1573 1028 ἐμὲ
1615 959 1880 1013 δεικνύων
1937 979 1954 1011 ι
1997 960 2096 1012 σὺν

529 1049 650 1116 Θεῷ
695 1049 773 1118 τῷ
814 1050 1096 1121 ἐρχομένῳ
1147 1052 1268 1122 ἔαρι
1323 1053 1603 1105 ἐλεύσεται
1647 1054 1783 1122 μετὰ
1822 1053 2096 1121 τριήρεων

529 1141 873 1209 παραλαϐεῖν
919 1142 1018 1210 τὴν
1073 1143 1212 1211 ἐμὴν
1268 1143 1522 1195 σύνευνον
1562 1145 1658 1212 τὴν
1701 1144 2023 1212 νεόνυμφον.
2071 1161 2093 1194 r

531 1234 920 1302 Προσκυνήσας
950 1229 1042 1285 οὖν
1069 1235 1098 1285 ό
1130 1234 1376 1301 πρέσϐυς
1404 1235 1774 1303 ἀνεχώρησεν.

600 1322 759 1390 223
804 1323 956 1375 Ἐπεὶ
999 1323 1054 1375 δέ
1087 1321 1194 1376 ἀπὸ
1227 1323 1328 1390 τῆς
1379 1323 1556 1392 ἀρχῆς
1603 1323 1698 1376 τοῦ
1733 1324 1897 1376 αὐτοῦ
1946 1325 2095 1387 ἔτους

528 1412 877 1482 ἐψιθυρίξετο
907 1416 990 1467 ὅτι
1027 1417 1056 1467 ὁ
1104 1415 1330 1483 ἀμηρᾶς
1362 1415 1615 1467 ἐϐούλετο
1647 1415 1823 1467 ἐλθεῖν
1873 1418 2013 1468 κατὰ
2039 1417 2097 1467 τδ

531 1503 718 1556 στενὸν
747 1504 915 1570 ἐγγὺς
950 1505 1042 1557 τοῦ
1092 1506 1370 1572 ἀνωτέρου
1429 1505 1628 1573 μέρους
1676 1507 1776 1571 τῆς
1809 1505 1903 1556 τοῦ
1929 1505 2099 1556 Ἀσω-

533 1597 704 1660 μάτου
746 1595 938 1663 κώμης
968 1596 1326 1664 οἰκοδομῆσαί
1365 1613 1414 1648 τι
1455 1596 1738 1665 φρούριον.
1781 1597 1873 1648 καὶ
1907 1597 2098 1664 βουλῆς

531 1689 832 1757 γενομένης
859 1690 948 1741 ῖνα
976 1692 1006 1741 ὁ
1050 1689 1306 1757 βασιλεὺς
1345 1690 1425 1752 εἰς
1462 1691 1872 1757 Πελοπόννησον
1913 1689 2095 1758 στείλῃ

536 1777 757 1846 μηνύων
799 1778 894 1832 τοῦ
933 1779 1108 1832 ἐλθεῖν
1143 1781 1241 1832 ἕνα
1271 1780 1378 1832 τῶν
1428 1781 1780 1849 αὐταδέλφων
1819 1781 2008 1840 αὐτοῦ,
2038 1780 2098 1840 ὃς

2199 599 2439 668 δύναμαι
2472 600 2783 669 παραϐῆναι
2813 601 2872 653 τὸ
2901 602 3231 671 πρόσταγμα
3262 619 3382 664 σου,
3415 600 3509 665 τοῦ
3563 602 3637 672 μὴ
3670 605 3766 656 ἐκ-

2195 692 2412 744 τελέσαι
2460 692 2534 753 ὡς
2577 690 2858 752 κελεύεις·
2891 690 3006 744 ἀλλ’
3037 693 3069 761 ἡ
3103 691 3393 754 σύντεκνος
3444 693 3540 744 καὶ
3597 693 3760 763 δούλη

2196 786 2294 853 τῆς
2329 783 2607 848 βασιλείας
2644 799 2759 846 σου,
2794 782 2827 852 ή
2856 783 2993 852 γυνή
3036 799 3162 850 μου,
3195 781 3485 835 ὑποπτεύω
3522 785 3594 852 μή
3627 801 3762 836 ποτε

2195 875 2283 928 διὰ
2311 875 2372 927 τὸ
2413 877 2679 942 συχνάκις
2709 892 2777 944 με
2809 873 3164 937 ἀπουσιάζειν
3195 873 3366 941 αὐτῆς
3393 874 3758 940 ἀγανακτῶσα

2198 967 2624 1036 ἀποκαρήσηται
2669 965 2832 1036 224
2863 965 3092 1035 μοναχῆ.
3151 964 3185 1032 ἢ
3238 965 3334 1017 καὶ
3383 965 3518 1033 ἐάσῃ
3561 982 3626 1033 με
3667 969 3764 1017 καϊ

2199 1059 2358 1114 ἄλλον
2390 1059 2553 1129 λάϐῃ·
2595 1059 2722 1127 χθὲς
2748 1061 2854 1128 γὰρ
2894 1057 3131 1125 ἐλήλυθα
3176 1058 3284 1109 ἀπὸ
3337 1058 3599 1127 Ἰϐηρίας,
3647 1058 3760 1111 δια-

2207 1149 2406 1220 τρίψας
2441 1151 2558 1202 ἐκεῖ
2585 1150 2680 1217 ἐτη
2721 1149 2848 1213 δύο,
2898 1149 2992 1200 καὶ
3039 1148 3089 1200 εί
3133 1148 3474 1217 ’ἀναχωρήσω
3521 1148 3675 1212 αὖθις
3703 1149 3766 1200 ἐν

2201 1239 2554 1310 βραχημερίᾳ
2597 1239 2828 1301 οἴκοθεν,
2886 1237 3108 1303 εὔλογον
3154 1239 3336 1290 αἰτίαν
3385 1237 3607 1306 εὑρήσει
3670 1241 3768 1292 καὶ

2198 1326 2413 1380 δικαίαν
2475 1326 2752 1395 πρόφασιν
2793 1325 2887 1378 τοῦ
2953 1324 3154 1395 πρΞξαι
3204 1325 3262 1378 ἓν
3293 1325 3351 1391 ἐξ
3383 1319 3457 1378 ὧν
3485 1329 3693 1395 εἴρηκα.
3740 1347 3759 1380 ι

2211 1419 2269 1470 '0
2299 1419 2352 1471 δὲ
2372 1418 2627 1488 βασιλεὺς
2657 1419 2891 1484 γελάσας
2917 1413 3036 1470 εἶπέ
3076 1435 3163 1486 μοι
3188 1433 3204 1450 ⁶
3241 1437 3259 1468 ι
3305 1417 3443 1469 Ἀλλ’
3477 1419 3636 1481 αὐτὸς
3675 1418 3770 1470 λέ-

2199 1508 2289 1572 ξον
2315 1509 2454 1579 αὐτῇ
2492 1509 2577 1561 ἵνα
2601 1509 2809 1576 ταύτην
2831 1509 2925 1561 καὶ
2961 1509 3124 1576 μόνην
3153 1507 3254 1576 τὴν
3291 1509 3598 1577 ὁδοιπορίαν
3635 1525 3770 1574 συγ-

2197 1601 2424 1670 χωρήσῃ
2446 1616 2526 1651 σοι
2551 1601 2796 1667 ποιῆσαι,
2827 1601 2918 1650 καὶ
2943 1600 3150 1668 ἐνόρκῳ
3177 1598 3562 1666 προστάγματι
3581 1599 3772 1650 τάσσω

2203 1691 2400 1758 μηκέτι
2432 1706 2490 1742 σε
2536 1689 2826 1758 ἐνοχλῆσαι
2867 1689 2962 1741 τοῦ
3012 1690 3247 1752 ἐξελθεῖν
3306 1706 3365 1741 σε
3417 1687 3766 1758 πατριδόθεν.

2202 1783 2314 1833 Καὶ
2349 1780 2491 1848 μάλα
2525 1781 2704 1840 καλῶς
2731 1781 3023 1832 ἐπίστασαι
3069 1779 3137 1831 τὰ
3173 1780 3271 1831 ὅσα
3323 1796 3404 1832 σοι
3436 1779 3771 1850 ἐπηγγειλάο

536 1871 603 1920 ἂν
636 1869 965 1939 βουλήσηται
993 1871 1219 1932 τούτων,
1253 1874 1347 1924 καὶ
1397 1874 1728 1942 ὁμοφωνήσῃ
1777 1875 1854 1933 είς
1891 1873 1988 1925 ὅσα
2038 1872 2095 1922 αἱ
2126 1870 2172 1929 Β
2205 1859 2311 1942 μην
2353 1871 2710 1942 εὐεργετῆσαξ
2740 1888 2818 1935 σε,
2859 1872 2951 1923 καὶ
2974 1872 3027 1922 τί
3054 1871 3122 1923 τὰ
3171 1872 3294 1924 ἁνά-
3324 1871 3481 1938 ἡμῶν
3513 1871 3771 1940 συλλαλη-

536 1958 819 2026 βασιλικαὶ
846 1964 1058 2027 γραφαὶ
1102 1961 1487 2030 διελάμϐανον,
1532 1964 1618 2015 ἵνα
1658 1965 1902 2029 ἀνάγκης
1948 1962 2105 2013 ἐπελ-

535 2051 738 2119 θούσης
768 2053 953 2105 ῐδωσιν
979 2055 1027 2106 εί
1049 2058 1075 2107 ὁ
1100 2057 1323 2124 ἀμηρᾶς
1357 2056 1608 2125 βούλεται
1643 2055 1846 2122 πρᾶξαί
1876 2071 1930 2105 τι
1960 2055 2102 2105 κατὰ

532 2144 634 2213 τῆς
667 2145 878 2208 πόλεως
901 2145 1024 2216 ἦτοι
1070 2147 1170 2215 τῆς
1202 2146 1505 2214 βασιλείας,
1546 2131 1658 2200 ’καὶ
1705 2146 1914 2220 ἀπέλθῃ
1967 2147 2104 2213 προς

534 2237 660 2298 τοὺς
689 2239 939 2302 δυτικοὺς
979 2238 1246 2302 αὐθέντας
1289 2241 1383 2292 καὶ
1418 2241 1741 2308 συμμαχίαν
1773 2241 1971 2308 αἰτήσῃ
1993 2278 2005 2298 ,
2047 2240 2102 2289 ἐν

533 2329 669 2398 τῷδε
696 2329 773 2398 τῷ
807 2329 961 2400 μέσῳ
983 2330 1260 2400 παρῆλθον
1282 2332 1488 2400 ἡμέραι
1513 2331 1678 2393 τινὲς,
1714 2327 1834 2383 εἶτα
1864 2330 2103 2399 προστά-

537 2418 633 2484 ξας
660 2420 834 2473 ἐλθεῖν
864 2437 933 2490 με
961 2421 1193 2474 ἐνώπιον
1224 2421 1390 2475 αὑτοῦ
1429 2419 1552 2475 εἶπέ
1587 2439 1677 2490 μοι
1704 2423 1858 2473 τάδε·
1900 2441 1918 2472 ι
1952 2422 2107 2489 Πρω-

535 2511 938 2583 τοϐεστιαρῖτα,
981 2513 1113 2582 περὶ
1158 2514 1258 2582 τῆς
1298 2513 1491 2582 βουλῆς
1526 2508 1594 2584 ἧς
1624 2515 1934 2583 ἐστήσαμεν
1965 2514 2104 2565 ἐτοι·

541 2603 779 2681 μάσθητι
805 2603 901 2656 τοῦ
941 2605 1199 2658 ἀπελθεῖν
1227 2623 1286 2658 σε
1319 2608 1402 2668 είς
1440 2607 1868 2676 Πελοπόννησονο
1901 2606 1995 2658 καὶ
2033 2605 2108 2667 ὡς

539 2694 605 2746 ἂν
634 2695 938 2765 διοροώσῃς
968 2697 1066 2766 τὴν
1097 2699 1274 2750 ἐκεῖσε
1301 2697 1581 2761 ὑπόθεσιν,
1603 2699 1690 2750 ἵνα
1713 2716 1798 2759 τις
1821 2699 1930 2750 τῶν
1956 2696 2110 2748 ἀδελ·

535 2792 654 2860 φῶν
695 2811 800 2863 μου
832 2794 1120 2865 ἐλεύσηται
1163 2793 1371 2861 ἐνθάδε,
1408 2795 1708 2863 ἀναγκαῖόν
1754 2795 1901 2845 ἐστιν
1939 2792 2109 2844 ἀπελ-

536 2885 652 2938 θεῖν
681 2903 742 2937 σε
768 2886 978 2940 ἐκεῖθεν
1006 2889 1087 2950 είς
1127 2889 1349 2957 Κύπρον
1390 2890 1527 2957 πρδς
1566 2889 1665 2956 τὴν
1697 2888 1840 2958 ἐμὴν
1871 2887 2105 2953 ἀδελφός

541 2977 710 3030 παιδα
747 2976 847 3048 τὴν
879 2980 1174 3049 ρήγισσαν.
1212 2982 1408 3050 Ἡμεῖς
1454 2982 1511 3034 δὲ
1545 2980 1777 3034 ἐνταῦθα
1808 2981 2109 3048 ἑτοιμάσωο

548 3071 647 3138 μέν
678 3086 762 3123 σοι
797 3073 863 3124 τὰ
899 3073 1183 3143 ἐπιτήδεια
1212 3073 1313 3142 τῆς
1342 3073 1487 3126 ὁδοῦ.
1515 3072 1674 3126 Μετὰ
1695 3074 1756 3126 τὺ
1789 3073 2026 3138 ἐξελθεῖν
2051 3089 2109 3124 σε

545 3161 800 3214 κάκεῖθεν
845 3162 1087 3233 πορεύσῃ
1137 3159 1292 3225 αὖθις
1349 3164 1431 3226 είς
1485 3165 1586 3232 τὴν
1647 3165 1908 3234 Ἰϐηρίαν,
1963 3164 2111 3223 ὅπως

2205 1965 2386 2028 θέντα,
2419 1966 2512 2018 καὶ
2539 1967 2591 2018 τί
2619 1964 2919 2032 βουλόμεθα
2944 1964 3186 2030 ποιῆσαι.
3235 1964 3346 2017 Καὶ
3367 1962 3524 2015 τοῦτο
3555 1962 3770 2032 βέϐαιόν

2205 2058 2322 2109 ἐστι
2355 2057 2448 2109 καὶ
2478 2059 2644 2124 χωρ⁵ς
2679 2057 2900 2124 ὲνόρκου
2934 2055 3374 2123 προστάγματος,
3406 2055 3488 2106 ὅτι
3521 2053 3574 2104 ai
3601 2066 3772 2122 πρεσ-

2205 2150 2347 2200 ϐεῖαι
2378 2149 2471 2201 καὶ
2508 2147 2806 2215 ὁδοιπορίκι
2832 2149 2884 2198 αἱ
2914 2147 3017 2197 ὑπὸ
3063 2145 3156 2198 σοῦ
3191 2145 3478 2197 παύσουσι.
3532 2144 3772 2212 Μηνύσω

2205 2237 2261 2288 δὲ
2295 2237 2388 2289 καὶ
2420 2237 2555 2306 πρὸς
2583 2239 2673 2289 τὸν
2710 2237 2882 2304 μέγαν
2911 2235 3076 2288 δοῦκα
3098 2235 3187 2286 τὸν
3212 2235 3462 2300 Νοταρᾶν
3511 2235 3591 2285 ὅτι
3649 2235 3773 2284 ἐπεὶ

2205 2327 2265 2379 τὸ
2297 2327 2389 2378 τοῦ
2423 2327 2660 2396 μεγάλου
2689 2327 2876 2390 δουκδς
2904 2327 3158 2394 ὁςριρίκιον
3187 2326 3403 2393 κτῆται,
3441 2325 3503 2377 οὐ
3552 2324 3773 2377 δύναται

2207 2419 2350 2488 ἐχειν
2383 2422 2476 2470 καὶ
2507 2419 2565 2472 τὸ
2595 2418 2937 2486 μεσαστικόν.
2989 2420 3096 2470 Καὶ
3153 2415 3308 2468 τοῦτο
3360 2416 3501 2482 λέγω
3547 2414 3631 2466 ἵνα
3689 2431 3772 2465 σοι

2207 2511 2556 2580 δωρήσωμαι.
2602 2509 2740 2564 Ἀλλ’
2768 2511 2917 2577 ὅμως
2937 2511 3035 2562 οὐκ
3065 2509 3178 2574 ἔστι
3212 2511 3420 2577 πρέπον
3476 2507 3562 2558 ἴνα
3617 2505 3780 2579 ﬁgant:

2213 2603 2350 2669 ρέσω
2380 2602 2508 2655 αὐτὸ
2532 2603 2780 2669 ἐξαύτοῦ
2809 2619 2824 2632 ⁸
2877 2602 2992 2653 ἐστι
3029 2600 3134 2668 γὰρ
3183 2599 3258 2660 ὠς
3304 2599 3679 2666 καταφρονεῖν,
3729 2597 3774 2648 εἰ

2212 2693 2286 2763 μὴ
2322 2692 2589 2762 ἀναϐολὴν
2611 2695 2705 2746 καὶ
2733 2694 2932 2762 τρόπον
2990 2693 3288 2759 ποιήσομεν
3343 2691 3428 2742 ἵνα
3480 2687 3775 2749 αὑτοθελῶς

2208 2777 2732 2855 ἐγκαταλείφῃάὖτὸ
2755 2786 2986 2844 ἐκεῖνος.
3045 2783 3153 2835 Καὶ
3185 2783 3354 2850 ἐχέτω
3402 2779 3466 2849 δὴ
3523 2779 3682 2833 πάλιν
3719 2777 3776 2828 τδ

2211 2875 2476 2941 πρωτεῖον
2502 2874 2600 2940 τῆς
2627 2873 2868 2934 στάσεως
2909 2874 3000 2923 καὶ
3035 2871 3131 2938 τῆς
3165 2869 3381 2938 βουλῆς,
3408 2869 3502 2920 καί
3533 2887 3586 2920 τι
3631 2885 3776 2935 σιτη-

2215 2964 2392 3033 ρέσιον
2421 2963 2489 3014 δι’
2517 2964 2680 3017 ἄλλου
2706 2963 2931 3032 τρόπου,
2975 2962 3094 3013 ἐπεὶ⁸
3125 2963 3228 3030 χρὴ
3261 2961 3483 3027 ποιῆσαι
3528 2959 3669 3026 κάμὲ
3690 2958 3792 3010 δύο,

2210 3055 2318 3107 τῶν
2365 3055 2643 3124 ἀρχόντων
2706 3054 3064 3123 συμϐούλους,
3117 3054 3190 3114 ὠς
3245 3055 3336 3104 καὶ
3384 3053 3412 3104 ὁ
3474 3050 3782 3119 βασιλεὺςό

2213 3146 2442 3214 ἀδελφός
2470 3164 2572 3214 μου
2603 3141 2769 3216 εἶχεν,
2800 3147 2868 3197 ἵν’
2898 3139 2999 3198 ὦσι
3052 3145 3169 3212 μετ’
3221 3142 3351 3211 ἐμοῦ
3405 3143 3476 3194 δι’
3529 3142 3654 3210 ὅλης
3686 3141 3781 3210 τῆς

542 3254 680 3323 ἄρῃς
707 3253 808 3324 τὴν
838 3231 1141 3325 νεόνυμφον
1179 3255 1276 3326 τὴν
1307 3257 1446 3326 ἐμὴν
1479 3231 1886 3325 σύνευνονητὴν
1924 3256 2110 3324 μελλο.
2136 3234 2178 3290 C
2211 3239 2422 3308 ἡμέρας
2446 3241 2502 3291 ἐν
2533 3239 2610 3308 τῷ
2663 3239 2912 3307 παλατίῳ
2966 3236 3060 3290 τοῦ
3111 3235 3437 3305 προϐλέπειν
3475 3231 3786 3302 διορθὼνειν

542 3371 690 3414 ctum
723 3361 1070 3431 imperatoris
1094 3364 1186 3433 qui
1219 3354 1435 3418 mecum
1462 3380 1525 3418 ex
1559 3364 1729 3418 Iberia
1763 3364 1976 3432 legatus
2007 3379 2105 3416 ve-

543 3459 720 3516 nerat,
751 3460 809 3504 et
833 3466 1014 3505 coram
1069 3453 1174 3507 hoc
1225 3457 1522 3522 imperator
1555 3469 1716 3507 manu
1747 3469 1846 3507 sua
1873 3453 1926 3506 in
1952 3468 2110 3522 supe-

547 3542 690 3597 riore
749 3542 910 3597 bulla:
949 3543 1124 3598 fronte
1158 3545 1374 3598 rubrica
1426 3554 1539 3600 tres
1574 3560 1768 3599 cruces
1808 3545 2005 3599 scribit
2035 3545 2103 3598 ad

543 3633 973 3689 confirmandam
1009 3637 1319 3704 pactionem
1340 3653 1403 3690 ex
1437 3638 1655 3690 illorum
1683 3639 2108 3701 consuetudine,

545 3726 819 3796 traditque
880 3727 1080 3782 bullam
1153 3729 1204 3786 in
1273 3745 1468 3784 manus
1530 3729 1694 3798 legati
1748 3729 1833 3784 his
1893 3730 2110 3783 verbis:

551 3841 568 3872 ι
604 3819 704 3876 Hie
739 3821 824 3875 vir
860 3824 987 3890 (me
1020 3823 1383 3892 ostendebat)
1414 3823 1521 3877 Deo
1563 3823 1804 3892 propitio
1862 3824 2113 3892 proximo

547 3926 673 3965 vere
702 3926 824 3965 cum
849 3911 1162 3965 triremibus
1189 3913 1395 3977 veniet,
1423 3911 1691 3982 virginem
1717 3911 1849 3966 mihi
1883 3911 2117 3979 despon-

548 4015 663 4054 sam
695 4001 1084 4057 abducturus.»
1124 4002 1312 4072 Itaque
1353 4003 1588 4073 legatus,
1620 4003 1850 4058 adorato
1883 4003 2120 4070 impera.-

549 4103 686 4158 tore,
716 4092 989 4150 discessit.

619 4183 754 4238 Cum
789 4185 945 4239 initio
974 4185 1216 4256 ejusdem
1245 4188 1374 4241 anni
1405 4188 1546 4241 fama
1574 4196 1845 4251 manaret,
1875 4174 2115 4243 ameram

551 4274 614 4326 ad
635 4276 914 4345 angustias
941 4292 1107 4346 prope
1133 4281 1472 4346 superiorem
1499 4289 1706 4348 partem
1741 4279 1846 4333 vici
1873 4267 2119 4334 Asomati

550 4382 670 4421 esse
690 4377 1084 4433 venturum,.ut
1109 4371 1505 4424 ibiexstrueret
1521 4372 1835 4436 castellum,
1858 4387 2115 4439 cumque,

553 4459 787 4513 concilio
819 4459 1024 4524 habito,
1048 4459 1224 4514 visum
1256 4469 1422 4524 esset,
1463 4471 1520 4514 ut
1546 4461 1848 4530 imperator
1885 4462 1937 4514 in
1967 4461 2122 4515 Pelo-

553 4565 860 4618 ponnesum
887 4550 952 4604 ad
981 4550 1206 4605 fratrem
1243 4551 1635 4606 arcessendum
1677 4555 1942 4615 mitteret,
1973 4562 2114 4606 uter-
2150 4571 2193 4625 ι)

555 4658 770 4712 cunque
820 4644 1035 4698 illorum
1091 4643 1280 4699 venire
1315 4646 1498 4711 vellet,
1555 4654 1610 4701 et
1641 4646 1687 4699 is
1721 4646 2121 4712 comprobaret,

555 4751 896 4806 quaecunque
924 4735 1293 4807 imperatoriis
1351 4737 1553 4792 litteris
1588 4738 1890 4791 constituta
1916 4746 2123 4799 essent,

557 4836 741 4895 atque,
768 4828 812 4882 si
849 4829 1147 4883 necessitas
1205 4828 1424 4883 adesset
1455 4827 1842 4892 vidissentque
1879 4841 2123 4880 ameram

559 4918 818 4972 adversus
836 4918 1024 4973 urbem
1044 4918 1130 4974 vel
1152 4919 1446 4988 imperium
1466 4919 1672 4989 aliquid
1694 4919 2033 4983 moliturum,
2058 4919 2123 4972 ad

559 5005 927 5064 occidentales
965 5010 1242 5079 principes
1259 5025 1416 5079 opem
1449 5010 2129 5079 imploratumproficiscc-

561 5105 731 5150 retur:
755 5099 866 5152 haec
884 5099 1050 5168 igitur
1066 5098 1193 5152 dum
1217 5099 1371 5158 liunt,
1393 5099 1581 5168 paucis
1602 5097 1792 5153 diebus
1809 5099 2126 5168 interiectis,

560 5191 857 5258 imperator
877 5205 961 5244 me
983 5191 1047 5243 ad
1077 5204 1136 5244 se
1167 5191 1492 5245 arcessitum
1521 5191 1592 5244 ita
1618 5191 1886 5247 allocutus
1914 5201 2024 5246 est:
2056 5191 2130 5245 «Ε

563 5281 818 5344 consilio,
840 5283 984 5351 quod
1014 5285 1280 5350 cepimus,
1315 5299 1444 5352 para
1480 5294 1550 5348 te,
1595 5284 2036 5353 protovestiarie,
2071 5295 2130 5338 ut

2209 3353 2447 3407 futuram
2473 3351 2754 3406 dominam
2782 3362 2984 3405 tuam.»
3019 3349 3097 3404 Ad
3125 3365 3246 3420 quae
3263 3363 3364 3418 ego
3395 3345 3466 3400 ita
3491 3345 3742 3414 respondi
3768 3364 3785 3399 :

2217 3442 2363 3498 «Non
2394 3459 2617 3513 possum
2654 3444 2914 3512 equidem
2950 3441 3228 3495 declinare
3259 3439 3572 3492 mandatum
3605 3446 3790 3500 tuum,

2212 3544 2271 3589 ut
2301 3551 2408 3589 non
2441 3535 2659 3598 faciam,
2691 3535 2836 3605 quod
2865 3534 3058 3605 juhes;
3099 3548 3295 3586 verum
3346 3528 3640 3598 majestatis
3679 3537 3796 3582 tua:

2213 3636 2510 3680 commater
2538 3636 2591 3681 et
2628 3643 2805 3692 serva,
2829 3625 3029 3696 conjux
3076 3639 3218 3687 mea,
3267 3637 3478 3686 vereor,
3510 3635 3579 3674 ne
3605 3634 3791 3688 quan-

2215 3721 2304 3781 do,
2357 3728 2576 3788 pr0pter
2632 3719 2882 3772 crebram
2932 3716 3234 3772 absentiam
3267 3730 3444 3769 meam
3482 3712 3786 3782 indignata.

2217 3810 2501 3864 monachis
2538 3827 2595 3864 se
2641 3811 2898 3879 adjungat
2929 3820 3022 3866 aut
3063 3824 3149 3863 me
3199 3808 3416 3862 deserto
3473 3805 3642 3859 nubat
3673 3803 3781 3857 alii.

2217 3901 2541 3974 Nuperriute
2568 3903 2712 3958 enim
2741 3920 2809 3958 ex
2838 3903 3012 3958 Iberia
3037 3903 3194 3967 redii,
3219 3915 3396 3954 annos
3431 3899 3506 3953 ibi
3531 3897 3642 3952 duo
3674 3909 3790 3948 mo-

2219 4008 2396 4061 ratus,
2459 4006 2619 4065 atque
2675 3995 2717 4050 si
2777 3996 2918 4049 intra
2954 4009 3164 4063 paucos
3191 3992 3308 4046 dies
3339 3991 3538 4045 iterum
3571 4001 3791 4056 peregre

2221 4091 2430 4152 abiero,
2462 4105 2682 4143 causam
2707 4089 2956 4142 idoneam
2978 4088 3257 4156 etjustam
3291 4083 3536 4137 inveniet
3557 4078 3790 4134 faciendi

2221 4184 2448 4235 alterum
2481 4182 2698 4240 horum.
2739 4193 2859 4248 quae
2886 4177 3019 4231 dixi.
3048 4195 3066 4227 ι
3110 4172 3413 4228 Subridens
3447 4173 3746 4240 imperator
3775 4185 3791 4219 :

2231 4291 2248 4323 ι
2275 4272 2342 4326 At
2361 4284 2438 4334 tu,
2461 4261 2656 4340 inquit,
2681 4271 2764 4324 fac
2779 4279 2836 4324 ut
2861 4285 3021 4325 unum
3046 4269 3148 4321 hoc
3175 4267 3279 4320 iter
3297 4266 3589 4320 etiamnum
3614 4260 3799 4314 facere

2227 4364 2320 4417 tibi
2362 4365 2657 4431 permittit,
2702 4377 2762 4414 ac
2787 4362 2908 4430 jure
2935 4359 3175 4429 iurando
3212 4357 3310 4410 tibi
3350 4355 3615 4425 spondeo,
3645 4361 3800 4422 post-

2227 4453 2328 4506 hac
2357 4469 2439 4505 me
2467 4468 2574 4504 non
2603 4451 2715 4519 jam
2749 4459 3063 4504 creaturum
3102 4448 3199 4502 tibi
3234 4447 3541 4501 molestiam
3578 4443 3824 4502 itineris

2225 4553 2374 4596 extra
2405 4543 2636 4613 patriam
2672 4542 2930 4597 faciendi.
2963 4541 3084 4595 Scis
3113 4548 3320 4603 autem,
3351 4553 3472 4608 qua:
3506 4537 3602 4590 tibi
3631 4536 3808 4590 bene-

2229 4636 2347 4688 ficia
2371 4635 2738 4704 promiserim,
2757 4651 2878 4705 qua:
2901 4633 3044 4688 inter
3062 4648 3159 4688 nos
3184 4633 3350 4686 locuti
3383 4632 3558 4687 simus
3588 4638 3642 4684 et
3663 4629 3807 4696 quid

2227 4724 2407 4780 facere
2429 4726 2755 4794 cogitemus,
2789 4735 2952 4794 atque
2993 4726 3096 4780 hoc
3129 4726 3349 4794 quidem
3377 4725 3540 4776 etiam
3565 4722 3682 4774 sine
3709 4736 3810 4775 sa-

2229 4818 2497 4872 cramenti
2527 4818 2787 4886 religione
2809 4826 3019 4872 certum
3049 4827 3148 4880 est,
3192 4815 3493 4885 legationes
3521 4823 3577 4866 et
3602 4813 3812 4866 itinera

2230 4919 2320 4962 tua
2373 4911 2534 4963 tinem
2575 4908 2825 4962 habitura
2859 4923 3002 4962 esse.
3041 4905 3372 4976 Significabo
3415 4913 3596 4957 autem
3629 4900 3818 4956 Nota-

2231 5017 2323 5064 rac,
2354 5015 2550 5069 magno
2575 5000 2720 5066 duci,
2759 5015 2883 5053 cttm
2941 4999 3123 5068 magni
3162 4997 3317 5052 ducis
3351 5009 3578 5050 munere
3609 4993 3818 5062 funga-

2230 5105 2335 5156 tur,
2369 5109 2476 5147 non
2509 5107 2667 5162 posse
2705 5105 2830 5146 eum
2859 5106 3091 5160 praeesse
3119 5091 3283 5145 etiam
3335 5087 3814 5164 administratoris

2228 5185 2422 5241 oﬂicio.
2479 5188 2657 5255 Atque
2704 5185 2810 5238 hoc
2873 5183 3020 5246 dico,
3051 5191 3110 5237 ut
3141 5191 3193 5236 te
3239 5195 3303 5235 eo
3334 5193 3558 5233 munere
3588 5192 3813 5230 ornem.

2227 5275 2413 5347 Neque
2445 5285 2622 5331 tamen
2655 5276 2829 5340 decet,
2851 5274 3085 5344 spoliare
3111 5288 3195 5326 me
3219 5287 3343 5324 cum
3374 5271 3474 5323 ista
3499 5268 3803 5337 dignitate.

2227 5367 2592 5422 Contemnere
2613 5368 2761 5420 enim
2794 5383 2918 5421 eum
2951 5366 3259 5426 videamur,
3285 5362 3388 5416 nisi
3415 5367 3817 5428 exspectemus

2230 5459 2628 5528 aliquantisper
2652 5468 2705 5512 et
2728 5458 2949 5512 modum
2985 5457 3394 5524 excogitemus,
3414 5469 3524 5520 quo
3547 5466 3666 5504 eam
3686 5451 3822 5518 ipse

2231 5567 2327 5605 sua
2359 5562 2552 5619 sponte
2583 5551 2842 5618 deponat.
2868 5549 3164 5602 Enimvero
3195 5547 3416 5601 habebit
3454 5557 3646 5603 rursus
3683 5541 3823 5608 pri-

2230 5663 2347 5700 mas
2396 5647 2447 5698 in
2513 5644 2765 5709 consilio,
2818 5651 2872 5696 et
2921 5640 3142 5694 aliunde
3179 5638 3398 5706 aliquod
3430 5633 3814 5702 stipendium,

2229 5734 2666 5804 quandoquidem
2709 5749 2793 5787 me
2843 5747 3055 5801 quoque
3084 5730 3222 5785 duos
3244 5745 3272 5782 e
3302 5727 3586 5782 nobilitate
3617 5723 3825 5779 consi-

2232 5827 2440 5891 liarios,
2484 5825 2672 5895 quaics
2756 5825 2943 5880 habuit
3015 5824 3334 5890 imperator,
3399 5819 3565 5874 frater
3616 5829 3818 5882 incus,

563 5375 616 5426 in
642 5371 1072 5441 Peloponnesum
1105 5373 1474 5441 proficiscare,
1500 5376 1687 5446 ibique
1719 5376 1997 5444 negotium
2027 5377 2130 5431 hoc

562 5461 834 5533 perﬁcias,
859 5473 919 5515 ut
943 5462 1201 5517 alteruter
1230 5462 1462 5519 fratrum
1495 5481 1741 5521 meorum
1776 5467 1885 5521 huc
1913 5467 2123 5520 veniat.

564 5551 693 5605 lude
745 5563 956 5622 oportet
1009 5564 1058 5609 te
1100 5555 1154 5608 in
1203 5555 1442 5626 Cyprum
1499 5559 1566 5612 ad
1605 5558 1874 5628 reginam,
1907 5568 2124 5626 neptem

563 5660 763 5707 meam,
797 5645 897 5700 iter
925 5645 1127 5700 facere.
1170 5647 1278 5703 Nos
1311 5651 1398 5704 hic
1422 5652 1732 5704 necessaria
1778 5650 1960 5702 itineri
1995 5664 2123 5716 pro-

561 5733 888 5789 videbimus.
945 5736 1071 5790 Inde
1115 5753 1368 5792 reversus
1415 5748 1595 5794 autem
1646 5739 1697 5792 in
1741 5739 1971 5791 lberiam
2016 5736 2127 5791 dis-

568 5822 746 5888 cedes,
781 5834 836 5878 ut
876 5827 1112 5882 advehas
1155 5844 1345 5902 recens
1395 5829 1524 5882 mihi
1580 5842 1840 5898 sponsam
1874 5842 2120 5890 uxorem,
