4066 6296
382 334 493 401 δέὂ

1424 343 1862 405 CHBONICON
1899 339 2259 402 MAJUS.-
2294 346 2432 407 LIB.
2475 347 2595 410 IIl.

3511 350 3616 412 8‘26

386 450 478 505 καὶ
507 450 766 520 πράττειν
789 452 1080 520 ἀναγκαῖα,
1129 455 1372 518 δουλείας
1423 474 1483 508 τε
1518 461 1611 512 καὶ
1664 457 1942 516 ὑποθέσεις
1972 457 2018 512 Δ
2047 458 2314 525 πέμπτον.
2343 462 2453 512 Καὶ
2470 456 2588 512 εἶπέ
2627 477 2719 529 μοι
2747 461 2873 529 περὶ
2913 460 3118 513 τούτου.
3138 461 3300 513 πάλιν
3325 477 3338 490 ·
3402 478 3420 510 ι
3469 460 3614 511 Ἀλλ’

385 544 483 611 τῆς
509 543 800 610 βασιλείας.
841 563 861 597 ι
897 547 1057 615 225
1091 549 1199 599 Καὶ
1223 548 1392 610 οὕτως
1429 550 1671 619 ἐμηνύθη
1723 553 1748 604 6
1778 553 1952 618 μέγας

386 633 510 697 δοὺξ
527 633 617 686 διὰ
636 633 730 686 τοῦ
754 634 887 702 ἐμοῦ
913 636 1006 688 καὶ
1048 637 1212 690 αὑτοῦ
1247 640 1551 704 συντέκνου,
1598 640 1692 692 τοῦ
1741 643 1951 708 ίερομο-

388 727 550 793 νάχου
576 725 669 777 καὶ
692 725 1059 794 πνευματικοῦ
1093 729 1294 797 πατρὸς
1322 729 1600 796 Νεοφύτου
1635 731 1729 784 τοῦ
1783 734 1842 784 ἐν
1884 734 1951 800 τῇ

388 817 483 869 τοῦ
514 817 877 886 Χαρσιανίτου
909 821 1063 888 μονῇ.
1087 821 1195 873 Καὶ
1227 822 1464 885 ἀκούσας
1491 826 1517 874 6
1543 824 1793 893 Νοταρᾰς
1827 825 1955 894 περὶ
1985 875 2000 889 ._

390 905 544 960 τοῦδε
559 905 652 958 τοῦ
671 907 924 974 ὀφφικίου
949 907 1067 959 ἐστε
1077 908 1186 976 ρξε,
1202 909 1338 980 πλὴν
1360 913 1617 974 ἑκουσίως
1631 912 1667 981 ἢ
1684 914 1953 976 ἀκουσίως

393 996 492 1047 οὐκ
522 989 641 1047 οῖδα
659 1007 673 1021 ⁸
699 993 792 1046 καὶ
817 994 1014 1062 μᾶλλον
1033 995 1303 1049 ἐδείκνυεν
1331 999 1412 1050 ὅτι
1439 999 1533 1050 καὶ
1551 1001 1678 1068 πρὶν
1702 1000 1734 1068 ἢ
1759 1000 1852 1052 τοῦ
1880 1001 1958 1051 εἰ-

395 1091 517 1140 πεῖν
543 1087 691 1156 αὐτῷ
721 1086 848 1154 περὶ⁸
868 1085 1054 1139 τούτου
1090 1089 1360 1154 ἐλογίζετο
1391 1091 1904 1159 ποιῆσαιβπονςκαλ⁵
1929 1093 1958 1142 6

397 1178 650 1247 βασιλεὺς
677 1179 1086 1251 ἀντιχαρέσηται
1139 1184 1250 1242 τοῖς
1299 1182 1434 1243 υἱοῖς
1457 1180 1620 1233 αὐτοῦ
1644 1182 1810 1250 ἄλλην
1837 1182 1960 1235 τινὰ

394 1269 580 1338 τιμήν.
605 1269 789 1322 Ταῦτα
805 1270 897 1322 οὖν
927 1272 1098 1341 πέρας
1119 1272 1218 1324 οὐκ
1250 1271 1438 1326 ἔλαϐον
1478 1271 1566 1324 διὰ
1615 1272 1715 1339 τὴν
1750 1271 1959 1340 ταχέως

399 1359 726 1412 ἐπελθοῦσαν
769 1362 851 1423 είς
883 1363 1028 1431 ἡμᾶς
1089 1364 1274 1430 κοινὴν
1305 1363 1609 1431 συμφοράν.
1644 1362 1752 1416 Καὶ
1799 1362 1961 1416 πάλιν

399 1447 521 1504 εἶπέ
550 1453 690 1521 μοιὸ
715 1451 966 1521 βασιλεὺς
994 1455 1076 1507 ὅτι
1101 1455 1290 1524 ἢθελεν
1321 1455 1676 1524 εὐεργετῆσαι
1730 1471 1818 1523 μοι
1868 1454 1963 1507 καὶ¹

399 1542 496 1610 τὴν
544 1543 800 1612 τοιαύτην
832 1544 1010 1613 χάριν,
1046 1544 1134 1596 ἴνα
1189 1544 1418 1614 συζεύξῃ
1450 1545 1528 1606 είς
1580 1547 1811 1612 γυναῖκα
1859 1545 1960 1614 τὴν

401 1631 540 1699 ἐμήν
565 1631 839 1700 θυγατέρα
863 1632 941 1701 τῷ
978 1632 1245 1702 νεανίσκῳ
1274 1634 1469 1703 ἐκείνῳ
1487 1633 1737 1701 Νικολάῳ
1758 1631 1834 1701 τῷ
1855 1634 1967 1685 Με-

2055 549 2288 616 ὐποψίαν
2321 549 2430 618 ἔχω
2461 551 2542 602 ὃτι
2578 550 2671 602 ἐὰν
2708 551 2894 619 ἔτερόν
2947 567 3068 602 τινα
3117 550 3290 619 πάρεξ
3337 549 3430 601 σοῦ
3487 549 3620 600 ἁπο-

2055 642 2267 707 στείλω,
2295 643 2354 694 οὐ
2388 643 2616 710 φυλάξει
2653 661 2743 710 μοι
2776 644 2875 713 τὴν
2912 643 3223 712 τρέπουσαν
3250 639 3461 692 εὗνοιαν
3521 640 3617 692 καὶ

2055 732 2254 797 πίστιν,
2295 734 2369 803 μή
2412 751 2523 795 πως
2561 736 2915 804 ἀπατήσωσιν
2939 733 3096 786 αὐτὸν
3129 735 3176 784 οἱ
3210 723 3464 784 δεσπόται
3525 729 3619 781 καὶ

2055 823 2272 890 ἀδελφοί
2297 840 2423 891 μου,
2443 824 2799 893 ὑποσχόμενοι
2822 824 2995 892 τούτῳ
3020 824 3109 876 διὰ
3149 822 3322 890 τούτῳ
3375 821 3462 872 διὰ
3486 838 3620 888 χρυ-

2060 913 2347 966 σοόούλλου
2400 916 2522 968 τινὰ
2556 915 2749 984 κώμην
2803 916 2836 983 ἢ
2900 915 3084 984 χώραν
3149 912 3298 981 αὐτῷ
3361 912 3456 966 καὶ
3510 914 3622 972 τοῖς

2059 1004 2422 1075 κληρονόμοις
2487 1006 2652 1059 αὐτοῦ
2715 1007 2858 1060 κατὰ
2919 1005 3193 1075 διαδοχὴν,
3239 1004 3332 1057 καὶ
3379 1004 3624 1062 πεισθεὶς

2059 1099 2442 1170 ἀποδοκιμάσῃ
2469 1099 2537 1151 τὰ
2585 1099 2823 1169 τέτταρα
2856 1099 3121 1168 εἰρημένα
3181 1095 3472 1163 κεφάλαια,
3530 1097 3624 1146 καὶ

2065 1190 2246 1263 πράξῃ
2277 1192 2420 1243 κατὰ
2445 1192 2508 1243 τὸ
2549 1191 2825 1260 πέμπτον,
2853 1191 2992 1258 ὅπερ
3031 1187 3337 1258 βαρύτατόν
3376 1203 3464 1254 μοι
3509 1185 3614 1237 Ecs-

2063 1300 2178 1337 ται.
2209 1283 2384 1346 Δύτὸς
2417 1278 2565 1346 οἶδας
2589 1283 2686 1336 κα)⁸
2709 1283 2802 1336 τὸν
2824 1283 2935 1337 ἀπὸ
2961 1283 3059 1352 τῆς
3097 1280 3323 1347 Κύπρου
3357 1277 3628 1348 ῥηγίσσας

2064 1373 2162 1442 τῆς
2207 1373 2349 1441 ἐμῆς
2392 1372 2621 1442 ἀνεψιᾶς
2659 1373 3039 1426 ἀποσταλέντα
3095 1370 3347 1441 μοναχὸν,
3400 1369 3630 1435 λέγοντά

2070 1482 2162 1536 μοι
2201 1465 2284 1517 ὅτι
2315 1465 2440 1519 ἐπεὶ
2463 1469 2497 1534 ἡ
2537 1467 2779 1534 ρήγισσα
2810 1466 2910 1518 οὐκ
2945 1460 3092 1533 εἶχεν
3125 1464 3413 1532 ἄνθρωπον
3440 1462 3630 1515 πιστὸν

2068 1557 2163 1609 καὶ
2186 1557 2490 1624 ἐπιτήδειον
2534 1556 2774 1625 μηνῦσαί
2808 1573 2900 1624 μοι
2963 1555 3033 1608 δι’
3086 1553 3250 1608 αὑτοῦ
3307 1556 3375 1606 τὰ
3407 1554 3510 1607 ὅσα
3561 1548 3626 1622 ἦν

2069 1648 2372 1712 ἀναγκαῖα,
2395 1644 2518 1698 οὔτε
2543 1645 2768 1700 δυνατὸν
2787 1641 2857 1715 ἦν
2883 1645 2958 1708 ὡς
2989 1645 3172 1713 ἐκείνη
3205 1644 3472 1713 ἐπεθύμει
3501 1645 3630 1695 συλ-

400 1724 656 1792 λισσηνῷ.
683 1724 761 1792 τῷ
790 1725 890 1790 υἶῷ
922 1741 1051 1778 ποτε
1078 1725 1392 1794 Νικηφόρου
1423 1725 1516 1778 τοῦ
1535 1725 1966 1794 Μελισσηνοῦιδν
1999 1783 2038 1806 η
2072 1737 2299 1806 λαλῆσαί
2341 1755 2432 1805 μοι
2468 1737 2553 1789 διὰ
2609 1737 2899 1804 στόματος,
2940 1734 3310 1798 ἐξαποστείλω
3352 1733 3463 1800 ἐγὼ
3493 1732 3628 1802 πρὸς

402 1817 496 1868 καὶ
548 1817 953 1887 Μελισσουργδν
1003 1818 1369 1885 ἐπωνόμαζον,
1434 1817 1529 1868 τοῦ
1583 1818 1679 1868 καὶ
1723 1816 1962 1884 μεγάλου

402 1910 905 1979 πρωτοστράτορος,
929 1908 1226 1978 ὕστερονδὲ
1261 1911 1356 1963 καὶ
1393 1907 1782 1976 μητροπολίτου
1812 1922 1968 1972 γεγο-

402 1999 574 2063 νότος,
619 1999 694 2061 ὡς
721 1999 780 2051 ὲν
809 1999 886 2066 τῷ
910 1998 1146 2068 δευτέρῳ
1175 1997 1362 2067 βιϐλίῳ
1391 1999 1490 2064 τῆς
1535 1997 1694 2065 ἡμῶν
1727 1994 1968 2065 ἱστορίας

402 2089 754 2158 ἐμνήσθημεν
774 2091 887 2143 ’καὶ
915 2090 1012 2156 τὴν
1036 2089 1392 2157 ἐπι-τροπικὴν
1419 2087 1702 2156 διοίκησιν,
1719 2088 1795 2157 ἢν,
1831 2102 1969 2154 προ-

405 2175 731 2244 ειρήκαμεν,
766 2175 874 2228 τῶν
902 2180 1091 2230 τούτου
1120 2177 1298 2229 τόπων
1332 2177 1424 2228 καὶ
1451 2176 1642 2245 χώρων
1670 2177 1820 2245 δὼσῃ
1877 2191 1968 2243 μοι

298 2329 309 2343 ⁸
405 2265 499 2318 τοῦ
531 2265 729 2320 ἰθύνειν
750 2267 1155 2338 καὶκυὸερνᾷν,
1177 2267 1299 2329 ,ἓως
1331 2268 1391 2320 οὗ
1422 2269 1455 2336 ἠ
1487 2267 1594 2337 ἐμὴ
1631 2265 1877 2335 θυγάτηρ
1909 2266 1970 2317 τὸ

408 2358 630 2411 δέκατον
651 2359 907 2428 τέταρτον
936 2359 1053 2422 ἔτος
1097 2361 1280 2430 φθάσῃ
1319 2360 1415 2412 καὶ
1444 2361 1472 2410 ό
1523 2359 1702 2426 γάμος
1767 2358 1971 2419 τέλειος

412 2449 655 2514 γένηται.
691 2445 800 2501 Καὶ
828 2446 965 2516 αὕτη
1000 2448 1099 2516 μὲν
1125 2443 1192 2516 ἦν
1230 2450 1263 2515 ἡ
1293 2447 1572 2511 ὑπόθεσις,
1605 2449 1733 2516 περὶ
1760 2441 1828 2517 ἦς
1857 2446 1973 2497 ἕλε-

413 2552 510 2602 γεν
529 2539 557 2588 6
580 2535 834 2604 βασιλεὺς
863 2535 945 2588 ὅτι
977 2538 1032 2588 αῑ
1058 2536 1124 2590 δι’
1158 2537 1295 2605 ἐμοῦ
1324 2538 1612 2606 πρεσϐεῖαι
1648 2539 1741 2589 καὶ
1765 2537 1975 2588 ὁδοιπο-

416 2626 528 2691 ρίαι
551 2627 851 2692 παύσωσιν.
884 2626 1091 2696 Εῐρηκέ
1123 2645 1212 2696 μοι
1243 2628 1538 2692 καὶτοῦτο,
1565 2630 1646 2682 ὅτι
1687 2631 1746 2680 ἐν
1770 2631 1837 2696 τῇ
1868 2629 1973 2679 Πε-

415 2713 732 2784 λοποννήσῳ
758 2715 948 2782 ἢθελεν
979 2717 1295 2769 ἀποστεῖλαι
1323 2717 1511 2787 ἕτερόν
1543 2735 1663 2770 τινα
1713 2717 1820 2770 τῶν
1873 2733 1975 2786 γη-

419 2804 586 2873 ραιῶν
609 2805 904 2874 ἀρχόντων,
933 2807 1017 2858 ἵνα
1033 2808 1099 2861 τὰ
1117 2809 1317 2873 ἐκεῖσε,
1344 2808 1419 2869 ὡς
1451 2808 1681 2877 ἔφημεν.
1708 2808 1973 2878 διορθώσῃ

417 2896 558 2963 μετὰ
589 2897 699 2949 τῶν
728 2898 974 2967 ἀδελφῶν
1009 2900 1198 2960 αὐτοῦ,
1231 2902 1323 2952 καὶ
1350 2900 1604 2953 ἀνάθεσιν
1624 2900 1768 2969 δώσῃ
1811 2901 1978 2969 226

414 2984 560 3052 αύτῷ
591 2984 706 3048 πῶς
738 2985 836 3056 ἔχῃ
870 2987 1069 3055 πρᾶξαι
1107 3002 1120 3014 ·
1160 2987 1208 3038 εί
1256 2985 1314 3038 ἓν
1348 2986 1655 3055 κεφαλαίων
1684 2988 1745 3037 οὐ
1773 2985 1973 3054 δυνηθῇ

2069 1828 2238 1895 αὐτὴν
2260 1828 2550 1896 ἄνθρωπον
2584 1830 2649 1880 ἐκ
2697 1829 2798 1895 τῆς
2849 1826 3132 1896 ἡμετέρας
3181 1825 3350 1890 αύλῆς
3406 1825 3630 1890 δόκιμον

2068 1919 2164 1970 καὶ
2213 1919 2428 1970 πιστόν.
2459 1917 2558 1971 Διὰ
2586 1916 2746 1982 τοῦτο
2775 1917 2967 1986 ἔτερόν
2993 1933 3114 1968 τινα
3150 1916 3249 1984 οὐχ
3279 1912 3512 1984 ἁρμόζει
3528 1915 3632 1967 πά-

2069 2006 2165 2078 ρεξ
2199 2008 2294 2061 σοῦ
2331 2009 2534 2062 εἰδέναι
2562 2008 2631 2061 τὰ
2684 2009 2962 2078 μυστήρια
2997 2007 3182 2076 ἡμῶν,
3235 2007 3328 2059 καὶ
3364 2004 3634 2081 οὐδεὶςηδς

2070 2101 2476 2172 ἁρμοδιώτερός
2533 2116 2652 2165 σου,
2713 2100 2762 2152 εί
2812 2099 2887 2168 μὴ
2965 2098 3133 2167 μόνον
3210 2096 3276 2149 σὺ
3336 2098 3365 2149 ό
3416 2095 3634 2162 πράξας

2071 2194 2170 2246 καὶ
2213 2193 2421 2260 στήσας
2471 2192 2566 2245 καὶ
2597 2187 2871 2260 ὁμιλήσας
2930 2191 3025 2243 καὶ
3073 2189 3506 2259 πληροφορήσας
3563 2188 3636 2239 τὰ

2073 2285 2252 2338 πάντα
2317 2283 2448 2354 μετ’,
2482 2283 2656 2352 αὐτῆς
2705 2285 2801 2336 καὶ
2850 2285 2908 2336 ἐν
2952 2283 3124 2351 ἐτέρῳ
3181 2280 3396 2350 καιρῷο
3455 2281 3534 2332 διὸ
3571 2281 3634 2332 ού

2069 2375 2294 2428 δύναται
2347 2373 2416 2427 δι’
2471 2374 2636 2430 ἄλλου
2685 2375 2831 2438 τινὸς
2897 2375 2926 2445 ἡ
2998 2374 3260 2435 ὑπόθεσις
3317 2374 3492 2441 πέρας
3539 2373 3636 2424 λα-

2073 2467 2209 2518 ϐεῖν.
2253 2483 2273 2518 ι
2341 2465 2483 2532 Ἐγὼ
2531 2465 2588 2519 δέ
2624 2466 2790 2520 πάλιν
2841 2465 3168 2534 ἀποκριθεὶς
3229 2460 3360 2517 εἶπα
3407 2463 3485 2530 τῷ
3545 2463 3641 2532 βα-

2075 2557 2248 2608 σιλεῖ’
2303 2575 2323 2608 ι
2380 2556 2471 2619 Ὠς
2525 2556 2740 2609 κελεύει
2781 2557 2814 2624 ἡ
2852 2556 3099 2625 βασιλεία
3149 2573 3266 2618 σου,
3298 2553 3470 2616 οὕτως
3501 2553 3638 2622 ἔχει.

2075 2643 2302 2698 Ἕνεκεν
2320 2643 2528 2698 τούτων
2548 2645 2659 2698 τῶν
2681 2646 2922 2713 εὐλόγων
2940 2645 3132 2699 αἰτιῶν
3154 2645 3308 2715 ήέμὴ
3335 2646 3587 2705 σύνευνος
3601 2645 3634 2710 ἡ

2072 2735 2233 2804 227
2264 2733 2422 2804 δούλη
2473 2751 2568 2787 σου
2597 2735 2714 2802 ἅμα
2741 2738 2856 2798 τοῖς
2895 2737 3049 2805 ἐμοῖς
3079 2736 3397 2804 συγγενέσιν
3437 2735 3498 2787 ού
3524 2752 3637 2787 κω-

2073 2823 2296 2876 λύσουσί
2357 2840 2446 2892 με,
2503 2824 2553 2875 εί
2591 2825 2748 2894 τύχῃ,
2792 2825 2888 2876 καὶ¹
2941 2826 3154 2893 ποιήσω
3200 2823 3263 2876 τὸ
3297 2823 3644 2893 προσταχθέν

2077 2929 2189 2983 μοι.
2226 2913 2328 2965 Ἦν
2361 2909 2421 2966 εὗ
2467 2915 2778 2984 μακαρίσω,
2805 2914 3094 2984 ἀναφέρων
3122 2915 3256 2984 αὐτῇ
3292 2913 3373 2966 ἐτι
3403 2913 3534 2982 περὶ
3566 2906 3644 2966 ὧν

2073 3003 2160 3056 διὰ
2183 3005 2281 3071 τῆς
2315 3003 2730 3072 καλοκαγαθίας
2757 3006 2856 3074 τῆς
2895 3003 3176 3073 βασιλείας
3205 3021 3300 3056 σου
3324 3003 3521 3067 ἔταξάς
3551 3020 3643 3072 μοι

413 3079 656 3173 ῖεοιῗισοξιι
684 3077 865 3173 {mihi
898 3079 1039 3173 ἥατά
1057 3078 1156 3173 ’τδλ
1182 3077 1459 3173 δεέτερενν
1496 3080 1611 3173 3‘41
1637 3076 1782 3173 CF”?
1835 3077 1974 3173 κατᾲ
1999 3110 2045 3173 C
2080 3097 2210 3166 περὶ
2252 3095 2353 3162 τῆς
2385 3096 2526 3164 ἐμῆς
2557 3094 2826 3165 θυγατρὸς
2867 3094 3170 3163 ὑπανδρίας
3219 3093 3311 3146 καὶ
3339 3094 3519 3146 τόπων
3549 3095 3644 3146 καὶ

411 3168 664 3238 διαδοχὴν
685 3169 718 3238 ἢ
740 3169 800 3222 τδ
835 3169 1017 3238 τρίτον
1051 3169 1085 3239 ἢ
1113 3170 1173 3221 τδ
1201 3169 1458 3238 τέταρτον
1491 3168 1523 3238 ἢ
1555 3169 1615 3234 ἐξ
1649 3169 1892 3238 ἀνάγκης
1914 3168 1975 3220 τὺ
2012 3168 2044 3173 “
2076 3183 2244 3254 τιμῆς
2296 3184 2587 3255 δωρήσεως
2639 3186 2731 3238 καὶ
2775 3184 3042 3255 ἀναδοχῆς
3081 3184 3244 3237 πλέον
3298 3183 3408 3236 τῶν
3467 3183 3643 3237 ἄλλων

415 3298 602 3337 creare
621 3298 847 3338 necesse
876 3291 979 3348 est,
1009 3282 1102 3352 qui
1127 3297 1223 3352 per
1252 3291 1424 3338 tatum
1458 3282 1600 3336 diem
1629 3296 1838 3335 mecum
1867 3281 1978 3335 sint

417 3375 471 3454 in
503 3376 704 3445 palatio
752 3377 818 3432 ad
852 3375 1204 3444 providenda,
1260 3376 1587 3440 ordinanda,
1645 3384 1700 3430 et
1729 3373 1976 3429 facienda

417 3470 724 3523 necessaria
777 3477 889 3522 tum
955 3471 1181 3523 servilia
1246 3477 1360 3522 tum
1419 3468 1645 3523 consilia
1703 3468 1971 3537 imperii.»

416 3564 595 3630 Atque
632 3561 704 3614 ita
756 3550 1120 3628 sigiiilicatum
1172 3568 1256 3615 est
1280 3576 1475 3628 magno
1509 3560 1640 3614 duci
1672 3575 1766 3628 per
1797 3573 1976 3612 meum

419 3665 474 3710 et
526 3655 698 3724 ipsius
727 3663 1085 3722 computrem,
1120 3654 1608 3708 hieromonachum
1642 3662 1695 3706 et
1721 3652 1979 3720 spiritua-

422 3746 525 3798 lem
584 3755 791 3814 patrem
821 3745 1186 3816 Neaphytum,
1223 3746 1315 3814 qui
1378 3746 1432 3799 in
1467 3745 1828 3798 Charsianita:
1857 3758 1980 3797 mo-

425 3837 665 3891 nasterio
695 3849 830 3892 erat.
867 3838 1105 3892 Edoctus
1140 3837 1208 3892 de
1236 3842 1336 3891 hoc
1367 3836 1545 3891 ofﬁcio
1578 3835 1834 3899 Notaras,
1869 3850 1979 3888 non

422 3929 784 3999 repugnabat,
841 3938 1024 3981 utrum
1080 3928 1314 3981 libenter
1364 3936 1570 3986 tamen,
1629 3940 1696 3978 an
1748 3924 1978 3988 invitus,

422 4023 642 4077 nescio:
670 4036 979 4091 quanquam
1016 4035 1123 4089 pra.
1146 4034 1206 4074 se
1224 4019 1450 4081 ferebat,
1478 4019 1640 4072 etiam
1690 4021 1980 4085 antequam

421 4115 661 4168 monitus
690 4123 855 4176 esset,
900 4112 1168 4178 COgitasse
1208 4126 1268 4164 se
1321 4109 1466 4164 istud
1495 4109 1694 4173 facere,
1731 4109 1992 4177 utimpeo.

420 4214 570 4258 rator
624 4205 794 4272 ipsius
828 4202 952 4257 ﬁliis
983 4202 1145 4255 aliam
1191 4202 1496 4271 impertiret
1543 4200 1884 4270 dignitatem.
1911 4201 1982 4254 At

420 4296 564 4350 enim
599 4298 714 4350 haec
743 4311 848 4349 non
900 4296 1207 4349 habuerunt
1238 4294 1442 4348 exitum
1499 4303 1718 4362 prOpter
1737 4307 1984 4348 commu-

423 4403 546 4441 nem
585 4388 746 4442 citius
776 4388 828 4440 in
861 4371 963 4441 nos
1006 4387 1347 4454 ingruentem
1405 4385 1796 4438 calamitatem.
1833 4383 1978 4436 Rur-

423 4494 516 4534 sus
545 4479 675 4532 mihi
709 4477 997 4532 afﬁrmavit
1030 4477 1347 4546 imperator,
1385 4477 1556 4530 etiam
1586 4477 1726 4531 hanc
1747 4491 1809 4530 se
1843 4475 1977 4528 mihi

422 4569 651 4638 gratiam
680 4571 955 4634 daturum,
983 4578 1040 4621 ut
1071 4569 1232 4621 ﬁliam
1270 4583 1445 4622 meam
1466 4568 1653 4638 juveni
1686 4568 1983 4622 collocaret

421 4659 642 4714 Nicolao
669 4657 978 4724 Melisseno,
1014 4659 1123 4713 ﬁlio
1160 4659 1452 4728 Nicephori
1487 4659 1784 4725 Melisseni,
1815 4675 1978 4729 quem

422 4752 804 4820 Melissurgum
861 4751 1339 4820 cognominabant,
1405 4751 1585 4821 magni
1621 4761 1983 4820 prowstrato-

423 4848 523 4912 ris,
559 4855 744 4908 postea
776 4859 902 4898 vero
941 4844 1106 4896 etiam
1149 4843 1508 4912 metropolitze
1543 4858 1766 4898 munere
1783 4844 1980 4906 functi,

423 4939 880 5008 quemadmodum
912 4936 1264 4990 historiarum
1303 4936 1442 4990 libro
1468 4939 1704 4990 secundo
1739 4951 1982 4991 comme-

425 5032 789 5096 nmravimus;
857 5029 1133 5098 pollicitus
1189 5029 1376 5092 etiam,
1413 5028 1738 5082 traditurum
1765 5045 1822 5084 se
1848 5029 1982 5083 mihi

361 5139 364 5141 λ
421 5124 707 5186 vicariam,
738 5121 895 5191 cujus
927 5130 1055 5175 ante
1101 5121 1436 5174 mentionem
1467 5119 1717 5187 fecimus,
1751 5121 1984 5174 admini—

423 5217 737 5271 strationem
763 5215 1006 5269 locorum
1037 5214 1158 5284 ejus
1191 5213 1648 5284 oppidorumque,
1673 5228 1794 5281 qua:
1820 5213 1984 5266 habe—

424 5325 536 5364 rem
594 5319 647 5363 et
707 5323 1076 5378 procurarem,
1138 5307 1315 5362 donec
1369 5307 1476 5360 ﬁlia
1546 5321 1665 5360 mea
1711 5306 1982 5360 decimum

421 5414 675 5470 quartum
702 5417 905 5456 annum
941 5401 1209 5471 attigisset
1239 5413 1293 5454 et
1316 5401 1518 5470 nuptiae
1557 5401 1771 5454 ﬁerent.
1804 5401 1983 5467 Atque

423 5499 526 5551 hoc
574 5496 702 5550 illud
749 5494 872 5560 fuit,
932 5495 984 5546 in
1012 5508 1120 5561 quo
1170 5492 1466 5560 legationes
1511 5502 1564 5546 et
1619 5490 1811 5544 itinera
1867 5507 1980 5543 mea

423 5591 580 5644 linem
639 5603 759 5643 esse
821 5587 1067 5641 habitura
1127 5587 1424 5653 imperator
1476 5583 1782 5637 aﬁirmavit.
1835 5583 1978 5636 Idem

423 5681 884 5744 mihi-dixit,vclle
901 5696 957 5736 se
980 5682 1032 5734 in
1062 5679 1488 5747 Peloponnesum
1516 5677 1678 5730 alium
1709 5692 1734 5729 c
1761 5693 1805 5727 St
1825 5678 1979 5728 uibus

2077 3299 2398 3367 optimatum
2454 3299 2691 3364 mittere,
2718 3297 2812 3366 qui
2841 3297 2953 3352 illic
3008 3312 3120 3362 res,
3160 3296 3228 3351 de
3260 3296 3462 3366 quibus
3500 3295 3642 3348 dixi-

2079 3405 2222 3452 mus,
2251 3404 2374 3444 eum
2408 3389 2664 3444 fratribus
2687 3399 3096 3458 componerent,
3120 3401 3173 3444 et
3205 3387 3436 3442 referret
3469 3387 3535 3440 ad
3559 3400 3642 3448 se,

2078 3482 2208 3552 quid
2240 3481 2382 3536 facto
2411 3496 2549 3551 opus
2577 3490 2751 3536 esset:
2788 3482 2980 3550 quodsi
3043 3497 3147 3534 non
3186 3489 3370 3548 posset
3404 3479 3642 3548 primum

2079 3583 2240 3640 caput
2264 3573 2532 3649 obtinere,
2563 3572 2808 3626 obtinere
2839 3571 3098 3624 niteretur
3125 3569 3448 3632 secundum,
3483 3576 3645 3634 atque

2080 3665 2151 3717 ita
2189 3665 2446 3732 deinceps
2477 3674 2572 3718 aut
2601 3667 2841 3728 tertium,
2870 3674 2967 3718 aut
2999 3672 3277 3732 quartum,
3306 3671 3422 3727 aut,
3464 3661 3510 3714 si
3549 3675 3642 3714 ne-

2083 3755 2307 3810 cessitas
2339 3756 2875 3824 cogeret,quintum.
2912 3752 3160 3806 Rursus:
3193 3751 3326 3804 «Sed
3353 3751 3424 3816 si,
3445 3751 3643 3818 inquit,

2081 3846 2246 3899 alium
2277 3853 2473 3912 praeter
2516 3854 2567 3898 te
2598 3847 2819 3908 misero,
2851 3855 3054 3908 metuo,
3100 3851 3159 3896 ut
3195 3842 3240 3896 is
3277 3842 3512 3896 debitam
3548 3841 3650 3892 mi-

2082 3936 2134 3989 hi
2157 3935 2584 3990 bcnevolentiam
2619 3942 2675 3988 et
2699 3935 2858 3988 ﬁdem
2891 3942 3129 4002 praestet,
3172 3949 3306 3986 neve
3333 3949 3458 3986 eum
3497 3931 3648 3984 deci-

2082 4028 2235 4097 piant
2295 4027 2558 4094 despotae,
2615 4023 2814 4078 fratres
2861 4024 2990 4087 mei,
3050 4038 3144 4092 per
3177 4023 3376 4077 bullam
3425 4036 3643 4075 auream

2084 4119 2263 4171 vicum
2312 4115 2546 4183 aliquem
2609 4115 2693 4168 vel
2729 4113 3005 4183 regionem
3052 4113 3156 4181 ipsi
3233 4122 3288 4166 et
3338 4109 3646 4165 haeredihus

2084 4209 2338 4277 deinceps
2387 4205 2646 4277 polliciti:
2680 4221 2788 4275 qua
2841 4206 2930 4259 ille
2961 4220 3020 4258 re
3050 4212 3380 4267 commotos,
3407 4211 3649 4271 quatuor

2085 4300 2353 4369 capitibus
2378 4296 2598 4366 rejectis
2620 4334 2636 4357 .
2667 4296 2732 4350 de
2768 4295 2886 4350 solo
2915 4294 3108 4364 quinto
3137 4301 3295 4363 agat:
3334 4292 3476 4360 quod
3515 4290 3648 4354 milii

2041 4437 2057 4478 ,
2085 4389 2529 4446 molestissimum
2563 4387 2857 4442 accideret.
2894 4387 3162 4441 Praeterea
3189 4384 3297 4438 scis
3329 4383 3443 4452 ipse
3463 4423 3476 4446 ,
3513 4398 3541 4434 a
3569 4398 3652 4434 re-

2085 4482 2209 4551 gina
2243 4479 2426 4550 Cypri,
2459 4487 2689 4547 cognata
2705 4491 2848 4541 mea,
2874 4477 2941 4530 ad
2962 4491 3048 4529 me
3068 4474 3296 4528 missum
3318 4471 3645 4525 monachum

2087 4573 2404 4638 dixisse,ut,
2427 4585 2552 4624 cum
2574 4569 2759 4639 regina
2783 4582 2889 4622 non
2914 4567 3137 4620 haberet
3173 4564 3451 4619 hominem
3485 4561 3648 4615 ﬁdum

2085 4676 2138 4720 et
2192 4665 2465 4724 idoneum,
2505 4677 2600 4731 per
2653 4677 2813 4730 quem
2847 4675 2934 4714 res
2975 4658 3238 4725 quasdam
3271 4655 3493 4710 maximi
3530 4669 3650 4707 mo-

2085 4757 2254 4813 menti
2292 4771 2504 4811 mecum
2530 4753 2982 4820 communicaret,
3016 4765 3118 4804 nec
3161 4757 3368 4818 posset,
3407 4755 3466 4799 ut
3495 4756 3650 4814 opta-

2088 4859 2186 4909 ret,
2220 4862 2406 4901 coram
2439 4860 2653 4900 mecum
2696 4843 3077 4911 colloqui,ego
3095 4842 3159 4893 ad
3189 4840 3333 4892 illam
3372 4837 3647 4890 hominem

2085 4959 2154 4997 ex
2175 4951 2360 4996 nostra
2384 4939 2508 4994 aula
2527 4945 2831 5008 spectatum
2858 4945 2912 4990 et
2937 4935 3098 4988 ﬁdum
3121 4932 3414 4985 mitterem.
3472 4927 3651 4991 Quare

2086 5037 2202 5092 ﬁeri
2262 5036 2470 5103 nequit,
2501 5045 2559 5086 ut
2603 5031 2716 5094 alii,
2747 5044 2808 5082 ac
2841 5029 2962 5092 tibi,
3021 5034 3230 5082 secreta
3263 5032 3450 5077 nostra
3495 5023 3652 5072 inno-

2091 5138 2322 5193 tescant,
2398 5139 2570 5195 neque
2632 5134 2715 5177 est
2773 5122 3063 5190 quisquam
3130 5126 3179 5170 te
3239 5115 3441 5183 aptior,
3469 5127 3648 5180 quau-

2086 5217 2378 5287 doquidem
2431 5225 2488 5269 tu
2532 5215 2697 5269 etiam
2753 5213 2889 5266 alias
2941 5211 3121 5264 omnia
3180 5222 3305 5260 cum
3340 5204 3426 5257 illa
3463 5199 3645 5268 egisti,

2086 5309 2458 5372 constituisti,
2547 5303 3010 5364 communicasti,
3089 5297 3383 5368 perfecisti.
3472 5292 3644 5356 Quam

2085 5400 2154 5454 ob
2183 5414 2294 5452 rem
2329 5411 2423 5465 per
2453 5394 2620 5449 aliutn
2657 5393 2798 5447 istud
2834 5390 3108 5460 negotium
3141 5384 3344 5439 absolvi
3379 5381 3583 5445 nequit.
3624 5393 3646 5424 ι

2087 5494 2198 5561 Ego
2239 5492 2310 5544 ita
2351 5489 2606 5558 respondi
2644 5504 2658 5540 :
2721 5504 2738 5537 ι
2783 5484 2939 5538 Sicut
2968 5495 3180 5541 censes,
3229 5477 3545 5543 imperator,
3573 5478 3646 5521 ita

2085 5600 2171 5638 res
2223 5583 2400 5636 habet.
2454 5582 2532 5634 At:
2589 5589 2808 5648 propter
2858 5577 2990 5630 istas
3045 5569 3393 5640 gravissimas
3453 5575 3650 5614 causas

2087 5678 2284 5746 conjux
2334 5691 2473 5737 mea,
2508 5687 2662 5727 serva
2717 5680 2829 5733 tua,
2890 5681 3012 5721 cum
3070 5660 3294 5728 reliquis
3328 5653 3654 5726 propinquis
