4066 6296
484 347 590 409 827

1718 353 2035 415 GEORGII
2075 353 2501 416 ΡΙΙΒΑΝΤΖᾸΞ

3614 354 3718 422 828

472 458 868 528 ἀρχοντισσῶν.
900 478 919 511 ι
952 459 1064 514 Καὶ
1097 460 1271 523 οὕτως
1302 461 1496 530 καιροῦ
1524 462 1586 530 δὴ
1615 463 1765 526 ῦντος
1797 464 1890 518 τοῦ
1920 468 2043 535 ἀρι-
2071 468 2116 525 Α
2145 485 2283 531 κιον,
2319 468 2377 521 τὸ
2408 467 2502 521 τοῦ
2538 467 2775 537 μεγάλου
2830 468 3136 536 λογοθέτου.
3176 486 3196 519 ι
3242 468 3300 522 '0
3323 468 3381 522 δὲ
3422 469 3547 537 δοῦε
3575 472 3709 527 ἀπο·

476 568 676 619 στησαι
707 555 1091 623 προσκυνήσας
1118 553 1228 620 ἐγὼ
1273 555 1514 615 ἀπῆλθον
1548 557 1751 625 οἴκαδε.
1800 557 1954 611 Μετά
1984 559 2040 611 δὲ

472 642 534 693 τὸ
567 643 789 712 ἄριστον
815 644 1058 706 ἐλθόντος
1102 645 1199 698 τοῦ
1239 648 1479 715 μεγάλου
1510 648 1698 712 δουκδς
1731 650 1789 701 ἐν
1819 649 1898 714 τῷ
1932 668 2039 702 πα-

472 733 641 802 λατίῳ
670 735 913 804 ὲφήσατο
957 737 1107 807 αὐτῷ
1139 739 1167 789 6
1198 738 1453 806 βασιλεὺς
1490 740 1558 793 τὰ
1608 740 1707 795 ὅσα
1750 742 1870 810 μετ’
1901 740 2038 810 ἐμοῦ

471 825 702 894 ἐλάλησε
750 829 882 895 περὶ
914 826 1009 880 τοῦ
1059 830 1301 899 πρέσϐυν
1345 849 1411 898 με
1464 832 1740 898 ἀπελθεῖν,
1774 833 1891 886 ὀιλλ⁹
1940 834 2038 887 οὐκ

469 915 827 985 ἀπεκάλυψεν
859 918 1008 988 αὐτῷ
1033 920 1103 972 δι’
1132 920 1199 991 ἢν
1224 922 1404 975 αἰτίαν
1426 937 1439 950 ·
1477 924 1574 976 καὶ
1607 924 1915 995 προσέθηκε
1943 932 2038 980 καὶ

467 1006 647 1069 τοῦτο,
678 1008 761 1062 ὅτι
793 1010 1118 1079 Ἀναγκαῖόν
1134 1016 1250 1068 ἐστι
1283 1018 1608 1086 τιμήσωμεν
1641 1018 1738 1070 καὶ
1763 1020 1923 1088 ἡμεῖς
1945 1021 2038 1074 τὸν

465 1100 771 1169 Φραντζῆν,
816 1102 951 1156 διότι
1009 1104 1070 1157 τὸ
1113 1107 1366 1174 ὸφφίκιον
1405 1109 1434 1162 ὃ
1464 1109 1735 1180 κέκτηται
1758 1112 1859 1164 οὐκ
1889 1112 2036 1165 ἔστιν

466 1191 792 1259 εὐχαριστία
821 1195 1045 1264 οὐδεμία
1083 1198 1221 1266 πρὸς
1262 1200 1434 1268 ἡμᾶς,
1467 1200 1603 1254 διότι
1632 1202 1782 1271 παρά
1806 1202 1899 1255 τοῦ
1936 1203 2036 1272 βα-

470 1282 662 1345 σιλέως
704 1285 800 1337 τοῦ
829 1288 1061 1355 ἀδελφοῦ
1116 1308 1217 1359 μου
1264 1294 1612 1365 εὐηργετήθη
1670 1298 1828 1351 τοῦτο
1863 1299 2031 1368 αὐτῷ.

466 1375 556 1426 Διὸ
580 1374 730 1441 λέξον
758 1379 906 1449 αὐτῷ
952 1384 1107 1434 ποτον
1140 1382 1271 1437 ἄλλο
1300 1386 1412 1438 τῶν
1436 1386 1711 1455 όφφικίων
1752 1389 2032 1459 ὀρέγεται,

463 1465 561 1519 καὶ
590 1469 935 1538 ἀκούσωμεν.
987 1474 1095 1526 Καὶ
1138 1475 1368 1538 ἐξελθὼν
1396 1479 1423 1530 6
1448 1477 1573 1543 δοὺξ
1608 1480 1701 1533 καὶ
1744 1482 1922 1551 εὑρών
1964 1501 2033 1553 με

464 1559 801 1613 ἐπυνθάνετο
834 1563 887 1615 τί
914 1564 973 1615 τὺ
999 1564 1257 1632 ὀφφίκιον
1280 1568 1573 1639 ὠρεγόμην
1601 1572 1687 1624 ἵνα
1720 1573 2034 1645 δωρήσηταί

466 1664 556 1714 μοι
585 1651 613 1702 6
632 1649 909 1718 βασιλεύς.
928 1654 1069 1722 Ἐγὼ
1098 1656 1154 1707 δὲ
1183 1657 1502 1729 ἀποκριθεὶς
1522 1657 1678 1714 εἶπον
1709 1664 1789 1716 ὅτι
1821 1682 1841 1714 ι
1875 1666 2032 1719 Κατά

461 1738 587 1792 νοῦν
615 1737 762 1811 εἶχον
793 1744 882 1796 καὶ
933 1744 1047 1813 ἐγὼ
1094 1749 1315 1818 αἰτῆσαι
1348 1752 1536 1817 μεῖζον
1581 1754 1860 1820 ὀφφίκιον,
1891 1755 2029 1827 ὅπερ
2063 1797 2102 1849 Β

460 1831 522 1882 οὐ
551 1834 815 1902 κέκτηται
838 1835 1019 1900 ἄλλος,
1050 1839 1144 1890 καὶ
1169 1838 1296 1892 οῦτε
1320 1840 1521 1904 ζῶντός
1555 1860 1657 1910 μου
1689 1844 2027 1917 εὐεργετήση

459 1920 568 1971 τινὶ
601 1922 773 1993 ἑτέρῳ
819 1925 963 1994 πλὴν
996 1929 1132 1995 ἐμοῦ
1158 1944 1174 1959 °
1201 1930 1297 1983 καὶ
1328 1930 1389 1985 τὸ
1448 1935 1661 1998 πρέπον
1707 1933 1883 1997 οὕτως
1940 1954 2033 2005 μοι

460 2011 610 2063 δοκεῖ
640 2010 803 2078 εἶναι,
835 2016 862 2069 ὃ
897 2018 989 2071 καὶ
1010 2020 1303 2090 ὀρέγομαι,
1341 2024 1463 2077 ἐπεὶ
1490 2029 1585 2081 καὶ
1611 2026 1716 2096 πρὸ
1747 2028 1843 2080 τοῦ
1868 2028 2033 2081 ἀπελ-

462 2101 576 2155 θεῖν
612 2121 681 2173 με
721 2107 803 2169 είς
826 2106 1215 2177 Τραπεζοῦντα
1244 2114 1489 2167 τοσαῦτα
1523 2116 1700 2185 ὀνείδη
1734 2118 1829 2170 καὶ
1860 2134 2032 2184 κατη-

458 2195 652 2263 γορίας
687 2197 900 2265 ἤκουσα
947 2202 1045 2255 καὶ
1084 2203 1337 2274 ὑπέφερα
1371 2206 1463 2259 διὰ
1504 2206 1569 2259 τὸ
1600 2204 1741 2261 εἶναι
1776 2212 1870 2261 καὶ
1913 2211 2030 2262 ἑτέ-

462 2302 589 2351 ρους
617 2287 783 2360 228
816 2290 910 2344 δύο
956 2293 1228 2363 ἄρχοντας
1276 2298 1336 2349 ἐν
1382 2299 1460 2368 τῷ
1498 2300 1735 2371 ὀφφικίῳ
1782 2302 1810 2355 ὃ
1842 2302 1970 2371 ἔχω,
2000 2302 2028 2354 6

455 2375 559 2430 οὐκ
589 2378 778 2447 ἧϐελα.
824 2381 968 2435 Ἀλλ’
1001 2385 1087 2437 ῐνα
1116 2385 1387 2459 βεϐαιωθῇ
1420 2390 1448 2441 6
1475 2389 1631 2456 λόγος
1660 2408 1789 2461 μου,
1824 2392 1900 2455 ὥς
1933 2409 2027 2462 μοι

456 2470 687 2538 εἴρηκας
733 2471 889 2541 κάγὼ
944 2474 1235 2546 ὀρέγομαι,
1273 2480 1322 2531 εί
1368 2480 1461 2533 καὶ
1514 2481 1745 2550 ἀρεστόν
1797 2482 1918 2536 ἐστι
1947 2483 2026 2552 τῷ

455 2561 694 2634 αὐθέντῃ
734 2580 835 2633 μου
865 2565 945 2636 τῷ
980 2567 1214 2637 βασιλεῖ,
1254 2570 1596 2642 εὐεργετήσῃ
1650 2590 1741 2641 μοι
1774 2572 1834 2626 τδ
1867 2576 2028 2643 ὸφφί-

456 2668 575 2706 κιον
606 2654 703 2706 τοῦ
732 2657 974 2724 μεγάλου
1008 2662 1428 2717 κοντοσταύλου.
1468 2683 1486 2715 ι
1519 2666 1626 2718 Καὶ
1654 2666 1828 2730 οὕτως
1853 2668 2027 2738 ἀπῆλ-

453 2744 604 2798 θενὸ
643 2745 895 2819 Νοταρᾶς
952 2751 1045 2805 καὶ
1084 2753 1319 2824 ἀνέφερε
1356 2755 1535 2810 πάντα
1581 2756 1660 2827 τῷ
1718 2758 1965 2827 βασιλεῖ·
1994 2761 2023 2814 6

451 2830 508 2884 δὲ
533 2834 853 2905 ἀποκριθεὶς
883 2835 1043 2894 εἶπεν
1069 2842 1220 2912 αὐτῷ
1240 2858 1256 2874 ο
1294 2863 1313 2896 ι
1352 2845 1496 2899 Αὐτὸ
1527 2846 1635 2918 γὰρ
1673 2848 1734 2901 τὸ
1767 2849 2024 2917 ὀφφίκιον

451 2923 514 2976 οὐ
545 2925 737 2996 δίδωμι
789 2930 991 2997 οὐδενὶ,
1022 2933 1161 2988 ὅτιὸ
1208 2935 1403 3007 πρώην
1437 2954 1541 3006 μου
1588 2940 1853 3010 πενθερός
1903 2944 2021 2995 ἐστι

454 3016 631 3084 μέγας
681 3021 1095 3088 κοντόσταυλος,
1128 3027 1369 3095 γεγονὼς
1410 3030 1469 3083 ὲν
1510 3032 1574 3100 τῇ
1627 3032 2021 3104 Πελοποννήσῳ

2147 559 2359 630 κριθεὶς
2386 557 2507 611 εἷπε
2533 577 2548 590 ·
2589 578 2607 610 ι
2644 561 2752 612 Καὶ
2777 560 2828 612 τί
2855 562 3149 629 γενήσεται
3182 560 3322 629 μετά
3350 559 3446 613 τοῦ
3476 561 3712 616 Παλαισ-

2141 650 2306 717 λὸγου
2350 649 2445 703 τοῦ
2480 652 2820 721 Μετοχίτους
2864 669 2883 703 t
2927 651 2985 704 Ὀ
3014 652 3270 722 Νοταρᾶς
3317 647 3471 704 εἶπεν
3518 652 3596 705 ἔτι
3635 654 3715 725 τῷ

2144 740 2357 810 βασιλεῖ
2385 743 2474 796 ἵνα
2499 743 2834 812 εὐεργετήσῃ
2869 760 2936 811 με
2970 743 3032 795 τδ
3084 742 3180 795 τοῦ
3222 744 3466 811 μεγάλου
3515 760 3715 813 πριμι-

2144 833 2361 902 κηρίου,
2386 834 2414 886 ὃ
2436 835 2552 886 ἐστι
2590 833 2728 903 μετὰ
2763 834 2824 886 τὸ
2855 833 2950 886 τοῦ
2984 833 3489 904 στρατοπεδάρχου,
3522 837 3620 888 καὶ
3648 839 3712 891 οὐ

2140 923 2321 989 τοῦτο,
2341 923 2499 988 λέξας
2530 924 2613 978 ὅτι
2639 943 2657 976 ι
2679 923 2742 977 Ἥ
2784 924 3029 993 βασιλεία
3048 940 3142 976 σου
3160 923 3386 993 ζητήσει
3411 925 3501 978 τοῦ
3520 925 3718 979 δεσπό-

2140 1028 2237 1065 του
2268 1012 2362 1066 τοῦ
2393 1012 2626 1082 ἀδελφοῦ
2667 1031 2762 1067 σου
2794 1014 3062 1083 ἐποίησας
3094 1015 3583 1086 στρατοπεδάρχην
3617 1018 3715 1070 τὸν

2138 1100 2234 1154 τοῦ
2266 1101 2731 1171 Καντακουζηνοῦ
2764 1103 2877 1156 υἱὸν
2914 1103 3003 1156 διά
3032 1104 3131 1172 τὴν
3163 1105 3548 1174 συγγαμϐρέας
3579 1124 3713 1173 συγ-

2139 1194 2359 1259 γένειαν
2386 1195 2477 1247 καὶ
2503 1196 2590 1247 διὰ
2628 1197 2721 1248 τὸν
2752 1195 3218 1265 πρωτοστράτορα
3245 1196 3339 1247 τὸν
3373 1197 3571 1250 ἑαυτοῦ
3603 1216 3713 1251 πα-

2139 1284 2295 1354 τέρα.
2330 1285 2441 1338 Kal.
2465 1286 2559 1339 ἐὰν
2586 1284 2765 1357 δώσῃς
2797 1284 2875 1356 τῷ
2903 1284 3154 1355 Φραντζῇ
3196 1285 3254 1338 τὸ
3285 1287 3529 1339 τοιοῦτον
3555 1288 3714 1356 ὁφφί-

2138 1390 2277 1437 κιον,
2304 1373 2332 1426 ὃ
2361 1375 2482 1427 ἑστι
2532 1375 2748 1439 πρῶτον
2793 1374 2888 1427 τοῦ
2921 1375 3160 1441 μεγάλου
3204 1376 3707 1444 στρατοπεδάρχου,

2135 1464 2188 1514 τί
2222 1466 2515 1534 γενήσεται
2546 1484 2559 1531 ;
2603 1467 2793 1535 Ὅμως
2837 1466 2887 1519 ει
2928 1467 3160 1535 ἀρεστόν
3192 1469 3306 1520 ἐστι
3334 1470 3401 1538 τῇ
3454 1467 3706 1537 βασιλείᾳ

2138 1571 2257 1618 σου,
2310 1556 2675 1626 εὐεργέτησον
2727 1556 2879 1626 αὺτῷ
2914 1556 2974 1608 τὸ
3004 1558 3099 1610 τοῦ
3152 1558 3391 1627 μεγάλου
3428 1575 3705 1628 πριμικηο

2137 1644 2256 1714 ρίου
2287 1646 2565 1713 όφφίκιον,
2596 1647 2624 1699 ὅ
2654 1649 2771 1699 ἐστι
2816 1648 2954 1716 μετὰ
2976 1646 3037 1699 τὸ
3079 1645 3174 1699 τοῦ
3205 1646 3445 1717 μεγάλου
3475 1663 3705 1715 στρατο-

2134 1738 2429 1807 πεδάρχου.
2471 1760 2489 1791 ι
2521 1741 2578 1793 ὐ
2617 1740 2674 1792 δὲ
2706 1740 2961 1809 βασιλεὺς
2987 1735 3175 1794 εἶπεν
3209 1760 3229 1793 ι
3279 1739 3423 1805 Ἐγώ
3449 1757 3531 1792 σοι
3563 1755 3702 1808 προ-

2133 1832 2286 1883 εῖπον
2311 1833 2393 1884 ὅτι
2418 1832 2447 1883 6
2484 1833 2771 1901 Φραντζῆς
2811 1832 2872 1884 οὒ
2909 1830 3125 1899 δέχεται
3163 1830 3327 1900 229
3361 1829 3513 1883 οὐδὲν
3537 1829 3699 1897 ὀφφί-

2132 1936 2253 1974 κιον
2309 1922 2441 1989 παρ’
2492 1921 2654 1974 ἄλλου
2710 1921 3107 1992 κρατούμενον,
3137 1921 3188 1973 εί
3240 1921 3334 1973 καὶ
3387 1918 3699 1989 μειζότερον

2132 2011 2217 2080 εἴη
2244 2027 2260 2043 ο
2290 2012 2411 2075 πῶς
2454 2008 2553 2067 οὖν
2582 2013 2945 2084 καταδέξηται
2987 2014 3047 2066 τὸ
3080 2014 3176 2066 τοῦ
3223 2012 3459 2082 μεγάλου
3507 2029 3698 2081 πριμι·

2131 2104 2328 2174 κηρίου
2355 2120 2370 2171 ;
2396 2105 2545 2174 ὅμως
2578 2106 2643 2158 ὲκ
2671 2105 2926 2175 δευτέρου
2959 2105 3197 2175 λάλησον
3248 2103 3418 2173 αὐτῷ,
3450 2103 3545 2155 καὶ
3579 2103 3699 2156 ῐδωο

2134 2213 2233 2265 μεν
2272 2196 2370 2266 τὴν
2400 2197 2629 2267 γνώμην
2678 2198 2869 2254 αὐτοῦ.
2908 2217 2926 2250 ι
2960 2199 3165 2252 Λοιπὸν
3211 2197 3368 2259 αὖθις
3397 2191 3532 2267 ἦλθε
3563 2198 3699 2266 πρός

2132 2305 2199 2356 με
2230 2290 2257 2340 6
2295 2290 2466 2357 μέγας
2495 2290 2623 2353 δοὺξ
2666 2288 2878 2356 λέγων’
2911 2308 2931 2351 ‹
2982 2293 3043 2343 '0
3085 2288 3343 2359 βασιλεὺς
3382 2288 3486 2358 ἔφη
3517 2289 3598 2340 ὅτι
3637 2287 3702 2341 τὸ

2126 2378 2223 2432 τοῦ
2255 2380 2498 2447 μεγάλου
2526 2366 2930 2435 ῗιοντοσταύλου
2972 2382 3249 2449 ὀφφίκιον,
3284 2382 3409 2434 ἐπεὶ
3450 2384 3479 2435 6
3508 2381 3700 2434 πενθε-

2129 2472 2221 2540 ρὸς
2252 2472 2418 2525 αὐτοῦ
2449 2472 2564 2542 ἔχει
2589 2472 2770 2537 τοῦτο,
2796 2472 2923 2525 οὔτε
2954 2475 3040 2526 σοὶ
3070 2472 3196 2526 οὔτε
3231 2474 3378 2544 ἄλλῳ
3408 2476 3516 2527 τινὶ
3543 2474 3697 2541 εὐερο

2124 2561 2348 2630 γετήσει
2379 2563 2530 2628 αὐτὸ,
2578 2563 2713 2617 άλλᾶ
2748 2563 2909 2617 δώσει
2940 2578 3025 2616 σοι
3065 2564 3125 2617 τὸ
3153 2563 3247 2617 τοῦ
3299 2564 3539 2633 μεγάλου
3572 2582 3696 2632 πρι-

2130 2656 2411 2723 μικηρίου,
2447 2654 2586 2723 ὅπερ
2639 2655 2733 2707 καὶ
2775 2654 2991 2724 πρῶτον
3036 2654 3227 2708 τούτου
3287 2656 3427 2709 ὲστί.
3474 2675 3494 2707 ι
3530 2657 3695 2723 Κάγὼ

2125 2740 2279 2797 εἷπον
2302 2745 2451 2814 αὐτῷ
2484 2747 2566 2798 ὅτι
2589 2765 2608 2797 ι
2640 2746 2700 2798 Εἰ
2724 2747 2821 2800 καὶ
2845 2746 3065 2817 πρῶτόν
3095 2748 3210 2800 ἔστι
3236 2748 3298 2800 τὸ
3325 2747 3421 2800 τοῦ
3456 2749 3691 2816 μεγάλου

2123 2834 2316 2898 δουκὸς
2356 2835 2633 2904 ὀφφίκιον,
2666 2836 2828 2889 τοῦτο
2878 2837 2939 2891 οὐ
2973 2835 3112 2891 Θέλω
3162 2837 3536 2907 ἀφαιρεθῆναι
3585 2837 3695 2891 ἀπὸ

2123 2928 2287 2981 ἄλλου
2319 2929 2413 2981 καὶ
2440 2929 2661 2999 δοθῆναι
2692 2931 2838 3000 ἐμοί·
2868 2948 2887 2982 ι
2930 2931 3023 2984 καὶ
3054 2929 3229 2992 οὕτως
3270 2929 3490 3000 διελύθη
3516 2932 3542 2983 6
3564 2930 3689 2982 σύλ-

2121 3019 2300 3087 λογος,
2327 3020 2722 3084 Βουλευθέντος
2742 3021 2798 3074 δέ
2832 3038 2933 3092 μου
2967 3023 3104 3090 μετὰ
3129 3022 3240 3075 τῶν
3273 3024 3683 3091 συγγενῶν.μου

452 3108 605 3173 παρά
634 3108 728 3162 τοῦ
762 3110 1030 3180 βασιλέως
1060 3117 1157 3170 τοῦ
1191 3121 1400 3187 πατρός
1452 3138 1577 3190 μου,
1610 3123 1700 3175 ὅτε
1749 3123 2020 3195 ᾠκοδόμει
2049 3129 2090 3186 C
2123 3112 2220 3165 καὶ
2245 3112 2415 3181 φίλων
2441 3115 2532 3166 καὶ
2562 3114 2780 3167 οἰκείων
2808 3114 2939 3185 περὶ
2960 3108 3035 3169 ὧν
3060 3118 3087 3168 6
3114 3115 3366 3185 βασιλεύς
3396 3134 3482 3184 μοι
3505 3116 3679 3182 ἐπηγ-

450 3198 544 3250 τὸν
583 3198 816 3271 Ἰσθμόν.
850 3205 1002 3276 Πλὴν
1040 3207 1196 3263 δώσω
1238 3210 1387 3282 αὐτῷ
1412 3211 1601 3283 ἕτερον
1630 3215 1817 3284 μεῖζον
1860 3217 2022 3286 ὀφφί-

450 3322 559 3363 non
612 3310 853 3370 obstabit
905 3316 1141 3373 fortasse
1171 3361 1187 3386 ,
1250 3324 1548 3391 quominus
1596 3327 1863 3382 voluntati
1915 3340 2020 3384 tuae

449 3398 760 3469 obsequar:
784 3420 947 3474 quam
967 3407 1163 3475 beabo,
1184 3427 1305 3465 cum
1325 3413 1550 3480 docebo,
1576 3432 1696 3486 qua:
1718 3420 2018 3490 majestatis

449 3499 555 3545 tuae
576 3496 747 3563 gratia
774 3498 838 3552 de
860 3498 971 3553 ﬁlia
996 3517 1115 3557 mea
1148 3505 1464 3562 collocanda
1482 3509 1804 3578 decreverit,
1841 3513 2018 3583 deque

447 3580 668 3639 ditionis
694 3596 749 3640 et
767 3587 1033 3646 honorum
1062 3597 1322 3663 praemiis,
1377 3614 1486 3668 prae
1514 3600 1740 3669 reliquis
1797 3580 2016 3661 feminis

445 3674 721 3759 nobilibus
754 3695 873 3735 eam
904 3694 1180 3742 evectura.
1228 3706 1248 3740 ι
1286 3689 1363 3744 lta
1414 3706 1536 3746 cum
1588 3701 1805 3765 tempus
1851 3712 2017 3763 pran-

445 3752 522 3817 dii
551 3767 786 3833 adesset,
845 3773 1164 3831 adoratione
1235 3776 1418 3844 facta,
1478 3752 1718 3837 domum.
1761 3784 2010 3842 discessi.

444 3855 572 3913 Post
597 3862 883 3928 prandium
932 3883 1129 3937 magno
1175 3873 1300 3927 duci
1348 3874 1401 3928 in
1454 3876 1711 3944 palatium
1775 3880 2012 3935 venienti

443 3948 743 4018 imperator
775 3958 981 4025 retulit,
1015 3977 1137 4029 quae
1162 3962 1230 4017 de
1254 3966 1502 4022 obeunda
1552 3969 1687 4023 mihi
1741 3969 2013 4040 legatione

443 4053 655 4096 mecum
710 4051 931 4117 egisset,
968 4067 1194 4110 causam
1247 4066 1427 4113 tamen
1461 4076 1567 4116 non
1602 4065 1856 4132 aperuit;
1913 4066 2010 4120 ad-

444 4131 585 4186 didit
615 4147 818 4204 autem,
874 4158 1099 4201 necesse
1160 4162 1304 4215 esse,
1371 4161 1430 4205 ut
1490 4154 1605 4223 ipse
1637 4131 1880 4226 quoque
1924 4172 2012 4213 me

443 4228 845 4291 coltonestaret.
875 4237 1130 4304 quoniam
1178 4257 1401 4306 munus,
1432 4259 1541 4311 quo
1584 4245 1859 4316 fungerer,
1899 4265 2006 4304 non

443 4331 543 4371 sua
573 4322 770 4388 gratia,
807 4326 900 4379 sed
950 4326 1319 4398 imperatoris,
1386 4333 1572 4392 fratris
1626 4339 1732 4403 sui,
1772 4340 2008 4395 benevo-

442 4410 604 4465 lentia
635 4415 765 4469 mihi
802 4418 1140 4488 impertitum
1199 4434 1345 4480 esset
1375 4443 1389 4491 ;
1430 4429 1818 4502 mandavitque
1871 4434 2009 4501 ei,ut
2038 4453 2083 4509 ι)

440 4505 582 4571 quod
625 4523 826 4565 munus
852 4520 1117 4582 Optarem,
1144 4531 1212 4571 ex
1240 4533 1326 4573 me
1358 4533 1627 4589 quaereret
1679 4534 1733 4579 et
1766 4526 1869 4580 sibi
1924 4542 2009 4581 rc-

441 4596 736 4651 nuntiaret.
812 4600 1000 4672 Itaque
1051 4606 1313 4665 dimissus
1370 4611 1501 4677 dux,
1563 4614 1654 4670 ubi
1709 4630 1796 4669 me
1850 4616 2005 4683 vidit,

442 4689 670 4756 rogavit,
738 4694 881 4762 quod
939 4711 1138 4754 munus
1174 4701 1243 4755 ab
1300 4702 1631 4771 imperatore
1685 4706 1818 4759 mihi
1884 4706 2003 4760 dari

440 4791 720 4846 cuperem.
752 4783 831 4839 Ad
863 4802 983 4857 qua).
1009 4790 1081 4844 ita
1116 4796 1401 4862 respondi:
1439 4815 1457 4847 ι
1510 4798 1725 4852 Possim
1752 4798 2003 4868 equidem

442 4883 638 4927 munus
676 4876 850 4945 majus
885 4896 1029 4936 nunc
1061 4894 1263 4953 petere,
1298 4888 1438 4956 quod
1475 4889 1615 4943 alius
1651 4905 1758 4943 non
1786 4890 2005 4953 habeat,

437 4964 691 5033 quodque
722 4956 965 5028 mea'ivo
1026 4988 1222 5045 praeter
1274 4995 1357 5033 me
1398 4980 1603 5034 nemini
1637 4981 2003 5048 impertiatur.

436 5054 591 5119 Quod
656 5058 883 5119 honeste
916 5068 1187 5136 petiturus
1229 5072 1361 5125 mihi
1400 5072 1606 5137 videor,
1643 5074 1793 5142 quia,
1847 5084 2004 5129 ante-

435 5163 598 5215 quam
656 5150 1055 5223 Trapezuntem
1087 5161 1337 5223 dISCL‘Sa'I,
1376 5162 1641 5230 plurimas
1698 5166 2004 5221 calumnias

433 5247 489 5293 et
546 5243 955 5303 criminationes
1013 5262 1269 5321 expertus
1326 5268 1448 5307 sum
1486 5269 1547 5308 ac
1587 5257 1808 5324 pertuli,
1870 5257 1998 5327 quia

433 5330 523 5387 alii
564 5332 673 5389 duo
702 5352 955 5404 proceres
986 5342 1034 5394 in
1069 5344 1244 5397 oilicio
1268 5356 1474 5411 essent,
1511 5347 1654 5416 quod
1698 5349 1913 5404 habeo:
1946 5350 1999 5404 id

433 5426 577 5489 quod
610 5428 782 5483 nolui.
812 5430 1019 5502 Itaque,
1047 5444 1103 5487 ut
1139 5446 1391 5489 eventum
1429 5439 1623 5494 habeat
1649 5443 1823 5495 oratio
1858 5456 2000 5508 mea,

432 5520 649 5580 quando
681 5530 737 5575 tu
771 5522 842 5576 ita
861 5523 1042 5592 jubes,
1077 5527 1237 5596 cupio
1269 5530 1545 5598 equidem,
1579 5531 1620 5584 si
1662 5532 2000 5602 imperatori,

432 5614 656 5669 domino
680 5631 821 5682 meo,
846 5627 1126 5687 acceptum
1174 5621 1267 5687 sit,
1314 5632 1369 5676 ut
1406 5625 1679 5694 impertiat
1715 5628 1846 5680 mihi
1879 5643 2000 5680 mu-

437 5720 537 5765 nus
598 5709 780 5780 magni
840 5714 1186 5768 contostauii.
1222 5733 1267 5785 ρ
1322 5714 1397 5771 lta
1461 5717 1711 5774 discessit
1771 5718 2000 5774 Notaras

2124 3205 2371 3273 γεὶλατο,
2403 3206 2500 3260 καὶ
2528 3207 2708 3270 καλῶς
2729 3208 2896 3261 πᾶσιν
2924 3208 3102 3273 ἔδοξεν
3142 3210 3229 3261 ἵνα
3255 3211 3318 3262 τὸ
3350 3207 3678 3262 συνοικέσιον

2121 3324 2179 3369 et
2209 3326 2407 3372 cuncta
2439 3318 2626 3373 retulit
2660 3319 3017 3390 imperatori:
3064 3321 3158 3390 qui
3194 3323 3309 3376 haec
3360 3321 3408 3375 ei
3459 3337 3686 3391 respon-

2120 3407 2233 3461 dit:
2272 3426 2291 3460 ι
2328 3410 2461 3464 Illud
2503 3410 2720 3479 quidem
2760 3426 2959 3466 munus
3008 3414 3214 3467 nemini
3249 3413 3519 3483 impertio,
3552 3430 3691 3484 quo-

2121 3502 2264 3553 niam
2307 3500 2567 3570 pristinus
2611 3501 2787 3558 aﬂinis
2832 3519 2986 3560 metis
3041 3520 3270 3575 magnus
3311 3507 3686 3561 contostaulus

2118 3600 2222 3656 est,
2257 3602 2484 3648 ornatus
2526 3609 2588 3649 ea
2629 3595 2897 3665 dignitate
2934 3596 2989 3649 in
3045 3594 3417 3665 Peloponneso
3448 3613 3478 3650 a
3534 3608 3691 3667 patre

2118 3695 2240 3736 meo
2265 3682 2609 3752 imperatore,
2629 3702 2751 3740 cum
2779 3687 3034 3741 Isthmum
3055 3691 3308 3743 muniret.
3330 3686 3523 3742 Verum
3548 3691 3691 3746 dabo

2114 3773 2189 3827 illi
2215 3775 2362 3830 aliud
2418 3778 2593 3844 majus
2626 3794 2844 3845 munus,
2906 3780 3088 3850 magni
3133 3782 3441 3851 logotbet:e.
3487 3802 3506 3835 ι
3550 3784 3685 3838 'l‘utn

2115 3863 2224 3916 dux
2252 3882 2265 3916 :
2308 3882 2327 3915 ι
2356 3863 2498 3930 Quid
2521 3866 2705 3935 igitur,
2739 3868 2939 3937 inquit,
2969 3870 3035 3924 de
3060 3870 3366 3943 Palteologo
3392 3871 3684 3928 Metocbita

2114 3953 2246 4008 ﬂet?
2278 3973 2296 4007 ι
2361 3955 2717 4027 Addiditque,
2779 3969 2840 4014 ut
2888 3962 3071 4032 magni
3103 3964 3399 4032 primicerii
3464 3982 3682 4032 munus,

2114 4047 2261 4115 quod
2324 4057 2450 4117 post
2502 4050 2962 4121 stratopcdarchae
3025 4070 3224 4110 munus
3273 4058 3538 4126 Sequitur,
3574 4075 3681 4113 non

2113 4138 2237 4202 hoc,
2281 4140 2409 4192 mihi
2436 4141 2613 4196 daret.
2657 4160 2676 4193 ι
2717 4141 2837 4212 Ipsa
2863 4144 3033 4207 enim,
3064 4148 3258 4214 inquit,
3300 4149 3557 4217 majestas
3588 4162 3676 4204 tua

2113 4229 2301 4285 fratris
2351 4232 2590 4300 despotae
2663 4245 2853 4306 r0gatu
2916 4240 3424 4308 stratOpedarchant
3500 4244 3676 4299 fecisti

2109 4321 2672 4378 Cantacuzenitilium
2730 4339 2950 4395 propter
3015 4330 3333 4385 aﬂinitatem
3386 4342 3439 4386 et
3470 4345 3676 4402 patrem

2111 4414 2230 4483 ejus
2264 4422 2736 4484 protostratorem.
2767 4418 3051 4476 Phrantzce
3078 4422 3246 4490 igitur
3276 4424 3321 4479 si
3343 4426 3555 4480 dederis
3579 4434 3683 4483 tunc

2113 4503 2374 4571 ofﬁcium,
2406 4508 2553 4576 quod
2579 4509 2756 4578 majus
2796 4522 2877 4565 est
2905 4510 3170 4581 dignitate
3195 4519 3678 4585 stratnpedarclize,

2110 4596 2241 4664 quid
2273 4596 2515 4653 futurum
2551 4602 2675 4656 est?
2715 4600 2819 4657 Sed
2867 4612 3071 4671 tamen,
3119 4607 3162 4660 si
3208 4607 3381 4676 placet
3413 4609 3484 4663 ita
3514 4612 3684 4678 maie-

2109 4687 2237 4740 stati
2264 4697 2391 4754 tuae,
2413 4692 2593 4759 magni
2617 4693 2912 4759 pritnicerii
2940 4712 3138 4752 tnunus
3164 4699 3237 4752 illi
3269 4701 3505 4769 imperti,
3534 4706 3681 4771 quod

2110 4791 2309 4847 magno
2365 4786 2824 4851 stratopedarclta:
2887 4788 3195 4854 proximum
3252 4800 3355 4846 est.
3398 4811 3417 4842 ι
3478 4794 3679 4847 Contra

2112 4866 2225 4922 haec
2251 4869 2581 4939 imperator:
2641 4892 2661 4926 ι
2697 4872 2817 4930 Jan:
2871 4888 2999 4932 ante
3054 4880 3149 4935 tibi
3189 4881 3322 4947 dixi,
3369 4881 3676 4940 Plit‘antzcn

2111 4974 2218 5015 non
2247 4975 2599 5033 accepturum
2630 4967 2974 5037 dignitatem,
3004 4987 3168 5040 quam
3209 4991 3332 5029 cum
3387 4978 3496 5031 alio
3528 4994 3681 5033 com-

2111 5068 2328 5108 munem
2388 5056 2678 5113 habiturus
2722 5060 2811 5124 sit,
2872 5061 3085 5116 etiamsi
3146 5065 3218 5118 sit
3272 5068 3677 5134 praestabilior:

2108 5148 2384 5213 quomodo
2410 5148 2571 5217 igitur
2599 5151 2833 5220 accipiet
2869 5169 3071 5208 munus
3109 5158 3290 5226 magni
3334 5159 3681 5227 primicerii’

2111 5252 2296 5293 verum
2331 5249 2385 5294 tu
2436 5242 2633 5295 iterum
2687 5258 2812 5297 eum
2872 5247 3245 5311 conveni,-ut
3280 5265 3677 5320 cognoscamus

2105 5331 2440 5387 voluntatem
2465 5334 2636 5405 ejus.»
2674 5335 2863 5405 Itaque
2891 5338 3082 5392 iterum
3114 5340 3181 5394 ad
3204 5356 3291 5395 me
3318 5344 3542 5399 veniens
3565 5360 3678 5397 ma-

2106 5405 2421 5491 gnusdux:
2465 5443 2482 5475 ι
2519 5425 2961 5501 Imperator,ait,
3008 5430 3164 5493 dixit,
3222 5434 3402 5501 magni
3485 5444 3677 5488 emito—

2107 5516 2271 5569 stanli
2314 5514 2572 5582 ofﬁcium,
2626 5498 2734 5586 quo
2774 5519 2949 5587 ipsius
3003 5520 3175 5577 alliuis
3230 5522 3512 5593 fungatur.
3570 5541 3677 5580 nec

2110 5606 2205 5660 tibi
2242 5622 2341 5662 nec
2377 5608 2467 5662 alii
2509 5612 2762 5680 cuiquam
2812 5629 2870 5668 se
2907 5615 3183 5680 daturum,
3215 5616 3307 5670 sed
3341 5626 3669 5671 ornatorum

2108 5708 2159 5754 te
2194 5715 2316 5755 esse
2354 5702 2535 5771 magni
2569 5704 2866 5771 pritniccrii
2908 5724 3153 5773 munere,
3185 5708 3325 5778 quod
3358 5709 3522 5763 etiam
3559 5722 3675 5761 ma-
