  <div class='ocr_page' id='page_1' title='image "/cluster/home/n/w/nwhite01/storage/ocr_20150623/156/mdp.39015078384719/434.png"; bbox 0 0 4066 6296; ppageno 0'>
   <div class='ocr_carea' id='block_1_1' title="bbox 412 327 522 391">
    <p class='ocr_par' dir='ltr' id='par_1_1' title="bbox 412 327 522 391">
     <span class='ocr_line' id='line_1_1' title="bbox 412 327 522 391; baseline 0.036 -4"><span class='ocrx_word' id='word_1_1' title='bbox 412 327 522 391; x_wconf 79' lang='grc'><strong>829</strong></span> 
     </span>
    </p>
   </div>
   <div class='ocr_carea' id='block_1_2' title="bbox 1468 328 2646 398">
    <p class='ocr_par' dir='ltr' id='par_1_2' title="bbox 1468 328 2646 398">
     <span class='ocr_line' id='line_1_2' title="bbox 1468 328 2646 398; baseline 0.006 -8"><span class='ocrx_word' id='word_1_2' title='bbox 1468 332 1905 396; x_wconf 77' lang='lat' dir='ltr'><strong>CHRONICON</strong></span> <span class='ocrx_word' id='word_1_3' title='bbox 1946 335 2089 398; x_wconf 78' lang='lat' dir='ltr'><strong>MAI</strong></span> <span class='ocrx_word' id='word_1_4' title='bbox 2098 337 2215 398; x_wconf 86' lang='lat' dir='ltr'><strong>US.</strong></span> <span class='ocrx_word' id='word_1_5' title='bbox 2244 362 2312 373; x_wconf 90' lang='grc'><strong>-</strong></span> <span class='ocrx_word' id='word_1_6' title='bbox 2343 328 2492 398; x_wconf 52' lang='lat' dir='ltr'><strong>LIB:</strong></span> <span class='ocrx_word' id='word_1_7' title='bbox 2530 337 2646 397; x_wconf 82' lang='grc' dir='ltr'><strong>ΠΙ.</strong></span> 
     </span>
    </p>
   </div>
   <div class='ocr_carea' id='block_1_3' title="bbox 3562 342 3664 406">
    <p class='ocr_par' dir='ltr' id='par_1_3' title="bbox 3562 342 3664 406">
     <span class='ocr_line' id='line_1_3' title="bbox 3562 342 3664 406; baseline 0 -1"><span class='ocrx_word' id='word_1_8' title='bbox 3562 342 3664 406; x_wconf 82' lang='lat'><strong>830</strong></span> 
     </span>
    </p>
   </div>
   <div class='ocr_carea' id='block_1_4' title="bbox 411 447 3669 524">
    <p class='ocr_par' dir='ltr' id='par_1_4' title="bbox 411 447 3669 524">
     <span class='ocr_line' id='line_1_4' title="bbox 411 447 3669 524; baseline 0.003 -21"><span class='ocrx_word' id='word_1_9' title='bbox 411 451 515 520; x_wconf 83' lang='grc' dir='ltr'>τῆς</span> <span class='ocrx_word' id='word_1_10' title='bbox 553 450 694 520; x_wconf 76' lang='grc' dir='ltr'>ἐμῆς</span> <span class='ocrx_word' id='word_1_11' title='bbox 726 448 1001 520; x_wconf 80' lang='grc' dir='ltr'>θυγατρὸς</span> <span class='ocrx_word' id='word_1_12' title='bbox 1035 448 1263 518; x_wconf 84' lang='grc' dir='ltr'>γένηται</span> <span class='ocrx_word' id='word_1_13' title='bbox 1291 465 1303 479; x_wconf 78' lang='grc'><strong><em>⁸</em></strong></span> <span class='ocrx_word' id='word_1_14' title='bbox 1336 450 1465 520; x_wconf 78' lang='grc' dir='ltr'>περὶ</span> <span class='ocrx_word' id='word_1_15' title='bbox 1501 451 1556 504; x_wconf 89' lang='grc' dir='ltr'>δὲ</span> <span class='ocrx_word' id='word_1_16' title='bbox 1587 450 1683 505; x_wconf 81' lang='grc' dir='ltr'><strong>τοῦ</strong></span> <span class='ocrx_word' id='word_1_17' title='bbox 1707 451 1986 520; x_wconf 83' lang='grc' dir='ltr'>ὸφφικίου,</span> <span class='ocrx_word' id='word_1_18' title='bbox 2017 447 2065 505; x_wconf 78' lang='grc' dir='ltr'><strong>Α</strong></span> <span class='ocrx_word' id='word_1_19' title='bbox 2096 452 2194 519; x_wconf 77' lang='grc' dir='ltr'><strong>ρᾶν</strong></span> <span class='ocrx_word' id='word_1_20' title='bbox 2217 452 2268 504; x_wconf 88' lang='grc' dir='ltr'><strong>τί</strong></span> <span class='ocrx_word' id='word_1_21' title='bbox 2298 450 2388 506; x_wconf 82' lang='grc' dir='ltr'><strong>διὰ</strong></span> <span class='ocrx_word' id='word_1_22' title='bbox 2416 452 2511 505; x_wconf 79' lang='grc' dir='ltr'>τοῦ</span> <span class='ocrx_word' id='word_1_23' title='bbox 2543 451 2734 520; x_wconf 78' lang='grc' dir='ltr'><strong>ἱερέως</strong></span> <span class='ocrx_word' id='word_1_24' title='bbox 2768 451 3064 508; x_wconf 82' lang='grc' dir='ltr'>Ἀντωνίου</span> <span class='ocrx_word' id='word_1_25' title='bbox 3094 454 3287 524; x_wconf 83' lang='grc' dir='ltr'><strong>μηνύει</strong></span> <span class='ocrx_word' id='word_1_26' title='bbox 3324 473 3451 524; x_wconf 76' lang='grc' dir='ltr'>μοις</span> <span class='ocrx_word' id='word_1_27' title='bbox 3485 476 3503 510; x_wconf 73' lang='grc' dir='ltr'><strong>ι</strong></span> <span class='ocrx_word' id='word_1_28' title='bbox 3536 455 3669 512; x_wconf 74' lang='grc' dir='ltr'>Εἶτα</span> 
     </span>
    </p>
   </div>
   <div class='ocr_carea' id='block_1_5' title="bbox 410 542 1991 612">
    <p class='ocr_par' dir='ltr' id='par_1_5' title="bbox 410 542 1991 612">
     <span class='ocr_line' id='line_1_5' title="bbox 410 542 1991 612; baseline -0.001 -16"><span class='ocrx_word' id='word_1_29' title='bbox 410 542 486 605; x_wconf 83' lang='grc' dir='ltr'><strong>ὡς</strong></span> <span class='ocrx_word' id='word_1_30' title='bbox 515 542 576 595; x_wconf 80' lang='grc' dir='ltr'>τὸ</span> <span class='ocrx_word' id='word_1_31' title='bbox 600 542 764 611; x_wconf 79' lang='grc' dir='ltr'>φέρον</span> <span class='ocrx_word' id='word_1_32' title='bbox 798 542 962 612; x_wconf 77' lang='grc' dir='ltr'>φέρῃ,</span> <span class='ocrx_word' id='word_1_33' title='bbox 1003 543 1097 597; x_wconf 79' lang='grc' dir='ltr'>καὶ</span> <span class='ocrx_word' id='word_1_34' title='bbox 1125 542 1350 596; x_wconf 80' lang='grc' dir='ltr'>ἀπέλθω</span> <span class='ocrx_word' id='word_1_35' title='bbox 1383 545 1479 599; x_wconf 83' lang='grc' dir='ltr'>καὶ</span> <span class='ocrx_word' id='word_1_36' title='bbox 1524 543 1606 606; x_wconf 77' lang='grc' dir='ltr'><strong>εἰς</strong></span> <span class='ocrx_word' id='word_1_37' title='bbox 1652 544 1991 611; x_wconf 78' lang='grc' dir='ltr'>Πελοπόννη-</span> 
     </span>
    </p>
   </div>
   <div class='ocr_carea' id='block_1_6' title="bbox 413 634 1990 706">
    <p class='ocr_par' dir='ltr' id='par_1_6' title="bbox 413 634 1990 706">
     <span class='ocr_line' id='line_1_6' title="bbox 413 634 1990 706; baseline -0.001 -18"><span class='ocrx_word' id='word_1_38' title='bbox 413 652 509 689; x_wconf 92' lang='grc' dir='ltr'><strong>σον</strong></span> <span class='ocrx_word' id='word_1_39' title='bbox 542 637 638 690; x_wconf 71' lang='grc' dir='ltr'>καὶ</span> <span class='ocrx_word' id='word_1_40' title='bbox 670 634 923 704; x_wconf 80' lang='grc' dir='ltr'><strong>Κύπρον,</strong></span> <span class='ocrx_word' id='word_1_41' title='bbox 948 636 1043 689; x_wconf 76' lang='grc' dir='ltr'>καὶ</span> <span class='ocrx_word' id='word_1_42' title='bbox 1073 636 1170 691; x_wconf 79' lang='grc' dir='ltr'>σὺν</span> <span class='ocrx_word' id='word_1_43' title='bbox 1199 637 1324 705; x_wconf 74' lang='grc' dir='ltr'>ἐμοὶ</span> <span class='ocrx_word' id='word_1_44' title='bbox 1352 635 1470 706; x_wconf 82' lang='grc' dir='ltr'><strong>ἀρω</strong></span> <span class='ocrx_word' id='word_1_45' title='bbox 1516 636 1611 689; x_wconf 71' lang='grc' dir='ltr'><strong>καὶ</strong></span> <span class='ocrx_word' id='word_1_46' title='bbox 1643 636 1734 689; x_wconf 84' lang='grc' dir='ltr'><strong>τδν</strong></span> <span class='ocrx_word' id='word_1_47' title='bbox 1766 635 1990 701; x_wconf 81' lang='grc' dir='ltr'>ἄριστόν</span> 
     </span>
    </p>
   </div>
   <div class='ocr_carea' id='block_1_7' title="bbox 415 726 1990 798">
    <p class='ocr_par' dir='ltr' id='par_1_7' title="bbox 415 726 1990 798">
     <span class='ocr_line' id='line_1_7' title="bbox 415 726 1990 798; baseline -0.003 -16"><span class='ocrx_word' id='word_1_48' title='bbox 415 745 522 797; x_wconf 90' lang='grc' dir='ltr'><strong>μου</strong></span> <span class='ocrx_word' id='word_1_49' title='bbox 581 728 699 780; x_wconf 82' lang='grc' dir='ltr'>υῑὸν</span> <span class='ocrx_word' id='word_1_50' title='bbox 736 726 832 780; x_wconf 85' lang='grc' dir='ltr'><strong>τδν</strong></span> <span class='ocrx_word' id='word_1_51' title='bbox 869 726 966 780; x_wconf 73' lang='grc' dir='ltr'>καὶ</span> <span class='ocrx_word' id='word_1_52' title='bbox 1014 727 1300 795; x_wconf 85' lang='grc' dir='ltr'>κρείττονα</span> <span class='ocrx_word' id='word_1_53' title='bbox 1328 729 1514 798; x_wconf 79' lang='grc' dir='ltr'>σχεδὸν</span> <span class='ocrx_word' id='word_1_54' title='bbox 1546 728 1724 781; x_wconf 75' lang='grc' dir='ltr'>εἰπεῖν</span> <span class='ocrx_word' id='word_1_55' title='bbox 1770 728 1990 782; x_wconf 87' lang='grc' dir='ltr'>πάντων</span> 
     </span>
    </p>
   </div>
   <div class='ocr_carea' id='block_1_8' title="bbox 411 819 1987 892">
    <p class='ocr_par' dir='ltr' id='par_1_8' title="bbox 411 819 1987 892">
     <span class='ocr_line' id='line_1_8' title="bbox 411 819 1987 892; baseline -0.001 -18"><span class='ocrx_word' id='word_1_56' title='bbox 411 821 523 875; x_wconf 92' lang='grc' dir='ltr'><strong>τῶν</strong></span> <span class='ocrx_word' id='word_1_57' title='bbox 550 820 961 890; x_wconf 87' lang='grc' dir='ltr'>συνηλικιωτῶν</span> <span class='ocrx_word' id='word_1_58' title='bbox 988 820 1183 883; x_wconf 78' lang='grc' dir='ltr'>αὐτοῦ,</span> <span class='ocrx_word' id='word_1_59' title='bbox 1215 821 1311 874; x_wconf 76' lang='grc' dir='ltr'>καὶ</span> <span class='ocrx_word' id='word_1_60' title='bbox 1355 821 1464 874; x_wconf 83' lang='grc' dir='ltr'><strong>ἀπὸ</strong></span> <span class='ocrx_word' id='word_1_61' title='bbox 1494 820 1590 890; x_wconf 83' lang='grc' dir='ltr'>τῆς</span> <span class='ocrx_word' id='word_1_62' title='bbox 1630 819 1856 892; x_wconf 86' lang='grc' dir='ltr'>κινητῆς</span> <span class='ocrx_word' id='word_1_63' title='bbox 1885 837 1987 889; x_wconf 81' lang='grc' dir='ltr'><strong>μου</strong></span> 
     </span>
    </p>
   </div>
   <div class='ocr_carea' id='block_1_9' title="bbox 413 913 1990 984">
    <p class='ocr_par' dir='ltr' id='par_1_9' title="bbox 413 913 1990 984">
     <span class='ocr_line' id='line_1_9' title="bbox 413 913 1990 984; baseline 0 -17"><span class='ocrx_word' id='word_1_64' title='bbox 413 913 738 983; x_wconf 77' lang='grc' dir='ltr'><strong>περιουσίας</strong></span> <span class='ocrx_word' id='word_1_65' title='bbox 764 913 827 966; x_wconf 75' lang='grc' dir='ltr'><strong>τὸ</strong></span> <span class='ocrx_word' id='word_1_66' title='bbox 861 914 1025 968; x_wconf 80' lang='grc' dir='ltr'>πλέον</span> <span class='ocrx_word' id='word_1_67' title='bbox 1079 914 1273 984; x_wconf 82' lang='grc' dir='ltr'><strong>μέρος,</strong></span> <span class='ocrx_word' id='word_1_68' title='bbox 1303 914 1400 967; x_wconf 65' lang='grc' dir='ltr'><strong>καὶ⁸</strong></span> <span class='ocrx_word' id='word_1_69' title='bbox 1426 913 1687 968; x_wconf 78' lang='grc' dir='ltr'><strong>ἀπελθεῖν</strong></span> <span class='ocrx_word' id='word_1_70' title='bbox 1725 915 1875 984; x_wconf 75' lang='grc' dir='ltr'>ἡμᾶς</span> <span class='ocrx_word' id='word_1_71' title='bbox 1900 913 1990 968; x_wconf 76' lang='grc' dir='ltr'><strong>διὰ</strong></span> 
     </span>
    </p>
   </div>
   <div class='ocr_carea' id='block_1_10' title="bbox 415 1003 1988 1075">
    <p class='ocr_par' dir='ltr' id='par_1_10' title="bbox 415 1003 1988 1075">
     <span class='ocr_line' id='line_1_10' title="bbox 415 1003 1988 1075; baseline 0.002 -19"><span class='ocrx_word' id='word_1_72' title='bbox 415 1003 607 1073; x_wconf 76' lang='grc' dir='ltr'>ξηρᾶς,</span> <span class='ocrx_word' id='word_1_73' title='bbox 638 1004 789 1067; x_wconf 81' lang='grc' dir='ltr'>ὅπως</span> <span class='ocrx_word' id='word_1_74' title='bbox 820 1004 1074 1068; x_wconf 86' lang='grc' dir='ltr'>κάκεῖνος</span> <span class='ocrx_word' id='word_1_75' title='bbox 1112 1004 1197 1075; x_wconf 81' lang='grc' dir='ltr'>ῖδῃ</span> <span class='ocrx_word' id='word_1_76' title='bbox 1233 1006 1361 1069; x_wconf 80' lang='grc' dir='ltr'>τοὺς</span> <span class='ocrx_word' id='word_1_77' title='bbox 1398 1005 1597 1069; x_wconf 81' lang='grc' dir='ltr'>τόπους</span> <span class='ocrx_word' id='word_1_78' title='bbox 1628 1006 1725 1059; x_wconf 76' lang='grc' dir='ltr'>καὶ</span> <span class='ocrx_word' id='word_1_79' title='bbox 1763 1006 1988 1060; x_wconf 81' lang='grc' dir='ltr'>παιδευο</span> 
     </span>
    </p>
   </div>
   <div class='ocr_carea' id='block_1_11' title="bbox 414 1095 1991 1169">
    <p class='ocr_par' dir='ltr' id='par_1_11' title="bbox 414 1095 1991 1169">
     <span class='ocr_line' id='line_1_11' title="bbox 414 1095 1991 1169; baseline 0.004 -24"><span class='ocrx_word' id='word_1_80' title='bbox 414 1095 644 1163; x_wconf 81' lang='grc' dir='ltr'>θήσεται</span> <span class='ocrx_word' id='word_1_81' title='bbox 700 1097 780 1158; x_wconf 85' lang='grc' dir='ltr'><strong>είς</strong></span> <span class='ocrx_word' id='word_1_82' title='bbox 828 1096 939 1149; x_wconf 82' lang='grc' dir='ltr'><strong>πᾶν</strong></span> <span class='ocrx_word' id='word_1_83' title='bbox 966 1097 1028 1150; x_wconf 84' lang='grc' dir='ltr'>τὸ</span> <span class='ocrx_word' id='word_1_84' title='bbox 1081 1099 1359 1168; x_wconf 84' lang='grc' dir='ltr'>χρήσιμον</span> <span class='ocrx_word' id='word_1_85' title='bbox 1394 1100 1455 1152; x_wconf 79' lang='grc' dir='ltr'>ὲν</span> <span class='ocrx_word' id='word_1_86' title='bbox 1502 1099 1580 1167; x_wconf 82' lang='grc' dir='ltr'>τῷ</span> <span class='ocrx_word' id='word_1_87' title='bbox 1621 1098 1755 1169; x_wconf 73' lang='grc' dir='ltr'><strong>βίῳο</strong></span> <span class='ocrx_word' id='word_1_88' title='bbox 1788 1098 1885 1153; x_wconf 79' lang='grc' dir='ltr'><strong>καὶ</strong></span> <span class='ocrx_word' id='word_1_89' title='bbox 1941 1101 1991 1151; x_wconf 83' lang='grc' dir='ltr'><strong>εί</strong></span> 
     </span>
    </p>
   </div>
   <div class='ocr_carea' id='block_1_12' title="bbox 415 1186 1990 1259">
    <p class='ocr_par' dir='ltr' id='par_1_12' title="bbox 415 1186 1990 1259">
     <span class='ocr_line' id='line_1_12' title="bbox 415 1186 1990 1259; baseline 0.002 -20"><span class='ocrx_word' id='word_1_90' title='bbox 415 1186 619 1256; x_wconf 74' lang='grc' dir='ltr'>ἴδωμεν</span> <span class='ocrx_word' id='word_1_91' title='bbox 649 1188 734 1240; x_wconf 79' lang='grc' dir='ltr'>ὅτι</span> <span class='ocrx_word' id='word_1_92' title='bbox 764 1188 991 1258; x_wconf 81' lang='grc' dir='ltr'>ἀμηρᾶς</span> <span class='ocrx_word' id='word_1_93' title='bbox 1017 1187 1146 1242; x_wconf 81' lang='grc' dir='ltr'>καθ’</span> <span class='ocrx_word' id='word_1_94' title='bbox 1177 1188 1334 1259; x_wconf 81' lang='grc' dir='ltr'>ἡμῶν</span> <span class='ocrx_word' id='word_1_95' title='bbox 1373 1188 1627 1259; x_wconf 87' lang='grc' dir='ltr'>βούλεταί</span> <span class='ocrx_word' id='word_1_96' title='bbox 1655 1206 1707 1242; x_wconf 88' lang='grc' dir='ltr'><strong>τι</strong></span> <span class='ocrx_word' id='word_1_97' title='bbox 1739 1189 1990 1257; x_wconf 79' lang='grc' dir='ltr'>ποιῆσαι,</span> 
     </span>
    </p>
   </div>
   <div class='ocr_carea' id='block_1_13' title="bbox 414 1278 1993 1352">
    <p class='ocr_par' dir='ltr' id='par_1_13' title="bbox 414 1278 1993 1352">
     <span class='ocr_line' id='line_1_13' title="bbox 414 1278 1993 1352; baseline 0.001 -21"><span class='ocrx_word' id='word_1_98' title='bbox 414 1278 564 1332; x_wconf 80' lang='grc' dir='ltr'>ἐάσω</span> <span class='ocrx_word' id='word_1_99' title='bbox 595 1279 688 1333; x_wconf 80' lang='grc' dir='ltr'>τὸν</span> <span class='ocrx_word' id='word_1_100' title='bbox 718 1280 833 1332; x_wconf 86' lang='grc' dir='ltr'>υίόν</span> <span class='ocrx_word' id='word_1_101' title='bbox 867 1297 969 1349; x_wconf 89' lang='grc' dir='ltr'><strong>μου</strong></span> <span class='ocrx_word' id='word_1_102' title='bbox 1005 1281 1065 1333; x_wconf 71' lang='grc' dir='ltr'>ἐν</span> <span class='ocrx_word' id='word_1_103' title='bbox 1092 1283 1159 1352; x_wconf 84' lang='grc' dir='ltr'><strong>τῇ</strong></span> <span class='ocrx_word' id='word_1_104' title='bbox 1199 1281 1593 1352; x_wconf 81' lang='grc' dir='ltr'>Πελοποννήσῳ</span> <span class='ocrx_word' id='word_1_105' title='bbox 1619 1282 1756 1350; x_wconf 89' lang='grc' dir='ltr'><strong>μετά</strong></span> <span class='ocrx_word' id='word_1_106' title='bbox 1788 1283 1884 1349; x_wconf 85' lang='grc' dir='ltr'>τῆς</span> <span class='ocrx_word' id='word_1_107' title='bbox 1907 1300 1993 1335; x_wconf 85' lang='grc' dir='ltr'>κι-</span> 
     </span>
    </p>
   </div>
   <div class='ocr_carea' id='block_1_14' title="bbox 413 1370 1990 1447">
    <p class='ocr_par' dir='ltr' id='par_1_14' title="bbox 413 1370 1990 1447">
     <span class='ocr_line' id='line_1_14' title="bbox 413 1370 1990 1447; baseline 0.002 -23"><span class='ocrx_word' id='word_1_108' title='bbox 413 1370 588 1441; x_wconf 84' lang='grc' dir='ltr'>νητῆς</span> <span class='ocrx_word' id='word_1_109' title='bbox 620 1388 723 1441; x_wconf 91' lang='grc' dir='ltr'><strong>μου</strong></span> <span class='ocrx_word' id='word_1_110' title='bbox 752 1372 1043 1441; x_wconf 76' lang='grc' dir='ltr'><strong>ὑπάρξεως</strong></span> <span class='ocrx_word' id='word_1_111' title='bbox 1068 1374 1221 1443; x_wconf 86' lang='grc' dir='ltr'><strong>παρά</strong></span> <span class='ocrx_word' id='word_1_112' title='bbox 1246 1376 1358 1439; x_wconf 86' lang='grc' dir='ltr'>τοῖς</span> <span class='ocrx_word' id='word_1_113' title='bbox 1378 1376 1666 1444; x_wconf 85' lang='grc' dir='ltr'>μητρικοῖς</span> <span class='ocrx_word' id='word_1_114' title='bbox 1700 1375 1862 1447; x_wconf 75' lang='grc'><strong>230</strong></span> <span class='ocrx_word' id='word_1_115' title='bbox 1886 1392 1990 1444; x_wconf 81' lang='grc' dir='ltr'><strong>μου</strong></span> 
     </span>
    </p>
   </div>
   <div class='ocr_carea' id='block_1_15' title="bbox 414 1463 1993 1537">
    <p class='ocr_par' dir='ltr' id='par_1_15' title="bbox 414 1463 1993 1537">
     <span class='ocr_line' id='line_1_15' title="bbox 414 1463 1993 1537; baseline 0.004 -22"><span class='ocrx_word' id='word_1_116' title='bbox 414 1463 662 1527; x_wconf 77' lang='grc' dir='ltr'>γνησίοις</span> <span class='ocrx_word' id='word_1_117' title='bbox 724 1466 1043 1531; x_wconf 84' lang='grc' dir='ltr'>συγγενέσι,</span> <span class='ocrx_word' id='word_1_118' title='bbox 1074 1467 1188 1529; x_wconf 84' lang='grc' dir='ltr'>τοῖς</span> <span class='ocrx_word' id='word_1_119' title='bbox 1236 1465 1587 1520; x_wconf 79' lang='grc' dir='ltr'>κατοικοῦσιν</span> <span class='ocrx_word' id='word_1_120' title='bbox 1626 1468 1685 1520; x_wconf 75' lang='grc' dir='ltr'>ἐν</span> <span class='ocrx_word' id='word_1_121' title='bbox 1730 1470 1850 1530; x_wconf 87' lang='grc' dir='ltr'>ταῖς</span> <span class='ocrx_word' id='word_1_122' title='bbox 1882 1468 1993 1537; x_wconf 84' lang='grc' dir='ltr'>χώ-</span> 
     </span>
    </p>
   </div>
   <div class='ocr_carea' id='block_1_16' title="bbox 417 1554 1993 1627">
    <p class='ocr_par' dir='ltr' id='par_1_16' title="bbox 417 1554 1993 1627">
     <span class='ocr_line' id='line_1_16' title="bbox 417 1554 1993 1627; baseline 0.003 -20"><span class='ocrx_word' id='word_1_123' title='bbox 417 1570 542 1622; x_wconf 83' lang='grc' dir='ltr'>ραις</span> <span class='ocrx_word' id='word_1_124' title='bbox 594 1554 690 1608; x_wconf 85' lang='grc' dir='ltr'><strong>τοῦ</strong></span> <span class='ocrx_word' id='word_1_125' title='bbox 732 1556 1155 1626; x_wconf 77' lang='grc' dir='ltr'>μελλογάμσρου</span> <span class='ocrx_word' id='word_1_126' title='bbox 1188 1562 1307 1627; x_wconf 89' lang='grc' dir='ltr'>’μου</span> <span class='ocrx_word' id='word_1_127' title='bbox 1332 1572 1347 1589; x_wconf 87' lang='grc'>⁶</span> <span class='ocrx_word' id='word_1_128' title='bbox 1382 1561 1435 1613; x_wconf 79' lang='grc' dir='ltr'><strong>εί</strong></span> <span class='ocrx_word' id='word_1_129' title='bbox 1468 1559 1526 1612; x_wconf 72' lang='grc' dir='ltr'>δὲ</span> <span class='ocrx_word' id='word_1_130' title='bbox 1575 1560 1677 1613; x_wconf 78' lang='grc' dir='ltr'><strong>οὐκ</strong></span> <span class='ocrx_word' id='word_1_131' title='bbox 1732 1560 1918 1614; x_wconf 71' lang='grc' dir='ltr'>ἔσεταί</span> <span class='ocrx_word' id='word_1_132' title='bbox 1943 1579 1993 1613; x_wconf 86' lang='grc' dir='ltr'><strong>τι</strong></span> 
     </span>
    </p>
   </div>
   <div class='ocr_carea' id='block_1_17' title="bbox 416 1644 1994 1723">
    <p class='ocr_par' dir='ltr' id='par_1_17' title="bbox 416 1644 1994 1723">
     <span class='ocr_line' id='line_1_17' title="bbox 416 1644 1994 1723; baseline 0.005 -25"><span class='ocrx_word' id='word_1_133' title='bbox 416 1644 542 1698; x_wconf 86' lang='grc' dir='ltr'>καθ’</span> <span class='ocrx_word' id='word_1_134' title='bbox 584 1646 767 1715; x_wconf 89' lang='grc' dir='ltr'>ήμῶν,</span> <span class='ocrx_word' id='word_1_135' title='bbox 804 1648 1191 1720; x_wconf 71' lang='grc' dir='ltr'>έπαναστρέῷῃ</span> <span class='ocrx_word' id='word_1_136' title='bbox 1224 1649 1388 1704; x_wconf 82' lang='grc' dir='ltr'>πάλιν</span> <span class='ocrx_word' id='word_1_137' title='bbox 1418 1650 1519 1704; x_wconf 79' lang='grc' dir='ltr'><strong>σὺν</strong></span> <span class='ocrx_word' id='word_1_138' title='bbox 1554 1652 1679 1721; x_wconf 71' lang='grc' dir='ltr'>ἐμοὶ</span> <span class='ocrx_word' id='word_1_139' title='bbox 1712 1652 1768 1704; x_wconf 74' lang='grc' dir='ltr'>ἐν</span> <span class='ocrx_word' id='word_1_140' title='bbox 1794 1656 1859 1723; x_wconf 86' lang='grc' dir='ltr'><strong>τῇ</strong></span> <span class='ocrx_word' id='word_1_141' title='bbox 1890 1671 1994 1706; x_wconf 91' lang='grc' dir='ltr'>πα-</span> 
     </span>
    </p>
   </div>
   <div class='ocr_carea' id='block_1_18' title="bbox 415 1737 1994 1815">
    <p class='ocr_par' dir='ltr' id='par_1_18' title="bbox 415 1737 1994 1815">
     <span class='ocr_line' id='line_1_18' title="bbox 415 1737 1994 1815; baseline 0.007 -27"><span class='ocrx_word' id='word_1_142' title='bbox 415 1737 581 1805; x_wconf 91' lang='grc' dir='ltr'>τρίδι.</span> <span class='ocrx_word' id='word_1_143' title='bbox 625 1738 859 1792; x_wconf 84' lang='grc' dir='ltr'>Ἕνεκεν</span> <span class='ocrx_word' id='word_1_144' title='bbox 919 1740 1111 1795; x_wconf 76' lang='grc' dir='ltr'>λοιπὸν</span> <span class='ocrx_word' id='word_1_145' title='bbox 1148 1742 1261 1795; x_wconf 90' lang='grc' dir='ltr'><strong>τῶν</strong></span> <span class='ocrx_word' id='word_1_146' title='bbox 1318 1744 1633 1815; x_wconf 79' lang='grc' dir='ltr'><strong>εἰρημένων</strong></span> <span class='ocrx_word' id='word_1_147' title='bbox 1681 1745 1876 1799; x_wconf 84' lang='grc' dir='ltr'>πασῶν</span> <span class='ocrx_word' id='word_1_148' title='bbox 1905 1748 1994 1799; x_wconf 86' lang='grc' dir='ltr'>αί-</span> 
     </span>
    </p>
   </div>
   <div class='ocr_carea' id='block_1_19' title="bbox 2095 542 3668 617">
    <p class='ocr_par' dir='ltr' id='par_1_19' title="bbox 2095 542 3668 617">
     <span class='ocr_line' id='line_1_19' title="bbox 2095 542 3668 617; baseline 0.004 -23"><span class='ocrx_word' id='word_1_149' title='bbox 2095 542 2424 614; x_wconf 88' lang='grc' dir='ltr'>παραλιπὼν</span> <span class='ocrx_word' id='word_1_150' title='bbox 2461 543 2561 611; x_wconf 81' lang='grc' dir='ltr'>τὴν</span> <span class='ocrx_word' id='word_1_151' title='bbox 2608 542 2767 613; x_wconf 79' lang='grc' dir='ltr'>ὕϐριν</span> <span class='ocrx_word' id='word_1_152' title='bbox 2796 543 2947 610; x_wconf 80' lang='grc' dir='ltr'>λέγει</span> <span class='ocrx_word' id='word_1_153' title='bbox 3000 560 3096 613; x_wconf 89' lang='grc' dir='ltr'><strong>μοι</strong></span> <span class='ocrx_word' id='word_1_154' title='bbox 3144 547 3327 612; x_wconf 84' lang='grc' dir='ltr'>πάλιν,</span> <span class='ocrx_word' id='word_1_155' title='bbox 3370 566 3387 598; x_wconf 76' lang='grc' dir='ltr'><strong>ι</strong></span> <span class='ocrx_word' id='word_1_156' title='bbox 3430 549 3504 601; x_wconf 76' lang='grc' dir='ltr'><strong>Σὺ</strong></span> <span class='ocrx_word' id='word_1_157' title='bbox 3544 549 3668 617; x_wconf 78' lang='grc' dir='ltr'><strong>ἐζή-</strong></span> 
     </span>
    </p>
   </div>
   <div class='ocr_carea' id='block_1_20' title="bbox 2095 635 3667 709">
    <p class='ocr_par' dir='ltr' id='par_1_20' title="bbox 2095 635 3667 709">
     <span class='ocr_line' id='line_1_20' title="bbox 2095 635 3667 709; baseline 0.004 -22"><span class='ocrx_word' id='word_1_158' title='bbox 2095 651 2269 703; x_wconf 85' lang='grc' dir='ltr'>τησας</span> <span class='ocrx_word' id='word_1_159' title='bbox 2300 635 2360 689; x_wconf 81' lang='grc' dir='ltr'>τὸ</span> <span class='ocrx_word' id='word_1_160' title='bbox 2391 636 2648 704; x_wconf 80' lang='grc' dir='ltr'>ὀφφίκιον</span> <span class='ocrx_word' id='word_1_161' title='bbox 2678 636 2774 689; x_wconf 81' lang='grc' dir='ltr'>τοῦ</span> <span class='ocrx_word' id='word_1_162' title='bbox 2819 637 3058 706; x_wconf 86' lang='grc' dir='ltr'>μεγάλου</span> <span class='ocrx_word' id='word_1_163' title='bbox 3091 639 3483 693; x_wconf 78' lang='grc' dir='ltr'>κοντοσταύλου</span> <span class='ocrx_word' id='word_1_164' title='bbox 3504 658 3519 674; x_wconf 89' lang='grc'><strong>·</strong></span> <span class='ocrx_word' id='word_1_165' title='bbox 3555 642 3667 709; x_wconf 74' lang='grc' dir='ltr'><strong>ἐγὼ</strong></span> 
     </span>
    </p>
   </div>
   <div class='ocr_carea' id='block_1_21' title="bbox 2097 724 3668 799">
    <p class='ocr_par' dir='ltr' id='par_1_21' title="bbox 2097 724 3668 799">
     <span class='ocr_line' id='line_1_21' title="bbox 2097 724 3668 799; baseline 0.005 -20"><span class='ocrx_word' id='word_1_166' title='bbox 2097 724 2252 781; x_wconf 78' lang='grc' dir='ltr'>εἷπον</span> <span class='ocrx_word' id='word_1_167' title='bbox 2280 726 2358 797; x_wconf 87' lang='grc' dir='ltr'>τῷ</span> <span class='ocrx_word' id='word_1_168' title='bbox 2383 728 2607 799; x_wconf 79' lang='grc' dir='ltr'>Νοταρᾷ</span> <span class='ocrx_word' id='word_1_169' title='bbox 2636 730 2718 781; x_wconf 82' lang='grc' dir='ltr'>ὅτι</span> <span class='ocrx_word' id='word_1_170' title='bbox 2748 728 2871 781; x_wconf 74' lang='grc' dir='ltr'>οὔτε</span> <span class='ocrx_word' id='word_1_171' title='bbox 2902 729 3047 799; x_wconf 78' lang='grc' dir='ltr'>ἄλλῳ</span> <span class='ocrx_word' id='word_1_172' title='bbox 3077 730 3188 783; x_wconf 65' lang='grc' dir='ltr'><strong>τινὶ⁵</strong></span> <span class='ocrx_word' id='word_1_173' title='bbox 3213 731 3370 785; x_wconf 84' lang='grc' dir='ltr'><strong>δώσω</strong></span> <span class='ocrx_word' id='word_1_174' title='bbox 3400 734 3488 788; x_wconf 85' lang='grc' dir='ltr'><strong>διά</strong></span> <span class='ocrx_word' id='word_1_175' title='bbox 3517 751 3668 797; x_wconf 90' lang='grc' dir='ltr'>τινας</span> 
     </span>
    </p>
   </div>
   <div class='ocr_carea' id='block_1_22' title="bbox 2098 817 3669 894">
    <p class='ocr_par' dir='ltr' id='par_1_22' title="bbox 2098 817 3669 894">
     <span class='ocr_line' id='line_1_22' title="bbox 2098 817 3669 894; baseline 0.004 -22"><span class='ocrx_word' id='word_1_176' title='bbox 2098 819 2280 885; x_wconf 89' lang='grc' dir='ltr'>αίτίας</span> <span class='ocrx_word' id='word_1_177' title='bbox 2315 821 2392 884; x_wconf 86' lang='grc' dir='ltr'>ὼς</span> <span class='ocrx_word' id='word_1_178' title='bbox 2428 817 2582 875; x_wconf 78' lang='grc' dir='ltr'>εἶπον</span> <span class='ocrx_word' id='word_1_179' title='bbox 2603 838 2617 853; x_wconf 77' lang='grc' dir='ltr'><strong>ο</strong></span> <span class='ocrx_word' id='word_1_180' title='bbox 2643 821 2762 875; x_wconf 84' lang='grc' dir='ltr'>ἀλλ’</span> <span class='ocrx_word' id='word_1_181' title='bbox 2808 822 2947 892; x_wconf 74' lang='grc' dir='ltr'>ἔφην</span> <span class='ocrx_word' id='word_1_182' title='bbox 2979 822 3130 894; x_wconf 81' lang='grc' dir='ltr'>αὐτῷ</span> <span class='ocrx_word' id='word_1_183' title='bbox 3174 825 3264 881; x_wconf 80' lang='grc' dir='ltr'><strong>ἴνα</strong></span> <span class='ocrx_word' id='word_1_184' title='bbox 3298 825 3454 880; x_wconf 85' lang='grc' dir='ltr'><strong>δώσω</strong></span> <span class='ocrx_word' id='word_1_185' title='bbox 3489 844 3572 880; x_wconf 90' lang='grc' dir='ltr'><strong>σοι</strong></span> <span class='ocrx_word' id='word_1_186' title='bbox 3606 828 3669 879; x_wconf 82' lang='grc' dir='ltr'>τὸ</span> 
     </span>
    </p>
   </div>
   <div class='ocr_carea' id='block_1_23' title="bbox 2095 912 3711 988">
    <p class='ocr_par' dir='ltr' id='par_1_23' title="bbox 2095 912 3711 988">
     <span class='ocr_line' id='line_1_23' title="bbox 2095 912 3711 988; baseline 0.006 -24"><span class='ocrx_word' id='word_1_187' title='bbox 2095 912 2355 983; x_wconf 80' lang='grc' dir='ltr'>ὀφφίκιον</span> <span class='ocrx_word' id='word_1_188' title='bbox 2382 914 2478 967; x_wconf 83' lang='grc' dir='ltr'>τοῦ</span> <span class='ocrx_word' id='word_1_189' title='bbox 2512 914 2757 984; x_wconf 78' lang='grc' dir='ltr'>μεγάλου</span> <span class='ocrx_word' id='word_1_190' title='bbox 2785 915 3096 984; x_wconf 89' lang='grc' dir='ltr'>λογοθέτου.</span> <span class='ocrx_word' id='word_1_191' title='bbox 3141 917 3202 974; x_wconf 83' lang='grc' dir='ltr'>Ὀ</span> <span class='ocrx_word' id='word_1_192' title='bbox 3230 918 3287 971; x_wconf 86' lang='grc' dir='ltr'>δὲ</span> <span class='ocrx_word' id='word_1_193' title='bbox 3314 913 3435 972; x_wconf 81' lang='grc' dir='ltr'>εῐπέ</span> <span class='ocrx_word' id='word_1_194' title='bbox 3464 937 3555 988; x_wconf 91' lang='grc' dir='ltr'><strong>μοι</strong></span> <span class='ocrx_word' id='word_1_195' title='bbox 3586 920 3668 975; x_wconf 79' lang='grc' dir='ltr'>ὅτι</span> <span class='ocrx_word' id='word_1_196' title='bbox 3688 914 3711 929; x_wconf 60' lang='grc'>⁸</span> 
     </span>
    </p>
   </div>
   <div class='ocr_carea' id='block_1_24' title="bbox 2098 1005 3670 1082">
    <p class='ocr_par' dir='ltr' id='par_1_24' title="bbox 2098 1005 3670 1082">
     <span class='ocr_line' id='line_1_24' title="bbox 2098 1005 3670 1082; baseline 0.011 -24"><span class='ocrx_word' id='word_1_197' title='bbox 2098 1006 2147 1058; x_wconf 88' lang='grc' dir='ltr'><strong>εί</strong></span> <span class='ocrx_word' id='word_1_198' title='bbox 2185 1007 2214 1061; x_wconf 84' lang='grc' dir='ltr'>ὁ</span> <span class='ocrx_word' id='word_1_199' title='bbox 2267 1005 2641 1074; x_wconf 79' lang='grc' dir='ltr'>Παλαιολόγος</span> <span class='ocrx_word' id='word_1_200' title='bbox 2690 1008 2847 1080; x_wconf 71' lang='lat'><strong>231</strong></span> <span class='ocrx_word' id='word_1_201' title='bbox 2884 1010 2912 1062; x_wconf 87' lang='grc' dir='ltr'>ὁ</span> <span class='ocrx_word' id='word_1_202' title='bbox 2955 1009 3132 1079; x_wconf 82' lang='grc' dir='ltr'>μέγας</span> <span class='ocrx_word' id='word_1_203' title='bbox 3184 1013 3670 1082; x_wconf 83' lang='grc' dir='ltr'>στρατοπεδάρχης</span> 
     </span>
    </p>
   </div>
   <div class='ocr_carea' id='block_1_25' title="bbox 2096 1095 3671 1171">
    <p class='ocr_par' dir='ltr' id='par_1_25' title="bbox 2096 1095 3671 1171">
     <span class='ocr_line' id='line_1_25' title="bbox 2096 1095 3671 1171; baseline 0.004 -22"><span class='ocrx_word' id='word_1_204' title='bbox 2096 1095 2306 1168; x_wconf 78' lang='grc' dir='ltr'>ἀκούσῃ</span> <span class='ocrx_word' id='word_1_205' title='bbox 2335 1095 2517 1161; x_wconf 82' lang='grc' dir='ltr'>τοῦτο,</span> <span class='ocrx_word' id='word_1_206' title='bbox 2558 1098 2611 1151; x_wconf 92' lang='grc' dir='ltr'><strong>τί</strong></span> <span class='ocrx_word' id='word_1_207' title='bbox 2654 1100 2982 1168; x_wconf 85' lang='grc' dir='ltr'>γενήσεται,</span> <span class='ocrx_word' id='word_1_208' title='bbox 3021 1101 3071 1153; x_wconf 82' lang='grc' dir='ltr'><strong>εί</strong></span> <span class='ocrx_word' id='word_1_209' title='bbox 3115 1101 3197 1153; x_wconf 77' lang='grc' dir='ltr'>σοὶ</span> <span class='ocrx_word' id='word_1_210' title='bbox 3230 1103 3576 1171; x_wconf 81' lang='grc' dir='ltr'>εὐεργετήσω</span> <span class='ocrx_word' id='word_1_211' title='bbox 3611 1104 3671 1155; x_wconf 78' lang='grc' dir='ltr'><strong>τδ</strong></span> 
     </span>
    </p>
   </div>
   <div class='ocr_carea' id='block_1_26' title="bbox 2099 1188 3671 1261">
    <p class='ocr_par' dir='ltr' id='par_1_26' title="bbox 2099 1188 3671 1261">
     <span class='ocr_line' id='line_1_26' title="bbox 2099 1188 3671 1261; baseline 0.004 -21"><span class='ocrx_word' id='word_1_212' title='bbox 2099 1188 2342 1241; x_wconf 82' lang='grc' dir='ltr'>τοιοῦτον</span> <span class='ocrx_word' id='word_1_213' title='bbox 2394 1189 2633 1260; x_wconf 80' lang='grc' dir='ltr'>ἀξίωμα.</span> <span class='ocrx_word' id='word_1_214' title='bbox 2686 1192 2799 1246; x_wconf 73' lang='grc' dir='ltr'><strong>Καὶ</strong></span> <span class='ocrx_word' id='word_1_215' title='bbox 2852 1194 3094 1261; x_wconf 84' lang='grc' dir='ltr'>σήμερον</span> <span class='ocrx_word' id='word_1_216' title='bbox 3138 1193 3378 1248; x_wconf 78' lang='grc' dir='ltr'>ἔστειλεν</span> <span class='ocrx_word' id='word_1_217' title='bbox 3433 1194 3492 1248; x_wconf 83' lang='grc' dir='ltr'>ὃν</span> <span class='ocrx_word' id='word_1_218' title='bbox 3532 1191 3671 1256; x_wconf 80' lang='grc' dir='ltr'>εἶδες</span> 
     </span>
    </p>
   </div>
   <div class='ocr_carea' id='block_1_27' title="bbox 2101 1276 3672 1355">
    <p class='ocr_par' dir='ltr' id='par_1_27' title="bbox 2101 1276 3672 1355">
     <span class='ocr_line' id='line_1_27' title="bbox 2101 1276 3672 1355; baseline 0.003 -26"><span class='ocrx_word' id='word_1_219' title='bbox 2101 1276 2359 1342; x_wconf 79' lang='grc' dir='ltr'>ἐξελθεῖν,</span> <span class='ocrx_word' id='word_1_220' title='bbox 2389 1279 2480 1333; x_wconf 76' lang='grc' dir='ltr'><strong>τὸν</strong></span> <span class='ocrx_word' id='word_1_221' title='bbox 2508 1282 2566 1333; x_wconf 85' lang='grc' dir='ltr'>ὲν</span> <span class='ocrx_word' id='word_1_222' title='bbox 2594 1280 2841 1349; x_wconf 88' lang='grc' dir='ltr'>σχήματι</span> <span class='ocrx_word' id='word_1_223' title='bbox 2874 1283 2971 1337; x_wconf 70' lang='grc' dir='ltr'><strong>καὶ</strong></span> <span class='ocrx_word' id='word_1_224' title='bbox 2992 1281 3200 1354; x_wconf 75' lang='grc' dir='ltr'>θεωρίᾳ</span> <span class='ocrx_word' id='word_1_225' title='bbox 3227 1285 3561 1352; x_wconf 77' lang='grc' dir='ltr'>ἐπιτήδειον,</span> <span class='ocrx_word' id='word_1_226' title='bbox 3594 1284 3672 1355; x_wconf 83' lang='grc' dir='ltr'><strong>τῷ</strong></span> 
     </span>
    </p>
   </div>
   <div class='ocr_carea' id='block_1_28' title="bbox 2098 1368 3673 1443">
    <p class='ocr_par' dir='ltr' id='par_1_28' title="bbox 2098 1368 3673 1443">
     <span class='ocr_line' id='line_1_28' title="bbox 2098 1368 3673 1443; baseline 0.006 -22"><span class='ocrx_word' id='word_1_227' title='bbox 2098 1368 2155 1421; x_wconf 82' lang='grc' dir='ltr'>δὲ</span> <span class='ocrx_word' id='word_1_228' title='bbox 2181 1371 2369 1440; x_wconf 73' lang='grc' dir='ltr'>τρόπῳ</span> <span class='ocrx_word' id='word_1_229' title='bbox 2398 1370 2495 1424; x_wconf 80' lang='grc' dir='ltr'>καὶ</span> <span class='ocrx_word' id='word_1_230' title='bbox 2523 1370 2607 1424; x_wconf 81' lang='grc' dir='ltr'>νοτ</span> <span class='ocrx_word' id='word_1_231' title='bbox 2639 1372 2903 1442; x_wconf 74' lang='grc' dir='ltr'>ἄγροικον</span> <span class='ocrx_word' id='word_1_232' title='bbox 2932 1372 3029 1428; x_wconf 81' lang='grc' dir='ltr'>καὶ</span> <span class='ocrx_word' id='word_1_233' title='bbox 3079 1374 3526 1443; x_wconf 84' lang='grc' dir='ltr'>ἀνωφελέστατον</span> <span class='ocrx_word' id='word_1_234' title='bbox 3551 1377 3673 1431; x_wconf 79' lang='grc' dir='ltr'><strong>Ἀν-</strong></span> 
     </span>
    </p>
   </div>
   <div class='ocr_carea' id='block_1_29' title="bbox 2100 1460 3670 1533">
    <p class='ocr_par' dir='ltr' id='par_1_29' title="bbox 2100 1460 3670 1533">
     <span class='ocr_line' id='line_1_29' title="bbox 2100 1460 3670 1533; baseline 0.005 -19"><span class='ocrx_word' id='word_1_235' title='bbox 2100 1460 2293 1515; x_wconf 85' lang='grc' dir='ltr'>τώνιον</span> <span class='ocrx_word' id='word_1_236' title='bbox 2320 1462 2493 1530; x_wconf 79' lang='grc' dir='ltr'>ἱερέα,</span> <span class='ocrx_word' id='word_1_237' title='bbox 2524 1462 2694 1517; x_wconf 87' lang='grc' dir='ltr'>αίτῶν</span> <span class='ocrx_word' id='word_1_238' title='bbox 2744 1480 2833 1533; x_wconf 86' lang='grc' dir='ltr'><strong>μοι</strong></span> <span class='ocrx_word' id='word_1_239' title='bbox 2869 1464 2956 1517; x_wconf 84' lang='grc' dir='ltr'>ἵνα</span> <span class='ocrx_word' id='word_1_240' title='bbox 2996 1467 3215 1533; x_wconf 85' lang='grc' dir='ltr'>τιμήσω</span> <span class='ocrx_word' id='word_1_241' title='bbox 3254 1467 3379 1530; x_wconf 82' lang='grc' dir='ltr'>τοὺς</span> <span class='ocrx_word' id='word_1_242' title='bbox 3408 1470 3670 1522; x_wconf 85' lang='grc' dir='ltr'>σκαιοτά-</span> 
     </span>
    </p>
   </div>
   <div class='ocr_carea' id='block_1_30' title="bbox 2100 1554 3671 1628">
    <p class='ocr_par' dir='ltr' id='par_1_30' title="bbox 2100 1554 3671 1628">
     <span class='ocr_line' id='line_1_30' title="bbox 2100 1554 3671 1628; baseline 0.007 -24"><span class='ocrx_word' id='word_1_243' title='bbox 2100 1568 2226 1617; x_wconf 87' lang='grc' dir='ltr'>τους</span> <span class='ocrx_word' id='word_1_244' title='bbox 2252 1554 2347 1605; x_wconf 72' lang='grc' dir='ltr'>καὶ</span> <span class='ocrx_word' id='word_1_245' title='bbox 2403 1554 2703 1617; x_wconf 82' lang='grc' dir='ltr'>ἀσυνέτους</span> <span class='ocrx_word' id='word_1_246' title='bbox 2754 1554 2907 1619; x_wconf 81' lang='grc' dir='ltr'>υἱοὺς</span> <span class='ocrx_word' id='word_1_247' title='bbox 2937 1556 3131 1619; x_wconf 84' lang='grc' dir='ltr'>αὐτοῦ,</span> <span class='ocrx_word' id='word_1_248' title='bbox 3177 1558 3267 1611; x_wconf 69' lang='grc' dir='ltr'><strong>τὸν</strong></span> <span class='ocrx_word' id='word_1_249' title='bbox 3300 1558 3397 1626; x_wconf 79' lang='grc' dir='ltr'>μὲν</span> <span class='ocrx_word' id='word_1_250' title='bbox 3454 1559 3671 1628; x_wconf 80' lang='grc' dir='ltr'>πρῶτον</span> 
     </span>
    </p>
   </div>
   <div class='ocr_carea' id='block_1_31' title="bbox 2107 1644 3672 1718">
    <p class='ocr_par' dir='ltr' id='par_1_31' title="bbox 2107 1644 3672 1718">
     <span class='ocr_line' id='line_1_31' title="bbox 2107 1644 3672 1718; baseline 0.005 -21"><span class='ocrx_word' id='word_1_251' title='bbox 2107 1645 2279 1712; x_wconf 86' lang='grc' dir='ltr'>μέγαν</span> <span class='ocrx_word' id='word_1_252' title='bbox 2304 1644 2620 1716; x_wconf 85' lang='grc' dir='ltr'>λογοθέτην,</span> <span class='ocrx_word' id='word_1_253' title='bbox 2649 1647 2741 1702; x_wconf 79' lang='grc' dir='ltr'>τὸν</span> <span class='ocrx_word' id='word_1_254' title='bbox 2772 1646 2826 1699; x_wconf 77' lang='grc' dir='ltr'>δὲ</span> <span class='ocrx_word' id='word_1_255' title='bbox 2865 1647 3119 1718; x_wconf 85' lang='grc' dir='ltr'>δεύτερον</span> <span class='ocrx_word' id='word_1_256' title='bbox 3148 1648 3325 1717; x_wconf 85' lang='grc' dir='ltr'>μέγαν</span> <span class='ocrx_word' id='word_1_257' title='bbox 3352 1651 3672 1705; x_wconf 82' lang='grc' dir='ltr'>κοντόσταυ-</span> 
     </span>
    </p>
   </div>
   <div class='ocr_carea' id='block_1_32' title="bbox 2084 1736 3670 1815">
    <p class='ocr_par' dir='ltr' id='par_1_32' title="bbox 2084 1736 3670 1815">
     <span class='ocr_line' id='line_1_32' title="bbox 2084 1736 3670 1815; baseline 0.007 -28"><span class='ocrx_word' id='word_1_258' title='bbox 2084 1736 2214 1805; x_wconf 49' lang='grc' dir='ltr'>,λον,</span> <span class='ocrx_word' id='word_1_259' title='bbox 2264 1738 2389 1791; x_wconf 74' lang='grc' dir='ltr'>ἐπεὶ</span> <span class='ocrx_word' id='word_1_260' title='bbox 2442 1738 2695 1800; x_wconf 75' lang='grc' dir='ltr'>καὶτοὺς</span> <span class='ocrx_word' id='word_1_261' title='bbox 2745 1740 2981 1810; x_wconf 76' lang='grc' dir='ltr'>ἐσθῆτας</span> <span class='ocrx_word' id='word_1_262' title='bbox 3038 1743 3244 1806; x_wconf 79' lang='grc' dir='ltr'>ἐκεῖνος</span> <span class='ocrx_word' id='word_1_263' title='bbox 3287 1743 3469 1813; x_wconf 84' lang='grc' dir='ltr'>ἀρχει,</span> <span class='ocrx_word' id='word_1_264' title='bbox 3534 1748 3670 1815; x_wconf 79' lang='grc' dir='ltr'>ὅπερ</span> 
     </span>
    </p>
   </div>
   <div class='ocr_carea' id='block_1_33' title="bbox 416 1803 3670 1907">
    <p class='ocr_par' dir='ltr' id='par_1_33' title="bbox 416 1803 3670 1907">
     <span class='ocr_line' id='line_1_33' title="bbox 416 1803 3670 1907; baseline 0.003 -27"><span class='ocrx_word' id='word_1_265' title='bbox 416 1803 571 1897; x_wconf 56' lang='grc' dir='ltr'>τεῶν,</span> <span class='ocrx_word' id='word_1_266' title='bbox 600 1831 850 1901; x_wconf 81' lang='grc' dir='ltr'>δηλονότι</span> <span class='ocrx_word' id='word_1_267' title='bbox 900 1832 1000 1887; x_wconf 77' lang='grc' dir='ltr'><strong>τοῦ</strong></span> <span class='ocrx_word' id='word_1_268' title='bbox 1057 1803 1401 1889; x_wconf 49' lang='grc' dir='ltr'>συνοικεσίοῦ</span> <span class='ocrx_word' id='word_1_269' title='bbox 1583 1835 1853 1906; x_wconf 75' lang='grc' dir='ltr'>Θυγατρός</span> <span class='ocrx_word' id='word_1_270' title='bbox 1888 1853 1990 1905; x_wconf 82' lang='grc' dir='ltr'><strong>μου</strong></span> <span class='ocrx_word' id='word_1_271' title='bbox 2024 1803 2304 1899; x_wconf 54' lang='grc' dir='ltr'><strong>Βέστὶνὴ</strong></span> <span class='ocrx_word' id='word_1_272' title='bbox 2338 1830 2615 1901; x_wconf 79' lang='grc' dir='ltr'>ὑπηρεσία</span> <span class='ocrx_word' id='word_1_273' title='bbox 2645 1830 2740 1885; x_wconf 73' lang='grc' dir='ltr'><strong>τοῦ</strong></span> <span class='ocrx_word' id='word_1_274' title='bbox 2772 1803 2936 1886; x_wconf 65' lang='grc' dir='ltr'>αὐτοῦ</span> <span class='ocrx_word' id='word_1_275' title='bbox 2972 1803 3253 1903; x_wconf 72' lang='grc' dir='ltr'>ὀφφικίου.</span> <span class='ocrx_word' id='word_1_276' title='bbox 3287 1803 3492 1890; x_wconf 43' lang='grc' dir='ltr'>Λίλῖπῖλν</span> <span class='ocrx_word' id='word_1_277' title='bbox 3524 1803 3670 1907; x_wconf 67' lang='grc' dir='ltr'><em>λέγῶ</em></span> 
     </span>
    </p>
   </div>
   <div class='ocr_carea' id='block_1_34' title="bbox 404 1921 1992 1997">
    <p class='ocr_par' dir='ltr' id='par_1_34' title="bbox 404 1921 1992 1997">
     <span class='ocr_line' id='line_1_34' title="bbox 404 1921 1992 1997; baseline 0.003 -23"><span class='ocrx_word' id='word_1_278' title='bbox 404 1921 516 1975; x_wconf 73' lang='grc' dir='ltr'>’καὶ</span> <span class='ocrx_word' id='word_1_279' title='bbox 546 1923 649 1991; x_wconf 83' lang='grc' dir='ltr'>τῆς</span> <span class='ocrx_word' id='word_1_280' title='bbox 684 1924 871 1994; x_wconf 83' lang='grc' dir='ltr'>μάχης</span> <span class='ocrx_word' id='word_1_281' title='bbox 905 1925 1152 1994; x_wconf 76' lang='grc' dir='ltr'>ὑποψίας</span> <span class='ocrx_word' id='word_1_282' title='bbox 1192 1927 1430 1980; x_wconf 77' lang='grc' dir='ltr'>καὶτῶν</span> <span class='ocrx_word' id='word_1_283' title='bbox 1470 1927 1698 1992; x_wconf 84' lang='grc' dir='ltr'>λοιπῶν,</span> <span class='ocrx_word' id='word_1_284' title='bbox 1731 1927 1807 1989; x_wconf 86' lang='grc' dir='ltr'><strong>ὡς</strong></span> <span class='ocrx_word' id='word_1_285' title='bbox 1834 1927 1992 1997; x_wconf 88' lang='grc' dir='ltr'>προεί</span> 
     </span>
    </p>
   </div>
   <div class='ocr_carea' id='block_1_35' title="bbox 415 2016 1991 2104">
    <p class='ocr_par' dir='ltr' id='par_1_35' title="bbox 415 2016 1991 2104">
     <span class='ocr_line' id='line_1_35' title="bbox 415 2016 1991 2104; baseline 0.003 -38"><span class='ocrx_word' id='word_1_286' title='bbox 415 2031 615 2083; x_wconf 85' lang='grc' dir='ltr'>πομεν,</span> <span class='ocrx_word' id='word_1_287' title='bbox 643 2016 676 2085; x_wconf 93' lang='grc' dir='ltr'><strong>ή</strong></span> <span class='ocrx_word' id='word_1_288' title='bbox 710 2016 969 2104; x_wconf 70' lang='grc' dir='ltr'>σύνευνός</span> <span class='ocrx_word' id='word_1_289' title='bbox 1019 2035 1122 2088; x_wconf 80' lang='grc' dir='ltr'><strong>μου</strong></span> <span class='ocrx_word' id='word_1_290' title='bbox 1159 2018 1510 2089; x_wconf 76' lang='grc' dir='ltr'>συνεχώρησε</span> <span class='ocrx_word' id='word_1_291' title='bbox 1540 2018 1640 2087; x_wconf 82' lang='grc' dir='ltr'>τὴν</span> <span class='ocrx_word' id='word_1_292' title='bbox 1680 2019 1843 2073; x_wconf 86' lang='grc' dir='ltr'>πάλιν</span> <span class='ocrx_word' id='word_1_293' title='bbox 1872 2018 1991 2083; x_wconf 72' lang='grc' dir='ltr'><strong>ἑξέ-</strong></span> 
     </span>
    </p>
   </div>
   <div class='ocr_carea' id='block_1_36' title="bbox 416 2107 1991 2181">
    <p class='ocr_par' dir='ltr' id='par_1_36' title="bbox 416 2107 1991 2181">
     <span class='ocr_line' id='line_1_36' title="bbox 416 2107 1991 2181; baseline 0.003 -22"><span class='ocrx_word' id='word_1_294' title='bbox 416 2107 601 2161; x_wconf 81' lang='grc' dir='ltr'>λευσίν</span> <span class='ocrx_word' id='word_1_295' title='bbox 644 2126 771 2177; x_wconf 90' lang='grc' dir='ltr'>μου.</span> <span class='ocrx_word' id='word_1_296' title='bbox 819 2110 907 2172; x_wconf 83' lang='grc' dir='ltr'>Ὣς</span> <span class='ocrx_word' id='word_1_297' title='bbox 937 2110 1032 2164; x_wconf 82' lang='grc' dir='ltr'>οὖν</span> <span class='ocrx_word' id='word_1_298' title='bbox 1059 2111 1120 2164; x_wconf 84' lang='grc' dir='ltr'>τὸ</span> <span class='ocrx_word' id='word_1_299' title='bbox 1158 2111 1258 2174; x_wconf 82' lang='grc' dir='ltr'><strong>τῆς</strong></span> <span class='ocrx_word' id='word_1_300' title='bbox 1304 2110 1570 2181; x_wconf 80' lang='grc' dir='ltr'>θυγατρός</span> <span class='ocrx_word' id='word_1_301' title='bbox 1608 2128 1710 2180; x_wconf 91' lang='grc' dir='ltr'><strong>μου</strong></span> <span class='ocrx_word' id='word_1_302' title='bbox 1742 2112 1991 2165; x_wconf 87' lang='grc' dir='ltr'>συνοικέ-</span> 
     </span>
    </p>
   </div>
   <div class='ocr_carea' id='block_1_37' title="bbox 416 2201 1992 2277">
    <p class='ocr_par' dir='ltr' id='par_1_37' title="bbox 416 2201 1992 2277">
     <span class='ocr_line' id='line_1_37' title="bbox 416 2201 1992 2277; baseline 0.003 -24"><span class='ocrx_word' id='word_1_303' title='bbox 416 2217 535 2254; x_wconf 93' lang='grc' dir='ltr'>σιον</span> <span class='ocrx_word' id='word_1_304' title='bbox 567 2201 984 2272; x_wconf 86' lang='grc' dir='ltr'>διωρθώσαμεν,</span> <span class='ocrx_word' id='word_1_305' title='bbox 1040 2203 1372 2277; x_wconf 83' lang='grc' dir='ltr'>ποιήσαντες</span> <span class='ocrx_word' id='word_1_306' title='bbox 1419 2206 1488 2259; x_wconf 80' lang='grc' dir='ltr'>τὰ</span> <span class='ocrx_word' id='word_1_307' title='bbox 1523 2205 1992 2275; x_wconf 83' lang='grc' dir='ltr'>προικοσύμφωνα</span> 
     </span>
    </p>
   </div>
   <div class='ocr_carea' id='block_1_38' title="bbox 414 2291 1993 2363">
    <p class='ocr_par' dir='ltr' id='par_1_38' title="bbox 414 2291 1993 2363">
     <span class='ocr_line' id='line_1_38' title="bbox 414 2291 1993 2363; baseline 0.001 -20"><span class='ocrx_word' id='word_1_308' title='bbox 414 2291 509 2343; x_wconf 73' lang='grc' dir='ltr'>καὶ</span> <span class='ocrx_word' id='word_1_309' title='bbox 548 2291 856 2359; x_wconf 83' lang='grc' dir='ltr'>ίερολογίαν</span> <span class='ocrx_word' id='word_1_310' title='bbox 884 2292 983 2345; x_wconf 80' lang='grc' dir='ltr'>τοῦ</span> <span class='ocrx_word' id='word_1_311' title='bbox 1021 2292 1368 2363; x_wconf 78' lang='grc' dir='ltr'>ἀρραὅῶνος,</span> <span class='ocrx_word' id='word_1_312' title='bbox 1405 2293 1502 2345; x_wconf 74' lang='grc' dir='ltr'>καὶ</span> <span class='ocrx_word' id='word_1_313' title='bbox 1541 2293 1718 2363; x_wconf 83' lang='grc' dir='ltr'>χαρὰν</span> <span class='ocrx_word' id='word_1_314' title='bbox 1750 2292 1839 2347; x_wconf 78' lang='grc' dir='ltr'>διὰ</span> <span class='ocrx_word' id='word_1_315' title='bbox 1864 2292 1993 2356; x_wconf 77' lang='grc' dir='ltr'>τοὺς</span> 
     </span>
    </p>
   </div>
   <div class='ocr_carea' id='block_1_39' title="bbox 414 2380 1992 2453">
    <p class='ocr_par' dir='ltr' id='par_1_39' title="bbox 414 2380 1992 2453">
     <span class='ocr_line' id='line_1_39' title="bbox 414 2380 1992 2453; baseline 0.003 -20"><span class='ocrx_word' id='word_1_316' title='bbox 414 2380 632 2450; x_wconf 82' lang='grc' dir='ltr'>γάμους</span> <span class='ocrx_word' id='word_1_317' title='bbox 691 2383 1045 2451; x_wconf 88' lang='grc' dir='ltr'>ποιήσαντες,</span> <span class='ocrx_word' id='word_1_318' title='bbox 1100 2382 1279 2436; x_wconf 88' lang='grc' dir='ltr'>πάντα</span> <span class='ocrx_word' id='word_1_319' title='bbox 1324 2382 1391 2435; x_wconf 82' lang='grc' dir='ltr'>τὰ</span> <span class='ocrx_word' id='word_1_320' title='bbox 1451 2383 1729 2451; x_wconf 86' lang='grc' dir='ltr'>ἀναγκαῖα</span> <span class='ocrx_word' id='word_1_321' title='bbox 1774 2382 1862 2438; x_wconf 83' lang='grc' dir='ltr'><strong>διὰ</strong></span> <span class='ocrx_word' id='word_1_322' title='bbox 1892 2386 1992 2453; x_wconf 74' lang='grc' dir='ltr'>τὴν</span> 
     </span>
    </p>
   </div>
   <div class='ocr_carea' id='block_1_40' title="bbox 412 2474 1992 2546">
    <p class='ocr_par' dir='ltr' id='par_1_40' title="bbox 412 2474 1992 2546">
     <span class='ocr_line' id='line_1_40' title="bbox 412 2474 1992 2546; baseline 0.002 -20"><span class='ocrx_word' id='word_1_323' title='bbox 412 2474 533 2527; x_wconf 68' lang='grc' dir='ltr'>ὁδον</span> <span class='ocrx_word' id='word_1_324' title='bbox 581 2474 1041 2544; x_wconf 82' lang='grc' dir='ltr'>ᾠκονομήσαμεν,</span> <span class='ocrx_word' id='word_1_325' title='bbox 1102 2477 1152 2527; x_wconf 87' lang='grc' dir='ltr'><strong>εί</strong></span> <span class='ocrx_word' id='word_1_326' title='bbox 1206 2474 1282 2543; x_wconf 82' lang='grc' dir='ltr'>μὴ</span> <span class='ocrx_word' id='word_1_327' title='bbox 1352 2475 1513 2546; x_wconf 87' lang='grc' dir='ltr'>μόνον</span> <span class='ocrx_word' id='word_1_328' title='bbox 1560 2476 1658 2538; x_wconf 88' lang='grc' dir='ltr'><strong>τάς</strong></span> <span class='ocrx_word' id='word_1_329' title='bbox 1706 2474 1992 2543; x_wconf 82' lang='grc' dir='ltr'>βασιλικάς</span> 
     </span>
    </p>
   </div>
   <div class='ocr_carea' id='block_1_41' title="bbox 414 2565 1990 2637">
    <p class='ocr_par' dir='ltr' id='par_1_41' title="bbox 414 2565 1990 2637">
     <span class='ocr_line' id='line_1_41' title="bbox 414 2565 1990 2637; baseline 0.003 -19"><span class='ocrx_word' id='word_1_330' title='bbox 414 2566 750 2635; x_wconf 74' lang='grc' dir='ltr'>προστάξεις</span> <span class='ocrx_word' id='word_1_331' title='bbox 802 2566 894 2620; x_wconf 88' lang='grc' dir='ltr'><strong>διά</strong></span> <span class='ocrx_word' id='word_1_332' title='bbox 954 2568 1306 2637; x_wconf 86' lang='grc' dir='ltr'>γραμμάτων</span> <span class='ocrx_word' id='word_1_333' title='bbox 1358 2566 1731 2637; x_wconf 84' lang='grc' dir='ltr'>προσεδόκουν</span> <span class='ocrx_word' id='word_1_334' title='bbox 1782 2565 1990 2623; x_wconf 74' lang='grc' dir='ltr'>λαϐεῖν.</span> 
     </span>
    </p>
   </div>
   <div class='ocr_carea' id='block_1_42' title="bbox 415 2657 1993 2730">
    <p class='ocr_par' dir='ltr' id='par_1_42' title="bbox 415 2657 1993 2730">
     <span class='ocr_line' id='line_1_42' title="bbox 415 2657 1993 2730; baseline 0.001 -19"><span class='ocrx_word' id='word_1_335' title='bbox 415 2659 525 2711; x_wconf 75' lang='grc' dir='ltr'><strong>Καὶ</strong></span> <span class='ocrx_word' id='word_1_336' title='bbox 538 2657 790 2713; x_wconf 81' lang='grc' dir='ltr'>ἀπελθὼν</span> <span class='ocrx_word' id='word_1_337' title='bbox 810 2660 890 2722; x_wconf 88' lang='grc' dir='ltr'><strong>είς</strong></span> <span class='ocrx_word' id='word_1_338' title='bbox 911 2658 973 2712; x_wconf 81' lang='grc' dir='ltr'>τὸ</span> <span class='ocrx_word' id='word_1_339' title='bbox 992 2659 1248 2715; x_wconf 86' lang='grc' dir='ltr'>παλάτιον</span> <span class='ocrx_word' id='word_1_340' title='bbox 1269 2658 1591 2730; x_wconf 82' lang='grc' dir='ltr'>είσελήλυθα</span> <span class='ocrx_word' id='word_1_341' title='bbox 1613 2659 1761 2713; x_wconf 77' lang='grc' dir='ltr'>ἔνδον</span> <span class='ocrx_word' id='word_1_342' title='bbox 1786 2658 1879 2712; x_wconf 82' lang='grc' dir='ltr'><strong>τοῦ</strong></span> <span class='ocrx_word' id='word_1_343' title='bbox 1897 2657 1993 2713; x_wconf 78' lang='grc' dir='ltr'><strong>τοῦ</strong></span> 
     </span>
    </p>
   </div>
   <div class='ocr_carea' id='block_1_43' title="bbox 414 2746 1996 2820">
    <p class='ocr_par' dir='ltr' id='par_1_43' title="bbox 414 2746 1996 2820">
     <span class='ocr_line' id='line_1_43' title="bbox 414 2746 1996 2820; baseline 0 -17"><span class='ocrx_word' id='word_1_344' title='bbox 414 2747 677 2818; x_wconf 81' lang='grc' dir='ltr'>βασιλέως</span> <span class='ocrx_word' id='word_1_345' title='bbox 697 2747 933 2814; x_wconf 84' lang='grc' dir='ltr'>κελλίου,</span> <span class='ocrx_word' id='word_1_346' title='bbox 964 2749 1041 2811; x_wconf 84' lang='grc' dir='ltr'><strong>ὡς</strong></span> <span class='ocrx_word' id='word_1_347' title='bbox 1063 2746 1300 2817; x_wconf 78' lang='grc' dir='ltr'>σύνηθές</span> <span class='ocrx_word' id='word_1_348' title='bbox 1329 2765 1442 2817; x_wconf 89' lang='grc' dir='ltr'>μοι,</span> <span class='ocrx_word' id='word_1_349' title='bbox 1475 2750 1569 2803; x_wconf 61' lang='grc' dir='ltr'><strong>καὶ⁵</strong></span> <span class='ocrx_word' id='word_1_350' title='bbox 1582 2749 1681 2820; x_wconf 85' lang='grc' dir='ltr'>οὐχ</span> <span class='ocrx_word' id='word_1_351' title='bbox 1706 2749 1865 2819; x_wconf 81' lang='grc' dir='ltr'>εὗρον</span> <span class='ocrx_word' id='word_1_352' title='bbox 1894 2749 1996 2803; x_wconf 86' lang='lat'><strong>06-</strong></span> 
     </span>
    </p>
   </div>
   <div class='ocr_carea' id='block_1_44' title="bbox 411 2840 1996 2912">
    <p class='ocr_par' dir='ltr' id='par_1_44' title="bbox 411 2840 1996 2912">
     <span class='ocr_line' id='line_1_44' title="bbox 411 2840 1996 2912; baseline -0.001 -17"><span class='ocrx_word' id='word_1_353' title='bbox 411 2844 525 2895; x_wconf 80' lang='grc' dir='ltr'>τόν.</span> <span class='ocrx_word' id='word_1_354' title='bbox 554 2842 689 2910; x_wconf 83' lang='grc' dir='ltr'>Περὶ</span> <span class='ocrx_word' id='word_1_355' title='bbox 721 2841 781 2893; x_wconf 80' lang='grc' dir='ltr'><strong>οὗ</strong></span> <span class='ocrx_word' id='word_1_356' title='bbox 804 2840 1086 2911; x_wconf 77' lang='grc' dir='ltr'>ἠρώτησα,</span> <span class='ocrx_word' id='word_1_357' title='bbox 1106 2842 1203 2894; x_wconf 79' lang='grc' dir='ltr'><strong>καὶ</strong></span> <span class='ocrx_word' id='word_1_358' title='bbox 1226 2841 1424 2911; x_wconf 75' lang='grc' dir='ltr'>ἐρρέθη</span> <span class='ocrx_word' id='word_1_359' title='bbox 1449 2857 1540 2910; x_wconf 92' lang='grc' dir='ltr'><strong>μοι</strong></span> <span class='ocrx_word' id='word_1_360' title='bbox 1556 2842 1706 2895; x_wconf 80' lang='grc' dir='ltr'>ὅτιὲν</span> <span class='ocrx_word' id='word_1_361' title='bbox 1732 2840 1810 2912; x_wconf 80' lang='grc' dir='ltr'><strong>τῷ</strong></span> <span class='ocrx_word' id='word_1_362' title='bbox 1827 2858 1996 2912; x_wconf 89' lang='grc' dir='ltr'>τρασ-</span> 
     </span>
    </p>
   </div>
   <div class='ocr_carea' id='block_1_45' title="bbox 414 2931 1993 3004">
    <p class='ocr_par' dir='ltr' id='par_1_45' title="bbox 414 2931 1993 3004">
     <span class='ocr_line' id='line_1_45' title="bbox 414 2931 1993 3004; baseline 0 -18"><span class='ocrx_word' id='word_1_363' title='bbox 414 2934 565 3003; x_wconf 88' lang='grc' dir='ltr'>σάρῳ</span> <span class='ocrx_word' id='word_1_364' title='bbox 590 2933 853 3003; x_wconf 83' lang='grc' dir='ltr'>δωματίῳ</span> <span class='ocrx_word' id='word_1_365' title='bbox 881 2933 1057 3004; x_wconf 81' lang='grc' dir='ltr'>ἑτέρῳ</span> <span class='ocrx_word' id='word_1_366' title='bbox 1107 2932 1339 3002; x_wconf 82' lang='grc' dir='ltr'>πλησίον</span> <span class='ocrx_word' id='word_1_367' title='bbox 1406 2932 1503 2986; x_wconf 85' lang='grc' dir='ltr'>τοῦ</span> <span class='ocrx_word' id='word_1_368' title='bbox 1528 2931 1761 3002; x_wconf 86' lang='grc' dir='ltr'>Ικελλίου</span> <span class='ocrx_word' id='word_1_369' title='bbox 1826 2933 1993 2986; x_wconf 80' lang='grc' dir='ltr'>αὑτοῦ</span> 
     </span>
    </p>
   </div>
   <div class='ocr_carea' id='block_1_46' title="bbox 414 3023 1994 3095">
    <p class='ocr_par' dir='ltr' id='par_1_46' title="bbox 414 3023 1994 3095">
     <span class='ocr_line' id='line_1_46' title="bbox 414 3023 1994 3095; baseline -0.001 -15"><span class='ocrx_word' id='word_1_370' title='bbox 414 3026 562 3080; x_wconf 81' lang='grc' dir='ltr'>συνε)</span> <span class='ocrx_word' id='word_1_371' title='bbox 575 3026 695 3080; x_wconf 87' lang='grc' dir='ltr'>άλει</span> <span class='ocrx_word' id='word_1_372' title='bbox 729 3026 805 3095; x_wconf 88' lang='grc' dir='ltr'>τῷ</span> <span class='ocrx_word' id='word_1_373' title='bbox 838 3026 977 3095; x_wconf 78' lang='grc' dir='ltr'>ἱερεῖ</span> <span class='ocrx_word' id='word_1_374' title='bbox 1012 3024 1279 3095; x_wconf 83' lang='grc' dir='ltr'>Ἀντωνίῳ</span> <span class='ocrx_word' id='word_1_375' title='bbox 1306 3023 1606 3095; x_wconf 81' lang='grc' dir='ltr'>τῷῬοδῖῳ.</span> <span class='ocrx_word' id='word_1_376' title='bbox 1626 3025 1798 3093; x_wconf 86' lang='grc' dir='ltr'>Κάγὼ</span> <span class='ocrx_word' id='word_1_377' title='bbox 1822 3042 1994 3094; x_wconf 82' lang='grc' dir='ltr'>προσ-</span> 
     </span>
    </p>
   </div>
   <div class='ocr_carea' id='block_1_47' title="bbox 2093 1923 3668 2001">
    <p class='ocr_par' dir='ltr' id='par_1_47' title="bbox 2093 1923 3668 2001">
     <span class='ocr_line' id='line_1_47' title="bbox 2093 1923 3668 2001; baseline 0.006 -28"><span class='ocrx_word' id='word_1_378' title='bbox 2093 1923 2445 1995; x_wconf 80' lang='grc' dir='ltr'>εὐεργετήσω</span> <span class='ocrx_word' id='word_1_379' title='bbox 2479 1925 2665 1988; x_wconf 82' lang='grc' dir='ltr'>αὐτοῖς</span> <span class='ocrx_word' id='word_1_380' title='bbox 2707 1924 2845 1980; x_wconf 86' lang='grc' dir='ltr'>ἀλλα</span> <span class='ocrx_word' id='word_1_381' title='bbox 2886 1925 3121 1994; x_wconf 77' lang='grc' dir='ltr'>ὀφφίκια</span> <span class='ocrx_word' id='word_1_382' title='bbox 3175 1927 3315 2001; x_wconf 82' lang='grc' dir='ltr'><strong>μετά</strong></span> <span class='ocrx_word' id='word_1_383' title='bbox 3357 1931 3574 1998; x_wconf 74' lang='grc' dir='ltr'>καιρὸν,</span> <span class='ocrx_word' id='word_1_384' title='bbox 3609 1932 3668 1983; x_wconf 88' lang='lat'><strong>06</strong></span> 
     </span>
    </p>
   </div>
   <div class='ocr_carea' id='block_1_48' title="bbox 2092 2014 3667 2089">
    <p class='ocr_par' dir='ltr' id='par_1_48' title="bbox 2092 2014 3667 2089">
     <span class='ocr_line' id='line_1_48' title="bbox 2092 2014 3667 2089; baseline 0.003 -22"><span class='ocrx_word' id='word_1_385' title='bbox 2092 2014 2368 2083; x_wconf 84' lang='grc' dir='ltr'>τοσαύτης</span> <span class='ocrx_word' id='word_1_386' title='bbox 2424 2016 2581 2080; x_wconf 79' lang='grc' dir='ltr'>ἀξίας</span> <span class='ocrx_word' id='word_1_387' title='bbox 2630 2016 2802 2086; x_wconf 85' lang='grc' dir='ltr'>ὅμως,</span> <span class='ocrx_word' id='word_1_388' title='bbox 2852 2015 2971 2071; x_wconf 82' lang='grc' dir='ltr'>ἀλλ’</span> <span class='ocrx_word' id='word_1_389' title='bbox 3026 2015 3425 2072; x_wconf 72' lang='grc' dir='ltr'>ἐλάττοναοσὺ</span> <span class='ocrx_word' id='word_1_390' title='bbox 3461 2020 3517 2072; x_wconf 77' lang='grc' dir='ltr'>δὲ</span> <span class='ocrx_word' id='word_1_391' title='bbox 3570 2020 3667 2089; x_wconf 81' lang='grc' dir='ltr'><strong>ἔσῃ</strong></span> 
     </span>
    </p>
   </div>
   <div class='ocr_carea' id='block_1_49' title="bbox 2092 2106 3670 2180">
    <p class='ocr_par' dir='ltr' id='par_1_49' title="bbox 2092 2106 3670 2180">
     <span class='ocr_line' id='line_1_49' title="bbox 2092 2106 3670 2180; baseline 0.003 -21"><span class='ocrx_word' id='word_1_392' title='bbox 2092 2106 2202 2159; x_wconf 71' lang='grc' dir='ltr'><strong>ἀπὺ</strong></span> <span class='ocrx_word' id='word_1_393' title='bbox 2236 2107 2331 2159; x_wconf 81' lang='grc' dir='ltr'>τοῦ</span> <span class='ocrx_word' id='word_1_394' title='bbox 2366 2106 2463 2161; x_wconf 83' lang='grc' dir='ltr'>νῦν</span> <span class='ocrx_word' id='word_1_395' title='bbox 2512 2108 2688 2177; x_wconf 84' lang='grc' dir='ltr'>μέγας</span> <span class='ocrx_word' id='word_1_396' title='bbox 2714 2108 3033 2180; x_wconf 89' lang='grc' dir='ltr'>λογοθέτης.</span> <span class='ocrx_word' id='word_1_397' title='bbox 3069 2108 3242 2163; x_wconf 81' lang='grc' dir='ltr'>Τοῦτο</span> <span class='ocrx_word' id='word_1_398' title='bbox 3272 2108 3331 2162; x_wconf 75' lang='grc' dir='ltr'>δὲ</span> <span class='ocrx_word' id='word_1_399' title='bbox 3373 2110 3469 2165; x_wconf 77' lang='grc' dir='ltr'>καὶ</span> <span class='ocrx_word' id='word_1_400' title='bbox 3506 2109 3670 2179; x_wconf 84' lang='grc' dir='ltr'>μόνον</span> 
     </span>
    </p>
   </div>
   <div class='ocr_carea' id='block_1_50' title="bbox 2094 2198 3668 2271">
    <p class='ocr_par' dir='ltr' id='par_1_50' title="bbox 2094 2198 3668 2271">
     <span class='ocr_line' id='line_1_50' title="bbox 2094 2198 3668 2271; baseline 0.003 -21"><span class='ocrx_word' id='word_1_401' title='bbox 2094 2198 2462 2269; x_wconf 82' lang='grc' dir='ltr'>παραγγέλλω</span> <span class='ocrx_word' id='word_1_402' title='bbox 2493 2216 2596 2261; x_wconf 87' lang='grc' dir='ltr'>σοι,</span> <span class='ocrx_word' id='word_1_403' title='bbox 2630 2201 2711 2254; x_wconf 81' lang='grc' dir='ltr'>ὅτι</span> <span class='ocrx_word' id='word_1_404' title='bbox 2757 2200 2848 2254; x_wconf 76' lang='grc' dir='ltr'><strong>διὰ</strong></span> <span class='ocrx_word' id='word_1_405' title='bbox 2878 2200 2946 2254; x_wconf 82' lang='grc' dir='ltr'><strong>τὰ</strong></span> <span class='ocrx_word' id='word_1_406' title='bbox 2994 2199 3287 2268; x_wconf 81' lang='grc' dir='ltr'>συμϐάντα</span> <span class='ocrx_word' id='word_1_407' title='bbox 3318 2198 3416 2254; x_wconf 81' lang='grc' dir='ltr'><strong>τοῦ</strong></span> <span class='ocrx_word' id='word_1_408' title='bbox 3472 2200 3668 2271; x_wconf 76' lang='grc' dir='ltr'>καιροῦ</span> 
     </span>
    </p>
   </div>
   <div class='ocr_carea' id='block_1_51' title="bbox 2094 2288 3665 2359">
    <p class='ocr_par' dir='ltr' id='par_1_51' title="bbox 2094 2288 3665 2359">
     <span class='ocr_line' id='line_1_51' title="bbox 2094 2288 3665 2359; baseline 0.001 -19"><span class='ocrx_word' id='word_1_409' title='bbox 2094 2290 2189 2341; x_wconf 75' lang='grc' dir='ltr'>καὶ</span> <span class='ocrx_word' id='word_1_410' title='bbox 2214 2288 2314 2351; x_wconf 89' lang='grc' dir='ltr'><strong>τάς</strong></span> <span class='ocrx_word' id='word_1_411' title='bbox 2348 2289 2697 2354; x_wconf 85' lang='grc' dir='ltr'>ποικιλώδεις</span> <span class='ocrx_word' id='word_1_412' title='bbox 2725 2289 2953 2359; x_wconf 83' lang='grc' dir='ltr'>γνώμας</span> <span class='ocrx_word' id='word_1_413' title='bbox 2982 2290 3091 2343; x_wconf 89' lang='grc' dir='ltr'><strong>τῶν</strong></span> <span class='ocrx_word' id='word_1_414' title='bbox 3124 2289 3409 2359; x_wconf 86' lang='grc' dir='ltr'>ἀρχόντων</span> <span class='ocrx_word' id='word_1_415' title='bbox 3446 2290 3540 2343; x_wconf 75' lang='grc' dir='ltr'>καὶ</span> <span class='ocrx_word' id='word_1_416' title='bbox 3570 2290 3665 2344; x_wconf 85' lang='grc' dir='ltr'>ἀλ-</span> 
     </span>
    </p>
   </div>
   <div class='ocr_carea' id='block_1_52' title="bbox 2093 2381 3665 2453">
    <p class='ocr_par' dir='ltr' id='par_1_52' title="bbox 2093 2381 3665 2453">
     <span class='ocr_line' id='line_1_52' title="bbox 2093 2381 3665 2453; baseline 0.002 -20"><span class='ocrx_word' id='word_1_417' title='bbox 2093 2381 2190 2444; x_wconf 91' lang='grc' dir='ltr'><strong>λας</strong></span> <span class='ocrx_word' id='word_1_418' title='bbox 2237 2382 2410 2444; x_wconf 83' lang='grc' dir='ltr'>αἰτίας</span> <span class='ocrx_word' id='word_1_419' title='bbox 2465 2383 2541 2452; x_wconf 82' lang='grc' dir='ltr'>μὴ</span> <span class='ocrx_word' id='word_1_420' title='bbox 2603 2383 3007 2453; x_wconf 88' lang='grc' dir='ltr'>προσκυνήσεις</span> <span class='ocrx_word' id='word_1_421' title='bbox 3044 2393 3114 2453; x_wconf 84' lang='grc' dir='ltr'><strong>με</strong></span> <span class='ocrx_word' id='word_1_422' title='bbox 3179 2382 3263 2445; x_wconf 80' lang='grc' dir='ltr'><strong>είς</strong></span> <span class='ocrx_word' id='word_1_423' title='bbox 3315 2384 3665 2453; x_wconf 80' lang='grc' dir='ltr'>παράστασιν</span> 
     </span>
    </p>
   </div>
   <div class='ocr_carea' id='block_1_53' title="bbox 2094 2471 3668 2547">
    <p class='ocr_par' dir='ltr' id='par_1_53' title="bbox 2094 2471 3668 2547">
     <span class='ocr_line' id='line_1_53' title="bbox 2094 2471 3668 2547; baseline 0.003 -21"><span class='ocrx_word' id='word_1_424' title='bbox 2094 2472 2310 2543; x_wconf 80' lang='grc' dir='ltr'>ἑορτῆς,</span> <span class='ocrx_word' id='word_1_425' title='bbox 2349 2471 2427 2538; x_wconf 85' lang='grc' dir='ltr'><strong>ὡς</strong></span> <span class='ocrx_word' id='word_1_426' title='bbox 2454 2473 2633 2540; x_wconf 77' lang='grc' dir='ltr'>ἔξεστι</span> <span class='ocrx_word' id='word_1_427' title='bbox 2656 2473 2733 2546; x_wconf 69' lang='grc' dir='ltr'>τῷ</span> <span class='ocrx_word' id='word_1_428' title='bbox 2766 2474 3008 2546; x_wconf 82' lang='grc' dir='ltr'>ὁφφικίῳ</span> <span class='ocrx_word' id='word_1_429' title='bbox 3040 2492 3159 2541; x_wconf 91' lang='grc' dir='ltr'>σου,</span> <span class='ocrx_word' id='word_1_430' title='bbox 3185 2476 3235 2528; x_wconf 85' lang='grc' dir='ltr'>ει</span> <span class='ocrx_word' id='word_1_431' title='bbox 3262 2476 3336 2547; x_wconf 79' lang='grc' dir='ltr'>μὴ</span> <span class='ocrx_word' id='word_1_432' title='bbox 3358 2477 3386 2528; x_wconf 83' lang='grc' dir='ltr'><strong>ὁ</strong></span> <span class='ocrx_word' id='word_1_433' title='bbox 3417 2476 3668 2546; x_wconf 66' lang='lat' dir='ltr'><strong>Nvt-rapi;</strong></span> 
     </span>
    </p>
   </div>
   <div class='ocr_carea' id='block_1_54' title="bbox 2092 2565 3667 2639">
    <p class='ocr_par' dir='ltr' id='par_1_54' title="bbox 2092 2565 3667 2639">
     <span class='ocr_line' id='line_1_54' title="bbox 2092 2565 3667 2639; baseline -0.001 -19"><span class='ocrx_word' id='word_1_434' title='bbox 2092 2565 2295 2636; x_wconf 83' lang='grc' dir='ltr'>γράψει</span> <span class='ocrx_word' id='word_1_435' title='bbox 2320 2568 2379 2621; x_wconf 70' lang='grc' dir='ltr'>ἐν</span> <span class='ocrx_word' id='word_1_436' title='bbox 2411 2570 2532 2631; x_wconf 78' lang='grc' dir='ltr'>ταῖς</span> <span class='ocrx_word' id='word_1_437' title='bbox 2575 2568 2711 2639; x_wconf 82' lang='grc' dir='ltr'>πρὸς</span> <span class='ocrx_word' id='word_1_438' title='bbox 2744 2567 2873 2632; x_wconf 82' lang='grc' dir='ltr'>τοὺς</span> <span class='ocrx_word' id='word_1_439' title='bbox 2902 2567 3274 2637; x_wconf 81' lang='grc' dir='ltr'>αὐταδέλφους</span> <span class='ocrx_word' id='word_1_440' title='bbox 3317 2585 3419 2637; x_wconf 90' lang='grc' dir='ltr'><strong>μου</strong></span> <span class='ocrx_word' id='word_1_441' title='bbox 3447 2570 3540 2621; x_wconf 75' lang='grc' dir='ltr'>καὶ</span> <span class='ocrx_word' id='word_1_442' title='bbox 3570 2570 3667 2636; x_wconf 81' lang='grc' dir='ltr'>τὴν</span> 
     </span>
    </p>
   </div>
   <div class='ocr_carea' id='block_1_55' title="bbox 2093 2657 3667 2729">
    <p class='ocr_par' dir='ltr' id='par_1_55' title="bbox 2093 2657 3667 2729">
     <span class='ocr_line' id='line_1_55' title="bbox 2093 2657 3667 2729; baseline -0.001 -16"><span class='ocrx_word' id='word_1_443' title='bbox 2093 2657 2324 2728; x_wconf 84' lang='grc' dir='ltr'>ἀνεψιάν</span> <span class='ocrx_word' id='word_1_444' title='bbox 2380 2675 2483 2727; x_wconf 92' lang='grc' dir='ltr'><strong>μου</strong></span> <span class='ocrx_word' id='word_1_445' title='bbox 2517 2657 2617 2728; x_wconf 83' lang='grc' dir='ltr'><strong>τήν</strong></span> <span class='ocrx_word' id='word_1_446' title='bbox 2666 2659 2938 2729; x_wconf 80' lang='grc' dir='ltr'>ρήγισσαν</span> <span class='ocrx_word' id='word_1_447' title='bbox 2965 2658 3304 2725; x_wconf 75' lang='grc' dir='ltr'>ἐπιστολαῖς,</span> <span class='ocrx_word' id='word_1_448' title='bbox 3336 2661 3430 2712; x_wconf 76' lang='grc' dir='ltr'>καὶ</span> <span class='ocrx_word' id='word_1_449' title='bbox 3481 2660 3667 2724; x_wconf 84' lang='grc' dir='ltr'>ἁπλῶς</span> 
     </span>
    </p>
   </div>
   <div class='ocr_carea' id='block_1_56' title="bbox 2094 2746 3668 2819">
    <p class='ocr_par' dir='ltr' id='par_1_56' title="bbox 2094 2746 3668 2819">
     <span class='ocr_line' id='line_1_56' title="bbox 2094 2746 3668 2819; baseline 0.001 -19"><span class='ocrx_word' id='word_1_450' title='bbox 2094 2748 2233 2819; x_wconf 79' lang='grc' dir='ltr'>πρὸς</span> <span class='ocrx_word' id='word_1_451' title='bbox 2286 2748 2498 2815; x_wconf 84' lang='grc' dir='ltr'>πάντας</span> <span class='ocrx_word' id='word_1_452' title='bbox 2532 2746 2629 2813; x_wconf 81' lang='grc' dir='ltr'>οὓς</span> <span class='ocrx_word' id='word_1_453' title='bbox 2665 2748 2849 2818; x_wconf 84' lang='grc' dir='ltr'>μέλλω</span> <span class='ocrx_word' id='word_1_454' title='bbox 2896 2747 3127 2819; x_wconf 77' lang='grc' dir='ltr'>γράψειν</span> <span class='ocrx_word' id='word_1_455' title='bbox 3178 2749 3439 2819; x_wconf 78' lang='grc' dir='ltr'>περὶτῆς</span> <span class='ocrx_word' id='word_1_456' title='bbox 3489 2752 3668 2802; x_wconf 77' lang='grc' dir='ltr'>ἐκεῖσε</span> 
     </span>
    </p>
   </div>
   <div class='ocr_carea' id='block_1_57' title="bbox 2093 2838 3669 2911">
    <p class='ocr_par' dir='ltr' id='par_1_57' title="bbox 2093 2838 3669 2911">
     <span class='ocr_line' id='line_1_57' title="bbox 2093 2838 3669 2911; baseline 0 -18"><span class='ocrx_word' id='word_1_457' title='bbox 2093 2840 2427 2911; x_wconf 79' lang='grc' dir='ltr'>ἀποδημίας,</span> <span class='ocrx_word' id='word_1_458' title='bbox 2468 2841 2534 2893; x_wconf 82' lang='grc' dir='ltr'>σὺ</span> <span class='ocrx_word' id='word_1_459' title='bbox 2587 2840 2644 2895; x_wconf 83' lang='grc' dir='ltr'>δὲ</span> <span class='ocrx_word' id='word_1_460' title='bbox 2672 2840 3033 2910; x_wconf 73' lang='grc' dir='ltr'>ἀντιγράψεις</span> <span class='ocrx_word' id='word_1_461' title='bbox 3078 2838 3244 2892; x_wconf 88' lang='grc' dir='ltr'>πάλιν</span> <span class='ocrx_word' id='word_1_462' title='bbox 3283 2842 3493 2893; x_wconf 79' lang='grc' dir='ltr'>ἐκεῖθεν</span> <span class='ocrx_word' id='word_1_463' title='bbox 3534 2841 3669 2911; x_wconf 83' lang='grc' dir='ltr'>πρός</span> 
     </span>
    </p>
   </div>
   <div class='ocr_carea' id='block_1_58' title="bbox 2097 2931 3669 3002">
    <p class='ocr_par' dir='ltr' id='par_1_58' title="bbox 2097 2931 3669 3002">
     <span class='ocr_line' id='line_1_58' title="bbox 2097 2931 3669 3002; baseline -0.002 -18"><span class='ocrx_word' id='word_1_464' title='bbox 2097 2947 2167 3000; x_wconf 79' lang='grc' dir='ltr'><strong>με</strong></span> <span class='ocrx_word' id='word_1_465' title='bbox 2193 2932 2288 2985; x_wconf 77' lang='grc' dir='ltr'>καὶ</span> <span class='ocrx_word' id='word_1_466' title='bbox 2318 2932 2456 3002; x_wconf 84' lang='grc' dir='ltr'>πρὸς</span> <span class='ocrx_word' id='word_1_467' title='bbox 2482 2932 2695 2996; x_wconf 77' lang='grc' dir='ltr'>πάντας</span> <span class='ocrx_word' id='word_1_468' title='bbox 2732 2932 2826 2985; x_wconf 83' lang='grc' dir='ltr'>τοῦ</span> <span class='ocrx_word' id='word_1_469' title='bbox 2850 2933 3002 2986; x_wconf 88' lang='grc' dir='ltr'>οῖκου</span> <span class='ocrx_word' id='word_1_470' title='bbox 3036 2950 3152 2990; x_wconf 91' lang='grc' dir='ltr'>σου.</span> <span class='ocrx_word' id='word_1_471' title='bbox 3190 2934 3252 2985; x_wconf 83' lang='lat' dir='ltr'><strong>El</strong></span> <span class='ocrx_word' id='word_1_472' title='bbox 3295 2933 3388 2985; x_wconf 75' lang='grc' dir='ltr'>καὶ</span> <span class='ocrx_word' id='word_1_473' title='bbox 3412 2933 3468 2983; x_wconf 73' lang='grc' dir='ltr'>ἐν</span> <span class='ocrx_word' id='word_1_474' title='bbox 3495 2931 3669 3001; x_wconf 75' lang='grc' dir='ltr'>τούτῳ</span> 
     </span>
    </p>
   </div>
   <div class='ocr_carea' id='block_1_59' title="bbox 2095 3020 3670 3094">
    <p class='ocr_par' dir='ltr' id='par_1_59' title="bbox 2095 3020 3670 3094">
     <span class='ocr_line' id='line_1_59' title="bbox 2095 3020 3670 3094; baseline -0.001 -19"><span class='ocrx_word' id='word_1_475' title='bbox 2095 3020 2173 3091; x_wconf 84' lang='grc' dir='ltr'><strong>τῷ</strong></span> <span class='ocrx_word' id='word_1_476' title='bbox 2208 3021 2363 3091; x_wconf 78' lang='grc' dir='ltr'>μέσῳ</span> <span class='ocrx_word' id='word_1_477' title='bbox 2401 3023 2682 3076; x_wconf 80' lang='grc' dir='ltr'>ἀκούσωσι</span> <span class='ocrx_word' id='word_1_478' title='bbox 2717 3024 2767 3075; x_wconf 74' lang='grc' dir='ltr'>οἱ</span> <span class='ocrx_word' id='word_1_479' title='bbox 2799 3023 2873 3094; x_wconf 85' lang='grc' dir='ltr'>μὴ</span> <span class='ocrx_word' id='word_1_480' title='bbox 2903 3023 3175 3090; x_wconf 83' lang='grc' dir='ltr'>θέλοντες,</span> <span class='ocrx_word' id='word_1_481' title='bbox 3206 3022 3299 3076; x_wconf 75' lang='grc' dir='ltr'>καὶ</span> <span class='ocrx_word' id='word_1_482' title='bbox 3338 3023 3387 3074; x_wconf 82' lang='grc' dir='ltr'><strong>εί</strong></span> <span class='ocrx_word' id='word_1_483' title='bbox 3435 3023 3670 3092; x_wconf 81' lang='grc' dir='ltr'>φανήσε-</span> 
     </span>
    </p>
   </div>
   <div class='ocr_carea' id='block_1_60' title="bbox 416 3113 3670 3199">
    <p class='ocr_par' dir='ltr' id='par_1_60' title="bbox 416 3113 3670 3199">
     <span class='ocr_line' id='line_1_60' title="bbox 416 3113 3670 3199; baseline -0.002 -28"><span class='ocrx_word' id='word_1_484' title='bbox 416 3120 606 3187; x_wconf 78' lang='grc' dir='ltr'>μείνας</span> <span class='ocrx_word' id='word_1_485' title='bbox 638 3118 859 3189; x_wconf 79' lang='grc' dir='ltr'>μικρὸν,</span> <span class='ocrx_word' id='word_1_486' title='bbox 894 3117 1008 3172; x_wconf 81' lang='grc' dir='ltr'>ίδοὺ</span> <span class='ocrx_word' id='word_1_487' title='bbox 1036 3117 1064 3170; x_wconf 81' lang='grc' dir='ltr'><strong>ὀ</strong></span> <span class='ocrx_word' id='word_1_488' title='bbox 1116 3116 1371 3186; x_wconf 80' lang='grc' dir='ltr'>βασιλεὺς</span> <span class='ocrx_word' id='word_1_489' title='bbox 1417 3115 1781 3187; x_wconf 74' lang='grc' dir='ltr'>ἐξερχόμενος</span> <span class='ocrx_word' id='word_1_490' title='bbox 1815 3117 1989 3183; x_wconf 80' lang='grc' dir='ltr'>θυμοῦ</span> <span class='ocrx_word' id='word_1_491' title='bbox 2016 3140 2060 3199; x_wconf 77' lang='lat' dir='ltr'><strong>c</strong></span> <span class='ocrx_word' id='word_1_492' title='bbox 2096 3132 2186 3169; x_wconf 78' lang='grc' dir='ltr'><strong>ται</strong></span> <span class='ocrx_word' id='word_1_493' title='bbox 2214 3116 2400 3181; x_wconf 83' lang='grc' dir='ltr'>αὐτοῖς</span> <span class='ocrx_word' id='word_1_494' title='bbox 2430 3116 2761 3187; x_wconf 75' lang='grc' dir='ltr'>αὐστηρὸνή</span> <span class='ocrx_word' id='word_1_495' title='bbox 2803 3115 3022 3185; x_wconf 80' lang='grc' dir='ltr'>πικρὸν,</span> <span class='ocrx_word' id='word_1_496' title='bbox 3066 3115 3318 3177; x_wconf 81' lang='grc' dir='ltr'>θέλοντες</span> <span class='ocrx_word' id='word_1_497' title='bbox 3356 3114 3449 3167; x_wconf 70' lang='grc' dir='ltr'>καὶ</span> <span class='ocrx_word' id='word_1_498' title='bbox 3478 3113 3551 3181; x_wconf 80' lang='grc' dir='ltr'>μὴ</span> <span class='ocrx_word' id='word_1_499' title='bbox 3586 3114 3670 3164; x_wconf 69' lang='lat'><strong>05&#39;-</strong></span> 
     </span>
    </p>
   </div>
   <div class='ocr_carea' id='block_1_61' title="bbox 413 3206 1991 3280">
    <p class='ocr_par' dir='ltr' id='par_1_61' title="bbox 413 3206 1991 3280">
     <span class='ocr_line' id='line_1_61' title="bbox 413 3206 1991 3280; baseline -0.001 -18"><span class='ocrx_word' id='word_1_500' title='bbox 413 3208 596 3264; x_wconf 84' lang='grc' dir='ltr'>πνέων</span> <span class='ocrx_word' id='word_1_501' title='bbox 623 3209 772 3278; x_wconf 85' lang='grc' dir='ltr'>λέγει</span> <span class='ocrx_word' id='word_1_502' title='bbox 815 3226 907 3280; x_wconf 81' lang='grc' dir='ltr'><strong>μοι</strong></span> <span class='ocrx_word' id='word_1_503' title='bbox 931 3224 945 3239; x_wconf 88' lang='grc'><strong>·</strong></span> <span class='ocrx_word' id='word_1_504' title='bbox 985 3226 1004 3261; x_wconf 80' lang='grc' dir='ltr'><strong>ι</strong></span> <span class='ocrx_word' id='word_1_505' title='bbox 1043 3206 1203 3273; x_wconf 79' lang='grc' dir='ltr'>Εἶδες</span> <span class='ocrx_word' id='word_1_506' title='bbox 1230 3208 1327 3262; x_wconf 77' lang='grc' dir='ltr'>τὸν</span> <span class='ocrx_word' id='word_1_507' title='bbox 1359 3208 1674 3279; x_wconf 76' lang='grc' dir='ltr'>μεσάζοντα</span> <span class='ocrx_word' id='word_1_508' title='bbox 1698 3209 1789 3263; x_wconf 81' lang='grc' dir='ltr'>τὸν</span> <span class='ocrx_word' id='word_1_509' title='bbox 1816 3209 1991 3262; x_wconf 62' lang='lat' dir='ltr'><strong>N020-</strong></span> 
     </span>
    </p>
   </div>
   <div class='ocr_carea' id='block_1_62' title="bbox 410 3389 1989 3461">
    <p class='ocr_par' dir='ltr' id='par_1_62' title="bbox 410 3389 1989 3461">
     <span class='ocr_line' id='line_1_62' title="bbox 410 3389 1989 3461; baseline 0 -16"><span class='ocrx_word' id='word_1_510' title='bbox 410 3394 497 3461; x_wconf 89' lang='lat' dir='ltr'><strong>jus</strong></span> <span class='ocrx_word' id='word_1_511' title='bbox 526 3391 621 3445; x_wconf 93' lang='lat' dir='ltr'><strong>illo</strong></span> <span class='ocrx_word' id='word_1_512' title='bbox 648 3400 754 3445; x_wconf 90' lang='lat' dir='ltr'><strong>est.</strong></span> <span class='ocrx_word' id='word_1_513' title='bbox 781 3409 799 3442; x_wconf 84' lang='grc'><strong>›</strong></span> <span class='ocrx_word' id='word_1_514' title='bbox 846 3389 945 3445; x_wconf 88' lang='lat' dir='ltr'><strong>Cui</strong></span> <span class='ocrx_word' id='word_1_515' title='bbox 982 3389 1267 3459; x_wconf 82' lang='lat' dir='ltr'><strong>respondi,</strong></span> <span class='ocrx_word' id='word_1_516' title='bbox 1296 3389 1510 3445; x_wconf 88' lang='lat' dir='ltr'><strong>etiamsi</strong></span> <span class='ocrx_word' id='word_1_517' title='bbox 1550 3390 1731 3458; x_wconf 87' lang='lat' dir='ltr'><strong>majus</strong></span> <span class='ocrx_word' id='word_1_518' title='bbox 1761 3396 1908 3447; x_wconf 87' lang='lat' dir='ltr'><strong>esset</strong></span> <span class='ocrx_word' id='word_1_519' title='bbox 1935 3390 1989 3445; x_wconf 91' lang='lat' dir='ltr'><strong>id</strong></span> 
     </span>
    </p>
   </div>
   <div class='ocr_carea' id='block_1_63' title="bbox 414 3481 1987 3551">
    <p class='ocr_par' dir='ltr' id='par_1_63' title="bbox 414 3481 1987 3551">
     <span class='ocr_line' id='line_1_63' title="bbox 414 3481 1987 3551; baseline 0 -14"><span class='ocrx_word' id='word_1_520' title='bbox 414 3484 645 3538; x_wconf 84' lang='lat' dir='ltr'><strong>omcium</strong></span> <span class='ocrx_word' id='word_1_521' title='bbox 680 3482 857 3551; x_wconf 89' lang='lat' dir='ltr'><strong>magni</strong></span> <span class='ocrx_word' id='word_1_522' title='bbox 889 3482 1045 3537; x_wconf 87' lang='lat' dir='ltr'><strong>ducis</strong></span> <span class='ocrx_word' id='word_1_523' title='bbox 1101 3481 1299 3547; x_wconf 80' lang='lat' dir='ltr'><strong>otiicio,</strong></span> <span class='ocrx_word' id='word_1_524' title='bbox 1333 3491 1513 3537; x_wconf 89' lang='lat' dir='ltr'><strong>tamen</strong></span> <span class='ocrx_word' id='word_1_525' title='bbox 1548 3496 1657 3539; x_wconf 90' lang='lat' dir='ltr'><strong>non</strong></span> <span class='ocrx_word' id='word_1_526' title='bbox 1697 3496 1987 3551; x_wconf 85' lang='lat' dir='ltr'><strong>passurum</strong></span> 
     </span>
    </p>
   </div>
   <div class='ocr_carea' id='block_1_64' title="bbox 416 3572 1989 3643">
    <p class='ocr_par' dir='ltr' id='par_1_64' title="bbox 416 3572 1989 3643">
     <span class='ocr_line' id='line_1_64' title="bbox 416 3572 1989 3643; baseline 0.002 -17"><span class='ocrx_word' id='word_1_527' title='bbox 416 3590 501 3628; x_wconf 84' lang='lat' dir='ltr'><strong>me</strong></span> <span class='ocrx_word' id='word_1_528' title='bbox 532 3589 674 3640; x_wconf 87' lang='lat' dir='ltr'><strong>esse,</strong></span> <span class='ocrx_word' id='word_1_529' title='bbox 708 3574 796 3626; x_wconf 85' lang='lat' dir='ltr'><strong>alii</strong></span> <span class='ocrx_word' id='word_1_530' title='bbox 841 3572 892 3626; x_wconf 87' lang='lat' dir='ltr'><strong>id</strong></span> <span class='ocrx_word' id='word_1_531' title='bbox 930 3574 1248 3643; x_wconf 86' lang='lat' dir='ltr'><strong>derogatum</strong></span> <span class='ocrx_word' id='word_1_532' title='bbox 1291 3573 1345 3629; x_wconf 91' lang='lat' dir='ltr'><strong>in</strong></span> <span class='ocrx_word' id='word_1_533' title='bbox 1402 3587 1490 3628; x_wconf 89' lang='lat' dir='ltr'><strong>me</strong></span> <span class='ocrx_word' id='word_1_534' title='bbox 1524 3572 1787 3639; x_wconf 76' lang='lat' dir='ltr'><strong>conferri,</strong></span> <span class='ocrx_word' id='word_1_535' title='bbox 1823 3582 1989 3643; x_wconf 87' lang='lat' dir='ltr'><strong>atque</strong></span> 
     </span>
    </p>
   </div>
   <div class='ocr_carea' id='block_1_65' title="bbox 416 3666 1987 3737">
    <p class='ocr_par' dir='ltr' id='par_1_65' title="bbox 416 3666 1987 3737">
     <span class='ocr_line' id='line_1_65' title="bbox 416 3666 1987 3737; baseline 0 -16"><span class='ocrx_word' id='word_1_536' title='bbox 416 3668 491 3721; x_wconf 82' lang='lat' dir='ltr'><strong>ita</strong></span> <span class='ocrx_word' id='word_1_537' title='bbox 526 3667 689 3721; x_wconf 84' lang='lat' dir='ltr'><strong>tinem</strong></span> <span class='ocrx_word' id='word_1_538' title='bbox 743 3666 932 3721; x_wconf 89' lang='lat' dir='ltr'><strong>habuit</strong></span> <span class='ocrx_word' id='word_1_539' title='bbox 978 3668 1341 3737; x_wconf 89' lang='lat' dir='ltr'><strong>colloquium.</strong></span> <span class='ocrx_word' id='word_1_540' title='bbox 1390 3667 1753 3722; x_wconf 87' lang='lat' dir='ltr'><strong>Consultante</strong></span> <span class='ocrx_word' id='word_1_541' title='bbox 1808 3678 1987 3723; x_wconf 89' lang='lat' dir='ltr'><strong>autem</strong></span> 
     </span>
    </p>
   </div>
   <div class='ocr_carea' id='block_1_66' title="bbox 416 3756 1986 3828">
    <p class='ocr_par' dir='ltr' id='par_1_66' title="bbox 416 3756 1986 3828">
     <span class='ocr_line' id='line_1_66' title="bbox 416 3756 1986 3828; baseline 0.001 -17"><span class='ocrx_word' id='word_1_542' title='bbox 416 3773 503 3813; x_wconf 90' lang='lat' dir='ltr'><strong>me</strong></span> <span class='ocrx_word' id='word_1_543' title='bbox 537 3774 657 3813; x_wconf 92' lang='lat' dir='ltr'><strong>cum</strong></span> <span class='ocrx_word' id='word_1_544' title='bbox 698 3758 961 3828; x_wconf 81' lang='lat' dir='ltr'><strong>cognatis,</strong></span> <span class='ocrx_word' id='word_1_545' title='bbox 1015 3758 1205 3813; x_wconf 88' lang='lat' dir='ltr'><strong>amicis</strong></span> <span class='ocrx_word' id='word_1_546' title='bbox 1251 3768 1305 3813; x_wconf 90' lang='lat' dir='ltr'><strong>et</strong></span> <span class='ocrx_word' id='word_1_547' title='bbox 1348 3757 1720 3813; x_wconf 78' lang='lat' dir='ltr'><strong>familiaribus</strong></span> <span class='ocrx_word' id='word_1_548' title='bbox 1782 3757 1850 3812; x_wconf 89' lang='lat' dir='ltr'><strong>de</strong></span> <span class='ocrx_word' id='word_1_549' title='bbox 1898 3756 1986 3821; x_wconf 88' lang='lat' dir='ltr'><strong>iis,</strong></span> 
     </span>
    </p>
   </div>
   <div class='ocr_carea' id='block_1_67' title="bbox 414 3847 1988 3919">
    <p class='ocr_par' dir='ltr' id='par_1_67' title="bbox 414 3847 1988 3919">
     <span class='ocr_line' id='line_1_67' title="bbox 414 3847 1988 3919; baseline -0.001 -16"><span class='ocrx_word' id='word_1_550' title='bbox 414 3864 535 3919; x_wconf 67' lang='lat' dir='ltr'><strong>quae</strong></span> <span class='ocrx_word' id='word_1_551' title='bbox 566 3851 857 3919; x_wconf 75' lang='lat' dir='ltr'><strong>imperator</strong></span> <span class='ocrx_word' id='word_1_552' title='bbox 885 3851 1015 3903; x_wconf 92' lang='lat' dir='ltr'><strong>mihi</strong></span> <span class='ocrx_word' id='word_1_553' title='bbox 1041 3858 1421 3919; x_wconf 86' lang='lat' dir='ltr'><strong>proposuerat.</strong></span> <span class='ocrx_word' id='word_1_554' title='bbox 1481 3850 1737 3904; x_wconf 86' lang='lat' dir='ltr'><strong>omnibus</strong></span> <span class='ocrx_word' id='word_1_555' title='bbox 1766 3847 1988 3904; x_wconf 83' lang='lat' dir='ltr'><strong>videba-</strong></span> 
     </span>
    </p>
   </div>
   <div class='ocr_carea' id='block_1_68' title="bbox 417 3939 1986 4012">
    <p class='ocr_par' dir='ltr' id='par_1_68' title="bbox 417 3939 1986 4012">
     <span class='ocr_line' id='line_1_68' title="bbox 417 3939 1986 4012; baseline -0.001 -17"><span class='ocrx_word' id='word_1_556' title='bbox 417 3954 521 4006; x_wconf 91' lang='lat' dir='ltr'><strong>tur,</strong></span> <span class='ocrx_word' id='word_1_557' title='bbox 542 3952 603 3997; x_wconf 91' lang='lat' dir='ltr'><strong>ut</strong></span> <span class='ocrx_word' id='word_1_558' title='bbox 628 3942 942 4012; x_wconf 88' lang='lat' dir='ltr'><strong>conjugium</strong></span> <span class='ocrx_word' id='word_1_559' title='bbox 969 3942 1091 3996; x_wconf 86' lang='lat' dir='ltr'><strong>tiliae</strong></span> <span class='ocrx_word' id='word_1_560' title='bbox 1124 3956 1255 3997; x_wconf 69' lang='lat' dir='ltr'><strong>mea:</strong></span> <span class='ocrx_word' id='word_1_561' title='bbox 1289 3943 1462 4005; x_wconf 80' lang='lat' dir='ltr'><strong>ﬁeret,</strong></span> <span class='ocrx_word' id='word_1_562' title='bbox 1485 3941 1553 3995; x_wconf 91' lang='lat' dir='ltr'><strong>de</strong></span> <span class='ocrx_word' id='word_1_563' title='bbox 1604 3939 1778 3995; x_wconf 75' lang='lat' dir='ltr'><strong>officio</strong></span> <span class='ocrx_word' id='word_1_564' title='bbox 1803 3948 1986 3995; x_wconf 88' lang='lat' dir='ltr'><strong>autem</strong></span> 
     </span>
    </p>
   </div>
   <div class='ocr_carea' id='block_1_69' title="bbox 415 4030 1986 4103">
    <p class='ocr_par' dir='ltr' id='par_1_69' title="bbox 415 4030 1986 4103">
     <span class='ocr_line' id='line_1_69' title="bbox 415 4030 1986 4103; baseline -0.003 -16"><span class='ocrx_word' id='word_1_565' title='bbox 415 4039 643 4091; x_wconf 64' lang='lat' dir='ltr'><strong>fortuna:</strong></span> <span class='ocrx_word' id='word_1_566' title='bbox 681 4050 769 4090; x_wconf 90' lang='lat' dir='ltr'><strong>me</strong></span> <span class='ocrx_word' id='word_1_567' title='bbox 795 4035 1214 4098; x_wconf 81' lang='lat' dir='ltr'><strong>committerem,</strong></span> <span class='ocrx_word' id='word_1_568' title='bbox 1242 4042 1407 4103; x_wconf 88' lang='lat' dir='ltr'><strong>atque</strong></span> <span class='ocrx_word' id='word_1_569' title='bbox 1442 4032 1499 4086; x_wconf 91' lang='lat' dir='ltr'><strong>in</strong></span> <span class='ocrx_word' id='word_1_570' title='bbox 1551 4030 1986 4100; x_wconf 78' lang='lat' dir='ltr'><strong>PeIOponnesum</strong></span> 
     </span>
    </p>
   </div>
   <div class='ocr_carea' id='block_1_70' title="bbox 412 4122 1986 4198">
    <p class='ocr_par' dir='ltr' id='par_1_70' title="bbox 412 4122 1986 4198">
     <span class='ocr_line' id='line_1_70' title="bbox 412 4122 1986 4198; baseline -0.004 -15"><span class='ocrx_word' id='word_1_571' title='bbox 412 4136 466 4183; x_wconf 90' lang='lat' dir='ltr'><strong>et</strong></span> <span class='ocrx_word' id='word_1_572' title='bbox 493 4128 728 4198; x_wconf 88' lang='lat' dir='ltr'><strong>Cyprum</strong></span> <span class='ocrx_word' id='word_1_573' title='bbox 767 4127 1144 4196; x_wconf 76' lang='lat' dir='ltr'><strong>proﬁciscerer</strong></span> <span class='ocrx_word' id='word_1_574' title='bbox 1172 4136 1230 4179; x_wconf 90' lang='lat' dir='ltr'><strong>et</strong></span> <span class='ocrx_word' id='word_1_575' title='bbox 1278 4132 1566 4192; x_wconf 84' lang='lat' dir='ltr'><strong>assumpto</strong></span> <span class='ocrx_word' id='word_1_576' title='bbox 1607 4122 1722 4178; x_wconf 87' lang='lat' dir='ltr'><strong>tilio</strong></span> <span class='ocrx_word' id='word_1_577' title='bbox 1775 4122 1986 4192; x_wconf 88' lang='lat' dir='ltr'><strong>optimo</strong></span> 
     </span>
    </p>
   </div>
   <div class='ocr_carea' id='block_1_71' title="bbox 413 4216 1989 4291">
    <p class='ocr_par' dir='ltr' id='par_1_71' title="bbox 413 4216 1989 4291">
     <span class='ocr_line' id='line_1_71' title="bbox 413 4216 1989 4291; baseline -0.005 -15"><span class='ocrx_word' id='word_1_578' title='bbox 413 4236 495 4287; x_wconf 85' lang='lat' dir='ltr'><strong>ac,</strong></span> <span class='ocrx_word' id='word_1_579' title='bbox 540 4235 712 4291; x_wconf 85' lang='lat' dir='ltr'><strong>prope</strong></span> <span class='ocrx_word' id='word_1_580' title='bbox 762 4220 964 4283; x_wconf 89' lang='lat' dir='ltr'><strong>dicam,</strong></span> <span class='ocrx_word' id='word_1_581' title='bbox 1017 4218 1322 4287; x_wconf 57' lang='lat' dir='ltr'><strong>aequalibus</strong></span> <span class='ocrx_word' id='word_1_582' title='bbox 1387 4216 1508 4271; x_wconf 83' lang='lat' dir='ltr'><strong>suis</strong></span> <span class='ocrx_word' id='word_1_583' title='bbox 1540 4216 1797 4272; x_wconf 91' lang='lat' dir='ltr'><strong>omnibus</strong></span> <span class='ocrx_word' id='word_1_584' title='bbox 1850 4230 1989 4285; x_wconf 72' lang='lat' dir='ltr'><strong>pra:-</strong></span> 
     </span>
    </p>
   </div>
   <div class='ocr_carea' id='block_1_72' title="bbox 414 4307 1989 4382">
    <p class='ocr_par' dir='ltr' id='par_1_72' title="bbox 414 4307 1989 4382">
     <span class='ocr_line' id='line_1_72' title="bbox 414 4307 1989 4382; baseline -0.004 -16"><span class='ocrx_word' id='word_1_585' title='bbox 414 4314 700 4382; x_wconf 69' lang='lat' dir='ltr'><strong>stantiore,</strong></span> <span class='ocrx_word' id='word_1_586' title='bbox 732 4320 787 4366; x_wconf 93' lang='lat' dir='ltr'><strong>et</strong></span> <span class='ocrx_word' id='word_1_587' title='bbox 842 4311 1051 4381; x_wconf 86' lang='lat' dir='ltr'><strong>majore</strong></span> <span class='ocrx_word' id='word_1_588' title='bbox 1082 4318 1237 4380; x_wconf 90' lang='lat' dir='ltr'><strong>parte</strong></span> <span class='ocrx_word' id='word_1_589' title='bbox 1293 4323 1457 4376; x_wconf 81' lang='lat' dir='ltr'><strong>apum</strong></span> <span class='ocrx_word' id='word_1_590' title='bbox 1520 4307 1830 4373; x_wconf 88' lang='lat' dir='ltr'><strong>mobilium,</strong></span> <span class='ocrx_word' id='word_1_591' title='bbox 1889 4322 1989 4377; x_wconf 87' lang='lat' dir='ltr'><strong>per</strong></span> 
     </span>
    </p>
   </div>
   <div class='ocr_carea' id='block_1_73' title="bbox 2096 3206 3669 3278">
    <p class='ocr_par' dir='ltr' id='par_1_73' title="bbox 2096 3206 3669 3278">
     <span class='ocr_line' id='line_1_73' title="bbox 2096 3206 3669 3278; baseline -0.002 -17"><span class='ocrx_word' id='word_1_592' title='bbox 2096 3208 2280 3272; x_wconf 82' lang='grc' dir='ltr'>λοντες</span> <span class='ocrx_word' id='word_1_593' title='bbox 2310 3209 2659 3263; x_wconf 84' lang='grc' dir='ltr'>καταπίωσιν</span> <span class='ocrx_word' id='word_1_594' title='bbox 2690 3209 2841 3265; x_wconf 85' lang='grc' dir='ltr'>αὐτό.</span> <span class='ocrx_word' id='word_1_595' title='bbox 2879 3225 2901 3260; x_wconf 73' lang='grc' dir='ltr'><strong>ι</strong></span> <span class='ocrx_word' id='word_1_596' title='bbox 2948 3206 3089 3278; x_wconf 84' lang='grc' dir='ltr'><strong>Ἐγὼ</strong></span> <span class='ocrx_word' id='word_1_597' title='bbox 3131 3207 3189 3260; x_wconf 83' lang='grc' dir='ltr'>δὲ</span> <span class='ocrx_word' id='word_1_598' title='bbox 3241 3206 3554 3277; x_wconf 83' lang='grc' dir='ltr'>ἀπεκρίθην</span> <span class='ocrx_word' id='word_1_599' title='bbox 3591 3206 3669 3275; x_wconf 85' lang='grc' dir='ltr'>τῷ</span> 
     </span>
    </p>
   </div>
   <div class='ocr_carea' id='block_1_74' title="bbox 2091 3388 3672 3464">
    <p class='ocr_par' dir='ltr' id='par_1_74' title="bbox 2091 3388 3672 3464">
     <span class='ocr_line' id='line_1_74' title="bbox 2091 3388 3672 3464; baseline -0.003 -20"><span class='ocrx_word' id='word_1_600' title='bbox 2091 3389 2359 3447; x_wconf 81' lang='lat' dir='ltr'><strong>Palatium</strong></span> <span class='ocrx_word' id='word_1_601' title='bbox 2400 3391 2567 3464; x_wconf 88' lang='lat' dir='ltr'><strong>igitur</strong></span> <span class='ocrx_word' id='word_1_602' title='bbox 2593 3398 2647 3447; x_wconf 91' lang='lat' dir='ltr'><strong>et</strong></span> <span class='ocrx_word' id='word_1_603' title='bbox 2676 3389 2984 3447; x_wconf 90' lang='lat' dir='ltr'><strong>cubiculum</strong></span> <span class='ocrx_word' id='word_1_604' title='bbox 3029 3388 3377 3459; x_wconf 86' lang='lat' dir='ltr'><strong>imperatoris</strong></span> <span class='ocrx_word' id='word_1_605' title='bbox 3412 3402 3511 3457; x_wconf 92' lang='lat' dir='ltr'><strong>pro</strong></span> <span class='ocrx_word' id='word_1_606' title='bbox 3540 3402 3672 3443; x_wconf 93' lang='lat' dir='ltr'><strong>cou-</strong></span> 
     </span>
    </p>
   </div>
   <div class='ocr_carea' id='block_1_75' title="bbox 2091 3482 3671 3555">
    <p class='ocr_par' dir='ltr' id='par_1_75' title="bbox 2091 3482 3671 3555">
     <span class='ocr_line' id='line_1_75' title="bbox 2091 3482 3671 3555; baseline -0.004 -16"><span class='ocrx_word' id='word_1_607' title='bbox 2091 3484 2376 3543; x_wconf 89' lang='lat' dir='ltr'><strong>suetudine</strong></span> <span class='ocrx_word' id='word_1_608' title='bbox 2405 3500 2525 3542; x_wconf 91' lang='lat' dir='ltr'><strong>mea</strong></span> <span class='ocrx_word' id='word_1_609' title='bbox 2562 3484 2865 3555; x_wconf 88' lang='lat' dir='ltr'><strong>ingressus,</strong></span> <span class='ocrx_word' id='word_1_610' title='bbox 2906 3484 3085 3554; x_wconf 91' lang='lat' dir='ltr'><strong>ipsum</strong></span> <span class='ocrx_word' id='word_1_611' title='bbox 3124 3499 3231 3536; x_wconf 93' lang='lat' dir='ltr'><strong>non</strong></span> <span class='ocrx_word' id='word_1_612' title='bbox 3277 3483 3517 3537; x_wconf 87' lang='lat' dir='ltr'><strong>invenio.</strong></span> <span class='ocrx_word' id='word_1_613' title='bbox 3562 3482 3671 3536; x_wconf 84' lang='lat' dir='ltr'><strong>Ro-</strong></span> 
     </span>
    </p>
   </div>
   <div class='ocr_carea' id='block_1_76' title="bbox 2090 3575 3670 3647">
    <p class='ocr_par' dir='ltr' id='par_1_76' title="bbox 2090 3575 3670 3647">
     <span class='ocr_line' id='line_1_76' title="bbox 2090 3575 3670 3647; baseline -0.004 -14"><span class='ocrx_word' id='word_1_614' title='bbox 2090 3578 2237 3646; x_wconf 85' lang='lat' dir='ltr'><strong>ganti</strong></span> <span class='ocrx_word' id='word_1_615' title='bbox 2274 3578 2407 3631; x_wconf 88' lang='lat' dir='ltr'><strong>mihi</strong></span> <span class='ocrx_word' id='word_1_616' title='bbox 2439 3592 2761 3647; x_wconf 87' lang='lat' dir='ltr'><strong>responsum</strong></span> <span class='ocrx_word' id='word_1_617' title='bbox 2816 3584 2922 3641; x_wconf 83' lang='lat' dir='ltr'><strong>est,</strong></span> <span class='ocrx_word' id='word_1_618' title='bbox 2957 3575 3203 3644; x_wconf 86' lang='lat' dir='ltr'><strong>colloqui</strong></span> <span class='ocrx_word' id='word_1_619' title='bbox 3265 3590 3390 3628; x_wconf 87' lang='lat' dir='ltr'><strong>eum</strong></span> <span class='ocrx_word' id='word_1_620' title='bbox 3461 3576 3514 3627; x_wconf 91' lang='lat' dir='ltr'><strong>in</strong></span> <span class='ocrx_word' id='word_1_621' title='bbox 3542 3589 3670 3627; x_wconf 84' lang='lat' dir='ltr'><strong>con—</strong></span> 
     </span>
    </p>
   </div>
   <div class='ocr_carea' id='block_1_77' title="bbox 2091 3662 3670 3729">
    <p class='ocr_par' dir='ltr' id='par_1_77' title="bbox 2091 3662 3670 3729">
     <span class='ocr_line' id='line_1_77' title="bbox 2091 3662 3670 3729; baseline -0.001 -12"><span class='ocrx_word' id='word_1_622' title='bbox 2091 3665 2226 3719; x_wconf 82' lang='lat' dir='ltr'><strong>clavi</strong></span> <span class='ocrx_word' id='word_1_623' title='bbox 2259 3664 2515 3721; x_wconf 88' lang='lat' dir='ltr'><strong>cubiculo</strong></span> <span class='ocrx_word' id='word_1_624' title='bbox 2542 3666 2724 3720; x_wconf 88' lang='lat' dir='ltr'><strong>vicino</strong></span> <span class='ocrx_word' id='word_1_625' title='bbox 2747 3680 2870 3720; x_wconf 91' lang='lat' dir='ltr'><strong>cum</strong></span> <span class='ocrx_word' id='word_1_626' title='bbox 2905 3664 3145 3720; x_wconf 80' lang='lat' dir='ltr'><strong>Antonio</strong></span> <span class='ocrx_word' id='word_1_627' title='bbox 3180 3664 3485 3729; x_wconf 69' lang='lat' dir='ltr'><strong>sacerdote,</strong></span> <span class='ocrx_word' id='word_1_628' title='bbox 3520 3662 3670 3716; x_wconf 81' lang='lat' dir='ltr'><strong>Rho—</strong></span> 
     </span>
    </p>
   </div>
   <div class='ocr_carea' id='block_1_78' title="bbox 2090 3756 3671 3826">
    <p class='ocr_par' dir='ltr' id='par_1_78' title="bbox 2090 3756 3671 3826">
     <span class='ocr_line' id='line_1_78' title="bbox 2090 3756 3671 3826; baseline 0 -16"><span class='ocrx_word' id='word_1_629' title='bbox 2090 3756 2202 3811; x_wconf 89' lang='lat' dir='ltr'><strong>dio.</strong></span> <span class='ocrx_word' id='word_1_630' title='bbox 2230 3756 2419 3825; x_wconf 83' lang='lat' dir='ltr'><strong>Itaque</strong></span> <span class='ocrx_word' id='word_1_631' title='bbox 2438 3757 2722 3826; x_wconf 84' lang='lat' dir='ltr'><strong>praestolor</strong></span> <span class='ocrx_word' id='word_1_632' title='bbox 2743 3756 3083 3825; x_wconf 76' lang='lat' dir='ltr'><strong>aliquandiu,</strong></span> <span class='ocrx_word' id='word_1_633' title='bbox 3108 3770 3233 3809; x_wconf 91' lang='lat' dir='ltr'><strong>cum</strong></span> <span class='ocrx_word' id='word_1_634' title='bbox 3259 3770 3387 3810; x_wconf 85' lang='lat' dir='ltr'><strong>ecce</strong></span> <span class='ocrx_word' id='word_1_635' title='bbox 3412 3757 3671 3822; x_wconf 85' lang='lat' dir='ltr'><strong>prodieus</strong></span> 
     </span>
    </p>
   </div>
   <div class='ocr_carea' id='block_1_79' title="bbox 2092 3844 3668 3916">
    <p class='ocr_par' dir='ltr' id='par_1_79' title="bbox 2092 3844 3668 3916">
     <span class='ocr_line' id='line_1_79' title="bbox 2092 3844 3668 3916; baseline -0.003 -16"><span class='ocrx_word' id='word_1_636' title='bbox 2092 3848 2384 3916; x_wconf 86' lang='lat' dir='ltr'><strong>imperator</strong></span> <span class='ocrx_word' id='word_1_637' title='bbox 2437 3848 2514 3903; x_wconf 87' lang='lat' dir='ltr'><strong>ira</strong></span> <span class='ocrx_word' id='word_1_638' title='bbox 2565 3847 2823 3905; x_wconf 85' lang='lat' dir='ltr'><strong>incensus</strong></span> <span class='ocrx_word' id='word_1_639' title='bbox 2880 3860 2966 3901; x_wconf 89' lang='lat' dir='ltr'><strong>me</strong></span> <span class='ocrx_word' id='word_1_640' title='bbox 3020 3845 3311 3903; x_wconf 81' lang='lat' dir='ltr'><strong>inclamat:</strong></span> <span class='ocrx_word' id='word_1_641' title='bbox 3361 3863 3379 3895; x_wconf 76' lang='grc' dir='ltr'><strong>ι</strong></span> <span class='ocrx_word' id='word_1_642' title='bbox 3425 3844 3668 3908; x_wconf 79' lang='lat' dir='ltr'><strong>Nostine,</strong></span> 
     </span>
    </p>
   </div>
   <div class='ocr_carea' id='block_1_80' title="bbox 2094 3934 3671 4006">
    <p class='ocr_par' dir='ltr' id='par_1_80' title="bbox 2094 3934 3671 4006">
     <span class='ocr_line' id='line_1_80' title="bbox 2094 3934 3671 4006; baseline -0.002 -18"><span class='ocrx_word' id='word_1_643' title='bbox 2094 3934 2297 4005; x_wconf 84' lang='lat' dir='ltr'><strong>inquit,</strong></span> <span class='ocrx_word' id='word_1_644' title='bbox 2327 3935 2419 4006; x_wconf 89' lang='lat' dir='ltr'><strong>qui</strong></span> <span class='ocrx_word' id='word_1_645' title='bbox 2453 3949 2483 3995; x_wconf 84' lang='lat' dir='ltr'><strong>a</strong></span> <span class='ocrx_word' id='word_1_646' title='bbox 2514 3934 2788 3993; x_wconf 86' lang='lat' dir='ltr'><strong>mandatis</strong></span> <span class='ocrx_word' id='word_1_647' title='bbox 2821 3935 2955 3991; x_wconf 90' lang='lat' dir='ltr'><strong>mihi</strong></span> <span class='ocrx_word' id='word_1_648' title='bbox 2986 3944 3071 3990; x_wconf 91' lang='lat' dir='ltr'><strong>est</strong></span> <span class='ocrx_word' id='word_1_649' title='bbox 3115 3934 3345 3989; x_wconf 83' lang='lat' dir='ltr'><strong>Notaras</strong></span> <span class='ocrx_word' id='word_1_650' title='bbox 3392 3934 3520 4003; x_wconf 83' lang='lat' dir='ltr'><strong>quid</strong></span> <span class='ocrx_word' id='word_1_651' title='bbox 3576 3949 3671 4002; x_wconf 80' lang='lat' dir='ltr'><strong>per</strong></span> 
     </span>
    </p>
   </div>
   <div class='ocr_carea' id='block_1_81' title="bbox 2089 4026 3672 4095">
    <p class='ocr_par' dir='ltr' id='par_1_81' title="bbox 2089 4026 3672 4095">
     <span class='ocr_line' id='line_1_81' title="bbox 2089 4026 3672 4095; baseline -0.004 -10"><span class='ocrx_word' id='word_1_652' title='bbox 2089 4028 2385 4089; x_wconf 79' lang='lat' dir='ltr'><strong>Antonium</strong></span> <span class='ocrx_word' id='word_1_653' title='bbox 2416 4029 2754 4085; x_wconf 78' lang='lat' dir='ltr'><strong>sacerdotem</strong></span> <span class='ocrx_word' id='word_1_654' title='bbox 2796 4026 2929 4082; x_wconf 89' lang='lat' dir='ltr'><strong>mihi</strong></span> <span class='ocrx_word' id='word_1_655' title='bbox 2957 4026 3267 4095; x_wconf 80' lang='lat' dir='ltr'><strong>signiticet?</strong></span> <span class='ocrx_word' id='word_1_656' title='bbox 3297 4046 3314 4079; x_wconf 74' lang='grc' dir='ltr'><strong>ι</strong></span> <span class='ocrx_word' id='word_1_657' title='bbox 3350 4027 3551 4082; x_wconf 82' lang='lat' dir='ltr'><strong>Deinde</strong></span> <span class='ocrx_word' id='word_1_658' title='bbox 3586 4042 3672 4079; x_wconf 87' lang='lat' dir='ltr'><strong>re-</strong></span> 
     </span>
    </p>
   </div>
   <div class='ocr_carea' id='block_1_82' title="bbox 2089 4119 3667 4193">
    <p class='ocr_par' dir='ltr' id='par_1_82' title="bbox 2089 4119 3667 4193">
     <span class='ocr_line' id='line_1_82' title="bbox 2089 4119 3667 4193; baseline -0.003 -18"><span class='ocrx_word' id='word_1_659' title='bbox 2089 4123 2256 4183; x_wconf 86' lang='lat' dir='ltr'><strong>missa</strong></span> <span class='ocrx_word' id='word_1_660' title='bbox 2325 4120 2600 4189; x_wconf 84' lang='lat' dir='ltr'><strong>superbia,</strong></span> <span class='ocrx_word' id='word_1_661' title='bbox 2655 4119 2845 4175; x_wconf 84' lang='lat' dir='ltr'><strong>addit:</strong></span> <span class='ocrx_word' id='word_1_662' title='bbox 2910 4138 2929 4172; x_wconf 76' lang='grc'><strong>(</strong></span> <span class='ocrx_word' id='word_1_663' title='bbox 2997 4119 3268 4193; x_wconf 72' lang='lat' dir='ltr'><strong>Cupit/isti</strong></span> <span class='ocrx_word' id='word_1_664' title='bbox 3318 4128 3377 4175; x_wconf 90' lang='lat' dir='ltr'><strong>tu</strong></span> <span class='ocrx_word' id='word_1_665' title='bbox 3429 4120 3667 4175; x_wconf 76' lang='lat' dir='ltr'><strong>cilicium</strong></span> 
     </span>
    </p>
   </div>
   <div class='ocr_carea' id='block_1_83' title="bbox 2092 4210 3673 4281">
    <p class='ocr_par' dir='ltr' id='par_1_83' title="bbox 2092 4210 3673 4281">
     <span class='ocr_line' id='line_1_83' title="bbox 2092 4210 3673 4281; baseline -0.003 -15"><span class='ocrx_word' id='word_1_666' title='bbox 2092 4212 2268 4281; x_wconf 85' lang='lat' dir='ltr'><strong>magni</strong></span> <span class='ocrx_word' id='word_1_667' title='bbox 2303 4210 2629 4267; x_wconf 89' lang='lat' dir='ltr'><strong>contostauli</strong></span> <span class='ocrx_word' id='word_1_668' title='bbox 2662 4227 2675 4263; x_wconf 91' lang='lat'>:</span> <span class='ocrx_word' id='word_1_669' title='bbox 2711 4211 2853 4280; x_wconf 91' lang='lat' dir='ltr'><strong>quod</strong></span> <span class='ocrx_word' id='word_1_670' title='bbox 2907 4224 3008 4269; x_wconf 82' lang='lat' dir='ltr'><strong>nec</strong></span> <span class='ocrx_word' id='word_1_671' title='bbox 3060 4210 3156 4265; x_wconf 90' lang='lat' dir='ltr'><strong>alii</strong></span> <span class='ocrx_word' id='word_1_672' title='bbox 3206 4212 3462 4281; x_wconf 87' lang='lat' dir='ltr'><strong>cuiquam</strong></span> <span class='ocrx_word' id='word_1_673' title='bbox 3516 4212 3673 4266; x_wconf 85' lang='lat' dir='ltr'><strong>datu-</strong></span> 
     </span>
    </p>
   </div>
   <div class='ocr_carea' id='block_1_84' title="bbox 2090 4305 3667 4374">
    <p class='ocr_par' dir='ltr' id='par_1_84' title="bbox 2090 4305 3667 4374">
     <span class='ocr_line' id='line_1_84' title="bbox 2090 4305 3667 4374; baseline -0.001 -16"><span class='ocrx_word' id='word_1_674' title='bbox 2090 4320 2210 4361; x_wconf 87' lang='lat' dir='ltr'><strong>rum</strong></span> <span class='ocrx_word' id='word_1_675' title='bbox 2254 4320 2339 4358; x_wconf 90' lang='lat' dir='ltr'><strong>me</strong></span> <span class='ocrx_word' id='word_1_676' title='bbox 2364 4318 2485 4361; x_wconf 83' lang='lat' dir='ltr'><strong>esse</strong></span> <span class='ocrx_word' id='word_1_677' title='bbox 2515 4313 2736 4372; x_wconf 87' lang='lat' dir='ltr'><strong>propter</strong></span> <span class='ocrx_word' id='word_1_678' title='bbox 2774 4318 2992 4371; x_wconf 84' lang='lat' dir='ltr'><strong>causas,</strong></span> <span class='ocrx_word' id='word_1_679' title='bbox 3044 4319 3184 4374; x_wconf 87' lang='lat' dir='ltr'><strong>quas</strong></span> <span class='ocrx_word' id='word_1_680' title='bbox 3216 4305 3667 4365; x_wconf 74' lang='lat' dir='ltr'><strong>commemoravi,</strong></span> 
     </span>
    </p>
   </div>
   <div class='ocr_carea' id='block_1_85' title="bbox 415 4394 3666 4469">
    <p class='ocr_par' dir='ltr' id='par_1_85' title="bbox 415 4394 3666 4469">
     <span class='ocr_line' id='line_1_85' title="bbox 415 4394 3666 4469; baseline -0.003 -13"><span class='ocrx_word' id='word_1_681' title='bbox 415 4405 778 4457; x_wconf 87' lang='lat' dir='ltr'><strong>continentem</strong></span> <span class='ocrx_word' id='word_1_682' title='bbox 817 4404 920 4458; x_wconf 88' lang='lat' dir='ltr'><strong>iter</strong></span> <span class='ocrx_word' id='word_1_683' title='bbox 954 4402 1214 4466; x_wconf 80' lang='lat' dir='ltr'><strong>facerem,</strong></span> <span class='ocrx_word' id='word_1_684' title='bbox 1250 4409 1309 4455; x_wconf 93' lang='lat' dir='ltr'><strong>ut</strong></span> <span class='ocrx_word' id='word_1_685' title='bbox 1358 4400 1451 4455; x_wconf 89' lang='lat' dir='ltr'><strong>ille</strong></span> <span class='ocrx_word' id='word_1_686' title='bbox 1498 4413 1720 4469; x_wconf 85' lang='lat' dir='ltr'><strong>quoque</strong></span> <span class='ocrx_word' id='word_1_687' title='bbox 1768 4412 1863 4452; x_wconf 83' lang='lat' dir='ltr'><strong>eas</strong></span> <span class='ocrx_word' id='word_1_688' title='bbox 1901 4412 1985 4453; x_wconf 87' lang='lat' dir='ltr'><strong>re—</strong></span> <span class='ocrx_word' id='word_1_689' title='bbox 2086 4395 2299 4451; x_wconf 66' lang='lat' dir='ltr'><strong>Notarae</strong></span> <span class='ocrx_word' id='word_1_690' title='bbox 2336 4394 2524 4450; x_wconf 82' lang='lat' dir='ltr'><strong>edixi:</strong></span> <span class='ocrx_word' id='word_1_691' title='bbox 2556 4395 2650 4449; x_wconf 88' lang='lat' dir='ltr'><strong>tibi</strong></span> <span class='ocrx_word' id='word_1_692' title='bbox 2699 4410 2829 4452; x_wconf 86' lang='lat' dir='ltr'><strong>vero</strong></span> <span class='ocrx_word' id='word_1_693' title='bbox 2874 4395 3128 4450; x_wconf 89' lang='lat' dir='ltr'><strong>daturum</strong></span> <span class='ocrx_word' id='word_1_694' title='bbox 3186 4411 3271 4451; x_wconf 87' lang='lat' dir='ltr'><strong>me</strong></span> <span class='ocrx_word' id='word_1_695' title='bbox 3305 4410 3425 4449; x_wconf 87' lang='lat' dir='ltr'><strong>esse</strong></span> <span class='ocrx_word' id='word_1_696' title='bbox 3487 4396 3666 4460; x_wconf 80' lang='lat' dir='ltr'><strong>magni</strong></span> 
     </span>
    </p>
   </div>
   <div class='ocr_carea' id='block_1_86' title="bbox 417 4476 3671 4564">
    <p class='ocr_par' dir='ltr' id='par_1_86' title="bbox 417 4476 3671 4564">
     <span class='ocr_line' id='line_1_86' title="bbox 417 4476 3671 4564; baseline -0.002 -17"><span class='ocrx_word' id='word_1_697' title='bbox 417 4494 603 4564; x_wconf 85' lang='lat' dir='ltr'><strong>giones</strong></span> <span class='ocrx_word' id='word_1_698' title='bbox 632 4504 991 4563; x_wconf 74' lang='lat' dir='ltr'><strong>cognosceret</strong></span> <span class='ocrx_word' id='word_1_699' title='bbox 1015 4501 1069 4549; x_wconf 91' lang='lat' dir='ltr'><strong>et</strong></span> <span class='ocrx_word' id='word_1_700' title='bbox 1097 4495 1164 4548; x_wconf 91' lang='lat' dir='ltr'><strong>ad</strong></span> <span class='ocrx_word' id='word_1_701' title='bbox 1224 4507 1445 4548; x_wconf 92' lang='lat' dir='ltr'><strong>omnem</strong></span> <span class='ocrx_word' id='word_1_702' title='bbox 1504 4492 1815 4554; x_wconf 87' lang='lat' dir='ltr'><strong>scientiam,</strong></span> <span class='ocrx_word' id='word_1_703' title='bbox 1866 4506 1987 4561; x_wconf 81' lang='lat' dir='ltr'><strong>quae</strong></span> <span class='ocrx_word' id='word_1_704' title='bbox 2021 4476 2062 4527; x_wconf 73' lang='grc' dir='ltr'><strong>ί)</strong></span> <span class='ocrx_word' id='word_1_705' title='bbox 2095 4488 2379 4558; x_wconf 79' lang='lat' dir='ltr'><strong>logothetae</strong></span> <span class='ocrx_word' id='word_1_706' title='bbox 2407 4488 2669 4549; x_wconf 67' lang='lat' dir='ltr'><strong>cilicium.</strong></span> <span class='ocrx_word' id='word_1_707' title='bbox 2703 4487 2785 4543; x_wconf 88' lang='lat' dir='ltr'><strong>Ad</strong></span> <span class='ocrx_word' id='word_1_708' title='bbox 2820 4503 2942 4559; x_wconf 84' lang='lat' dir='ltr'><strong>quae</strong></span> <span class='ocrx_word' id='word_1_709' title='bbox 2980 4488 3067 4543; x_wconf 89' lang='lat' dir='ltr'><strong>ille</strong></span> <span class='ocrx_word' id='word_1_710' title='bbox 3106 4488 3424 4556; x_wconf 86' lang='lat' dir='ltr'><strong>respondit:</strong></span> <span class='ocrx_word' id='word_1_711' title='bbox 3480 4486 3535 4542; x_wconf 91' lang='lat' dir='ltr'><strong>Si</strong></span> <span class='ocrx_word' id='word_1_712' title='bbox 3570 4487 3671 4541; x_wconf 81' lang='lat' dir='ltr'><strong>hac</strong></span> 
     </span>
    </p>
   </div>
   <div class='ocr_carea' id='block_1_87' title="bbox 416 4586 1985 4654">
    <p class='ocr_par' dir='ltr' id='par_1_87' title="bbox 416 4586 1985 4654">
     <span class='ocr_line' id='line_1_87' title="bbox 416 4586 1985 4654; baseline 0.003 -19"><span class='ocrx_word' id='word_1_713' title='bbox 416 4586 545 4654; x_wconf 80' lang='lat' dir='ltr'><strong>quid</strong></span> <span class='ocrx_word' id='word_1_714' title='bbox 607 4587 767 4640; x_wconf 84' lang='lat' dir='ltr'><strong>habet</strong></span> <span class='ocrx_word' id='word_1_715' title='bbox 830 4587 895 4639; x_wconf 90' lang='lat' dir='ltr'><strong>ad</strong></span> <span class='ocrx_word' id='word_1_716' title='bbox 960 4586 1129 4639; x_wconf 83' lang='lat' dir='ltr'><strong>vitam</strong></span> <span class='ocrx_word' id='word_1_717' title='bbox 1207 4586 1499 4651; x_wconf 90' lang='lat' dir='ltr'><strong>commodi,</strong></span> <span class='ocrx_word' id='word_1_718' title='bbox 1570 4586 1985 4651; x_wconf 84' lang='lat' dir='ltr'><strong>institueretur,</strong></span> 
     </span>
    </p>
   </div>
   <div class='ocr_carea' id='block_1_88' title="bbox 415 4677 1988 4748">
    <p class='ocr_par' dir='ltr' id='par_1_88' title="bbox 415 4677 1988 4748">
     <span class='ocr_line' id='line_1_88' title="bbox 415 4677 1988 4748; baseline 0.003 -17"><span class='ocrx_word' id='word_1_719' title='bbox 415 4689 598 4747; x_wconf 79' lang='lat' dir='ltr'><strong>atque,</strong></span> <span class='ocrx_word' id='word_1_720' title='bbox 633 4677 679 4731; x_wconf 85' lang='lat' dir='ltr'><strong>si</strong></span> <span class='ocrx_word' id='word_1_721' title='bbox 696 4677 1338 4742; x_wconf 86' lang='lat' dir='ltr'><strong>sensissemus,ameram</strong></span> <span class='ocrx_word' id='word_1_722' title='bbox 1368 4678 1574 4748; x_wconf 87' lang='lat' dir='ltr'><strong>aliquid</strong></span> <span class='ocrx_word' id='word_1_723' title='bbox 1592 4678 1856 4735; x_wconf 67' lang='lat' dir='ltr'><strong>adversus</strong></span> <span class='ocrx_word' id='word_1_724' title='bbox 1886 4695 1988 4735; x_wconf 89' lang='lat' dir='ltr'><strong>nos</strong></span> 
     </span>
    </p>
   </div>
   <div class='ocr_carea' id='block_1_89' title="bbox 415 4767 1988 4839">
    <p class='ocr_par' dir='ltr' id='par_1_89' title="bbox 415 4767 1988 4839">
     <span class='ocr_line' id='line_1_89' title="bbox 415 4767 1988 4839; baseline 0.002 -18"><span class='ocrx_word' id='word_1_725' title='bbox 415 4769 617 4831; x_wconf 89' lang='lat' dir='ltr'><strong>moliri,</strong></span> <span class='ocrx_word' id='word_1_726' title='bbox 660 4768 830 4821; x_wconf 87' lang='lat' dir='ltr'><strong>lilium</strong></span> <span class='ocrx_word' id='word_1_727' title='bbox 861 4782 985 4822; x_wconf 89' lang='lat' dir='ltr'><strong>cum</strong></span> <span class='ocrx_word' id='word_1_728' title='bbox 1041 4767 1209 4834; x_wconf 48' lang='lat' dir='ltr'><strong>bonis.</strong></span> <span class='ocrx_word' id='word_1_729' title='bbox 1251 4768 1548 4823; x_wconf 88' lang='lat' dir='ltr'><strong>mobilibus</strong></span> <span class='ocrx_word' id='word_1_730' title='bbox 1602 4769 1657 4823; x_wconf 89' lang='lat' dir='ltr'><strong>in</strong></span> <span class='ocrx_word' id='word_1_731' title='bbox 1720 4768 1988 4839; x_wconf 87' lang='lat' dir='ltr'><strong>Pelopon—</strong></span> 
     </span>
    </p>
   </div>
   <div class='ocr_carea' id='block_1_90' title="bbox 416 4858 1989 4928">
    <p class='ocr_par' dir='ltr' id='par_1_90' title="bbox 416 4858 1989 4928">
     <span class='ocr_line' id='line_1_90' title="bbox 416 4858 1989 4928; baseline 0.001 -14"><span class='ocrx_word' id='word_1_732' title='bbox 416 4876 550 4914; x_wconf 90' lang='lat' dir='ltr'><strong>neso</strong></span> <span class='ocrx_word' id='word_1_733' title='bbox 575 4859 717 4927; x_wconf 86' lang='lat' dir='ltr'><strong>apud</strong></span> <span class='ocrx_word' id='word_1_734' title='bbox 755 4868 1034 4913; x_wconf 86' lang='lat' dir='ltr'><strong>maternos</strong></span> <span class='ocrx_word' id='word_1_735' title='bbox 1059 4866 1347 4928; x_wconf 87' lang='lat' dir='ltr'><strong>cognatos,</strong></span> <span class='ocrx_word' id='word_1_736' title='bbox 1377 4858 1431 4913; x_wconf 90' lang='lat' dir='ltr'><strong>in</strong></span> <span class='ocrx_word' id='word_1_737' title='bbox 1464 4873 1597 4928; x_wconf 89' lang='lat' dir='ltr'><strong>agro</strong></span> <span class='ocrx_word' id='word_1_738' title='bbox 1625 4859 1788 4914; x_wconf 83' lang='lat' dir='ltr'><strong>futuri</strong></span> <span class='ocrx_word' id='word_1_739' title='bbox 1812 4861 1989 4917; x_wconf 70' lang='lat' dir='ltr'><strong>aliiuis</strong></span> 
     </span>
    </p>
   </div>
   <div class='ocr_carea' id='block_1_91' title="bbox 416 4946 1986 5017">
    <p class='ocr_par' dir='ltr' id='par_1_91' title="bbox 416 4946 1986 5017">
     <span class='ocr_line' id='line_1_91' title="bbox 416 4946 1986 5017; baseline 0.002 -16"><span class='ocrx_word' id='word_1_740' title='bbox 416 4950 519 5003; x_wconf 79' lang='grc' dir='ltr'>ιιιεί</span> <span class='ocrx_word' id='word_1_741' title='bbox 558 4950 879 5013; x_wconf 85' lang='lat' dir='ltr'><strong>habitantes,</strong></span> <span class='ocrx_word' id='word_1_742' title='bbox 906 4947 1314 5017; x_wconf 87' lang='lat' dir='ltr'><strong>relinquerem;</strong></span> <span class='ocrx_word' id='word_1_743' title='bbox 1368 4946 1455 5001; x_wconf 89' lang='lat' dir='ltr'><strong>sin</strong></span> <span class='ocrx_word' id='word_1_744' title='bbox 1495 4947 1631 5001; x_wconf 90' lang='lat' dir='ltr'><strong>nihil</strong></span> <span class='ocrx_word' id='word_1_745' title='bbox 1662 4957 1851 5003; x_wconf 90' lang='lat' dir='ltr'><strong>contra</strong></span> <span class='ocrx_word' id='word_1_746' title='bbox 1883 4964 1986 5004; x_wconf 86' lang='lat' dir='ltr'><strong>nos</strong></span> 
     </span>
    </p>
   </div>
   <div class='ocr_carea' id='block_1_92' title="bbox 416 5039 1983 5108">
    <p class='ocr_par' dir='ltr' id='par_1_92' title="bbox 416 5039 1983 5108">
     <span class='ocr_line' id='line_1_92' title="bbox 416 5039 1983 5108; baseline 0.001 -14"><span class='ocrx_word' id='word_1_747' title='bbox 416 5042 637 5095; x_wconf 81' lang='lat' dir='ltr'><strong>uisurus</strong></span> <span class='ocrx_word' id='word_1_748' title='bbox 670 5048 833 5104; x_wconf 89' lang='lat' dir='ltr'><strong>esset,</strong></span> <span class='ocrx_word' id='word_1_749' title='bbox 864 5055 990 5093; x_wconf 92' lang='lat' dir='ltr'><strong>eum</strong></span> <span class='ocrx_word' id='word_1_750' title='bbox 1019 5054 1234 5093; x_wconf 89' lang='lat' dir='ltr'><strong>mecum</strong></span> <span class='ocrx_word' id='word_1_751' title='bbox 1269 5039 1324 5092; x_wconf 91' lang='lat' dir='ltr'><strong>in</strong></span> <span class='ocrx_word' id='word_1_752' title='bbox 1376 5040 1606 5108; x_wconf 85' lang='lat' dir='ltr'><strong>patriam</strong></span> <span class='ocrx_word' id='word_1_753' title='bbox 1641 5041 1983 5096; x_wconf 89' lang='lat' dir='ltr'><strong>reducerem.</strong></span> 
     </span>
    </p>
   </div>
   <div class='ocr_carea' id='block_1_93' title="bbox 298 5129 1983 5207">
    <p class='ocr_par' dir='ltr' id='par_1_93' title="bbox 298 5129 1983 5207">
     <span class='ocr_line' id='line_1_93' title="bbox 298 5129 1983 5207; baseline -0.001 -23"><span class='ocrx_word' id='word_1_754' title='bbox 298 5200 303 5207; x_wconf 27' lang='lat'>.</span> <span class='ocrx_word' id='word_1_755' title='bbox 414 5131 678 5185; x_wconf 58' lang='lat' dir='ltr'><strong>Caeterum</strong></span> <span class='ocrx_word' id='word_1_756' title='bbox 712 5130 784 5185; x_wconf 92' lang='lat' dir='ltr'><strong>ob</strong></span> <span class='ocrx_word' id='word_1_757' title='bbox 813 5144 1005 5183; x_wconf 92' lang='lat' dir='ltr'><strong>omnes</strong></span> <span class='ocrx_word' id='word_1_758' title='bbox 1042 5129 1161 5183; x_wconf 87' lang='lat' dir='ltr'><strong>illas</strong></span> <span class='ocrx_word' id='word_1_759' title='bbox 1196 5143 1413 5193; x_wconf 87' lang='lat' dir='ltr'><strong>causas,</strong></span> <span class='ocrx_word' id='word_1_760' title='bbox 1446 5143 1588 5194; x_wconf 91' lang='lat' dir='ltr'><strong>quos</strong></span> <span class='ocrx_word' id='word_1_761' title='bbox 1645 5144 1983 5185; x_wconf 85' lang='lat' dir='ltr'><strong>commemo-</strong></span> 
     </span>
    </p>
   </div>
   <div class='ocr_carea' id='block_1_94' title="bbox 415 5220 1985 5290">
    <p class='ocr_par' dir='ltr' id='par_1_94' title="bbox 415 5220 1985 5290">
     <span class='ocr_line' id='line_1_94' title="bbox 415 5220 1985 5290; baseline 0 -17"><span class='ocrx_word' id='word_1_762' title='bbox 415 5221 550 5284; x_wconf 87' lang='lat' dir='ltr'><strong>ravi,</strong></span> <span class='ocrx_word' id='word_1_763' title='bbox 614 5221 734 5275; x_wconf 86' lang='lat' dir='ltr'><strong>tiliae</strong></span> <span class='ocrx_word' id='word_1_764' title='bbox 768 5220 1110 5290; x_wconf 87' lang='lat' dir='ltr'><strong>conjugium,</strong></span> <span class='ocrx_word' id='word_1_765' title='bbox 1174 5220 1549 5288; x_wconf 83' lang='lat' dir='ltr'><strong>suspicionem</strong></span> <span class='ocrx_word' id='word_1_766' title='bbox 1611 5221 1736 5275; x_wconf 85' lang='lat' dir='ltr'><strong>belli</strong></span> <span class='ocrx_word' id='word_1_767' title='bbox 1764 5230 1817 5275; x_wconf 90' lang='lat' dir='ltr'><strong>et</strong></span> <span class='ocrx_word' id='word_1_768' title='bbox 1858 5222 1985 5275; x_wconf 87' lang='lat' dir='ltr'><strong>reli—</strong></span> 
     </span>
    </p>
   </div>
   <div class='ocr_carea' id='block_1_95' title="bbox 413 5313 1986 5383">
    <p class='ocr_par' dir='ltr' id='par_1_95' title="bbox 413 5313 1986 5383">
     <span class='ocr_line' id='line_1_95' title="bbox 413 5313 1986 5383; baseline 0.002 -18"><span class='ocrx_word' id='word_1_769' title='bbox 413 5328 538 5382; x_wconf 88' lang='lat' dir='ltr'><strong>qua.</strong></span> <span class='ocrx_word' id='word_1_770' title='bbox 574 5313 772 5382; x_wconf 78' lang='lat' dir='ltr'><strong>coujux</strong></span> <span class='ocrx_word' id='word_1_771' title='bbox 804 5327 944 5377; x_wconf 90' lang='lat' dir='ltr'><strong>mea,</strong></span> <span class='ocrx_word' id='word_1_772' title='bbox 976 5322 1037 5367; x_wconf 90' lang='lat' dir='ltr'><strong>ut</strong></span> <span class='ocrx_word' id='word_1_773' title='bbox 1067 5327 1233 5381; x_wconf 85' lang='lat' dir='ltr'><strong>supra</strong></span> <span class='ocrx_word' id='word_1_774' title='bbox 1264 5313 1398 5374; x_wconf 78' lang='lat' dir='ltr'><strong>dixi,</strong></span> <span class='ocrx_word' id='word_1_775' title='bbox 1425 5314 1606 5367; x_wconf 88' lang='lat' dir='ltr'><strong>denuo</strong></span> <span class='ocrx_word' id='word_1_776' title='bbox 1646 5329 1732 5367; x_wconf 91' lang='lat' dir='ltr'><strong>me</strong></span> <span class='ocrx_word' id='word_1_777' title='bbox 1763 5328 1986 5383; x_wconf 82' lang='lat' dir='ltr'><strong>peregre</strong></span> 
     </span>
    </p>
   </div>
   <div class='ocr_carea' id='block_1_96' title="bbox 416 5404 1985 5475">
    <p class='ocr_par' dir='ltr' id='par_1_96' title="bbox 416 5404 1985 5475">
     <span class='ocr_line' id='line_1_96' title="bbox 416 5404 1985 5475; baseline 0.001 -17"><span class='ocrx_word' id='word_1_778' title='bbox 416 5405 684 5471; x_wconf 78' lang='lat' dir='ltr'><strong>proﬁcisci</strong></span> <span class='ocrx_word' id='word_1_779' title='bbox 710 5421 869 5474; x_wconf 87' lang='lat' dir='ltr'><strong>passa</strong></span> <span class='ocrx_word' id='word_1_780' title='bbox 906 5413 1009 5460; x_wconf 88' lang='lat' dir='ltr'><strong>est.</strong></span> <span class='ocrx_word' id='word_1_781' title='bbox 1040 5404 1334 5475; x_wconf 86' lang='lat' dir='ltr'><strong>Postquam</strong></span> <span class='ocrx_word' id='word_1_782' title='bbox 1395 5406 1561 5474; x_wconf 86' lang='lat' dir='ltr'><strong>igitur</strong></span> <span class='ocrx_word' id='word_1_783' title='bbox 1618 5404 1740 5460; x_wconf 64' lang='lat' dir='ltr'><strong>tiliae</strong></span> <span class='ocrx_word' id='word_1_784' title='bbox 1795 5405 1985 5474; x_wconf 83' lang='lat' dir='ltr'><strong>conju-</strong></span> 
     </span>
    </p>
   </div>
   <div class='ocr_carea' id='block_1_97' title="bbox 414 5496 1983 5566">
    <p class='ocr_par' dir='ltr' id='par_1_97' title="bbox 414 5496 1983 5566">
     <span class='ocr_line' id='line_1_97' title="bbox 414 5496 1983 5566; baseline -0.001 -14"><span class='ocrx_word' id='word_1_785' title='bbox 414 5497 559 5564; x_wconf 82' lang='lat' dir='ltr'><strong>gium</strong></span> <span class='ocrx_word' id='word_1_786' title='bbox 611 5496 957 5566; x_wconf 79' lang='lat' dir='ltr'><strong>perfecimus,</strong></span> <span class='ocrx_word' id='word_1_787' title='bbox 1038 5505 1258 5566; x_wconf 81' lang='lat' dir='ltr'><strong>peracta</strong></span> <span class='ocrx_word' id='word_1_788' title='bbox 1339 5498 1485 5552; x_wconf 90' lang='lat' dir='ltr'><strong>dotis</strong></span> <span class='ocrx_word' id='word_1_789' title='bbox 1547 5508 1600 5552; x_wconf 88' lang='lat' dir='ltr'><strong>et</strong></span> <span class='ocrx_word' id='word_1_790' title='bbox 1655 5496 1983 5551; x_wconf 87' lang='lat' dir='ltr'><strong>arrhabonis</strong></span> 
     </span>
    </p>
   </div>
   <div class='ocr_carea' id='block_1_98' title="bbox 416 5587 1981 5659">
    <p class='ocr_par' dir='ltr' id='par_1_98' title="bbox 416 5587 1981 5659">
     <span class='ocr_line' id='line_1_98' title="bbox 416 5587 1981 5659; baseline 0.002 -20"><span class='ocrx_word' id='word_1_791' title='bbox 416 5587 731 5655; x_wconf 80' lang='lat' dir='ltr'><strong>sponsione,</strong></span> <span class='ocrx_word' id='word_1_792' title='bbox 770 5588 968 5659; x_wconf 84' lang='lat' dir='ltr'><strong>gaudio</strong></span> <span class='ocrx_word' id='word_1_793' title='bbox 1013 5598 1233 5659; x_wconf 90' lang='lat' dir='ltr'><strong>propter</strong></span> <span class='ocrx_word' id='word_1_794' title='bbox 1278 5590 1496 5658; x_wconf 85' lang='lat' dir='ltr'><strong>nuptias</strong></span> <span class='ocrx_word' id='word_1_795' title='bbox 1540 5590 1764 5657; x_wconf 89' lang='lat' dir='ltr'><strong>impleti,</strong></span> <span class='ocrx_word' id='word_1_796' title='bbox 1799 5589 1981 5643; x_wconf 86' lang='lat' dir='ltr'><strong>omnia</strong></span> 
     </span>
    </p>
   </div>
   <div class='ocr_carea' id='block_1_99' title="bbox 414 5677 1979 5751">
    <p class='ocr_par' dir='ltr' id='par_1_99' title="bbox 414 5677 1979 5751">
     <span class='ocr_line' id='line_1_99' title="bbox 414 5677 1979 5751; baseline 0.004 -22"><span class='ocrx_word' id='word_1_797' title='bbox 414 5677 479 5730; x_wconf 83' lang='lat' dir='ltr'><strong>ad</strong></span> <span class='ocrx_word' id='word_1_798' title='bbox 515 5678 812 5733; x_wconf 76' lang='lat' dir='ltr'><strong>faciendum</strong></span> <span class='ocrx_word' id='word_1_799' title='bbox 844 5681 944 5734; x_wconf 93' lang='lat' dir='ltr'><strong>iter</strong></span> <span class='ocrx_word' id='word_1_800' title='bbox 980 5680 1283 5736; x_wconf 79' lang='lat' dir='ltr'><strong>necessaria</strong></span> <span class='ocrx_word' id='word_1_801' title='bbox 1346 5681 1705 5750; x_wconf 86' lang='lat' dir='ltr'><strong>providimus,</strong></span> <span class='ocrx_word' id='word_1_802' title='bbox 1747 5697 1844 5736; x_wconf 88' lang='lat' dir='ltr'><strong>nec</strong></span> <span class='ocrx_word' id='word_1_803' title='bbox 1867 5682 1979 5751; x_wconf 87' lang='lat' dir='ltr'><strong>jam</strong></span> 
     </span>
    </p>
   </div>
   <div class='ocr_carea' id='block_1_100' title="bbox 415 5772 1977 5844">
    <p class='ocr_par' dir='ltr' id='par_1_100' title="bbox 415 5772 1977 5844">
     <span class='ocr_line' id='line_1_100' title="bbox 415 5772 1977 5844; baseline 0.003 -23"><span class='ocrx_word' id='word_1_804' title='bbox 415 5785 552 5840; x_wconf 82' lang='lat' dir='ltr'><strong>opus</strong></span> <span class='ocrx_word' id='word_1_805' title='bbox 615 5782 749 5839; x_wconf 85' lang='lat' dir='ltr'><strong>erat,</strong></span> <span class='ocrx_word' id='word_1_806' title='bbox 822 5773 924 5828; x_wconf 89' lang='lat' dir='ltr'><strong>nisi</strong></span> <span class='ocrx_word' id='word_1_807' title='bbox 993 5774 1209 5844; x_wconf 76' lang='lat' dir='ltr'><strong>scriptis</strong></span> <span class='ocrx_word' id='word_1_808' title='bbox 1264 5775 1535 5829; x_wconf 82' lang='lat' dir='ltr'><strong>mandatis</strong></span> <span class='ocrx_word' id='word_1_809' title='bbox 1613 5772 1977 5841; x_wconf 12' lang='lat' dir='ltr'><strong>int-peratum.</strong></span> 
     </span>
    </p>
   </div>
   <div class='ocr_carea' id='block_1_101' title="bbox 2098 4579 3675 4651">
    <p class='ocr_par' dir='ltr' id='par_1_101' title="bbox 2098 4579 3675 4651">
     <span class='ocr_line' id='line_1_101' title="bbox 2098 4579 3675 4651; baseline -0.002 -17"><span class='ocrx_word' id='word_1_810' title='bbox 2098 4592 2150 4645; x_wconf 84' lang='lat' dir='ltr'><strong>te</strong></span> <span class='ocrx_word' id='word_1_811' title='bbox 2175 4581 2436 4651; x_wconf 88' lang='lat' dir='ltr'><strong>dignitate</strong></span> <span class='ocrx_word' id='word_1_812' title='bbox 2467 4595 2772 4647; x_wconf 82' lang='lat' dir='ltr'><strong>ornassem,</strong></span> <span class='ocrx_word' id='word_1_813' title='bbox 2825 4581 2957 4650; x_wconf 87' lang='lat' dir='ltr'><strong>quid</strong></span> <span class='ocrx_word' id='word_1_814' title='bbox 3019 4579 3264 4638; x_wconf 80' lang='lat' dir='ltr'><strong>futurum</strong></span> <span class='ocrx_word' id='word_1_815' title='bbox 3320 4588 3485 4642; x_wconf 84' lang='lat' dir='ltr'><strong>esset,</strong></span> <span class='ocrx_word' id='word_1_816' title='bbox 3546 4595 3675 4632; x_wconf 84' lang='lat' dir='ltr'><strong>cum</strong></span> 
     </span>
    </p>
   </div>
   <div class='ocr_carea' id='block_1_102' title="bbox 2098 4674 3673 4745">
    <p class='ocr_par' dir='ltr' id='par_1_102' title="bbox 2098 4674 3673 4745">
     <span class='ocr_line' id='line_1_102' title="bbox 2098 4674 3673 4745; baseline -0.003 -16"><span class='ocrx_word' id='word_1_817' title='bbox 2098 4674 2431 4744; x_wconf 71' lang='lat' dir='ltr'><strong>Palaeologus</strong></span> <span class='ocrx_word' id='word_1_818' title='bbox 2464 4690 2693 4745; x_wconf 80' lang='lat' dir='ltr'><strong>magnus</strong></span> <span class='ocrx_word' id='word_1_819' title='bbox 2719 4675 3164 4744; x_wconf 83' lang='lat' dir='ltr'><strong>stratopedarcha</strong></span> <span class='ocrx_word' id='word_1_820' title='bbox 3196 4674 3247 4728; x_wconf 85' lang='lat' dir='ltr'><strong>id</strong></span> <span class='ocrx_word' id='word_1_821' title='bbox 3293 4674 3673 4744; x_wconf 74' lang='lat' dir='ltr'><strong>cognovisset?</strong></span> 
     </span>
    </p>
   </div>
   <div class='ocr_carea' id='block_1_103' title="bbox 2094 4764 3664 4836">
    <p class='ocr_par' dir='ltr' id='par_1_103' title="bbox 2094 4764 3664 4836">
     <span class='ocr_line' id='line_1_103' title="bbox 2094 4764 3664 4836; baseline -0.002 -15"><span class='ocrx_word' id='word_1_822' title='bbox 2094 4764 2211 4821; x_wconf 84' lang='lat' dir='ltr'><strong>Jam</strong></span> <span class='ocrx_word' id='word_1_823' title='bbox 2244 4766 2407 4821; x_wconf 86' lang='lat' dir='ltr'><strong>hodie</strong></span> <span class='ocrx_word' id='word_1_824' title='bbox 2456 4766 2604 4821; x_wconf 85' lang='lat' dir='ltr'><strong>misit</strong></span> <span class='ocrx_word' id='word_1_825' title='bbox 2651 4766 2719 4820; x_wconf 89' lang='lat' dir='ltr'><strong>ad</strong></span> <span class='ocrx_word' id='word_1_826' title='bbox 2782 4781 2890 4830; x_wconf 85' lang='lat' dir='ltr'><strong>me,</strong></span> <span class='ocrx_word' id='word_1_827' title='bbox 2915 4781 3076 4836; x_wconf 87' lang='lat' dir='ltr'><strong>quem</strong></span> <span class='ocrx_word' id='word_1_828' title='bbox 3108 4776 3401 4821; x_wconf 83' lang='lat' dir='ltr'><strong>exeuntem</strong></span> <span class='ocrx_word' id='word_1_829' title='bbox 3455 4766 3664 4827; x_wconf 83' lang='lat' dir='ltr'><strong>vidisti,</strong></span> 
     </span>
    </p>
   </div>
   <div class='ocr_carea' id='block_1_104' title="bbox 2098 4855 3670 4927">
    <p class='ocr_par' dir='ltr' id='par_1_104' title="bbox 2098 4855 3670 4927">
     <span class='ocr_line' id='line_1_104' title="bbox 2098 4855 3670 4927; baseline -0.003 -16"><span class='ocrx_word' id='word_1_830' title='bbox 2098 4858 2281 4911; x_wconf 80' lang='lat' dir='ltr'><strong>habitu</strong></span> <span class='ocrx_word' id='word_1_831' title='bbox 2311 4867 2365 4910; x_wconf 83' lang='lat' dir='ltr'><strong>ot</strong></span> <span class='ocrx_word' id='word_1_832' title='bbox 2396 4857 2581 4926; x_wconf 88' lang='lat' dir='ltr'><strong>specie</strong></span> <span class='ocrx_word' id='word_1_833' title='bbox 2616 4857 2899 4922; x_wconf 88' lang='lat' dir='ltr'><strong>idoneum,</strong></span> <span class='ocrx_word' id='word_1_834' title='bbox 2931 4856 3180 4913; x_wconf 89' lang='lat' dir='ltr'><strong>moribus</strong></span> <span class='ocrx_word' id='word_1_835' title='bbox 3206 4865 3260 4911; x_wconf 88' lang='lat' dir='ltr'><strong>ct</strong></span> <span class='ocrx_word' id='word_1_836' title='bbox 3295 4855 3516 4927; x_wconf 81' lang='lat' dir='ltr'><strong>ingenio</strong></span> <span class='ocrx_word' id='word_1_837' title='bbox 3551 4856 3670 4910; x_wconf 85' lang='lat' dir='ltr'><strong>hor-</strong></span> 
     </span>
    </p>
   </div>
   <div class='ocr_carea' id='block_1_105' title="bbox 2096 4947 3667 5019">
    <p class='ocr_par' dir='ltr' id='par_1_105' title="bbox 2096 4947 3667 5019">
     <span class='ocr_line' id='line_1_105' title="bbox 2096 4947 3667 5019; baseline 0.002 -18"><span class='ocrx_word' id='word_1_838' title='bbox 2096 4948 2273 5002; x_wconf 82' lang='lat' dir='ltr'><strong>ridum</strong></span> <span class='ocrx_word' id='word_1_839' title='bbox 2296 4959 2349 5001; x_wconf 90' lang='lat' dir='ltr'><strong>et</strong></span> <span class='ocrx_word' id='word_1_840' title='bbox 2375 4947 2685 5016; x_wconf 83' lang='lat' dir='ltr'><strong>improbum</strong></span> <span class='ocrx_word' id='word_1_841' title='bbox 2717 4948 3014 5004; x_wconf 80' lang='lat' dir='ltr'><strong>Antonium</strong></span> <span class='ocrx_word' id='word_1_842' title='bbox 3051 4949 3419 5011; x_wconf 86' lang='lat' dir='ltr'><strong>sacerdotem,</strong></span> <span class='ocrx_word' id='word_1_843' title='bbox 3445 4963 3667 5019; x_wconf 81' lang='lat' dir='ltr'><strong>rogans.</strong></span> 
     </span>
    </p>
   </div>
   <div class='ocr_carea' id='block_1_106' title="bbox 2099 5040 3662 5111">
    <p class='ocr_par' dir='ltr' id='par_1_106' title="bbox 2099 5040 3662 5111">
     <span class='ocr_line' id='line_1_106' title="bbox 2099 5040 3662 5111; baseline -0.001 -16"><span class='ocrx_word' id='word_1_844' title='bbox 2099 5050 2157 5095; x_wconf 90' lang='lat' dir='ltr'><strong>ut</strong></span> <span class='ocrx_word' id='word_1_845' title='bbox 2188 5041 2559 5109; x_wconf 85' lang='lat' dir='ltr'><strong>iueptlssimos</strong></span> <span class='ocrx_word' id='word_1_846' title='bbox 2591 5040 2765 5111; x_wconf 88' lang='lat' dir='ltr'><strong>ipsius</strong></span> <span class='ocrx_word' id='word_1_847' title='bbox 2797 5051 2851 5095; x_wconf 89' lang='lat' dir='ltr'><strong>et</strong></span> <span class='ocrx_word' id='word_1_848' title='bbox 2906 5041 3136 5097; x_wconf 87' lang='lat' dir='ltr'><strong>stolidos</strong></span> <span class='ocrx_word' id='word_1_849' title='bbox 3200 5042 3362 5109; x_wconf 86' lang='lat' dir='ltr'><strong>lilios,</strong></span> <span class='ocrx_word' id='word_1_850' title='bbox 3401 5042 3662 5111; x_wconf 61' lang='lat' dir='ltr'><strong>majorem</strong></span> 
     </span>
    </p>
   </div>
   <div class='ocr_carea' id='block_1_107' title="bbox 2099 5133 3670 5204">
    <p class='ocr_par' dir='ltr' id='par_1_107' title="bbox 2099 5133 3670 5204">
     <span class='ocr_line' id='line_1_107' title="bbox 2099 5133 3670 5204; baseline -0.001 -17"><span class='ocrx_word' id='word_1_851' title='bbox 2099 5150 2349 5204; x_wconf 82' lang='lat' dir='ltr'><strong>magnum</strong></span> <span class='ocrx_word' id='word_1_852' title='bbox 2378 5135 2727 5204; x_wconf 82' lang='lat' dir='ltr'><strong>logothelam,</strong></span> <span class='ocrx_word' id='word_1_853' title='bbox 2759 5133 3026 5189; x_wconf 86' lang='lat' dir='ltr'><strong>minorem</strong></span> <span class='ocrx_word' id='word_1_854' title='bbox 3057 5151 3308 5203; x_wconf 85' lang='lat' dir='ltr'><strong>magnum</strong></span> <span class='ocrx_word' id='word_1_855' title='bbox 3356 5144 3670 5190; x_wconf 81' lang='lat' dir='ltr'><strong>contostau—</strong></span> 
     </span>
    </p>
   </div>
   <div class='ocr_carea' id='block_1_108' title="bbox 2096 5224 3666 5293">
    <p class='ocr_par' dir='ltr' id='par_1_108' title="bbox 2096 5224 3666 5293">
     <span class='ocr_line' id='line_1_108' title="bbox 2096 5224 3666 5293; baseline -0.001 -15"><span class='ocrx_word' id='word_1_856' title='bbox 2096 5224 2206 5278; x_wconf 83' lang='lat' dir='ltr'><strong>lutn</strong></span> <span class='ocrx_word' id='word_1_857' title='bbox 2230 5239 2430 5289; x_wconf 83' lang='lat' dir='ltr'><strong>crcem,</strong></span> <span class='ocrx_word' id='word_1_858' title='bbox 2454 5240 2576 5279; x_wconf 91' lang='lat' dir='ltr'><strong>cum</strong></span> <span class='ocrx_word' id='word_1_859' title='bbox 2610 5224 2698 5278; x_wconf 86' lang='lat' dir='ltr'><strong>ille</strong></span> <span class='ocrx_word' id='word_1_860' title='bbox 2714 5226 2874 5283; x_wconf 87' lang='lat' dir='ltr'><strong>etiam</strong></span> <span class='ocrx_word' id='word_1_861' title='bbox 2905 5224 3243 5280; x_wconf 75' lang='lat' dir='ltr'><strong>vestimentis</strong></span> <span class='ocrx_word' id='word_1_862' title='bbox 3294 5225 3496 5292; x_wconf 68' lang='lat' dir='ltr'><strong>prmsit,</strong></span> <span class='ocrx_word' id='word_1_863' title='bbox 3523 5224 3666 5293; x_wconf 83' lang='lat' dir='ltr'><strong>quod</strong></span> 
     </span>
    </p>
   </div>
   <div class='ocr_carea' id='block_1_109' title="bbox 2093 5314 3665 5385">
    <p class='ocr_par' dir='ltr' id='par_1_109' title="bbox 2093 5314 3665 5385">
     <span class='ocr_line' id='line_1_109' title="bbox 2093 5314 3665 5385; baseline -0.003 -17"><span class='ocrx_word' id='word_1_864' title='bbox 2093 5314 2375 5385; x_wconf 75' lang='lat' dir='ltr'><strong>preprium</strong></span> <span class='ocrx_word' id='word_1_865' title='bbox 2408 5314 2526 5385; x_wconf 85' lang='lat' dir='ltr'><strong>ejus</strong></span> <span class='ocrx_word' id='word_1_866' title='bbox 2556 5330 2752 5371; x_wconf 90' lang='lat' dir='ltr'><strong>munus</strong></span> <span class='ocrx_word' id='word_1_867' title='bbox 2786 5323 2890 5369; x_wconf 88' lang='lat' dir='ltr'><strong>est.</strong></span> <span class='ocrx_word' id='word_1_868' title='bbox 2919 5314 3165 5369; x_wconf 85' lang='lat' dir='ltr'><strong>Attamen</strong></span> <span class='ocrx_word' id='word_1_869' title='bbox 3197 5315 3507 5376; x_wconf 88' lang='lat' dir='ltr'><strong>consentio,</strong></span> <span class='ocrx_word' id='word_1_870' title='bbox 3542 5328 3665 5380; x_wconf 87' lang='lat' dir='ltr'><strong>pro-</strong></span> 
     </span>
    </p>
   </div>
   <div class='ocr_carea' id='block_1_110' title="bbox 2092 5404 3660 5479">
    <p class='ocr_par' dir='ltr' id='par_1_110' title="bbox 2092 5404 3660 5479">
     <span class='ocr_line' id='line_1_110' title="bbox 2092 5404 3660 5479; baseline -0.005 -14"><span class='ocrx_word' id='word_1_871' title='bbox 2092 5411 2317 5465; x_wconf 86' lang='lat' dir='ltr'><strong>cedente</strong></span> <span class='ocrx_word' id='word_1_872' title='bbox 2347 5418 2586 5479; x_wconf 89' lang='lat' dir='ltr'><strong>tempore</strong></span> <span class='ocrx_word' id='word_1_873' title='bbox 2616 5408 2869 5463; x_wconf 81' lang='lat' dir='ltr'><strong>daturum</strong></span> <span class='ocrx_word' id='word_1_874' title='bbox 2904 5424 2987 5463; x_wconf 91' lang='lat' dir='ltr'><strong>me</strong></span> <span class='ocrx_word' id='word_1_875' title='bbox 3039 5409 3105 5462; x_wconf 89' lang='lat' dir='ltr'><strong>iis</strong></span> <span class='ocrx_word' id='word_1_876' title='bbox 3158 5425 3280 5464; x_wconf 89' lang='lat' dir='ltr'><strong>esse</strong></span> <span class='ocrx_word' id='word_1_877' title='bbox 3323 5408 3427 5460; x_wconf 88' lang='lat' dir='ltr'><strong>alia</strong></span> <span class='ocrx_word' id='word_1_878' title='bbox 3464 5404 3660 5466; x_wconf 82' lang='lat' dir='ltr'><strong>ollicia,</strong></span> 
     </span>
    </p>
   </div>
   <div class='ocr_carea' id='block_1_111' title="bbox 2092 5498 3659 5567">
    <p class='ocr_par' dir='ltr' id='par_1_111' title="bbox 2092 5498 3659 5567">
     <span class='ocr_line' id='line_1_111' title="bbox 2092 5498 3659 5567; baseline -0.004 -15"><span class='ocrx_word' id='word_1_879' title='bbox 2092 5514 2200 5552; x_wconf 88' lang='lat' dir='ltr'><strong>non</strong></span> <span class='ocrx_word' id='word_1_880' title='bbox 2232 5499 2363 5553; x_wconf 87' lang='lat' dir='ltr'><strong>tanti</strong></span> <span class='ocrx_word' id='word_1_881' title='bbox 2405 5508 2582 5554; x_wconf 87' lang='lat' dir='ltr'><strong>tamen</strong></span> <span class='ocrx_word' id='word_1_882' title='bbox 2616 5500 2898 5567; x_wconf 84' lang='lat' dir='ltr'><strong>ponderis,</strong></span> <span class='ocrx_word' id='word_1_883' title='bbox 2938 5498 3030 5553; x_wconf 84' lang='lat' dir='ltr'><strong>sed</strong></span> <span class='ocrx_word' id='word_1_884' title='bbox 3078 5499 3321 5560; x_wconf 79' lang='lat' dir='ltr'><strong>leviora;</strong></span> <span class='ocrx_word' id='word_1_885' title='bbox 3387 5504 3440 5549; x_wconf 89' lang='lat' dir='ltr'><strong>tu</strong></span> <span class='ocrx_word' id='word_1_886' title='bbox 3476 5504 3659 5547; x_wconf 81' lang='lat' dir='ltr'><strong>autem</strong></span> 
     </span>
    </p>
   </div>
   <div class='ocr_carea' id='block_1_112' title="bbox 2092 5587 3663 5659">
    <p class='ocr_par' dir='ltr' id='par_1_112' title="bbox 2092 5587 3663 5659">
     <span class='ocr_line' id='line_1_112' title="bbox 2092 5587 3663 5659; baseline -0.004 -16"><span class='ocrx_word' id='word_1_887' title='bbox 2092 5589 2291 5644; x_wconf 86' lang='lat' dir='ltr'><strong>dehinc</strong></span> <span class='ocrx_word' id='word_1_888' title='bbox 2318 5604 2546 5659; x_wconf 80' lang='lat' dir='ltr'><strong>magnus</strong></span> <span class='ocrx_word' id='word_1_889' title='bbox 2575 5589 2851 5658; x_wconf 84' lang='lat' dir='ltr'><strong>logotheta</strong></span> <span class='ocrx_word' id='word_1_890' title='bbox 2886 5590 3017 5643; x_wconf 89' lang='lat' dir='ltr'><strong>eris.</strong></span> <span class='ocrx_word' id='word_1_891' title='bbox 3050 5587 3248 5642; x_wconf 81' lang='lat' dir='ltr'><strong>Verum</strong></span> <span class='ocrx_word' id='word_1_892' title='bbox 3288 5588 3389 5638; x_wconf 93' lang='lat' dir='ltr'><strong>hoc</strong></span> <span class='ocrx_word' id='word_1_893' title='bbox 3412 5600 3575 5638; x_wconf 87' lang='lat' dir='ltr'><strong>unum</strong></span> <span class='ocrx_word' id='word_1_894' title='bbox 3611 5592 3663 5637; x_wconf 80' lang='lat' dir='ltr'><strong>te</strong></span> 
     </span>
    </p>
   </div>
   <div class='ocr_carea' id='block_1_113' title="bbox 2092 5676 3663 5751">
    <p class='ocr_par' dir='ltr' id='par_1_113' title="bbox 2092 5676 3663 5751">
     <span class='ocr_line' id='line_1_113' title="bbox 2092 5676 3663 5751; baseline -0.004 -18"><span class='ocrx_word' id='word_1_895' title='bbox 2092 5695 2310 5745; x_wconf 86' lang='lat' dir='ltr'><strong>moneo,</strong></span> <span class='ocrx_word' id='word_1_896' title='bbox 2339 5689 2398 5735; x_wconf 93' lang='lat' dir='ltr'><strong>ut</strong></span> <span class='ocrx_word' id='word_1_897' title='bbox 2423 5690 2644 5751; x_wconf 90' lang='lat' dir='ltr'><strong>propter</strong></span> <span class='ocrx_word' id='word_1_898' title='bbox 2679 5682 2940 5751; x_wconf 83' lang='lat' dir='ltr'><strong>temporis</strong></span> <span class='ocrx_word' id='word_1_899' title='bbox 2993 5687 3181 5734; x_wconf 87' lang='lat' dir='ltr'><strong>eventa</strong></span> <span class='ocrx_word' id='word_1_900' title='bbox 3232 5688 3280 5731; x_wconf 90' lang='lat' dir='ltr'><strong>et</strong></span> <span class='ocrx_word' id='word_1_901' title='bbox 3318 5676 3496 5729; x_wconf 78' lang='lat' dir='ltr'><strong>varias</strong></span> <span class='ocrx_word' id='word_1_902' title='bbox 3540 5689 3663 5744; x_wconf 86' lang='lat' dir='ltr'><strong>pro-</strong></span> 
     </span>
    </p>
   </div>
   <div class='ocr_carea' id='block_1_114' title="bbox 2092 5766 3661 5843">
    <p class='ocr_par' dir='ltr' id='par_1_114' title="bbox 2092 5766 3661 5843">
     <span class='ocr_line' id='line_1_114' title="bbox 2092 5766 3661 5843; baseline -0.004 -15"><span class='ocrx_word' id='word_1_903' title='bbox 2092 5788 2273 5829; x_wconf 83' lang='lat' dir='ltr'><strong>ccrum</strong></span> <span class='ocrx_word' id='word_1_904' title='bbox 2306 5774 2611 5830; x_wconf 78' lang='lat' dir='ltr'><strong>voluntates</strong></span> <span class='ocrx_word' id='word_1_905' title='bbox 2644 5773 2889 5843; x_wconf 77' lang='lat' dir='ltr'><strong>aliasque</strong></span> <span class='ocrx_word' id='word_1_906' title='bbox 2926 5785 3121 5828; x_wconf 86' lang='lat' dir='ltr'><strong>causas</strong></span> <span class='ocrx_word' id='word_1_907' title='bbox 3168 5769 3219 5824; x_wconf 90' lang='lat' dir='ltr'><strong>in</strong></span> <span class='ocrx_word' id='word_1_908' title='bbox 3257 5770 3513 5825; x_wconf 59' lang='lat' dir='ltr'><strong>festorum</strong></span> <span class='ocrx_word' id='word_1_909' title='bbox 3544 5766 3661 5823; x_wconf 82' lang='lat' dir='ltr'><strong>die-</strong></span> 
     </span>
    </p>
   </div>
  </div>
