4066 6296
456 349 557 414 δ’ςι

1702 362 2026 423 GEORGII
2073 365 2498 430 PMBANTZE
3181 364 3221 413 κ

3590 378 3693 440 832

455 468 667 564 βασιλεῖ
719 468 1004 564 λέγωντι
1041 471 1243 564 Κύριος
1281 474 1306 524 6
1357 474 1486 535 Θεὸς
1536 478 2021 545 μακροημερεύσοι
2059 492 2093 540 Α
2131 484 2237 535 Καὶ
2299 489 2731 556 προσμείναντες
2783 491 2961 559 ὀλίγον
3018 494 3103 546 ἵνα
3164 494 3384 562 ἴδωμεν,
3442 496 3518 564 μή
3564 515 3693 550 ποτε

450 561 511 609 τὸ
537 561 736 629 κράτος
762 578 882 615 σου.
907 562 1096 630 Ὅμως
1118 562 1373 629 δεόμενος
1400 568 1708 633 παρακαλῶ
1732 569 1830 637 τὴν
1859 571 2021 634 ἁγίαν

453 667 547 702 σου
582 652 879 719 βασιλείαν,
910 653 1004 704 ἐὰν
1036 655 1202 724 μέλλῃ
1236 658 1508 725 συμϐῆναι
1536 660 1604 711 δι’
1635 660 1734 729 ὲμέ
1770 678 1820 712 τι

452 742 751 795 σκάνδαλον
793 742 860 795 δι’
891 744 950 796 ού
999 746 1467 816 προξενηθήσεται
1520 749 1663 819 λύπη
1722 751 1800 819 τῷ
1828 753 2019 821 κράτει

450 851 565 896 σου,
606 835 678 902 μὴ
721 836 931 902 γένοιτο
956 839 1035 900 εἰς
1060 839 1150 891 τὸν
1173 840 1371 906 αίῶνα,
1426 842 1563 894 ἀλλὰ
1596 844 1797 910 μᾶλλον
1827 843 1935 895 ’καὶ
1959 845 2019 894 τὸ

447 923 627 992 δέρμα
665 943 763 993 μου
800 928 1124 998 ἀφαίρεσον,
1154 933 1199 983 εί
1248 934 1328 995 είς
1358 935 1580 1004 είρήνην
1616 936 1711 987 καὶ
1747 934 2018 1006 εὐφροσύ-

446 1032 543 1081 νην
573 1019 640 1085 τῇ
698 1018 947 1090 βασιλεία
981 1039 1074 1074 σου
1111 1026 1217 1093 εἴη.
1260 1042 1278 1074 ι
1326 1024 1383 1077 '0
1430 1025 1485 1079 δὲ
1516 1022 1636 1077 εῐπέ
1686 1043 1810 1095 μοι’
1859 1046 1877 1078 ι
1928 1027 2015 1090 Ὦς

448 1108 637 1171 πιστὸς
669 1110 925 1178 θεράπων
961 1113 1212 1183 εἴρηκας.
1246 1117 1437 1186 Ὀμως
1482 1120 1556 1186 μὴ
1598 1119 1853 1188 φρόντιζε
1888 1121 2017 1188 περὶ

443 1196 637 1248 τούτου
664 1200 815 1252 οὐδέν
837 1218 849 1232 ·
878 1201 1159 1272 λυποῦμαι
1189 1207 1299 1274 γὰρ
1330 1206 1447 1268 πῶς
1477 1209 1551 1275 μὴ
1585 1209 2015 1278 περισκεπτὸμε-

441 1304 524 1340 vat
552 1290 651 1351 τὰς
680 1292 815 1359 πρός
843 1310 910 1361 με
959 1296 1227 1358 τοσαύτας
1255 1298 1405 1363 παρὰ
1457 1297 1549 1351 σού
1586 1298 1887 1368 θεραπείας
1921 1305 2015 1355 καὶ

442 1381 651 1445 φιλίας.
690 1381 973 1449 βούλονται
1033 1387 1177 1440 κατὰ
1230 1386 1519 1457 σύγκρισιν
1581 1391 1690 1441 τῶν
1729 1390 1838 1443 σῶν
1891 1394 2012 1454 ταῖς

442 1473 653 1524 ἑαυτῶν
715 1474 1049 1543 ύπολήῲεσιν
1103 1478 1393 1550 ἀποπηδᾷν
1448 1480 1576 1542 τοὺς
1611 1483 2012 1550 ’προσήκοντας

443 1562 688 1631 βαθμοὺς
716 1567 823 1618 τῶν
851 1566 1143 1634 όφφικίων.
1179 1568 1328 1637 Πλὴν
1361 1570 1737 1639 προσκάλεσον
1778 1571 2011 1625 ἐνταῦθα

442 1658 531 1708 τὸν
566 1659 633 1711 τὰ
664 1660 865 1729 ταύτης
900 1662 998 1729 τῆς
1039 1663 1343 1735 ὑπηρεσίας
1384 1666 1822 1734 ὲμπιστευθέντα
1854 1666 2011 1718 vota-

442 1766 575 1816 ptov.
622 1770 639 1800 ι
678 1752 784 1802 Καὶ
846 1753 1067 1806 ὲλθὼνό
1098 1755 1369 1822 νοτάριος,
1421 1758 1734 1825 προστάξας
1781 1761 1808 1810 6
1850 1758 2008 1827 βασι-

440 1842 564 1903 λεὺς
591 1838 745 1895 εἶπεν
775 1845 924 1915 αὐτῷ
950 1862 962 1875 ·
1007 1864 1025 1895 ι
1076 1848 1421 1916 Προείττομέν
1464 1866 1546 1900 σοι
1582 1850 1718 1919 πρὸς
1757 1851 1879 1903 τίνα
1910 1852 2004 1903 καὶ

436 1936 556 1988 τίνα
591 1936 696 1988 ἔδει
754 1954 813 1990 σε
849 1938 1085 2008 γράφειν
1130 1940 1225 2001 τὰς
1264 1941 1365 2008 τῆς
1415 1942 1651 2004 πίστεως
1690 1943 2000 2007 ἐπιστολὰς,

435 2020 513 2087 οἷς
548 2028 758 2096 γράψον
794 2029 878 2081 δτι
908 2032 1163 2100 μέλλουσι
1195 2034 1387 2101 μαθεῖν
1419 2035 1479 2085 τδ
1509 2037 1615 2087 πᾶν
1648 2036 1751 2087 ὑπὸ
1776 2036 1869 2088 τοῦ
1905 2054 2003 2103 με-

436 2120 603 2181 γάλου
629 2121 917 2187 λογοθέτου
952 2125 1227 2195 Γεωργίου
1258 2127 1352 2179 τοῦ
1384 2129 1635 2196 Φραντςῆ
1659 2146 1671 2159 ·
1707 2131 1799 2181 καὶ
1825 2132 1872 2182 εί
1904 2132 2003 2197 μὲν

434 2211 692 2281 ζήσωμεν
738 2217 830 2265 καὶ
868 2216 1076 2285 πρόσω,
1123 2217 1358 2286 γράψεις
1407 2219 1569 2271 αὑτὸν
1618 2221 1711 2273 καὶ
1767 2223 2001 2291 συγγενῆ

432 2304 590 2372 ἡμῶν
622 2303 781 2359 εἷναι.
818 2308 927 2360 Kal
962 2308 1055 2360 ὲάν
1097 2326 1202 2362 τινι
1239 2310 1335 2362 οὐκ
1370 2312 1561 2382 ἀρέσῃ,
1612 2313 1841 2374 ἄκοντες
1870 2315 2004 2365 ὑπο-

435 2396 687 2475 ιοεὲιωσι,
715 2399 811 2451 καὶ
844 2401 966 2453 ἀντὶ
992 2401 1256 2470 νέκταρος
1284 2403 1316 2471 ἢ
1365 2405 1670 2471 μυρεψικοῦ
1712 2408 1877 2459 ποτοῦ
1904 2407 2003 2475 τὴν

432 2458 595 2558 vorm:
658 2458 1102 2547 κπαπιέτωσαν.
1137 2458 1199 2546 lii
1351 2458 1457 2549 aiat.
1484 2458 1568 2560 ei),
1627 2500 1866 2567 νοτάριε,
1911 2458 2002 2567 57:5

431 2580 589 2632 τοῦτο
618 2580 691 2644 ὡς
743 2584 1062 2653 ἀπόκρυφον
1106 2585 1270 2653 μέχρι
1326 2586 1554 2654 ἡμερῶν
1606 2587 1790 2641 τινῶν.
1840 2609 1857 2640 ι
1893 2589 2003 2641 Καὶ

434 2676 965 2749 συγκατασκευάσας
1016 2678 1085 2729 τὰ
1131 2679 1436 2748 πράγματα
1495 2680 1662 2733 ἕλασα
1712 2682 1873 2744 αὐτὰ,
1906 2682 2001 2735 καὶ

430 2767 795 2835 προσεδόκουν
834 2770 1076 2837 σήμερον
1103 2771 1133 2838 ἢ
1172 2770 1365 2839 αὔριον
1394 2774 1777 2841 προσκυνῆσαι
1806 2774 1882 2842 τῷ
1909 2775 2002 2838 βα-

432 2858 571 2908 σιλεῖ
598 2858 765 2927 ῆγουν
790 2858 976 2911 λαϐεῖν
1004 2861 1191 2915 ἄδειαν
1227 2863 1313 2914 ἵνα
1346 2865 1590 2918 ἀπέλθω.
1633 2863 1770 2917 Ἰδοὺ
1806 2864 1997 2932 ἐξῆλθε

428 2950 531 3018 τῆς
560 2950 1091 3021 Ἀνδριανουπόλεως
1116 2959 1142 3008 6
1162 2957 1381 3027 ἀμηρᾶς
1410 2958 1643 3026 βαδίζων
1667 2958 1787 3011 καθ’
1819 2960 1995 3028 ήμῶν.

2124 575 2265 626 κατὰ
2300 578 2400 644 τὴν
2428 580 2546 632 ὁδὸν
2586 585 2892 652 συναντήσῃ
2923 585 3052 651 ἡμῖν
3079 603 3131 636 τι
3164 588 3515 638 ἀπευκταῖον.

2388 665 2455 730 γ’.
2490 667 2636 721 Ἰδὼν
2684 670 2779 723 καὶ
2824 671 3036 725 ἀκούων
3068 675 3096 725 6
3128 674 3349 743 ἀμηρσῖς
3400 677 3691 745 Μεεμέτης

2121 753 2219 815 τὰς
2247 756 2338 807 τού
2380 758 2581 825 πατρὸς
2628 760 2793 811 αύτοῦ
2827 761 2979 821 νίκας
3011 764 3107 814 κοιλ⁸
3149 764 3419 831 πολέμους
3452 782 3693 833 περιφα-

2123 846 2228 904 νεῖς
2261 846 2355 897 καὶ
2391 848 2500 899 τῶν
2535 848 2738 916 ἑτέρων
2772 851 2934 903 αὐτοῦ
2986 856 3441 920 τρισκαταράτων
3491 858 3691 925 προγό-

2121 926 2246 1002 νων,
2282 938 2339 989 ὲν
2366 938 2545 1009 ἑαυτῷ
2573 941 2904 1009 ὲφαντάζετο
2941 945 2995 995 τί
3024 946 3130 1012 ἄρα
3161 948 3258 999 καὶ
3291 948 3452 1009 αὐτὸς
3486 949 3691 1018 ποιήσῃ

2120 1027 2270 1092 ἄξιον
2313 1032 2552 1100 μνήμης.
2603 1034 2787 1086 Ταῦτα
2835 1035 2928 1088 οὖν
2980 1037 3120 1088 κατὰ
3154 1038 3279 1090 νοῦν
3334 1038 3689 1104 λογιζόμενος

2120 1119 2281 1188 βουλῇ
2316 1124 2460 1191 κακῇ
2502 1124 2628 1176 καθ’
2657 1126 2813 1193 ήμῶν
2841 1128 3183 1197 χρησάμενος
3213 1126 3300 1196 ἦν,
3334 1128 3420 1182 ἶνα
3452 1129 3689 1193 πόλεμον

2117 1211 2304 1283 ἐγείρῃ
2329 1214 2470 1265 κατὰ
2494 1215 2593 1280 τῆς
2622 1215 2828 1278 πόλεως
2847 1234 2861 1247 ⁸
2887 1217 3036 1284 ἔλεγε
3058 1221 3164 1286 γὰρ
3194 1220 3250 1271 ὲν
3274 1220 3473 1287 ἐαυτῷ·
3505 1239 3521 1268 ι
3556 1221 3685 1271 Ἐὰν

2114 1303 2214 1370 τὴν
2245 1303 2401 1355 πόλιν
2438 1305 2666 1373 νικήσω,
2702 1307 2841 1375 ὑπὲρ
2867 1310 3076 1371 πάντας
3110 1310 3236 1370 τοὺς
3269 1311 3374 1381 πρὸ
3412 1310 3545 1378 ἐμοῦ
3583 1312 3681 1381 ἤδη

2115 1395 2367 1459 ἐποίησα,
2415 1395 2549 1449 διότι
2585 1398 2737 1450 αὐτοὶ
2793 1401 2891 1468 μὲν
2942 1403 3083 1453 κατὰ
3128 1402 3290 1469 τῆσδε
3339 1402 3435 1469 τῆς
3471 1403 3681 1463 πόλεως

2117 1484 2374 1547 πολλάκις
2427 1490 2816 1557 πειρασθέντες
2853 1492 3008 1545 οὐδὲν
3059 1492 3480 1563 ἐκατώρθωσαν.
3519 1514 3536 1546 ι
3580 1499 3679 1547 Διά

2113 1578 2319 1646 ταύτην
2378 1576 2471 1633 οὖν
2527 1582 2623 1651 τὴν
2682 1585 3179 1653 ύποκεκρυμμένην
3243 1587 3453 1638 ἔννοιαν
3515 1588 3679 1638 καλὴν

2115 1673 2286 1739 ἐφάνη
2338 1673 2486 1741 αὐτῷ
2512 1668 2625 1726 ’ἵνα
2676 1677 2817 1728 κατὰ
2856 1676 2917 1727 τὸ
2955 1678 3064 1729 τῶν
3108 1678 3441 1747 Ἀσωμάτων
3492 1680 3681 1729 στενὸν

2112 1763 2247 1815 ἄστυ
2274 1766 2455 1834 κτίσῃ,
2487 1769 2560 1829 ὡς
2584 1770 2930 1839 προείρηται,
2958 1770 3044 1821 ἴνα
3072 1773 3393 1837 καταφυγὴν
3420 1769 3515 1837 ἔχῃ
3544 1769 3676 1819 αὐτὸ

2110 1858 2235 1925 περὶ
2266 1850 2341 1909 ὧν
2362 1859 2590 1926 ἐμελέτα
2618 1862 2861 1927 ποιῆσαι,
2896 1864 3041 1924 ὅπως
3070 1863 3221 1914 οὐδὲν
3248 1862 3354 1913 τῶν
3378 1862 3673 1929 πλοιαρίων

2111 1948 2304 2015 μικρὸν
2355 1949 2386 2017 ἢ
2426 1952 2566 2017 μέγα
2596 1952 2850 2021 δυνηθείη
2881 1954 3157 2005 κατελθεῖν
3197 1955 3260 2005 ἐκ
3295 1954 3386 2005 τοῦ
3419 1952 3669 2016 Εὐξείνου

2109 2040 2304 2091 πόντου
2337 2041 2478 2092 κατὰ
2507 2042 2606 2109 τὴν
2635 2043 2809 2107 πόλιν,
2850 2046 2939 2096 καὶ
2976 2046 3064 2097 ἵνα
3092 2046 3274 2114 ῥᾴδιον
3306 2044 3471 2113 ἔχωσι
3501 2047 3558 2095 τὸ
3583 2044 3674 2094 πέ-

2110 2148 2261 2198 ρπμα
2313 2133 2377 2183 ὲκ
2431 2133 2527 2200 τῆς
2560 2134 2744 2195 Ἀσίας
2800 2136 2878 2195 εἰς
2923 2134 3210 2205 Εὐρώπην.
3254 2135 3432 2187 Θέλων
3478 2134 3534 2185 δὲ
3579 2134 3673 2185 καὶ.

2107 2222 2428 2291 βιαζόμενος
2483 2224 2568 2276 ἴνα
2602 2225 2669 2275 τὰ
2728 2225 3105 2292 μελετούμενα
3153 2227 3244 2279 ὑπ’
3274 2226 3441 2279 αὐτοῦ
3500 2225 3671 2294 ἀρχὴν

2105 2313 2366 2376 λάϐωσιν,
2412 2316 2523 2367 ίδοὺ
2570 2319 2633 2383 τῇ
2664 2316 2757 2377 κς¹
2791 2317 3039 2386 Μαρτίου
3079 2316 3171 2369 τοῦ
3204 2316 3670 2385 ἐξακισχιλιοστοῦ

2104 2405 2518 2458 ἐννακοσιοστοῦ
2548 2406 2845 2476 ἑξηκοστοῦ
2875 2408 3029 2470 ἔτους
3055 2409 3225 2460 ἐλθὼν
3266 2408 3463 2459 ἔπεσεν
3500 2409 3576 2467 είς
3611 2409 3670 2457 τὸ

2104 2497 2309 2561 στενὸν,
2337 2498 2423 2548 ἵνα
2446 2499 2774 2567 οίκοδομήσῃ
2800 2500 2859 2549 τὸ
2885 2500 3041 2552 ἄστυ.
3067 2499 3213 2552 Ἰδὼν
3240 2498 3332 2551 οὖν
3358 2501 3385 2550 6
3416 2499 3672 2567 βασιλεὺς

2101 2588 2199 2649 τὰς
2232 2588 2568 2657 πανουργίας
2600 2588 2766 2641 αὑτοῦ
2803 2590 3069 2659 ἐϐουλήθη
3114 2590 3462 2655 ἀποκαλύψαι
3510 2591 3674 2652 αὐτὸς

2102 2663 2320 2744 πρῶτον
2354 2678 2454 2744 τὴν
2498 2679 2700 2747 μάχην,
2750 2681 2895 2742 ὅπως
2957 2682 3121 2733 αὑτὸν
3166 2682 3459 2751 ὲμποδίσῃ.
3517 2680 3673 2741 Τινὲς

2100 2770 2156 2821 δὲ
2202 2768 2310 2820 τῶν
2340 2769 2439 2837 τῆς
2499 2770 2803 2840 συγκλήτου
2853 2773 3168 2842 ἱερωμένων
3213 2790 3270 2824 τε
3327 2774 3421 2824 καὶ⁵
3467 2772 3673 2825 λαῐκῶν

2102 2859 2385 2913 ἐκώλυσαν
2434 2862 2531 2930 τὴν
2584 2862 2808 2930 γνώμην
2857 2865 2952 2917 καὶ
3008 2866 3205 2934 βουλὴν
3252 2866 3347 2918 τοῦ
3384 2867 3668 2936 βασιλέως,

2102 2952 2265 3023 234
2302 2954 2552 3022 λέγοντες
2590 2953 2665 3025 μὴ
2702 2957 3143 3027 ἀποκαλυφθήτω
3170 2959 3204 3028 ή
3240 2958 3388 3029 μάχη
3431 2959 3529 3028 τῆς
3570 2960 3667 3028 βα-

431 3148 548 3185 rum
582 3133 1021 3189 solemuilatihus
1085 3150 1151 3188 ne
1213 3151 1298 3189 me
1359 3154 1452 3205 pro
1506 3152 1655 3191 more
1703 3136 1860 3191 oﬂicii
1924 3138 1998 3191 liti
2032 3148 2075 3208 ο
2106 3135 2175 3190 At
2204 3144 2257 3189 tu
2297 3150 2535 3204 quoque,
2592 3137 2825 3199 notarie,
2874 3139 2977 3192 hoc
3032 3137 3149 3191 dies
3200 3137 3411 3207 aliquot
3452 3137 3657 3191 silentio

429 3225 648 3277 adores.
686 3222 1008 3292 Quamnam
1045 3226 1291 3281 notarius
1343 3229 1416 3281 rei
1458 3229 1780 3281 mentionem
1842 3229 2002 3284 faciet

431 3319 485 3370 in
518 3318 718 3370 litteris
759 3317 824 3371 ad
856 3318 1049 3372 fratres
1093 3334 1245 3374 meos
1300 3328 1353 3373 et
1391 3335 1675 3390 cognatam
1710 3336 1882 3375 meam
1912 3338 2000 3375 re-

426 3410 632 3477 ginam,
664 3410 898 3479 denique
927 3411 993 3463 ad
1046 3426 1259 3475 omnes,
1292 3413 1355 3465 ad
1400 3429 1536 3480 quos
1573 3414 1637 3465 de
1673 3414 1866 3466 itinere
1905 3424 1999 3467 tuo

436 3504 740 3570 scripturus
796 3518 941 3567 sum,
993 3519 1056 3557 ac
1115 3513 1168 3556 tu
1229 3505 1378 3557 illinc
1425 3505 1661 3559 vicissim
1701 3506 1765 3558 ad
1827 3520 1911 3558 me
1946 3515 2003 3558 et

424 3610 806 3664 quemcunque
863 3595 1058 3649 domus
1110 3605 1213 3649 ture
1268 3597 1535 3660 scribens,
1585 3598 1798 3650 titulum
1856 3598 1999 3652 hunc

425 3688 735 3755 usurpabis.
772 3686 975 3753 Quodsi
1036 3688 1243 3741 interea
1298 3703 1410 3741 rem
1469 3691 1845 3757 cognoverint,
1902 3687 1995 3758 qui

422 3778 666 3833 invident
699 3780 819 3839 tibi,
857 3779 1109 3847 quamvis
1157 3779 1225 3833 iis
1271 3779 1468 3833 durum
1507 3782 1880 3850 acerbumque
1916 3785 1995 3834 vi—

422 3870 646 3934 deatur,
681 3871 928 3923 volentes
986 3869 1233 3923 nolentes
1267 3884 1384 3923 eam
1444 3870 1770 3926 devoranto.
1811 3892 1829 3924 ι
1889 3872 1998 3927 Re.

422 3962 615 4030 spondi
649 3961 720 4015 ita
751 3961 1102 4030 imperaturi:
1143 3979 1162 4012 ι
1205 3962 1345 4017 Deus
1400 3962 1664 4017 Dominus
1731 3966 1999 4033 producat

422 4050 710 4119 imperium
744 4060 918 4105 tuum.
965 4051 1068 4105 Sed
1100 4061 1280 4106 tamen
1314 4053 1640 4122 suppliciter
1690 4072 1822 4126 rogo
1863 4072 1993 4111 san-

418 4151 559 4195 ctam
599 4140 931 4203 majestatem
958 4149 1131 4207 tuam,
1180 4142 1225 4195 si
1261 4158 1381 4196 mea
1429 4158 1596 4197 causa
1660 4145 1763 4197 ulla
1810 4144 1993 4199 futura

418 4236 488 4286 sit
513 4234 762 4298 ollensio,
789 4234 930 4288 unde
966 4234 1099 4303 quid
1131 4235 1443 4289 detrimenti
1490 4237 1669 4305 capiat
1703 4239 1991 4306 imperium

419 4337 594 4388 tuum,
626 4340 865 4392 unquam
898 4338 963 4376 ne
988 4324 1097 4386 ﬁat,
1132 4324 1275 4392 quod
1304 4326 1603 4388 meditaris,
1651 4327 1762 4380 imo
1809 4328 1991 4395 potius

418 4416 608 4483 pellem
649 4416 781 4469 mihi
813 4416 1096 4478 detrahas,
1136 4415 1181 4469 si
1210 4416 1274 4469 ad
1310 4416 1610 4483 maiestatis
1670 4427 1776 4473 tua:
1842 4431 1992 4473 tran-

417 4506 739 4571 quillitatem
782 4517 835 4561 et
867 4522 1052 4573 pacem
1083 4508 1371 4560 conducat.
1414 4527 1432 4559 ι
1468 4508 1607 4562 Tum
1662 4510 1981 4579 imperator:

424 4619 439 4647 ι
484 4596 553 4651 Ut
585 4599 850 4663 minister,
890 4597 985 4661 ait,
1021 4598 1192 4652 fidelis
1229 4599 1441 4653 locutus
1467 4614 1551 4653 es.
1613 4598 1717 4653 Sed
1775 4615 1844 4654 ne
1890 4602 1987 4655 tibi

418 4691 517 4743 ista
553 4706 639 4744 res
665 4705 809 4745 curae
832 4692 903 4746 sit
931 4690 1037 4744 ullo
1064 4690 1245 4745 modo.
1280 4691 1445 4744 Doleo
1473 4692 1643 4753 enim,
1674 4693 1819 4761 quod
1851 4693 1987 4748 nihil

415 4784 917 4851 circumspicientes
940 4792 1086 4837 tanta
1115 4794 1204 4837 tua
1226 4798 1351 4852 erga
1377 4800 1462 4838 me
1476 4785 1650 4837 ollicia
1665 4788 1986 4854 etobscquia

415 4883 469 4927 et
502 4886 714 4927 tuorum
767 4875 1081 4929 meritorum
1138 4875 1603 4942 comparationem
1669 4876 1987 4933 aﬂ'cetantcs

415 4966 615 5019 animis
673 4967 874 5034 gradus
926 4967 1224 5020 olliciorum
1254 4968 1643 5021 convenientes
1686 4970 1989 5024 transsilire

415 5067 707 5111 conantur.
763 5055 963 5109 Verum
1026 5070 1245 5110 arcesse
1281 5058 1386 5109 huc
1436 5058 1549 5126 jam
1606 5074 1833 5113 munere
1886 5060 1990 5115 hoc

414 5150 728 5217 fungentem
788 5151 1081 5202 notarium.
1129 5166 1147 5199 ι
1209 5150 1523 5203 Venientem
1584 5154 1853 5206 notarium
1892 5156 1990 5208 im-

418 5248 639 5308 perator
671 5240 743 5293 ita
776 5240 1045 5293 allocutus
1096 5252 1208 5295 est:
1252 5260 1268 5290 ι
1318 5244 1456 5297 Ante
1505 5243 1611 5313 tibi.
1660 5246 1990 5314 significavi-

420 5349 560 5397 mus,
604 5349 723 5402 quze
750 5333 895 5386 ctad
945 5348 1081 5399 quos
1136 5336 1365 5402 publica:
1423 5336 1543 5390 lidei
1597 5338 1842 5406 epistolis
1894 5342 1988 5395 tibi

416 5425 708 5481 scribenda
739 5425 884 5480 sint:
922 5426 1004 5479 his
1035 5427 1192 5493 adde,
1238 5444 1331 5483 eos
1367 5418 1534 5482 totam
1595 5446 1705 5484 rem
1741 5434 1993 5503 cognitu-

422 5536 511 5573 ros
550 5533 670 5572 esse
706 5534 734 5572 e
769 5516 1003 5587 Georgio
1059 5516 1290 5573 Phratze
1321 5537 1518 5591 magno
1573 5522 1845 5592 logotheta
1876 5545 1887 5589 ;
1928 5542 1991 5581 ac

418 5612 462 5662 si
490 5611 594 5663 vita
626 5611 1069 5679 suppeditarerit,
1108 5612 1313 5667 scribes
1340 5614 1523 5677 etiam,
1553 5616 1805 5669 eumdem
1834 5618 1991 5672 nobis

416 5700 627 5761 aliinein
658 5718 797 5756 esse.
829 5700 937 5755 lloc
975 5704 1059 5756 cui
1091 5702 1448 5770 displicuerit,
1482 5705 1725 5771 ringatur
1762 5708 1909 5769 licet,
1938 5718 1993 5763 et

418 5806 512 5857 νοτ)
541 5803 755 5851 ιιριιιιιό
786 5806 874 5850 aut
912 5808 1042 5865 potu
1094 5798 1389 5851 arematicu
1452 5798 1612 5852 bilem
1657 5814 1982 5868 concoquat.

2107 3242 2242 3297 tege.
2290 3248 2306 3280 ι
2342 3227 2525 3282 Rebus
2548 3228 2740 3283 deinde
2766 3230 3066 3292 adornatis,
3091 3229 3394 3284 inStructus
3433 3231 3498 3283 iis
3526 3244 3643 3282 sum

2104 3329 2267 3387 atque
2311 3322 2715 3390 exspectabam,
2766 3334 2832 3374 eo
2887 3322 3006 3390 ipso
3036 3320 3127 3374 die
3160 3331 3254 3374 aut
3284 3320 3544 3390 postridie
3579 3334 3665 3372 me

2103 3411 2452 3465 adoraturum
2513 3415 2894 3481 imperatorem
2951 3422 3003 3466 et
3058 3413 3290 3467 abeundi
3347 3421 3664 3482 potestatem

2102 3514 2450 3572 accepturum
2480 3518 2621 3565 esse,
2656 3519 2778 3557 cum
2814 3503 2995 3557 subito
3023 3504 3366 3572 Adrianopoli
3398 3518 3656 3572 egressus

2102 3610 2313 3650 ameras
2354 3595 2614 3649 adversus
2642 3612 2739 3649 nos
2772 3597 3164 3665 proﬁciscitur.
3224 3597 3407 3666 Itaque
3437 3607 3666 3666 praesto-

2099 3688 2195 3740 lati
2251 3702 2440 3741 sumus
2470 3687 2802 3751 aliquandiu,
2835 3703 2904 3742 ne
2935 3688 3075 3744 forte
3110 3691 3165 3742 in
3199 3689 3390 3743 itinere
3442 3691 3658 3743 contin-

2099 3787 2249 3850 geret
2278 3780 2432 3832 nnbis
2462 3780 2587 3846 quid
2639 3778 2960 3833 iniaustum.
3147 3816 3162 3840 ,

2166 3872 2220 3926 5.
2252 3871 2575 3925 Mehemetes
2600 3886 2815 3925 ameras
2872 3886 2997 3925 cum
3054 3873 3255 3940 patris‘
3288 3875 3669 3945 majorumquc

2098 3961 2660 4015 exseCratissimorum
2686 3961 2975 4030 praeclaras
2998 3964 3256 4017 victorias
3276 3973 3327 4017 et
3358 3980 3446 4019 res
3479 3976 3658 4033 gestas

2097 4053 2302 4106 videret
2328 4052 2667 4121 audiretque,
2703 4053 2992 4120 reputabat
3022 4069 3230 4115 secum,
3259 4056 3387 4122 quid
3437 4057 3548 4123 ipse
3589 4060 3665 4109 l'a-

2097 4152 2242 4195 ceret
2272 4140 2495 4210 dignum
2520 4144 2800 4197 memoria.
2824 4143 2945 4197 llzne
2969 4146 3216 4214 cogitans
3247 4148 3388 4214 apud
3421 4149 3655 4200 animum

2097 4250 2280 4299 suum,
2312 4235 2456 4286 malo
2483 4234 2713 4287 consilio
2742 4237 2955 4299 statuit,
2982 4246 3038 4288 ut
3067 4238 3267 4290 bellum
3289 4240 3549 4293 adversus
3569 4256 3661 4291 ur-

2095 4323 2215 4376 bem
2248 4335 2487 4391 pararet.
2521 4324 2612 4377 Sic
2641 4325 2787 4377 enim
2826 4340 3009 4379 secum
3047 4327 3521 4381 ratiocinabatur:
3561 4348 3577 4379 ι
3605 4330 3661 4380 Si

2095 4417 2283 4468 urbem
2317 4415 2519 4479 vicero,
2549 4417 2755 4483 priores
2784 4431 2975 4469 omnes
3007 4420 3382 4485 prmcelluero,
3409 4421 3665 4487 quoniam

2096 4506 2169 4557 illi
2202 4520 2323 4558 eam
2359 4507 2547 4559 urbem
2580 4522 2722 4574 srepe
2762 4509 3003 4576 aggressi
3039 4509 3238 4562 frustra
3273 4512 3612 4565 laborarunt.
3647 4533 3664 4563 ι

2097 4596 2171 4650 Ex
2200 4598 2298 4651 hac
2320 4598 2533 4651 occulta
2556 4598 2887 4666 cngitatione
2914 4600 3078 4667 igitur
3108 4603 3283 4655 visum
3312 4603 3359 4656 ei
3384 4613 3485 4666 est,
3513 4606 3669 4672 juxta

2095 4692 2479 4743 Asomatorum
2514 4692 2796 4758 angustias
2835 4702 3075 4745 castrum
3111 4693 3369 4758 condere,
3404 4705 3463 4747 ut
3500 4711 3668 4763 supra

2099 4783 2433 4843 monuimus,
2456 4798 2565 4851 quo
2589 4782 2853 4849 refugium
2880 4785 3126 4845 haberet,
3150 4786 3275 4838 dum
3298 4789 3500 4840 faceret
3550 4805 3674 4855 qua:

2099 4875 2483 4939 meditabatur,
2516 4892 2651 4929 neve
2678 4876 2847 4928 ullum
2872 4879 2986 4929 sive
3013 4892 3238 4945 parvum
3266 4878 3380 4932 sive
3415 4894 3670 4947 magnum

2100 4967 2376 5033 navigium
2410 4982 2440 5018 e
2466 4966 2642 5019 Ponto
2673 4966 2889 5021 Euxino
2923 4968 2977 5019 in
3012 4968 3204 5021 urbem
3241 4978 3425 5037 posset
3479 4984 3672 5037 pervc-

2098 5059 2236 5121 nire,
2270 5069 2437 5129 utque
2458 5059 2758 5113 faciliorem
2782 5061 3045 5115 haberent
3075 5076 3139 5114 ex
3166 5062 3293 5114 Asia
3317 5063 3368 5115 in
3397 5061 3671 5128 Europam

2099 5158 2410 5210 transitum.
2432 5153 2720 5208 Festinans
2749 5155 2914 5222 igitur
2942 5155 3248 5216 etinstans,
3270 5163 3329 5208 ut
3358 5154 3625 5208 meditatis
3644 5170 3675 5207 a

2099 5262 2156 5302 se
2180 5259 2429 5301 eventum
2448 5247 2619 5311 daret,
2641 5261 2768 5300 ecce
2793 5246 2882 5299 die
2902 5247 2972 5299 26
2994 5246 3169 5300 Martii
3194 5249 3319 5301 anni
3341 5248 3479 5302 6960
3496 5246 3677 5302 subito

2100 5338 2300 5393 invasit
2316 5340 2617 5409 angustias,
2638 5350 2878 5392 castrum
2900 5348 3301 5393 exstructurus.
3317 5339 3677 5391 Animadver—

2100 5441 2221 5484 tens
2254 5432 2509 5484 astutiam
2542 5430 2661 5497 ejus
2682 5429 2998 5497 imperator,
3048 5429 3165 5497 ipse
3208 5430 3441 5497 primum
3473 5428 3674 5481 bellum

2100 5536 2445 5574 enimnovere
2468 5520 2532 5573 ad
2558 5536 2682 5573 cum
2710 5520 3109 5586 impediendum
3135 5520 3343 5573 statuit.
3368 5522 3433 5571 At
3451 5518 3675 5585 quidam

2103 5614 2361 5667 Senatorii
2384 5612 2595 5665 ordinis
2626 5620 2739 5665 tum
2770 5612 3082 5666 sacerdotes
3108 5623 3222 5665 tum
3256 5610 3377 5664 laici
3416 5610 3675 5663 adversa-

2104 5710 2299 5760 bantur
2329 5706 2609 5759 sententiae
2640 5714 2692 5756 et
2718 5705 2949 5759 consilio
2977 5705 3120 5771 ejus.
3154 5724 3170 5754 ι
3199 5702 3273 5756 Ne
3321 5718 3673 5757 commovea-

2105 5816 2213 5867 iur,
2242 5800 2479 5861 aiebant,
2509 5813 2537 5851 a
2572 5796 2852 5864 majestate
2887 5806 2975 5857 tua
3001 5797 3220 5861 bellum,
3255 5794 3429 5850 donec
3472 5808 3678 5862 cogito-
