4066 6296
301 325 403 391 833

304 532 411 594 ξαι.
446 529 507 580 Εἰ
539 528 634 580 καὶ
662 527 723 578 τὸ
752 525 885 578 ἄστυ
921 524 1102 594 κτίσῃ,
1123 524 1178 574 ἐν
1199 523 1419 592 εὐκολίᾳ
1451 520 1874 590 παραλαμϐανο-

309 639 408 690 μεν
440 619 571 673 αζιτὸ
604 617 692 670 διὰ
734 616 795 668 τὸ
827 615 1129 684 ἐγγύτερον
1170 612 1306 664 εἶναι
1349 615 1502 681 ἡμῖν.
1542 631 1560 662 ι
1596 615 1660 663 "U
1693 611 1785 685 καὶ
1817 613 1874 660 ἐν

310 711 560 778 ὑστέροις
614 705 756 760 εἶδον
801 707 1030 768 τέλειον,
1080 705 1173 756 καὶ
1227 703 1440 772 ἀληθῶς
1495 702 1738 767 ἔγνωσαν
1793 701 1874 752 ὅτι

311 802 522 862 ἐλπίδες
548 802 703 852 κεναὶ
725 797 986 868 τρέφουσι
1016 797 1138 857 τοὺς
1168 795 1452 864 ἀνοήτους.
1496 793 1638 859 Ἐγὼ
1670 793 1722 843 δὲ
1754 793 1875 842 ἐνα-

313 894 547 961 πέμεινα
565 891 666 958 τῆς
699 891 924 957 πορείας
943 889 976 952 ἦ
1017 885 1350 956 ἡτοιμάσθη,
1391 885 1670 952 ιΣήμερον
1692 883 1877 948 λέγον--

311 1001 401 1046 τες
435 981 634 1049 ἴδωμεν
667 982 762 1033 καὶ
803 980 1025 1046 αὔριον*
1061 981 1153 1030 καὶ
1187 979 1270 1030 ὅτι
1316 978 1404 1029 διὰ
1451 978 1615 1045 ξηρᾶς
1649 977 1746 1044 οὐχ
1777 976 1874 1043 ἁρο

318 1076 490 1144 μοζει,
518 1075 641 1125 ἐπεὶ
675 1072 1017 1124 ἐπικίνδυνόν
1047 1072 1165 1122 ἐστι
1198 1070 1256 1122 τὸ
1291 1074 1540 1138 πρᾶγμα,
1570 1069 1684 1120 ἀλλ’
1714 1069 1879 1136 εὑρή-

319 1180 500 1232 σωμεν
537 1163 856 1230 πλεύσιμον.
902 1181 919 1211 ι

399 1255 486 1305 Ἐν
522 1252 726 1320 Ἰουνίῳ
749 1252 880 1321 μηνὶ
902 1251 996 1303 τοῦ
1023 1251 1186 1302 αὐτοῦ
1209 1250 1359 1312 ἔτους
1381 1251 1488 1302 ἰδοὺ
1517 1244 1878 1316 ἐὸημοσιεύθη

315 1348 346 1414 ή
385 1347 529 1414 μάχη
556 1359 569 1372 ⁸
624 1345 718 1396 καὶ
749 1344 869 1396 καθ’
906 1345 1063 1412 ήμῶν
1097 1343 1188 1394 τοῦ
1246 1342 1608 1410 στρατοπέδου
1641 1339 1876 1408 δραμόν-

315 1455 424 1501 τος,
456 1435 845 1505 ᾐχμαλώτευσε
875 1435 1079 1495 πάντας
1111 1436 1236 1497 τοὺς
1293 1433 1492 1497 ἔξωθεν
1546 1432 1642 1499 τῆς
1677 1429 1880 1490 πόλεως

319 1528 620 1589 οἰκοῦντας.
672 1528 760 1578 Ἑν
793 1519 836 1592 ᾧ
866 1527 1044 1597 καιρῷ
1079 1527 1362 1578 ἐτελείωσε
1394 1523 1572 1577 καὶτὸ
1603 1522 1758 1585 ἂστυ,
1789 1521 1882 1573 καὶ

319 1623 374 1669 ὲν
409 1618 557 1684 αὐτῷ
607 1617 926 1686 ᾠκοδόμησε
975 1617 1216 1686 πύργους
1259 1617 1407 1683 τρεῖς
1445 1614 1718 1683 ἰσχυροὺς,
1758 1611 1882 1673 τοὺς

315 1710 408 1759 δύο
455 1708 554 1774 μὲν
589 1708 903 1776 χερσαίους,
939 1708 1030 1759 τὸν
1073 1709 1130 1760 δὲ
1166 1709 1354 1776 ἓτερον
1403 1707 1545 1758 κατὰ
1583 1704 1877 1766 θάλασσαν,

316 1800 370 1859 ὃς
400 1800 493 1850 καὶ¹
520 1797 697 1862 ὀ).ί;ον
726 1815 776 1849 τι
811 1799 1015 1865 μείζων
1045 1799 1154 1850 τῶν
1184 1799 1276 1851 δύο
1317 1797 1554 1866 ὑπῆρχε.
1581 1797 1654 1849 T6
1682 1796 1739 1847 δέ
1769 1813 1880 1846 τει-

316 1890 427 1956 χῶν
459 1891 614 1958 εὖρος
641 1888 708 1959 ἦν
737 1893 908 1944 εἴκοσι
939 1891 1034 1944 καὶ
1053 1891 1230 1943 πέντε
1267 1890 1465 1953 ποδῶν,
1494 1890 1553 1940 τδ
1592 1888 1649 1940 δὲ
1679 1887 1881 1939 ἔσωθεν

316 1983 495 2033 αὐτῶν
522 1982 840 2050 εὐρύχωρον
871 1982 1084 2049 ὑπῆρχε
1122 1976 1417 2048 τριάκοντα
1441 1979 1534 2030 καὶ
1565 1978 1658 2030 δύο
1682 1977 1878 2032 ποδῶν.

316 2066 452 2122 Εἶτα
485 2072 545 2122 ἐν
598 2070 844 2139 μολύϐδῳ
877 2072 1163 2132 σκεπάσας
1195 2070 1320 2130 τοὺς
1348 2069 1614 2136 πύργους,
1646 2071 1739 2120 καὶ
1775 2068 1884 2120 πᾶν

316 2163 374 2212 τὸ
413 2163 547 2215 ἄστυ
598 2162 779 2224 καλῶς
817 2162 1147 2230 ἀσφαλίσας,
1185 2163 1280 2214 καὶ
1326 2163 1384 2214 ἐν
1416 2160 1566 2229 αύτῷ
1611 2160 1884 2230 φρουροὺς

318 2254 646 2320 κατέστησε.
682 2253 794 2304 Kal.
823 2254 878 2303 ἐν
906 2255 971 2321 τῇ
1008 2255 1230 2323 εἰκοστῇ
1262 2253 1422 2322 ὀγδόῃ
1452 2251 1547 2304 τοῦ
1572 2250 1884 2317 Αὐγούστου

318 2343 567 2412 ἐγερθεὶς
591 2343 800 2395 ἐκεῖθεν
831 2344 1027 2395 ἔπεσεν
1062 2345 1152 2395 ἐπὶ
1175 2345 1275 2405 τὰς
1306 2343 1497 2402 σούδας
1524 2343 1623 2407 τῆς
1654 2342 1885 2405 πόλεως,

320 2435 414 2484 καὶ
451 2437 518 2502 τῇ
569 2432 761 2503 πρώτῃ
793 2433 886 2484 τοῦ
933 2434 1316 2503 Σεπτεμϐρίου
1359 2435 1527 2502 μηνὸς
1574 2435 1669 2486 τοῦ
1701 2433 1885 2504 ,ς-ῖλξαν

320 2522 475 2583 ἐτους
504 2522 652 2589 διέὸη
692 2526 769 2584 είς
810 2523 908 2592 τὴν
952 2522 1446 2590 Ἀνδριανούπολιν,
1487 2524 1563 2585 ῶς
1617 2523 1886 2591 φαίνεται,

321 2613 410 2664 ἵνα
439 2613 558 2672 ταῖς
609 2611 702 2664 δύο
736 2613 924 2674 αὐταῖς
959 2613 1195 2682 ἡμέραις
1229 2615 1318 2685 ἴδῃ
1342 2614 1410 2666 τὰ
1456 2614 1612 2681 τείχη
1645 2613 1742 2680 τῆς
1791 2611 1889 2663 πό-

322 2706 460 2767 λεως
508 2709 602 2761 καὶ
647 2706 808 2776 235
838 2708 1102 2776 τάφρους,
1156 2707 1251 2760 καὶ
1284 2706 1336 2758 εῐ
1390 2723 1442 2758 τι
1484 2706 1675 2774 ἕτερον
1731 2703 1891 2765 αὐτὸς

323 2795 614 2860 ἐλογίζετο.
677 2798 786 2848 Καὶ
835 2795 914 2866 τῷ
963 2796 1114 2864 αύτῷ
1171 2795 1500 2864 φθινοπώρῳ
1557 2793 1890 2862 Ὀκτωὸρίου

269 2926 273 2930 .
323 2891 518 2960 πρώτῃ
553 2890 768 2953 στείλας
802 2891 890 2941 τὸν
937 2888 1263 2958 Τουραχὰνη
1304 2890 1400 2941 καὶ
1451 2889 1579 2948 τοὺς
1609 2887 1703 2940 δύο
1743 2888 1893 2948 υἱοὺς

323 2982 487 3035 αὐτοῦ
517 2981 842 3049 ’Λχουμάτιν
873 2981 969 3032 καὶ
993 2981 1228 3050 Ἀμὰριν
1257 2981 1395 3049 μετά
1437 2978 1692 3033 πλείστου
1730 2993 1894 3048 στρα-

325 3071 418 3124 τοῦ
462 3073 518 3123 ἐν
565 3075 628 3139 τῇ
663 3072 1081 3140 Πελοποννήσῳ,
1129 3071 1220 3125 ἵνα
1271 3071 1571 3140 μαχόμενοι
1617 3070 1756 3122 κατὰ
1785 3069 1892 3120 τῶν
1918 3099 1964 3160 c

323 3162 597 3213 δεσποτῶν
633 3162 740 3213 τῶν
765 3160 858 3214 τοῦ
893 3162 1155 3230 βασιλέως
1180 3161 1426 3227 ἀδελφῶν
1450 3159 1738 3213 κωλύσωσι
1763 3159 1890 3220 τοὺς

325 3253 600 3314 τοιούτους
660 3253 1041 3320 ἐμποδίζοντες
1097 3253 1185 3329 διὰ
1223 3252 1314 3304 τοῦ
1374 3252 1635 3321 πολέμου,
1685 3251 1773 3304 ἵνα
1816 3250 1891 3318 μὴ

329 3342 615 3410 δυνάμενοι
645 3343 804 3394 ἐᾶσαι
835 3341 923 3394 τὸν
948 3343 1114 3394 τόπον
1161 3340 1360 3395 ἔλθωσι
1398 3342 1534 3410 πρὸς
1568 3344 1891 3411 συμμαχίαν

329 3456 592 3515 νριυίηιιις,
611 3453 738 3522 quid
760 3453 849 3506 ille
866 3454 1015 3507 velit.
1031 3453 1254 3508 Etiamsi
1274 3453 1416 3509 enim
1439 3465 1677 3509 castrum
1702 3454 1892 3508 condi-

331 3545 686 3606 derit,tamen
728 3544 868 3597 facili
900 3560 1062 3614 opera
1087 3547 1136 3599 id
1154 3547 1606 3616 eXpngnabimus,
1631 3548 1887 3615 quoniam

332 3635 558 3701 propius
595 3636 750 3689 nobis
767 3646 867 3690 est.
907 3655 924 3686 ι
954 3637 1106 3702 Quod
1144 3648 1328 3706 postea
1368 3646 1749 3707 compererunt
1779 3637 1893 3705 pla-

332 3724 572 3786 nissime,
591 3734 644 3776 et
663 3740 846 3780 revera
864 3735 1255 3794 cegnorerunt,
1276 3743 1370 3795 spe
1385 3742 1522 3781 vana
1547 3727 1693 3796 pasci
1714 3743 1896 3781 amen-

331 3821 433 3866 tes.
463 3813 571 3881 Ego
601 3822 778 3866 autem
804 3817 1211 3882 perseveraham
1233 3818 1284 3870 in
1315 3817 1528 3870 itineris
1559 3817 1670 3885 jam
1719 3818 1892 3886 parati

331 3902 584 3955 consilio.
605 3903 845 3965 Scilicet,
873 3923 890 3956 ι
932 3905 1121 3971 Hodie,
1165 3907 1406 3966 aiebant.
1426 3915 1519 3960 aut
1544 3921 1666 3961 cras
1693 3909 1896 3961 videbi-

330 4004 582 4055 mus;nec
601 4007 697 4060 per
712 4004 908 4046 terram
933 3995 1032 4047 iter
1053 3994 1228 4049 facere
1246 3995 1665 4064 licet,-quor.iam
1685 3999 1897 4065 perieu-

331 4079 443 4135 lose
463 4096 548 4135 res
567 4093 670 4147 est,
695 4084 788 4137 sed
807 4085 1092 4154 navigandi
1109 4089 1446 4140 occasionem
1479 4085 1840 4142 inveniemus.
1870 4107 1890 4141 ι

402 4169 771 4226 MenseJunio
801 4173 920 4243 ejus
972 4177 1099 4228 anui
1139 4175 1334 4229 bellum
1393 4178 1745 4232 commissum
1795 4187 1897 4242 est,

335 4271 496 4329 atque
533 4263 819 4318 invadente
861 4281 960 4320 nos
993 4270 1235 4320 exercitu
1268 4268 1450 4321 hostili
1475 4308 1489 4329 ,
1517 4284 1613 4336 pro
1669 4271 1896 4339 captivis

338 4353 544 4419 abrepti
579 4364 709 4407 sunt
736 4355 920 4409 euneti
967 4357 1290 4410 suburbani.
1343 4356 1461 4421 Quo
1513 4357 1707 4411 eodem
1767 4371 1898 4413 tem-

1302 319 1738 381 cnnomcou
1784 317 2054 378 MAJUS.
2089 342 2154 352 -—
2187 319 2328 376 LlB.
2372 271 2478 375 ιιι.

303 438 502 499 οιλείας
546 453 661 502 σου,
697 434 801 496 ἓως
826 433 891 486 ἂν
915 431 1118 498 ἴδωμεν
1148 429 1198 482 τί
1227 429 1476 499 βούλεται
1516 430 1678 492 αὐτὸς
1715 431 1858 498 πρᾶο
1894 434 1930 486 Α
1956 429 2040 495 τῷ
2075 428 2288 497 βασιλεῖ
2320 444 2330 456 ·

3430 311 3535 377 834

2382 429 2475 481 καὶ
2508 427 2677 488 οὕτως
2725 424 3091 494 ἐπροσὲταξεν
3137 427 3164 478 6
3196 425 3416 496 ἁμηρᾶς
3450 425 3537 476 ἵνα

1973 520 2040 571 δι’
2070 522 2193 573 ὅλου
2226 520 2318 572 τοῦ
2353 520 2617 588 χειμῶνος
2657 520 3040 588 ἐμποδίζοντες
3084 522 3300 584 αὐτοὺς,
3336 519 3428 571 καὶ
3465 518 3539 586 μὴ

1974 617 2208 684 εὕρωσιν
2261 615 2546 681 εὐκαιρίαν
2597 613 2690 665 τοῦ
2739 613 2911 664 ἐλθεῖν
2952 613 3213 681 βοηθῆσαι
3268 616 3333 680 τῇ
3387 615 3537 668 πόλει

1976 705 2092 769 ἅμα
2125 705 2202 773 τῷ
2255 703 2465 772 βασιλεῖ
2514 702 2590 772 τῷ
2627 704 2720 755 καὶ
2763 703 2977 772 ἀδελφῷ
3009 703 3210 755 αὐτῶν.
3263 704 3542 766 Ἑλθόντος

1975 799 2066 852 οὖν
2099 799 2190 850 τοῦ
2224 800 2546 868 Τουραχάνη
2595 799 2690 851 καὶ
2720 800 2788 851 τὰ
2815 799 2968 868 τείχη
3013 798 3107 849 τοῦ
3139 792 3356 866 Ἰσθμοῦ
3390 799 3544 859 αὖθις

1975 887 2302 948 ἀλώσαντος,
2356 889 2449 939 καὶ
2501 887 2832 954 ἀμφοτέρων
2883 886 2991 938 τῶν
3051 888 3236 953 μερῶν
3302 889 3545 941 πλεῖστοι

1977 977 2421 1044 ἀπεκτάνθησαν,
2457 976 2600 1044 λέγω
2634 975 2983 1043 Χριστιανῶν
3019 978 3110 1028 καὶ
3135 978 3401 1039 ἁπίστιοιν,
3441 981 3546 1046 μά-

1978 1069 2140 1120 λιστα
2174 1071 2237 1120 ἐκ
2285 1070 2393 1120 τῶν
2424 1069 2788 1137 Χριστιανῶν,
2819 1068 2866 1120 οἳ
2899 1070 2992 1120 καὶ
3043 1070 3122 1131 είς
3173 1069 3351 1138 φυγὴν
3385 1072 3544 1132 ἐτρά-

1982 1175 2184 1225 πησαν.
2224 1157 2392 1216 Αὐτὸς
2426 1158 2482 1209 δὲ
2529 1157 2846 1210 καταλιπὼν
2869 1157 2968 1226 τὴν
3015 1146 3280 1225 Κόρινθον
3315 1159 3406 1210 καὶ
3461 1159 3548 1210 διὰ

1985 1249 2150 1317 μέσου
2182 1248 2280 1314 τῆς
2323 1248 2490 1315 νήσου
2521 1249 2816 1316 ἐρχόμενος
2866 1248 3316 1316 αἰχμαλωτεύων,
3357 1249 3548 1310 ἄλλους

1985 1340 2263 1391 σκυλεύων
2294 1319 2388 1391 καὶ
2411 1338 2840 1408 ἁνδραποδίζων,
2868 1339 2958 1400 οὓς
2989 1333 3136 1406 εὗρε,
3163 1338 3397 1407 ἔφθασεν
3423 1341 3549 1406 ἄχρι

1981 1431 2078 1500 τῆς
2123 1429 2421 1499 Ἀρκαδίας
2455 1429 2722 1497 ἐπαρχίας
2752 1431 2848 1482 καὶ
2874 1430 2971 1482 τοῦ
3003 1431 3390 1500 Μεσσηνιακοῦ
3434 1433 3552 1483 κόλ-

1985 1539 2109 1583 που,
2141 1522 2236 1573 καὶ
2267 1522 2365 1588 τὴν
2394 1522 2511 1574 ὁδδν
2543 1521 2772 1588 βαδίζων
2815 1525 2912 1590 τῆς
2943 1522 3199 1590 Ἰθώμης,
3232 1524 3326 1575 καὶ
3375 1527 3552 1576 πάντα

1983 1613 2074 1665 τὸν
2105 1612 2492 1680 Μεσσηνιακὸν
2518 1612 2720 1664 κόλπον
2754 1612 3085 1682 ληζίσὲιμενος
3119 1614 3246 1682 ἄχρι
3278 1618 3376 1682 τῆς
3403 1616 3552 1666 Maw-

1985 1702 2211 1762 τινείας.
2263 1701 2408 1754 Ἰδὼν
2427 1702 2484 1754 δὲ
2514 1701 2572 1754 τὺ
2595 1702 2686 1755 τοῦ
2720 1705 2884 1754 τόπου
2920 1706 3107 1756 στενὸν
3130 1708 3224 1758 καὶ
3253 1706 3548 1774 δύσχωρον.

1985 1793 2140 1844 δι’οὗ
2191 1793 2426 1860 στρατὸς
2461 1791 2560 1845 οὒκ
2615 1793 2839 1846 ἐδύνατο
2888 1795 3092 1848 ὁδεύειν
3149 1795 3287 1862 ὁμοῦ
3327 1798 3550 1854 πάντες.

1984 1885 2060 1952 τῷ
2091 1883 2192 1949 υίῷ
2222 1883 2386 1936 αὐτοῦ
2432 1884 2746 1954 Ἀχουμάτῃ
2798 1885 2964 1955 μέρος
3014 1887 3112 1939 οὐκ
3143 1887 3370 1954 ἀγενοῦς
3392 1887 3555 1956 236

1987 1973 2216 2043 στρατοῦ
2244 1973 2421 2036 δώσας
2451 1975 2544 2025 καὶ
2577 1977 2676 2042 τὴν
2703 1975 2823 2028 ὁδὸν
2855 1977 3157 2047 ἐρχομένην
3193 1980 3251 2029 ἐν
3291 1979 3365 2046 τῷ
3394 1981 3555 2030 Λεον-

1987 2066 2129 2135 τὰρῃ
2183 2066 2556 2135 παρήγγειλεν
2608 2067 2856 2120 ὁδεύειν’
2911 2070 2938 2119 6
2991 2068 3046 2120 δὲ
3097 2069 3166 2120 δι’
3221 2069 3390 2138 ἄλλης
3436 2069 3553 2121 ὀδοῦ

1985 2155 2176 2225 ᾦχετο.
2225 2156 2505 2219 Μαθόντες
2537 2157 2592 2209 δὲ
2634 2157 2793 2210 τοῦτο
2820 2159 2867 2210 ei
2910 2158 3170 2212 δεσπόται
3209 2160 3302 2212 καὶ
3336 2160 3557 2226 ἀδελφοὶ

1989 2246 2300 2308 στείλαντες
2331 2247 2422 2300 τὸν
2449 2247 2725 2300 Ματθαῖον
2751 2247 2986 2317 Ἀσάνην
3023 2251 3160 2318 μετὰ
3193 2251 3427 2319 στρατοῦ
3461 2254 3556 2303 λα-

1990 2337 2211 2406 θραίως,
2243 2339 2338 2391 καὶ
2364 2336 2534 2391 ἐλθὼν
2563 2341 2621 2392 ἐν
2657 2340 2735 2407 τῷ
2765 2342 2915 2410 τόπῳ
2942 2335 3002 2394 οὗ
3034 2343 3258 2410 ἔμελλον
3287 2344 3557 2410 περᾶσαι,

1991 2433 2086 2484 καὶ
2145 2432 2428 2499 αἰφνιδίως
2481 2434 2562 2496 είς
2622 2435 2824 2496 αὐτοὺς
2895 2437 3267 2507 συρράξαντες
3327 2438 3558 2501 πολλοὺς

1991 2523 2322 2576 ἀπέκτειναν
2376 2525 2467 2576 καὶ
2519 2525 2933 2594 ῂχμαλώτισαν,
2989 2531 3046 2580 ἐν
3083 2522 3166 2589 οἷς
3221 2524 3302 2590 εἷς
3337 2525 3406 2599 ἦν
3451 2530 3560 2581 τῶν

1993 2611 2361 2679 αἰχμαλώτων
2393 2614 2487 2666 καὶ
2534 2617 2562 2666 6
2589 2615 2936 2685 Ἀχουμάτης
2985 2619 3012 2669 6
3047 2618 3368 2688 Τοδραχάνη
3405 2621 3518 2682 υἱός
3544 2638 3559 2652 ο

1991 2703 2051 2756 ὃν
2080 2705 2412 2758 ἀπέστειλαν
2445 2709 2524 2767 είς
2559 2708 2816 2777 Σπάρτην
2848 2710 2984 2777 πρὸς
3022 2709 3113 2761 τὸν
3158 2711 3428 2780 δεσπότην
3454 2716 3562 2782 κὺρ

1994 2795 2331 2864 Δημήτριον.
2389 2798 2497 2850 Καὶ
2529 2801 2592 2867 τῇ
2629 2796 2694 2861 ιζ’
2743 2799 2836 2851 τοῦ
2879 2799 3212 2870 Ἰανουαρίου
3269 2802 3437 2869 μηνὸς
3467 2801 3561 2854 τοῦ

1995 2883 2161 2936 αὐτοῦ
2183 2885 2336 2949 ἔτους
2367 2888 2628 2958 ἐγεννήθη
2665 2891 2760 2942 καὶ¹
2789 2893 2816 2942 6
2843 2890 2950 2943 τῶν
2981 2891 3358 2959 Παλαιολόγων
3375 2894 3565 2960 γένους

1998 2975 2215 3044 καὶτῆς
2263 2975 2544 3045 βασιλείας
2586 2979 2829 3048 διάδοχος
2865 2981 2958 3032 καὶ
3003 2981 3095 3034 τοῦ
3131 2983 3239 3033 τῶν
3281 2983 3566 3050 Ῥωμαίων

2000 3067 2196 3137 μικροῦ
2223 3067 2414 3121 τούτου
2445 3072 2740 3141 σπινθῆρος
2768 3073 3128 3141 κληρονόμος,
3158 3077 3185 3127 6
3213 3074 3404 3144 κύριος
3444 3077 3566 3129 Ἀν-

1993 3160 2156 3228 δρέας
2205 3161 2234 3211 6
2299 3161 2689 3230 Παλαιολόγος,
2735 3166 2762 3216 ὁ
2817 3165 2932 3228 υίὸς
2988 3166 3083 3218 τοῦ
3143 3167 3410 3220 δεσπότου
3461 3167 3566 3238 κὺρ

1992 3251 2166 3318 Θωμᾶ
2198 3253 2294 3304 τοῦ
2327 3257 2862 3326 πορφυρογεννήτου.

1995 3453 2247 3521 (lavitque
2276 3453 2341 3507 iis
2371 3468 2604 3513 ameras,
2629 3463 2686 3508 ut
2719 3469 2813 3522 per
2836 3463 2998 3508 totam
3020 3454 3252 3509 hiemem
3287 3469 3381 3509 eos
3403 3455 3567 3524 impe-

1993 3541 2970 3602 dirent,neinvenirentoccasionem
3016 3545 3253 3598 ferendze
3297 3544 3418 3597 urbi
3446 3547 3568 3613 Opis

1995 3645 2100 3684 una
2123 3647 2244 3684 cum
2271 3632 2598 3701 imperatore
2620 3632 2804 3686 fratre.
2831 3635 3186 3688 Turachanes
3211 3633 3371 3702 igitur
3394 3648 3451 3689 ut
3477 3637 3570 3688 ad-

1994 3723 2162 3786 venit,
2194 3723 2381 3775 Isthmi
2418 3725 2819 3791 propugnacula
2849 3725 3012 3794 cepit,
3049 3725 3474 3793 cecideruntque
3504 3743 3571 3780 ex

1998 3821 2229 3881 utraque
2247 3823 2418 3881 parte,
2435 3813 2870 3868 Christianorum
2889 3826 2940 3868 et
2960 3815 3569 3884 inﬁdelium,permulti,

1998 3905 2090 3957 sed
2124 3903 2339 3957 illorum
2387 3905 2592 3973 plures,
2631 3905 2722 3972 qui
2771 3903 2929 3956 iidem
2962 3904 3098 3974 fugae
3136 3920 3192 3958 se
3222 3906 3566 3960 mandarunt.

1995 3995 2116 4064 Ipse
2169 3995 2387 4060 deinde,
2424 3995 2609 4049 relicta
2641 3995 2926 4057 Corintho,
2949 4011 3044 4064 per
3068 3996 3304 4050 mediam
3336 3997 3570 4052 insulam

2001 4086 2267 4155 procedit,
2300 4086 2541 4154 capiens,
2578 4085 2822 4153 spolians
2851 4123 2866 4149 ,
2897 4089 2949 4137 in
2985 4086 3300 4140 servitutem
3328 4087 3573 4156 redigens

2000 4193 2357 4248 quoscunque
2389 4177 2605 4239 obvios,
2641 4181 2997 4246 pervenitque
3021 4177 3086 4230 ad
3112 4179 3449 4240 provinciam
3472 4179 3575 4230 Ar-

2001 4270 2168 4325 cadia:
2198 4277 2250 4322 et
2273 4268 2448 4321 sinum
2476 4269 2901 4328 Messeniacum,
2929 4277 2981 4321 et
3010 4267 3095 4321 via
3137 4268 3428 4321 lthomensi
3455 4284 3574 4336 pro-

2002 4361 2249 4431 grediens
2271 4358 2438 4412 totum
2458 4363 2633 4414 sinum
2656 4359 3044 4414 Messeniacum
3059 4359 3384 4414 Mantineam
3407 4376 3575 4428 usque

339 4457 471 4511 pore
500 4454 735 4497 castrum
756 4445 1052 4513 perfectum
1073 4457 1602 4517 est,ex5Iructzeque
1628 4451 1680 4502 in
1707 4466 1771 4503 eo
1794 4462 1903 4504 tres
1937 4452 1978 4505 ι)
2009 4453 2394 4521 depopulatur.
2432 4450 2745 4520 Perspectis
2772 4447 2952 4504 autem
3016 4451 3253 4520 regionis
3311 4459 3507 4518 august
3533 4453 3575 4505 is

339 4544 514 4587 turres
548 4533 735 4598 ﬁrma),
769 4539 886 4589 duae
916 4539 1282 4593 continentem
1314 4555 1541 4606 versus;
1577 4543 1752 4608 tertia,
1794 4544 1902 4597 illis

339 4628 500 4695 paulo
527 4627 706 4688 altior,
732 4627 797 4678 ad
824 4641 988 4679 mare.
1012 4627 1291 4682 Murornm
1313 4631 1542 4684 latitudo
1563 4640 1680 4684 erat
1710 4632 1902 4700 viginti

338 4718 577 4786 quinque
593 4718 811 4785 pedum,
834 4718 1060 4770 interius
1077 4721 1311 4785 spatium
1335 4721 1569 4774 duorum
1585 4733 1636 4775 et
1656 4724 1902 4792 triginta.

340 4813 567 4866 Easdem
594 4812 813 4878 plumbo
846 4812 980 4863 texit
1008 4820 1061 4864 et
1090 4820 1265 4865 totum
1295 4823 1532 4866 castrum
1559 4813 1694 4868 bene
1730 4815 1908 4868 muni-

339 4906 416 4956 vit
439 4916 492 4955 et
519 4904 770 4971 praesidio
795 4904 1052 4958 tirmavit.
1082 4903 1284 4958 Deinde
1309 4903 1568 4957 vicesimo
1599 4914 1791 4958 octavo
1823 4907 1908 4960 die

339 4998 566 5065 Augusti
588 4997 712 5049 inde
737 5011 1010 5065 egressus,
1029 4997 1084 5049 in
1119 4996 1289 5050 vallos
1316 4996 1462 5051 urbis
1492 4996 1907 5063 impressionem

341 5090 489 5154 fecit,
523 5105 584 5142 ac
617 5089 788 5157 primo
812 5086 1144 5155 Septembris
1163 5088 1288 5142 anni
1329 5087 1461 5141 6961
1495 5088 1904 5157 Adrianopolim

340 5183 626 5246 concessit,
646 5182 856 5236 duobus
883 5181 990 5236 illis
1011 5182 1201 5236 diebus
1219 5181 1390 5245 urbis,
1411 5189 1470 5234 ut
1501 5181 1732 5243 videtur,
1767 5195 1903 5234 mm~

345 5277 432 5328 n‘a
467 5285 520 5327 et
569 5272 769 5333 fossas,
798 5282 850 5325 et
879 5272 924 5326 si
963 5271 1089 5340 quid
1118 5271 1259 5326 aliud
1292 5272 1529 5332 volebat.
1565 5272 1900 5341 speculatus.

346 5367 542 5421 Eodem
597 5374 884 5428 autumno,
915 5365 1169 5420 Octobris
1193 5365 1282 5419 die
1312 5365 1508 5433 primo,
1535 5363 1906 5419 Turacbanem

342 5467 394 5510 et
432 5457 569 5512 duos
622 5457 761 5510 ﬁlios
812 5456 948 5525 ejus,
975 5457 1323 5510 Achumatem
1369 5466 1421 5509 et
1460 5457 1706 5509 Amarim
1737 5495 1750 5513 .
1785 5471 1906 5508 cum

344 5549 583 5603 exercitu
602 5548 804 5616 ingenti
830 5549 882 5600 in
909 5547 1338 5614 Peloponnesum
1375 5549 1904 5617 misit.utdespotas.

345 5639 538 5695 fratres
561 5641 900 5709 imperatoris
923 5640 1057 5692 bello
1080 5640 1250 5692 adorti
1283 5641 1651 5706 prohiberent,
1679 5657 1766 5701 ne.
1789 5640 1912 5692 reli-

349 5731 451 5788 ctis
500 5733 607 5787 illis
663 5730 815 5793 locis,
847 5729 1159 5796 imperaturi
1192 5728 1391 5782 auxilio
1446 5731 1712 5793 venirent,
1751 5744 1910 5780 man-

2005 4552 2056 4596 et
2090 4554 2282 4596 natura
2306 4544 2470 4603 invia,
2492 4558 2585 4612 per
2602 4559 2763 4612 quam
2787 4552 2930 4597 totus
2951 4542 3112 4596 simul
3135 4543 3405 4596 exercitus
3433 4553 3575 4595 tran-

2007 4633 2114 4689 sire
2139 4650 2242 4688 non
2256 4645 2461 4703 posset,
2495 4635 2727 4688 militum
2751 4646 3097 4688 strenuorum
3120 4642 3269 4702 parte
3285 4633 3574 4687 Achumati

2010 4727 2117 4780 tilio
2153 4729 2464 4786 commissa.
2500 4727 2581 4779 via
2610 4743 2732 4779 eum
2756 4743 2876 4796 qua).
2902 4736 3052 4780 trans
3080 4725 3394 4780 Leontarim
3443 4727 3573 4790 fert,

2008 4819 2302 4888 procedere
2323 4819 2511 4887 jussit.
2530 4817 2597 4872 At
2616 4821 2776 4872 aliam
2800 4822 2844 4873 is
2869 4821 3008 4872 viam
3033 4819 3314 4884 ingressus
3334 4828 3438 4874 est.
3457 4820 3576 4884 Quo

2011 4920 2310 4976 comperto.
2341 4909 2579 4976 despotae
2615 4908 2810 4963 fratres
2833 4909 3141 4963 Matthamm
3176 4908 3410 4963 Asanem
3437 4910 3574 4964 clam

2013 5015 2134 5054 cum
2169 5001 2406 5054 exercitu
2439 5001 2655 5053 mittunt
2685 5020 2697 5065 ;
2729 5003 2820 5069 qui
2855 5001 2944 5055 ubi
3001 5009 3368 5070 pervenerunt
3408 5001 3460 5054 in
3504 5002 3578 5055 lo-

2013 5105 2158 5152 cum,
2192 5106 2349 5158 quem
2384 5091 2706 5144 illitransire
2738 5093 3160 5152 vellent.subito
3188 5093 3241 5145 in
3274 5093 3574 5148 eosincur-

2016 5183 2168 5236 sione
2192 5181 2351 5241 facta,
2376 5197 2480 5234 non
2510 5197 2711 5250 paucos
2730 5185 2922 5252 partim
2951 5185 3230 5251 occidunt,
3260 5185 3455 5253 partim
3483 5198 3576 5238 ca-

2019 5274 2193 5342 piunt,
2232 5274 2282 5326 in
2315 5273 2396 5326 his
2422 5275 2595 5342 ipsum
2623 5275 2960 5330 Turachauis
2990 5275 3155 5328 (ilium
3191 5277 3574 5338 Achumatem,

2015 5378 2172 5430 quem
2205 5361 2449 5430 Spartam
2496 5364 2562 5416 ad
2622 5361 2946 5417 Demetrium
3011 5367 3290 5433 despotam
3333 5366 3573 5417 mittunt.

2016 5457 2234 5510 Decimo
2269 5456 2496 5523 septimo
2528 5455 2616 5508 dte
2659 5454 2895 5508 Lnuarii
2935 5456 3061 5508 anni
3111 5457 3350 5524 ejusdem
3414 5465 3576 5510 natus

2015 5558 2097 5599 est
2129 5545 2548 5614 Palmulogorum
2578 5555 2630 5598 et
2661 5547 2871 5613 imperii
2901 5562 3185 5614 parvaeque
3222 5545 3383 5610 hujus
3433 5547 3576 5599 scin-

2017 5639 2146 5689 tillae
2174 5636 2538 5689 Romanorum
2561 5636 3009 5699 hacres,Andreas
3027 5637 3379 5701 Palmologus,
3425 5633 3572 5690 Tho-

2021 5745 2119 5781 ma:
2155 5728 2594 5799 porphyrogeniti
2622 5728 2863 5797 despota:
2900 5730 3064 5781 tilius.
