4066 6296
1854 229 1883 262 ι

575 333 683 395 3'35

1755 337 2083 398 GEORGII
2123 337 2541 399 PHRANTZAE

3734 334 3838 398 836

649 448 760 501 Καὶ
787 447 958 501 ταῦτα
1006 448 1105 517 μὲν
1148 448 1212 517 δὴ
1259 449 1431 508 οὕτως
1463 448 1608 520 εἶχον
1642 450 1711 502 τὰ
1740 452 1837 516 τῆς
1873 452 2145 504 Πελοπον-
2172 449 2223 510 Α
2249 428 2342 505 τοῦ
2398 453 2799 523 χαρακώματος
2848 450 3197 519 περιίσταντο
3234 449 3285 501 οῖ
3345 447 3689 517 ῖαννιτζάροι
3738 451 3832 501 σὺν

578 542 767 607 νήσου.
803 540 892 601 Ὠς
924 539 979 591 δὲ
1013 539 1073 592 τὸ
1100 539 1200 608 έαρ
1238 540 1577 610 ἐπέλαμψεν,
1610 543 1637 593 6
1667 543 1913 611 ἀμηρᾶς,
1948 542 2007 594 δν
2030 539 2145 611 εἷχε

576 630 1091 697 κατεσκευασμένον
1119 631 1308 682 στόλον
1341 632 1709 699 οἰκονομήσας
1738 633 1838 692 τὰς
1876 632 2149 695 ὲλεόόλεις

573 738 677 775 κατ
710 721 1085 782 ἐλεϐολίσκους
1115 726 1210 774 καὶ
1239 722 1431 791 ἐτέρας
1465 710 1737 792 μηχανάξ,
1763 724 1828 784 ἀς
1858 720 1971 794 εἶχε
2016 742 2150 794 προ-

574 813 1012 882 ητοιμασμένας,
1060 808 1172 865 εἶτε
1200 812 1513 885 ἔμπροσθεν
1560 816 1773 877 στείλας
1797 814 1889 867 τὸν
1921 817 2149 885 Χαρατὴ

580 906 825 974 μπασιᾶν
860 905 998 972 μετὰ
1028 905 1324 973 φουσάτου,
1373 906 1467 958 καὶ
1506 905 1678 958 ἐλθὼν
1721 905 2015 958 ἀπέκλεισε
2049 906 2147 975 τὴν

577 996 754 1048 πόλιν.
786 996 897 1047 Καὶ
928 994 1036 1062 πρὸ
1055 994 1151 1046 τοῦ
1177 995 1350 1047 ἐλθεῖν
1378 998 1472 1047 τὸν
1495 998 1743 1065 ἀμηρᾶν,
1793 998 1917 1058 τοὺς
1946 997 2149 1061 ἔξωθεν

578 1085 828 1153 πύργους
862 1084 961 1152 τῆς
999 1084 1208 1148 πόλεως
1233 1087 1357 1146 τοὺς
1389 1087 1447 1137 ἐν
1483 1086 1674 1155 ἀγροῖς
1705 1086 1799 1138 καὶ
1827 1086 2063 1154 κώμαις,
2095 1089 2151 1139 ἐν

575 1170 656 1236 οἷς
686 1172 826 1243 ἦσάν
871 1193 1020 1237 τινες
1053 1175 1333 1244 ἄνθρωποι
1368 1178 1727 1245 συναχθέντες
1755 1176 1844 1229 διὰ
1869 1178 1930 1229 τὺ
1972 1178 2156 1245 αἰφνίο

576 1270 693 1321 διον
743 1269 839 1320 τοῦ
894 1267 1152 1336 στρατοῦ,
1190 1268 1612 1337 ἐξεπολιόρκησε
1645 1269 1740 1321 καὶ
1782 1270 2021 1338 ἐπῇρεν.⁸
2060 1267 2153 1331 Ἐξ

574 1357 757 1409 αὐτῶν
804 1357 972 1425 μέρος
1014 1358 1112 1425 μὲν
1143 1357 1302 1427 237
1339 1357 1723 1419 ἐδουλώσαντο,
1758 1360 1852 1411 καὶ
1890 1358 2056 1427 μέρος
2088 1358 2153 1410 ἐκ

575 1447 670 1499 τοῦ
698 1446 891 1516 λοιμοῦ
932 1448 1026 1499 καὶ
1064 1447 1162 1516 τῆς
1194 1448 1360 1517 ἄλλης
1404 1449 1779 1510 κακοπαθείας
1824 1451 2019 1518 ἐπῇρε,
2058 1450 2154 1502 καὶ

573 1538 671 1589 οὐκ
710 1537 924 1603 ὀλίγους
972 1538 1335 1605 Χριστιανοὺς
1383 1537 1755 1606 ᾑχμαλώτισε.
1809 1536 1892 1587 Τὰ
1952 1535 2008 1587 δὲ
2057 1535 2151 1588 τοῦ

574 1626 815 1694 πολέμου
846 1628 1123 1694 ἀναγκαῖα
1155 1627 1252 1680 καὶ
1293 1627 1576 1695 ἐπιτήδεια
1611 1626 1707 1679 καὶ
1743 1625 1983 1695 μηχαναὶ
2023 1626 2153 1679 ἀνα-

577 1718 743 1784 μέσον
760 1717 993 1785 ἤρχοντο
1022 1718 1225 1769 πολλάο
1251 1718 1446 1785 ἔφερον
1476 1718 1582 1786 γὰρ
1617 1717 1885 1777 ἐλεϐόλεις
1924 1716 2146 1778 πολλάς.

2258 546 2373 604 τοῖς
2422 543 2605 605 ἀλλοις
2660 542 2907 610 εύγενέσι
2955 539 3051 593 τοῦ
3107 538 3372 591 παλατίου
3436 537 3630 589 αὐτοῦ.
3667 537 3733 590 Ὀ
3780 538 3834 591 δὲ

2257 634 2504 701 μπασιᾶς
2548 633 2576 685 6
2610 632 2704 685 τοῦ
2737 632 2929 701 ἀμηρᾶ
2978 630 3252 699 συγγενὴς
3294 628 3468 682 ἐλθὼν
3512 629 3833 697 ἐσκήνωσεν

2254 722 2370 791 ἅμα
2412 722 2488 790 τῷ
2547 723 2971 792 ἐμπιστευθέντι
3014 721 3165 790 αὐτῷ
3222 719 3442 790 στρατῷ
3476 718 3695 773 ἀνωθεν
3742 719 3833 771 τοῦ

2257 814 2294 864 Γ
2300 812 2492 866 αλατᾶ.
2529 814 2638 866 Καὶ
2666 814 2733 883 τῇ
2764 813 2900 882 αὐτῇ
2939 813 3122 882 ἡμέρᾳ
3152 809 3388 877 ἐφθασεν
3418 809 3511 861 καὶ
3538 807 3713 878 μέρος
3742 808 3832 860 τοῦ

2255 904 2442 956 στόλου
2473 905 2663 969 αὑτοῦ,
2702 905 2798 957 καλ⁸
2831 903 3161 973 ἐπλησίασεν
3192 900 3359 970 238
3390 901 3447 953 ἐν
3478 902 3602 961 ταῖς
3636 900 3832 959 ἀκταῖς

2252 998 2349 1065 τῆς
2379 995 2653 1066 θαλάσσης
2699 997 2799 1065 τῆς
2830 996 3062 1057 πόλεως.
3090 990 3274 1047 Ἦσαν
3304 992 3361 1045 δὲ
3407 993 3668 1062 τριήρεις
3701 991 3831 1045 ὡσεὶ

2253 1088 2550 1157 τριάκοντα
2578 1092 2671 1141 καὶ
2713 1089 3017 1157 δρόμωνες,
3051 1088 3176 1156 νῆες
3208 1085 3266 1138 δὲ
3305 1086 3398 1139 καὶ
3439 1085 3711 1153 πλοιάρια
3740 1086 3830 1138 καὶ

2257 1181 2515 1250 μονήρεις
2550 1180 2849 1250 τριάκοντα
2894 1179 2992 1233 καὶ
3029 1178 3247 1232 ἑκατόν.
3282 1178 3389 1231 Kal.
3438 1176 3617 1239 οὕτως
3653 1177 3819 1245 παρέ-

2254 1286 2419 1321 πεται
2455 1272 2519 1339 τῇ
2554 1270 2708 1322 πόλει
2749 1268 3056 1338 πολιορκῶν
3082 1269 3253 1337 αὐτὴν
3302 1268 3438 1321 πᾶσι
3475 1267 3706 1335 τρόποις
3733 1267 3826 1318 καὶ

2258 1362 2554 1428 μηχαναῖς,
2586 1360 2674 1413 διά
2722 1359 2892 1430 ξηρᾶς
2927 1361 3022 1414 καὶ
3072 1360 3354 1429 θαλάσσης
3401 1357 3822 1427 περικυκλώσας

2252 1453 2319 1506 τὰ
2348 1453 2480 1505 δέκα
2535 1451 2680 1506 ὀκτὼ
2725 1452 2877 1522 μίλια
2927 1451 3030 1520 τῆς
3072 1450 3303 1512 πόλεως.
3349 1449 3457 1502 Καὶ
3488 1450 3516 1501 6
3571 1447 3819 1515 βασιλεὺς

2254 1544 2556 1612 προσέταξε
2592 1543 2691 1614 τὴν
2738 1544 2927 1612 σειρὰν
2961 1542 3061 1611 τὴν
3102 1541 3331 1610 σιδηρᾶν
3376 1541 3475 1609 τὴν
3509 1537 3817 1608 βαρυτάτην

2255 1636 2312 1687 ἐν
2341 1635 2420 1704 τῷ
2454 1637 2684 1704 στόματι
2719 1635 2812 1688 τοῦ
2849 1634 3071 1703 λιμένος
3113 1631 3314 1701 βαλεῖν,
3352 1630 3437 1682 ἵνα
3482 1629 3582 1682 τοῦ
3614 1629 3811 1687 στόλου.

2255 1723 2399 1790 λέγω
2443 1724 2552 1776 τῶν
2595 1722 2871 1791 πολεμίων
2920 1721 3147 1784 πλοίων,
3194 1717 3412 1788 κωλύσῃ
3464 1716 3566 1783 τὴν
3596 1715 3807 1782 ἔφοδον·

589 1807 679 1870 ἘΞ
709 1808 893 1859 αὐτῶν
925 1809 979 1860 δέ
1012 1826 1161 1868 τινες
1198 1808 1457 1860 τοσοῦτον
1491 1809 1739 1876 ὑπῆρχον
1774 1808 1853 1869 εἰς
1897 1807 2145 1873 μέγεθος.
2180 1789 2222 1843 Β
2254 1789 2457 1867 ἔσωθεν
2487 1816 2543 1868 δὲ
2574 1815 2674 1884 τῆς
2712 1789 2917 1868 ἀλύσου
2950 1812 3051 1873 τὰς
3088 1808 3509 1879 παρατυχούσας
3550 1806 3684 1873 νῆας
3710 1806 3806 1857 ἐνέ-

574 1897 642 1958 ἀς
670 1900 771 1951 οὐκ
819 1898 1077 1952 ἐδύναντο
1127 1899 1540 1967 τεσσαράκοντα
1573 1899 1742 1967 ζεύγη
1782 1898 1918 1964 βοῶν
1963 1898 2149 1966 σύρειν

579 1989 819 2057 ἑκάστην
845 1990 1025 2042 αὐτῶν
1069 1990 1101 2059 ἢ
1135 1990 1230 2041 καὶ
1265 1990 1606 2057 πεντήκοντα
1642 1989 1811 2057 ζεύγη
1859 1990 1954 2043 καὶ
1987 1990 2151 2041 πλέον

578 2079 611 2147 ἢ
644 2079 736 2132 δύο
768 2079 1008 2149 χιλιάδες
1043 2081 1342 2150 ἄνθρωποι.
1371 2081 1478 2133 Καὶ
1517 2084 1582 2149 τῇ
1618 2080 1665 2150 β’
1708 2080 1801 2133 τοῦ
1832 2080 2151 2149 Ἀπριλλίου

580 2172 786 2237 ἔφθασε
844 2173 940 2226 καὶ
983 2175 1010 2225 6
1050 2175 1275 2243 ἀμηρᾶς
1325 2173 1464 2243 μετά
1518 2174 1724 2240 πλῆθος
1778 2174 2152 2243 ἀναρίθμητον

582 2260 820 2331 στρατοῦ
852 2261 1081 2314 ἱππικοῦ
1112 2279 1172 2314 τε
1205 2268 1298 2316 καὶ
1346 2262 1539 2324 πεζοῦ.
1581 2263 1785 2316 Ἐλθὼν
1822 2263 1919 2331 τὴν
1947 2263 2152 2331 σκηνὴν

578 2352 743 2405 αὑτοῦ
800 2354 1078 2422 πήγνυσιν
1113 2353 1175 2416 ἐξ
1214 2353 1461 2414 ἐναντίας
1499 2354 1600 2422 τῆς
1641 2353 1817 2422 πύλης
1863 2351 1960 2405 τοῦ
1993 2354 2149 2419 ἁγίου

584 2444 893 2512 Ῥωμανοῦ,
944 2445 1034 2495 καὶ
1095 2446 1122 2495 6
1158 2444 1393 2512 στρατὸς
1448 2444 1584 2496 ὡσεὶ⁵
1634 2444 1820 2513 ἄμμος
1872 2443 2150 2511 θαλάσσης

574 2534 718 2587 κατὰ
745 2537 807 2588 τὸ
847 2534 1158 2603 Έξαμίλιον
1189 2534 1289 2600 τῆς
1315 2533 1517 2604 χέρσου
1547 2534 1611 2586 ἐκ
1641 2534 1742 2601 τῆς
1789 2535 1920 2603 μιᾶς
1948 2535 2151 2587 θαλάσ-

576 2644 678 2692 σης
704 2627 798 2678 καὶ
829 2628 893 2677 ἐκ
918 2627 1015 2694 τῆς
1044 2626 1258 2695 ἐτέρας.
1288 2626 1399 2677 Ka‘t
1426 2627 1453 2678 6
1476 2626 1575 2693 τῆς
1593 2625 1893 2694 Ἀνατολῆς
1922 2627 2151 2696 στρατὸς

562 2700 818 2786 ¹ἐπήξατο
851 2716 954 2778 τὰς
998 2716 1206 2784 σκηνὰς
1245 2717 1425 2769 αὐτῶν
1457 2717 1517 2769 ἐν
1558 2719 1675 2778 τοῖς
1712 2716 1908 2781 δεξιοῖς
1959 2718 2150 2786 μέρεσι

576 2810 670 2864 τοῦ
703 2811 898 2880 ἀμηρᾶ
927 2809 1024 2862 καὶ
1052 2809 1155 2871 ἕως
1190 2808 1302 2861 τῶν
1332 2808 1514 2860 ἀκτῶν
1542 2807 1641 2875 τῆς
1670 2807 1948 2877 θαλάσσης
1974 2808 2150 2875 πύλης

578 2903 680 2970 τῆς
714 2902 961 2972 Χρυσῆς,
987 2903 1015 2954 6
1043 2902 1099 2953 δὲ
1126 2900 1227 2967 τῆς
1260 2900 1530 2969 Εὐρώπης
1563 2901 1619 2951 ἐν
1648 2902 1711 2968 τῇ
1761 2902 2027 2969 ἀριστερᾷ
2055 2902 2148 2952 καὶ

573 2994 679 3056 ἕως
710 3000 806 3062 τῆς
830 2993 1006 3062 πύλης
1025 2994 1123 3060 τῆς
1156 2988 1386 3060 Ξυλίνης
1406 2991 1517 3043 τῶν
1547 2991 1728 3044 ἀκτῶν
1756 2993 1849 3045 τοῦ
1878 2994 2147 3061 Κερατῖου

577 3089 802 3142 κόλπου.
838 3088 950 3140 Καὶ
976 3087 1003 3139 6
1029 3087 1252 3155 ἀμηρᾶς
1281 3086 1713 3155 περιεκυκλοῦτο
1757 3087 2009 3158 ὁρυκτοῖς
2046 3105 2146 3158 χα·
2173 3116 2216 3174 c

578 3179 869 3248 ρακώμασι
900 3178 995 3232 καὶ
1026 3176 1256 3241 ξυλίνοις
1281 3179 1796 3248 περισταυρώμασι,
1826 3180 1918 3231 καὶ
1944 3178 2142 3242 ἔξωθεν

646 3355 726 3409 Ac
756 3369 843 3409 res
869 3354 1342 3422 Peloponnesiacae
1365 3354 1584 3423 quidem
1621 3355 1755 3410 tales
1774 3354 2014 3411 fuerunt.
2043 3355 2147 3411 Ve-

488 3426 493 3433 ‘
577 3458 635 3499 re
664 3454 847 3500 autem
881 3445 1190 3513 ingruente,
1229 3458 1443 3499 amcras
1474 3459 1601 3499 cum
1637 3446 1839 3511 classe,
1869 3460 2032 3514 quam
2058 3446 2145 3500 in—

575 3545 840 3593 structam
871 3536 1125 3599 habebat.
1164 3544 1452 3605 postquam
1484 3537 1758 3605 expedivit
1795 3536 2061 3606 helepoles
2089 3546 2144 3593 et

577 3627 937 3683 heleboliscos
966 3627 1239 3696 aliasque,
1276 3642 1414 3697 quas
1461 3637 1771 3696 paraverat,
1836 3628 2142 3693 machinas,

570 3719 1078 3788 Charatebpasiane
1105 3734 1228 3774 cuni
1293 3720 1537 3774 exercitu
1574 3721 1858 3788 praemisso
1879 3760 1893 3783 ,
1926 3720 2145 3776 advenit

573 3812 875 3879 urbemque
911 3811 1196 3877 obsidione
1222 3812 1423 3879 pressit
1454 3818 1618 3864 :ante
1646 3819 1825 3866 tamen
1850 3820 2028 3867 turres
2043 3828 2143 3867 ex-

576 3915 656 3956 tra
683 3904 871 3957 urbem
908 3903 961 3957 in
996 3902 1143 3971 agris
1177 3903 1424 3971 vicisque
1450 3904 1605 3965 sitas,
1629 3903 1683 3956 in
1711 3919 1849 3972 quas
1894 3904 2142 3958 nonnulli

573 4003 797 4065 propter
811 3996 1151 4064 repentinam
1177 3995 1421 4050 hostiqu
1444 3994 1809 4064 irruptionem
1843 4011 1901 4049 se
1922 4011 2143 4064 recepe-

576 4095 716 4151 rant,
751 4096 1090 4156 expugnatas
1120 4089 1336 4142 evertit.
1365 4086 1566 4141 Horum
1595 4096 1801 4156 partem
1821 4088 1877 4141 in
1905 4088 2142 4143 servitu-

574 4188 683 4233 tem
714 4181 927 4249 redigit,
953 4188 1160 4248 partem
1192 4190 1341 4247 peste
1362 4190 1417 4234 et
1446 4180 1570 4234 aliis
1596 4180 1963 4236 incommodis
2008 4196 2143 4235 con-

459 4323 465 4327 _
575 4270 727 4337 fecit,
755 4287 819 4327 ac.
842 4287 952 4327 non
981 4272 1139 4341 pauci
1166 4271 1467 4326 Christiani
1502 4270 1702 4339 ca’ptivi
1723 4272 1850 4326 facti
1876 4279 2023 4328 sunt.
2038 4270 2145 4326 Res

580 4361 649 4414 ad
680 4361 879 4415 bellum
905 4360 1230 4415 necessaria:
1259 4368 1313 4413 et
1348 4358 1507 4413 utiles
1536 4374 1661 4413 cum
1695 4359 1967 4413 machinis
2003 4361 2145 4414 inte-

2254 1906 2471 1969 ϐάλλον,
2516 1908 2662 1970 ὅπως
2720 1905 3091 1974 ἰσχυροτέρως
3140 1900 3432 1955 κωλύσωσι
3466 1900 3568 1966 τήν
3614 1895 3803 1950 εῖσοδον

2253 2000 2348 2051 καὶ
2382 1999 2525 2052 κατά
2553 1997 2661 2051 τῶν
2685 1996 2897 2066 ἐχθρῶν
2927 1993 3356 2063 ἀντιμάχωνται.
3398 1985 3585 2043 Ἦσαν
3610 1988 3661 2040 δὲ
3685 1987 3802 2055 νῆες

2252 2089 2523 2152 τοιαῦται,
2557 2091 2619 2140 ἐκ
2678 2088 2776 2157 μὲν
2828 2086 3123 2155 Λιγουρίας
3163 2084 3333 2151 τρεῖς.
3375 2081 3440 2133 ἐκ
3465 2079 3523 2131 δὲ
3576 2077 3795 2147 Ἰϐηρίας

2254 2182 2373 2251 ἦτοι
2428 2178 2733 2240 Καστελίας
2789 2180 2909 2245 μία,
2941 2179 3005 2230 ἐκ
3051 2174 3149 2228 τοῦ
3196 2172 3402 2226 Γάλλου
3429 2170 3528 2238 τῆς
3585 2166 3794 2236 Προὸέν-

2253 2274 2409 2337 τζιας
2484 2312 2500 2327 .
2578 2312 2591 2326 .
2673 2308 2728 2335 .,
2764 2271 2828 2322 ἐκ
2870 2268 2928 2323 δὲ
2962 2269 3061 2336 τῆς
3098 2265 3327 2333 Κρήτης
3384 2263 3561 2326 τρεῖς,
3605 2261 3665 2312 ἐκ
3711 2261 3799 2324 τῆς

2254 2364 2464 2425 πόλεως
2491 2360 2792 2431 λεγομένης
2818 2358 3035 2423 Χάνδαξ
3075 2358 3107 2425 ἡ
3143 2355 3243 2423 μία
3275 2353 3367 2405 καὶ
3397 2352 3452 2405 al
3481 2350 3579 2403 δύο
3612 2352 3669 2402 ἐκ
3702 2350 3803 2402 Ku-

2254 2455 2472 2518 δωνίας,
2499 2454 2672 2507 πᾶσαι
2706 2451 2785 2513 είς
2809 2449 3119 2519 παράταξιν
3142 2446 3273 2499 πολε
3284 2444 3451 2513 μικὴν
3477 2442 3659 2500 καλῶς
3678 2442 3802 2508 ἡτοι-

2256 2540 2552 2611 μασμέναι.
2587 2540 2823 2606 Ἔτυχον
2849 2536 2907 2589 δέ
2938 2538 3034 2589 καὶ
3055 2537 3118 2587 ἐκ
3150 2534 3263 2586 τῶν
3301 2531 3535 2585 Ἐνετῶν
3577 2529 3797 2598 τριήρεις

2254 2630 2555 2700 ἐμπορικαὶ
2612 2630 2851 2698 μεγάλαι
2909 2630 3082 2698 τρεῖς,
3141 2627 3206 2689 ἃς
3246 2626 3297 2679 οί
3344 2624 3540 2678 Ἰταλοὶ
3594 2621 3788 2676 εἰώθασι

2251 2721 2495 2792 γρόσσας
2518 2719 2759 2790 γαλέρας
2792 2720 2981 2773 καλεῖν
3013 2718 3046 2788 ἢ
3075 2717 3277 2787 μᾶλλον
3297 2718 3474 2769 εῖπεῖν
3492 2715 3786 2783 γαλεάτζας,

2253 2811 2350 2864 καὶ
2374 2812 2561 2882 ἕτεραι
2590 2814 2834 2881 τριήρεις
2870 2811 3083 2879 ταχεῖαι
3113 2808 3249 2877 πρὸς
3295 2806 3529 2877 φύλαξιν
3552 2806 3640 2860 καὶ
3668 2807 3791 2869 ὑπηο

2256 2904 2441 2972 ρεσίαν
2470 2901 2579 2955 τῶν
2602 2901 2923 2970 ἐμπορικῶν
2946 2899 3300 2969 τεταγμέναι.
3340 2897 3449 2952 Kal.
3480 2895 3788 2966 προσέταξεν

2252 2996 2281 3046 6
2318 2992 2570 3062 βασιλεὺς
2601 2992 2689 3044 ῖνα
2719 2990 2813 3044 καὶ
2846 2990 3005 3043 αὐταὶ
3030 2989 3466 3059 ὲναπομείνωσιν
3487 2989 3563 3048 είς
3590 2984 3783 3051 συνδρηο

2259 3084 2365 3152 μὴν
2392 3085 2492 3154 τῆς
2522 3082 2756 3146 πόλεως.
2786 3082 2899 3138 Καὶ
2928 3079 3073 3135 οὕτω
3102 3080 3172 3133 τά
3217 3080 3315 3133 τοῦ
3363 3080 3567 3149 λιμένος
3598 3074 3781 3133 ὠκονό-

2252 3193 2413 3246 μητο,
2448 3168 2521 3227 ετξ
2546 3173 2603 3228 δέ
2633 3174 2733 3241 τῆς
2774 3173 2972 3243 χέρσου
3022 3172 3260 3243 ἔστησαν
3286 3172 3337 3224 οῖ
3390 3169 3608 3224 ἐναντίοι
3633 3158 3787 3236 239

2246 3368 2443 3407 amarae
2472 3368 2594 3407 eum
2616 3353 2860 3407 exercitu
2879 3350 2983 3406 sibi
3026 3350 3320 3407 commisso
3350 3363 3513 3419 supra
3562 3346 3796 3402 Galam

2245 3453 2429 3502 castra
2458 3445 2658 3529 posuit.
2683 3444 2885 3499 Eodem
2899 3444 2987 3498 die
3011 3457 3137 3512 pars
3150 3443 3338 3498 classis
3357 3428 3565 3495 advenit
3587 3445 3640 3491 et
3672 3450 3803 3506 pro-

2245 3554 2314 3608 pe
2347 3538 2533 3591 urbem
2571 3537 2636 3590 ad
2661 3535 2818 3592 littus
2839 3536 3009 3591 maris
3036 3535 3262 3605 appulit.
3298 3532 3461 3587 Erant
3478 3530 3728 3584 triremes
3750 3538 3804 3582 et

2245 3630 2538 3684 dromones
2559 3628 2777 3684 circiter
2804 3627 3047 3699 triginta.
3075 3641 3243 3682 naves
3268 3626 3510 3680 minores
3536 3631 3715 3678 autem
3750 3628 3803 3675 et

2247 3719 2519 3775 uniremes
2550 3728 2771 3775 centum
2800 3727 2857 3773 et
2887 3719 3131 3789 triginta.
3164 3716 3239 3771 [ta
3270 3716 3336 3771 ad
3368 3715 3555 3769 urbem
3605 3711 3806 3768 accedit

2244 3810 2563 3880 ohsidetque
2589 3825 2707 3865 eam
2738 3809 2887 3864 omni
2919 3810 3078 3865 modo
3102 3808 3402 3877 omnisque
3430 3807 3642 3875 generis
3686 3818 3798 3857 ma-

2244 3900 2443 3962 chinis.
2474 3911 2620 3956 terra
2641 3901 2887 3971 marique
2921 3916 3016 3971 per
3043 3899 3347 3956 octodecim
3368 3898 3679 3952 milliarium
3699 3910 3805 3948 amo

2245 3995 2418 4049 bitum
2455 3993 2742 4051 inclusam.
2774 3990 3069 4063 Imperator
3112 3990 3627 4062 ponderosissimam
3670 3994 3804 4042 cate-

2247 4101 2369 4140 nam
2389 4084 2620 4140 ferream
2647 4086 2729 4140 ori
2751 4095 2936 4155 portus
2953 4084 3209 4155 praetendi
3225 4083 3413 4153 jussit,
3434 4097 3540 4152 qua
3564 4092 3803 4136 accessus

2247 4175 2466 4228 navium
2498 4174 2777 4230 hostilium
2806 4184 3087 4229 arceretur
3114 4190 3129 4240 ;
3165 4174 3305 4228 intra
3335 4187 3456 4227 eam
3479 4184 3663 4234 naves,
3689 4182 3801 4238 qua:

2249 4264 2384 4319 forte
2436 4265 2710 4329 aderant,
2765 4264 3174 4320 collocabantur
3228 4268 3297 4318 ad
3347 4263 3579 4318 validius
3634 4260 3808 4315 delen-

2246 4353 2482 4409 dendum
2506 4356 2711 4410 aditum
2726 4364 2778 4410 ct
2818 4356 3056 4425 impetus
3093 4354 3333 4410 hostium
3392 4351 3804 4423 propulsandus.

578 4454 680 4507 rim
712 4467 907 4522 magno
932 4466 1161 4504 numero
1186 4451 1596 4505 advehebantur
1632 4468 1645 4504 :
1678 4450 1733 4503 in
1758 4451 1843 4505 his
1872 4451 2146 4519 helepoles
2178 4454 2220 4508 D
2250 4446 2416 4501 Erant
2450 4463 2615 4503 naves
2658 4450 2740 4503 ha:
2788 4465 2804 4501 :
2847 4463 2877 4502 e
2927 4448 3143 4517 Liguria
3188 4456 3318 4509 tres,
3355 4461 3420 4499 εἰ
3471 4446 3650 4499 Iberia
3702 4440 3827 4498 Si“.

578 4543 886 4612 permultae,
931 4556 1163 4609 quarum
1198 4539 1471 4594 nonnulla:
1496 4546 1659 4592 tanta:
1677 4548 1832 4592 erant
1875 4541 2146 4608 magnitu-

571 4636 742 4700 dinis,
778 4643 835 4687 ut
863 4631 1091 4702 singulae
1109 4648 1137 4684 a
1166 4628 1526 4699 quadraginta
1547 4628 2032 4699 velquinquaginta
2057 4631 2145 4700 ju—

576 4726 659 4791 gis
705 4725 867 4776 boum
889 4732 1051 4791 atque
1072 4720 1357 4774 hominum
1382 4718 1503 4788 plus
1521 4718 1733 4771 duobus
1757 4718 2145 4774 millihnstrahi

576 4828 686 4867 non
713 4823 953 4881 possent.
984 4811 1234 4867 Secundo
1258 4808 1456 4879 Aprilis
1476 4808 1592 4877 ipse
1610 4824 1824 4865 ameras
1844 4810 1997 4864 aﬂ‘uit
2020 4826 2143 4866 cum

577 4905 749 4971 copiis
772 4905 1114 4972 equestribus
1144 4915 1202 4957 et
1230 4900 1577 4972 pedestribus
1598 4902 1991 4962 innumeris.et
2030 4913 2146 4956 ten-

576 4994 776 5049 torium
810 5010 877 5049 ex
905 4996 1136 5051 adverso
1167 5003 1336 5062 portae
1358 4995 1533 5048 sancti
1565 4994 1796 5047 Romani
1833 4994 1966 5057 ﬁxit,
1986 5004 2148 5064 atque

576 5084 854 5139 exercitus
885 5094 945 5139 ut
969 5101 1135 5139 arena
1159 5085 1327 5138 maris
1346 5084 1410 5138 ad
1438 5083 1805 5139 llexamilium
1832 5100 1925 5155 per
1944 5096 2144 5139 terram

573 5181 644 5233 ab
669 5192 779 5231 uno
812 5179 946 5231 mari
983 5178 1050 5232 ad
1077 5178 1309 5231 alterum
1342 5177 1812 5247 pertinuit,'atque
1865 5178 2147 5233 orientalis

574 5269 797 5340 quidem
830 5283 955 5336 pars
975 5284 1006 5322 a
1038 5268 1225 5322 dextra
1248 5283 1445 5322 ameraa
1467 5283 1641 5336 usque
1667 5268 1732 5322 ad
1759 5279 1990 5335 portam,
2028 5286 2148 5339 qua:

575 5372 659 5415 est
690 5362 743 5413 in
776 5361 975 5424 littore,
1009 5374 1231 5414 auream
1261 5370 1648 5415 castrametata
1689 5371 1791 5425 cst,
1818 5360 2076 5430 EurOpaea
2116 5379 2146 5417 a

576 5455 802 5508 sinistra
837 5468 1011 5522 usque
1033 5452 1100 5506 ad
1131 5453 1365 5522 ligneam
1394 5463 1605 5523 portam
1641 5454 1697 5507 in
1718 5453 1875 5508 sinus
1900 5454 2143 5507 Ceratiui

577 5551 760 5605 littore
788 5550 970 5603 sitam.
1003 5548 1133 5603 Erat
1161 5564 1376 5605 ameras
1412 5551 1554 5605 vallo
1596 5560 1651 5605 et
1708 5544 2148 5619 fossa'palisque

576 5642 810 5706 cinctus,
832 5650 889 5696 et
912 5651 1065 5696 extra
1096 5642 1299 5697 vallum
1335 5642 1866 5711 stabantjannitzari
1899 5657 2023 5696 cum
2064 5656 2149 5696 re-

575 5732 740 5800 liquis
760 5732 949 5804 palatii
996 5735 1336 5805 proceribus.
1382 5735 1569 5791 Pasias
1624 5743 1831 5801 autem,
1876 5743 2146 5804 cognatus

2246 4535 2469 4591 Castilia
2514 4552 2654 4602 una,
2690 4556 2720 4591 e
2759 4538 3043 4592 Provincia
3092 4536 3252 4592 Galli.
3285 4574 3372 4601 ..,
3397 4551 3428 4590 ο
3477 4529 3643 4591 Creta
3684 4544 3809 4601 tres,

2247 4642 2313 4681 ex
2363 4628 2516 4690 urbe,
2544 4628 2917 4683 cuiCha’ndax
2937 4644 3156 4692 nomen,
3201 4644 3331 4693 una,
3382 4626 3805 4698 Cydoniatarun

2248 4722 2387 4786 dum,
2449 4721 2727 4776 omnesad
2761 4736 2995 4790 pugnam
3025 4721 3193 4790 probe
3242 4722 3539 4776 instructae.
3578 4723 3811 4774 Aderant

2249 4822 2503 4882 prasterea
2532 4813 2859 4867 Venetorum
2902 4827 3113 4882 magna;
3169 4813 3421 4868 triremes
3476 4811 3809 4867 mercatoria

2249 4916 2379 4973 tres,
2416 4914 2554 4977 quas
2584 4904 2701 4961 Itali
2725 4921 2949 4977 magnas
2993 4905 3222 4977 galeras,
3280 4906 3395 4961 sive
3439 4906 3625 4976 potius
3675 4905 3809 4971 gate-

2248 5008 2398 5053 atzas
2434 4999 2712 5068 appellare
2764 4998 2988 5063 solent,
3045 5008 3100 5052 et
3142 4998 3263 5052 aliae
3310 4997 3562 5051 triremes
3604 4994 3810 5049 veloces

2248 5094 2314 5147 ad
2370 5091 2673 5146 custodiam
2736 5099 2788 5145 et
2861 5090 3083 5144 tutelam
3133 5088 3395 5144 mercium
3447 5087 3807 5142 constitutae:

2249 5199 2386 5255 quas
2436 5192 2492 5237 et
2531 5183 2680 5252 ipsas
2730 5180 3030 5249 imperator
3077 5180 3142 5235 ad
3197 5178 3630 5235 succurrendum
3695 5174 3807 5230 urbi

2252 5290 2472 5331 manere
2527 5274 2717 5345 jussit.
2778 5272 2897 5327 Hoc
2919 5274 3082 5327 modo
3119 5272 3285 5342 igitur
3315 5269 3493 5342 portui
3544 5269 3811 5337 prosisum

2249 5379 2351 5423 est.
2383 5368 2440 5421 In
2482 5378 2626 5421 terra
2657 5368 2842 5420 hostes
2868 5380 3119 5434 magnam
3145 5364 3292 5417 illam
3354 5362 3666 5431 helepolim,
3721 5374 3812 5413 cu-

2246 5463 2335 5529 jus
2386 5475 2450 5513 os
2474 5458 2694 5528 patebat
2740 5458 3043 5527 spithamas
3089 5454 3399 5519 duodecim,
3429 5462 3485 5509 et
3518 5453 3651 5507 alias
3673 5466 3819 5506 com-

2250 5554 2432 5620 plures
2457 5558 2698 5619 spectatu
2726 5549 2921 5617 dignas
2952 5548 3298 5602 collocarunt
3334 5563 3348 5611 ;
3378 5561 3443 5601 ac
3481 5545 3628 5599 fossa
3678 5541 3819 5595 mili-

2253 5643 2356 5696 tari
2388 5644 2493 5696 alta
2522 5642 2682 5695 ducta
2710 5640 2961 5709 palisquc
2983 5653 3221 5709 superne
3249 5636 3479 5701 munita,
3498 5634 3818 5705 jaculaban-

2251 5744 2358 5799 tur,
2382 5743 2436 5789 et
2468 5731 2669 5789 mania
2725 5731 2875 5786 urbis
2927 5730 3061 5787 locis
3109 5728 3528 5800 quatuordccim
3579 5726 3821 5799 graviter
