4066 6296
326 373 431 436 837

1319 358 1770 423 CHRONICON
1809 359 2084 419 MAJUS.
2123 382 2191 394 --
2229 359 2368 419 ΗΒ.
2413 357 2517 418 Ill.

3448 355 3555 417 838

319 484 425 552 πὴν
451 479 697 552 μεγάλην
744 479 962 548 εκείνην
991 475 1252 539 ὲλεϐόλιν,
1289 475 1488 538 πλάτος
1553 489 1768 543 ,χουσαν
1799 471 1892 524 ἐπὶ
1922 471 1966 528 Α
1991 485 2158 521 κοντα
2220 469 2314 520 καὶ
2354 467 2498 521 ὀκτὼ
2521 506 2536 531 ,
2577 467 2639 520 τδ
2695 466 2750 524 δὲ
2782 465 2968 520 λοιπὸν
3006 467 3135 535 ἄχρι
3177 467 3272 520 τοῦ
3322 466 3562 535 ἀριθμοῦ

323 571 420 626 τοῦ
469 572 741 639 στόματος
793 569 1078 636 σπιθαμὰς
1133 564 1482 627 δυοκαίδεκα,
1550 566 1648 618 καὶ
1703 563 1896 633 ἑτέρας

327 661 530 723 πολλὰς
574 659 842 721 έλεὸόλεις
873 657 1029 724 ἀξίας
1071 657 1378 724 θεάματος·
1424 656 1518 707 καὶ.
1565 657 1897 724 στρατήγιον

327 752 560 821 ὀρυκτὸν
607 751 938 818 ποιήσαντες
975 748 1178 818 ὑψηλὸν
1217 749 1313 800 καὶ
1345 749 1484 817 μετὰ
1527 747 1701 810 ξύλων
1732 763 1898 799 σταυ-

329 843 608 913 ρώσαντες
641 843 810 906 αὐτὰς
840 841 1046 896 ἄνωθεν
1074 841 1321 902 ἔϐαλλον,
1348 841 1442 894 καὶ⁵
1471 842 1530 900 ὲν
1559 841 1748 900 τόποις
1777 840 1896 892 τέσ-

329 951 492 1004 σαρσι
523 934 617 987 καὶ
645 934 780 988 δέκα
814 936 884 988 τά
908 935 1069 1002 τείχη
1102 934 1202 1002 τῆς
1242 933 1452 996 πόλεως
1495 931 1746 1002 σφοδρῶς
1774 931 1896 983 ἔτυ-

327 1041 479 1078 πτον.
544 1024 654 1079 Καὶ
715 1027 780 1078 ἔκ
834 1023 1179 1093 πετροϐόλων
1234 1024 1650 1094 μηχανημάτων
1705 1021 1897 1076 πολλαὶ⁴

327 1115 496 1168 οῑκίαι
523 1116 849 1184 περιφανεῖς
893 1115 1062 1182 ἔγγὺς
1086 1116 1196 1168 τῶν
1237 1115 1439 1183 τειχῶν
1482 1114 1891 1182 ἠχρειὼθησαν,

327 1206 420 1258 καὶ
443 1205 678 1274 μάλιστα
707 1206 776 1258 τὰ
801 1206 1083 1275 ἀνάκτορα
1105 1221 1120 1237 ·
1149 1208 1214 1259 ὲκ
1238 1205 1296 1259 δὲ
1320 1205 1430 1259 τῶν
1475 1205 1770 1259 έλεδόλεων
1795 1204 1894 1273 τὴν

328 1297 485 1352 πόλιν
507 1297 802 1368 ἐθορύϐουν
829 1298 1151 1366 κροτοῦντες
1176 1298 1272 1352 καὶ
1296 1297 1620 1360 κλονοῦντες
1645 1301 1759 1362 τοῖς
1781 1297 1896 1351 τείο

326 1405 446 1454 χεσι
499 1388 742 1450 καὶτοῖς
787 1387 1022 1458 πύργοις
1067 1388 1322 1453 ἐνέδιδον,
1374 1388 1471 1442 καὶ
1521 1387 1748 1458 διαμιρὶς
1793 1388 1896 1442 οὐκ

325 1477 513 1532 ἔλιπον
560 1479 784 1534 θάνατοι
813 1479 875 1531 ἐκ
903 1495 963 1532 τε
1020 1480 1130 1532 τῶν
1172 1479 1466 1534 ἐλεὸόλεων
1506 1482 1600 1535 καὶ
1652 1480 1894 1536 ελεὸολί-

329 1586 476 1624 σκων
510 1571 902 1642 μπαλαιστρῶν
932 1590 991 1626 τε
1021 1573 1114 1626 καὶ
1136 1573 1311 1637 τόξων
1346 1573 1440 1626 καὶ
1479 1573 1682 1640 ἑτέρων
1716 1591 1894 1644 μηχα-

325 1660 606 1727 νημάτων.
643 1661 754 1714 Kal.
810 1662 914 1714 οὐκ
940 1661 1140 1714 ἔπαυεν
1167 1663 1196 1714 6
1227 1661 1465 1728 πόλεμος
1513 1661 1635 1714 καθ’
1677 1662 1893 1731 ἡμέραν

322 1765 382 1799 τε
415 1749 509 1800 καὶ
541 1748 736 1812 νύκτα,
786 1749 843 1802 αι
875 1748 1191 1818 συμπλοκαὶ
1227 1747 1322 1800 καὶ
1370 1748 1426 1800 αί
1476 1747 1767 1817 συῤῥήξεις
1798 1747 1893 1800 καὶ

322 1841 372 1891 οἱ
411 1803 826 1910 ἀκροϐολισμοὶ,
860 1803 1093 1902 ἐλπίζων
1138 1840 1167 1892 6
1195 1839 1417 1907 άμηρᾶς
1448 1803 1558 1890 διὰ.
1584 1803 1890 1904 τὸνόλίγους
1924 1803 1963 1856 Β

327 1927 468 1984 εἶναι
504 1933 650 2000 ἡμᾶς
680 1932 773 1984 καὶ
815 1931 1055 2001 ἰσχυρῶς
1078 1930 1484 1990 κεκοπιακότας
1517 1929 1758 1992 εὐκόλως
1789 1931 1887 1996 θηο

328 2022 522 2091 ρεῠσαι
547 2023 646 2090 τὴν
678 2023 836 2076 πόλιν
860 2039 876 2055 ·
925 2021 1017 2076 καὶ
1060 2021 1161 2075 οὐκ
1194 2021 1380 2073 ετασεν
1407 2021 1557 2089 qua;
1587 2019 1775 2073 ἄνεσιν
1800 2019 1892 2072 λα-

322 2116 438 2168 δεῖν
489 2115 602 2168 οὐδ’
647 2115 807 2176 ὅλως.
850 2114 919 2168 Ἦ
952 2114 1011 2167 δὲ
1061 2111 1270 2183 μεγάλη
1320 2111 1500 2180 εκείνη
1549 2111 1642 2164 καὶ
1692 2111 1892 2181 ισχυρὰ

321 2205 570 2268 ὲλέϐολις
604 2203 694 2262 διὰ
726 2205 788 2256 τὸ
820 2203 1062 2274 συνεχῶς
1094 2200 1458 2272 σφενδονίζειν
1487 2202 1584 2254 καὶ
1613 2201 1673 2253 ού
1700 2201 1890 2255 τοσοῦ-

321 2311 414 2347 τον
443 2295 504 2346 τὺ
539 2293 807 2364 μέταλλον
840 2293 1108 2362 ὑπάρχειν
1139 2291 1384 2359 καθαρὸν
1414 2290 1681 2359 διερράγη
1729 2291 1786 2342 ὲν
1811 2291 1889 2360 τῷ

325 2386 543 2455 βάλλειν
572 2386 665 2438 τὸν
713 2387 967 2455 τεχνίτην
996 2384 1058 2436 τὸ
1101 2382 1215 2452 πῦρ
1246 2383 1341 2436 καὶ
1374 2383 1454 2445 είς
1503 2381 1675 2436 πολλά
1707 2383 1891 2450 διεμε‹

325 2478 485 2544 ρίσθη
517 2477 826 2544 κλάσματα,
859 2475 956 2528 καὶ
986 2474 1052 2525 ὲκ
1081 2474 1286 2527 τούτων
1321 2472 1506 2527 πολλοὶ
1541 2474 1889 2546 ἀπεκτάνθη-

322 2585 422 2621 σαν
456 2567 556 2622 καὶ
581 2567 917 2636 ἐπλήγησαν.
941 2565 1055 2618 Καὶ
1077 2563 1320 2625 ἀκούσας
1337 2567 1366 2617 6
1390 2565 1613 2634 ἁμηρᾶς
1639 2566 1884 2636 ἐλυπήθη

320 2656 464 2721 λίαν,
499 2657 592 2709 καὶ
620 2654 953 2725 προσέταξεν
986 2654 1074 2708 ἵνα
1109 2653 1225 2709 ἀντ’
1255 2654 1430 2722 αὐτῆς
1463 2656 1766 2725 ποιήσωσιν
1792 2657 1886 2711 ἄλ-

319 2750 418 2814 λην
453 2747 830 2816 ίσχυροτέραν,
875 2746 968 2800 καὶ
994 2745 1100 2808 ἕως
1127 2745 1231 2814 τῆς
1281 2746 1451 2816 αὐτῆς
1489 2746 1703 2816 ἡμέρας
1732 2749 1885 2803 οὐδὲν

317 2841 466 2903 ἄξιον
501 2839 659 2908 ἔργον
694 2837 817 2893 καθ’
843 2837 998 2908 ήμῶν
1031 2837 1422 2905 κατώρθωσαν.
1457 2838 1566 2891 Καὶ
1595 2841 1660 2908 τῇ
1699 2839 1763 2890 ιε’
1787 2841 1882 2892 τοῦ

317 2927 479 2981 αὑτοῦ
517 2927 718 2994 ἔφθασε
747 2927 844 2979 καὶ
872 2929 900 2979 ό
933 2925 1347 2992 ὲναπολειφθεὶς
1391 2927 1576 2989 στόλος
1609 2927 1774 2980 αὑτοῦ
1817 2929 1881 2981 ἐκ

313 3035 372 3072 τε
406 3019 499 3070 τοῦ
536 3017 701 3089 25.0
726 3019 980 3083 Εὐξείνου
1012 3017 1208 3070 πόντου
1246 3017 1344 3070 καὶ
1378 3017 1748 3086 Νικομηδείας
1786 3021 1878 3073 καὶ

2000 559 2107 613 τῶν
2135 557 2216 612 τκ⁹
2247 560 2490 629 ὑπῆρχον
2522 558 2652 627 νῆες
2686 563 2899 628 μακραὶ
2928 560 3022 611 καὶ
3052 559 3235 619 πλοῖα,
3271 559 3379 610 τῶν
3411 576 3472 626 γε
3503 559 3567 610 τὸ

1999 652 2223 720 φορτίον
2251 647 2322 722 ἦν
2371 652 2629 720 μαχίμων
2661 653 2754 703 καὶ
2800 649 3036 714 τοξοτῶν
3070 650 3280 718 ἀνδρῶν
3313 651 3569 718 παμπὸλο

1997 743 2104 796 λων
2129 743 2221 797 τὸν
2254 743 2516 813 ἀριθμόν·
2553 744 2802 813 ὑπῆρχον
2836 743 2948 812 γάρ
2982 743 3042 796 ὲν
3082 741 3296 805 τούτοις
3321 746 3414 795 καὶ
3437 743 3566 812 δρό-

2001 854 2180 906 μωνες
2209 837 2419 905 φορτίοι
2458 836 2622 888 πέντε
2666 836 2760 887 καὶ
2790 836 2987 897 εἴκοσι,
3028 834 3077 886 οἳ
3121 829 3269 900 εἶχον
3299 850 3566 902 πεφορτι-

1999 924 2172 991 σμένα
2191 923 2350 989 ξύλα,
2375 923 2616 988 τίτανον,
2647 924 2855 990 πέτρας
2877 926 2971 976 καὶ
2996 923 3186 991 ἑτέρας
3211 921 3342 985 ὕλας
3372 925 3568 988 ἐπιτη-

1995 1013 2144 1076 δείας
2178 1016 2315 1083 πρὸς
2361 1016 2678 1086 πολιορκίαν
2707 1016 2939 1078 πόλεως.
2987 1015 3133 1084 Πλὴν
3165 1016 3224 1066 ὲν
3263 1015 3340 1082 τῷ
3386 1015 3566 1082 λιμένι

1995 1105 2056 1158 ού
2105 1106 2305 1175 ῥᾳδίως
2360 1102 2505 1176 εἶχον
2546 1110 2647 1175 τὴν
2676 1108 2880 1160 εἴσοδον
2913 1107 2981 1160 δι’
3012 1107 3190 1159 αἰτίαν
3216 1108 3280 1177 ἣν
3315 1105 3563 1174 εἴπομεν.

2006 1199 2284 1260 Ἐλθ,όντες
2309 1203 2373 1252 ὲκ
2405 1201 2506 1267 τῆς
2543 1200 2697 1270 ἑῴων
2744 1202 2980 1270 περαίας
3011 1200 3256 1254 κάτωθεν
3299 1199 3482 1265 ὀλίγον
3509 1216 3564 1252 τι

1993 1290 2086 1344 τοῦ
2112 1291 2300 1344 διπλοῦ
2325 1293 2500 1355 κίονος
2525 1293 2620 1345 καὶ
2645 1293 2809 1362 μέχρι
2833 1292 3262 1368 τῆς-ἐκκλησίας
3283 1290 3377 1345 τοῦ
3405 1292 3562 1357 ἁγίου

1993 1383 2412 1437 Κωνσταντίνου
2477 1386 2640 1451 ἐγγὺς
2695 1383 2794 1455 τὴν
2850 1385 3042 1437 στάσιν
3101 1383 3245 1452 μετὰ
3301 1383 3564 1452 ἀγκυρῶν

1994 1475 2279 1544 ἐποίησαν.
2315 1474 2392 1544 Τῇ
2427 1475 2484 1528 δὲ
2525 1475 2731 1545 δεκάτῃ
2781 1474 2875 1528 τοῦ
2915 1474 3084 1527 αὐτοῦ
3127 1475 3442 1544 ἀριθμήσας
3472 1475 3566 1525 τὸν

1995 1567 2179 1620 στόλον
2209 1568 2303 1621 καὶ
2335 1567 2428 1620 τοῦ
2475 1568 2572 1634 τῆς
2601 1567 2804 1638 χέρσου
2840 1565 3100 1636 στρατοῦ,
3141 1567 3352 1619 ἱππέων
3382 1583 3439 1616 τε
3470 1568 3564 1618 καὶ

1994 1657 2258 1724 πεζικῶν,
2292 1660 2386 1712 καὶ
2415 1659 2542 1728 εὗρε
2589 1661 2835 1728 τριήρεις
2866 1658 2960 1710 καὶ
3007 1659 3238 1727 διήρεις,
3279 1659 3560 1727 μονήρεις,

1993 1750 2278 1818 δρόμωνας
2327 1750 2463 1820 νῆας
2500 1752 2592 1803 καὶ
2646 1751 2826 1815 πλοῖα,
2877 1751 3052 1803 εἰκοσι
3085 1753 3179 1803 καὶ
3233 1754 3561 1816 τετρακόσια

1996 1842 2141 1894 ίστία
2163 1858 2177 1872 ·
2212 1844 2238 1895 6
2279 1842 2334 1895 δὲ
2366 1842 2593 1907 στρατὸς
2624 1845 2651 1895 6
2677 1842 2848 1894 θέλων
2904 1841 3173 1911 μάχεσθαι
3207 1844 3270 1895 ὲκ
3302 1843 3400 1909 τῆς
3430 1842 3560 1910 χέρ-

1977 1947 2090 2001 ,σου
2124 1931 2363 1999 χιλιάδες
2393 1931 2639 2000 ὑπῆρχον
2668 1930 2811 2000 ὀκτῲ
2839 1931 2935 1984 καὶ
2961 1932 3304 2001 πεντήκοντα
3327 1933 3423 1984 καὶ
3449 1932 3565 1984 δια-

1989 2021 2191 2074 κόσιαι.
2229 2024 2290 2074 Οί
2317 2022 2374 2074 δὲ
2409 2023 2546 2090 πρὸς
2587 2023 3024 2092 ἀντιπαράταξιν
3065 2022 3260 2090 ἄνδρες
3288 2021 3439 2084 ὅντες
3469 2022 3558 2074 ἕν-

1988 2109 2077 2162 δον
2111 2110 2210 2178 τῆς
2259 2109 2468 2171 πόλεως
2520 2109 2621 2178 τῆς
2675 2111 2944 2179 τοσαύτης
2997 2111 3078 2171 εἰς
3136 2110 3367 2178 μέγεθος
3419 2104 3562 2178 ἦσαν

1989 2200 2230 2268 χιλιάδες
2259 2203 2533 2270 τέσσαρες
2580 2203 2673 2254 καὶ
2711 2204 2864 2270 τρεῖς
2913 2203 3009 2256 καὶ
3048 2202 3423 2272 ἑϐδομήκοντα
3468 2204 3561 2254 καὶ

1989 2290 2310 2352 ἐννακόσιοι,
2344 2290 2474 2344 ἄνευ
2515 2291 2622 2342 τῶν
2669 2291 2835 2356 ξένων
2887 2292 3042 2359 μόλις
3075 2291 3246 2344 ὄντων
3302 2290 3560 2359 χιλιάδων

1987 2379 2100 2434 δύο.
2129 2381 2343 2448 Ἔγνων
2373 2381 2481 2450 γάρ
2517 2380 2626 2447 ἐγὼ
2656 2381 2817 2433 τοῦτο
2850 2381 3025 2444 οὕτως
3051 2382 3196 2450 ἔχειν
3240 2383 3348 2434 ἀπὸ
3379 2383 3557 2444 αἰτίας

1987 2472 2267 2542 τοιαύτης.
2307 2472 2416 2525 Τοῦ
2445 2472 2554 2542 γὰρ
2594 2472 2861 2542 βασιλέως
2891 2474 3300 2542 προστάξαντος
3329 2476 3439 2532 τοῖς
3466 2473 3562 2540 δη-

1990 2564 2224 2633 μάρχοις
2254 2565 2350 2617 καὶ
2383 2568 2712 2632 στρατηγοῖς
2738 2565 2973 2634 ἔγραψεν
3004 2566 3160 2636 251
3198 2565 3426 2628 ἕκαστος
3460 2565 3559 2617 αὑ-

1985 2655 2096 2708 τῶν
2135 2654 2234 2723 τὴν
2260 2653 2572 2723 δημαρχίαν
2625 2653 2794 2706 αὑτοῦ
2834 2654 3103 2723 ἀκριϐῶς,
3152 2659 3281 2716 τοὶς
3319 2655 3559 2723 δυναμέ-

1985 2762 2111 2807 νους
2138 2747 2197 2796 ὲν
2227 2743 2305 2812 τῷ
2335 2745 2562 2815 κάστρῳ
2589 2746 2892 2811 κοσμικούς
2921 2761 2979 2796 τε
3014 2745 3108 2798 καὶ
3139 2747 3431 2814 μοναχοὺς,
3465 2748 3561 2798 καὶ.

1984 2836 2104 2886 τίνα
2155 2835 2298 2886 ὅπλα
2347 2835 2580 2897 ἕκαστος
2621 2834 2802 2887 αὐτῶν
2842 2836 3079 2904 κέκτητο
3126 2837 3263 2904 πρὸς
3309 2837 3556 2904 ἄμυναν·

1983 2926 2078 2978 καὶ
2114 2925 2287 2987 οὕτως
2319 2926 2576 2986 ἕκαστος.
2605 2927 2714 2978 τῶν
2745 2925 3048 2996 δημάρχων
3077 2926 3277 2980 δέδωκε
3325 2928 3421 2980 τὸν
3463 2945 3561 2981 κα-

1981 3018 2210 3084 τάλογον
2267 3018 2366 3087 τῆς
2418 3016 2734 3086 δημαρχίας
2789 3017 2957 3071 αὑτοῦ
3013 3018 3092 3088 τῷ
3131 3018 3361 3084 βασιλεῖ.
3410 3017 3470 3073 Ὀ
3500 3020 3558 3072 δὲ

328 3109 538 3204 Ἀ,σίας,
570 3103 646 3164 ὧν
679 3111 706 3164 6
739 3108 974 3178 ἀριθμὸς
1015 3109 1189 3162 εἴκοσι
1226 3108 1322 3162 καὶ
1357 3110 1671 3176 τριακόσια,
1713 3111 1774 3174 ἐξ
1804 3105 1879 3163 ὧν
1905 3144 1950 3204 C
1988 3107 2248 3170 κελεύσας
2278 3125 2344 3174 με
2365 3104 2540 3161 εῐπενο
2578 3107 2756 3178 (Αὕτη
2780 3110 2813 3177 ή
2836 3109 3084 3162 διακονία
3108 3109 3244 3178 πρὸς
3275 3110 3333 3162 σὲ
3351 3110 3557 3182 ἀφορᾷ,

313 3191 556 3273 ύῆρχον
585 3201 830 3274 τριήρεις
859 3200 991 3254 δέκα
1033 3201 1128 3255 καὶ
1159 3198 1323 3264 ὀκτὼ,
1365 3200 1572 3270 διήριις
1605 3203 1877 3272 τεσσαρά-

318 3381 691 3450 percutiebant
736 3397 751 3444 ;
797 3381 1255 3446 destruebantque
1342 3379 1632 3442 machinis,
1683 3380 1882 3448 quibus

315 3474 518 3542 lapides
535 3472 898 3544 iaciebantur,
919 3471 1117 3526 multas
1138 3469 1332 3526 domos
1378 3471 1625 3540 egregias
1665 3481 1884 3538 propter

317 3565 514 3619 moenia
562 3565 716 3626 sitas.
746 3561 1012 3632 imprimis
1068 3561 1287 3630 palatia,
1327 3572 1491 3630 atque
1545 3561 1881 3629 helepolibus

318 3655 502 3707 urbem
539 3651 928 3721 perturbabant
987 3659 1042 3706 et
1084 3665 1208 3704 cum
1263 3650 1486 3719 strepitu
1528 3664 1591 3702 ac
1649 3649 1877 3702 tumultu

315 3743 516 3800 muniis
542 3756 832 3812 turresque
857 3745 1126 3812 petebant.
1160 3752 1212 3795 et
1247 3741 1501 3808 utrinque
1526 3742 1879 3807 geminaltan-

316 3845 404 3890 tur
455 3836 630 3890 cades
666 3834 1018 3904 ltclepolibus,
1042 3833 1405 3892 helcboliscis,
1438 3831 1689 3888 ballistis.
1718 3846 1878 3882 arcu—

316 3927 576 3994 btts,a|iis
628 3926 913 3991 machinis,
949 3940 1048 3978 nec
1077 3924 1324 3978 cessabat
1359 3923 1560 3976 bellum
1586 3920 1664 3972 vel
1709 3930 1880 3978 noctu

311 4017 396 4072 vel
428 4018 684 4082 interdiu,
717 4018 812 4071 sed
841 4025 995 4070 erant
1021 4024 1295 4085 perpetuae
1322 4029 1530 4083 pugnze,
1557 4011 1872 4072 conﬂictus.

307 4109 692 4179 jaculationes.
739 4106 978 4176 Sperans
1033 4108 1175 4160 enim
1226 4119 1466 4165 amet-as,
1525 4103 1668 4170 quod
1711 4102 1871 4172 pauci

311 4216 552 4256 essemus
583 4200 730 4269 iique
760 4199 1052 4254 admodum
1086 4196 1347 4258 confecti,
1383 4194 1542 4250 facile
1588 4211 1646 4249 se
1682 4195 1870 4249 urbem

312 4301 743 4362 expugnaturum
775 4305 920 4355 esse,
947 4289 1149 4343 nullam
1176 4289 1334 4357 plane
1365 4287 1602 4356 quietem
1644 4302 1742 4340 nos
1786 4301 1875 4340 ca-

314 4397 440 4449 pere
460 4398 656 4451 passus
670 4391 769 4436 est.
804 4380 994 4452 Magna
1022 4390 1205 4434 autem
1241 4380 1330 4432 illa
1359 4390 1411 4431 et
1442 4378 1618 4432 valida
1659 4378 1875 4445 helepo-

1989 3203 2053 3254 τὰ
2087 3201 2332 3269 φυλακῆς
2375 3201 2606 3269 δεόμενα
2649 3203 2740 3256 καὶ
2771 3202 3066 3272 ἀπόκρυφα
3111 3203 3210 3271 (ί).
3247 3202 3433 3271 Λῆψον
3463 3202 3557 3256 οὖν

1988 3379 2070 3432 his
2103 3379 2400 3434 dromones
2427 3379 2666 3432 onerarii
2712 3381 2957 3449 quinque
3005 3390 3059 3434 et
3108 3382 3320 3452 viginti,
3368 3384 3552 3453 lignis,

1988 3469 2161 3533 calce,
2190 3469 2337 3523 saxis
2365 3469 2595 3537 aliisque
2625 3470 2788 3523 rebus
2811 3471 2875 3521 ad
2900 3472 3317 3536 Oppugnantlam
3360 3475 3549 3526 urbem

1986 3560 2190 3614 idoneis
2208 3562 2412 3614 onusti.
2437 3559 2629 3615 Verum
2656 3575 2766 3614 non
2789 3559 2998 3615 {tcile'n
3019 3560 3323 3614 habuerunt
3346 3563 3548 3617 ad'hm

1983 3662 2170 3717 portus
2200 3660 2418 3718 propter
2448 3666 2670 3707 causam
2722 3668 2884 3721 quam
2911 3653 3040 3707 dixi.
3066 3651 3138 3706 Ex
3157 3653 3365 3708 oriente
3385 3656 3551 3709 adve-

1981 3753 2082 3794 cta
2106 3743 2262 3808 paulo
2292 3743 2430 3796 intra
2462 3743 2733 3808 duplicem
2761 3744 3066 3798 columnam
3098 3759 3266 3813 usque
3289 3761 3453 3814 prope
3482 3748 3549 3802 ad

1978 3831 2260 3884 ecclesiam
2287 3831 2465 3885 Sancti
2483 3832 2825 3886 Constanti-ni
2849 3834 2901 3887 in
2925 3835 3140 3888 ancoris
3155 3837 3444 3889 stationem
3463 3837 3552 3890 lia-

1982 3921 2198 3974 ltcbant.
2231 3919 2323 3972 Die
2351 3923 2553 3975 mensis
2577 3923 2789 3976 decimo
2818 3925 3079 3977 rrcensita
3109 3925 3278 3978 classe
3300 3939 3352 3978 et
3392 3942 3549 3980 exer-

1980 4013 2092 4067 citu
2138 4020 2250 4066 tum
2305 4013 2545 4081 equestri
2590 4021 2702 4067 ttttn
2738 4015 2993 4083 pedestri.
3035 4015 3238 4070 invenit
3277 4018 3544 4080 triremes.

1978 4105 2232 4166 biremes,
2256 4106 2548 4169 uniremes,
2571 4106 2884 4178 dromones,
2911 4122 3072 4160 naves
3093 4116 3140 4161 et
3165 4109 3443 4163 naviculas
3469 4109 3550 4164 vi-

1977 4195 2110 4266 ginti
2130 4203 2184 4251 et
2202 4196 2646 4265 quadringentas,
2669 4197 2901 4253 militum
2921 4209 3103 4252 autem
3124 4209 3265 4252 terra
3287 4200 3547 4256 dimicare

1977 4288 2324 4356 gestientium
2391 4288 2624 4344 ducenta
2661 4289 3118 4358 duodesexaginta
3162 4291 3330 4346 millia
3364 4303 3540 4348 erant.

1977 4377 2057 4430 Ad
2105 4378 2297 4431 borum
2343 4379 2574 4448 impetus
2628 4379 2974 4437 sustinendos
2999 4382 3092 4450 qui
3116 4393 3271 4435 erant
3295 4382 3346 4435 itt
3381 4392 3541 4438 tantae

317 4474 384 4527 lis
418 4481 637 4540 propter
694 4472 1008 4526 continuam
1079 4470 1468 4540 jaculationem
1491 4508 1506 4533 ,
1569 4470 1866 4537 prmsertitn
1903 4472 1947 4528 D
1978 4469 2362 4538 magnitudinis
2396 4472 2550 4537 urbe,
2573 4472 3003 4556 numerabantur
3029 4483 3222 4542 quater
3240 4474 3382 4527 mille
3409 4489 3546 4529 non-

315 4578 440 4618 cum
468 4563 683 4616 metallo
743 4579 852 4616 non
881 4563 954 4616 ita
981 4577 1109 4629 puro
1137 4569 1303 4625 esset,
1353 4560 1574 4627 dirupta
1612 4561 1734 4628 igne
1777 4574 1873 4613 cx-

311 4654 501 4710 stinxit
525 4654 864 4721 magistrum,
893 4661 948 4704 et
975 4652 1030 4704 in
1061 4653 1227 4705 multa
1255 4651 1427 4704 frusta
1463 4650 1687 4720 disiecta
1735 4651 1870 4706 alios

312 4745 620 4812 complures
649 4752 742 4796 aut
769 4741 965 4796 delevit
993 4752 1080 4794 aut
1131 4743 1457 4796 vulneravit.
1521 4740 1637 4807 Qua
1668 4757 1724 4795 re
1773 4757 1870 4796 au-

311 4839 445 4904 dita,
476 4851 689 4892 atneras
712 4850 1041 4905 tnagnOpere
1062 4835 1257 4898 doluit,
1286 4834 1588 4902 edixitque,
1613 4845 1670 4888 ut
1720 4836 1866 4890 illius

311 4930 430 4983 loco
447 4928 609 4982 aliain
640 4927 933 4982 (iuniorem
967 4925 1226 4990 facerent,
1263 4940 1363 4980 nec
1393 4925 1692 4994 quidquam
1709 4940 1865 4994 egre-

312 5019 384 5091 gii
410 5019 590 5086 Operis
612 5018 679 5076 ad
702 5033 828 5072 eum
859 5031 1032 5087 usque
1060 5017 1199 5070 diem
1228 5025 1417 5071 contra
1450 5031 1550 5070 nos
1594 5024 1868 5084 patratum

309 5119 416 5166 est.
450 5111 702 5180 Ejusdem
739 5110 942 5163 mensis
970 5109 1056 5162 die
1086 5108 1150 5162 15
1192 5106 1398 5178 reliqua
1434 5107 1552 5176 ejus
1601 5108 1792 5162 classis
1842 5125 1872 5163 e

310 5212 475 5271 ponto
508 5200 737 5266 Euxino,
769 5199 1082 5255 Nicomedia
1105 5208 1154 5255 et
1175 5200 1323 5264 Asia,
1348 5200 1568 5252 navium
1603 5208 1872 5252 trecenta-

308 5309 428 5346 rum
456 5303 510 5346 et
542 5291 732 5360 viginti
773 5291 948 5354 adest,
997 5304 1027 5343 e
1053 5290 1256 5358 quibus
1289 5297 1448 5342 erant
1482 5289 1733 5341 triremes
1768 5303 1864 5342 oc-

308 5382 560 5446 todecim,
595 5381 836 5436 biremes
858 5380 1450 5448 duodequinquaginta,
1494 5378 1716 5446 reliquae
1762 5393 1863 5432 na-

307 5487 402 5526 ves
424 5473 594 5540 longae
615 5481 669 5525 et
693 5470 979 5535 onerariae,
1005 5471 1202 5538 quibus
1234 5483 1464 5535 magnus
1485 5467 1866 5522 numerusmi-

306 5565 462 5618 litum
488 5575 540 5618 et
567 5563 972 5630 sagittariorum
997 5563 1317 5616 vehebatur.
1342 5559 1785 5614 Numerabantur
1812 5559 1868 5611 in

1981 4562 2126 4629 genti
2162 4563 2504 4631 septuaginta
2530 4572 2666 4628 tres,
2698 4576 2892 4632 praeter
2936 4575 3250 4626 extraneos.
3303 4581 3541 4634 quorum

1977 4651 2067 4704 vix
2091 4651 2198 4705 duo
2223 4652 2389 4706 millia
2412 4664 2590 4707 erant.
2608 4653 2849 4724 Cognovi
2875 4655 3022 4708 enim
3057 4656 3159 4709 hoc
3185 4655 3256 4710 ita
3287 4671 3407 4711 esse
3441 4659 3546 4712 hac

1977 4743 2206 4798 ratione.
2250 4742 2841 4814 Jubenteimperatore,
2874 4746 3071 4816 singuli
3099 4753 3546 4812 prmtoresetdu-

1977 4849 2068 4889 ces
2091 4846 2342 4890 accurate
2372 4837 2776 4900 renuntiarunt.
2813 4853 2880 4893 ex
2918 4839 3162 4908 ipsorum
3225 4839 3545 4895 detnarcltia

1978 4926 2070 4994 qui
2094 4935 2316 4994 possent
2344 4925 2588 4980 militiam
2623 4929 2857 4983 tolerare
2889 4937 3004 4982 tum
3039 4929 3162 4984 laici
3199 4940 3311 4984 tum
3348 4947 3543 4987 mona-

1978 5015 2091 5078 clti.
2123 5026 2176 5070 ct
2211 5032 2330 5084 quae
2356 5017 2590 5086 quisque
2619 5034 2768 5072 arma
2790 5021 2857 5073 ad
2875 5021 2980 5074 vim
3002 5021 3424 5089 propulsandam
3449 5024 3548 5078 lna-

1979 5107 2150 5161 b:ret.
2186 5106 2447 5162 Mandans
2479 5119 2659 5163 autem
2694 5111 2826 5165 mihi
2861 5111 3182 5180 imperator.
3222 5133 3240 5164 ι
3276 5115 3330 5168 ld
3375 5132 3546 5185 nego-

1977 5199 2134 5262 tium,
2181 5199 2376 5268 inquit,
2411 5202 2478 5255 ad
2511 5210 2559 5256 te
2589 5204 2860 5271 pet-tinet;
2893 5207 3146 5260 cautione
3191 5210 3336 5262 enim
3367 5221 3422 5263 et
3469 5212 3545 5266 si-

1973 5288 2140 5343 lentio
2161 5305 2298 5358 Opus
2324 5303 2429 5346 esu
2461 5295 2663 5363 Accipe
2706 5295 2872 5365 igitur
2917 5298 3224 5367 catalogutn
3251 5315 3540 5364 censuutn,

1973 5381 2227 5450 domique
2251 5383 2534 5453 diligenter
2551 5398 2826 5455 computa,
2849 5402 2981 5458 quot
3001 5391 3114 5444 sint.
3141 5400 3194 5444 et
3219 5391 3347 5460 quid
3367 5406 3549 5442 armo-

1980 5489 2098 5526 rum
2133 5476 2247 5530 sive
2277 5485 2433 5531 scuta
2471 5478 2584 5532 sive
2616 5495 2775 5535 arcus
2802 5481 2917 5537 sive
2933 5485 3219 5537 machina».
3248 5501 3266 5533 ι
3298 5479 3538 5533 Functus

1985 5563 2356 5631 igiturlabore
2385 5570 2452 5624 ab
2483 5572 2810 5640 imperatore
2848 5573 2983 5627 mihi
3012 5574 3288 5636 mandato,
3315 5570 3542 5624 tabellas

367 5678 668 5749 (ijlenius
698 5676 990 5749 Chronico‘n“
1003 5673 1358 5749 abibreviatum‘,
1384 5672 1525 5747 intra,
1551 5671 1643 5749 sub
1663 5685 1757 5745 _an.
1790 5679 1883 5749 υνγς

1986 5674 2064 5749 ὔτη
2096 5679 2124 5733 ἡ
2161 5679 2356 5749 δουλεία
2381 5683 2498 5745 πρὸς
2543 5685 2600 5732 σὲ
2626 5685 2802 5749 ἀφορᾷ,
2828 5687 2909 5734 καὶ
2932 5687 2987 5735 οὐ
3008 5686 3126 5748 πρὸς
3151 5685 3292 5730 ἄλλον
3313 5682 3435 5740 τινὰ,
3462 5682 3544 5731 διὰ

303 5742 358 5790 τὸ
376 5736 661 5790 ἐπίστασθαί
685 5754 739 5787 σε
768 5739 846 5786 καί
867 5737 1024 5792 καλῶς
1047 5736 1255 5799 ἀριθμεῖν
1279 5737 1355 5785 καὶ
1381 5738 1538 5792 καλῶς
1557 5736 1816 5797 φυλάσσειν
1837 5739 1896 5784 τὰ
1921 5750 1970 5794 φ.
2005 5739 2048 5785 δ.
2086 5755 2132 5786 κ.
2158 5740 2208 5788 ά.
2238 5740 2376 5792 Ευιτ.
