4066 6296
571 371 676 433 839
1753 368 2006 428 GEORG
2023 368 2044 424 Ι
2061 368 2080 425 ι
2120 363 2552 427 PHRANTZ/E
3701 355 3814 419 840

575 485 645 536 τὰ
698 481 790 534 τοῦ
832 479 1130 546 καταλόγου
1189 477 1515 549 κατάστιχα,
1564 479 1658 533 καὶ
1710 480 1934 534 κάθισον
1965 482 2022 532 ὲν
2069 479 2146 549 τῷ
2174 483 2215 539 Δ
2249 476 2495 547 μηχανάς
2525 474 2618 528 καὶ
2641 474 2838 545 τέχνας
2866 469 3059 532 καινὰς
3086 466 3472 538 εὖρισκον,καὶ
3495 467 3625 530 τοὺς
3653 469 3813 522 ἐναν-

512 591 518 598 ‘
579 574 714 642 οἴκῳ
758 589 874 625 σου.
902 573 1154 639 Ψήφισον
1208 571 1451 640 ἀκριϐῶς
1503 571 1658 622 πόσοι
1690 573 1784 624 καὶ
1827 572 1878 622 τί
1909 573 1977 624 τὰ
2006 571 2144 624 ὅπλα
2246 567 2398 629 τίους
2431 567 2531 619 οὐκ
2582 564 2762 632 ὀλίγον
2817 562 3106 614 ἔϐλαπτον.
3139 560 3207 612 Δί
3245 561 3300 611 δὲ
3332 559 3521 629 τέχναι
3582 562 3812 630 μερικαὶ

582 665 676 716 καὶ
721 662 944 723 ἀσπίδες
977 662 1072 714 καὶ
1119 662 1248 725 τόξα
1282 663 1373 713 καὶ
1422 661 1725 714 έλεϐολικά.
1765 681 1782 712 ι
1824 663 2146 722 Ἐκτελέσας
2247 658 2348 711 οὐκ
2409 659 2465 719 ἐς
2514 657 2723 726 μάκρος
2770 654 3099 724 έστήκεισαν
3154 652 3243 704 διὰ
3273 651 3332 703 τὸ
3380 650 3454 719 μὴ
3484 650 3629 719 ἔχειν
3657 651 3811 719 ἡμᾶς

581 755 674 807 οὖν
701 754 810 822 ἐγὼ
838 754 896 805 τὸ
922 753 1074 820 παρὰ
1099 753 1193 806 τοῦ
1229 754 1495 821 βασιλέως
1528 756 1871 823 προσταχθέν
1918 772 2008 823 μοι
2041 773 2147 808 πα·
2245 747 2475 810 τελείως
2505 747 2686 799 ἄνεσιν
2717 746 2812 798 καὶ
2844 748 2912 797 τὰ
2941 744 3038 812 τῆς
3075 743 3253 811 μάχης
3283 742 3379 794 καὶ
3411 741 3508 794 τοῦ
3552 741 3814 794 ἀποκλειο

583 847 825 916 ρέστησα
852 847 928 914 τῷ
960 846 1194 916 αὐθέντῃ
1225 863 1328 914 μου
1365 848 1458 898 καὶ
1497 847 1709 916 βασιλεῖ
1740 847 1800 898 τὸ
1829 846 2149 915 καταστιχί-

583 940 694 989 διον
727 939 863 1004 μετὰ
905 938 1083 1007 λύπης
1130 939 1228 989 καλ⁸
1276 938 1736 1005 σκυθρωπότητος
1793 937 2022 1004 πολλῆς·
2057 938 2150 988 καὶ

583 1030 766 1096 ἔμεινε
815 1031 975 1096 μόνον
1011 1029 1394 1096 ὲναπόκρυφος
1441 1029 1644 1097 μεταξὺ
1689 1029 1854 1080 αὐτοῦ
1884 1030 1978 1080 καὶ
2009 1028 2150 1097 ἐμοῦ

581 1123 613 1187 ἡ
651 1121 908 1185 ποσότης.
950 1120 1095 1187 Πλὴν
1135 1115 1277 1187 ἦσαν
1319 1119 1410 1171 καί
1438 1137 1583 1181 τινες
1616 1119 1788 1186 ὀλίγοι
1827 1121 1968 1172 πάνυ
2002 1119 2065 1171 ἐκ
2093 1135 2152 1171 τε

582 1211 692 1263 τῶν
722 1211 999 1279 ἀρχόντων
1044 1212 1139 1261 καὶ
1171 1210 1347 1280 δήμου
1391 1211 1824 1276 ἁνωφελέστατοι
1859 1211 1952 1262 καὶ
1989 1210 2155 1262 δειλο-

585 1303 824 1372 κάρδιοι,
861 1302 908 1353 οἳ
941 1303 1026 1355 διὰ
1066 1304 1158 1355 τὸν
1194 1303 1361 1369 φόϐον
1383 1302 1478 1354 τοῦ
1503 1302 1743 1370 πολέμου
1781 1302 1873 1354 καὶ
1905 1303 2012 1354 τῶν
2039 1303 2156 1354 ἑτέ-

591 1413 697 1464 ρων
729 1395 990 1447 ἐναντίων
1051 1396 1273 1446 πανοικὶ
1323 1394 1430 1463 πρὸ
1470 1393 1668 1460 καιροῦ
1717 1395 1782 1444 ὲκ
1817 1395 1916 1462 τῆς
1952 1392 2158 1456 πόλεως
2196 1420 2206 1428 -

587 1487 833 1552 ἕςυγονο
894 1485 967 1545 ὡς
1004 1483 1058 1534 δὲ
1119 1483 1278 1534 τοῦτο
1328 1486 1384 1534 ἐν
1427 1485 1539 1546 τοῖς
1579 1484 1684 1535 ὠσὶ
1737 1482 1830 1535 τοῦ
1898 1481 2160 1552 βασιλέως

589 1579 812 1649 ἐρρέθη,
879 1575 1146 1638 στενάξας
1208 1577 1271 1626 ὲκ
1329 1575 1558 1642 καρδίας
1610 1577 1707 1627 καὶ
1759 1575 1913 1627 οὐδὲν
1973 1575 2159 1644 ἕτερον

591 1669 867 1737 ἐποίησεν.
912 1667 1162 1734 ’Υπῆρχε
1197 1665 1254 1716 δέ
1284 1683 1364 1728 τις
1396 1668 1458 1717 ἐκ
1492 1669 1590 1733 τῆς
1630 1666 1927 1734 Λιγουρίας
1953 1667 2011 1718 ὲν
2044 1667 2161 1728 ταῖς

591 1763 683 1812 δύο
707 1760 887 1820 ναυσὶ,
928 1759 986 1817 ὃς
1022 1754 1090 1827 ἦν
1141 1757 1422 1825 ναυάρχης
1456 1758 1549 1808 καὶ
1580 1756 1798 1825 Κύριος,
1847 1757 1985 1827 ἀνὴρ
2017 1757 2158 1807 πάνυ

2249 837 2391 907 σμοῠ
2427 837 2731 905 ἐπιτήδεια.
2789 833 3137 893 Χαλάσαντες
3184 832 3244 883 δὲ
3300 830 3358 883 έν
3384 848 3496 883 τισι
3525 831 3714 892 τόποις
3745 831 3815 883 τὰ

2249 929 2402 998 τείχη
2433 928 2570 997 μετὰ
2601 927 2892 980 ὲλεϐὀλεων
2913 925 3008 978 καὶ
3037 942 3107 976 πυ
3119 923 3344 992 ριϐόλων
3371 923 3810 992 μηχανημάτων,

2252 1017 2372 1073 εἶτα
2405 1021 2658 1081 θέλοντες
2717 1020 2921 1087 πλῆσαι
2985 1016 3112 1078 τοὺς
3161 1015 3408 1085 τάφρους
3467 1015 3556 1067 ἵνα
3619 1015 3816 1083 ῥᾳδίως

2257 1113 2559 1180 ποιήσωσιν
2598 1110 2697 1179 τὴν
2749 1109 2955 1160 εἴσοδον
3007 1107 3102 1159 καὶ
3155 1105 3242 1158 διὰ
3297 1107 3406 1157 τῶν
3449 1105 3819 1174 χαλασμάτων

2257 1200 2592 1260 εἰσέλθωσιν,
2618 1197 3050 1267 ἀκροϐολισμοὺς
3083 1198 3140 1248 ὲν
3165 1194 3402 1264 πρώτοις
3428 1193 3687 1262 ἐποίησαν
3724 1194 3824 1243 καὶ

2259 1291 2574 1361 συρῤάξεις,
2613 1291 2776 1359 μέσον
2823 1289 2879 1342 δὲ
2913 1289 3134 1342 ἐκείνων
3161 1287 3327 1357 ἔτερα
3359 1287 3589 1356 χώματα
3623 1288 3678 1338 ὲν
3709 1289 3828 1348 τοῖς

2259 1383 2486 1451 τάφροις
2520 1381 2781 1452 ἔρριπτον
2812 1382 2908 1433 καὶ
2935 1381 3166 1442 κλάδους
3207 1380 3442 1450 δένδρων
3485 1379 3577 1432 καὶ
3627 1379 3824 1446 ἐτέρας

2261 1474 2414 1539 ὕλας,
2453 1473 2598 1535 τινὲς
2629 1472 2686 1526 δὲ
2715 1473 2778 1525 ὲκ
2811 1472 2912 1541 τῆς
2957 1472 3080 1541 βίας
3126 1470 3221 1523 καὶ
3261 1471 3360 1533 τὰς
3391 1469 3594 1538 σκηνάς
3621 1469 3825 1520 αὐτῶν.

2263 1567 2372 1620 Καὶ
2400 1564 2468 1636 ἦν
2514 1567 2641 1617 ἰδεῖν
2677 1565 2882 1632 θέαμα,
2913 1565 2996 1616 ὅτι
3033 1566 3125 1615 καὶ
3159 1560 3347 1614 πολλοὶ
3379 1560 3435 1626 ἐξ
3469 1558 3651 1613 αὐτῶν
3673 1559 3740 1611 ἐκ
3766 1575 3828 1611 τε

2263 1655 2357 1707 τοῦ
2410 1656 2652 1722 πλήθους
2701 1653 2796 1706 καὶ
2842 1652 2942 1720 τῆς
2992 1650 3356 1720 στενοχωρίας
3404 1651 3473 1718 ἣν
3527 1644 3675 1716 εἶχον
3709 1648 3830 1700 ἔπι-

2265 1762 2419 1798 πτοψ
2445 1745 2537 1797 καὶ
2557 1747 2604 1796 oi
2629 1745 2914 1814 ἐρχόμενοι
2935 1740 3163 1794 ὄπισθεν
3184 1739 3428 1809 ἀνηλεῶς
3458 1739 3740 1808 ῥίπτοντες
3759 1739 3829 1789 τά

592 1850 788 1913 δεξιὸς,
825 1849 1068 1917 ἀνδρεῖος
1101 1849 1195 1900 καὶ
1245 1847 1572 1914 ἐπιτήδειος,
1622 1846 1859 1915 τοῦνομα
1907 1846 2161 1912 Ἰωάννης
2191 1830 2234 1884 Β
2269 1835 2427 1906 243
2460 1833 2589 1898 ξύλα
2630 1836 2722 1885 καὶ
2749 1832 2981 1901 χώματα
3025 1831 3224 1892 αὐτοὺς
3255 1829 3491 1898 οἰκτρῶς
3525 1829 3829 1891 ἐσκέπαζον

606 1940 1003 2002 Ἰουστινιανὸς,
1035 1937 1094 2000 ὃς
1117 1939 1379 2005 γεννάδας
1409 1937 1542 2007 εἶχε.
1590 1938 1824 2007 Θεωρῶν
1861 1938 1918 1990 δὲ
1947 1938 2108 1990 αὐτὸν
2136 1939 2165 1990 ὁ

599 2034 853 2102 βασιλεὺς
882 2034 959 2094 είς
995 2033 1063 2083 τά
1095 2031 1275 2083 πάντα
1321 2031 1496 2096 δεξιὸν
1541 2030 1824 2099 δήμαρχον
1850 2095 1852 2097 γ
1877 2031 2040 2082 αὑτὸν
2070 2030 2167 2080 καὶ

599 2123 903 2192 στρατηγὸν
941 2123 1033 2172 ἐπὶ
1077 2122 1429 2190 τριακοσίους
1476 2119 1676 2188 ἄνδρας
1725 2119 2062 2189 προσέταξεν
2091 2116 2169 2170 εί-

599 2235 709 2276 ναι,
757 2215 852 2266 καὶ
889 2213 1222 2282 προϐλέπειν
1251 2213 1347 2264 καὶ
1390 2212 1625 2268 ,διοικεῖν
1671 2212 1834 2263 αὑτὸν
1875 2213 1953 2270 εἰς
2005 2210 2172 2279 ἕτερά

600 2305 760 2376 242
798 2323 917 2357 τινα
960 2307 1230 2370 ἀναγκαῖα
1260 2304 1354 2356 τοῦ
1407 2303 1650 2370 πολέμου
1682 2302 1938 2366 ἐξουσίαν
1980 2301 2169 2360 ἕδωσε,

603 2399 889 2469 θαρρήσας
940 2397 1188 2463 μεγάλως
1222 2398 1300 2457 είς
1349 2396 1513 2447 αὐτόν
1542 2412 1557 2427 ο
1580 2395 1640 2457 ὃς
1679 2394 1848 2457 ὅντως
1893 2396 1989 2446 καὶ
2021 2396 2078 2447 ἐν
2107 2395 2172 2462 τῇ

603 2491 744 2558 ἀρχῇ
774 2489 910 2555 ἔργα
943 2485 1067 2549 ἄξια
1103 2487 1323 2554 μνήμης
1362 2485 1614 2554 ἐποίησε.

687 2579 774 2640 Ὠς
807 2578 863 2628 δὲ
891 2578 918 2628 ὁ
947 2576 1171 2643 ἀμηρᾶς
1213 2574 1312 2642 τὴν
1358 2573 1738 2642 κεκλασμένην
1779 2572 2019 2626 ἐλεϐόλιν
2068 2591 2172 2626 τα·-

605 2668 745 2735 χέως
781 2666 948 2718 πάλιν
977 2665 1105 2733 ὑγιῆ
1137 2665 1230 2716 καὶ
1257 2663 1403 2716 σώαν
1431 2660 1947 2734 ἑποίησενέὴμέρας
1989 2682 2048 2716 τε
2082 2665 2175 2716 καλ.

544 2761 548 2764 ’
606 2759 800 2818 νυκτὸς
831 2759 966 2825 μετὰ
998 2756 1118 2823 βίας
1149 2758 1258 2818 τοῖς
1292 2756 1529 2825 τείχεσιν
1561 2757 1792 2810 ἔτυπτον
1825 2761 1916 2809 καὶ
1947 2755 2178 2825 θόρυϐον

609 2849 777 2901 πολὺν
823 2851 880 2898 ἐν
915 2850 1048 2916 ἡμῖν
1083 2848 1302 2899 ἐποίουν
1336 2847 1472 2915 μετὰ
1509 2848 1691 2915 πάσης
1735 2850 1982 2916 μηχανῆς
2017 2847 2178 2898 πολε-

615 2941 802 3008 μικῆς,
858 2939 1292 3007 ἀκροϐολισμοὺς
1342 2940 1436 2990 καὶ
1492 2939 1784 3007 συῤῥάξεις
1814 2941 1911 2992 καὶ
1942 2939 2183 3008 συμπλο-

612 3032 713 3094 κὰς
772 3030 1153 3099 ἰσχυροτάτας·
1203 3029 1297 3080 καὶ
1353 3025 1424 3099 ἦν
1464 3029 1741 3092 πολυειδὲς
1783 3030 1843 3082 τὸ
1893 3031 2078 3083 κακόν.
2118 3030 2180 3080 Oi

2269 1928 2368 1979 καὶ
2395 1930 2452 1977 ὲν
2479 1924 2554 1994 τῷ
2599 1924 2698 1995 ᾅδῃ
2733 1924 2943 1986 ζῶντας
2976 1923 3365 1991 παρέπεμπον.
3402 1921 3623 1989 Ἔτεροι
3657 1922 3710 1972 δὲ
3736 1921 3832 1972 καὶ

2273 2016 2411 2085 μετὰ
2437 2012 2810 2084 προαιρέσεως
2837 2015 2886 2066 oi
2937 2013 3101 2064 πλέον
3137 2012 3352 2081 ἰσχυροὶ
3396 2012 3493 2064 καὶ
3540 2011 3830 2080 δυνάμενοι

2271 2113 2333 2160 ὲκ
2369 2109 2467 2176 τῆς
2499 2108 2670 2176 ὁρμῆς
2714 2107 2807 2159 καὶ
2837 2107 3073 2174 σπουδῆς
3105 2106 3232 2166 τοὺς
3265 2104 3686 2171 ἀσθενεστέρους
3715 2106 3834 2155 ἀντὶ

2272 2201 2482 2253 κλάδων
2521 2202 2614 2253 καὶ
2666 2199 2919 2268 χώματος
2951 2199 3209 2269 ἔρριπτον
3259 2196 3508 2266 ἀπηνῶς.
3542 2197 3705 2249 Ἀλλὰ
3746 2200 3836 2249 καὶ

2272 2293 2446 2346 ταῦτα
2485 2291 2767 2352 ποιοῦντες
2817 2291 2915 2344 οὐκ
2968 2290 3219 2343 ἐδύναντο
3250 2293 3446 2359 φυγεῖν
3479 2288 3738 2350 ἀϐλαϐείς
3775 2289 3838 2340 ἐκ

2274 2398 2332 2434 τε
2365 2381 2473 2433 τῶν
2509 2380 2839 2432 ὲλεϐολικῶν
2884 2381 2982 2432 καὶ
3012 2380 3462 2448 τξαγκρατόρων,
3493 2381 3585 2432 καὶ
3631 2383 3694 2431 ἐκ
3730 2381 3839 2432 τῶν

2274 2470 2471 2539 τειχῶν
2509 2470 2722 2540 βαρέων
2768 2471 2934 2524 λίθων
2984 2471 3535 2540 ἁποσφενδονούμενα
3582 2472 3634 2525 οἱ
3687 2473 3837 2524 ἐναν-

2278 2563 2382 2612 τίοι
2424 2562 2666 2630 αἰσχρῶς
2721 2562 2952 2615 ἔπιπτον
3005 2563 3102 2616 καὶ
3156 2563 3327 2616 πολλά
3377 2565 3834 2636 κατεπλήττοντο.

2279 2654 2374 2705 καὶ
2408 2654 2471 2704 ὲκ
2504 2654 2613 2705 τῶν
2656 2653 2944 2723 ἡμετέρων
2989 2655 3138 2716 τινὲς
3183 2654 3440 2716 ἀϐλαϐεῖς
3489 2656 3592 2708 οὐκ
3647 2656 3832 2707 ἑναπέ·

2284 2762 2465 2814 μενον.
2501 2744 2766 2813 Σύροντες
2807 2745 2863 2797 δὲ
2920 2745 3016 2796 καὶ
3052 2745 3150 2807 τὰς
3193 2745 3464 2808 ὲλεϐόλεις
3503 2744 3688 2799 αὐτῶν
3740 2745 3833 2804 ἕως

2281 2836 2384 2901 γῆς
2416 2834 2525 2886 τῶν
2555 2834 2802 2903 τάφρων,
2837 2836 2933 2886 καὶ
2959 2836 2992 2904 ἡ
3028 2836 3177 2904 μάχη
3226 2836 3325 2893 καὶ
3351 2837 3380 2887 ὁ
3425 2835 3659 2904 πόλεμος
3688 2837 3830 2904 καὶὴ

2285 2925 2576 2996 συμπλοκὴ
2643 2927 2917 2993 φρικαλέα.
2981 2927 3218 2994 ἐγένετο.
3285 2927 3394 2979 Καὶ
3455 2929 3535 2989 είς
3581 2928 3710 2981 αὑτά
3737 2928 3829 2981 οὐκ

2283 3018 2454 3088 ἀγενῆ
2497 3014 2638 3086 ἦσαν
2693 3021 2785 3071 καὶ
2835 3019 2904 3071 τὰ
2949 3020 3215 3088 ἡμέτεραο
3263 3021 3358 3072 καὶ
3411 3020 3708 3088 θαυμαστὸν
3741 3013 3822 3087 ἦν,

611 3123 668 3174 δὲ
706 3124 964 3190 ἡμέτεροι
1009 3121 1129 3173 καθ’
1161 3120 1399 3189 ἑκάστην
1429 3121 1637 3189 ἡμέραν
1666 3121 1762 3182 τὰς
1798 3121 2046 3190 μηχανὰς
2081 3121 2181 3182 τὰς
2210 3155 2251 3211 c
2284 3112 2451 3181 χωρὶς
2479 3110 2772 3180 ἐμπειρίας
2807 3111 3048 3180 πολέμου
3082 3113 3232 3176 ὄντες
3261 3114 3362 3182 τὴν
3405 3114 3552 3182 νίκην
3575 3108 3830 3200 εἷχονοδιά

613 3213 917 3282 πολεμικὰς
955 3211 1322 3280 μανθάνοντες
1364 3212 1458 3263 καὶ
1488 3213 1586 3275 τὰς
1621 3211 1729 3264 τῶν
1758 3213 2016 3264 ἐναντίων
2047 3212 2180 3263 θεω-

617 3305 880 3374 ροῦντες,
935 3303 1114 3354 πᾶσαν
1170 3301 1374 3354 δειλίαν
1433 3304 1524 3354 καὶ
1580 3302 1742 3370 φόϐον
1773 3303 2030 3365 ἐάσαντες
2083 3303 2179 3356 καὶ

619 3479 936 3549 imperatori
953 3491 1059 3530 non
1086 3477 1204 3531 sine
1224 3477 1409 3531 dolore
1428 3483 1481 3529 et
1507 3477 1763 3532 maestitia
1784 3478 2003 3542 tradidi,
2029 3494 2183 3533 man-

617 3576 796 3642 sitque
836 3581 1030 3640 praeter
1059 3584 1159 3622 nos
1189 3569 1324 3623 duos
1361 3569 1585 3637 reliquis
1612 3571 1861 3624 occultus
1896 3585 2180 3624 numerus.

615 3667 884 3719 Caeterum
912 3661 1179 3725 nonnulli,
1215 3661 1307 3714 sed
1339 3660 1592 3728 perpauci
1643 3661 1743 3724 illi,
1785 3661 1852 3714 de
1905 3661 2185 3716 nobilitate

617 3769 668 3812 et
701 3757 852 3826 plebe
877 3754 1126 3809 homines
1167 3768 1400 3822 nequam
1427 3763 1481 3807 et
1512 3753 1760 3808 imbelles
1810 3755 2007 3809 timore
2060 3754 2184 3808 belli

619 3849 1108 3913 calamitatnmque
1141 3861 1264 3899 cum
1296 3846 1424 3900 totis
1453 3844 1678 3899 familiis
1704 3856 1829 3899 ante
1857 3857 2071 3915 tempus
2120 3861 2184 3900 et:

620 3941 753 3993 urbe
784 3936 1038 4006 fugerunt
1069 3953 1083 3991 ε
1112 3936 1256 4005 quod
1286 3937 1374 3989 uhi
1409 3938 1472 3988 ad
1505 3951 1665 3990 aures
1695 3938 2190 4005 pervenitimpera-

623 4031 784 4093 toris,
825 4029 959 4082 nihil
988 4029 1133 4082 aliud
1163 4042 1324 4097 quam
1355 4027 1425 4081 ab
1484 4027 1595 4080 imo
1649 4039 1870 4096 pectore
1927 4027 2186 4096 gemitum

622 4124 796 4175 (luxit.
836 4121 962 4173 Erat
989 4130 1170 4174 autem
1198 4121 1250 4172 in
1282 4119 1576 4188 Ligusticis
1596 4119 1702 4171 illis
1725 4119 1934 4172 duabus
1960 4118 2191 4173 navibus

621 4216 861 4281 ipsarum
897 4209 1183 4280 przefectus
1212 4219 1265 4264 et
1292 4211 1571 4274 dominus,
1599 4209 1681 4262 vir
1713 4211 1935 4276 nobilis,
1963 4213 2183 4266 dexter-

622 4305 815 4368 rinms,
850 4311 1130 4365 strenuus,
1175 4300 1516 4363 commodus,
1542 4299 1779 4354 Joannes
1831 4301 2190 4364 Justinianns,

626 4396 862 4448 nomine.
897 4394 1067 4458 Quem
1101 4407 1225 4448 cum
1257 4393 1552 4460 imperator
1576 4392 1642 4445 ad
1671 4392 1850 4445 onmia
1895 4408 2016 4446 esse
2077 4393 2191 4446 ido-

2288 3204 2350 3253 τὸ
2393 3202 2792 3272 μεγαλοψύχως
2838 3205 2932 3255 καὶ
2965 3204 3234 3271 γενναίως
3283 3207 3588 3275 ἐντυχόντες
3621 3203 3833 3257 ἐποίουν

2286 3295 2348 3346 τὸ
2385 3296 2523 3364 ὑπὲρ
2557 3297 2809 3367 δύναμιν.
2843 3297 2954 3350 Καὶ
2985 3299 3114 3360 τοὺς
3149 3298 3395 3368 τάφρους
3424 3297 3745 3368 ὲνεγέμιζον
3772 3295 3836 3350 δι’

2289 3493 2399 3532 non
2437 3477 2529 3531 diu
2559 3477 2866 3538 valuerunt,
2891 3485 3175 3546 prepterea
3202 3477 3342 3546 quod
3373 3476 3524 3531 nobis
3549 3477 3700 3531 nulla
3731 3491 3856 3531 om-

2292 3569 2423 3622 nino
2443 3567 2598 3637 quies
2630 3567 3033 3622 concedebatur
3061 3581 3163 3621 nec
3205 3567 3575 3636 suppetebant,
3629 3582 3758 3636 qum
3787 3569 3856 3621 ad

2293 3671 2526 3727 pugnam
2579 3668 2632 3711 et
2663 3655 3005 3710 obsidionem
3053 3657 3388 3727 tolerandam
3425 3659 3738 3712 necessaria
3773 3673 3862 3713 es-

2295 3759 2436 3805 sent.
2472 3749 2739 3803 llicenibns
2779 3750 2944 3816 igitur
2980 3749 3256 3803 nonnullis
3295 3750 3432 3804 locis
3461 3765 3559 3818 per
3588 3750 3858 3818 helcpoles

2294 3855 2348 3899 et
2375 3845 2662 3915 pyroholas
2685 3843 2994 3906 concussis,
3019 3843 3204 3897 hostes
3223 3842 3403 3897 fossas
3431 3842 3726 3910 impleturi,
3752 3858 3859 3912 quo

2297 3938 2509 3992 facilem
2547 3938 2848 4005 ingressum
2879 3936 3143 3990 haberent
3169 3945 3221 3989 et
3256 3951 3351 4006 per
3385 3935 3649 3990 foramina
3672 3951 3858 3988 muro-

2295 4045 2415 4082 rum
2449 4035 2820 4098 penetrarent,
2845 4027 2936 4095 qni
2959 4027 3118 4096 primi
3159 4028 3396 4090 stabant,
3435 4027 3859 4096 iaculationibus

2297 4127 2352 4172 et
2385 4120 2582 4187 pugnis
2625 4133 2725 4172 nos
2758 4118 3045 4170 vexabant.
3082 4116 3231 4170 Inter
3263 4119 3364 4171 hos
3392 4117 3600 4172 medios
3623 4117 3716 4170 alii
3751 4126 3861 4170 ter-

2299 4228 2416 4266 ram
2454 4213 2504 4264 in
2541 4211 2718 4264 fossas
2743 4211 3112 4277 congerebant
3146 4218 3242 4263 aut
3268 4211 3491 4266 frondes
3521 4211 3778 4264 arborum
3811 4219 3864 4262 et

2300 4303 2458 4356 aliam
2497 4302 2805 4363 materiam,
2839 4301 3086 4354 nonnulli
3115 4301 3249 4355 adeo
3273 4301 3468 4355 ardore
3495 4300 3706 4369 abrepti
3744 4311 3862 4355 ten-

2302 4393 2439 4448 toria
2467 4410 2565 4448 sua
2605 4411 2618 4446 :
2649 4403 2875 4461 eratque
2903 4393 3084 4445 videre
3108 4393 3307 4446 mirum
3344 4393 3737 4462 spectaculum,
3759 4409 3866 4461 quo

629 4501 788 4537 neum
815 4480 1311 4545 animadvertisset,
1372 4481 1655 4534 tribunum
1716 4496 1840 4535 eum
1875 4492 1929 4536 et
1987 4483 2189 4536 ducum
2223 4499 2493 4558 Dacorum
2529 4499 2630 4538 non
2664 4484 2821 4551 pauci
2847 4483 3197 4536 multitudine
3221 4493 3276 4536 et
3305 4483 3413 4562 loci
3437 4483 3702 4552 angustiis
3717 4498 3869 4538 com-

628 4583 1000 4629 trecentorum
1025 4572 1256 4624 militum
1297 4571 1532 4625 instituit
1577 4572 1861 4640 eidemque
1913 4573 2016 4625 alia
2047 4589 2196 4641 qure-

625 4668 748 4720 dam
777 4663 902 4719 belli
933 4676 1159 4718 munera
1189 4662 1621 4716 administranda
1647 4663 1955 4727 commisit,
1997 4662 2197 4716 virtute

577 4801 579 4803 .
627 4758 744 4823 ejus
779 4766 1107 4824 magnupere
1137 4754 1292 4808 nisus
1325 4771 1338 4807 :
1373 4753 1464 4822 qui
1493 4769 1680 4808 ret-era
1726 4755 1780 4807 in
1829 4755 1928 4807 hac
1975 4754 2196 4822 praefec-

628 4860 748 4903 tura
785 4865 883 4903 sua
911 4849 1150 4902 facinora
1181 4848 1438 4900 memoria
1472 4847 1632 4917 digna
1671 4847 1926 4915 patravit.

701 4944 927 4992 Ameras
959 4949 1243 5008 postquam
1263 4937 1558 4991 diffractam
1581 4937 1867 5005 helepolim
1887 4937 2036 4990 brevi
2062 4945 2197 4989 tem-

632 5046 763 5099 pore
824 5031 1014 5084 refecit
1054 5030 1512 5096 instauravitque,
1565 5028 1680 5081 dies
1715 5043 1777 5080 ac
1811 5037 1997 5079 noctes
2026 5027 2192 5078 vehe-

631 5129 838 5173 menter
872 5135 1058 5174 muros
1081 5128 1306 5188 quatere
1333 5128 1387 5172 et
1417 5132 1671 5186 magnum
1708 5118 1866 5170 nobis
1903 5117 2196 5169 tumultum

630 5212 854 5281 injicere
881 5213 1028 5264 omni
1066 5197 1193 5264 belli
1237 5225 1455 5280 genere,
1484 5209 1928 5277 iaculationibus,
1969 5206 2199 5276 proeliis,

629 5303 1078 5358 dimicationibus
1105 5301 1388 5355 acerrimis
1415 5317 1518 5354 non
1540 5300 1794 5364 cessavit,
1813 5310 2040 5369 eratque
2065 5297 2204 5350 mul-

630 5397 796 5463 tiplex
843 5392 970 5448 mali
1005 5391 1194 5447 facies.
1231 5391 1412 5446 Nostri
1447 5393 1688 5461 quotidie
1742 5391 2022 5445 machinas
2050 5391 2204 5443 belli-

631 5503 724 5540 cas
758 5493 1056 5540 tractantes
1101 5494 1522 5552 spectantesque
1563 5498 1680 5545 eas,
1712 5497 1851 5551 quas
1885 5483 2070 5535 hostes
2106 5485 2203 5535 ha-

635 5579 854 5638 hebant,
885 5575 1080 5628 timore
1104 5584 1154 5628 et
1182 5573 1474 5629 formidine
1516 5576 1702 5637 soluti,
1733 5575 2018 5629 machinas
2043 5584 2095 5628 et
2121 5591 2207 5628 ar-

634 5680 713 5721 tes
745 5681 911 5719 novas
937 5666 1338 5735 excogitabant,
1370 5676 1420 5719 et
1455 5666 1700 5720 hostibus
1729 5665 1870 5719 haud
1896 5681 2086 5733 parum
2116 5665 2210 5718 de-

636 5759 876 5813 trimenti
916 5757 1234 5812 offerebant.
1271 5756 1538 5812 Craterum
1579 5757 1885 5826 singulares
1925 5754 2029 5808 illa:
2064 5765 2208 5808 artes

2301 4575 2474 4644 prCSsi
2540 4574 2826 4639 cadebant,
2888 4582 2940 4627 et
3006 4575 3073 4627 ab
3127 4575 3212 4640 iis,
3248 4576 3340 4643 qui
3398 4576 3767 4642 sequebantur
3820 4584 3872 4627 et

2299 4667 2592 4722 crudeliter
2622 4667 2948 4735 dejiciebant
2978 4665 3122 4735 ligna
3155 4675 3208 4719 et
3233 4675 3432 4718 terram
3461 4665 3740 4730 effossam,
3772 4665 3870 4718 mi-

2301 4758 2600 4812 serabiliter
2650 4758 2917 4824 cooperti,
2974 4756 3079 4809 vivi
3132 4756 3197 4809 ad
3249 4755 3453 4810 inferos
3488 4755 3867 4809 mittebantur.

2304 4848 2557 4902 Nonnulli
2585 4850 2747 4900 etiam
2781 4848 2990 4900 viribus
3033 4847 3194 4900 validi
3224 4861 3285 4901 ac
3319 4847 3529 4901 robusti
3559 4861 3624 4899 ex
3662 4846 3868 4915 impetu

2301 4950 2355 4992 et
2382 4938 2729 4992 festinatione
2760 4939 3086 4993 infirmiores
3111 4941 3253 4994 ultro
3285 4954 3381 5007 pro
3408 4939 3574 4992 ramis
3607 4939 3694 4993 vel
3729 4949 3870 4991 terra

2306 5030 2524 5081 sazviter
2559 5029 2944 5082 detrudebant.
2983 5027 3086 5081 Sed
3124 5031 3250 5080 cuni
3285 5029 3400 5082 haec
3447 5027 3708 5090 facerent,
3767 5041 3871 5079 non

2306 5127 2553 5188 poterant
2581 5118 2713 5170 salvi
2749 5118 2986 5170 devitarc
3012 5116 3340 5185 helepolium
3371 5127 3424 5169 et
3454 5117 3679 5170 telorum
3716 5117 3871 5174 ictus.

2306 5221 2358 5262 et
2395 5225 2422 5261 a
2463 5209 2758 5278 grandibus
2815 5209 2985 5269 saxis,
3031 5223 3155 5276 quae
3188 5209 3253 5262 de
3293 5222 3454 5260 muro
3495 5206 3868 5265 vibrabantur.

2308 5301 2576 5352 cadebant
2600 5301 2829 5366 turpiter
2852 5298 3195 5366 multumque
3219 5297 3676 5351 vulnerabantur:
3700 5311 3875 5363 quan-

2310 5405 2468 5454 quam
2503 5389 2664 5440 etiam
2695 5387 2760 5440 de
2791 5387 2991 5440 nostris
3021 5386 3271 5439 nonnulli
3304 5400 3412 5438 non
3455 5384 3607 5439 illaesi
3651 5397 3874 5437 manse-

2313 5489 2455 5533 runt.
2484 5477 2790 5531 Traxerunt
2821 5488 2998 5529 tamen
3032 5476 3307 5543 helepoles
3325 5477 3392 5529 ad
3427 5490 3577 5529 oram
3603 5475 3792 5533 fossae,
3824 5481 3875 5525 et

2312 5569 2620 5622 conflirtmn
2666 5583 2726 5621 ac
2759 5571 3095 5621 decertatum
3129 5579 3212 5622 est
3243 5567 3599 5621 horribiliter.
3629 5567 3698 5619 At
3728 5565 3872 5617 haud

2314 5661 2556 5712 imbelles
2590 5659 2760 5711 uestri
2799 5674 2856 5712 se
2893 5659 3260 5728 praebuerunt,
3295 5673 3359 5711 ac
3390 5657 3592 5710 mirum
3636 5665 3775 5718 erat,
3819 5662 3875 5705 ut

2315 5753 2456 5807 bello
2488 5750 2827 5806 inexercitati
2877 5750 3156 5806 victoriam
3191 5759 3370 5806 tamen
3425 5757 3788 5820 reportarem,
3821 5753 3878 5798 et
