4066 6296
352 267 448 333 841

1300 259 1747 321 CllliONiCON
1793 253 2068 318 MAJUS.
2107 279 2171 291 κ-
2216 254 2369 314 LIB.
2418 251 2532 311 III.

3498 242 3603 305 812

364 377 493 444 ὅλης
522 374 620 442 τῆς
652 370 907 443 ἡμέραςἸ
932 373 1087 441 ᾗμεῖς
1120 370 1173 423 δὲ
1207 370 1271 423 δι’
1304 372 1431 440 ὅλης
1465 374 1559 440 τῆς
1597 372 1794 433 νυκτὸς
1819 371 1918 430 τὰς
1952 371 1989 425 Α
2022 362 2283 430 ψευσθεὶς
2318 363 2423 415 ὑπὸ
2449 362 2545 423 τὰς
2576 360 2673 411 αύτ
2689 358 2745 421 ἃς
2774 359 2993 419 ἐλπίδας
3029 358 3192 427 ἕτεροι
3238 357 3333 412 νέα
3368 359 3608 431 ἐφευρη-

361 482 495 531 υλας
519 466 617 521 καὶ
642 466 710 518 τὰ
739 464 872 530 ξύλα
903 463 1209 532 εἱλκίζομεν
1247 464 1471 535 ἔσωθεν·
1507 466 1600 517 καὶ
1625 467 1679 516 eti
1714 464 1929 532 ὀρύξεις

362 562 476 613 τῶν
543 559 769 627 τάφρων
812 558 1172 625 ἐκαπέμειναν
1208 557 1281 620 ὡς
1316 556 1410 609 καὶ
1438 551 1505 625 ἦν
1536 557 1595 608 τὸ
1644 559 1927 624 πρότερον.

364 652 502 714 Τοὺς
557 648 612 703 δὲ
645 650 989 719 χαλάσαντας
1028 648 1272 717 πύργους
1306 646 1433 717 χοῦν
1493 647 1629 717 μετὰ
1659 647 1933 715 σπυρίδων

363 744 722 812 βαστάζοντες
752 744 846 796 καὶ
878 744 1112 809 ἀγγείων
1148 742 1373 806 ξυλίνων
1406 742 1547 794 οἴνου
1581 744 1677 795 καὶ
1711 743 1929 809 ἑτέροις

364 837 540 901 ξύλοις
576 836 729 897 αὖθις
768 836 1208 904 άνεκαινίζομεν.
1252 835 1313 889 Ὀ
1346 835 1401 887 δέ
1450 835 1675 902 ἀμηρᾶς
1710 834 1933 902 θεωρῶν

364 928 629 1000 ᾐσχύνετο
688 929 774 982 διὰ
840 928 899 980 τὸ
970 930 1068 999 τὴν
1149 928 1343 998 βουλὴν
1415 926 1580 979 αὑτοῦ
1652 926 1936 995 ἄπρακτον

365 1019 526 1091 244,
554 1020 757 1089 μένειν,
796 1020 886 1071 καὶ
919 1019 1111 1089 ἑτέραν
1151 1020 1402 1089 μηχανὴν
1432 1018 1736 1088 πολεμικὴν
1769 1018 1937 1071 θέλων

366 1114 592 1181 ποιῆσαι
622 1111 957 1181 προσέταξεν
993 1112 1081 1164 ἵνα
1120 1111 1319 1163 ἐλθωσί
1347 1128 1489 1173 τινες
1540 1111 1732 1179 ἄνδρες
1764 1112 1811 1163 οἱ
1847 1110 1936 1162 δυσ

364 1208 590 1274 νάμενοι
634 1204 812 1272 ὀρθῶς
850 1206 980 1257 ἰδεῖν
1027 1205 1124 1257 καὶ
1178 1205 1358 1256 ποιεῖν
1388 1207 1529 1267 ὀπὰς
1576 1205 1936 1272 ὑποκεκρυμ-

371 1301 539 1368 μένας
575 1300 822 1353 κάτωθεν
854 1299 954 1367 τῆς
977 1300 1106 1368 γῆς,
1139 1299 1288 1359 ὅπως
1323 1298 1391 1350 δι’
1422 1297 1603 1351 αὑτῶν
1642 1299 1670 1350 ὀ
1703 1298 1938 1367 στρατὸς

369 1392 610 1454 εὐκόλως
668 1391 985 1444 εἰσέλθωσιν
1028 1391 1177 1444 ἔνδον
1222 1393 1323 1457 τῆς
1370 1390 1601 1453 πόλεως.
1646 1391 1758 1444 Καὶ
1795 1390 1940 1443 κατὰ

368 1485 428 1538 τὸ
459 1485 799 1555 προσταχθὲν
830 1483 925 1538 ὑπ’
955 1484 1119 1537 αὑτοῦ
1147 1484 1385 1554 ἤρξαντο
1436 1483 1713 1553 ὀρύσσειν.
1750 1484 1939 1536 Ἰωάν-

369 1597 466 1649 νης
486 1579 544 1632 δέ
575 1597 657 1642 τις
687 1578 969 1650 Γερμανὸς
1013 1578 1185 1647 ἄκρον
1232 1577 1549 1647 ἠσκημένος
1578 1578 1676 1639 τὰς
1707 1576 1801 1630 τοῦ
1842 1593 1942 1629 πο-

2038 473 2185 524 ματα
2221 456 2318 507 καὶ
2354 455 2601 523 μηχανὰς
2642 453 2722 513 εἰς
2764 451 3085 519 πολιορκίαν
3121 452 3328 503 ἐποίει·
3356 451 3606 506 ἑλέπολιν

2035 547 2144 615 γὰρ
2181 543 2449 613 μεγίστην
2486 542 2717 612 ἔχουσαν
2753 541 2978 611 τροχοὺς
3008 540 3232 603 πολλοὺς
3274 544 3411 611 μετὰ
3434 541 3609 607 ξύλων

2036 634 2278 705 χοντρῶν
2312 633 2472 705 245
2510 634 2908 695 κατεσκεύασε,
2963 632 3165 694 πλάτος
3207 632 3438 702 ἔχουσαν
3470 637 3606 691 πολτλ

2037 733 2134 784 καὶ
2164 730 2317 799 ὕψος
2356 732 2571 784 ἐνέδυσε
2621 731 2677 782 δὲ
2730 729 2902 798 αὑτὴν
2936 727 3140 782 ἔσωθεν
3183 729 3279 781 καὶ
3313 729 3510 792 ἔξωθεν
3545 733 3611 784 ἐκ

2040 823 2225 893 τρίτου
2275 823 2412 892 μετὰ
2460 822 2743 891 βουὸάλων
2780 821 2875 874 καὶ
2929 820 3066 889 βοῶν
3097 820 3307 889 δορῶν,
3347 820 3440 872 καὶ
3473 821 3613 890 πύρ-
3696 838 3699 849 ν

2040 932 2172 983 γους
2202 911 2347 983 εἶχεν
2383 914 2591 969 ἄνωθεν
2627 915 2722 965 καὶ
2764 912 3269 981 παραπετάσματα,
3294 911 3613 981 ἁναϐάθρας

2040 1008 2134 1059 καὶ
2183 1006 2541 1073 καταόἀθρας
2564 1046 2577 1066 ,
2607 1005 2694 1057 ἵνα
2749 1007 2810 1057 οὑ
2863 1003 3227 1074 δυνησώμεθα
3260 1006 3384 1069 τοὺς
3410 1004 3615 1058 ἔσωθεν

2041 1098 2212 1165 αὑτῆς
2243 1097 2525 1165 βλάπτειν.
2563 1093 2689 1164 Εἶχε
2710 1097 2768 1149 δὲ
2800 1097 2971 1149 καὶτὸ
3001 1095 3202 1161 ἔξωθεν
3238 1096 3402 1166 μέρος
3432 1099 3616 1167 ἢνοιγυ

2047 1190 2232 1257 μένον,
2264 1190 2352 1243 ἵνα
2405 1191 2602 1261 ρᾳδῖως
2663 1192 3028 1259 είσέρχωνται
3075 1193 3168 1243 καὶ
3198 1191 3528 1261 ἐξέρχωνται
3566 1192 3615 1243 ei

2045 1280 2384 1349 βουλόμενοι.
2424 1281 2577 1333 Κατὰ
2606 1280 2659 1333 δὲ
2688 1282 2747 1332 τὸ
2789 1282 2957 1351 μέρος
2987 1280 3055 1332 δι’
3089 1274 3148 1332 οὗ
3179 1281 3405 1348 ἔμελλον
3440 1280 3616 1333 ἐλθεῖν

2043 1374 2100 1424 ἐν
2150 1373 2226 1441 τῷ
2273 1371 2572 1442 ὀρύγματι,
2613 1369 2724 1441 εἶχε
2765 1373 2940 1434 πύλας
2971 1375 3121 1442 τρεῖς
3170 1372 3414 1441 μεγάλας
3471 1377 3616 1441 μετὰ

2043 1466 2593 1534 παρασκεπάσματος
2629 1465 2875 1533 σφοδρῶς
2920 1465 3294 1534 ἐνδεδυμένας,
3337 1465 3414 1528 ὡς
3462 1464 3615 1517 εἷπο-

2049 1573 2171 1623 μεν.
2201 1553 2359 1626 Εἶχον
2391 1556 2446 1609 δὲ
2476 1557 2679 1611 ἔσωθεν
2704 1558 2800 1611 καὶ
2824 1556 3090 1610 κύκλοθεν
3122 1558 3230 1610 πᾶν
3259 1556 3490 1628 ὀργανον
3524 1560 3618 1611 καὶ

367 1671 536 1741 λέμου
576 1673 824 1742 μηχανὰς
853 1672 946 1724 καὶ
969 1672 1066 1733 τὰς
1089 1668 1183 1724 τοῦ
1211 1670 1380 1741 ὑγροῦ
1402 1669 1595 1740 πυρὸς,
1628 1670 1941 1733 ἐνωτισθεὶς
1975 1700 2016 1755 Β
2044 1654 2242 1755 τέχνην
2284 1652 2594 1755 πτζλεμιξὴν
2622 1655 2716 1755 ³ξαῖ
2748 1651 2949 1755 ποξλάἶ
2972 1651 3139 1755 ’ὔλας
3188 1653 3282 1755 fui
3329 1650 3484 1717 ξόλαν
3529 1652 3618 1753 τ’ία

368 1764 465 1834 τὴν
493 1781 567 1834 μη
575 1765 764 1834 χανὴν,
797 1764 993 1835 ἑτέραν
1010 1763 1151 1834 ὀπὴν
1179 1762 1430 1816 ἐναντίαν
1458 1762 1660 1831 ὀρύξας
1683 1764 1775 1816 καὶ
1802 1763 1941 1833 μετὰ

368 1856 537 1926 ὑγροῦ
599 1857 773 1927 πυρὸς
823 1858 1163 1926 τεχνηέντως
1218 1856 1584 1918 συσκευάσας,
1626 1856 1941 1925 ἐρχομένων

367 1950 475 2001 τῶν
502 1948 762 2019 Τούρκων
814 1949 903 2001 διὰ
955 1950 1052 2016 τῆς
1100 1947 1242 2011 ὀπῆς
1296 1948 1436 2016 μετὰ
1487 1946 1661 2018 χαρᾶς
1691 1949 1853 2011 αὑτὸς
1879 1951 1942 2002 τὸ

372 2042 485 2111 πῦρ
510 2034 721 2109 ἀνάψας
756 2040 816 2093 τὸ
860 2042 940 2103 εἰς
987 2039 1088 2109 τὴν
1133 2039 1382 2094 ἐναντίαν
1426 2039 1757 2111 ὠρυγμένην
1806 2039 1939 2111 παρ’

365 2130 528 2184 αὑτοῦ
568 2131 706 2200 ὀπὴν
766 2130 996 2192 πολλοὺς
1045 2128 1103 2193 ἐξ
1132 2128 1314 2182 αὐτῶν
1360 2130 1667 2182 κατέκαυσε
1712 2131 1940 2193 καὶτὰς

358 2221 559 2291 ,τέχνας
610 2221 791 2274 αὑτῶν
829 2223 907 2283 είς
947 2221 1098 2274 οὐδὲν
1157 2220 1458 2284 ἀπέδειξενο
1515 2221 1655 2291 ὀπὴν
1699 2221 1757 2275 δὲ
1812 2224 1940 2286 μίαν

368 2309 622 2362 ἐναντίων
655 2311 683 2362 ὀ
728 2310 989 2375 γεννάδας
1019 2310 1301 2381 Γερμανὸς
1329 2311 1512 2364 λαθὼν
1539 2312 1638 2382 οὑχ
1663 2304 1838 2382 εῦρεν.
1875 2313 1939 2366 Οί

368 2398 603 2468 Τοῦρκοι
636 2401 690 2452 δὲ
719 2402 813 2453 καὶ
848 2402 1001 2453 αὑτοὶ
1024 2402 1086 2454 τὸ
1117 2403 1283 2472 ὑγρὸν
1303 2401 1416 2472 πῦρ
1448 2402 1682 2471 ἀνῆψαν,
1709 2404 1737 2457 ὀ
1766 2422 1941 2475 προηο

370 2493 660 2561 τοίμασαν,
688 2491 826 2561 πλὴν
853 2492 1006 2545 ούδέν
1038 2492 1432 2562 κατώρθωσαν·
1465 2495 1679 2563 πύργου
1703 2496 1760 2548 δέ
1796 2514 1940 2561 τινος

376 2583 537 2656 μόνον
561 2582 795 2635 παλαιοῦ
816 2583 997 2650 ὀλίγον
1028 2582 1192 2653 μέρος
1220 2584 1283 2636 ἐκ
1309 2583 1404 2637 τοῦ
1426 2585 1625 2654 κρότου
1650 2586 1743 2639 τοῦ
1769 2588 1939 2659 πυρὸς

370 2673 586 2738 ἔπεσεν,
620 2672 677 2725 ὃν
701 2674 862 2742 ἡμεῖς
892 2673 1052 2731 εὐθὺς
1075 2674 1521 2742 ἁνεκαινίσαμεν.
1548 2670 1730 2727 Ἦσαν
1760 2676 1815 2729 δὲ
1846 2676 1938 2728 καί

371 2783 519 2828 τινες
550 2765 771 2836 γηραιοὶ
812 2764 862 2817 οἳ
902 2763 1091 2830 ελεγον
1123 2765 1205 2817 ὃτι
1236 2764 1329 2817 καὶ
1363 2767 1409 2817 οἱ
1446 2766 1678 2819 ἐναντίοι
1726 2769 1782 2819 ἐν
1818 2767 1936 2821 ἐτέ-

374 2874 496 2925 ραις
533 2856 731 2926 μάχαις
762 2854 921 2909 τοῦτο
954 2854 1200 2924 ἔπραξαν
1229 2856 1326 2908 καὶ
1343 2856 1498 2909 οὑδέν
1533 2856 1937 2926 ἐκατώρθωσαν

368 2948 457 3003 διὰ
489 2950 548 3001 τὸ
574 2951 633 3001 τὸ
672 2949 854 3001 πλεῖον
884 2950 1054 3018 μέρος
1080 2948 1180 3015 τῆς
1209 2949 1417 3012 πόλεως
1446 2949 1801 3004 ὑποκάτωθεν
1826 2950 1938 3004 τῶν

2054 1744 2287 1814 ρίψωσιν
2341 1747 2400 1796 ἐν
2464 1744 2541 1813 τῷ
2598 1744 2791 1813 τάφρῳ
2826 1745 2883 1795 ἐν
2931 1742 3008 1813 τῷ
3054 1745 3385 1814 προσήκοντι
3415 1742 3614 1812 καιρῷ,

2049 1837 2196 1897 ὅπως
2224 1836 2425 1907 ῥᾳδίως
2450 1834 2765 1888 εἰσέλθωσιν
2784 1848 2799 1865 ⁸
2835 1831 2982 1903 εἶχον
3002 1834 3060 1887 δὲ
3089 1834 3363 1903 κλίμακας
3384 1831 3617 1901 ἐχούσας

2050 1924 2150 1986 τὰς
2200 1923 2469 1994 βαθμίδας
2500 1923 2862 1994 μηρινθώδεις
2899 1923 3347 1993 ὑποχαλουμένας
3392 1922 3480 1976 διὰ
3522 1922 3620 1977 κά-

2050 2015 2179 2080 λων,
2214 2016 2307 2068 κα¹ι
2340 2015 2497 2077 αὖθις
2526 2011 2662 2085 ᾖρον
2694 2014 2826 2083 μίαν
2860 2015 2940 2077 είς
2986 2013 3143 2083 ὕψος.
3180 2013 3617 2084 Προσδεδομένης

2050 2108 2162 2169 τοῖς
2204 2107 2412 2177 τείχεσι
2440 2106 2535 2160 καὶ
2565 2107 2748 2175 πάσης
2782 2108 2976 2175 ἐτέρας
3019 2105 3292 2176 μηχανῆς,
3320 2106 3385 2175 ἢν
3416 2106 3620 2175 ἠδυνή-

2051 2200 2121 2270 θη
2161 2201 2455 2271 ἀνθρώπου
2518 2200 2642 2265 νοῦς
2695 2201 2911 2269 νοῆσαι,
2944 2198 3019 2260 ὡς
3065 2199 3168 2251 οὐκ
3198 2197 3427 2267 ἦλπιζεν
3462 2196 3621 2265 βασιο

2048 2293 2175 2356 λεύς
2230 2309 2385 2357 ποτε,
2436 2293 2538 2346 οὑκ
2593 2292 2823 2360 ἐποίησε
2856 2290 2953 2343 τοῦ
2982 2289 3193 2344 ἁλῶσαι
3236 2291 3299 2342 τὸ
3330 2288 3619 2359 φρούριον.

2049 2386 2389 2455 Ποιήσαντες
2425 2384 2482 2436 δέ
2527 2383 2622 2436 καὶ
2650 2383 2708 2434 ἐν
2739 2381 2953 2451 ἑτέροις
2979 2382 3202 2451 μέρεσιν
3231 2380 3444 2449 ἀμάξας
3479 2380 3622 2450 μετὰ

2049 2475 2320 2531 πλείστων
2352 2473 2582 2544 τροχῶν,
2611 2476 2703 2525 καὶ
2731 2471 2938 2527 ἄνωθεν
2982 2471 3057 2533 ὡς
3097 2469 3368 2539 πύργους,
3396 2471 3490 2523 καὶ
3520 2471 3621 2523 αὑ-

2046 2564 2129 2617 τοὶ
2182 2563 2525 2630 ἐνδεδυμένοι
2574 2563 2636 2616 ὃν
2688 2564 2889 2632 τρόπον
2936 2562 3184 2632 εἴπομεν.
3235 2562 3496 2631 Ἔχοντες
3524 2562 3623 2615 καὶ

2050 2656 2204 2709 αὑτοὶ
2259 2654 2521 2717 πλείστας
2560 2654 2818 2724 μηχανὰς
2880 2653 3425 2716 κατασκευασθείσας
3482 2654 3621 2723 μετὰ

2046 2749 2142 2802 τοῦ
2192 2746 2360 2818 ὑγροῦ
2415 2746 2587 2817 πυρὸς
2623 2746 2716 2800 καὶ
2772 2747 2831 2798 ἐν
2887 2747 2988 2815 μιᾷ
3018 2744 3137 2815 ὥρᾳ
3174 2732 3491 2815 ἡτοίμασαν
3536 2746 3621 2798 ἵνα

2047 2843 2251 2906 πάντες
2280 2842 2378 2910 τὴν
2414 2840 2679 2913 σύρῤηξιν
2730 2838 2847 2908 ἅμα
2899 2840 3231 2909 ποιήσωσιν.
3264 2841 3375 2892 Καὶ
3401 2839 3621 2910 πρῶτον

2050 2935 2150 3004 μὲν
2176 2933 2344 3006 246
2378 2934 2518 3001 μετὰ
2566 2931 2667 3000 τῆς
2698 2930 2935 3001 φοὸερᾶς
2970 2930 3183 2999 ἐκείνης
3211 2930 3499 2993 ἐλεὸὀλεως
3529 2930 3623 2983 τύ-

369 3041 567 3113 τειχῶν
612 3042 879 3113 πετρῶδες
905 3036 1068 3097 εῖναι.
1117 3041 1354 3111 Σφαλεὶς
1392 3042 1448 3094 δὲ
1497 3044 1525 3094 ό
1573 3044 1795 3114 άμηρᾶς
1842 3043 1935 3098 καὶ
1965 3046 2008 3105 C.
2044 3030 2247 3096 ψαντες
2279 3026 2524 3097 σφοδρῶς
2552 3022 2787 3095 ἔθρεψαν
2836 3023 2916 3086 εἷς
2943 3021 3137 3091 ἔδαφος
3177 3022 3259 3075 τδν
3289 3021 3500 3093 πύργον
3528 3024 3620 3077 τδν

376 3236 571 3292 magno
594 3222 774 3276 animo
795 3230 848 3275 et
874 3235 1135 3291 generose
1162 3236 1220 3277 se
1250 3221 1573 3292 ohjieientes
1608 3239 1769 3294 supra
1796 3225 1941 3281 vires

374 3312 703 3366 iaborarent.
744 3314 934 3381 Itaque
966 3326 1091 3365 eum
1149 3311 1226 3364 illi
1264 3321 1377 3367 toto
1404 3313 1492 3368 die
1534 3312 1709 3369 fossas
1752 3315 1945 3385 imple-

374 3411 517 3466 rent,
547 3402 721 3455 nostri
758 3409 869 3455 tota
902 3412 1064 3456 nocte
1093 3402 1398 3468 materiem,
1432 3412 1656 3471 terram,
1685 3406 1829 3476 ligna
1856 3407 1945 3460 in—

374 3503 461 3549 tro
494 3495 814 3564 egerehant,
853 3495 998 3548 unde
1030 3494 1189 3550 fossae
1224 3504 1566 3563 manserunt,
1601 3499 1791 3567 quales
1819 3508 1945 3553 ante

379 3585 612 3639 fuerant.
651 3583 853 3639 Turres
876 3594 1056 3640 autem
1081 3600 1377 3642 concussas
1408 3589 1573 3643 humo
1601 3589 1654 3643 in
1687 3590 1945 3645 corbibus

374 3683 429 3728 et
458 3676 600 3729 vasis
636 3675 830 3745 ligneis
862 3676 1090 3732 vinariis
1113 3690 1328 3747 aggesta
1358 3680 1712 3749 trabibusque
1738 3682 1946 3734 instau-

379 3764 588 3829 rabant.
612 3762 741 3830 Quae
765 3780 885 3819 eum
914 3766 1373 3823 animadverteret
1390 3784 1623 3832 ameras,
1653 3752 1943 3823 erubesce-

286 3877 295 3880 υ
377 3856 488 3918 bat,
543 3855 687 3923 quod
753 3856 1041 3910 consilium
1097 3872 1256 3911 suum
1281 3868 1480 3913 eventu
1513 3868 1743 3923 careret,
1783 3866 1943 3927 atque

376 3945 537 3998 aliam
566 3946 831 3999 rationem
860 3955 1212 4015 experturus,
1244 3950 1557 4018 imperavit,
1584 3958 1644 4003 ut
1666 3949 1943 4011 adessent,

374 4037 468 4106 qui
507 4047 653 4091 recto
686 4036 891 4107 judicio
945 4038 1231 4092 oculorum
1262 4048 1547 4094 uterentur
1575 4050 1629 4094 et
1658 4040 1945 4095 cuniculos

374 4144 533 4199 agere
567 4128 848 4195 eallerent,
888 4146 983 4200 per
1036 4145 1176 4200 quos
1215 4132 1493 4187 exercitus
1544 4131 1707 4187 facile
1752 4133 1941 4188 urbem

378 4222 580 4275 intrare
612 4232 834 4292 posset:
862 4230 1257 4292 coeperuntque
1321 4223 1386 4275 ad
1421 4222 1793 4289 praescriptum
1824 4223 1945 4292 ejus

378 4312 581 4369 fodere.
631 4317 698 4368 At
723 4314 965 4370 Joannes
996 4314 1218 4384 quidam
1270 4314 1578 4369 Germanus
1611 4313 1666 4368 in
1699 4323 1943 4369 traetan~

2046 3209 2291 3264 haberet.
2326 3208 2432 3278 Spe
2462 3208 2626 3276 igitur
2654 3208 2841 3276 lapsus
2863 3217 2916 3263 et
2945 3209 3242 3263 frustratus
3272 3222 3485 3262 amens
3512 3209 3617 3263 alia

2048 3317 2185 3357 nova
2225 3302 2442 3356 iuventa
2476 3311 2531 3356 et
2565 3301 2852 3356 machinas
2877 3302 2944 3355 ad
2974 3302 3393 3369 expugnandam
3428 3303 3616 3357 urbem

2047 3393 2317 3448 adhibuit.
2349 3392 2644 3462 llelepolim
2673 3393 2993 3458 maximam,
3023 3394 3209 3448 multis
3232 3393 3367 3449 rotis
3404 3403 3621 3451 susten-

2047 3496 2178 3549 tam,
2212 3484 2266 3538 in
2301 3485 2496 3553 primis
2540 3484 2703 3538 latam
2733 3492 2787 3539 et
2812 3484 3000 3548 altam,
3041 3484 3201 3554 lignis
3230 3484 3508 3552 instruxit,
3532 3497 3618 3542 at‘

2047 3591 2154 3645 que
2212 3577 2359 3632 intus
2390 3586 2440 3631 et
2471 3586 2627 3631 extra
2680 3575 2954 3645 triplicato
3005 3577 3158 3631 corio
3196 3576 3515 3632 bubalurum
3565 3588 3621 3633 et

2048 3668 2214 3721 boum
2237 3668 2439 3721 induit.
2472 3667 2719 3723 Habebat
2744 3668 2933 3723 eadem
2963 3681 3196 3736 superne
3214 3676 3390 3723 turres
3407 3677 3459 3721 ct
3480 3668 3618 3731 vela,

2048 3774 2305 3813 ascensus
2340 3760 2465 3814 item
2517 3767 2571 3813 et
2604 3758 2923 3823 descensus,
2959 3772 3027 3813 ne
3060 3759 3153 3827 qui
3199 3758 3343 3813 intus
3377 3772 3621 3814 essenta

2051 3850 2211 3906 nobis
2237 3860 2455 3918 possent
2479 3850 2623 3904 laedi.
2652 3850 2876 3905 Patebat
2901 3866 3065 3920 porro
3096 3850 3268 3915 foras,
3295 3860 3354 3904 ut
3382 3852 3472 3920 qui
3512 3852 3625 3906 vel-

2051 3943 2184 4004 lent,
2221 3942 2376 3996 facile
2426 3952 2479 3996 et
2507 3943 2713 4012 ingredi
2745 3951 2798 3996 et
2826 3943 3006 4010 egredi
3039 3954 3282 4011 possent.
3315 3942 3373 3996 in
3427 3958 3489 3997 ea
3518 3957 3623 3996 au-

2052 4043 2156 4086 tem
2190 4039 2368 4102 parte,
2393 4046 2497 4101 qua
2542 4031 2596 4086 in
2637 4030 2841 4087 fossam
2875 4032 3077 4086 intrare
3108 4033 3326 4095 vellent,
3363 4042 3473 4088 tres
3505 4049 3623 4087 ma-

2049 4138 2166 4193 gnae
2200 4132 2369 4192 portae
2413 4133 2602 4187 erant,
2650 4132 2994 4191 legumento,
3052 4136 3113 4178 ut
3149 4124 3411 4190 diximus,
3454 4124 3623 4193 probe

2049 4217 2297 4269 obtectas.
2335 4215 2391 4268 ln
2434 4214 2848 4270 eireuitu‘intus
2894 4224 2947 4268 et
2976 4225 3129 4269 extra
3160 4216 3422 4284 disposita
3464 4226 3625 4270 erant

2051 4308 2236 4362 omnia
2262 4321 2456 4375 genera
2484 4306 2799 4362 bellicorum
2825 4307 3314 4361 instrumentorum
3337 4317 3390 4363 et
3410 4308 3624 4363 machi-

378 4405 462 4458 dis
510 4405 720 4460 bellicis
751 4407 1021 4462 machinis
1069 4414 1123 4459 et
1164 4406 1286 4474 igne
1320 4404 1509 4459 Graeco
1550 4405 1945 4461 exercitatissi-
1975 4394 2023 4453 Ι)
2052 4410 2268 4461 narum.
2296 4397 2539 4452 materia!
2566 4407 2619 4453 et
2653 4398 2925 4466 lignorum
2951 4414 3147 4469 magna
3179 4399 3359 4469 capia,
3382 4414 3500 4468 qua:
3528 4416 3625 4470 op-

379 4512 522 4562 mus,
540 4511 664 4549 cum
688 4497 1162 4552 animadvertisset
1189 4496 1408 4551 illorum
1439 4495 1753 4562 consilium,
1779 4496 1943 4551 alium

380 4588 693 4643 cuniculum
736 4589 1068 4642 contrarium
1132 4588 1405 4657 agendum
1466 4597 1521 4642 et
1579 4588 1702 4658 igne
1756 4588 1947 4643 Graeco

382 4678 675 4732 artificiose
723 4677 1055 4745 implendum
1088 4678 1321 4741 curavit,
1355 4677 1659 4746 Turcisque
1706 4677 1823 4733 laete
1852 4693 1949 4748 per

383 4768 696 4822 cuniculum
752 4765 1195 4835 procedentibus,
1245 4766 1361 4834 ipse
1392 4766 1445 4818 in
1479 4766 1653 4819 altero
1681 4781 1709 4817 a
1745 4783 1804 4821 se
1828 4777 1949 4821 aeto

384 4858 640 4912 cuniculo
663 4872 893 4911 accenso
929 4858 1074 4925 igne,
1102 4856 1301 4910 multos
1337 4870 1524 4910 eorum
1552 4857 1759 4911 exussit
1782 4872 1950 4927 epos-

385 4967 492 5018 que
552 4951 618 5003 ad
655 4949 883 5003 nihilum
912 4947 1138 5015 redegit.
1185 4948 1336 5001 Unus
1372 4956 1550 5018 tamen
1584 4946 1819 4999 hostium
1852 4962 1950 4999 cu—

383 5040 597 5093 niculus
618 5054 938 5107 generosum
960 5037 1114 5090 illum
1137 5037 1464 5091 Germanum
1488 5036 1667 5089 latuit.
1694 5035 1796 5104 Ipsi
1814 5050 1950 5105 quo-

385 5148 488 5200 que
518 5132 710 5184 Tlll‘CIB
762 5130 902 5183 idem
935 5144 1105 5199 genus
1146 5128 1286 5197 ignis
1318 5136 1653 5196 pararuntet
1684 5128 1949 5182 accende-

389 5233 532 5283 "Illi,
565 5221 655 5275 sed
700 5220 829 5273 nihil
886 5218 1231 5288 profecerunt
1267 5236 1281 5282 ;
1314 5217 1417 5271 nisi
1474 5218 1620 5285 quod
1656 5219 1819 5271 unius
1853 5232 1948 5271 ve-

400 5323 544 5369 .zsta:
579 5315 743 5365 turris
776 5326 940 5380 parva
971 5325 1095 5379 pars
1126 5325 1188 5363 ex
1224 5310 1380 5374 pulsu
1417 5309 1624 5363 incensi
1652 5308 1791 5377 ignis
1823 5324 1949 5362 conv

384 5409 539 5469 cidit,
572 5422 734 5475 quam
762 5415 943 5458 tamen
976 5404 1157 5458 statim
1185 5403 1627 5456 instauravimus.
1662 5402 1825 5455 Erant
1849 5418 1948 5453 an-

385 5511 492 5554 tem
526 5514 684 5551 senes
714 5498 953 5566 quidam,
1000 5496 1091 5564 qui
1130 5496 1394 5569 dicerent,
1433 5495 1617 5549 hostes
1658 5494 1795 5548 idem
1828 5503 1948 5547 len-

384 5598 532 5643 tassc
566 5588 685 5642 aliis
716 5588 766 5639 in
803 5587 954 5639 bellis
1001 5602 1099 5639 nec
1130 5586 1422 5654 quidquam
1457 5582 1777 5653 profecisse,
1805 5585 1945 5651 quin!

385 5694 559 5753 uiator
590 5681 740 5735 urbis
783 5695 909 5747 pars
960 5679 1145 5732 subter
1201 5693 1387 5731 muros
1444 5678 1618 5732 solum
1685 5692 1942 5732 saxosum

714 5778 985 5837 Parnot.
1033 5779 1146 5837 Gn.
1186 5772 1367 5835 CLVI

2051 4497 2287 4556 portuno
2317 4497 2563 4558 tempore
2601 4489 2657 4543 in
2710 4488 2911 4545 fossam
2953 4490 3271 4560 dejicerent,
3307 4506 3415 4560 quo
3451 4492 3622 4545 habe-

2052 4587 2172 4631 rent
2204 4579 2432 4633 aditum.
2466 4578 2750 4635 Habebant
2802 4582 2978 4636 scalas
3035 4582 3297 4649 gradibus
3352 4584 3621 4652 stuppeis,

2052 4682 2174 4736 qua:
2227 4683 2323 4737 per
2359 4667 2517 4725 funes
2573 4671 2997 4725 demittebantur
3031 4682 3085 4726 et
3119 4688 3309 4727 rursus
3357 4674 3413 4727 in
3448 4675 3618 4729 altum

2053 4761 2429 4815 trahebantur.
2460 4762 2906 4818 Admovebantur
2930 4766 3199 4820 moenibus
3217 4776 3473 4834 praeterea
3503 4767 3625 4821 alia:

2056 4868 2246 4906 onmes
2283 4853 2574 4918 machinas,
2620 4869 2757 4922 quas
2810 4857 3123 4929 excogitare
3180 4872 3333 4912 mens
3386 4857 3624 4912 humana

2055 4954 2253 5012 potest,
2286 4947 2477 5013 quales
2510 4962 2787 5014 nunquam
2815 4949 3058 5002 visurum
3088 4964 3145 5003 se
3172 4964 3292 5004 esse
3314 4961 3629 5019 speraverat

2056 5037 2353 5101 imperator
2418 5054 2517 5092 nec
2553 5038 2618 5091 ad
2687 5039 3012 5108 capiendum
3064 5042 3347 5095 castellum
3401 5042 3624 5111 aliquod

2056 5127 2172 5193 ipse
2195 5125 2416 5181 fecerat.
2454 5127 2728 5182 Fabrieati
2762 5140 2891 5183 sunt
2914 5129 3074 5183 etiam
3100 5130 3223 5184 aliis
3250 5130 3302 5183 in
3332 5130 3469 5185 locis
3494 5147 3626 5184 cur-

2058 5234 2153 5275 rus
2183 5221 2314 5274 rotis
2353 5221 2639 5289 permultis
2669 5230 2721 5276 et
2757 5238 2994 5291 superne
3038 5224 3278 5278 turribus
3329 5224 3626 5277 instructos

2056 5321 2110 5364 et
2149 5326 2235 5375 eo,
2276 5328 2383 5380 quo
2404 5311 2669 5376 diximus,
2705 5316 2865 5367 modo
2894 5316 3154 5378 munitos,
3186 5330 3422 5383 eumque
3453 5315 3628 5378 etipsi

2058 5404 2343 5458 machinas
2379 5404 2646 5472 plurimas
2672 5405 2934 5460 haberent
2968 5407 3110 5475 igne,
3144 5407 3237 5475 qui
3271 5421 3379 5460 non
3414 5404 3628 5460 exstin-

2054 5494 2628 5563 guitur,repletos,has
2652 5504 3057 5564 compararunt,
3080 5508 3138 5550 ut
3158 5511 3260 5548 una
3286 5508 3477 5549 omnes
3497 5494 3632 5547 hora

2050 5586 2388 5655 eruptionem
2426 5585 2685 5640 facerent.
2726 5588 2801 5641 Ac
2857 5588 3092 5657 primum
3125 5586 3342 5655 quidem
3377 5584 3620 5649 ingentis

2053 5678 2198 5733 illius
2232 5678 2489 5747 helepolis
2523 5680 2680 5749 pulsu
2724 5689 2926 5737 turrem
2987 5694 3152 5750 prope
3201 5686 3411 5747 portam
3451 5670 3633 5732 sancti
