4066 6296
380 242 487 306 845

1423 240 1865 302 CHRONICON
1899 240 2173 302 MAJUS.
2217 266 2282 276 —
2320 243 2465 305 LIB.
2517 243 2629 302 lII.

3531 238 3632 298 siti

380 353 706 418 ἐδεξιώσατο
752 354 970 419 αὑτούς.
999 355 1103 411 Καὶ
1124 354 1370 420 ἐλθόιτες
1402 359 1520 419 ταῖς
1544 356 1796 427 πρώραις
1821 356 1954 409 ὑπο-
1982 358 2031 414 Α
2059 353 2277 425 θεωρῶν
2309 357 2470 409 αὑτὸν
2519 352 2695 419 οὑτως
2740 354 2999 410 ποιοῦντα
3046 354 3391 425 ἠγανάκτουν
3433 353 3635 406 λυπού-

380 446 630 499 κάτωθεν
683 448 784 517 τῆς
843 449 993 518 νηξς,
1056 450 1211 503 αὑτοὶ
1252 449 1307 503 δδ
1362 450 1499 519 μετὰ
1534 450 1747 520 χύτρων
1780 467 1957 503 κατα-

383 542 778 611 σκευασμένων
813 541 1074 612 τεχνικῶς
1113 545 1250 611 πυρὶ
1275 542 1427 612 ὑγρῷ
1454 544 1549 595 καὶ
1588 541 1810 610 πετρῶν
1850 541 1960 595 πά-

379 633 469 685 λιν
511 634 718 696 αὑτοὺς
777 635 1049 704 μακρόθεν
1094 634 1468 704 ἀπεμπόδιζον
1500 634 1588 686 διὰ
1618 635 1679 687 τὸ
1712 635 1961 701 γίνεσθαι

381 724 551 778 πολὺν
590 724 754 794 φόνον
791 726 912 780 κατ’
945 726 1161 790 αὑτούς.
1206 726 1401 795 Ἡμεῖς
1447 727 1503 779 δὲ
1529 730 1590 779 ὲκ
1616 726 1726 778 τῶν
1763 720 1962 795 τειχῶν

380 813 591 870 ἄνωθεν
622 815 798 870 ταῦτα
828 817 1163 886 θεωροῦντες
1194 819 1461 887 ἐδεόμεθα
1496 819 1593 871 τοῦ
1634 818 1770 871 Θεοῦ
1803 819 1960 890 ἐλεῆ-

382 925 475 961 σαι
519 909 715 972 αὐτοὺς
766 913 862 961 καὶ
912 910 1083 979 ἡμᾶς.
1124 910 1362 979 Ὁμοίως
1405 912 1461 964 δὲ
1492 911 1519 964 ό
1551 911 1774 980 ἀμηρᾶς
1804 910 1964 979 ἔφιπ-

381 1017 482 1064 πος
513 1001 686 1066 ἑστὼς
722 1002 863 1056 κατά
914 1004 1016 1066 τὰς
1070 1004 1241 1067 ἀκτὰς
1281 1004 1381 1072 τῆς
1418 1004 1696 1074 θαλάσσης
1733 1004 1962 1073 ἐθεώρει

382 1095 448 1147 τὰ
488 1095 782 1163 γινόμενα.
816 1093 921 1148 Καὶ
952 1096 1113 1150 πάλιν
1160 1098 1222 1149 ὲκ
1260 1097 1450 1167 τρίτου
1506 1098 1965 1167 ὲμακροὸολίζον-

380 1202 483 1249 το,
538 1181 660 1239 εἶτα
719 1185 885 1239 πάλιν
947 1186 1198 1250 θέλοντες
1259 1188 1534 1259 συρῤἦξαι
1590 1188 1775 1251 αὐτοῖς
1827 1190 1963 1258 μετά

381 1274 703 1343 ἐπηρμένης
758 1276 960 1346 ὀφρύος
1001 1278 1096 1330 καὶ
1138 1277 1389 1347 μεγάλων
1418 1277 1787 1349 ἀλαλαγμῶν⁹
1820 1280 1869 1332 οἱ
1909 1279 1965 1332 δὲ

379 1366 676 1437 ναύκληροι
706 1369 800 1421 καὶ
848 1370 1183 1439 κυϐερνῆται
1235 1372 1333 1429 καὶ
1372 1360 1640 1441 ναύαρχοι
1696 1371 1967 1441 ἀνδρείως

379 1459 474 1510 καὶ
503 1460 805 1529 ῥωμαλέοις
837 1461 1154 1525 σταθέντες,
1204 1463 1332 1525 τοὺς
1361 1462 1559 1526 ναύτας
1606 1464 1966 1536 παραθαρρύ-

383 1568 574 1613 ναντες
621 1550 920 1605 ἀποθανεῖν
973 1553 1176 1622 μᾶλλον
1226 1553 1259 1624 ἢ
1318 1554 1440 1624 ζῇν,
1496 1556 1590 1608 καὶ
1641 1555 1879 1622 μάλιστα
1938 1559 1966 1610 ὁ

2066 464 2218 515 μενοι
2246 449 2491 511 καὶτοὺς
2526 450 2581 500 ὲν
2607 448 2684 514 τῷ
2714 449 2886 518 στόλῳ
2917 448 3321 517 ἐελασφήμουν·
3353 449 3446 501 καὶ
3483 448 3638 500 πλεῖς

2065 554 2179 589 στοι
2220 538 2448 606 ἔφιπποι
2504 540 2580 609 τῷ
2640 542 2833 612 ἀμηρᾷ
2884 541 2979 593 καὶ
3028 541 3178 592 αὑτοὶ
3212 539 3637 601 ἀκολουθοῦντες

2061 632 2167 695 ἕως
2202 634 2312 686 τῶν
2360 633 2502 703 νηῶν
2548 634 2804 704 ἤγγισαν.
2842 635 2904 687 Ol
2938 633 2992 686 δὲ
3021 632 3116 685 τοῦ
3146 632 3334 684 στόλου
3367 632 3457 684 τὸν
3486 634 3635 700 ἀμη-

2066 723 2167 791 ρᾶν
2190 722 2366 785 οὑτως
2399 723 2744 793 θεωροῦντες
2770 724 3100 792 πράττοντα,
3132 722 3226 774 καὶ
3256 721 3639 790 αἰσχυνθέντες

2064 813 2162 875 τὰς
2193 812 2405 882 ὔὸρεις,
2435 814 2671 878 ἄκοντες
2695 814 2790 867 καὶ
2822 814 3045 876 ἑκόντες
3082 812 3221 882 μετὰ
3258 813 3431 881 θυμοῦ
3464 816 3634 883 μεγά-

2064 904 2160 958 λου
2192 905 2570 975 μετέστρεψαν
2593 905 2751 967 αὖθις
2779 906 2880 969 τὰς
2921 905 3147 975 πρώρας
3184 907 3329 958 κατὰ
3357 906 3467 958 τῶν
3494 906 3639 973 νηῶν

2067 1000 2162 1051 καὶ
2189 998 2459 1067 ἐμάχοντο
2489 998 2751 1068 ἰσχυρῶς.
2785 1000 2892 1051 Καὶ
2914 999 2965 1051 τί
2995 999 3098 1069 χρὴ
3116 998 3302 1066 λέγειν
3328 1017 3339 1063 ;
3375 1000 3435 1051 οὑ
3476 1000 3639 1067 μόνον

2067 1089 2149 1149 είς
2181 1086 2333 1139 οὑδὲν
2379 1088 2476 1149 τὰς
2535 1089 2671 1156 νῆας
2733 1088 3010 1157 ἔδλαψαν,
3065 1089 3199 1142 ἀλλὰ
3241 1090 3336 1143 καὶ
3385 1088 3641 1150 τοσοῦτος

2068 1179 2229 1246 φόνος
2283 1181 2379 1232 καὶ
2434 1179 2622 1249 πληγὴ
2673 1180 2921 1247 ἐγεγόνει
2950 1183 3072 1234 κατ’
3106 1182 3307 1243 αὑτοὺς
3356 1180 3498 1233 ὥστε
3536 1181 3637 1233 οὑκ

2071 1270 2330 1324 ἐδύναντο
2389 1273 2440 1323 αἱ
2475 1273 2728 1342 τριήρεις
2773 1272 3001 1325 ὄπισθεν
3050 1275 3247 1327 ἐλθεῖν.
3283 1274 3447 1343 250
3484 1275 3643 1342 Ἐφο-

2069 1364 2342 1432 νεύθησαν
2380 1364 2436 1416 δὲ
2490 1367 2546 1417 ἐν
2605 1367 2791 1437 ἐκείνῃ
2824 1370 2887 1436 τῇ
2937 1366 3142 1437 ἡμέρᾳ,
3170 1366 3242 1429 ὡς
3282 1367 3485 1435 ἔμαθον
3530 1369 3641 1434 ἐγὼ

2068 1455 2128 1518 ἐξ
2159 1454 2358 1519 αὑτῶν,
2405 1456 2589 1509 πλεῖον
2620 1456 2651 1526 ἢ
2685 1457 3011 1510 δυοκαίδεκα
3044 1459 3287 1527 χιλιάδες
3314 1460 3637 1530 ’Λγαρηνοὶ,

2073 1547 2235 1615 μόνον
2270 1550 2325 1600 ὲν
2374 1550 2436 1618 τῇ
2472 1548 2736 1619 θαλάσσῃ.
2798 1550 3086 1619 Ἐλθούσης
3113 1551 3167 1602 δὲ
3211 1551 3312 1620 τῆς
3355 1555 3545 1614 νυκτὸς
3582 1552 3640 1618 ἐξ

384 1638 666 1714 ναυάρχης
712 1645 813 1713 τῆς
841 1644 1134 1716 βασιλικῆς
1166 1647 1297 1715 νηὸς
1320 1645 1564 1717 τοῦνομα
1587 1648 1965 1712 Φλαντανελᾶς
2001 1690 2040 1744 Β
2072 1641 2317 1744 ἀνάγκης
2348 1645 2376 1695 ὁ
2421 1641 2608 1744 frg-06;
2659 1644 2875 1744 μικρὸν
2890 1644 3233 1744 ἀνεχώρησε,
3267 1644 3362 1744 καὶ
3407 1647 3468 1744 αἱ
3515 1646 3643 1744 νῆες

382 1736 447 1788 ὲκ
480 1734 737 1806 πρύμνης
789 1737 871 1799 είς
918 1737 1149 1808 πρώραν
1188 1738 1540 1807 διερχόμενος
1584 1739 1677 1791 καὶ
1710 1739 1786 1800 ὡς
1825 1739 1963 1792 λέων

384 1825 696 1893 μαχόμενος
727 1826 821 1878 καὶ
859 1829 1069 1894 φωναῖς
1123 1828 1249 1889 τοὺς
1284 1827 1449 1898 249
1485 1827 1712 1898 ἑτέρους
1764 1830 1964 1896 διεγεί-

387 1931 513 1984 ρων,
538 1915 680 1968 ὥστε
711 1921 773 1969 οὺ
809 1916 1044 1986 δύναμαι
1097 1919 1276 1970 εἰπεῖν
1316 1920 1417 1982 τὰς
1445 1920 1635 1986 φωνὰς
1660 1920 1829 1973 αὑτοῦ
1863 1922 1963 1975 καὶ

382 2008 508 2069 τοὺς
531 2006 638 2059 τῶν
669 2008 877 2077 ἐτέρων
916 2009 1149 2079 κρότους
1190 2009 1296 2072 ἕως
1343 2009 1435 2062 τοῦ
1468 2010 1701 2080 ούρανοῦ
1738 2014 1965 2083 αἰρομέ-

383 2115 526 2160 νους.
578 2099 689 2151 Καὶ
730 2099 998 2170 σύρρηξις
1046 2100 1217 2156 πάλιν
1280 2102 1636 2173 μεγαλητέρα
1689 2105 1961 2173 ἐγεγόνει,

383 2189 480 2243 καὶ
532 2190 720 2244 πολλοὶ
783 2192 846 2243 ὲκ
896 2191 1008 2245 τῶν
1066 2194 1345 2264 τριήρεων
1388 2194 1813 2265 ἀπεκτάνθησαν
1871 2200 1965 2251 καὶ

384 2282 725 2352 ὲπνίγησαν,
788 2282 885 2335 καὶ
936 2283 1032 2337 δύο
1091 2283 1203 2338 τῶν
1246 2286 1520 2355 τριήρεων
1579 2286 1964 2354 πυριαλώτους

388 2374 697 2444 ἐποίησαν,
765 2379 859 2429 καὶ⁹
911 2375 1246 2446 θεωροῦντες
1293 2378 1391 2441 τὰς
1448 2378 1581 2446 νῆας
1637 2379 1962 2435 ὲδειλίασαν.

399 2467 459 2519 '0
487 2468 544 2521 δὲ
581 2470 807 2538 ἀμηρᾶς
859 2468 1081 2539 θεωρῶν
1115 2470 1287 2539 μηδὲν
1317 2470 1466 2536 ἄξιον
1513 2470 1674 2539 ἔργον
1703 2471 1966 2526 ποιοῦντα

388 2560 481 2613 τὶν
521 2560 776 2613 τοσοῦτον
811 2562 908 2614 καὶ
958 2560 1280 2631 τηλικοῦτον
1322 2562 1535 2629 στόλον,
1581 2562 1719 2616 ἀλλά
1764 2564 1966 2634 μᾶλλον

389 2651 590 2720 ἥττονα
613 2650 764 2717 ὄντα,
803 2653 992 2721 μανεὶς
1021 2654 1117 2707 καὶ
1149 2652 1310 2723 θυμῷ
1337 2653 1587 2723 ληφθεὶς,
1617 2653 1969 2725 βρυχώμενος

392 2744 646 2806 καὶτοὺς
692 2745 912 2808 ὀδόντας
968 2744 1170 2815 τρίζων
1230 2745 1415 2815 ὕϐρεις
1464 2746 1651 2815 ἐνέχεε
1709 2747 1787 2809 είς
1842 2746 1969 2809 τοὺς

392 2835 584 2899 αὑτοῦ,
612 2835 1020 2905 δειλοκαρδίους
1042 2836 1139 2889 καὶ
1160 2835 1526 2905 γυναικώδεις
1546 2838 1640 2891 καὶ
1671 2837 1970 2907 ἀνωφελεῖς

391 2927 706 2980 ἀποκαλῶν.
742 2928 853 2981 Καὶ
904 2928 995 2980 τὸν
1051 2929 1220 2980 ἵππον
1276 2927 1568 2998 κεντρίσας
1616 2923 1784 2999 ἦλθεν
1816 2930 1969 2993 ἐντὸς

2067 1733 2356 1803 εὐκαιρίαν
2400 1733 2657 1802 εὑρόντες
2688 1734 2943 1803 εἰσῆλθον
2979 1738 3037 1787 ὲν
3068 1734 3145 1804 τῷ
3177 1735 3360 1804 λιμένι
3400 1737 3530 1791 ἄνευ
3553 1738 3643 1789 οὑ·-

2065 1824 2216 1886 δενὸς
2242 1824 2706 1889 ἀποκτανθέντος,
2758 1829 2807 1878 εί
2858 1826 2932 1897 μὴ
2978 1827 3144 1880 τινῶν
3171 1827 3369 1894 ὀλίγων
3401 1828 3637 1898 πληγέν-

2065 1931 2195 1969 των.
2234 1916 2344 1969 Kal.
2376 1914 2495 1984 μεθ’
2527 1916 2742 1986 ἡμέρας
2785 1916 2937 1980 τινὰς
2973 1917 3067 1969 δύο
3104 1917 3137 1988 ἢ
3174 1920 3324 1986 τρεῖς
3364 1920 3420 1985 ἐξ
3453 1921 3635 1981 αὐτῶν

2066 2009 2206 2077 πρὸς
2251 2008 2460 2081 Κύριον
2508 2008 2878 2079 ὲξεδήμησαν.
2929 2009 2989 2063 Ὀ
3016 2011 3245 2080 ἀμηρᾶς
3292 2011 3351 2063 δὲ
3382 2012 3641 2064 τοσοῦτον

2070 2102 2261 2168 μανεὶς
2298 2103 2393 2154 καὶ
2418 2101 2679 2169 λυπηθεὶς
2718 2104 2861 2156 κατά
2893 2104 2986 2155 τοῦ
3018 2103 3109 2155 τοῦ
3156 2103 3341 2157 στόλου
3370 2104 3642 2174 δρουγγα-

2068 2191 2186 2262 ρίου
2214 2191 2406 2262 ἤθελεν
2440 2194 2607 2247 αὑτὸν
2639 2194 3068 2248 ἀνασκολοπίσαι
3091 2234 3105 2258 ,
3138 2194 3312 2262 λέγων
3343 2198 3424 2249 ὅτι
3453 2195 3643 2249 ’ἐνεκεν

2064 2284 2166 2351 τῆς
2196 2285 2409 2337 ἐκείνου
2439 2284 2730 2357 ἀνανδρίας
2791 2288 2885 2339 καὶ
2936 2285 3289 2357 ὀλιγοςζυχὶας
3331 2290 3388 2339 αἱ
3421 2286 3550 2360 νῆες
3582 2289 3642 2339 ὲν

2066 2377 2253 2448 ἐκείνῃ
2282 2379 2348 2447 τῇ
2384 2378 2887 2445 νυκτὶλὲξάλλοντο,
2924 2396 3018 2432 και
3052 2381 3121 2433 δι’
3155 2381 3482 2450 ἀπροσεξίας
3517 2384 3642 2433 τού-

2066 2486 2162 2522 του
2202 2470 2301 2523 καὶ
2349 2470 2684 2540 ἀνωφελείας
2741 2473 2925 2525 εῖασεν
2961 2472 3132 2535 αὑτὰς
3182 2472 3446 2525 εἰσελθεῖν
3477 2474 3534 2524 ὲν
3566 2473 3644 2539 τῷ

2067 2560 2269 2629 λιμένι.
2310 2561 2468 2623 Τινὲς
2510 2562 2569 2615 δὲ
2601 2564 2663 2616 ὲκ
2704 2563 2815 2615 τῶν
2856 2565 3132 2634 ἀρχόντων
3166 2565 3264 2633 τῆς
3317 2563 3512 2633 βουλῆς
3546 2569 3644 2617 καὶ

2067 2647 2169 2716 τῆς
2198 2648 2368 2716 αὐλῆς
2407 2650 2502 2702 τοῦ
2539 2651 2735 2722 ἀμηρᾶ
2767 2653 3071 2724 ἐδεήθησαν
3121 2655 3333 2717 τοῦτον,
3369 2654 3509 2707 ὥστε
3538 2656 3642 2721 «ζῇν

2068 2736 2161 2790 τδν
2188 2736 2550 2809 δρουγγάριον
2589 2741 2887 2811 ἐχαρίσατο
2914 2756 2926 2771 ’
2981 2741 3121 2810 πλὴν
3175 2741 3269 2792 τοῦ
3329 2741 3642 2810 ἀξιώματος

2070 2829 2233 2883 αὑτὸν
2269 2830 2579 2901 ἐγύμνωσε,
2636 2833 2730 2885 καὶ
2786 2834 2966 2888 πάντα
3013 2834 3104 2887 τὸν
3161 2833 3274 2903 βίον
3321 2834 3484 2887 αὑτοῦ
3526 2839 3645 2895 τοῖς

2075 2922 2437 2994 ἰαννιτζάροις
2470 2924 2786 2996 ἐχαρίσατο.

387 3019 485 3087 τῆς
546 3018 824 3088 θαλάσσης
879 3014 1044 3089 (ἦσαν
1087 3019 1195 3089 γάρ
1254 3020 1422 3087 ἐγγὺς
1483 3020 1586 3088 τῆς
1642 3020 1842 3092 χέρσου
1906 3022 1959 3074 ai
1986 3026 2032 3089 ο
2139 3016 2251 3069 Καὶ
2284 3016 2449 3071 πάλιν
2480 3016 2734 3087 κατηφὴς
2770 3017 3033 3088 ὑπάρχων
3072 3017 3100 3071 ό
3140 3018 3365 3088 ἀμηρᾶς
3407 3019 3503 3070 καὶ
3547 3020 3646 3079 τὰς

388 3109 636 3178 τριήρεις
669 3108 804 3161 ὡσεὶ
850 3107 1000 3161 λίθου
1059 3108 1268 3178 βολὴν),
1324 3110 1422 3162 καὶ
1465 3109 1536 3162 τὰ
1584 3110 1810 3165 πλείονα
1856 3110 1969 3165 τῶν

390 3199 633 3269 χ.τώνων
661 3199 825 3253 αὑτοῦ
869 3200 1155 3269 ἐϐάφησαν
1195 3201 1260 3254 ὲκ
1306 3201 1416 3253 τῶν
1444 3200 1543 3270 τῆς
1579 3201 1832 3273 ἁλμυρᾶς
1870 3201 1971 3257 θα·

391 3291 594 3360 λὰσσης
623 3291 854 3344 ὑδάτων.
917 3290 961 3344 Ο
991 3291 1046 3344 δὲ
1098 3293 1327 3365 στρατὸς
1371 3293 1399 3344 6
1429 3296 1582 3365 παρὰ
1624 3296 1722 3367 τὴν
1764 3295 1969 3366 χέρσον

393 3478 725 3539 spectantes,
762 3468 873 3524 Deo
902 3484 1090 3537 preces
1122 3470 1477 3536 faciebamus,
1509 3482 1567 3527 ut
1600 3472 1842 3543 ipsorum
1876 3488 1973 3529 no-

393 3563 601 3630 strique
634 3566 1004 3615 misereretur.
1044 3561 1308 3617 Similiter
1335 3580 1572 3629 ameras,
1629 3581 1772 3636 equo
1821 3566 1971 3623 insi-

394 3655 548 3715 dens,
587 3670 616 3707 e
650 3654 854 3718 littore,
891 3670 1010 3721 qua:
1058 3656 1283 3718 fiebant,
1317 3657 1702 3726 prospiciebat.
1737 3657 1971 3728 Jamque

396 3747 616 3800 tertium
645 3745 982 3814 iaculantur,
1015 3747 1268 3816 fastuque
1302 3749 1498 3817 turgidi
1537 3759 1590 3803 et
1623 3765 1822 3820 magno
1854 3751 1970 3805 cla-

396 3854 547 3892 more
597 3854 693 3892 eos
757 3838 1046 3892 invadunt.
1108 3840 1175 3893 At
1233 3840 1503 3904 naucleri,
1548 3842 1966 3909 gubernatores,

396 3927 657 3980 navarchi
703 3927 847 3980 virili
884 3928 1067 3982 animo
1098 3936 1152 3983 et
1205 3929 1433 3983 robusto
1488 3942 1707 3998 pectore
1739 3939 1967 3997 stantes,

394 4030 588 4073 nautas
612 4019 973 4072 cohortantur
1001 4019 1066 4073 ad
1093 4028 1321 4073 mortem
1354 4021 1479 4075 vita:
1508 4023 1967 4091 anteponendam,

391 4112 443 4162 in
489 4110 679 4178 primis
716 4095 1083 4177 imperatoria:
1120 4110 1273 4164 navis
1327 4111 1659 4176 navarcbus,
1701 4112 1962 4168 Phlanta-

391 4201 541 4256 uelas
566 4200 800 4262 nomine,
830 4201 921 4269 qui
953 4201 1162 4269 epuppi
1184 4201 1247 4254 ad
1272 4217 1486 4270 proram
1523 4204 1814 4269 processit,
1844 4205 1964 4259 leo-

394 4296 476 4348 uis
527 4293 700 4347 instar
744 4293 1033 4347 decertans
1064 4301 1118 4346 et
1147 4292 1390 4361 reliquos
1442 4293 1668 4351 vocibus
1700 4296 1965 4361 excitans,

2075 3108 2264 3177 χεῖρας
2289 3108 2457 3162 αὑτοῦ
2512 3110 2588 3173 ὡς
2631 3110 3040 3164 κύων“δάκνων
3081 3110 3173 3163 καὶ
3207 3110 3305 3176 λὰξ
3349 3110 3473 3163 ποδὶ
3500 3112 3647 3164 κατᾶ

2074 3203 2176 3269 γῆς
2208 3199 2432 3272 θεωρῶν
2474 3202 2728 3265 καὶτοὺς
2761 3203 2975 3272 τείχους
3023 3203 3188 3273 ῥήξας
3239 3203 3320 3266 δὶς
3377 3203 3471 3256 καὶ
3527 3202 3647 3269 τρὶε

2074 3292 2317 3356 καὶτοὺς
2349 3293 2595 3366 τάφρους
2631 3295 2887 3365 γεμίσας,
2921 3296 3015 3349 καὶ
3046 3296 3211 3359 εὑθὺς
3243 3295 3403 3349 πάλιν
3448 3297 3648 3361 αὑτοὺς

2074 3480 2161 3526 tur
2185 3471 2271 3528 his
2301 3473 2393 3541 qui
2415 3474 2471 3528 in
2492 3473 2664 3531 classe
2682 3484 2858 3541 erant,
2897 3486 2949 3530 et
2978 3476 3197 3547 plurimi
3223 3478 3382 3548 equis
3408 3493 3645 3534 ameraui

2072 3563 2267 3630 secuti,
2301 3563 2404 3633 ipsi
2435 3580 2659 3635 quoque
2691 3581 2867 3637 usque
2900 3568 2967 3621 ad
3009 3582 3175 3621 naves
3211 3569 3552 3637 procedunt:
3583 3585 3649 3623 ac

2072 3653 2364 3720 classiarii,
2420 3656 2494 3710 ita
2537 3672 2662 3710 cum
2714 3666 2961 3727 agentem
3008 3674 3131 3713 eum
3193 3658 3393 3725 vident,
3445 3661 3651 3729 pudere

2071 3745 2440 3801 conviciorum
2471 3749 2765 3817 compulsi,
2795 3751 3077 3806 conversis
3106 3766 3295 3806 rursus
3333 3752 3513 3820 proris
3547 3757 3647 3805 aii-

2076 3852 2265 3892 versus
2305 3848 2618 3893 nostrorum
2643 3855 2830 3904 naves,
2867 3850 3089 3897 strenue
3120 3844 3421 3898 decertant.
3445 3843 3645 3898 Verum

2071 3927 2200 3998 quid
2235 3941 2373 3996 opus
2402 3937 2506 3993 est,
2541 3937 2601 3982 ut
2632 3942 2884 3985 eventum
2910 3931 3136 3986 dicam?
3164 3931 3286 3987 Non
3317 3936 3477 3989 modo
3508 3935 3645 3989 nihil

2071 4018 2370 4090 quidquam
2423 4029 2732 4074 nocuerunt
2779 4022 3033 4090 navibus,
3067 4026 3159 4079 sed
3203 4026 3366 4079 etiam
3399 4036 3551 4081 tanta
3589 4028 3642 4080 in

2071 4123 2168 4164 cos
2200 4108 2382 4164 clades
2414 4118 2736 4181 stragesque
2768 4113 2915 4167 edita
2948 4124 3054 4179 est,
3094 4125 3153 4168 ut
3184 4117 3438 4172 triremes
3472 4119 3648 4173 τοιίἰτυ

2072 4213 2180 4254 non
2213 4210 2454 4270 possent.
2479 4202 2660 4258 Occisi
2684 4212 2813 4258 sunt
2838 4204 2930 4259 illo
2948 4205 3034 4260 die
3058 4206 3313 4275 Agareni,
3345 4218 3484 4264 utex
3512 4210 3675 4281 ipsis.

2072 4294 2327 4362 cognovi,
2357 4294 2479 4364 plus
2511 4294 2808 4352 duodecies
2833 4298 2978 4353 mille
3000 4301 3054 4352 in
3092 4301 3226 4353 mari
3251 4302 3536 4358 duntaxat.
3566 4303 3649 4354 ln-

393 4402 525 4452 quas
550 4385 729 4439 verbis
760 4385 1067 4455 exprimere
1101 4400 1209 4438 non
1247 4386 1418 4454 magis
1447 4401 1611 4455 quam
1645 4397 1965 4443 caeteroruin
2002 4397 2043 4452 ι)
2072 4395 2300 4456 gruente
2343 4397 2527 4452 nocte,
2582 4389 2804 4455 classis,
2860 4392 3190 4446 necessitate
3237 4406 3448 4459 coacta,
3488 4399 3648 4463 paul-i

396 4476 661 4532 clamores
696 4480 928 4545 possim,
961 4478 1164 4547 quibus
1195 4486 1343 4532 astra
1395 4476 1750 4533 feriebantur.
1783 4479 1970 4549 Itaque

394 4564 603 4618 exarsit
642 4581 835 4620 rursus
863 4566 1241 4621 vehementius
1279 4583 1480 4637 pugna,
1529 4583 1592 4622 ac
1624 4570 1775 4623 multi
1808 4584 1838 4624 e
1871 4570 1969 4623 tri-

395 4658 640 4711 remibus
675 4658 840 4711 oecisi
879 4669 971 4710 aut
1001 4658 1249 4713 sulIocati
1285 4670 1435 4727 sunt,
1470 4659 1799 4731 duabusque
1833 4663 1969 4717 adeo

396 4749 716 4803 triremibus
745 4749 942 4817 captis,
975 4749 1029 4802 in
1067 4765 1321 4818 magnum
1356 4750 1606 4807 timorem
1634 4754 1965 4809 inciderunt.

394 4841 623 4894 Anteras
648 4856 770 4892 cum
803 4838 959 4892 talem
994 4848 1308 4908 tantamque
1332 4840 1565 4896 classem
1594 4844 1805 4898 nullum
1836 4861 1964 4914 ope-

395 4948 470 4986 rte
504 4932 734 5000 pretium
762 4930 964 4994 facere,
996 4932 1105 4984 imo
1135 4930 1317 5001 potius
1349 4934 1597 5000 superari
1630 4935 1854 5001 videret,
1888 4938 1967 4990 ira

394 5033 449 5095 ct
497 5023 683 5077 furore
717 5022 996 5088 incensus,
1036 5023 1273 5077 fremens
1313 5034 1366 5077 et
1401 5024 1657 5079 dentibus
1686 5025 1966 5095 frendens,

400 5094 701 5170 maledictis
719 5131 849 5170 suos
882 5115 1167 5184 proscidit,
1197 5118 1443 5184 ignavos,
1476 5116 1834 5183 effeminatos,
1871 5136 1968 5176 uo-

395 5207 624 5261 bulones
673 5205 959 5275 increpans
999 5222 1013 5272 ;
1071 5221 1134 5259 ac
1176 5207 1411 5262 subditis
1457 5223 1604 5278 equo
1636 5211 1965 5275 calcaribus,

396 5298 450 5351 in
488 5312 637 5352 mare
686 5309 974 5368 provectus
1029 5308 1111 5351 est
1142 5297 1335 5368 (prope
1372 5300 1517 5353 enim
1548 5317 1575 5353 a
1611 5311 1753 5356 terra
1801 5319 1969 5359 nares

395 5390 645 5454 aberant,
701 5392 920 5444 circiter
951 5391 1160 5458 jactum
1196 5391 1414 5460 lapidis)
1447 5431 1463 5455 ,
1517 5402 1572 5446 ut
1622 5406 1802 5449 vestes
1849 5398 1991 5462 ejus

395 5475 692 5529 maximam
758 5488 966 5546 partem
1025 5495 1163 5548 aqua
1209 5481 1352 5533 salsa
1402 5480 1775 5539 madeﬁerent.
1813 5484 1965 5549 Quod

396 5560 486 5619 ubi
540 5583 663 5622 cum
722 5568 1010 5623 facientem
1061 5571 1193 5624 vidit
1225 5571 1523 5635 exercitus,
1571 5574 1663 5643 qui
1702 5575 1752 5628 iu
1785 5578 1965 5631 littore

398 5668 533 5725 erat,
564 5658 933 5728 indignatione
962 5672 1010 5716 et
1041 5662 1227 5718 dolore
1257 5665 1541 5731 coniuncti,
1577 5668 1839 5722 comiria!
1863 5685 1962 5724 an-

2074 4476 2320 4540 recessit,
2356 4487 2411 4534 et
2442 4489 2681 4549 quatuor
2707 4480 2814 4536 illa:
2846 4497 3033 4547 naves,
3061 4489 3519 4555 opportunitatem
3549 4506 3647 4543 na-

2072 4577 2191 4635 clas,
2229 4579 2447 4639 portum
2480 4572 2781 4640 intrarunt,
2815 4576 3033 4630 neruine
3068 4580 3133 4633 de
3161 4580 3277 4634 suis
3302 4582 3505 4647 uer-iso,
3530 4597 3647 4651 per-

2073 4663 2260 4730 paucis
2310 4663 2631 4731 vulneratis,
2678 4684 2911 4735 quorum
2967 4680 3090 4738 post
3122 4672 3334 4742 aliquot
3379 4675 3497 4728 dies
3536 4677 3648 4729 duo

2073 4753 2155 4806 vel
2182 4762 2290 4807 tres
2322 4755 2388 4812 ad
2418 4755 2708 4811 Dominum
2752 4762 3082 4829 migraruut.
3117 4764 3345 4820 Ameras
3378 4766 3512 4821 adeo
3534 4769 3645 4821 ira-

2073 4846 2328 4900 scebatur
2367 4851 2833 4921 succensebatqne
2882 4854 3079 4909 classis
3107 4858 3385 4924 przei‘ectn,
3431 4874 3486 4912 ut
3521 4865 3643 4928 palo

2071 4950 2195 4987 eum
2226 4938 2545 5006 transfigere
2575 4948 2859 5011 cogitaret,
2893 4946 3204 5013 quodillius
3235 4949 3445 5015 ignavia
3476 4961 3527 5004 et
3552 4969 3643 5005 sc-

2071 5028 2239 5096 gnitia
2264 5044 2428 5083 naves
2461 5030 2549 5083 illa
2580 5044 2740 5085 nocte
2764 5035 3091 5099 evasissent,
3118 5037 3370 5108 idemque
3390 5044 3642 5097 socerdia

2070 5127 2123 5170 et
2150 5118 2419 5187 imperitia
2450 5123 2774 5189 przepeditus
2809 5142 2914 5178 non
2959 5128 3325 5195 prohibuisset
3357 5150 3469 5194 eas,
3506 5153 3645 5203 quo-

2073 5209 2252 5265 minus
2284 5222 2497 5279 purtum
2534 5214 2824 5272 intrarent.
2855 5217 3054 5271 Verum
3090 5221 3310 5288 quidam
3341 5233 3562 5279 senatus
3588 5237 3642 5280 ut

2071 5302 2208 5355 aula:
2250 5318 2506 5372 provercs
2560 5307 2814 5375 precibus
2856 5310 3216 5378 impetrarunt
3247 5318 3316 5370 ab
3350 5332 3552 5380 amcra,
3585 5330 3643 5373 ut

2070 5410 2193 5449 cum
2258 5396 2438 5450 virere
2490 5407 2807 5465 pateretur:
2867 5402 2962 5470 qui
3014 5411 3196 5458 tamen
3228 5407 3491 5476 dignitate
3514 5425 3641 5465 eum

2070 5486 2238 5540 exuiit
2256 5502 2559 5558 omnesque
2580 5489 2867 5547 facultates
2887 5496 3004 5563 ejus
3024 5496 3369 5564 januitzariis
3398 5500 3640 5554 donarit.

2140 5578 2380 5633 Rursum
2446 5593 2678 5635 maestus
2732 5600 2971 5652 arneras,
3023 5588 3177 5641 cauis
3232 5587 3405 5641 instar
3443 5606 3639 5643 litantis

2072 5673 2309 5739 mordet,
2356 5676 2490 5740 pede
2538 5687 2738 5730 terram
2772 5678 2970 5741 pulsat,
2999 5695 3143 5742 Cilltl,
3174 5678 3255 5732 bis
3282 5691 3333 5733 ct
3363 5693 3440 5735 ter
3472 5688 3641 5741 muris
