4066 6296
414 170 514 230 M7

1654 161 1979 221 GEORGII
2014 159 2437 219 l‘illiANTZ:E

3549 151 3687 219 833

409 278 839 349 ἁνωρθωμένους
895 276 1145 349 εὕρισκεν
1171 317 1184 342 ,
1244 277 1339 329 ml
1392 276 1583 329 ἑκατὸν
1638 277 1981 344 πεντήκοντα
2015 281 2053 334 Α
2087 275 2335 342 γέφυραν
2369 272 2767 333 κατασκευάζει
2815 271 2998 341 τρόπῳ
3025 271 3210 341 τοιῷδε
3246 288 3259 302 ’
3297 270 3495 326 ἀκάτια
3550 272 3681 340 γάρ

410 372 657 443 τριήρεις
712 372 920 439 διήρεις
964 387 1024 422 τε
1078 369 1172 421 καὶ
1209 369 1466 437 μονήρεις
1493 369 1590 421 ούκ
1624 366 1969 435 ἠδυνήθησαν

410 464 621 516 ἀλῶσαι
664 464 763 525 τὰς
814 463 1087 528 τέσσαρας
1137 460 1353 522 ἐκείνας
1387 460 1560 529 νῆας,
1602 459 1735 511 ἀλλὰ
1772 458 1975 526 μᾶλλον

409 557 506 609 καὶ
561 554 815 607 τοσοῦτον
874 552 1035 620 φόνον
1088 553 1170 614 είς
1223 551 1421 613 αὐτοὺς
1471 550 1777 619 ἐποίησαν,
1811 548 1969 617 251

412 646 687 709 στενάζων
722 647 783 697 ἐκ
814 644 1044 712 καρδίας
1084 643 1291 704 καπνὸς
1336 644 1400 694 ἐκ
1440 641 1536 695 τοῦ
1570 640 1838 709 στόματος
1873 642 1976 692 αύ-

408 736 501 788 τοῦ
558 734 825 798 ἐξέϐαινε·
880 733 973 784 καὶ
1009 733 1287 801 ἐλογίζετο
1335 732 1388 785 τί
1444 716 1550 786 ἔδει
1605 734 1857 802 ποιῆσαι,
1887 732 1976 785 ἵνα

408 828 505 897 τὴν
543 826 698 878 πόλιν
744 825 930 877 πλεῖον
981 825 1146 895 θλίψῃ
1192 827 1288 878 καὶ
1333 826 1721 896 στενοχωρήση
1760 826 1855 878 καὶ
1887 825 1976 877 διὰ

410 919 684 986 θαλάσσης
757 919 851 970 καὶ
910 917 1079 986 ξηρᾶς
1127 917 1227 985 τὴν
1280 916 1601 986 πολιορκίαν
1654 916 1824 987 δώσῃ.
1865 915 1977 969 Kal

407 1010 665 1080 τοιαύτην
698 1007 970 1076 ἐλογίζετο
1008 1007 1280 1077 μηχανὴν,
1314 1008 1399 1060 ἵνα
1433 1008 1598 1078 μέρος
1638 1009 1731 1061 τοῦ
1784 1009 1974 1063 στόλου

408 1105 640 1174 εἰσφέρῃ
666 1103 773 1155 ἔσω
801 1102 893 1153 τοῦ
928 1101 1172 1169 λιμένος.
1207 1100 1318 1151 Καὶ
1352 1096 1419 1170 ἦν
1441 1103 1469 1153 ὁ
1500 1100 1659 1168 λόγος
1692 1102 1854 1163 εὐθὺς
1881 1103 1979 1154 καὶ

408 1198 466 1249 τὸ
510 1198 694 1265 ἔργον,
747 1198 843 1248 καὶ
876 1197 939 1247 ἐκ
988 1193 1085 1247 τοῦ
1133 1193 1357 1245 ὄπισθεν
1406 1192 1607 1262 μέρους
1640 1193 1733 1244 τοῦ
1762 1193 1980 1246 Γαλατᾶ

409 1289 493 1342 διὰ
523 1286 616 1339 τοῦ
649 1287 815 1354 λόφου
848 1285 968 1338 ὁδὸν
997 1285 1214 1336 εὐθεῖαν
1243 1284 1600 1355 ᾠκονόμησεν
1631 1283 1736 1347 ἓως
1765 1284 1861 1337 τοῦ
1894 1284 1979 1336 λι-

411 1378 570 1445 μένος
601 1377 924 1446 ἐρχομένην,
955 1376 1048 1428 καὶ
1086 1375 1266 1427 σανίσι
1295 1376 1389 1429 ml.
1416 1375 1596 1440 ξύλοις
1630 1377 1817 1429 πᾶσαν
1842 1393 1979 1430 κατ-

410 1471 704 1537 έστρωσεν,
744 1467 811 1529 ἃς
886 1465 1076 1536 ήλειψε
1124 1466 1341 1528 σανίδας
1378 1467 1516 1535 μετὰ
1564 1465 1787 1529 στέατος
1840 1464 1980 1535 βοῶν

410 1563 501 1613 καὶ
534 1559 725 1630 κριῶν·
768 1559 861 1613 καὶ
915 1559 1132 1628 δργανα
1186 1559 1500 1627 πολύτροπα
1543 1557 1707 1629 ἔτερα
1747 1559 1982 1626 ποιήσας

2082 384 2224 432 τινα,
2259 367 2460 433 ἀγγεῖα
2510 365 2749 435 μεγάλα,
2786 364 3107 430 ξυλοπίθους
3129 362 3361 431 συνάξας
3400 363 3676 425 πολλοὺς,

2080 459 2175 511 καὶ
2203 457 2385 521 ξύλοις
2435 459 2666 526 μακροῖς
2712 457 2831 525 ἤτοι
2869 454 3050 515 δοκοῖς
3103 452 3199 505 καὶ
3266 451 3508 519 σιδήροις
3566 451 3677 502 καὶ

2086 551 2338 620 σχοινίοις
2373 548 2610 620 ἰσχυρῶς
2647 548 2743 601 καὶ
2777 545 3023 607 δυνατῶς
3068 543 3404 613 συνσφίγεας
3440 542 3534 595 ml
3566 540 3666 609 δή.

2085 660 2203 708 σας,
2255 642 2339 696 ἵνα
2385 643 2459 711 μὴ
2524 641 2593 693 τὰ
2638 637 2859 708 ἁλμυρὰ
2917 636 3084 689 ὕδατα
3122 635 3427 706 δυνηθῶσιν
3477 630 3673 686 ἐκθλῖ-

2082 733 2181 797 ψαι
2231 735 2291 787 τὸ
2343 734 2525 804 ἔργον,
2586 729 2704 785 εἶτα
2741 730 2950 786 ἄνωθεν
3004 729 3110 781 τῶν
3135 725 3378 781 ἀκατίων
3422 725 3517 778 καὶ
3562 725 3673 791 ἁγ-

2083 828 2246 895 γείων
2290 828 2383 879 καὶ
2428 825 2535 878 τῶν
2571 825 2743 888 ξύλων
2774 823 2994 884 σανίδας
3043 817 3284 879 δυνατῶς
3335 816 3505 885 δήσας
3563 813 3673 866 καὶ

2086 921 2379 974 σκολόπεσι
2451 918 2693 987 σιδηροῖς
2760 917 2885 986 ἦτοι
2935 912 3224 982 περόναις,
3288 906 3671 974 καὶ-γέφυρα.

2085 1014 2328 1081 ἐγεγόνει
2360 1011 2563 1080 δυνατὴ
2593 1008 2686 1061 καί
2717 1026 2770 1061 τι
2793 1006 2955 1076 καλὴ,
2988 1005 3187 1075 ἔχουσα
3209 1001 3268 1053 τὸ
3312 998 3509 1060 πλάτος
3561 995 3670 1065 όρ-
3696 1018 3711 1037 ~:

2085 1104 2252 1170 γυίων
2285 1104 2642 1177 πεντκήκονιτα,
2676 1100 2736 1152 τὸ
2769 1098 2824 1151 δὲ
2863 1098 3070 1169 μάκρος
3097 1094 3314 1157 ἐκατίιν,
3361 1090 3499 1143 ὥστε
3532 1088 3664 1155 φαί-

2087 1196 2275 1250 νεσθαι
2304 1196 2404 1263 τὴν
2454 1194 2629 1263 μέσην
2666 1194 2847 1245 πᾶσαν
2889 1189 2984 1241 τοῦ
3035 1186 3257 1256 λιμένος
3302 1184 3379 1246 ὡς
3413 1184 3466 1234 ὲν
3515 1180 3663 1250 ξηρᾷ

2087 1286 2433 1354 περιπατεῖν.
2466 1280 2596 1337 Εἶτα
2632 1282 2726 1335 xal
2756 1279 2997 1333 ἐλεϐόλιν
3031 1276 3238 1332 ἄνωθεν
3262 1273 3362 1343 τῆς
3406 1269 3661 1341 γεφύρας

2090 1380 2292 1451 βαλὼν,
2350 1379 2448 1432 xal
2502 1380 2559 1430 αἱ
2610 1377 2865 1446 τριήρεις
2923 1372 3059 1443 ὁμοῦ
3091 1370 3228 1440 πρὸς
3274 1368 3342 1420 τὰ
3372 1365 3525 1435 τείχη
3555 1363 3660 1432 τῆς

2088 1473 2297 1535 πόλεως
2329 1473 2384 1524 ἐν
2414 1469 2645 1530 ἐκείνοις
2681 1469 2796 1530 τοῖς
2857 1465 3085 1536 μέρεσιν
3114 1462 3364 1516 ἔτυπτον.
3436 1456 3659 1517 ’ἰδόντες

2088 1565 2145 1618 δὲ
2181 1563 2321 1618 αὐτὰ
2352 1566 2379 1616 ὁ
2415 1561 2668 1632 βασιλεὺς
2699 1560 2795 1613 καὶ
2822 1559 2975 1613 πᾶσα
3020 1557 3054 1625 ὴ
3081 1552 3238 1617 πόλις
3273 1552 3354 1613 εἰς
3406 1546 3657 1618 ταραχὴν

412 1652 503 1704 καὶ
553 1652 829 1721 μηχανὰς,
876 1650 978 1723 τὰς
1026 1652 1275 1721 τριήρεις
1309 1653 1405 1703 καὶ
1435 1651 1643 1720 διήρεις
1676 1651 1731 1703 ἐν
1758 1649 1981 1720 εὐκολίᾳ
2012 1643 2056 1703 Β
2083 1656 2362 1725 λογισμῶν
2394 1653 2649 1726 μεγάλων
2672 1654 2928 1705 ἐνέπεσον
2956 1665 2971 1681 ·
2996 1648 3186 1701 ἐδεδίει
3210 1645 3320 1714 γὰρ
3350 1643 3379 1694 ὁ
3401 1640 3652 1710 βασιλεὺς

412 1743 615 1796 ἄνωθεν
653 1746 710 1796 ἐν
740 1742 817 1811 τῷ
845 1740 996 1811 λόφῳ
1029 1741 1203 1811 σύρας
1236 1740 1346 1794 ἔσω
1382 1742 1439 1794 ἐν
1473 1740 1551 1810 τῷ
1590 1741 1775 1809 λιμένι
1815 1756 1985 1795 κατα-

411 1836 639 1897 διδάσας
672 1835 868 1904 ἔφερεν
897 1834 1088 1896 αὐτάς.
1138 1833 1245 1885 Kal
1275 1829 1342 1903 ἦν
1370 1832 1431 1885 τὸ
1462 1832 1619 1902 ἔργον
1644 1832 1963 1900 θαυμαστὸν

411 1931 504 1982 καὶ
537 1926 847 1996 ναυμαχίας
880 1926 1249 1995 στρατήγημα
1280 1924 1524 1992 ἄριστον.
1575 1924 1716 1993 Ἐγὼ
1746 1925 1800 1977 δὲ
1826 1924 1975 1992 λογί-

410 2021 602 2087 ζομαι,
653 2018 746 2069 τὸν
800 2016 1058 2086 Καίσαρα
1126 2015 1438 2082 Αὔγουστον
1488 2018 1824 2086 ἐμιμήσατο,
1854 2018 1984 2071 ὅταν

412 2112 553 2179 μετὰ
596 2109 692 2162 τοῦ
733 2108 1023 2163 Ἀντωνίου
1074 2108 1169 2163 καὶ
1222 2108 1576 2176 Κλεοπάτρας
1622 2107 1883 2177 ἐμάχετο,
1926 2107 1985 2170 ὃς

410 2204 495 2255 διὰ
542 2202 632 2254 τὸν
690 2201 853 2254 σάλον
911 2201 1008 2269 τῆς
1077 2200 1351 2267 θαλάσσης
1407 2200 1659 2263 καὶτοὺς
1708 2201 1985 2269 ἐναντίους

414 2293 653 2362 ἀνέμους
708 2293 809 2344 οὐκ
862 2290 1093 2360 ἐδυνήθη
1152 2288 1500 2360 περιοδεῦσαι
1552 2290 1832 2343 κύκλωθεν
1883 2290 1984 2355 τῆς

412 2391 581 2454 νήσου
617 2384 714 2437 τοῦ
749 2383 1017 2446 Πέλοπος,
1045 2383 1140 2435 καὶ
1167 2380 1335 2434 ἐλθὼν
1362 2380 1451 2433 διὰ
1487 2380 1581 2433 τοῦ
1628 2380 1845 2448 Ἰσθμοῦ
1886 2382 1984 2445 τὰς

411 2478 543 2546 νῆας
576 2478 747 2543 σύρας
780 2475 859 2527 ἔτι
907 2474 1045 2543 πρὸς
1097 2472 1239 2542 ἑῴαν
1272 2472 1371 2541 τῆς
1417 2472 1669 2536 Ἑλλάδος
1709 2473 1985 2544 θαλάσσης

410 2571 625 2639 ταχέως
667 2572 722 2621 ἐν
753 2571 818 2639 τῇ
876 2568 1029 2639 Ἀσίᾳ
1054 2566 1249 2631 ὁδεύει,
1290 2566 1322 2637 ἢ
1362 2567 1455 2619 ml
1499 2567 1588 2620 τὸν
1610 2567 1854 2636 Νικητᾶν
1883 2585 1987 2620 πα-

410 2664 649 2731 τρίκιοι),
677 2662 805 2714 ὅταν
841 2661 935 2714 ml
980 2661 1146 2722 αὐτὸς
1194 2663 1259 2713 ἐκ
1283 2661 1383 2729 τῆς
1426 2659 1747 2730 Ἐλλαδικῆς
1781 2660 1984 2713 θαλάσο

413 2765 511 2820 σης
539 2753 637 2814 τὰς
673 2752 923 2821 τριήρεις
954 2751 1009 2802 ἐν
1039 2752 1105 2819 τῇ
1144 2735 1350 2820 δυτικῇ
1387 2754 1638 2820 περάσας
1681 2753 1807 2813 τοὺς
1838 2751 1987 2821 Κρῆ-

408 2862 503 2907 τας
535 2847 591 2895 ἐν
624 2846 689 2912 τῇ
728 2841 964 2912 Μοθώνῃ
1011 2843 1105 2893 καὶ
1132 2841 1291 2911 Πύλῳ
1315 2841 1681 2911 ἐτροπώσατο.

481 2938 681 2989 Λοιπὸν
748 2938 776 2987 ὁ
820 2935 1043 3004 ἀμηρᾶς
1101 2933 1198 2996 τὰς
1251 2934 1505 3005 τριήρεις
1565 2934 1739 3003 φέρας
1768 2935 1827 2987 ἐν
1884 2937 1986 3005 μιᾷ

412 3028 588 3094 νυκτὶ,
618 3028 676 3079 ἐν
702 3024 862 3094 252
894 3025 969 3093 τῷ
1000 3024 1176 3095 λιμένι
1213 3023 1290 3094 τῷ
1320 3024 1463 3094 πρωϊ
1492 3024 1825 3096 ηὑρέθησαν.
1854 3019 1985 3079 Εἶτα

412 3207 715 3269 concussis,
750 3205 916 3261 fossis
947 3204 1210 3274 impletis,
1262 3204 1408 3259 illico
1458 3220 1523 3260 ea
1560 3206 1859 3263 instaurata
1902 3208 1987 3262 in-

416 3301 581 3366 venit,
619 3307 673 3353 et
702 3308 922 3351 centum
965 3307 1019 3350 et
1048 3297 1449 3367 quinquaginta
1507 3297 1782 3366 triremes,
1840 3300 1985 3354 bire-

415 3408 549 3456 mes,
618 3390 895 3445 unircmes
945 3404 1138 3457 capere
1161 3402 1271 3442 non
1326 3388 1711 3457 potuisseillas
1739 3400 1979 3460 quatuor

419 3496 611 3544 naves,
639 3480 729 3535 sed
778 3479 987 3533 tantam‘
1037 3479 1105 3531 ab
1138 3476 1204 3530 iis
1259 3477 1467 3532 cladem
1517 3493 1805 3549 perpessas
1868 3496 1986 3536 esse

421 3575 756 3631 considerat.
786 3571 980 3649 fl‘rahit
1002 3566 1073 3626 ex
1100 3571 1209 3625 imo
1254 3580 1473 3639 pectore
1497 3572 1779 3642 gemitum,
1812 3560 1868 3628 et
1897 3571 1984 3626 fu-

414 3678 526 3722 mat
555 3682 648 3721 ore
673 3708 687 3733 ,
724 3681 788 3721 ac
816 3664 1203 3728 meditabatur,
1229 3664 1363 3734 quid
1418 3664 1560 3719 facto
1605 3679 1745 3734 opus
1813 3673 1980 3729 esset,

322 3753 333 3761 ’
415 3767 469 3813 ut
499 3759 688 3814 urbem
723 3757 945 3827 gravius
982 3767 1202 3826 urgeret
1224 3763 1278 3810 et
1335 3765 1611 3826 premeret
1639 3770 1704 3810 ac
1754 3764 1897 3810 terra
1932 3763 1985 3810 et

416 3851 552 3905 mari
583 3850 883 3905 obsideret.
913 3848 1099 3903 Talem
1134 3849 1300 3919 igitur
1336 3850 1603 3905 rationem
1633 3851 1982 3921 enegilavit,

412 3958 519 4012 qua
555 3950 765 4010 partem
801 3941 1003 3995 classis
1056 3940 1110 3993 in
1173 3949 1388 4010 portum
1446 3942 1721 4010 trajiceret
1758 3960 1772 3997 :
1816 3958 1983 4011 quam

417 4035 678 4088 rationem
735 4033 918 4088 statim
981 4032 1122 4087 facto
1152 4033 1425 4101 probavit.
1474 4034 1519 4086 A
1579 4047 1731 4103 tergo
1780 4032 1985 4089 Galatae

415 4141 567 4181 trans
592 4127 785 4180 collem
820 4126 965 4178 viam
995 4133 1198 4178 rectam
1226 4125 1291 4178 ad
1322 4135 1541 4194 portum
1594 4141 1765 4195 usque
1824 4127 1987 4195 perti-

415 4231 630 4295 nentem
672 4217 820 4281 facit,
872 4226 1151 4286 totamque
1176 4217 1397 4273 assibus
1426 4217 1784 4286 trabibusque
1839 4228 1982 4272 ster-

2084 1749 2172 1803 διά
2208 1751 2305 1817 τὴν
2348 1748 2638 1816 ὀλιγότητα
2663 1743 2844 1816 ήμῶν.
2901 1741 3015 1795 Καὶ
3075 1738 3272 1809 βουλῆς
3296 1794 3301 1801 ,
3329 1732 3648 1803 γενομένης,

2086 1843 2174 1897 ἵνα
2201 1842 2250 1894 oi
2282 1839 2579 1909 στρατηγοὶ
2606 1838 2702 1890 καὶ
2731 1836 2782 1907 οί
2806 1834 3078 1904 δήμαρχοι
3103 1830 3199 1884 ml
3245 1829 3295 1881 οί
3323 1828 3506 1897 ἕτεροι
3532 1825 3650 1893 ἄρι-

2088 1950 2203 1986 στοι
2233 1932 2428 2001 ἄνδρες
2471 1928 2663 1983 Ἰταλοί
2691 1944 2751 1980 τε
2812 1926 2907 1979 ml
2946 1924 3225 1993 Ῥωμαῖοι,
3289 1919 3458 1987 ὀλίγοι
3509 1917 3649 1970 πάνυ

2086 2026 2424 2095 εὑρεθέντες,
2459 2025 2595 2077 ὅπου
2644 2021 2688 2075 δ’
2745 2020 2811 2073 ἂν
2840 2018 3036 2073 νεωστὶ
3092 2011 3529 2085 προσταχθῶσιν,
3595 2008 3648 2061 ὲν

2087 2115 2317 2177 ἐκείνοις
2354 2115 2470 2175 τοῖς
2506 2112 2695 2173 τόποις
2746 2110 2978 2171 ἕκαστος
3032 2104 3210 2160 αὐτῶν
3272 2102 3480 2172 ἀπέλθῃ
3525 2101 3647 2160 τοὺς

2085 2210 2303 2277 τείχους
2355 2205 2649 2274 φυλάττειν
2696 2203 2792 2256 καὶ
2828 2202 2941 2264 τοῖς
2973 2199 3184 2269 ἐχθροῖς
3228 2192 3645 2263 άντιμάχεσθαι.

2088 2302 2195 2354 Καὶ
2220 2300 2437 2370 πρῶτον
2471 2314 2569 2367 μεν
2595 2295 2674 2366 τῷ
2713 2295 2811 2363 τῆς
2850 2292 3097 2352 Ἐνετίας
3145 2288 3366 2359 μπαῖλῳ
3409 2283 3648 2355 Ἱερωνύ-

2091 2412 2175 2463 μῳ
2202 2393 2434 2462 Μηνότῳ
2472 2385 2877 2458 ἐνεμπιστεύθη
2902 2384 3196 2454 φυλάττειν
3226 2381 3319 2434 ml
3352 2378 3649 2445 οἰκονομεῖν

2087 2486 2153 2538 τὰ
2192 2484 2471 2552 ἀνάκτορα
2494 2480 2590 2533 καὶ
2626 2481 2804 2533 πάντα
2839 2477 2907 2531 τὰ
2941 2477 3119 2529 ἐκεῖσε
3151 2488 3167 2503 ·
3200 2473 3278 2542 τῷ
3304 2470 3361 2524 δὲ
3398 2468 3506 2521 τῶν
3532 2468 3645 2518 Κα-

2087 2577 2333 2631 ταλάνων
2378 2572 2649 2642 κονσούλῳ
2675 2572 2870 2640 Πέτρῳ
2900 2568 3059 2638 253
3086 2566 3359 2634 Γουλιάνῳ
3378 2563 3537 2633 ἐδόθη
3565 2563 3649 2616 ἵνα

2089 2669 2339 2738 φυλάττῃ
2367 2668 2422 2719 ἐν
2461 2667 2572 2729 τοῖς
2599 2666 2789 2733 μέρεσι
2822 2661 2919 2715 τοῦ
2956 2660 3346 2738 Βουκολέοντος
3389 2657 3486 2714 καὶ
3524 2658 3649 2726 άιρι

2088 2759 2251 2826 ἐγγὺς
2285 2737 2381 2811 τοῦ
2414 2756 2837 2819 Κοντοσκαλίου,
2866 2752 2944 2823 τῷ
2966 2752 3024 2805 δὲ
3062 2737 3307 2820 Ἰακώϐῳ
3338 2750 3648 2821 Κονταρίνῳ

2089 2852 2177 2905 ἵνα
2208 2848 2452 2918 φυλάττῃ
2480 2846 2549 2899 τὰ
2587 2846 2731 2916 μέρη
2762 2844 2871 2897 τῶν
2900 2843 3100 2913 τειχῶν
3119 2842 3213 2895 τοῦ
3239 2841 3440 2907 ἔξωθεν
3492 2840 3647 2909 λιμέ-

2088 2959 2172 3003 νος
2206 2940 2299 2992 καὶ
2332 2938 2437 3001 ⁹έως
2467 2938 2633 3005 ἐγγὺς
2663 2936 2774 2989 τῶν
2812 2933 3176 3003 ’Υψωμαθίων
3210 2933 3325 3003 (καὶ
3352 2934 3412 2985 οὐ
3449 2933 3647 2985 διέλιπε

2089 3035 2261 3088 ποιεῖν
2287 3032 2355 3085 τά
2390 3032 2491 3084 ὅσα
2518 3029 2694 3095 ἔξεστι
2728 3025 3110 3097 στρατιώταις,
3143 3027 3237 3079 καὶ
3284 3024 3523 3096 μάλιστα
3543 3027 3647 3087 τοῖς

2086 3222 2304 3285 postero
2339 3226 2497 3267 mane
2529 3212 2582 3267 in
2617 3218 2773 3280 portu
2809 3210 3040 3265 inventa:
3067 3217 3221 3265 sunt.
3266 3209 3472 3265 Deinde
3520 3224 3645 3280 pon-

2088 3317 2194 3360 tem
2228 3306 2331 3358 hoc
2349 3304 2509 3357 modo
2543 3302 2834 3356 exstruxit.
2867 3302 3075 3367 Acatia,
3122 3301 3229 3354 alia
3281 3300 3455 3367 lignea
3518 3315 3643 3354 vasa

2086 3398 2287 3465 ampla,
2325 3394 2446 3449 dola
2477 3408 2677 3462 magno
2708 3408 2938 3447 numero
3002 3393 3331 3462 comportari
3370 3390 3559 3461 jussit,
3588 3401 3640 3445 et

2086 3489 2248 3558 lignis
2275 3487 2454 3555 longis
2486 3487 2598 3540 sive
2626 3484 2897 3552 trabibus,
2930 3483 3276 3539 ferramentis
3306 3493 3359 3539 et
3397 3483 3638 3547 funibus,

2088 3583 2319 3636 firmiter
2370 3588 2424 3636 et
2473 3587 2620 3635 arcte
2667 3579 2972 3650 constringi
3008 3591 3062 3633 et
3095 3579 3366 3648 colligari,
3403 3594 3466 3633 ne
3515 3592 3646 3646 Opus

2085 3674 2343 3729 ﬂuctibus
2368 3672 2536 3727 maris
2568 3671 2937 3739 disjiceretnr.
2966 3671 3173 3726 Deinde
3235 3686 3401 3741 super
3450 3671 3646 3733 acatia,

2084 3780 2239 3829 vasa,
2267 3763 2447 3818 trabes
2477 3762 2691 3817 assibus
2708 3777 2805 3833 per
2837 3763 3022 3817 clavos
3042 3763 3247 3817 ferreos
3291 3763 3409 3818 sive
3460 3762 3649 3833 fibulas

2083 3859 2259 3913 valide
2289 3859 2484 3922 afﬁxis,
2541 3872 2680 3926 pons
2748 3857 2937 3912 firmus
2986 3866 3040 3912 et
3068 3858 3295 3925 pulcher
3350 3858 3527 3912 factus
3548 3869 3646 3921 est,

2084 3949 2368 4004 latitudine
2392 3949 2808 4018 quinquaginta,
2833 3947 3168 4017 longitudine
3186 3958 3406 4003 centum
3432 3950 3643 4019 pedum.

2089 4044 2144 4089 ut
2192 4050 2286 4103 per
2330 4042 2504 4089 totum
2543 4035 2777 4089 medium
2830 4044 3046 4103 pontem
3095 4046 3358 4106 tanquam
3395 4039 3449 4093 in
3500 4041 3638 4093 sicco

2084 4126 2351 4179 ambulari
2384 4123 2733 4195 posset.Tum
2764 4125 2996 4195 helepoli
3030 4128 3180 4195 ponti
3222 4126 3475 4197 imposita
3497 4128 3641 4182 trire-

2083 4218 2372 4287 mibusque
2402 4217 2566 4272 simul
2600 4217 2667 4272 ad
2704 4217 2892 4272 urbem
2916 4218 3173 4283 admotis,
3200 4224 3481 4274 mmm‘aea
3502 4232 3647 4289 parte

416 4314 516 4377 nit,
565 4311 722 4379 adipe
766 4310 930 4363 boum
988 4317 1043 4362 et
1100 4323 1384 4362 vervecum
1437 4310 1738 4375 pcrunctis.
1800 4309 1982 4365 Multis
2012 4321 2062 4380 υ
2090 4318 2371 4377 percutere
2398 4322 2706 4379 coeperunt.
2736 4310 2861 4366 Hmc
2881 4327 3003 4366 cum
3039 4312 3419 4382 conspicerent
3487 4315 3651 4383 impe-

414 4404 637 4470 insuper
668 4400 789 4455 aliis
822 4400 1201 4453 instrumentis
1222 4399 1598 4466 machinisque
1618 4399 1751 4454 varii
1774 4402 1987 4469 generis

415 4495 766 4558 constructis,
794 4494 1050 4545 triremes
1106 4499 1159 4544 et
1203 4491 1459 4553 biremes,
1524 4491 1670 4545 facili
1726 4508 1887 4561 opera
1932 4493 1982 4545 in

416 4589 600 4641 collem
627 4586 942 4648 subvectas,
974 4584 1025 4635 in
1052 4592 1264 4650 portum
1292 4582 1534 4637 deducit.
1561 4585 1692 4638 Erat
1723 4598 1861 4653 opus
1880 4585 1985 4639 mi-

416 4679 584 4733 rabile
617 4686 667 4729 et
696 4677 973 4729 nauticum
1008 4683 1338 4741 stratagemn
1372 4675 1679 4745 egregium.
1712 4673 1980 4744 Equidem

415 4769 689 4832 existimo,
720 4767 989 4821 imitatum
1026 4780 1151 4819 eum
1181 4781 1301 4820 esse
1331 4764 1605 4821 Caesarem
1653 4767 1984 4837 Augustum,

414 4870 598 4914 contra
650 4858 942 4912 Antonium
1001 4865 1053 4910 et
1103 4856 1447 4926 ClcOpatram
1504 4868 1855 4927 pugnantem,
1888 4860 1983 4929 qui

414 4969 539 5008 cum
594 4961 815 5021 propter
844 4952 1039 5005 fluctus
1066 4951 1232 5005 maris
1261 4959 1311 5004 et
1342 4961 1532 5004 ventos
1556 4951 1814 5007 adversos
1882 4954 1986 5007 Pe-

415 5046 775 5111 loponnesum
821 5040 1287 5108 circumuavigare
1329 5054 1436 5094 non
1496 5049 1698 5109 posset,
1753 5042 1982 5098 navibus

415 5145 563 5188 trans
599 5130 860 5185 lsthmum
893 5132 946 5184 in
982 5140 1185 5200 partem
1217 5131 1531 5185 orientalem
1594 5131 1759 5186 maris
1810 5132 1982 5189 Graeci

416 5228 629 5290 tractis,
663 5224 946 5280 confestim
988 5227 1038 5278 in
1075 5227 1261 5281 Asiam
1290 5226 1554 5295 pervenit,
1594 5234 1685 5279 aut
1737 5226 1982 5281 Nicetam

417 5320 724 5387 patricium,
767 5318 857 5387 qui
887 5325 939 5371 et
986 5317 1155 5386 ipsee
1208 5320 1343 5373 mari
1394 5318 1583 5374 Grmco
1632 5321 1879 5375 triremes
1931 5323 1983 5373 in

417 5412 677 5465 oricutale
703 5410 915 5479 trajecit
944 5418 997 5464 et
1039 5409 1226 5466 Cretes
1271 5414 1336 5467 ad
1372 5413 1658 5469 Mothonen
1695 5424 1746 5469 et
1789 5413 1982 5483 Pylum

422 5505 472 5556 in
506 5503 685 5571 fugam
724 5503 901 5557 vertit.

490 5594 763 5649 'l‘rircmes
796 5582 960 5661 igitur
991 5595 1057 5651 ab
1082 5610 1264 5651 amcra
1301 5611 1404 5650 una
1466 5603 1624 5652 nocte
1661 5595 1979 5661 doportatae,

2088 4410 2238 4454 rator
2261 4411 2311 4455 ct
2337 4402 2470 4455 urbs
2506 4402 2784 4467 universa,
2810 4403 3161 4459 vehementer
3188 4406 3391 4461 animis
3432 4415 3649 4475 pertur—

2088 4493 2198 4548 bati
2234 4504 2380 4547 sunt.
2437 4494 2741 4549 Sollicitum
2784 4496 2942 4573 enim.
2980 4497 3368 4565 imperatorem
3426 4497 3654 4551 habebat

2089 4585 2335 4654 paucitas
2369 4595 2711 4643 nostrorum.
2744 4585 3057 4641 Convocato
3089 4588 3347 4649 concilio.
3369 4588 3643 4643 decretum

2089 4683 2196 4738 est,
2223 4686 2281 4727 ut
2303 4675 2468 4729 duces
2497 4684 2551 4731 et
2582 4676 2786 4729 tribuni
2810 4686 2863 4729 et
2896 4677 3091 4745 reliqui
3124 4677 3226 4731 viri
3272 4677 3483 4732 strenui
3542 4686 3650 4730 tum

2089 4766 2203 4820 ltali
2236 4774 2350 4820 tum
2400 4765 2655 4831 Romani,
2705 4769 2959 4837 perpauci
3000 4782 3255 4833 numero,
3311 4784 3413 4835 qua
3481 4782 3652 4837 nuper

2088 4859 2368 4914 constituti
2395 4858 2646 4923 fuissent,
2700 4860 2892 4914 eadem
2944 4861 2999 4913 in
3056 4861 3175 4914 loca
3218 4876 3363 4915 nunc
3417 4860 3655 4914 redirent

2089 4952 2155 5005 ad
2187 4951 2523 5005 defendenda
2557 4952 2756 5006 moenia
2789 4952 3079 5021 hostesque
3117 4951 3539 5022 propulsandos.
3580 4950 3655 5003 Ac

2090 5044 2327 5112 primum
2386 5043 2605 5113 quidem
2654 5041 2989 5098 Venetorum
3068 5044 3236 5107 bailo,
3319 5043 3653 5113 Hieronymo

2090 5135 2325 5201 Meuulo,
2372 5138 2686 5191 mandatum
2738 5146 2843 5200 cst,
2910 5144 2969 5191 ut
3002 5136 3200 5205 palatia
3232 5146 3284 5191 et
3317 5152 3438 5203 qua:
3479 5136 3547 5189 ad
3592 5151 3651 5189 ea

2091 5229 2430 5298 pertinerent
2477 5229 2780 5281 custodiret
2836 5238 2887 5281 et
2940 5237 3207 5282 servaret.
3271 5226 3652 5281 Catelanorum

2091 5320 2790 5387 consuli,PetroGuliano,
2833 5336 2958 5389 pars
3005 5321 3328 5374 Bucoleonis
3380 5334 3547 5388 prope
3591 5320 3655 5372 ad

2090 5412 2493 5480 Contoscalium
2519 5428 2689 5480 usque
2714 5411 2914 5465 tuenda
2944 5412 3065 5464 data
3099 5422 3205 5466 est.
3259 5410 3465 5465 Iacobo
3513 5408 3654 5464 Con-

2093 5502 2267 5555 tarino
2290 5503 2426 5555 muri
2455 5502 2743 5555 exterioris
2770 5512 2959 5570 portus
2975 5517 3149 5571 usque
3170 5502 3234 5555 ad
3261 5499 3651 5570 Hypsomathia

2093 5596 2370 5649 commissi
2410 5596 2603 5659 (necis
2643 5595 2878 5663 neglexit
2903 5595 3108 5660 facere,
3146 5591 3651 5663 quidullidmililci.

3999 5180 4001 5283 ί
