4066 6296
382 456 495 524 εει)

1410 484 1858 554 CHRONICON
1899 494 2171 557 MAJUS-
2209 519 2279 531 -
2321 500 2465 559 LIB.
2518 502 2631 567 ΗΓ.

3530 507 3639 570 850

386 573 682 690 ξῗῖῗέσῆἒ
724 578 982 690 Μςινουὴὶε
1033 585 1089 639 δὲ
1260 591 1336 690 ἐκΔ
1376 594 1477 665 τῆς
1518 598 1816 670 Λιγουρίας
1855 621 1960 671 φυ-
1991 612 2033 664 Λ
2061 606 2118 659 δὲ
2147 606 2224 676 τῷ
2256 610 2316 661 ὲκ
2355 612 2664 679 Καρύστου,
2697 613 2853 684 ἀνδρὶ
2878 616 3174 687 πολεμιστῇ
3208 619 3299 671 ml.
3323 620 3633 690 δραστηρίῳ

381 666 599 767 λάττειν
626 670 693 723 τὰ
730 671 872 767 μέρη
907 677 1009 746 τῆς
1060 680 1234 753 πύλης
1273 687 1372 757 τῆς
1408 666 1710 763 λεγομένης
1734 666 1957 767 Χρυσῆς

386 760 528 857 μετὰ
546 764 837 819 διακοσίων
859 770 1068 842 ἀνδρῶν
1088 777 1321 843 τοξότων
1340 799 1398 834 τε
1422 785 1511 837 καὶ
1538 760 1955 857 μπαλαιστρῶνο

381 847 699 949 εἷχονᾼγὰρ
752 860 812 912 ἐν
862 863 1061 935 ἐκείνῳ
1090 868 1166 938 τῷ
1201 873 1357 942 μέρει
1388 847 1640 931 ἑλέπολιν
1682 847 1957 949 ἐναντίαν,

382 946 481 1040 καὶ
508 947 680 1020 αὐτὴν
734 954 874 1020 μετὰ
908 957 1189 1026 βουϐάλων
1214 967 1308 1018 καὶ
1350 967 1488 1036 βοῶν
1522 970 1697 1040 δορῶν
1743 946 1959 1027 ἐνδεδυζ

384 1035 581 1135 μένην,
610 1043 705 1135 καλ.
725 1044 795 1098 τὰ
820 1046 975 1119 τείχη
1012 1052 1151 1120 μετὰ
1185 1035 1448 1124 μηχανῶν
1470 1035 1721 1117 ἔτυπτον,
1761 1065 1960 1135 Παύλῳ

385 1129 488 1225 μὲν
538 1134 635 1185 καὶ
679 1134 954 1210 Ἀντωνίῳ
1016 1145 1110 1197 καὶ
1150 1144 1383 1219 Τρωίλῳ
1434 1157 1548 1214 τοῖς
1609 1129 1960 1225 αὑταδέλφοις

381 1221 724 1317 ἐμπιστεύθη
755 1230 841 1283 ἵνα
870 1234 1185 1301 φυλάττωσι
1219 1242 1281 1293 τὸ
1313 1244 1681 1317 Μυρίανδρον,
1710 1221 1963 1305 ὃπου-καὶ

381 1313 441 1367 ἐν
462 1315 697 1407 ἐκείνοις
731 1324 843 1386 τοῖς
873 1324 1096 1397 μέρεσιν
1134 1333 1167 1398 ἡ
1206 1334 1359 1397 πόλις
1383 1331 1452 1407 ἦν
1479 1313 1837 1405 ἐπικίνδυνος,
1869 1345 1961 1398 καὶ

382 1406 576 1503 vetere—4
602 1411 699 1503 καὶ
726 1412 944 1482 ἡμέρας
970 1419 1130 1484 πεζοί
1154 1439 1213 1475 τε
1232 1425 1327 1478 καὶ
1353 1406 1579 1481 ἱππόται
1605 1432 1701 1482 τοῦ
1725 1431 1964 1503 πλήθους

383 1497 501 1590 τῶν
523 1499 787 1572 Τούρκων
826 1507 1100 1577 ἐμάχοντο
1130 1515 1397 1581 γενναίως
1432 1518 1526 1570 καὶ
1555 1497 1844 1590 ἀνδρείως,
1870 1525 1963 1577 καὶ

384 1588 649 1655 πολλάκις
692 1597 787 1648 καὶ
840 1600 908 1653 τά
965 1603 1119 1672 τείχη
1175 1606 1514 1675 χαλάσαντες
1567 1588 1667 1665 καί
1718 1614 1964 1678 θέλοντες

383 1681 645 1737 είσελθεῖν
674 1689 861 1752 κακῶς
889 1693 1328 1765 ἀπεδιὼχθησαν,
1371 1702 1464 1753 καὶ
1506 1702 1667 1770 φόνον
1716 1706 1797 1767 είς
1867 1707 1963 1758 αὐ-

382 1771 509 1835 τοὺς
532 1774 632 1827 οὐκ
660 1776 840 1846 ὀλίγον
879 1782 1119 1848 ἐποίουν,
1174 1785 1265 1837 καὶ
1310 1786 1475 1857 μέρος
1502 1789 1600 1857 μὲν
1626 1790 1733 1843 τῶν
1765 1790 1964 1860 κλιμά-

382 1878 496 1916 κων
521 1865 701 1921 αὐτῶν
733 1869 949 1941 ἔσυρον,
986 1874 1151 1943 μέρος
1171 1876 1226 1929 δέ
1258 1876 1503 1946 ἔθλαζον,
1538 1881 1721 1934 καὶτὰ
1745 1882 1851 1935 τῶν
1869 1885 1958 1937 άν-

381 1954 525 2024 δρῶν
564 1954 702 2013 ἆθλα
726 1963 819 2015 καὶ
843 1966 980 2034 γέρα
1030 1969 1251 2037 μνήμης
1283 1972 1501 2025 αἰωνίου
1536 1974 1779 2044 ὑπῆρχον
1808 1975 1956 2039 ἄξια.

382 2049 625 2123 Θεοφίλῳ
679 2055 733 2107 δὲ
762 2055 841 2125 τῷ
895 2059 1267 2133 Παλαιολόγῳ,
1310 2064 1463 2134 ἀνδρὶ
1494 2067 1743 2138 ἐμπείρῳ
1779 2068 1961 2140 πάσης

381 2150 782 2218 γραμματικῆς
812 2155 1201 2221 πραγματείας
1225 2156 1321 2209 καὶ
1349 2159 1445 2229 τῆς
1480 2159 1805 2232 Ἑλληνικῆς
1839 2181 1961 2215 παι-

380 2232 525 2298 δείας
564 2238 657 2291 καὶ
693 2239 1082 2313 μαθηματικῆς
1130 2248 1208 2307 είς
1247 2249 1415 2319 ἄκρον
1447 2254 1790 2323 γευσαμένῳ,
1848 2256 1960 2308 ἐνε-

383 2328 647 2418 πιστεύθη
688 2332 974 2399 φυλάττειν
1007 2338 1149 2391 κατὰ
1187 2339 1253 2393 τά
1285 2341 1422 2411 μέρη
1480 2341 1581 2411 τῆς
1620 2344 1795 2418 πύλης
1864 2348 1962 2418 τῆς

383 2416 682 2488 λεγομένης
722 2424 1047 2492 Σηλυϐρίαςζ
1093 2429 1183 2497 Τῷ
1238 2431 1296 2482 δὲ
1362 2432 1582 2505 ἰωὰννῃ
1619 2434 1696 2504 τῷ
1741 2416 1962 2490 ’ῖιουστι-

386 2508 553 2579 νιανῷ
580 2511 658 2581 τῷ
696 2513 857 2567 αὐτοῦ
888 2519 1177 2589 στρατηγῷ
1210 2520 1372 2591 254
1392 2525 1483 2575 κοῦ⁹
1515 2527 1593 2588 είς
1617 2526 1795 2578 πάντα
1815 2527 1962 2597 καλῷ

388 2599 481 2692 καὶ
510 2602 822 2692 ἐ-πιτηδείῳ,
870 2611 1008 2675 πρδς
1039 2609 1097 2663 ὃν
1137 2613 1280 2665 καὶὸ
1310 2612 1565 2681 βασιλεὺς
1609 2617 1777 2671 πολλὰ
1833 2620 1962 2692 θαρ-

388 2690 501 2781 ρῶν
523 2687 591 2761 ἦν
622 2694 709 2747 διὰ
738 2697 837 2765 τὴν
865 2700 1220 2771 γενναιότητα
1242 2704 1334 2755 καὶ
1358 2705 1580 2774 ἀνδρίαν
1631 2711 1724 2762 καὶ
1756 2687 1962 2781 τόλμην

386 2780 571 2845 αὑτοῦ,
635 2784 788 2850 ἐδόθη
858 2789 946 2842 ἵνα
996 2793 1134 2859 μετὰ
1176 2798 1548 2864 τετρακοσίων
1610 2804 1962 2869 στρατιωτῶν

399 2872 616 2927 Ἰταλῶν
638 2894 695 2929 τε
728 2878 823 2931 καὶ
860 2881 1145 2951 Ῥωμαίων
1197 2888 1437 2960 φυλάττῃ
1496 2891 1552 2942 ἐν
1602 2895 1714 2954 τοῖς
1769 2894 1960 2964 μέρεσι

386 2966 484 3059 τῇς
537 2968 711 3038 πύλης
746 2972 839 3025 τοῦ
875 2975 1033 3043 ἁγίου
1070 2976 1373 3049 Ῥωμανοῦ,
1429 2983 1564 3037 ὅπου
1624 2989 1672 3040 ol
1724 2989 1958 3059 Τοῦρκοι

387 3057 569 3149 πλεῖον
603 3060 712 3113 τῶν
744 3064 919 3120 ἄλλων
952 3069 1134 3138 μερῶν
1161 3072 1439 3143 ἐμάχοντο
1486 3094 1498 3107 ’
1524 3078 1617 3130 καὶ
1642 3078 1741 3149 τὴν
1769 3057 1958 3134 ἐλεὸό-

386 3148 468 3204 λιν
494 3154 591 3224 τὴν
620 3156 863 3227 μεγάλην
886 3159 980 3211 καὶ
1006 3160 1105 3228 τὴν
1150 3163 1390 3219 ὲλεϐόλιν
1445 3169 1503 3221 ἐν
1565 3148 1794 3234 ἐκείνοις
1849 3175 1959 3236 τοῖς

2066 698 2159 750 καὶ
2193 699 2382 774 τοξότῃ
2420 704 2719 776 ἠσκημένῳ
2751 707 2890 776 ὑπὲρ
2920 707 3223 777 ἄνθρωπον,
3258 711 3351 763 καὶ
3411 712 3632 784 Ἰωάννῃ

2062 784 2344 855 Εερμανῷ,
2384 791 2537 858 ἀνδρὶ
2566 792 2660 854 τὰς
2711 794 2803 846 τοῦ
2852 796 3087 866 πολέμου
3143 800 3390 868 μηχανὰς
3456 801 3636 863 καλῶς

2062 877 2246 944 εἰδότι,
2303 880 2457 950 ἐδόθη
2496 882 2583 935 ἵνα
2622 885 2963 950 φυλάττωσιν
2997 890 3053 940 ἐν
3102 892 3217 951 ταῖς
3274 890 3465 959 μέρεσι
3522 894 3634 953 τοῖς

2062 969 2451 1039 Καλυγαρίοις.
2527 973 2585 1025 '0
2631 975 2686 1027 δὲ
2723 976 3044 1046 Ἱερώνυμος
3103 982 3198 1032 καὶ
3260 982 3552 1050 Λεονάρδος
3583 983 3632 1034 οἱ

2064 1060 2387 1128 Λιγουρῖται
2421 1063 2507 1115 ἵνα
2536 1063 2876 1130 φυλάττωσιν
2911 1067 2970 1119 ἐν
3004 1070 3115 1131 τοῖς
3166 1070 3361 1138 μέρεσι
3402 1072 3500 1138 τῆς
3533 1070 3635 1121 πύ-

2063 1149 2160 1218 λης
2191 1150 2290 1218 τῆς
2320 1151 2616 1223 λεγομένης
2641 1152 2879 1225 ξυλίνης.
2908 1156 2999 1226 Τῷ
3035 1158 3091 1210 δὲ
3131 1159 3427 1229 καρδινάλῃ
3472 1159 3641 1211 Ῥωσ-
3718 1214 3721 1217 .

2067 1243 2187 1303 σίας
2216 1240 2372 1311 ἐδόθη
2401 1242 2492 1296 ἵνα
2519 1244 2760 1315 φυλάττῃ
2792 1247 2850 1299 ἐν
2873 1250 2985 1310 τοῖς
3019 1249 3213 1318 μέρεσι
3266 1248 3360 1302 τοῦ
3390 1252 3641 1317 Κυνηγε-

2067 1332 2181 1384 σίου
2248 1334 2343 1385 καὶ
2389 1334 2495 1397 ἕως
2535 1335 2630 1387 τοῦ
2672 1337 2829 1404 ἁγίου
2879 1340 3214 1409 Δημητρίου.
3260 1340 3317 1393 Ὀ
3374 1341 3431 1393 δὲ
3464 1342 3639 1409 μέγας

2065 1423 2189 1489 δοὺξ
2216 1426 2429 1487 Λουκᾶς
2473 1429 2500 1479 ὁ
2530 1428 2786 1498 Νοταρᾶς
2812 1429 2899 1485 ἴνα
2934 1431 3177 1501 φυλάττῃ
3207 1426 3264 1484 ἐν
3300 1433 3412 1494 τοῖς
3448 1433 3639 1501 μέρεσι

2065 1512 2158 1567 τοῦ
2198 1516 2427 1585 Πετρίου
2455 1518 2549 1571 καὶ
2576 1518 2682 1581 itu;
2728 1522 2826 1591 τῆς
2886 1522 3055 1590 πύλης
3106 1523 3208 1591 τῆς
3244 1524 3400 1591 ἁγίας
3452 1524 3641 1575 Θεοδο-

2068 1604 2208 1666 σίας.
2258 1605 2345 1658 Ἐν
2374 1606 2429 1659 δέ
2454 1611 2565 1671 τοῖς
2593 1610 2785 1679 μέρεσι
2818 1612 2918 1680 τῆς
2958 1612 3134 1680 πύλης
3190 1613 3287 1682 τῆς
3338 1614 3641 1683 λεγομένης

2066 1693 2275 1763 ὡραίας
2301 1696 2590 1763 φυλάττειν
2621 1698 2939 1769 ὼρίσθησαν
2969 1704 3017 1755 oi
3047 1702 3239 1756 ναῦται
3268 1705 3361 1756 καὶ
3406 1704 3454 1755 oi
3508 1704 3640 1756 ναύ-

2067 1787 2256 1855 κληροι
2280 1788 2373 1840 καὶ
2403 1789 2756 1859 κυϐερνῆται,
2794 1791 2891 1857 οὓς
2944 1789 3149 1864 εἷχενή
3186 1794 3315 1857 ναῦς
3346 1795 3379 1865 ἡ
3439 1796 3501 1847 ὲκ
3540 1795 3643 1863 τῆς

2066 1878 2314 1949 Κρήτης.

2129 2052 2191 2109 δ’.
2230 2056 2320 2127 Τῷ
2361 2058 2417 2110 δὲ
2472 2059 2711 2131 Γαϐριὴλ
2774 2061 3083 2133 Τριϐιζάνῳ
3138 2060 3214 2132 τῷ
3266 2061 3375 2114 τῶν
3413 2062 3643 2115 Ἐνετῶν

2064 2147 2336 2216 τριήρεων
2370 2151 2686 2220 καπετανίῳ
2717 2154 2854 2220 μετὰ
2885 2152 2981 2205 καὶ
3016 2152 3218 2221 ἐτέρων
3265 2153 3477 2223 ἀνδρῶν
3510 2170 3641 2205 πεν-

2066 2236 2304 2304 τήκοντα
2339 2239 2494 2309 ἐδόθη
2525 2241 2814 2310 φυλάττειν
2860 2242 3019 2312 255
3050 2243 3140 2295 τὸν
3192 2244 3400 2313 πύργον
3444 2244 3535 2296 τὸν
3588 2246 3645 2295 ὲν

2067 2325 2217 2394 μέσῳ
2248 2327 2342 2380 τοῦ
2376 2331 2665 2400 ῥεύματος,
2697 2335 2786 2385 τὸν
2823 2334 3161 2402 φυλάσσοντα
3188 2335 3284 2403 τὴν
3312 2335 3516 2388 εἴσοδον
3544 2334 3644 2388 τοῦ

2064 2414 2300 2484 λιμένος,
2333 2419 2427 2472 καὶ
2453 2415 2520 2491 ἦν
2543 2422 2805 2491 ἀντικρὺς
2841 2424 2940 2491 τῆς
2967 2425 3142 2493 πύλης
3170 2416 3265 2492 τῆς
3298 2426 3585 2495 βασιλικῆς
3625 2444 3639 2455 ’

2066 2507 2243 2558 καὶτὸ
2282 2511 2643 2578 ἐμπιστευθὲν
2672 2513 2819 2583 αὐτῷ
2850 2514 3013 2583 μέρος
3069 2517 3143 2578 ὡς
3186 2516 3389 2585 ποιμὴν
3451 2518 3545 2569 καὶ
3581 2516 3642 2567 οὺ

2069 2599 2339 2666 μισθωτὸς
2363 2602 2541 2665 καλῶς
2567 2605 2854 2673 ἐφύλαττε.
2885 2607 2974 2674 Τῷ
3012 2607 3068 2659 δὲ
3129 2608 3397 2677 Ἀντωνίῳ
3433 2613 3505 2676 τῷ
3544 2627 3644 2663 κα-

2067 2690 2307 2760 πετανίῳ
2336 2691 2445 2744 τῶν
2479 2694 2795 2763 ἐμπορικῶν
2822 2697 3097 2766 τριήρεων
3156 2699 3309 2766 ἐδόθη
3349 2700 3642 2766 φυλάττειν

2065 2784 2162 2843 τὰς
2200 2784 2446 2853 τριήρεις
2470 2786 2635 2838 αὑτοῦ
2666 2788 2758 2839 καὶ
2785 2786 2881 2849 τὰς
2905 2790 3038 2856 νῆας
3079 2789 3175 2850 τὰς
3198 2790 3348 2853 ἐντὸς
3372 2793 3468 2859 τῆς
3511 2792 3645 2845 ἁλύ-

2066 2892 2226 2941 σεως,
2294 2877 2369 2940 ὼς
2409 2879 2622 2949 εἴρηται
2650 2895 2665 2910 ⁶
2718 2882 2770 2932 αἱ
2805 2880 2857 2932 δὲ
2901 2879 3027 2949 νῆες
3074 2882 3281 2934 ἐκεῖναι
3308 2884 3393 2935 διὰ
3422 2884 3476 2936 τὲ
3504 2880 3646 2937 εἶναι

2064 2969 2233 3032 αὐτας
2265 2969 2447 3031 καλῶς
2480 2971 2887 3040 ἡτοιμασμένοις
2914 2974 2990 3035 είς
3021 2974 3328 3042 παράταξιν
3381 2975 3643 3044 πολέμου,

2065 3064 2111 3114 oi
2139 3062 2289 3124 ὄντες
2316 3062 2516 3115 ἔσωθεν
2547 3062 2685 3129 μετὰ
2709 3063 3027 3132 σαλπίγγων
3069 3066 3163 3119 καὶ
3200 3067 3497 3134 τυμπάνων
3549 3071 3645 3122 καὶ

2065 3152 2256 3220 φωνῶν
2284 3154 2669 3224 ἀναριθμήτων
2699 3155 2795 3217 τὰς
2824 3158 2930 3208 τῶν
2965 3156 3223 3225 Τούρκων
3249 3162 3496 3229 τριήρεις
3544 3162 3643 3213 καὶ¹

390 3244 618 3312 μέρεσιν
640 3247 878 3318 ἔστησαν
906 3251 993 3305 διὰ
1031 3253 1090 3306 τὸ
1125 3249 1264 3308 εἶναι
1311 3258 1402 3313 τὸν
1450 3259 1614 3315 τόπον
1654 3263 1958 3332 ἐπιτήδειον
1986 3283 2028 3342 c
2063 3245 2194 3314 νῆκς
2228 3246 2305 3308 εἷς
2335 3247 2516 3315 μάχην
2560 3247 2807 3309 ἐκάλουν,
2840 3248 2931 3300 καὶ
2959 3250 3346 3342 ἀκροϐολισμοὶ
3394 3252 3453 3304 οὗ
3482 3252 3649 3305 διέλι⁹

388 3339 525 3409 πρὸς
554 3339 615 3393 τὸ
643 3343 947 3412 πολιορκεῖν
970 3347 1037 3401 τὰ
1064 3347 1217 3419 τείχη
1246 3352 1339 3404 καὶ
1368 3351 1466 3423 τὴν
1498 3355 1651 3407 πόλιν
1678 3358 1771 3410 καὶ
1793 3358 1879 3412 διὰ
1906 3360 1964 3412 τὸ

390 3427 530 3484 εἶναι
551 3432 641 3485 καὶ
657 3432 746 3486 τὸν
766 3435 986 3505 άμηρᾶν
1007 3438 1683 3513 ἁντικοὺςέσκτηνωμὲνον.
1702 3446 1965 3520 Θεοδώρῳ

393 3621 652 3669 strenuos
683 3620 1009 3685 prmsertim,
1041 3620 1222 3680 facere
1259 3626 1460 3697 decet).
1490 3627 1727 3685 Manueli
1775 3630 1965 3702 Liguri

391 3713 546 3770 porta
579 3720 885 3777 aureaquae
915 3710 1117 3767 dicitur
1144 3730 1267 3770 cum
1298 3719 1606 3789 sagittariis
1634 3731 1688 3776 et
1721 3720 1966 3777 fundito-

390 3796 547 3851 ribus
582 3798 832 3856 ducentis
854 3806 1211 3863 custodienda
1239 3812 1433 3866 tradita
1488 3823 1593 3869 est.
1644 3814 1777 3870 Erat
1817 3817 1964 3869 enim

392 3887 520 3942 huic
592 3893 730 3959 parti
764 3898 1007 3963 opposita
1033 3897 1326 3969 helepolis,
1370 3912 1423 3957 et
1469 3904 1588 3973 ipsa
1638 3904 1962 3959 bnbalorum

390 3979 668 4050 boumque
725 3984 961 4052 pellibus
1006 3987 1221 4054 induta,
1256 4007 1322 4047 ac
1375 3995 1517 4047 muri
1572 3995 1968 4064 quatiebantnr

390 4076 684 4131 machinis.
739 4076 966 4143 Paulus,
1028 4081 1308 4140 Antonius
1357 4096 1411 4141 et
1478 4087 1722 4153 Troilus,
1766 4088 1966 4145 fratres

390 4166 660 4234 germani,
708 4168 1027 4251 Myriandro
1063 4174 1308 4241 prmfecli
1364 4185 1514 4243 sunt,
1566 4182 1827 4249 quoniam
1890 4183 1964 4239 ibi

389 4273 607 4329 quoque
639 4262 769 4317 urbs
811 4264 1032 4332 gravius
1059 4264 1420 4325 laborabatet
1447 4271 1534 4325 die
1562 4282 1839 4345 noctuque
1894 4277 1965 4331 de

392 4350 690 4410 Turcarum
713 4358 951 4412 exercitu
972 4357 1182 4426 pedites
1238 4370 1293 4415 et
1353 4364 1568 4432 equites
1625 4372 1850 4422 strenue
1903 4383 1967 4422 ac

394 4435 605 4494 fortiter
629 4446 961 4514 pugnabant,
995 4446 1238 4514 adeoque
1272 4463 1437 4518 scrape,
1493 4454 1771 4511 mtenibus
1833 4472 1968 4511 con-

393 4535 591 4600 cussis,
626 4537 678 4589 in
710 4540 897 4593 urbem
938 4551 1224 4609 penetrare
1243 4544 1563 4601 nitebantur
1592 4563 1765 4617 :quos
1786 4557 1963 4604 tamen

2072 3354 2172 3390 πον
2198 3338 2468 3407 ἁναμέσον
2510 3339 2687 3391 αὐτῶν
2727 3340 2853 3393 καθ’
2919 3340 3157 3410 ἑκάστην
3200 3343 3410 3413 ἡμέραν
3439 3362 3452 3376 ·
3499 3345 3639 3413 πλὴν

2069 3430 2129 3482 οὐ
2164 3430 2375 3484 τελείαν
2404 3431 2722 3503 συμπλοκὴν
2746 3432 2984 3488 ἐποίουν.
3024 3435 3087 3489 Οἱ
3108 3436 3164 3487 δὲ
3188 3436 3365 3507 ἕτεροι
3394 3438 3637 3507 εὐγενεῖς

2070 3612 2116 3667 is
2138 3611 2288 3666 locus
2316 3611 2384 3665 ad
2415 3612 2783 3682 oppugnanda
2813 3614 3015 3667 mantia
3042 3613 3092 3665 in
3111 3613 3302 3682 primis
3323 3616 3650 3672 commodus

2067 3712 2119 3756 et
2146 3703 2444 3757 tentorimn
2468 3718 2720 3757 anteme
2758 3703 2978 3770 regione
3005 3712 3144 3757 erat.
3197 3702 3492 3758 Theodoro
3543 3706 3676 3760 (Στι-⁴

2069 3796 2260 3865 rystio,
2322 3796 2442 3849 viro
2512 3796 2799 3859 bellicoso,
2863 3807 2915 3851 et
2939 3806 3193 3859 strenuo,
3256 3812 3321 3851 ac
3351 3798 3651 3868 sagittario

2070 3887 2229 3955 longe
2253 3888 2732 3952 exercitatissimo,
2769 3889 2897 3942 item
2930 3887 3127 3942 Joanni
3180 3888 3475 3956 Germano,
3533 3906 3654 3946 mae.

2070 3978 2359 4034 chinarum
2402 3978 2721 4032 bellicarum
2754 3978 2953 4032 artifici
2981 3980 3179 4047 perito,
3211 3980 3362 4049 regio
3419 3980 3653 4051 Calyga~

2071 4059 2279 4125 rio'rum
2308 4069 2655 4127 defendenda
2708 4080 2847 4127 erat.
2890 4069 3221 4141 Hieronymo
3269 4084 3324 4127 et
3362 4073 3649 4129 Lconardo

2072 4163 2364 4234 Liguribus
2388 4173 2538 4233 porta
2572 4164 2869 4219 commissa
2888 4172 2999 4226 est,
3038 4180 3157 4234 qua:
3192 4180 3220 4219 a
3255 4166 3402 4233 ligno
3449 4181 3645 4219 nomen

2069 4258 2254 4314 habet.
2283 4257 2561 4313 Cardinali
2592 4256 2801 4314 Rossize
2846 4258 3001 4327 regio
3052 4258 3341 4329 Cynegesii
3396 4259 3461 4312 ad
3523 4274 3679 4312 san—-

2071 4360 2222 4406 ctum
2261 4365 2438 4420 usque
2473 4349 2803 4404 Demetrium
2830 4349 2953 4405 data
2979 4358 3082 4405 est.
3117 4349 3346 4418 Magnus
3377 4349 3510 4416 dux,
3545 4350 3674 4404 ιιι--

2069 4458 2162 4497 cas
2178 4439 2432 4507 Notaras,
2464 4442 2737 4512 regionem
2759 4441 2888 4496 inde
2920 4456 2949 4494 a
2976 4440 3160 4495 Petx-io
3192 4455 3367 4510 usque
3398 4441 3464 4494 ad
3519 4457 3652 4511 por-

2072 4541 2181 4588 tam
2211 4541 2415 4589 sanctae
2445 4530 2767 4589 Theodosia:
2795 4532 3030 4602 accepit.
3052 4533 3128 4585 Ad
3156 4542 3396 4600 portam,
3433 4532 3520 4586 cui
3554 4549 3652 4584 nn-
3677 4573 3683 4577 ς

396 4625 536 4681 male
569 4629 903 4696 excipientes
935 4636 1128 4703 nostri,
1157 4641 1357 4693 caedem
1389 4641 1443 4693 in
1466 4654 1561 4695 eos
1587 4653 1695 4694 ηοη
1757 4641 1963 4695 medio-
1997 4627 2041 4681 D
2072 4643 2194 4683 men
2231 4627 2475 4697 pulchrae
2494 4634 2598 4691 est,
2632 4636 2833 4692 nautae,
2867 4626 3114 4681 naucleri
3142 4636 3197 4680 et
3253 4627 3649 4695 gubernatores

395 4735 540 4773 crem
572 4720 804 4775 edebant
832 4730 887 4777 et
909 4726 1085 4781 scalas
1112 4743 1305 4783 eorum
1340 4732 1536 4799 partim
1576 4732 1726 4787 intro
1780 4732 1970 4787 trahe-

399 4813 547 4877 bant,
583 4813 778 4879 partim
824 4812 1209 4884 difl‘ringebant
1257 4835 1271 4871 :
1336 4830 1722 4890 merenturque
1770 4821 1970 4877 horum

394 4905 635 4958 virorum
663 4907 963 4961 certamina
986 4916 1039 4961 et
1063 4924 1150 4963 res
1175 4918 1341 4977 gestae
1372 4920 1634 4965 aeternam
1672 4913 1816 4982 apud
1874 4928 1971 4982 po-

396 5005 581 5052 steros
616 4999 968 5054 memoriam.
1023 5000 1332 5071 Theophilo
1382 5002 1710 5073 Palaeologo,
1755 5005 1967 5060 homini

393 5084 697 5144 litterarum
727 5103 781 5145 et
802 5091 983 5147 omnis
1007 5091 1566 5162 Grmcae_eruditionis
1591 5106 1643 5151 et
1667 5098 1969 5152 mathema-

394 5180 516 5237 ticae
540 5180 895 5250 peritissimo,
936 5186 1185 5240 custodia
1222 5202 1391 5256 prope
1428 5194 1663 5257 portam,
1695 5204 1817 5257 quae
1870 5188 1970 5243 Se-

393 5269 570 5343 lybria
593 5274 814 5339 dicitur,
847 5277 1045 5330 tradita
1074 5287 1175 5332 est.
1203 5276 1402 5332 Joanni
1462 5276 1799 5345 Justiniano,
1843 5280 1971 5335 duci

398 5381 616 5420 summu
645 5376 698 5421 et
733 5368 1044 5438 ubicunque
1084 5378 1209 5439 apto
1237 5378 1291 5423 et
1346 5369 1566 5435 idoneo,
1600 5371 1688 5425 cui
1737 5371 1971 5440 impera-

399 5464 484 5513 .tor
510 5468 730 5528 propter
774 5476 1099 5529 generosum
1152 5461 1416 5527 animum,
1482 5463 1854 5518 fortitudinem
1915 5475 1970 5518 et

400 5550 683 5604 audaciam
707 5552 1000 5620 plurimum
1029 5554 1357 5619 conﬁdebat,
1392 5554 1502 5607 dati
1528 5563 1656 5609 sunt
1709 5556 1973 5623 quadrin-

397 5656 430 5713 ε
466 5645 538 5696 nti
573 5646 770 5699 milites
799 5644 918 5699 Itali
949 5653 1003 5699 et
1037 5645 1293 5713 Romani,
1325 5648 1653 5716 quibuscum
1682 5647 1964 5716 regionem

397 5739 697 5805 alportam
748 5737 921 5791 sancti
981 5735 1215 5790 Romani
1256 5735 1592 5801 defensaret,
1640 5737 1751 5791 ubi
1779 5736 1973 5790 'l‘urca:

398 5829 604 5893 acrius,
636 5843 798 5897 quam
823 5829 877 5881 in
907 5828 1136 5894 reliquis
1187 5827 1345 5889 locis,
1404 5826 1727 5897 pugnabant
1756 5835 1969 5881 statue-

400 5939 458 5978 ra
484 5934 626 5991 'tque
650 5936 900 5992 ntagnam
933 5920 1081 5977 illam
1117 5919 1427 5991 helepolim,
1481 5929 1765 5989 propterea
1825 5918 1973 5988 quod

2074 4719 2247 4783 navis,
2278 4734 2399 4788 qua:
2426 4734 2455 4774 e
2489 4720 2648 4773 Creta
2672 4727 2913 4784 venerat,
2950 4719 3231 4771 constituti
3254 4726 3432 4772 erant.

2154 4813 2209 4865 4.
2261 4809 2502 4865 Gabrieli
2560 4809 2882 4872 ’l‘ribizano,
2946 4807 3273 4863 Venetarum
3330 4808 3643 4862 triremium

2076 4904 2357 4975 praefecto,
2383 4913 2437 4958 et
2468 4903 2595 4958 aliis
2619 4901 3019 4972 quinquaginta
3062 4902 3195 4957 viris
3233 4901 3300 4955 ad
3335 4900 3643 4955 custodiam

2074 4998 2356 5066 assignata
2390 5005 2475 5050 est
2536 4996 2702 5051 turris
2740 4997 2794 5049 in
2854 4994 3035 5049 medio
3087 4994 3279 5059 ﬂuctu,
3331 5009 3361 5047 c
3414 4994 3638 5063 regione

2076 5098 2251 5159 portae
2288 5087 2469 5159 regiae,
2507 5088 2635 5151 sita,
2687 5100 2809 5155 quae
2881 5086 3088 5140 aditum
3146 5095 3331 5155 portus
3387 5082 3648 5140 tuetur.l's

2075 5179 2336 5235 creditam
2365 5178 2466 5231 sibi
2499 5187 2705 5246 partem
2742 5187 2797 5229 ut
2823 5184 3149 5245 pastor,non
3174 5188 3226 5230 ut
3248 5175 3647 5241 mercenarius,
3674 5232 3675 5235 η

2078 5273 2369 5340 diligenter
2398 5270 2979 5337 servabat.Antonius,
3045 5271 3495 5326 mercatoriarnm
3550 5286 3651 5322 na-

2076 5368 2224 5421 vium
2258 5360 2566 5435 praefectus,
2586 5364 2893 5418 triremium
2920 5378 3148 5417 suarum
3179 5373 3232 5417 et
3257 5363 3499 5425 navium,
3526 5376 3649 5429 qua:

2076 5458 2217 5512 intra
2236 5465 2483 5512 catenam
2506 5457 2812 5511 constituta:
2834 5466 3005 5523 erant,
3033 5456 3252 5510 tutelam
3275 5453 3509 5521 accepit:
3530 5468 3685 5520 quae.

2078 5565 2249 5603 naves
2275 5550 2538 5617 quoniam
2569 5550 2634 5603 ad
2668 5549 2981 5604 conﬂictum
3003 5551 3139 5601 bene
3164 5546 3445 5600 instructae
3464 5553 3648 5610 erant,

2076 5643 2136 5707 ii,
2178 5643 2269 5712 qui
2301 5643 2446 5697 intus
2479 5649 2657 5705 erant,
2692 5643 2970 5700 tubarum,
2996 5651 3407 5709 tympanorum,
3435 5633 3649 5689 clamo-

2077 5750 2197 5790 rum
2227 5732 2755 5803 strepitnl‘rcquenti
2809 5730 3113 5784 Turcarum
3169 5740 3337 5779 naves
3377 5734 3433 5779 et
3485 5725 3650 5782 trire-

2078 5842 2193 5881 mes
2221 5827 2285 5879 ad
2330 5834 2604 5880 certamen
2630 5823 3024 5894 provocabunt,
3062 5830 3115 5874 et
3144 5816 3341 5888 jaculis
3401 5817 3649 5885 quotidie

2077 5912 2595 5981 dimicantes,iusta
2628 5922 2804 5965 tamen
2842 5925 3021 5980 pugna
3070 5922 3175 5963 non
3218 5905 3653 5963 concurrebant.
