4066 6296
417 326 516 392 S‘ll

1661 337 1987 398 GEORGII
2033 338 2458 404 PHBAN'I‘ZE
3139 335 3184 386 κ

3547 351 3651 413 832

415 445 628 510 βασιλεῖ
679 445 895 512 λέγων’
946 463 964 496 ι
1001 447 1204 516 Κύριος
1240 449 1267 500 ό
1317 448 1447 511 Θεὸς
1497 453 1982 520 μακροημερεύσοι
2019 465 2054 514 Α
2091 459 2198 509 Καὶ
2259 463 2692 530 προσμείναντες
2743 464 2922 533 ὀλίγον
2979 467 3063 519 ἵνα
3123 467 3345 535 ἴδωμεν,
3402 470 3477 536 μή
3523 487 3651 523 ποτε

411 537 472 586 τὸ
497 538 697 606 κράτος
722 554 843 591 σου.
868 538 1057 606 Ὅμως
1078 538 1334 604 δεόμενος
1361 543 1669 608 παρακαλῶ
1693 543 1791 612 τὴν
1819 545 1982 609 ἁγίαν

413 643 508 679 σου
543 629 840 696 βασιλείαν,
871 629 965 680 ἐὰν
997 631 1163 701 μέλλῃ
1196 633 1469 701 συμϐῆναι
1496 635 1565 686 δι’
1596 635 1694 704 ὲμέ
1731 653 1781 687 τι

412 719 712 772 σκάνδαλον
753 719 821 771 δι’
852 719 911 772 οὖ
959 721 1429 791 προξενηθήσεται
1480 725 1624 795 λύπη
1683 726 1761 794 τῷ
1788 728 1980 796 κράτει

411 827 526 873 σου,
567 811 640 878 μὴ
681 812 893 878 γένοιτο
917 815 996 877 είς
1021 815 1110 867 τὸν
1134 815 1332 882 αἰῶνα,
1387 817 1524 870 ἀλλὰ
1557 818 1758 886 μᾶλλον
1787 817 1896 870 ’καὶ
1919 819 1980 870 τὸ

407 899 588 969 δέρμα
627 919 724 969 μου
761 905 1085 974 ἀφαίρεσον,
1115 908 1161 959 εί
1209 909 1289 971 είς
1319 910 1542 980 εἰρήνην
1577 912 1672 963 καὶ
1708 909 1979 980 εὐφροσύ-

407 1009 504 1057 νην
535 996 602 1062 τῇ
659 995 908 1066 βασιλείᾳ
942 1014 1036 1050 σου
1072 1001 1178 1069 εἴη.
1221 1017 1239 1050 ι
1287 999 1344 1053 Ὀ
1391 1001 1446 1054 δὲ
1478 996 1598 1053 εἶπέ
1647 1017 1772 1070 μοι’
1819 1021 1838 1053 ι
1889 1002 1977 1065 Ὠς

409 1085 598 1147 πιστὸς
630 1086 886 1155 Θεράπων
922 1089 1173 1160 εἴρηκας.
1207 1092 1398 1162 Ὅμως
1443 1095 1517 1161 μὴ
1559 1093 1814 1163 φρόντιζε
1849 1096 1979 1163 περὶ

404 1173 599 1226 τούτου
625 1176 776 1229 οὐδέν
798 1194 811 1208 ·
840 1177 1120 1248 λυποῦμαι
1150 1183 1260 1250 γὰρ
1291 1181 1408 1244 πῶς
1439 1183 1513 1251 μὴ
1545 1184 1978 1253 περισκεπτὸμε-

403 1281 485 1316 vat
513 1267 613 1328 τὰς
641 1267 777 1336 πρός
805 1286 871 1338 με
920 1271 1189 1333 τοσαύτας
1216 1273 1368 1339 παρὰ
1418 1272 1511 1326 σοῦ
1547 1273 1849 1344 θεραπείας
1883 1279 1977 1330 καὶ

404 1357 613 1423 φιλίας.
652 1357 936 1425 βούλονται
994 1363 1138 1416 κατὰ
1191 1362 1481 1432 σύγκρισιν
1542 1366 1652 1417 τῶν
1691 1365 1800 1417 σῶν
1852 1368 1974 1428 ταῖς

403 1449 616 1500 ἑαυτῶν
677 1451 1012 1520 ὑπολήψεσιν
1065 1453 1355 1526 ἀποπηδᾷν
1409 1456 1538 1518 τοὺς
1573 1458 1974 1526 ’προσήκοντας

405 1538 651 1608 βαθμοὺς
679 1543 786 1595 τῶν
813 1542 1105 1610 όφφικίων.
1141 1543 1290 1613 Πλὴν
1323 1545 1700 1614 προσκάλεσον
1741 1545 1974 1600 ἐνταῦθα

403 1635 493 1686 τὶν
528 1635 596 1688 τὰ
626 1635 828 1706 ταύτης
863 1638 960 1704 τῆς
1001 1639 1306 1710 ὑπηρεσίας
1346 1641 1784 1710 ἐμπιστευθέντοι
1816 1641 1973 1694 vorti-

404 1743 538 1794 ριον.
585 1746 601 1776 ι
641 1728 747 1778 Καὶ
807 1729 1029 1782 ἐλθὼνό
1060 1731 1331 1798 νοτάριος,
1383 1732 1696 1801 προστάξας
1743 1735 1770 1785 ό
1813 1732 1970 1802 βασι-

401 1819 528 1880 λεὺς
553 1814 708 1871 εἷπεν
737 1821 886 1891 αὐτῷ
912 1837 925 1851 ·
968 1840 986 1870 ι
1037 1823 1384 1892 Προείπομέν
1427 1841 1509 1876 σοι
1544 1824 1680 1894 πρὸς
1719 1825 1842 1878 τίνα
1872 1826 1966 1877 καὶ

399 1913 519 1964 τίνα
553 1913 659 1965 ἔδει
716 1931 776 1966 σε
811 1914 1047 1984 γράφειν
1079 1916 1187 1991 fuit;
1225 1916 1327 1984 τῆς
1378 1917 1613 1980 πίστεως
1652 1917 1963 1982 ἐπιστολὰς,

397 1997 477 2064 οἷς
511 2004 721 2073 γράψον
757 2005 840 2058 ὅτι
871 2007 1126 2076 μέλλουσι
1157 2009 1350 2078 μαθεῖν
1381 2009 1442 2061 τδ
1471 2012 1578 2062 πᾶν
1610 2010 1714 2063 ὑπὸ
1738 2010 1831 2063 τοῦ
1867 2028 1966 2078 με·

398 2097 566 2158 γάλου
592 2097 880 2164 λογοθέτου
914 2101 1190 2171 Γεωργίου
1221 2102 1315 2154 τοῦ
1347 2105 1598 2171 Φραντζῆ
1622 2121 1634 2134 ·
1669 2105 1762 2156 καὶ
1787 2107 1835 2156 εί
1867 2106 1966 2172 μὲν

398 2188 655 2258 ζήσωμεν
701 2193 794 2242 καὶ
831 2192 1039 2261 πρόσω,
1085 2193 1321 2262 γράψεις
1370 2194 1531 2247 αὑτὸν
1580 2195 1674 2248 καὶ
1729 2197 1964 2266 συγγενῆ

395 2281 554 2349 ήμῶν
585 2279 744 2336 εἶναι.
781 2283 890 2336 Καὶ
925 2284 1018 2336 ἐάν
1060 2302 1166 2338 τινι
1202 2286 1299 2338 οὐκ
1333 2287 1524 2357 ἀρέσῃ,
1575 2287 1804 2349 ἄκοντες
1833 2289 1967 2339 ὐπο-

399 2373 650 2449 μείνωσι,
678 2375 774 2428 καὶ
807 2377 930 2429 ἀντὶ
955 2377 1219 2446 νέκταρος
1248 2378 1279 2447 ἢ
1328 2380 1633 2447 μυρεψικοῦ
1675 2381 1841 2433 ποτοῦ
1867 2381 1967 2449 τὴν

396 2435 558 2534 χοῇιν
621 2469 1066 2524 κπαπιέτωσαν.
1099 2471 1162 2522 El
1196 2470 1270 2540 μὴ
1315 2472 1410 2524 καὶ
1446 2471 1532 2535 σὺ,
1590 2473 1830 2542 νοτάριε,
1874 2473 1966 2542 ἔχε

394 2557 553 2609 τοῦτο
582 2557 655 2620 ὡς
707 2560 1026 2630 ἀπόκρυφον
1069 2560 1234 2629 μέχρι
1289 2562 1517 2629 ἡμερῶν
1569 2561 1753 2616 τινῶν.
1803 2583 1820 2615 ι
1856 2564 1967 2615 Καὶ

397 2651 929 2718 συγκατασκευάσας
979 2653 1050 2706 τὰ
1094 2655 1401 2724 πράγματα
1459 2655 1626 2709 ἔλαϐα
1676 2656 1837 2720 αὐτὰ,
1869 2657 1965 2709 καὶ

394 2743 759 2812 προσεδόκων
797 2746 1040 2812 σήμερον
1066 2747 1097 2814 ἢ
1135 2746 1329 2815 αὔριον
1357 2748 1741 2816 προσκυνῆσαι
1769 2747 1846 2817 τῷ
1872 2749 1966 2814 βα-

395 2834 536 2885 σιλεῖ
561 2834 730 2904 ἤγουν
753 2833 940 2888 λαϐεῖν
967 2836 1155 2891 ἄδειαν
1190 2839 1277 2890 ἵνα
1309 2839 1554 2893 ἀπέλθω.
1597 2837 1734 2892 Ἰδοὺ
1771 2839 1962 2907 ἐξῆλθε

392 2926 495 2994 τῆς
524 2927 1056 2997 Ἀνδριανουπόλεως
1079 2934 1107 2983 ό
1126 2933 1345 3002 ἀμηρᾶς
1375 2932 1607 3001 βαδίζων
1630 2933 1751 2986 καθ’
1783 2934 1959 3004 ἡμῶν.

2084 549 2227 601 κατὰ
2260 552 2360 618 τὴν
2389 553 2507 606 ὁδὸν
2547 559 2852 625 συναντήση
2883 558 3012 625 ἡμῖν
3038 575 3091 610 τι
3124 560 3474 610 ἀπευκταῖον.

2155 638 2313 709 233
2348 639 2416 704 γ’.
2450 641 2596 695 Ἰδὼν
2645 644 2740 696 καὶ
2784 645 2997 698 ἁκούων
3027 647 3056 698 ὁ
3087 647 3311 715 ἀμηρᾶς
3361 649 3650 717 Μεεμέτης

2081 727 2180 789 τὰς
2207 730 2299 781 τοῦ
2340 732 2542 799 πατρὸς
2588 732 2754 784 αὑτοῦ
2788 735 2940 795 νίκας
2971 736 3067 787 καλ⁹
3109 736 3379 804 πολέμους
3413 755 3652 806 περιφα-

2084 819 2189 878 νεῖς
2221 820 2315 870 καὶ
2352 822 2460 873 τῶν
2496 822 2699 890 ἐτέρων
2732 825 2895 876 αὐτοῦ
2946 827 3402 894 τρισκαταράτων
3451 829 3650 897 προγό-

2081 899 2208 976 νων,
2243 912 2300 963 ἑν
2327 912 2506 983 ἐαυτῷ
2534 915 2865 982 ὲιραντάζετο
2902 918 2956 969 τί
2985 918 3091 985 ἄρα
3121 920 3220 972 καὶ
3252 920 3413 981 αὐτὸς
3446 921 3651 990 ποιήσῃ

2081 1001 2230 1066 ἄξιον
2273 1005 2513 1074 μνήμης.
2565 1007 2749 1059 Ταῦτα
2796 1008 2889 1061 οὖν
2941 1010 3081 1062 κατὰ
3115 1011 3241 1063 νοῦν
3295 1010 3649 1076 λογιζόμενος

2081 1093 2243 1162 βουλῇ
2277 1097 2422 1165 κακῇ
2462 1097 2590 1149 καθ’
2617 1099 2774 1167 ήμῶν
2802 1101 3144 1170 χρησάμενος
3174 1098 3262 1169 ἦν,
3295 1101 3382 1154 ἵνα
3413 1101 3649 1166 πόλεμον

2078 1185 2266 1257 ἐγείρῃ
2290 1187 2431 1239 κατὰ
2455 1188 2554 1254 τῆς
2583 1189 2789 1252 πόλεως
2807 1207 2822 1220 ο
2849 1191 2998 1258 ἔλεγε
3018 1194 3126 1259 γὰρ
3155 1193 3212 1244 ὲν
3236 1192 3436 1259 ὲαυτῷυ
3466 1211 3484 1241 σ
3518 1193 3645 1244 Ἐὰν

2075 1277 2176 1344 τὴν
2206 1276 2362 1328 πόλιν
2399 1278 2627 1348 νικήσω,
2663 1281 2803 1349 ὑπὲρ
2829 1282 3037 1344 πάντας
3071 1283 3198 1343 τοὺς
3231 1283 3336 1354 προ
3373 1282 3507 1350 ἐμοῦ
3543 1284 3643 1353 ἤδη

2076 1369 2329 1434 ἐποίησα,
2376 1369 2511 1423 διότι
2547 1372 2699 1423 αὐτοὶ
2754 1374 2852 1441 μὲν
2904 1375 3044 1426 κατὰ
3090 1375 3252 1442 τῆσδε
3301 1375 3398 1442 τῆς
3432 1375 3644 1435 πόλεως

2078 1458 2336 1522 πολλάκις
2389 1464 2778 1530 πειρασθέντες
2814 1465 2969 1518 οὐδὲν
3020 1465 3444 1536 ὲκατὼρθωσαν.
3482 1485 3500 1518 ι
3542 1471 3642 1518 Διὰ

2074 1552 2281 1621 ταύτην
2340 1549 2433 1607 οῦν
2489 1555 2586 1626 τὴν
2644 1559 3141 1626 ὑποκεκρυμμένην
3205 1559 3415 1611 ἔννοιαν
3478 1559 3643 1610 καλὸν

2077 1647 2248 1713 ἐφάνη
2300 1642 2586 1715 αὑτῷὟνα
2638 1650 2779 1702 κατὰ
2819 1649 2880 1701 τὸ
2917 1650 3026 1702 τῶν
3070 1651 3405 1720 Ἀσωμάτων
3454 1651 3644 1702 στενὸν

2074 1738 2210 1789 ἄστυ
2236 1741 2418 1808 κτίσῃ,
2449 1743 2522 1802 ὠς
2546 1742 2892 1812 προείρηται,
2921 1743 3007 1795 ἵνα
3035 1745 3355 1810 καταφυγὴν
3382 1741 3478 1810 ἔχῃ
3507 1741 3640 1792 αὐτὸ

2072 1833 2198 1900 περὶ
2227 1824 2303 1884 ὧν
2323 1833 2552 1900 ἐμελέτα
2581 1835 2824 1900 ποιῆσαι,
2858 1837 3004 1897 ὅπως
3032 1836 3183 1887 οὐδὲν
3210 1835 3316 1886 τῶν
3340 1835 3638 1901 πλοιαρίων

2073 1923 2266 1990 μικρὸν
2317 1923 2348 1991 ἢ
2388 1926 2528 1990 μέγα
2559 1925 2813 1995 δυνηθείη
2843 1927 3120 1979 κατελθεῖν
3159 1927 3223 1978 ὲκ
3256 1925 3348 1977 τοῦ
3380 1923 3634 1988 Εὐξείνου

2071 2014 2267 2065 πόντου
2299 2014 2441 2066 κατὰ
2469 2015 2568 2083 τὴν
2597 2016 2772 2081 πόλιν,
2812 2019 2902 2070 καὶ
2938 2018 3026 2070 ἴνα
3055 2018 3236 2087 ῥᾴδιον
3268 2016 3433 2086 ἔχωσι
3462 2019 3520 2067 τὸ
3545 2016 3638 2066 πέ-

2073 2122 2224 2172 Palla
2275 2107 2340 2158 ἐκ
2393 2107 2490 2174 τῆς
2522 2107 2707 2168 Ἀσίας
2762 2109 2840 2169 είς
2885 2106 3172 2178 Εὐρώπην.
3217 2107 3395 2160 Θέλων
3439 2106 3496 2157 δὲ
3541 2106 3637 2157 καὶ

2070 2196 2390 2265 βιαζόμενος
2445 2197 2531 2250 ἵνα
2564 2198 2633 2249 τὰ
2691 2198 3069 2266 μελετούμενα
3116 2199 3208 2252 ὑπ’
3237 2199 3404 2252 αὑτοῦ
3461 2197 3635 2266 ἀρχὴν

2067 2287 2328 2350 λάϐωσιν,
2375 2289 2485 2341 ίδοὺ
2533 2292 2596 2357 τῇ
2627 2289 2720 2351 κς⁹
2754 2290 3002 2360 Μαρτίου
3041 2289 3134 2341 τοῦ
3167 2287 3633 2358 ἐξακισχιλιοστοῦ

2067 2379 2481 2432 ἐννακοσιοστοῦ
2511 2380 2808 2449 ἑξηκοστοῦ
2838 2381 2992 2443 ἔτους
3018 2381 3188 2433 ἐλθὼν
3229 2380 3426 2431 ἔπεσεν
3462 2381 3539 2440 είς
3573 2381 3633 2430 τὸ

2067 2471 2272 2535 στενὸν,
2300 2472 2386 2522 ἵνα
2409 2472 2737 2542 οἱκοδομὴσῃ
2763 2473 2822 2523 τὸ
2848 2473 3004 2525 ἄστυ.
3030 2472 3177 2525 Ἰδὼν
3203 2471 3295 2523 οῦν
3321 2473 3348 2522 ὁ
3379 2471 3634 2540 βασιλεὺς

2063 2561 2162 2623 τὰς
2195 2561 2531 2632 πανουργίας
2563 2561 2730 2614 αὑτοῦ
2766 2563 3032 2632 ἐϐουλήθη
3077 2561 3425 2628 ἀποκαλύψαι
3472 2563 3636 2624 αὐτὸς

2066 2636 2283 2718 πρῶτον
2317 2651 2417 2718 τὴν
2461 2652 2664 2720 μάχην,
2713 2654 2858 2715 ὅπως
2920 2654 3085 2706 αὐτὸν
3129 2653 3422 2723 ὲμποδίσῃ.
3479 2651 3636 2713 Τινὲς

2063 2744 2120 2795 δὲ
2165 2742 2274 2794 τῶν
2303 2743 2404 2811 τῆς
2462 2743 2766 2814 συγκλήτου
2817 2745 3132 2814 ἱερωμένων
3175 2762 3234 2797 τε
3291 2745 3384 2797 καὶ
3430 2744 3635 2798 λαῒκῶν

2065 2833 2348 2887 ἐκώλυσαν
2397 2835 2494 2904 τὴν
2547 2835 2772 2903 γνώμην
2820 2837 2915 2890 καὶ
2972 2838 3168 2908 βουλὴν
3215 2839 3310 2891 τοῦ
3348 2839 3631 2908 βασιλέως,

2066 2925 2228 2997 234
2266 2927 2516 2995 λέγοντες
2553 2927 2628 2998 μὴ
2666 2929 3107 3000 ἀποκαλυφθήτω
3133 2932 3168 3001 ἡ
3203 2931 3351 3001 μάχη
3394 2931 3494 3000 τῆς
3536 2931 3633 3000 βα-

395 3124 512 3161 rnm
546 3109 986 3165 solemnitatibus
1049 3125 1116 3163 ne
1177 3125 1262 3165 me
1323 3128 1416 3180 pro
1469 3127 1620 3166 more
1666 3110 1824 3167 cilicii
1887 3112 1962 3164 tui
1996 3122 2039 3182 ο
2070 3108 2139 3164 At
2168 3118 2222 3162 tu
2261 3123 2499 3178 quoque,
2556 3110 2789 3172 notarie,
2837 3112 2942 3165 hoc
2996 3109 3114 3164 dies
3163 3109 3374 3179 aliquot
3419 3110 3634 3164 silentio

393 3201 613 3253 adores.
651 3198 973 3267 Quanquam
1009 3201 1256 3256 notarius
1307 3203 1381 3256 rei
1421 3203 1745 3256 mentionem
1807 3203 1966 3258 faciet

395 3295 450 3346 in
482 3293 682 3347 litteris
723 3293 789 3347 ad
820 3293 1014 3348 fratres
1058 3309 1210 3350 meos
1264 3303 1318 3348 et
1356 3309 1640 3365 cognatam
1673 3311 1847 3350 meam
1876 3312 1964 3350 re-

391 3385 598 3454 ginam,
629 3385 864 3455 denique
892 3387 958 3439 ad
1011 3401 1224 3452 omnes,
1257 3388 1320 3440 ad
1365 3403 1501 3455 quos
1537 3389 1602 3441 de
1637 3389 1831 3440 itinere
1869 3398 1964 3441 tuo

401 3479 704 3546 scripturus
761 3493 906 3543 sum,
958 3494 1021 3533 ac
1080 3488 1133 3532 tu
1194 3479 1343 3533 illinc
1389 3479 1626 3534 vicissim
1666 3481 1731 3533 ad
1791 3494 1876 3532 me
1911 3489 1967 3532 et

389 3585 772 3640 quemcunque
828 3570 1023 3625 domus
1075 3580 1179 3624 ture
1233 3571 1500 3635 scribens,
1550 3573 1762 3625 titulum
1820 3572 1964 3626 hunc

389 3663 701 3732 usurpabis.
736 3662 941 3728 Quodsi
1001 3663 1209 3717 interea
1263 3678 1375 3716 rem
1434 3665 1810 3732 cognoverint,
1867 3661 1960 3732 qui

387 3755 632 3809 invident
664 3756 785 3816 tibi,
823 3754 1074 3823 quamvis
1123 3753 1191 3809 iis
1237 3754 1433 3808 durum
1472 3757 1846 3825 acerbumque
1880 3759 1960 3808 vi-

388 3846 612 3910 deatur,
646 3847 894 3899 volentes
951 3844 1199 3899 nolentes
1233 3859 1350 3899 eam
1409 3845 1735 3901 devoranto.
1776 3866 1795 3898 ι
1855 3845 1964 3902 Re-

388 3937 581 4006 spondi
614 3937 686 3992 ita
716 3937 1068 4006 imperatori:
1109 3954 1128 3987 ι
1171 3937 1311 3992 Deus
1365 3937 1630 3992 Dominus
1695 3940 1964 4007 producat

388 4026 676 4096 imperium
709 4036 884 4081 tuum.
930 4026 1034 4081 Sed
1065 4037 1246 4082 tamen
1279 4028 1606 4097 suppliciter
1655 4046 1787 4100 rogo
1827 4047 1958 4086 san-

384 4128 525 4172 clam
565 4116 897 4180 maiestatem
923 4125 1096 4182 tuam,
1146 4117 1190 4170 si
1227 4132 1347 4172 mea
1395 4133 1562 4172 causa
1626 4120 1730 4172 ulla
1775 4119 1958 4174 futura

385 4213 455 4264 sit
479 4211 728 4274 oﬂensio,
755 4210 896 4265 unde
932 4210 1064 4278 quid
1096 4210 1410 4266 detrimenti
1456 4211 1635 4280 capiat
1668 4214 1956 4281 imperium

385 4314 560 4365 tuum,
592 4315 831 4369 unquam
864 4314 929 4353 ne
954 4299 1063 4362 fiat,
1098 4301 1242 4368 quod
1269 4301 1570 4363 meditaris,
1616 4302 1728 4354 imo
1775 4303 1958 4370 potius

385 4393 574 4460 pellem
615 4393 747 4446 mihi
779 4392 1062 4454 detrahas,
1103 4391 1147 4445 si
1176 4391 1240 4445 ad
1276 4391 1577 4459 maiestatis
1636 4401 1743 4446 tuae
1809 4405 1959 4447 lran-

384 4479 705 4548 quillitatem
748 4493 802 4537 et
833 4499 1018 4550 pacem
1049 4484 1338 4536 conducat.
1380 4501 1398 4534 ι
1435 4483 1574 4537 Tum
1628 4483 1948 4553 imperator:

390 4595 406 4623 ‹
450 4573 520 4628 Ut
551 4577 816 4640 minister,
857 4573 952 4638 ait,
987 4574 1159 4628 fidelis
1195 4574 1407 4629 locutus
1433 4588 1517 4628 es.
1579 4572 1683 4626 Sed
1741 4589 1811 4627 ne
1856 4575 1953 4627 tibi

385 4668 485 4720 ista
519 4682 605 4722 res
631 4681 776 4722 curae
799 4669 870 4722 sit
897 4667 1004 4721 ullo
1030 4666 1212 4720 modo.
1246 4666 1411 4718 Doleo
1439 4665 1609 4729 enim,
1640 4666 1785 4734 quod
1817 4666 1953 4721 nihil
1997 4708 1999 4711 .

383 4761 884 4829 circumspicientes
906 4768 1054 4814 tanta
1082 4769 1171 4813 tua
1193 4773 1318 4827 erga
1343 4773 1428 4812 me
1442 4758 1617 4811 officia
1631 4761 1953 4828 etobseqnia

382 4859 436 4904 et
469 4863 681 4905 tuorum
735 4851 1049 4905 meritorum
1105 4848 1569 4916 comparationem
1636 4849 1954 4906 aiTectantes

382 4943 582 4997 animis
641 4945 841 5012 gradus
893 4941 1191 4996 ciliciorum
1221 4940 1610 4995 convenientes
1652 4943 1956 4997 transsilire

383 5045 674 5089 Conantur.
731 5032 932 5086 Verum
993 5043 1213 5084 arcesse
1248 5031 1353 5082 huc
1403 5030 1516 5099 jam
1571 5047 1800 5087 munere
1852 5033 1957 5088 hoc

382 5126 697 5195 fungentem
755 5126 1049 5177 notarium.
1096 5139 1114 5173 ι
1176 5123 1490 5177 Venientem
1551 5127 1820 5180 notarium
1858 5129 1956 5182 im-

386 5225 608 5285 perator
639 5217 711 5270 ita
743 5216 1012 5268 allocutus
1064 5226 1176 5270 est:
1219 5233 1235 5264 ι
1285 5218 1423 5270 Ante
1471 5217 1579 5288 tibi
1627 5219 1956 5288 signiﬁcavi-

389 5326 528 5374 mus,
572 5324 692 5379 qua:
718 5316 772 5360 et
798 5308 862 5360 ad
912 5323 1049 5374 quos
1103 5309 1332 5376 publieae
1389 5310 1510 5364 fidei
1563 5313 1808 5380 epistolis
1860 5316 1955 5369 tibi

385 5401 676 5456 scribenda
707 5399 852 5455 sint:
889 5399 972 5454 bis
1003 5401 1159 5468 adde,
1204 5418 1298 5458 eos
1333 5392 1501 5457 totam
1561 5420 1672 5458 rem
1707 5407 1960 5476 cognitu-

391 5510 479 5547 ros
518 5508 639 5547 esse
674 5507 703 5546 e
737 5490 971 5562 Georgio
1025 5491 1257 5549 Phratzc
1289 5511 1485 5565 magno
1539 5496 1812 5566 logotheta
1842 5518 1854 5564 ;
1895 5516 1958 5554 ac

386 5585 430 5637 si
459 5585 563 5637 vita
594 5585 1037 5654 suppeditarcrit,
1076 5586 1280 5642 scribes
1307 5589 1490 5651 etiam,
1519 5589 1772 5644 eumdem
1801 5592 1958 5646 nobis

385 5674 596 5737 amnem
626 5692 765 5732 esse.
796 5675 904 5732 Hoc
941 5679 1028 5732 cui
1058 5677 1413 5746 displicuerit,
1449 5679 1692 5745 ringatur
1728 5681 1877 5743 licet,
1905 5692 1960 5737 et

385 5784 480 5836 tuo
509 5779 722 5828 nectare
753 5784 841 5828 aut
877 5783 1009 5843 potu
1061 5773 1356 5826 aromalico
1419 5772 1579 5826 bilem
1623 5787 1950 5842 concoquat.

2071 3215 2206 3271 tege.
2254 3221 2270 3254 ι
2306 3200 2489 3256 Rebus
2511 3201 2705 3256 deinde
2730 3202 3031 3264 adornatis,
3055 3202 3357 3257 instructus
3397 3203 3464 3256 iis
3497 3217 3616 3256 sum

2068 3303 2232 3361 atque
2275 3295 2679 3363 exspectabam,
2731 3306 2797 3347 eo
2852 3294 2971 3362 ipso
3001 3293 3092 3347 die
3123 3303 3218 3346 aut
3248 3292 3510 3362 postridie
3545 3307 3632 3345 me

2067 3385 2416 3440 adoraturum
2462 3388 2858 3454 imperatorem
2915 3395 2968 3438 et
3023 3385 3256 3439 abeundi
3314 3394 3627 3454 potestatem

2067 3487 2415 3546 accepturum
2445 3492 2586 3540 esse,
2621 3492 2743 3531 cum
2778 3477 2960 3531 subito
2988 3477 3335 3545 Adrianopoli
3365 3491 3617 3545 egressus

2066 3584 2278 3624 ameras
2318 3569 2579 3623 adversus
2607 3585 2704 3622 nos
2737 3570 3130 3638 proﬁciscitur.
3189 3569 3373 3639 Itaque
3403 3579 3629 3639 praesto-

2063 3661 2160 3714 lati
2216 3675 2405 3714 sumus
2434 3660 2767 3724 aliquandiu,
2801 3676 2869 3716 ne
2899 3660 3040 3717 forte
3074 3663 3129 3715 in
3164 3661 3356 3716 itinere
3407 3663 3622 3716 contin-

2063 3761 2215 3824 geret
2243 3753 2396 3806 nobis
2427 3753 2552 3820 quid
2603 3751 2924 3807 infaustum.
3112 3788 3128 3813 ,

2131 3845 2186 3900 5.
2217 3844 2540 3899 Mehemetes
2566 3859 2780 3898 ameras
2837 3859 2962 3898 cum
3018 3847 3221 3913 patris”
3253 3847 3634 3918 maiorumque

2062 3935 2626 3988 exsecratissimorum
2651 3934 2940 4003 praeclaras
2963 3936 3222 3990 victorias
3241 3945 3294 3990 et
3325 3953 3411 3992 res
3443 3948 3624 4006 gestas

2063 4027 2268 4080 videret
2293 4026 2632 4094 audiretque,
2668 4025 2957 4094 reputabat
2987 4041 3196 4088 secum,
3225 4029 3352 4095 quid
3402 4029 3514 4096 ipse
3554 4031 3630 4082 fa-

2062 4126 2208 4169 ceret
2238 4115 2460 4184 dignum
2485 4117 2766 4171 memoria.
2789 4117 2910 4170 Ilaec
2935 4119 3182 4187 cogitans
3213 4121 3354 4187 apud
3386 4121 3620 4173 animum

2063 4223 2246 4273 suum,
2277 4208 2422 4260 malo
2449 4207 2679 4261 consilio
2708 4210 2921 4271 statuit,
2947 4219 3004 4261 ut
3031 4210 3234 4262 bellum
3255 4212 3515 4266 adversus
3535 4229 3628 4264 ur-

2060 4297 2181 4350 bem
2214 4309 2452 4366 pararet.
2487 4297 2578 4351 Sic
2606 4298 2752 4350 enim
2792 4313 2975 4353 secum
3012 4300 3488 4354 ratiocinabatur:
3527 4319 3543 4351 ι
3571 4302 3626 4353 Si

2061 4391 2250 4442 urbem
2282 4389 2485 4452 vicero,
2514 4390 2721 4457 priores
2749 4405 2941 4442 omnes
2973 4392 3348 4458 pt'atcellut‘ro,
3375 4393 3632 4460 quoniam

2061 4478 2136 4530 illi
2168 4493 2290 4532 eam
2325 4481 2513 4533 urbem
2547 4495 2688 4548 saepe
2727 4482 2970 4550 aggressi
3005 4482 3204 4536 frustra
3239 4485 3578 4538 laborarunt.
3613 4505 3631 4535 ι

2063 4568 2137 4622 Ex
2165 4572 2264 4625 bac
2286 4573 2498 4625 occulta
2522 4572 2853 4640 cngitatione
2879 4573 3045 4640 igitur
3075 4575 3248 4627 visum
3278 4575 3325 4629 ei
3351 4586 3452 4640 est,
3479 4578 3636 4645 juxta

2061 4664 2446 4716 Asomatorum
2481 4665 2762 4732 angustias
2801 4675 3040 4718 castrum
3077 4667 3335 4731 condere,
3369 4678 3428 4720 ut
3467 4683 3636 4735 supra

2065 4755 2400 4818 monuimus,
2422 4772 2532 4824 quo
2555 4755 2820 4822 refugium
2846 4758 3092 4819 haberet.
3115 4759 3242 4812 dum
3264 4761 3466 4812 faceret
3516 4777 3640 4828 qua:

2065 4848 2450 4912 meditabatur,
2483 4865 2618 4902 nere
2644 4849 2813 4902 ullum
2837 4851 2952 4902 sive
2978 4865 3204 4918 parvum
3232 4851 3347 4904 sive
3381 4866 3636 4920 magnum

2065 4940 2343 5006 navigium
2377 4955 2406 4992 e
2433 4940 2608 4994 Ponto
2639 4939 2856 4993 Euxino
2888 4941 2944 4993 in
2979 4940 3170 4994 urbem
3206 4951 3392 5009 posset
3446 4956 3638 5009 perve-

2063 5032 2202 5094 nire,
2236 5042 2404 5102 utque
2424 5032 2724 5087 faciliorem
2749 5034 3012 5088 haberent
3041 5049 3107 5086 ex
3133 5034 3260 5087 Asia
3283 5035 3335 5087 in
3363 5033 3636 5100 Europam

2066 5131 2378 5184 transitum.
2398 5126 2688 5181 Festinans
2716 5128 2880 5195 igitur
2909 5136 2962 5180 et
2980 5128 3215 5188 instans,
3235 5135 3296 5180 ut
3323 5127 3590 5181 meditatis
3609 5141 3640 5180 a

2065 5236 2122 5275 se
2146 5232 2395 5274 eventum
2414 5220 2586 5285 daret,
2607 5233 2735 5273 ecce
2759 5219 2848 5273 die
2868 5219 2938 5272 26
2961 5219 3136 5273 Martii
3160 5220 3285 5274 anni
3308 5219 3446 5274 6960
3462 5219 3643 5275 subito

2066 5311 2266 5367 invasit
2283 5313 2584 5383 angustias,
2605 5323 2845 5365 castrum
2867 5321 3266 5365 exstructurus.
3283 5311 3644 5364 Animadver-

2067 5415 2188 5458 tens
2221 5405 2476 5457 astutiam
2507 5403 2965 5471 ejusimperator,
3015 5402 3132 5470 ipse
3174 5403 3407 5469 primum
3440 5400 3642 5455 bellum

2067 5509 2412 5548 Commovere
2435 5492 2498 5546 ad
2525 5509 2648 5547 eum
2675 5493 3076 5560 impediendum
3101 5493 3310 5546 statuit.
3333 5494 3401 5543 At.
3418 5489 3642 5557 quidam

2069 5587 2327 5641 senatorii
2351 5584 2561 5639 ordinis
2592 5593 2706 5638 tum
2737 5585 3050 5640 sacerdotes
3076 5596 3189 5637 tum
3222 5583 3344 5636 laici
3382 5582 3642 5636 adversa-

2070 5683 2266 5734 bantur
2295 5679 2576 5733 sententiae
2607 5687 2659 5730 et
2683 5678 2917 5732 consilio
2943 5678 3087 5745 ejus.
3120 5695 3136 5727 ι
3165 5675 3240 5729 Ne
3288 5690 3640 5730 commovea-

2072 5789 2180 5840 ltli‘,
2208 5773 2445 5835 aiebant,
2475 5785 2504 5824 a
2537 5770 2820 5839 majestate
2854 5780 2943 5830 tua
2969 5770 3187 5833 bellum,
3223 5767 3396 5822 donec
3439 5781 3647 5835 cogno-
