4066 6296
357 387 460 453 8Ί3

1359 379 1796 441 CHRONICON
1841 378 2112 438 MAJUS.
2147 402 2213 412 —
2246 379 2387 436 Lm.
2431 331 2536 435 ut.

3489 372 3594 438 834

360 500 560 561 οιλείας
603 514 719 563 σου,
755 495 859 558 ’έως
884 494 948 548 ἂν
973 493 1176 560 ἴδωμεν
1206 491 1256 544 τί
1285 490 1533 560 βούλεται
1573 491 1736 552 αὐτὸς
1773 491 1916 558 πρᾶο
1952 495 1988 548 Α
2015 489 2098 555 τῷ
2133 488 2346 557 βασιλεῖ
2379 504 2388 515 ·
2441 489 2534 541 καὶ
2567 487 2736 548 οὕτως
2784 485 3149 554 ἐπροσέταξεν
3195 487 3224 539 6
3253 487 3474 557 ἁμηρᾶς
3509 487 3595 538 ἵνα

361 595 468 657 ξαι.
503 592 564 643 Εἰ
597 589 692 642 καὶ⁸
720 589 780 640 τὸ
810 587 942 640 ἄστυ
979 585 1160 656 κτίσῃ,
1181 585 1236 635 ἐν
1257 583 1476 652 εὐκολίᾳ
1509 581 1932 652 παραλαμϐανο-

366 701 465 753 μεν
498 681 629 735 αὐτὸ
661 679 750 731 διὰ
792 677 853 729 τὺ
885 676 1188 745 ἐγγύτερον
1228 673 1364 726 εἶναι
1407 676 1560 742 ἡμῖν.
1601 692 1617 723 ι
1654 675 1718 724 Ὃ
1751 672 1843 724 καὶ
1875 673 1931 722 ἐν

367 774 617 841 ὑστέροις
671 767 814 822 εἶδον
858 768 1088 829 τέλειον,
1139 766 1232 816 καὶ
1286 763 1498 834 ἀληθῶς
1553 763 1796 828 ἔγνωσαν
1850 763 1932 813 ὅτι

369 865 580 924 ἐλπίδες
605 864 760 914 κεναὶ
783 860 1044 929 τρέφουσι
1073 859 1197 918 τοὺς
1227 856 1510 924 ἀνοήτους.
1555 853 1698 920 Ἐγὼ
1728 854 1781 904 δὲ
1813 853 1933 903 ἐνα-

370 957 605 1023 πὲμεινα
623 951 724 1020 τῆς
756 951 1034 1019 πορείαςῆ
1075 946 1410 1018 ήτοιμάσθη,
1451 943 1936 1013 ιΣήμερονλέγον-

370 1064 460 1108 τες
493 1045 692 1112 ἴδωμεν
725 1044 820 1095 καὶ
861 1041 1083 1109 αΰριον·
1119 1042 1211 1092 καὶ
1245 1041 1329 1091 ὅτι
1375 1038 1463 1090 διὰ
1509 1039 1674 1106 ξηρᾶς
1708 1039 1804 1104 οὐχ
1836 1037 1933 1104 ἁρ-

376 1138 548 1208 μόζει,
576 1137 699 1187 ἐπεὶ
733 1134 1075 1187 ἐπικίνδυνόν
1105 1133 1224 1183 ἐστι
1257 1131 1316 1183 τὸ
1349 1135 1598 1200 πρᾶγμα,
1628 1130 1743 1181 ἀλλ’
1773 1130 1938 1196 εὑρή-

377 1243 558 1295 σωμεν
595 1225 786 1277 πλεύσι
794 1241 914 1291 μον.
960 1242 978 1272 ι

456 1317 544 1367 Ἐν
581 1315 784 1382 Ἰουνίῳ
807 1314 938 1382 μηνὶ
961 1312 1055 1364 τοῦ
1082 1313 1244 1364 αὐτοῦ
1269 1311 1417 1373 ἔτους
1439 1311 1546 1362 ίδοῦ
1576 1306 1936 1377 ἐδημοσιεύθη

372 1411 404 1476 ἠ
445 1408 588 1476 μάχη
615 1421 628 1434 ⁸
683 1407 777 1458 καὶ
807 1405 928 1457 καθ’
965 1407 1122 1474 ἡμῶν
1155 1403 1247 1456 τοῦ
1305 1403 1667 1471 στρατοπέδου
1700 1400 1935 1469 δραμόνο

373 1518 483 1564 τος,
515 1497 903 1567 ᾐχμαλώτευσε
933 1497 1137 1556 πάντας
1169 1497 1295 1558 τοὺς
1351 1493 1550 1557 ἔξωθεν
1605 1493 1701 1560 τῆς
1735 1490 1939 1551 πόλεως

378 1590 679 1651 οἰκοῦντας.
731 1589 819 1640 Ἑν
851 1581 895 1655 ᾧ
925 1588 1103 1658 καιρῷ
1138 1587 1422 1638 ἐτελείωσε
1453 1584 1630 1638 καὶτὸ
1662 1583 1816 1646 ἄστυ,
1847 1582 1940 1635 καὶ

377 1685 433 1732 ἐν
468 1679 616 1746 αύτῷ
666 1679 984 1748 ᾠκοδόμησε
1033 1679 1275 1747 πύργους
1317 1679 1466 1744 τρεῖς
1503 1675 1777 1744 ίσχυροὺς,
1817 1671 1940 1734 τοὺς

374 1772 466 1821 δύο
514 1770 613 1838 μὲν
648 1769 961 1838 χερσαίους,
999 1770 1088 1821 τὸν
1132 1771 1189 1822 δὲ
1225 1769 1413 1837 ἕτερον
1462 1768 1604 1819 κατὰ
1641 1765 1936 1828 θάλασσαν,

375 1862 428 1921 ὃς
459 1863 552 1913 καὶ
579 1859 756 1924 ὀλίχον
785 1877 835 1911 τι
871 1861 1074 1927 μείζων
1104 1861 1213 1912 τῶν
1243 1861 1336 1912 δύο
1375 1859 1612 1927 ὑπῆρχε.
1641 1857 1712 1909 Τὸ
1741 1857 1798 1908 δὲ
1829 1873 1939 1908 τει-

375 1953 486 2019 χῶν
518 1953 673 2020 εὖρος
700 1949 767 2021 ἦν
797 1954 966 2006 εἴκοσι
998 1953 1094 2006 καὶ
1127 1952 1289 2004 πέντε
1326 1951 1524 2014 ποδῶν,
1553 1951 1612 2002 τδ
1651 1949 1708 2000 δέ
1739 1947 1940 2000 ἔσωθεν

375 2045 554 2095 αὐτῶν
581 2044 899 2111 εὐρύχωρον
931 2044 1143 2111 ὑπῆρχε
1181 2039 1476 2110 τριάκοντα
1501 2040 1594 2092 καὶ
1624 2039 1718 2091 δύο
1741 2039 1936 2094 ποδῶν.

376 2129 511 2184 Εἶτα
545 2135 604 2184 ἐν
658 2132 904 2201 μολύϐδῳ
937 2133 1222 2193 σκεπάσας
1254 2132 1379 2192 τοὺς
1410 2130 1674 2197 πύργους,
1705 2133 1798 2181 καὶ
1835 2129 1943 2181 πᾶν

375 2226 434 2275 το
473 2226 606 2278 ἄστυ
657 2224 839 2286 καλῶς
877 2223 1206 2292 ἁσφαλίσας,
1244 2225 1340 2276 καὶ
1385 2225 1444 2276 ἐν
1476 2222 1625 2290 αὐτῷ
1671 2221 1944 2292 φρουροὺς

378 2316 706 2382 κατέστησε.
741 2315 853 2366 Καὶ
883 2317 938 2365 ἐν
965 2317 1031 2383 τῇ
1069 2317 1289 2384 είκοστῇ
1322 2315 1481 2384 ὀγδόῃ
1512 2312 1606 2365 τοῦ
1633 2311 1944 2379 Αὐγούστου

378 2406 626 2474 ἐγερθεὶς
651 2405 860 2457 ἐκεῖθεν
891 2406 1086 2457 ἔπεσεν
1121 2407 1212 2456 ἐπὶ
1235 2407 1334 2466 τὰς
1365 2405 1557 2463 σούδας
1584 2404 1682 2469 τῆς
1713 2403 1944 2466 πόλεως,

380 2497 473 2547 καὶ
510 2499 578 2565 τῇ
629 2495 821 2565 πρώτῃ
853 2495 946 2547 τοῦ
992 2496 1376 2565 Σεπτεμϐρίου
1419 2496 1587 2564 μηνὸς
1634 2497 1728 2548 τοῦ
1760 2495 1944 2566 ,ς-ἓξαο

379 2584 533 2646 ἔτους
563 2585 712 2651 διέση
752 2588 828 2646 είς
869 2585 967 2655 τὴν
1011 2584 1506 2652 Ἀνδρτανούπολιν,
1548 2586 1623 2647 ὡς
1676 2585 1946 2653 φαίνεται,

382 2675 470 2726 ἵνα
498 2675 616 2735 ταῖς
669 2673 761 2726 δύο
795 2675 984 2736 αὑταῖς
1018 2676 1254 2745 ἡμέραις
1288 2677 1376 2747 ίδῃ
1401 2676 1469 2728 τὰ
1516 2676 1671 2744 τείχη
1705 2675 1800 2742 τῆς
1851 2673 1948 2725 πό-

382 2769 519 2830 λεως
567 2772 662 2824 καὶ
707 2769 867 2838 235
898 2770 1162 2838 τάφρους,
1215 2769 1310 2822 καὶ
1344 2768 1396 2820 εῑ
1449 2785 1501 2820 τι
1544 2768 1734 2835 ιτερον
1791 2765 1950 2826 αὐτὸς

383 2857 674 2922 ἐλογίζετο.
736 2860 846 2910 Καὶ
895 2859 973 2928 τῷ
1023 2859 1173 2926 αύτῷ
1231 2857 1560 2925 φθινοπώρῳ
1617 2855 1950 2924 Ὀκτωϐρίου

329 2989 333 2992 -
383 2953 578 3022 πρώτῃ
612 2952 828 3014 στείλας
861 2953 949 3004 τὸν
997 2950 1322 3020 Τουραχάνη
1363 2951 1459 3003 καὶ
1510 2951 1638 3011 τοὺς
1668 2949 1763 3002 δύο
1802 2950 1952 3010 υίοὺς

382 3044 546 3098 αὐτοῦ
576 3043 900 3111 Ἀχουμσὶτιν
932 3043 1028 3095 καὶ
1052 3043 1287 3111 ’Ᾱμάριν
1316 3043 1454 3112 μετὰ
1497 3041 1752 3095 πλείστου
1789 3055 1953 3110 στρα-

384 3133 478 3186 τοῦ
521 3135 578 3186 ἐν
624 3137 688 3200 τῇ
723 3134 1140 3203 Πελοποννήσῳ,
1189 3133 1280 3187 ἵνα
1330 3133 1631 3202 μαχόμενοι
1677 3133 1816 3184 κατὰ
1845 3131 1952 3182 τῶν

383 3224 657 3276 δεσποτῶν
693 3224 800 3276 τῶν
825 3223 918 3276 τοῦ
952 3224 1216 3292 βασιλέως
1240 3223 1485 3288 ἀδελφῶν
1509 3221 1798 3275 κωλύσωσι
1823 3221 1949 3282 τοὺς

385 3315 660 3376 τοιούτους
719 3315 1101 3383 ἐμποδίζοντες
1157 3315 1244 3367 διὰ
1282 3314 1374 3366 τοῦ
1435 3314 1695 3382 πολέμου,
1745 3314 1832 3366 ἵνα
1875 3312 1950 3380 μὴ

389 3404 675 3472 δυνάμενοι
705 3406 863 3457 ἐᾶσαι
894 3403 982 3456 τὸν
1008 3404 1174 3456 τόπον
1198 3386 1420 3457 ’ἔλθωσι
1458 3404 1594 3472 πρὸς
1628 3405 1950 3473 συμμαχίαν

389 3518 652 3577 verimtts,
670 3516 798 3584 quid
820 3516 908 3568 ille
925 3517 1074 3570 velit.
1091 3515 1314 3570 Etiamsi
1333 3516 1474 3571 enim
1499 3527 1736 3572 castrum
1763 3516 1952 3569 condio

391 3607 746 3668 derit,t.nnen
788 3606 928 3660 facili
960 3622 1122 3676 opera
1147 3609 1195 3661 id
1214 3609 1667 3679 eXpugnabimus,
1691 3610 1947 3677 quoniam

393 3697 618 3763 propius
655 3698 810 3752 nobis
827 3709 927 3752 est.
967 3717 984 3748 ι
1014 3699 1167 3764 Quod
1204 3709 1388 3768 postea
1427 3708 1810 3770 compererunt
1839 3699 1953 3767 pla-

391 3787 632 3848 nissime,
651 3797 704 3840 et
722 3803 905 3842 revera
924 3797 1315 3856 cognoverunt,
1337 3805 1429 3858 spe
1445 3804 1582 3844 vana
1607 3790 1753 3858 pasci
1773 3805 1955 3844 amen-

391 3884 493 3928 tes.
523 3875 631 3944 Ego
661 3884 838 3929 autem
864 3880 1271 3944 perseverabam
1293 3881 1343 3932 in
1375 3881 1588 3932 itineris
1620 3880 1730 3948 jam
1780 3881 1951 3948 parati

392 3965 643 4018 consilio.
665 3966 905 4029 Scilicet,
931 3985 950 4018 ι
992 3967 1181 4033 llodie,
1224 3969 1467 4029 aiebant.
1486 3977 1579 4022 aut
1604 3984 1726 4024 cras
1753 3972 1956 4024 videbi-

391 4066 642 4117 mus;nec
661 4067 968 4123 pcrterram
993 4057 1092 4110 iter
1113 4057 1288 4112 facere
1306 4058 1724 4126 licct,qnoniam
1745 4063 1957 4128 pericu-

391 4141 503 4197 losa
523 4158 608 4198 res
627 4156 729 4209 est,
755 4146 848 4200 sed
866 4147 1506 4217 navigandioccasionem
1539 4149 1900 4204 inveniemus.
1930 4170 1950 4204 ι

462 4232 831 4289 MenseJunio
861 4236 980 4305 ejus
1032 4239 1159 4290 anui
1199 4238 1394 4292 bellum
1453 4241 1805 4295 commissum
1855 4251 1956 4306 est,

395 4334 554 4392 atque
594 4326 878 4381 invadente
921 4344 1018 4382 nos
1052 4333 1295 4383 exercitu
1328 4331 1510 4384 hostili
1535 4371 1549 4391 ,
1577 4347 1673 4398 pro
1728 4335 1956 4402 captivis

397 4417 604 4483 abrepti
639 4427 768 4470 sunt
795 4418 980 4472 cuneti
1026 4419 1349 4472 suburbani.
1403 4419 1521 4484 Quo
1573 4420 1766 4474 eodem
1827 4435 1958 4476 tem—

2031 581 2098 631 δι’
2128 583 2251 633 ὅλου
2284 580 2376 632 τοῦ
2412 580 2676 648 χειμῶνος
2716 580 3100 648 ἐμποδίζοντες
3143 583 3359 644 αὐτοὺς,
3395 581 3486 633 καὶ
3525 579 3598 647 μὴ

2032 677 2267 744 εὕρωσιν
2319 675 2605 742 εὐκαιρίαν
2656 674 2749 725 τοῦ
2797 673 2970 724 ἐλθεῖν
3011 673 3272 741 βοηθῆσαι
3327 677 3391 740 τῇ
3445 677 3596 730 πόλει

2034 766 2150 831 ἅμα
2183 765 2260 834 τῷ
2313 764 2524 833 βασιλεί
2572 763 2649 832 τῷ
2686 764 2779 816 καὶ
2823 763 3036 831 ἁδελφῷ
3068 764 3269 816 αὐτῶν.
3321 765 3600 827 Ἐλθόντος

2032 860 2124 913 οὖν
2157 860 2248 912 τοῦ
2282 861 2605 928 Τουραχάνη
2655 859 2748 912 καὶ
2778 860 2846 912 τὰ
2874 860 3027 928 τείχη
3072 859 3166 910 τοῦ
3198 853 3414 926 Ἰσθμοῦ
3449 859 3602 913 αὖθις

2034 949 2360 1009 ἁλιῦσαντος,
2415 950 2508 1000 καὶ
2560 948 2890 1015 ἀμφοτέρων
2942 947 3050 998 τῶν
3110 949 3295 1014 μερῶν
3361 949 3603 1001 πλεῖστοι

2035 1039 2480 1105 ἀπεκτάνθησαν,
2514 1037 2658 1104 λέγω
2695 1036 3041 1104 Χριστιανῶν
3077 1039 3168 1089 καὶ
3194 1038 3460 1100 ἀπίστων,
3500 1042 3605 1106 μά-

2037 1130 2198 1181 λιστα
2231 1133 2295 1182 ἐκ
2343 1131 2451 1182 τῶν
2481 1131 2846 1198 Χριστιανῶν,
2877 1129 2924 1182 οἳ
2957 1130 3050 1182 καὶ
3102 1130 3180 1192 είς
3231 1131 3410 1198 φυγὴν
3444 1133 3604 1193 ἐτρα-

2041 1236 2243 1286 πησαν.
2282 1219 2450 1278 Αὐτὸς
2485 1219 2540 1270 δέ
2587 1218 2905 1271 καταλιπὼν
2927 1218 3026 1287 τὴν
3073 1219 3338 1286 Κόρινθον
3374 1221 3465 1271 καὶ
3520 1220 3607 1270 διὰ

2043 1309 2208 1378 μέσου
2241 1309 2338 1375 τῆς
2382 1309 2548 1376 νήσου
2579 1311 2874 1377 ἐρχόμενος
2924 1309 3376 1378 αἰχμαλωτεύων,
3415 1311 3606 1372 ἄλλους

2044 1401 2322 1452 σκυλεύων
2353 1379 2447 1452 καὶ
2469 1399 2900 1468 ἀνδραποδίζων,
2927 1401 3017 1461 οὓς
3047 1394 3194 1466 εὗρε,
3221 1399 3456 1468 ἔφθασεν
3481 1403 3607 1467 ἄχρι

2039 1493 2136 1560 τῆς
2182 1490 2480 1560 ’Λρκαδίας
2513 1490 2780 1558 ἐπαρχίας
2811 1491 2906 1542 καὶ
2933 1491 3030 1543 τοῦ
3063 1491 3449 1561 Μεσσηνιακοῦ
3494 1494 3611 1544 κόλ-

2045 1599 2168 1643 που,
2201 1583 2294 1634 καὶ
2326 1583 2423 1649 τὴν
2453 1582 2570 1635 ὁδὸν
2602 1582 2831 1649 βαδίζων
2874 1585 2971 1650 τῆς
3001 1583 3258 1651 Ἰθώμης,
3291 1585 3385 1636 καὶ
3434 1589 3612 1636 πάντα

2042 1674 2132 1725 τὸν
2165 1673 2551 1741 Μεσσηνιακὸν
2577 1673 2779 1726 κόλπον
2813 1673 3144 1742 ληϊσάμενος
3179 1675 3306 1744 ἄχρι
3338 1678 3435 1744 τῆς
3461 1677 3612 1727 Maw-

2044 1763 2270 1823 τινείας.
2321 1762 2467 1815 Ἰδὼν
2485 1763 2542 1815 δέ
2572 1763 2630 1815 τὸ
2653 1763 2745 1816 τοῦ
2778 1766 2944 1816 τόπου
2979 1767 3166 1817 στενὸν
3189 1768 3283 1818 καὶ
3312 1767 3608 1835 δύσχωρον,

2044 1854 2111 1905 δι’
2139 1853 2199 1905 οὗ
2251 1854 2485 1922 στρατὸς
2520 1853 2618 1906 οὐκ
2673 1854 2898 1907 ἐδύνατο
2947 1857 3151 1910 ὁδεύειν
3208 1857 3346 1924 ὁμοῦ
3385 1859 3609 1916 πάντες.

2043 1945 2120 2013 τῷ
2149 1945 2252 2011 υίῷ
2282 1945 2446 1998 αὑτοῦ
2491 1946 2805 2016 Ἀχουμάτῃ
2857 1947 3022 2017 μέρος
3073 1949 3170 2001 οὐκ
3202 1949 3428 2016 ἀγενοῦς
3450 1949 3614 2018 236

2046 2034 2276 2105 στρατοῦ
2303 2035 2480 2097 δώσας
2510 2037 2604 2087 καὶ
2637 2039 2736 2104 τὴν
2763 2037 2882 2089 ὁδὸν
2913 2039 3216 2108 ἐρχομένην
3252 2042 3310 2091 ἐν
3349 2040 3424 2108 τῷ
3453 2043 3614 2092 Λεον-

2046 2127 2188 2197 τὰρῃ
2242 2127 2616 2196 παρήγγειλεν
2667 2128 2916 2182 ὁδεύεινο
2971 2131 2997 2181 6
3050 2129 3106 2182 δέ
3156 2131 3225 2182 δι’
3280 2131 3448 2198 ἄλλης
3494 2131 3612 2182 ὀδοῦ

2044 2216 2234 2287 ᾤχετο.
2284 2217 2565 2280 Μαθόντες
2595 2218 2652 2271 δὲ
2694 2219 2852 2272 τοῦτο
2880 2221 2926 2272 οἱ
2969 2219 3230 2273 δεσπόται
3269 2221 3361 2273 καὶ
3395 2221 3616 2287 ἀδελφοὶ

2049 2308 2359 2370 στείλαντες
2390 2309 2482 2360 τὸν
2508 2309 2784 2361 Ματθαῖον
2811 2309 3046 2379 Ἀσὰνην
3083 2312 3220 2379 μετὰ
3252 2311 3487 2380 στρατοῦ
3521 2315 3614 2364 λα-

2050 2399 2270 2466 θραίως,
2301 2400 2398 2452 καὶ
2423 2397 2593 2452 ἐλθὼν
2622 2401 2680 2452 ἐν
2716 2401 2794 2468 τῷ
2824 2403 2974 2472 τόπῳ
3001 2395 3061 2455 οὗ
3093 2403 3318 2470 ἔμελλον
3346 2404 3616 2471 περάσαι,

2051 2494 2145 2545 καὶ
2204 2493 2488 2560 αἰφνιδίως
2541 2495 2621 2557 είς
2682 2496 2883 2557 αὐτοὺς
2954 2498 3326 2568 συρράξαντες
3387 2499 3617 2562 πολλοὺς

2051 2584 2381 2638 ἀπέκτειναν
2435 2587 2526 2638 καὶ
2577 2586 2992 2655 ῂχμαλώτισαν,
3048 2591 3106 2641 ἐν
3143 2583 3226 2650 οἷς
3280 2585 3361 2652 εἷς
3395 2586 3464 2659 ἦν
3510 2591 3620 2642 τῶν

2053 2673 2420 2741 αἰχμαλώτων
2453 2675 2547 2727 καὶ
2594 2679 2621 2728 6
2649 2677 2996 2746 Ἀχουμάτης
3044 2681 3071 2730 6
3107 2680 3428 2749 Τοδραχάνη
3465 2682 3577 2743 υίός
3603 2699 3618 2713 °

2051 2765 2110 2818 ὃν
2139 2767 2471 2820 ἀπέστειλαν
2505 2771 2583 2829 είς
2618 2770 2876 2839 Σπάρτην
2907 2771 3043 2838 πρὸς
3081 2770 3172 2822 τὸν
3217 2772 3488 2842 δεσπότην
3514 2778 3622 2844 κὺρ

2053 2857 2390 2926 Δημήτριον.
2449 2859 2556 2911 Καὶ
2588 2862 2652 2928 τῇ
2688 2858 2753 2922 ιζ’
2802 2861 2896 2913 τοῦ
2939 2861 3271 2932 Ἰανουαρίου
3328 2863 3496 2932 μηνὸς
3526 2863 3620 2916 τοῦ

2055 2945 2221 2998 αὐτοῦ
2243 2947 2396 3011 ἔτους
2426 2949 2687 3019 ἐγεννήθη
2724 2953 2820 3004 καὶ
2849 2954 2876 3004 6
2903 2953 3009 3004 τῶν
3041 2953 3418 3021 Παλαιολόγων
3435 2955 3624 3021 γένους

2057 3036 2274 3105 καὶτῆς
2323 3037 2604 3106 βασιλείας
2646 3040 2888 3110 διάδοχος
2923 3042 3018 3094 καὶ
3063 3042 3155 3096 τοῦ
3191 3044 3298 3096 τῶν
3339 3045 3626 3112 Ῥωμαίων

2059 3129 2255 3199 μικροῦ
2283 3129 2474 3183 τούτου
2504 3133 2799 3202 σπινθῆρος
2827 3135 3188 3203 κληρονόμος,
3217 3138 3245 3189 6
3272 3135 3463 3206 κύριος
3504 3139 3626 3191 Ἀν-

2053 3221 2216 3289 δρέας
2265 3223 2293 3273 6
2359 3224 2748 3292 [Ιαλαιολόγος.
2795 3228 2822 3277 ὀ
2877 3227 2992 3290 υίὸς
3048 3228 3143 3280 τοῦ
3203 3229 3468 3282 δεσπότου
3521 3229 3625 3300 κὺρ

2052 3312 2225 3380 Θωμᾶ
2258 3314 2354 3367 τοῦ
2386 3319 2921 3388 πορφυρογεννήτου.

2055 3515 2307 3583 davitque
2336 3514 2401 3568 iis
2431 3530 2665 3574 ameras.
2689 3525 2745 3570 ut
2778 3531 2872 3584 per
2896 3525 3058 3569 totam
3080 3515 3311 3570 hiemem
3347 3531 3441 3570 eos
3463 3515 3627 3585 impe-

2052 3603 2337 3663 dirent,ne
2362 3605 3030 3659 invenirentoccasionem
3076 3607 3313 3660 ferenda:
3357 3606 3478 3659 urbi
3506 3607 3628 3674 Opis

2055 3708 2160 3747 una
2183 3709 2304 3746 cum
2330 3695 2399 3747 im
2412 3704 2658 3762 peratorc
2679 3694 2863 3748 fratre.
2891 3697 3245 3750 Turachanes
3271 3695 3431 3764 igitur
3454 3709 3510 3750 ut
3537 3698 3630 3749 ad-

2055 3786 2222 3849 venit,
2254 3785 2440 3838 Isthmi
2478 3787 2879 3854 propugnacula
2908 3787 3072 3856 cepit,
3109 3787 3534 3855 cecideruntqne
3563 3804 3630 3842 ex

2058 3883 2288 3944 utraque
2306 3886 2479 3944 parte,
2496 3876 2930 3930 Christianorum
2949 3889 2999 3930 et
3020 3877 3629 3946 iufidelium,permulti,

2057 3968 2150 4020 sed
2185 3967 2399 4020 illorum
2447 3968 2652 4036 plures,
2691 3967 2782 4035 qui
2831 3965 2989 4018 iidem
3022 3967 3158 4036 fugae
3195 3982 3252 4021 sc
3282 3968 3626 4021 mandarunt.

2056 4058 2176 4127 Ipse
2229 4059 2446 4123 deinde,
2484 4059 2669 4112 relicta
2701 4059 2986 4120 Corintho,
3009 4073 3104 4126 per
3128 4057 3363 4112 mediam
3395 4059 3630 4113 insulam

2060 4149 2327 4218 procedit,
2359 4149 2601 4217 capiens,
2637 4148 2882 4217 spoliatis
2910 4187 2926 4212 ,
2955 4151 3008 4200 in
3044 4148 3360 4202 servitutem
3387 4149 3633 4218 redigens

2059 4256 2417 4311 quoscunque
2448 4240 2664 4302 obvios,
2701 4244 3056 4308 pervenitque
3080 4239 3146 4292 ad
3171 4241 3509 4302 provinciam
3532 4241 3635 4292 Ar-

2061 4333 2227 4388 cadiae
2257 4341 2310 4385 et
2333 4331 2507 4385 sinum
2537 4332 2961 4390 Mcsseniacum,
2987 4340 3040 4384 ct
3069 4331 3154 4384 via
3197 4331 3487 4384 lthomensi
3513 4347 3634 4399 pro-

2061 4424 2308 4494 grediens
2331 4421 2498 4476 totum
2518 4425 2692 4477 sinum
2715 4422 3103 4478 Messeniacum
3120 4423 3443 4476 Mantineam
3466 4438 3634 4489 usque

398 4521 531 4574 pore
559 4517 794 4560 castrum
816 4508 1112 4576 perfectum
1133 4519 1662 4580 est,ex3tructaeque
1688 4513 1740 4565 in
1767 4529 1831 4566 eo
1853 4525 1963 4567 tres
1997 4515 2037 4568 ο
2069 4515 2454 4584 depopulatur.
2492 4513 2804 4583 Perspectis
2831 4511 3011 4567 autem
3075 4514 3312 4582 regionis
3371 4521 3566 4579 anguet
3592 4514 3634 4565 is

399 4608 574 4650 turres
608 4596 794 4661 firmae,
828 4602 945 4653 duae
975 4602 1341 4656 continentem
1373 4619 1600 4669 versus;
1636 4606 1812 4670 tertia,
1854 4606 1962 4660 illis

399 4691 560 4758 paulo
587 4689 766 4752 altior,
792 4690 856 4742 ad
883 4704 1048 4742 mare.
1073 4690 1350 4744 Murorum
1373 4693 1601 4747 latitudo
1623 4703 1740 4747 erat
1770 4695 1961 4762 viginti

399 4781 637 4848 quinque
653 4781 871 4848 pedum,
894 4781 1120 4833 interius
1137 4784 1370 4848 spatium
1395 4783 1628 4836 duorum
1645 4795 1696 4838 et
1715 4787 1962 4854 triginta.

400 4875 627 4928 Easdem
655 4875 873 4940 plumbo
906 4875 1039 4926 texit
1067 4883 1121 4927 et
1149 4883 1324 4928 totum
1355 4885 1592 4928 castrum
1618 4876 1753 4930 bene
1790 4877 1967 4930 muni‘

400 4970 476 5019 vit
499 4978 552 5018 et
580 4966 830 5033 praesidio
855 4967 1110 5020 firmavit.
1142 4966 1344 5020 Deinde
1368 4965 1628 5020 vicesimo
1658 4977 1850 5021 octavo
1882 4969 1968 5023 die

400 5061 626 5128 Augusti
648 5060 772 5112 inde
797 5073 1069 5128 egressus,
1088 5060 1143 5112 in
1178 5059 1348 5113 vallos
1375 5059 1522 5114 urbis
1551 5059 1966 5126 impressionem

402 5152 548 5217 fecit,
583 5168 644 5205 ac
677 5152 847 5220 primo
871 5149 1203 5218 Septembris
1221 5151 1348 5205 anni
1388 5149 1519 5204 696i
1554 5152 1964 5220 Adrianopolim

399 5246 686 5308 concessit,
705 5245 915 5298 duobus
942 5244 1048 5298 illis
1071 5245 1260 5298 diebus
1277 5245 1448 5308 urbis,
1470 5253 1529 5298 ut
1560 5244 1792 5305 videtur,
1827 5258 1962 5296 ma:-

405 5339 491 5391 n‘a
526 5347 579 5390 et
628 5335 828 5396 fossas,
856 5345 909 5388 et
938 5335 983 5388 si
1022 5334 1148 5403 quid
1177 5335 1318 5389 aliud
1351 5335 1588 5395 volebat.
1625 5335 1960 5404 speculatus.

405 5429 602 5484 Eodem
656 5437 943 5491 autumno,
975 5428 1228 5482 Octobris
1252 5429 1341 5482 die
1371 5427 1567 5496 primo,
1594 5426 1966 5481 Turachanem

401 5530 454 5573 et
491 5520 629 5574 duos
681 5519 820 5573 filios
871 5519 1007 5587 ejus,
1035 5519 1384 5572 Achumatem
1429 5529 1481 5572 et
1528 5519 1767 5570 Amarim
1796 5557 1811 5576 ,
1845 5533 1967 5570 cum

403 5611 862 5679 exercituingenti
889 5611 941 5663 in
969 5609 1399 5676 Peloponnesum
1435 5611 1964 5678 misit,utdespotas,

404 5702 597 5758 fratres
621 5703 960 5771 imperatoris
981 5702 1117 5755 bello
1140 5703 1310 5754 adorti
1344 5703 1712 5768 prohiberent,
1741 5719 1827 5762 ne,
1850 5702 1973 5754 ι’(ιιί-

408 5794 510 5851 etis
559 5795 666 5849 illis
721 5792 874 5856 locis,
907 5791 1218 5859 imperaturi
1252 5789 1452 5844 auxilio
1507 5792 1773 5853 venirent,
1812 5805 1970 5842 man-

2065 4615 2114 4659 et
2150 4617 2341 4659 natura
2365 4607 2530 4667 invia,
2552 4621 2644 4674 per
2661 4622 2822 4674 quam
2846 4615 2990 4659 totus
3010 4604 3170 4658 simul
3194 4604 3464 4657 exercitus
3491 4613 3634 4655 tran-

2066 4696 2173 4752 sire
2198 4713 2300 4751 non
2315 4707 2521 4766 posset,
2555 4697 2786 4750 militum
2810 4709 3156 4750 strennorum
3179 4703 3328 4762 parte
3344 4694 3634 4746 Achumati

2069 4789 2177 4842 filio
2213 4791 2524 4848 commissa.
2560 4789 2641 4842 via
2669 4805 2792 4840 eum
2816 4805 2936 4858 qua).
2961 4797 3110 4840 trans
3139 4785 3452 4839 Leontarim
3502 4786 3632 4850 fert,

2068 4882 2361 4950 procedere
2382 4882 2570 4949 jussit.
2589 4879 2656 4934 At
2675 4883 2836 4934 aliam
2860 4883 2903 4934 is
2929 4882 3068 4932 viam
3091 4878 3373 4944 ingressus
3393 4887 3497 4933 est.
3515 4879 3635 4944 Quo

2070 4983 2370 5038 comperto,
2401 4972 2639 5038 despotm
2674 4970 2869 5023 fratres
2891 4968 3200 5022 Mattharntn
3234 4967 3470 5022 Asaneui
3497 4970 3633 5023 clam

2072 5078 2193 5117 cum
2229 5064 2466 5116 exercitu
2499 5062 2715 5114 mittunt
2745 5080 2757 5125 ;
2789 5062 2879 5129 qui
2915 5061 3003 5115 ubi
3061 5069 3428 5129 pervenerunt
3467 5061 3520 5114 in
3564 5062 3637 5115 lo-

2072 5167 2218 5214 cum,
2251 5168 2409 5220 quem
2444 5152 2765 5205 illitransire
2798 5153 3016 5211 vellent.
3037 5152 3219 5206 subito
3248 5152 3301 5204 in
3333 5153 3633 5207 eosincur-

2075 5246 2228 5298 sione
2252 5243 2412 5302 facta,
2436 5259 2540 5296 non
2570 5258 2771 5311 ρειαί-οε
2789 5245 2982 5313 partim
3011 5245 3290 5310 occidunt,
3320 5245 3515 5313 partim
3542 5258 3636 5298 ca-

2078 5337 2253 5404 piunt.
2292 5337 2343 5388 in
2375 5335 2456 5389 his
2482 5338 2655 5404 ipsum
2683 5336 3020 5390 Turachanis
3050 5335 3215 5388 filium
3251 5337 3634 5398 Achumatcm,

2075 5440 2233 5492 quem
2265 5423 2508 5492 Spartam
2556 5425 2622 5477 ad
2682 5423 3006 5477 Demetrium
3071 5427 3350 5493 despotam
3393 5425 3632 5477 mittunt.

2042 5519 2294 5572 .Decimo
2329 5518 2557 5584 septimo
2589 5517 2676 5569 die
2719 5515 2955 5568 Luuarii
2996 5517 3120 5568 anni
3171 5516 3410 5584 ejusdem
3474 5525 3636 5571 natus

2076 5619 2158 5661 est
2189 5607 2609 5675 Palzeolugorum
2638 5617 2690 5659 et
2722 5608 2931 5674 imperii
2961 5622 3245 5675 parvaeque
3283 5606 3444 5671 hujus
3494 5608 3636 5659 scin-

2078 5701 2206 5752 tillae
2235 5697 2598 5750 Romanorum
2621 5697 3070 5759 hazres,Andrcas
3089 5697 3440 5762 Palmologus,
3485 5695 3633 5750 Tho-

2081 5807 2179 5843 ma:
2215 5788 2654 5860 porphyrogeniti
2682 5789 2923 5857 despotze
2961 5791 3124 5842 lilius.
