4066 6296
1809 230 1837 262 ι

529 333 637 395 8'35

1710 338 2037 398 GEORGII
2078 338 2495 400 ΡΗΗΛΝΤΖᾹΞ

3680 334 3788 398 826

602 448 714 501 Kal
741 447 912 501 ταῦτα
960 449 1059 518 μέν
1102 449 1166 518 δὴ
1212 450 1385 509 οὕτως
1417 449 1562 521 εἶχον
1596 451 1665 503 τὰ
1694 453 1791 517 τῆς
1826 452 2099 504 Πελοπον-
2126 449 2178 510 Δ
2203 429 2295 505 τοῦ
2352 453 2753 524 χαρακώματος
2802 451 3152 519 περιίσταντο
3188 450 3239 502 οῑ
3299 448 3636 518 ῑαννιτζάροι
3682 452 3781 501 σὺν

531 542 721 607 νήσου.
757 541 846 601 Ὠς
877 539 933 591 δὲ
966 540 1027 592 τὸ
1054 540 1154 609 ἔαρ
1192 542 1530 611 ἐπέλαμψεν,
1564 543 1591 593 6
1621 544 1867 613 ἀμηρᾶς,
1901 543 1961 595 δν
1984 541 2099 612 εἶχε

529 630 1046 697 κατεσκευασμένον
1072 632 1261 683 στόλον
1295 633 1662 700 οίκονομήσας
1692 634 1792 694 τὰς
1830 633 2102 695 ἐλεϐόλεις

526 739 631 775 κατ
663 721 1039 783 ἐλεόολίσκους
1069 727 1163 773 καὶ
1193 723 1385 792 ἐτέρας
1419 712 1691 793 μηχανὰξ,
1717 724 1781 785 ἃς
1812 721 1925 795 εἷχε
1969 743 2103 794 προ-

528 813 965 882 ητοιμασμένας,
1014 809 1126 865 εἴτε
1154 813 1466 886 ἔμπροσθεν
1514 817 1726 879 στείλας
1751 816 1843 867 τὸν
1874 817 2102 885 Χαρατὴ

533 906 779 975 μπασιᾶν
815 905 952 973 μετὰ
982 906 1278 971 φουσάτου,
1326 907 1420 959 καὶ
1460 906 1632 959 ἐλθὼν
1675 906 1968 959 ἀπέκλεισε
2003 906 2101 976 τὴν

530 996 708 1049 πόλιν.
740 996 851 1047 Kal
882 994 990 1063 πρὸ
1009 995 1104 1046 τοῦ
1130 995 1304 1047 ἐλθεῖν
1331 998 1425 1048 τὸν
1449 998 1696 1065 άμηρᾶν,
1747 999 1870 1059 τοὺς
1900 998 2102 1063 ἔξωθεν

532 1086 782 1153 πύργους
815 1085 915 1153 τῆς
952 1085 1161 1148 πόλεως
1186 1088 1311 1146 τοὺς
1343 1088 1401 1138 ἐν
1436 1087 1627 1156 ἀγροῖς
1658 1087 1752 1138 καὶ
1780 1087 2016 1155 κώμαις,
2048 1089 2105 1140 ἐν

527 1171 610 1236 οἷς
640 1172 780 1245 ἦσάν
825 1193 973 1238 τινες
1006 1175 1286 1245 ἄνθρωποι
1322 1178 1680 1246 συναχθέντες
1708 1177 1798 1230 διὰ
1823 1178 1883 1229 τὺ
1926 1178 2109 1245 αἰφνί-

530 1270 647 1321 διον
697 1268 793 1321 τοῦ
848 1267 1105 1337 στρατοῦ,
1144 1268 1565 1337 ἐξεπολιόρκησε
1598 1269 1694 1321 καὶ¹
1734 1271 1974 1339 ἐπῇρεν..
2013 1267 2107 1332 Ἐξ

528 1356 711 1409 αὐτῶν
757 1357 926 1426 μέρος
967 1358 1066 1426 μὲν
1096 1358 1255 1427 237
1292 1358 1676 1420 ἐδουλώσαντο,
1712 1361 1805 1413 καὶ
1843 1359 2009 1428 μέρος
2042 1359 2107 1411 ἐκ

528 1447 624 1499 τοῦ
651 1447 845 1516 λοιμοῦ
886 1449 980 1500 καὶ
1017 1447 1115 1516 τῆς
1147 1449 1314 1518 άλλης
1357 1449 1732 1511 κακοπαθείας
1777 1451 1972 1519 ἐπῇρε,
2012 1451 2107 1503 καὶ

526 1538 625 1589 οὐκ
663 1537 877 1603 ὀλίγους
926 1538 1289 1605 Χριστιανοὺς
1337 1537 1709 1606 ῂχμαλώτισε.
1763 1536 1845 1588 Τὰ
1906 1536 1961 1588 δέ
2010 1536 2104 1589 τοῦ

528 1627 768 1695 πολέμου
800 1629 1077 1694 ἀναγκαῖα
1109 1627 1205 1680 xal
1247 1628 1530 1695 ἐπιτήδεια
1565 1627 1660 1680 καὶ
1696 1626 1937 1695 μηχαναὶ
1977 1627 2106 1680 ἀνα-

530 1718 946 1785 μέσονήρχοντο
975 1718 1178 1769 πολλά·
1205 1718 1400 1785 ἔφερον
1429 1718 1536 1786 γὰρ
1571 1718 1838 1778 ἐλεϐὁλεις
1877 1717 2100 1779 πολλάς.

2212 546 2327 605 τοῖς
2376 544 2558 606 ἄλλοις
2614 544 2861 611 εὐγενέσι
2908 540 3005 594 τοῦ
3059 539 3326 592 παλατίου
3390 538 3579 590 αὐτοῦ.
3615 538 3675 591 '0
3725 538 3782 591 δέ

2211 635 2458 702 μπασιᾶς
2501 634 2530 686 6
2563 632 2658 686 τοῦ
2691 633 2882 702 άμηρᾶ
2932 631 3205 700 συγγενὴς
3247 628 3423 682 ἐλθὼν
3466 630 3781 698 ἐσκήνωσεν

2208 723 2323 792 ἅμα
2366 722 2442 790 τῷ
2501 724 2925 793 ἐμπιστευθέντι
2968 722 3119 791 αὑτῷ
3175 720 3396 791 στρατῷ
3430 719 3639 774 ἄνωθεν
3686 720 3781 772 τοῦ

2210 812 2446 867 ruma.
2482 814 2591 867 Kal
2619 815 2687 883 τῇ
2717 814 2854 884 αὐτῇ
2892 814 3075 883 ἡμέρᾳ
3105 810 3341 879 ἔφθασεν
3372 810 3464 862 καὶ
3493 808 3656 879 μέρος
3687 808 3781 861 τοῦ

2209 904 2395 957 στόλου
2426 906 2617 970 αὐτοῦ,
2655 906 2752 958 καὶ
2784 904 3114 973 ἐπλησίασεν
3146 901 3313 971 238
3343 902 3400 955 ἐν
3431 903 3550 963 ταῖς
3582 902 3781 960 ἀκταῖς

2206 999 2303 1066 τῆς
2333 996 2605 1067 θαλάσσης
2653 998 2752 1066 τῆς
2784 996 3015 1058 πόλεως.
3043 990 3227 1048 Ἦσαν
3257 993 3315 1046 δέ
3360 994 3614 1063 τριήρεις
3646 993 3782 1045 ὡσεὶ

2207 1088 2504 1158 τριάκοντα
2531 1093 2624 1142 καὶ
2667 1089 2971 1158 δρόμωνες,
3004 1089 3130 1157 νῆες
3161 1087 3220 1141 δέ
3259 1086 3351 1140 καὶ
3393 1085 3657 1154 πλοιάρια
3689 1088 3782 1139 καὶ

2210 1181 2469 1251 μονήρεις
2504 1182 2803 1250 τριάκοντα
2848 1180 2945 1234 καὶ
2982 1180 3201 1234 ἐκατόν.
3236 1180 3342 1231 Kal
3391 1177 3566 1240 οὕτως
3602 1179 3770 1246 παρέ·

2207 1286 2373 1322 πεται
2409 1273 2472 1340 τῇ
2508 1271 2661 1323 πόλει
2702 1270 3009 1339 πολιορκῶν
3034 1270 3206 1337 αὐτὴν
3254 1270 3391 1321 πᾶσι
3428 1268 3653 1335 τρόποις
3682 1268 3778 1319 καὶ

2212 1363 2508 1429 μηχαναῖς,
2540 1361 2627 1414 διὰ
2675 1361 2845 1431 ξηρᾶς
2880 1362 2975 1416 καὶ
3026 1360 3306 1430 θαλάσσης
3353 1358 3774 1429 περικυκλώσας

2205 1455 2272 1507 τὰ
2302 1455 2434 1506 δέκα
2488 1452 2633 1507 ὀκτὼ
2678 1452 2831 1523 μίλια
2880 1452 2982 1521 τῆς
3025 1451 3255 1513 πόλεως.
3300 1451 3411 1503 Kal
3442 1451 3471 1503 6
3520 1448 3772 1517 βασιλεὺς

2206 1545 2509 1612 προσέταξε
2544 1544 2645 1615 τὴν
2691 1545 2880 1613 σειρὰν
2914 1543 3013 1612 τὴν
3054 1542 3282 1611 σιδηρᾶν
3328 1542 3429 1610 τὴν
3463 1534 3773 1609 βαρυτάτην

2208 1637 2265 1688 ἐν
2294 1636 2372 1705 τῷ
2408 1638 2637 1705 στόματι
2672 1636 2766 1689 τοῦ
2802 1635 3023 1703 λιμένος
3066 1632 3266 1702 βαλεῖν,
3305 1631 3391 1684 ἵνα
3436 1630 3530 1684 τοῦ
3562 1630 3768 1689 στόλου,

2208 1724 2351 1791 λέγω
2397 1725 2505 1777 τῶν
2549 1723 2825 1792 πολεμίων
2874 1722 3100 1785 πλοίων,
3146 1719 3364 1789 κωλύσῃ
3417 1718 3515 1785 τὴν
3543 1717 3765 1784 ἔφοδονο

543 1807 632 1871 Ἐξ
663 1808 847 1860 αὑτῶν
878 1809 933 1860 δέ
965 1826 1115 1868 τινες
1151 1809 1410 1861 τοσοῦτον
1445 1809 1693 1876 ὑπῆρχον
1727 1809 1806 1869 εἶς
1850 1808 2099 1874 μέγεθος.
2133 1790 2175 1844 Β
2207 1790 2410 1869 ἔσωθεν
2440 1816 2495 1869 δέ
2527 1816 2627 1885 τῆς
2665 1790 2870 1869 άλύσου
2903 1813 3003 1874 τὰς
3041 1810 3464 1880 παρατυχούσας
3500 1808 3633 1875 νῆας
3662 1807 3769 1858 ἐνέ-

528 1898 594 1958 ἃς
623 1900 724 1951 οὐκ
772 1898 1030 1953 ἐδύναντο
1081 1898 1494 1967 τεσσαράκοντα
1527 1899 1696 1967 ζεύγη
1736 1899 1871 1965 βοῶν
1916 1898 2102 1966 σύρειν

532 1990 772 2057 ἐκάστην
798 1990 979 2042 αὐτῶν
1022 1990 1053 2060 ἢ
1088 1991 1183 2042 καὶ
1218 1991 1559 2058 πεντήκοντα
1595 1990 1765 2057 ζεύγη
1813 1990 1908 2043 καὶ
1941 1991 2104 2041 πλέον

531 2080 565 2147 ἢ
597 2079 690 2132 δύο
721 2080 962 2149 χιλιάδες
996 2081 1295 2151 ἄνθρωποι.
1324 2082 1432 2134 Kal.
1470 2084 1535 2149 τῇ
1572 2081 1618 2151 β’
1662 2081 1754 2134 τοῦ
1785 2081 2104 2150 Ἀπριλλίου

533 2172 739 2237 έψθασε
797 2173 893 2226 καὶ
936 2174 963 2225 6
1003 2174 1228 2243 ἁμηρᾶς
1279 2174 1418 2243 μετὰ
1471 2174 1677 2241 πλῆθος
1732 2174 2104 2243 ἀναρίθμητον

535 2260 773 2331 στρατοῦ
805 2261 1034 2314 ἱππικοῦ
1065 2280 1124 2314 τε
1158 2267 1252 2316 καὶ
1300 2247 1492 2325 πεζοῦ.
1534 2264 1738 2316 Ἐλθὼν
1775 2263 1873 2331 τὴν
1901 2263 2105 2332 σκηνὴν

531 2352 697 2405 αὑτοῦ
754 2354 1031 2422 πήγνυσιν
1067 2352 1127 2416 ἐξ
1166 2353 1414 2415 ἐναντίας
1453 2354 1553 2423 τῆς
1595 2353 1769 2423 πύλης
1816 2352 1913 2405 τοῦ
1946 2354 2102 2420 ἁγίου

537 2444 846 2512 Ῥωμανοῢ,
897 2445 986 2495 καὶ
1047 2446 1075 2496 6
1111 2444 1346 2512 στρατὸς
1401 2444 1537 2496 ὡσεὶ
1587 2444 1773 2513 ἄμμος
1825 2444 2104 2512 θαλάσσης

526 2534 670 2587 κατὰ
698 2537 760 2587 τὸ
799 2534 1112 2603 Ἐξαμίλιον
1142 2534 1242 2600 τῆς
1268 2533 1471 2604 χέρσου
1500 2535 1565 2587 ἐκ
1594 2534 1696 2601 τῆς
1742 2535 1873 2603 μιᾶς
1901 2535 2104 2588 θαλάσ-

529 2643 631 2693 σης
657 2628 751 2679 καὶ
782 2628 845 2678 ἐκ
871 2627 968 2695 τῆς
996 2626 1210 2695 ἐτέρας.
1240 2626 1353 2677 Kal
1379 2627 1406 2679 6
1429 2627 1528 2693 τῆς
1547 2626 1846 2695 Ἀνατολῆς
1875 2627 2104 2697 στρατὸς

530 2717 771 2786 ἐπήξατο
805 2717 906 2779 τὰς
952 2717 1159 2784 σκηνὰς
1198 2717 1379 2769 αὐτῶν
1410 2718 1471 2769 ἐν
1511 2719 1628 2778 τοῖς
1664 2716 1861 2781 δεξιοῖς
1912 2718 2103 2786 μέρεσι

529 2811 624 2864 τοῦ
656 2812 850 2880 ἀμηρᾶ
880 2809 976 2862 καὶ
1005 2809 1108 2871 ἕως
1140 2808 1255 2860 τῶν
1285 2808 1467 2860 άκτῶν
1495 2808 1594 2875 τῆς
1624 2807 1901 2877 θαλάσσης
1928 2808 2103 2876 πύλης

531 2904 633 2970 τῆς
667 2902 914 2972 Χρυσῆς,
939 2904 967 2954 6
996 2902 1052 2953 δὲ
1080 2900 1181 2968 τῆς
1214 2901 1483 2970 Εὐρώπης
1516 2901 1571 2951 ἐν
1602 2902 1664 2968 τῇ
1714 2902 1980 2970 ἀριστερᾷ
2008 2901 2101 2952 καὶ

525 2994 632 3057 ἕως
663 3001 759 3063 της
783 2994 959 3062 πύλης
978 2994 1076 3060 τῆς
1108 2989 1339 3060 Ξυλίνης
1359 2991 1470 3044 τῶν
1500 2992 1681 3044 άκτῶν
1709 2993 1802 3045 τοῦ
1830 2994 2099 3062 Κερατίου

532 3179 822 3248 ρακώμασι
852 3178 947 3232 καὶ
979 3176 1209 3241 ξυλίνοις
1234 3180 1749 3249 περισταυρώμασι,
1780 3180 1871 3232 καὶ.
1898 3179 2096 3242 ἔξωθεν

599 3355 678 3409 Ac
709 3370 795 3409 res
822 3354 1295 3422 Peloponnesiacae
1318 3354 1536 3424 quidem
1574 3355 1708 3410 tales
1726 3354 1967 3411 l'ucrunt.
1996 3356 2099 3411 Vc—

529 3458 587 3499 re
618 3455 800 3500 autem
833 3445 1143 3514 ingruente,
1182 3459 1396 3499 ameras
1426 3460 1553 3499 cum
1590 3446 1793 3512 classe,
1822 3460 1985 3514 quam
2011 3447 2098 3501 in-

527 3545 792 3592 structam
823 3536 1077 3599 habebat.
1117 3544 1405 3606 nostquam
1436 3537 1711 3604 expedivit
1748 3537 2014 3606 helcpoles
2041 3547 2097 3594 et

530 3627 890 3683 heleboliscos
918 3627 1191 3697 aliasque,
1228 3643 1366 3697 quas
1412 3636 1724 3696 paraverat,
1789 3628 2094 3694 machinas,

522 3719 1031 3789 Charatebpasiane
1058 3734 1180 3775 cum
1245 3720 1490 3774 exercitu
1526 3721 1811 3789 praemisso
1832 3761 1846 3785 ,
1878 3721 2098 3776 advenit

525 3812 827 3880 urbemque
863 3811 1148 3866 obsidione
1174 3812 1375 3879 pressit
1407 3828 1420 3864 :
1445 3819 1570 3864 ante
1599 3819 1778 3866 tamen
1802 3821 1983 3868 turres
1996 3828 2095 3867 ex-

528 3915 608 3956 tra
635 3903 824 3957 urbem
860 3903 913 3957 in
948 3903 1095 3971 agris
1130 3904 1375 3971 vicisque
1402 3904 1557 3965 sitas,
1582 3904 1636 3957 iu
1663 3919 1801 3973 quas
1846 3904 2094 3958 nonnulli

526 4003 749 4065 propter
764 3995 1103 4064 repentinam
1130 3995 1373 4050 hostium
1397 3995 1761 4064 irruptiouem
1796 4012 1854 4050 sc
1874 4012 2096 4064 recepe-

529 4095 669 4152 rant,
704 4096 1042 4156 expugnatas
1072 4088 1289 4142 evertit.
1317 4086 1518 4142 Horum
1548 4088 1830 4157 partemin
1858 4088 2095 4143 servitu-

527 4188 635 4233 tem
666 4181 880 4249 redigit,
905 4188 1112 4248 partem
1144 4190 1293 4247 peste
1314 4189 1368 4234 et
1398 4181 1522 4234 aliis
1549 4180 1915 4237 incommodis
1960 4196 2095 4235 con-

412 4324 417 4327 _
528 4270 679 4336 fecit,
708 4287 771 4327 ac.
794 4287 904 4327 non
934 4271 1091 4341 pauci
1118 4270 1419 4327 Christiani
1454 4270 1654 4339 ca’ptivi
1675 4272 1802 4326 facti
1828 4279 1975 4328 sunt.
1991 4271 2097 4327 Res

533 4360 601 4414 ad
631 4361 832 4415 bellum
858 4360 1182 4415 necessaria:
1212 4368 1265 4413 et
1301 4359 1459 4414 utiles
1489 4375 1614 4413 eum
1648 4360 1920 4414 machinis
1956 4361 2097 4415 inte-

2207 1908 2424 1969 ϐαλλον,
2469 1908 2615 1971 ὅπως
2674 1906 3043 1975 ἰσχυροτέρως
3092 1901 3384 1955 κωλύσωσι
3419 1901 3517 1967 τήν
3563 1896 3769 1951 εῐσοδον

2206 2002 2301 2052 καὶ
2336 1999 2478 2053 κατὰ
2506 1998 2614 2052 τῶν
2638 1996 2850 2067 ἐχθρῶν
2879 1994 3309 2064 άντιμάχωνται.
3350 1986 3534 2044 Ἦσαν
3561 1989 3615 2041 δέ
3640 1988 3770 2056 νῆες

2205 2089 2477 2153 τοιαῦται,
2510 2091 2572 2141 ἐκ
2631 2089 2729 2157 μέν
2782 2086 3075 2156 Λιγουρίας
3115 2085 3286 2153 τρεῖς.
3327 2082 3392 2134 ἐκ
3417 2080 3476 2132 δέ
3528 2079 3766 2149 Ἰϐηρίας

2207 2183 2326 2252 ήτοι
2380 2179 2686 2241 Καστελίας
2742 2181 2861 2246 μία,
2894 2180 2957 2230 ἐκ
3004 2175 3102 2230 τοῦ
3149 2173 3355 2227 Γάλλου
3383 2172 3481 2239 τῆς
3534 2167 3765 2237 Προϐέν-

2206 2274 2362 2338 τζιας
2438 2313 2453 2328 .
2531 2312 2544 2326 .
2626 2308 2681 2335 .,
2717 2272 2781 2324 ἐκ
2823 2269 2881 2324 δέ
2915 2269 3014 2337 τῆς
3051 2266 3280 2335 Κρήτης
3336 2264 3511 2327 τρεῖς,
3554 2262 3617 2314 ἐκ
3668 2263 3768 2326 τῆς

2208 2364 2417 2425 πόλεως
2444 2361 2745 2431 λεγομένης
2771 2358 2987 2423 Χάνδαξ
3028 2358 3059 2426 ή
3096 2356 3195 2423 μία
3228 2354 3320 2406 καὶ
3351 2354 3406 2405 αἱ
3434 2352 3527 2404 δύο
3560 2353 3620 2403 ἐκ
3657 2352 3773 2404 Ku—

2206 2456 2425 2518 δωνίας,
2452 2456 2625 2508 πᾶσαι
2659 2452 2738 2514 είς
2762 2449 3072 2521 παράταξιν
3094 2447 3226 2500 πολε
3236 2446 3404 2514 μικὴν
3430 2444 3609 2501 καλῶς
3629 2443 3774 2510 ἡτοι-

2209 2541 2504 2611 μασμέναι.
2540 2540 2777 2607 Ἔτυχον
2802 2538 2860 2591 δέ
2891 2538 2988 2590 καὶ
3008 2538 3071 2588 ἐκ
3104 2535 3215 2587 τῶν
3254 2532 3489 2586 Ἐνετῶν
3526 2530 3771 2599 τριήρεις

2207 2631 2508 2701 ἐμπορικαὶ
2566 2630 2805 2699 μεγάλαι
2862 2630 3035 2699 τρεῖς,
3093 2628 3159 2690 ἃς
3199 2627 3250 2679 oi
3298 2625 3491 2679 Ἰταλοὶ
3544 2623 3768 2676 εἰώθασι

2203 2721 2448 2792 γρόσσας
2471 2720 2602 2790 γαλέ
2612 2738 2711 2791 ρας
2744 2720 2934 2774 καλεῖν
2966 2720 2998 2789 ἢ
3028 2719 3229 2789 μᾶλλον
3250 2718 3426 2771 εἰπεῖν
3445 2715 3763 2785 γαλεάτζας,

2205 2812 2303 2865 καὶ
2326 2812 2514 2883 ἕτεραι
2542 2814 2787 2882 τριήρεις
2822 2811 3036 2880 ταχεῖαι
3066 2809 3202 2878 πρὸς
3248 2808 3481 2878 φύλαξιν
3505 2807 3600 2860 καὶ
3626 2808 3764 2873 61m-

2208 2904 2394 2973 ρεσίαν
2423 2902 2532 2955 τῶν
2555 2901 2875 2971 ἐμπορικῶν
2899 2901 3253 2970 τεταγμέναι.
3293 2899 3400 2953 Καὶ
3432 2898 3763 2967 προσέταξεν

2206 2997 2233 3047 6
2271 2993 2524 3063 βασιλεὺς
2553 2993 2642 3045 ἵνα
2672 2991 2767 3045 καὶ
2798 2991 2958 3044 αὑταὶ
2982 2990 3419 3059 ἐναπομείνωσιν
3441 2989 3523 3050 είς
3555 2987 3764 3055 συνδρν)⁴

530 3089 754 3142 κόλπου.
791 3088 902 3140 Καὶ
928 3088 956 3139 6
981 3088 1205 3155 ἀμηρᾶς
1234 3086 1666 3156 περιεκυκλοῡτο
1710 3088 1961 3158 ὁρυκτοῖς
1999 3106 2099 3158 χα-
2126 3116 2168 3174 c
2212 3084 2318 3153 μὴν
2346 3083 2709 3174 τῆςκπόλεως.
2739 3083 2852 3139 Καὶ
2880 3080 3026 3174 οὕτω
3055 3081 3125 3135 τὰ
3170 3081 3282 3174 τοῦῗ
3312 3081 3535 3174 λιμένος
3571 3078 3767 3174 (ilicoli-

2204 3193 2365 3246 μητο,
2400 3168 2473 3228 ἐκ
2498 3174 2556 3229 δέ
2585 3175 2686 3242 τῆς
2727 3174 2925 3244 χέρσου
2974 3173 3212 3244 ἔστησαν
3238 3173 3289 3224 οἱ
3341 3171 3576 3226 ἐναντίοι
3603 3164 3762 3239 239

2198 3368 2395 3408 amere:
2425 3368 2546 3409 cum
2568 3354 2812 3408 exercitu
2831 3351 2936 3407 sibi
2979 3352 3273 3408 commisso
3304 3364 3467 3421 supra
3517 3349 3767 3404 Galam

2198 3454 2383 3502 castra
2411 3446 2610 3531 posuit.
2636 3445 2837 3500 Eodem
2852 3445 2938 3500 die
2964 3458 3090 3513 pars
3102 3444 3295 3499 classis
3313 3430 3521 3496 adv'enit
3544 3448 3598 3493 et
3630 3454 3772 3509 pro-

2197 3554 2267 3609 pe
2300 3538 2485 3593 urbem
2523 3538 2589 3591 ad
2613 3536 2771 3593 littus
2792 3536 2961 3591 maris
2988 3535 3214 3605 appulit.
3254 3534 3416 3589 Erant
3433 3533 3689 3587 triremes
3711 3543 3772 3586 et

2198 3631 2491 3685 dromones
2511 3629 2729 3685 circiter
2756 3628 3000 3700 triginta,
3028 3643 3195 3683 naves
3221 3627 3466 3682 minores
3492 3634 3674 3680 autem
3710 3632 3770 3678 et

2199 3720 2472 3775 uniremes
2503 3729 2723 3775 centum
2753 3728 2810 3774 et
2840 3720 3083 3790 triginta.
3115 3717 3192 3772 Ita
3222 3717 3288 3772 ad
3320 3717 3509 3771 urbem
3561 3714 3770 3770 accedit

2197 3811 2516 3880 obsidetque
2542 3826 2660 3865 eam
2691 3810 2840 3865 omni
2872 3811 3030 3866 modo
3054 3810 3354 3879 omnisque
3382 3808 3597 3877 generis
3642 3821 3761 3860 ma-

2196 3901 2394 3964 chiuis.
2427 3911 2572 3957 terra
2593 3901 2839 3971 marique
2873 3917 2968 3971 per
2996 3900 3298 3957 octodecim
3320 3899 3633 3953 milliarium
3653 3913 3768 3951 amo

2198 3996 2370 4049 bitum
2408 3994 2695 4049 inclusam.
2727 3991 3022 4064 Imperator
3064 3992 3577 4064 ponderosissimam
3620 3997 3767 4044 cate-

2200 4101 2320 4141 nam
2341 4084 2573 4140 ferream
2599 4086 2681 4141 ori
2703 4096 2889 4155 portus
2906 4085 3161 4156 praetendi
3178 4084 3366 4154 jussit,
3386 4098 3491 4153 qua
3512 4095 3764 4137 accessus

2199 4175 2418 4228 navium
2450 4175 2730 4230 hostilium
2758 4185 3039 4230 arceretur
3067 4192 3082 4241 ;
3118 4175 3258 4229 intra
3287 4188 3409 4228 eam
3432 4185 3607 4235 naves,
3634 4185 3760 4239 quae

2201 4264 2337 4319 forte
2388 4265 2663 4330 aderant,
2717 4265 3126 4321 collocabantur
3181 4269 3249 4320 ad
3300 4265 3531 4319 validius
3581 4262 3768 4317 delen-

2199 4354 2435 4410 dendum
2459 4356 2664 4411 aditum
2679 4364 2731 4412 et
2771 4357 3009 4426 impetus
3046 4356 3286 4412 hostium
3345 4353 3761 4424 propulsandm.

530 4454 633 4506 l‘illl
665 4467 858 4522 magno
884 4465 1114 4505 numero
1138 4451 1550 4505 advehebantur
1584 4468 1598 4504 :
1632 4451 1686 4503 in
1710 4452 1795 4505 his
1824 4452 2098 4519 helepoles
2131 4455 2173 4509 ο
2203 4446 2368 4502 Erant
2403 4464 2568 4504 naves
2611 4450 2692 4503 ba:
2741 4466 2756 4501 :
2800 4464 2830 4503 e
2879 4448 3097 4518 Liguria
3141 4457 3271 4511 tres,
3308 4463 3372 4501 ex
3423 4447 3599 4501 Iberia
3652 4442 3787 4500 sive‘

530 4543 838 4611 permultae,
883 4556 1114 4609 quarum
1151 4540 1423 4595 nonnulla:
1449 4546 1784 4592 tantzeerant
1828 4541 2098 4608 magnitu-

523 4636 694 4699 dinis,
730 4643 787 4687 ut
815 4631 1090 4701 singulaea
1118 4629 1479 4699 quadraginta
1500 4629 1984 4699 velquiuquaginta
2009 4631 2098 4700 ju-

529 4725 611 4791 gis
657 4725 819 4776 boum
841 4732 1003 4791 atque
1025 4721 1310 4775 hominum
1335 4719 1455 4787 plus
1473 4718 1685 4771 duobus
1710 4718 2097 4774 millihustrahi

528 4828 638 4867 non
666 4822 906 4882 possent.
937 4811 1187 4867 Secundo
1210 4808 1409 4879 Aprilis
1428 4808 1545 4877 ipse
1563 4824 1777 4865 ameras
1796 4809 1950 4864 aﬂuit
1973 4826 2096 4865 cum

530 4905 701 4971 copiis
724 4905 1066 4972 equestribus
1097 4914 1154 4956 et
1182 4900 1529 4971 pedestribus
1551 4902 1943 4961 inuumcris.et
1982 4913 2099 4956 ten-

528 4994 727 5048 torium
761 5010 829 5049 ex
858 4995 1089 5050 adverso
1118 5003 1289 5062 porta:
1310 4994 1485 5047 sancti
1518 4994 1748 5047 Romani
1785 4994 1918 5058 lixit,
1938 5005 2100 5065 atque

528 5085 806 5139 exercitus
837 5093 897 5139 ut
922 5100 1087 5138 arena
1112 5085 1279 5139 maris
1298 5084 1363 5137 ad
1391 5083 1757 5139 Hexamilium
1783 5100 1877 5155 per
1897 5096 2096 5141 terram

525 5181 596 5232 ab
621 5191 731 5231 uno
764 5178 899 5230 mari
936 5177 1002 5231 ad
1030 5177 1261 5230 alterum
1294 5178 1763 5248 pertinuit,‘atque
1816 5178 2099 5233 orientalis

526 5268 748 5339 quidem
782 5282 908 5336 pars
928 5283 958 5321 a
991 5268 1177 5321 dextra
1200 5283 1396 5323 amerae
1420 5283 1592 5338 usque
1619 5269 1683 5322 ad
1710 5280 1941 5336 portam,
1980 5287 2100 5339 qua:

527 5372 611 5415 est
642 5361 695 5413 in
728 5362 927 5424 littore.
961 5374 1188 5439 auream
1213 5371 1600 5416 castrametata
1641 5371 1743 5425 cst,
1770 5360 2028 5430 Europam
2068 5379 2097 5417 a

528 5454 755 5508 sinistra
788 5467 962 5522 usque
985 5452 1053 5506 ad
1083 5452 1317 5522 ligneam
1346 5464 1557 5523 portam
1593 5454 1649 5506 in
1670 5453 1827 5508 sinus
1852 5453 2095 5507 Ceratiui

529 5550 712 5604 littore
739 5550 923 5604 sitam.
955 5547 1085 5603 Erat
1113 5564 1327 5605 ameras
1363 5551 1505 5605 vallo
1548 5560 1602 5604 et
1660 5544 1829 5605 fossa
1852 5548 2100 5619 palisque

528 5641 761 5706 cinctus,
785 5650 840 5696 et
863 5651 1017 5696 extra
1048 5642 1251 5697 vallum
1287 5642 1818 5711 stabantjauuitzari
1850 5656 1974 5695 cum
2015 5655 2101 5695 re-

527 5731 692 5799 liquis
712 5732 900 5803 palatii
947 5735 1287 5804 proceribus.
1334 5735 1521 5789 Pasias
1576 5741 1783 5799 autem,
1828 5742 2097 5803 cognatus

2198 4535 2422 4592 Castilia
2467 4554 2607 4603 una,
2642 4557 2672 4592 e
2711 4538 2996 4593 Provincia
3045 4538 3205 4593 Galli.
3238 4575 3325 4601 ..,
3350 4552 3379 4591 c
3428 4531 3591 4592 Creta
3633 4545 3765 4603 tres,

2199 4643 2266 4683 ex
2315 4629 2468 4691 urbe,
2497 4633 2584 4683 cui
2607 4629 2870 4684 Chandax
2890 4645 3109 4693 nomen,
3153 4645 3283 4695 una,
3334 4628 3761 4699 Cydoniatarull

2200 4723 2340 4787 dum,
2402 4738 2597 4777 omnes
2615 4723 2679 4776 ad
2714 4737 2947 4791 pugnam
2978 4722 3145 4791 probe
3195 4723 3491 4777 instructas.
3531 4724 3767 4775 Aderant

2202 4823 2455 4883 praaterea
2484 4814 2811 4868 Venetorum
2855 4828 3065 4883 magna
3122 4814 3372 4869 triremes
3428 4813 3764 4869 mercatori:

2201 4916 2332 4974 tres,
2368 4916 2506 4977 quas
2537 4906 2654 4962 itali
2678 4922 2902 4978 magnas
2945 4906 3174 4978 galeras,
3233 4908 3347 4962 sive
3391 4907 3575 4977 p0tius
3624 4906 3765 4972 gale-

2200 5009 2350 5054 ataas
2386 5000 2664 5069 appellare
2717 5000 2941 5064 solent,
2997 5009 3052 5053 et
3094 4998 3215 5053 alia:
3263 4998 3515 5052 triremes
3556 4995 3763 5049 veloces

2199 5095 2266 5148 ad
2322 5092 2625 5147 custodiam
2688 5100 2741 5145 et
2813 5091 3034 5144 tutelam
3085 5089 3347 5145 mercium
3399 5088 3757 5143 constitutae:

2201 5200 2338 5255 quas
2389 5192 2444 5237 et
2483 5183 2633 5252 ipsas
2682 5181 2982 5249 imperator
3029 5182 3094 5235 ad
3149 5180 3582 5236 succurrendum
3644 5176 3758 5231 urbi

2204 5290 2425 5331 manere
2480 5275 2669 5345 jussit.
2731 5273 2848 5328 Hoc
2871 5274 3034 5328 modo
3071 5273 3237 5343 igitur
3267 5270 3445 5343 portui
3496 5269 3766 5338 provisum

2200 5379 2302 5424 est.
2335 5368 2393 5422 In
2433 5379 2578 5421 terra
2610 5368 2794 5421 hostes
2820 5380 3071 5435 magnam
3097 5365 3243 5418 illam
3304 5362 3619 5431 helepolim,
3673 5375 3768 5415 cu-

2198 5463 2287 5529 jus
2338 5474 2401 5514 os
2427 5459 2645 5529 patebat
2692 5459 2995 5527 spithamas
3041 5455 3351 5520 duodecim,
3381 5463 3436 5509 et
3470 5454 3604 5508 alias
3625 5467 3777 5507 com-

2202 5553 2384 5620 plures
2409 5559 2650 5619 spectatu
2678 5550 2873 5618 dignas
2905 5549 3250 5603 collocarunt
3285 5563 3299 5611 ;
3330 5562 3395 5601 ac
3432 5546 3581 5601 {ossa
3630 5543 3778 5596 mili-

2204 5643 2307 5697 tari
2340 5644 2445 5696 alta
2474 5643 2633 5695 ducta
2662 5641 2913 5709 palisque
2935 5653 3172 5709 superne
3200 5637 3431 5701 munita,
3450 5635 3775 5706 jaculaban-

2202 5744 2310 5800 tur,
2334 5744 2388 5790 ct
2420 5732 2621 5789 mantia
2677 5732 2827 5787 urbis
2879 5731 3013 5787 locis
3061 5728 3479 5800 quatuordccim
3530 5728 3781 5800 graviter
