4066 6296
329 374 434 437 837

1326 359 1777 423 CHRONICON
1818 361 2090 422 MAJUS.
2130 385 2197 397 -·
2236 362 2363 422 LIB
2420 362 2523 421 III.

3454 361 3560 421 838

321 485 427 552 τὴν
453 479 701 552 μεγάλην
748 478 967 547 ἐκείνην
998 475 1258 538 ὲλεϐόλιν,
1294 475 1493 537 πλάτος
1559 490 1773 543 .χουσαν
1806 472 1899 526 ἐπὶ
1928 473 1972 529 Α
1998 487 2164 523 κοντα
2226 472 2321 524 καὶ
2360 471 2542 535 ὀκτὼ,
2583 472 2644 524 τὸ
2701 470 2755 528 δὲ
2787 470 2973 524 λοιπὸν
3012 471 3141 539 ἄχρι
3182 471 3277 524 τοῦ
3327 470 3567 539 ἀριθμοῦ

325 572 422 627 τοῦ
472 572 745 639 στόματος
798 568 1083 635 σπιθαμὰς
1138 565 1488 627 δυοκαίδεκα,
1556 567 1653 618 καὶ
1709 565 1902 634 ἑτέρας

329 662 533 723 πολλὰς
577 659 847 720 ὲλεϐόλεις
878 657 1034 723 ἀξίας
1077 656 1384 724 θεάματοςο
1430 656 1523 708 καὶ
1570 658 1902 725 στρατήγιον

329 753 563 822 ὀρυκτὸν
610 751 942 818 ποιήσαντες
980 748 1183 817 ὑψηλὸν
1223 749 1317 800 καὶ
1349 750 1489 817 μετὰ
1532 748 1706 811 ξύλων
1737 764 1902 800 σταυ-

331 843 610 914 ρώσαντες
644 843 814 905 αὐτὰς
844 840 1050 895 ἄνωθεν
1079 840 1326 902 ἔϐαλλον,
1353 841 1447 895 καὶ
1477 843 1534 899 ἐν
1564 844 1752 902 τόποις
1783 841 1901 893 τέσ-

331 952 494 1005 σαρσι
526 935 619 987 καὶ
648 934 783 988 δέκα
818 936 887 987 τὰ
913 934 1072 1001 τείχη
1107 933 1207 1002 τῆς
1247 934 1457 997 πόλεως
1500 933 1750 1004 σφοδρῶς
1778 933 1901 985 ἐτυ-

329 1042 481 1078 πτον.
547 1025 657 1078 Καὶ
718 1027 783 1078 ἐκ
838 1022 1184 1092 πετροϐόλων
1239 1025 1655 1094 μηχανημάτων
1710 1023 1901 1079 πολλαὶ

330 1115 499 1167 οἰκίαι
526 1116 852 1185 περιφανεῖς
897 1114 1066 1181 ιγγὺς
1090 1116 1200 1167 τῶν
1241 1116 1443 1183 τειχῶν
1486 1115 1894 1183 ἡχρειώθησαν,

330 1206 422 1258 καὶ
446 1205 681 1273 μάλιστα
709 1207 779 1259 τὰ
805 1205 1086 1273 ἀνάκτορα
1109 1222 1123 1236 ·
1153 1208 1217 1259 ὲκ
1242 1206 1299 1259 δὲ
1324 1206 1432 1260 τῶν
1479 1206 1774 1260 ὲλεϐόλεων
1799 1206 1898 1274 τὴν

332 1297 488 1351 πόλιν
510 1298 805 1367 ἐθορύϐουν
833 1297 1154 1365 κροτοῦντες
1180 1298 1274 1351 καί⁸
1300 1298 1623 1362 κλονοῦντες
1648 1302 1763 1362 τοῖς
1785 1299 1899 1353 τεί-

330 1405 450 1454 χεσι
502 1389 597 1440 καὶ
632 1390 745 1450 τοῖς
790 1386 1025 1457 πύργοις
1070 1388 1326 1454 ἒνέδιδον,
1377 1389 1474 1443 καὶ
1524 1388 1751 1459 διαμφὶς
1796 1390 1899 1443 οὐκ

328 1477 516 1530 ἔλιπον
563 1478 786 1533 θάνατοι
816 1478 878 1529 ἐκ
905 1495 965 1531 τε
1024 1479 1133 1531 τῶν
1174 1480 1469 1534 ἐλεϐόλεων
1509 1482 1603 1535 καὶ
1655 1482 1897 1536 ὲλεϐολί-

333 1586 479 1624 σκων
513 1571 905 1640 μπαλαιστρῶν
935 1589 994 1624 τε
1024 1573 1117 1625 καὶ
1139 1572 1314 1636 τόξων
1349 1573 1442 1627 καὶ
1482 1574 1684 1641 ἐτέρων
1718 1593 1897 1645 μηχα-

328 1660 609 1726 νημάτων.
646 1660 757 1713 Kal
813 1660 916 1713 οὐκ
942 1659 1143 1713 ἔπαυεν
1170 1662 1199 1714 ό
1230 1661 1467 1729 πόλεμος
1516 1662 1637 1715 καθ’
1680 1663 1895 1732 ἡμέραν

325 1765 385 1799 τε
419 1749 512 1800 καὶ
544 1747 737 1811 νύκτα,
789 1748 846 1801 αἰ
878 1747 1193 1816 συμπλοκαὶ
1229 1747 1323 1799 καὶ
1373 1749 1428 1799 αἰ
1478 1748 1768 1817 συρῤήξεις
1800 1748 1894 1801 καὶ

326 1841 375 1891 οἰ
414 1805 828 1909 ἀκροϐολισμοὶ,
863 1805 1095 1900 ἐλπίζων
1141 1840 1169 1891 6
1197 1839 1419 1907 άμηρᾶς
1450 1805 1559 1891 διὰ.
1586 1805 1893 1905 τὸηόλίγους
1926 1805 1965 1857 Β

330 1926 471 1984 εἰναι
507 1932 651 1998 ἡμᾶς
682 1932 775 1984 καὶ
817 1930 1057 1999 ἰσχυρῶς
1081 1930 1485 1990 κεκοπιακότας
1519 1930 1759 1992 εὐκόλως
1790 1932 1889 1998 θη-

330 2022 524 2089 ρεῦσαι
550 2023 648 2089 τὴν
680 2022 838 2076 πόλιν
862 2039 878 2055 ο
928 2021 1019 2074 καὶ
1063 2021 1163 2073 οὐκ
1197 2021 1381 2072 εἴασεν
1410 2022 1559 2089 ἠμῖς
1589 2020 1775 2074 ἄνεσιν
1801 2020 1894 2073 λα-

324 2115 439 2167 ϐεῖν
492 2114 603 2167 οὐδ’
650 2114 809 2175 ὅλως.
852 2113 922 2166 Ἥ
955 2113 1013 2166 δὲ
1063 2111 1272 2182 μεγάλη
1322 2111 1502 2180 ἐκείνη
1551 2111 1643 2164 καὶ
1693 2112 1893 2181 ἰσχυρὰ

324 2204 570 2266 ἐλέϐολις
605 2202 696 2256 διὰ
728 2203 790 2255 τὸ
823 2202 1064 2272 συνεχῶς
1096 2200 1460 2270 σφενδονίζειν
1489 2203 1585 2254 καὶ
1614 2202 1674 2253 ού
1701 2202 1892 2254 τοσοῦ-

324 2310 416 2345 τον
445 2294 505 2345 τὸ
540 2292 808 2362 μέταλλον
842 2292 1110 2361 ὑπάρχειν
1142 2290 1385 2358 καθαρὸν
1416 2290 1682 2359 διερῤάγη
1729 2292 1786 2342 ὲν
1813 2292 1890 2361 τῷ

327 2385 543 2454 βάλλειν
573 2385 665 2439 τδν
714 2386 967 2455 τεχνίτην
997 2384 1058 2436 τὸ
1102 2382 1216 2452 πῦρ
1248 2383 1342 2437 καὶ
1375 2384 1455 2445 εἰς
1505 2382 1675 2437 πολλὰ
1707 2383 1891 2451 διεμε-

328 2477 487 2543 ρίσθη
518 2476 825 2544 κλάσματα,
858 2475 956 2530 καὶ
986 2475 1052 2526 ἐκ
1081 2475 1286 2527 τούτων
1322 2473 1506 2528 πολλοὶ
1540 2475 1888 2547 ἀπεκτάνθη-

324 2585 424 2621 σαν
459 2567 557 2622 ml
582 2568 915 2637 ἐπλήγησαν.
942 2566 1054 2620 Καὶ
1077 2565 1319 2626 ἀκούσας
1337 2568 1365 2619 6
1390 2566 1612 2636 ἀμηρᾶς
1639 2568 1883 2638 ἐλυπήθη

323 2656 466 2721 λίαν,
501 2658 594 2709 καὶ
621 2655 952 2725 προσέταξεν
985 2656 1073 2710 ἵνα
1108 2656 1224 2711 ἀντ’
1255 2656 1429 2725 αὐτῆς
1463 2658 1766 2727 ποιήσωσιν
1791 2660 1885 2713 άλ-

322 2750 421 2813 λην
455 2747 830 2816 ἰσχυροτέραν,
875 2748 968 2802 καὶ
994 2747 1099 2810 ἕως
1127 2747 1230 2816 τῆς
1280 2748 1449 2817 αὐτῆς
1489 2748 1702 2818 ἡμέρας
1731 2751 1884 2805 οὐδὲν

320 2841 468 2903 ἄξιον
502 2840 660 2908 ἔργον
696 2839 817 2893 καθ’
844 2838 999 2909 ἡμῶν
1031 2839 1423 2908 κατώρθωσαν.
1458 2841 1566 2893 Καὶ
1595 2844 1659 2910 τῇ
1699 2842 1762 2893 ιε’
1786 2844 1880 2895 τοῦ

319 2928 480 2981 αὑτοῦ
518 2928 719 2995 ἔφθασε
749 2928 845 2981 καὶ
874 2931 900 2981 6
935 2927 1347 2994 ὲναπολειφθεὶς
1392 2929 1575 2991 στόλος
1608 2930 1774 2983 αὐτοῦ
1817 2931 1880 2984 ἐκ

315 3036 373 3072 τε
407 3019 500 3071 τοῦ
537 3019 702 3090 240
727 3020 982 3085 Εὐξείνου
1013 3019 1208 3072 πόντου
1246 3020 1344 3073 καὶ
1378 3020 1747 3089 Νικομηδείας
1785 3024 1877 3075 καὶ

2006 562 2113 615 τῶν
2141 561 2222 615 τκ¹
2253 563 2497 633 ὑπῆρχον
2528 563 2656 631 νῆες
2691 568 2904 632 μακραὶ
2932 564 3027 615 καὶ
3057 563 3240 624 πλοῖα,
3276 563 3383 614 τῶν
3416 580 3477 630 γε
3509 564 3572 614 τὸ

2004 654 2229 722 φορτίον
2257 650 2327 726 ἦν
2377 656 2633 724 μαχίμων
2666 657 2759 707 καὶ
2804 654 3041 719 τοξοτῶν
3075 655 3284 723 ἀνδρῶν
3318 655 3574 723 παμπὸλο

2003 745 2109 799 λων
2134 746 2226 799 τὸν
2260 747 2521 816 ἀριθμόν
2557 749 2806 818 ὑπῆρχον
2840 748 2952 816 γὰρ
2987 748 3046 800 ὲν
3086 747 3300 810 τούτοις
3326 750 3418 799 καὶ
3442 747 3570 817 δρό-

2006 856 2184 907 μωνες
2214 841 2424 908 φορτίοι
2463 840 2626 892 πέντε
2671 840 2763 891 καί
2794 841 2991 900 εἴκοσι,
3032 838 3081 891 οἳ
3126 835 3273 906 εἶχον
3304 855 3569 907 πεφορτι-

2004 926 2177 993 σμὲνα
2196 926 2354 992 ξύλα,
2380 927 2620 991 τίτανον,
2651 928 2860 993 πέτρας
2881 930 2976 980 καὶ
3000 928 3190 995 ἑτέρας
3215 927 3345 989 ῦλας
3376 930 3572 992 ἐπιτη-

1999 1016 2148 1079 δείας
2182 1019 2319 1085 πρὸς
2365 1019 2682 1088 πολιορκίαν
2711 1019 2942 1082 πόλεως.
2992 1019 3138 1088 Πλὴν
3170 1021 3228 1070 ἐν
3267 1019 3343 1087 τῷ
3390 1020 3570 1087 λιμένι.

1999 1108 2059 1160 οὐ
2109 1110 2309 1177 ῥᾳδίως
2364 1106 2508 1179 εἶχον
2550 1113 2651 1179 τὴν
2680 1111 2884 1163 εἴσοδον
2917 1111 2985 1163 δι’
3016 1112 3193 1163 αἰτίαν
3220 1113 3285 1181 ἢν
3319 1110 3567 1179 εἴπομεν.

2010 1202 2287 1263 Ἐλθόντες
2313 1206 2375 1255 ἐκ
2409 1204 2509 1270 τῆς
2547 1204 2700 1273 ἑῴων
2748 1206 2983 1273 περαίας
3015 1204 3260 1257 κάτωθεν
3303 1204 3485 1271 ὀλίγον
3514 1222 3568 1258 τι

1997 1293 2089 1346 τοῦ
2115 1294 2303 1347 διπλοῦ
2328 1297 2503 1358 κίονος
2528 1296 2622 1349 καὶ
2648 1297 2812 1366 μέχρι
2837 1296 3266 1372 τῆςὲκκιλησίας
3287 1296 3380 1350 τοῦ
3408 1297 3566 1362 ἁγίου

1997 1387 2415 1440 Κωνσταντίνου
2480 1390 2643 1455 ἐγγὺς
2697 1387 2797 1458 τὴν
2853 1390 3045 1441 στάσιν
3104 1388 3247 1456 μετὰ
3305 1388 3567 1457 ἀγκυρῶν

1998 1478 2282 1547 ἐποίησαν.
2318 1477 2395 1547 Τῇ
2430 1478 2487 1531 δὲ
2529 1479 2733 1549 δεκάτῃ
2784 1478 2878 1533 τοῦ
2918 1478 3086 1532 αὐτοῦ
3131 1479 3445 1548 ἀριθμήσας
3475 1480 3569 1531 τὸν

1998 1570 2181 1621 στόλον
2212 1570 2306 1624 καὶ
2338 1570 2431 1623 τοῦ
2478 1571 2575 1637 τῆς
2604 1571 2806 1642 χέρσου
2843 1570 3103 1639 στρατοῦ,
3144 1572 3353 1623 ἱππέων
3384 1588 3441 1622 τε
3473 1574 3567 1623 καὶ

1996 1660 2260 1726 πεζικῶν,
2296 1664 2389 1714 καὶ
2418 1662 2544 1731 εὗρε
2592 1666 2837 1731 τριήρεις
2869 1663 2962 1715 καὶ
3010 1664 3241 1731 διήρεις,
3281 1664 3562 1731 μονήρεις,

1995 1752 2280 1820 δρόμωνας
2330 1754 2465 1822 νῆας
2503 1756 2594 1806 καὶ
2648 1755 2828 1819 πλοῖα,
2878 1755 3053 1807 εἰκοσι
3088 1758 3181 1807 καὶ
3235 1759 3563 1820 τετρακόσια

1998 1845 2142 1896 ἱστία
2165 1859 2178 1874 ο
2214 1846 2240 1896 6
2281 1844 2335 1897 δὲ
2368 1846 2595 1909 στρατὸς
2626 1847 2653 1898 6
2680 1845 2851 1897 θέλων
2906 1845 3175 1915 μάχεσθαι
3210 1848 3272 1899 ἐκ
3305 1847 3402 1914 τῆς
3433 1847 3562 1914 χέρ-

1978 1948 2091 2002 ⁸σου
2126 1932 2365 2001 χιλιάδες
2396 1934 2639 2002 ὑπῆρχον
2670 1933 2813 2001 ὀκτῲ
2841 1935 2937 1985 καὶ
2963 1936 3306 2004 πεντήκοντα
3330 1938 3424 1987 καὶ
3451 1936 3567 1987 δια-

1990 2024 2192 2075 κόσιαι.
2231 2026 2291 2076 Οί
2318 2025 2374 2077 δὲ
2411 2025 2547 2092 πρὸς
2588 2026 3025 2095 ἀντιπαράταξιν
3066 2026 3261 2093 ἄνδρες
3290 2025 3441 2087 ὄντες
3471 2026 3560 2078 ἐν-

1989 2110 2078 2163 δον
2112 2112 2211 2179 τῆς
2260 2112 2469 2174 πόλεως
2520 2112 2622 2181 τῆς
2676 2113 2945 2182 τοσαύτης
2999 2115 3078 2174 εἰς
3138 2113 3369 2182 μέγεθος
3421 2109 3564 2182 ἦσαν

1991 2202 2230 2270 χιλιάδες
2260 2205 2532 2272 τέσσαρες
2582 2206 2674 2257 καὶ
2712 2208 2865 2273 τρεῖς
2914 2207 3010 2259 καὶ
3049 2206 3425 2276 ἐϐδομήκοντα
3470 2210 3562 2258 καὶ

1989 2292 2311 2354 ἐννακόσιοι,
2345 2292 2474 2345 ἄνευ
2515 2293 2623 2345 τῶν
2670 2294 2836 2359 ξένων
2888 2296 3043 2361 μόλις
3076 2295 3246 2347 ὅντων
3302 2295 3562 2363 χιλιάδων

1988 2380 2101 2435 δύο.
2130 2382 2344 2450 Ἔγνων
2374 2383 2481 2452 γὰρ
2518 2383 2626 2449 ἐγὼ
2657 2384 2817 2435 τοῦτο
2851 2384 3026 2447 οὓτως
3052 2386 3196 2453 ἔχειν
3241 2386 3349 2438 ἀπὸ
3379 2387 3558 2448 αἰτίας

1988 2474 2267 2544 τοιαύτης.
2307 2474 2415 2527 Τοῦ
2446 2474 2554 2543 γὰρ
2594 2475 2861 2545 βασιλέως
2892 2478 3300 2545 προστάξαντος
3330 2480 3440 2537 τοῖς
3466 2478 3563 2544 δη-

1989 2566 2224 2635 μάρχοις
2254 2568 2350 2619 καὶ
2383 2571 2713 2635 στρατηγοῖς
2738 2568 2973 2637 ἔγραψεν
3004 2570 3160 2639 241
3199 2569 3427 2632 ἕκαστος
3460 2570 3559 2621 αύ-

1985 2657 2095 2710 τῶν
2134 2656 2234 2726 τὴν
2260 2656 2572 2725 δημαρχίαν
2626 2656 2794 2709 αὑτοῦ
2834 2658 3103 2726 ἀκριϐῶς,
3153 2662 3281 2719 τοὶς
3319 2660 3559 2727 δυναμέ-

1984 2765 2110 2810 νους
2138 2749 2196 2799 ἐν
2227 2746 2304 2815 τῷ
2335 2748 2561 2818 κάστρῳ
2588 2750 2892 2815 κοσμικούς
2921 2765 2979 2800 τε
3014 2749 3108 2801 καὶ
3140 2752 3431 2818 μοναχοὺς,
3465 2753 3561 2803 καὶ

1983 2838 2103 2889 τίνα
2154 2838 2297 2889 ὅπλα
2347 2838 2579 2900 ἕκαστος
2619 2838 2801 2890 αὐτῶν
2842 2840 3079 2908 κέκτητο
3126 2841 3264 2908 πρὸς
3309 2841 3556 2907 ἄμυναν·

1983 2929 2077 2981 καὶ¹
2114 2928 2286 2990 οὕτως
2319 2928 2551 2989 ἕκαστος
2604 2930 2714 2981 τῶν
2744 2929 3048 3000 δημαρχων
3077 2930 3276 2984 δέδωκε
3325 2932 3421 2984 τὸν
3463 2951 3560 2985 κα-

1980 3020 2209 3087 τάλογον
2267 3021 2366 3089 τῆς
2418 3019 2734 3089 δημαρχίας
2789 3021 2956 3073 αὑτοῦ
3013 3021 3091 3091 τῷ
3131 3021 3360 3088 βασιλεῖ.
3410 3021 3469 3078 Ὀ
3500 3024 3557 3076 δὲ

330 3111 538 3207 Ἀἒίαῆ
570 3105 645 3165 ὧν
679 3113 706 3165 6
740 3110 975 3181 ἀριθμὸς
1016 3112 1188 3164 εἴκοσι
1226 3111 1321 3164 καὶ
1357 3113 1670 3179 τριακόσια,
1712 3114 1772 3177 ἐξ
1803 3107 1877 3166 ὧν
1903 3147 1948 3207 C
1987 3110 2247 3173 κελεύσας
2277 3128 2343 3177 με
2365 3107 2539 3164 εἶπεν·
2577 3111 2757 3181 (Αὕτη
2780 3114 2813 3180 ἡ
2836 3112 3084 3165 διακονία
3108 3112 3243 3182 πρὸς
3275 3115 3332 3166 σὲ
3351 3114 3556 3186 ἀφορᾷν

315 3191 557 3274 ύτῆρχον
586 3204 829 3274 τριήρεις
859 3203 991 3255 δέκα
1033 3204 1128 3257 καὶ
1159 3200 1322 3267 ὀκτὼ,
1365 3202 1572 3272 διήρεις
1604 3206 1875 3273 τεσσαρὰ-

319 3382 691 3451 percutiebant
736 3399 751 3446 ;
797 3382 1255 3448 destruebantque
1342 3381 1631 3445 machinis,
1682 3383 1881 3451 quibus

316 3475 518 3543 lapides
536 3473 896 3545 jaciel-anlur,
918 3473 1115 3528 multas
1138 3471 1331 3527 domos
1378 3473 1624 3542 egregias
1664 3483 1883 3541 propter

317 3567 514 3621 mmnia
562 3566 715 3627 sitas,
746 3564 1010 3633 imprimis
1067 3564 1286 3632 palatia,
1327 3574 1490 3632 atque
1544 3563 1880 3631 helepoli'uus

317 3656 502 3708 urbem
539 3654 927 3722 perturbabant
986 3662 1040 3708 et
1082 3668 1206 3707 eum
1263 3652 1485 3721 strepitu
1528 3667 1590 3705 ac
1648 3651 1875 3704 tumultu

315 3744 515 3800 nimuia
542 3758 829 3814 turresque
856 3748 1124 3814 petebant.
1159 3754 1210 3798 et
1246 3744 1500 3810 utrinque
1525 3745 1878 3809 geminabau-

316 3846 403 3891 tur
456 3838 628 3891 caedes
666 3836 1016 3905 ltclepolibus,
1040 3836 1403 3894 heleboliscis.
1437 3833 1688 3892 ballistis.
1716 3849 1877 3885 atcu-

316 3928 575 3994 bus,aliis
628 3928 911 3993 machinis,
947 3942 1045 3980 nec
1075 3927 1322 3981 cessabat
1358 3926 1558 3978 bellum
1585 3923 1661 3975 vel
1708 3932 1877 3980 noctu

312 4018 395 4073 vel
428 4018 684 4083 interdiu,
717 4020 809 4072 sed
840 4027 993 4071 erant
1020 4026 1293 4087 perpetuae
1320 4032 1529 4085 pugnze,
1555 4014 1870 4074 conﬂictus.

308 4110 690 4179 jaculationes.
738 4108 975 4178 Sperans
1031 4110 1173 4162 enim
1225 4122 1465 4168 amcras,
1523 4106 1666 4173 quod
1709 4105 1869 4173 pauci

310 4217 552 4256 essemus
583 4202 729 4271 iique
760 4201 1051 4255 admodum
1085 4198 1345 4259 confecti,
1381 4196 1540 4252 facile
1586 4213 1643 4251 se
1681 4198 1868 4251 urbem

311 4302 742 4362 expugnaturum
774 4307 919 4358 esse,
947 4292 1148 4345 nullam
1175 4292 1332 4358 plane
1363 4289 1601 4357 quietem
1643 4304 1740 4343 nos
1784 4303 1873 4343 ca-

313 4397 439 4449 pere
459 4399 653 4451 passus
669 4393 768 4437 est.
803 4382 993 4454 Magna
1022 4393 1204 4437 autem
1240 4382 1329 4434 illa
1358 4393 1409 4433 et
1440 4380 1615 4434 valida
1657 4380 1873 4447 helepo-

1988 3206 2052 3256 τὰ
2086 3204 2330 3272 φυλακῆς
2375 3204 2604 3273 δεόμενα
2648 3207 2739 3259 καὶ
2770 3206 3065 3276 ἀπόκρυφα
3110 3207 3210 3275 (1).
3246 3206 3433 3275 Λῆψον
3462 3206 3556 3260 οῦν

1986 3381 2069 3435 his
2102 3382 2398 3436 dromones
2427 3382 2664 3436 onerarii
2711 3385 2956 3452 quinque
3004 3394 3059 3438 et
3108 3387 3320 3456 viginti,
3368 3388 3551 3457 lignis,

1988 3472 2159 3536 calce,
2189 3474 2337 3526 saxis
2364 3472 2594 3540 aliisque
2624 3474 2786 3526 rebus
2810 3475 2874 3526 ad
2900 3476 3315 3540 oppugnandam
3360 3479 3548 3530 urbem

1985 3563 2189 3617 idoneis
2207 3565 2411 3617 onusti.
2436 3562 2628 3617 Verum
2655 3579 2764 3617 non
2788 3563 2997 3618 facilen
3018 3564 3322 3618 habuerunt
3345 3567 3547 3621 ad't-tm

1982 3665 2168 3719 portus
2199 3664 2416 3721 propter
2447 3669 2669 3710 causam
2722 3672 2882 3724 quam
2910 3656 3040 3710 dixi.
3065 3655 3364 3711 Exoriente
3385 3660 3550 3713 adve-

1980 3756 2081 3797 ‘cnat
2104 3746 2261 3811 paulo
2291 3746 2429 3799 infra
2461 3746 2732 3811 duplicem
2760 3747 3066 3800 columnam
3097 3763 3265 3817 usque
3288 3765 3452 3818 prope
3481 3752 3548 3806 ad

1976 3834 2259 3887 ecclesiam
2285 3834 2463 3888 Sancti
2481 3835 2824 3889 Constantini
2848 3837 2899 3890 in
2924 3838 3139 3891 ancoris
3155 3840 3443 3893 stationem
3463 3841 3550 3895 ba-

1980 3925 2196 3977 lwlmnt.
2230 3923 2322 3975 Die
2350 3926 2551 3977 mensis
2575 3926 2787 3978 decimo
2816 3928 3077 3980 recensita
3108 3928 3277 3982 classe
3298 3943 3351 3982 et
3390 3946 3547 3984 exer-

1978 4016 2090 4070 ritu
2137 4024 2248 4069 tum
2303 4016 2542 4083 equestri
2589 4025 2700 4069 tum
2737 4018 2992 4085 pedestri,
3034 4019 3237 4074 invenit
3275 4022 3543 4084 triremes.

1976 4108 2230 4169 biremes,
2254 4108 2547 4171 uniremes,
2570 4108 2883 4183 dromones,
2909 4125 3070 4163 naves
3090 4120 3141 4164 et
3164 4112 3441 4166 naviculas
3468 4114 3547 4167 vi-

1975 4198 2107 4268 ginti
2128 4206 2182 4253 et
2201 4198 2644 4267 quadringentas,
2668 4200 2899 4255 militum
2919 4211 3099 4255 autem
3123 4212 3262 4256 terra
3286 4204 3545 4259 dimicare

1975 4291 2323 4358 gestientium
2390 4291 2622 4345 ducenta
2659 4292 3115 4361 duodesexaginta
3160 4295 3327 4349 millia
3362 4306 3539 4352 erant.

1975 4380 2055 4433 Ad
2103 4381 2295 4433 lterum
2341 4381 2571 4450 impetus
2626 4383 2971 4438 sustinendos
2998 4386 3089 4453 qui
3114 4395 3269 4438 erant
3293 4386 3344 4439 in
3379 4396 3539 4442 tanta:

316 4475 382 4527 lis
416 4482 636 4541 propter
693 4474 1007 4528 continuam
1078 4472 1467 4543 jaculationem
1490 4510 1505 4536 ,
1568 4472 1864 4539 prmsertim
1902 4475 1945 4531 ί)
1976 4472 2360 4540 niagnitudinis
2394 4474 2547 4539 urbe,
2571 4475 3000 4529 numerabantur
3027 4487 3219 4545 quater
3238 4478 3378 4531 mille
3407 4493 3544 4533 non-

313 4580 438 4618 cum
466 4564 681 4617 metallo
742 4580 850 4618 non
880 4565 953 4618 ita
980 4580 1108 4631 puro
1136 4572 1301 4628 esset,
1353 4562 1572 4630 dirupta
1611 4564 1732 4631 igne
1776 4576 1871 4615 ex-

309 4656 498 4711 stinxit
523 4656 862 4723 magistrum,
892 4663 947 4707 et
974 4654 1028 4707 in
1060 4655 1225 4707 multa
1254 4653 1426 4707 frusta
1461 4653 1685 4722 disjecta
1733 4654 1869 4708 alios

309 4746 616 4813 complures
646 4754 740 4799 aut
767 4744 963 4798 delevit
990 4755 1077 4797 aut
1130 4745 1455 4799 vulneravit.
1520 4743 1635 4810 Qua
1667 4760 1723 4797 re
1771 4760 1869 4799 au-

308 4839 442 4904 dita,
474 4854 686 4893 ameras
710 4852 1038 4907 magnOpere
1061 4837 1255 4900 doluit,
1285 4837 1585 4904 edixitque,
1611 4848 1668 4891 ut
1718 4839 1863 4892 illius

308 4931 427 4983 loco
443 4929 605 4983 aliain
637 4929 930 4984 (iuniorem
964 4927 1225 4991 facerent,
1261 4943 1361 4983 uec
1392 4928 1689 4996 quidquam
1707 4943 1863 4997 egre-

309 5019 381 5090 gii
406 5020 586 5087 oneris
609 5019 675 5076 ad
699 5034 826 5073 eum
856 5034 1029 5089 usque
1058 5020 1197 5073 diem
1226 5028 1414 5073 contra
1448 5034 1548 5073 nos
1592 5027 1866 5087 patratum

306 5120 412 5165 est.
447 5111 698 5180 Ejusdem
734 5112 939 5165 mensis
968 5111 1053 5165 die
1084 5111 1147 5164 15
1190 5109 1396 5180 reliqua
1432 5111 1550 5180 ejus
1598 5111 1790 5165 classis
1840 5128 1870 5165 e

307 5213 470 5271 ponto
506 5201 733 5269 Euxino,
764 5202 1079 5257 Nicomedia
1102 5210 1151 5257 et
1172 5203 1320 5267 Asia,
1346 5203 1565 5256 navium
1600 5211 1869 5256 trecenta-

304 5310 423 5347 rum
452 5304 505 5347 et
537 5292 727 5361 viginti
770 5294 944 5357 adest,
994 5308 1024 5346 e
1051 5293 1253 5361 quibus
1286 5300 1444 5346 erant
1479 5293 1731 5345 triremes
1766 5306 1861 5345 oc-

303 5384 555 5447 todecim,
590 5383 833 5438 biremes
855 5383 1447 5452 duodequinquaginta,
1491 5382 1713 5449 reliquie
1759 5396 1860 5434 na-

303 5488 395 5527 ves
419 5474 589 5541 longae
610 5482 665 5527 et
688 5473 976 5537 onerarias,
1002 5474 1198 5541 quibus
1230 5487 1460 5538 magnus
1482 5486 1743 5525 numerus
1760 5470 1863 5522 mi-

300 5565 455 5618 litum
483 5577 535 5619 et
562 5566 969 5632 sagittariorum
995 5566 1314 5620 vehebatur.
1340 5562 1782 5617 Numer-abutitur
1809 5562 1866 5615 in

1979 4565 2124 4632 genti
2160 4565 2501 4633 septuaginta
2528 4574 2662 4630 tres,
2696 4556 2889 4633 praeter
2934 4577 3249 4629 extraneos,
3301 4585 3539 4637 quorum

1976 4654 2065 4706 vix
2089 4654 2195 4707 duo
2221 4654 2387 4709 millia
2410 4666 2587 4709 erant.
2606 4655 2846 4726 Cognovi
2873 4658 3019 4711 enim
3055 4659 3157 4712 hoc
3183 4660 3253 4712 ita
3284 4675 3404 4714 esse
3439 4663 3543 4715 hac

1975 4746 2203 4800 ratione.
2247 4745 2838 4816 Jubenteimperatore,
2872 4749 3068 4818 singuli
3096 4757 3544 4815 praetoresctdu-

1976 4852 2065 4891 ces
2088 4848 2339 4892 accurate
2369 4840 2774 4902 renuntiarunt,
2811 4856 2878 4895 ex
2916 4842 3159 4910 ipsorum
3222 4842 3542 4898 detuarehia

1976 4929 2067 4996 qui
2091 4939 2313 4997 possent
2341 4928 2586 4983 militiam
2621 4932 2855 4985 tolerare
2886 4941 3001 4986 tum
3038 4932 3160 4987 laici
3196 4943 3308 4987 tum
3345 4951 3540 4990 mona-

1975 5018 2087 5080 clti,
2120 5029 2172 5072 et
2208 5034 2327 5087 qua:
2354 5020 2587 5088 quisque
2617 5037 2766 5075 arma
2788 5025 2854 5075 ad
2874 5024 2978 5076 vim
2999 5024 3420 5092 prepulsandam
3447 5028 3545 5081 lia-

1976 5109 2147 5163 bsret.
2185 5109 2445 5165 Mandans
2476 5122 2657 5166 autem
2692 5114 2823 5167 mihi
2859 5114 3178 5182 imperator,
3220 5136 3237 5167 ι
3274 5118 3326 5171 Id
3372 5135 3542 5188 nego-

1974 5202 2131 5265 tium,
2178 5202 2373 5270 inquit,
2409 5204 2474 5257 ad
2508 5212 2556 5258 te
2587 5207 2857 5273 pertinet;
2890 5210 3143 5262 cautione
3188 5213 3333 5265 enim
3365 5225 3419 5266 et
3467 5215 3543 5269 si-

1970 5291 2137 5346 lentio
2158 5308 2295 5361 opus
2321 5305 2425 5348 est.
2459 5297 2660 5365 Accipe
2703 5297 2869 5366 igitur
2915 5300 3221 5369 catalogum
3249 5318 3537 5367 censunm,

1970 5384 2225 5452 domique
2248 5385 2530 5456 diligenter
2548 5400 2823 5457 computa,
2845 5404 2977 5460 quot
2998 5394 3110 5446 sint
3137 5403 3190 5447 et
3216 5394 3343 5462 quid
3365 5410 3546 5445 armo-

1977 5491 2095 5529 rum
2130 5478 2244 5532 sive
2275 5489 2430 5533 scuta
2468 5480 2581 5534 sive
2613 5497 2772 5537 arcus
2799 5484 2914 5539 sive
2930 5487 3215 5540 machina».
3244 5504 3263 5536 ι
3296 5483 3536 5537 Functus

1983 5565 2354 5634 igiturlabore
2382 5573 2449 5626 ab
2480 5575 2807 5642 imperatore
2845 5577 2979 5629 mihi
3009 5577 3285 5639 mandato,
3313 5574 3538 5627 tabellas

362 5680 662 5752 (timemus
693 5679 987 5752 Chronicoa
1000 5677 1356 5752 abbreviatum,
1382 5676 1523 5750 infra,
1550 5674 1641 5752 sub
1660 5689 1755 5749 ’an.
1788 5680 1883 5752 wy“

1986 5677 2062 5752 ⁵ξή
2093 5682 2121 5736 ἡ
2158 5682 2352 5752 δουλεία
2378 5686 2495 5748 πρὸς
2540 5687 2597 5735 σὲ
2623 5687 2799 5752 ἀφορᾷ,
2825 5690 2906 5752 καὶ
2930 5690 2984 5737 οὐ
3006 5689 3123 5750 πρὸς
3148 5688 3290 5733 ἄλλον
3311 5685 3432 5741 τινὰ,
3459 5685 3542 5734 διὰ

298 5742 353 5789 τὸ
375 5742 655 5791 ἐπίστασθαί
680 5757 734 5789 σε
764 5743 843 5789 καί
864 5742 1022 5795 καλῶς
1044 5739 1252 5802 ἀριθμεῖν
1276 5740 1354 5787 καὶ
1380 5741 1537 5794 καλῶς
1556 5739 1814 5799 φυλάσσειν
1835 5742 1894 5787 τὰ
1919 5752 1967 5797 φ.
2003 5741 2045 5787 δ.
2084 5758 2129 5789 κ.
2156 5742 2205 5790 ἁ.
2236 5743 2373 5795 Εοιτ.
2416 5739 2429 5748 “
2482 5739 2492 5742 ⁷
2667 5739 2674 5749 ’
2722 5739 2731 5749 ’
2760 5739 2796 5752 ¹’
2873 5750 2876 5753 ‘
