4066 6296
300 283 399 349 841

1254 277 1701 339 ΕΠΒΟΝῙΕΟΝ
1747 272 2022 337 MAJUS.
2061 300 2126 311 ’-
2170 274 2322 335 LIB.
2371 273 2485 332 ΙΙΙ.

3450 266 3555 329 8ιὲ

311 393 443 460 ὅλης
473 389 571 458 τῆς
604 386 861 458 ἡμέρην
884 388 1041 456 mist;
1072 386 1126 438 δὲ
1159 387 1224 439 δι’
1257 389 1384 457 ὅλης
1418 391 1512 457 τῆς
1550 392 1748 451 νυκτὸς
1772 390 1871 449 τὰς
1904 391 1943 444 Α
1975 382 2236 450 ψευσθεὶς
2271 384 2375 436 ὑπὸ
2401 384 2497 445 τὰς
2528 380 2697 443 αὑτὰς
2727 381 2946 441 ἐλπίδας
2982 380 3145 449 ἔτερα
3190 380 3285 435 νέα
3320 382 3559 454 ἐφευρήο

308 497 444 546 om;
470 482 567 537 καὶ
592 480 660 533 τὰ
690 479 823 545 ξύλα
856 479 1162 547 είλκίζομεν
1199 480 1424 551 ἔσωθεν
1460 483 1553 534 καὶ
1578 484 1632 533 al
1667 481 1882 550 ὀρύξεις

309 577 425 629 τῶν
493 575 720 643 τάφρων
763 574 1123 640 ἐ·.απέμειναν
1160 573 1232 636 ὡς
1268 574 1361 626 καὶ
1390 568 1457 642 ἦν
1488 574 1547 626 τὸ
1596 578 1879 642 πρότερον.

311 667 452 730 Τοὺς
507 664 562 719 δὲ
595 665 941 735 χαλάσαντας
980 664 1224 733 πύργους
1257 664 1385 734 χοῦν
1444 665 1580 734 μετὰ
1611 665 1885 733 σπυρίδων

310 760 672 828 βαστάζοντες
703 760 797 811 καὶ
829 760 1063 825 ἀγγείων
1100 758 1325 822 ξυλίνων
1357 758 1497 811 οἴνου
1532 761 1628 813 καὶ
1662 761 1880 827 ἑτέροις

312 852 489 917 ξύλοις
525 852 679 912 αὖθις
717 851 1158 920 ἀνεκαινίζομεν.
1203 851 1264 904 '0
1297 852 1352 903 δὲ
1401 852 1626 920 άμηρᾶς
1661 852 1884 920 θεωρῶν

311 944 578 1015 ᾐσχύνετο
638 944 724 997 διὰ
790 943 849 996 τὸ
921 945 1019 1014 τὴν
1099 944 1294 1013 βουλὴν
1364 944 1531 997 αὐτοῦ
1602 944 1886 1013 ἄπρακτον

311 1034 474 1106 244
504 1034 707 1104 μένειν,
746 1035 836 1086 καὶ
869 1034 1062 1104 ἑτέραν
1101 1037 1352 1105 μηχανὴν
1382 1035 1687 1106 πολεμικὴν
1719 1037 1887 1089 θέλων

314 1128 541 1195 ποιῆσαι
571 1126 907 1196 προσέταξεν
943 1126 1031 1179 ἵνα
1056 1118 1269 1179 ’ἔλθωσί
1297 1145 1439 1190 τινες
1491 1128 1682 1197 ἄνδρες
1713 1131 1761 1181 οἱ
1796 1128 1885 1180 δυ.

313 1222 538 1289 νάμενοι
583 1218 761 1287 ὀρθῶς
799 1220 929 1272 ἰδεῖν
976 1220 1073 1273 καὶ
1128 1221 1308 1272 ποιεῖν
1339 1224 1479 1284 ὀπὰς
1525 1223 1885 1290 ὑποκεκρυμ-

320 1316 487 1383 μένας
524 1315 771 1367 κάτωθεν
804 1314 903 1382 τῆς
926 1315 1055 1383 γῆς,
1088 1314 1239 1375 ὅπως
1273 1315 1340 1367 δι’
1371 1314 1553 1367 αὐτῶν
1592 1317 1619 1368 ὀ
1652 1316 1887 1385 στρατδς

317 1407 558 1469 εύκόλως
616 1406 934 1459 εἰσέλθωσιν
977 1406 1126 1459 ἔνδον
1171 1410 1272 1473 τῆς
1320 1407 1551 1470 πόλεως.
1595 1409 1707 1462 Καὶ
1744 1409 1889 1461 κατὰ

317 1500 376 1552 τὸ
408 1500 747 1570 προσταχθὲν
778 1498 873 1553 ὑπ’
904 1499 1068 1552 αὐτοῦ
1095 1500 1333 1570 ἤρξαντο
1385 1500 1661 1569 ὀρύσσειν.
1699 1502 1888 1554 Ἰωάν·

317 1611 413 1663 νης
434 1593 491 1646 δέ
524 1612 606 1657 τις
636 1593 917 1665 Γερμανὸς
962 1593 1133 1662 ἄκρον
1180 1594 1497 1663 ἠσκημένος
1527 1595 1624 1657 τάς
1655 1594 1749 1647 τοῦ
1790 1611 1890 1648 πο-

1990 493 2137 543 ματα
2174 476 2270 528 καὶ
2306 477 2552 545 μηχανὰς
2594 475 2673 536 εἰς
2715 474 3037 542 πολιορκίαν
3072 474 3280 525 ἐποίει·
3308 474 3557 529 ἑλέπολιν

1987 566 2097 635 γὰρ
2133 564 2400 633 μεγίστην
2437 564 2668 633 ἔχουσαν
2704 564 2929 633 τροχοὺς
2958 563 3183 626 πολλοὺς
3225 565 3362 634 μετὰ
3387 564 3560 629 ξύλων

1988 655 2230 725 χοντρῶν
2263 655 2423 725 245
2460 657 2858 718 κατεσκεύασε,
2913 655 3114 718 πλάτος
3157 655 3389 726 ἔχουσαν
3420 659 3558 713 πολϋ

1988 752 2086 803 val.
2115 750 2268 819 ῦψος·
2307 753 2523 804 ἐνέδυσε
2571 753 2627 804 δὲ
2680 752 2852 821 αὐτὴν
2886 750 3090 805 ἔσωθεν
3132 752 3229 805 καὶ
3263 752 3461 815 ἔξωθεν
3496 756 3561 807 ἐκ

1990 842 2177 912 τρίτου
2226 844 2363 911 μετὰ
2411 843 2692 912 βουὸάλων
2730 844 2824 895 καὶ
2879 843 3016 911 βοῶν
3048 843 3256 913 δορῶν,
3296 843 3390 895 καὶ
3422 844 3564 913 πύρ-
3647 860 3651 871 ’

1990 951 2123 1002 γους
2152 931 2297 1003 εἶχεν
2332 934 2541 989 ἄνωθεν
2578 936 2672 986 καὶ
2714 934 3219 1003 παραπετάσματα,
3243 934 3562 1005 ἀναϐάθρας

1990 1027 2084 1079 καλ⁴
2133 1026 2490 1093 καταόάθρας
2514 1067 2527 1087 ,
2558 1026 2644 1077 ἵνα
2700 1028 2760 1078 ού
2813 1024 3177 1095 δυνησῶμεθα
3210 1028 3334 1091 τοὺς
3358 1026 3564 1081 ἔσωθεν

1990 1118 2161 1185 αὐτῆς
2192 1117 2475 1185 βλάπτειν.
2514 1113 2639 1185 Εἶχε
2660 1117 2718 1169 δέ
2750 1118 2921 1170 καὶτὸ
2951 1116 3152 1183 ἔξωθεν
3189 1118 3351 1187 μέρος
3382 1121 3565 1189 ἤνοιγε

1996 1210 2181 1277 μένον,
2213 1209 2301 1263 ἵνα
2353 1212 2551 1281 ῥᾳδίως
2612 1213 2977 1280 είσὲρχωντυιι
3024 1215 3117 1265 καὶ
3148 1213 3476 1282 ἐξέρχωνται
3514 1214 3564 1266 οἱ

1994 1300 2333 1368 βουλόμενοι.
2373 1302 2525 1353 Κατά
2554 1301 2608 1354 δὲ
2636 1303 2696 1353 τὸ
2738 1303 2906 1372 μέρος
2936 1302 3004 1354 δι’
3038 1296 3097 1354 οῦ
3128 1302 3354 1370 ἔμελλον
3389 1303 3565 1356 ἐλθεῖν

1991 1393 2049 1443 ἐν
2098 1392 2174 1460 τῷ
2221 1392 2520 1462 ὀρύγματι,
2561 1390 2672 1461 εἶχε
2713 1395 2888 1456 πύλας
2919 1397 3069 1464 τρεῖς
3118 1395 3361 1463 μεγάλας
3419 1400 3564 1464 μετὰ

1992 1486 2541 1553 παρασκεπάσματος
2577 1486 2823 1554 σφοδρῶς
2867 1487 3241 1556 ἐνδεδυμένας,
3285 1487 3361 1551 ὡς
3410 1487 3563 1540 εἷπο-

1997 1592 2120 1642 μεν.
2150 1572 2308 1645 Εἶχον
2339 1576 2394 1629 δὲ
2424 1578 2627 1631 ἔσωθεν
2652 1580 2748 1632 καὶ
2772 1579 3037 1632 κύκλοθεν
3070 1580 3177 1632 πᾶν
3206 1579 3437 1650 ὀργανον
3471 1583 3565 1633 καὶ

315 1686 484 1755 λέμου
524 1688 772 1756 μηχανὰς
801 1687 894 1739 καὶ
917 1687 1014 1748 τὰς
1037 1683 1131 1739 τοῦ
1159 1686 1329 1757 ὑγροῦ
1350 1687 1544 1757 πυρὸς,
1576 1688 1889 1751 ἐνωτισθεὶς
1923 1719 1963 1773 Β
1991 1674 2190 1773 ῖῷςνην
2231 1672 2541 1773 scientth
2569 1676 2663 1773 ’ξαὶ
2695 1673 2896 1773 ποξλάἶ
2918 1673 3086 1773 ..ὔλας
3135 1675 3229 1773 ’ξολ
3276 1673 3431 1740 ξύλαν
3476 1674 3566 1773 τῖα

315 1777 413 1847 τὴν
440 1796 514 1849 μη
522 1779 711 1849 χανὴν,
745 1778 940 1849 ἑτέραν
958 1778 1099 1849 ὀπὴν
1126 1779 1378 1833 ἐναντίαν
1406 1779 1608 1848 ὀρύξας
1630 1782 1723 1834 καὶ
1750 1782 1888 1852 μετὰ

316 1870 484 1940 ὑγροῦ
547 1872 721 1942 πυρὸς
771 1873 1110 1940 τεχνηέντως
1166 1872 1532 1934 συσκευάσας,
1573 1874 1888 1942 ἐρχομένων

314 1964 423 2015 τῶν
449 1962 710 2033 Τούρκων
762 1963 850 2015 διὰ
902 1964 999 2031 τῆς
1047 1963 1189 2027 ὀπῆς
1244 1964 1383 2032 μετὰ
1434 1962 1608 2034 χαρᾶς
1638 1966 1800 2028 αὐτὸς
1826 1969 1889 2019 τὸ

318 2056 432 2123 πῦρ
457 2048 668 2124 ἀνάψας
703 2055 764 2107 τὸ
808 2056 887 2117 είς
935 2054 1035 2125 τὴν
1080 2055 1329 2109 ἐναντίαν
1374 2055 1704 2128 ὠρυγμένην
1753 2056 1885 2128 παρ’

311 2144 475 2198 αὐτοῦ
515 2145 654 2214 ὀπὴν
713 2144 944 2206 πολλοὺς
992 2143 1261 2208 ἐξαύτῶν
1307 2145 1613 2199 κατέκαυσε
1659 2147 1887 2210 καὶτὰς

304 2234 505 2304 ,τέχνας
557 2234 739 2287 αὒτῶν
776 2236 854 2297 είς
893 2235 1044 2288 οὐδὲν
1104 2234 1405 2300 ἀπέδειξεν·
1461 2237 1601 2307 ὀπὴν
1645 2237 1703 2291 δέ
1758 2240 1885 2304 μίαν

314 2323 568 2376 ἐναντίων
601 2324 629 2376 ὁ
674 2324 935 2388 γεννάδας
967 2325 1246 2396 Γερμανὸς
1276 2326 1459 2380 λαθὼν
1485 2328 1584 2397 οὐχ
1608 2320 1783 2398 εὗρεν.
1821 2330 1885 2383 Οἱ

314 2411 548 2482 Τοῦρκοι
581 2415 636 2467 δὲ
665 2416 759 2468 καὶ
793 2417 946 2469 αὐτοὶ
969 2417 1031 2470 to
1062 2419 1228 2488 ὑγρὸν
1249 2417 1361 2489 πῦρ
1394 2419 1627 2488 ἀνῆψαν,
1655 2421 1683 2474 ὃ
1711 2438 1886 2492 προηο

316 2507 606 2575 τοίμασαν,
633 2506 771 2576 πλὴν
798 2508 950 2561 οὐδὲν
982 2508 1376 2580 κατώρθωσαν·
1410 2512 1623 2581 πύργου
1648 2513 1704 2565 δέ
1740 2531 1885 2578 τινος

322 2597 482 2671 μόνον
507 2596 741 2650 παλαιοῦ
762 2599 941 2665 ὀλίγον
972 2598 1136 2670 μέρος
1164 2601 1227 2653 ἐκ
1253 2600 1348 2654 τοῦ
1371 2602 1570 2671 κρότου
1595 2604 1687 2656 τοῦ
1714 2605 1883 2676 πυρὸς

316 2688 532 2752 ἔπεσεν,
565 2687 623 2740 δν
646 2689 807 2757 ἡμεῖς
836 2688 996 2747 εὐθὺς
1019 2690 1465 2759 ὰνεκαινίσαμεν.
1492 2687 1674 2745 Ἦσαν
1704 2694 1759 2746 δὲ
1790 2694 1882 2745 καί

317 2797 465 2843 τινες
494 2780 717 2850 γηραιοὶ
758 2780 807 2833 οἲ
847 2779 1035 2846 ελεγον
1068 2781 1149 2833 ὅτι
1180 2781 1274 2834 καὶ
1308 2784 1354 2834 οἱ
1390 2784 1622 2837 ἐναντίοι
1670 2786 1726 2837 ἐν
1762 2785 1880 2839 ἐτέ-

320 2888 442 2940 ραις
479 2871 677 2941 μάχαις
708 2870 866 2924 τοῦτο
900 2870 1145 2941 ἔπραξαν
1174 2873 1271 2925 καὶ
1289 2873 1442 2927 οὐδὲν
1477 2874 1881 2945 ἐκατώρθωσαν

314 2962 403 3017 διὰ
435 2964 493 3017 τὸ
519 2966 579 3016 τὸ
618 2964 799 3017 πλεῖον
829 2966 999 3035 μέρος
1025 2965 1124 3032 τῆς
1154 2966 1362 3029 πόλεως
1390 2967 1745 3022 ὑποκάτωθεν
1770 2968 1881 3022 τῶν

2002 1762 2235 1832 ῥίψωσιν
2289 1767 2347 1816 ἐν
2411 1764 2488 1832 τῷ
2546 1765 2738 1833 τάφρῳ
2773 1767 2830 1816 ἐν
2878 1763 2955 1833 τῷ
3001 1767 3331 1836 προσήκοντι
3362 1765 3561 1834 καιρῷ,

1996 1856 2143 1916 ὅπως
2171 1856 2372 1925 ῥᾳδίως
2396 1854 2712 1907 εἰσέλθωσιν
2730 1869 2746 1885 ⁵
2782 1851 2929 1923 εἶχον
2949 1855 3006 1908 δὲ
3036 1855 3310 1924 κλίμακας
3331 1853 3565 1923 ἐχούσας

1997 1942 2096 2005 τὰς
2146 1942 2416 2012 βαθμίδας
2447 1943 2808 2013 μηρινθώδεις
2844 1943 3295 2014 ὑποχαλουμένας
3339 1942 3427 1997 διὰ
3469 1943 3567 1998 κά-

1996 2033 2125 2098 λων,
2159 2034 2254 2086 καὶ
2287 2033 2444 2096 αὖθις
2472 2029 2608 2103 ᾖρον
2640 2034 2772 2102 μίαν
2807 2035 2886 2098 είς
2932 2032 3089 2103 ὕψος.
3126 2033 3564 2104 Προσδεδομένης

1995 2126 2108 2187 τοῖς
2150 2125 2357 2196 τείχεσι
2386 2125 2480 2179 καὶ
2510 2126 2693 2194 πάσης
2728 2126 2922 2195 ἐτέρας
2965 2126 3238 2196 μηχανῆς,
3266 2127 3332 2196 ἢν
3362 2127 3567 2196 ἠδυνή-

1997 2217 2066 2287 θη
2107 2219 2401 2289 ἀνθρώπου
2464 2219 2588 2284 νοῦς
2640 2220 2857 2288 νοῆσαι,
2889 2217 2965 2280 ὡς
3011 2218 3114 2270 οὐκ
3143 2217 3373 2287 ἧλπιζεν
3408 2217 3567 2287 βασιο

1994 2310 2121 2374 λεύς
2176 2328 2331 2375 ποτε,
2382 2313 2484 2364 οὐκ
2539 2311 2769 2379 ἐποίησε
2801 2309 2899 2362 τοῦ
2928 2309 3138 2363 ἁλῶσαι
3181 2311 3244 2362 τὸ
3275 2309 3564 2381 φρούριον.

1994 2404 2333 2472 Ποιήσαντες
2370 2402 2426 2454 δὲ
2472 2402 2568 2455 καὶ
2595 2402 2653 2453 ἐν
2684 2400 2898 2470 ἑτέροις
2924 2401 3147 2470 μέρεσιν
3176 2401 3389 2470 ἁμάξας
3424 2401 3567 2471 μετὰ

1995 2493 2265 2547 πλείστων
2297 2490 2527 2562 τροχῶν,
2555 2494 2648 2543 καὶ⁸
2676 2490 2883 2546 ἄνωθεν
2926 2490 3002 2552 ὡς
3042 2490 3313 2559 πύργους,
3341 2492 3434 2544 καὶ
3465 2492 3565 2544 αύ-

1991 2582 2073 2635 τοὶ
2127 2581 2469 2649 ἐνδεδυμένοι
2519 2581 2581 2635 δν
2633 2583 2834 2651 τρόπον
2881 2581 3128 2651 εἴπομεν.
3180 2582 3441 2651 Ἔχοντες
3468 2582 3568 2636 καὶ

1993 2674 2148 2727 αὐτοὶ⁵
2203 2672 2465 2736 πλείστας
2504 2673 2763 2743 μηχανὰς
2825 2673 3370 2737 κατασκευασθείσας
3426 2675 3565 2744 μετά

1990 2767 2086 2820 τοῦ
2136 2764 2304 2835 ὑγροῦ
2359 2765 2531 2835 πυρὸς
2567 2766 2661 2819 καὶ
2717 2766 2776 2817 ἐν
2831 2767 2932 2835 μιᾷ
2962 2765 3081 2835 ὥρᾳ
3131 2765 3435 2835 ἡτοίμασαν
3479 2768 3565 2819 ἵνα

1990 2861 2194 2925 πάντες
2224 2860 2322 2928 τὴν
2358 2858 2623 2931 σύρῤηξιν
2674 2857 2791 2927 ἅμα
2842 2860 3142 2928 ποιήσωσιν
3163 2900 3174 2913 .
3208 2861 3318 2913 Καὶ
3345 2860 3565 2931 πρῶτον

1994 2953 2094 3022 μὲν
2120 2951 2287 3025 246
2322 2952 2462 3020 μετὰ
2510 2950 2610 3019 τῆς
2642 2949 2879 3019 φοϐερᾶς
2914 2951 3127 3020 ἐκείνης
3155 2951 3443 3013 ἐλεδόλεως
3473 2951 3567 3005 τύ-

315 3056 512 3128 τειχῶν
557 3057 824 3128 πετρῶδες
850 3053 1013 3113 εἶναι.
1062 3059 1298 3129 Σφαλεῖς
1337 3059 1393 3111 δὲ
1442 3061 1469 3112 ὁ
1518 3061 1740 3132 ἀμηρᾶς
1786 3062 1879 3116 καὶ
1910 3065 1952 3123 C
1989 3048 2190 3115 Ψαντεῖ
2222 3044 2468 3115 σφοδρῶς
2496 3041 2731 3114 ἔρριψαν
2779 3042 2860 3106 είς
2887 3041 3081 3110 ἔδαφος
3121 3042 3203 3095 τὸν
3233 3042 3444 3113 πύργον
3471 3045 3564 3098 τὸν

322 3252 516 3308 magno
539 3237 718 3292 animo
740 3247 792 3292 et
818 3252 1079 3308 generose
1107 3254 1165 3294 se
1194 3239 1517 3309 objicientes
1552 3257 1713 3312 supra
1740 3243 1885 3299 vires

319 3326 648 3382 laborarent.
688 3329 878 3397 Itaque
911 3344 1036 3382 cum
1093 3328 1170 3381 illi
1209 3338 1321 3384 toto
1348 3330 1436 3385 die
1478 3329 1653 3387 fossas
1697 3333 1889 3403 imple-

320 3426 462 3482 rent,
491 3418 666 3471 nostri
702 3426 813 3472 tota
845 3428 1008 3473 nocte
1037 3420 1343 3486 materiem,
1376 3430 1600 3489 terram,
1629 3424 1773 3493 ligna
1800 3426 1889 3478 in-

319 3518 405 3563 tro
438 3511 757 3579 egerebant,
796 3512 942 3565 unde
973 3511 1133 3567 fossas
1168 3521 1510 3581 manserunt,
1545 3518 1735 3585 quales
1763 3526 1889 3571 ante

324 3600 555 3654 fuerant.
595 3599 796 3655 Turres
820 3610 999 3656 autem
1025 3618 1321 3659 concussas
1351 3607 1517 3661 humo
1545 3607 1598 3661 in
1631 3608 1889 3663 corbibus

318 3698 372 3742 et
402 3690 545 3745 vasis
580 3691 773 3761 ligneis
805 3692 1033 3749 vinariis
1056 3708 1272 3765 aggesta
1301 3698 1655 3767 trabibusque
1682 3700 1888 3752 instau-

322 3779 532 3843 rabant.
555 3778 685 3845 Quae
708 3796 829 3836 cum
857 3784 1567 3849 animadverteretameras,
1596 3772 1887 3841 erubesce-

320 3870 432 3933 bat,
487 3871 631 3938 quod
697 3872 984 3927 consilium
1041 3889 1199 3929 suum
1224 3886 1423 3931 eventu
1457 3886 1685 3941 careret,
1726 3884 1887 3945 atque

319 3960 480 4013 aliam
509 3961 774 4015 rationem
802 3972 1156 4031 experturus,
1187 3967 1499 4037 imperavit,
1527 3977 1587 4021 ut
1610 3967 1885 4029 adessent,

318 4052 411 4121 qui
450 4062 597 4107 recto
629 4052 835 4123 judicio
888 4055 1173 4109 oculorum
1205 4066 1490 4111 uterentur
1518 4067 1573 4112 et
1601 4058 1887 4113 cuniculos

318 4159 476 4214 agere
510 4145 791 4211 callerem,
830 4162 925 4216 per
979 4162 1118 4216 quos
1158 4150 1435 4204 exercitus
1487 4149 1649 4204 facile
1694 4151 1884 4205 urbem

321 4237 522 4291 intrare
554 4248 777 4308 posset:
805 4248 1199 4309 cmperuntque
1263 4240 1328 4293 ad
1363 4240 1736 4307 praiscriptum
1767 4240 1887 4310 ejus

321 4327 523 4384 fodere.
572 4332 640 4384 At
665 4330 909 4387 Joannes
939 4331 1161 4401 quidam
1213 4331 1520 4387 Germanus
1554 4331 1609 4386 in
1642 4341 1885 4388 tractan~

1991 3227 2234 3283 haberet.
2269 3227 2375 3297 Spe
2405 3226 2570 3295 igitur
2597 3227 2785 3296 lapsus
2807 3237 2860 3283 et
2889 3229 3186 3283 frustratus
3216 3243 3429 3283 amens
3456 3230 3561 3285 alia

1992 3336 2129 3375 nova
2168 3322 2385 3375 iuventa
2420 3330 2474 3375 et
2508 3320 2796 3376 machinas
2821 3322 2888 3375 ad
2918 3322 3337 3389 expugnandam
3373 3324 3560 3378 urbem
3614 3348 3617 3351 λ

1990 3411 2259 3468 adhibuit.
2293 3411 2588 3481 llelepolim
2616 3413 2936 3478 maximam,
2966 3414 3153 3468 multis
3176 3414 3311 3470 rotis
3348 3424 3565 3472 susten-

1990 3514 2121 3568 tam,
2156 3503 2209 3557 in
2244 3504 2440 3572 primis
2484 3503 2647 3557 latam
2676 3513 2729 3559 et
2755 3504 2944 3568 altam,
2984 3504 3144 3575 lignis
3172 3504 3451 3573 instruxit,
3476 3518 3562 3563 at—

1990 3610 2097 3664 que
2154 3596 2302 3651 intus
2334 3605 2383 3650 et
2414 3606 2570 3650 extra
2624 3595 2897 3665 triplicata
2948 3598 3101 3651 corio
3139 3597 3458 3653 bubalorum
3508 3610 3565 3654 et

1992 3686 2156 3739 bourn
2179 3687 2382 3740 induit.
2415 3686 2663 3742 Habebat
2688 3688 2876 3742 eadem
2905 3702 3139 3756 superne
3158 3698 3333 3743 turres
3350 3699 3402 3743 et
3423 3690 3561 3752 vela,

1991 3792 2248 3832 ascensus
2282 3779 2409 3833 item
2461 3786 2515 3833 et
2547 3778 2866 3843 descensus,
2902 3793 2970 3833 ne
3003 3780 3096 3848 qui
3142 3779 3286 3834 intus
3320 3794 3564 3836 essenta

1993 3869 2153 3924 nobis
2179 3878 2398 3938 possent
2422 3869 2566 3923 lardi.
2596 3870 2819 3925 Patebat
2843 3886 3008 3940 porro
3039 3871 3211 3935 foras,
3238 3881 3296 3925 ut
3325 3873 3415 3941 qui
3454 3873 3568 3927 vel-

1994 3963 2127 4023 lent,
2163 3961 2319 4016 facile
2368 3971 2422 4015 et
2450 3962 2656 4031 ingredi
2688 3970 2741 4015 et
2769 3963 2949 4030 egredi
2982 3974 3225 4031 possent.
3257 3963 3315 4017 ln
3370 3979 3432 4019 ea
3461 3978 3565 4017 au-

1995 4061 2099 4104 tem
2133 4058 2311 4120 parte,
2336 4065 2439 4119 qua
2484 4050 2539 4105 in
2580 4050 2783 4107 fossam
2818 4052 3019 4106 intrare
3050 4054 3269 4116 vellent,
3306 4062 3416 4109 tres
3448 4070 3565 4108 ma-

1992 4156 2109 4211 gnte
2144 4151 2312 4211 porta:
2355 4152 2545 4207 erant,
2592 4151 2936 4212 tegumento,
2994 4156 3054 4198 ut
3092 4145 3353 4211 diximus,
3397 4145 3565 4214 probe

1991 4235 2239 4288 obtectat.
2278 4233 2333 4287 ln
2376 4234 2790 4290 circuitu‘intus
2836 4244 2889 4289 et
2919 4245 3071 4289 extra
3102 4236 3364 4305 disposita
3406 4247 3566 4291 erant

1994 4326 2178 4380 omnia
2204 4340 2398 4393 genera
2426 4326 2741 4382 bellicorum
2767 4327 3256 4381 instrumentorum
3279 4338 3332 4383 et
3352 4328 3565 4384 machi-

320 4420 404 4474 dis
452 4420 662 4476 bellicis
694 4424 964 4479 machinis
1011 4431 1065 4476 et
1106 4422 1228 4491 igne
1262 4421 1452 4477 Graeco
1492 4423 1886 4479 exercitatissi-
1917 4413 1965 4472 D
1994 4428 2210 4480 narum.
2239 4416 2481 4471 materiae
2508 4426 2561 4472 et
2595 4417 2867 4486 lignorum
2894 4434 3089 4489 magna
3121 4420 3301 4489 copia.
3324 4435 3442 4489 qum
3470 4436 3567 4491 οι)-

322 4527 464 4577 mus,
482 4527 606 4565 cum
630 4513 1104 4569 animadvertisset
1130 4513 1349 4567 illorum
1381 4513 1695 4579 consilium,
1720 4514 1885 4569 alium

322 4604 634 4657 cuniculum
677 4606 1011 4659 contrarium
1074 4605 1346 4675 agendum
1408 4615 1463 4660 et
1521 4606 1643 4675 igne
1697 4606 1889 4661 Graeco

324 4693 616 4747 artificiose
664 4695 997 4762 implendum
1030 4696 1263 4758 curavit,
1297 4694 1600 4764 Turcisque
1648 4696 1765 4751 laete
1794 4712 1891 4766 per

325 4784 637 4836 cuniculum
694 4782 1136 4851 procedentibus,
1186 4783 1303 4851 ipse
1334 4783 1387 4835 in
1420 4784 1595 4837 altero
1622 4799 1651 4836 a
1686 4800 1745 4839 se
1769 4795 1891 4839 acto

325 4873 581 4928 cuniculo
604 4888 835 4928 accenso
870 4875 1016 4942 igne,
1043 4873 1242 4927 multos
1278 4888 1465 4927 eorum
1493 4875 1699 4929 exussit
1722 4890 1891 4945 Opus-

326 4982 433 5032 que
493 4966 559 5018 ad
597 4965 825 5019 nihilum
854 4963 1079 5032 redegit.
1125 4964 1278 5018 Unus
1313 4973 1491 5035 tamen
1525 4964 1760 5018 hostium
1794 4980 1891 5018 cu—

324 5055 538 5109 niculus
560 5070 879 5123 generosum
902 5054 1056 5107 illum
1078 5054 1406 5108 Germanum
1430 5054 1608 5107 latuit.
1636 5053 1738 5122 Ipsi
1755 5069 1892 5122 quo-

325 5162 429 5215 que
459 5148 651 5201 TIII‘CIB
704 5146 844 5200 idem
876 5161 1046 5216 genus
1087 5145 1228 5214 ignis
1260 5154 1522 5213 pararunt
1542 5156 1594 5199 et
1626 5146 1889 5200 accende-

330 5249 472 5299 "llll,
506 5238 597 5291 sed
641 5238 771 5290 nihil
828 5235 1172 5305 profecerunt
1209 5254 1222 5299 ;
1255 5235 1358 5287 nisi
1416 5235 1561 5304 quod
1598 5236 1761 5290 unius
1794 5250 1889 5289 ve-

341 5339 485 5384 .istzn
520 5332 683 5383 turris
718 5344 881 5397 parva
912 5343 1037 5397 pars
1067 5342 1130 5381 ex
1166 5327 1322 5391 pulsu
1358 5327 1565 5380 incensi
1594 5326 1732 5394 ignis
1764 5341 1890 5380 conv

324 5424 479 5485 cidit,
512 5439 674 5491 quam
703 5432 884 5475 tamen
917 5421 1098 5475 statim
1126 5420 1569 5473 instauravimus.
1604 5420 1765 5473 Erant
1789 5436 1889 5471 au-

325 5526 432 5569 tem
467 5529 624 5567 senes
654 5515 894 5583 quidam,
941 5513 1032 5581 qui
1071 5512 1336 5587 dicerent,
1375 5512 1559 5567 hostes
1600 5511 1737 5565 idem
1768 5520 1888 5565 ten-

1993 4516 2230 4574 portnno
2260 4516 2505 4577 tempore
2542 4508 2600 4562 in
2651 4509 2853 4565 fossam
2895 4510 3214 4580 dejicereut,
3248 4526 3357 4581 quo
3393 4512 3563 4566 habe-

1994 4606 2115 4650 rent
2146 4597 2374 4652 aditum.
2408 4597 2691 4654 Habebam
2744 4602 2919 4656 scalas
2976 4602 3238 4669 gradibus
3294 4605 3561 4673 stuppeis,

1994 4701 2116 4754 quae
2169 4702 2264 4755 per
2302 4686 2459 4743 funes
2515 4690 2938 4745 demittebantur
2973 4703 3027 4747 et
3060 4709 3251 4748 rursus
3298 4695 3355 4747 in
3390 4696 3559 4749 altum

1994 4780 2372 4834 trahebantur.
2402 4780 2847 4837 Admovebantur
2871 4786 3141 4841 manibus
3158 4796 3415 4855 praeterea
3444 4787 3566 4842 alia:

1997 4886 2187 4925 omnes
2224 4872 2515 4937 machinae,
2562 4889 2698 4942 quas
2752 4877 3065 4949 excogitare
3121 4893 3274 4932 mens
3328 4878 3565 4933 humana

1996 4972 2195 5030 potest,
2227 4966 2419 5032 quales
2452 4981 2728 5033 nunquam
2756 4968 2999 5022 visurum
3030 4984 3086 5022 se
3112 4984 3234 5024 esse
3255 4982 3569 5039 speraverat

1996 5055 2294 5120 imperator
2360 5073 2459 5111 nec
2494 5057 2559 5110 ad
2628 5058 2953 5127 capiendum
3005 5062 3288 5115 castellum
3342 5062 3564 5132 aliquod

1997 5146 2113 5212 ipse
2136 5144 2357 5200 fecerat.
2395 5145 2669 5201 Fabricati
2703 5159 2832 5203 sunt
2854 5149 3015 5203 etiam
3041 5150 3164 5204 aliis
3191 5151 3243 5203 in
3273 5150 3409 5205 locis
3434 5167 3566 5204 cur-

1998 5253 2093 5292 rus
2123 5240 2255 5293 rotis
2295 5240 2579 5308 permultis
2610 5249 2662 5295 et
2698 5257 2935 5311 superne
2978 5244 3219 5298 turribus
3270 5244 3565 5297 instructos

1996 5340 2050 5383 et
2090 5344 2177 5394 eo,
2216 5347 2323 5399 quo
2344 5330 2609 5396 diximus,
2645 5335 2806 5387 modo
2834 5336 3094 5398 munitos,
3127 5350 3362 5402 cumque
3394 5335 3568 5397 etipsi

2000 5423 2284 5477 machinas
2320 5423 2585 5490 plurimas
2612 5424 2874 5479 haberent
2908 5427 3051 5494 igne,
3085 5427 3177 5495 qui
3211 5441 3319 5480 non
3354 5424 3567 5480 exstin-

1994 5512 2567 5581 guitur,repletos,has
2591 5525 2998 5583 compararunt,
3020 5528 3079 5569 ut
3099 5531 3201 5567 una
3226 5528 3416 5568 omnes
3437 5514 3571 5567 hora

325 5613 472 5659 tassc
506 5605 626 5659 aliis
656 5605 706 5655 in
744 5604 895 5657 bellis
941 5619 1039 5656 nec
1070 5604 1363 5671 quidquam
1398 5600 1719 5670 profecisse,
1746 5602 1885 5669 quod
1990 5604 2328 5673 eruptionem
2366 5603 2625 5658 facerent.
2665 5606 2740 5659 Ac
2797 5608 3032 5675 primum
3065 5605 3281 5675 quidem
3316 5603 3558 5668 ingentis

325 5708 499 5769 major
531 5698 681 5751 urbis
724 5712 849 5765 pars
900 5696 1085 5749 subter
1142 5710 1328 5748 muros
1384 5695 1559 5749 solum
1627 5710 1882 5749 saxosum

654 5794 926 5853 PnnoL.
974 5796 1087 5853 Gn.
1127 5789 1308 5853 CLVI

1993 5695 2137 5751 illius
2172 5695 2428 5764 helepolis
2462 5698 2619 5766 pulsu
2664 5708 2866 5755 turrem
2927 5714 3092 5769 prope
3140 5706 3350 5766 portam
3390 5689 3570 5751 sancti

3174 5792 3253 5855 21
