4066 6296
414 246 521 310 845

1457 242 1899 305 ΕΗΒΟΝΙΟΟΝ
1933 242 2207 304 MAJUS.
2250 268 2316 277 —
2354 245 2500 306 LIB.
2552 243 2663 303 III.

3565 238 3666 299 Sili

414 356 740 422 ἐδεξιώσατο
785 358 1004 422 αὐτούς.
1032 359 1137 415 Καὶ
1158 358 1404 422 ἐλθόιτες
1436 362 1555 422 ταῖς
1578 359 1830 430 πρώραις
1856 358 1988 410 ὕπο·
2016 360 2065 416 Α
2093 356 2311 426 θεωρῶν
2343 359 2504 411 αὑτὸν
2553 354 2729 420 οὕτως
2774 354 3033 412 ποιοῦντα
3080 355 3425 426 ἠγανάκτουν
3468 353 3668 406 λυπού-

414 449 665 503 κάτωθεν
717 451 819 520 τῆς
877 452 1027 522 νηός,
1090 453 1245 506 αὐτοὶ
1286 453 1341 505 δὲ
1396 454 1533 521 μετά
1567 452 1782 523 χύτρων
1814 469 1992 506 κατα-

416 545 812 614 σκευασμένων
847 545 1108 615 τεχνικῶς
1147 548 1284 614 πυρὶ
1310 545 1462 615 ὑγρῷ
1488 546 1584 598 καὶ
1623 544 1845 612 πετρῶν
1884 544 1994 596 πά-

413 637 504 689 λιν
545 638 752 700 αὐτοὺς
811 638 1083 708 μακρόθεν
1129 637 1502 707 άπεμπόδιζον
1534 636 1623 688 διὰ
1653 638 1713 688 τὸ
1747 636 1996 702 γίνεσθαι

416 728 585 782 πολὺν
625 728 788 797 φόνον
825 729 946 783 κατ’
980 729 1195 793 αὐτούς.
1240 729 1436 798 Ἡμεῖς
1482 729 1537 782 δὲ
1563 732 1625 781 ὲκ
1650 728 1761 780 τῶν
1798 727 1997 797 τειχῶν

415 817 625 874 ἄνωθεν
656 819 832 874 ταῦτα
863 821 1197 889 θεωροῦντες
1228 821 1496 891 ἐδεόμεθα
1530 821 1628 873 τοῦ
1668 820 1805 873 Θεοῦ
1838 821 1994 891 ἐλεῆ-

417 928 509 965 σαι
555 913 750 975 αὐτοὺς
801 917 897 965 καὶ
946 914 1117 983 ἡμᾶς.
1159 913 1397 982 Ὁμοίως
1440 914 1495 966 δὲ
1527 913 1554 965 ὁ
1586 914 1810 982 ἀμηρᾶς
1839 912 1999 981 ἔφιπ-

416 1021 516 1068 πος
548 1005 721 1069 ἑστὼς
756 1005 898 1059 κατά
949 1008 1050 1070 τὰς
1105 1007 1276 1070 ἀκτὰς
1316 1007 1416 1075 τῆς
1452 1007 1731 1077 θαλάσσης
1768 1006 1998 1075 ἐθεώρει

416 1098 484 1151 τὰ
523 1098 817 1166 γινόμενα.
851 1097 956 1151 Καὶ
986 1099 1149 1153 πάλιν
1195 1101 1257 1152 ἐκ
1296 1100 1485 1170 τρίτου
1541 1100 2000 1170 ὲμακροϐολίζον-

416 1206 518 1252 το,
574 1185 695 1242 εἶτα
755 1188 921 1242 πάλιν
982 1190 1233 1253 θέλοντες
1294 1191 1569 1263 συρῤἧξαι
1625 1190 1810 1254 αὐτοῖς
1862 1192 1998 1261 μετά

416 1279 739 1347 ἐπηρμένης
794 1280 996 1349 ὀφρύος
1035 1282 1131 1334 καὶ
1172 1281 1424 1350 μεγάλων
1453 1280 1822 1351 ἀλαλαγμῶνο
1856 1283 1904 1334 οἱ
1944 1282 2001 1334 δὲ

415 1370 712 1441 ναύκληροι
741 1372 835 1425 καὶ
884 1373 1218 1442 κυϐερνῆται
1270 1375 1367 1431 καὶ
1408 1364 1675 1444 ναύαρχοι
1732 1374 2002 1444 ἀνδρείως

414 1464 510 1515 καὶ
539 1464 840 1532 ῥωμαλέοις
873 1464 1190 1529 σταθέντες,
1240 1467 1367 1529 τοὺς
1396 1466 1595 1529 ναύτας
1642 1468 2001 1538 παραθαρρύ-

418 1571 610 1617 ναντες
656 1554 955 1608 ἀποθανεῖν
1009 1556 1212 1625 μᾶλλον
1262 1556 1295 1627 ἢ
1353 1558 1475 1627 ζῇν,
1531 1559 1625 1611 καὶ
1676 1557 1914 1625 μάλιστα
1973 1561 2001 1612 ὁ

2100 465 2252 517 μενοι
2281 450 2525 512 καὶτοὺς
2560 451 2616 501 ὲν
2641 449 2719 515 τῷ
2748 450 2920 520 στόλῳ
2951 450 3355 518 ἐϐλασφήμουν
3388 449 3480 501 καὶ
3517 448 3672 500 πλεῖ-

2099 555 2213 590 στοι
2254 539 2482 607 ἔφιπποι
2538 541 2615 610 τῷ
2674 543 2868 612 ἀμηρᾷ
2918 542 3013 594 καὶ
3062 541 3213 592 αὐτοὶ
3246 539 3671 601 ἀκολουθοῦντες

2097 633 2201 697 ἕως
2237 635 2346 688 τῶν
2394 634 2537 704 νηῶν
2582 636 2838 705 ήγγισαν.
2876 636 2939 687 Οἱ
2972 633 3027 686 δὲ
3055 633 3151 685 τοῦ
3181 633 3368 685 στόλου
3401 633 3491 684 τὸν
3520 633 3670 700 ἀμη-

2101 724 2202 793 ρᾶν
2225 723 2401 787 οὕτως
2434 724 2778 795 θεωροῦντες
2805 725 3135 793 πράττοντα,
3166 723 3260 774 καὶ
3290 722 3674 790 αἰσχυνθέντες

2098 813 2197 876 τὰς
2228 813 2439 884 ὗὸρεις,
2470 816 2706 879 ἄκοντες
2730 815 2825 868 καὶ
2858 814 3080 877 ἑκόντες
3117 813 3257 882 μετὰ
3293 813 3467 881 θυμοῦ
3499 816 3668 882 μεγά-

2099 906 2195 959 λου
2228 906 2605 976 μετέστρεψαν
2628 906 2785 968 αὖθις
2814 908 2915 970 τὰς
2956 905 3183 976 πρώρας
3219 908 3363 958 κατὰ
3392 906 3501 958 τῶν
3529 906 3673 973 νηῶν

2102 1002 2198 1053 καὶ
2223 999 2495 1068 ἐμάχοντο
2525 999 2786 1069 ἰσχυρῶς.
2820 1000 2928 1051 Καὶ
2950 999 3001 1051 τί
3030 1000 3134 1069 χρὴ
3151 997 3337 1066 λέγειν
3362 1018 3375 1063 ;
3410 1000 3471 1051 οὐ
3511 1000 3674 1067 μόνον

2102 1090 2184 1151 είς
2216 1088 2368 1141 οὗδὲν
2414 1089 2511 1151 τὰς
2570 1090 2707 1157 νῆας
2768 1088 3046 1157 ἔϐλαψαν,
3100 1090 3234 1143 ἀλλά
3276 1091 3371 1143 καὶ
3420 1089 3676 1150 τοσοῦτος

2103 1180 2264 1248 φόνος
2318 1183 2414 1234 καλ⁵
2469 1180 2658 1251 πληγὴ
2708 1181 2956 1248 ἐγεγόνει
2985 1183 3107 1234 κατ’
3142 1182 3341 1243 αὐτοὺς
3392 1181 3533 1233 ὥστε
3570 1181 3673 1233 οὐκ

2106 1272 2366 1325 ἐδύναντο
2424 1274 2476 1325 αἱ
2510 1274 2763 1344 τριήρεις
2808 1273 3036 1326 ὄπισθεν
3086 1275 3283 1327 ἐλθεῖν.
3318 1274 3483 1343 250
3520 1275 3679 1343 Ἐφο-

2104 1366 2378 1434 νεύθησαν
2416 1366 2471 1418 δὲ
2525 1369 2582 1419 ἐν
2641 1368 2828 1438 ἐκείνῃ
2859 1370 2922 1436 τῇ
2972 1368 3177 1438 ἡμέρᾳ,
3205 1367 3277 1429 ὡς
3317 1367 3521 1435 ἔμαθον
3565 1369 3676 1434 ἐγὼ

2104 1457 2163 1520 ἐξ
2195 1456 2394 1521 αὐτῶν,
2441 1458 2625 1511 πλεῖον
2656 1458 2688 1527 ἢ
2721 1458 3047 1511 δυοκαίδεκα
3080 1460 3323 1528 χιλιάδες
3350 1460 3672 1529 ’Λγαρηνοὶ.

2109 1549 2270 1617 μόνον
2305 1552 2361 1601 ὲν
2410 1552 2472 1619 τῇ
2507 1550 2773 1619 θαλάσσῃ.
2833 1551 3123 1619 Ἐλθούσης
3149 1551 3202 1603 δὲ
3246 1551 3348 1621 τῆς
3391 1554 3581 1615 νυκτὸς
3618 1552 3676 1618 ἐξ

419 1640 702 1719 ναυάρχης
748 1648 849 1717 τῆς
876 1648 1171 1719 βασιλικῆς
1202 1650 1333 1718 νηὸς
1356 1648 1600 1720 τοῦνομα
1623 1651 2001 1714 Φλαντανελᾶς
2036 1692 2075 1746 Β
2107 1643 2352 1713 ἀνάγκης
2384 1646 2411 1696 ὁ
2456 1642 2643 1746 στόλος
2695 1645 2911 1746 μικξδ-νλ
2926 1644 3269 1746 ἀνεκίῖλρῖὶσξι
3303 1645 3398 1746 3-Cli-
3444 1647 3504 1746 3ιὶ
3551 1646 3679 1715 νῆες

418 1740 483 1792 ὲκ
516 1738 773 1810 πρύμνης
825 1741 906 1803 εἰς
954 1740 1185 1812 πρώραν
1224 1741 1576 1810 διερχόμενος
1620 1742 1714 1794 καὶ
1746 1741 1822 1803 ὡς
1861 1742 1998 1794 λέων

420 1829 732 1897 μαχόμενος
763 1830 857 1881 καὶ
895 1832 1105 1898 φωναῖς
1159 1831 1285 1893 τοὺς
1321 1830 1485 1901 249
1520 1830 1748 1901 ἐτέρους
1800 1832 1999 1899 διεγεί-

423 1935 550 1988 ρων,
574 1919 716 1972 ὥστε
748 1925 810 1973 οὺ
845 1920 1080 1990 δύναμαι
1133 1923 1312 1974 εἰπεῖν
1352 1923 1453 1985 τὰς
1481 1923 1671 1989 φωνὰς
1696 1923 1865 1976 αὑτοῦ
1899 1926 1998 1977 καὶ

419 2012 544 2073 τοὺς
567 2010 675 2063 τῶν
706 2012 914 2081 ἑτέρων
952 2012 1184 2083 κρότους
1226 2013 1332 2075 ἓως
1379 2011 1471 2065 τοῦ
1503 2013 1738 2083 οὐρανοῦ
1773 2016 2001 2085 αἰρομέ-

419 2119 563 2164 νους.
614 2103 725 2155 Καὶ
766 2103 1035 2173 σύρρηξις
1083 2103 1253 2159 πάλιν
1317 2105 1673 2175 μεγαλητέρα
1725 2107 1997 2175 ἐγεγόνει,

420 2193 517 2247 καὶ
569 2194 757 2247 πολλοὶ
820 2196 883 2247 ὲκ
933 2194 1044 2249 τῶν
1102 2197 1381 2267 τριήρεων
1424 2197 1849 2268 ἀπεκτάνθησαν
1907 2202 2001 2254 καὶ

422 2286 762 2356 ὲττνίγησαν,
824 2286 922 2339 καὶ
973 2286 1069 2340 δύο
1128 2286 1240 2341 τῶν
1282 2289 1556 2359 τριήρεων
1615 2288 2000 2357 πυριαλώτους

426 2378 734 2449 ἐποίησαν,
802 2381 896 2432 καὶ
948 2378 1283 2450 θεωροῦντες
1330 2380 1427 2443 τὰς
1484 2381 1618 2449 νῆας
1673 2380 1998 2437 ὲδειλίασαν.

436 2471 496 2524 Ὀ
524 2472 581 2525 δὲ
618 2474 844 2543 ἀμηρᾶς
897 2471 1119 2542 θεωρῶν
1153 2473 1324 2542 μηδὲν
1354 2473 1503 2538 ἀξιον
1550 2472 1710 2542 ἔργον
1740 2473 2002 2528 ποιοῦντα

425 2565 518 2617 τὶν
558 2565 814 2617 τοσοῦτον
848 2565 945 2617 καὶ
996 2564 1318 2635 τηλικοῦτον
1359 2565 1572 2633 στόλον,
1618 2565 1755 2618 ἀλλά
1801 2566 2003 2636 μᾶλλον

426 2656 627 2724 ἥττονα
650 2654 801 2720 ὄντα,
841 2656 1029 2725 μανεὶς
1058 2658 1154 2710 καὶ
1186 2656 1347 2725 θυμῷ
1375 2656 1623 2725 ληφθεὶς,
1654 2656 2005 2728 βρυχώμενος

429 2747 684 2811 καὶτοὺς
730 2749 949 2811 ὀδόντας
1006 2747 1208 2818 τρίξων
1268 2748 1451 2818 ὕϐρεις
1502 2748 1687 2818 ὲνέχεε
1746 2749 1825 2811 είς
1879 2749 2006 2811 τοὺς

429 2840 621 2904 αὑτοῦ,
649 2839 1058 2909 δειλοκαρδίους
1080 2839 1177 2892 καὶ
1198 2838 1563 2909 γυναικώδεις
1582 2840 1677 2894 καὶ
1708 2839 2007 2908 ἀνωφελεῖς

429 2931 744 2984 ἀποκαλῶν.
779 2933 890 2985 Καὶ
942 2932 1034 2984 τὸν
1088 2932 1257 2984 ἵππον
1314 2930 1605 3001 κεντρίσας
1654 2926 1821 3001 ἦλθεν
1854 2931 2006 2995 ἐντὸς

2103 1735 2392 1804 εὐκαιρίαν
2435 1734 2693 1804 εὑρόντες
2725 1734 2978 1804 εἰσῆλθον
3015 1738 3072 1787 ὲν
3103 1734 3181 1805 τῷ
3214 1736 3396 1805 λιμένι
3435 1737 3567 1791 ἄνευ
3588 1738 3679 1789 οὐ-

2101 1826 2251 1888 δενὸς
2278 1825 2741 1889 άποκτανθέντος,
2794 1830 2843 1878 εί
2895 1827 2969 1897 μὴ
3014 1828 3179 1880 τινῶν
3207 1827 3406 1894 ὀλίγων
3438 1829 3673 1898 πληγέν-

2100 1933 2231 1970 των.
2270 1918 2379 1971 Kal.
2412 1916 2531 1986 μεθ’
2563 1917 2778 1987 ἡμέρας
2821 1916 2974 1981 τινὰς
3010 1918 3103 1970 δύο
3140 1917 3173 1989 ἢ
3211 1920 3360 1986 τρεῖς
3400 1920 3457 1985 ἐξ
3489 1920 3671 1972 αὐτῶν

2102 2010 2241 2079 πρὸς
2286 2010 2496 2082 Κύριον
2544 2010 2915 2080 ὲξεδήμησαν.
2966 2010 3025 2064 ’0
3053 2012 3282 2080 άμηρᾶς
3328 2011 3387 2063 δὲ
3419 2012 3677 2064 τοσοῦτον

2105 2104 2297 2171 μανεὶς
2334 2105 2429 2156 καὶ
2454 2103 2715 2171 λυπηθεὶς
2755 2105 2898 2157 κατά
2929 2104 3022 2157 τοῦ
3054 2104 3146 2156 τοῦ
3193 2104 3378 2157 στόλου
3407 2104 3678 2173 δρουγγα-

2104 2194 2222 2264 ρίου
2250 2193 2442 2264 ἧθελεν
2476 2195 2643 2249 αὐτὸν
2675 2195 3105 2249 ἀνασκολοπίσαι
3128 2234 3142 2258 ,
3175 2195 3348 2263 λέγων
3380 2198 3460 2249 ὅτι
3489 2196 3680 2248 ἕνεκεν

2100 2286 2202 2353 τῆς
2233 2287 2445 2340 ἐκείνου
2475 2286 2767 2358 ἀνανδρίας
2828 2289 2922 2340 καὶ
2972 2286 3326 2358 ὀλιγοςνχίας
3368 2291 3425 2339 αἱ
3458 2287 3585 2360 νῆες
3619 2288 3679 2339 ὲν

2102 2379 2289 2450 ἐκείνῃ
2318 2381 2384 2449 τῇ
2420 2379 2924 2446 νυκτὶκὲξάλλοντο,
2961 2396 3055 2433 και
3089 2382 3158 2433 δι’
3192 2381 3519 2450 άπροσεξίας
3553 2384 3678 2432 τού-

2103 2488 2199 2524 του
2239 2472 2337 2524 καὶ
2385 2470 2721 2541 ἀνωφελείας
2777 2474 2962 2526 εἴασεν
2998 2473 3169 2535 αὐτὰς
3219 2472 3483 2525 εἰσελθεῖν
3513 2474 3571 2525 ἐν
3603 2473 3681 2538 τῷ

2104 2561 2305 2630 λιμένι.
2346 2562 2505 2624 Τινὲς
2546 2563 2605 2616 δὲ
2638 2565 2700 2617 ὲκ
2742 2564 2851 2616 τῶν
2894 2565 3169 2634 ἀρχόντων
3203 2565 3301 2633 τῆς
3354 2563 3549 2633 βουλῆς
3583 2569 3681 2617 καὶ

2104 2649 2205 2718 τῆς
2235 2650 2405 2718 αὐλῆς
2444 2651 2539 2704 τοῦ
2576 2652 2772 2723 ἀμηρᾶ
2804 2654 3108 2723 ἐδεήθησαν
3159 2654 3369 2718 τοῦτον,
3406 2653 3547 2707 ὥστε
3576 2656 3679 2721 ζῇν

2105 2738 2198 2791 τὸν
2225 2738 2587 2811 δρουγγάριον
2626 2741 2963 2812 ἐχαρίσατο·
3019 2741 3159 2810 πλὴν
3213 2740 3307 2793 τοῦ
3366 2740 3679 2809 ἀξιώματος

2108 2831 2271 2885 αὐτὸν
2306 2832 2616 2902 ἐγύμνωσε,
2673 2834 2768 2886 καὶ
2823 2834 3003 2888 πάντα
3050 2834 3141 2887 τὸν
3198 2833 3311 2903 βίον
3358 2834 3521 2887 αὐτοῦ
3564 2838 3682 2894 τοῖς

2112 2924 2474 2996 ίαννιτζάροις
2508 2925 2823 2997 ἐχαρίσατο.

424 3023 522 3091 τῆς
584 3022 862 3092 θαλάσσης
917 3018 1082 3093 (ἦσαν
1125 3023 1234 3093 γάρ
1292 3024 1460 3090 ἐγγὺς
1521 3022 1623 3090 τῆς
1680 3022 1880 3094 χέρσου
1943 3024 1996 3076 αί
2023 3029 2069 3091 C
2176 3018 2288 3071 Kal.
2322 3018 2486 3072 πάλιν
2517 3017 2772 3088 κατηφὴς
2807 3018 3070 3088 ὑπάρχων
3109 3018 3138 3070 δ
3178 3018 3402 3088 ἀμηρᾶς
3445 3019 3541 3070 καὶ
3584 3019 3684 3078 τὰς

426 3112 674 3183 τριήρεις
707 3112 841 3165 ὡσεὶ
888 3112 1038 3165 λίθου
1097 3111 1305 3182 βολήν),
1362 3113 1459 3165 καὶ
1503 3112 1573 3166 τὰ
1621 3112 1848 3167 πλείονα
1893 3113 2007 3167 τῶν

427 3204 671 3274 χ.τώνων
699 3203 862 3257 αὑτοῦ
908 3203 1193 3273 ἐδάφησαν
1233 3204 1298 3257 ὲκ
1344 3204 1453 3256 τῶν
1482 3203 1580 3273 τῆς
1617 3204 1870 3275 ἁλμυρᾶς
1907 3203 2008 3258 θα⁸

429 3295 631 3364 λὰσσης
661 3295 892 3348 ὑδάτων.
955 3294 999 3348 Ο
1029 3294 1084 3347 δὲ
1137 3296 1366 3369 στρατὸς
1410 3296 1437 3347 ὁ
1467 3298 1620 3368 παρὰ
1661 3298 1760 3369 τὴν
1803 3298 2007 3368 χέρσον

431 3481 763 3544 Spectantes,
800 3472 911 3528 Deo
940 3487 1128 3541 preces
1160 3473 1516 3539 faciebamus,
1548 3484 1605 3530 ut
1637 3475 1880 3546 ipsorum
1914 3490 2011 3531 no-

432 3567 639 3634 strique
672 3569 1043 3619 misereretur.
1082 3565 1347 3620 Similiter
1374 3583 1610 3633 amcras,
1667 3583 1810 3639 equo
1859 3568 2009 3625 insi-

433 3660 588 3720 dens,
626 3674 656 3711 e
689 3658 893 3723 littore,
930 3674 1049 3725 quae
1097 3659 1321 3721 fiebant,
1356 3660 1740 3729 prospiciebat.
1776 3660 2009 3730 Jamque

436 3751 656 3804 tertium
684 3748 1021 3817 iaculantur,
1054 3750 1307 3820 fastuque
1340 3752 1537 3819 turgidi
1575 3762 1628 3807 et
1662 3768 1861 3823 magno
1893 3754 2009 3808 cla-

435 3857 586 3895 more
636 3857 733 3895 eos
796 3842 1085 3895 invadunt.
1147 3843 1213 3895 At
1272 3843 1542 3906 nancleri,
1587 3844 2004 3912 gubernatores,

436 3931 696 3984 navarchi
743 3931 887 3983 virili
922 3931 1106 3985 animo
1137 3939 1190 3985 et
1243 3932 1472 3986 robusto
1526 3944 1746 4001 pectore
1778 3941 2006 3999 stantes,

433 4033 627 4077 nautas
652 4023 1012 4075 cohortantur
1041 4022 1105 4076 ad
1132 4031 1360 4077 mortem
1395 4023 1518 4077 vitae
1548 4025 2006 4093 anteponendam,

430 4116 483 4166 in
529 4113 719 4182 primis
756 4098 1122 4181 imperatoria:
1158 4114 1311 4167 navis
1366 4113 1699 4178 navarchus,
1740 4114 2002 4169 Phlanta-

431 4205 580 4259 nclas
606 4203 840 4265 nomine,
870 4204 961 4272 qui
993 4204 1202 4272 epuppi
1223 4204 1287 4257 ad
1311 4219 1526 4272 proram
1562 4205 1854 4271 processit,
1884 4206 2003 4261 leo-

433 4300 516 4351 nis
567 4297 740 4351 instar
784 4296 1073 4350 decertans
1104 4304 1158 4349 et
1187 4295 1429 4364 reliquos
1482 4296 1707 4353 vocibus
1739 4297 2005 4363 excitans,

2113 3110 2301 3180 χεῖρας
2327 3110 2494 3164 αὐτοῦ
2549 3111 2626 3173 ὡς
2669 3110 3077 3165 κῦων“δάκνων
3118 3110 3211 3163 καὶ
3244 3110 3342 3176 λὰξ
3386 3110 3511 3162 ποδὶ
3538 3111 3685 3162 κατὰ

2112 3205 2213 3271 γῆς
2245 3201 2469 3274 θεωρῶν
2512 3203 2765 3266 καὶτοὺς
2798 3204 3013 3272 τείχους
3060 3203 3226 3274 ῥήξας
3277 3203 3358 3266 δὶς
3416 3204 3509 3256 καὶ
3564 3202 3686 3268 τρὶς

2111 3295 2205 3347 καὶ
2229 3295 2355 3357 τοὺς
2386 3294 2632 3367 τάφρους
2669 3296 2924 3366 γεμίσας,
2958 3296 3053 3350 καὶ
3085 3297 3249 3360 εὐθὺς
3280 3296 3441 3349 πάλιν
3486 3296 3687 3361 αὐτοὺς

2112 3482 2199 3528 tur
2222 3473 2308 3530 bis
2339 3474 2431 3543 qui
2453 3476 2509 3530 in
2529 3475 2701 3532 classe
2720 3486 2896 3542 erant,
2935 3486 2987 3531 et
3016 3477 3236 3547 plurimi
3262 3478 3419 3548 equis
3447 3493 3684 3533 ameram

2110 3565 2305 3633 secuti,
2340 3565 2443 3635 ipsi
2473 3581 2697 3636 quoque
2729 3583 2905 3637 usque
2938 3568 3005 3621 ad
3047 3582 3213 3621 naves
3249 3569 3590 3637 procedunt:
3621 3585 3687 3622 ac

2110 3655 2402 3721 classiarii,
2458 3658 2533 3711 ita
2575 3673 2700 3711 cum
2753 3667 2999 3728 agentem
3046 3674 3169 3713 eum
3231 3658 3431 3723 vident,
3483 3660 3690 3728 pudere

2109 3747 2479 3802 conviciorum
2509 3750 2803 3818 compulsi,
2833 3751 3116 3806 conversis
3145 3766 3333 3805 rursus
3371 3752 3551 3820 proris
3585 3756 3686 3804 ad-

2114 3854 2304 3893 versus
2345 3849 2657 3894 nOStrorum
2681 3856 2867 3905 naves,
2906 3850 3127 3897 strenue
3159 3844 3460 3898 decertant.
3483 3842 3683 3897 Verum

2110 3929 2238 3998 quid
2273 3943 2411 3998 opus
2441 3938 2545 3994 est,
2580 3936 2639 3983 ut
2670 3942 2922 3986 eventum
2948 3932 3173 3986 dicam?
3202 3932 3324 3988 Non
3355 3935 3516 3989 modo
3546 3935 3684 3988 nihil

2110 4020 2409 4092 quidquam
2462 4030 2771 4075 nocuerunt
2818 4023 3071 4090 navibus,
3105 4026 3198 4078 sed
3241 4026 3405 4079 etiam
3437 4036 3589 4081 tanta
3627 4028 3680 4079 in

2110 4124 2207 4165 eos
2239 4110 2421 4165 clades
2453 4120 2775 4181 stragesque
2806 4114 2953 4167 edita
2987 4124 3093 4179 est,
3133 4125 3192 4168 ut
3223 4117 3476 4172 triremes
3510 4119 3687 4173 redire

2112 4215 2220 4255 non
2253 4212 2493 4271 possent.
2518 4203 2699 4259 Occisi
2723 4213 2852 4259 sunt
2876 4204 2969 4259 illo
2987 4205 3073 4260 die
3096 4206 3353 4275 Agareni,
3383 4218 3522 4264 utex
3550 4210 3714 4279 ipsis.

2111 4296 2366 4364 cognovi,
2395 4294 2518 4365 plus
2550 4295 2847 4353 duodecies
2872 4298 3018 4353 mille
3040 4301 3093 4352 in
3131 4301 3265 4353 mari
3290 4301 3575 4356 duntaxat.
3604 4303 3688 4354 ιι.-

432 4405 564 4456 qnas
590 4389 768 4443 verbis
800 4388 1107 4458 exprimere
1141 4402 1248 4441 non
1287 4388 1457 4457 magis
1486 4404 1651 4457 quam
1685 4399 2004 4444 emtrrorum
2043 4398 2083 4453 ο
2112 4397 2339 4458 grueute
2382 4397 2566 4453 nocte,
2621 4390 2844 4455 classis,
2900 4392 3230 4447 necessitate
3276 4405 3486 4459 coacta,
3527 4398 3687 4463 paulo

436 4480 701 4536 clamores
735 4482 968 4550 possim,
1001 4480 1204 4550 quibus
1235 4488 1383 4535 astra
1434 4478 1791 4535 feriebantur.
1822 4480 2010 4551 Itaque

434 4568 643 4622 exarsit
681 4585 874 4624 rursus
904 4570 1281 4624 vehementius
1319 4585 1520 4639 pugna,
1569 4585 1632 4624 ac
1664 4572 1816 4625 multi
1848 4587 1878 4626 e
1912 4572 2009 4625 tri-

435 4662 680 4715 remibus
714 4661 880 4715 Occisi
919 4672 1011 4713 aut
1041 4661 1290 4716 sull'ocati
1325 4672 1474 4728 sunt,
1509 4662 1839 4733 duabusque
1873 4665 2010 4718 adeo

436 4752 755 4807 triremibus
785 4752 982 4821 captis,
1016 4752 1069 4805 in
1107 4768 1361 4822 magnum
1396 4753 1646 4809 timorem
1675 4755 2005 4811 inciderunt.

435 4845 663 4898 Anteras
687 4859 810 4896 cum
842 4842 999 4896 talem
1034 4850 1349 4911 tantamque
1373 4843 1605 4898 classem
1634 4846 1845 4899 nullum
1876 4863 2005 4915 ope-

435 4952 509 4990 ναξ
544 4936 775 5004 pretium
802 4934 1005 4997 facere,
1036 4934 1145 4987 imo
1176 4934 1358 5003 potius
1390 4937 1638 5003 superari
1670 4937 1895 5003 videret,
1929 4939 2006 4991 ira

434 5036 490 5105 et
538 5028 723 5081 furore
757 5026 1037 5091 incensus,
1076 5026 1314 5080 fremens
1354 5037 1407 5080 et
1442 5026 1697 5081 dentibus
1727 5026 2006 5096 frendens,

441 5120 741 5174 maledictis
760 5134 889 5174 suos
923 5118 1208 5187 proscidit,
1237 5121 1483 5187 ignavos,
1517 5118 1875 5185 effeminatos,
1911 5136 2007 5176 no-

436 5211 666 5266 bulones
714 5209 1000 5278 increpans
1038 5226 1054 5276 ;
1111 5224 1175 5262 ac
1217 5209 1452 5265 subditis
1498 5225 1645 5280 equo
1677 5212 2006 5276 calcaribus,

436 5302 490 5355 in
530 5316 678 5356 mare
727 5312 1015 5372 provectus
1070 5311 1152 5354 est
1183 5300 1376 5369 (prope
1413 5302 1558 5355 enim
1589 5318 1617 5354 a
1652 5311 1794 5357 terra
1841 5320 2010 5360 naves

436 5394 685 5458 aberant,
742 5395 961 5447 circiter
991 5394 1200 5461 iactum
1237 5393 1454 5462 lapidis)
1488 5432 1504 5457 ,
1558 5404 1614 5448 nt
1663 5408 1842 5450 \cstes
1890 5398 2009 5463 ejus

436 5480 733 5533 maximam
799 5490 1007 5549 partem
1066 5497 1204 5551 aqua
1250 5483 1393 5536 salsa
1443 5482 1816 5541 madefierent.
1854 5486 2007 5551 Quod

437 5566 527 5623 ubi
581 5587 704 5626 cum
763 5572 1052 5627 facientem
1102 5574 1235 5627 vidit
1265 5574 1565 5637 exercitus,
1612 5577 1703 5645 qui
1743 5578 1793 5630 in
1827 5580 2007 5633 littore

440 5672 574 5728 crat,
605 5662 974 5732 indignatione
1003 5675 1050 5719 et
1082 5665 1269 5721 dolore
1298 5668 1582 5733 commoti,
1618 5670 1880 5724 comit-iui
1904 5687 2003 5726 att~

2112 4478 2359 4542 recessit,
2395 4489 2450 4534 et
2482 4490 2720 4549 quatuor
2746 4480 2853 4537 illa:
2885 4498 3072 4547 naves,
3100 4490 3558 4555 opportunitatem
3587 4505 3686 4541 na-

2112 4578 2231 4636 ctaa,
2268 4580 2486 4640 portum
2520 4572 2818 4640 intrarunt,
2853 4576 3073 4630 nemine
3107 4580 3172 4632 de
3200 4580 3316 4633 suis
3342 4581 3544 4646 occiso,
3569 4596 3684 4649 per-

2113 4664 2299 4731 paucis
2351 4664 2671 4728 vulneratis,
2717 4683 2950 4736 qnormn
3007 4680 3131 4738 post
3162 4672 3373 4741 aliquot
3419 4674 3536 4727 dies
3575 4675 3687 4728 duo

2112 4754 2194 4807 vel
2222 4763 2330 4808 tres
2362 4755 2428 4810 ad
2456 4756 2748 4811 Dominum
2792 4761 3123 4829 migrarunt.
3157 4763 3384 4818 Ameras
3417 4764 3551 4819 adeo
3573 4766 3685 4820 ira-

2113 4846 2368 4900 scebatur
2407 4851 2873 4921 sur-censebatquc
2922 4854 3119 4908 classis
3147 4857 3424 4922 praefecto,
3470 4872 3525 4910 ιιι
3561 4864 3683 4927 palo

2111 4950 2235 4987 eum
2267 4938 2585 5007 transfigere
2615 4948 2898 5011 cogitaret,
2933 4945 3244 5013 quod-illius
3275 4947 3485 5013 ignavia
3515 4959 3566 5003 ct
3592 4967 3683 5004 se-

2111 5029 2280 5096 gnitia
2304 5044 2468 5083 naves
2502 5030 2590 5083 illa
2620 5044 2780 5085 nocte
2804 5034 3131 5099 evasissent,
3158 5036 3411 5107 idemque
3430 5043 3682 5096 socordia

2111 5126 2163 5170 et
2190 5118 2460 5188 imperitia
2491 5124 2814 5190 praepeditus
2848 5142 2954 5178 non
2999 5128 3365 5196 prohibuisset
3398 5149 3510 5193 cas,
3546 5152 3686 5202 quo-

2114 5210 2293 5266 minus
2326 5223 2538 5280 porlum
2575 5214 2865 5272 intrarent.
2895 5217 3095 5272 Verum
3131 5221 3351 5289 quidam
3381 5232 3603 5278 senatus
3628 5236 3682 5279 et

2112 5303 2249 5356 aula:
2291 5320 2547 5373 prceeres
2601 5308 2855 5375 precibus
2897 5311 3257 5379 impetrarunt
3288 5317 3356 5370 ab
3390 5331 3592 5378 amera.
3626 5328 3684 5371 ut

2111 5411 2235 5449 eum
2300 5396 2479 5451 vivere
2532 5408 2848 5465 pateretur:
2908 5402 3003 5469 qui
3055 5412 3237 5458 tamen
3269 5406 3531 5475 dignitate
3554 5423 3681 5462 eum

2110 5487 2280 5541 exuiit
2298 5504 2601 5558 omnesque
2623 5489 2908 5546 facultates
2929 5496 3046 5562 ejus
3065 5496 3409 5563 januitzariis
3438 5499 3681 5552 donavit.

2181 5579 2423 5633 Rursum
2488 5593 2719 5635 tumstus
2774 5600 3012 5651 amcras,
3064 5588 3218 5640 canis
3273 5586 3445 5639 instar
3482 5604 3680 5641 inaniis

2113 5674 2350 5740 mordet,
2398 5675 2533 5741 pede
2581 5687 2780 5730 terram
2814 5678 3011 5740 pulsat,
3040 5694 3185 5741 eum,
3216 5677 3296 5731 his
3323 5689 3373 5732 ct
3403 5690 3480 5733 ιρι
3511 5684 3681 5737 mut-is
