4066 6296
413 188 513 248 Si?

1654 179 1978 240 GEORGII
2014 178 2437 238 ΙἮΙὶΑΝΤΖεἘ

3547 170 3672 238 848

408 296 838 367 ἀνωροωμένους
895 295 1144 367 εὕρισκεν
1171 336 1184 360 ,
1243 296 1338 347 καὶ
1391 294 1583 347 ἑκατὸν
1638 295 1979 363 πεντήκοντα
2014 299 2052 353 Α
2086 294 2334 361 γέφυραν
2368 290 2765 352 κατασκευάζει
2814 290 2998 360 τρόπῳ
3025 290 3211 360 τοιῷδε
3246 306 3259 321 ⁸
3296 290 3497 345 ἀκάτια
3548 291 3668 359 γάρ

408 391 656 461 τριήρεις
710 390 919 457 διήρεις
964 405 1023 440 τε
1078 387 1171 439 καὶ
1208 387 1465 456 μονήρεις
1492 387 1589 439 οὑκ
1624 385 1969 454 ἠδυνήθησαν

410 482 620 534 άλῶσαι
663 482 761 543 τὰς
814 481 1087 546 τέσσαρας
1136 478 1352 541 ὲκείνας
1386 478 1559 547 νῆας,
1600 478 1735 529 ἀλλὰ
1771 476 1974 545 μᾶλλον

408 575 505 627 καὶ
560 572 814 625 τοσοῦτον
874 571 1034 638 φόνον
1087 570 1168 632 είς
1222 569 1420 631 αὐτοὺς
1470 568 1777 638 ἐποίησαν,
1811 567 1968 636 251

411 664 686 727 στενάζων
721 666 782 715 ἐκ
813 662 1043 731 καρδίας
1083 661 1289 722 καπνὸς
1335 662 1399 712 ἐκ
1439 659 1535 712 τοῦ
1570 659 1837 727 στόματος
1872 660 1975 711 αύ-

407 755 501 806 τοῦ
556 752 825 817 ἐξέὅαινε·
878 751 973 802 καὶ
1009 751 1286 819 ἐλογίζετο
1334 750 1387 802 τί
1443 734 1550 804 ἔδει
1605 752 1855 820 ποιῆσαι,
1887 750 1975 803 ἵνα

407 846 504 915 τὴν
542 844 697 897 πόλιν
743 843 929 895 πλεῖον
980 843 1145 913 θλίψῃ
1191 845 1288 895 καὶ
1332 845 1720 913 στενοχωρήση
1760 844 1854 896 καὶ
1886 844 1975 896 διὰ

408 937 682 1005 θαλάσσης
755 936 849 988 καὶ
909 935 1077 1005 ξηρᾶς
1126 935 1226 1003 τὴν
1278 935 1600 1005 πολιορκίαν
1652 935 1823 1005 δώσῃ.
1864 934 1975 987 Καὶ

406 1028 664 1097 τοιαύτην
697 1025 969 1095 ἐλογίζετο
1007 1025 1279 1095 μηχανὴν,
1312 1026 1398 1078 ἵνα
1433 1026 1597 1096 μέρος
1637 1026 1730 1079 τοῦ
1783 1027 1973 1081 στόλου

406 1122 639 1192 εἰσφέρῃ
664 1121 771 1173 ἔσω
800 1120 892 1171 τοῦ
927 1119 1171 1187 λιμένος.
1206 1118 1317 1170 Καὶ
1351 1114 1418 1189 ἦν
1441 1121 1469 1171 ό
1499 1118 1658 1186 λόγος
1690 1120 1853 1181 εὐθὺς
1880 1122 1977 1172 καὶ¹

407 1217 465 1266 τὸ
509 1214 693 1283 ἔργον,
746 1215 843 1266 καὶ
874 1215 938 1265 ἐκ
987 1210 1084 1265 τοῦ
1132 1211 1355 1263 ὄπισθεν
1406 1210 1606 1280 μέρους
1639 1211 1732 1262 τοῦ
1761 1212 1979 1265 Γαλατᾶ

408 1307 492 1359 διὰ
522 1304 615 1358 τοῦ
648 1305 814 1372 λόφου
848 1303 967 1356 ὁδὸν
995 1302 1213 1354 εὐθεῖαν
1242 1302 1599 1373 ᾠκονόμησεν
1630 1301 1735 1365 ἕως
1764 1303 1860 1355 τοῦ
1892 1302 1978 1355 λι-

409 1397 569 1463 μένος
600 1396 923 1465 ἐρχομένην,
954 1394 1047 1446 καὶ
1084 1393 1264 1445 σανίσι
1294 1394 1388 1447 καὶ
1415 1393 1595 1459 ξύλοις
1629 1395 1815 1448 πᾶσαν
1840 1411 1978 1448 κατ-

409 1489 703 1555 έστρωσεν,
742 1485 810 1548 ἃς
885 1483 1075 1554 ’ήλειψε
1122 1484 1339 1546 σανίδας
1377 1484 1515 1553 μετὰ
1563 1484 1785 1547 στέατος
1838 1483 1979 1554 βοῶν

409 1580 499 1631 καὶ
532 1577 723 1648 κριῶν·
767 1577 860 1631 καὶ
914 1577 1130 1646 ὄργανα
1184 1577 1498 1645 πολύτροπα
1542 1575 1705 1647 ἔτερα
1746 1578 1980 1645 ποιήσας

2081 403 2223 450 τινα,
2258 386 2459 453 ἀγγεῖα
2509 384 2749 453 μεγάλα,
2785 382 3107 448 ξυλοπίθους
3129 381 3360 450 συνάξας
3400 382 3663 445 πολλοὺς.

2079 477 2174 530 καὶ
2202 476 2383 539 ξύλοις
2434 478 2665 545 μακροῖς
2711 476 2830 544 ἦτοι
2868 474 3049 534 δοκοῖς
3103 471 3199 524 κοιλ⁸
3265 470 3509 539 σιδήροις
3565 470 3665 521 καὶ

2085 569 2337 639 σχοινίοις
2372 567 2609 639 ἰσχυρῶς
2646 567 2743 619 καὶ
2776 564 3021 627 δυνατῶς
3067 562 3405 632 συνσφίγξας
3440 561 3534 614 καὶ
3564 559 3656 629 δή-

2084 679 2202 726 σας,
2254 662 2339 714 ἴνα
2384 662 2458 730 μὴ
2523 659 2592 712 τὰ
2637 656 2857 727 ἁλμυρὰ
2916 655 3083 709 ὒδατα
3122 654 3427 725 δυνηθῶσιν
3478 650 3664 704 ἐκθλῖς

2081 752 2181 816 ψαι
2230 753 2291 806 τὸ
2342 753 2524 823 ἔργον,
2585 748 2703 804 εἶτα
2741 750 2949 805 ἄνωθεν
3002 748 3110 800 τῶν
3135 744 3377 799 ἀκατίων
3421 743 3518 797 καὶ
3560 743 3666 809 ἁγ-

2082 846 2245 914 γείων
2290 847 2383 898 καὶ
2427 844 2534 897 τῶν
2570 843 2742 907 ξύλων
2773 842 2993 903 σανίδας
3042 835 3283 897 δυνατῶς
3334 835 3505 904 δήσας
3562 832 3667 885 καὶ

2085 939 2378 992 σκολόπεσι
2450 937 2692 1005 σιδηροῖς
2759 935 2884 1005 ἢτοι
2934 931 3223 1001 περόναις,
3287 924 3665 993 καὶ-γέφυρα

2080 1032 2328 1099 ἐγεγόνει
2360 1029 2562 1099 δυνατὴ
2592 1027 2685 1080 καί
2716 1045 2769 1080 τι
2792 1025 2953 1095 καλὴ,
2987 1024 3186 1093 ἔχουσα
3207 1020 3267 1073 τὸ
3310 1017 3510 1078 πλάτος
3560 1014 3664 1084 όρ-

2084 1122 2251 1188 γυίων
2284 1122 2641 1193 πεντὶήκοιιτα,
2675 1119 2735 1170 τὸ
2768 1118 2823 1170 δέ
2862 1117 3068 1187 μάκρος
3096 1113 3312 1176 ὲκατίιν,
3360 1108 3499 1162 ὥστε
3531 1108 3660 1174 φαί-

2086 1214 2275 1269 νεσθαι
2304 1215 2403 1282 τὴν
2453 1213 2628 1281 μέσην
2665 1212 2846 1263 πᾶσαν
2888 1208 2983 1260 τοῦ
3034 1206 3256 1275 λιμένος
3301 1203 3377 1265 ὡς
3412 1203 3466 1253 ἐν
3516 1199 3659 1269 ξηρᾷ

2085 1305 2432 1372 περιπατεῖν.
2465 1299 2595 1356 Εἶτα
2631 1300 2725 1353 καὶ
2756 1298 2996 1352 ἐλεδόλιν
3031 1294 3237 1351 ἄνωθεν
3261 1292 3361 1362 τῆς
3405 1288 3658 1359 γεφύρας

2088 1398 2292 1469 βαλὼν,
2350 1398 2447 1451 καὶ
2501 1398 2557 1448 αἱ
2609 1396 2863 1464 τριήρεις
2922 1390 3058 1461 ὁμοῦ
3090 1389 3227 1459 πρὸς
3273 1386 3341 1438 τά
3371 1385 3526 1454 τείχη
3555 1382 3656 1451 τῆς

2086 1492 2296 1553 πόλεως
2328 1491 2383 1542 ἐν
2414 1488 2645 1549 ἐκείνοις
2680 1488 2795 1549 τοῖς
2856 1484 3084 1554 μέρεσιν
3113 1480 3363 1535 ἔτυπτον.
3436 1474 3658 1536 Ἰδόντες

2086 1582 2143 1636 δὲ
2180 1581 2320 1637 αὐτὰ
2351 1584 2378 1634 ὁ
2414 1580 2666 1650 βασιλεὺς
2699 1578 2794 1631 καὶ
2821 1578 2974 1631 πᾶσα
3019 1576 3053 1644 ἡ
3080 1572 3236 1636 πόλις
3272 1572 3354 1633 είς
3406 1564 3657 1637 ταραχὴν

409 1670 501 1722 καὶ
552 1670 828 1740 μηχανὰς,
875 1668 977 1741 τὰς
1025 1669 1274 1739 τριήρεις
1307 1671 1403 1721 καὶ
1434 1668 1641 1739 διήρεις
1675 1670 1730 1721 ἐν
1756 1667 1979 1738 εὐκολίᾳ
2011 1661 2055 1721 Β
2081 1674 2361 1744 λογισμῶν
2393 1672 2647 1744 μεγάλων
2670 1673 2928 1724 ἐνέπεσον
2955 1684 2970 1700 ·
2995 1667 3185 1721 ἐδεδίει
3209 1664 3319 1733 γὰρ
3350 1661 3379 1713 ὁ
3402 1659 3653 1729 βασιλεὺς

411 1762 613 1815 τινωοεν
651 1764 708 1815 ἐν
738 1760 816 1830 τῷ
844 1759 995 1829 λόφῳ
1028 1759 1202 1829 σύρας
1235 1758 1344 1812 έσω
1381 1760 1438 1812 ἐν
1471 1758 1549 1828 τῷ
1589 1760 1774 1828 λιμένι
1814 1774 1984 1814 κατα-

408 1854 637 1915 ϐιϐάσας
670 1853 867 1922 ἔφερεν
896 1852 1087 1914 αὐτάς.
1137 1852 1243 1903 Καὶ
1273 1848 1341 1921 ἦν
1369 1850 1429 1903 τὸ
1460 1850 1617 1920 ἔργον
1642 1850 1961 1918 θαυμαστὸν

410 1948 501 1999 καὶ
534 1945 846 2015 ναυμαχίας
878 1944 1247 2013 στρατήγημα
1279 1943 1523 2010 ἄριστον.
1574 1943 1714 2011 Ἐγὼ
1744 1943 1799 1996 δὲ
1824 1943 1973 2012 λογί-

408 2039 600 2106 ζομαι,
651 2037 744 2088 τὸν
799 2035 1057 2105 Καίσαρα
1124 2034 1436 2101 Λῠγουστον
1487 2036 1823 2104 ἐμιμήσατο,
1852 2036 1983 2089 ὅταν

411 2131 551 2197 μετὰ
595 2127 690 2180 τοῦ
730 2126 1022 2181 Ἀντωνίου
1072 2126 1167 2181 καὶ
1221 2126 1574 2195 Κλεοπάτρας
1621 2126 1881 2196 ἐμάχετο,
1924 2126 1983 2189 ὃς

408 2222 493 2273 διὰ
539 2220 631 2272 τὸν
688 2219 851 2271 σάλον
910 2220 1007 2287 τῆς
1075 2218 1349 2285 θαλάσσης
1406 2218 1658 2281 καὶτοὺς
1707 2219 1983 2287 ἐναντίους

413 2310 651 2380 ἀνέμους
706 2311 807 2362 οὑκ
860 2309 1091 2378 ἐδυνήθη
1150 2306 1499 2378 περιοδεῦσαι
1551 2308 1831 2361 κύκλωθεν
1882 2309 1983 2373 τῆς

410 2408 580 2471 νήσου
615 2402 712 2455 τοῦ
746 2401 1015 2463 Πέλοπος,
1044 2401 1139 2453 καὶ
1165 2398 1334 2453 ἐλθὼν
1361 2398 1450 2451 διὰ
1485 2398 1580 2452 τοῦ
1626 2398 1844 2467 Ἰσθμοῦ
1884 2400 1982 2463 τὰς

408 2496 541 2563 νῆας
574 2496 744 2561 σύρας
778 2493 857 2545 ἔτι
906 2492 1044 2561 πρὸς
1096 2490 1238 2560 ἐῴαν
1270 2490 1369 2559 τῆς
1415 2491 1667 2554 Ἑλλάδος
1707 2491 1983 2563 Θαλάσσης

407 2589 623 2657 ταχέως
665 2589 720 2638 ἐν
751 2589 816 2657 τῇ
874 2586 1027 2657 Ἀσίᾳ
1053 2584 1247 2649 ὁδεύει,
1288 2585 1321 2655 ἢ
1360 2585 1453 2637 καὶ
1497 2585 1587 2639 τὸν
1608 2585 1852 2655 Νικητᾶν
1880 2604 1985 2638 πα-

408 2681 647 2751 τρίκιον,
675 2680 803 2732 ὅταν
840 2679 934 2732 καὶ
979 2679 1145 2739 αὐτὸς
1193 2681 1258 2731 ἐκ
1282 2679 1381 2747 τῆς
1425 2677 1746 2748 Ἐλλαδικῆς
1780 2678 1983 2731 θαλάσ-

411 2787 509 2838 σης
536 2770 635 2831 τὰς
671 2769 922 2839 τριήρεις
952 2769 1008 2820 ἐν
1038 2771 1104 2837 τῇ
1143 2754 1349 2838 δυτικῇ
1385 2772 1636 2837 περάσας
1679 2771 1806 2831 τοὺς
1835 2770 1985 2839 Κρῆ-

406 2879 502 2925 τας
533 2864 589 2913 ἐν
622 2863 687 2930 τῇ
727 2859 962 2929 Μοθώνῃ
1011 2861 1103 2912 καὶ
1131 2859 1290 2929 Πύλῳ
1314 2859 1680 2929 ἐτροπώσατο.

480 2956 680 3007 Λοιπὸν
746 2956 775 3005 ὁ
819 2953 1041 3022 ἀμηρᾶς
1100 2951 1196 3015 τὰς
1250 2952 1504 3023 τριήρεις
1564 2952 1738 3021 φέρας
1766 2953 1826 3006 ἐν
1883 2955 2054 3051 peric

410 3045 586 3111 νυκτὶ,
616 3046 674 3097 ἐν
700 3042 861 3112 252
893 3042 967 3111 τῷ
998 3042 1174 3113 λιμένι
1212 3041 1288 3112 τῷ
1319 3041 1461 3112 πρωῒ
1491 3043 1822 3113 ηὑρέθησαν.
1852 3038 1983 3097 Εἶτα

410 3226 714 3288 concussis,
749 3223 914 3279 fossis
946 3222 1208 3293 impletis,
1260 3222 1407 3277 illico
1457 3238 1521 3278 ea
1558 3224 1857 3281 instaurata
1900 3227 1985 3280 in-

414 3319 579 3384 venit,
617 3325 672 3371 et
701 3326 921 3369 centum
963 3325 1017 3368 et
1046 3315 1447 3385 quinquaginta
1505 3315 1780 3384 triremes,
1838 3318 1983 3372 bire-

413 3426 547 3474 mes,
617 3408 894 3463 unircmes
944 3421 1136 3475 capere
1160 3420 1270 3460 non
1325 3406 1708 3475 potuisseillas
1736 3418 1977 3478 quatuor

417 3515 609 3563 naves,
636 3498 727 3553 sed
776 3496 985 3551 tantam‘
1036 3497 1103 3549 ab
1136 3495 1201 3549 iis
1257 3495 1465 3550 cladem
1515 3511 1803 3566 perpessas
1866 3513 1984 3554 esse

419 3593 754 3649 considerat.
784 3589 979 3665 :l‘rahit
1000 3584 1071 3643 ex
1098 3588 1208 3643 imo
1252 3598 1472 3657 pectore
1496 3590 1777 3659 gemitum,
1810 3578 1865 3646 et
1896 3590 1982 3645 fu-

412 3696 524 3740 mat
554 3700 646 3739 ore
670 3726 685 3751 ,
722 3699 786 3739 ac
814 3682 1201 3746 meditabatur,
1227 3682 1361 3752 quid
1416 3682 1558 3737 facto
1603 3697 1743 3752 opus
1811 3691 1978 3747 esset,

320 3770 331 3780 ’
412 3785 467 3831 ut
498 3778 686 3832 urbem
721 3776 943 3845 gravius
980 3785 1199 3843 urgeret
1223 3781 1276 3828 et
1334 3782 1609 3844 premeret
1637 3788 1702 3828 ac
1752 3782 1894 3828 terra
1930 3782 1983 3828 et

414 3869 550 3923 mari
581 3868 880 3923 obsideret.
910 3865 1097 3921 Talem
1132 3867 1298 3937 igitur
1334 3868 1601 3923 rationem
1630 3869 1980 3939 exc0gitavit,

410 3975 517 4030 qua
553 3968 763 4028 partem
800 3959 1001 4014 classis
1055 3959 1108 4011 in
1170 3968 1386 4028 portum
1445 3960 1719 4028 trajiceret
1756 3978 1770 4014 :
1814 3976 1980 4029 quam

414 4054 676 4106 rationem
734 4051 917 4106 statim
979 4049 1120 4105 facto
1151 4051 1423 4120 probavit.
1473 4052 1517 4104 A
1577 4064 1729 4122 tergo
1778 4050 1982 4108 Galatae

412 4159 564 4200 trans
591 4145 783 4198 collem
818 4144 963 4196 viam
994 4151 1196 4196 rectam
1224 4143 1289 4196 ad
1320 4153 1538 4212 portum
1592 4159 1764 4213 usque
1822 4145 1985 4213 perti-

412 4249 628 4313 nentem
670 4235 818 4299 facit,
870 4243 1149 4304 totamque
1175 4235 1395 4290 assibus
1424 4235 1782 4305 trabibusque
1837 4246 1981 4291 ster-

2082 1768 2171 1822 διά
2206 1770 2304 1835 τὴν
2347 1766 2637 1835 ὀλιγότητα
2662 1762 2843 1834 ἡμῶν.
2900 1760 3014 1814 Καὶ
3074 1757 3271 1828 βουλῆς
3294 1813 3303 1821 ς
3328 1750 3651 1822 γενομένης,

2084 1861 2172 1916 ἵνα
2199 1861 2249 1913 οἱ
2281 1857 2578 1929 στρατηγοὶ
2606 1857 2700 1908 καὶ
2730 1854 2780 1927 οἱ
2805 1853 3078 1922 δήμαρχοι
3102 1849 3198 1903 καὶ⁵
3244 1848 3294 1900 οἱ
3322 1846 3507 1916 ἕτεροι
3532 1844 3653 1912 ἄρι-

2086 1969 2201 2005 στοι
2232 1950 2427 2020 ἄνδρες
2470 1947 2662 2001 Ἰταλοί
2689 1964 2749 1999 τε
2810 1945 2906 1998 καὶ
2946 1943 3224 2011 Ῥωμαῖοι,
3289 1938 3459 2005 ὀλίγοι
3510 1936 3653 1988 πάνυ

2084 2044 2422 2114 εὑρεθέντες,
2458 2043 2594 2096 ὅπου
2642 2039 2687 2093 δ’
2743 2038 2810 2092 ἂν
2839 2037 3035 2091 νεωστὶ
3091 2030 3528 2103 προσταχθῶσιν,
3595 2026 3651 2080 ἐν

2085 2134 2316 2195 ἐκείνοις
2353 2133 2468 2194 τοῖς
2505 2130 2693 2192 τόποις
2745 2128 2977 2190 ἕκαστος
3032 2123 3209 2179 αὐτῶν
3271 2121 3481 2190 ἀπέλθῃ
3525 2121 3651 2180 τοὺς

2084 2228 2301 2296 τείχους
2353 2224 2648 2293 φυλάττειν
2695 2222 2790 2275 καὶ
2827 2221 2940 2283 τοῖς
2971 2218 3182 2288 ἐχθροῖς
3227 2210 3648 2282 ἀντιμάχεσθαι.

2086 2321 2193 2373 Καὶ
2218 2318 2435 2389 πρῶτον
2469 2333 2567 2386 μεν
2594 2314 2673 2384 τῷ
2712 2314 2810 2382 τῆς
2850 2310 3095 2371 Ἐνετίας
3143 2307 3366 2378 μπαῖλῳ
3408 2302 3649 2374 Ἱερωνύ-

2089 2430 2173 2481 μῳ
2199 2412 2432 2480 Μηνότῳ
2470 2405 2876 2477 ἐνεμπιστεύθη
2901 2404 3194 2473 φυλάττειν
3225 2400 3318 2453 καὶ
3351 2396 3650 2464 οἰκονομεῖν

2085 2504 2152 2556 τὰ
2190 2503 2469 2571 ἀνάκτορα
2493 2500 2588 2552 καὶ
2625 2499 2803 2552 πάντα
2838 2496 2906 2550 τά
2939 2496 3118 2548 ἐκεῖσε
3149 2506 3165 2523 ⁸
3198 2492 3277 2561 τῷ
3303 2490 3360 2544 δὲ
3398 2488 3504 2540 τῶν
3531 2488 3648 2538 Ka-

2085 2595 2331 2649 ταλάνων
2376 2590 2648 2660 κονσούλῳ
2674 2591 2869 2659 Πέτρῳ
2899 2587 3058 2657 253
3084 2584 3358 2654 Γουλιάνῳ
3376 2582 3536 2651 ἐδόθη
3566 2582 3653 2635 ἵνα

2087 2688 2337 2757 φυλάττῃ
2365 2687 2421 2737 ἐν
2460 2686 2570 2747 τοῖς
2598 2684 2788 2752 μέρεσι
2821 2680 2918 2734 τοῦ
2956 2679 3345 2741 Βουκολέοντος
3388 2676 3485 2733 καὶ
3523 2677 3652 2745 άίρι

2087 2778 2251 2845 ἐγγὺς
2283 2775 2379 2830 τοῦ
2412 2774 2836 2837 Κοντοσκαλίου,
2866 2771 2943 2842 τῷ
2965 2771 3023 2824 δὲ
3061 2756 3305 2839 Ἰακώϐῳ
3337 2768 3653 2840 Κονταρίνῳ

2087 2870 2175 2923 ἵνα
2206 2866 2450 2937 φυλάττῃ
2478 2864 2547 2917 τὰ
2586 2864 2731 2935 μέρη
2761 2863 2870 2916 τῶν
2899 2862 3099 2933 τειχῶν
3118 2861 3212 2913 τοῦ
3238 2860 3439 2926 ἔξωθεν
3491 2859 3651 2928 λιμέ-

2086 2976 2170 3022 νος
2204 2959 2298 3011 καὶ
2331 2956 2435 3019 ’ἐως
2465 2956 2632 3024 ἐγγὺς
2661 2954 2774 3007 τῶν
2811 2952 3174 3023 ’Υψωμαθίων
3209 2952 3324 3021 (καὶ
3351 2953 3411 3004 οὐ
3448 2951 3651 3004 διέλιπε

2087 3054 2259 3106 ποιεῖν
2286 3050 2353 3103 τὰ
2388 3050 2489 3102 ὅσα
2516 3048 2693 3113 ἔξεστι
2728 3044 3108 3115 στρατιώταις,
3142 3046 3235 3097 καὶ
3282 3043 3521 3115 μάλιστα
3542 3046 3651 3106 τοῖς

2084 3241 2303 3304 postero
2337 3244 2495 3285 mane
2526 3230 2580 3285 in
2614 3237 2772 3299 portu
2808 3229 3038 3284 iuventte
3066 3236 3219 3284 sunt.
3265 3228 3469 3283 Deinde
3519 3243 3649 3299 pon-

2086 3335 2192 3378 tem
2226 3325 2329 3377 hoc
2348 3323 2507 3376 modo
2542 3321 2833 3375 exstruxit.
2866 3321 3074 3386 Acatia,
3121 3320 3228 3373 alia
3279 3318 3454 3386 lignea
3517 3334 3648 3373 vasa

2084 3416 2286 3483 ampla,
2323 3413 2444 3467 dola
2476 3427 2675 3481 magno
2706 3426 2936 3466 numero
3000 3411 3331 3481 comportari
3370 3410 3562 3480 jussit,
3592 3421 3647 3465 et

2084 3507 2246 3577 lignis
2274 3505 2452 3573 longis
2484 3506 2597 3559 sive
2626 3502 2895 3570 trabibus,
2928 3501 3274 3569 ferramentis
3305 3512 3359 3557 et
3398 3502 3645 3567 funibus,

2087 3600 2317 3654 firmiter
2368 3606 2422 3654 et
2471 3606 2618 3653 arcte
2665 3598 2970 3669 constringi
3006 3609 3061 3651 et
3093 3598 3365 3667 colligari,
3402 3613 3466 3651 ne
3516 3612 3652 3665 Opus

2083 3692 2341 3747 fluctibus
2366 3690 2534 3745 maris
2565 3690 2935 3757 disjiceretur.
2964 3690 3171 3745 Deinde
3234 3705 3401 3760 super
3450 3690 3651 3753 acatia,

2082 3798 2237 3847 vasa,
2265 3782 2445 3837 trabes
2475 3780 2689 3836 assibus
2707 3796 2803 3851 per
2834 3781 3021 3836 clavos
3040 3782 3246 3836 ferreos
3288 3782 3409 3837 sive
3458 3781 3653 3853 fibulas

2081 3877 2256 3931 valide
2287 3877 2481 3941 afﬁxis,
2540 3890 2679 3945 pons
2746 3876 2936 3930 firmus
2984 3885 3039 3931 et
3066 3877 3293 3945 pulcher
3348 3876 3649 3940 factusest,

2082 3968 2367 4022 latitudine
2390 3967 2806 4037 quinquaginta,
2832 3966 3167 4037 longitudine
3184 3977 3405 4022 centum
3432 3969 3646 4039 pedum.

2086 4062 2142 4108 ut
2189 4069 2284 4122 per
2328 4060 2503 4107 totum
2541 4054 2776 4107 medium
2828 4063 3045 4122 pontem
3094 4064 3356 4125 tanquam
3393 4058 3447 4112 in
3498 4060 3643 4113 sicco

2082 4144 2348 4198 ambulari
2382 4142 2732 4213 posset.Tum
2762 4143 2994 4214 helepoli
3028 4147 3178 4213 ponti
3221 4145 3473 4215 imposita
3496 4147 3647 4202 trire-

2081 4237 2369 4305 mibusque
2400 4236 2564 4291 simul
2599 4235 2665 4290 ad
2702 4237 2890 4291 urbem
2914 4237 3172 4302 admotis,
3198 4243 3400 4293 moenia
3419 4255 3479 4293 ea
3502 4251 3653 4308 parte

414 4332 513 4396 nit,
563 4329 720 4397 adipe
764 4328 928 4381 boum
986 4334 1040 4380 et
1098 4342 1382 4381 vervecum
1435 4328 1735 4394 perunctis.
1798 4327 1980 4383 Multis
2010 4340 2060 4399 υ
2088 4337 2369 4396 percutere
2396 4341 2705 4398 cmperunt.
2735 4330 2858 4385 Haec
2880 4346 3000 4385 cum
3037 4332 3417 4401 conspicerent
3485 4334 3657 4403 impe-

412 4422 635 4489 iusnper
666 4418 787 4473 aliis
820 4418 1199 4472 instrumentis
1220 4417 1597 4484 machinisque
1617 4418 1750 4472 varii
1772 4420 1984 4487 generis

412 4512 764 4575 ctxrtstructis,
792 4511 1048 4563 triremes
1103 4518 1157 4562 ct
1201 4509 1457 4571 biremes,
1522 4509 1668 4563 facili
1723 4526 1886 4580 opera
1930 4512 1981 4564 in

414 4606 598 4659 collem
624 4604 940 4665 subvectas,
973 4602 1024 4653 in
1050 4611 1262 4668 portum
1290 4600 1533 4655 deducit.
1558 4603 1691 4657 Erat
1721 4617 1859 4671 opus
1878 4604 1983 4658 nti-

414 4696 581 4751 rabile
615 4704 665 4747 ct
694 4694 972 4746 nauticum
1005 4701 1336 4759 strategema
1370 4694 1676 4763 egregium.
1710 4684 1978 4762 Equidem

413 4787 687 4850 exiStimo,
718 4784 987 4838 imitatum
1023 4798 1148 4837 eum
1178 4799 1299 4838 esse
1330 4782 1603 4840 Czesarem
1652 4784 1982 4855 Augustum,

411 4887 595 4931 contra
647 4875 940 4930 Antonium
999 4883 1050 4927 et
1101 4875 1445 4944 CICOpatram
1502 4886 1852 4945 pugnantem,
1886 4878 1981 4947 qui

412 4988 536 5026 (stum
591 4980 813 5039 propter
842 4970 1036 5023 fluctus
1064 4969 1230 5022 maris
1259 4977 1310 5022 et
1340 4979 1530 5022 ventos
1554 4969 1813 5025 adversos
1880 4973 1984 5025 Pe-

413 5064 772 5129 loponnesum
819 5058 1284 5126 circumnavigare
1326 5072 1433 5111 non
1494 5068 1697 5127 posset,
1751 5060 1980 5116 navibus

412 5163 560 5205 trans
596 5150 858 5204 Isthmum
890 5150 943 5202 in
980 5157 1183 5218 partem
1214 5149 1529 5203 orientalem
1592 5150 1757 5205 maris
1808 5150 1980 5207 Grmci

414 5247 626 5309 tractis,
659 5243 943 5299 confestim
986 5245 1036 5296 in
1074 5246 1258 5299 Asiam
1287 5245 1552 5313 pervenit,
1591 5253 1684 5297 aut
1734 5245 1980 5300 Nicetam

414 5339 721 5406 patricium,
764 5336 855 5404 qui
885 5343 936 5389 et
984 5336 1153 5405 ipsee
1206 5339 1341 5391 mari
1392 5336 1580 5393 (ἶνις-ρο
1630 5339 1877 5393 triremes
1929 5341 1981 5392 in

414 5430 675 5483 orientale
700 5427 912 5497 trajecit
942 5436 995 5482 ct
1037 5428 1223 5485 Cretes
1269 5432 1333 5486 ad
1370 5431 1656 5487 Mmhoncn
1692 5442 1744 5487 et
1786 5431 1980 5502 Pylum

418 5522 469 5574 in
503 5521 683 5589 fugam
722 5520 898 5575 vertit.

487 5612 761 5667 't‘rircmes
794 5599 957 5679 igitur
988 5614 1054 5669 ab
1080 5630 1261 5671 amcra
1298 5630 1400 5669 una
1464 5623 1622 5670 nocte
1658 5613 1977 5679 drportatae,

2087 4429 2237 4473 rator
2259 4430 2309 4475 et
2335 4421 2468 4475 urbs
2504 4421 2782 4487 universa,
2808 4423 3159 4478 vehementer
3186 4425 3389 4479 animis
3432 4435 3655 4494 pertur-

2086 4513 2197 4567 bati
2232 4523 2378 4566 sunt.
2434 4513 2740 4568 Sollicitum
2782 4515 2940 4592 enim_
2978 4516 3366 4585 imperatorem
3424 4516 3661 4571 habebat

2088 4605 2333 4673 paucitas
2367 4614 2707 4663 nostrorum.
2742 4604 3055 4661 Convocato
3086 4607 3346 4669 concilio,
3367 4607 3650 4662 decretum

2087 4702 2194 4757 est,
2220 4704 2279 4746 ut
2302 4693 2466 4748 duces
2496 4703 2550 4749 et
2580 4695 2784 4749 tribuni
2808 4705 2861 4749 et
2894 4696 3089 4764 reliqui
3122 4696 3223 4749 viri
3271 4695 3481 4752 strenui
3542 4705 3656 4749 tum

2087 4785 2200 4839 ltali
2234 4792 2348 4839 tum
2398 4784 2653 4851 Romani,
2704 4788 2956 4856 perpauci
2999 4801 3252 4851 numero,
3309 4803 3412 4854 qua
3480 4802 3657 4855 nuper

2087 4878 2366 4932 constituti
2392 4877 2645 4942 fuissent,
2698 4879 2891 4933 eadem
2942 4880 2997 4932 in
3055 4880 3174 4933 loca
3216 4894 3361 4934 nunc
3416 4879 3661 4933 redirent

2088 4971 2153 5024 ad
2184 4969 2521 5025 defendenda
2555 4971 2755 5024 ιιιωηὶιι
2786 4972 3077 5040 hostesque
3115 4970 3538 5040 propulsandos.
3581 4969 3662 5022 Ac

2088 5062 2325 5131 primum
2384 5062 2603 5132 quidem
2652 5060 2987 5117 Venetorum
3067 5063 3234 5126 bailo,
3317 5061 3661 5131 Hieronymo

2088 5154 2324 5220 Mcnoto,
2369 5157 2683 5210 mandatum
2737 5165 2841 5219 c5t,
2908 5164 2968 5209 ut
3000 5155 3199 5223 palatia
3230 5164 3283 5210 et
3316 5171 3437 5222 quze
3478 5155 3545 5207 ad
3593 5170 3658 5208 ea

2089 5248 2428 5317 pertinerent
2475 5247 2779 5301 custodiret
2834 5257 2885 5300 ct
2938 5256 3206 5301 servaret.
3270 5245 3659 5300 Catelanorum

2089 5339 2788 5405 consuli,PetroGuliano,
2831 5355 2956 5408 pars
3004 5340 3326 5393 Bucoleonis
3379 5354 3546 5407 prope
3592 5340 3661 5391 ad

2088 5431 2491 5499 Contoscalium
2517 5448 2687 5499 usque
2712 5430 2913 5484 tuenda
2942 5432 3064 5483 data
3099 5441 3204 5485 est.
3258 5430 3463 5483 Jacobo
3511 5428 3660 5482 Con-

2090 5522 2265 5575 tarino
2287 5522 2424 5573 muri
2453 5522 2741 5575 exterioris
2768 5532 2957 5589 portus
2974 5536 3148 5590 usque
3169 5522 3233 5574 ad
3261 5518 3657 5590 Hypsomathia

2091 5615 2368 5667 commissi
2409 5615 2601 5677 (necis
2640 5614 2876 5682 neglexit
2900 5614 3107 5679 facere,
3145 5610 3406 5683 quidquid
3430 5611 3655 5670 milites.
