4066 6296
376 460 488 529 8ἆ9

1404 486 1852 555 CHRONICON
1894 496 2165 558 MAIUS-
2203 520 2273 532 -
2315 502 2460 561 LIB.
2511 504 2626 568 III.

3525 506 3633 570 8.30

380 577 675 690 sgf-lg“):
718 581 977 690 Mflw'd‘h}
1027 589 1083 642 δὲ
1254 593 1316 647 ἐκ
1370 597 1471 667 τῆς
1512 600 1810 673 Λιγουρίας
1849 623 1954 672 φυ-
1985 612 2027 665 Α
2056 608 2112 660 δὲ
2141 608 2218 677 τῷ
2250 611 2311 662 ἐκ
2349 613 2658 679 Καρύστου.
2692 614 2848 685 ἀνδρὶ
2873 616 3168 687 πολεμιστῇ
3202 618 3294 671 καὶ
3318 619 3628 690 δραστηρίῳ

375 670 592 769 λάττειν
620 674 687 727 τὰ
724 674 866 769 μέρη
901 680 1003 750 τῆς
1054 684 1228 756 πύλης
1268 690 1366 759 τῆς
1402 670 1705 765 λεγομένης
1729 670 1951 769 Χρυέῆς

381 765 521 859 μετὰ
540 768 831 823 διακοσίων
854 774 1062 845 ἀνδρῶν
1082 780 1316 846 τοξότων
1335 802 1393 836 τε
1417 788 1505 839 καὶ
1532 765 1949 859 μπαλαιστρῶνο

376 852 527 952 εῐχον
582 864 694 932 γὰρ
747 864 806 916 ἐν
856 867 1056 939 ἐκείνῳ
1084 871 1160 941 τῷ
1196 876 1352 945 μέρει
1383 852 1634 933 ἑλέπολιν
1677 852 1951 952 ἐναντίαν,

377 950 476 1042 καὶ
503 952 674 1024 αὐτὴν
729 957 869 1024 μετὰ
903 960 1183 1029 βουϐάλων
1209 970 1303 1021 καὶ
1345 969 1483 1039 βοῶν
1517 973 1692 1042 δορῶν
1738 950 1953 1030 ἐνδεδυέ

380 1039 576 1137 μένην,
605 1047 790 1102 καὶτὰ
815 1050 969 1122 τείχη
1006 1055 1146 1123 μετὰ
1180 1062 1443 1127 μηχανῶν
1464 1039 1717 1119 ἔτυπτον.
1756 1067 1955 1137 Παύλῳ

381 1134 483 1227 μὲν
533 1137 631 1189 καὶ
674 1138 948 1214 Ἀντωνίῳ
1010 1148 1105 1200 καὶ
1144 1147 1378 1222 Τρωίλῳ
1429 1159 1543 1217 τοῖς
1604 1134 1956 1227 αὐταδέλφοις

377 1226 719 1319 ἐμπιστεύθη
750 1233 836 1287 ἵνα
865 1237 1180 1304 φυλάττωσι
1215 1245 1276 1295 τδ
1308 1246 1676 1319 Μυρίανδρον,
1705 1226 1959 1307 δπουνκαὶ

377 1317 437 1370 ἐν
458 1320 693 1386 ἐκείνοις
726 1327 839 1389 τοῖς
868 1328 1092 1399 μέρεσιν
1130 1336 1162 1401 ή
1201 1336 1355 1400 πόλις
1379 1334 1447 1410 ἦν
1474 1317 1834 1408 ἐπι-κίνδυνος,
1864 1347 1957 1399 καὶ

379 1410 571 1505 voxch
598 1415 695 1505 καὶ
722 1416 939 1486 ἡμέρας
965 1422 1125 1487 πεζοί
1150 1442 1209 1478 τε
1228 1428 1322 1480 καὶ
1348 1429 1574 1483 ἱππόται
1600 1434 1697 1484 τοῦ
1720 1433 1959 1505 πλήθους

380 1501 490 1554 τῶν
519 1503 782 1575 Τούρκων
821 1510 1096 1580 ἐμάχοντο
1126 1517 1393 1583 γενναίως
1428 1520 1522 1573 καὶ
1550 1501 1840 1593 ἀνδρείως,
1866 1527 1959 1579 καὶ

380 1593 645 1659 πολλάκις
689 1601 783 1652 καὶ
836 1603 904 1657 τὰ
961 1606 1115 1675 τείχη
1171 1609 1510 1677 χαλάσαντες
1563 1616 1658 1667 καὶ
1714 1616 1960 1679 θέλοντες

380 1685 641 1741 εἰσελθεῖν
670 1692 856 1755 κακῶς
885 1696 1323 1768 ἀπεδιώχθησαν,
1367 1704 1460 1755 καὶ
1502 1704 1663 1772 φόνον
1713 1708 1794 1769 είς
1863 1709 1959 1760 αὐ-

378 1775 506 1839 τοὺς
528 1777 628 1831 οὐκ
656 1780 836 1849 ὀλίγον
876 1785 1117 1851 ἐποίουν,
1170 1788 1261 1840 καὶ
1307 1789 1471 1859 μέρος
1498 1792 1596 1860 μὲν
1622 1793 1729 1845 τῶν
1762 1793 1960 1862 κλιμά-

379 1882 493 1919 κων
518 1869 698 1925 αὐτῶν
729 1872 945 1944 ἔσυρον,
983 1877 1148 1947 μέρος
1168 1879 1223 1932 δὲ
1255 1880 1500 1949 ἔθλαζον,
1534 1883 1628 1936 καὶ
1649 1884 1717 1936 τὰ
1742 1884 1848 1938 τῶν
1866 1888 1954 1939 άν-

377 1958 521 2029 δρῶν
560 1958 699 2016 ἆθλα
723 1967 816 2019 καὶ
840 1970 977 2039 γέρα
1027 1972 1248 2039 μνήμης
1280 1975 1498 2027 αἰωνίου
1533 1976 1775 2047 ὑπῆρχον
1805 1977 1953 2041 asta.

379 2053 621 2127 Θεοφίλῳ
676 2059 838 2128 δὲτῷ
892 2062 1263 2136 Ῑῐαλαιολόγῳ,
1307 2067 1460 2136 ἀνδρὶ
1492 2069 1740 2140 ἐμπείρῳ
1776 2071 1957 2142 πάσης

379 2154 779 2222 γραμματικῆς
809 2158 1198 2224 πραγματείας
1222 2159 1317 2211 καὶ
1346 2162 1442 2231 τῆς
1477 2161 1803 2234 Ἑλληνικῆς
1836 2183 1959 2217 παι-

377 2237 523 2302 δείας
561 2241 654 2295 καὶ
690 2243 1080 2316 μαθηματικῆς
1127 2251 1205 2310 είς
1244 2252 1412 2322 ἄκρον
1444 2256 1788 2325 γευσαμένῳ,
1845 2258 1957 2310 ἐνε-

381 2332 644 2403 πιστεύθη
686 2335 971 2402 φυλάττειν
1004 2342 1146 2394 κατὰ
1184 2342 1250 2395 τὰ
1282 2344 1420 2413 μέρη
1477 2343 1578 2413 τῆς
1618 2346 1792 2420 πύλης
1861 2351 1960 2419 τῆς

381 2420 679 2491 λεγομένης
719 2427 1043 2496 Σηλυϐρίας.
1090 2431 1179 2500 Τῷ
1235 2434 1294 2485 δὲ
1358 2435 1580 2507 Ἰωάννῃ
1616 2437 1693 2507 τῷ
1738 2438 1960 2492 Ἰουστι-

385 2512 550 2583 νισινῷ
578 2515 655 2584 τῷ
694 2517 854 2570 αὐτοῦ
885 2522 1175 2592 στρατηγῷ
1390 2528 1480 2578 καὶ
1512 2529 1591 2590 είς
1615 2528 1792 2581 πάντα
1812 2530 1959 2599 καλῴ

386 2604 479 2657 καὶ
508 2606 820 2694 ἐπιτηδείῳ,
868 2614 1004 2679 πρὸς
1036 2613 1094 2665 ὃν
1135 2616 1226 2667 καί
1251 2617 1278 2668 ὁ
1308 2615 1562 2684 βασιλεὺς
1607 2620 1775 2674 πολλὰ
1831 2622 1960 2694 θαρ-

386 2695 499 2762 ρῶν
521 2692 589 2766 ἦν
620 2698 707 2752 διὰ
736 2700 834 2769 τὴν
863 2704 1218 2773 γενναιότητα
1240 2707 1332 2758 καὶ
1356 2708 1578 2777 ἀνδρίαν
1629 2714 1722 2765 καὶ
1754 2692 1960 2784 τόλμην

384 2784 569 2849 αὑτοῦ,
633 2788 786 2854 ἐδόθη
856 2793 944 2846 ἵνα
995 2796 1131 2863 μετὰ
1174 2801 1545 2866 τετρακοσίων
1607 2806 1961 2872 στρατιωτῶν

397 2876 615 2931 Ἰταλῶν
637 2898 694 2933 τε
726 2882 821 2935 καὶ
857 2884 1144 2954 Ῥωμαίων
1196 2891 1436 2963 φυλάττῃ
1494 2894 1550 2945 ἰν
1600 2898 1712 2957 τοῖς
1767 2896 1959 2966 μέρεσι

384 2971 483 3039 τῆς
535 2973 710 3041 πύλης
745 2976 837 3029 τοῦ
874 2978 1031 3047 ἁγίου
1068 2980 1372 3052 Ῥωμανοῦ,
1428 2986 1562 3040 ὅπου
1622 2991 1671 3042 ol.
1723 2991 1957 3061 Τοῦρκοι

385 3061 567 3116 πλεῖον
602 3064 711 3117 τῶν
743 3068 918 3123 ἄλλων
950 3072 1132 3141 μερῶν
1160 3076 1437 3146 ἐμάχοντο
1485 3097 1497 3109 ·
1522 3081 1615 3134 καὶ
1641 3081 1740 3151 τὴν
1767 3083 1957 3136 €15.66-

384 3153 467 3208 λιν
493 3157 590 3228 τὴν
619 3160 862 3230 μεγάλην
885 3162 978 3215 καὶ
1005 3163 1103 3231 τὴν
1149 3166 1388 3221 ἐλεσόλιν
1444 3172 1502 3223 ἐν
1564 3173 1793 3237 ἐκείνοις
1848 3177 1958 3238 τοῖς

389 3248 617 3317 μέρεσιν
639 3251 877 3322 ἔστησαν
904 3253 991 3308 διὰ
1030 3256 1089 3309 τὸ
1124 3252 1263 3311 εἶναι
1310 3261 1401 3315 τὸν
1449 3262 1613 3318 τόπον
1653 3266 1957 3334 ἐπιτήδειον
1985 3286 2027 3343 c

387 3343 523 3413 πρὸς
553 3344 613 3397 τὸ
642 3347 946 3416 πολιορκεῖν
969 3350 1036 3404 τὰ
1063 3350 1216 3422 τείχη
1245 3355 1339 3407 καὶ
1367 3354 1465 3425 τὴν
1497 3358 1650 3410 πόλιν
1677 3361 1770 3412 καὶ
1792 3360 1879 3415 διὰ
1905 3362 1964 3413 τὸ

389 3431 529 3489 εἶναι
550 3436 745 3489 καὶτὸν
764 3438 985 3508 άμηρᾶν
1006 3441 1683 3516 άντικοὺςιὲσκτπνωμένον.
1701 3448 1965 3522 θεοδώρῳ

392 3625 652 3673 strenuos
682 3624 1009 3688 praesertim,
1041 3624 1222 3682 facere
1258 3628 1460 3701 decet).
1490 3630 1727 3687 Manueli
1776 3633 1964 3703 Liguri

392 3718 545 3774 porta
578 3724 747 3765 aurea
762 3726 885 3780 quae
915 3714 1116 3770 dicitur
1144 3734 1267 3773 cum
1298 3722 1606 3792 sagittariis
1634 3734 1688 3779 et
1721 3723 1966 3780 fundito-

391 3800 546 3855 ribus
582 3802 831 3860 ducentis
854 3809 1211 3866 custodienda
1238 3815 1433 3868 tradita
1488 3826 1593 3871 est.
1645 3816 1777 3872 Erat
1817 3819 1965 3871 enim

391 3891 520 3947 huic
591 3896 731 3963 parti
764 3900 1007 3966 Opposita
1033 3901 1326 3972 helepolis,
1370 3914 1424 3960 et
1470 3906 1588 3975 ipsa
1639 3906 1962 3961 bubalorum

389 3984 668 4054 boumque
726 3988 961 4056 pellibus
1007 3991 1221 4057 induta,
1257 4010 1322 4050 ac
1376 3998 1517 4050 muri
1573 3998 1968 4066 quatiebantur

389 4079 684 4135 machinis.
739 4080 967 4146 Paulus,
1030 4084 1309 4142 Antonius
1358 4099 1411 4144 et
1479 4089 1723 4155 Troilus,
1767 4090 1968 4148 fratres

390 4171 661 4239 germani,
708 4172 1024 4245 Myriandro
1064 4177 1308 4245 praefecti
1365 4188 1515 4247 sunt,
1566 4184 1828 4252 quoniam
1890 4185 1965 4241 ibi

390 4278 608 4334 quoque
640 4266 770 4321 urbs
812 4267 1033 4336 gravius
1061 4267 1422 4328 laborabatet
1448 4273 1535 4328 die
1563 4284 1840 4347 noctuque
1895 4279 1966 4333 dc

393 4355 691 4414 Turcarum
714 4362 952 4416 exercitu
974 4361 1183 4429 pedites
1239 4374 1294 4418 et
1354 4366 1569 4435 equites
1626 4376 1850 4424 strenue
1903 4385 1968 4424 ac

395 4440 606 4499 fortiter
630 4450 962 4519 pugnabant,
997 4450 1239 4518 adeoque
1273 4467 1438 4521 saepe,
1494 4457 1772 4514 moenibus
1834 4473 1969 4513 coo-

394 4540 593 4604 eussis,
628 4541 679 4594 in
711 4544 898 4597 urbem
940 4548 1565 4613 penetrarenilebautur
1593 4565 1767 4619 :quos
1787 4559 1964 4606 tamen

2060 700 2153 752 καὶ
2187 701 2377 775 τοξότῃ
2414 705 2714 777 ἠσκημένῳ
2746 708 2885 777 ὑπὲρ
2915 707 3219 777 ἄνθρωπον,
3253 712 3346 763 καὶ
3406 712 3627 783 Ἰωάννῃ

2057 786 2339 857 Εερμανῷ,
2378 792 2532 859 ἀνδρὶ
2561 793 2655 856 τὰς
2706 796 2798 846 τοῦ
2846 796 3083 866 πολέμου
3138 800 3385 869 μηχανὰς
3451 801 3633 862 καλῶς

2058 879 2240 945 εἰδότι,
2298 881 2452 951 ἐδόθη
2491 883 2578 936 ἵνα
2617 886 2958 951 φυλάττωσιν
2992 890 3048 941 ἐν
3098 892 3212 952 ταῖς
3270 890 3460 959 μέρεσι
3517 894 3629 953 τοῖς

2057 971 2446 1041 Καλυγαρίοις.
2522 974 2579 1026 '0
2627 976 2682 1028 δέ
2719 977 3040 1047 Ἱερώνυμος
3099 982 3194 1033 καὶ
3256 982 3547 1050 Λεονάρδος
3579 983 3627 1033 οἱ

2059 1061 2381 1130 Λιγουρίται
2416 1064 2503 1116 ἵνα
2531 1065 2871 1131 φυλάττωσιν
2907 1068 2965 1120 ἐν
3000 1071 3110 1131 τοῖς
3163 1070 3357 1139 μέρεσι
3398 1072 3495 1138 τῆς
3528 1070 3630 1120 πύ-

2058 1150 2154 1220 λης
2186 1152 2284 1219 τῆς
2314 1152 2613 1224 λεγομένης
2636 1154 2876 1225 ξυλίνης.
2904 1157 2995 1227 Τῷ
3031 1159 3087 1211 δὲ
3127 1159 3423 1229 καρδινάλῃ
3468 1159 3637 1211 Ῥωσ-
3714 1214 3717 1217 ,

2063 1244 2182 1305 σίας
2212 1242 2367 1312 ἐδόθη
2397 1244 2487 1297 ἵνα
2514 1246 2756 1316 φυλάττῃ
2788 1247 2845 1299 ἐν
2868 1250 2981 1311 τοῖς
3015 1249 3209 1318 μέρεσι
3262 1248 3355 1302 τοῦ
3384 1252 3636 1316 Κυνηγε-

2062 1334 2177 1386 σίου
2244 1335 2338 1387 καὶ
2384 1335 2491 1398 ἕως
2530 1336 2626 1389 τοῦ
2668 1338 2825 1405 ἁγίου
2876 1340 3210 1409 Δημητρίου.
3255 1340 3313 1393 Ὀ
3370 1340 3426 1392 δὲ
3460 1341 3635 1409 μέγας

2060 1425 2185 1490 δοὺξ
2210 1427 2425 1489 Λουκᾶς
2468 1431 2496 1480 ὁ
2527 1428 2782 1499 Νοταρᾶς
2809 1430 2895 1485 ἵνα
2930 1432 3173 1502 φυλάττῃ
3203 1426 3261 1483 ἐν
3296 1432 3408 1493 τοῖς
3444 1432 3635 1499 μέρεσι

2061 1515 2154 1568 τοῦ
2194 1518 2423 1586 Πετρίου
2452 1519 2545 1571 καὶ
2573 1518 2678 1582 Eia;
2724 1523 2822 1592 τῆς
2882 1523 3050 1590 πύλης
3103 1523 3204 1591 τῆς
3240 1523 3396 1591 άγίας
3447 1523 3637 1575 Θεοδο-

2064 1606 2204 1669 σίας.
2254 1607 2341 1659 Ἐν
2370 1608 2425 1660 δὲ
2450 1612 2561 1673 τοῖς
2589 1611 2780 1680 μέρεσι
2815 1612 2914 1681 τῆς
2954 1612 3130 1681 πύλης
3186 1612 3283 1681 τῆς
3334 1614 3638 1682 λεγομένης

2062 1695 2271 1765 ὡραίας
2298 1698 2586 1764 φυλάττειν
2618 1699 2935 1770 ὼρίσθησαν
2965 1704 3013 1754 οί
3043 1702 3235 1755 ναῦται
3264 1704 3357 1755 καὶ
3402 1704 3449 1755 οί
3504 1704 3635 1755 ναύ-

2063 1788 2252 1856 κληροι
2276 1790 2369 1841 καὶ
2399 1791 2752 1861 κυϐερνῆται,
2790 1791 2887 1857 οὓς
2941 1789 3146 1865 εἶχενή
3182 1793 3311 1857 ναῦς
3343 1795 3375 1864 ή
3436 1794 3498 1846 ἐκ
3536 1794 3640 1863 τῆς.

2064 1880 2310 1951 Κρήτης.

2126 2054 2188 2110 δ’.
2227 2057 2317 2128 Τῷ
2358 2059 2414 2112 δὲ
2469 2060 2709 2131 Γαϐριὴλ
2770 2062 3081 2133 Τρισιζάνῳ
3134 2060 3212 2132 τῷ
3263 2061 3372 2114 τῶν
3410 2061 3639 2115 Ἑνετῶν

2061 2148 2333 2218 τριήρεων
2367 2152 2683 2221 καπετανίῳ
2714 2155 2851 2221 μετὰ
2882 2153 2978 2206 καὶ
3013 2153 3215 2222 ἐτέρων
3263 2153 3474 2223 ἀνδρῶν
3508 2169 3638 2205 πεν-

2062 2237 2301 2305 τήκοντα
2336 2240 2492 2310 ἐδόθη
2522 2242 2811 2311 φυλάττειν
3048 2244 3137 2295 τὸν
3189 2244 3397 2313 πύργον
3441 2243 3532 2295 τὸν
3584 2245 3642 2295 ἐν

2065 2327 2215 2396 μέσῳ
2245 2329 2339 2381 τοῦ
2373 2332 2663 2401 ῥεύματος,
2694 2336 2783 2386 τὸν
2820 2335 3158 2402 φυλάσσοντα
3185 2335 3280 2403 τὴν
3309 2335 3513 2388 είσοδον
3541 2334 3641 2387 τοῦ

2061 2416 2297 2486 λιμένος,
2330 2420 2425 2473 καὶ
2451 2416 2518 2493 ἦν
2541 2423 2803 2492 ἀντικρὺς
2838 2425 2937 2492 τῆς
2964 2425 3140 2493 πύλης
3167 2416 3263 2493 τῆς
3296 2425 3583 2494 βασιλικῆς
3622 2443 3636 2454 ’

2063 2509 2241 2560 καὶτὸ
2279 2512 2640 2579 ἐμπιστευοέν
2670 2513 2818 2583 αὐτῷ
2848 2514 3011 2584 μέρος
3066 2518 3141 2578 ῶς
3185 2516 3387 2585 ποιμὴν
3448 2517 3543 2568 καὶ⁸
3579 2512 3640 2566 οἶ)

2067 2600 2337 2668 μισθωτὸς
2360 2604 2538 2666 καλῶς
2566 2605 2852 2673 ἐφύλαττε.
2882 2608 2972 2675 Τῷ
3010 2608 3066 2659 δὲ
3127 2608 3395 2677 Ἀντωνίῳ
3431 2612 3503 2675 τῷ
3542 2626 3641 2662 κα·

2065 2692 2305 2761 πετανίῳ
2335 2693 2443 2746 τῶν
2477 2696 2793 2765 ἐμπορικῶν
2821 2698 3095 2767 τριήρεων
3153 2699 3306 2766 ἐδόθη
3347 2700 3640 2766 φυλάττειν

2063 2786 2160 2845 τὰς
2198 2786 2444 2854 τριήρεις
2469 2787 2633 2839 αὐτοῦ
2664 2788 2757 2839 καὶ
2783 2787 2879 2849 τὰς
2904 2790 3036 2856 νῆας
3077 2789 3173 2850 τὰς
3196 2790 3346 2852 ἐντὸς
3370 2792 3466 2859 τῆς
3510 2791 3643 2843 άλύ-

2065 2894 2225 2944 σεως,
2293 2879 2368 2941 ῶς
2408 2880 2620 2949 εἴρηται
2648 2896 2663 2911 ο
2716 2882 2769 2932 αἱ
2803 2881 2856 2932 δὲ
2900 2879 3027 2949 νῆες
3073 2883 3279 2934 ἐκεῖναι
3307 2883 3392 2935 διὰ
3420 2884 3475 2935 τέ
3503 2880 3645 2937 εἶναι

2063 2971 2231 3033 αὐτὰς
2264 2971 2446 3032 καλῶς
2479 2972 2885 3041 ἡτοιμασμένοις
2913 2975 2989 3036 είς
3019 2973 3327 3042 παράταξιν
3379 2975 3641 3044 πολέμου,

2063 3065 2109 3116 οἱ
2138 3064 2287 3126 ὄντες
2314 3063 2515 3116 ἔσωθεν
2546 3063 2684 3130 μετὰ
2708 3064 3025 3132 σαλπίγγων
3068 3066 3162 3119 καὶ
3199 3066 3495 3134 τυμπάνων
3548 3070 3643 3121 καὶ

2063 3154 2255 3221 φωνῶν
2283 3155 2668 3225 ἀναριθμήτων
2698 3156 2794 3219 τὰς
2822 3159 2929 3209 τῶν
2964 3157 3222 3226 Ἰόύρκων
3248 3160 3496 3229 τριήρεις
3542 3161 3641 3212 καὶ

2062 3246 2192 3315 νῆις
2227 3248 2304 3309 είς
2335 3248 2515 3317 μάχην
2558 3248 2806 3310 ἐκάλουν,
2839 3249 2931 3301 καὶ
2958 3250 3345 3320 ἀκροϐολισμοὶ
3393 3252 3452 3303 ού
3480 3252 3648 3305 διέλι-

2071 3355 2171 3391 πον
2198 3339 2468 3409 ἁναμέσον
2510 3340 2686 3393 αὐτῶν
2726 3340 2852 3393 καθ’
2918 3341 3156 3410 ἑκάστην
3200 3343 3409 3412 ἡμέραν
3438 3361 3451 3376 ο
3498 3344 3638 3412 πλὴν

2068 3432 2129 3483 οὐ
2164 3432 2374 3485 τελείαν
2403 3432 2721 3503 συμπλοκὴν
2745 3433 2983 3489 ἐποίουν.
3023 3436 3085 3489 Οἱ
3107 3435 3162 3488 δὲ
3187 3436 3364 3506 ἕτεροι
3393 3437 3636 3506 εὐγενεῖς

2069 3614 2115 3669 is
2138 3613 2288 3668 locus
2317 3612 2384 3666 ad
2415 3613 2782 3683 oppugnanda
2813 3614 3015 3667 moenia
3041 3613 3301 3682 inprimis
3321 3614 3649 3670 commodus

2067 3714 2119 3758 ct
2146 3705 2444 3758 tentorium
2468 3718 2719 3757 anteme
2758 3704 2979 3770 regione
3005 3711 3143 3757 erat.
3197 3701 3491 3757 Theodoro
3542 3706 3675 3759 Ca»

2070 3798 2260 3867 rystio,
2322 3797 2442 3850 viro
2512 3797 2798 3859 bellicoso,
2863 3807 2915 3851 et
2938 3806 3193 3860 strenuo,
3257 3812 3321 3851 ac
3351 3798 3650 3867 sagittario

2070 3889 2229 3956 longe
2253 3889 2731 3953 exercitatissimo,
2770 3889 2897 3942 item
2929 3887 3127 3943 Joanni
3180 3888 3476 3955 Germano,
3533 3905 3653 3944 mas

2070 3980 2359 4035 chinarum
2402 3978 2720 4033 bellicarum
2754 3978 2953 4032 artifici
2981 3981 3178 4048 perito,
3210 3980 3362 4049 regio
3419 3979 3653 4050 Calygas

2072 4062 2279 4127 rio'rum
2308 4070 2669 4128 defendenda
2708 4080 2847 4127 erat.
2890 4070 3221 4141 Hieronymo
3269 4083 3324 4127 et
3363 4072 3649 4129 Lconardo

2073 4164 2365 4235 Liguribus
2389 4173 2538 4234 porta
2573 4164 2869 4219 commissa
2898 4172 2999 4226 est,
3038 4180 3157 4234 quae
3192 4180 3220 4219 a
3256 4165 3402 4232 ligno
3449 4180 3645 4218 nomen

2068 4260 2255 4315 habet.
2283 4257 2562 4313 Cardinali
2593 4257 2801 4314 Rossite
2846 4258 3001 4327 regio
3052 4257 3341 4329 Cynegesii
3396 4259 3462 4311 ad
3523 4273 3679 4311 sau-.

2072 4362 2223 4407 ctum
2262 4366 2438 4421 usque
2473 4350 2803 4404 Demetrium
2831 4349 2954 4404 data
2980 4358 3083 4405 est.
3118 4349 3346 4418 Magnus
3378 4348 3511 4416 dux,
3545 4348 3677 4402 ιιι-.

2070 4459 2162 4499 cas
2178 4440 2433 4508 Notaras,
2464 4442 2738 4513 regionem
2760 4441 2889 4496 inde
2920 4456 2949 4495 a
2976 4440 3161 4495 Ρειιίο
3193 4454 3367 4509 usque
3399 4440 3465 4493 ad
3519 4456 3653 4509 por-

2073 4542 2182 4589 tam
2212 4542 2416 4590 sanctae
2446 4531 2768 4589 Theodosiae
2796 4532 3031 4602 accepit.
3052 4532 3129 4585 Ad
3156 4542 3397 4600 portam,
3433 4531 3521 4586 cui
3555 4547 3653 4583 ttu-
3682 4574 3685 4577 ς

397 4630 537 4686 male
570 4634 904 4701 excipientes
936 4639 1129 4707 nostri,
1158 4645 1359 4696 easdem
1390 4644 1445 4696 in
1468 4657 1562 4697 eos
1587 4656 1697 4696 non
1758 4642 1964 4697 medio-

2074 4644 2196 4684 men
2232 4628 2476 4699 pulchrae
2495 4634 2599 4692 est,
2632 4638 2834 4692 nautze,
2869 4626 3115 4682 naueleri
3143 4635 3197 4679 et
3254 4626 3649 4694 gubernatores

396 4739 542 4777 crem
573 4724 806 4780 edebant
834 4735 888 4782 et
910 4731 1086 4785 scalas
1113 4747 1306 4786 eorum
1342 4735 1538 4801 partim
1578 4734 1727 4789 intro
1781 4734 1971 4789 trahe-

401 4818 549 4881 bant,
585 4817 780 4884 partim
826 4817 1211 4888 dill‘ringebant
1258 4838 1273 4874 :
1337 4832 1723 4892 merenturque
1772 4824 1972 4878 horum

396 4909 637 4962 virorum
664 4910 965 4964 certamina
988 4919 1040 4965 et
1064 4926 1152 4966 res
1177 4920 1343 4980 gesta:
1374 4922 1635 4967 mtcrnam
1674 4915 1818 4984 apud
1876 4930 1972 4983 po-

398 5009 587 5056 steros
619 5003 970 5058 memoriam.
1025 5004 1335 5073 TheOphilo
1383 5004 1712 5075 Palaeologo,
1757 5007 1969 5061 homini

396 5089 699 5148 litterarum
730 5106 784 5148 et
804 5095 984 5151 omnis
1008 5095 1568 5165 Gratcazerudilionis
1592 5108 1645 5153 et
1668 5099 1971 5153 mathema-

397 5185 518 5241 ticae
542 5185 897 5255 peritissimo,
939 5190 1188 5243 custodia
1224 5205 1393 5259 prope
1430 5197 1665 5260 portam,
1696 5206 1819 5259 qure
1872 5190 1972 5245 Se-

397 5273 573 5348 lybria
596 5279 816 5343 dicitur,
849 5280 1047 5334 tradita
1076 5290 1177 5335 est.
1206 5279 1404 5335 Joanni
1464 5279 1801 5347 Justiniano,
1845 5282 1972 5337 duci

401 5386 619 5424 summo
647 5380 701 5424 ct
736 5372 1046 5441 ubicunque
1086 5381 1211 5442 apto
1239 5381 1294 5426 et
1348 5372 1568 5438 idoneo,
1603 5373 1689 5427 cui
1739 5373 1973 5442 impera-

404 5469 486 5515 tor
512 5472 733 5532 propter
778 5480 1101 5533 generosum
1154 5464 1418 5531 animum,
1484 5465 1857 5520 fortitudinem
1918 5476 1973 5520 et

402 5555 686 5609 audaciam
710 5555 1002 5625 plurimum
1032 5557 1359 5623 conﬁdebat,
1395 5556 1505 5610 dati
1531 5566 1659 5611 sunt
1711 5557 1976 5625 quadrin-

400 5660 433 5717 ς
469 5649 540 5701 nti
575 5650 771 5702 milites
801 5649 921 5702 Itali
952 5657 1006 5703 et
1039 5648 1296 5716 Romani,
1328 5651 1656 5719 quibuscum
1684 5649 1968 5718 regionem

401 5756 429 5794 ε
455 5744 464 5792 l
493 5754 701 5808 portam
751 5741 925 5795 sancti
984 5739 1218 5794 Romani
1260 5738 1594 5804 defcnsaret,
1643 5740 1752 5793 ubi.
1782 5738 1976 5793 Turcac

402 5834 607 5897 art-ius,
639 5847 801 5901 quam
826 5832 881 5885 in
911 5831 1140 5897 reliquis
1190 5830 1349 5893 locis,
1407 5829 1729 5900 pugnabant
1759 5837 1972 5883 statue-

404 5943 461 5982 ra
488 5938 629 5994 'tquc
654 5939 905 5996 magnam
936 5923 1085 5980 illam
1120 5922 1431 5994 helepolim,
1484 5931 1768 5991 propterea
1828 5919 1975 5990 quod

2076 4721 2249 4785 navis,
2280 4736 2399 4789 quae
2426 4735 2456 4775 e
2491 4720 2649 4774 Creta
2673 4727 2914 4784 venerat,
2951 4718 3232 4771 constituti
3255 4725 3433 4771 erant.

2156 4814 2211 4866 4.
2262 4810 2503 4866 Gabrieli
2561 4809 2883 4872 Tribizauo,
2947 4807 3275 4863 Venetarum
3333 4806 3643 4861 triremium

2078 4906 2358 4976 praefecto,
2385 4915 2438 4959 et
2470 4904 2596 4959 aliis
2621 4901 3021 4972 quinquaginta
3063 4901 3197 4956 viris
3235 4900 3302 4954 ad
3336 4899 3644 4955 custodiam
3676 4946 3679 4950 Α

2076 4999 2357 5067 assignata
2392 5006 2477 5051 est
2538 4996 2704 5051 turris
2742 4997 2795 5049 in
2854 4994 3036 5049 medio
3088 4993 3281 5059 ﬂuctu,
3333 5008 3362 5046 e
3416 4993 3640 5062 regione

2080 5100 2253 5160 porta:
2290 5088 2471 5159 regite,
2509 5089 2636 5151 sita,
2689 5100 2810 5155 quae
2882 5086 3089 5139 aditum
3146 5095 3333 5155 portus
3388 5082 3649 5139 tuctur.l's

2078 5181 2338 5236 creditam
2367 5178 2468 5232 sibi
2502 5187 2707 5246 partem
2743 5187 2799 5230 ut
2825 5184 3151 5245 pastor,uon
3175 5174 3679 5239 utmercenarius,

2081 5274 2371 5341 diligenter
2400 5270 2980 5337 scrvabat.Antonius,
3047 5271 3497 5325 mercatoriarum
3552 5285 3653 5322 na-

2078 5369 2226 5423 vium
2261 5362 2895 5436 prmfectus,triretuium
2921 5377 3149 5417 suarum
3181 5373 3233 5417 et
3259 5362 3501 5424 navium,
3528 5375 3651 5428 quae

2079 5459 2220 5512 intra
2239 5465 2486 5512 catenam
2509 5457 2814 5510 constituta:
2836 5466 3007 5522 crant,
3035 5456 3255 5510 tutelam
3277 5452 3512 5521 accepit:
3533 5467 3654 5519 qua:
3678 5486 3687 5490 ι

2080 5566 2252 5605 naves
2278 5549 2541 5618 quoniam
2572 5550 2636 5603 ad
2670 5548 2984 5603 conflictum
3005 5552 3142 5602 bene
3166 5547 3447 5601 instructa:
3467 5552 3651 5609 erant,

2079 5645 2139 5709 ii,
2181 5644 2273 5713 qui
2303 5644 2449 5697 intus
2482 5649 2659 5705 erant,
2693 5643 2973 5701 tubarum,
2998 5650 3410 5709 tympanorum,
3438 5632 3650 5688 clamo-

2080 5751 2200 5791 rum
2230 5736 2461 5805 strepitu
2486 5733 2758 5803 frequenti
2812 5731 3116 5785 Turcarum
3172 5740 3339 5780 naves
3380 5734 3436 5779 et
3488 5725 3652 5781 trire-

2080 5844 2196 5884 mes
2224 5829 2288 5881 ad
2333 5835 2607 5882 certamen
2633 5824 3027 5896 prorocabant,
3065 5831 3118 5875 et
3147 5817 3344 5889 iaculis
3404 5817 3651 5886 quotidie

2080 5914 2599 5983 dittticantcs,iusta
2631 5924 2808 5969 tamen
2845 5926 3024 5982 pugna
3072 5923 3179 5965 non
3222 5905 3655 5963 concurrebant.
