4066 6296
468 426 570 488 851

1693 422 1737 485 G
1752 421 1952 483 EORG
1967 422 2019 480 II
2063 420 2265 481 PHRA
2278 418 2486 478 N'I‘ZE

3628 404 3752 468 ιιι-ε

471 538 564 588 καὶ
601 535 809 606 ἄριστοι
839 533 1027 603 ἄνδρες
1057 532 1154 602 τῆς
1184 532 1387 595 πόλεως
1418 533 1474 586 ὲν
1499 531 1680 595 τόποις
1728 530 2043 600 ἀναγκαίοις
2074 540 2119 593 Α
2215 527 2327 580 Καὶ
2364 522 2516 588 αὖθις
2564 522 2763 595 ἑτέρας
2796 520 2993 592 βουλῆς
3025 517 3377 590 Ὕενομένης,
3422 514 3513 571 ἶνα
3544 518 3644 580 τὰς
3680 521 3746 570 ἐν

470 619 892 690 διεμερίσθησαν
953 619 1264 687 φύλαττειν,
1315 621 1409 673 καὶ
1466 621 1574 673 πᾶν
1639 622 1700 673 τὸ
1746 620 2044 688 δυνάμενον

471 711 531 763 ού
555 707 790 762 διέλιπον
818 709 1008 762 ποιεῖν.
1041 707 1180 771 Τοὺς
1208 709 1264 760 δὲ
1290 708 1555 777 μοναχοὺς
1589 708 1682 760 καὶ
1715 707 1881 775 ἱερεῖς
1950 705 2044 758 καὶ

471 802 764 872 κληρικοὺς
793 804 885 853 καὶ
918 800 1013 854 τοῦ
1045 800 1233 855 λοιποῦ
1280 801 1584 868 καταλόγου
1610 800 1708 868 τῆς
1746 798 2042 867 ἐκκλησίας

470 893 666 962 ἄνδρας
692 892 942 958 διέταξαν
977 892 1063 945 ἵνα
1101 891 1527 961 διαμερισοιῖηιν
1575 889 1727 942 ἔνθεν
1792 888 2044 943 κάκεῖθεν

470 986 527 1036 ἐν
547 985 624 1054 τῷ
653 984 926 1055 περιϐόλῳ
949 985 1047 1053 τῆς
1070 984 1300 1044 πόλεως,
1334 982 1421 1036 ἵνα
1448 983 1541 1035 καὶ
1571 982 1725 1034 αὐτοὶ
1769 980 1864 1034 τοῦ
1909 981 2044 1033 Θεοῦ

467 1078 710 1147 δεόμενοι
734 1077 827 1130 καλ⁵
844 1077 1258 1147 ἡμεροσκόπους
1286 1078 1381 1128 καὶ
1400 1073 1803 1136 νυκτοσκόπους
1826 1071 2041 1137 ποιῶσι,

468 1167 563 1219 καὶ
592 1166 807 1236 δεήσεσι
831 1165 1166 1232 ὲξιλεοῦσθαι
1207 1165 1268 1218 τὸ
1303 1165 1456 1218 Θεῖον
1485 1164 1624 1233 ὑπὲρ
1646 1162 1744 1233 τῆς
1773 1161 2046 1231 σωτηρίας

467 1260 566 1324 τῆς
600 1259 829 1321 πόλεως.
863 1259 969 1311 Τὸν
998 1258 1054 1311 δὲ
1081 1262 1394 1327 Δημήτριον
1445 1257 1538 1309 τὸν
1592 1254 2045 1323 Καντακουζηνὸν

469 1351 565 1427 καὶ
625 1350 719 1404 τὸν
764 1350 1019 1420 γαμϐρὸν
1067 1350 1233 1404 αὑτοῦ
1302 1348 1670 1417 Παλαιολόγον
1731 1346 2046 1418 Νικηφόρον

472 1438 607 1507 μετά
668 1440 761 1492 καὶ
802 1439 1005 1506 ἑτέρων
1063 1439 1224 1491 τινῶν
1288 1438 1595 1504 κατέταξαν
1629 1438 1687 1488 ὲν
1735 1435 1812 1504 τῷ
1864 1436 2046 1505 σεπτῷ

468 1529 803 1599 ἁποστολείῳ
837 1531 931 1583 καὶ
961 1532 1018 1582 ὲν
1047 1530 1255 1601 ἑτέροις
1291 1530 1478 1591 τόποις
1526 1528 1851 1599 περιπατεῖν
1909 1527 2047 1596 μετά

467 1621 814 1674 ἑπτακοσίων
843 1621 1072 1691 ἀνδρῶν,
1108 1621 1197 1673 ἵνα
1234 1623 1310 1682 είς
1340 1616 1451 1673 οἷον
1500 1619 1565 1690 δὴ
1620 1619 1787 1671 τόπον
1832 1617 2045 1686 ἀνάγκη

468 1713 689 1783 ὑπάρχῃ
717 1713 1077 1793 βοηθήσωσιν.
1140 1714 1198 1764 '0
1228 1712 1281 1765 δὲ
1325 1712 1579 1781 βασιλεὺς
1626 1710 1790 1781 256
1831 1708 1947 1777 ἅμα
1971 1708 2049 1777 τῷ

466 1805 796 1875 Φραγκίσκῳ
821 1804 896 1875 τῷ
917 1804 1128 1874 Τολέδῳ
1145 1805 1221 1874 τῷ
1247 1806 1497 1872 συγγενεῖ
1525 1803 1709 1868 αὑτοῦ,
1736 1805 1793 1865 ὃς
1817 1802 2053 1869 κατάγε-

2152 619 2229 688 τῷ
2291 617 2474 687 λιμένι
2533 614 2843 685 φερομένας
2908 613 3153 682 τριήρεις
3198 610 3292 664 καὶ
3324 609 3567 679 γέφυραν
3635 612 3749 677 ἑμ-

2160 712 2414 780 πρήσωσι
2444 709 2661 777 μηχανῇ
2696 722 2826 769 τινι,
2862 705 2995 757 διότι
3048 703 3295 772 μεγάλην
3355 702 3601 772 ταραχὴν
3640 703 3749 756 καὶ

2154 802 2399 856 κίνδυνον
2424 800 2480 853 αἱ
2503 800 2626 869 νῆες
2657 796 2814 850 αὗται
2835 799 2900 867 τῇ
2926 795 3077 849 πόλει
3098 794 3348 859 ὲνεδίδον,
3368 794 3461 847 καὶ
3487 797 3747 864 μηχανήν

2152 912 2273 947 τινα
2336 885 2518 964 εὗρον,
2575 890 2668 944 καὶ
2698 892 2798 953 τὴν
2853 888 3051 959 βουλὴν
3074 886 3427 955 ἐξεφώνησαν
3460 886 3622 956 257
3658 887 3747 957 τῷ

2157 985 2388 1054 βασιλεῖ.
2438 981 2700 1043 Ἰάκωϐος
2736 982 2912 1059 Κόκος
2943 982 2973 1033 6
3016 980 3250 1041 Ἐνετδς,
3299 980 3439 1049 ἀνὴρ
3481 979 3745 1048 ὀξύτερος

2153 1076 2248 1130 τοῦ
2282 1076 2456 1128 ποιεῖν
2491 1073 2523 1143 ἢ
2553 1074 2755 1141 λέγειν,
2777 1071 2853 1135 ὡς
2885 1070 3289 1141 ὲνεμπιστεύθη
3309 1070 3402 1123 τοῦ
3426 1070 3595 1140 πέρας
3626 1072 3741 1122 δῶ,-

2154 1183 2243 1218 σαι
2272 1166 2371 1234 τῆς
2399 1164 2734 1227 ὑποθέσεως,
2773 1162 2980 1233 ἧρξατο
3005 1161 3101 1214 τοῦ
3143 1161 3305 1230 ἔργου
3352 1161 3494 1214 πάνυ
3544 1162 3740 1229 ἐπιτη-

2152 1258 2309 1320 δείως
2334 1255 2427 1309 καὶ
2459 1254 2639 1317 καλῶς
2672 1253 2865 1324 τρόπῳ
2889 1253 3097 1322 τοιῷδε.
3144 1253 3371 1305 Ἀκάτια
3425 1251 3551 1322 τρία
3586 1253 3736 1305 πάνυ

2153 1348 2325 1417 ταχέα
2382 1349 2477 1401 καὶ
2529 1347 2707 1418 γοργὰ
2756 1346 3138 1415 οἰκονομήσας,
3194 1344 3291 1398 καὶ
3324 1347 3736 1415 τεσσαράκοντα

2154 1438 2307 1500 νέους
2340 1437 2670 1507 θαρσαλέους
2699 1438 2796 1490 καὶ
2823 1435 3240 1507 μεγαλοψύχους
3304 1436 3401 1488 καὶ
3448 1435 3737 1505 ἀνδρείους

2156 1532 2213 1584 ἐν
2241 1532 2420 1594 αὐτοῖς
2449 1531 2629 1593 ἔϐαλε,
2661 1530 2935 1601 Γραικούς
2964 1548 3022 1582 τε
3059 1529 3155 1582 καὶ
3194 1528 3459 1593 Ἰταλοὺς,
3514 1529 3604 1581 καὶ
3631 1545 3736 1580 κα-

2155 1622 2263 1685 λῶς
2306 1622 2683 1692 παραγγείλας
2716 1622 2899 1684 αὐτοῖς
2944 1621 3014 1674 τά
3053 1622 3231 1675 πάντα
3263 1620 3356 1674 καὶ
3415 1619 3513 1680 τὰς
3564 1636 3732 1672 κατα-

2159 1715 2548 1778 σκευασθείσας
2590 1715 2729 1785 μετά
2759 1713 2854 1767 τοῦ
2885 1711 3057 1784 ὑγροῦ
3085 1713 3257 1783 πυρὸς
3287 1712 3484 1781 τέχνας
3526 1711 3726 1773 δώσας,

2158 1806 2244 1858 ἵνα
2271 1806 2493 1859 ἔλθωσιν
2527 1806 2721 1868 νυκτὸς
2752 1804 2846 1857 καὶ
2875 1804 3161 1872 περάσωσι
3192 1802 3325 1871 πρὸς
3346 1802 3437 1854 τὸν
3480 1801 3728 1853 Γαλατᾶν

466 1897 866 1962 ται,)έγουσιν,
886 1897 950 1947 ὲκ
968 1895 1061 1948 τοῦ
1081 1896 1310 1963 αἵματος
1328 1893 1420 1946 τοῦ
1437 1894 1766 1963 περιφανοῦς
1787 1893 2049 1963 βασιλέως
2084 1905 2124 1958 Β
2154 1896 2247 1949 καὶ¹
2280 1897 2508 1965 πλησίον
2530 1896 2629 1964 τῆς
2659 1895 2834 1963 πέρας
2862 1893 3076 1964 ἐκείνης
3094 1894 3197 1963 γῆς
3225 1893 3453 1946 ἔλθωσιν
3484 1891 3589 1955 ἕως
3616 1890 3726 1944 τῶν

486 1987 723 2054 Ἀλεξίου
761 1986 854 2041 τοῦ
904 1986 1214 2057 Κομνηνοῦ,
1250 1987 1345 2040 καὶ
1372 1986 1491 2056 μεθ’
1529 1986 1686 2057 ἡμῶν
1720 1985 1957 2055 ἔφιππος
1982 1983 2049 2035 δι’

471 2077 601 2144 ὅλης
626 2078 725 2146 τῆς
753 2079 967 2147 ἡμέρας
995 2078 1088 2131 καὶ
1118 2077 1311 2140 νυκτὸς
1358 2078 1675 2147 περιπατῶν
1705 2072 1772 2147 ἦν
1803 2076 2050 2146 γύρωθεν

469 2169 618 2223 ἔνδον
640 2168 738 2238 τῆς
760 2169 966 2232 πόλεως
990 2170 1084 2222 καὶ
1108 2170 1213 2223 τῶν
1235 2168 1429 2239 τειχῶν
1452 2186 1465 2199 ’
1492 2170 1582 2223 καὶ
1608 2168 1673 2222 τὰ
1701 2171 1779 2231 είς
1805 2170 2049 2239 ἀνάγκην

466 2260 559 2313 τοῦ
593 2261 830 2330 πολέμου
853 2261 1244 2331 ἡτοιμάςομεν.

550 2352 770 2423 Ἐπειδὴ
801 2352 857 2405 δὲ
892 2354 986 2406 καὶ
1017 2354 1318 2423 χρημάτων
1375 2350 1765 2416 ἐσπάνιζονκτά
1802 2352 2049 2423 βασίλεια

465 2443 554 2495 διὰ
574 2443 664 2496 τὸν
693 2443 885 2511 μισθὸν
914 2444 1023 2496 τῶν
1054 2443 1423 2513 στρατιωτῶν,
1457 2443 1788 2512 προσέταξεν
1838 2446 1865 2497 6
1897 2443 2048 2514 βασι-

465 2532 591 2597 λεὺς
647 2534 830 2589 λαϐεῖν
890 2536 959 2589 τὰ
1012 2535 1120 2588 τῶν
1174 2535 1477 2604 ἐκκλησιῶν
1536 2537 1703 2604 σκεύη
1759 2537 1892 2603 ἅγια
1942 2537 2043 2589 καὶ

465 2627 824 2695 ἀφιερωμένα
855 2626 933 2696 τῷ
974 2626 1113 2695 Θεῷ,
1144 2631 1239 2682 καὶ
1286 2628 1548 2697 χρήματα
1598 2628 1881 2697 ἐποίησαν.
1934 2628 2045 2681 Καὶ

468 2721 551 2789 μή
574 2737 657 2782 τις
696 2720 973 2792 ἐγκαλέσῃ
1006 2721 1153 2790 ἡμᾶς
1185 2721 1260 2783 ὼς
1295 2720 1612 2790 ἱεροσύλους
1646 2736 1659 2751 ⁸
1709 2722 1895 2775 ἕνεκεν
1949 2722 2046 2789 τῆς

462 2810 559 2863 τοῦ
591 2810 787 2881 καιροῦ
809 2811 1056 2880 ἀνάγκης
1081 2812 1312 2879 ὲγίνετο,
1342 2813 1419 2875 ὡς
1456 2813 1549 2864 καὶ
1578 2814 1605 2865 6
1628 2812 1792 2865 Δαϐὶδ
1843 2830 2044 2865 πεπον·

464 2901 593 2967 θὼς,
628 2903 910 2967 πεινάσας,
943 2905 1067 2964 τοὺς
1097 2904 1291 2973 ἄρτους
1319 2901 1419 2971 τῆς
1446 2902 1756 2972 προθέσεως
1812 2904 2041 2973 ἔφαγεν,

461 2993 499 3046 ἃ
532 2994 631 3046 οὐκ
684 2991 860 3057 ἔξεστι
911 2995 1107 3062 φαγεῖν
1165 2997 1213 3045 εί
1269 2994 1343 3063 μὴ
1404 2997 1516 3057 τοῖς
1574 2994 1779 3059 ἱερεῦσι
1832 2995 2036 3062 μόνοις.

467 3085 661 3153 Ἔλεγε
702 3084 809 3154 γὰρ
838 3086 866 3137 6
899 3085 1209 3156 μακαρίτης
1248 3088 1275 3139 6
1309 3085 1566 3152 βασιλεύς
1609 3103 1622 3117 ’
1672 3105 1691 3137 ι
1732 3087 1829 3139 "Av
1856 3088 1883 3139 6
1910 3085 2042 3149 Θεὸς

463 3178 562 3245 τὴν
624 3176 780 3230 πόλιν
825 3175 1201 3248 λυτρώσηται,
1255 3177 1597 3247 τετραπλοῦν
1649 3177 1915 3232 ἀποδώσω
1962 3177 2039 3249 τῷ

459 3264 656 3337 Κυρίῳ
686 3283 811 3338 μου.
839 3286 858 3319 ι

463 3446 680 3517 Reliqui
709 3447 960 3515 generosi
983 3458 1037 3503 et
1067 3449 1278 3505 strenui
1330 3450 1477 3505 cives
1528 3450 1582 3505 in
1642 3451 1775 3508 locis
1828 3451 2037 3523 iniquis

461 3538 527 3590 ιιιί
559 3538 864 3594 custodiam
931 3539 1201 3609 dispertiti
1234 3549 1384 3604 sunt,
1418 3556 1519 3595 nec
1565 3544 1860 3598 cessabant
1907 3559 2039 3613 ope-

467 3645 608 3694 ram,
637 3647 799 3699 quam
827 3640 1071 3701 possent,
1123 3641 1404 3702 praestare.
1448 3632 1705 3689 Monacbi
1755 3644 1936 3689 autem
1983 3645 2037 3691 et

462 3725 773 3778 sacerdotes
803 3733 855 3779 et
887 3724 1074 3778 clerici
1104 3732 1157 3778 et
1188 3726 1382 3795 reliqui
1416 3726 1627 3803 ordinis
1662 3728 2033 3783 ecclesiastici

465 3814 715 3870 homines
742 3831 838 3884 per
870 3823 1038 3870 totam
1062 3818 1247 3871 urbem
1279 3818 1479 3887 passim
1538 3820 1815 3873 distributi
1881 3831 2032 3886 sunt,

464 3920 521 3962 ιιι
551 3909 662 3964 Deo
691 3910 1062 3978 supplicarent
1089 3918 1142 3963 et
1170 3907 1255 3964 die
1296 3920 1567 3979 noctuque
1627 3911 2036 3981 specularentur

460 4012 513 4054 ιιι
540 4002 790 4068 precibus
816 4003 1028 4056 Numen
1062 4016 1165 4072 pro
1199 4002 1373 4056 salute
1406 4004 1556 4058 urbis
1593 4004 1895 4072 placarent.
1930 4005 2031 4057 De-

462 4092 716 4148 metrium
748 4095 1193 4149 (Zantacuzenum
1230 4103 1285 4148 et
1344 4094 1712 4165 Nicephorum
1771 4093 2037 4150 Palaaolo-

462 4203 612 4251 [:lllll,
641 4202 901 4256 generum
943 4186 1086 4254 ejus,
1114 4203 1235 4243 cum
1258 4188 1381 4242 aliis
1412 4188 1745 4258 quibusdam
1770 4189 1835 4243 ad
1868 4204 2035 4244 vene-

461 4278 692 4332 randum
726 4279 1102 4343 apostolorum
1131 4280 1388 4348 templum
1419 4289 1470 4334 et
1503 4281 1608 4333 alia
1640 4281 1757 4336 loca
1778 4280 2031 4337 obeunda

461 4385 583 4422 cum
617 4369 748 4425 viris
772 4370 1133 4438 septingentis
1150 4372 1457 4437 constituit,
1491 4383 1551 4425 ut
1603 4373 1695 4425 ubi
1742 4388 1829 4427 res
1880 4372 2033 4442 ﬂagi-

461 4469 621 4522 tat-et,
648 4476 713 4515 eo
743 4477 867 4515 cum
906 4462 1111 4515 auxilio
1143 4463 1485 4515 advolarent.
1554 4462 1673 4531 Ipse
1729 4464 2033 4533 imperator

2152 1992 2424 2061 τριήρεων
2452 1989 2545 2042 καὶ
2568 1988 2633 2040 τὰ
2660 1987 2947 2057 ὁρισθέντα
2975 1984 3274 2054 πράξωσιν.
3316 1984 3427 2037 Καὶ
3479 1984 3724 2051 ἐγεγόνει

2155 2082 2240 2145 ἂν,
2276 2083 2321 2133 εί
2356 2081 2431 2151 μὴ
2461 2080 2556 2133 καὶ
2586 2081 2665 2143 είς
2700 2080 2760 2132 τὸ
2789 2080 2921 2132 αὐτὸ
2954 2080 2986 2148 ἡ
3017 2079 3165 2147 κακὴ
3191 2076 3329 2146 τύχη
3354 2077 3514 2146 ἡμῶν
3546 2077 3723 2147 ἐμπό-

2150 2173 2284 2238 διζε.
2334 2172 2612 2237 Ἐλθόντες
2636 2172 2692 2225 δὲ
2717 2171 2854 2224 πάνυ
2886 2172 3207 2241 ἐπιτηδείως
3235 2171 3330 2224 καλ⁵
3355 2170 3455 2239 τὴν
3481 2171 3724 2240 γέφυραν

2152 2265 2627 2335 περιπατήσαντες
2660 2264 2753 2317 καὶ
2782 2263 3123 2333 περάσαντες
3143 2262 3239 2315 καὶ
3263 2261 3357 2315 δύο
3383 2262 3532 2324 νέους
3562 2262 3725 2329 ἁφένο

2148 2374 2240 2419 τες
2269 2358 2383 2409 ἐκεῖ
2418 2355 2556 2424 μετὰ
2584 2355 2953 2423 κατασκευῆς,
3006 2355 3093 2407 ἵνα
3153 2355 3284 2407 ὅταν
3327 2355 3377 2405 οἱ
3430 2353 3605 2424 ἒτεροι
3638 2355 3720 2415 εἰς

2148 2450 2245 2511 τὰς
2273 2448 2521 2517 τριήρεις
2553 2449 2817 2515 ἐγγίσωσι
2844 2448 2938 2500 καὶ
2976 2447 3201 2516 σημεῖόν
3238 2463 3292 2498 τι
3321 2445 3494 2510 ἴδωσι,
3517 2446 3634 2497 τότε
3661 2447 3721 2497 ὲν

2151 2543 2251 2611 μιᾷ
2279 2540 2401 2612 ὥρᾳ
2428 2540 2637 2611 θεαφίῳ
2668 2541 2728 2592 τὸ
2764 2539 2931 2612 ὑγρὸν
2963 2537 3072 2608 πῦρ
3104 2537 3377 2603 ἀνάψωσι,
3409 2538 3717 2607 φθάσαντες

2148 2633 2204 2685 δὲ
2232 2632 2325 2686 καὶ
2364 2633 2469 2694 ἕως
2500 2632 2609 2684 τῶν
2641 2632 2914 2702 τριήρεων
2949 2631 3137 2697 ἐγγὺς,
3171 2632 3198 2682 6
3223 2629 3353 2692 Θεὸς
3389 2629 3421 2698 ἢ
3477 2627 3570 2681 διά
3615 2626 3720 2689 τὰς

2146 2726 2427 2794 ἁμαρτίας
2460 2724 2619 2795 ἡμῶν
2653 2724 2895 2777 ἐκώλυσε
2927 2722 2989 2775 τὸ
3018 2720 3263 2791 ἔργον,·ἤ
3301 2722 3358 2786 ἐξ
3386 2716 3718 2788 ἀπροσεξίας

2146 2815 2289 2879 τινὸς
2322 2816 2428 2868 τῶν
2454 2819 2591 2867 νέων
2638 2814 2863 2868 ἐκείνων
2913 2812 3132 2882 οἰκέτης
3182 2829 3263 2873 τις
3322 2810 3380 2863 τὸ
3422 2810 3717 2879 μυστήριον

2146 2910 2258 2971 τοῖς
2290 2908 2556 2971 ἐναντίοις
2605 2908 2890 2976 ἐμήνυσε·
2952 2906 3048 2959 καὶ
3098 2905 3345 2975 φυλακὰς
3410 2902 3718 2973 ἀγρύπνους

2146 3000 2241 3052 καὶ
2271 3000 2681 3060 νυκτοσκόπους
2710 2999 2948 3069 ἔχοντες,
2993 2997 3069 3060 ὡς
3115 2991 3255 3048 εἶδον
3306 2994 3528 3059 αὐτοὺς,
3584 2992 3721 3060 μετά

2150 3090 2365 3143 σκευῶν
2394 3092 2489 3157 καὶ
2512 3090 2727 3163 πετρῶν
2756 3093 2854 3145 κοιλ⁸
2883 3089 3023 3159 μετὰ
3058 3087 3261 3158 ἐτέρων
3293 3085 3539 3140 ἀκατίων
3572 3085 3632 3137 τὸ
3659 3084 3716 3137 ἓν

2145 3183 2369 3237 ἀκάτιον
2397 3183 2655 3237 ἐϐύθισαν
2685 3184 2783 3237 καὶ
2839 3180 3100 3252 μερικοὺς
3147 3178 3256 3232 τῶν
3308 3176 3606 3246 ἀνθρώπων
3659 3178 3716 3228 ὲ-

2068 3249 2112 3307 c
2146 3274 2438 3345 ζώγρησαν
2457 3291 2470 3304 ·
2503 3274 2596 3328 καὶ
2615 3272 2787 3337 οὕτως
2814 3249 2968 3345 ούὸέν
2982 3271 3167 3344 ἕτερον
3194 3269 3359 3340 258
3380 3270 3430 3321 οἱ
3457 3268 3712 3338 ἡμέτεροι

2213 3455 2423 3512 Rursus
2450 3456 2557 3511 alia
2592 3453 2729 3511 inita
2762 3455 3193 3521 consultatione,
3230 3465 3289 3509 ut
3327 3454 3380 3508 in
3411 3456 3567 3522 portu
3596 3450 3709 3506 col-

2140 3550 2348 3605 locatas
2373 3550 2624 3605 triremes
2687 3558 2742 3604 et
2790 3557 3011 3619 pontem
3068 3546 3476 3601 machinatione
3521 3544 3701 3613 aliqua

2140 3644 2543 3708 comburerent,
2572 3642 2777 3711 quippe
2810 3641 3010 3709 quibus
3038 3636 3092 3693 iu
3122 3654 3380 3709 maguum
3415 3636 3711 3691 discrimen
3776 3646 3783 3649 '

2138 3744 2191 3789 et
2223 3734 2525 3804 periculum
2559 3735 2689 3787 urbs
2724 3733 3109 3794 adduceretur,
3139 3731 3278 3784 ratio
3301 3728 3486 3797 aliqua
3520 3728 3711 3781 inven-

2139 3838 2191 3883 ta
2222 3837 2275 3883 et
2309 3843 2431 3881 cum
2494 3828 2835 3895 imperatore
2870 3823 3279 3879 communicata
3312 3829 3417 3877 est.
3478 3819 3713 3875 Jacobus

2138 3919 2335 3980 Coeus.
2364 3916 2628 3982 Venetus,
2658 3917 2739 3970 vir
2761 3914 2827 3970 ad
2862 3917 3132 3986 agendum
3171 3922 3331 3983 “quam
3393 3912 3459 3966 ad
3528 3912 3710 3965 dicen-

2137 4012 2266 4066 dum
2305 4010 2626 4080 promptior,
2662 4010 2751 4063 cui
2786 4008 3146 4063 commissum
3186 4016 3288 4071 est,
3345 4013 3399 4059 ut
3431 4005 3707 4074 perliceret

2137 4103 2451 4167 consilium,
2489 4115 2629 4171 opus
2690 4098 2988 4155 admodum
3050 4098 3307 4153 alacriter
3361 4105 3416 4152 et
3462 4104 3580 4165 apte
3630 4094 3701 4148 ita

2137 4210 2430 4266 aggressus
2454 4204 2558 4249 est.
2593 4193 2785 4248 Acatia
2822 4175 2926 4245 lria
2967 4192 3215 4261 apprime
3248 4189 3454 4245 velocia
3481 4200 3532 4243 et
3589 4187 3702 4256 agi-

2136 4286 2206 4341 lia
2242 4286 2454 4356 pararit
2486 4303 2500 4339 :
2532 4284 2600 4340 iis
2630 4284 2994 4355 quadraginta
3040 4283 3271 4348 juvenes
3321 4296 3617 4351 generosos
3657 4288 3709 4333 et

2136 4387 2417 4443 strenuos,
2452 4388 2564 4431 tum
2586 4376 2805 4432 Graecos
2862 4387 2973 4429 tum
3030 4374 3220 4437 Italos,
3276 4372 3712 4442 quibusomnia

2136 4469 2423 4539 diligenter
2462 4468 2722 4537 praecepit
2760 4467 3018 4537 deditque
3051 4466 3337 4519 machinas
3369 4465 3496 4532 igne
3522 4464 3709 4519 ϐιαιεο

464 4556 747 4610 nobiseum
774 4562 960 4631 etcum
1000 4552 1555 4617 FrauciscuTuledo.
1612 4569 1848 4626 cognato
1906 4574 2029 4621 suo,
2067 4582 2109 4636 ο
2140 4562 2462 4624 instructas,
2519 4559 2799 4628 imposuit,
2849 4568 2909 4611 ut
2964 4566 3125 4611 nocte
3175 4555 3421 4610 Galatam
3473 4555 3708 4622 trajecti,

462 4648 554 4708 qui
581 4663 644 4701 ex
682 4647 881 4701 illustri
920 4649 1252 4716 imperatore
1284 4647 1478 4703 Alexio
1519 4648 1807 4704 Comneno
1858 4666 2035 4720 genus

461 4742 661 4791 dueere
688 4735 885 4803 fertur,
940 4748 1050 4792 tota
1120 4738 1209 4793 die
1240 4746 1294 4791 et
1350 4750 1511 4792 nocte
1568 4739 1714 4793 intra
1759 4740 1947 4794 urbem
1981 4753 2038 4796 et

461 4832 662 4883 ιιιωιιίιι
688 4832 1061 4901 obequitabat,
1088 4831 1567 4903 prospiciebatque
1603 4833 1768 4888 rebus
1797 4835 1864 4888 ad
1922 4835 2040 4889 bel-

462 4925 572 4975 lum
602 4924 951 4979 necessariis.

529 5016 666 5071 Cum
704 5026 881 5069 autem
922 5019 1146 5085 pecunia
1174 5018 1432 5087 palatium
1482 5018 1740 5071 deliceret
1798 5027 2023 5087 propter

461 5108 729 5177 stipendia
762 5108 1017 5174 militum,
1055 5112 1354 5179 imperator
1384 5120 1631 5166 sanctam
1663 5122 1719 5166 et
1747 5111 1857 5166 Deo
1900 5127 2035 5166 ron-

460 5214 731 5255 secratum
762 5202 1118 5255 ecclesiarum
1146 5204 1541 5272 supellectilem
1609 5205 1860 5274 usurpari
1892 5215 1945 5259 et
1980 5206 2032 5258 in

458 5294 790 5347 nomismata
855 5292 1026 5361 redigi
1079 5293 1267 5361 jussit.
1331 5292 1408 5347 Ne
1466 5308 1594 5346 vero
1634 5293 1919 5362 quisquam
1976 5301 2039 5347 ut

458 5388 755 5456 sat-rilegos
792 5400 891 5440 nos
924 5386 1223 5455 increpata.
1274 5386 1461 5441 Coacti
1511 5386 1656 5441 enim
1710 5386 2035 5441 necessitate

460 5480 712 5544 ΐρτὶιιιιιε,
746 5478 888 5532 baud
918 5492 1079 5533 secus
1112 5494 1175 5533 ac
1206 5477 1395 5543 David,
1428 5478 1520 5548 qui
1552 5479 1804 5532 esuriens
1861 5492 2033 5547 panes

458 5573 853 5639 prop-isitiunis
936 5572 1201 5635 comedit,
1294 5586 1433 5641 quos
1488 5571 1595 5625 nisi
1650 5572 2034 5625 sacerdotibus

456 5664 658 5715 nunini
689 5665 884 5718 licebat
906 5664 1088 5718 edere.
1120 5663 1199 5718 Ac
1228 5663 1445 5719 dicebat
1518 5663 1691 5717 beatae
1754 5662 2033 5715 memoria:

458 5753 754 5818 imperator
788 5774 799 5808 :
830 5754 917 5809 «Si
952 5755 1091 5809 Deus
1155 5756 1346 5811 urbem
1408 5754 1742 5819 liberaverit,
1793 5753 2034 5822 quadru-

460 5844 603 5908 pluu
634 5842 862 5897 Domino
887 5846 1195 5901 restituam.
1234 5863 1252 5898 ι

2143 4669 2309 4722 prope
2335 4653 2485 4706 littus
2521 4652 2587 4705 ad
2632 4652 2886 4704 triremes
2943 4649 3268 4704 accederent
3338 4649 3710 4715 facerentque,

2143 4759 2264 4812 qua“:
2294 4742 2589 4797 constituta
2619 4751 2798 4795 erant.
2832 4740 2909 4794 Ac
2938 4741 3073 4793 bene
3120 4739 3383 4792 cessisset
3413 4737 3709 4806 inceptum,

2141 4833 2247 4888 nisi
2302 4833 2523 4887 sinistra
2586 4833 2809 4887 fortuna
2860 4841 3049 4886 nostra
3111 4829 3307 4884 fuisset
3366 4830 3705 4897 impeditum.

2139 4923 2272 4979 Nam
2302 4940 2425 4977 eum
2493 4938 2755 4993 prospere
2804 4933 3053 4993 pontem.
3093 4921 3486 4975 eireumissent
3544 4918 3708 4987 traje-

2138 5019 2470 5085 cissentque,
2548 5016 2753 5071 relictis
2838 5014 2913 5067 ibi
2949 5014 3159 5066 duobus
3234 5012 3531 5078 juvenibus
3582 5026 3703 5063 cum

2140 5119 2426 5178 apparatu,
2469 5117 2550 5174 ut,
2580 5124 2705 5163 cum
2735 5105 2928 5173 reliqui
2964 5104 3030 5158 ad
3062 5104 3318 5157 triremes
3338 5101 3711 5170 pervenissent

2138 5218 2203 5257 ac
2254 5203 2531 5257 dedissent
2602 5201 2842 5270 signum,
2910 5197 3101 5251 eodem
3192 5196 3411 5263 utrique
3467 5205 3708 5260 tempore

2138 5294 2405 5362 sulphure
2430 5292 2795 5346 accenderent
2831 5291 3009 5359 ignem
3066 5286 3341 5347 Graacum,
3396 5286 3471 5339 illi
3538 5297 3703 5352 prope

2139 5388 2387 5440 triremes
2409 5384 2516 5451 jam
2537 5384 2892 5446 advenerant,
2928 5395 3056 5435 cum
3087 5380 3226 5434 Deus
3258 5394 3374 5432 rem
3401 5380 3546 5450 impe
3568 5379 3705 5442 livit,

2137 5478 2250 5530 sive
2279 5486 2498 5545 peccata
2527 5484 2710 5530 nostra
2742 5475 2816 5527 ita
2848 5480 3183 5537 meruerant,
3210 5460 3703 5539 siveimprudentia

2133 5566 2620 5637 jnvenuut‘servus
2657 5567 2855 5636 aliquis
2892 5566 3185 5619 consilium
3221 5564 3475 5619 hostibus
3526 5561 3706 5631 prodi-

2136 5658 2537 5727 derat;itaque
2586 5673 2709 5711 cum
2775 5656 2898 5710 illos
2957 5654 3503 5713 animadvertissent.
3564 5650 3703 5729 ιειέ,

2136 5751 2283 5805 saxis
2306 5760 2358 5805 et
2395 5751 2586 5804 acatiis
2648 5765 2815 5804 unttm
2865 5764 2895 5802 e
2935 5749 3141 5803 nostris
3170 5748 3406 5816 navigiis
3450 5745 3703 5800 submer-

2137 5850 2346 5906 serunt,
2383 5841 2525 5906 ipsos
2586 5842 2834 5896 homines
2858 5851 3116 5900 ceperunt
3149 5860 3161 5894 :
3210 5857 3307 5897 nec
3346 5840 3515 5895 nostri
3542 5838 3699 5900 quiti-
