4066 6296
387 374 497 438 853

1399 377 1842 440 CEIRONICON
1887 375 2154 439 MAIUS.
2200 403 2266 410 —
2309 375 2458 468 LIB,
2504 375 2620 436 ιιι.

3529 368 3651 433 8Ξίζ⁴

385 492 647 558 ἐποίησαν
676 489 725 542 εί
751 489 825 560 μὴ
851 492 979 560 μίαν
1032 491 1140 545 τῶν
1203 494 1475 562 τριήρεων
1542 493 1948 564 ἐπυρπόλησαν.
1990 495 2030 551 Α
2065 490 2205 557 μετὰ
2255 489 2620 556 σοϐαρότητος
2673 487 2765 539 καὶ
2819 485 3103 555 ἀγερώχου
3133 483 3361 553 γνώμης
3422 484 3593 536 εἰπών
3619 503 3633 519 ο
3669 555 3681 565 ⁸

387 585 495 636 Καὶ
545 583 606 636 τὸ
649 585 708 636 ὲν
770 585 834 651 τῇ
880 585 1094 657 γεῳύρᾳ
1144 584 1253 654 πῦρ
1303 585 1507 656 πλῆθος
1553 589 1660 640 τῶν
1700 585 1959 654 Τούρκων

385 673 686 744 δραμόντες
741 673 1141 746 ὲναπέσόησαν.
1202 676 1337 741 Τοὺς
1402 678 1457 731 δὲ
1513 680 1666 741 νέους
1715 679 1962 739 ἐκείνους

384 767 512 830 τοὺς
569 765 920 833 θαυμαστοὺς
962 769 1059 821 καὶ
1111 769 1350 839 ὡραίους
1403 772 1430 824 ὁ
1481 771 1686 840 ἀσεϐὴς
1736 771 1964 840 ἀμηρᾶς

385 859 694 928 προστάξας
759 859 837 926 τῷ
886 859 1030 931 πρωῒ
1061 862 1272 923 πάντας
1325 864 1558 934 οἰκτρῶς
1618 865 1962 917 ἐθανάτωσεν

382 951 540 1018 ἡμῶν
567 949 827 1020 ὁρώντων
859 951 1050 1014 αὐτούς
1078 967 1096 985 ο
1146 955 1242 1006 καὶ
1270 953 1465 1023 θρῆνος
1512 953 1772 1021 ἐγεγόνει
1809 957 1866 1008 ὲν
1897 958 1962 1026 τῇ

385 1043 536 1094 πόλει
573 1043 710 1110 ὑπὲρ
733 1043 910 1110 αὐτῶν
944 1045 1278 1114 ἀμέτρητος.
1322 1047 1382 1100 Ὀ
1413 1046 1469 1099 δὲ
1503 1046 1760 1116 βασιλεὺς
1789 1047 1964 1117 λυπη-

386 1135 498 1196 θεὶς
529 1135 622 1188 καὶ
651 1137 811 1198 αὐτὸς
848 1138 1182 1206 προσέταξεν
1217 1139 1305 1193 ἵνα
1332 1138 1539 1193 ἄνωθεν
1577 1140 1686 1192 τῶν
1736 1131 1963 1210 πύργων

385 1226 667 1278 κὺκλωθεν
700 1229 828 1290 τοὺς
880 1230 1263 1300 αἰχμαλώτους
1303 1231 1580 1302 Τούρκους
1635 1233 1962 1286 θανατώσω-

388 1331 504 1370 σιν·
539 1313 680 1388 ἦσαν
711 1321 818 1389 γὰρ
850 1323 938 1373 τὸν
972 1322 1208 1392 ἀριθμὸν
1264 1326 1312 1377 οἱ
1349 1325 1730 1393 ἀναιρεθέντες
1775 1328 1963 1378 διακό-

387 1425 490 1461 σιοι
515 1408 799 1478 ἑξήκοντα.
836 1413 945 1466 Καὶ
970 1415 1058 1468 διὰ
1087 1415 1261 1470 ταῦτα
1309 1413 1404 1470 οὖν
1438 1417 1714 1470 σκάνδαλα
1764 1419 1964 1487 ἀνεφύ-

383 1517 544 1566 ησαν,
578 1503 670 1556 καὶ
705 1505 895 1568 στάσις
929 1508 1142 1576 μεγάλη
1195 1510 1444 1578 ἐγεγόνει
1477 1512 1796 1580 ἀναεταξὺ
1853 1511 1961 1564 τῶν

399 1591 740 1650 Ἐνετῶνκαὶ
771 1600 1078 1669 Λιγουρίων
1107 1617 1120 1632 ·
1172 1601 1359 1670 ἔλεγον
1413 1603 1522 1672 γὰρ
1578 1606 1626 1656 οί
1674 1605 1960 1674 Λιγούριοι

387 1687 481 1738 καὶ
511 1686 907 1757 διισχυρίζοντο
945 1698 1040 1745 τοῦ
1068 1689 1209 1747 εἶναι
1239 1695 1437 1757 αὐτοὺς
1461 1697 1892 1765 ἐμπειροτάτους
1926 1697 1958 1762 ἢ

386 1778 515 1841 τοὺς
551 1778 799 1844 Ἐνετοὺς
828 1784 886 1834 ὲν
918 1786 1080 1837 παντὶ
1112 1785 1421 1855 πράγματι,
1455 1788 1549 1840 καὶ
1599 1787 1668 1840 δι’
1701 1787 1961 1857 ἀπειρίαν

389 1869 464 1938 μὴ
485 1871 682 1924 ειδέναι
703 1873 794 1926 τὸν
821 1875 996 1927 Κόκον
1038 1867 1299 1930 Ἰάκωϐον
1325 1877 1359 1931 δι
1381 1880 1577 1943 ἐποίει,
1607 1879 1731 1932 οὕτε
1763 1881 1965 1941 ἐκεῖνος

385 1958 507 2011 οὔτε
538 1962 587 2012 οἱ
615 1963 792 2016 λοιποὶ
823 1965 934 2016 τῶν
977 1957 1219 2021 Ἐνετῶν
1248 1968 1283 2021 ἃ
1311 1970 1713 2038 ἐπιχειρίζοντο
1737 1987 1751 2000 ο
1784 1971 1854 2023 δι’
1897 1971 1965 2040 ἣν

386 2050 570 2103 αἰτίαν
607 2053 732 2115 τοὺς
777 2056 1191 2123 τεσσαράκοντα
1245 2059 1490 2122 ἐκείνους
1541 2061 1696 2122 νέους
1753 2061 1964 2114 ἀπώλε-

388 2159 508 2208 σαν,
551 2143 621 2196 δι’
645 2145 737 2208 οὓς
766 2147 1019 2212 τοσοῦτος
1049 2146 1230 2213 οἶκτος
1263 2152 1503 2218 ἐγένετο,
1531 2154 1622 2206 καὶ
1670 2153 1770 2216 τὰς
1808 2155 1966 2223 τριή-

390 2248 500 2298 ρεις
524 2235 618 2284 καὶ
650 2233 748 2304 τὴν
777 2237 1024 2304 γέφυραν
1063 2239 1162 2303 τὰς
1196 2243 1250 2292 ὲν
1279 2241 1353 2308 τῷ
1376 2243 1557 2311 λιμένι
1592 2244 1692 2297 οὐκ
1723 2236 1966 2313 ὲπυργόέ

387 2320 577 2388 λησαν.
620 2322 704 2386 Ὠς
735 2322 826 2378 οὖν
851 2327 1084 2396 ἤκουσεν
1113 2333 1140 2382 ὁ
1168 2331 1420 2398 βασιλεὺς
1446 2335 1516 2387 τὰ
1542 2337 1832 2402 γενόμενα,
1879 2338 1966 2388 έλ-

391 2412 500 2467 θὼν
552 2415 798 2488 ὡμίλησε
860 2425 972 2486 τοῖς
1052 2425 1289 2489 Ἐνετοῖς
1352 2427 1444 2481 καὶ
1497 2429 1829 2498 Λιγουρίοις,
1871 2433 1965 2486 καὶ

391 2505 732 2576 λυπούμενος
757 2510 875 2565 εἷπε
911 2531 924 2544 ·
963 2533 982 2566 ι
1022 2518 1335 2587 Παρακαλῶ
1376 2522 1544 2590 ὑμᾶς,
1592 2523 1832 2592 ἀδελφοὶ,
1889 2529 1966 2579 εί-

397 2601 674 2666 ρηνεύετε.
717 2602 825 2656 Καὶ
863 2608 1025 2675 ἀρκεῖ
1067 2610 1197 2677 ὑμῖν
1233 2613 1261 2663 ὁ
1291 2611 1491 2674 ἔξωθεν
1543 2615 1776 2682 πόλεμος
1802 2633 1818 2649 ο
1871 2619 1965 2671 καὶ

395 2689 466 2754 μὴ
506 2691 816 2760 ἀναμεταξὺ
851 2697 1005 2765 ὑμῶν
1056 2700 1292 2770 μάχεσῖε
1335 2703 1426 2757 διὰ
1455 2707 1582 2766 τοὺς
1643 2709 1962 2778 οἰκτιρμοὺς

390 2779 486 2832 τοῦ
515 2782 672 2837 Θεοῦ.
711 2804 728 2836 ι
763 2787 872 2839 Καὶ
914 2789 1049 2843 ἄλλα
1080 2793 1249 2846 πολλὰ
1295 2795 1689 2868 δημηγορήσας
1751 2803 1964 2871 εἴρηνο-

366 2871 622 2942 ,ποίησεν
646 2877 862 2942 αὐτούς.

460 3053 623 3124 259
673 3057 729 3110 Ὀ
765 3059 820 3112 δὲ
868 3063 1094 3133 ἀμηρᾶς
1136 3066 1262 3119 ἰδὼν
1309 3070 1594 3136 γεγονέναι
1641 3073 1701 3126 τὸ
1762 3076 1968 3145 ἡμέτε-

2074 600 2092 632 σ
2129 582 2209 633 Τὰ
2243 581 2344 633 ὅσα
2371 581 2528 634 αὐτοὶ⁵
2555 580 2651 632 οὐκ
2679 580 3017 650 ἐδυνήθησαν
3059 581 3190 647 ἡμῖν
3227 578 3476 644 ποιῆσαι,
3525 575 3638 643 ἐγὼ

2067 673 2502 741 ἀνταμείψομαι,
2534 690 2552 724 ι
2593 673 2690 725 καὶ
2720 673 2928 726 ἀνωθεν
2968 673 3026 723 ὲν
3055 671 3132 740 τῷ
3161 669 3313 739 λόφῳ
3339 669 3434 723 τοῦ
3473 670 3632 736 ἁγίου

2068 765 2350 832 Θεοδώρου
2389 764 2564 834 πέραν
2601 765 2658 816 ὲν
2685 763 2761 832 τῷ
2821 763 3037 832 Γαλατᾷ
3066 761 3336 822 ὲλεϐόλεις
3394 751 3658 828 μεγά).ας’

2068 857 2294 924 στήσας,
2324 856 2413 909 ἵνα
2443 856 2539 917 τὰς
2589 856 2866 924 ἡμετέρας
2902 854 3042 922 νῆας
3072 855 3169 917 τὰς
3230 854 3289 904 ὲν
3327 854 3394 921 τῇ
3444 851 3637 916 εἰσόδῳ

2067 945 2161 999 τοῦ
2197 946 2415 1015 λιμένος
2453 944 2648 1015 βυθίσῃ
2679 946 2775 997 καὶ
2817 945 2942 998 ὅθεν
2973 941 3116 1014 ἦσαν
3167 944 3376 1012 ποιήσῃ
3419 943 3638 1008 ἀναχωο

2071 1039 2262 1108 ρῆσαι.
2297 1039 2406 1091 Καὶ
2440 1039 2615 1093 ταῦτα
2677 1040 2777 1108 μὲν
2828 1040 3004 1092 ἐποίει
3059 1039 3178 1106 οὐχὶ
3229 1039 3390 1109 μόνον
3425 1037 3511 1088 διὰ
3543 1035 3643 1106 τὴν

2068 1127 2274 1179 εἴσοδον
2313 1127 2408 1179 τοῦ
2443 1129 2693 1196 λιμένος,
2723 1129 2838 1181 ἀλλ’
2869 1128 2958 1182 ἵνα
3011 1130 3110 1182 καὶ
3139 1128 3236 1186 τὰς
3297 1128 3406 1180 τῶν
3446 1127 3645 1194 Λιγου-

2073 1217 2211 1288 ρέων
2244 1219 2385 1287 νῆας
2409 1219 2843 1288 ἁνταμείψηται,
2879 1221 3030 1279 ὅπως
3082 1217 3234 1290 δείξῃ
3264 1221 3396 1288 ἡμῖν
3427 1219 3509 1270 ὅτι
3562 1221 3642 1279 είς

2067 1311 2136 1363 τὰ
2179 1311 2356 1365 πάντα
2417 1311 2644 1366 δύναται
2696 1313 2793 1366 καὶ
2847 1313 3107 1381 ἀγχίνους
3152 1313 3248 1364 καὶ
3300 1310 3643 1397 πολύτροπόὲ

2068 1408 2240 1461 ἐστιν.
2291 1406 2520 1468 Ἰδόντες
2554 1404 2613 1457 δὲ
2669 1406 2719 1458 οἱ
2771 1406 2828 1459 ὲν
2879 1405 2958 1475 τῷ
2991 1405 3209 1474 ruma
3247 1406 3327 1458 ὅτι
3361 1405 3460 1466 τὰς
3505 1403 3645 1471 νῆας

2067 1497 2320 1550 ἐϐούλετο
2350 1497 2653 1568 ζημιῶσαι,
2683 1497 3046 1568 συναχθέντες
3073 1493 3227 1550 εἷπον
3259 1499 3441 1567 αὑτῷυο
3485 1516 3502 1546 ι
3529 1497 3644 1548 Οὐκ

2067 1586 2187 1640 ἔστι
2215 1588 2429 1641 δίκαιον
2457 1589 2543 1641 ὅτι
2570 1589 2671 1650 τὰς
2704 1589 2813 1641 τῶν
2854 1589 3169 1658 Λιγουρέων
3203 1588 3299 1640 καὶ
3350 1587 3509 1656 ἡμῶν
3548 1587 3644 1653 ὲμ-

2069 1681 2307 1751 πορικὰς
2341 1682 2475 1749 νῆας
2529 1680 2830 1750 ζημιῶσαι,
2862 1681 3006 1748 φίλοι
3056 1681 3229 1742 ὄντες.
3271 1703 3289 1732 ι
3333 1679 3392 1732 '0
3425 1680 3481 1731 δὲ
3514 1680 3644 1730 ἀπο-

2069 1771 2286 1841 κριθεὶς
2314 1767 2468 1823 εἷπεν
2509 1772 2726 1834 αὐτοῖς·
2769 1791 2788 1823 ι
2842 1768 3012 1826 Αὗται
3063 1774 3118 1826 αἱ
3171 1774 3297 1838 νῆες
3343 1772 3443 1825 οὺκ
3502 1772 3640 1823 εἰσιν

2071 1864 2402 1934 ἐμπορικαὶ,
2434 1863 2572 1915 ἀλλὰ
2606 1865 2806 1935 λῃσταὶ
2842 1864 3148 1927 θαλάττιοι,
3205 1865 3300 1918 καὶ
3345 1864 3506 1934 χάριν
3547 1867 3645 1930 ἐμ-

2071 1956 2303 2024 πορείας
2332 1955 2433 2007 οὐκ
2473 1951 2639 2026 ἦλθον
2676 1957 2934 2019 ἐνταῦθα,
2961 1957 3076 2009 ἀλλ’
3113 1958 3201 2010 ἵνα
3259 1957 3352 2009 τὸν
3419 1957 3644 2027 βασιλέα

2067 2048 2156 2100 τὸν
2181 2047 2341 2116 ἡμῶν
2363 2047 2559 2118 ἐχθρὸν
2587 2046 2956 2118 βοηθήσωσιν.
2998 2049 3138 2116 Ἐγὼ
3157 2049 3214 2102 δὲ
3242 2048 3316 2111 ὡς
3341 2050 3642 2119 προφανεῖς

2069 2138 2322 2208 ἐχθροὺς,
2357 2141 2405 2193 εί
2464 2139 2718 2204 δυνατὸν,
2784 2141 2926 2194 θέλω
2983 2140 3311 2194 παιδεῦσαιο
3373 2141 3533 2208 ὑμεῖς
3587 2140 3642 2192 δὲ

2067 2231 2346 2284 άπέλθατε
2376 2233 2498 2301 μετ’
2534 2235 2762 2304 εἰρήνης
2795 2235 2870 2298 ὡς
2917 2234 3084 2303 φίλοι.
3125 2253 3143 2286 ι
3189 2234 3389 2289 Λοιπὸν
3418 2233 3514 2286 τοῦ
3550 2233 3643 2298 ἕρ-

2066 2341 2164 2390 γου
2200 2325 2502 2393 ἁψάμενος,
2537 2329 2631 2380 καὶ
2675 2323 2744 2397 ἦν
2783 2329 2912 2382 ἰδεῖν
2948 2331 3178 2397 σημεῖον
3214 2329 3295 2381 ὅτι
3328 2331 3394 2397 τῇ
3447 2325 3645 2396 πρώτῃ

2067 2418 2304 2471 ἐλεὸὁλει
2412 2423 2439 2472 ὁ
2465 2421 2721 2490 τεχνίτης
2755 2422 2813 2474 τὸ
2844 2421 2958 2488 πῦρ
3015 2421 3242 2475 ἐνέϐαλε
3277 2421 3375 2491 τὴν
3409 2421 3510 2488 νῆα
3541 2421 3645 2488 τὴν

2067 2512 2176 2564 τῶν
2207 2512 2397 2565 ἄλλων
2417 2512 2704 2583 ἄρχουσαν
2754 2513 3030 2568 ἐδύθισεν.
3062 2515 3128 2566 Δί
3186 2512 3244 2565 δὲ
3275 2513 3460 2566 λοιπαὶ
3497 2512 3639 2564 ἰδοῦ-

2071 2619 2162 2654 σαι
2193 2602 2282 2654 τὸν
2310 2604 2561 2656 κίνδυνον
2593 2606 2686 2657 καὶ
2711 2605 2969 2659 θέλουσαι
3001 2607 3215 2674 φυγεῆν,
3259 2606 3353 2658 ἐπὶ
3383 2605 3443 2656 τὸ
3479 2604 3649 2674 260'

2072 2697 2237 2762 μέρος
2279 2697 2440 2748 πλέον
2470 2696 2564 2749 τοῦ
2598 2698 2820 2750 Γαλατᾶ
2849 2699 3036 2766 ὀλίγον
3071 2699 3326 2752 ἐλθοῦσαι
3371 2699 3471 2766 τὴν
3517 2699 3652 2748 στάσ-

2071 2803 2153 2837 σιν
2209 2787 2497 2856 ἐποίησαν,
2558 2789 2704 2851 ὅπως
2763 2789 2852 2841 διὰ
2907 2791 3018 2842 τῶν
3068 2791 3422 2860 ὑψηλοτάτων
3472 2788 3637 2839 οἴκων

2069 2880 2406 2933 σκέπωνταιο
2466 2881 2628 2944 αὐτὸς
2684 2883 2738 2934 δὲ
2791 2883 2867 2950 μὴ
2933 2884 3252 2953 φειδόμενος
3306 2883 3417 2936 τῶν
3464 2882 3636 2934 οἷκων

2068 2973 2296 3035 πολλοὺς
2329 2974 2620 3043 ἐχάλασεν,
2657 2975 2744 3027 ἵνα
2785 2976 3085 3037 ἀκωλύτως
3131 2978 3231 3037 τὰς
3285 2977 3420 3042 νῆας
3461 2976 3638 3044 μάχη-

2065 3078 2174 3114 ται.
2210 3059 2422 3133 Kal-71v
2486 3064 2767 3134 θαυμάσαι
2829 3067 2910 3120 ὅτι
2977 3067 3162 3119 πλεῖον
3221 3067 3253 3137 ἢ
3299 3068 3493 3119 ἑκατὸν
3543 3069 3651 3118 καὶ·

393 3160 486 3212 ρον
517 3145 676 3214 ἔργον
706 3151 787 3211 είς
816 3152 968 3206 οὐδὲν
994 3157 1270 3228 χρήσιμον
1303 3162 1446 3215 κατά
1495 3165 1602 3216 τῶν
1663 3168 1959 3237 τριήρεων,
1993 3185 2038 3245 c
2068 3155 2363 3223 τριάκοντα
2393 3157 2663 3219 ἐλεεόλεις
2698 3158 2863 3228 ῥίψας
2894 3159 3049 3211 οὐδέν
3081 3177 3133 3212 τι
3167 3161 3332 3213 πλέον
3373 3159 3467 3219 τὰς
3502 3156 3638 3227 νῆας

390 3234 526 3286 ἀλλὰ
553 3237 760 3305 μᾶλλον
792 3244 886 3297 καὶ
911 3246 1326 3319 ἐζημιὼθημεν,
1365 3256 1674 3325 περιχαρὴς
1713 3234 1957 3324 γελιονὼς

388 3427 550 3478 quam
582 3415 728 3471 aliud
770 3423 1158 3491 prmstiterunt,
1193 3427 1296 3483 nist
1327 3430 1469 3496 quod
1495 3447 1656 3484 unam
1701 3433 1958 3486 combus-

388 3509 895 3566 scrunttrirement.
933 3514 1115 3584 Ignem
1147 3518 1289 3572 enim
1321 3523 1468 3588 ponti
1509 3524 1770 3591 injectum
1809 3521 1952 3577 Tur-

389 3605 574 3650 earum
600 3602 753 3655 turba
784 3604 1069 3660 confestim
1093 3611 1370 3665 exstinxit.
1408 3611 1644 3670 Iuvenes
1665 3616 1783 3669 illos
1803 3632 1958 3685 egre-

388 3689 504 3756 gios
539 3701 593 3744 et
628 3691 896 3752 formosos
926 3699 1128 3768 impius
1188 3718 1404 3759 ameras
1451 3707 1517 3759 ad
1554 3723 1719 3759 unum
1762 3721 1955 3762 omnes

386 3791 607 3848 postero
637 3801 793 3840 mane
854 3790 906 3842 in
956 3804 1254 3861 conspectu
1309 3808 1498 3867 nostro
1561 3799 1956 3852 miserabiliter

387 3879 645 3934 trucidari
670 3881 856 3950 jussit.
890 3884 1092 3941 Luctus
1139 3887 1265 3943 hinc
1321 3890 1377 3943 in
1419 3891 1552 3944 urbe
1596 3891 1786 3959 ingens
1829 3890 1953 3957 fuit,

385 3979 646 4040 tantaque
674 3985 792 4028 erat
823 3976 1170 4046 imperatoris
1197 3982 1482 4047 ntcestitia,
1501 3982 1688 4051 utipse
1709 3984 1952 4037 vicissim

384 4065 630 4133 captivos
684 4065 889 4122 Turcas
942 4070 996 4122 in
1085 4071 1324 4126 turribus
1361 4073 1719 4128 circumcirca
1774 4077 1951 4130 occidi

379 4156 612 4224 jnberet,
646 4173 874 4214 numero
902 4161 1168 4217 ducentos
1190 4165 1498 4232 sexaginta.
1554 4163 1701 4220 Orta
1729 4174 1859 4220 sunt
1885 4183 1951 4221 ex

387 4250 483 4300 hac
508 4263 563 4302 re
591 4252 781 4314 turbae,
817 4266 882 4306 ac
911 4267 1104 4321 magna
1142 4254 1371 4309 emersit
1417 4254 1558 4309 inter
1612 4255 1851 4312 Venetos
1897 4266 1954 4311 et

307 4366 316 4374 ~
385 4336 610 4408 Ligures
643 4344 860 4400 seditio.
901 4345 1165 4402 Dicebant
1193 4349 1338 4402 enim
1382 4357 1437 4402 et
1496 4348 1956 4404 allirmabantLi-

382 4445 566 4497 gures,
589 4450 645 4488 se
675 4438 822 4490 omni
875 4440 928 4492 in
957 4455 1016 4492 re
1070 4438 1294 4496 Venetis
1349 4441 1646 4510 peritiores
1695 4457 1843 4508 esse,
1901 4452 1954 4496 et

2067 3245 2306 3314 ἔϐλαψεν
2349 3246 2474 3300 οὔτε
2545 3248 2851 3318 ἄνθρωπον,
2893 3247 3257 3316 ἐθανάτωσεν,
3327 3249 3380 3300 είν
3427 3245 3504 3318 μὴ
3537 3263 3647 3313 γυισ

2065 3429 2214 3483 tione
2239 3427 2402 3494 dixit,
2462 3429 2740 3485 facturum
2800 3445 2860 3487 sc
2924 3432 3103 3497 nobis,
3157 3448 3280 3499 qum
3339 3447 3437 3484 nns
3497 3429 3636 3498 ipsis

2066 3517 2242 3574 facere
2286 3536 2395 3573 non
2452 3523 2845 3589 potuissemus.
2901 3523 3088 3592 Itaque
3150 3523 3202 3575 in
3258 3523 3397 3576 colle
3457 3523 3632 3576 sancti

2034 3591 2332 3664 ’Τιιοοιιοιί
2360 3620 2510 3666 trans
2543 3613 2724 3667 sinum
2759 3614 2902 3682 apud
2934 3613 3181 3668 Gnlatam
3249 3629 3476 3680 magnas
3539 3617 3634 3666 lte-

2065 3702 2262 3776 lepoles
2312 3705 2614 3769 collocavit,
2646 3716 2704 3759 ut
2753 3722 2917 3761 naves
2950 3716 3165 3761 nostras
3217 3707 3283 3760 ad
3350 3707 3630 3759 introitum

2063 3804 2253 3858 portus
2289 3795 2637 3859 constitutas,
2670 3796 2776 3850 nisi
2831 3797 3168 3860 recederent,
3229 3796 3628 3864 submergeret.

2063 3884 2237 3950 Atque
2267 3883 2371 3937 ltoc
2407 3883 2643 3939 faciebat
2688 3901 2796 3939 non
2831 3887 3006 3940 solum
3067 3895 3283 3956 prepter
3342 3888 3627 3964 introitum

2063 3982 2272 4041 portus,
2305 3975 2396 4028 sed
2426 3975 2614 4040 etiam,
2646 3986 2702 4030 ut
2736 3976 2998 4047 Ligurum
3049 3980 3280 4033 navibus
3350 3985 3446 4048 par
3509 3980 3624 4033 red.

2065 4065 2234 4130 deret,
2272 4066 2536 4134 nobisque
2584 4068 2916 4133 ostenderet,
2946 4084 3002 4123 se
3033 4086 3192 4138 posse
3241 4071 3425 4124 omnia
3476 4078 3532 4124 et
3571 4074 3654 4123 in-

2062 4157 2256 4227 pritnis
2289 4158 2540 4211 solertem
2588 4168 2640 4214 et
2671 4168 2952 4213 versutum
2985 4175 3124 4216 esse.
3151 4160 3373 4215 Galataei
3409 4177 3630 4215 cernen-

2066 4260 2168 4313 tes,
2196 4265 2431 4325 ant‘cram
2460 4266 2623 4306 naves
2658 4251 3134 4320 pessumdaturmn
3157 4268 3298 4318 esse,
3318 4245 3631 4323 frequentes

2062 4357 2184 4395 eum
2222 4341 2557 4396 conveniunt
2585 4353 2937 4414 monentque,
2966 4333 3180 4414 atquum
3231 4361 3340 4399 non
3390 4362 3532 4410 esse,
3566 4347 3632 4401 ab

2066 4434 2155 4496 iis,
2190 4433 2389 4503 quippe
2422 4434 2636 4500 amicis,
2673 4433 2928 4505 Ligurum
2960 4447 3012 4490 et
3043 4453 3172 4491 suas
3192 4438 3327 4492 adeo
3358 4447 3630 4491 mercato-

383 4521 644 4578 .Iacobum
708 4530 912 4582 Cocum
981 4546 1047 4585 ex
1111 4532 1383 4600 imperitia
1443 4535 1765 4598 nescivisse,
1817 4535 1949 4604 quid

2062 4524 2169 4578 rias
2204 4541 2369 4580 naves
2415 4529 2774 4596 pessumdari.
2834 4529 2903 4581 At
2973 4531 3060 4584 ille
3114 4531 3441 4599 respondit:
3503 4517 3630 4585 (liae

388 4613 611 4678 faceret,
642 4631 742 4669 nec
789 4622 1130 4687 perspexisse
1188 4623 1270 4676 vel
1331 4624 1510 4692 ipsum
1560 4625 1646 4682 vel
1701 4625 1944 4694 reliquos

391 4707 644 4772 Venetos,
698 4709 789 4778 qui
855 4712 1168 4766 auderent:
1246 4715 1394 4768 unde
1451 4717 1812 4787 quadraginta
1869 4717 1948 4772 illi

381 4801 630 4869 iuvenes,
653 4811 874 4870 propter
901 4818 1040 4871 quos
1071 4814 1253 4860 tantus
1284 4806 1466 4860 luctus
1531 4816 1700 4873 esset,
1750 4810 1946 4881 periis-

378 4903 519 4956 sent,
552 4908 616 4947 ac
643 4895 890 4948 triremes
943 4906 997 4949 et
1042 4911 1178 4965 pons
1227 4897 1278 4949 in
1342 4897 1501 4967 portu
1557 4916 1664 4954 non
1711 4899 1948 4956 fuissent

379 4987 620 5039 incensa.
659 4984 783 5040 llaec
806 4986 894 5039 ubi
927 4988 1133 5041 audivit
1161 4988 1480 5056 imperator,
1521 4990 1656 5043 adiit
1710 4990 1945 5046 Venetos

377 5085 430 5127 et
461 5073 710 5143 Ligures,
748 5085 802 5130 et
829 5076 1031 5132 aﬂlicto
1067 5079 1252 5131 animo
1288 5080 1364 5133 ita
1391 5094 1486 5134 eos
1518 5079 1792 5136 allocutus
1813 5092 1934 5138 est:

382 5186 398 5217 ι
440 5167 681 5221 Obsecro
713 5184 829 5229 vos,
861 5169 1078 5235 fratres,
1133 5187 1317 5240 pacem
1379 5172 1540 5227 colite
1570 5190 1584 5226 :
1619 5173 1818 5228 sulIicit
1850 5191 1944 5230 ex-

376 5270 585 5312 ternum
643 5261 868 5316 bellum.
921 5263 1118 5326 Nolite,
1175 5279 1271 5332 per
1332 5265 1761 5320 misericordiam
1826 5268 1942 5330 Dei,

378 5361 625 5406 mutuum
683 5354 878 5408 bellum
934 5370 1237 5409 exercere.)
1302 5356 1420 5410 Alia
1487 5358 1654 5412 multa
1714 5359 1942 5414 dicendo

375 5442 588 5495 tandem
643 5458 741 5498 eos
790 5444 1018 5514 pacavit.

438 5618 666 5674 Ameras
689 5635 812 5673 cum
833 5631 1071 5674 nostrum
1089 5621 1350 5676 adversus
1373 5624 1622 5678 triremes
1649 5625 1928 5695 inceptum

368 5705 502 5758 nihil
553 5708 707 5762 nobis
736 5709 1027 5774 Commodi,
1066 5711 1176 5764 imo
1220 5711 1480 5765 damnum
1507 5715 1756 5768 attulisse
1789 5717 1938 5770 vitle-

371 5807 472 5862 rct,
514 5800 707 5868 gaudio
739 5797 1017 5858 exsultans
1051 5819 1154 5858 non
1199 5804 1316 5860 sine
1375 5804 1516 5860 fastu
1563 5817 1617 5861 et
1680 5807 1932 5876 indigna-

2059 4630 2222 4671 naves
2254 4633 2359 4672 non
2387 4607 2516 4673 sunt
2543 4623 2902 4685 mercatori-ae,
2933 4624 3023 4676 sed
3048 4624 3308 4691 piraticm,
3360 4640 3460 4678 nec
3487 4641 3627 4677 tner-
3657 4663 3660 4666 -

2055 4715 2256 4761 catttrze
2283 4710 2452 4777 gratia
2486 4711 2590 4766 huc
2623 4712 2984 4776 advenerunt,
3040 4717 3135 4770 sed
3203 4716 3621 4784 imperatorem.
3653 4769 3658 4774 .

2056 4795 2263 4850 hostem
2292 4808 2558 4862 nostrum,
2591 4799 2875 4868 adjttturte.
2906 4802 3084 4866 Quare
3131 4811 3189 4856 ιιι
3213 4804 3407 4857 hostes
3449 4808 3622 4859 mani-

2055 4885 2245 4950 festos,
2268 4889 2310 4942 si
2346 4897 2553 4956 potero,
2572 4905 2665 4944 eos
2693 4891 2931 4959 puniant.
2956 4891 3083 4959 Vos,
3105 4903 3160 4946 ιιι
3193 4896 3376 4959 amici,
3399 4895 3561 4949 abite.
3595 4915 3614 4946 ι
3644 4933 3655 4938 -η

2054 4978 2246 5046 Itaque
2277 4994 2416 5048 opus
2444 4995 2734 5050 aggressus
2765 4993 2868 5048 est,
2916 4993 3080 5053 atque
3110 4986 3326 5051 accidit,
3362 4997 3423 5040 ttt.
3449 4989 3620 5055 magi-

2056 5081 2167 5124 ster
2228 5071 2402 5138 prima
2449 5072 2704 5139 ltelepoli,
2767 5075 2855 5128 cui
2923 5076 3098 5145 ignem
3161 5076 3366 5146 injecit,
3428 5095 3661 5132 navem.

2053 5162 2352 5231 principem
2377 5163 2732 5233 demergeret.
2758 5165 3000 5236 Reliqua:
3024 5183 3214 5230 naves,
3235 5169 3661 5232 animadverso,

2053 5256 2312 5324 periculo,
2339 5255 2462 5324 fuga
2488 5257 2718 5312 salutem
2744 5262 3060 5328 quaerebant
3085 5269 3138 5314 et
3199 5261 3444 5314 Galatam
3498 5277 3619 5314 ver-
3648 5303 3652 5307 .

2049 5364 2156 5402 sus.
2189 5350 2350 5416 paulo
2430 5359 2696 5418 provectm
2776 5352 3154 5417 constiterunt,
3221 5361 3280 5407 ut
3339 5353 3620 5408 altissimis

2050 5443 2297 5497 aediliciis
2333 5453 2658 5513 tegerentur.
2692 5434 2871 5500 Atille
2897 5446 3030 5500 nillil
3070 5447 3310 5516 pepercit
3350 5445 3610 5509 reditionis,

2049 5534 2141 5588 sed
2173 5549 2361 5588 eorum
2396 5537 2564 5589 multa
2591 5536 2778 5602 diruit,
2809 5553 2916 5606 quo
2978 5537 3146 5591 libere
3210 5549 3376 5590 naves
3438 5552 3613 5602 Oppno

2047 5636 2254 5694 gnaret.
2291 5626 2489 5681 Verum
2521 5627 2715 5681 mirum
2746 5627 2848 5682 hoc
2887 5629 3108 5690 accidit,
3153 5637 3213 5681 ut
3279 5636 3500 5679 centum
3557 5637 3632 5680 et.

2048 5719 2263 5787 triginta
2295 5719 2528 5788 amplius
2580 5719 2918 5786 ltelepolibus
2994 5734 3146 5778 usus,
3210 5717 3381 5770 nihilo
3437 5718 3614 5785 magis

2047 5799 2274 5865 naribus
2301 5819 2540 5877 noceret,
2583 5826 2678 5865 nec
2715 5811 2988 5866 hominem
3033 5810 3206 5866 ullunt
3247 5809 3640 5878 internectat
