4066 6296
449 333 557 406 855
1691 337 2014 398 GEORGII

2134 337 2528 398 illiAt‘iTZE.
3625 327 3771 396 8:6

451 451 613 506 ναῖκά
661 470 783 507 τινα
846 452 1021 522 πέτρα
1089 450 1334 506 πεσοῦσα
1396 454 1459 506 ὲκ
1503 451 1610 504 τῶν
1649 454 1845 523 τειχῶν
1898 455 2032 507 ἀπὲ-
2060 457 2108 516 Α
2141 455 2332 523 καιρὸν
2367 455 2448 515 εἰς
2471 454 2566 515 τὰς
2606 452 2844 522 πονηρὰς
2880 447 3109 521 ὀρέξεις,
3139 451 3358 513 στάσεις
3385 449 3476 503 καὶ
3508 451 3760 503 ἀκατα-

2140 547 2371 608 στασίας
2398 547 2522 598 καθ’
2552 547 2770 615 ἡμέραν
2802 546 3047 607 ἐποίουν,
3075 545 3170 598 καὶ
3205 544 3396 616 ’ὕϐρεις
3423 547 3516 598 καὶ
3537 545 3750 598 λοιδο-

2139 641 2260 709 ρίας
2294 643 2374 703 εἰς
2412 639 2514 701 τὰς
2556 639 2825 699 πλατείας
2854 639 2949 691 καὶ
2985 637 3170 707 ῥύμας
3205 639 3303 705 τῆς
3336 638 3545 700 πόλεως
3575 638 3756 690 κατά

2133 732 2237 786 τοῦ
2261 732 2568 802 δυστυχοῦς
2605 732 2872 801 βασιλέως
2903 730 3139 783 καὶτῶν
3187 729 3390 798 ἐτέρων
3434 730 3754 799 ἀρχόντων

2137 823 2360 894 ἐξέχεον
2397 826 2460 877 ἐκ
2504 825 2597 877 τοῦ
2635 823 2837 894 μιαροῦ
2879 823 3062 876 αὐτῶν
3093 823 3397 894 λάρυγγος,
3427 824 3566 892 μήτε
3628 821 3752 874 τὸν

2134 918 2268 972 Θεὸν
2301 918 2635 988 φοϐούμενοι
2671 921 2808 988 μήτε
2856 917 3205 984 τὸνβασιλέα
3245 917 3278 988 ἢ
3335 917 3462 983 τοὺς
3507 915 3753 986 ἀνθρὼ-

451 562 542 597 κτς
555 563 684 600 ινεν.

488 637 783 716 ...Ημέρας
839 636 948 705 γάρ
987 617 1144 700 τινὰς
1180 639 1206 690 6
1247 637 1472 707 ἀμηρῖὶς
1522 640 1583 691 ού
1634 639 1850 694 τελείαν
1890 657 2030 709 συμ-

450 728 684 798 πλοκὴν,
712 729 786 793 ὡς
830 729 1084 798 σύνηθες,
1118 729 1352 783 ἐνέδιδεν
1403 731 1534 800 ἡμῖν
1596 731 1672 793 ὡς
1721 731 1782 784 το
1835 732 2033 800 πρότε-

452 835 563 887 ρον,
595 821 642 872 εί
676 822 750 891 μὴ
799 821 1238 891 ἀκροϐολισμοὺς
1273 822 1583 892 μακρόθεν·
1625 823 1722 874 καὶ
1747 826 1871 886 ταῖς
1907 823 2028 876 ἐλε-

448 913 634 965 εόλεσι
664 913 848 984 ἡμέρᾳ
870 931 930 967 τε
972 914 1068 967 καὶ
1125 917 1284 968 νυκτὶ
1343 915 1446 967 οὐκ
1508 915 1714 969 ἔπαυον
1753 917 1822 970 τὰ
1872 917 2028 987 τείχη

450 1005 702 1075 σφοδρῶς
745 1007 1000 1064 τύπτειν.
1041 1007 1148 1061 Καί
1203 1023 1348 1072 τινες
1393 1008 1494 1078 μὲν
1542 1009 1591 1060 οἱ
1628 1007 1701 1077 μὴ
1749 1007 1903 1072 ὄντες
1933 1008 2033 1077 ἐμ-

449 1113 636 1168 πειροι
660 1098 920 1152 τοσοῦτον
943 1101 1039 1152 τοῦ
1073 1099 1342 1170 πολέμου,
1381 1101 1455 1162 ὡς
1503 1100 1736 1153 ἔϐλεπον
1773 1101 1847 1169 μὴ
1882 1102 2032 1169 γίνε-

449 1191 576 1244 σθαι
609 1192 961 1264 συμπλοκὴν,
977 1194 1103 1258 τοὺς
1128 1193 1596 1264 διατεταγμένους
1627 1195 1827 1257 τόπους
1848 1195 2031 1249 αὐτῶν

447 1281 739 1345 ἀφίνοντες
782 1284 840 1334 ἐν
891 1284 1008 1344 τοῖς
1070 1283 1243 1346 οἴκοις
1299 1284 1485 1338 αὐτῶν
1545 1286 1810 1356 ἤρχοντο·
1868 1285 1917 1336 οἱ
1973 1284 2030 1336 δὲ

447 1371 687 1440 Τοῦρκοι
723 1373 1015 1444 εὐκαιρίαν
1050 1374 1406 1444 εὑρίσκοντες
1463 1377 1604 1441 μετὰ
1643 1375 1851 1444 ὀνύχων
1887 1375 2032 1444 σιδη-

446 1464 560 1532 ρῶν
583 1465 704 1535 ἤτοι
741 1467 1061 1536 ἀγκίστρων
1085 1466 1142 1518 ἐν
1173 1483 1287 1520 τισι
1320 1467 1512 1531 τόποις
1556 1467 1654 1531 τὰς
1679 1469 1883 1538 μεστὰς
1922 1469 2032 1539 χὼ·-

449 1571 624 1622 ματος
651 1557 948 1626 σπυρίδας,
983 1559 1120 1610 ὅπου
1151 1553 1294 1627 ἦσαν
1330 1561 1410 1622 εἰς
1436 1559 1650 1629 σκέπην
1678 1559 1786 1610 τῶν
1818 1559 2032 1630 ἀνθρὼ-

447 1663 569 1699 πων
599 1648 657 1701 ἐν
691 1651 757 1718 τῇ
788 1650 1104 1721 συμπλοκῇ,
1134 1652 1288 1704 κάτω
1319 1651 1552 1720 έσυρνον
1572 1667 1585 1680 ·
1613 1653 1665 1705 oi
1715 1652 1772 1704 δὲ
1811 1652 2029 1721 δήμαρ-

454 1754 540 1805 χοι
574 1736 693 1789 ἀντ’
730 1738 910 1790 αὐτῶν
940 1738 1135 1808 ἐτέρας
1174 1739 1338 1802 εὐθὺς
1392 1739 1606 1792 ἔϐαλον.
1661 1739 1865 1794 Μαθὼν
1899 1741 1956 1792 δὲ
1999 1743 2028 1793 6

451 1828 708 1897 βασιλεὺς
735 1830 840 1882 ὑπὸ
863 1832 958 1883 τοῦ
981 1831 1293 1900 στρατηγοῦ
1318 1833 1346 1884 ὃ
1371 1849 1426 1885 τι
1457 1832 1752 1902 συμϐαίνει
1780 1832 2032 1896 γενέσθαι

446 1911 499 1986 ᾧ.
522 1921 705 1992 τρόπῳ
739 1923 1066 1992 εἰρήκαμεν,
1100 1923 1228 1986 τοὺς
1249 1923 1530 1986 τοιούτους
1566 1920 1814 1994 σφοδρῶς
1863 1923 2028 1993 ἠπεί-

449 2012 643 2084 λησεν.
675 2014 841 2066 Αύτοὶ
880 2014 938 2067 δὲ
971 2014 1343 2086 ἀπεκρίναντο
1406 2015 1662 2083 λέγοντες
1702 2017 1785 2068 ὅτι
1835 2016 1922 2068 διὰ
1969 2016 2030 2068 τὸ

453 2107 531 2179 μὴ
558 2107 707 2177 ἔχειν
739 2109 942 2172 αὐτοὺς
975 2115 1173 2179 φαγεῖν
1235 2114 1333 2164 καὶ
1393 2114 1560 2175 πιεῖν,
1619 2110 1787 2164 τέκνα
1826 2128 1885 2162 τε
1934 2111 2035 2163 καὶ

450 2205 746 2268 γυναῖκας,
782 2202 944 2256 τοῦτο
971 2205 1261 2273 ἐποίησαν.
1301 2203 1567 2266 Ἀκούσας
1609 2203 1714 2257 δέὁ
1777 2203 2028 2273 βασιλεὺς

450 2293 654 2364 ὥρισεν
683 2296 774 2349 ἵνα
810 2298 924 2350 ὅσοι
965 2298 1123 2368 261
1155 2298 1298 2360 τινὲς
1320 2298 1370 2350 oi
1402 2299 1477 2367 μὴ
1517 2297 1810 2367 δυνάμενοι
1858 2297 2031 2367 μάχε-

452 2388 578 2441 σθαι
607 2389 697 2443 διά
749 2391 930 2461 γῆρας
965 2393 996 2459 ἣ
1049 2393 1117 2445 δι’
1149 2393 1350 2463 ἑτέραν
1401 2393 1606 2456 αἰτίαν,
1644 2395 1768 2457 τοὺς
1826 2393 2030 2462 ἄρτους

450 2483 548 2535 καὶ
580 2485 688 2536 πᾶν
725 2483 1009 2556 βρώσιμον
1035 2485 1388 2555 διαμερίζειν
1417 2487 1474 2537 ἐν
1515 2486 1628 2548 τοῖς
1654 2487 1829 2549 οἴκοις
1861 2486 1953 2536 καὶ
1971 2486 2028 2538 ἐν

449 2577 564 2632 τοῖς
597 2575 831 2645 πύργοις
865 2576 1010 2630 κατά
1043 2577 1142 2646 τὴν
1173 2577 1463 2645 ἀναλογίαν
1493 2577 1611 2640 ἐνὸς
1639 2578 1895 2633 ἑκάστου.
1920 2577 2031 2632 Καὶ

449 2667 477 2714 ὁ
509 2665 745 2736 πόλεμος
777 2667 999 2738 ἡμέραν
1028 2670 1151 2722 καθ’
1187 2670 1404 2740 ἡμέραν
1432 2669 1634 2741 ηὔξανε
1685 2671 1771 2722 διὰ
1802 2670 1862 2722 τὸ
1907 2671 2031 2723 καθ’

452 2758 701 2828 ἑκάστην
753 2760 834 2822 είς
881 2761 1008 2824 τοὺς
1064 2762 1345 2825 ἐναντίους
1414 2763 1478 2815 ἐκ
1528 2761 1624 2814 τοῦ
1680 2763 1780 2834 τῆς
1844 2763 2031 2824 Ἀσίας

447 2849 711 2919 κλίματος
759 2851 884 2913 νέος
917 2854 1150 2916 στρατὸς
1182 2852 1243 2905 οὐ
1309 2854 1552 2906 διέλιπεν
1619 2853 1879 2923 ἔρχεσθαι
1909 2869 1923 2884 ⁸
1962 2855 2031 2908 τὲ

446 2943 505 2995 δὲ
553 2942 804 3012 ἡμέτερα
837 2943 1189 3012 ὀλιγόστευον-
1239 2946 1336 2997 καὶ
1391 2946 1797 3012 ἐταπεινοῦντο,
1837 2946 2028 3017 ὥσπερ

450 3033 648 3104 σελήνη
683 3034 1042 3103 λειψίφωτος,
1077 3036 1165 3089 διὰ
1213 3037 1305 3089 τὸν
1356 3038 1741 3108 καθημερινὸν
1772 3039 2025 3093 θάνατον.

448 3124 607 3188 Τινὲς
636 3125 692 3178 δὲ
721 3127 785 3178 ἐκ
815 3126 926 3178 τῶν
955 3128 1246 3197 ἡμετέρων
1271 3130 1518 3192 ἀπειθεῖς
1549 3131 1644 3183 καὶ
1672 3132 2030 3202 ἀπάνθρωποι
2059 3147 2102 3205 c

446 3215 518 3269 τὰ
575 3217 734 3288 ἡμῶν
793 3217 1187 3271 ταπεινοῦσθαι
1247 3218 1563 3289 βλέποντες,
1625 3222 1880 3292 εὑρόντες
1936 3222 2028 3275 τὸν

462 3404 572 3459 nisi
604 3402 749 3471 quod
779 3399 919 3470 lapis
978 3399 1044 3453 de
1080 3413 1236 3452 muro
1273 3396 1529 3466 delapsus
1582 3400 1864 3455 mulierem
1929 3403 2030 3456 ali-

447 3513 610 3568 quam
650 3496 870 3552 occidit.

522 3588 719 3644 Diebus
753 3591 958 3660 aliquot
1005 3606 1219 3646 ameras
1277 3606 1383 3646 non
1429 3592 1602 3662 jusxa,
1665 3600 1725 3646 ut
1798 3591 2029 3656 solebat,

444 3698 627 3753 pugna
663 3699 761 3738 nos
789 3670 1053 3745 exercuit.
1083 3685 1224 3739 sicut
1263 3693 1411 3748 ante,
1438 3685 1530 3740 sed
1593 3686 1812 3740 eminus
1867 3685 2026 3754 jacu-

445 3776 776 3845 lationibus;
808 3777 1148 3847 belepolibus
1171 3786 1354 3834 tamen
1375 3794 1475 3833 nec
1496 3779 1582 3832 die
1607 3795 1706 3834 nec
1731 3788 1889 3834 nocte
1905 3794 2027 3834 ces-

446 3868 590 3921 savit
619 3869 818 3923 acriter
847 3869 1053 3924 moenia
1106 3871 1360 3925 arietare.
1424 3871 1614 3940 Itaque
1667 3871 1890 3941 quidam
1949 3872 2025 3925 rei

445 3959 703 4014 militaris
732 3975 834 4014 non
865 3961 1165 4016 admodum
1222 3962 1405 4029 periti,
1457 3977 1581 4022 eum
1633 3978 1867 4031 pugnam
1917 3978 2024 4017 non

445 4052 714 4108 committi
742 4054 1007 4118 viderent,
1041 4039 1243 4108 relictis
1302 4054 1630 4108 stationibus
1687 4055 1882 4109 domus
1933 4058 2028 4108 ab-

448 4146 621 4200 ibant.
655 4145 826 4210 Quam
860 4145 1324 4215 opportunitatem
1353 4143 1546 4199 Turcaa
1591 4155 1869 4212 aucupatt.
1925 4161 1994 4197 un
2016 4174 2032 4186 -

446 4239 527 4294 eis
556 4220 882 4293 ferreis'sive
902 4238 1624 4306 liarpagonibus-nonnullis
1661 4240 1714 4291 in
1747 4239 1883 4294 locis
1907 4253 2032 4292 cor-

447 4331 545 4384 bes
577 4331 642 4384 ad
674 4333 961 4400 tegendum
1000 4330 1052 4383 in
1087 4345 1269 4400 pugna
1319 4331 1544 4383 militem
1585 4339 1728 4382 terra
1775 4330 2030 4398 impletas

447 4424 822 4487 detraxerunt,
859 4438 957 4492 pro
987 4422 1187 4490 quibus
1215 4422 1420 4475 tribuni
1473 4421 1620 4474 illico
1672 4421 1810 4475 alias
1861 4435 2023 4489 repo-

2135 1028 2273 1073 πους
2302 1011 2719 1081 ἐντρεπόμενοι.
2760 1009 2938 1073 Αὐτὸς
2975 1009 3029 1062 δὲ
3066 1011 3094 1062 6
3148 1008 3626 1080 τρισμακάριστος
3667 1009 3747 1061 τὸ

2133 1102 2228 1156 τοῦ
2293 1102 2457 1158 Δαεὶδ
2492 1103 2657 1173 ῥητὸν
2713 1100 3056 1172 μιμούμενος
3097 1100 3158 1153 τό
3187 1116 3201 1130 ·
3241 1118 3260 1151 ι
3305 1099 3452 1168 Ἐγὼ
3498 1100 3555 1152 δὲ
3583 1099 3746 1152 ὡσεὶ

2135 1196 2321 1265 κωφὸς
2351 1196 2453 1248 οὐκ
2485 1197 2713 1266 ἢκουον,
2748 1195 2841 1248 καὶ
2870 1194 3006 1247 ὡσεὶ
3055 1192 3251 1256 άλαλος
3289 1193 3583 1262 ἐγενόμην,
3617 1192 3742 1245 καὶ

2133 1288 2404 1358 ἐγενόμην
2427 1288 2559 1341 ὡσεὶ
2605 1287 2896 1357 ἄνθρωπος
2925 1287 3027 1340 οὐκ
3056 1285 3275 1340 ἀκούων
3309 1286 3404 1338 καὶ
3439 1287 3538 1354 οὐκ
3572 1283 3740 1355 ἔχων

2134 1380 2194 1431 ἐν
2217 1379 2292 1448 τῷ
2319 1378 2553 1449 στόματι
2580 1379 2748 1432 αὑτοῦ
2800 1378 3092 1447 ἐλεγμοὺς,
3158 1378 3243 1431 ὅτι
3285 1377 3335 1430 οῑ
3380 1375 3568 1446 ἐχθροί
3614 1392 3738 1444 μου

2135 1470 2270 1535 ζῶσι
2307 1468 2400 1522 καὶ
2429 1468 2885 1538 κεῆραταίωνται
2911 1468 3054 1539 ὑπὲρ
3087 1469 3210 1538 ἐμὲ,
3249 1469 3330 1522 ὅτι
3378 1466 3740 1536 ἐπληθύνθη-

2135 1577 2236 1613 σαν
2262 1560 2312 1613 οἱ
2343 1559 2637 1630 μισοῦντές
2671 1577 2738 1629 με
2776 1559 3004 1622 ἀδίκως.
3037 1578 3056 1611 ι
3093 1559 3203 1613 Καὶ
3230 1557 3377 1621 τινὲς
3415 1558 3515 1627 μὲν
3544 1573 3737 1626 προσ-

2135 1654 2368 1721 ήρχοντο
2419 1651 2569 1720 αύτῷ
2615 1650 2869 1719 λέγοντες
2917 1651 2998 1704 ὅτι
3043 1649 3106 1702 '0
3155 1649 3306 1702 δεῖνα
3346 1649 3444 1701 καὶ
3488 1647 3517 1699 6
3567 1647 3732 1699 δεῖνα
3771 1684 3774 1686 -

2133 1745 2260 1798 τάδε
2283 1743 2388 1813 ἔφη
2411 1756 2426 1772 ⁸
2457 1743 2626 1796 τινῶν
2658 1743 2715 1795 δὲ
2757 1741 3084 1811 περιπατῶν
3109 1741 3296 1811 ἤκουε.
3327 1741 3439 1793 Καὶ
3491 1740 3548 1793 ἐν
3581 1739 3732 1808 ἡμῖν

2060 1796 2106 1856 Β
2135 1796 2433 1906 ἐπληρωθη
2473 1837 2536 1889 τὸ
2575 1837 2742 1908 ῥητὸν
2765 1796 3071 1905 τὺ1φάσκον
3303 1852 3322 1884 ‹
3359 1831 3480 1884 Τῶν
3503 1796 3732 1902 pavi-5-

2131 1927 2445 1997 τυχούντων
2468 1927 2674 1990 πάντες
2701 1927 2801 1982 ἄνθ
2810 1945 2985 1999 ρωποι
3011 1927 3179 1998 φίλοι,
3197 1927 3306 1980 τῶν
3320 1924 3378 1978 δὲ
3393 1923 3729 1995 δυστυχούν-

2132 2035 2240 2071 των
2261 2017 2376 2070 ούδ’
2411 2019 2582 2081 αὐτὸς
2613 2020 2639 2072 ό
2668 2021 2978 2091 γεννήτωρ.
3009 2040 3027 2072 ι

2205 2109 2285 2180 Τῇ
2314 2110 2371 2162 δὲ
2404 2113 2626 2181 εἰκοστῇ
2652 2112 2898 2184 τετάρτῃ
2933 2112 3028 2165 τοῦ
3063 2113 3246 2166 Μαΐου
3277 2110 3603 2181 ἐψιθυρίσθη
3635 2111 3725 2164 ὅτι

2131 2204 2159 2255 6
2189 2204 2412 2273 ἁμηρᾶς
2453 2203 2708 2272 βούλεται
2761 2205 2850 2258 διὰ
2900 2203 3072 2273 ξηρᾶς
3105 2204 3202 2256 καὶ
3232 2203 3508 2273 θαλάσσης
3540 2207 3607 2274 τῇ
3641 2205 3730 2256 εί-

2132 2295 2303 2364 κοστῇ
2335 2293 2540 2364 ἐννάτῃ
2600 2295 2696 2348 τοῦ
2733 2293 2900 2348 αὑτοῦ
2931 2293 3245 2364 πολεμῆσαι
3291 2295 3440 2363 ἡμᾶς
3471 2292 3724 2362 σφοδρῶς

2137 2386 2275 2456 μετὰ
2311 2385 2644 2456 συμπλοκῆς
2681 2386 2778 2439 καὶ
2822 2385 3166 2457 συῤῥήξεως.
3198 2388 3261 2440 Οἱ
3307 2386 3366 2441 δὲ
3423 2385 3722 2454 στρατηγοὶ

2132 2477 2229 2530 καὶ
2279 2478 2556 2548 δήμαρχοι
2621 2477 2849 2544 πάντες,
2915 2478 3013 2532 καὶ
3077 2479 3318 2546 μάλιστα
3389 2478 3647 2545 Ἰωάννης
3688 2477 3722 2528 6

2147 2570 2556 2633 Ίουστινιανδς,
2611 2571 2712 2624 οὐκ
2750 2569 2958 2624 ἔπαυον
2995 2572 3186 2624 πᾶσαν
3235 2569 3488 2641 μηχανὴν
3540 2570 3721 2622 ποιεῖν

2133 2664 2214 2725 εἰς
2253 2661 2696 2733 ἀντιπαράταξιν
2725 2663 2837 2715 τῶν
2897 2662 3184 2727 ἐναντίων,
3236 2664 3332 2715 καὶ
3367 2661 3435 2715 δι’
3461 2661 3587 2730 ὅλης
3613 2659 3721 2729 τῆς

2132 2752 2326 2815 νυκτὸς
2352 2754 2481 2817 τοὺς
2503 2753 2728 2823 τείχους
2755 2755 2882 2818 τοὺς
2924 2754 3271 2824 ἐμπεσόντας
3317 2755 3376 2807 ἐν
3405 2753 3484 2823 τῷ
3512 2752 3716 2806 τύπτε-

2135 2845 2258 2898 σθαι
2286 2845 2391 2898 ὑπὸ
2414 2846 2522 2903 τῶν
2559 2847 2865 2901 ἐλεδόλεων
2929 2845 3270 2919 ἐδιὼρθωνον
3305 2846 3711 2916 μυριοτρόπως.

2134 2933 2265 2991 Εἶτα
2289 2939 2315 2990 6
2353 2938 2740 3003 Ίουστινιανὸς
2782 2939 3008 3002 στείλας
3037 2939 3298 3010 πρὸς⁸τδν
3329 2942 3504 3010 μέγαν
3549 2938 3713 2993 δοῦκα

2134 3027 2225 3080 τὸν
2258 3027 2516 3097 Νοταρᾶν
2560 3027 2747 3098 ἐζήτει
2807 3028 3198 3094 ἐξαποστεῖλαι
3244 3027 3394 3097 αὐτῷ
3446 3026 3715 3089 ἐλεσόλεις

2132 3117 2308 3182 τινὰς,
2344 3121 2401 3172 αἳ
2429 3118 2679 3191 ὑπῆρχον
2706 3120 2764 3171 ἐν
2789 3121 2905 3180 τοῖς
2944 3118 3173 3188 μέρεσιν
3207 3117 3267 3171 οὗ
3294 3115 3597 3187 ἐφύλαττεν
3621 3116 3716 3168 αὐ·-

2132 3207 2241 3272 τός.
2281 3207 2346 3263 Ὁ
2375 3209 2433 3262 δὲ
2463 3211 2571 3281 κὺρ
2599 3210 2812 3273 Λουκᾶς
2835 3209 2863 3262 6
2891 3209 3146 3278 Νοταρᾶς
3174 3208 3275 3261 οὒκ
3327 3208 3561 3278 ἠθέλησε
3595 3207 3714 3262 δοῦ-

2138 3388 2476 3452 cxeitabant,
2511 3398 2564 3444 et
2629 3404 2730 3444 ore
2775 3389 3006 3445 scelesto
3057 3405 3152 3458 per
3209 3389 3410 3459 plateas
3437 3401 3490 3444 et-
3556 3389 3706 3444 vicos

2131 3479 2288 3535 urbis
2319 3480 2606 3536 maledicta
2630 3494 2685 3535 et
2708 3482 3074 3537 contumelias
3105 3483 3157 3535 in
3213 3482 3594 3550 imperatorem
3649 3488 3707 3535 et

2132 3573 2372 3642 reliquos
2430 3574 2709 3642 principes
2766 3573 3159 3642 conjiciebant,
3217 3589 3318 3628 nec
3383 3573 3548 3626 Deum
3601 3587 3704 3628 nec

2131 3664 2516 3733 imperatorem
2547 3663 2630 3718 vel
2663 3665 2914 3720 homines
2961 3665 3136 3718 veriti.
3181 3665 3250 3720 At
3290 3665 3376 3720 ille
3403 3673 3483 3718 ter
3523 3666 3712 3719 beatus

2133 3756 2215 3810 vir
2249 3755 2467 3813 Davidis
2493 3758 2702 3812 dictum
2733 3757 3096 3812 imitabatur:
3138 3759 3284 3828 «Ego
3336 3766 3517 3812 autem
3572 3758 3712 3815 sicut

2130 3851 2328 3904 surdus
2359 3865 2464 3905 non
2504 3851 2813 3915 audiebam,
2872 3860 2927 3904 et
2975 3860 3232 3918 tanquam
3295 3861 3485 3905 mutus
3541 3864 3704 3913 eram,

2130 3941 2419 4012 factusque
2447 3958 2566 3996 smn
2599 3945 2744 3996 sicut
2791 3944 2956 3997 homo
2987 3958 3095 3996 non
3141 3942 3375 3999 audiens
3394 3957 3492 3996 nec
3511 3942 3704 3996 habens

2131 4035 2185 4090 in
2212 4051 2307 4090 ore
2332 4037 2784 4107 redargutiones.
2822 4036 3080 4104 quoniam
3121 4035 3327 4089 inimici
3361 4036 3466 4090 mei
3527 4036 3699 4088 vivunt

2131 4139 2184 4184 et
2217 4128 2623 4198 praevaluerunt
2653 4143 2820 4197 super
2844 4144 2928 4182 me
2963 4137 3018 4182 et
3051 4127 3144 4194 qui
3184 4125 3387 4197 injuria
3443 4141 3526 4180 me
3572 4127 3697 4179 ode-

2133 4232 2279 4288 runt,
2305 4221 2646 4291 multiplicati
2711 4231 2888 4276 sunt.
2927 4241 2946 4274 ι
3004 4221 3069 4275 Et
3122 4222 3345 4274 adibant
3399 4235 3546 4286 eum,
3616 4220 3702 4288 qui

2131 4323 2446 4380 narrarent,
2480 4315 2628 4370 hunc
2669 4315 2751 4369 vel
2774 4315 2923 4368 illum
2957 4314 3085 4368 talia
3144 4315 3212 4367 de
3269 4314 3391 4382 ipso
3441 4312 3655 4367 ell'utire
3690 4329 3703 4365 :

2136 4408 2408 4476 quosdam
2437 4407 2601 4462 etiam
2631 4407 2953 4476 praeteriens
3000 4407 3117 4476 ipse
3171 4406 3446 4460 audiebat.
3479 4405 3708 4473 Denique

449 4515 1023 4584 suerunthupet‘ator
1059 4515 1148 4568 ubi
1177 4531 1204 4568 a
1238 4515 1393 4580 duce,
1422 4513 1550 4584 quid
1587 4514 1759 4578 tieret,
1783 4513 2023 4577 rescivit,
2061 4507 2106 4561 D
2133 4501 2187 4554 in
2225 4501 2384 4557 nobis
2443 4509 2557 4554 tum
2615 4500 2747 4554 illud
2804 4509 3062 4555 eventum
3119 4499 3312 4552 habuit
3345 4516 3358 4551 :
3404 4516 3423 4548 ι
3464 4497 3708 4552 Felicium

400 4592 403 4594 ’
451 4605 1204 4679 graviterillosincrepavit:
1253 4606 1348 4675 qui
1403 4606 1826 4675 responderunt,
1890 4621 2030 4674 quo-

450 4700 604 4755 niam
636 4716 743 4753 non
769 4699 1055 4760 haberent,
1089 4697 1234 4768 quod
1268 4698 1492 4753 ederent
1520 4706 1615 4752 aut
1636 4698 1906 4760 biberent,
1931 4694 2035 4750 nec

437 4793 608 4849 Jiberi
635 4810 733 4848 nec
765 4809 990 4861 uxores,
1027 4795 1098 4849 ita
1138 4809 1197 4849 se
1222 4795 1424 4864 egisse.
1452 4793 1565 4850 Hoc
1608 4795 1822 4862 audito,
1857 4795 2033 4863 impc-

451 4893 605 4940 rator
641 4886 946 4950 constituit,
982 4897 1043 4940 ut
1083 4895 1354 4958 quotquot
1384 4897 1668 4942 senectute
1701 4889 1785 4942 vel
1812 4887 1920 4940 alia
1976 4902 2035 4940 re

455 4974 878 5045 impedirentur,
918 4992 986 5029 ne
1016 4989 1342 5049 pugnarent,
1381 4977 1446 5032 iis
1473 4993 1571 5046 pro
1592 4977 1840 5046 cujusvis
1899 4992 2034 5029 con-

455 5068 664 5124 ditione
687 5068 841 5137 panis
881 5077 935 5122 et
974 5070 1216 5136 reliquus
1236 5070 1393 5123 cibus
1418 5084 1513 5138 per
1539 5069 1683 5122 aedes
1743 5078 1796 5120 et
1857 5077 2037 5122 turres

457 5159 908 5215 distribueretur.
964 5157 1204 5213 'lnteiim
1254 5160 1453 5213 bellum
1505 5158 1558 5212 in
1612 5159 1726 5213 dics
1784 5158 2040 5227 ingrave-

466 5250 682 5316 scebat,
715 5264 838 5303 cum
887 5249 952 5304 ad
986 5249 1172 5304 hostes
1207 5264 1273 5304 ex
1326 5249 1455 5305 Asia
1512 5247 1754 5318 quotidie
1790 5257 2038 5302 recentes

463 5342 637 5412 copiae
679 5343 1066 5404 adventarent,
1098 5350 1300 5396 nostra:
1323 5349 1504 5396 autem
1537 5356 1624 5394 res
1649 5339 1792 5394 luna:
1827 5341 2040 5395 decres-

457 5435 635 5490 centis
723 5434 899 5489 instar
984 5433 1441 5486 imminuerentur
1465 5441 1519 5486 et
1611 5439 2040 5486 extenuarcntur

457 5527 774 5596 quotidiana
809 5525 974 5581 corde.
1009 5525 1236 5594 Insuper
1271 5523 1492 5594 quidam
1526 5525 1591 5578 de
1622 5523 1847 5589 nostris,
1901 5537 2038 5578 cou-

368 5652 374 5657 -
462 5628 712 5671 tumaces
757 5627 812 5672 et
862 5617 1077 5672 feroces
1109 5617 1378 5682 homines,
1426 5631 1550 5670 cum
1612 5630 1713 5669 nos
1763 5614 1814 5667 in
1865 5627 2042 5682 angu-

465 5710 602 5764 stias
639 5710 837 5764 adduci
868 5713 1138 5773 viderent.
1169 5711 1444 5780 perversis
1478 5709 1595 5764 suis
1648 5708 2042 5777 cupiditatibus

464 5797 814 5857 occasionem
866 5807 1033 5870 uasti;
1093 5812 1356 5874 perpetuo
1409 5803 1598 5858 turbas
1647 5811 1701 5856 ct
1741 5799 2036 5855 seditione:

2135 4606 2324 4646 omnes
2386 4600 2513 4647 sunt
2567 4591 2754 4660 amici,
2833 4590 3135 4646 infelicium
3221 4605 3291 4645 ne
3365 4590 3480 4660 ipse
3569 4598 3708 4660 pater

2135 4682 2412 4753 quidem.»

2208 4775 2304 4830 Die
2338 4775 2461 4830 Maii
2490 4775 2752 4831 vicesimo
2777 4785 2971 4845 quarto
3009 4774 3154 4830 fama
3185 4776 3446 4842 manavit,
3481 4791 3706 4831 ameram

2136 4869 2400 4924 vicesimo
2425 4883 2568 4923 nono
2593 4869 2838 4936 eiusdem
2873 4868 3078 4922 mensis
3113 4877 3257 4922 terra
3299 4868 3547 4936 marique
3569 4867 3707 4920 α·ιί-

2141 4971 2222 5014 ter
2246 4977 2345 5016 nos
2369 4961 2514 5016 bello
2540 4971 2594 5015 et
2627 4960 2976 5015 dimicatione
3001 4961 3319 5014 adorturum
3354 4975 3496 5014 esse.
3532 4959 3706 5027 Itaque

2139 5053 2309 5107 duces
2359 5064 2414 5108 et
2471 5052 2677 5107 tribuni
2731 5067 2945 5118 omnes,
3007 5051 3177 5120 inque
3235 5051 3425 5119 primis
3470 5049 3703 5105 Joannes

2139 5145 2500 5211 Justinianus,
2528 5162 2636 5201 non
2689 5145 3009 5201 desinebant
3054 5144 3235 5198 moliri
3291 5143 3474 5199 omnia
3527 5143 3593 5197 ad
3633 5157 3706 5196 re-

2143 5239 2441 5294 sistendum
2473 5238 2742 5302 hostibus,
2777 5253 2841 5292 ac
2883 5246 2991 5291 tota
3025 5246 3185 5292 nocte
3245 5251 3432 5290 muros
3490 5235 3700 5302 belcpo-

2141 5332 2271 5386 lium
2324 5333 2481 5401 pulsu
2556 5347 2855 5387 concussos
2897 5330 3045 5384 mille
3096 5329 3272 5383 modis
3329 5328 3703 5383 instaurabant.

2146 5423 2290 5478 Misit
2317 5434 2429 5476 tum
2447 5421 2787 5476 Justiuianus
2818 5419 3200 5485 adNotaram,
3223 5434 3481 5488 magnum
3502 5416 3703 5481 ducem,

2147 5525 2203 5569 ut
2225 5517 2441 5571 cederet
2469 5515 2574 5569 sibi
2605 5515 2886 5583 helepoles
2945 5512 3158 5580 aliquot
3189 5512 3240 5564 in
3272 5512 3339 5565 iis
3400 5510 3532 5562 locis
3585 5523 3701 5561 eon-

2147 5609 2385 5671 stitutas,
2413 5607 2613 5676 quibus
2645 5607 2691 5660 is
2723 5613 2974 5676 prmerat.
3006 5607 3073 5657 At
3103 5601 3378 5679 recusavit
3418 5599 3593 5653 Lucas
3617 5597 3701 5680 Nq-

2147 5712 2296 5756 taras
2349 5716 2442 5755 eas
2515 5701 2751 5762 tradere,
2823 5696 2968 5767 quod
3014 5696 3178 5750 etiam
3242 5695 3294 5748 in
3349 5707 3446 5747 sua
3505 5691 3700 5761 regione

2148 5792 2470 5850 necessariae
2499 5801 2704 5848 essent.
2735 5788 3036 5859 Respondit
3065 5785 3437 5850 Justinianus,
3492 5783 3703 5838 minime
