4066 6296
347 424 453 489 857

1357 438 1805 502 CHRONICON
1848 441 2117 505 MAJUS.
2157 472 2222 481 —
2265 448 2408 508 LIB.
2449 448 2563 512 IIl.
2644 458 2655 463 ”

3482 406 3595 513 8.53

349 557 436 593 ναι
465 539 656 632 αὐτὰς,
684 542 859 610 λέγων
885 546 967 600 ὅτι
1018 549 1114 602 καὶ
1152 549 1209 602 ἐν
1263 552 1495 616 ἐκείνοις
1546 558 1658 617 τοῖς
1721 556 1914 626 μέρεσι
1944 559 1992 616 Α
2033 560 2264 624 Ἰταλίας
2294 563 2481 625 στόλος
2510 566 2589 626 είς
2636 562 2891 632 βοήθειαν
2945 561 3043 629 τῆς
3093 560 3303 625 πόλεως
3349 562 3591 632 ἔρχεται,

348 633 564 703 ἀνάγκη
599 630 667 706 ἦν
690 632 829 691 εἶναι
859 639 1051 697 αὑτάς.
1094 640 1154 694 Ὀ
1203 643 1258 695 δὲ
1291 644 1679 711 ’Ῑουστινιανὸς
1708 649 1927 700 ἀντέλε-

350 741 448 792 γεν
483 723 570 779 ὅτι
601 727 1017 801 ούδεμίαχρεία
1063 728 1131 803 ἦν
1163 735 1431 800 ἐλεϐόλεις
1464 738 1740 801 τοσαύτας
1784 735 1923 793 εἶναι

348 817 408 868 ἐν
435 816 669 880 ἐκείνοις
713 822 830 883 τοῖς
886 823 1081 893 μέρεσι
1122 829 1236 890 τοῖς
1279 827 1538 898 ύδρείοις.
1598 830 1697 882 Διὰ
1752 831 1925 884 ταῦτα

352 906 454 975 μὲν
485 909 581 962 οὖν
606 910 675 963 τὰ
706 912 859 966 αίτια
886 909 1051 984 ἦλθον
1084 919 1177 969 καὶ
1204 919 1283 980 είς
1311 919 1506 987 λόγους
1539 924 1921 991 νεωτερικοὺς,

349 999 445 1051 καὶ
475 998 664 1072 ὕϐρεις
696 1003 910 1075 ἐξέχεαν
960 1008 1308 1079 ἑκατέρωθεν
1345 1013 1455 1065 τῶν
1516 1015 1803 1084 στομάτων
1842 1011 1923 1077 εἷς

349 1093 493 1145 κατὰ
522 1090 617 1148 τοῦ
649 1096 860 1166 ἐτέρου,
897 1100 989 1151 καὶ
1024 1102 1052 1153 6
1105 1102 1483 1168 ’Ῑουστινιανὸς
1537 1106 1627 1159 τὸν
1673 1105 1923 1177 Νοταρᾶν

347 1185 605 1256 ἀνωφελῆ
652 1191 747 1241 καὶ
776 1191 1055 1263 ἀλάστορα
1119 1196 1217 1249 καὶ
1265 1198 1461 1268 ἐχθρὸν
1506 1199 1608 1268 τῆς
1664 1200 1922 1270 πατρίδος

347 1276 635 1342 ἐκάλεσεν,
863 1283 1026 1347 αὐτὸς
1057 1286 1112 1339 δὲ
1146 1287 1315 1340 πάλιν
1360 1289 1526 1340 αὐτὸν
1578 1291 1636 1355 ἐξ
1671 1278 1922 1351 ἐναντίας

347 1365 571 1438 ὕϐρεσιν
605 1372 820 1441 ἑτέραις
849 1375 1134 1432 ἐνέπλυνε.
1178 1379 1451 1444 ’Δκοῶσας
1486 1382 1543 1435 δὲ
1590 1385 1618 1436 6
1659 1382 1920 1451 βασιλεὺς

342 1462 518 1514 ταῦτα
552 1466 893 1533 παραλαϐὼν
935 1469 1138 1533 αὐτοὺς
1157 1473 1283 1524 κατ’
1314 1473 1452 1527 ίδίαν
1472 1474 1664 1543 λέγει’
1703 1494 1721 1526 ι
1746 1475 1924 1527 Ἀδελ‹

332 1552 459 1618 φοί,
492 1554 591 1606 οὐκ
608 1554 725 1608 ἔστι
752 1557 943 1627 καιρὸς
964 1560 1241 1628 ἀναμέσον
1272 1563 1434 1629 ήμῶν
1461 1562 1719 1625 τοιούτως
1748 1564 1921 1616 ποιεῖν

346 1644 438 1696 καὶ
467 1644 645 1713 λέγειν
682 1650 776 1702 καὶ
805 1650 1100 1719 μάχεσθαι,
1158 1652 1293 1705 ἀλλὰ
1344 1654 1437 1706 καὶ
1492 1656 1606 1716 τοῖς
1670 1653 1921 1723 μισοῦσιν

275 1774 282 1780 .
346 1734 494 1804 ἡμᾶς
525 1741 980 1811 συγχωρήσωμεν
1014 1745 1110 1796 καὶ
1133 1742 1208 1813 τῷ
1244 1744 1364 1813 Θεῷ
1386 1744 1672 1814 δεηθῶμεν
1706 1747 1793 1799 ἵνα
1825 1745 1920 1797 λυ-

342 1829 647 1897 τρωθῶμεν
682 1833 747 1885 ἐκ
776 1833 877 1885 τοῦ
917 1835 1237 1904 προφανοῦς
1262 1836 1537 1904 στόματος
1584 1836 1676 1889 τοῦ
1721 1836 1917 1906 αἰσθη-

340 1918 433 1970 τοῦ
464 1921 657 1975 τούτου
684 1922 1006 1993 δράκοντος.
1048 1948 1067 1979 ι
1128 1928 1238 1980 Καὶ
1274 1929 1501 1998 ἐτέρους
1535 1929 1638 1981 οὐκ
1694 1930 1914 1998 ὀλίγους

338 2009 534 2078 λόγους
591 2015 777 2078 αὐτοῖς
841 2016 1011 2070 εἰπὼν
1078 2020 1497 2089 είρηνοποίησεν
1549 2021 1768 2083 αὐτοὺς,
1818 2022 1915 2073 καὶ

348 2101 582 2165 ἕκαστος
612 2104 818 2157 τούτων
848 2106 906 2158 ἐν
949 2108 1029 2176 τῷ
1090 2109 1513 2178 ἐμπιστευθέντι
1569 2111 1717 2181 αὐτῷ
1764 2110 1914 2180 τόπῳ

339 2195 737 2266 ἐπανέστρεψε,
769 2200 868 2265 τὴν
904 2202 1215 2271 ὑπηρεσίαν
1257 2204 1425 2256 αὐτοῦ
1465 2204 1783 2273 ἐκπληρῶν.
1852 2204 1916 2282 Ὀ,

337 2285 395 2338 δὲ
430 2287 811 2352 ’Ῑουστινιανδς
862 2294 1093 2364 φοϐερὸς
1123 2297 1299 2367 ἐφάνη
1328 2300 1443 2360 τοῖς
1510 2298 1775 2357 ἐναντίοις
1817 2298 1913 2351 καὶ

341 2379 582 2445 μάλιστα
609 2384 667 2434 ἐν
714 2384 955 2447 ἐκείναις
979 2388 1101 2447 ταῖς
1132 2388 1367 2457 ἡμέραις
1396 2390 1455 2440 ἐν
1502 2388 1580 2456 τῷ
1610 2389 1793 2455 λέγειν
1820 2389 1913 2442 καὶ

340 2470 656 2541 διορθώνειν
695 2478 790 2530 καὶ
840 2477 1128 2545 πράττειν,
1174 2482 1269 2532 καὶ
1325 2480 1764 2550 ἀκροϐολισμοὺς
1819 2481 1913 2535 καὶ

342 2560 638 2631 συρῤήξεις
669 2564 794 2615 καθ’
833 2565 1075 2635 ἑκάστην
1137 2566 1352 2637 ἡμέραν
1389 2570 1531 2621 κατὰ
1560 2570 1669 2621 τῶν
1701 2569 1913 2640 ἐχθρῶν

338 2650 534 2714 ἐποίει,
614 2655 708 2706 καὶ
766 2655 996 2717 πολλοὺς
1058 2658 1159 2724 μὲν
1217 2657 1476 2728 ἐζώγρει,
1546 2660 1766 2728 ἐτέρους
1854 2660 1913 2713 δὲ

347 2744 628 2816 μαχαίρας
686 2748 863 2799 ἐποίει
905 2748 1304 2818 παρανάλωμα.
1362 2752 1472 2803 Καὶ
1504 2751 1573 2803 τά
1628 2732 1911 2821 κατορθώ-

344 2824 489 2906 ματα
532 2840 625 2891 καὶ
655 2839 721 2891 τὰ
741 2841 881 2910 ἔργα
909 2840 1002 2893 τοῦ
1039 2842 1234 2909 ἀνδρὸς
1254 2842 1305 2894 οἱ
1332 2842 1534 2903 πάντες
1570 2844 1909 2914 ἐθαύμαζον,

339 2932 432 2985 καὶ
461 2932 746 3003 λυτρωτὴν
786 2935 881 2986 καὶ
912 2933 1139 3005 σωτῆρα
1158 2933 1260 3003 τῆς
1298 2935 1509 2998 πόλεως
1534 2936 1741 3005 ἔλεγον.
1764 2937 1912 3008 Πλὴν

339 3022 440 3076 οὐκ
468 3025 550 3085 είς
584 3026 739 3087 τέλος
761 3024 935 3087 οὕτως
962 3026 1260 3095 ἐνέμεινεν,
1325 3027 1461 3080 ἀλλὰ
1494 3028 1593 3097 τὴν
1624 3030 1814 3105 φήμην
1843 3032 1911 3100 ἢν

339 3116 478 3183 μετὰ
534 3114 760 3188 ἀνδρίας
813 3117 1138 3189 ἐκέρδησεν,
1179 3113 1431 3190 ’ὕστερον
1477 3123 1511 3193 η
1564 3120 1738 3176 δειλία
1795 3124 1907 3177 διέ-

336 3207 584 3277 φθειρεν.
1330 3252 1331 3255 η

425 3297 615 3368 Ἥμῶν
648 3300 703 3354 δέ
740 3302 915 3366 οὕτως
947 3305 1202 3374 ἐχόντων,
1249 3305 1358 3359 ίδού
1390 3323 1477 3370 τις
1510 3306 1668 3378 φήμη
1702 3307 1905 3379 ψευδὴς

338 3390 545 3462 ἐρρέθη
575 3393 654 3456 είς
707 3395 767 3447 τὸ
809 3397 1072 3452 ἐναντίων
1112 3399 1499 3470 στρατόπεδον,
1546 3401 1630 3475 ὅτι
1688 3402 1752 3455 ἐκ
1808 3403 1907 3474 τῆς

335 3584 475 3639 opus
499 3587 621 3628 esse
667 3583 746 3628 tot
778 3574 1117 3645 helepolibus
1144 3579 1198 3633 in
1224 3578 1359 3636 locis
1384 3580 1493 3637 illis
1519 3582 1770 3652 aquosis.
1826 3582 1906 3637 Ex

336 3662 440 3718 hac
463 3679 623 3719 causa
649 3667 713 3721 ad
740 3682 1022 3723 sermones
1063 3668 1386 3727 fervidiores
1435 3687 1752 3742 processum
1801 3684 1904 3738 est,

339 3765 397 3810 et
436 3758 691 3826 utrinque
720 3774 779 3813 se
813 3760 1152 3816 lacessebant
1178 3764 1466 3829 conviciis,
1523 3774 1578 3819 et
1636 3764 1906 3821 JUSliltia-

335 3862 436 3902 rtus
460 3848 674 3916 quidem
702 3850 955 3905 Notarazn
979 3853 1256 3908 hominem
1279 3854 1524 3924 ineptum
1575 3865 1631 3909 et
1685 3856 1907 3925 pestife-

335 3951 454 3990 rum
500 3946 554 3991 et
582 3938 861 3993 inimicum
894 3942 1082 4010 patria:
1127 3942 1441 4011 appellavit,
1504 3946 1591 4000 hic
1648 3946 1700 3999 in
1755 3947 1906 4000 illum

334 4029 437 4084 alia
496 4029 732 4085 vicissim
787 4033 1031 4087 convicia
1086 4035 1243 4088 fudit.
1293 4036 1424 4102 Quae
1475 4050 1597 4091 cum
1656 4038 1903 4094 audisset

332 4121 646 4191 imperator,
676 4137 797 4177 cum
828 4132 1057 4194 utroque
1097 4140 1342 4180 seorsum
1377 4126 1676 4182 collocutus
1705 4146 1718 4182 :
1752 4128 1913 4185 «Fra-

336 4224 467 4280 tres,
490 4215 686 4283 inquit,
714 4216 938 4271 minime
979 4226 1196 4299 tempus
1223 4228 1305 4274 est
1326 4220 1395 4274 ita
1419 4220 1558 4273 inter
1577 4236 1672 4278 vos
1692 4222 1909 4291 agendi,

333 4303 581 4375 loquendi
630 4319 689 4365 et
730 4309 997 4376 certandi,
1053 4311 1183 4379 quin
1238 4314 1420 4381 potius
1464 4315 1625 4368 etiam
1669 4316 1757 4379 iis,
1815 4316 1907 4383 qui

284 4468 289 4473 ι
333 4401 565 4457 oderunt
594 4421 713 4470 nos,
741 4405 1109 4476 ignoscamus,
1144 4416 1199 4461 et
1253 4408 1421 4462 Deum
1483 4424 1795 4479 precemur,
1853 4419 1911 4463 ut

333 4491 631 4548 liberemur
666 4512 694 4549 a
744 4499 993 4554 faucibus
1061 4500 1246 4567 huius,
1304 4516 1467 4570 quem
1531 4512 1659 4556 ante
1716 4502 1907 4563 oculos

333 4585 895 4649 videmus,dracouis.
945 4609 964 4642 ι
1005 4592 1141 4647 Aliis
1195 4593 1439 4659 pluribus
1469 4593 1649 4648 verbis
1677 4610 1809 4649 usus
1857 4597 1911 4647 in

333 4679 630 4733 amicitiam
665 4696 758 4733 eos
794 4683 1066 4744 restituit,
1097 4692 1149 4736 et
1194 4696 1419 4752 uterque
1468 4688 1520 4739 iu
1554 4687 1913 4739 commissum

336 4772 438 4826 sibi
464 4770 639 4824 locum
669 4771 736 4825 ad
776 4772 1021 4826 muneris
1073 4774 1155 4827 sui
1213 4774 1544 4829 funczionem
1589 4775 1769 4831 rediit.
1811 4775 1913 4830 Ju-

334 4860 607 4915 stinianus
635 4862 906 4927 hostibus,
944 4863 1049 4917 illis
1075 4865 1372 4931 praesertim
1404 4866 1616 4933 diebus,
1651 4868 1914 4921 terribilis

332 4948 452 5005 erat
482 4953 665 5018 dictis,
698 4954 966 5019 consiliis,
1009 4954 1185 5015 factis,
1220 4971 1281 5009 ac
1316 4956 1557 5025 quotidie
1613 4974 1709 5013 eos
1760 4959 1915 5027 jacu-

334 5046 637 5101 lationibus
665 5056 717 5100 et
748 5046 952 5115 prmliis
981 5048 1194 5100 vexavit
1230 5056 1283 5101 et
1313 5062 1505 5101 eorum
1550 5049 1746 5103 inttltos
1790 5060 1901 5104 tum

335 5137 480 5205 cepit
512 5145 626 5190 tum
670 5137 849 5205 gladio
910 5136 1165 5190 confecit.
1222 5136 1655 5192 Admirabantur
1713 5155 1911 5195 omnes

336 5229 500 5300 hujus
534 5229 634 5281 viri
663 5229 893 5283 consilia
924 5237 978 5283 et
1034 5228 1277 5283 facinora
1346 5245 1580 5299 eumque
1636 5232 1909 5286 vindicem

334 5329 388 5375 ct
415 5329 747 5376 servatorem
807 5321 956 5374 urbis
985 5320 1373 5390 praedicabant.
1426 5321 1628 5375 Verum
1686 5339 1793 5377 non
1845 5325 1912 5377 ad

337 5414 497 5465 linem
537 5428 709 5479 tlSqtte
762 5414 922 5465 talem
956 5429 1015 5466 se
1066 5414 1359 5481 pri-stitit,
1415 5416 1507 5467 sed
1562 5430 1727 5483 quam
1807 5417 1910 5470 sibi

337 5503 535 5557 famam
579 5502 892 5558 fortitudine
915 5513 1209 5575 pepererat,
1241 5520 1362 5560 eam
1399 5515 1587 5575 postea
1627 5506 1913 5563 timiditate

334 5593 538 5647 amisit.

412 5683 536 5738 [iure
567 5686 689 5739 cum
714 5699 891 5738 rerum
918 5697 1227 5740 nostrarum
1275 5689 1518 5743 conditio
1544 5701 1711 5756 esset,
1740 5690 1913 5745 falsus

338 5792 528 5832 rumor
553 5794 648 5847 per
672 5779 971 5833 exercitum
1006 5780 1255 5834 hostilem
1285 5780 1615 5850 percrebuit,
1648 5784 1713 5836 ad
1747 5799 1909 5853 opem

342 5870 505 5927 nobis
561 5869 841 5929 ferendam
870 5888 933 5929 ex
990 5870 1139 5929 italia
1172 5873 1397 5931 classem
1432 5874 1747 5934 adventare.
1782 5875 1910 5932 item

2029 652 2229 721 ὁμοίως
2260 658 2354 709 καὶ
2395 656 2422 707 6
2456 656 2674 721 Ἰαγκος
2702 658 2728 707 6
2757 656 3105 723 κυϐερνήτης
3143 654 3251 708 τῶν
3283 654 3594 723 Ούγγάρων

2029 742 2173 810 μετὰ
2222 743 2492 797 πλείστων
2565 748 2818 815 στρατῶν
2874 747 3119 800 ἱππικῶν
3172 765 3228 799 τε
3280 747 3376 799 καὶ
3434 745 3596 817 26El

2026 834 2232 898 πεζῶν,
2282 837 2727 901 Ἀκούσαντεςδέ
2762 841 2811 891 οἱ
2846 840 2955 892 υίοὶ
3013 841 3118 907 τῆς
3163 840 3364 907 Ἀγαρ,
3432 839 3596 905 φόϐος

2026 927 2213 997 διέσχε
2245 929 2499 992 πλεῖστος
2533 931 2764 993 αὐτούς’
2796 933 2892 985 καὶ
2928 932 3197 987 κατὰτοῦ
3228 932 3418 999 ἀμηρᾶ
3451 930 3595 999 ἀρᾶς

2026 1017 2212 1084 ἔλεγον
2240 1021 2333 1071 καὶ
2367 1019 2748 1088 διεγόγγυζον,
2778 1022 3032 1089 λέγοντες
3059 1023 3139 1075 ὅτι
3169 1022 3334 1083 αὐτὸς
3372 1021 3595 1072 ἕσεταιό

2024 1110 2336 1179 ἀφανισμδς
2368 1111 2461 1164 τοῦ
2505 1113 2696 1180 γένους
2730 1113 2914 1166 αὐτῶν
2948 1113 3036 1166 διὰ
3093 1114 3153 1166 τὸ
3184 1114 3417 1166 ἀδύνατα
3475 1114 3594 1164 ἐπι-

2023 1200 2361 1270 χειρίζεσθαι
2394 1203 2613 1266 αὐτούς,
2657 1202 2938 1266 Ὡσαύτως
2972 1205 3064 1255 καὶ
3088 1205 3116 1256 6
3138 1205 3358 1273 ἁμηρᾶς
3384 1205 3585 1271 μεστὸς

2025 1291 2285 1361 ὑπάρχων
2336 1293 2706 1363 διαλογισμῶν
2754 1295 2848 1349 καὶ
2904 1295 3150 1365 ταραχῆς
3211 1295 3307 1347 καὶ
3362 1294 3590 1356 δειλίας.

2024 1382 2122 1433 καὶ
2147 1386 2299 1437 πᾶσα
2328 1387 2361 1454 ή
2398 1385 2566 1455 βουλὴ
2604 1386 2769 1439 αὐτοῦ
2815 1386 3119 1455 περίλυπος
3174 1386 3408 1454 ὑπῆρχε,
3442 1386 3594 1455 πρῶ-

2021 1491 2114 1526 τον
2173 1476 2272 1541 μὲν
2330 1477 2466 1529 διότι
2509 1477 2707 1548 ἐρρέθη
2746 1479 2933 1541 αὐτοῖς
2983 1479 3246 1547 περὶτῆς
3306 1477 3589 1547 βοηθείας,

2020 1564 2279 1634 δεύτερον
2302 1566 2362 1619 δὲ
2390 1568 2731 1637 θεωροῦντες
2789 1568 2908 1632 πῶς
2964 1569 3219 1622 τοσοῦτον
3272 1570 3590 1639 στράτευμα

2022 1658 2256 1729 φοϐερὸν
2288 1659 2384 1712 καὶ
2412 1660 2795 1730 ἀναρίθμητον
2818 1660 2905 1713 διὰ
2940 1660 3113 1731 ξηρᾶς
3161 1679 3221 1714 τε
3261 1662 3357 1713 καὶ
3390 1660 3592 1714 θαλάσο

2025 1766 2125 1818 σης
2176 1749 2465 1810 τοσούταις
2524 1750 2764 1820 ἡμέραις
2834 1750 2991 1803 οὐδὲν
3046 1750 3451 1819 ἐκατόρθωσεν,
3497 1752 3590 1802 καὶ

2025 1836 2290 1899 πολλάκις
2349 1834 2640 1900 τοσούταις
2701 1839 2975 1906 μηχαναῖς
3013 1838 3110 1888 καὶ
3169 1835 3434 1904 δυνάμεσι
3492 1836 3591 1897 τὰς

2018 1928 2291 1996 κλίμακας
2317 1930 2373 1981 ἐν
2398 1932 2514 1991 τοῖς
2547 1929 2758 1998 τείχεσι
2786 1928 3042 1997 βαλόντες
3101 1926 3290 1988 κακῶς
3332 1927 3591 1994 ἀπεπέμ-

2018 2018 2239 2087 φθησαν
2307 2020 2404 2071 καὶ
2471 2018 3031 2089 άπεκρημνίσθησαν,
3085 2019 3182 2071 καὶ
3212 2017 3372 2084 φόνος
3420 2016 3591 2078 πολὺς

2015 2109 2138 2162 κατ’
2168 2109 2353 2163 αὐτῶν
2376 2109 2649 2177 ἐγίγνετο,
2684 2109 2825 2162 ὥστε
2871 2111 2988 2172 τοῖς
3038 2108 3309 2177 Τούρκοις
3365 2112 3477 2168 τοῖς
3532 2108 3591 2158 ἐν

2014 2202 2128 2263 τοῖς
2188 2201 2399 2271 τείχεσι
2474 2201 2648 2254 δειλία
2727 2202 3072 2271 προσήγγισε
3109 2214 3124 2230 ο
3177 2198 3360 2268 τρίτον
3404 2197 3459 2250 δὲ
3509 2198 3590 2249 ὅτι

2015 2292 2288 2361 ἐθεώρουν
2329 2292 2723 2362 σημεῖον.Φῶς
2754 2293 3071 2362 ἀστράπτον
3126 2290 3467 2344 καταὸαἶι.ον
3531 2289 3590 2352 ἐξ

2014 2386 2262 2455 οὐρανῶν
2294 2385 2390 2439 καί⁵
2425 2385 2494 2438 δι’
2524 2386 2655 2456 ὅλης
2686 2386 2785 2451 τῆς
2823 2385 3022 2448 νυκτὸς
3081 2382 3288 2438 άνωθεν
3346 2382 3443 2451 τῆς
3494 2383 3591 2435 πό-

2014 2477 2153 2540 λεως
2194 2477 2350 2541 ἑστὸς
2380 2478 2669 2530 διέσκεπεν
2694 2478 2890 2547 αὑτήν.
2937 2477 3047 2530 Καὶ
3079 2475 3153 2538 ῶς
3186 2470 3325 2528 εἶδον
3366 2476 3495 2527 αὐτὸ
3530 2476 3591 2525 τὸ

2017 2569 2154 2636 φῶς,
2186 2571 2245 2623 ἐν
2276 2572 2520 2640 πρώτοις
2550 2570 2738 2637 ἔλεγον
2789 2570 2871 2622 ὅτι
2909 2569 2968 2621 Ὀ
3005 2568 3135 2631 Θεὸς
3174 2566 3421 2638 ὠργίσθη
3478 2569 3591 2627 τοῖς

2015 2662 2369 2732 Χριστιανοῖς
2430 2664 2525 2715 καὶ
2585 2661 2783 2732 ἢθελεν
2827 2660 3025 2723 αὐτοὺς
3082 2660 3430 2713 κατακαῦσαι
3499 2658 3593 2709 καὶ

2015 2752 2148 2821 ἡμῖν
2184 2752 2512 2821 παραδῶσαι
2550 2744 2796 2814 δούλου’ς.
2829 2753 3065 2805 Ἔπειτα
3103 2753 3158 2804 δὲ
3208 2752 3282 2813 ὼς
3331 2747 3472 2802 εἶδον
3506 2752 3591 2803 ὅτι

2014 2845 2250 2898 πάντοτε
2316 2844 2461 2915 μετὰ
2530 2843 2795 2914 αἰσχύνης
2835 2846 2899 2897 ἐκ
2943 2845 3050 2895 τῶν
3095 2844 3293 2913 τειχῶν
3339 2844 3432 2896 καὶ
3485 2843 3593 2895 τῶν

2015 2934 2303 3002 κλιμάκων
2332 2934 2816 3003 ἀπεκρημνίζοντο
2855 2936 2950 2988 καὶ
3013 2936 3279 2996 τοσαύτας
3339 2936 3589 3005 μηχανὰς

2016 3026 2299 3089 ποιοῦντες
2335 3027 2432 3080 καὶ
2485 3027 2639 3079 οὐδὲν
2672 3028 2929 3096 ἴσχυσαν,
2966 3029 3063 3080 καὶ
3098 3027 3171 3089 ὡς
3216 3027 3459 3096 ἥκουσαν
3494 3027 3590 3079 καὶ

2013 3120 2185 3188 ψευδῆ
2206 3120 2396 3189 φήμην
2428 3119 2559 3189 περὶ
2590 3117 2686 3171 τοῦ
2720 3118 2912 3171 στόλου
2938 3121 3038 3189 τῆς
3084 3118 3318 3180 Ἰταλίας
3368 3118 3461 3169 καὶ
3495 3116 3590 3170 τοῦ

1932 3227 1977 3289 C
2032 3211 2265 3277 Ἱάγκου,
2326 3211 2490 3263 πάλιν
2557 3210 2688 3280 περὶ
2755 3208 2852 3262 τοῦ
2928 3209 3106 3277 φωτὸς
3164 3209 3324 3279 265
3379 3209 3591 3261 ἐκείνου

2009 3301 2195 3370 ἔλεγον
2221 3302 2303 3355 ὅτι
2349 3302 2409 3355 '0
2442 3300 2575 3364 Θεὸς
2634 3301 2774 3370 ὑπὲρ
2814 3300 2927 3355 τῶν
2978 3302 3329 3370 Χριστιανῶν
3363 3301 3594 3370 πολεμεί

2012 3395 2107 3447 καὶ
2152 3394 2348 3447 σκέπει
2411 3393 2610 3457 αὐτοὺς
2663 3394 2758 3447 καὶ
2796 3393 3147 3465 ἁντιλήπτωρ
3211 3395 3391 3448 αὐτῶν
3450 3397 3588 3460 ἐστι,

2007 3574 2240 3630 Jancum
2280 3574 2661 3646 liungarorum
2719 3574 3019 3644 principem
3055 3589 3179 3629 cum
3212 3574 3386 3643 copiis
3429 3589 3593 3643 eque-

2012 3669 2218 3722 stribus
2242 3678 2293 3720 et
2316 3667 2660 3737 pedestribus
2691 3666 2965 3719 maximis.
2990 3665 3121 3731 Quae
3140 3666 3231 3718 ubi
3271 3666 3592 3719 audiverunt

2014 3758 2108 3811 filii
2138 3758 2304 3827 Agar,
2333 3758 2498 3811 timor
2523 3758 2716 3828 ingens
2750 3772 2845 3811 cos
2876 3755 3115 3810 invasit:
3152 3770 3393 3809 amrram
3427 3757 3593 3809 male-

2013 3850 2178 3905 dictis
2252 3850 2678 3920 proscindebant
2733 3857 3253 3917 murmurantesque
3317 3847 3589 3911 dicebant,

2012 3942 2194 4012 ipsum
2224 3940 2442 4011 generis
2483 3941 2567 3995 sui
2595 3940 2895 4008 perniciem
2934 3939 3070 4011 fore,
3094 3954 3121 3991 a
3156 3954 3264 4007 quo
3294 3940 3471 3994 coacti
3502 3954 3595 3992 co'

2014 4041 2300 4097 narentur,
2359 4046 2481 4099 quae
2540 4030 2723 4100 perfici
2766 4044 2875 4083 non
2918 4039 3161 4100 possent.
3205 4033 3325 4100 Ipse
3364 4048 3589 4101 quoque

2014 4139 2227 4178 ameras
2256 4122 2566 4192 agitabatur
2593 4121 2809 4177 consilii
2830 4123 3044 4190 inopia,
3079 4125 3487 4191 perturbatione
3528 4139 3593 4177 ac

2017 4225 2191 4280 metu,
2223 4224 2486 4284 totusque
2519 4223 2743 4270 senatus
2799 4213 2919 4281 ejus
2957 4215 3294 4279 tristalratur,
3355 4217 3590 4285 primum

2014 4310 2259 4378 quidem,
2292 4309 2435 4378 quod
2478 4309 2544 4363 de
2574 4309 2900 4363 adventante
2925 4309 3129 4363 auxilio
3154 4310 3472 4372 audiebant,
3501 4309 3593 4362 dc-

2016 4401 2161 4462 inde,
2193 4401 2337 4468 quod
2374 4401 2655 4464 videbant,
2683 4408 2893 4454 tantum
2924 4411 3142 4470 tamque
3180 4402 3473 4454 terribilem
3499 4416 3597 4454 ex~

2014 4494 2242 4549 ercituut
2281 4501 2425 4547 terra
2484 4492 2733 4561 marique
2759 4500 2835 4546 tot
2893 4494 3083 4548 diebus
3119 4492 3255 4546 nihil
3307 4493 3592 4561 prolicere,

2019 4587 2112 4641 sed
2144 4586 2462 4655 saepissime,
2518 4568 2681 4640 scalis
2728 4584 2876 4638 omni
2911 4585 3244 4639 adminiculo
3278 4593 3331 4637 et
3380 4600 3601 4638 summo

2021 4677 2207 4731 labore
2244 4676 2523 4731 moenibus
2555 4676 2865 4745 applicatis,
2903 4677 3102 4730 milites
3140 4676 3279 4729 male
3314 4676 3499 4745 repelli
3542 4683 3596 4728 et

2019 4769 2234 4824 detrudi
2261 4778 2315 4824 et
2339 4784 2535 4839 magna
2556 4767 2701 4822 caule
2726 4768 2995 4836 posterni,
3050 4777 3109 4820 ut
3132 4767 3245 4836 jam
3269 4768 3361 4836 qui
3396 4768 3451 4822 in
3475 4783 3595 4819 inu-

2014 4838 2098 4918 ris
2129 4871 2317 4917 essent
2348 4862 2566 4923 Turcae,
2605 4858 2898 4913 formidine
2961 4859 3320 4928 trepidarent.
3353 4857 3468 4912 lluc
3508 4873 3598 4913 ac~

2020 4956 2185 5010 cessit
2213 4956 2372 5009 tertio
2392 4953 2533 5018 loco,
2556 4951 2700 5022 quod
2730 4961 3042 5020 portentum
3083 4951 3357 5005 viderunt.
3387 4950 3596 5007 Lumen

2020 5048 2265 5103 fulminis
2296 5047 2471 5100 instar
2494 5060 2808 5109 coruscum,
2838 5045 2902 5097 de
2922 5044 3062 5097 coalo
3109 5059 3271 5110 supra
3300 5045 3484 5097 urbem
3508 5045 3601 5098 de-

2018 5143 2276 5203 missum,
2308 5148 2420 5193 tota
2450 5146 2611 5191 nocte
2642 5150 2763 5190 eam
2802 5135 3027 5190 obtexit.
3080 5126 3233 5200 Quod
3290 5135 3476 5189 lumen
3507 5136 3599 5188 ubi

1994 5232 2548 5294 animadverterunt,
2576 5227 2810 5297 primum
2837 5227 3140 5296 iactabant,
3170 5225 3339 5281 Deum
3368 5242 3599 5281 succen-

2019 5341 2139 5379 sere
2172 5321 2497 5378 Christianis
2520 5335 2728 5389 eosque
2751 5333 3077 5373 exussurum
3109 5328 3163 5373 et
3199 5318 3302 5373 sibi
3336 5320 3389 5371 in
3423 5318 3598 5371 servi-

2020 5416 2159 5470 tium
2215 5414 2542 5468 traditurum
2597 5425 2741 5465 esse.
2776 5410 2978 5464 Deinde
3014 5418 3219 5475 autem,
3260 5423 3382 5462 cum
3419 5406 3596 5460 ubivis

2019 5524 2077 5563 se
2128 5522 2258 5561 cum
2295 5506 2562 5560 dedecore
2608 5504 2674 5557 de
2707 5504 2981 5557 moenibus
3011 5512 3064 5556 et
3098 5503 3262 5556 scalis
3312 5498 3595 5553 deturbari

2017 5608 2071 5655 el.
2110 5608 2259 5653 tanta
2300 5598 2676 5652 machinarum
2714 5598 2764 5649 vi
2795 5596 2929 5649 nihil
2980 5609 3235 5664 prOSperc
3280 5607 3440 5660 agere
3470 5591 3592 5641 ani-

2019 5692 2441 5755 madverterent,
2465 5705 2529 5743 ac
2560 5688 2757 5742 falsum
2786 5689 3125 5756 perciperent
3166 5683 3232 5736 de
3258 5683 3431 5735 classe
3459 5682 3591 5736 Itala

2018 5793 2071 5837 et
2100 5781 2281 5835 Janco'
2303 5795 2605 5844 rumorem,
2631 5794 2823 5834 rursus
2856 5779 3039 5831 lumen
3066 5775 3191 5827 illud
3220 5774 3293 5825 ita
3324 5771 3594 5840 inter-pre:

2024 5876 2115 5929 tati
2145 5883 2290 5935 sunt,
2310 5880 2369 5927 ut
2387 5873 2651 5935 dicerent,
2676 5870 2841 5924 Deum
2864 5884 2962 5935 pro
2983 5864 3307 5922 Christianis
3327 5880 3522 5935 pugnat
3538 5878 3592 5930 ε,
