4066 6296
293 443 386 508 86!
1315 447 1767 512 CIlRONICON
1813 439 2083 514 MAJUS.
2122 447 2362 514 -LIB.
2410 452 2530 515 III.

3447 447 3549 507 8‘2

295 556 391 654 καὶ
431 554 763 654 συμϐάσεων
796 557 1028 625 πολλῶν,
1056 559 1111 611 ὲν
1165 561 1332 634 ὀλίγῳ
1391 567 1572 636 καιρῷ
1626 569 1722 622 καὶ
1776 570 1874 622 οὒκ
1905 597 1944 654 Α
1978 567 2165 636 λέγει’
2210 587 2228 618 ι
2267 564 2425 622 Εἶδον
2455 568 2546 620 τὸν
2603 564 2834 636 στρατὸν
2868 563 2962 618 καὶ
3011 560 3309 633 ἐγνώρισα.
3352 560 3553 612 Τοσοῦ-

294 647 378 709 είς
445 647 659 718 μάκρος
699 648 888 703 λύεται
939 651 968 702 ὁ
1026 652 1235 709 τούτων
1276 657 1600 728 σύνδεσμος·
1659 660 1752 713 καὶ
1814 661 1874 714 ὲν

300 737 590 809 συνζέσρῳ
632 739 795 804 ὄντες
829 739 912 805 εἷς
969 745 1114 798 κατὰ
1147 747 1240 799 τοῦ
1275 748 1465 818 ἑτέρου
1514 753 1876 822 περιεργάζε-

296 846 412 896 ται,
446 830 566 894 πῶς
598 832 846 902 άρπάξαι
877 834 1177 905 δυνήσεται
1216 839 1285 892 τὰ
1309 841 1532 903 τούτου,
1578 844 1674 896 καὶ
1713 844 1876 914 ἀλλήο

295 921 423 984 λους
453 923 855 994 προσέρχονται
911 928 1006 978 καὶ
1067 928 1457 995 φυλάττονται.
1529 932 1709 985 Πολλὰ
1775 934 1876 1001 μὲν

299 1009 394 1068 οὖν
441 1013 792 1084 βουλεύονται
850 1019 945 1072 καὶ
1004 1019 1315 1088 λογίζονται
1359 1023 1454 1074 καὶ
1500 1024 1744 1090 λέγουσι,
1783 1025 1877 1077 καὶ

299 1104 458 1173 ὀλίγα
499 1109 863 1176 πράττουσιν,
895 1111 992 1164 καὶ
1041 1112 1075 1182 ἡ
1113 1112 1214 1181 τῆς
1271 1112 1515 1184 ἑσπέρας
1574 1115 1740 1184 βουλὴ
1797 1115 1876 1183 τῷ

299 1198 448 1267 πρωῒ
475 1200 578 1253 οὐκ
607 1202 813 1272 ἀρεστή
851 1205 969 1256 ἐστι
1019 1205 1182 1259 πάλιν
1232 1208 1438 1269 αὐτοῖς.
1494 1209 1605 1259 Καὶ
1658 1209 1788 1261 ὅταν
1839 1210 1872 1276 ἡ

299 1291 465 1361 βουλὴ
500 1294 694 1365 σταθῇ,
719 1298 776 1348 ὲν
801 1300 911 1360 τοῖς
943 1297 1130 1367 ἔργοις
1176 1300 1489 1368 χρονίζουσι
1521 1319 1534 1332 ο
1569 1302 1663 1354 καὶ
1714 1301 1878 1355 τοῦτο

301 1383 571 1452 ποιοῦσιν,
601 1387 688 1438 ἵνα
721 1389 863 1441 κατὰ
897 1391 997 1452 τὰς
1026 1392 1256 1460 γνώμας
1292 1394 1475 1446 αὐτῶν
1533 1395 1621 1446 καὶ
1666 1394 1879 1462 ὀρέξεις

299 1478 494 1545 καιρὸν
522 1479 839 1549 ἐπιτήδειον
874 1480 1104 1551 εὕρωσι.
1149 1485 1263 1537 Καὶ
1297 1485 1426 1538 ὅταν
1483 1486 1644 1554 ἔργον
1682 1503 1735 1537 τι
1763 1487 1880 1537 επι-

298 1569 624 1639 χειρισθῶσι
653 1573 750 1626 καὶ
788 1573 963 1645 ἀρχὴν
1015 1576 1344 1645 ποιήσωσιν.
1400 1577 1554 1630 οὐδὲν
1602 1577 1881 1648 κατορθώ-

301 1678 452 1715 νουσι
481 1662 569 1715 διὰ
594 1665 692 1727 τὰς
727 1667 1092 1734 ἀσυμφωνίας
1133 1669 1335 1722 αὐτῶν.
1368 1670 1480 1722 Καὶ
1524 1669 1764 1738 μάλιστα
1796 1670 1864 1722 τὰ

302 1753 418 1817 νῦν,
452 1754 638 1818 καθὼς
693 1759 1022 1822 γινώσκετε,
1074 1759 1204 1820 νέας
1270 1760 1535 1830 διαφορὰς
1603 1761 1881 1829 ἀναμέσον

304 1842 472 1912 μέρος
510 1862 563 1898 τι
596 1845 654 1910 ἐξ
677 1847 861 1900 αὐτῶν
898 1848 1140 1918 ἔχουσιν.
1203 1851 1312 1903 Καὶ
1357 1851 1506 1920 ὅμως
1573 1851 1738 1905 πάλιν
1775 1851 1882 1919 ἐγὼ

300 1937 437 2004 ἐρῶ,
473 1939 612 2008 ὅπερ
638 1941 788 1993 ἐστὶν
825 1941 1091 1996 ἀδύνατον
1123 1943 1190 1996 δι’
1222 1942 1287 2004 ἃς
1338 1944 1520 2006 αἰτίας
1557 1946 1758 2014 εἴρηκα
1782 1963 1795 1977 ο
1827 1945 1876 1996 εί
1912 1945 1951 1996 Β
1983 1945 2179 2012 ἄδηλός
2213 1945 2361 1996 ἐστιν
2395 1945 2426 2014 ἡ
2462 1943 2600 2013 τύχη
2670 1941 2931 2004 πολλάκις
2954 1959 2969 1974 °

301 2028 490 2093 στόλος
543 2032 684 2084 κατὰ
724 2034 990 2102 ἀλήοειαν
1031 2036 1094 2086 ἐκ
1124 2034 1224 2103 τῆς
1262 2035 1494 2098 Ἰταλίας
1528 2036 1681 2106 ἔλθῃ,
1714 2037 1879 2106 268

299 2123 354 2174 τί
379 2123 436 2186 ἐξ
463 2124 631 2177 αὑτοῦ
679 2125 897 2196 ἀνάγκη
949 2128 1108 2197 ἡμῖν,
1144 2127 1226 2179 ὅτι
1288 2126 1546 2180 οὐδέποτε
1593 2128 1880 2181 ἐλεύσεται

297 2213 426 2278 λαὸς
445 2215 568 2276 ὅσος
595 2216 685 2268 τὸν
712 2217 951 2287 ἀριθμὸν
992 2218 1051 2270 τὸ
1074 2219 1244 2288 ἣμισυ
1269 2218 1360 2272 τοῦ
1395 2220 1671 2289 ἡμετέρου
1698 2239 1877 2289 στρα-

299 2306 418 2373 τοῦ,
459 2307 574 2360 ἀλλ’
612 2308 738 2362 οῦτε
797 2311 860 2363 τὸ
908 2312 1174 2380 τέταρτον
1228 2312 1420 2383 μέρος.
1476 2313 1574 2366 Διὰ
1607 2314 1786 2380 τοῦτο,
1835 2310 1879 2368 ὦ

302 2399 494 2469 ἀμηρᾶ
531 2402 772 2471 ἡμέτερε
810 2403 1070 2464 αὑθέντα,
1109 2403 1325 2473 θάρσει.
1355 2405 1468 2457 Οὐκ
1509 2407 1726 2474 ἀνάγκη
1765 2408 1882 2460 ἐστὶ

305 2491 442 2552 πρὸς
475 2493 534 2544 τὸ
568 2494 748 2562 παρὸν
781 2495 946 2562 φόῖον
977 2513 1036 2547 σε
1066 2495 1214 2564 ἔχειν
1254 2497 1300 2548 εἰ
1339 2498 1413 2566 μὴ
1443 2499 1603 2563 μόνον
1636 2500 1700 2550 ὲκ
1721 2499 1876 2554 Θεοῦ.

309 2579 420 2632 Καὶ
450 2581 704 2650 ἀνδρίζου
732 2584 828 2636 καὶ
860 2584 1101 2650 ἀγάλλου
1139 2587 1236 2637 καὶ
1263 2586 1441 2655 ίσχυε,
1482 2589 1576 2640 καὶ
1612 2591 1678 2658 τῇ
1719 2591 1881 2661 τέχνῃ

306 2675 373 2741 τῇ
416 2671 510 2724 τοῦ
545 2674 718 2742 πυρὸς
745 2675 846 2726 οὐκ
873 2675 1104 2741 ὖκνησον
1135 2677 1380 2746 σήμερον
1412 2679 1505 2730 καὶ
1549 2676 1761 2745 αὔριον,
1793 2679 1882 2733 ἵνα

313 2765 452 2833 μετὰ,
486 2765 594 2816 τῶν
629 2766 946 2830 έλεϐόλεων,
985 2768 1109 2821 ὅσον
1135 2767 1386 2832 δυνατὸν,
1428 2771 1497 2822 τὰ
1536 2769 1694 2838 τείχη
1720 2769 1882 2822 πλέον

307 2855 683 2926 ταπεινώσῃς.
723 2877 741 2908 ι
781 2858 842 2910 Ol
880 2859 987 2928 γὰρ
1019 2859 1255 2911 τοιοῦτοι
1274 2858 1423 2927 λόγοι
1459 2862 1552 2912 καὶ
1587 2861 1778 2931 βουλαὶ
1804 2860 1882 2931 τῷ

307 2947 501 3016 ἀμηρᾷ
555 2948 783 3001 πλεῖστα
834 2950 1097 3019 ήρεσκον,
1152 2951 1247 3004 καὶ
1286 2950 1498 3021 χαρίεις
1532 2953 1880 3020 ὲναπὲμεινε,

306 3038 401 3092 καὶ
431 3039 718 3109 ἀναψυχὴν
759 3042 822 3092 ἐκ
857 3039 962 3107 τῆς
1000 3039 1176 3109 λύπης
1198 3041 1382 3096 ἔλαϐε.
1435 3042 1542 3093 Καὶ
1571 3041 1882 3111 προστάξας

307 3127 458 3196 λέγει
509 3130 699 3199 αὐτῷ·
734 3148 754 3183 ι
805 3131 1224 3202 Ἀναθεὼρησον
1285 3135 1378 3186 τὸν
1413 3135 1646 3205 στρατὸν
1702 3136 1761 3188 ὲν
1814 3137 1879 3206 τῇ

311 3221 470 3273 νυκτὶ
505 3221 704 3293 ταύτῃ,
737 3223 832 3275 καὶ
891 3223 1164 3292 γνώρισον
1205 3225 1424 3290 αὐτοὺς,
1458 3226 1516 3276 ὲν
1544 3225 1652 3278 τίνι
1685 3227 1880 3298 γνώμῃ

311 3495 461 3550 brevi
494 3503 738 3563 tempore
764 3495 957 3550 borum
991 3496 1167 3553 [tedas
1196 3499 1504 3568 rumpitur;
1540 3499 1740 3569 quique
1769 3500 1888 3554 vin-

314 3587 440 3640 culo
479 3587 755 3656 conjuncti
803 3598 950 3653 sunt,
998 3591 1086 3644 alii
1146 3591 1378 3645 aliorum
1432 3592 1622 3646 ditioni
1679 3593 1883 3662 aliquid

315 3677 601 3732 detrahere
633 3691 923 3745 conantur,
955 3697 1018 3736 ac
1056 3693 1244 3736 mutuo
1274 3685 1374 3738 sibi
1428 3684 1756 3738 insidiantur
1793 3699 1885 3738 ca-

321 3777 584 3833 Vcntqne.
642 3767 804 3823 Multa
839 3770 913 3824 illi
947 3773 1278 3834 consultant.
1326 3773 1742 3835 ratiotinaotur,
1810 3774 1888 3827 lo-

311 3867 572 3924 quuutur,
597 3873 764 3926 pauca
802 3872 1093 3929 praestant:
1126 3865 1266 3932 quod
1291 3852 1512 3932 vespere
1537 3865 1723 3918 ineunt
1753 3881 1888 3919 con-

312 3950 515 4015 silium,
541 3966 697 4004 Inane
721 3967 826 4005 non
849 3955 958 4020 jam
985 3955 1246 4022 probant:
1280 3967 1372 4008 aut
1398 3955 1441 4008 si
1469 3965 1577 4008 stet.
1597 3955 1886 4022 sententia,

311 4041 474 4094 rebus
497 4053 855 4098 cunctantur:
893 4046 1034 4113 quod
1072 4057 1354 4114 propterea
1390 4048 1620 4108 faciunt,
1650 4059 1707 4100 ut
1735 4030 1887 4116 rupi-

311 4132 577 4188 ditatihus
615 4145 669 4188 et
709 4137 952 4191 consiliis
977 4136 1092 4191 suis
1123 4148 1305 4206 aptum
1335 4139 1722 4192 naneisrantur
1749 4148 1887 4192 tent-

311 4239 432 4292 pus.
459 4223 515 4279 Si
543 4239 679 4294 Opus
703 4227 994 4296 quodpiam
1015 4231 1254 4298 aggressi
1300 4230 1408 4284 sint
1439 4239 1492 4283 et
1514 4231 1634 4298 ejus
1658 4230 1886 4285 fecerint

241 4380 247 4388 ν
315 4317 550 4379 initium.
586 4318 719 4372 nihil
755 4329 932 4374 tamen
965 4333 1184 4390 propter
1235 4324 1628 4378 sententiarum
1676 4323 1886 4378 ἀίδριε-

313 4408 552 4473 pantiam
603 4419 748 4463 recte
798 4421 984 4480 agunt.
1031 4411 1086 4464 in
1137 4412 1328 4480 primis
1376 4413 1478 4465 hoc
1531 4421 1791 4480 tempore,
1827 4419 1887 4464 ut

317 4501 510 4563 nostis,
544 4515 670 4569 pars
701 4517 885 4558 eorum
918 4520 1112 4559 novam
1146 4506 1243 4559 alit
1293 4506 1646 4561 discordiam.
1685 4505 1882 4560 Verum

317 4594 423 4657 fac,
460 4603 515 4645 ut
549 4593 661 4658 ﬁat,
705 4596 849 4663 quod
900 4607 1120 4664 prepter
1171 4613 1288 4661 eas,
1343 4613 1480 4667 quas
1511 4598 1645 4662 dixi,
1687 4613 1882 4652 causas
1916 4629 1960 4685 ο

316 4685 427 4738 fieri
461 4685 682 4753 nequit:
717 4687 760 4740 si
789 4702 972 4740 revera
1001 4691 1180 4742 veniat
1220 4690 1409 4744 classis
1441 4705 1505 4744 ex
1552 4689 1722 4755 Italia,
1752 4690 1881 4760 quid

313 4776 440 4832 inde
471 4779 628 4832 nobis
658 4778 881 4845 periculi
926 4781 1183 4841 minetur,
1221 4781 1659 4849 quandoquidem
1693 4795 1880 4834 eorum

313 4871 582 4926 exercitus
608 4885 716 4924 non
745 4871 965 4926 dimidia
989 4887 1139 4941 pars,
1173 4873 1282 4925 imo
1317 4887 1384 4925 ne
1427 4883 1617 4941 quarta
1666 4873 1884 4942 quidem

314 4964 476 5032 hujus
504 4963 868 5017 multitudinis
889 4965 1011 5029 erit,
1036 4979 1198 5032 quam
1224 4979 1323 5018 nos
1353 4963 1634 5018 habemus.
1681 4960 1881 5030 Quai'e,

311 5069 516 5119 amera,
536 5054 751 5108 domine
775 5063 974 5119 noster,
997 5055 1196 5109 bonum
1221 5055 1457 5108 animum
1485 5055 1711 5122 habeto;
1738 5058 1884 5111 nulla

314 5162 478 5202 causa
513 5161 659 5201 nunc
689 5146 906 5215 quidem
947 5155 1048 5210 est,
1083 5134 1178 5201 cur
1203 5147 1500 5214 periculum
1528 5156 1739 5202 metuas
1779 5149 1886 5203 nisi

316 5257 346 5295 a
379 5243 496 5294 solo
540 5240 670 5294 Deo.
715 5239 905 5308 Itaque
961 5239 1138 5304 fortis,
1168 5239 1321 5294 la-tus
1364 5249 1418 5292 et
1448 5240 1627 5295 alacer
1658 5252 1798 5308 esto,
1834 5252 1886 5296 et.

313 5333 571 5404 quidquid
599 5335 646 5386 vi
684 5334 822 5402 ignis
851 5332 985 5386 ellici
1021 5343 1218 5401 potest,
1251 5333 1406 5386 hodie
1455 5343 1506 5386 et
1538 5349 1656 5387 cras
1691 5351 1755 5387 ne
1803 5337 1885 5388 in-

313 5425 666 5484 termittatur,
708 5432 768 5475 ut
800 5421 1133 5485 helepolibus
1167 5420 1390 5485 muenia,
1434 5429 1694 5489 quantum
1755 5435 1884 5488 pos-

312 5525 464 5578 sunt,
490 5524 810 5580 alterantur.
857 5532 875 5565 ι
916 5513 1012 5566 llic
1059 5527 1239 5567 sermo
1268 5521 1323 5565 et
1353 5512 1642 5565 consilium
1687 5526 1888 5564 amera:

313 5612 661 5664 vehementer
713 5607 937 5675 placuit,
978 5615 1031 5660 et
1060 5606 1300 5658 animum
1336 5603 1452 5672 ejus
1480 5620 1508 5657 e
1531 5604 1711 5673 priore
1741 5619 1880 5658 mm-

311 5701 456 5757 siitia
493 5699 688 5770 gaudio
718 5699 951 5768 perfudit
977 5708 1030 5752 et
1055 5697 1338 5753 recreavit.
1375 5696 1560 5765 Itaque
1602 5696 1883 5750 mandavit

309 5794 383 5857 ei,
415 5803 472 5849 ut
498 5809 558 5848 ea
597 5793 712 5862 ipsa
739 5801 892 5845 nocte
919 5791 1094 5845 obiret
1122 5791 1422 5845 exercitum
1457 5804 1517 5844 et
1547 5789 1878 5856 exploraret,

313 5902 421 5953 quo
459 5887 642 5943 animo
684 5895 869 5944 essent
897 5885 1113 5942 milites.
1139 5885 1229 5940 Ille
1247 5884 1417 5954 jus-sis
1446 5882 1766 5948 obsecutus,
1799 5897 1881 5937 re-

1977 657 2068 709 τόν
2095 658 2243 710 ἐστιν
2269 669 2284 686 ⁶
2315 657 2492 726 μάχου
2545 656 2687 726 μετὰ
2719 654 2917 722 χαρᾶς,
2953 651 3050 705 καὶ
3081 651 3113 719 ἠ
3145 649 3268 716 νίκη
3297 645 3551 715 ἡμετέρα

1978 749 2151 802 ἐστίν.
2186 768 2202 798 ι
2242 749 2549 818 Ἀπεκρίθη
2581 747 2675 801 οῦν
2703 747 2730 799 ὀ
2756 747 2981 817 ἅμηρᾶς
3029 743 3124 796 καὶ
3172 741 3290 795 εἷπε
3314 758 3326 770 °
3359 759 3376 792 ι
3427 740 3551 792 Λοι⁴

1980 840 2103 906 πον,
2140 835 2184 892 ὦ
2223 841 2422 909 Σογὰν,
2459 841 2693 912 ἀρεστόν
2719 839 2803 892 σοί
2830 841 2976 890 ἐστιν
3012 835 3101 889 ἵνα
3144 835 3238 888 καὶ
3292 834 3453 902 ἡμεῖς
3483 829 3551 882 τά

1979 932 2074 984 νῦν
2101 932 2197 1002 τήν
2217 933 2390 1003 τύχην
2425 933 2804 1003 γνωρίσωμεν,
2859 933 2909 983 εί
2943 929 3172 1000 ἀρεστὸν
3225 927 3362 996 αὐτῇ
3405 927 3551 977 ἐστιν

1979 1027 2073 1078 καὶ
2112 1025 2359 1095 βοηθήσῃ
2389 1026 2520 1094 ἡμῖν
2569 1025 2642 1087 ὡς
2693 1025 2785 1076 καὶ
2821 1022 3028 1091 ἑτέροις
3063 1019 3297 1080 πολλοῖς.
3337 1018 3550 1069 Στεῖλον

1978 1117 2070 1171 οῦν
2117 1119 2211 1170 ἐπὶ
2263 1120 2356 1171 τὸν
2409 1117 2658 1171 Γαλατᾶν
2707 1115 2960 1186 φυλακήν
3009 1132 3152 1179 τινα,
3197 1114 3289 1164 ἵνα
3335 1111 3409 1180 μὴ
3457 1109 3549 1161 λαο

1981 1208 2190 1278 θραίως
2242 1209 2303 1273 ἐξ
2357 1207 2523 1261 αὐτοῦ
2567 1209 2886 1278 περάσωσιν
2918 1205 3013 1258 καὶ
3065 1208 3131 1275 τῇ
3172 1202 3322 1255 πόλει
3358 1201 3554 1271 βοηθή-

1983 1317 2170 1354 σωσιν.
2211 1319 2228 1350 ι
2997 1287 3010 1300 ’

2066 1391 2338 1452 Ἀκούσας
2368 1391 2423 1443 δὲ
2452 1390 2628 1443 ταῦτα
2659 1392 2685 1443 ὁ
2719 1389 2835 1444 Ἀλὶ
2871 1391 3074 1453 πασιᾶς
3111 1388 3355 1455 ἐλυπήθη
3412 1385 3551 1448 λίαν,

1983 1483 2304 1552 αίσχυνθεὶς
2341 1483 2504 1553 269
2560 1483 2641 1535 ὅτι
2703 1483 3078 1552 ὑπερίσχυσαν
3144 1481 3191 1532 οἱ
3251 1479 3402 1545 λόγοι
3463 1476 3556 1529 τοῦ

1983 1577 2159 1643 Σογὰν
2194 1579 2386 1639 πασιᾶ,
2415 1576 2507 1640 καὶ
2535 1579 2597 1629 ὲκ
2629 1575 2722 1627 τοῦ
2759 1576 2956 1643 φθόνου
2989 1574 3199 1641 ἤθελεν,
3235 1573 3281 1624 εί
3313 1569 3555 1631 iuvantia),

1984 1671 2212 1736 ποιῆσαι
2270 1668 2523 1738 μηχανὴν
2587 1668 2676 1720 ἵνα
2739 1668 2895 1720 οὐδὲν
2947 1666 3230 1735 πράξωσιν
3279 1664 3415 1716 κατὰ
3459 1662 3558 1729 τῆς

1987 1762 2215 1823 πόλεως.
2274 1762 2547 1831 Ἐμήνυσε
2607 1761 2682 1829 τῷ
2732 1762 2946 1829 βασιλεῖ
2993 1760 3061 1812 τὰ
3113 1759 3394 1828 συμϐάντα
3466 1758 3558 1806 καὶ

1985 1854 2219 1924 παρῄνει
2246 1853 2411 1906 αὑτὸν
2451 1852 2526 1920 μὴ
2556 1851 2865 1920 φοϐεῖσθαι,
2904 1852 3039 1903 διότι
3069 1851 3126 1901 ἐν
3153 1851 3265 1910 τοῖς
3303 1849 3558 1914 πολέμοις

3024 1942 3119 1993 καὶ
3157 1941 3246 1992 διὰ
3302 1939 3462 1990 τοῦτο
3507 1938 3558 1989 οἱ

1984 2035 2224 2100 φύλακες
2255 2034 2684 2104 φυλαττέτωσαν
2716 2032 3039 2102 ὰγρύπνως.
3064 2025 3172 2084 Ἦν
3200 2031 3253 2083 δὲ
3303 2028 3460 2081 τοῦτο
3493 2029 3556 2096 τῇ

1981 2127 2188 2198 ἑϐδόμῃ
2230 2129 2324 2179 καὶ⁴
2358 2128 2580 2195 εἰκοστῇ
2620 2125 2714 2178 τοῦ
2742 2125 2924 2178 Μαΐου
2953 2123 3184 2194 ἑσπέρᾳ.
3229 2121 3288 2174 ’0
3314 2120 3559 2189 5Fqu-

1985 2221 2083 2285 ρᾶς
2115 2219 2428 2288 προστάξεις
2455 2218 2519 2270 δι’
2545 2218 2674 2287 ὅλης
2700 2216 2920 2285 ἐκείνης
2975 2215 3077 2284 τῆς
3108 2213 3301 2274 νυκτὸς
3333 2213 3426 2264 καὶ
3458 2211 3558 2280 τῆς

1982 2310 2252 2380 ἐπιούσης
2286 2309 2502 2378 ἡμέρας
2533 2308 2692 2376 φῶτα
2740 2309 2835 2360 καὶ
2863 2306 3067 2374 φανοὺς
3117 2307 3411 2372 ποιήσωσι,
3463 2304 3558 2354 καὶ

1981 2400 2202 2468 νήστεις
2230 2399 2300 2450 δι’
2332 2399 2462 2466 ὅλης
2498 2398 2597 2465 τῆς
2629 2394 2846 2466 ἡμέρας
2882 2393 3238 2446 διατελέσωσι
3272 2391 3366 2443 καὶ
3392 2389 3557 2441 ἑπτά-

1982 2507 2070 2551 κις
2115 2487 2407 2550 λουσθῶσι,
2467 2488 2562 2540 καὶ
2620 2486 2715 2540 τοῦ
2762 2483 2898 2537 Θεοῦ
2935 2485 3154 2551 νήστεις
3181 2482 3277 2534 καὶ
3325 2479 3559 2549 καθαροὶ

1982 2579 2276 2648 δεηθῶσιν,
2302 2579 2449 2641 ὅπως
2478 2577 2576 2647 τὴν
2614 2576 2769 2628 πόλιν
2799 2576 3098 2641 νικήσωσιν
3117 2588 3130 2601 ·
3155 2571 3180 2624 ὂ
3201 2571 3295 2622 καὶ
3319 2571 3555 2637 ἐγένετο,

1981 2673 2059 2741 Τῇ
2094 2672 2150 2723 δὲ
2181 2670 2412 2739 δευτέρᾳ
2450 2669 2690 2738 ἑσπέρας
2728 2668 2818 2718 ἐπὶ
2843 2665 2943 2728 τὴν
2969 2665 3124 2733 ήλὶου
3156 2663 3309 2714 δύσιν
3346 2660 3484 2729 μετᾶ
3504 2660 3559 2710 τὸ

1984 2765 2278 2834 ἀριστῆσαι
2311 2763 2509 2825 αὐτοὺς
2545 2763 2572 2814 ὁ
2599 2760 2692 2814 οῦν
2727 2759 2950 2829 ἀμηρᾶς
2982 2755 3201 2818 σταθεὶς
3230 2751 3560 2824 δημηγορῶν

1983 2857 2156 2910 ταῦτα
2184 2856 2286 2923 ἔφη
2307 2870 2321 2884 ο

2054 2948 2117 3001 ε’.
2147 2944 2217 3000 Ὦ
2244 2947 2413 2999 τέκνα
2439 2945 2695 3015 φίλτατα,
2724 2943 2875 3011 παρᾶ
2901 2941 2994 2994 τοῦ
3028 2940 3163 2992 Θεοῦ
3210 2940 3302 2992 καὶ
3331 2937 3427 2992 τοῦ
3470 2939 3562 2991 αὐ-

1983 3040 2076 3092 τοῦ
2105 3040 2392 3109 προφήτου
2423 3037 2672 3108 Μωάμεθ
2709 3038 2803 3089 καὶ
2839 3035 2972 3103 ἐμοῦ
3025 3034 3116 3086 τοῦ
3152 3032 3338 3086 δούλου
3396 3031 3561 3084 αὐτοῦ

1982 3127 2174 3198 δέομαι
2198 3129 2293 3181 κοιλ⁵
2322 3128 2631 3199 παρακαλῶ
2657 3127 2801 3195 ὑμᾶς
2838 3126 2924 3178 ἵνα
2956 3124 3049 3177 ἐπὶ
3073 3125 3172 3192 τὴν
3204 3122 3562 3192 αῦριονᾰξτον

1986 3221 2150 3290 ἔργον
2214 3220 2436 3290 μνήμης
2485 3219 2705 3273 αἰωνίου
2755 3219 3043 3286 ποιήσητε,
3098 3215 3171 3277 ὡς
3211 3217 3303 3268 καὶ
3353 3214 3402 3265 οἱ
3458 3213 3563 3283 πρὸ

309 3313 472 3368 εἰσίν.
504 3333 523 3366 ι
553 3315 724 3378 Αὐτὸς
756 3316 813 3370 δὲ
840 3317 1158 3387 ποιήσαςτδ
1186 3318 1531 3389 προσταχθὲν
1565 3320 1658 3372 καὶ
1708 3296 1880 3371 ἐλθὼο
1911 3296 1954 3352 (ἶ
1993 3311 2154 3381 ἡμῶν
2189 3308 2468 3380 πανταχοῦ
2523 3309 2629 3372 ’ἕως
2678 3307 2774 3360 τοῦ
2811 3308 2924 3373 νῦν,
2983 3306 3058 3368 ὡς
3125 3304 3358 3374 φανερόν
3389 3304 3559 3361 ἐστιν.

1989 3495 2088 3550 diit
2117 3501 2205 3559 et,
2239 3513 2256 3544 ι
2299 3493 2573 3557 Luslravi,
2598 3490 2794 3558 inquit,
2828 3497 2876 3542 et
2909 3486 3185 3556 exploravi
3239 3485 3561 3539 exercitum.

1993 3587 2106 3640 lloc
2131 3587 2301 3640 scito:
2324 3600 2501 3653 pugna
2524 3584 2646 3636 laeto
2665 3582 2869 3641 animo,
2892 3589 3044 3633 stata
3070 3578 3226 3631 nobis
3248 3577 3494 3629 vicltiria.
3541 3595 3557 3626 ι

1991 3675 2583 3745 Βρεροιιιιὶιᾼιιιθιοεε
2628 3691 2646 3724 ι
2687 3671 2806 3724 Jam
2845 3671 3029 3739 igitur,
3068 3668 3138 3720 mi
3169 3669 3370 3733 Sogan,
3401 3667 3446 3720 si
3484 3668 3565 3718 vi-

1991 3740 2149 3821 detur
2178 3740 2428 3829 tibi,’nos
2454 3747 2668 3834 quoque
2703 3763 2979 3825 fortunam
3014 3775 3158 3812 nunc
3185 3758 3562 3827 exploremus,

1992 3869 2048 3912 ut
2077 3872 2492 3927 cognoscamus,
2525 3857 2802 3925 placeatne
2837 3854 2908 3919 ci,
2940 3869 3040 3906 nos
3061 3852 3340 3920 adjuvare,
3379 3861 3436 3903 ut
3462 3850 3562 3904 ad-

1986 3952 2140 4020 juvat
2160 3951 2299 4005 alios
2325 3949 2548 4002 multos.
2588 3948 2764 4012 Quare
2786 3949 2936 3998 mitte
2960 3945 3204 3999 Galatnm
3230 3943 3560 4007 custodiam,

1992 4056 2060 4095 ne
2095 4040 2233 4094 clam
2259 4043 2362 4091 huc
2392 4038 2667 4104 trajiciaut
2697 4044 2750 4090 et
2776 4035 2893 4089 urbi
2924 4050 3078 4103 opem
3118 4033 3314 4088 ferant.
3363 4053 3380 4086 ι

2062 4131 2156 4185 llis
2188 4129 2407 4192 auditis,
2437 4130 2517 4183 Ali
2543 4127 2731 4182 Pasias
2765 4143 3092 4197 magnopere
3133 4126 3328 4192 doluit,
3361 4125 3564 4194 pudore

1991 4236 2194 4288 motus,
2230 4223 2372 4289 quod
2406 4221 2582 4288 Segan
2622 4220 2786 4290 pasia:
2844 4219 3114 4273 sententia
3170 4219 3566 4288 praevaluissel,

1993 4317 2381 4392 constituitque
2408 4331 2471 4368 ex
2525 4314 2750 4378 invidia,
2785 4320 2865 4377 ut,
2914 4313 2957 4367 si
2992 4321 3195 4382 posset,
3257 4311 3562 4380 impediret,

1991 4426 2059 4464 ne
2101 4408 2226 4476 quid
2280 4406 2613 4476 proﬁcerent
2671 4405 2936 4459 adversus
2971 4405 3180 4459 urbem.
3234 4403 3566 4472 Signiﬁcavit

1991 4501 2332 4571 imperatori,
2366 4499 2494 4569 quid
2545 4499 2858 4563 accidisset,
2917 4513 3153 4568 eumque
3185 4492 3430 4550 hortatus
3458 4504 3562 4558 est,

1991 4611 2057 4650 ne
2093 4603 2383 4661 metueret,
2412 4597 2668 4662 quoniam
2700 4592 2752 4645 in
2781 4591 2936 4646 bellis
2965 4593 3111 4644 varia
3139 4601 3192 4645 et
3235 4604 3436 4658 auceps
3456 4588 3567 4641 fur-

1995 4699 2124 4743 tuna
2158 4689 2359 4744 soleret
2392 4703 2535 4742 esse.
2571 4686 2804 4740 Proinde
2848 4685 3102 4740 custodes
3158 4683 3412 4736 excubias
3444 4675 3567 4750 per-

1987 4781 2180 4851 vigiles
2206 4787 2462 4849 agerent.
2492 4778 2772 4846 Agebatur
2801 4777 2901 4829 hoc
2929 4791 3149 4841 vesliera
3183 4773 3424 4827 vicesimi
3450 4789 3566 4843 sep-

1988 4872 2104 4926 timi
2139 4872 2246 4925 diei
2291 4871 2494 4925 mensis
2548 4869 2693 4922 Maii.
2732 4871 2962 4922 Ameras
3010 4868 3314 4935 imperavit,
3381 4877 3437 4921 ut
3468 4884 3564 4937 per

1989 4975 2155 5019 totam
2184 4980 2303 5019 eam
2331 4973 2546 5017 noctem
2579 4969 2632 5016 et
2665 4970 2985 5030 sequentem
3013 4961 3153 5014 diem
3209 4963 3360 5028 igors
3389 4960 3565 5014 faces-

1988 5074 2091 5126 que
2117 5058 2391 5119 arderent,
2424 5056 2622 5108 milites
2649 5063 2765 5107 toto
2795 5055 2880 5107 die
2906 5054 3217 5123 jcjunareut
3241 5065 3295 5105 et
3321 5055 3563 5105 lavaren-

1990 5161 2074 5203 tur
2099 5150 2320 5218 seplies,
2344 5162 2405 5200 ac
2440 5146 2600 5198 Deum
2622 5145 2795 5221 jejuni
2829 5145 3029 5214 letique
3056 5145 3373 5212 supplicitrr
3403 5159 3564 5214 roga-

1991 5250 2110 5294 rent
2135 5238 2590 5308 expognationem
2628 5236 2799 5290 urbis.
2845 5236 2919 5288 ita
2956 5251 3077 5289 cum
3138 5234 3340 5288 factum
3394 5243 3559 5296 esset,

1989 5337 2161 5390 altera
2218 5349 2443 5402 vespera
2477 5333 2580 5386 sub
2625 5347 2882 5385 occasum
2937 5332 3069 5386 solis
3103 5341 3222 5398 post
3273 5331 3559 5400 prandium

1988 5443 2201 5484 amet-as
2235 5428 2392 5480 talem
2429 5425 2491 5478 ad
2522 5426 2721 5479 milites
2757 5425 3077 5479 concionem
3112 5423 3297 5476 habuit
3331 5437 3345 5474 :

2062 5523 2114 5578 5.
2152 5541 2170 5572 ι
2215 5521 2332 5575 Filii
2370 5519 2734 5581 dilectissimi,
2765 5535 2860 5586 per
2901 5519 3070 5572 Deum
3101 5527 3153 5570 et
3177 5516 3558 5575 Mohametem,

1989 5612 2309 5683 prophetam
2335 5612 2475 5681 ejus,
2514 5620 2705 5673 etme,
2733 5609 2977 5677 ejusdem
3029 5622 3268 5668 servum,
3328 5608 3558 5656 obsecro

1986 5717 2083 5755 vos
2110 5703 2426 5770 hortorque,
2456 5711 2512 5755 ut
2531 5701 2770 5755 crastino
2794 5701 2881 5754 die
2898 5715 3005 5752 rem
3025 5695 3293 5762 peragatis
3311 5693 3552 5746 omnium

1987 5795 2310 5848 szeculorum
2341 5793 2602 5848 memoria
2631 5793 2870 5858 dignam,
2900 5787 3090 5856 quales
3113 5787 3176 5838 ad
3205 5787 3345 5836 hunc
3379 5799 3554 5851 usque

1987 5883 2128 5938 diem
2172 5883 2402 5953 majores
2424 5881 2600 5938 ubivis
2633 5879 2827 5936 iecisse
2885 5883 3194 5960 constat,et
3247 5873 3554 5943 alaeri,gc-
