4066 6296
520 347 636 426 863‘

1762 369 2086 434 GEORGII
2127 373 2228 434 PH
2242 372 2562 435 ΒΑΝΤΖΒ
3135 393 3138 395 >
3163 367 3219 422 οι

3697 379 3814 443 εει

519 477 804 544 ἐποίησαν,
831 477 925 530 καὶ
958 480 1098 550 μετὰ
1123 482 1439 554 προθυμίας
1468 489 1564 541 καὶ
1591 492 1975 561 γενναιότητος
1999 493 2099 548 καὶ
2129 498 2173 553 Α
2201 490 2468 556 λάξαντες
2544 487 2686 562 ἦσαν
2770 491 2912 546 κατά
2987 491 3086 563 τὴν
3161 495 3388 549 ἐκείνων
3459 496 3766 551 διάλεκτον
3792 517 3810 534 ο

523 567 945 638 μεγαλοψυχίας
979 571 1107 636 τοὺς
1139 575 1356 644 τείχους
1388 577 1598 634 ἄνωθεν
1661 585 1798 652 μετά
1847 585 1956 639 τῶν
1988 587 2102 640 κλι-

522 661 715 728 μάκων
749 662 826 726 ὡς
865 670 1139 734 πτερωτοὶ
1183 669 1451 743 διέλθητε·
1515 675 1616 730 uel
1644 678 1745 748 τὴν
1777 679 1968 750 φήμην
2033 683 2101 751 ἦν

521 753 571 806 oi
605 753 708 822 πρὸ
763 755 945 824 ἡμῶν,
985 757 1087 821 ’ὡς
1121 761 1375 832 εἴπομεν,
1419 767 1724 838 ἐκέρδησαν
1776 774 1870 825 καὶ
1907 777 1934 827 ό
1965 774 2101 837 Θεὸς

519 846 845 916 ἐχαρίσατο,
881 853 956 920 μὴ
992 853 1208 918 γένοιτο
1238 856 1325 910 ἵνα
1383 861 1546 929 ἡμεῖς
1599 863 1961 938 ἀπολέσωμεν
1995 869 2099 923 αὔ-

518 939 640 1008 τὴν,
676 938 812 994 ἀλλά
843 943 1083 1011 μάλιστα
1137 946 1296 1019 νῦνὴ
1357 951 1477 1021 ὥρα
1525 954 1756 1024 ἤγγικεν
1789 960 1876 1013 ἵνα
1926 961 2100 1032 αὐτὴν

518 1031 908 1096 πολυπλασίως
941 1035 1107 1106 270
1129 1040 1478 1112 αὐξήσωμεν.
1519 1065 1538 1097 ι
1575 1048 1685 1100 Kal
1717 1051 1940 1119 ἑτέρους
1966 1031 2099 1106 πολ-

517 1120 645 1181 λοὺς
678 1123 871 1192 λόγους
908 1133 1349 1196 στρατιωτικοὺς
1405 1135 1586 1189 εἰπὼν
1627 1138 1815 1201 αὐτοῖς
1860 1141 2100 1214 διέγειρε

516 1214 747 1273 τούτους
809 1219 887 1280 είς
935 1221 1375 1294 μεγαλοψυχίαν,
1442 1228 1530 1282 ἵνα
1571 1233 1842 1297 γενναίως
1872 1238 2100 1306 πράξω-

519 1321 627 1360 σιν.
658 1302 791 1362 Εἶτα
821 1309 969 1377 λέγει
994 1330 1009 1344 ·
1048 1332 1066 1365 ι
1108 1317 1216 1370 Καὶ
1252 1317 1349 1371 ὲάν
1373 1321 1466 1372 καὶ
1489 1322 1546 1386 ἐξ
1576 1323 1734 1392 ἡμῶν
1759 1302 1928 1391 τινες-
1958 1302 2099 1383 ἀπο-

517 1399 852 1466 κτανθῶσιν,
881 1403 955 1468 ὡς
975 1405 1094 1469 ἔθος
1129 1408 1279 1462 ἐστὶν
1309 1411 1366 1462 ὲν
1393 1415 1506 1476 τοῖς
1541 1415 1827 1485 πολέμοις,
1850 1436 2101 1491 γεγραμ-

520 1491 684 1556 μένον
715 1492 810 1544 ἐπὶ
845 1495 944 1564 τῆς
978 1499 1230 1569 κεφαλῆς
1289 1503 1478 1570 αὐτοῦ,
1544 1508 1722 1572 καλῶς
1779 1511 1961 1566 οεδατε
2010 1515 2107 1569 διὰ·

517 1581 615 1634 τοῦ
655 1585 929 1656 ἡμετέρου
962 1593 1135 1658 κορᾶν
1182 1595 1239 1647 τί
1296 1613 1462 1666 φησιν
1506 1601 1533 1652 6
1591 1603 1904 1673 προφήτης,
1958 1607 2100 1660 ὃτιὸ
2145 1615 2153 1622 '

521 1673 815 1729 ἀποθανὼν
844 1681 902 1731 ἐν
935 1683 1115 1754 καιρῷ
1148 1687 1381 1758 τοιούτῳ
1436 1690 1716 1762 όλόσωμος
1766 1697 1827 1748 ἐν
1860 1697 1939 1767 τῷ
1995 1716 2101 1753 πα-

522 1765 760 1837 ραδείσῳ
807 1771 950 1838 μετὰ
1021 1773 1114 1827 τοῦ
1169 1778 1417 1848 Μωάμεθ
1467 1783 1764 1856 ἀριστήσει
1805 1765 2094 1859 καὶλπιεῖ,

517 1855 612 1906 καὶ
642 1859 783 1948 μετὰ
820 1862 1029 1917 παίδων
1060 1866 1155 1918 καὶ
1208 1869 1345 1936 μετά
1394 1855 1671 1938 γυναικῶν
1722 1877 1944 1948 ὡραίων
2005 1855 2098 1936 καί

515 1945 806 2042 ιιιςσιρθένων
840 1951 898 2004 ἐν
931 1955 1084 2026 τόπῳ
1132 1958 1344 2030 χλοερῷ
1380 1965 1478 2016 καὶ
1537 1945 1942 2042 μεμυρισμένῳ
2000 1975 2098 2028 ἀν·

518 2036 671 2093 θεσιν
703 2041 1017 2118 ἀναπαυθῇ,
1057 2051 1149 2103 καὶ
1183 2054 1240 2104 έν
1265 2053 1517 2126 λουτροῖς
1566 2036 1928 2129 ὡραιοτάτοις
1979 2065 2098 2119 λουο

519 2130 644 2202 σθῇ,
677 2137 770 2188 καὶ
807 2139 866 2190 ὲν
897 2142 1093 2212 ἐκείνῳ
1149 2146 1226 2216 τῷ
1255 2149 1406 2220 τόπῳ
1441 2151 1503 2203 ἐκ
1557 2151 1699 2207 Θεοῦ
1757 2155 1870 2220 ἔξει
1899 2159 2096 2214 ταῦτα.

530 2225 803 2283 Ἐνταῦθα
847 2232 904 2285 δὲ
945 2235 1112 2291 πάλιν
1151 2238 1211 2303 ἐξ
1279 2242 1415 2311 ἐμοῦ
1468 2245 1584 2308 πᾶς’
1613 2249 1640 2299 6
1693 2249 1827 2316 ἐμὸς
1869 2252 2098 2321 στρατὸς

515 2317 612 2372 καὶ
638 2320 903 2390 ἄρχοντες
955 2327 1056 2396 τῆς
1113 2331 1286 2400 αὐλῆς
1350 2352 1476 2403 μου,
1537 2337 1633 2391 ὲάν
1680 2317 2016 2410 νικήσωμεν,
2070 2348 2100 2398 6

519 2412 716 2478 μισθὸς
747 2415 805 2468 δν
839 2417 1021 2483 ἕξουσι
1058 2423 1190 2491 παρ’
1241 2425 1396 2494 ἐμοῦ,
1464 2429 1605 2484 κατὰ
1650 2431 1749 2500 τὴν
1802 2435 2098 2501 ἀναλογίαν

526 2681 766 2752 ἡμέραις
793 2691 974 2755 τρισὶν
1001 2693 1212 2762 ἡπόλις
1249 2701 1401 2751 πᾶσα
1431 2701 1584 2770 ὑμῶν
1643 2703 1844 2759 ἔσεται.
1903 2710 2014 2760 Kal
2048 2710 2099 2761 εί

491 2787 566 2825 -τι
593 2771 641 2826 δ’
661 2773 728 2828 ἂν
752 2779 1090 2852 σκυλεύσητε
1143 2788 1236 2840 καὶ
1261 2789 1460 2862 εὕρητε
1526 2796 1755 2863 χρυσίου
1799 2799 1894 2850 καὶ
1926 2800 2098 2868 ἀργυσ

519 2865 640 2932 ρίου
678 2868 873 2954 σκεῦος
935 2877 1030 2926 καὶ
1079 2878 1406 2949 ἱματισμὸν,
1477 2887 1872 2954 αἰχμαλώτους
1917 2865 1977 2943 τε

518 2955 651 3024 δρας
680 2961 774 3011 καὶ
809 2968 1094 3030 γυναῖκας,
1133 2973 1367 3040 μικρούς
1409 2993 1466 3027 τε
1491 2978 1585 3029 καὶ
1612 2980 1902 3047 μεγάλους,
1921 2985 2097 3050 οὐδεὶς

519 3049 782 3121 δυνηθείη
815 3055 1014 3120 αὐτοὺς
1052 3059 1180 3128 ύμῖν
1231 3065 1458 3134 αἰτῆσαι
1515 3069 1548 3139 ἡ
1597 3088 1649 3123 τι
1694 3073 1987 3144 ἐνοχλῆσαι
2018 3049 2098 3140 είς

2217 606 2236 638 ι
2274 584 2439 640 Ἀλλά
2467 584 2608 638 ἀλλά
2627 601 2641 616 ο
2681 586 2940 656 Μεεμέτη
2975 586 3176 655 ρεσοὺλ
3203 587 3362 653 ἀλλά,
3405 607 3425 642 ι
3453 588 3606 642 τοῦτ’
3627 591 3807 644 ἔστιν·

2229 698 2248 730 ι
2272 676 2334 732 Ὀ
2365 678 2497 740 Θεὸς
2529 678 2637 730 τῶν
2669 678 2830 743 θεῶν,
2866 678 2961 732 καὶ
2988 681 3017 731 6
3042 679 3414 752 Μαχουμέτης
3442 683 3470 735 ὁ
3500 683 3813 754 προφήτης

2206 769 2397 823 αὑτοῦ.
2446 788 2464 822 ι

2281 860 2439 929 271
2498 859 2864 923 Ἀκούσαντες
2911 859 2970 914 δὲ
3009 862 3176 932 ἡμεῖς
3219 864 3278 916 ἐν
3347 867 3414 936 τῇ
3470 867 3637 920 πόλει
3698 867 3813 936 τῆς

2204 952 2480 1021 τοσαύτης
2513 953 2765 1021 κραυγῆς
2795 953 2932 1006 ὡσεὶ
2957 949 3094 1024 ἦχον
3124 955 3304 1024 μέγαν
3329 956 3642 1030 Θαλάσσης,
3684 959 3813 1011 ἑλο-

2207 1040 2480 1112 γιζόμεθα
2506 1043 2560 1095 τί
2584 1043 2694 1115 ἄρα
2733 1045 2874 1098 ἐστί’
2913 1045 3034 1114 μετ’
3069 1045 3252 1114 ὀλίγον
3277 1048 3336 1101 δὲ
3377 1051 3674 1120 ἐμάθομεν
3711 1050 3812 1120 βε-

2207 1133 2376 1197 ϐαίως
2417 1135 2514 1187 καὶ
2545 1136 2600 1188 ὲν
2625 1134 2863 1206 ἀληθείᾳ
2897 1137 2979 1189 ὅτι
3010 1136 3104 1189 ἐπὶ
3126 1136 3226 1207 τὴν
3253 1136 3448 1207 αῦριον
3476 1145 3506 1196 6
3533 1143 3808 1213 Ἀμηριῖς

2205 1222 2471 1293 ἡτοίμασε
2495 1217 2757 1294 χερσαῖόν
2787 1243 2846 1280 τε
2881 1228 2976 1280 καὶ
2989 1229 3210 1300 ὑδραῖον
3241 1230 3479 1301 πόλεμον
3509 1234 3804 1304 σφοδρῶς,

2203 1313 2331 1368 ὅσον
2363 1317 2512 1386 αὐτῷ
2536 1313 2604 1387 ἦν
2643 1319 2898 1387 δυνατὸν,
2922 1321 3095 1376 δῶσαι
3147 1326 3214 1394 τῇ
3267 1325 3443 1379 πόλει.
3489 1327 3700 1396 Ἡμεῖς
3738 1329 3805 1382 δὲ

2206 1402 2547 1474 θεωροῦντες
2567 1409 2830 1462 τοσοῦτον
2860 1410 3068 1479 πλῆθος
3097 1412 3210 1466 τῶν
3253 1414 3492 1483 ἀσεϐῶν,
3525 1416 3685 1486 λέγω
3717 1418 3803 1482 ὡς

2204 1497 2328 1566 ἐμοὶ
2361 1497 2530 1562 δοκεῖ,
2563 1499 2734 1563 ὅντως
2762 1502 2887 1555 καθ’
2932 1503 3171 1558 ἕκαστον
3213 1507 3376 1576 ἡμῶν
3431 1511 3801 1564 πεντακόσιοι

2204 1590 2301 1642 καὶ
2323 1590 2512 1644 πλεῖον
2533 1587 2674 1664 ἦσαν
2692 1594 2752 1658 ἐξ
2775 1595 2959 1647 αὐτῶν
2986 1612 2999 1627 ο
3019 1597 3118 1650 καὶ
3137 1598 3218 1661 εἰς
3246 1598 3346 1668 τὴν
3369 1600 3481 1654 ἀνω
3509 1604 3796 1673 πρόνοιαν

2203 1679 2390 1743 πάσας
2421 1681 2578 1749 ἡμῶν
2603 1682 2700 1746 τὰς
2724 1684 2942 1748 ἐλπίδας
2969 1685 3300 1758 ἀνεθέμεθα.
3323 1690 3432 1743 Kal
3455 1687 3796 1762 Προστάξας

2203 1769 2232 1820 6
2259 1768 2520 1838 βασιλεὺς
2557 1772 2647 1826 ἵνα
2675 1774 2816 1844 μετά
2838 1776 2949 1828 τῶν
2983 1776 3160 1847 ἁγίων
3185 1779 3278 1833 καὶ
3307 1782 3523 1838 σεπτῶν
3549 1786 3796 1839 εἰκόνων

2207 1861 2304 1914 καὶ
2330 1861 2441 1915 τῶν
2475 1861 2642 1917 θείων
2675 1867 3099 1937 ἐκτυπωμάτων
3140 1870 3328 1941 ἱερεῖς,
3358 1874 3635 1944 ἀρχιερεῖς
3687 1879 3794 1931 καὶ

2209 1954 2458 2022 μοναχοὶ,
2497 1958 2758 2023 γυναῖκές
2790 1975 2854 2013 τε
2881 1962 2974 2012 καὶ
3001 1961 3214 2027 παιδία,
3242 1964 3380 2034 μετὰ
3405 1965 3662 2036 δακρύων
3693 1970 3790 2022 διὰ

2207 2042 2315 2096 τῶν
2368 2046 2569 2116 τειχῶν
2624 2048 2726 2116 τῆς
2767 2049 2995 2114 πόλεως
3034 2054 3455 2123 περιερχόμενοι
3506 2059 3567 2110 τὸ
3599 2059 3788 2128 Κύριε

2206 2139 2433 2210 ἐλέησον
2459 2141 2599 2210 μετά
2633 2143 2890 2213 δακρύων
2921 2145 3181 2215 ἔκραζον,
3230 2150 3327 2202 καὶ
3354 2150 3448 2203 τὸν
3477 2151 3613 2204 Θεὸν
3668 2155 3789 2206 ίκέ-

2205 2250 2366 2286 τευον
2418 2234 2509 2288 ἵνα
2559 2235 2634 2306 μὴ
2680 2235 2768 2290 διὰ
2818 2237 2920 2301 τὰς
2947 2239 3228 2309 ἁμαρτίας
3280 2241 3438 2312 ἡμῶν
3474 2245 3790 2318 παραδώσῃ

2207 2324 2355 2392 ἡμᾶς
2385 2326 2466 2388 είς
2494 2327 2688 2396 χεῖρας
2717 2328 2928 2399 ἐχθρῶν
2957 2330 3179 2401 ἀνόμων
3213 2333 3308 2386 καὶ
3331 2335 3661 2391 ἀποστατῶν
3686 2340 3788 2391 καὶ

2209 2419 2602 2484 πονηροτάτων
2646 2421 2798 2490 παρά
2836 2423 3020 2477 πᾶσαν
3046 2423 3146 2493 τὴν
3174 2425 3301 2494 γῆν,
3328 2426 3446 2479 ἀλλ’
3478 2429 3633 2493 ἵλεως
3684 2448 3788 2498 γε-

2209 2507 2444 2577 νὴσηται
2478 2512 2608 2579 ἡμῖν
2628 2515 2694 2582 τῇ
2728 2513 3066 2587 κληρονομίᾳ
3087 2516 3272 2572 αὐτοῦ.
3306 2521 3415 2574 Kal
3441 2522 3579 2591 μετά
3607 2523 3781 2576 κλαυ-

2211 2598 2348 2668 θμοῦ
2385 2601 2656 2670 ἀλλήλους
2706 2605 3140 2677 ἀνεθαρῤύνοντο
3194 2609 3282 2664 ἵνα
3323 2611 3585 2681 ἀνδρείως
3625 2615 3784 2668 ἀντι-

2210 2689 2453 2743 σταθῶσι
2484 2695 2598 2754 τοῖς
2634 2693 2903 2759 ἐναντίοις
2941 2699 3032 2750 ἐπὶ
3060 2701 3125 2768 τῇ
3155 2699 3274 2770 ὥρᾳ
3305 2701 3402 2770 τῆς
3429 2705 3780 2771 συμπλοκῆς.

2219 2781 2454 2853 Ὁμοίως
2485 2785 2541 2836 δὲ
2572 2786 2667 2839 καὶ
2699 2789 2725 2839 ὁ
2758 2786 3016 2857 βασιλεὺς
3056 2793 3123 2861 τῇ
3155 2792 3292 2862 αὐτῇ
3341 2792 3579 2864 ὀδυνηρᾷ
3611 2796 3786 2848 ἑσπέ-

2210 2892 2280 2944 ρᾳ
2331 2875 2431 2944 τῆς
2481 2876 2745 2948 δευτέρας
2798 2880 3034 2944 συνάξας
3091 2883 3304 2946 πάντας
3353 2886 3480 2948 τοὺς
3527 2888 3585 2939 ἐν
3632 2887 3782 2942 τέλει

2207 2965 2479 3034 ἄρχοντας
2511 2967 2609 3020 καὶ
2657 2969 3006 3040 ἀρχομένους
3047 2973 3365 3045 δημάρχους
3403 2977 3497 3029 καὶ
3556 2980 3783 3032 έκατονυ

2206 3057 2444 3126 τάρχους
2469 3057 2566 3111 καὶ
2594 3059 2818 3128 ἐτέρους
2847 3063 3181 3133 προκρίτους
3239 3065 3576 3136 στρατιώτας
3605 3069 3783 3124 ταῦτα

518 3141 694 3197 οὐδέν.
735 3163 754 3195 ι
794 3147 904 3198 Kal
933 3149 1232 3215 τελειώσας
1275 3159 1371 3210 τοῦ
1420 3159 1602 3226 λέγειν
1639 3162 1856 3232 ὤμοσεν
1913 3169 2098 3230 αὐτοῖς
2125 3189 2168 3246 C
2206 3150 2335 3246 ἔφης

521 3233 759 3300 φυλάξαι
790 3240 857 3291 τὰ
888 3239 990 3293 ὅσα
1022 3242 1209 3308 αὐτοῖς
1254 3246 1561 3313 διετάξατο.
1629 3255 1694 3307 Οί
1726 3255 1784 3308 δὲ
1824 3257 2096 3312 ἀκούσαν-

519 3342 612 3389 τες
643 3327 923 3400 ἐχάρησαν
955 3331 1100 3399 λίαν,
1154 3337 1248 3389 καὶ
1299 3339 1357 3392 ὲν
1393 3343 1497 3411 μιᾷ
1542 3347 1693 3415 φωνῇ
1728 3347 1924 3410 πάντες
1961 3350 2096 3403 ἀλα-

521 3523 728 3565 neroso
751 3519 805 3566 et
840 3511 966 3568 forti
989 3515 1176 3572 animo
1211 3521 1411 3576 moenia
1466 3537 1562 3592 per
1596 3523 1779 3581 scalas
1833 3534 2096 3598 tanquam

523 3601 684 3658 alites
717 3606 1054 3670 escendatis.
1090 3623 1226 3664 neve
1251 3612 1488 3680 accidat,
1520 3624 1579 3670 ut
1631 3616 1888 3686 gloriam,
1922 3635 1950 3673 a
1983 3637 2098 3677 ma—

521 3693 760 3761 joribus,
797 3707 853 3751 ut
879 3699 1018 3764 dixi,
1061 3703 1348 3772 quaesitam
1373 3715 1427 3761 et
1459 3721 1488 3760 a
1517 3706 1628 3764 Deo
1657 3709 1942 3778 donatam,
1995 3729 2098 3772 nos

525 3802 670 3843 nunc
695 3790 1033 3860 amittamus,
1061 3809 1188 3850 cum
1216 3798 1417 3853 eximie
1451 3802 1711 3870 augendae
1733 3804 1852 3873 ejus
1884 3816 2099 3875 tempus

524 3878 688 3932 adsit.
717 3899 733 3931 ι
772 3880 910 3936 Aliis
957 3882 1143 3939 multis
1173 3885 1394 3944 bellicis
1431 3892 1593 3946 dictis
1610 3892 1678 3946 ad
1715 3893 2095 3951 fortitudinem

521 3979 617 4022 eos
651 3969 969 4028 cohortatus
990 3981 1092 4039 est,
1122 3983 1181 4030 ut
1210 3985 1438 4034 strenue
1489 3993 1821 4052 pugnarent.
1882 3985 2094 4042 Deinde

524 4060 731 4114 addidit
771 4077 787 4115 :
835 4080 854 4114 ι
902 4062 1108 4130 Quodsi
1165 4071 1427 4127 nonnulli
1459 4073 1526 4129 de
1594 4075 1774 4139 nobis,
1845 4093 1967 4146 quae
2016 4089 2100 4134 est

525 4152 890 4219 bellinatnra.
949 4160 1324 4230 occubuerint,
1373 4163 1515 4220 bene
1565 4167 1741 4222 nostis
1774 4183 1804 4222 e
1861 4184 2093 4238 corane,

525 4247 655 4315 quid
691 4247 758 4304 de
793 4249 876 4304 his
908 4253 1169 4322 pr0pheta
1201 4255 1348 4310 dicat
1384 4273 1397 4311 :
1433 4257 1529 4312 tali
1563 4267 1810 4329 tempore
1839 4262 1930 4332 qui
1982 4278 2101 4317 mo-

527 4340 720 4406 riatur,
749 4357 875 4396 eum
912 4359 1035 4399 cum
1069 4353 1183 4400 toto
1216 4351 1455 4418 corpore
1489 4349 1542 4404 in
1595 4353 1851 4419 paradiso
1907 4369 2092 4410 creua-

528 4442 709 4489 tnrum
741 4445 796 4490 et
829 4436 1130 4493 bibiturum
1165 4455 1287 4495 esse
1335 4456 1460 4496 cum
1504 4441 1830 4512 Mobamete,
1884 4457 1937 4501 et
1973 4464 2096 4502 cum

2273 3238 2347 3304 ς’.
2387 3260 2404 3293 ι
2459 3241 2651 3312 Ὑμεῖς
2716 3243 2840 3314 μὲν,
2903 3225 3293 3314 εὐγενέστατοι
3365 3250 3630 3321 ἄρχοντες
3683 3256 3783 3307 καὶ

2202 3332 2653 3404 ὲκλαμπρότατοι
2679 3335 2957 3407 δήμαρχοι
2991 3338 3086 3391 καὶ
3140 3343 3446 3412 στρατηγοὶ
3494 3344 3590 3397 καὶ
3648 3362 3780 3414 γεν-

2202 3514 2306 3568 hoc
2336 3524 2441 3583 est,
2480 3531 2500 3566 ι
2540 3514 2685 3571 Deus
2731 3515 2957 3572 deorum
3012 3527 3068 3574 et
3116 3517 3456 3577 Mabumetes
3510 3523 3781 3592 prOpheta

2201 3608 2346 3678 ejus.
2385 3627 2404 3661 ι

2271 3701 2408 3756 Cum
2442 3716 2540 3756 nos
2561 3700 2615 3755 in
2657 3701 2790 3757 urbe
2816 3712 2998 3760 tantos
3016 3703 3308 3773 clamores,
3333 3714 3593 3777 tanquam
3625 3723 3779 3776 mag-

2204 3805 2336 3846 num
2377 3793 2544 3846 maris
2577 3791 2878 3858 fremitum,
2911 3795 3252 3862 audiremus,
3286 3797 3416 3865 quid
3452 3796 3580 3851 illud
3605 3807 3776 3862 esset,

2201 3882 2602 3952 cogitabamus.
2629 3882 2734 3937 Sed
2785 3898 2909 3938 mox
2935 3894 3090 3939 certo
3121 3900 3186 3939 ac
3237 3901 3365 3941 vere
3393 3886 3775 3955 cognovimus,

2201 3969 2256 4025 in
2285 3971 2582 4026 crastinum
2619 3970 2762 4026 diem
2784 3971 3041 4027 Amet-am
3063 3981 3325 4029 terrestre
3355 3982 3410 4028 et
3439 3975 3774 4030 maritimum

2201 4063 2427 4128 bellum,
2479 4072 2746 4133 quantum
2798 4072 3005 4132 posset,
3061 4064 3182 4118 urbi
3223 4079 3439 4133 parare.
3503 4064 3778 4120 lntuentes

2204 4165 2407 4210 tantam
2449 4155 2741 4226 impiorum
2775 4156 3182 4210 multitudinem
3215 4156 3438 4226 (dicam,
3471 4156 3618 4226 quod
3644 4156 3774 4210 mihi

2203 4249 2462 4318 videtur),
2497 4257 2558 4302 ut
2603 4249 2722 4304 sine
2753 4248 2920 4304 dubio
2962 4257 3154 4303 contra
3211 4247 3462 4315 singulos
3523 4255 3770 4302 nostrum

2202 4341 2388 4410 plures
2415 4340 2743 4411 quingentis
2774 4347 3099 4411 pugnarent,
3127 4339 3182 4392 in
3211 4351 3450 4409 superna
3481 4339 3775 4395 Providen-

2203 4435 2275 4488 tia
2297 4448 2446 4503 spem
2478 4448 2697 4488 omnem
2721 4431 3152 4487 collocabamus.
3180 4429 3776 4500 Praecepit-imperator,

527 4528 709 4596 pueris
737 4537 790 4584 et
815 4530 1176 4586 muliebribus
1216 4531 1474 4590 formosis
1499 4537 1910 4608 νιγείηίυυειμιθ
1937 4541 1989 4594 in
2009 4556 2097 4596 re-
2127 4525 2178 4586 ι)
2206 4534 2265 4580 ut
2286 4541 2408 4580 cum
2448 4525 2620 4580 sacris
2655 4532 2711 4579 et
2739 4523 3068 4580 venerandis
3085 4523 3436 4591 imaginibus
3461 4531 3516 4577 et
3547 4523 3776 4578 simula-

527 4615 688 4688 gione
718 4618 912 4674 virenti
938 4629 989 4674 et
1015 4619 1244 4678 ﬂoribus
1273 4621 1536 4694 fragranti
1565 4627 1880 4696 quieturum
1931 4639 1986 4684 et
2024 4630 2100 4684 la-

529 4710 707 4764 vacris
741 4710 1124 4779 pulcherrimis
1146 4728 1398 4769 usurum.
1421 4715 1603 4786 Atque
1633 4718 1759 4772 talia
1789 4718 2010 4788 quidem
2042 4720 2096 4774 in

526 4799 621 4855 illo
653 4802 774 4856 loco
807 4818 835 4856 a
885 4802 995 4858 Deo
1027 4806 1284 4882 accipiet.
1327 4807 1428 4862 Hic
1484 4820 1666 4864 autem
1720 4811 1898 4866 omnis
1942 4827 2098 4866 exer-

525 4893 668 4949 ritus
694 4904 748 4948 et
779 4897 917 4951 aulae
957 4913 1236 4968 proceres,
1295 4900 1350 4956 ἐἰ
1403 4902 1720 4967 vicerimus,
1767 4903 2098 4972 stipendium

531 4985 722 5054 duplex
753 4988 895 5055 ejus,
919 4992 1062 5059 quod
1105 5007 1250 5047 nunc
1273 4991 1494 5055 habent,
1533 4995 1824 5063 accipient,
1867 4997 1936 5048 ab
1997 4998 2102 5048 hoc

527 5081 654 5135 inde
677 5081 763 5137 die
794 5083 860 5138 ad
899 5085 1058 5139 tinem
1087 5088 1206 5142 vita:
1230 5102 1422 5156 usque.
1460 5086 1595 5142 Tota
1623 5089 1753 5143 urbs
1779 5089 1955 5142 tribus
1985 5088 2103 5141 die-

531 5178 630 5228 bus
665 5183 842 5229 vestra
880 5177 1002 5230 erit.
1053 5177 1132 5233 Ac
1165 5179 1212 5234 si
1273 5181 1394 5248 quis
1434 5180 1737 5248 spoliorum
1817 5180 2097 5249 quidpiam

533 5265 744 5334 'egerit,
769 5280 896 5320 vasa
932 5282 1096 5322 aurea
1155 5270 1234 5326 vel
1261 5281 1538 5340 argentea,
1594 5281 1768 5326 vestes
1816 5272 2095 5340 repererit,

534 5357 697 5420 viros,
725 5358 957 5414 feminas
994 5358 1238 5428 cujusvis
1267 5363 1444 5416 aetatis
1480 5365 1707 5430 ceperit,
1763 5379 1924 5418 nrmo
1986 5364 2102 5418 hzec

534 5465 626 5504 vos
663 5451 938 5519 postulare
961 5459 1053 5506 aut
1079 5454 1381 5508 moleStiam
1417 5454 1568 5508 vobis
1603 5470 1791 5509 creare
1815 5456 2036 5525 poterit.
2079 5475 2098 5509 ι

539 5536 638 5592 Ubi
673 5541 833 5595 linem
865 5539 1077 5596 dicendi
1114 5539 1261 5608 fecit,
1297 5555 1646 5598 sacramento
1687 5559 1746 5597 sc
1783 5543 2098 5612 obstrinxit,

499 5631 808 5686 'factnrutn
855 5649 914 5690 se
973 5650 1112 5698 esse,
1154 5651 1272 5706 quae
1320 5637 1688 5706 promisisset.
1744 5636 1943 5691 Milites
2003 5639 2104 5692 hac

535 5727 846 5782 conditione
883 5730 1117 5785 miriﬁce
1159 5731 1346 5795 laetati,
1393 5746 1502 5784 uno
1529 5745 1624 5784 ore
1654 5731 1956 5785 clamarunt
1995 5729 2102 5783 lin-

538 5829 644 5883 sua
679 5833 822 5874 sua:
865 5839 882 5871 ι
943 5823 1060 5877 Alia
1121 5823 1268 5878 alla!
1318 5821 1647 5878 illehcmctcs
1693 5822 1839 5878 resz'l
1889 5822 2037 5875 ulla!
2077 5841 2094 5874 ι

2203 4619 2311 4674 eris
2340 4619 2670 4682 sacerdotes,
2705 4617 2958 4688 ‘episc0pi
2993 4626 3047 4672 et
3106 4617 3395 4678 monachi,
3432 4617 3692 4671 mulieres
3722 4625 3775 4671 et

2202 4710 2376 4780 pueri,
2401 4726 2523 4764 cum
2565 4711 2817 4781 lacrymis
2853 4711 2994 4762 intra
3048 4709 3248 4763 mmnia
3294 4708 3448 4764 urbis
3484 4711 3774 4772 obeuntes.

2202 4801 2362 4870 Kyrie
2389 4802 2606 4856 eleeson
2639 4800 2980 4854 clamitarent
3025 4807 3079 4852 ct
3109 4798 3216 4852 lico
3255 4798 3656 4867 supplicarent,
3708 4811 3774 4851 ne

2203 4901 2422 4961 propter
2449 4900 2666 4960 peccata
2696 4897 2884 4943 nostra
2913 4889 2966 4940 in
3001 4887 3256 4942 manibus
3281 4887 3521 4942 hostium
3560 4887 3774 4956 iniquo-

2205 5002 2321 5040 rum
2351 4995 2404 5040 et
2431 4985 2721 5054 impiorum
2759 4992 2832 5046 et,
2863 4997 3002 5051 quos
3026 4989 3171 5035 terra
3219 4978 3481 5045 sustinet,
3537 4979 3774 5033 scelera-

2207 5077 2542 5133 tissimorum
2576 5091 2677 5131 nos
2702 5077 2962 5138 traderet,
2996 5073 3087 5128 sed
3120 5071 3391 5141 propitius
3418 5077 3562 5124 esset
3594 5070 3778 5134 nobis,

2210 5168 2513 5224 liazreditati
2550 5185 2682 5224 suae.
2719 5167 2952 5236 insuper
2973 5164 3440 5233 ,collacrymantes
3463 5161 3695 5216 invicem
3715 5177 3775 5216 se

2207 5261 2653 5322 cohortabantur,
2689 5268 2747 5313 ut
2777 5247 3022 5326 tempore
3053 5254 3427 5309 committendi
3459 5254 3628 5322 prmlii
3668 5251 3773 5306 for-

2209 5352 2332 5404 titer
2365 5351 2612 5405 hostibus
2642 5350 2994 5404 resisterent.
3027 5347 3303 5400 Caeterum
3333 5345 3496 5399 etiam
3539 5345 3771 5414 impera-

2207 5443 2559 5497 torluctuosa
2593 5443 2680 5496 illa
2713 5456 2960 5511 vespera,
2997 5439 3205 5494 coactis
3257 5439 3515 5494 omnibus
3566 5439 3774 5508 primo-

2208 5539 2378 5602 ribus,
2413 5537 2748 5606 principibus
2778 5545 2831 5590 et
2860 5533 3120 5600 subditis,
3179 5532 3443 5597 tribunis,
3493 5533 3772 5586 centurio-

2209 5634 2370 5688 nibus
2415 5642 2469 5686 et
2503 5629 2725 5699 reliquis
2777 5626 3070 5698 praecipuis
3114 5625 3404 5691 militibus,
3456 5625 3770 5679 concionem

2209 5724 2398 5780 habuit
2421 5724 2475 5776 in
2519 5723 2664 5776 hunc
2695 5724 2914 5775 modum
2951 5737 2966 5774 :

2281 5817 2333 5872 6.
2373 5837 2391 5869 ι
2427 5816 2709 5885 Principes
2738 5810 3093 5878 nobilissimi,
3124 5810 3328 5867 tribuni
3355 5817 3409 5866 et
3441 5807 3645 5864 milites
3661 5805 3770 5863 cla-
