4066 6296
284 300 391 363 835

1291 293 1737 356 CIIRONICON
1774 292 2046 356 MAJUS.
2092 265 2161 330 ὲ-
2192 295 2338 356 LIB.
2385 291 2506 354 IlI.

3416 284 3525 350 866

288 414 560 468 ναιότατοι
601 407 1002 480 συστρατιῶται
1027 407 1121 461 καὶ
1137 409 1242 471 πᾶς
1270 409 1434 479 272
1468 412 1495 460 6
1522 409 1715 471 πιστὸς
1750 409 1849 461 καὶ
1880 414 1923 471 Α
1954 408 2141 479 θερίαν
2171 410 2351 478 ἡμῶν.
2384 408 2580 479 Τρίτον
2612 404 2891 474 βασιλείαν
2923 403 3023 474 τὴν
3054 401 3183 456 ποτὲ
3239 400 3337 471 μὲν
3369 419 3526 471 περι-

288 508 473 575 τῖμιος
498 502 650 567 λαὸς,
680 501 861 562 καλῶς
893 502 1074 554 οἴδατε
1106 500 1189 553 ὅτι
1213 501 1455 569 ἔφθασεν
1481 504 1513 570 ή
1550 502 1667 572 ῶρα
1696 501 1791 554 καὶ
1827 503 1854 553 6

288 598 484 668 ἐχθρὸς
502 600 601 667 τῆς
633 595 872 658 πίστεως
902 595 1057 666 ἡμῶν
1090 594 1342 665 βούλεται
1379 594 1464 648 ἵνα
1496 594 1638 665 μετά
1671 593 1853 662 πάσης

284 694 487 760 τέχνης
543 689 638 743 καὶ
724 689 975 757 μηχανῆς
1041 687 1405 757 ἰσχυροτέρως
1469 687 1857 755 στενοχωρήσῃ

290 783 460 851 ἡμᾶς,
493 780 588 833 καὶ
614 780 852 848 πόλεμον
887 777 1121 849 σφοδρὸν
1149 779 1289 848 μετά
1326 778 1649 849 συμπλοκῆς
1685 775 1857 845 μεγά-

288 873 388 940 λης
448 873 541 925 καὶ
594 869 914 942 συρῤήξεως
957 873 1021 922 ὲκ
1074 872 1174 940 τῆς
1205 870 1404 941 χέρσου
1455 869 1551 923 καὶ
1581 869 1858 937 θαλάσσης

288 965 438 1034 δώσῃ
462 965 597 1033 ἡμῖν
630 963 770 1031 μετὰ
794 962 975 1031 πάσης
1000 961 1309 1030 δυνάμεως,
1360 962 1471 1025 ἵνα,
1508 961 1557 1013 εί
1608 960 1855 1025 δυνατὸν,

294 1057 368 1118 ὡς
400 1055 526 1124 ὄφις
553 1055 655 1106 τὸν
680 1054 759 1107 ίδν
791 1052 996 1123 ὲκχύσῃ
1028 1053 1123 1105 καὶ
1165 1053 1239 1117 ὡς
1287 1051 1423 1106 λέων
1454 1052 1730 1122 ἀνήμερος
1759 1069 1860 1105 κα-

293 1148 461 1216 ταπίῃ
497 1146 665 1214 ἡμᾶς.
700 1143 1008 1216 [Βιάζεται]
1041 1143 1129 1197 διὰ
1157 1142 1315 1196 τοῦτο
1351 1144 1495 1212 λέγω
1540 1146 1636 1199 καὶ
1688 1161 1861 1214 παρα-

294 1236 446 1291 καλῶ
476 1238 622 1307 ύμᾶς
665 1237 753 1289 ἵνα
786 1237 955 1305 στῆτε
980 1237 1244 1307 ἀνδρείως
1288 1239 1385 1290 καὶ
1420 1237 1559 1308 μετὰ
1604 1239 1860 1306 γενναίας

290 1328 501 1397 ψυχῆς,
533 1328 609 1390 ὡς
640 1327 878 1382 πάντοτε
902 1328 1008 1390 ἕως
1054 1329 1149 1383 τοῦ
1186 1332 1285 1382 νῦν
1342 1331 1666 1399 ἐποιήσατε,
1720 1329 1860 1381 κατὰ

293 1421 402 1474 τῶν
454 1420 665 1490 ἐχθρῶν
701 1420 802 1488 τῆς
857 1421 1097 1484 πίστεως
1149 1421 1327 1491 ἡμῶν.
1393 1421 1747 1490 Παραδίδωμι
1806 1420 1862 1472 δὲ

298 1512 428 1581 ὑμῖν
457 1510 555 1582 τὴν
617 1510 1087 1582 ὲκλαμπροτάτην
1136 1513 1230 1565 καὶ¹
1289 1512 1606 1582 περίφημον
1656 1511 1863 1578 ταύτην

299 1604 456 1656 πόλιν
496 1604 590 1656 καὶ
623 1604 862 1674 πατρίδα
892 1604 1049 1671 ἡμῶν
1081 1605 1177 1657 καὶ
1206 1603 1604 1673 βασιλεύουσαν
1632 1603 1742 1655 τῶν
1771 1603 1864 1655 πό-

294 1690 457 1745 λεων.
487 1690 683 1753 Καλῶς
710 1684 805 1743 οὖν
866 1689 1072 1755 οῐδατε,
1104 1689 1352 1759 ἀδελφοὶ,⁸
1379 1690 1458 1742 ὅτι
1485 1688 1573 1744 διὰ
1621 1689 1865 1759 τέσσαρά

297 1797 420 1833 τινα
450 1779 728 1847 ὀφειλέται
752 1777 953 1840 κοινῶς
1000 1780 1172 1847 ἐσμεν
1223 1777 1427 1839 πάντες
1465 1777 1553 1828 ἵνα
1588 1777 1861 1846 προτιμή-
1900 1761 1939 1813 Β

304 1887 486 1939 σωμεν
515 1870 809 1924 ἀποθανεῖν
840 1870 1045 1938 μᾶλλον
1075 1869 1108 1939 ἢ
1144 1869 1265 1938 ζῇν,
1303 1868 1522 1938 πρῶτον
1575 1869 1675 1937 μὲν
1722 1867 1864 1936 ὑπὲρ

298 1962 399 2031 τῆς
430 1961 670 2024 πίστεως
704 1962 863 2032 ήμῶν
893 1962 988 2013 καὶ
1019 1959 1323 2023 εὐσεϐείας,
1356 1958 1611 2028 δεύτερον
1631 1959 1687 2012 δὲ
1722 1960 1863 2030 ὑπὲρ

299 2054 396 2121 τῆς
442 2052 723 2121 πατρίδος,
774 2052 960 2122 τρίτον
1017 2050 1074 2103 δὲ
1125 2050 1265 2120 ὑπὲρ
1319 2049 1416 2103 τοῦ
1472 2050 1739 2119 βασιλέως
1788 2050 1864 2113 ῶς

297 2144 539 2213 Χριστοῦ
573 2143 798 2214 Κυρίου,
833 2143 929 2195 καὶ
962 2141 1225 2211 τέταρτον
1278 2140 1417 2211 ὑπὲρ
1448 2142 1731 2210 συγγενῶν
1771 2143 1865 2194 καὶ

296 2228 491 2304 φίλων.
516 2233 742 2296 Λοιπὸν,
778 2233 1025 2301 ἀδελφοὶ,
1051 2232 1147 2285 ἐὰν
1192 2232 1470 2302 χρεῶσται
1528 2234 1695 2300 ἐσμεν
1722 2234 1864 2302 ὑπὲρ

296 2327 416 2389 ἑνὸς
451 2327 515 2379 ἐκ
551 2325 662 2378 τῶν
717 2324 1007 2394 τεσσάρων
1053 2322 1421 2391 ἀγωνίζεσθαι
1466 2323 1572 2386 ἕως
1604 2322 1860 2387 θανάτου,

298 2416 480 2484 πολλῷ
510 2417 714 2486 μᾶλλον
748 2415 892 2485 ὑπὲρ
920 2414 1144 2468 πάντων
1166 2413 1374 2466 τούτων
1407 2415 1594 2482 ἡμεῖς,
1623 2414 1699 2476 ὡς
1740 2414 1864 2482 βλέ-

296 2526 427 2562 πετε
458 2508 775 2579 προφανῶς,
796 2508 894 2560 καὶ
926 2508 991 2561 ὲκ
1020 2507 1247 2560 πάντων
1280 2506 1547 2576 μέλλομεν
1582 2506 1866 2575 ζημιωθῆ-

297 2620 408 2656 ναι.
437 2600 564 2654 Ἐὰν
600 2600 687 2653 διὰ
708 2602 776 2652 τὰ
810 2600 920 2668 ἐμά
944 2598 1398 2669 πλημμελήματα
1436 2596 1818 2667 παραχωρήσῃ
1838 2598 1866 2649 6

297 2693 430 2756 Θεὸς
476 2694 575 2762 τὴν
623 2692 779 2762 νίκην
808 2694 919 2754 τοῖς
970 2689 1249 2757 ἀσεϐέσιν,
1296 2688 1433 2759 ὑπὲρ
1483 2687 1584 2756 τῆς
1628 2688 1865 2748 πίστεως

296 2785 455 2853 ἡμῶν
484 2787 582 2854 τῆς
602 2784 783 2852 ἁγίας,
814 2784 881 2853 ἢν
912 2782 1150 2853 Χριστὸς
1204 2783 1262 2834 ὲν
1313 2781 1388 2850 τῷ
1433 2781 1622 2849 οἰκείῳ
1667 2779 1863 2848 αἵματι

478 2878 608 2946 ἡμῖν
631 2871 1385 2944 ὲδωρήσατο,κινδυνεύομεν·
1404 2871 1865 2939 ὅέστικεφάλαιον

295 2970 539 3021 πάντων.
569 2967 678 3020 Καὶ
707 2966 803 3019 ὲάν
836 2965 927 3017 τὸν
963 2963 1172 3033 κόσμον
1213 2963 1333 3015 ὅλον
1373 2962 1615 3031 κερδήσῃ
1653 2978 1733 3021 τις
1766 2960 1863 3011 καὶ

291 3056 389 3126 τὴν
443 3056 621 3125 ψυχὴν
673 3054 949 3125 ζημιωθῇ,
1004 3053 1059 3105 τί
1105 3052 1163 3105 τὸ
1192 3050 1419 3120 δφελοςς
1462 3050 1725 3118 Δεύτερον
1758 3064 1863 3100 πα-

292 3147 446 3216 τρίδα
472 3147 783 3217 περίφημον
801 3144 1059 3206 τοιούτως
1084 3140 1465 3212 ὑστερούμεθα
1482 3141 1574 3194 καὶ
1595 3138 1691 3209 τὴν
1710 3137 1860 3189 ἐλευ-

295 3329 520 3393 rissimi,
555 3327 963 3383 commilitones
992 3322 1400 3395 generosissimi
1428 3328 1481 3378 et
1504 3335 1697 3377 omnes
1726 3319 1856 3374 ﬁde-

293 3422 372 3478 les
395 3430 449 3475 et
486 3420 792 3474 honorandi
816 3420 964 3473 cives
1000 3420 1014 3472 ι
1046 3418 1224 3472 Probe
1269 3414 1462 3481 nostis,
1480 3414 1695 3469 venisse
1720 3422 1858 3468 tem-

292 3527 417 3579 pus,
445 3525 552 3570 quo
588 3510 710 3564 ﬁdei
743 3519 943 3564 nostrae
990 3508 1161 3563 hostis
1220 3507 1478 3561 omnibus
1527 3504 1740 3559 artibus
1794 3512 1850 3557 et

294 3607 563 3661 machinis
592 3604 968 3660 vehementius
1005 3619 1106 3659 nos
1151 3616 1369 3673 urgere,
1415 3609 1469 3655 et
1526 3614 1691 3669 grave
1739 3597 1856 3651 bel-

294 3698 403 3753 lum
438 3711 635 3767 magno
679 3695 931 3751 conﬂictu
966 3705 1017 3751 et
1068 3694 1370 3751 certamine
1401 3702 1546 3749 terra
1605 3693 1854 3759 marique

293 3805 507 3846 summa
533 3789 885 3845 contentione
916 3789 1073 3843 nobis
1106 3787 1312 3842 inferre
1369 3786 1636 3851 decrevit,
1700 3793 1778 3849 ut,
1810 3785 1857 3837 si

293 3883 485 3953 possit,
512 3890 771 3950 tanquam
803 3881 1018 3951 anguis,
1053 3895 1325 3935 venenum
1354 3879 1408 3933 in
1464 3893 1564 3932 nos
1594 3876 1854 3938 eﬁ‘undat,

291 3982 367 4037 et,
399 3982 655 4043 tanquam
680 3971 909 4026 immitis
934 3972 1042 4037 leo,
1076 3988 1177 4026 nos
1200 3972 1451 4025 devoret.
1504 3968 1686 4034 Quare
1723 3982 1856 4037 rOgo

292 4074 347 4121 et
385 4066 577 4121 hortor
606 4081 725 4130 vos,
776 4074 835 4118 ut
862 4063 989 4119 forti
1029 4074 1081 4118 et
1129 4077 1394 4133 generoso
1456 4061 1659 4124 animo,
1717 4060 1860 4114 sicut

294 4160 578 4228 hucusque
635 4171 855 4227 semper
909 4155 1146 4219 fecistis,
1205 4155 1456 4209 hostibus
1492 4154 1613 4208 ﬁdei
1661 4161 1860 4207 nostrae

293 4249 583 4305 resistatis.
618 4246 799 4302 Trado
829 4257 881 4302 et
904 4246 1229 4301 commendo
1283 4245 1437 4301 vobis
1494 4244 1856 4299 clarissimam

295 4344 435 4396 hanc
462 4351 517 4396 et
541 4340 804 4396 illustrem
834 4340 1047 4404 urbem,
1072 4339 1306 4408 patriam
1328 4349 1598 4401 nostram,
1633 4347 1687 4393 et
1716 4339 1858 4407 regi-

1959 501 2124 569 φανῆ,
2154 500 2249 553 νῦν
2279 501 2334 554 δὲ
2361 498 2840 568 τεταπεινωμένην
2882 497 2975 549 καὶ
3005 494 3398 562 ὠνειδισμένην
3427 493 3527 545 καὶ

1959 593 2392 661 ὲξουθενημένην
2422 591 2811 658 ἀπωλέσαμεν,
2843 589 2938 641 καὶ
2982 588 3086 640 ὑπὸ
3112 586 3208 648 τοῦ
3256 585 3523 653 τυράννου

1959 683 2053 735 καὶ
2084 681 2316 744 ἀσεϐοῦς
2371 680 2622 751 ἄρχεται.
2672 679 2952 749 Τέταρτον
2997 677 3055 730 δὲ
3107 676 3202 730 καλ
3249 674 3527 743 φιλτάτων

1958 773 2164 826 τέκνων
2217 774 2311 826 καὶ
2366 773 2612 841 συμϐίων
2648 771 2743 824 καὶ
2796 770 3076 837 συγγενῶν
3126 766 3525 836 ὑστερούμεθα.

1960 867 2133 928 Αὐτὸς
2190 865 2246 917 δὲ
2305 866 2332 916 ὀ
2366 864 2645 933 ἀλιτήριος
2691 866 2718 915 ὀ
2766 864 2989 933 ἀμηρᾶς
3038 861 3377 930 πεντήκοντα
3433 858 3534 909 καὶ

1960 957 2098 1009 ἐπτά
2127 956 2340 1025 ἡμέρας
2376 956 2498 1023 ἄγει
2534 956 2779 1023 σήμερον
2807 952 2899 1020 ἀφ’
2927 951 2985 1004 οὗ
3008 952 3152 1021 ἡμᾶς
3188 949 3357 1001 ἐλθὼν
3395 947 3531 1000 ἀπέ-

1961 1051 2178 1103 κλεισεν
2207 1050 2300 1100 καὶ
2337 1047 2475 1115 μετὰ
2506 1046 2688 1114 πάσης
2739 1044 2993 1114 μηχανῆς
3039 1042 3134 1094 καὶ
3175 1040 3355 1110 ίσχύος
3399 1037 3526 1091 καθ’

1960 1142 2175 1211 ἡμέραν
2194 1158 2249 1192 τε
2276 1140 2368 1191 καὶ
2396 1138 2565 1191 νύκτα
2582 1138 2683 1191 οὐκ
2711 1135 2993 1190 ἐπαύσατο
3015 1133 3316 1201 πολιορκῶν
3337 1131 3487 1199 ἡμᾶς
3512 1145 3529 1160 ⁶

1964 1234 2054 1287 καὶ
2086 1234 2270 1303 χάριτι
2303 1230 2397 1286 τοῦ
2436 1232 2818 1283 παντεπόπτου
2855 1224 3097 1297 Χριστοῦ
3130 1225 3342 1291 Κυρίου
3372 1220 3529 1290 ἡμῶν

1962 1327 2025 1378 ὲκ
2060 1325 2166 1377 τῶν
2197 1324 2395 1393 τειχῶν
2420 1322 2559 1390 μετὰ
2579 1319 2841 1389 αἰσχύνης
2873 1318 3000 1388 ἄχρι
3030 1317 3125 1369 τοῦ
3151 1316 3244 1368 νῦν
3264 1314 3529 1371 πολλάκις
3570 1327 3574 1331 ’

1963 1416 2151 1473 κακῶς
2185 1413 2551 1481 ἀπεπέμφθη.
2587 1411 2669 1464 Τὰ
2712 1409 2807 1462 νῦν
2836 1409 2890 1461 δὲ
2933 1407 3117 1471 πάλιν,
3164 1405 3407 1472 ἀδελφοὶ,
3458 1403 3531 1472 μὴ
3590 1461 3599 1467 ⁵

1963 1509 2292 1577 δειλιάσητε,
2342 1507 2433 1559 ἐὰν
2463 1506 2558 1559 καὶ
2602 1506 2782 1572 τεῖχος
2838 1502 3067 1571 μερὸθεν
3097 1499 3275 1566 ὀλίγον
3307 1499 3372 1551 ὲκ
3418 1496 3534 1549 τῶν

1965 1602 2179 1670 κρότων
2216 1599 2309 1652 καὶ
2341 1598 2452 1650 τῶν
2490 1595 2798 1664 πτωμάτων
2829 1596 2938 1647 τῶν
2989 1591 3289 1645 ὲλεπόλεων
3344 1588 3530 1650 ἔπεσε,

1967 1694 2122 1756 διότι,
2143 1691 2218 1754 ὡς
2236 1691 2394 1760 ὑμεῖς
2424 1690 2702 1757 θεωρεῖτε,
2736 1685 2884 1740 κατά
2914 1685 2976 1737 τὸ
3008 1682 3229 1737 δυνατὸν
3261 1678 3535 1747 ὲδιωρθώ-

1967 1803 2032 1838 σα
2044 1802 2146 1853 μεν
2175 1783 2337 1834 πάλιν
2387 1781 2538 1834 αὑτό.
2576 1779 2766 1848 Ἡμεῖς
2790 1779 2970 1831 πᾶσαν
2993 1775 3090 1846 τὴν
3117 1774 3306 1827 ἐλπίδα
3333 1773 3413 1835 είς
3436 1773 3535 1839 τὴν

1964 1878 2176 1944 ἄμαχον
2208 1874 2367 1940 δόξαν
2395 1873 2489 1925 τοῦ
2518 1872 2653 1925 Θεοῦ
2684 1870 3009 1940 ἀνεθέμεθα,
3047 1862 3191 1921 οὗτοι
3225 1869 3283 1919 ὲν
3317 1866 3533 1935 ἅρμασι

1962 1970 2057 2024 καὶ
2077 1960 2222 2020 οὗτοι
2256 1968 2313 2020 ὲν
2343 1965 2535 2027 ἵπποις
2574 1964 2670 2019 καὶ
2702 1963 2933 2031 δυνάμει
2966 1963 3060 2015 καὶ
3103 1959 3322 2028 πλήθει,
3370 1959 3535 2026 ἡμεῖς
3629 2028 3635 2035 ἱ

1962 2061 2015 2113 δὲ
2048 2061 2103 2112 ἐν
2132 2058 2353 2127 ὀνόματι
2405 2056 2605 2126 Κυρίου
2647 2055 2742 2109 τοῦ
2790 2054 2925 2108 Θεοῦ
2954 2054 3048 2107 καὶ
3096 2052 3343 2120 Σωτῆρος
3380 2048 3538 2118 ήμῶν

1963 2150 2330 2219 πεποίθαμεν,
2352 2148 2608 2219 δεύτερον
2630 2148 2685 2200 δὲ
2712 2150 2807 2201 καὶ
2829 2150 2886 2199 ἐν
2906 2148 3026 2208 ταῖς
3050 2144 3348 2215 ἡμετέραις
3377 2159 3435 2211 χε
3447 2143 3537 2211 ps".

1963 2242 2058 2295 καὶ
2084 2240 2486 2310 ρωμαλεότητι,
2517 2240 2583 2310 ἢν
2615 2239 2930 2309 ἐδωρήσατο
2973 2238 3106 2307 ἡμῖν
3139 2237 3172 2305 ή
3226 2235 3346 2287 θεία
3374 2233 3536 2287 δύνα-

1965 2349 2080 2401 μις.
2108 2330 2368 2401 Γνωρίζω
2399 2330 2456 2383 δὲ
2500 2331 2584 2383 ὅτι
2627 2328 2768 2398 αὕτη
2817 2329 2850 2398 ή
2890 2326 3332 2398 μυριαρίθμητος
3364 2323 3535 2392 ἀγέλη

1961 2424 2071 2477 τῶν
2106 2423 2341 2487 ἀσεϐῶν,
2389 2421 2571 2486 καθὼς
2612 2424 2644 2492 ή
2680 2420 2861 2473 αὐτῶν
2886 2419 3170 2490 συνήθεια,
3221 2415 3536 2470 ἐλεύσονται

1965 2515 2090 2568 καθ’
2148 2515 2303 2583 ήμῶν
2352 2511 2517 2584 274
2566 2512 2704 2582 μετὰ
2760 2510 3033 2581 βαναύσου
3067 2508 3164 2562 καὶ
3216 2505 3537 2577 ἐπηρμένης

1962 2604 2166 2674 ὀφρύος
2195 2605 2291 2657 καὶ
2336 2604 2573 2672 θάρσους
2626 2602 2822 2655 πολλοῦ
2872 2603 2971 2654 καὶ
3005 2600 3150 2668 βίας,
3183 2600 3269 2652 ἵνα
3322 2597 3409 2651 διὰ
3436 2597 3542 2657 τὴν

1963 2697 2248 2766 ὀλιγότητα
2280 2695 2436 2765 ἡμῶν
2467 2694 2697 2763 θλίψωσι
2719 2694 2812 2745 καὶ
2845 2693 2910 2745 ὲκ
2941 2694 3034 2744 τοῦ
3069 2696 3238 2744 κόπου
3270 2706 3537 2758 στενοχω-

1968 2789 2198 2857 ρήσωσι,
2246 2788 2339 2839 καὶ¹
2377 2786 2518 2856 μετὰ
2554 2784 2747 2854 φωνῶν
2794 2782 3046 2850 μεγάλων
3078 2782 3172 2834 καὶ
3202 2777 3538 2846 ἀλαλαγμῶν

1964 2879 2376 2948 ἀναριθμήτων,
2430 2878 2516 2930 ἵνα
2565 2878 2711 2945 ἡμᾶς
2761 2876 3064 2943 φοϐήσωσι.
3114 2873 3226 2934 Τὰς
3276 2870 3537 2932 τοιαύτας

1965 2971 2146 3024 αὐτῶν
2176 2970 2450 3041 φλυαρίας
2497 2970 2680 3032 καλῶς
2738 2969 2939 3032 οἴδατε,
2975 2968 3068 3020 καὶ
3094 2968 3152 3019 ού
3202 2964 3306 3035 χρὴ
3355 2964 3539 3031 λέγειν

1968 3063 2343 3134 περὶτούτων.
2378 3061 2489 3115 Καὶ
2510 3060 2627 3131 ὥρᾳ
2670 3060 2843 3127 ὀλίγοι
2871 3057 3046 3111 ταῦτα
3099 3058 3391 3125 ποιήσωσι,
3441 3054 3537 3106 καὶ

1965 3157 2369 3228 ἀναριθμήτους
2400 3154 2605 3224 πέτρας
2659 3152 2754 3205 καὶ
2787 3152 2949 3221 ἔτερα
3001 3149 3127 3220 βέλη
3160 3149 3254 3202 καὶ
3303 3147 3543 3202 ὲλεϐολί-

1964 3340 2287 3409 depressum
2327 3346 2381 3393 et
2424 3346 2665 3408 spretum
2709 3344 2763 3389 et
2797 3341 3174 3403 contemptum
3210 3332 3533 3396 amittimus,

1964 3433 2017 3486 in
2041 3439 2365 3502 potestatem
2416 3430 2629 3500 tyranni
2668 3438 2722 3483 et
2756 3428 2907 3496 impii
2940 3425 3179 3480 hominis
3235 3438 3535 3480 concessu-

1965 3540 2084 3578 rum
2113 3541 2127 3587 ;
2169 3534 2450 3594 postremo
2476 3522 2664 3576 liberis
2699 3518 3077 3581 amatissimis,
3108 3516 3436 3585 coniugibus
3479 3522 3534 3569 et

1965 3617 2217 3687 cognatis
2249 3616 2577 3685 spoliamur.
2616 3611 2714 3666 Est
2755 3620 2936 3664 autem
2991 3610 3110 3663 dies
3139 3606 3535 3676 quinquagesi-

1966 3725 2087 3762 mus
2119 3708 2410 3775 septimus,
2448 3721 2514 3761 ex
2549 3720 2658 3775 quo
2704 3703 2972 3758 scelestus
3026 3701 3127 3754 iste
3165 3714 3378 3753 ameras
3435 3712 3539 3751 nos

1965 3801 2219 3855 obsessos
2258 3808 2404 3853 tenet
2459 3806 2513 3851 et
2548 3796 2805 3849 omnibus
2848 3792 3117 3847 machinis
3170 3791 3428 3860 omnique
3483 3790 3539 3843 vi:

1966 3890 2051 3943 die
2075 3904 2136 3941 ac
2160 3897 2323 3941 nocte
2348 3902 2447 3940 nos
2482 3898 2799 3953 Oppugnare
2829 3899 2933 3937 non
2989 3882 3209 3937 desistit
3261 3899 3276 3933 :
3314 3891 3371 3935 at
3418 3894 3534 3935 omo

1965 3982 2054 4035 nia
2082 3981 2342 4035 intuentis
2369 3980 2577 4034 Christi
2611 3979 2823 4032 Domini
2864 3976 3035 4045 gratia
3096 3975 3385 4044 hucusque
3436 3989 3540 4028 saa-

1968 4075 2265 4136 penumero
2291 4082 2414 4120 cum
2439 4065 2705 4120 dedecore
2731 4079 2759 4118 a
2804 4063 3078 4118 mcenibus
3123 4063 3374 4133 repulsus
3423 4074 3530 4118 est.

1967 4161 2312 4228 Quapropter
2366 4173 2466 4213 nec
2518 4172 2685 4223 nunc,
2736 4158 2956 4221 fratres,
2992 4156 3175 4210 timori
3226 4156 3404 4209 locum
3450 4170 3537 4210 re-

1968 4251 2254 4320 linquatis,
2284 4250 2501 4304 etiamsi
2531 4250 2729 4305 muenia
2782 4249 2964 4317 aliqua
2996 4263 3061 4303 ex
3098 4256 3252 4316 parte
3308 4256 3534 4315 propter

1966 4344 2298 4413 helepolium
2323 4344 2515 4412 pulsus
2550 4353 2603 4397 et
2658 4344 2798 4398 ictus
2833 4349 3187 4406 corruerunt,
3242 4340 3532 4410 quoniam,

298 4445 417 4484 nam
451 4431 690 4485 urbium-
722 4430 840 4485 Νοη
872 4432 1159 4501 ignoratis.
1190 4430 1411 4496 fralres.
1461 4440 1698 4501 quatuor
1759 4446 1857 4485 no-
1892 4464 1935 4517 ο
1967 4445 2029 4490 ιιι
2065 4434 2262 4491 videtis
2293 4435 2418 4503 ipsi,
2457 4450 2557 4504 pro
2586 4434 2796 4490 viribus
2814 4449 2875 4488 ea
2902 4433 3358 4489 instauravimus.
3398 4433 3532 4487 Om-

297 4521 534 4577 minibus
562 4525 924 4578 communiter
948 4539 1141 4579 omnes
1163 4538 1261 4579 nos
1287 4533 1515 4578 mortem
1554 4526 1678 4578 vita:
1700 4534 1858 4577 ante-

295 4629 494 4683 ponere
526 4614 745 4693 debere,
777 4616 1012 4683 primum
1040 4632 1136 4685 pro
1168 4615 1273 4670 ﬁde
1297 4625 1349 4669 et
1388 4615 1608 4685 pietate,
1645 4614 1851 4669 deinde

296 4720 393 4773 pro
422 4704 616 4773 patria,
646 4712 761 4758 tum
787 4721 882 4775 pro
915 4706 1245 4775 imperatore
1278 4715 1336 4761 ut
1365 4717 1532 4761 uncto
1556 4722 1717 4761 seno
1750 4706 1859 4762 Do-

294 4795 451 4861 mini,
474 4803 747 4863 postremo
768 4810 866 4864 pro
889 4796 1132 4866 cognatis
1162 4806 1214 4850 et
1243 4798 1454 4850 amicis.
1489 4796 1718 4863 Quodsi,
1750 4797 1858 4850 fra-

296 4894 434 4951 tres,
473 4900 569 4955 pro
630 4901 737 4939 una
798 4887 991 4941 harum
1047 4897 1285 4957 quatuor
1338 4902 1521 4941 rerum
1578 4888 1859 4941 decertare

294 4994 465 5048 usque
486 4978 552 5032 ad
593 4993 780 5033 necem
804 4978 1089 5044 debemus,
1129 4979 1305 5033 multo
1333 4979 1529 5047 magis,
1561 4988 1622 5031 ut
1647 4978 1856 5047 liquido

291 5076 533 5136 apparet,
552 5084 649 5137 pro
680 5069 764 5123 his
795 5070 1050 5124 omnibus
1074 5078 1305 5123 mortem
1325 5083 1432 5122 non
1456 5068 1854 5123 recusabimus.

292 5158 349 5213 Si
373 5171 593 5229 propter
623 5159 821 5215 delicta
853 5176 972 5214 mea
1004 5159 1147 5215 Dens
1174 5159 1459 5215 victoriam
1506 5159 1691 5228 impiis
1721 5176 1856 5215 con-

290 5252 534 5316 cesserit,
569 5252 622 5306 in
660 5263 844 5307 sancta
879 5252 981 5306 ﬁde
1013 5263 1223 5318 nostra,
1258 5268 1421 5321 quam
1450 5252 1701 5309 Christus
1727 5271 1855 5309 san-

291 5343 456 5410 guine
490 5358 593 5398 suo
645 5344 808 5399 nobis
860 5346 1091 5412 paravit,
1149 5344 1525 5413 periclitamur
1583 5346 1676 5399 :id
1708 5347 1855 5415 quod

287 5436 530 5488 omnium
561 5445 723 5505 caput
754 5448 857 5491 est.
888 5435 1023 5490 Nam
1092 5435 1137 5492 si
1185 5436 1309 5505 quis
1360 5445 1534 5492 totum
1587 5439 1851 5492 mundum

286 5524 548 5588 lucretur,
584 5529 781 5580 anima:
814 5536 992 5580 autem
1015 5527 1400 5582 detrimentum
1443 5528 1702 5597 patiatur,
1723 5530 1851 5598 quid

287 5616 361 5668 illi
390 5617 682 5684 proderit?
711 5616 961 5673 Secundo
1016 5619 1135 5675 loco
1168 5620 1350 5675 inclita
1383 5622 1557 5690 patria
1584 5631 1638 5676 et
1665 5622 1837 5675 liber-

287 5715 396 5762 tatc
436 5709 733 5778 privamur.
774 5711 1663 5782 Tertioimperiumolimillustrc,
1703 5731 1845 5770 nunc

1964 4543 2083 4581 nem
2114 4542 2261 4596 spem
2312 4529 2365 4580 in
2394 4527 2563 4596 gloria
2595 4526 2793 4579 invicta
2846 4525 2940 4579 Dei
2985 4526 3395 4579 collocavimus.
3450 4525 3536 4581 Illi

1958 4616 2236 4677 curribus,
2268 4616 2442 4685 equis,
2494 4615 2683 4682 copiis,
2727 4613 3084 4675 multitudini.
3139 4628 3239 4667 nos
3267 4612 3382 4677 Dci,
3422 4612 3534 4669 Do-

1960 4709 2091 4763 mini
2119 4719 2171 4762 et
2207 4708 2507 4762 Salvatoris
2535 4706 2731 4768 nostri,
2763 4705 2999 4767 nomini,
3052 4704 3254 4758 deinde
3304 4704 3534 4759 demum

1959 4799 2213 4853 manibus
2241 4806 2296 4852 et
2327 4797 2508 4851 robori
2542 4796 2780 4861 ﬁdimus,
2807 4811 2836 4850 a
2863 4795 3049 4850 divina
3094 4796 3339 4865 potentia
3370 4796 3534 4851 nobis

1957 4892 2196 4946 donatis.
2237 4890 2363 4944 Scio
2404 4889 2680 4959 equidem,
2724 4890 2863 4943 hanc
2903 4888 3356 4943 innumerabilem
3419 4889 3529 4943 im-

1958 4984 2172 5051 piorum
2205 4982 2415 5035 turbam
2443 4995 2594 5034 mare
2625 4995 2727 5035 suo
2754 4988 2949 5033 contra
2983 4994 3083 5034 nos
3131 4995 3524 5046 processuram

1956 5089 2077 5129 esse
2106 5090 2239 5129 cum
2284 5073 2457 5137 fastu,
2492 5074 2637 5127 elato
2678 5073 2999 5141 supercilio,
3046 5072 3329 5141 spiritibus
3380 5090 3526 5143 mag-

1958 5167 2043 5221 nis
2088 5174 2141 5220 ct
2161 5166 2438 5229 violentia,
2486 5173 2663 5219 utnos
2706 5179 2908 5233 paucos
2933 5172 3239 5232 urgeantet
3264 5166 3530 5219 aerumnis

1956 5266 2229 5326 premant,
2268 5256 2473 5326 ingenti
2499 5257 2626 5310 item
2660 5271 2784 5311 cum
2815 5255 3056 5310 clamore
3074 5264 3126 5309 et
3151 5257 3385 5319 ululatu,
3420 5271 3530 5323 quo

1957 5358 2163 5403 metum
2190 5350 2349 5402 nobis
2384 5348 2639 5417 injiciant
2675 5365 2690 5403 :
2740 5364 2878 5417 quas
2903 5363 3093 5401 eorum
3147 5362 3320 5416 nugas
3359 5333 3531 5413 probe

1954 5442 2151 5503 nostis,
2190 5450 2249 5493 ut
2274 5439 2409 5494 nihil
2437 5441 2685 5502 attineat,
2722 5440 2788 5492 de
2844 5439 2929 5493 his
2955 5440 3157 5492 dicere.
3206 5438 3323 5491 Non
3365 5434 3526 5501 pauci

1958 5541 2067 5584 tum
2105 5532 2174 5584 ita
2202 5531 2421 5594 facient,
2455 5541 2617 5599 atque
2644 5530 2851 5599 lapides
2883 5529 3219 5598 aliaquetela
3249 5524 3521 5592 ctjacula,

1954 5634 2016 5676 ut
2058 5638 2220 5678 arena
2260 5623 2448 5686 maris,
2501 5623 2810 5685 innumera,
2863 5621 2916 5675 in
2955 5636 3055 5674 nos
3110 5614 3474 5683 conjicientur
3507 5629 3527 5666 ι

1955 5716 2153 5778 Quibus
2184 5725 2363 5772 tamen
2390 5714 2528 5769 nihil
2583 5729 2681 5770 nos
2710 5714 2902 5769 laesum
2967 5712 3031 5764 iri
3060 5707 3294 5769 conﬁdo,
3350 5715 3531 5773 quan-
