4066 6296
319 340 418 405 €69

1338 333 1780 422 etlztomco-N
1825 329 2094 398 SiAJUS.
2139 324 2378 388 -—-'LIB.
2415 323 2504 383 1:1

3455 315 3559 380 δ’ῐθ

318 455 766 524 Μεσοποταμίαν,
785 455 1038 526 Φοινίκην
1075 456 1168 508 καὶ
1198 454 1589 520 Παλαιστίνην,
1626 449 1887 521 Ἀραὸίαν
1914 448 1963 508 Α
1992 441 2421 513 ὑπερασπισταί.
2446 440 2636 492 Οἴδατε
2666 436 2772 506 γὰρ
2803 434 3005 500 καλῶς,
3043 436 3133 490 καὶ
3162 433 3428 504 δευτέραν
3459 453 3562 486 τα·

319 567 375 603 τε
411 551 506 605 καὶ
560 550 844 611 ’ῑλυδαίαν,
881 549 1254 619 Βακτριανοὺς
1286 550 1376 601 καὶ
1430 545 1664 608 Σκύθας,
1699 545 1890 596 Μακε-

318 641 501 697 δονίαν
553 641 648 694 καὶ
675 639 993 703 Θετταλίαν,
1041 639 1290 702 Ἐλλάδα,
1324 639 1606 701 Βοιωτίαν,
1644 633 1889 702 Λοκροὺς

316 732 413 784 καὶ
449 732 742 793 Αἰτωλοὺς,
795 731 1184 798 Ἄκαρνακνίαν,
1225 729 1448 798 Ἀχαίαν
1480 729 1572 779 καὶ
1619 723 1890 778 Πελοπόν-

317 839 506 892 νησον,
537 823 804 890 ἼΙπειρον
835 821 931 875 καὶ
971 822 1031 874 τὸ
1077 820 1369 890 Ἰλλυρικδν
1392 860 1407 884 ,
1445 819 1713 888 Λυχνῖτας
1747 815 1891 868 κατὰ

315 913 379 965 τὺ
416 911 808 980 Ἀνδριατικὸν,
853 910 1106 975 Ἰταλίαν,
1142 909 1494 970 Ἰὀυσκίνους,
1531 907 1766 966 Κελτοὺς
1797 905 1890 956 καὶ

322 1003 786 1071 Κελτογαλάτας,“
815 1001 1053 1070 Ἰϐηρίαν
1087 1017 1148 1054 τε
1175 1003 1267 1054 καὶ
1308 1002 1411 1064 ἕως
1453 1000 1560 1052 τῶν
1588 998 1888 1067 Γαδείρων,

321 1097 530 1150 Λιϐύαν
552 1097 644 1150 καὶ
663 1097 789 1150 Μαυ
799 1111 964 1165 ρηταν
974 1096 1057 1148 ίαν
1075 1095 1171 1147 καὶ
1185 1094 1564 1161 Μαυρουσίαν,
1581 1090 1886 1154 Αἰθιοπίαν,

319 1189 576 1253 Βελέδας,
600 1188 862 1256 Σκοὺδην,
888 1185 1189 1255 Νουμιδίαν
1208 1186 1304 1238 καὶ
1329 1183 1598 1253 Ἀφρικὴν
1621 1183 1710 1235 καὶ
1736 1183 1891 1248 Δίγυ-

321 1297 477 1346 πτον,
512 1281 676 1341 αὑτὸς
703 1278 772 1331 τὰ
802 1278 894 1329 νῦν
941 1278 1188 1351 βούλεται
1236 1276 1521 1340 δουλῶσαι,
1547 1275 1641 1327 καὶ
1663 1273 1764 1344 τὴν
1792 1291 1890 1326 κυ-

325 1372 616 1439 ριεὺουσαν
659 1372 821 1442 277
853 1371 961 1423 τῶν
1013 1371 1222 1422 πόλεων
1281 1367 1431 1436 ζυγῴ
1471 1367 1766 1419 ὑποϐαλεῖν
1797 1367 1893 1418 καὶ

320 1463 561 1534 δουλείᾳ,
587 1464 678 1518 καὶ
707 1464 806 1527 τὰς
841 1463 1002 1530 ἁγίας
1028 1461 1326 1530 ἐκκλησίας
1347 1460 1525 1531 ἡμῶν,
1544 1459 1675 1512 ἔνθα
1696 1462 1895 1529 ἐπροσ-

322 1558 601 1625 κυνεῖτοὴ
655 1556 784 1625 ἁγία
835 1554 1004 1624 Τριὰς
1056 1557 1152 1608 καὶ
1200 1553 1565 1618 ὲδοξολογεῖτο
1617 1553 1678 1604 τὸ
1725 1550 1896 1603 πανά-

322 1668 459 1718 γιον,
503 1649 593 1702 καὶ
621 1649 755 1700 ὅπου
790 1647 838 1700 οἱ
868 1646 1090 1714 ἄγγελοι
1121 1644 1383 1714 ἠκούοντο
1414 1644 1606 1713 ὑμνεῖν
1633 1644 1694 1695 τὸ
1737 1643 1891 1696 Θεῖον

323 1743 418 1794 καὶ
451 1741 547 1812 τὴν
570 1741 829 1809 ἔνσαρκον
860 1739 954 1792 τοῦ
984 1737 1119 1790 Θεοῦ
1138 1738 1312 1804 Λόγου
1343 1735 1676 1806 οἰκονομίαν,
1705 1735 1894 1804 βούλε-

321 1853 416 1888 σται
447 1801 672 1904 ποιῆσαι
703 1801 1068 1903 προσκύνημα
1095 1831 1194 1900 τῆς
1228 1801 1394 1883 αὑτοῦ
1419 1801 1768 1899 βλασφημίας
1800 1829 1895 1882 καὶ
1924 1801 1969 1859 Β

325 1926 420 1979 τοῦ
453 1924 736 1994 φληναφοῦ
781 1922 948 1977 αὑτοῦ
985 1923 1435 1992 ψευδοπροφήτου
1493 1921 1763 1990 Μωάμεθ,
1803 1920 1896 1972 κοιλ⁵

325 2023 749 2088 κατοικητήριον
791 2019 1001 2084 ἀλόγων
1035 2017 1130 2070 καὶ
1165 2015 1449 2085 καμήλων.
1477 2015 1698 2078 Λοιπὸν,
1744 2015 1896 2067 ἁδελ-

325 2111 416 2177 φοὶ
446 2109 540 2162 καὶ
572 2109 994 2178 συστρατιῶται,
1024 2106 1167 2159 κατὰ
1197 2105 1322 2158 νοῦν
1351 2105 1689 2174 ἐνθυμήθητε
1725 2104 1811 2156 ἵνα
1835 2104 1894 2156 τὸ

329 2201 672 2270 μνημόσυνον
698 2199 851 2268 ὑμῶν
881 2199 974 2251 καὶ
1007 2200 1038 2268 ἡ
1083 2197 1273 2268 μνήμη
1331 2197 1423 2248 καὶ
1453 2197 1483 2264 ὴ
1532 2195 1688 2266 φήμη
1737 2196 1828 2247 καὶ
1861 2197 1893 2265 ἡ

323 2294 608 2362 ἐλευθερία
637 2293 870 2355 αἰωνίως
901 2292 1223 2362 γενήσηται.
1257 2311 1276 2341 ›

396 2385 504 2438 Καὶ
536 2385 798 2452 στραφεὶς
829 2383 968 2453 πρὸς
993 2384 1117 2443 τοὺς
1160 2382 1413 2445 Ἐνετοὺς
1447 2384 1504 2434 ὲν
1548 2383 1659 2443 τοῖς
1703 2381 1894 2444 δεξιοῖς

330 2479 555 2550 μέρεσιν
582 2474 903 2542 ἱσταμένους
931 2473 1034 2541 ἔφη
1057 2488 1070 2503 ·
1097 2489 1116 2522 ι
1142 2471 1351 2524 Ἐνετοὶ
1379 2473 1643 2538 εὐγενεῖς,
1675 2472 1897 2537 ἀδελφοὶ

327 2565 672 2636 ἠγαπημένοι
700 2566 756 2615 ἐν
785 2561 1006 2632 Χριστῷ
1026 2562 1102 2630 τῷ
1129 2562 1246 2630 Θεῷ
1266 2601 1281 2626 ,
1310 2561 1502 2630 ἄνδρες
1554 2562 1764 2629 ἰσχυροὶ
1807 2563 1894 2612 καὶ

330 2675 664 2729 στρατιῶται
687 2656 902 2709 δυνατοὶ
932 2655 1024 2707 καὶ
1059 2655 1116 2706 ἐν
1140 2654 1398 2729 πολέμοις
1433 2652 1818 2720 δοκιμώτατοι,
1848 2651 1897 2702 οἳ

325 2752 416 2805 διὰ
446 2751 553 2803 τῶν
581 2746 997 2817 ὲστιλϐωμένων
1024 2745 1184 2816 ὑμῶν
1231 2743 1516 2815 ῥομφαίων
1554 2745 1644 2795 καὶ
1679 2743 1898 2811 χάριτος

327 2842 592 2904 πολλάκις
625 2839 830 2910 πλῆθος
871 2839 979 2891 τῶν
1021 2837 1342 2905 ’Λγαρηνῶν
1370 2833 1771 2898 ὲθανατώσατε,
1804 2835 1898 2885 καὶ

325 2936 387 2988 τὺ
421 2931 560 3004 αἷμα
590 2933 768 2985 αὑτῶν
803 2929 1146 3000 ποταμειδῶς
1175 2931 1238 2980 ἐκ
1272 2927 1380 2980 τῶν
1406 2926 1604 2996 χειρῶν
1625 2925 1779 2994 ὑμῶν
1806 2924 1898 2995 Ep.-

328 3029 512 3096 ρευσε,
543 3028 609 3096 τῇ
661 3025 900 3095 σήμερον
929 3020 1236 3091 παρακαλῶ
1287 3021 1432 3088 ὑμᾶς
1466 3020 1550 3071 ἵνα
1595 3020 1695 3089 τὴν
1743 3018 1897 3071 πόλιν

324 3118 532 3186 ταύτην
579 3117 675 3186 τὴν
719 3114 1121 3185 εὑρισκομένην
1179 3112 1273 3164 ἐπὶ
1319 3111 1559 3182 τοσαύτῃ
1637 3110 1898 3180 συμφορᾷ

324 3210 419 3262 τοῦ
453 3208 692 3277 πολέμου
723 3207 1000 3277 ὀλοψὺχως
1032 3206 1127 3260 καὶ
1157 3208 1222 3258 ἐκ
1261 3207 1432 3276 μέσου
1480 3203 1658 3274 ψυχῆς
1699 3202 1897 3271 γένητε

328 3384 478 3447 liam,
513 3382 816 3448 Ilelladem,
850 3383 1140 3449 Boeotiam,
1176 3382 1405 3450 Locros,
1445 3381 1683 3448 IEtolos,
1721 3382 1898 3438 Acar-

330 3476 574 3539 naniam,
607 3475 896 3538 Achaiam,
955 3475 1414 3545 Peloponnesum,
1451 3475 1694 3544 Epirum,
1730 3475 1898 3546 Illyri-

330 3582 480 3633 cum,
504 3566 804 3636 Lychnitas
836 3568 887 3620 in
914 3567 1052 3620 mari
1075 3568 1377 3633 Adriatico,
1399 3568 1635 3632 italiam,
1666 3566 1895 3631 Tuscos,

328 3660 530 3724 Celtas,
549 3659 934 3726 Celtogalatas,
958 3658 1191 3713 lberiam
1219 3676 1391 3726 usque
1419 3659 1618 3724 Gades,
1650 3659 1896 3730 Libyam,

329 3749 750 3814 Mauretaniam,
805 3750 1179 3814 Maurusiam,
1235 3749 1595 3816 {Ethiopian},
1647 3749 1896 3813 Beledas,

330 3844 586 3906 Scudam,
606 3842 944 3908 Numidiam,
967 3844 1231 3909 Africam,
1250 3842 1580 3912 [Egyptumz
1613 3843 1714 3897 hac
1735 3842 1900 3912 igitur

329 3949 469 3988 nunc
504 3933 608 3988 iste
647 3934 808 4000 potiri
851 3944 1084 3988 conatur
1120 3945 1172 3988 et
1222 3935 1468 4004 reginam
1514 3931 1728 3985 urbium
1766 3933 1898 3986 sub-

322 4027 513 4095 jngare
556 4027 609 4078 in
666 4025 1092 4092 δεννίιυιιηιῳιθ
1140 4025 1418 4093 redigere,
1470 4033 1634 4092 atque
1679 4035 1900 4078 sanctas

326 4117 590 4172 ecclesias
635 4126 877 4184 nostras,
925 4117 1015 4171 ubi
1057 4126 1248 4173 sancta
1281 4117 1524 4172 Trinitas
1563 4117 1899 4172 adorabatur

325 4221 378 4267 et
429 4211 837 4265 sanctissimum
881 4208 1264 4264 celebrabatur
1299 4209 1536 4274 Numen,
1583 4209 1670 4262 ubi
1718 4209 1895 4277 anguli

326 4283 566 4357 divinam
599 4313 836 4356 mentem
868 4309 924 4354 et
958 4303 1010 4353 in
1060 4316 1226 4354 carne
1256 4311 1570 4368 susceptam
1607 4301 1696 4354 Dei
1737 4299 1896 4355 Verbi

327 4395 688 4448 ceconomiam
719 4402 981 4448 canentes
1013 4391 1402 4456 audiebantur,
1443 4392 1495 4446 in
1529 4391 1718 4446 fanum
1749 4393 1898 4448 blas-

1988 537 2147 606 τρίδα
2179 535 2271 589 καὶ
2299 534 2514 604 μητέρα
2540 533 2706 600 αὑτξν
2729 533 2974 593 ἀεννάως
3003 531 3175 599 εἴχετε
3199 546 3211 560 ’

3264 529 3343 580 διὸ
3373 529 3478 604 καί.
3496 529 3559 578 ἐκ

1992 627 2248 695 δευτέρου
2285 626 2445 679 πάλιν
2477 625 2619 692 λέγω
2643 624 2731 677 καί
2754 622 3060 690 παρακαλὼ
3088 622 3172 673 ἵνα
3199 623 3254 671 ἐν
3280 621 3412 688 αὑτῇ
3440 618 3552 687 ὥρα

1990 717 2064 779 ὡς
2097 716 2407 785 φιλόπιστοί
2436 733 2493 767 τε
2525 715 2619 767 καὶ
2667 713 2955 782 ὁμὸπιστοι
3003 710 3098 763 καὶ
3151 701 3368 776 ἀδελφοὶ
3403 708 3560 776 ποιήο

1994 827 2144 880 σητε.
2179 827 2195 860 ι
2233 806 2364 862 Εἶτα
2396 808 2656 875 στραφεῖς
2688 805 2744 856 ὲν
2772 805 2881 863 τοῖς
2910 803 3219 872 ἀριστεροῖς
3264 799 3452 868 μέρεσι
3475 798 3561 848 λέυ

1992 919 2078 969 γει
2109 903 2222 962 τοῖς
2254 900 2606 967 Λιγουρίταις
2640 915 2654 928 ·
2692 916 2708 948 ι
2741 893 2812 948 Ὦ
2843 897 3190 964 Λιγουρῖται,
3219 892 3561 960 ἐντιμότατοι

1993 989 2234 1057 ἀδελφοὶ,
2279 989 2470 1058 ἄνδρες
2500 988 2666 1056 278
2715 985 3042 1054 πολεμισταὶ
3074 987 3167 1037 καὶ
3220 981 3560 1052 μεγαλοκάρ·

1990 1086 2093 1155 διοι
2127 1085 2223 1137 καὶ
2252 1081 2542 1150 φημιστοὶ,
2575 1080 2756 1143 καλῶς
2793 1081 2972 1133 οἴδατε
3009 1078 3102 1131 καὶ
3145 1077 3448 1144 γινώσκετε
3481 1074 3564 1126 ὅτι

1995 1176 2330 1246 ἡδυστυχὴς
2379 1175 2517 1243 αὕτη
2575 1175 2728 1236 πίλις
2785 1174 3018 1226 πάντοτε
3075 1173 3175 1224 οὑκ
3214 1172 3338 1239 ἐμοὶ
3403 1169 3567 1221 υόνον

1996 1270 2260 1338 ὑπῆρχεν,
2316 1266 2451 1319 ἀλλὰ
2513 1266 2605 1319 καὶ
2653 1267 2780 1335 ὑμῖν
2835 1266 2924 1318 διὰ
2983 1263 3152 1317 πολλά
3210 1279 3329 1313 τινα
3377 1260 3560 1310 αἴτια,

2006 1365 2197 1430 Ὑμεῖς
2229 1363 2329 1430 μὲν
2363 1361 2622 1423 πολλάκις
2658 1361 2794 1428 μετὰ
2827 1357 3139 1428 προθυμίας
3165 1357 3303 1425 αὑτῇ
3332 1352 3568 1422 ὲδοηθὴο

1998 1474 2147 1521 σατε,
2186 1456 2282 1509 καὶ
2313 1453 2590 1524 συνδρομῇ
2625 1453 2868 1522 ὑμετέρᾳ
2899 1451 3243 1521 ἐλυτρώσατε
3297 1449 3403 1500 ἀπὸ
3456 1448 3568 1499 τῶν

2009 1548 2327 1618 Ἀγαρηνῶν
2367 1548 2477 1599 τῶν
2522 1546 2694 1614 αὐτῆς
2745 1545 3026 1597 ἐναντίων.
3083 1542 3166 1596 Τὰ
3220 1543 3313 1596 νῦν
3349 1542 3510 1596 πάλιν
3539 1541 3568 1592 δ

1995 1643 2185 1710 καιρός
2231 1642 2380 1693 ἐστιν
2421 1640 2730 1710 ἐπιτήδειος
2768 1640 2855 1691 ἵνα
2902 1637 3113 1705 δείξητε
3169 1636 3247 1697 είς
3312 1634 3568 1705 βοήθειαν

1996 1736 2165 1803 αὑτῆς
2209 1733 2306 1802 τὴν
2342 1732 2566 1802 Χριστῷ
2622 1731 2843 1799 ἀγάπην
2899 1731 2993 1784 καὶ
3045 1728 3268 1798 ἀνδρίαν
3310 1729 3404 1780 καὶ
3438 1743 3570 1794 γεν·

1997 1826 2256 1896 ναιότητα
2282 1824 2456 1894 ὑμῶν.
2501 1843 2520 1875 ι
2563 1825 2671 1877 Καὶ
2704 1822 3091 1891 πληθυντικῶς
3141 1821 3402 1890 στραφεὶς
3433 1818 3569 1888 πρὸς

1999 1920 2209 1979 πάντας
2233 1913 2386 1969 εἶπεν
2405 1929 2419 1945 ⁸
2449 1934 2466 1966 ι
2492 1915 2602 1967 Οὑκ
2628 1914 2734 1984 ἔχω
2759 1913 2950 1983 καιρὸν
2974 1914 3148 1964 εἰπεῖν
3168 1912 3298 1980 ὑμῖν
3325 1909 3566 1962 πλείονα.

1995 2013 2173 2067 Μόνον
2203 2012 2262 2063 τὸ
2298 2009 2772 2076 τεταπεινωμένον
2834 2007 3105 2076 ἡμέτερον
3159 2005 3438 2074 σκῆπτρον
3489 2007 3570 2062 είς

1997 2105 2093 2165 τὰς
2140 2103 2293 2172 ὑμῶν
2322 2103 2512 2172 χεῖρας
2544 2099 2862 2169 ἀνατίθημι,
2922 2100 3008 2152 ἵνα
3044 2098 3175 2150 αὑτὸ
3210 2095 3326 2167 μετ’
3358 2095 3572 2156 εὐνοίας

1998 2196 2293 2266 φυλάξητε.
2346 2194 2654 2264 Παρακαλῶ
2689 2193 2746 2245 δὲ
2781 2191 3064 2246 καὶτοῦτο
3108 2192 3202 2243 καὶ
3229 2189 3419 2258 δέομαι
3470 2189 3570 2255 τῆς

1999 2289 2268 2358 ὑμετέρας
2323 2287 2567 2355 ἀγάπης,
2623 2286 2712 2339 ἵνα
2755 2285 2854 2352 τὴν
2907 2285 3226 2354 πρέπουσαν
3278 2281 3444 2351 τιμὴν
3475 2281 3571 2332 καὶ

1998 2377 2278 2448 ὑποταγὴν
2348 2378 2558 2447 δὼσητε
2610 2377 2725 2439 τοῖς
2782 2376 3071 2445 ὑμετέροις
3111 2378 3444 2444 στρατηγοῖς
3478 2372 3570 2425 καὶ

1997 2471 2302 2539 δημάρχοις
2331 2469 2424 2520 καὶ
2456 2469 2899 2537 ἑκατοντάρχοις,
2930 2467 3160 2528 ἕκαστος
3183 2465 3321 2518 κατὰ
3352 2464 3451 2534 τὴν
3476 2465 3574 2517 ’τά⁴

2001 2559 2080 2621 ξιν
2109 2558 2275 2611 αὑτοῦ
2315 2560 2408 2610 καὶ
2439 2559 2628 2627 τάγμα
2661 2559 2757 2611 καὶ
2792 2557 3122 2628 ὑπηρεσίαν.
3156 2557 3463 2626 Γνωρίσατε
3506 2555 3571 2623 δὴ

2000 2649 2179 2704 τοῦτο.
2212 2651 2320 2702 Καὶ
2344 2651 2436 2702 ἐὰν
2467 2652 2528 2703 ὲκ
2571 2652 2806 2719 καρδίας
2838 2649 3115 2718 φυλάξητε
3151 2649 3218 2702 τὰ
3245 2650 3344 2700 ὅσα
3375 2650 3574 2700 ἐνετειη⁸

1999 2744 2179 2812 λᾶιμην
2211 2743 2358 2809 ὑμῖν,
2392 2741 2599 2805 ἐλπίζω
2617 2743 2696 2805 είς
2718 2741 2850 2794 Θεὸν
2871 2741 2943 2805 ὡς
2975 2740 3384 2810 λυτρωθείημεν
3413 2743 3574 2809 ἡμεῖς

1998 2833 2100 2900 τῆς
2134 2833 2443 2903 ἐνεστώσης
2475 2833 2640 2886 αὑτοῦ
2671 2833 2886 2894 δικαίας
2937 2833 3184 2902 ἀπειλῆς.
3232 2835 3497 2901 Δεύτερον
3519 2832 3575 2884 δὲ

2001 2930 2093 2981 καὶ
2119 2931 2146 2981 ὁ
2178 2929 2442 2995 στέφανος
2465 2928 2492 2980 ὁ
2517 2927 2884 2996 ἀδαμάντινος
2911 2929 2967 2979 ἐν
3003 2928 3252 2996 οὐρανοῖς
3286 2929 3574 2981 ὲναπόκει-

1998 3036 2088 3071 ται
2119 3021 2269 3088 ὑμῖν,
2303 3019 2396 3071 καὶ
2429 3019 2620 3088 μνήμη
2653 3017 2867 3080 αἰώνιος
2897 3019 2992 3071 καὶ
3019 3019 3170 3084 ἄξιος
3202 3021 3257 3070 ἐν
3279 3017 3357 3088 τῷ
3380 3018 3573 3087 κόσμῳ

1925 3143 1968 3199 C
2000 3111 2205 3164 ἔσεται.
2238 3129 2254 3161 ι
2297 3111 2404 3164 Καὶ
2429 3112 2603 3162 ταῦτα
2633 3111 2804 3164 εἰπὼν
2845 3112 2938 3164 καὶ
2962 3110 3061 3181 τὴν
3091 3111 3435 3180 δημηγορίαν
3487 3128 3576 3162 τε-

2003 3204 2165 3269 λέσας
2203 3205 2296 3257 καὶ
2331 3204 2469 3274 μετὰ
2501 3204 2752 3275 δακρύων
2785 3205 2880 3258 καὶ
2932 3204 3256 3275 στεναγμῶν
3300 3206 3392 3258 τὸν
3440 3205 3575 3258 Θεὸν

2000 3401 2170 3455 quare
2204 3386 2400 3440 iterum
2431 3401 2528 3442 vos
2559 3386 2810 3450 obsecro,
2841 3396 2899 3441 ut
2929 3387 2982 3440 in
3014 3389 3130 3456 ipso
3162 3402 3343 3442 rerum
3375 3387 3573 3442 discri-

2001 3479 2145 3531 mine
2171 3478 2376 3532 amicos
2393 3488 2446 3531 et
2471 3478 2592 3532 fidei
2622 3479 2801 3533 socios
2817 3487 2871 3532 et
2896 3479 3093 3533 fratres
3119 3495 3209 3533 vos
3230 3483 3517 3548 praestetis.
3547 3499 3566 3530 ο

1996 3569 2205 3624 Deinde
2259 3568 2326 3622 ad
2361 3569 2643 3624 sinistram
2677 3585 2889 3633 versus,
2926 3571 3157 3638 Ligures
3199 3573 3268 3624 ita
3301 3572 3570 3626 allocutus

2000 3670 2075 3714 est
2115 3678 2129 3714 :
2171 3679 2188 3711 ι
2221 3659 2467 3727 Ligures,
2495 3659 2692 3716 fratres
2718 3662 3150 3726 honoratissimi,
3178 3663 3278 3715 viri
3302 3662 3568 3726 bellicosi,

2001 3752 2245 3820 generosi
2280 3765 2334 3805 et
2374 3753 2605 3811 nobiles.
2642 3769 2750 3806 non
2801 3753 3084 3822 ignoratis,
3123 3753 3396 3806 infelicem
3431 3753 3572 3806 hanc

2001 3844 2190 3896 urbem
2235 3858 2450 3911 semper
2503 3860 2611 3897 non
2654 3859 2828 3900 meam
2891 3845 3084 3910 solius,
3129 3845 3222 3898 sed
3264 3845 3426 3898 etiam
3483 3863 3574 3898 vc-

2001 3942 2166 3986 stram
2205 3932 2374 3988 fuisse
2404 3933 2588 3986 multis
2613 3936 2678 3987 de
2706 3936 2904 3991 causis.
2947 3935 3054 3990 Vos
3080 3950 3220 4004 saape
3247 3935 3493 3988 studiose
3522 3938 3572 3988 ci

2001 4040 2157 4092 opem
2190 4025 2412 4092 tulistis,
2461 4034 2511 4078 et
2551 4025 2757 4080 auxilio
2790 4021 2973 4082 vestro
3028 4029 3305 4082 liberastis
3343 4044 3460 4082 eam
3507 4032 3575 4082 ah

2001 4117 2290 4185 Agarenis,
2322 4117 2442 4185 ejus
2470 4117 2739 4171 hostibus.
2770 4116 2926 4172 Nunc
2961 4135 3152 4174 rursus
3185 4130 3399 4189 tempus
3423 4122 3574 4173 adest

2001 4217 2388 4277 opportunum,
2419 4224 2528 4277 quo
2560 4227 2661 4279 ope
2697 4210 2917 4265 ferenda
2954 4211 3098 4264 illam
3125 4212 3175 4264 in
3196 4211 3416 4266 Christo
3444 4215 3578 4266 clm-

2001 4305 2243 4365 ritatem,
2290 4303 2662 4357 fortitudinem
2707 4319 2769 4358 ac
2803 4305 3297 4372 magnanimitatem
3340 4317 3574 4360 vestram

2001 4395 2390 4463 comprobetis.
2406 4413 2424 4446 ›
2455 4396 2738 4450 Postremo
2761 4398 2824 4450 ad
2847 4412 3036 4450 omnes
3059 4399 3223 4452 simul
3245 4414 3575 4457 conversus:

330 4486 561 4553 phemiae
610 4501 724 4540 sua:
777 4496 834 4540 et
889 4486 1093 4555 garruli
1142 4486 1422 4554 prophetae
1475 4484 1801 4540 Mohametis
1844 4493 1897 4540 et
1930 4485 1975 4540 ι)
2013 4503 2029 4533 ι
2061 4483 2176 4536 Non
2213 4493 2296 4538 est
2330 4495 2569 4553 tempus,
2614 4485 2810 4555 inquit,
2843 4487 3092 4556 pluribus
3121 4489 3576 4558 vos~alloqucndi.

329 4580 614 4630 brutorum
665 4578 1114 4645 eamelorumque
1164 4577 1536 4632 habitaculum
1571 4586 1897 4632 convertere

328 4671 549 4739 cogitat.
587 4667 813 4731 Verum.
853 4668 1054 4724 fratres
1087 4678 1142 4724 et
1183 4673 1612 4736 commilitones,
1663 4673 1897 4742 cogitate

328 4777 450 4816 cum
495 4761 698 4813 animis
739 4760 960 4824 vestris,
993 4775 1102 4828 quo
1138 4771 1317 4830 pacto
1342 4766 1666 4821 memoriam
1717 4766 1897 4821 nostri

327 4861 383 4906 et
417 4849 616 4904 famam
646 4850 1023 4903 ctlibertatem
1061 4859 1379 4918 perpetuam
1403 4855 1841 4922 consequamini.
1874 4873 1892 4906 ι

397 4941 536 4996 Tum
570 4942 636 4996 ad
675 4939 907 4995 Venetos
943 4955 1269 5015 conversus,
1297 4943 1386 5010 qui
1423 4958 1453 4996 a
1482 4945 1686 4998 dextris
1711 4947 1899 5000 adsta-

331 5037 501 5090 bant:
540 5052 558 5084 ι
597 5033 809 5096 Veneti,
841 5032 1039 5100 inquit,
1075 5033 1336 5096 illustres,
1368 5033 1568 5088 fratres
1593 5037 1645 5089 in
1679 5037 1899 5092 Christo

331 5125 437 5177 Deo
478 5122 683 5186 dilecti,
731 5121 830 5174 viri
885 5120 1050 5176 fortes
1095 5133 1148 5175 et
1192 5122 1394 5176 milites
1431 5125 1639 5177 strenui
1670 5135 1724 5180 et
1757 5127 1897 5182 bello

331 5209 719 5286 probatissimi,
755 5215 846 5283 qui
896 5214 1092 5282 gladiis
1125 5215 1323 5269 vestris
1363 5215 1696 5272 micantibus
1725 5229 1779 5273 et
1813 5223 1896 5272 di-

329 5311 450 5364 vina
482 5309 653 5378 gratia
688 5321 833 5376 swpe
868 5321 1092 5376 magnas
1121 5307 1494 5376 Agarenorum
1531 5320 1744 5379 strages
1775 5313 1894 5364 edi-

327 5403 505 5466 distis,
541 5415 772 5469 quorum
805 5399 1028 5467 sanguis
1064 5397 1304 5453 fluminis
1335 5401 1508 5455 instar
1548 5403 1616 5456 de
1646 5404 1895 5458 inanibus

327 5494 518 5548 vestris
551 5491 796 5556 deﬂuxit,
833 5491 989 5545 hodie
1015 5507 1112 5546 vos
1141 5492 1393 5557 obsecro,
1434 5503 1492 5547 ut
1527 5494 1717 5548 urbem
1755 5496 1899 5550 hanc

325 5588 377 5641 in
431 5595 578 5640 tanta
632 5586 755 5638 belli
784 5584 1096 5639 calamitate
1141 5597 1477 5651 versantem,
1522 5605 1585 5640 ex
1621 5589 1807 5643 animo
1842 5599 1895 5643 ct

327 5677 516 5730 intimo
551 5683 766 5743 pectore
797 5673 1122 5728 defendatis.
1167 5673 1332 5730 Scitis
1381 5677 1525 5730 enim
1573 5679 1697 5746 ipsi,
1757 5679 1897 5733 hanc

328 5786 422 5827 vos
454 5769 675 5826 alteram
705 5769 940 5841 patriam
988 5778 1040 5824 ct
1076 5779 1301 5828 matrem
1335 5786 1549 5843 semper
1583 5773 1836 5830 habuisse
1879 5790 1891 5827 :

1993 4575 2410 4630 Tantummodo
2443 4591 2716 4646 sceptrum
2741 4590 2984 4634 neStrum
3017 4581 3283 4648 dignitate
3315 4597 3412 4634 sua
3442 4597 3577 4635 exu-

2008 4676 2118 4722 tum
2148 4669 2396 4723 manibus
2421 4672 2617 4724 vestris
2643 4673 2984 4736 commendo,
3018 4681 3076 4726 ιιι
3100 4674 3346 4727 studiose
3366 4689 3393 4726 a
3425 4675 3578 4729 vobis

2006 4761 2368 4814 custodiatur.
2404 4760 2603 4816 llortor
2642 4775 2821 4816 autem
2859 4774 2912 4817 et
2961 4765 3283 4819 eharitatem
3336 4777 3571 4822 vestram

2006 4851 2259 4917 obsecro,
2293 4863 2350 4906 ut
2395 4868 2553 4920 quem
2603 4853 2758 4910 decet
2797 4858 3055 4911 honorem
3110 4869 3161 4911 et
3213 4859 3577 4913 obedientiam
3613 4853 3618 4858 ’

2008 4943 2274 4997 militibus
2303 4945 2520 5007 vestris,
2559 4946 2798 5000 tribunis
2824 4959 2878 5002 et
2907 4949 3342 5016 centurionibus,
3376 4968 3577 5024 secun-

2007 5036 2135 5090 dum
2171 5051 2327 5090 suum
2376 5037 2608 5106 quisque
2649 5039 2898 5093 ordinem
2954 5049 3003 5094 et
3053 5042 3410 5110 manipulum,
3443 5059 3578 5112 prse-

2009 5126 2225 5181 beatis:
2269 5125 2489 5192 scitote,
2534 5127 2636 5180 hoc
2687 5143 2903 5197 quoque
2964 5145 3085 5184 esse
3123 5133 3363 5187 muneris
3394 5134 3576 5206 vestr).
3667 5193 3670 5196 _

2008 5221 2212 5286 Quodsi
2261 5235 2325 5274 ex
2377 5220 2561 5274 animo
2621 5221 2882 5288 feceritis,
2937 5239 3058 5292 qum
3095 5225 3248 5278 vobis
3301 5226 3576 5292 mandavi,

2011 5315 2119 5368 Deo
2153 5314 2392 5367 confisus
2423 5329 2604 5382 spero,
2661 5314 2826 5370 minis
2861 5324 2917 5370 et
2951 5316 3211 5384 periculis
3248 5317 3372 5386 jure
3403 5319 3470 5369 ah
3503 5331 3569 5369 eo

2009 5403 2062 5457 in
2097 5420 2195 5457 nos
2229 5406 2452 5458 intentis
2504 5422 2602 5459 nos
2653 5405 2945 5460 liberatum
2984 5408 3073 5461 iri.
3124 5407 3326 5462 Deinde
3376 5423 3578 5461 corona

2009 5497 2358 5550 adamantina
2399 5499 2448 5550 in
2477 5499 2615 5551 coelo
2651 5513 2744 5552 vos
2790 5507 2990 5562 manet,
3027 5509 3080 5552 et
3118 5499 3381 5552 memoria
3414 5499 3577 5552 vestri

2008 5598 2270 5656 perpetua
2319 5599 2372 5642 et
2401 5589 2598 5642 eximia
2657 5590 2708 5642 in
2758 5590 2890 5644 orbe
2947 5600 3212 5645 terrarum
3258 5589 3378 5642 erit.
3409 5606 3428 5640 ι
3485 5585 3584 5642 llis

2011 5679 2190 5734 verbis
2220 5695 2343 5734 cum
2379 5682 2538 5735 finem
2574 5681 2792 5736 dicendi
2837 5681 3054 5737 fecisset
3087 5689 3140 5734 et
3175 5695 3296 5733 cum
3327 5680 3583 5748 lacrymis

2010 5775 2548 5845 gemitilinsqredko
2590 5775 2796 5844 gratias
2827 5774 3049 5845 egisset,
3081 5772 3261 5827 cuncti
3295 5771 3436 5825 velut
3471 5786 3581 5823 uno
