4066 6296
486 297 585 368 871

1634 344 1643 354 .
1692 292 1845 356 (ἶΕο
1860 294 1954 355 RG
1969 294 2024 353 ll
2077 282 2501 354 ΡΙῖΙῖίιΝΤΖΕ

3649 275 3772 339 8ῖὲ

487 418 915 494 εὐχαριστήσας,
948 421 997 475 οἰ
1024 420 1222 480 πάντες
1250 417 1325 481 ὡς
1363 418 1420 484 ἐξ
1464 415 1581 480 ἐνὸς
1620 417 1888 485 στόματος
1925 417 2062 468 ἀπε·
2097 422 2138 473 Α
2170 432 2270 474 x1,-
2296 409 2654 478 διεγείρωμεν
2674 404 2809 475 πρὸς
2835 403 2893 456 τὸ
2920 402 3210 472 φυλάττειν
3232 393 3773 469 ἀγρύπνιι›ς.’ῐισαν

491 515 751 581 κρίναντο
789 513 927 581 μετά
979 508 1261 579 κλαυθμοῦ
1316 509 1589 574 λέγοντες,
1628 526 1645 558 t
1676 505 2067 572 Ἀποοάνωμεν

491 607 635 676 ὑπὲρ
663 607 759 675 τῆς
788 603 1025 673 Χριστοῦ
1064 604 1301 664 πίστεως
1348 602 1444 654 καὶ
1466 602 1565 668 τῆς
1617 599 1873 667 πατρίδος
1905 597 2069 666 279

492 698 668 766 ἡμῶν.
711 714 729 746 ι
774 696 1044 757 Ἀκούσας
1074 695 1129 747 δὲ
1169 696 1196 745 ὁ
1229 693 1486 764 βασιλεὺς
1518 690 1616 744 καὶ
1647 691 1877 742 πλεῖστα
1906 691 2067 758 εὐχα-

496 790 760 860 ριστήσας
792 791 886 842 καὶ
932 790 1195 849 πλείστας
1245 787 1465 857 δωρεῶν
1510 784 1844 852 ἐπαγγελίας
1885 783 2069 842 αὐτοῖς

491 885 885 953 ἀπηγγείλατο.
910 881 1043 937 Εἶτα
1068 884 1230 937 πάλιν
1251 883 1419 946 λέγει·
1448 900 1466 933 ‹
1495 882 1713 940 Λοιπὸν,
1734 879 1957 946 ἀδελφοὶ
1974 877 2069 929 καὶ

492 976 920 1043 συστρατιῶται,
970 975 1185 1043 ἕτοιμοι
1224 974 1345 1025 ἔστε
1380 973 1459 1041 τῷ
1508 973 1673 1042 πρωῒ.
1730 969 1926 1037 Χάριτι
1975 969 2069 1022 καὶ

491 1068 660 1137 ἀρετῇ
693 1072 757 1137 τῇ
791 1067 940 1136 παρὰ
970 1066 1062 1119 τοῦ
1095 1063 1228 1117 Θεοῦ
1262 1066 1393 1133 ὑμῖν
1422 1063 1753 1134 δωρηθείσῃ,
1785 1048 1899 1114 καῖ’
1934 1077 2065 1111 συν-

488 1159 763 1227 εργούσηε
790 1157 890 1224 τῆς
914 1157 1076 1224 ἁγίας
1104 1156 1356 1226 Τριάδος,
1386 1157 1443 1207 ὲν
1532 1154 1631 1219 τὴν
1669 1153 1859 1205 ἐλπίδα
1888 1155 2069 1205 πᾶσαν

490 1249 819 1316 ἀνεθέμεοα,
856 1250 1181 1316 ποιήσωμεν
1233 1249 1360 1309 τοὺς
1392 1246 1669 1307 ἐναντίους
1704 1246 1843 1313 μετά
1878 1243 2069 1311 αἰσχύ-

490 1359 589 1411 νης
616 1344 677 1394 ὲκ
708 1342 815 1394 τῶν
849 1341 1101 1393 ἐντεῦθεν
1129 1338 1315 1401 κακῶς
1340 1339 1792 1407 ἀναχωρήσωειν.
1834 1354 1851 1386 ι

562 1436 628 1499 ζ’.
677 1434 1037 1495 Ἀκούσαντες
1078 1432 1136 1484 δὲ
1178 1432 1225 1483 oi
1276 1430 1566 1499 δυστυχεῖς
1625 1428 1888 1496 Ῥωμαῖοι
1930 1443 2071 1496 καρ-

488 1529 605 1581 δίαν
638 1528 712 1590 ti);
760 1527 973 1589 λέοντες
1018 1524 1309 1594 ἐποίησαν,
1341 1525 1436 1576 καὶ
1482 1521 1741 1591 ἀλλήλοις
1779 1536 2071 1591 συγχωρη-

489 1620 673 1683 Θέντες
704 1620 869 1690 ᾔτουν
905 1612 984 1681 εἷς
1013 1614 1089 1687 τῷ
1116 1617 1289 1686 ἑτέρῳ
1324 1613 1766 1683 καταλλαγῆναι,
1797 1612 1892 1666 καὶ
1928 1612 2066 1682 μετὰ

489 1712 775 1781 κλαυθμοῦ
823 1708 1271 1779 ὲνηγκαλίζοντο,
1337 1707 1475 1776 μήτε
1536 1705 1811 1774 φιλτάτιον
1864 1704 2071 1758 τέκνων

493 1804 927 1875 μνημονεύοντες
970 1801 1096 1855 οὔτε
1127 1800 1408 1869 γυναικῶν
1435 1801 1467 1869 ἢ
1496 1797 1726 1851 πλούτου
1758 1796 2075 1866 φροντίζον-

489 1913 604 1961 τες,
635 1898 684 1949 εί
729 1898 804 1966 μὴ
857 1897 1017 1965 μόνον
1068 1894 1163 1946 τοῦ
1221 1892 1514 1947 ἀποθανεῖν
1567 1892 1652 1943 ἵνα
1693 1888 1793 1957 τὴν
1838 1888 2072 1958 πατρίδα

494 1985 796 2058 φυλάξωσι.
832 1987 942 2041 Καὶ
988 1986 1221 2048 ἕκαστος
1266 1986 1325 2037 ὲν
1366 1983 1445 2054 τῷ
1478 1982 1891 2051 διατεταγμένῳ
1924 1981 2074 2049 τόπῳ

492 2079 888 2149 ὲπανέστρεψε,
923 2078 1018 2132 καὶ
1059 2077 1321 2147 ἀσφαλῶς
1353 2076 1575 2129 ἐποίουν
1622 2078 1679 2128 ἐν
1712 2078 1829 2137 τοῖς
1866 2073 2072 2143 τείχεσι

489 2172 591 2240 τὴν
620 2172 888 2240 φυλακήν.
932 2170 990 2222 Ὀ
1024 2171 1080 2221 δὲ
1123 2170 1377 2237 βασιλεὺς
1422 2170 1481 2221 ὲν
1515 2168 1592 2238 τῷ
1628 2169 1925 2237 πανσέπτῳ
1957 2167 2074 2236 ναῷ

493 2265 595 2333 τῆς
638 2263 734 2315 τοῦ
786 2262 924 2315 Θεοῦ
956 2263 1135 2330 Λόγου
1174 2262 1380 2332 Σοφίας
1412 2260 1583 2315 ἐλθὼν
1618 2261 1711 2314 καὶ
1767 2261 2074 2331 προσευξά-

497 2374 659 2425 μενος
692 2355 835 2424 μετά
873 2355 1157 2424 κλαυθμοῦ
1194 2355 1263 2408 τὰ
1297 2356 1550 2425 ἀχραντα
1592 2356 1686 2407 καὶ
1713 2355 1834 2407 θεῖα
1865 2355 2074 2425 μυστή-

498 2462 589 2515 ρια
628 2445 945 2514 μετέλαὸεν.
998 2444 1238 2514 Ὁμοίως
1268 2447 1363 2499 καὶ
1405 2446 1587 2514 ἕτεροι
1619 2445 1809 2500 πολλοὶ
1834 2448 1899 2515 τῇ
1932 2447 2070 2516 αὐτῇ

493 2538 649 2589 νυκτὶ
680 2536 964 2607 ἐποίησαν.
998 2533 1132 2591 Εἶτα
1160 2536 1330 2590 ἐλθὼν
1364 2538 1444 2601 είς
1475 2539 1543 2591 τὰ
1571 2540 1851 2610 ἀνάκτορα
1888 2538 2073 2606 ὀλίγον

495 2626 717 2689 σταθεὶς
765 2627 860 2678 καὶ
900 2628 964 2680 ὲκ
1014 2629 1232 2681 πάντων
1295 2628 1650 2699 συγχώρησιν
1699 2632 1963 2699 αἰτήσας,
2015 2632 2074 2683 ὲν

494 2720 622 2790 τῇδε
657 2722 721 2791 τῇ
753 2720 873 2791 ῶρᾳ
908 2721 991 2784 τίς
1040 2721 1362 2792 διηγήσεται
1412 2724 1539 2786 τοὺς
1583 2724 1706 2776 τότε
1752 2724 2073 2793 κλαυθμοὺς

495 2818 591 2869 καὶ
640 2817 873 2887 θρήνους
925 2819 1054 2880 τοὺς
1103 2819 1161 2870 ὲν
1214 2818 1293 2887 τῷ
1350 2819 1640 2888 παλατίῳ;
1698 2819 1759 2870 Ei
1816 2820 1913 2871 καὶ
1965 2818 2076 2871 ἀπὸ

495 2906 657 2972 ξύλου
716 2907 1004 2978 ἄνθρωπος
1052 2907 1085 2978 ἢ
1121 2908 1183 2958 ὲκ
1229 2906 1436 2976 πέτρας
1481 2902 1573 2977 ἦν,
1604 2906 1705 2958 οὐκ
1737 2905 1962 2959 ἐδύνατο
1998 2904 2074 2975 μὴ

497 2997 790 3068 θρηνῆσαι.

2170 508 2227 559 δὲ
2258 506 2458 565 πάντες
2503 502 2597 553 ἐπὶ
2643 503 2759 562 τοῖς
2806 498 3013 567 τείχεσι
3059 496 3156 549 καὶ
3204 494 3434 562 πύργοις
3484 495 3554 563 τῇ
3602 494 3774 546 ,νυκτὶ

2173 600 2393 669 ἐκείνῃο
2451 596 2549 647 καὶ
2610 594 2666 646 αί
2727 592 2893 645 πύλαι
2944 591 3117 643 πᾶσαι
3166 584 3308 655 ἦσαν
3365 586 3772 654 κεκλεισμέναι

2172 686 2580 755 ἀσφαλέστατα,
2612 683 2679 737 δι’
2716 676 2791 736 ῶν
2819 682 2879 733 οὐ
2923 680 3151 732 δυνατὸν
3182 676 3249 747 ἦν
3287 677 3525 742 ἐξελθεῖν
3559 692 3693 729 τινα
3724 675 3770 745 ἢ

2174 780 2458 833 εἰσελθεῖν.
2514 781 2605 842 Ὠς
2632 779 2688 831 δὲ
2718 776 2961 848 ἤλθομεν
2996 778 3052 828 ὲν
3093 776 3208 837 τοῖς
3242 771 3602 839 Καλιγαρίοις
3638 771 3773 840 ῶρᾳ

2174 870 2365 942 πρώτῃ
2419 870 2521 936 τῆς
2567 868 3039 939 ἀλεκτροφωνίας,
3075 866 3363 927 κατιόντες
3403 863 3515 916 τῶν
3569 863 3773 915 ἴππων

2172 963 2482 1032 ἀνήλθομεν
2531 962 2613 1024 είς
2658 962 2750 1013 τὸν
2796 959 3030 1028 πύργον,
3056 959 3152 1011 καὶ
3183 956 3501 1026 ἠκούσαμεν
3543 956 3773 1026 ωχνῶς

2172 1057 2383 1127 ὁμιλεῖν
2423 1057 2518 1107 καὶ
2572 1055 2803 1123 θόρυϐον
2853 1054 3028 1122 μέγαν
3082 1053 3260 1104 ποιεῖν
3309 1050 3510 1117 ἔξωθεν
3565 1052 3773 1120 ἐπιτή-

2171 1150 2335 1212 δειον,
2367 1149 2461 1201 καὶ
2493 1146 2646 1201 εἷπον
2686 1148 2817 1215 ἡμῖν
2869 1147 2918 1197 οἱ
2958 1143 3202 1213 φύλακες
3242 1144 3324 1197 ὅτι
3363 1144 3431 1197 δι’
3479 1143 3605 1212 ὅλης
3660 1143 3773 1212 τῆς

2171 1241 2364 1300 νυκτὸς
2398 1237 2571 1300 οὕτως
2593 1235 2846 1288 ποιοῦσιν
2870 1252 2884 1266 ο
2915 1230 3058 1304 ἦσαν
3082 1234 3190 1302 γάρ
3232 1232 3521 1303 σύρνοντες
3551 1231 3623 1284 τὰ
3653 1232 3771 1284 ὅσα

2172 1334 2281 1384 τῶν
2318 1332 2569 1400 ὀργάνων
2619 1330 2757 1397 πρὸς
2804 1329 3170 1397 τειχομαχίαν
3228 1326 3603 1395 ἡτοίμασται,
3653 1323 3771 1392 φέ-

2176 1440 2365 1493 ροντες
2413 1421 2554 1475 αὐτά
2614 1422 2780 1488 ἐγγὺς
2832 1421 2925 1472 τοῦ
2979 1419 3315 1488 ὀρύγματος.
3380 1416 3502 1469 Ἐπὶ
3543 1418 3770 1479 τούτοις

2176 1515 2493 1569 σαλεύονται
2518 1515 2613 1566 καὶ
2643 1514 2749 1565 τῶν
2776 1513 2953 1582 ὴόνων
2987 1512 3052 1564 τά
3094 1509 3332 1581 μέγιστα
3368 1509 3477 1562 τῶν
3522 1509 3771 1563 ἀντιπά-

2173 1612 2279 1664 λων
2328 1610 2536 1678 σκάφη.
2572 1610 2665 1661 καὶ
2704 1608 2759 1660 αί
2791 1608 3042 1678 τριήρεις
3079 1607 3175 1658 καὶ
3206 1607 3261 1659 αί
3293 1605 3532 1673 γέφυραι
3576 1603 3635 1654 ἐν
3681 1600 3769 1671 τῷ

2174 1704 2355 1771 λιμένι
2391 1704 2502 1765 τοῖς
2540 1702 2750 1771 τείχεσι
2783 1702 2875 1754 καὶ
2909 1702 3027 1762 ταῖς
3066 1701 3261 1761 ἀκταῖς
3291 1695 3761 1766 προσπελάζουσι.

2178 1798 2313 1868 Περὶ
2374 1796 2431 1851 δὲ
2495 1798 2763 1866 δευτέραν
2828 1794 3277 1863 ἁλεκτροφωνίαν
3333 1792 3464 1846 ἀνευ
3525 1789 3765 1858 σημείου

2175 1892 2341 1953 τινὸς,
2376 1887 2561 1950 καθὼς
2616 1888 2711 1940 καὶ
2757 1887 2951 1948 ἄλλαις
2997 1886 3234 1955 ἡμέραις
3281 1881 3635 1954 προεποίουν,
3662 1881 3765 1934 τὸν

2174 1984 2413 2052 πόλεμον
2445 1982 2662 2049 ἀνῆψαν
2701 1981 2840 2049 μετά
2886 1979 3132 2049 μεγάλης
3182 1978 3421 2049 σπουδῆς
3469 1977 3563 2030 καὶ
3602 1974 3755 2045 βίας.

2187 2074 2563 2145 Ἐπροώρισεν
2599 2072 2690 2126 οὖν
2736 2073 2764 2124 ὁ
2800 2072 3027 2141 ἀμηρᾶς
3066 2071 3153 2123 ’ίνα
3178 2070 3385 2132 πάντες
3414 2069 3463 2122 oi
3496 2067 3573 2137 μὴ
3597 2067 3761 2131 ὄντες

2174 2166 2428 2219 τοσοῦτον
2466 2164 2721 2235 ἔμπειροι
2771 2164 2830 2217 ὲν
2876 2163 3136 2233 πολέμοις
3166 2161 3261 2215 καί
3295 2177 3441 2221 τινες
3496 2157 3761 2227 γέροντες

2175 2263 2272 2315 καὶ
2302 2262 2412 2315 νέοι
2457 2264 2513 2314 ὲν
2560 2261 2800 2330 πρώτοις
2832 2260 2927 2314 τὸν
2958 2260 3199 2327 πόλεμον
3235 2257 3487 2327 ἀνάψωσι
3527 2256 3621 2309 καὶ
3654 2254 3757 2325 τὴν

2178 2353 2502 2424 συμπλοκὴν
2539 2355 2863 2423 ποιήσωσιν,
2892 2354 2979 2405 ἵνα
3017 2352 3166 2423 ἡμᾶς
3223 2350 3406 2419 ὀλίγον
3445 2349 3757 2402 κοπιάσωσι

2175 2449 2269 2502 καὶ
2301 2449 2349 2500 o'.
2378 2446 2539 2499 πλέον
2590 2447 2800 2516 ἰσχυροὶ
2834 2448 2929 2499 καὶ
2957 2444 3192 2513 ἀνδρεῖοι
3243 2445 3339 2497 καὶ
3375 2443 3629 2514 ἔμπειροι
3656 2438 3755 2494 τοῦ

2175 2542 2417 2611 πολέμου
2447 2540 2584 2609 μετά
2614 2538 2860 2601 πλείονος
2891 2537 3131 2606 θάρσους
3159 2537 3253 2591 καὶ
3285 2535 3601 2605 προθυμίας
3625 2530 3757 2601 καθ’

2176 2635 2331 2704 ἡμῶν
2382 2633 2599 2687 ἔλθωσι.
2634 2633 2742 2685 Καὶ
2793 2630 2972 2686 ταῦτα
3015 2632 3263 2699 ἐγένετο,
3306 2630 3402 2683 καὶ
3446 2630 3475 2684 ὁ
3517 2628 3791 2696 πόλεμος¹

2177 2728 2271 2779 καὶ
2301 2729 2334 2791 ἡ
2369 2727 2661 2797 συμπλοκὴ
2689 2726 2764 2788 ὡς
2797 2726 3031 2794 κάμινος
3055 2724 3253 2793 ἀνῆψε.
3293 2723 3404 2776 Καὶ
3458 2724 3508 2776 οί
3556 2722 3760 2791 ἡμέτε-

2177 2838 2261 2889 ροι
2300 2820 2563 2887 γενναίως
2618 2818 2909 2885 ἀντέλεγον
2955 2817 3050 2870 καὶ
3098 2816 3287 2879 κακῶς
3338 2814 3542 2878 αὐτοὺς
3588 2813 3749 2885 281

2176 2911 2477 2974 ἐδεξιοῦντο
2530 2910 2626 2962 καὶ
2669 2910 2735 2962 ἐκ
2786 2909 2896 2963 τῶν
2942 2909 3143 2979 τειχῶν
3192 2906 3629 2977 ἀπεκρήμνιζον,
3662 2906 3756 2959 καί

2175 3016 2300 3053 τινα
2353 2999 2464 3055 τῶν
2524 2999 2844 3068 πολεμικῶν
2912 2998 3165 3068 ὀργάνων
3217 2997 3313 3051 καὶ
3376 2996 3593 3050 σκευῶν
3646 2995 3753 3049 τῶν

568 3091 734 3160 280
796 3090 907 3144 Kal
970 3089 1175 3153 ἀναϐὰς
1234 3088 1319 3157 ἐφ’
1379 3087 1547 3140 ἵππου
1602 3085 1908 3154 ἐξήλθομεν
1962 3085 2144 3163 τῶνα
2176 3092 2433 3145 ἐναντίων
2497 3090 2890 3143 κατέσπασαν’
2951 3090 3049 3144 καὶ
3116 3089 3177 3154 ἐξ
3257 3089 3589 3159 ἀμφοτέρων
3642 3087 3757 3145 ,τῶν

498 3184 817 3253 ἀνακτόρων
845 3181 1267 3252 περιερχόμενοι
1294 3180 1363 3234 τὰ
1390 3178 1569 3249 τείχη,
1605 3178 1695 3232 ἵνα
1736 3179 1863 3239 τοὺς
1900 3177 2072 3247 φύλα-

497 3375 613 3427 ore,
669 3357 769 3429 ipsi
831 3371 1048 3426 quoque
1097 3353 1597 3424 collacrymantes,
1650 3352 2070 3421 responderunt,

498 3469 598 3521 pro
624 3451 727 3505 fide
754 3447 1070 3506 Christiana
1101 3457 1154 3502 et
1179 3448 1354 3516 patria
1387 3455 1614 3500 mortem
1644 3460 1702 3497 se
1733 3444 2074 3511 oppetitnros

498 3559 639 3599 esse.
677 3542 757 3599 Ad
791 3544 903 3596 lraac
934 3543 1231 3606 imperator
1260 3539 1465 3606 gratias
1495 3537 1861 3606 amplissimas
1884 3536 1990 3604 egit
2020 3546 2075 3591 et

502 3636 838 3706 amplissima
865 3634 1114 3703 promisit
1150 3631 1394 3701 praemia.
1432 3631 1571 3683 Tum
1605 3644 1837 3685 rursus:
1871 3646 1890 3679 ι
1918 3627 2072 3694 Quod

501 3738 691 3795 restat,
759 3729 972 3797 inquit.
1029 3726 1223 3780 fratres
1274 3733 1327 3779 et
1384 3723 1839 3786 eommilitiones,
1897 3721 2072 3791 parati

506 3831 682 3877 estote
732 3823 782 3873 in
819 3820 1121 3875 crastinum
1155 3818 1321 3871 diem.
1360 3816 1564 3871 Gratia"
1589 3823 1642 3869 et
1671 3815 1872 3869 virtute
1901 3831 1928 3867 a
1962 3814 2074 3869 Deo

499 3913 657 3967 vobis
704 3913 1001 3981 impertita,
1039 3921 1094 3965 et
1128 3910 1421 3977 adjuvante
1450 3915 1645 3964 sancta
1692 3907 1983 3972 Trinitate,
2016 3907 2072 3961 in

499 4020 604 4072 qua
648 4020 797 4073 spem
834 4019 1048 4057 omnem
1077 4002 1493 4063 eollocavimus,
1530 4000 1850 4064 efﬁciemus,
1884 4006 1942 4052 ut
1973 3998 2071 4053 bo-

499 4107 611 4149 stes
645 4111 766 4148 cum
806 4094 1075 4147 dedecore
1111 4094 1239 4146 hinc
1271 4093 1551 4145 recedant.
1589 4108 1607 4141 ι

573 4182 626 4235 7.
670 4180 764 4236 llis
812 4183 1033 4246 auditis,
1087 4179 1275 4235 miseri
1312 4178 1544 4233 Romani
1591 4178 1807 4234 animos
1848 4176 2069 4231 leonum

501 4275 607 4331 sibi
651 4275 922 4338 fecerunt,
967 4275 1292 4342 veniamque
1326 4273 1581 4341 petebant
1612 4280 1667 4327 et
1696 4272 1903 4326 dabant
1953 4287 2075 4325 mu-

501 4380 619 4434 tuo,
655 4377 709 4423 et
743 4384 867 4421 cum
894 4367 1148 4438 lacrymis
1180 4366 1410 4420 invicem
1446 4380 1506 4420 se
1547 4364 2072 4434 complectebantur,

2181 3182 2362 3254 μερῶν
2414 3182 2643 3245 θάνατος
2698 3182 2968 3251 ἐγεγόνει,
2996 3183 3093 3236 καὶ
3132 3181 3369 3250 μάλιστα
3407 3183 3474 3235 ὲκ
3521 3179 3617 3234 τοῦ
3647 3178 3756 3233 τῶν

2177 3358 2349 3416 Erant
2378 3376 2570 3416 omnes
2602 3363 2655 3415 in
2689 3364 2865 3418 muris
2893 3371 2947 3416 et
2976 3360 3223 3415 turribus
3246 3375 3307 3414 ea
3342 3369 3523 3424 nocte,
3555 3370 3609 3415 ct
3633 3374 3757 3430 por.

2177 3463 2244 3507 tze
2281 3454 2557 3509 tutissime
2588 3454 2810 3520 clausae,
2850 3470 2944 3519 per
2980 3469 3117 3523 quas
3148 3449 3314 3507 nemo
3348 3461 3437 3505 aut
3471 3452 3620 3507 exire
3652 3461 3751 3507 aut

2178 3547 2386 3603 intrare
2429 3557 2637 3615 posset.
2688 3546 2793 3601 Ubi
2827 3548 2880 3601 in
2910 3546 3184 3616 Caligaria
3226 3546 3474 3599 venimus
3503 3543 3605 3598 sub
3632 3543 3751 3615 pri-

2179 3655 2327 3693 mum
2379 3650 2598 3695 cantum
2636 3640 2786 3710 galli,
2841 3653 2907 3692 ex
2939 3639 3102 3706 equis
3154 3637 3541 3692 descendimus
3590 3643 3755 3705 atque

2179 3730 2527 3786 ascendimus
2551 3732 2603 3783 in
2628 3730 2847 3785 turrim.
2869 3730 2946 3785 lbi
2973 3728 3106 3783 foris
3130 3730 3352 3784 crebros
3375 3728 3755 3796 colloquentes

2177 3829 2233 3875 et
2262 3836 2517 3891 magnum
2562 3823 2852 3889 strepitum
2890 3820 3231 3881 audivimus.
3259 3820 3630 3888 dixeruntque
3658 3833 3751 3872 eu-

2179 3912 2388 3973 stodes.
2414 3927 2509 3981 per
2536 3921 2703 3967 totam
2734 3921 2950 3967 noctem
2978 3913 3051 3967 ita
3083 3912 3222 3967 fieri.
3252 3912 3465 3981 Quippe
3489 3911 3747 3981 quidquid

2178 4004 2672 4059 instrumentorum
2725 4005 2791 4059 ad
2839 4004 3239 4075 oppugnandos
3275 4018 3467 4058 muros
3505 4013 3738 4072 paratum

2177 4105 2318 4156 erat,
2372 4093 2438 4150 ad
2477 4094 2682 4149 fossam
2735 4096 3174 4165 comportabant.
3221 4095 3444 4149 interim
3494 4096 3645 4149 etiam
3687 4095 3735 4147 in

2179 4189 2459 4243 littoribus
2481 4190 2666 4242 omnia
2698 4187 2911 4242 fervent
2938 4205 2952 4241 :
2981 4187 3220 4243 maxima
3244 4187 3489 4242 hostium
3513 4187 3741 4256 navigia.

2179 4278 2431 4333 triremes
2459 4285 2514 4332 et
2542 4288 2734 4347 pontes
2771 4278 2825 4331 in
2867 4287 3029 4348 portu
3069 4280 3336 4333 exstructi
3378 4278 3652 4333 mmnibus
3690 4285 3744 4332 et

2180 4370 2452 4425 littoribus
2470 4370 2849 4426 admoventur.
2872 4370 3031 4425 Circa
3059 4371 3359 4425 secundum
3387 4371 3514 4440 galli
3541 4380 3749 4426 cantum

499 4482 610 4518 non
635 4464 746 4534 iam
791 4465 1085 4519 liberarunt
1120 4462 1597 4527 cbarissimorum,
1632 4469 1722 4514 aut
1751 4461 2074 4531 eonjugnm,
2110 4454 2156 4511 D
2184 4462 2305 4516 sine
2338 4461 2450 4516 ullo
2482 4462 2661 4531 signo,
2687 4463 3149 4531 quemadmodum
3181 4463 3347 4517 etiam
3380 4464 3753 4533 superioribus

503 4565 598 4611 ant
630 4557 950 4613 facultatum
984 4569 1279 4618 memores,
1324 4554 1418 4608 sed
1447 4553 1619 4607 solius
1651 4554 1866 4617 mortis,
1908 4566 2073 4620 quam

505 4666 603 4719 pro
629 4649 806 4703 salute
843 4648 1031 4718 patria:
1064 4648 1220 4702 obire
1268 4648 1487 4702 vellent.
1546 4647 1624 4701 Ad
1658 4662 1810 4700 suam
1842 4647 2080 4715 quisque

502 4743 798 4796 stationem
855 4741 1160 4805 redierunt,
1203 4749 1257 4792 et
1290 4740 1342 4792 in
1377 4740 1550 4792 muris
1586 4736 1893 4792 custodiam
1947 4728 2080 4806 age-

506 4834 640 4886 bant
684 4834 989 4901 diligenter.
1033 4832 1338 4901 Imperator
1370 4829 1739 4883 venerandum
1786 4827 2081 4896 Sapientia:

508 4924 600 4975 Dei
630 4922 791 4977 Verbi
838 4925 1095 4992 templum
1147 4924 1452 4990 ingressus.
1499 4921 1755 4989 precibus
1792 4920 1865 4972 ibi
1917 4930 1970 4971 et
2000 4920 2080 4974 la-

506 5017 711 5086 et-ytnis
752 5015 959 5079 ell'usis,
994 5017 1184 5070 intacti
1219 5024 1272 5069 ct
1318 5013 1485 5067 divini
1528 5013 1770 5082 mysterii
1806 5014 2081 5081 particeps

510 5105 684 5160 factus
715 5113 797 5157 est
830 5121 844 5158 :
878 5105 1022 5174 quod
1054 5105 1193 5158 idem
1225 5104 1316 5158 alii
1350 5104 1505 5157 multi
1538 5103 1726 5156 eadem
1759 5114 1916 5158 nocte
1941 5103 2081 5159 fece-

510 5177 657 5250 runt.
703 5196 905 5251 Deinde
947 5198 999 5249 in
1051 5197 1314 5265 palatium
1366 5212 1425 5251 se
1454 5197 1716 5261 Contulit,
1756 5198 1941 5266 ibique
1975 5198 2079 5251 ali-

508 5287 827 5355 quantisper
881 5296 1144 5349 moratus,
1197 5289 1266 5341 ab
1318 5288 1574 5342 omnibus
1628 5289 1841 5342 veniam
1904 5290 2078 5358 petiit.

511 5378 644 5443 Quis
695 5377 855 5432 fletus
905 5388 959 5433 et
1019 5378 1250 5433 lamenta
1293 5392 1406 5435 tum
1456 5382 1639 5435 audita
1678 5398 1770 5450 per
1816 5382 2078 5450 palatium

511 5470 671 5524 fando
704 5480 1033 5540 asseqnatur
1055 5472 1077 5525 ?
1101 5472 1154 5525 Si
1185 5474 1307 5540 quis
1337 5473 1545 5543 ligneus
1570 5484 1660 5527 aut
1693 5490 1891 5529 saxeus
1919 5474 2083 5528 homo

504 5563 723 5627 fuisset,
758 5578 863 5618 non
907 5565 1171 5634 potuisset
1217 5566 1320 5619 sibi
1372 5576 1678 5635 temperare
1723 5581 1752 5619 a
1802 5567 2078 5634 lacrytnis.

579 5653 913 5710 Conscensis
943 5658 1120 5725 cquis,
1147 5674 1176 5711 ο
1208 5657 1410 5726 palatio
1444 5658 1756 5728 egredimur
1779 5669 1832 5711 et
1862 5658 2082 5713 obimus

510 5738 734 5807 moenia.
785 5749 852 5801 ad
905 5748 1097 5813 vigiles
1145 5750 1408 5806 excubias
1453 5750 1710 5805 custodes
1755 5749 2078 5805 excitatum.

2182 4553 2379 4608 diebus
2408 4551 2673 4615 fecerant,
2696 4554 3161 4623 oppugnationem
3192 4556 3437 4623 impense
3465 4563 3520 4608 et
3542 4569 3754 4609 summo

2183 4656 2386 4698 conatu
2430 4645 2747 4700 ordiuntur.
2795 4644 3139 4716 Praeceperat
3188 4654 3370 4701 autem
3416 4662 3658 4710 amens,
3700 4655 3755 4700 ut

2183 4738 2277 4805 qui
2320 4738 2399 4792 rei
2434 4738 2692 4794 militaris
2726 4739 2910 4794 minus
2944 4739 3105 4810 periti
3146 4749 3335 4795 essent
3362 4748 3417 4793 et
3442 4755 3604 4794 senes
3637 4738 3755 4809 qui-

2182 4829 2308 4881 dam
2354 4837 2411 4880 et
2470 4828 2847 4883 adolescentes
2888 4844 3125 4899 pugnam
3174 4830 3602 4891 committerent,
3655 4843 3756 4897 quo

2186 4934 2287 4973 nos
2319 4919 2665 4989 aliquantum
2702 4921 3017 5012 fatigarent,
3051 4930 3107 4977 et
3140 4922 3461 4985 validiores,
3506 4921 3753 4975 fortiores

2186 5023 2242 5067 et
2267 5013 2416 5068 bello
2446 5017 2863 5070 exercitatiores
2894 5016 3088 5084 majori
3120 5016 3351 5070 audacia
3383 5026 3441 5071 et
3474 5016 3752 5069 alacritate

2187 5120 2287 5160 nos
2316 5107 2767 5174 aggrederentur.
2806 5106 2998 5161 Fiebat
3033 5107 3134 5173 ita,
3161 5122 3224 5161 ac
3251 5106 3502 5175 praelium
3536 5116 3590 5159 et
3619 5119 3745 5159 cono

2186 5198 2365 5253 flictus
2388 5198 2593 5253 camini
2619 5199 2793 5253 instar
2816 5200 3045 5253 exarsit.
3071 5199 3259 5254 Nostri
3294 5198 3513 5253 fortiter
3540 5197 3753 5251 resiste-

2188 5293 2337 5353 bant,
2372 5293 2513 5346 male
2537 5307 2633 5346 eos
2658 5292 3004 5361 excipiebant
3027 5301 3078 5344 et
3106 5293 3171 5346 de
3200 5293 3479 5347 mmnibns
3510 5290 3756 5345 deturba-

2188 5384 2338 5444 bant,
2372 5393 2422 5437 el
2450 5384 2743 5440 nonnullas
2776 5384 3059 5438 machinas
3091 5395 3144 5439 et
3174 5384 3538 5437 instrumenta
3572 5381 3755 5435 bellica

2186 5489 2374 5527 eorum
2406 5473 2823 5543 dill'riugebant,
2853 5484 2928 5540 et,
2960 5491 3083 5528 eum
3120 5475 3378 5541 utrinque
3406 5472 3683 5532 caderent,
3727 5484 3757 5522 e

2187 5564 2385 5621 'l‘nrcis
2423 5577 2604 5620 tamen
2654 5569 2841 5637 plures
2887 5568 3181 5622 cadebant.
3219 5565 3319 5620 Ubi
3359 5577 3543 5620 autem
3593 5560 3757 5616 stella:

2189 5659 2240 5712 in
2277 5659 2416 5713 coelo
2455 5660 2661 5713 micare
2701 5667 3011 5722 cessarunt,
3054 5658 3367 5713 lueeseente
3395 5655 3601 5711 lumine
3630 5652 3752 5717 diei,

2188 5764 2236 5807 et
2273 5753 2339 5806 ab
2377 5752 2585 5805 oriente
2636 5768 2788 5807 rosea
2826 5767 3023 5807 aurora
3066 5751 3391 5823 comparuit,
3432 5746 3617 5803 omnis
3665 5746 3766 5826 bo-~
