4066 6296
268 366 375 434 873

253 575 432 646 ἀρχὴν
461 575 680 628 ἐποίουν
714 576 789 645 μὴ
819 577 1240 645 φαίνεσθαι,τοῦ
1268 580 1447 648 φωτὸς
1477 579 1576 647 τῆς
1607 579 1817 646 ἡμέρας

256 668 614 735 αὑγάζοντος,
654 670 748 720 καὶ
778 671 838 720 ἐκ
871 669 980 722 τῶν
1009 671 1280 723 ἀνατολῶν
1314 672 1372 722 τὸ
1418 671 1681 740 ροδοειδὲς
1723 671 1820 736 τῆς

258 752 470 828 πρωῖοἶς
503 761 806 826 ἐνέφαινεν,
836 762 944 813 πᾶν
974 763 1033 816 τὸ
1061 763 1262 830 πλῆθος
1295 763 1404 814 τῶν
1437 761 1712 828 πολεμίων
1745 762 1820 821 ὠς

261 852 550 920 σχοίνισμα
596 851 652 903 ἓν
698 853 942 919 ἐγεγόνει
971 856 1033 906 ἐκ
1061 855 1156 908 τοῦ
1207 856 1324 917 ἐνὸς
1367 858 1564 924 μέρους
1595 855 1696 924 τῆς
1725 856 1823 908 πό-

256 942 394 1004 λεως
433 942 538 1004 ἕως
569 943 664 995 τοῦ
699 945 908 1014 ἐτέρου.
937 948 1048 998 Καὶ
1077 948 1143 999 τά
1173 947 1382 1015 ὄργανα
1425 948 1493 1000 τά
1525 947 1819 1018 πολεμικὰ,

256 1034 523 1103 τύμπανά
562 1052 619 1087 τε
673 1037 764 1086 καὶ
819 1035 954 1088 ἄλλα
1005 1039 1270 1105 κεράτινα
1318 1041 1410 1092 καὶ
1461 1041 1568 1093 πάν
1604 1038 1818 1110 ἕτερον,

258 1126 594 1196 κρούσαντες
639 1128 734 1180 καὶ
782 1132 993 1195 φωναῖς
1033 1119 1282 1199 ἰσχυραῖς
1333 1131 1700 1193 ἀλαλάξαντες
1741 1134 1822 1196 είς

255 1216 356 1277 τὰς
403 1215 675 1278 έλεϐόλεις
706 1217 886 1279 πάσας
922 1218 984 1268 τὸ
1030 1219 1141 1288 πῦρ
1186 1221 1461 1288 ἐνέϐαλον,
1500 1224 1591 1274 καὶ
1623 1224 1823 1296 πάντες

255 1305 599 1373 ὁμοθυμαδὸν
629 1308 685 1358 ἐν
715 1305 794 1358 ἐνὶ
823 1307 994 1376 καιρῷ
1027 1310 1120 1360 καὶ
1149 1308 1267 1382 ὥρᾳ
1291 1311 1377 1363 διά
1405 1328 1461 1362 τε
1493 1313 1689 1380 χέρσου
1727 1314 1822 1366 καὶ

259 1396 536 1464 θαλάσσης
578 1397 675 1468 τὴν
721 1399 964 1468 ἐμϐολὴν.
1003 1404 1096 1452 καὶ
1150 1405 1414 1474 σύρρηξιν
1444 1404 1534 1457 τοῦ
1580 1407 1822 1475 πολέμου

259 1490 356 1542 καὶ
392 1490 711 1562 συμπλοκὴν
757 1492 1047 1562 ἐποίησαν.
1073 1495 1374 1564 Θαρσαλέοι
1406 1499 1463 1561 δέ
1488 1517 1632 1561 τινες
1662 1500 1822 1552 πολε-

263 1582 498 1652 μήτορες
547 1583 645 1646 τὰς
681 1585 1042 1653 μηρινθώδεις
1095 1590 1370 1658 κλίμακας
1410 1593 1717 1648 ἐπανίουσι.
1745 1595 1827 1646 Τὰ

263 1670 320 1721 δὲ
363 1673 495 1740 βέλη
526 1679 751 1728 παντοῖα
793 1679 932 1730 κατὰ
963 1679 1072 1731 τῶν
1109 1683 1164 1732 ὲν
1199 1686 1312 1745 τοῖς
1345 1683 1577 1753 πύργοις
1613 1687 1826 1753 ἀφίετο.

261 1767 368 1818 Καὶ
400 1763 572 1835 ὥραις
603 1767 704 1834 μὲν
735 1769 826 1820 δύο
856 1770 888 1838 ἡ
925 1772 1071 1840 μάχη
1117 1775 1397 1843 ἐνεστήκει
1440 1777 1704 1828 στενοῦσα
1735 1781 1827 1830 καὶ

1317 372 1756 436 CIIRONICON
1787 371 2055 431 MAJUS.
2085 396 2142 404 -
2189 369 2335 432 LIB.
2382 369 2500 430 lli.

257 482 519 549 Τούρκων
575 479 796 548 μέρους.
843 481 928 548 Ὦς
975 481 1032 536 δὲ
1080 485 1129 536 oi
1173 484 1404 556 ἀστέρες
1452 484 1546 539 τοῦ
1580 485 1810 554 οὐρανοῦ
1843 492 1883 545 Α
1917 503 2014 552 γον
2059 484 2246 555 ἤθελον
2297 485 2546 553 στρέψαι,

3373 370 3478 434 874
3532 390 3540 398 ·

2582 485 2666 534 ἵνα
2719 481 2997 552 ἀναψυχὴν
3028 483 3263 536 λάϐωσιν
3289 501 3300 512 ⁸
3344 485 3390 534 nl
3423 488 3479 540 et

1922 576 2235 638 τζαούσιδες
2289 577 2382 628 καὶ
2423 575 2711 644 ῥαϐδοῦχοι
2762 574 2862 642 τῆς
2891 575 3060 640 αὐλῆς
3094 575 3231 642 μετὰ
3269 576 3482 644 ῥάϐδων

1923 669 2158 736 σιδηρῶν
2208 669 2299 720 καὶ
2352 665 2652 734 βουνεῦρων
2692 668 3002 732 ὲνέτυπτον,
3041 667 3126 719 ἵνα
3180 668 3254 736 μὴ
3301 669 3484 724 δίδωσι

1925 759 2065 811 νῶτα
2096 760 2206 819 τοῖς
2252 759 2484 827 ἐχθροῖς.
2522 759 2618 820 Τίς
2651 758 2970 826 διηγήσεται
3014 759 3111 820 τὰς
3141 760 3264 810 τότε
3300 759 3483 827 φωνὰς

1923 849 2146 909 καὶτὰς
2203 850 2452 916 κραυγὰς
2498 850 2594 900 καὶ
2644 851 2752 901 τῶν
2803 848 3121 919 πληγέντων
3180 850 3378 919 διαμφὶ
3425 853 3487 903 τὸ

1923 940 2077 1003 οὐαίς
2110 940 2234 993 ὅθεν
2281 941 2386 1001 ἕως
2431 941 2538 992 τῶν
2587 941 2836 1010 οὖρανῶν
2885 942 3171 994 ἀνέϐαινον
3207 945 3263 994 αἱ
3312 946 3489 1010 φωναὶ

1925 1034 2017 1085 καὶ
2043 1035 2070 1082 ὁ
2104 1034 2318 1104 κρότος.
2353 1033 2462 1086 Καί
2496 1051 2639 1094 τινες
2673 1036 2772 1101 μὲν
2797 1037 2860 1088 ὲκ
2891 1039 2997 1090 τῶν
3031 1037 3316 1105 ἡμετέρων
3357 1037 3491 1092 θεω-

1928 1125 2149 1195 ροῦντες
2193 1126 2392 1188 αὐτοὺς
2428 1127 2600 1189 οὕτως
2637 1131 2950 1194 πάσχοντας
2985 1127 3122 1194 μετά
3167 1129 3362 1195 φωνῶν
3400 1145 3492 1197 με·

1925 1214 2108 1282 γάλων
2135 1214 2322 1281 ἔλεγον
2342 1231 2358 1248 ο
2394 1234 2411 1264 ι
2439 1215 2623 1268 Ταῦτα
2651 1215 2914 1276 πολλάκις
2947 1219 3274 1285 ποιήσαντες
3305 1218 3494 1278 κακῶς

1927 1307 2376 1377 ἀπεκρούσοητε·
2418 1327 2436 1360 ι
2483 1309 2634 1361 αὐτοὶ
2683 1309 2740 1361 δὲ
2774 1309 2914 1377 μετά
2959 1311 3103 1378 βίας,
3141 1310 3238 1377 τὴν
3269 1311 3492 1379 ἀνδρίαν

1927 1402 2107 1453 αὐτῶν
2138 1401 2380 1463 θέλοντες
2406 1402 2598 1466 δεῖξαι,
2631 1404 2736 1454 ἐπί
2755 1401 2854 1464 τάς
2879 1403 3152 1470 κλίμακας
3181 1404 3343 1456 πάλιν
3374 1405 3498 1456 ἀνέ-

1929 1490 2134 1544 ϐαινον.
2167 1491 2384 1560 ’Έτεροι
2416 1493 2472 1544 δέ
2508 1511 2654 1554 τινες
2694 1495 2958 1562 τολμηροὶ
3005 1497 3099 1548 καὶ
3149 1495 3356 1565 ἰσχυροὶ
3400 1497 3495 1547 καὶ

1927 1583 2214 1650 δραστικοὶ
2261 1584 2354 1634 ἐπὶ
2387 1585 2496 1636 τῶν
2549 1584 2715 1653 ὤμων
2748 1581 2828 1648 εἷς
2875 1587 2969 1639 τοῦ
2999 1588 3188 1656 ἑτέρου
3221 1589 3492 1650 ἀνέϐαινε,

1929 1676 2023 1729 καὶ
2055 1675 2211 1739 ἄλλος
2240 1677 2402 1730 πάλιν
2443 1679 2533 1729 ἐπὶ
2560 1679 2668 1730 τῶν
2698 1677 2864 1746 ὤμων
2916 1679 3008 1730 τοῦ
3041 1680 3297 1748 δευτέρου
3327 1681 3494 1747 ἀνήρ-

1928 1782 2054 1833 χετο
2084 1767 2233 1828 ὅπως
2257 1764 2501 1832 ἐδύνατο,
2526 1769 2613 1820 ἵνα
2643 1770 2756 1820 ἄνω
2783 1770 2839 1821 ὲν
2866 1773 2977 1831 τοῖς
3003 1771 3240 1839 τείχεσιν
3273 1770 3495 1822 ἔλθωσι.

261 1859 558 1925 φρικαλέα,
590 1853 659 1929 ἦν
702 1861 758 1911 δέ
810 1880 924 1924 πως
966 1864 1034 1914 τά
1063 1864 1172 1915 τῶν
1214 1867 1559 1933 Χριστιανῶν
1593 1873 1824 1938 ἐπικρα-
1860 1856 1898 1908 Β
1929 1859 2036 1908 καὶ
2085 1857 2258 1909 ταῦτα
2303 1858 2478 1928 πάντα·
2536 1861 2822 1921 ποιοῦντες
2857 1862 3104 1930 σφοδρῶς
3159 1863 3253 1914 καὶ
3305 1863 3496 1931 βιαίωῖ

259 1949 521 2018 τέστερα’
551 1953 646 2004 καὶ
672 1953 778 2021 γὰρ
807 1955 861 2005 αἱ
903 1955 1302 2028 κλιμακοφόροι
1334 1963 1581 2028 τριήρεις
1622 1967 1719 2016 σὺν
1757 1968 1822 2033 τῇ

260 2043 474 2111 γεφύρᾳ
529 2044 804 2112 ἄπρακτοι
856 2047 963 2097 τῶν
1014 2049 1210 2116 τειχῶν
1263 2051 1370 2102 τῶν
1409 2052 1643 2122 ὑδραίων
1692 2057 1826 2108 ἀπε-

262 2134 629 2202 κρούσθησαν,
664 2138 758 2188 καὶ
791 2123 993 2190 τάτῶν
1025 2141 1188 2194 λίθων
1216 2145 1280 2195 ἐκ
1309 2147 1410 2212 τῆς
1442 2147 1655 2210 πόλεως
1695 2151 1828 2216 ἀφεο

259 2227 426 2294 τήρια
459 2228 746 2280 πλείστους
776 2230 885 2282 τῶν
929 2233 1189 2284 ἐναντίων
1235 2234 1562 2305 ’Δγαρηνῶν
1590 2233 1828 2307 διέφθει-

263 2333 384 2385 ραν,
417 2320 512 2370 καὶ
571 2321 633 2371 ἐκ
683 2323 780 2386 τῆς
834 2324 1034 2390 χέρσου
1092 2327 1295 2394 μέρους
1350 2330 1418 2380 τὰ
1473 2331 1636 2397 ὃμοια
1701 2338 1828 2394 τοὺς

261 2408 534 2469 ἐναντίους
590 2411 680 2462 καὶ
734 2415 914 2480 χεῖρον
980 2415 1352 2479 ἐδιξιὼσαντο.
1419 2423 1528 2474 Καὶ
1583 2419 1650 2493 ἦν
1702 2427 1829 2480 ἰδεῖν

263 2499 446 2568 θέαμα
492 2500 660 2565 ξένον,
693 2501 883 2570 ὥσπερ
921 2507 1120 2574 νεφέλη
1171 2511 1422 2578 σκοτεινὴ
1475 2513 1832 2569 καλύπτουσα

259 2591 351 2642 τὸν
393 2592 546 2661 ἥλιον
599 2594 690 2644 καὶ
733 2594 823 2644 τὸν
879 2597 1130 2664 οὐρανόν.
1360 2604 1466 2656 Καὶ
1513 2603 1611 2667 τὰς
1658 2625 1828 2661 7.0.1:.-

263 2683 654 2746 σκευασθείσας
681 2687 924 2754 μηχανὰς
950 2690 1090 2757 μετά
1111 2692 1203 2742 τοῦ
1229 2694 1393 2762 ὑγροῦ
1419 2697 1589 2762 πυρὸς
1613 2698 1832 2766 ῥίπτον-

261 2789 351 2836 τες
379 2775 502 2835 τοὺς
535 2776 811 2837 ἐναντίους
848 2777 1052 2842 ἔκαιον,
1086 2782 1180 2834 καὶ
1219 2785 1320 2845 τὰς
1376 2787 1694 2858 ἀναϐάθρας
1737 2794 1832 2844 καὶ

261 2864 539 2932 κλίμακας
592 2869 730 2933 μετά
773 2869 881 2922 τῶν
931 2871 1336 2927 ἀναϐαινόντων
1392 2877 1560 2940 λίθοις
1614 2880 1830 2950 βαρέοις

262 2956 470 3009 ἄνωθεν
514 2959 916 3024 ἁκοντίζοντες·’
938 2965 1297 3056 κατέκοπτον,
1333 2969 1427 3022 καὶ
1475 2974 1613 3039 μετά
1644 2975 1829 3027 ἐλεϐο-

266 3049 468 3100 λίσκων
504 3052 600 3103 καὶ
629 3052 799 3116 τόξων
827 3049 1160 3127 ἀπεδίωχνον
1190 3076 1204 3091 ·
1243 3061 1337 3112 καὶ
1377 3062 1486 3114 ἕνθ’
1515 3065 1580 3116 ἂν
1611 3067 1832 3134 τδἸτλῆ.

1929 1950 2302 2016 συρρήγνυται
2353 1951 2484 2016 περὶ
2536 1951 2634 2011 τὰς
2686 1951 2927 2010 εἰσόδους
2965 1954 3059 2004 καὶ
3092 1953 3312 2014 ἀνόδους
3351 1954 3497 2022 μάχη

1913 2040 2195 2107 καρτερὰ,
2241 2043 2333 2092 καὶ
2381 2040 2447 2091 τά
2503 2037 2628 2106 ξίφη
2686 2043 3022 2108 ἐσπασμένοι
3078 2044 3499 2106 συνεπλέκοντο,

1929 2130 2087 2197 φόνος
2139 2130 2196 2181 δέ
2243 2131 2410 2192 πολὺς
2451 2127 2519 2202 ἦν
2565 2133 2726 2202 283
2763 2135 3124 2203 ἑκατέρωθεν.
3161 2137 3500 2206 κλινομένης

1926 2223 1982 2275 δὲ
2016 2223 2116 2292 ἤδη
2167 2223 2266 2291 τῆς
2307 2225 2463 2292 ἡμῶν
2497 2226 2857 2293 παρατάξεως
2897 2228 3157 2295 Θεόφιλος
3199 2229 3298 2295 μὲν
3332 2233 3359 2282 ὁ
3392 2232 3502 2282 Πα-

1927 2314 2205 2382 λαιολόγος
2246 2319 2339 2369 καὶ
2397 2317 2711 2386 Δημήτριος
2741 2321 2768 2371 ὁ
2803 2320 3261 2389 Καντακουζηνὸς
3313 2321 3501 2389 ἄνδρες

1929 2406 2143 2476 ἄριστοι
2176 2409 2629 2479 προπηδήσαντες
2657 2410 2847 2462 νικῶσι
2879 2413 3006 2472 τοὺς
3033 2413 3377 2481 Ἀγαρηνοὺς
3409 2415 3503 2464 καὶ

1929 2499 2188 2562 τρέπουσι
2241 2499 2333 2550 καὶ
2386 2501 2449 2550 ἐκ
2508 2499 2615 2550 τῶν
2665 2500 2861 2569 τειχῶν
2912 2503 3005 2552 καὶ
3057 2501 3166 2553 τῶν
3217 2503 3503 2570 κλιμάκων

1933 2591 2114 2651 κακῶς
2144 2591 2566 2660 ἀπεκρήμνισαν
2603 2593 2694 2644 καὶ
2719 2593 3094 2646 διεσκέδασαν.
3123 2595 3256 2646 Τότε
3287 2596 3378 2646 οὖν
3413 2596 3504 2645 καὶ

1930 2681 2109 2750 ἕτεροι
2164 2682 2213 2732 οἱ
2273 2681 2692 2748 διατεταγμένοι
2754 2684 2833 2742 είς
2907 2684 3163 2751 βοήθειαν
3229 2685 3500 2752 ἔφθασαν.

1945 2775 2093 2825 Ἐκεῖ
2143 2774 2198 2826 δὲ
2248 2777 2276 2826 ὁ
2326 2775 2582 2842 βασιλεὺς
2629 2774 2868 2841 ἔφιππος
2924 2775 3168 2843 εὑρεθεὶς
3224 2778 3319 2828 καὶ
3381 2777 3506 2839 τοὺς

1935 2865 2276 2934 στρατιώτας
2323 2865 2717 2937 ἀναθαρῤύνων
2748 2867 2843 2918 καὶ
2895 2869 3144 2936 ἐγείρων,
3181 2869 3267 2921 ἵνα
3294 2871 3503 2937 προθύ-

1937 2975 2052 3026 μως
2107 2958 2409 3026 μάχωνται,
2464 2957 2686 3023 ἔλεγεν·
2746 2977 2764 3009 ‹
2815 2953 2884 3009 Ὦ
2949 2961 3355 3027 συστρατιῶται
3413 2966 3507 3015 καὶ

1933 3050 2172 3116 ἀδελφοὶ,
2209 3049 2370 3116 στῆτε
2401 3048 2685 3118 ἀνδρείως,
2720 3051 3030 3119 παρακαλῶ
3077 3051 3222 3119 ὑμᾶς
3263 3051 3350 3102 διὰ
3379 3053 3508 3114 τοὺς

265 3139 358 3202 θος
387 3141 679 3210 ἐθεώρουν,
711 3146 889 3198 ἐκεῖσε
922 3151 1043 3210 ταῖς
1079 3150 1352 3205 ἐλεϐὁλεσι
1400 3157 1511 3222 πῦρ
1543 3159 1829 3213 ἐνέϐαλλον
1863 3188 1904 3243 C
1937 3141 2266 3243 οίξτιξμοδξ
2287 3139 2398 3243 τοῦ.
2423 3139 2802 3243 Θεξῠχδτιξὰ
2849 3139 2942 3193 νῦν
2984 3141 3175 3243 θεωρίὲ
3207 3143 3267 3243 τὲ
3302 3143 3508 3243 “imo;

267 3233 362 3283 καὶ
409 3233 639 3296 πολλοὺς
669 3235 937 3303 ἐτληττον
983 3243 1078 3291 καὶ
1121 3245 1470 3299 ἀπέκτεινον.
1503 3249 1567 3301 Oi
1597 3251 1651 3303 δὲ
1685 3253 1838 3304 ἐναν-

268 3322 373 3375 τίοι
403 3325 465 3377 Ex
495 3342 552 3376 τε
582 3326 676 3378 τοῦ
708 3330 878 3380 κόπου
910 3332 1004 3383 τοῦ
1037 3334 1277 3402 πολέμου
1321 3339 1417 3390 καὶ
1452 3341 1550 3406 τῆς
1583 3343 1812 3397 ἀντιστά

272 3432 410 3478 σεως
457 3416 709 3468 τοσοῦτον
755 3421 1234 3492 ἀγανακτήσαντες
1264 3427 1403 3483 ὥστε
1456 3431 1682 3486 ὄπισθεν
1729 3437 1840 3491 ὀλίέ

277 3595 440 3649 stium
477 3597 777 3650 multitudo
810 3601 1034 3668 perinde
1064 3618 1128 3659 ac
1155 3605 1300 3660 funis
1335 3609 1401 3660 ab
1426 3625 1531 3662 una
1565 3624 1720 3678 parte
1751 3629 1838 3665 ur-

278 3685 362 3738 bis
393 3685 459 3737 ad
502 3688 727 3740 alteram
769 3691 1054 3757 pertinuit.
1094 3694 1328 3760 Organis
1365 3699 1594 3762 bellicis,
1632 3709 1841 3770 tympa-

278 3776 387 3837 nis,
426 3775 571 3829 tubis
604 3780 846 3842 corneis,
894 3782 1118 3849 reliquis
1154 3787 1410 3841 munibus
1448 3799 1752 3857 strepentes
1784 3801 1839 3846 et

279 3881 478 3936 magno
504 3869 797 3933 frementes
819 3870 1082 3935 clamore,
1117 3876 1168 3928 in
1201 3889 1393 3930 omnes
1429 3878 1697 3945 helepoles
1721 3882 1842 3949 igne

279 3957 548 4024 coajecto,
600 3959 783 4012 cuncti
839 3965 1210 4026 concorditer,
1265 3966 1456 4019 eodem
1494 3977 1738 4036 tempore
1789 3980 1844 4023 et

282 4047 436 4111 hora,
489 4058 630 4120 terra
670 4051 918 4117 marique
956 4051 1368 4119 impressionem
1412 4055 1621 4110 faciunt
1648 4067 1701 4110 et
1746 4074 1844 4125 pu-

276 4154 436 4206 gnum
474 4139 770 4194 lacessunt.
801 4138 1035 4204 Quidam
1067 4143 1390 4197 audaciores
1421 4145 1710 4200 bellatores
1749 4164 1844 4216 per

278 4229 454 4282 scalas
477 4229 796 4283 ascendunt.
827 4232 1017 4284 Omnis
1048 4237 1263 4298 generis
1296 4237 1399 4288 tela
1437 4236 1488 4288 in
1521 4253 1636 4302 eos,
1667 4238 1759 4306 qui
1787 4240 1840 4293 in

284 4320 525 4373 turribus
574 4330 750 4386 erant,
801 4321 1194 4389 conjiciuntur.
1250 4323 1424 4380 Horas
1462 4331 1595 4381 duas
1643 4330 1842 4384 acriter

282 4418 335 4463 et
368 4411 703 4484 horribililer
736 4424 1034 4479 pugnatum
1083 4424 1186 4481 est,
1235 4431 1300 4484 ac
1349 4421 1601 4485 superior
1653 4420 1838 4476 forsan

282 4507 399 4550 erat
451 4514 539 4551 res
574 4501 910 4555 Christiana.
945 4502 1081 4554 Nam
1115 4503 1405 4570 triremes,
1455 4509 1658 4575 quibus
1683 4510 1841 4563 scala:
1873 4530 1919 4588 ι)

283 4589 659 4655 portabantur,
688 4605 809 4644 cunt
838 4601 1003 4660 ponte
1044 4609 1101 4646 re
1135 4594 1330 4650 infecta
1364 4613 1392 4650 a
1431 4599 1604 4652 muris
1631 4601 1840 4654 mariti-

284 4681 388 4731 mis
433 4681 662 4747 repulsa:
695 4695 844 4743 sunt,
880 4693 933 4734 et
959 4698 1090 4736 saxa
1119 4701 1185 4738 ex
1218 4689 1353 4741 urbe
1385 4690 1588 4756 iactata
1636 4692 1840 4758 Agare-

284 4788 475 4824 nurum
510 4772 776 4836 plurimos
807 4777 1213 4842 exstinxeruut,
1261 4789 1422 4847 atque
1457 4797 1486 4832 e
1517 4791 1660 4835 terra
1692 4783 1842 4836 simi-

281 4865 402 4918 liter
433 4879 495 4917 ac
530 4864 683 4933 pejus
731 4865 896 4917 etiam
943 4865 1128 4919 hostes
1177 4868 1522 4936 excipiebant
1564 4887 1577 4924 :
1613 4882 1842 4940 eratque

279 4958 462 5012 videre
482 4973 678 5012 novum
700 4957 1093 5024 spectaculum,
1109 4958 1275 5012 solem
1295 4968 1348 5013 et
1365 4962 1560 5016 ccelum
1583 4971 1838 5030 tanquam

281 5049 512 5103 obscura
548 5050 688 5102 nube.
721 5050 1046 5103 involutum.
1093 5051 1365 5104 Machinis
1391 5053 1513 5121 igne
1539 5051 1726 5108 Graeco
1753 5057 1839 5109 in—

284 5142 510 5194 structis
541 5139 868 5209 jaculantes,
892 5143 1073 5196 hostes
1103 5143 1564 5209 concremabant;
1595 5146 1752 5199 scala:
1783 5158 1840 5201 et

282 5229 372 5298 qui
388 5245 482 5284 eas
499 5231 882 5293 ascendebant.
905 5233 1201 5287 molaribus
1220 5234 1451 5302 desuper
1477 5233 1636 5301 jactis
1660 5237 1844 5290 detur-

289 5319 562 5372 bubantur
592 5330 642 5372 et
673 5321 871 5389 iaculis
895 5323 1214 5390 sagittisque
1236 5324 1656 5392 repellebantur,
1674 5335 1728 5378 et
1749 5325 1839 5379 ubi

281 5410 559 5466 confertos
578 5413 760 5468 hostes
776 5415 1048 5480 videbant,
1068 5431 1132 5468 eo
1152 5416 1484 5483 belepolibus
1501 5417 1675 5483 ignem
1689 5417 1843 5486 jacu-

282 5499 374 5553 lati
419 5502 624 5556 multos
677 5504 1043 5558 vulnerabant
1077 5513 1131 5560 et
1181 5507 1602 5562 iuterﬁciebant.
1645 5508 1842 5564 Hostes

283 5601 460 5646 autem
493 5594 705 5649 labores
743 5595 870 5650 belli
901 5605 957 5650 et
992 5607 1303 5652 nostrorum
1337 5600 1557 5655 renisus
1592 5601 1665 5654 ita
1697 5617 1842 5671 aagre

285 5684 546 5738 tulerunt.
575 5697 631 5740 ut
654 5687 900 5740 nonnihil
925 5690 1174 5744 recedere
1192 5691 1388 5746 vellent
1419 5693 1484 5747 ad
1515 5694 1843 5749 recreandas

283 5774 446 5832 vires.
480 5777 680 5832 Verum
719 5782 994 5835 tzansides
1033 5791 1086 5834 et
1114 5783 1331 5839 lictores
1360 5785 1496 5838 aulae
1537 5783 1703 5854 virgis
1734 5784 1842 5840 fer-

565 5876 826 5936 PATROL.
865 5879 979 5940 Gn.
1015 5879 1209 5942 CLV].

1941 3234 2049 3284 τῶν
2085 3232 2342 3284 ἐναντίων
2377 3232 2552 3300 ἀρχὴν
2591 3231 2889 3300 λαμϐάνειν
2939 3235 3219 3303 συγκοπὴν
3251 3236 3506 3304 ποιῆσαι,

1941 3323 2036 3373 κού⁵
2065 3320 2248 3384 ὀλίγον
2299 3321 2766 3387 διασκεδάζονται,
2803 3323 2896 3374 καὶ
2944 3325 3004 3375 οὐ
3058 3326 3197 3377 κατὰ
3223 3327 3320 3394 τὴν
3355 3327 3507 3389 τάξιν

1942 3415 2121 3467 αὐτῶν
2153 3415 2247 3467 καὶ
2295 3413 2588 3483 συνήθειαν
2616 3413 2896 3484 ἔρχονται,
2927 3417 3024 3469 καὶ
3066 3421 3099 3484 ἡ
3142 3419 3264 3487 νίκη
3305 3419 3510 3482 ἐλπίζω

1943 3597 2051 3650 reis
2079 3605 2132 3649 et
2159 3600 2387 3652 scorteis
2413 3613 2510 3654 eos
2537 3600 2826 3668 urgebant,
2855 3616 2922 3653 ne
2945 3600 3089 3654 hosti
3122 3611 3266 3668 terga
3294 3602 3506 3658 darent.

1942 3686 2076 3748 Quis
2105 3700 2267 3740 voces
2297 3698 2351 3740 et
2381 3689 2656 3742 clamores
2683 3700 2740 3742 et
2773 3690 3178 3743 vulneratorum
3233 3694 3506 3761 utrimque.

1945 3777 2178 3845 gemitus
2215 3779 2396 3834 verbis
2430 3790 2785 3848 assequatur,
2839 3781 2982 3834 unde
3027 3783 3093 3836 ad
3138 3784 3314 3852 sidera
3341 3800 3507 3851 pene-

1945 3876 2114 3922 traret
2143 3868 2445 3935 strepitus?
2467 3869 2700 3933 Quidam
2727 3871 2794 3925 de
2815 3873 3042 3936 nostris,
3065 3889 3187 3926 eum
3222 3875 3291 3928 ita
3324 3877 3509 3928 hosres

1946 3957 2170 4012 aliectos
2200 3959 2479 4024 viderunt,
2514 3961 2825 4016 clamabant
2861 3980 2872 4014 :
2912 3981 2931 4013 ι
2963 3965 3118 4032 Saepe
3151 3965 3255 4019 hoc
3301 3970 3505 4021 conati.

1952 4049 2096 4102 male
2133 4063 2352 4118 semper
2399 4051 2604 4118 repulsi
2656 4053 2812 4116 estis,
2841 4071 2858 4104 ι
2894 4057 2972 4106 Ad
3009 4071 3127 4122 qua:
3167 4057 3261 4118 illi,
3295 4058 3509 4110 virtutis

1945 4141 2285 4194 ostentanda:
2315 4142 2635 4208 cupiditate,
2667 4145 2843 4198 scalas
2881 4161 3070 4200 rursus
3115 4150 3503 4202 ascendebant.

1944 4224 2050 4279 Alii
2089 4227 2348 4291 audaces,
2387 4233 2595 4284 strenui
2626 4242 2681 4286 et
2716 4235 2957 4300 prompti
2991 4237 3092 4289 viri
3121 4237 3260 4290 alter
3291 4239 3343 4291 iu
3377 4240 3507 4293 alte-

1945 4317 2062 4370 rius
2093 4317 2350 4370 humeros
2370 4327 2424 4374 et
2452 4319 2505 4371 in
2533 4320 2694 4387 hujus
2726 4323 2986 4378 buiueros
3019 4327 3236 4387 tertius,
3265 4330 3358 4396 qui
3386 4345 3508 4396 pos-

1945 4419 2056 4471 set,
2089 4410 2484 4476 ascendebant,
2533 4423 2591 4466 ut
2635 4415 2716 4478 sic
2762 4431 2950 4471 muros
2995 4428 3338 4486 superarent.
3387 4420 3511 4473 Ηειιιι

1946 4501 2128 4551 omnia
2151 4500 2280 4552 dum
2307 4501 2462 4564 (lunt,
2490 4503 2838 4559 vehementer
2861 4518 2912 4561 et
2935 4511 3134 4564 acriter
3161 4511 3302 4565 circa
3331 4513 3508 4566 aditus

1945 4599 2000 4644 et
2035 4605 2296 4646 ascensus
2342 4595 2598 4661 praelium
2642 4599 3016 4665 commissum,
3050 4612 3103 4655 et
3132 4604 3337 4658 strictis
3363 4607 3510 4659 ensi-

1945 4685 2048 4737 bus
2081 4693 2377 4752 pugnatum
2425 4695 2528 4750 est,
2564 4704 2866 4759 magnaque
2916 4696 3190 4762 utrimque
3221 4699 3381 4751 ﬂebat
3409 4715 3508 4751 ca--

1944 4774 2064 4828 des.
2091 4777 2389 4830 luclinante
2417 4779 2526 4846 jam
2555 4781 2670 4834 acie
2701 4792 2907 4844 nostra,
2939 4785 3274 4854 Theophilus
3301 4791 3507 4845 Palteo-

1945 4865 2096 4932 logus
2128 4877 2182 4920 et
2226 4867 2530 4922 Demetrius
2563 4870 3003 4939 Cautacuzenns,
3064 4879 3162 4931 viri
3198 4879 3505 4942 fortissimi,

1945 4958 2340 5024 prosiluerunt,
2370 4959 2649 5029 Agarenos
2677 4966 2925 5020 vicerunt
2951 4980 3000 5019 et
3038 4969 3294 5037 [ligarunt
3345 4984 3504 5041 atque.

1945 5065 1977 5102 e
2027 5051 2298 5104 moenibus
2343 5055 2485 5106 male
2533 5054 2849 5110 deturbatos
2901 5058 3300 5128 disperserunt.
3365 5064 3502 5118 Tum

1945 5143 2111 5195 etiam
2144 5143 2255 5208 alii,
2305 5147 2398 5212 qui
2452 5145 2564 5199 illic
2597 5149 2846 5215 dispositi
2880 5162 3084 5214 essent,
3138 5155 3203 5206 ad
3240 5157 3502 5210 auxilium

1947 5233 2290 5287 advolarunt.
2317 5235 2633 5304 Imperator,
2657 5241 2748 5306 qui
2775 5241 2914 5294 forte
2943 5244 3014 5295 ibi
3047 5246 3234 5299 aderat
3265 5251 3314 5300 in
3341 5264 3504 5314 equo,

1947 5324 2170 5390 milites,
2206 5338 2263 5378 ut
2299 5336 2519 5381 strenue
2544 5329 2889 5393 dimicarent,
2924 5334 3007 5387 his
3043 5339 3221 5391 verbis
3252 5342 3504 5390 cohorta-

1949 5423 2039 5470 tus
2067 5425 2184 5472 est:
2221 5438 2238 5469 ι
2269 5419 2684 5476 Commilitoues
2725 5434 2777 5477 et
2817 5425 3034 5492 fratres,
3065 5445 3159 5496 per
3192 5432 3504 5482 misericor-

1946 5507 2090 5561 diam
2140 5509 2232 5564 Dei
2274 5528 2372 5566 vos
2403 5529 2554 5582 rogo,
2588 5525 2729 5569 state
2779 5519 3030 5583 viriliter,
3068 5521 3502 5588 quandoquidem

1945 5599 2187 5653 hostium
2214 5604 2570 5669 copiasuunc
2604 5607 2812 5663 viribus
2845 5611 3126 5662 labascere
3157 5624 3209 5664 et
3247 5612 3504 5678 paulatim

1947 5691 2204 5761 dissipari
2246 5697 2579 5751 nec'ordine
2620 5709 2673 5751 et
2724 5718 2871 5755 more
2905 5718 3003 5754 suo
3034 5703 3282 5753 incedere
3325 5704 3503 5764 video,

1948 5799 2031 5849 ac,
2086 5784 2193 5838 Deo
2239 5788 2506 5854 conﬁsus,
2535 5805 2740 5856 spero,.
2772 5795 3050 5846 victoriam
3095 5799 3338 5842 rmstram
3367 5789 3505 5848 iure.

3075 5882 3147 5942 28
