4066 6296
562 314 668 376 875

1786 309 2108 368 GEORGII
2151 309 2349 366 PIIRA
2367 309 2577 370 ΝΤΖΕ

3727 301 3848 366 8τῦ

565 429 644 490 εἰς
690 425 822 480 Θεδν
871 420 964 476 τοῦ
999 415 1136 476 εἶναι
1183 419 1447 489 ἡμετέρα.
1481 418 1704 483 Λοιπὸν,
1736 421 1975 488 ἀδελφοὶ,
2014 419 2131 489 χαί·
2161 428 2202 476 Α
2233 421 2566 490 φρονήσεως.
2604 419 2668 473 Οἱ
2723 417 2779 472 δὲ
2811 418 3067 486 Τοῦρκοι,
3129 416 3327 477 ἰδόντες
3386 417 3487 487 τὴν
3539 415 3848 484 τοσαύτην

571 533 717 586 ρετε,
750 515 832 568 ὅτι
881 515 909 565 6
960 510 1255 579 πολύτιμος
1306 509 1574 576 στέφανος
1619 511 1747 575 ὑμῖν
1783 508 1980 572 ιΞσετοιι,
2015 512 2133 581 οὐχὶ.

569 609 730 676 μόνον
763 604 1000 672 φθαρτὸς
1028 603 1119 655 καὶ
1151 601 1364 671 γήϊνος,
1396 599 1534 652 ἀλλά
1557 602 1651 652 καὶ
1685 601 2026 672 έπουρρινιος.
2076 600 2133 651 'U

563 699 694 759 ωεδς
725 698 752 748 6
790 696 929 765 ὑπὲρ
966 695 1123 764 ήμῶν
1156 695 1406 762 πολεμεῖ,
1448 693 1624 763 δειλίᾳ.
1653 693 1876 762 κατέχει
1906 692 1966 743 τὸ
2000 693 2137 761 πλῆ-

568 791 656 852 θος
689 789 797 843 τῶν
831 788 1062 841 ἀσεϐῶν.
1111 807 1129 839 ι
1502 856 1504 858 _

645 881 758 936 Καὶ
805 881 979 933 ταῦτα
1027 879 1122 931 τοῦ
1181 877 1451 948 βασιλέως
1509 878 1782 945 λέγοντος,
1823 877 2076 946 Ἰωάννης
2111 879 2137 928 ὁ

519 1018 522 1022 .
581 974 964 1035 ’ῐουστινιανὸς
1011 975 1037 1024 6
1069 973 1164 1025 καὶ
1215 970 1522 1040 στρατηγὸς
1565 971 1777 1038 ἐπλήγη
1803 969 1956 1034 τόξου
1993 970 2134 1037 βέλει

570 1071 628 1120 ὲν
679 1069 791 1130 τοῖς
839 1067 1085 1118 σκέλεσιν
1133 1063 1224 1134 ἐπὶ
1262 1063 1352 1116 τὸν
1404 1062 1577 1126 δεξιὸν
1626 1061 1782 1134 πόδα.
1819 1062 1988 1124 Αὐτὸς
2022 1061 2078 1114 δὲ
2111 1064 2137 1114 6

569 1159 824 1212 τοσοῦτον
877 1156 1138 1225 ἔμπειρος
1190 1154 1264 1206 ὢν
1319 1152 1582 1218 πολέμου,
1613 1153 1687 1215 ὡς
1744 1149 1852 1204 εἶδε
1897 1153 1958 1204 τὸ
2004 1147 2140 1219 αἷμα

569 1253 716 1319 ῥέειν
747 1251 812 1300 ἐκ
835 1248 928 1318 τοῦ
963 1248 1214 1316 σώματος
1249 1244 1440 1310 αὑτοῦ,
1464 1246 1586 1307 ὅλος
1621 1243 1916 1312 ἠλλοιώθη.
1953 1245 2044 1297 καὶ
2071 1243 2140 1314 ἢν

567 1340 880 1410 προέδειξεν
937 1341 1163 1406 ἁνδρῖαν
1196 1340 1259 1390 ὲκ
1293 1336 1389 1389 τοῦ
1434 1336 1600 1402 φόϐου
1648 1336 1836 1404 ἔχασε,
1873 1337 1968 1389 καὶ
2000 1336 2141 1389 ἀνω-

569 1435 748 1503 φελῶς
786 1435 921 1503 μετά
953 1432 1125 1486 ταῦτα
1152 1431 1373 1500 ἔπραξε.
1407 1429 1503 1492 Ὃς
1527 1428 1877 1498 ἀνεχώρησεν
1906 1429 2026 1481 ὅθεν
2051 1425 2137 1499 ἦν.

569 1527 734 1599 284
764 1526 919 1580 Μετά
972 1525 1183 1591 σιωπῆς
1236 1522 1491 1589 διῆρχετο
1543 1521 1724 1584 ζητῶν
1782 1523 2022 1590 ἰατροὺς,
2067 1524 2141 1590 μὴ

575 1613 931 1685 μνημονεύων
963 1615 1060 1677 τῆς
1090 1611 1474 1678 γενναιότητος
1510 1612 1602 1662 καὶ
1638 1610 2044 1676 ἐπιδεξιότητος
2073 1611 2140 1680 ἦν

575 1706 812 1776 ἀρχῆθεν
864 1702 1051 1766 ἔδειξε.
1089 1702 1199 1753 Καὶ.
1236 1701 1333 1752 οὐκ
1388 1697 1509 1751 εἷπε
1545 1703 1656 1760 τοῖς
1707 1701 1957 1754 συνοῦσιν
1993 1701 2140 1769 αὐτῷ

573 1801 747 1861 οὐδὲν,
776 1796 898 1850 οὔτε
936 1797 1049 1847 ἀντ’
1085 1794 1252 1846 αὑτοῦ
1297 1793 1448 1845 εἴασέ
1479 1809 1604 1845 τινα
1639 1792 1847 1861 ἓτερον,
1882 1794 1969 1845 ἵνα
2001 1793 2076 1862 μὴ
2107 1795 2138 1862 ἡ

574 1892 825 1960 γεγονυῖα
858 1888 1120 1956 σύγχυσις
1153 1886 1378 1952 γένηται
1425 1884 1518 1934 καὶ
1549 1883 1818 1936 ἀπώλεια.
1862 1885 2142 1952 Στραφέν-

570 2001 661 2046 τες
693 1982 748 2034 δὲ
777 1983 824 2034 οἱ
856 1977 1183 2045 στρατιῶται
1216 1976 1308 2026 καὶ
1345 1974 1419 2042 μὴ
1453 1974 1653 2035 ἰδόντες
1678 1973 1770 2023 τὸν
1805 1976 2137 2041 στρατηγὸν,

574 2077 660 2127 διὰ
696 2073 788 2125 τοῦ
828 2071 1084 2140 ῥηθέντος
1114 2067 1272 2133 λόγου
1312 2066 1394 2117 ὅτι
1429 2064 1632 2131 ἔφυγεν
1662 2067 1741 2125 εἰς
1773 2065 2019 2132 ταραχὴν
2051 2067 2142 2119 καὶ

575 2167 778 2220 δειλίαν
832 2161 1076 2232 μεγάλην
1126 2158 1404 2210 ἐνέπεσον.
1467 2156 1526 2207 'U
1575 2145 1684 2210 οὖν’
1715 2157 1971 2226 βασιλεὺς
2004 2159 2145 2210 κατὰ

578 2253 879 2321 συγκυρίαν
929 2251 1091 2303 πάλιν
1137 2249 1316 2299 ἐκεῖσε
1371 2247 1614 2314 εὑρεθεὶς
1669 2249 1769 2317 ὁρᾷ
1818 2249 1944 2311 τοὺς
1983 2266 2144 2318 στρα-

573 2350 776 2408 τιώτας
812 2341 1256 2412 συγκεχυμένους
1292 2344 1387 2394 καὶ
1422 2341 1659 2408 μεστοὺς
1693 2341 1862 2409 φόϐου
1910 2344 1982 2404 ὡς
2011 2343 2145 2410 πρό-

575 2437 714 2488 δατοι
739 2434 1063 2500 διωκόμενα,
1094 2431 1187 2483 καὶ
1219 2418 1407 2498 μαθῶν
1441 2430 1500 2480 τὸ
1529 2428 1704 2480 αἴτιον
1737 2432 1830 2482 καὶ
1858 2432 1948 2482 τὸν
1982 2448 2146 2500 στρα-

576 2529 742 2596 τηγὸν
782 2523 947 2578 αὐτοῦ
1001 2521 1385 2576 Ἰουστινιανὸν
1435 2520 1558 2572 ξδὼν
1617 2521 1892 2590 φεύγοντα
1923 2524 2146 2590 ἐγγίσας

580 2620 730 2687 αὐτῷ
754 2617 902 2684 λέγει
932 2631 944 2646 ·
986 2632 1004 2665 t
1041 2613 1291 2680 ’Δδελφὲ,
1325 2613 1378 2664 τί
1410 2612 1567 2664 τοῦτο
1596 2615 1949 2683 πεποῖηκας;
1985 2616 2148 2684 Στρέ-

531 2749 534 2753 .
583 2713 684 2776 ψον
715 2712 771 2762 έν
801 2709 875 2777 τῷ
905 2706 1318 2774 διατεταγμένῳ
1352 2721 1446 2756 σου
1473 2707 1642 2770 τόπῳ.
1689 2704 1753 2757 Ἦ
1790 2707 1974 2776 πληγὴ
2006 2705 2142 2776 αὕτη

582 2805 762 2869 ὀλίγον
789 2801 839 2853 τι
872 2803 1004 2852 ἐστι.
1028 2799 1289 2868 Στρέψον,
1308 2798 1389 2848 ὅτι
1413 2797 1479 2848 τὰ
1509 2797 1604 2848 νῦν
1632 2799 1663 2863 ἡ
1695 2799 1910 2850 πλείων·
1935 2799 2144 2867 ἀνάγκη

585 2893 752 2944 ἐστίν.
794 2891 858 2942 ’1-1
895 2889 1049 2949 πόλις
1098 2888 1179 2948 εἰς
1227 2886 1416 2955 χεῖράς
1468 2903 1563 2937 σου
1612 2885 1903 2955 κρέμεται,
1937 2888 2024 2939 ἵνα
2056 2889 2149 2938 λυο

581 2980 798 3052 τρώσῃς
843 2979 1032 3046 αὐτήν.
1068 2995 1086 3026 ι
1135 2974 1310 3027 Πολλὰ
1336 2973 1396 3025 δὲ
1442 2973 1692 3034 εἰπόντος
1743 2975 1837 3026 τοῦ
1885 2976 2148 3042 βασιλέως

2237 509 2500 577 σύγχυσιν
2535 510 2644 562 τῶν
2676 512 2984 579 ἡμετέρων,
3035 509 3233 577 θάρσος
3265 509 3481 561 ἔλαϐον.
3517 509 3690 562 Ἐκεῖ
3749 513 3850 559 καὶ

2236 601 2264 651 ὁ
2298 601 2469 665 Σογάν
2501 603 2744 668 μπασιᾶς
2775 600 2969 667 παρὼν
3004 603 3114 662 τοῖς
3159 599 3546 667 ῖαννιτζαρίοις
3579 602 3687 652 καὶ
3724 602 3848 659 τρεῖς

2240 694 2446 759 ἑτέροις
2471 692 2772 761 διαλεχθεὶς
2800 693 3098 759 ἐπήγειρεν
3131 692 3308 743 αὐτῶν
3346 693 3414 744 τὰ
3456 694 3848 759 φρονήματα,

2241 784 2351 835 Καί
2407 801 2489 845 τις
2549 782 2885 851 ῖαννίτζαρις
2939 783 3182 851 τοῦνομα
3247 784 3506 848 Χασάνης
3575 783 3674 848 (ἐκ
3749 783 3848 832 τοῖ

2241 878 2542 932 Λουπαδίου
2593 879 2619 928 6
2675 879 3018 947 γιγαντώδης
3076 877 3302 946 ὥρμητο
3368 876 3619 947 λένδρος)
3689 877 3848 943 ὑπὲρ

2242 970 2484 1036 κεφαλῆς
2517 972 2584 1039 τῇ
2618 971 2887 1040 ἀριστερᾷ
2910 970 3054 1039 χειρὶ
3088 970 3178 1021 τὸν
3208 969 3398 1037 θυρεὸν
3434 969 3647 1037 βαλὼν,
3680 971 3763 1035 τῇ
3795 969 3850 1018 δέ

2240 1062 2388 1131 δεξιᾷ
2414 1065 2474 1115 τὸ
2501 1062 2651 1131 ξῖφος
2680 1064 3087 1131 ἀσπασάμενος,
3116 1065 3207 1115 ἐπὶ
3244 1065 3305 1115 τὸ
3335 1065 3532 1132 τεῖχος,
3562 1056 3630 1115 οὗ
3657 1063 3854 1115 ἐθεώ-

2247 1176 2328 1227 ρει
2389 1159 2484 1224 τὴν
2536 1158 2821 1227 σύγχυσιν,
2881 1158 3178 1227 ἐχώρησεν.
3461 1151 3726 1208 δἘττοντο
3796 1157 3852 1206 δὲ

2241 1248 2389 1316 αὑτῷ
2417 1249 2510 1301 καὶ
2547 1250 2726 1316 ἕτεροι
2769 1248 2904 1300 ὡαελ
2941 1250 3256 1316 τριάκοντα,
3290 1249 3388 1314 τὴν
3439 1247 3683 1316 ἀνδρίαν
3748 1245 3854 1312 ζη-

2241 1338 2534 1403 λώσαντες.
2569 1342 2630 1392 Ol
2684 1339 2740 1392 δὲ
2792 1341 3260 1407 ὲναπομείναντες
3316 1339 3580 1406 ἡμέτεροι
3638 1340 3708 1388 ὲν
3765 1338 3851 1404 τῷ

2243 1432 2412 1498 τειχει
2442 1431 2834 1499 κατηκόντιζον
2861 1431 3059 1492 αὐτοὺς
3091 1432 3185 1482 καὶ
3221 1429 3430 1498 βέλεσιν
3463 1430 3714 1483 ἔϐαλλον
3753 1433 3856 1481 καὶ

2245 1520 2426 1584 λίθους
2466 1521 2875 1589 ὑπερμεγέθεις
2907 1521 3122 1574 έκύλιον
3157 1521 3276 1573 κατ’
3306 1522 3484 1574 αὐτῶν
3508 1538 3522 1550 ο
3558 1523 3711 1574 δέκα
3735 1525 3848 1574 αιαὲ

2246 1613 2388 1664 ὀκτὼ
2441 1613 2498 1676 ἔξ
2543 1613 3201 1687 αὑτῶνάπεκρήμνισαν.
3251 1611 3309 1665 Ὀ
3357 1615 3414 1666 δὲ
3459 1613 3742 1683 Χασάνης
3783 1616 3845 1664 οὗ

2248 1704 2512 1774 πρότερον
2546 1705 2747 1772 ἐπέσχε
2802 1706 2901 1772 τὴν
2930 1703 3106 1773 ὁρμὴν
3133 1705 3165 1774 ἢ
3197 1705 3440 1756 ἀνελθεῖν
3476 1708 3532 1756 έν
3567 1707 3684 1767 τοῖς
3722 1707 3843 1756 τεί-

2245 1811 2363 1861 χεσι
2415 1797 2508 1846 καὶ
2546 1795 2852 1864 τρέψασθαι
2894 1796 3023 1856 τοὺς
3071 1797 3397 1864 ἡμετέρους.
3441 1796 3640 1848 Ἱίνίκα
3699 1797 3844 1861 γοῦν

2244 1886 2513 1954 ἐκράτησε
2550 1887 2646 1954 τῆς
2677 1887 3100 1954 ἐπιχειρήσεως,
3141 1889 3234 1939 καὶ
3263 1889 3442 1956 ἕτεροι
3477 1888 3667 1940 πολλοὶ
3703 1892 3842 1941 ἁκο-

2245 1976 2603 2045 λουθήσαντες
2663 1978 2968 2046 ἀνήρχονεο
3016 1981 3095 2041 εἰς
3156 1979 3213 2030 τὸ
3278 1983 3477 2048 τεῖχος.
3526 1981 3645 2032 Καὶ
3693 1983 3834 2042 τοὺς

2245 2066 2632 2129 ἀναϐαίνοντας
2661 2067 2760 2119 οὐκ
2793 2067 3037 2134 ἔφθασαν
3066 2069 3298 2123 κωλύειν
3345 2074 3393 2123 οἱ
3425 2073 3695 2140 ἡμέτεροι
3736 2073 3833 2124 διὰ

2242 2159 2340 2228 τὴν
2389 2159 2680 2229 ὀλιγότητα
2709 2177 2720 2190 ·
2757 2161 2806 2212 οἱ
2856 2162 2910 2213 δὲ
2966 2162 3219 2228 πολέμιοι
3259 2163 3464 2232 πλῆθος
3494 2160 3660 2235 ἦσαν.
3694 2167 3834 2226 Τοῖς

2244 2251 2299 2302 δὲ
2356 2251 2590 2304 ἀναϐᾶσι
2645 2251 3053 2320 συμπλέκοντες
3110 2255 3400 2324 ἐμάχοντο,
3444 2259 3536 2310 καὶ
3591 2255 3661 2326 ἦν
3724 2263 3831 2312 οὐκ

2243 2340 2424 2405 ὀλίγος
2468 2341 2647 2392 αὐτῶν
2701 2343 2727 2392 6
2779 2341 2958 2408 φόνος.
2999 2344 3106 2396 Καὶ
3136 2346 3161 2395 6
3194 2345 3454 2412 Χασάνης
3509 2349 3832 2417 μαχόμενος

2247 2432 2642 2499 προσπαισθεὶς
2667 2432 2843 2502 πέτρᾳ
2867 2435 2974 2485 τινὶ
2997 2435 3324 2490 κατέπεσεν.
3355 2437 3829 2508 Ἐπιστραφέντες

2247 2523 2301 2575 δὲ
2330 2524 2380 2574 οἱ
2411 2521 2674 2592 ἡμέτεροι
2727 2526 2818 2576 καὶ
2859 2525 3060 2587 ἰδόντες
3105 2528 3270 2580 αὐτὸν
3307 2529 3557 2596 κείμενον
3585 2533 3830 2598 πέτραις

2247 2614 2470 2665 ἔϐαλλον
2509 2614 2774 2666 πάντοθεν
2802 2631 2815 2644 °
2877 2617 2904 2668 6
2932 2616 2990 2668 δὲ
3050 2618 3129 2678 εἰς
3185 2620 3314 2684 γόνυ
3348 2620 3638 2683 διαναστὰς
3675 2625 3831 2692 ἡμὰ-

2248 2721 2388 2762 νετο,
2419 2704 2523 2755 ὑπὸ
2551 2705 2605 2756 δὲ
2641 2705 2732 2758 τοῦ
2791 2705 3032 2774 πλήθους
3071 2707 3182 2759 τῶν
3215 2713 3544 2778 τραυμάτων
3577 2716 3825 2783 παρείθη

2247 2795 2342 2860 τὴν
2369 2793 2550 2856 δεξιὰν
2584 2800 2678 2847 καὶ
2724 2796 3051 2864 κατεχώσθη
3095 2800 3210 2861 τοῖς
3248 2799 3449 2868 βέλεσι.
3490 2805 3601 2856 Καὶ
3635 2805 3821 2873 ἕτεροι

2251 2884 2436 2936 πολλοὶ
2489 2885 2917 2955 ἀπεκτάνθησαν
2972 2888 3435 2958 καῖ’ὲπλήγησαν
3481 2894 3572 2944 καὶ
3627 2895 3822 2947 ⁶ἐνεκεν

2249 2975 2356 3026 τῶν
2386 2977 2720 3044 τραυμάτων
2753 2978 2888 3042 πρὸς
2928 2979 2988 3030 τὸ
3015 2981 3381 3046 στρατόπεδον
3416 2984 3818 3055 ἐκομίσθησαν.

580 3072 728 3139 αὐτῷ
759 3070 910 3122 οὐδὲν
942 3067 1295 3136 ἀπεκρίνατο,
1328 3063 1444 3117 ἀλλ’
1473 3067 1530 3116 ὲν
1557 3067 1632 3135 τῷ
1659 3067 1872 3137 Γαλατᾷ
1898 3069 2146 3137 περάσας
2173 3085 2213 3139 α
2249 3063 2380 3117 Εἶτα
2432 3068 2687 3120 τοσοῦτον
2743 3069 2949 3121 ἀναϐὰν
3005 3071 3063 3122 τὸ
3115 3071 3317 3137 πλῆθος
3363 3074 3470 3126 τῶν
3543 3079 3824 3146 πολεμίων

581 3163 822 3231 αἰσχρῶς
881 3163 1000 3213 ἐκεῖ
1053 3158 1284 3227 τελευτᾷ
1338 3159 1401 3210 ὲκ
1452 3156 1552 3224 τῆς
1595 3151 1828 3225 πικρίας
1867 3163 1960 3214 καὶ
1993 3177 2147 3229 περι-

582 3348 659 3398 Ac
687 3342 934 3412 gaudete,
972 3339 1194 3410 fratres,
1227 3338 1488 3408 quoniam
1517 3349 1717 3390 corona
1750 3338 2146 3405 pretiosissima

583 3435 736 3488 vobis
767 3432 1001 3500 reposita
1030 3439 1136 3489 est.
1164 3445 1271 3482 non
1307 3428 1452 3483 ﬂuxa
1481 3439 1533 3483 et
1567 3440 1782 3484 terrena
1818 3431 2019 3494 solum,
2054 3431 2149 3484 sed

582 3528 746 3578 etiam
783 3521 1046 3576 caelestis.
1099 3519 1205 3583 Qui
1245 3533 1344 3586 pro
1384 3519 1541 3572 nobis
1581 3527 1785 3589 pugnat
1835 3518 2000 3584 Deus,
2050 3521 2152 3574 im-

585 3621 803 3689 piorum
839 3616 1025 3682 copias
1059 3611 1352 3666 formidine
1383 3611 1623 3664 cohibet.
1651 3629 1668 3662 ι

653 3707 774 3761 Hth
822 3704 1034 3757 dicente
1087 3704 1439 3769 imperatore,
1497 3699 1734 3754 Joannes
1805 3698 2152 3755 Justinianus

583 3800 690 3850 dux
724 3798 920 3865 sagitta
950 3794 1274 3846 vulneratus
1305 3799 1390 3846 est
1424 3791 1476 3843 in
1509 3791 1737 3844 dextero
1767 3791 1927 3858 pede.
1956 3787 2048 3842 Vir
2072 3791 2150 3844 rei

587 3890 836 3956 ltlllllarls
860 3897 967 3939 tam
991 3884 1210 3952 egregie
1237 3885 1466 3946 peritus,
1498 3881 1590 3933 ubi
1625 3882 1945 3947 sanguinem
1977 3897 2007 3934 e
2031 3896 2152 3935 cor-

587 3994 718 4046 pore
762 3975 1123 4044 proﬂuentem
1154 3974 1310 4036 vidit,
1343 3981 1492 4026 totus
1537 3981 1800 4034 mutatus,
1835 3985 1996 4038 quam
2031 3982 2153 4025 ante

586 4070 900 4120 ostenderat
943 4064 1229 4123 virtutem,
1287 4062 1470 4115 statim
1528 4075 1730 4129 pavore
1782 4061 2004 4129 abiecit,
2054 4077 2153 4115 nec

587 4160 887 4230 quidquam
921 4165 1106 4226 postea
1154 4170 1332 4221 Operae
1361 4154 1603 4216 navavit,
1636 4154 1730 4207 sed
1767 4155 1906 4218 loco,
1951 4155 2001 4207 in
2043 4170 2152 4223 quo

587 4260 730 4315 erat,
754 4248 968 4310 relicto,
999 4263 1119 4299 cum
1147 4244 1368 4298 silentio
1399 4244 1677 4308 discessit,
1709 4244 1976 4297 medicum
2007 4259 2154 4314 qua:-

588 4356 735 4404 rens,
771 4354 872 4393 nec
903 4351 1113 4392 memor
1139 4334 1481 4388 fortitudinis
1508 4343 1562 4386 et
1592 4334 1956 4396 dexteritatis,
1987 4351 2149 4402 quam

2251 3159 2376 3220 τοὺς
2455 3160 2765 3228 ἡμετέρους
2820 3161 3205 3228 διεσκέδασαν,
3264 3166 3355 3214 καὶ
3415 3167 3642 3231 ἐφέντες
3695 3171 3822 3229 τοὺς

2253 3346 2366 3400 tus,
2409 3353 2645 3392 mterore
2701 3340 2857 3393 obiit.
2912 3341 3136 3394 interim
3186 3342 3396 3406 Turczc,
3446 3347 3820 3402 aninmdversa

2254 3441 2404 3481 tanta
2431 3437 2743 3482 nostrorum
2768 3434 3200 3498 perturbatione,
3230 3445 3555 3502 receperunt
3579 3436 3819 3497 animos;

2255 3525 2423 3583 atque
2449 3516 2630 3584 Sogan
2664 3518 2843 3570 liasias
2867 3517 3200 3586 iannitzaros
3228 3521 3470 3590 aliosque
3498 3523 3819 3576 adhortatus

2253 3611 2446 3664 erexit.
2475 3607 2827 3664 Janoitzarus
2855 3611 3098 3679 quidam,
3140 3613 3357 3665 nomine
3386 3613 3684 3677 Chasanes,
3714 3614 3814 3667 Lu-

2253 3701 2742 3765 padiooriundus,
2792 3703 2996 3770 ingenti
3025 3702 3276 3770 corporis
3314 3705 3702 3770 magnitudine,
3745 3707 3816 3757 si-

2255 3792 2424 3845 nistra
2449 3807 2611 3844 manu
2639 3808 2800 3861 supra
2826 3802 2990 3861 caput
3014 3806 3228 3847 scutum
3258 3797 3604 3862 protendens,
3628 3797 3810 3850 dextra

2254 3883 2493 3952 gladium
2522 3886 2822 3952 stringens,
2849 3885 2914 3937 ad
2947 3901 3187 3949 murum,
3213 3901 3317 3953 qua
3337 3889 3577 3941 turbatos
3601 3899 3814 3942 nostros

2255 3974 2412 4040 vidit,
2481 3977 2778 4044 processit,
2837 3975 3060 4029 circiter
3090 3976 3308 4044 triginta
3363 3978 3566 4031 virtutis
3597 3980 3808 4032 mmulis

2255 4065 2636 4133 sequentibus.
2672 4065 2854 4119 Nostri
2905 4070 3234 4120 manserunt
3291 4069 3344 4120 in
3396 4082 3555 4130 muro,
3601 4082 3806 4134 eosque

2253 4155 2452 4224 jaculis
2483 4167 2538 4210 et
2569 4157 2867 4224 grandibus
2887 4159 3039 4211 saxis
3071 4170 3406 4226 exceperunt
3436 4169 3590 4227 atque
3619 4160 3805 4213 decem

2257 4257 2308 4298 et
2346 4257 2468 4300 octo
2527 4248 2904 4301 deturbarunt.
2938 4247 3138 4301 Verum
3189 4249 3472 4304 Cltasanes
3519 4265 3621 4302 non
3664 4266 3810 4318 prius

2259 4337 2467 4389 remisit
2523 4339 2806 4405 impetum,
2856 4353 3042 4401 quam,
3093 4355 3323 4403 escenso
3377 4356 3558 4404 muro,
3606 4355 3811 4395 nostros

587 4448 617 4485 a
651 4429 923 4500 principio
959 4428 1288 4495 praestiterat
1324 4441 1338 4478 :
1377 4439 1474 4477 nec
1511 4439 1638 4477 vero
1681 4425 1748 4478 iis
1777 4428 1868 4492 qui
1902 4426 2146 4498 aderant,
2188 4425 2226 4478 D
2259 4427 2487 4495 fugaret.
2544 4429 2840 4496 Postquam
2892 4430 3058 4499 igitur
3100 4446 3233 4485 auso
3281 4434 3485 4500 potitus
3523 4445 3624 4497 cst,
3657 4436 3810 4487 etiam

589 4523 756 4575 ullum
789 4521 1013 4573 verbum
1049 4515 1198 4578 fecit,
1226 4524 1317 4568 aut
1357 4513 1440 4568 sui
1481 4513 1743 4567 vicarium
1778 4515 2016 4583 reliquit,
2047 4532 2154 4583 quo

589 4612 963 4680 impediretur,
987 4623 1114 4678 qua:
1141 4617 1328 4661 secuta
1355 4614 1462 4666 est,
1494 4604 1747 4657 confusio
1785 4616 1838 4658 et
1863 4605 2152 4682 pernicies.

585 4703 851 4760 Conversi
904 4702 1048 4757 enim
1109 4699 1329 4763 milites,
1388 4712 1510 4751 cum
1547 4696 1740 4749 ducum
1795 4711 1900 4748 non
1939 4699 2153 4766 conspi-

585 4800 760 4860 ciunt,
794 4797 887 4850 sed
943 4795 1147 4864 fugisse
1187 4793 1440 4855 audiunt,
1497 4791 1550 4843 in
1602 4789 2065 4858 perturbationem
2102 4800 2154 4844 ct

592 4902 790 4940 I-llt'lllm
828 4887 1099 4952 ingentem
1149 4883 1481 4936 inciderunt.
1518 4881 1727 4933 Rursus
1754 4881 1916 4944 forte
1969 4882 2156 4934 aderat

593 4979 933 5045 imperator:
981 4975 1074 5042 qui
1104 4975 1194 5027 ubi
1247 4972 1452 5027 milites
1491 4973 1840 5040 perturbatos
1869 4982 1921 5026 ct
1965 4974 2151 5040 plenos

590 5071 802 5128 timore,
857 5067 1000 5120 velut
1033 5080 1162 5119 oves
1194 5064 1382 5119 bestiis
1431 5065 1692 5132 agitatas,
1732 5064 1885 5127 vidit,
1934 5078 2150 5116 causam

590 5158 815 5210 edotcus
861 5153 1315 5208 etJustinianum
1365 5152 1654 5220 profugum
1690 5151 2150 5213 animadvertens,

590 5250 670 5299 sic
693 5262 816 5299 eum
845 5245 1160 5312 aggreditur
1197 5260 1210 5294 :
1252 5262 1270 5292 ι
1305 5242 1374 5295 Mi
1409 5242 1599 5303 frater,
1632 5243 1828 5310 inquit,
1856 5241 1984 5309 quid
2013 5243 2151 5294 istud

593 5339 750 5407 agis?
780 5337 909 5390 Redi
945 5336 997 5388 in
1032 5336 1210 5387 locum
1243 5343 1397 5386 ttttttn
1437 5349 1451 5386 :
1483 5334 1640 5402 plaga
1669 5334 1770 5387 ista
1797 5334 2004 5387 modica
2037 5343 2149 5394 est;

592 5432 732 5492 redi,
771 5430 969 5482 amabo
1005 5437 1057 5479 te
1087 5444 1100 5490 ;
1132 5427 1349 5493 gravior
1374 5426 1517 5479 cnim
1556 5439 1699 5479 nunc
1727 5425 2026 5478 necessitas
2059 5441 2152 5477 ur-

590 5533 699 5591 get.
738 5519 875 5573 Urbs
906 5520 956 5572 in
994 5517 1248 5570 ntauibus
1279 5520 1389 5571 tuis
1420 5525 1526 5576 est,
1559 5531 1587 5568 a
1617 5525 1668 5568 te
1697 5516 1964 5568 servanda
1996 5525 2095 5568 est.
2129 5533 2146 5565 ι

538 5667 550 5675 γ
591 5614 706 5663 Alia
738 5613 888 5676 plura
919 5609 1161 5662 monenti
1201 5608 1514 5673 imperatori
1556 5607 1686 5658 nihil
1730 5607 2033 5672 respondit,
2059 5607 2149 5659 sed

590 5703 831 5754 (lalatam
857 5702 1136 5768 trajectus,
1161 5699 1354 5752 ibidem
1386 5698 1437 5749 in
1463 5698 1918 5763 contemptionem
1949 5697 2150 5748 adduc-

2259 4519 2409 4570 ntulti
2443 4518 2553 4581 alii,
2583 4535 2708 4572 cum
2748 4521 2946 4582 secuti,
2985 4521 3038 4574 in
3075 4537 3286 4574 murum
3325 4524 3650 4584 evadebant,
3687 4541 3812 4589 quos

2258 4607 2428 4660 nostri
2461 4618 2683 4675 propter
2711 4608 3050 4676 paucitatem
3095 4609 3383 4676 prohibere
3418 4626 3525 4664 non
3556 4621 3809 4678 poterant.

2256 4713 2378 4751 cum
2416 4698 2652 4749 hostium
2686 4713 2916 4766 magnus
2948 4714 3212 4752 numerus
3245 4709 3413 4754 esset.
3457 4700 3707 4754 Przelium
3743 4712 3813 4755 ta.

2258 4803 2379 4840 tuen
2413 4803 2535 4840 cum
2571 4788 2659 4849 iis,
2678 4787 2770 4854 qui
2804 4789 3192 4854 ascenderem,
3212 4791 3609 4845 commiserunt
3633 4805 3686 4846 et
3709 4810 3807 4846 non

2257 4880 2507 4947 exiguam
2545 4881 2596 4930 in
2642 4895 2738 4932 eos
2778 4880 3066 4933 ediderunt
3095 4882 3338 4935 'caedem.
3371 4883 3491 4950 Ipse
3519 4883 3808 4947 Chasanes,

2257 4969 2398 5020 inter
2426 4969 2772 5034 pugnandum
2824 4984 2957 5021 saxo
2986 4968 3246 5031 offensus,
3291 4973 3605 5039 procubuit.
3641 4975 3803 5036 Quem

2255 5073 2378 5114 cmn
2406 5061 2653 5111 conversi
2693 5061 2862 5112 nostri
2891 5060 3160 5125 iacentem
3212 5063 3415 5126 vident,
3474 5064 3680 5132 lapides
3712 5081 3807 5116 titt-

2255 5151 2421 5218 dique
2454 5150 2507 5202 itt
2545 5166 2665 5203 eum
2699 5151 3020 5218 conjiciunt.
3061 5151 3155 5205 Ille
3188 5153 3240 5204 in
3273 5169 3446 5221 genua
3488 5155 3690 5219 enisus,
3716 5171 3808 5224 pu-

2255 5244 2476 5310 gnabat,
2531 5242 2622 5293 sed
2661 5258 2782 5293 mox
2839 5243 3117 5309 plagarum
3167 5245 3517 5299 multitudine
3566 5247 3806 5299 manibus

2255 5333 2498 5400 elanguit
2547 5341 2600 5385 et
2647 5333 2769 5384 telis
2811 5332 3042 5386 obrutus
3091 5343 3193 5386 est.
3230 5332 3381 5386 Multi
3427 5335 3555 5387 item
3591 5335 3678 5388 alii
3717 5346 3807 5388 aut

2256 5425 2451 5485 oet-isi,
2503 5431 2595 5475 aut
2647 5423 2917 5474 vulnerati
2963 5433 3016 5475 et
3067 5435 3290 5492 propter
3318 5426 3503 5494 plagas
3539 5428 3590 5479 in
3638 5436 3807 5482 castra

2256 5513 2524 5580 asportati
2560 5522 2707 5564 sunt.
2758 5511 2998 5564 Tandem
3054 5516 3234 5567 hostes
3284 5515 3603 5569 catervatim
3657 5532 3805 5569 muro

2254 5604 2430 5671 potiti,
2466 5613 2686 5654 nostros
2723 5603 3078 5668 dissipat-unt,
3127 5604 3238 5671 qui,
3278 5604 3483 5658 relictis
3527 5606 3804 5659 exteriori-

2257 5699 2356 5748 bus
2395 5693 2684 5754 muutibus,
2733 5708 2826 5758 per
2860 5705 3071 5760 portatu
3125 5695 3174 5748 ir.
3213 5695 3402 5749 urbem
3444 5700 3804 5762 irrumpeutet’
