4066 6296
208 377 323 442 B77

1265 370 1705 434 CHRONICON
1750 370 1812 429 Mr

1915 368 2018 430 US.
2054 393 2123 402 -ο-
2164 366 2309 427 LIB.
2357 367 2468 426 lII-
3358 362 3463 423 873

212 494 426 562 ἔξωθεν
455 489 663 559 τείχους
694 487 898 541 ἔσωθεν
924 485 1013 541 διὰ
1041 485 1139 555 τῆς
1168 486 1343 557 πύλης
1373 486 1588 540 ἔϐαινον
1615 503 1790 539 κατα-
1822 488 1865 540 Δ
1892 481 2092 551 τιὼτην
2121 479 2388 547 γενναίως
2413 480 2528 541 τοῖς
2553 475 2835 545 πολεμίοις
2869 475 3031 545 237
3058 473 3459 542 ἐσυμπλέκετο·
3558 481 3565 487 ’

213 586 507 647 πατῶντες
558 575 639 644 εἷς
688 581 780 634 τὸν
824 581 1030 651 ἕτερον.
1064 580 1252 634 Ταῦτα
1294 580 1351 633 δὲ
1397 579 1573 640 οὕτως
1603 580 1791 647 ἔχοντα

214 677 320 731 καὶ
355 677 507 744 φωνή
549 691 633 736 τις
667 672 867 742 ἐρρέθη
896 671 1099 724 ἔσωθεν
1121 673 1217 725 καὶ
1244 671 1445 738 ἔξωθεν
1475 671 1570 724 καὶ
1602 671 1668 722 ἐκ
1698 668 1791 722 τοῦ

217 767 426 835 μέρους
469 762 566 816 τοῦ
616 762 870 831 λιμένοςο
910 779 931 814 t
975 761 1147 817 Ἑάλω
1188 763 1251 815 τὸ
1294 760 1573 831 φρούριον,
1606 761 1699 813 καὶ
1727 760 1794 811 τὰ

222 857 535 928 στρατήγια
584 857 678 909 καὶ
718 856 785 907 τὰ
817 857 1028 925 σημαῖα
1058 855 1268 909 ἄνωθεν
1312 855 1371 905 ἐν
1397 856 1512 915 τοῖς
1560 852 1795 921 πύργοις

222 953 486 1022 ἔστησαν.
526 968 544 1001 ›
582 949 693 1002 Καὶ
732 948 769 1016 η
815 946 968 1017 φωνὴ
996 947 1124 1011 τοὺς
1164 944 1472 1015 ἡμετέρους
1501 943 1791 1013 ἐτρέψατο,

217 1046 353 1107 τοὺς
380 1044 439 1097 δὲ
485 1042 782 1111 πολεμίους
820 1039 1190 1109 ἀνεθάρρυνεο
1239 1038 1406 1108 286
1454 1036 1550 1089 καὶ
1595 1033 1797 1088 ἀλαλά-

220 1138 420 1201 ξαντες
446 1135 631 1202 φωνὰς
662 1132 863 1195 πολλὰς
895 1133 989 1184 καὶ
1030 1129 1331 1199 προθύμως
1364 1130 1499 1183 ἄνευ
1526 1118 1706 1195 φόϐου
1742 1126 1795 1178 οἱ
1828 1158 1837 1171 μ

221 1229 429 1290 πάντες
458 1227 548 1280 ἐπὶ
572 1226 641 1278 τὰ
671 1226 826 1294 τείχη
855 1224 1160 1277 ἀνέϐαινον.

314 1316 402 1376 Ὠς
428 1316 522 1369 οὖν
568 1311 708 1371 εἶδεν
740 1317 768 1367 6
796 1315 1088 1383 δυστυχὴς,
1126 1316 1153 1366 6
1191 1312 1445 1384 βασιλεὺς
1475 1311 1568 1367 καὶ
1598 1310 1797 1364 αὐθέν-

220 1423 330 1476 της
360 1423 487 1475 μου,
518 1403 843 1474 δακρυχέων
876 1404 1216 1472 ἐπαρακάλει
1242 1404 1334 1456 τὸν
1362 1403 1515 1466 Θεὸν,
1546 1402 1640 1455 καὶ
1670 1402 1797 1463 τοὺς

226 1496 576 1566 στρατιώτας
635 1496 723 1548 ἵνα
775 1494 1266 1564 μεγαλοψυχήσωσι
1308 1495 1656 1565 προέτρεπεο
1706 1493 1799 1545 καὶ

224 1590 328 1641 οὐκ
352 1582 419 1656 ἦν
448 1588 749 1655 συνδρομῆς
783 1588 877 1639 καὶ
905 1586 1155 1654 βοηθείας
1185 1587 1339 1648 ἐλπὶς
1368 1586 1618 1653 οὐδεμία.
1658 1586 1715 1637 Ὀ
1743 1585 1799 1636 δὲ

224 1674 323 1726 τὸν
354 1675 521 1727 ἵππον
551 1674 818 1741 κεντήσας
852 1672 1077 1741 δραμὼν
1116 1673 1353 1740 ἔφθασεν
1384 1673 1514 1724 ἔνθα
1567 1674 1627 1725 τὸ
1662 1674 1800 1739 πλῆ-

227 1768 324 1830 θος
360 1769 471 1820 τῶν
521 1767 734 1819 ἀσεϐῶν
784 1767 1008 1835 ἤρχετο,
1041 1767 1133 1817 καὶ
1156 1768 1356 1834 ὥσπερ
1386 1767 1414 1817 6
1442 1765 1683 1834 Σαμψὼν
1710 1767 1802 1818 ἐπὶ

227 1860 359 1922 τοὺς
418 1859 754 1927 ἀλλοφύλους
808 1858 1006 1922 ἐποίει,
1050 1860 1146 1911 καὶ
1198 1859 1327 1919 τοὺς
1366 1859 1585 1921 ἀσεϐεῖς
1631 1860 1687 1911 ἐν
1731 1862 1795 1929 τῇ

228 1952 428 2023 πρώτῃ
460 1950 743 2019 συμπλοκῇ
778 1952 840 2001 ἐκ
871 1948 978 2001 τῶν
1023 1950 1220 2016 τεέχων
1252 1950 1687 2025 ἀπεκρήμνισεν,
1726 1950 1800 2013 ὡς

231 2043 366 2095 ἰδεῖν
409 2042 594 2109 θαῦμα
643 2039 791 2105 ξένον
823 2040 953 2099 τοὺς
998 2040 1327 2107 ἐντυχόντας
1360 2043 1449 2091 καὶ
1482 2040 1797 2108 βλέποντας.

229 2132 573 2204 Βρυχόμενσς
600 2131 673 2193 ὡς
702 2131 840 2183 λέων
881 2130 979 2181 καὶ
1008 2130 1104 2197 τὴν
1139 2131 1418 2199 ῥομφαίαν
1447 2131 1801 2197 ἐσπασμένην

230 2227 372 2296 ἔχων
405 2230 462 2280 ἐν
485 2228 551 2295 τῇ
576 2225 725 2294 δεξιᾷ
759 2223 985 2285 πολλοὺς
1014 2223 1122 2275 τῶν
1157 2222 1435 2290 πολεμίων
1466 2223 1749 2290 ἀπέσφαξε
1784 2240 1798 2252 ·

232 2319 329 2369 καὶ
359 2316 418 2368 τὸ
445 2311 582 2381 αἷμα
619 2314 931 2382 ποταμηδὺν
965 2315 1029 2367 ἐκ
1057 2314 1168 2366 τῶν
1202 2314 1382 2366 ποδῶν
1413 2316 1508 2366 καὶ
1541 2315 1649 2366 τῶν
1692 2333 1807 2384 χει·

240 2406 351 2475 ρῶν
381 2406 547 2458 αὐτοῦ
576 2407 753 2476 ἔρρεε.
779 2407 888 2458 Καὶ
916 2406 944 2457 6
976 2404 1315 2475 προῤῥηθεὶς
1343 2407 1442 2459 Δὸν
1458 2408 1804 2475 Φραγκίσκος

235 2498 263 2549 6
310 2496 532 2558 Τολέδος
580 2497 716 2564 ὺπέρ
760 2496 851 2548 τὸν
916 2495 1169 2563 ’Δχιλλέα
1227 2495 1526 2564 ἐποίησεν*
1581 2497 1640 2547 ἐν
1690 2498 1804 2555 τοῖς

236 2585 432 2648 δεξιοῖς
461 2584 556 2637 τοῦ
593 2585 857 2653 βασιλέως
896 2584 1076 2654 ἔτυχε,
1110 2583 1202 2637 καὶ
1237 2582 1311 2646 ὥς
1366 2600 1448 2639 τις
1476 2584 1633 2645 ἀετὸς
1668 2586 1807 2652 μετὰ

236 2673 447 2744 ὀνύχων
479 2675 575 2727 καὶ
623 2676 891 2742 στόματος
943 2676 1069 2735 τοὺς
1114 2674 1395 2735 ἐναντίους
1442 2667 1802 2728 κατέκοπτενζ

250 2765 484 2834 Ὁμοίως
526 2764 621 2816 καὶ
666 2763 922 2829 Θεόφιλος
952 2762 980 2813 6
1010 2761 1401 2827 Παλαιολόγος,
1430 2760 1506 2822 ὡς
1556 2757 1665 2812 εἶδε
1716 2763 1806 2813 τὸν

239 2855 471 2925 βασιλέα
522 2854 834 2922 μαχόμενον
884 2854 977 2905 καὶ
1020 2853 1119 2920 τὴν
1150 2854 1304 2905 πόλιν
1362 2851 1804 2913 κινδυνεύουσαν,

243 2947 645 3017 μεγαλοφώνως
674 2946 814 3014 μετὰ
845 2943 1128 3011 κλαυθμοῦ
1162 2943 1371 3011 κράξας
1402 2939 1525 2994 εἷπε
1548 2958 1562 2974 ο
1604 2961 1621 2992 ι
1657 2943 1808 2993 Θέλω

241 3044 421 3103 θανεῖν
470 3039 673 3117 μᾶλλον
727 3038 758 3108 ἢ
816 3038 937 3108 ζῇν,
974 3056 991 3087 ι
1039 3037 1134 3088 καὶ
1187 3035 1464 3105 συρρήξας
1510 3035 1703 3114 ἐαυτὸν
1750 3037 1808 3086 ἐν

245 3132 393 3202 μέσῳ
423 3132 560 3200 μετὰ
589 3132 838 3198 κραυγῆς
861 3128 988 3189 τοὺς
1011 3128 1168 3187 ὅσους
1195 3119 1321 3195 εὗρε
1351 3126 1559 3185 πάντας
1591 3125 1772 3178 διεσκέ
1842 3150 1885 3208 c

242 3226 371 3277 δασε
420 3220 515 3276 καὶ
557 3222 905 3288 διεσκόρπισε
950 3221 1046 3273 καὶ
1094 3220 1456 3272 ἐθανάτωσεν.
1497 3217 1662 3270 Ἀλλὰ
1714 3220 1808 3269 καὶ

255 3316 505 3382 Ἰωάννης
532 3316 558 3366 6
581 3313 870 3381 Δαλματης
899 3312 1015 3362 ἐκεῖ
1040 3310 1230 3380 παρὼν
1266 3311 1406 3379 ὑπὲρ
1437 3309 1616 3362 πάντα
1646 3326 1815 3378 στρα-

255 3492 486 3546 invicem
515 3506 574 3545 se
601 3487 1028 3543 conculcabant.
1064 3486 1189 3541 llaec
1217 3489 1344 3541 dum
1370 3498 1625 3557 aguntur,
1671 3490 1817 3545 intus

252 3593 307 3640 et
338 3594 496 3638 extra
538 3592 593 3635 et
620 3582 685 3635 ad
716 3588 936 3650 portum
968 3581 1241 3634 clamatur
1273 3597 1287 3633 :
1329 3599 1348 3632 ‹
1380 3580 1550 3649 Capta
1577 3589 1662 3635 est
1693 3596 1813 3647 arx,

254 3675 406 3745 signa
445 3685 498 3728 et
525 3674 722 3727 vexilla
768 3673 1003 3728 sublime
1035 3673 1087 3726 in
1136 3673 1383 3726 turribus
1428 3673 1593 3727 elata.
1623 3691 1642 3723 ι
1685 3673 1818 3738 Qua:

255 3783 356 3821 vox
381 3775 601 3821 nostros
629 3764 856 3834 fugavit,
896 3764 1080 3819 hostes
1105 3768 1303 3828 erexit,
1342 3764 1436 3832 qui
1472 3779 1667 3833 magno
1702 3765 1816 3817 cla-

255 3873 405 3912 more
434 3868 489 3912 et
527 3857 756 3927 impetu,
804 3858 954 3911 nullo
997 3857 1219 3921 timore,
1262 3856 1316 3909 in
1357 3871 1574 3909 murum
1622 3870 1814 3910 ascen-

249 3949 400 4003 dunt.

319 4036 445 4092 Haec
473 4052 599 4091 cum
621 4036 770 4090 videt
791 4036 957 4090 miser
989 4036 1307 4104 imperator,
1339 4036 1605 4091 dominus
1634 4050 1815 4100 meus,

249 4143 371 4183 cum
406 4126 657 4196 lacrymis
682 4108 854 4180 Deum
892 4135 1168 4194 precatur,
1202 4137 1257 4181 et
1279 4126 1509 4191 milites,
1546 4137 1605 4180 ut
1653 4142 1818 4197 gene-

254 4235 372 4274 rose
399 4228 660 4288 pugnent,
692 4217 951 4286 impellit:
977 4225 1034 4270 at
1063 4217 1210 4270 nulla
1236 4217 1350 4284 jam
1383 4218 1504 4286 opis
1531 4224 1584 4271 et
1626 4218 1817 4270 auxilii

253 4327 374 4378 spes
412 4320 549 4364 erat.
576 4311 761 4374 Itaque
790 4309 907 4379 ipse
933 4323 1078 4378 equo
1113 4311 1386 4363 concitato
1430 4308 1675 4370 advolat,
1708 4323 1815 4377 qua

257 4404 494 4456 irruebat
525 4404 764 4467 hostium
802 4400 1076 4463 turba,.et
1096 4400 1555 4468 quemadmodum
1587 4399 1818 4467 Sampso

1898 576 1988 624 καὶ
2035 574 2083 623 οἱ
2135 571 2452 639 ἐντυχόντες
2505 570 2597 621 καὶ
2634 568 2924 638 βλέποντες
2970 566 3281 635 ἐθαύμαζον
3334 570 3465 634 περὶ

1895 665 1995 730 τῆς
2027 663 2211 732 ἰσχύος
2243 663 2338 713 καὶ
2388 655 2772 729 γενναιότητος
2798 659 2909 711 τῶν
2934 658 3175 727 ἀρίστων
3228 658 3464 726 ἀνδρῶν.
3550 672 3551 675 ‘

1898 755 2009 807 Kal.
2042 756 2119 816 δίς
2149 756 2243 806 καὶ
2270 754 2389 823 τρὶς
2417 754 2516 822 τῆς
2551 754 2787 821 ἐμϐολῆς
2814 754 2908 805 καὶ
2941 752 3262 821 συρῤἡξεὼς
3288 768 3347 803 τε
3376 753 3469 804 καὶ

1899 847 2218 916 συμπλοκῆς
2264 847 2562 914 γενομένης
2613 834 2866 914 μεγάλως
2895 844 3021 905 τοὺς
3072 843 3292 905 ἀσεϐεῖς
3324 844 3474 911 ἐτρέ-

1896 940 2068 1008 ψαντο
2116 940 2211 991 καὶ
2257 938 2462 1005 πλῆθος
2510 939 2843 989 ἀπέκτειναν
2882 938 2975 987 καὶ
3010 935 3232 1004 ἐτέρους
3273 934 3343 985 ἑνί
3364 935 3474 985 τῶν

1896 1033 2097 1101 τειχῶν
2156 1030 2595 1100 ἀπεκρήμνιζον,
2627 1031 2721 1080 καὶ
2773 1027 3171 1096 ἀγωνιζόμενοι
3227 1026 3476 1096 σφοδρῶς

1898 1126 1991 1177 καὶ
2025 1123 2464 1192 συμπλεκόμενοι
2502 1121 2946 1192 ἀπεκτάνθησαν,
2975 1121 3073 1174 καὶ
3109 1120 3277 1172 πολὺν
3314 1122 3476 1185 φόνον

1899 1216 1977 1276 είς
2008 1213 2136 1273 τοὺς
2164 1212 2461 1281 πολεμίους
2487 1212 2593 1281 πρὸ
2619 1210 2711 1264 τοῦ
2742 1212 3038 1263 ἀποθανεῖν
3082 1212 3351 1281 ἐποίησαν
3386 1208 3480 1259 οὖ-

1898 1318 2029 1364 τως.
2058 1303 2165 1354 Καὶ
2190 1302 2370 1372 ἕτεροί
2400 1318 2543 1363 τινες
2574 1300 2908 1370 στρατιῶται
2933 1300 3032 1352 οὐκ
3063 1299 3279 1365 ἀγενεῖς
3310 1300 3478 1367 μαχό-

1902 1407 2057 1459 μενοι
2087 1393 2144 1443 ἐν
2196 1391 2274 1459 τῷ
2324 1392 2475 1459 τόπῳ
2506 1390 2702 1457 ἐκείνῳ
2732 1391 2827 1442 καὶ
2861 1391 3014 1441 αὐτοὶ
3051 1389 3481 1455 ἀπεκτάνθησαν

1901 1482 2130 1551 πλησίον
2178 1484 2280 1549 τῆς
2308 1481 2483 1552 πύλης
2526 1482 2620 1534 τοῦ
2650 1482 2809 1549 ἁγίου
2852 1482 3160 1550 Ῥωμανοῦ.
3197 1484 3333 1534 ὅπου
3382 1481 3481 1550 τὴν

1903 1574 2144 1627 ἑλέὗολιν
2202 1576 2421 1643 ἐκείνην
2474 1574 2891 1627 κατεσκεύασαν
2947 1576 3043 1625 καὶ
3093 1576 3193 1643 τὴν
3240 1573 3483 1641 μεγάλην

1903 1667 2144 1719 ἐλὲϐολιν
2186 1666 2445 1736 ἔστησαν,
2481 1669 2576 1719 καὶ
2622 1668 2690 1720 τὰ
2731 1667 2886 1737 τείχη
2925 1667 3027 1735 τῆς
3071 1667 3279 1726 πόλεως
3310 1664 3483 1733 χαλά-

1907 1776 2099 1820 σαντες
2130 1761 2337 1813 ἐκεῖθεν
2370 1761 2424 1811 ἐν
2453 1764 2517 1830 τῇ
2551 1760 2705 1811 πόλει
2742 1760 2964 1829 πρῶτον
3008 1760 3284 1827 εἰσῆλθον.
3339 1756 3483 1824 Ἐγὼ

1908 1849 1965 1901 δὲ
1990 1852 2055 1919 τῇ
2083 1850 2202 1919 ὥρᾳ
2231 1850 2412 1917 ἐκείνῃ
2442 1850 2537 1917 οὐχ
2566 1850 2798 1919 εύρέθην
2832 1851 3062 1918 πλησίον
3092 1851 3187 1901 τοῦ
3219 1850 3485 1905 αὐἾεντός

1912 1958 2013 2011 μου
2040 1940 2133 1994 τοῦ
2174 1942 2461 2009 βασιλέως,
2491 1941 2625 1992 ἀλλὰ
2674 1943 2971 2010 προστάξει
3008 1942 3218 1994 ἐκείνου
3253 1945 3334 2003 εἰς
3364 1940 3485 1992 ἐπί-

1911 2037 2105 2102 σκεψιν
2129 2033 2290 2102 δῆθεν
2324 2034 2379 2084 ἐν
2413 2034 2559 2102 ἄλλῳ
2590 2034 2747 2101 μέρει
2775 2033 2872 2101 τῆς
2905 2034 3116 2095 πόλεως
3148 2035 3318 2103 ἥμην.

1980 2131 2051 2193 η’.
2101 2123 2399 2179 Ἐλθόντων
2430 2124 2486 2176 δὲ
2526 2125 2634 2175 τῶν
2666 2124 2931 2191 Ἰὀύρκων
2983 2127 3075 2177 καὶ
3106 2124 3234 2185 τοὺς
3277 2126 3337 2177 ἐν
3376 2127 3491 2177 τοῖς

1912 2217 2112 2269 ἔσωθεν
2156 2215 2365 2284 τείχεσι
2415 2216 2781 2283 Χριστιανοὺς
2814 2215 2954 2285 μετὰ
3000 2215 3364 2267 ἐλεσολὶσκων
3393 2216 3493 2266 καὶ

1913 2307 2087 2376 βελῶν
2160 2307 2255 2360 καὶ
2323 2306 2494 2372 τόξων
2552 2307 2648 2359 καὶ
2710 2307 2939 2376 πετρῶν
2992 2307 3493 2383 ἐναπολειφθέντας

1912 2397 2159 2462 ἐδίωξαν,
2189 2398 2282 2449 καὶ
2338 2399 2631 2466 ἐγκρατεῖς
2681 2399 2900 2452 πάντων
2930 2400 3205 2467 ἐγένοντο,
3257 2400 3388 2453 ἄνευ
3436 2400 3495 2453 δὲ

1911 2490 2018 2541 τῶν
2054 2488 2283 2556 πύργων
2313 2487 2424 2538 τῶν
2465 2488 2778 2557 λεγομένων
2803 2487 3091 2541 Βασιλείου
3139 2489 3371 2551 Λέοντος
3397 2490 3493 2541 καὶ

1925 2577 2185 2642 Ἀλεξίου,
2215 2579 2272 2630 ἐν
2300 2572 2380 2639 οἷς
2414 2580 2750 2648 ἐστήκεισαν
2776 2581 2822 2633 οί
2857 2580 3054 2633 ναῦται
3086 2583 3283 2634 ἐκείνοι
3333 2583 3383 2633 οἱ
3431 2583 3495 2632 ἐκ

1912 2672 2011 2737 τῆς
2044 2668 2266 2737 Κρήτης
2291 2684 2305 2699 ·
2356 2669 2509 2720 αὐτοὶ
2541 2669 2652 2737 γὰρ
2691 2669 2961 2736 γενναίως
3009 2671 3279 2739 ἐμάχοντο
3327 2671 3494 2742 μέχρι

1915 2762 2010 2813 καὶ
2034 2762 2130 2829 τῆς
2157 2762 2323 2829 ’ἐκτης
2350 2763 2447 2813 κα)⁵
2474 2761 2711 2829 ἐὸδόμης
2741 2761 2891 2830 ὥρας
2925 2754 3019 2813 δῖα).
3058 2763 3289 2823 πολλοὺς
3321 2762 3498 2832 Τούρ-

1916 2870 2046 2914 κους
2085 2853 2456 2916 ἐθανάτωσαν.
2489 2854 2583 2905 καὶ
2635 2853 2891 2905 τοσοῦτον
2946 2840 3151 2923 πλῆθος
3201 2853 3496 2923 βλέποντες

1916 2945 2010 2998 καὶ
2041 2945 2137 3014 τὴν
2159 2945 2313 2999 πόλιν
2345 2944 2754 3014 δεδουλωμένην
2783 2944 2951 3014 288
2983 2948 3189 3011 πᾶσαν,
3217 2947 3372 2999 αὖτοὶ
3398 2942 3498 2998 οὔκ

1916 3034 2110 3103 ἤθελον
2161 3034 2515 3103 δουλωθῆναι,
2547 3034 2684 3087 ἀλλὰ
2722 3035 2925 3101 μᾶλλον
2981 3036 3170 3103 ἔλεγον
3197 3036 3498 3090 ἀποθανεῖν

1918 3126 2167 3193 κρεῖττον
2205 3126 2235 3195 ἢ
2268 3127 2388 3194 ζῇν.
2423 3127 2666 3195 Τοὖρκος
2698 3128 2758 3179 δέ
2800 3144 2885 3189 τις
2934 3128 3015 3197 τῷ
3039 3130 3258 3199 Ἀμηρᾴ
3288 3131 3496 3196 ἀναφο-

1923 3220 2021 3287 ρὰν
2050 3220 2284 3286 ποιήσας
2330 3218 2461 3285 περὶ
2490 3221 2590 3285 τῆς
2624 3217 2831 3270 τούτων
2866 3219 3113 3288 ἀνδρίας,
3150 3221 3496 3288 προσέταξεν

1922 3311 2005 3363 ἵνα
2037 3309 2339 3363 κατέλθωσι
2378 3310 2516 3378 μετὰ
2547 3308 2880 3378 συμϐάσεως
2908 3313 3004 3363 καὶ
3040 3304 3174 3364 ὦσιν
3212 3312 3496 3383 ἐλεύθεροι

1923 3476 2147 3556 reliquis
2165 3488 2432 3543 militibus
2477 3503 2745 3557 generose
2777 3486 3042 3544 adversus
3078 3490 3265 3543 hostes
3313 3494 3502 3544 decer-

1922 3582 2089 3641 tavit:
2128 3588 2207 3642 ut,
2252 3580 2345 3648 qui
2395 3581 2620 3632 aderant
2662 3589 2716 3633 et
2742 3580 3019 3642 videbant,
3067 3580 3496 3635 fortissimorum

1921 3673 2163 3725 virorum
2201 3671 2456 3724 virtutem
2492 3680 2544 3723 et
2567 3660 2856 3724 audaciam
2909 3672 3265 3726 mirarentur.
3312 3672 3500 3742 Itaque

1922 3764 2006 3817 his
2036 3773 2087 3817 et
2113 3773 2194 3815 ter
2227 3762 2677 3830 impressione-et
2712 3778 2893 3833 pugna
2931 3764 3096 3826 facta,
3159 3766 3357 3835 impios
3406 3783 3502 3819 ve-

1923 3853 2203 3906 hementer
2254 3851 2533 3919 fugarunt,
2584 3853 2788 3906 multos
2834 3855 3182 3917 occiderunt,
3243 3856 3382 3909 alios
3435 3858 3500 3910 de

1923 3944 2094 3997 muris
2118 3943 2463 4011 depulerunt,
2496 3951 2660 4009 atque
2704 3945 3087 3998 occubuerunt
3117 3930 3339 4001 tandem
3371 3964 3503 4002 con-

1924 4043 2128 4090 stanter
2154 4044 2208 4089 et
2234 4041 2459 4089 strenue
2516 4043 2827 4103 pugnantes
2858 4045 2909 4088 et
2944 4052 3139 4105 magna
3190 4041 3341 4108 prius
3397 4041 3501 4094 Ιιο⁴

1928 4128 2094 4181 stium
2133 4136 2315 4195 strage
2340 4126 2486 4181 (lata.
2516 4127 2646 4180 Item
2689 4128 2782 4180 alii
2835 4130 2978 4181 haud
3023 4131 3266 4184 imbelles
3301 4133 3501 4186 milites

1924 4221 2112 4273 eodem
2142 4220 2265 4274 loco
2292 4220 2618 4275 dimicantes
2671 4222 3025 4288 ceciderunt,
3080 4238 3253 4293 prope
3286 4236 3499 4293 portam

1923 4312 2094 4366 sancti
2130 4311 2388 4374 Romani,
2442 4313 2530 4365 ubi
2587 4314 2876 4380 helepolim
2920 4315 3066 4367 illam
3104 4315 3300 4369 Turcae
3352 4316 3499 4369 fece-

1925 4411 2046 4455 rant
2110 4410 2165 4456 et
2221 4418 2473 4468 magnam
2536 4403 2825 4471 helepolim
2887 4406 3333 4459 constituerant:
3389 4422 3500 4474 qua

257 4495 437 4547 hostes
469 4494 776 4561 prostravit,
814 4494 885 4545 ita
917 4491 1115 4559 impios
1152 4492 1325 4560 primo
1358 4492 1563 4559 impetu
1594 4505 1624 4547 e
1686 4507 1820 4546 τηατ·
1854 4517 1896 4570 ι)
1923 4494 2155 4561 primum
2196 4494 2377 4548 diruto
2412 4508 2588 4557 muro,
2623 4494 2677 4547 in
2726 4495 2916 4549 urbem
2976 4505 3355 4563 penetrarunt.
3392 4496 3501 4565 Ego

258 4585 410 4637 nibus
437 4585 707 4646 deturbat,
733 4592 789 4635 ut
818 4584 910 4649 qui
940 4584 1167 4636 aderant
1198 4591 1251 4636 et
1294 4582 1573 4645 vidébunt,
1614 4584 1813 4636 mirum

255 4673 950 4740 cernerentspectaculum.
990 4672 1187 4726 Leonis
1243 4673 1416 4727 instar
1467 4673 1732 4736 fremens,
1765 4683 1820 4727 et
1862 4734 1881 4749 ί

260 4770 443 4819 dextra
497 4763 737 4832 gladium
795 4763 1042 4815 strictum
1100 4773 1315 4825 tenens,
1372 4765 1573 4817 multos
1632 4766 1818 4819 hostes

261 4856 569 4919 trucidavit,
611 4869 675 4908 ac
701 4852 926 4921 sanguis
963 4853 1016 4904 in
1058 4854 1277 4905 modum
1320 4852 1565 4907 ﬂuminis
1604 4872 1632 4905 e
1676 4857 1821 4922 pedi-

260 4953 358 5001 bus
388 4959 442 5000 et
472 4944 725 4998 manibus
748 4943 867 5011 ejus
897 4942 1220 5010 proﬂuebat.
1276 4943 1539 4996 Dominus
1596 4941 1823 4996 Franci-

260 5053 381 5093 srus
408 5046 615 5098 autem,
651 5034 909 5096 Toledus,
937 5047 1099 5100 qnetn
1123 5048 1287 5101 supra
1308 5033 1605 5097 nominavi,
1638 5033 1816 5102 ipsum

259 5129 535 5198 superavit
565 5126 855 5187 Achillem,
887 5124 951 5178 ad
997 5125 1242 5178 dextram
1278 5123 1625 5191 imperatoris
1660 5123 1820 5176 dimi-

258 5235 387 5274 cans
412 5227 466 5271 et
495 5218 690 5286 aquilae
731 5217 902 5268 instar
932 5213 1208 5281 unguibus
1240 5222 1293 5266 et
1326 5229 1422 5266 ore
1474 5213 1657 5267 hostes
1684 5227 1821 5267 con-

258 5313 462 5365 cidens.
494 5308 760 5363 Similiter
786 5305 1126 5374 Theophilus
1158 5304 1515 5371 l’alazologus,
1546 5315 1605 5358 ut
1653 5304 1827 5373 impe-

260 5410 495 5456 ratorem
524 5401 893 5454 decertantem
923 5406 978 5451 et
1007 5397 1195 5451 urbem
1227 5398 1625 5465 periclitantem
1662 5396 1822 5459 vidit,

262 5508 448 5562 magna
481 5506 614 5546 voce
644 5501 703 5545 et
752 5490 1062 5559 lacrymans
1098 5487 1394 5543 clamavit:
1431 5504 1450 5539 σ
1493 5487 1623 5543 Mori
1656 5503 1822 5557 quam

156 5648 169 5663 κ
264 5583 439 5637 vivere
473 5581 637 5643 malo,
680 5598 700 5631 ι
740 5588 794 5632 et
820 5579 1021 5647 impetu
1067 5579 1210 5634 facto
1269 5577 1324 5631 in
1361 5579 1564 5633 medios
1617 5579 1824 5643 hostes,

262 5679 523 5740 quatqniot
576 5670 803 5733 invenit,
858 5668 1092 5741 disjecit,
1125 5668 1433 5738 dissipavit,
1486 5669 1707 5724 occidit.
1757 5671 1855 5724 At,

246 5767 400 5821 'enim
430 5761 669 5818 leannes
713 5760 956 5816 Dalmata
993 5775 1236 5831 quoque,
1287 5760 1360 5815 ibi
1394 5776 1656 5829 prmsens,
1713 5775 1823 5831 pra:

1922 4582 2016 4635 illo
2046 4592 2292 4651 tempore
2316 4598 2423 4636 non
2460 4585 2716 4637 versabar
2751 4583 2895 4638 circa
2963 4586 3368 4652 imperatorem,
3401 4586 3500 4639 do-

1924 4673 2132 4726 minum
2166 4658 2369 4740 meum,
2400 4675 2491 4729 sed
2512 4674 2673 4744 jussu
2703 4674 2824 4743 ejus
2854 4677 2918 4731 ad
2952 4676 3287 4731 lustrandam
3338 4679 3498 4733 aliam

1924 4772 2131 4832 partem
2176 4764 2325 4817 urbis
2358 4764 2746 4818 discesseram.

1995 4855 2047 4908 8.
2079 4853 2268 4907 Turca:
2296 4863 2485 4907 urbem
2523 4853 2755 4922 ingressi
2790 4854 3139 4909 Christianos
3173 4856 3312 4910 intra
3360 4857 3502 4909 inte-

1928 4947 2127 4999 riorem
2171 4960 2386 4996 murum
2420 4945 2663 5015 reliquos
2696 4945 3063 5009 hcleboliscis,
3097 4948 3311 5015 jaculis,
3333 4952 3502 5019 sagit-

1927 5036 2015 5098 tis.
2049 5036 2198 5090 saxis
2227 5038 2516 5103 persecuti,
2554 5046 2607 5089 et
2642 5038 2861 5090 cunctis
2912 5038 3066 5105 potiti
3099 5049 3249 5103 sunt,
3308 5053 3504 5107 praeter

1926 5143 2020 5181 eos
2051 5127 2142 5195 qui
2169 5128 2222 5179 in
2259 5127 2502 5181 turribus
2536 5126 2719 5181 Basilii
2750 5127 2953 5182 Leonis
2978 5139 3031 5183 et
3079 5130 3252 5184 Alexii
3278 5148 3399 5200 qua:
3422 5134 3507 5185 ili-'-
3564 5174 3571 5180 .

1927 5221 2197 5272 cebantur
2247 5219 2533 5272 constituti
2587 5231 2765 5281 erant,
2815 5230 3012 5276 nautas
3069 5224 3378 5278 Cretenses.
3438 5224 3501 5276 lli
3592 5235 3597 5239 ‘

1927 5312 2072 5365 enim
2112 5309 2180 5364 ad
2216 5318 2422 5363 sextam
2452 5319 2505 5363 et
2541 5312 2827 5379 septimam
2870 5313 3059 5366 horam
3117 5326 3345 5369 strenue
3400 5332 3504 5386 pn-

1927 5399 2165 5467 gnabant
2195 5407 2249 5451 et
2275 5400 2476 5454 multos
2520 5398 2729 5456 Turcas
2790 5403 3212 5467 interﬁciebant,
3267 5420 3501 5471 cumque

1926 5495 2131 5540 tantam
2187 5489 2425 5543 hostium
2495 5492 2902 5547 multitudinem
2965 5502 3022 5546 et
3067 5504 3237 5547 totam
3302 5494 3494 5547 urbem

1927 5578 2211 5634 subactam
2240 5573 2516 5646 viderent,
2574 5585 2877 5637 noluerunt
2925 5594 3106 5638 tamen
3140 5583 3243 5653 ipsi
3296 5583 3503 5650 subigi.

1927 5670 2021 5725 sed
2056 5680 2285 5725 mortem
2314 5672 2422 5726 vita
2456 5690 2579 5728 esse
2604 5676 3066 5743 praestabiliorem
3109 5674 3397 5727 ducebant.
3429 5674 3502 5725 De

1928 5779 2161 5830 quorum
2194 5764 2395 5821 virtute
2430 5782 2555 5820 cum
2587 5765 2764 5823 Turca
2800 5767 3001 5824 aliuuis
3034 5767 3243 5819 Aniene
3294 5779 3504 5819 renun-
