4066 6296
565 266 672 330 8“’9

1797 267 1841 326 G
1855 264 2121 327 EORGII
2166 268 2593 333 ΡΗΒΑΝΤΖᾸΞ

3784 270 3916 339 8Ξο

561 382 718 436 αὐτοί
748 398 805 435 τε
837 383 931 435 καὶ
957 382 987 450 ή
1019 380 1147 443 ναῦς
1172 379 1351 433 αὐτῶν
1379 380 1475 431 καὶ
1506 380 1655 433 πᾶσα
1684 380 1716 449 ἡ
1748 380 2028 449 ἀποσκευὴ
2059 380 2124 449 ἣν
2156 392 2199 442 Α
2228 388 2672 459 τιμαλφῆδοχετα,
2704 387 2892 441 τούτου
2922 387 3263 457 ἀρτιάζοντες
3287 387 3356 441 τὰ
3386 388 3493 457 μὲν
3510 386 3907 457 διέθραυοη,

560 473 728 546 εἶχον.
761 477 869 528 Καὶ
923 474 1099 535 οὕτως
1151 472 1461 541 γενομένων
1518 471 1683 525 πάλιν
1739 471 1895 540 μόλις
1930 473 1993 524 ὲκ
2038 471 2132 524 τοῦ

562 569 773 639 πύργου
802 567 1028 629 τούτους
1075 566 1299 617 ἔπεισαν
1340 563 1618 617 ἀπελθεῖν.
1650 565 1757 616 Καὶ¹
1787 564 1882 616 δύο
1914 564 2012 631 μὲν
2039 565 2136 616 αὑ-

558 661 810 728 τάδελφοι
852 659 1067 723 Ἰταλοὶ,
1098 657 1310 719 Παῦλος
1365 657 1463 709 κα)⁹
1503 656 1749 726 Τρωίλος
1775 656 2041 724 τοῦνομα,
2075 658 2133 709 ὲν

558 752 637 821 τῷ
685 751 1098 819 διατεταγμένῳ
1147 751 1331 812 αὐτοῖς
1381 749 1534 818 τόπῳ
1590 748 1729 817 μετὰ
1774 748 1872 800 καὶ
1924 748 2133 816 ἐτέρων

559 843 773 898 πολλῶν
828 841 1095 910 γενναίως
1159 842 1431 909 ἐμάχοντο
1497 838 1591 891 καὶ
1650 840 1777 901 τοὺς
1835 837 2133 904 πολεμίους

558 936 748 999 κακῶς
794 936 1130 1004 ἀπεδίωχνον
1159 935 1254 987 καὶ
1299 934 1399 987 οὐκ
1444 934 1644 1001 ἀγεννῆ
1680 932 2006 999 συμπλοκὴν
2035 932 2132 982 καὶ

559 1030 819 1102 σύρραξιν
870 1029 1112 1094 ἐποίουν,
1140 1028 1234 1080 καὶ
1280 1027 1436 1094 φόνος
1492 1021 1559 1097 ἦν
1604 1023 1943 1089 ἀναμεταξὺ,
1987 1022 2132 1089 λέγω

553 1123 664 1175 τῶν
693 1120 786 1175 δύο
813 1120 995 1190 μερῶν
1022 1118 1131 1171 τῶν
1158 1122 1488 1186 μαχομένων
1514 1119 1606 1167 καὶ
1633 1113 2129 1185 ὑπερμαχοῦντων.

554 1214 825 1284 Στραφεὶς
868 1214 923 1265 δὲ
978 1213 1005 1263 ὁ
1046 1212 1257 1274 Παῦλος
1309 1212 1405 1262 καὶ
1453 1210 1593 1275 ὀρῶν
1650 1209 1776 1269 τοὺς
1816 1205 2131 1273 ’πολεμίους

553 1307 759 1359 ἔσωθεν
791 1307 888 1375 τῆς
933 1305 1146 1365 πόλεως
1190 1303 1339 1369 λέγει
1385 1301 1462 1369 τῷ
1511 1299 1725 1367 ἀδελφῷ
1767 1298 1930 1350 αὐτοῦ
1958 1314 1971 1326 ·
2007 1298 2130 1371 «βὨ

554 1400 769 1469 φρίξον,
796 1398 948 1468 ἥλιεί
985 1397 1029 1450 ὣ
1064 1396 1344 1461 στέναξον,
1377 1395 1450 1463 γῆ
1479 1395 1489 1447 !
1527 1394 1668 1446 ἑάλω
1700 1396 1732 1463 ἡ
1768 1393 1948 1455 πόλις,
1981 1391 2130 1459 ἡμᾶς

549 1492 607 1545 δὲ
640 1491 736 1544 τοῦ
790 1491 1056 1559 πολεμεῖν
1103 1489 1384 1557 παρῆλθεν
1417 1489 1447 1554 ἡ
1486 1486 1627 1554 ὥρα.
1664 1485 1806 1538 Ἀλλ’
1841 1484 1980 1553 ὑπὲρ
2028 1482 2131 1550 τῆς

553 1584 830 1654 σωτηρίας
859 1583 1036 1652 ἡμῶν,
1069 1582 1117 1633 εί
1146 1580 1392 1643 δυνατὸν,
1423 1578 1829 1648 φροντίσωμεν.
1871 1595 1890 1627 ι

626 1676 735 1727 Καὶ
792 1673 966 1734 οὕτως
1022 1670 1313 1740 ἐγκρατεῖς
1369 1669 1421 1719 οἱ
1478 1666 1729 1732 πολέμιοι
1790 1665 1975 1733 πάσης
2027 1664 2129 1731 τῆς

555 1770 763 1829 πόλεως
814 1763 1103 1830 γεγονότες
1129 1727 1328 1830 ⁸ἡμέρᾳ
1374 1759 1558 1829 τρίτῃ,
1586 1757 1705 1827 ὦρα
1752 1753 1819 1827 ἦν
1850 1757 1953 1825 τῆς
1996 1756 2131 1825 ἡμέ-
2162 1727 2205 1781 Β

556 1877 657 1930 ρας
694 1859 737 1929 β’
777 1858 867 1909 καλ.
912 1857 1109 1925 ἥμισυ,
1146 1853 1240 1904 τοῦ
1289 1850 1472 1916 ,ςξῇξοϋ
1527 1849 1702 1912 ἔτους,
1738 1851 1805 1917 τῇ
1840 1847 1924 1900 κθ⁹
1960 1849 2131 1917 μηνὸς

552 1955 757 2009 Μαΐου.
792 1948 902 2002 Καὶ
956 1946 1064 1998 τῶν
1117 1944 1215 2014 μὲν
1263 1942 1723 2011 προσπιπτόντων
1777 1937 1846 2010 ἦν
1904 1941 2129 2010 ἁρπαγὴ

551 2048 646 2099 καὶ
691 2038 1072 2111 αἱχμαλωσία,
1126 2035 1237 2087 τῶν
1286 2034 1343 2086 δὲ
1394 2031 1985 2105 καταλαμϐανομένων
2036 2033 2132 2083 καὶ

549 2131 960 2199 ἀνθισταμένων
1016 2126 1199 2195 σφαγή
1229 2139 1243 2154 ⁸
1296 2124 1388 2175 καὶ
1436 2123 1690 2190 οὐδαμῶς
1734 2122 1768 2192 ἡ
1820 2124 1889 2191 γῆ
1932 2122 1987 2174 έν
2020 2139 2131 2174 τισι

548 2226 737 2287 τόποις
793 2224 858 2274 ὲκ
919 2219 1028 2272 τῶν
1074 2216 1286 2288 νεκρῶν
1351 2214 1825 2283 διεφαίνετο.Καὶ
1880 2210 1949 2282 ἦν
2001 2214 2131 2266 ίδεῖν

550 2316 735 2386 Θέαμα
762 2313 912 2380 ξένον
943 2311 1039 2364 καὶ
1075 2309 1312 2378 θρήνους
1346 2306 1574 2366 πολλοὺς
1603 2305 1697 2358 καὶ
1728 2306 2004 2367 ποικίλους
2037 2304 2131 2356 καὶ

553 2407 903 2478 ἀμετρήτους
958 2399 1462 2470 ἀνδραποδισμοὺς,
1502 2396 1668 2466 289
1724 2396 1835 2448 τῶν
1890 2396 2130 2462 εὐγενῶν

553 2500 839 2573 ἀρχουσῶν
870 2496 967 2551 καὶ
996 2492 1285 2563 παρθένων
1332 2493 1429 2543 καὶ
1472 2489 1876 2558 ἀφιερωμένων
1902 2486 1979 2555 τῷ
2012 2486 2130 2554 Θεῷ

549 2591 868 2662 συρομένων
897 2587 1003 2640 ὑπὸ
1049 2585 1157 2638 τῶν
1192 2582 1453 2652 Ίόύρκων
1485 2581 1572 2632 διά
1608 2579 1732 2630 ’τῶν
1773 2579 2005 2648 ὲθειρῶν
2038 2580 2131 2630 καὶ

550 2682 740 2751 κομῶν
768 2679 861 2731 καλ¹
901 2677 1200 2743 πλοκάμων
1243 2671 1344 2737 τῆς
1373 2669 1619 2737 κεφαλῆς
1653 2668 1855 2733 ἔξωθεν
1882 2668 1993 2719 τῶν
2033 2670 2128 2719 έκ-

505 2754 793 2840 λκλησιῶν
853 2768 991 2836 μετά
1048 2763 1305 2832 ὀδυρμῶν
1361 2758 1627 2828 ἀνηλεῶς,
1681 2758 1783 2825 τὴν
1848 2755 1976 2826 βοὴν
2036 2756 2130 2807 καὶ

550 2861 834 2930 κλαυθμὸν
864 2859 974 2911 τῶν
1005 2856 1249 2917 παίδων,
1280 2853 1405 2914 τοὺς
1453 2851 1632 2919 ἱεροὺς
1686 2850 1781 2902 καὶ
1815 2849 2003 2914 ἁγίους
2050 2846 2130 2899 ol-

553 2971 684 3017 κους
717 2949 1201 3020 λεηλατισμένους,
1233 2946 1293 2997 τὸ
1334 2944 1609 3013 φρικῶδες
1652 2942 1747 2993 καὶ
1790 2939 2129 3007 ἀκουόμενον

2240 478 2307 530 τά
2335 480 2391 531 δὲ
2424 480 2539 533 σῶα
2567 479 3110 543 ὲνεκολπίξοντο,κα¹ι
3142 481 3269 542 τοὺς
3298 481 3903 550 ὲγκεκοσμημένους

2237 569 2479 639 κόσμους
2539 571 2741 641 ὁμοίως
2798 570 3044 637 ἐποίουν,
3110 571 3205 622 καὶ
3260 571 3357 633 τὰς
3405 570 3576 637 ἁγίας
3622 572 3899 633 εἰκόνας

2240 662 2377 731 μετά
2404 662 2606 731 χρυσοῦ
2634 664 2726 715 καὶ
2754 662 3001 731 ἀργύρου
3035 665 3130 716 καὶ
3161 662 3327 713 λίθων
3356 660 3727 731 πολυτίμων
3769 679 3887 714 κα-

2234 754 2527 816 τεπάτουν.
2568 757 2661 807 καὶ
2714 756 2839 816 τοὺς
2885 754 3124 824 κόσμους
3171 752 3427 822 αἴροντες
3479 755 3717 815 κλίνας
3783 758 3890 806 au”:

2234 847 2513 915 τραπέζας
2550 847 2790 907 ἐποίουν,
2823 847 2917 899 καὶ
2956 846 3095 913 μετά
3133 845 3241 896 τῶν
3272 844 3573 914 ίερατικῶν
3636 846 3885 911 στολῶν

2235 941 2331 990 καὶ
2366 938 2679 1006 ἐνδυμάτων
2714 938 2824 989 τῶν
2857 939 2920 989 ὲκ
2962 936 3208 1006 σηρικῶν
3245 936 3337 988 καὶ
3379 940 3601 1009 χρυσοῦ
3616 938 3881 1003 φάντων

2234 1031 2404 1084 ὄντων
2435 1032 2562 1093 τοὺς
2591 1032 2798 1092 ἵππους
2846 1030 3174 1092 ἐσκέπαζον,
3200 1031 3292 1082 καὶ
3336 1030 3482 1083 ἄλλοι
3513 1029 3615 1081 ἐπ’
3654 1030 3881 1091 αὐτοῖς

2234 1120 2448 1189 ἤσθιον,
2481 1123 2577 1172 καὶ
2622 1123 2748 1182 τοὺς
2782 1121 3116 1190 πολυτίμους
3148 1120 3471 1189 μαργὰρους
3512 1121 3640 1173 τῶν
3674 1120 3871 1186 irrisas

2234 1212 2539 1281 κειμηλίων
2586 1212 2977 1281 ἀναρπάστους
3028 1211 3267 1277 ἐποίουν,
3302 1213 3368 1264 τά
3414 1210 3550 1277 am
3592 1211 3875 1279 λείψανα

2232 1303 2701 1365 καταπατοῦντες.
2738 1305 2843 1356 Καὶ
2873 1304 3038 1374 ἕτερα
3070 1305 3556 1372 ἀνοσιουργὴματα
3587 1303 3870 1355 πλεῖστα

2233 1394 2453 1448 ἐποίουν
2486 1395 2613 1460 ἄξια
2650 1394 2851 1465 θρήνου
2888 1397 2936 1447 οί
2968 1395 3059 1447 τοῦ
3093 1395 3443 1465 ἀντιχρίστου
3480 1396 3859 1464 πρόδρομοι.

2235 1488 2298 1540 Ὢ
2335 1488 2445 1540 τῶν
2487 1488 2666 1555 σοφῶν
2721 1505 2814 1541 σου
2868 1488 3180 1555 κριμάτων,
3216 1488 3419 1557 Χριστὲ
3456 1487 3741 1556 βασιλεῦ,
3779 1490 3864 1550 ὡς

2232 1581 2612 1649 ἀνερμήνευτα
2661 1582 2755 1633 καὶ
2814 1579 3207 1646 ἀνεξιχνίαστά
3237 1580 3383 1631 εἰσιί
3423 1580 3538 1631 Καὶ
3588 1575 3675 1649 ἧν
3714 1580 3861 1631 [δεῖν

2233 1673 2324 1724 τὴν
2372 1671 2759 1739 παμμέγιστον
2814 1674 3023 1725 ἐκεῖνον
3066 1674 3199 1725 ναὸν
3245 1672 3340 1724 καὶ
3390 1670 3696 1724 θειότατον
3750 1673 3860 1738 τῆς

2235 1760 2329 1814 τοῦ
2389 1762 2526 1813 Θεοῦ
2589 1761 2800 1830 σοφίας,
2834 1761 2925 1813 τὸν
2977 1762 3208 1831 οὐρανὸν
3264 1763 3357 1815 τὸν
3407 1762 3701 1830 ἐπίγειον,
3751 1764 3854 1815 τὸν

2236 1851 2426 1919 θρόνον
2474 1851 2573 1919 τῆς
2606 1850 2765 1918 δόξης
2804 1851 2898 1903 τοῦ
2930 1851 3092 1913 Θεοῦ,
3123 1852 3186 1904 τὸ
3238 1853 3584 1922 Χερουϐικὸν
3639 1856 3845 1923 ὄχημα

2234 1944 2326 1996 καῖ
2371 1944 2662 2012 στερέωμα
2708 1938 2983 2011 δεύτερον,
3016 1942 3115 2012 τὴν
3158 1942 3294 1995 θεοῦ
3338 1945 3543 2012 χειρῶν
3573 1946 3841 2011 ποίησιν,

2234 2033 2294 2084 τὸ
2323 2032 2498 2101 θέαμα
2543 2032 2636 2085 καὶ
2666 2032 2829 2103 ἔργον
2860 2028 3125 2098 ἀξιον,¹τὸ
3164 2033 3346 2103 πάσης
3379 2035 3477 2101 τῆς
3509 2035 3617 2102 γῆς
3651 2036 3845 2104 ἀγα-λα

2235 2124 2425 2192 λίαμα,
2471 2124 2563 2177 τὸν
2606 2124 2805 2194 ὡραῖον
2841 2124 3003 2195 290
3040 2126 3134 2177 καὶ
3169 2125 3388 2193 ὡραίων
3440 2127 3792 2194 ὠραιότερον
3823 2141 3841 2157 ⁸

2234 2208 2294 2269 οὗ
2326 2215 2531 2268 ἔσωθεν
2562 2215 2671 2269 τῶν
2718 2218 2931 2270 ἀδύτων
2987 2218 3082 2269 καὶ
3112 2217 3325 2271 ἀνωθεν
3359 2218 3468 2269 τῶν
3514 2216 3839 2285 θυσιαστηο

2236 2309 2367 2379 ρίων
2424 2309 2520 2363 καὶ
2574 2309 2866 2377 τραπεζῶν
2919 2310 3109 2381 ἤσθιον
3164 2310 3258 2362 καὶ
3308 2311 3515 2373 ἔπινον,
3573 2312 3675 2363 καὶ
3732 2312 3837 2373 τὰς

2234 2402 2485 2470 ἀσελγεῖς
2516 2402 2742 2472 γνώμας
2774 2403 2870 2456 καὶ
2901 2402 3109 2472 ὀρέξεις
3141 2404 3324 2456 αὐτῶν
3363 2403 3501 2471 μετά
3533 2403 3833 2468 γυναικῶν

2234 2495 2329 2546 καὶ
2376 2493 2664 2562 παρθένων
2714 2494 2810 2546 καὶ
2858 2494 3065 2545 παίδων
3127 2493 3409 2547 ὲπάνωθεν
3462 2495 3686 2545 ἐποίουν
3732 2494 3831 2545 καὶ

2234 2580 2526 2653 ἔπραττον.
2559 2584 2658 2646 Τίς
2691 2583 2769 2652 μὴ
2800 2583 3053 2655 θρηνὴσῃ
3103 2601 3181 2645 σε,
3211 2586 3332 2653 ἀγιε
3368 2586 3499 2648 ναές
3534 2589 3629 2638 καὶ
3685 2604 3829 2638 παν-

2232 2677 2399 2747 ταχοῦ
2434 2678 2541 2729 πᾶν
2595 2676 2765 2728 κακὸν
2789 2670 2878 2744 ἦν,
2913 2676 3007 2727 καὶ
3058 2677 3207 2728 πᾶσα
3251 2676 3466 2745 κεφαλὴ
3512 2678 3695 2746 ἤλγει.
3734 2678 3826 2729 Ἐν

2233 2770 2402 2830 οἴκοις
2434 2766 2625 2836 θρῆνοι
2660 2764 2757 2817 καὶ
2799 2763 3093 2833 κλαυθμοὶ,
3125 2765 3181 2815 ὲν
3211 2764 3445 2830 τριόδοις
3475 2765 3729 2832 ὀδυρμοὶ,
3764 2768 3823 2815 ἐν

2234 2865 2383 2924 ναοῖς
2411 2862 2736 2931 ὀλοφυρμοὶ,
2772 2860 2989 2930 ἀνδρῶν
3022 2858 3301 2927 οἰμωγαὶ,
3333 2857 3608 2923 γυναικῶν
3633 2856 3819 2907 ὀλολυ-

2234 2954 2328 3021 γαὶ
2385 2952 2651 3021 ἐλκυσμοὶ
2707 2949 3144 3020 ἀνδραποδισμοὶ
3202 2947 3543 3014 διασπασμοί
3597 2964 3653 2998 τε
3722 2950 3816 2998 καὶ

551 3048 638 3107 τίς
676 3044 1037 3111 διηγήσεται;
1071 3034 1181 3089 Ἦν
1230 3036 1361 3105 ὁρᾷν
1401 3034 1461 3085 τὸ
1509 3034 1652 3085 θεῖον
1680 3026 1817 3099 αἷμα
1842 3031 1935 3083 καὶ
1969 3029 2130 3095 σῶμα
2157 3050 2202 3113 C
2238 3042 2483 3110 βιασμοί.
2509 3043 2573 3095 Ol
2610 3042 2805 3108 σεμνοὶ
2857 3040 2935 3110 τῷ
2986 3040 3135 3106 γένει
3184 3038 3399 3106 ἀτίμως
3444 3037 3737 3106 περιῆσαν,
3763 3040 3811 3087 et

552 3134 793 3207 Χριστοῦ
826 3131 968 3186 κατὰ
999 3130 1105 3197 γῆς
1130 3128 1391 3197 χεόμενον
1431 3125 1526 3177 καὶ
1552 3123 1903 3193 ῥιπτόμενον,
1938 3121 2032 3175 καὶ
2062 3121 2131 3196 τά

556 3318 770 3377 tiassct,
802 3312 972 3367 edixit
1000 3310 1066 3371 is,
1099 3317 1159 3361 ut
1183 3321 1252 3360 ex
1293 3312 1455 3374 pacto
1485 3301 1880 3356 descenderent
1913 3309 1963 3353 et
2006 3316 2131 3353 cum

557 3407 685 3464 navi
717 3415 772 3460 et
803 3402 953 3457 omni
992 3397 1330 3469 supellectile
1378 3410 1476 3450 sua
1510 3392 1665 3447 liberi
1713 3402 1912 3448 essent.
1953 3392 2021 3445 At
2054 3392 2133 3444 sic
2178 3466 2181 3473 ἱ

565 3512 783 3568 quoque
813 3508 953 3563 aegre
983 3493 1049 3545 iis
1081 3496 1494 3558 persuaserunt,
1533 3495 1592 3538 ut
1618 3482 1984 3537 discederent.
2018 3481 2132 3535 Duo

564 3591 762 3643 fratres
792 3585 938 3649 Itali,
962 3581 1166 3635 Paulus
1197 3587 1244 3633 et
1274 3576 1493 3630 Troilus
1525 3572 1868 3635 nominibus,
1922 3574 1977 3625 in
2013 3572 2133 3625 loco

558 3679 661 3733 sibi
698 3675 997 3731 commisso
1025 3687 1150 3725 cum
1177 3669 1299 3724 aliis
1324 3667 1509 3721 multis
1556 3679 1817 3736 generose
1852 3662 2135 3717 decertan-

558 3782 665 3838 tes,
698 3772 880 3824 hostes
916 3748 1120 3819 acriter
1171 3762 1508 3831 repellebant
1535 3767 1591 3813 et
1629 3757 1772 3811 baud
1828 3755 1932 3809 levi
1967 3753 2135 3807 dimi-

558 3865 764 3919 cabant
828 3859 1048 3930 przelio,
1089 3865 1143 3909 et
1189 3864 1574 3920 utrorumque,
1627 3860 1741 3904 tum
1775 3846 2133 3918 pugnantium

562 3966 677 4009 tum
732 3951 1154 4011 defensantium,
1208 3946 1384 4000 caedes
1436 3942 1759 3998 edebantur.
1816 3938 2135 4006 Respiciens

560 4058 739 4100 autem
774 4043 975 4097 Paulus
1012 4041 1305 4106 hostesque
1336 4036 1503 4107 intra
1528 4034 1718 4087 urbem
1756 4030 2133 4098 conspicatus,

564 4140 631 4191 ad
663 4138 891 4189 fratrem
923 4144 1263 4187 conversus:
1305 4145 1323 4177 c
1356 4125 1399 4180 0
1429 4123 1533 4186 sol,
1571 4125 1851 4183 horresce,
1880 4119 2077 4187 inquit,
2103 4134 2137 4171 ο

559 4228 741 4285 tellus.
774 4221 1115 4293 ingemisce!
1180 4228 1339 4285 capta
1396 4217 1535 4269 urbs
1594 4223 1698 4277 est,
1750 4220 1803 4266 et
1856 4208 2133 4279 pugnandi

560 4330 775 4386 tempus
801 4317 911 4387 jam
949 4310 1228 4381 praeteriit.
1262 4311 1512 4360 Attamen
1540 4306 1605 4359 de
1635 4306 1809 4358 salute
1838 4314 2051 4364 nostra,
2086 4301 2130 4354 si

559 4426 665 4480 qua
692 4424 814 4476 spes
833 4417 937 4467 est,
966 4402 1289 4471 cogitemus.
1325 4418 1342 4450 ι

633 4500 704 4553 lia
737 4501 920 4553 hostes
952 4506 1059 4548 tota
1098 4495 1232 4546 urbe
1274 4491 1431 4560 potiti
1492 4496 1619 4544 sunt
1645 4489 1731 4541 die
1786 4487 1965 4552 tertio,
1999 4486 2131 4539 hora

565 4596 805 4649 secunda
838 4599 890 4643 et
921 4587 1163 4649 dimidia,
1189 4600 1335 4638 anno
1364 4582 1523 4642 696i,
1558 4578 1763 4634 mensis
1782 4577 1903 4632 Maii
1929 4578 2013 4631 die
2038 4576 2130 4629 ‘29.

562 4688 667 4751 Qui
696 4687 987 4741 iri-nerant,
1026 4678 1308 4744 rapiebant
1336 4683 1391 4727 et
1428 4672 1679 4741 captivos
1702 4669 2006 4731 faciebant,
2038 4665 2132 4734 qui

563 4779 922 4846 capiebantur
975 4780 1028 4824 ct
1084 4768 1433 4827 resistebant,
1506 4762 1909 4824 mactabantnr,
1970 4769 2133 4826 atque

564 4866 841 4921 nonnullis
880 4866 929 4915 in
965 4862 1099 4915 locis
1135 4863 1251 4927 prae
1275 4858 1602 4910 cadaverum
1639 4853 1995 4906 multitudine
2026 4865 2130 4902 non

561 4957 853 5026 apparebat
886 4964 1047 5007 terra.
1077 4950 1315 5004 Vidisses
1364 4961 1559 4999 novum
1614 4943 2010 5012 spectaculum,
2062 4940 2136 4991 la-

565 5059 749 5104 menta
790 5048 957 5101 multa
983 5054 1035 5096 et
1069 5044 1238 5101 varia,
1290 5039 1503 5106 rapinas
1536 5036 1873 5096 innumeras,
1936 5032 2133 5101 quibus

565 5142 829 5196 mulieres
879 5135 1179 5205 primarius,
1241 5132 1478 5199 virgines
1514 5138 1567 5181 et
1621 5129 1729 5180 Deo
1772 5135 2129 5186 consecratae,

562 5232 777 5302 capillis
810 5241 863 5283 et
893 5226 1139 5280 crinibus
1173 5240 1201 5276 a
1224 5222 1420 5275 Turcis
1461 5220 1721 5273 atrociter
1773 5230 1971 5284 magno
2008 5213 2132 5282 eju-

567 5328 677 5379 latu
705 5338 770 5377 ex
803 5319 1049 5375 ecclesiis
1075 5315 1467 5370 avellebantur.
1529 5310 1807 5366 Clamores
1840 5319 1893 5362 et
1951 5306 2132 5375 plora-

566 5428 656 5471 tus
682 5427 998 5485 puerornm,
1031 5418 1345 5477 sanctarum
1398 5405 1595 5459 aedium
1655 5400 1935 5469 sacrilegia
1986 5406 2040 5450 ct
2088 5394 2136 5451 si

567 5508 698 5578 quid
724 5506 867 5559 aliud
898 5500 1251 5563 horrendum,
1283 5499 1406 5566 quis
1438 5498 1550 5549 haec
1581 5494 1843 5549 enarret?
1870 5492 1998 5545 Erat
2048 5506 2133 5541 νι-

570 5602 698 5653 dere
757 5595 958 5651 Christi
1019 5592 1263 5647 divinum
1329 5590 1646 5657 sanguinem
1704 5595 1758 5638 et
1821 5601 2020 5653 corpus
2080 5587 2131 5638 in

574 5700 770 5741 terram
801 5686 1001 5740 effundi
1036 5697 1087 5739 et
1122 5683 1333 5753 projici,
1370 5697 1523 5734 sacra
1558 5694 1679 5733 vasa
1716 5676 1880 5744 diripi
1933 5684 1986 5728 ct
2017 5690 2134 5742 par-

2237 3131 2484 3185 πλούσιοι
2542 3130 2771 3184 ἀνόσιοι.
2824 3130 2890 3182 Αἰ
2949 3129 3244 3193 πλατεῖαι,
3306 3128 3364 3179 αἱ
3423 3128 3617 3195 γωνίαι
3673 3129 3812 3180 κατὰ

2238 3312 2333 3363 tim
2369 3308 2608 3378 diﬂ'ringi
2656 3308 2853 3377 partim
2909 3308 3115 3377 integra
3170 3308 3224 3361 in
3294 3308 3474 3362 sinum
3525 3309 3801 3362 abscondi.

2238 3398 2473 3452 Perinde
2518 3400 2585 3451 de
2646 3407 2839 3451 ornatu
2900 3398 3194 3463 faciebant,
3255 3410 3472 3453 sanctas
3525 3399 3800 3468 imagines.

2238 3505 2398 3553 auro,
2434 3498 2660 3558 argento
2714 3503 2769 3544 et
2800 3490 2998 3559 lapillis
3041 3491 3298 3560 pretiosis
3329 3491 3630 3550 decoratas.
3684 3507 3808 3545 con-

2239 3582 2549 3645 culcabant,
2582 3592 2635 3636 et
2661 3591 2984 3637 ornamenta
3038 3582 3336 3649 spoliantes
3372 3583 3423 3633 in
3482 3582 3702 3634 lectulos
3751 3590 3805 3634 et

2238 3687 2459 3726 mensas
2488 3672 2840 3737 adhibebant,
2879 3671 3316 3727 sacerdotalibus
3350 3670 3509 3726 stolis
3544 3682 3596 3725 et
3645 3673 3800 3725 vesti-

2238 3762 2458 3827 mentis,
2488 3771 2600 3817 tum
2635 3764 2828 3818 sericis
2866 3771 2980 3816 tum
3013 3777 3147 3816 auro
3177 3763 3424 3828 intextis,
3479 3776 3641 3831 equos
3661 3772 3797 3816 ster-

2237 3854 2439 3909 nebant
2469 3865 2565 3909 aut
2597 3869 2695 3923 pro
2731 3855 2945 3924 mappis
2985 3854 3302 3919 utebantur,
3348 3853 3612 3922 pretiosas
3634 3870 3791 3907 sacra

2238 3961 2384 4017 gazae
2412 3947 2737 4014 margaritas
2769 3946 3105 4016 spoliabant,
3164 3945 3339 4000 sacris
3378 3946 3610 4016 reliquiis
3640 3947 3778 3996 humi

2239 4038 2499 4106 protritis.
2531 4038 2647 4090 Alia
2683 4037 2952 4105 permulta
2986 4036 3427 4091 exsecratissima
3455 4047 3502 4090 et
3544 4037 3779 4103 lacrymis

2238 4126 2618 4195 prosequenda
2672 4126 2917 4180 facinora
2955 4139 3327 4194 praicursores
3378 4125 3450 4178 illi
3479 4124 3781 4178 Antichristi

2240 4219 2545 4287 patrabant.
2584 4218 2629 4273 Ο
2667 4218 3076 4288 sapientissime
3129 4226 3225 4272 tua
3281 4219 3531 4283 consilia,
3581 4215 3783 4272 Christe

2238 4310 2375 4374 Rex,
2404 4325 2565 4379 quam
2595 4321 2723 4364 sunt
2753 4311 3076 4365 abscondita
3117 4319 3174 4364 et
3228 4310 3608 4387 inscrutabilia
3632 4311 3651 4362 ἲ
3677 4320 3783 4364 erat

2173 4406 2215 4459 Ι)
2243 4416 2402 4470 porro
2438 4401 2621 4455 videre
2650 4400 2946 4454 maximum
2979 4401 3108 4455 illud
3143 4410 3196 4455 et
3242 4402 3638 4457 divinissimum
3665 4410 3784 4456 tem-

2241 4494 2385 4559 plum
2429 4491 2725 4560 Sapientiaa
2757 4492 2873 4557 Dei,
2908 4493 3107 4546 coelum
3135 4500 3413 4554 terrestre,
3480 4492 3657 4550 sellam
3685 4493 3785 4559 glo-

2236 4584 2331 4636 rise
2388 4582 2499 4646 Dei,
2530 4583 2894 4637 Cherubicum
2942 4583 3248 4636 vehiculum
3306 4592 3357 4635 et
3411 4586 3781 4637 firmamentum

2237 4666 2489 4737 alteru‘m,
2532 4690 2667 4741 opus
2703 4690 2963 4727 manuum
2998 4674 3115 4736 Dei,
3149 4674 3525 4743 spectaculum
3551 4675 3779 4729 eximium

2236 4776 2291 4818 et
2325 4768 2487 4821 totius
2513 4768 2663 4820 orbis
2694 4777 2965 4821 terrarum
3006 4769 3214 4831 lumen,
3252 4766 3514 4834 templum
3549 4768 3666 4820 illud
3692 4769 3782 4819 cle-

2238 4875 2373 4926 gans
2404 4869 2457 4911 et
2487 4859 2827 4928 elegantibus
2852 4860 3181 4929 elegantius,
3219 4860 3358 4913 intra
3394 4860 3553 4928 cujus
3580 4861 3715 4928 adyta
3735 4872 3779 4909 et

2239 4967 2400 5020 supra
2443 4952 2635 5005 altaria
2692 4968 2754 5005 ac
2793 4966 3011 5006 mensas
3069 4951 3293 5005 ederent
3364 4966 3427 5005 ac
3462 4951 3708 5015 biberent,
3734 4963 3780 5004 et

2240 5043 2474 5096 incestas
2507 5045 2835 5112 cupiditates
2871 5055 2923 5098 et
2948 5044 3201 5098 libidines
3229 5059 3355 5099 suas
3384 5059 3511 5098 cum
3571 5043 3775 5103 feminis.

2239 5131 2544 5199 virginibus
2568 5142 2620 5185 et
2644 5132 2825 5199 pueris
2854 5141 3196 5186 exercerent.
3230 5130 3364 5197 Quis
3392 5142 3442 5185 te
3470 5148 3575 5185 non
3604 5132 3774 5199 lugeat,

2240 5223 2495 5289 templum
2531 5224 2937 5278 sanctissimum
2973 5226 2985 5274 ί
3027 5225 3227 5293 ubique
3276 5225 3557 5278 calamitas
3610 5234 3707 5277 erat
3732 5232 3777 5278 et

2238 5312 2459 5365 dolebat
2493 5327 2653 5366 omne
2694 5324 2876 5382 caput.
2914 5314 2972 5367 lu
3002 5316 3259 5369 domibus
3281 5315 3518 5368 lamenta
3549 5324 3599 5368 et
3620 5315 3771 5379 ﬂetus,

2237 5404 2291 5457 in
2323 5404 2501 5459 triviis
2530 5407 2804 5475 planctus,
2838 5406 2891 5460 in
2926 5409 3144 5476 templis
3203 5409 3406 5472 luctus,
3440 5411 3666 5460 virorum
3691 5424 3772 5479 ge:

2239 5499 2427 5563 mitus,
2462 5499 2753 5553 mulierum
2783 5500 3045 5565 ululatus,
3082 5500 3304 5569 rapinae,
3328 5500 3671 5569 captivitates,
3700 5499 3773 5551 in-
3866 5558 3873 5569 ‘

2238 5589 2577 5643 sultationes.
2605 5589 2813 5644 Genere
2848 5590 3059 5644 nobiles
3087 5589 3382 5658 contempti
3416 5591 3770 5650 erant,divitvs

2240 5681 2410 5747 impii.
2446 5680 2637 5735 Plateaz
2672 5692 2723 5735 ct
2752 5682 2934 5751 anguli
2974 5683 3179 5751 ubique
3212 5681 3361 5734 omni
3416 5680 3661 5733 malorum
3688 5681 3792 5746 εἶθ-⁸
