4066 6296
120 423 125 426 .
214 353 315 421 881

1263 361 1713 423 CHBONICON
1764 364 2026 424 MAJUS.
2064 389 2134 401 —
2169 365 2311 426 LIB.
2343 366 2457 425 HI.

3337 361 3440 417 882

210 471 389 523 πάντα
423 469 585 524 τόπον
623 469 899 539 πανταχοῦ
949 470 1139 524 πασῶν
1193 472 1403 526 κακιῶν
1430 467 1499 541 ἦν
1528 472 1741 540 ἔμπλεα
1766 490 1779 505 ·
1813 484 1857 539 Α
1891 455 1980 541 ρος
2024 472 2214 525 τούτου
2262 472 2443 542 χρόνοι
2496 470 2907 539 τεσσαράκοντα
2952 466 3106 518 ἐννέα
3141 464 3235 517 καὶ
3283 466 3447 530 μῆνες

207 561 385 623 οὐδεὶς
438 560 604 623 τόπος
655 561 1083 633 ἀνεξερεύνητος
1127 564 1157 632 ἢ
1198 564 1395 627 ἄσυλος
1448 563 1684 633 ἔμεινεν.
1711 561 1781 616 Ὦ

210 656 414 723 Χριστὲ
443 653 687 723 βασιλεῦ,
717 656 814 722 τῆς
858 656 979 708 τότε
1026 655 1259 724 θλίψεως
1290 657 1385 709 καὶ
1419 657 1783 725 στενοχωρίας

211 747 393 799 πᾶσαν
420 747 573 800 πόλιν
604 747 700 799 καὶ
734 747 941 816 χώραν,
979 748 1046 816 ἣν
1079 747 1320 801 οἰκοῦσιν
1355 749 1405 800 oi
1437 748 1779 816 Χριστιανοὶ,

209 837 598 906 ὲλευθέρωσον.
634 840 747 891 Καὶ
793 838 969 891 πάντα
1024 841 1202 907 κῆπον
1245 840 1341 892 καὶ
1380 835 1532 893 οἶκον
1569 840 1616 892 οἱ
1649 839 1782 891 ἀσε-

212 927 327 990 ϐεῖς
386 929 487 982 οὒκ
543 930 733 982 εἴασαν
778 929 1117 999 ἀνώρυκτον,
1156 932 1242 983 ῐνα
1293 931 1363 984 τὰ
1415 931 1783 1001 κεκρυμμένα

212 1020 471 1088 χρήματα
520 1019 726 1088 εὕρωσι
754 1036 767 1051 ⁸
808 1022 901 1073 καὶ
955 1021 1227 1074 πλείστων
1276 1021 1375 1090 μὲν
1410 1022 1545 1074 νέων
1581 1022 1786 1092 θησαυο

215 1112 324 1179 ρῶν
341 1112 435 1164 καὶ
458 1111 701 1165 παλαιῶν
728 1114 820 1164 καὶ
845 1113 1048 1182 ἐτέρων
1079 1113 1393 1183 πολυτίμων
1418 1115 1782 1183 πραγμάτων,

213 1202 491 1272 εὑρόντες,
526 1204 968 1274 ἐνεπλήσθησαν.

283 1300 354 1364 η’.
402 1296 489 1355 Ὠς
520 1295 613 1348 οὖν
644 1299 676 1363 ἡ
708 1298 861 1359 πόλις
890 1298 1053 1361 ἑάλω,
1101 1301 1129 1352 6
1176 1301 1404 1369 ἀμηρᾶς
1433 1300 1579 1355 ἔνδον
1613 1301 1786 1353 είσελ-

217 1386 331 1438 θὼν
379 1387 547 1449 εὐθὺς
596 1388 744 1459 πάσῃ
796 1391 996 1459 σπουδῇ
1030 1390 1257 1459 ζήτησιν
1295 1376 1468 1446 ὲποίει
1520 1394 1645 1459 περὶ
1692 1393 1786 1445 τοῦ

220 1479 504 1546 βασιλέως,
534 1482 594 1541 ὃς
628 1484 768 1536 κατὰ
821 1483 945 1535 νοῦν
979 1485 1140 1536 ἄλλον
1169 1485 1269 1539 οὐκ
1324 1484 1601 1551 ἐλογίζετο
1633 1486 1679 1537 εί
1712 1486 1786 1554 μὴ

223 1571 384 1637 μόνον
443 1573 635 1640 μαθεῖν
688 1575 739 1626 εί
788 1576 852 1643 ζῇ
909 1574 941 1643 ἢ
997 1574 1260 1639 τέθνηκεν
1304 1578 1329 1627 6
1376 1575 1649 1645 βασιλεύς.
1681 1578 1788 1628 Καὶ

220 1660 366 1723 τινὲς
417 1661 516 1729 μὲν
567 1663 816 1727 ἐλθόντες
860 1664 1049 1732 ἔλεγον
1081 1666 1162 1718 ὅτι
1210 1666 1436 1733 ἔφυγεν.
1468 1669 1618 1720 ἄλλοι
1648 1668 1702 1720 δὲ
1732 1669 1790 1721 ἐν

217 1753 280 1819 τῇ
312 1753 465 1804 πόλει
495 1752 681 1819 ἔλεγον
709 1752 845 1807 εἶναι
880 1759 1291 1825 κεκρυμμένον,
1323 1758 1475 1811 ἄλλοι
1498 1760 1553 1811 δὲ
1590 1759 1786 1812 τεθνά-

215 1859 305 1894 ναι
367 1845 694 1913 μαχόμενον.
750 1849 859 1901 Καὶ
928 1849 1100 1901 θέλων
1171 1851 1509 1919 πιστωθῆναι
1569 1851 1786 1919 ἀληθῶς

216 1934 456 1988 ἔστειλεν
481 1937 608 1989 ἔνθα
634 1939 790 2007 291
824 1940 887 2008 δὴ
930 1942 1000 1992 τὰ
1031 1942 1300 2009 πτώματα
1330 1944 1440 1993 τῶν
1474 1944 1790 2011 ἀναιρεθέν-

215 2040 323 2073 των
367 2025 545 2079 ἔκειτο
588 2029 890 2095 σωροειδῶς
944 2030 1289 2100 Χριστιανῶν
1328 2049 1384 2085 τε
1433 2036 1526 2086 καὶ
1552 2034 1787 2089 ἀσεϐῶν.

219 2114 329 2163 Kal.
357 2114 622 2179 πλείστας
665 2119 907 2186 κεφαλὰς
947 2120 1057 2173 τῶν
1100 2122 1500 2191 ἀναιρεθέντων
1529 2124 1787 2187 ἔπλυναν,

215 2202 431 2272 εἰτύχῃ
489 2204 583 2255 καὶ
638 2204 738 2275 τὴν
795 2206 1079 2277 βασιλικὴν
1141 2211 1475 2278 γνωρίσωσι.
1537 2212 1645 2266 Καὶ
1692 2214 1792 2266 οὐκ

218 2291 556 2362 ἐδυνήθησαν
587 2299 853 2365 γνωρίσαι
876 2298 1047 2366 αὐτὴν
1074 2302 1121 2351 εἰ
1155 2302 1227 2370 μὴ
1258 2303 1319 2352 τὸ
1343 2302 1558 2365 τεθνεὸς
1588 2305 1791 2371 πτῶμα

217 2383 312 2435 τοῦ
348 2384 612 2451 βασιλέως
668 2389 942 2455 εὑρόντες,
978 2390 1007 2442 ὃ
1057 2393 1362 2459 ἐγνώρισαν
1396 2394 1460 2445 ὲκ
1501 2395 1608 2446 τῶν
1638 2395 1790 2463 βασι-

219 2473 390 2525 λικῶν
443 2478 857 2545 περικνημίδων
904 2479 937 2548 ἢ
975 2479 1069 2531 καὶ
1132 2480 1386 2545 πεδίλων,
1422 2482 1551 2536 ἔνθα
1598 2488 1794 2553 χρυσοῖ

222 2565 373 2619 ἀετοὶ
396 2562 539 2635 ἦσαν
565 2572 969 2639 γεγραμμένοι,
997 2574 1070 2634 ὡς
1097 2572 1218 2631 ἔθος
1245 2573 1459 2642 ὑπῆρχε
1495 2578 1607 2637 τοῖς
1641 2576 1795 2644 βασι-

217 2654 391 2710 λεῦσι.
426 2659 536 2710 Καὶ
568 2659 753 2726 μαθὼν
777 2663 805 2712 6
842 2660 1064 2729 ἀμηρᾶς
1103 2663 1413 2731 περιχαρὴς
1447 2665 1539 2715 καὶ
1566 2666 1794 2733 εὐφραι-

222 2749 447 2815 νόμενος
482 2748 697 2819 ὑπῆρχε
723 2765 736 2778 ⁸
776 2753 872 2809 καὶ
902 2751 1200 2821 προστάξει
1249 2755 1412 2807 αὐτοῦ
1450 2758 1499 2809 oi
1538 2757 1793 2826 εὑρεθέν·

221 2857 313 2902 τες
348 2842 669 2909 Χριστιανοὶ
713 2843 921 2911 ἔθαψαν
980 2844 1044 2896 τὸ
1088 2845 1365 2914 βασιλικὸν
1418 2849 1615 2916 πτῶμα
1656 2848 1796 2917 μετὰ

224 2935 519 2999 βασιλικῆς
564 2936 749 3003 τιμῆς.
785 2937 922 2989 Οὐαὶ
965 2937 1085 2990 οὐαὶ
1120 2939 1287 3005 κάμοὶ
1323 2940 1421 3007 τῆς
1449 2941 1705 3008 προνοίας
1737 2941 1793 2992 ὲν

222 3026 329 3076 τίνι
364 3026 542 3095 καιρῷ
575 3043 640 3095 με
670 3028 1073 3096 φυλαττούσηςῐ
1104 3024 1213 3081 Ἦν
1240 3030 1296 3082 δὲ
1326 3032 1524 3099 πᾶσαὴ
1556 3031 1668 3099 ζωὴ
1700 3031 1794 3083 τοῦ

1885 565 2034 630 τρεῖς
2071 566 2165 614 καὶ
2197 563 2407 630 ἡμέραι
2439 560 2633 613 εἴκοσι.

1948 651 2026 725 ,Ὀ
2055 652 2110 704 δὲ
2148 653 2378 720 λὰμηρᾶς
2424 653 2490 720 τῇ
2532 651 2657 722 νίκῃ
2700 652 2763 719 τῇ
2805 647 3017 717 μεγάλῃ
3068 645 3327 714 ἐπαρθεὶς
3359 646 3446 697 καλ

1888 742 2144 812 πλείστης
2176 742 2481 807 κενοδοξίας
2510 740 2774 811 πλησθεὶς
2808 740 2956 809 ὠμὸς
3002 740 3095 791 καὶ
3135 737 3451 805 ἀνελεήμων

1887 834 2082 902 ἐφάνη.
2116 834 2437 903 Προσελθὼν
2486 833 2542 886 δὲ
2588 832 2738 900 αὐτῷ
2788 833 2815 884 6
2871 831 3041 898 μέγας
3092 828 3220 892 δοὺξ
3265 829 3291 879 6
3347 829 3453 893 κὺρ

1888 928 2105 988 Λουκᾶς
2140 928 2169 978 6
2202 927 2453 994 Νοταρᾶς
2487 926 2897 993 προσεκύνησεν
2926 924 3112 983 αὐτὸν,
3146 923 3239 973 καὶ
3273 920 3454 985 δείξας

1888 1018 2038 1088 αὐτῷ
2087 1020 2363 1088 θησαυρὸν
2420 1019 2588 1071 πολὺν
2635 1017 2693 1070 ὃν
2746 1013 2858 1085 εἷχε
2925 1016 3326 1084 κεκρυμμένον,
3363 1016 3456 1065 καὶ

1888 1109 2069 1171 λίθους
2099 1111 2191 1161 καὶ
2223 1110 2545 1178 μαργάρους
2575 1109 2671 1161 καὶ
2707 1110 2870 1178 ἕτερα
2903 1107 3119 1175 λάφυρα
3150 1106 3275 1169 ἄξια
3303 1105 3456 1173 βασι-

1889 1198 2090 1261 λεῦσιν,
2131 1197 2321 1271 ἃίδὼν
2360 1198 2386 1249 6
2414 1198 2665 1266 Ἀμηρᾶς
2697 1198 2791 1249 καὶ
2828 1200 2979 1248 πᾶσα
3009 1198 3040 1263 ἡ
3074 1194 3236 1262 βουλὴ
3286 1191 3452 1244 αὐτοῦ

1889 1288 2225 1357 ἐθαύμασαν.
2259 1289 2317 1339 '0
2346 1289 2403 1339 δὲ
2430 1288 2679 1353 Νοταρᾱς
2708 1281 2830 1338 εἷπε
2858 1286 2933 1352 τῷ
2957 1285 3148 1352 ἀμηρᾷ
3175 1300 3188 1314 ο
3220 1301 3239 1332 ‹
3270 1281 3457 1333 Ταῦτα

1892 1379 2067 1432 πάντα
2102 1379 2400 1446 ἐφύλαττον
2447 1378 2536 1431 διὰ
2586 1380 2685 1446 τὴν
2727 1375 3007 1445 βασιλείαν
3062 1390 3178 1436 σου,
3217 1373 3309 1424 καὶ
3345 1371 3453 1423 ίδοὺ

1890 1473 1958 1525 τὰ
1989 1471 2085 1524 νῦν
2111 1470 2414 1541 χαρίζομαι
2444 1487 2527 1523 σοι
2557 1469 2731 1539 δῶρον
2755 1484 2770 1499 ’
2810 1468 2907 1520 καὶ
2935 1467 3148 1532 δέομαι,
3185 1464 3333 1526 δέξαι
3362 1462 3456 1514 τοῦ

1891 1562 2077 1615 δούλου
2131 1579 2226 1614 σου
2274 1563 2374 1630 τὴν
2406 1561 2589 1630 δέησιν
2631 1561 2724 1613 καὶ
2752 1557 3149 1629 παρακάλεσιν.
3191 1575 3208 1606 ι
3256 1554 3460 1605 "Him-

1893 1657 1985 1720 ξεν
2033 1656 2126 1708 οὖν
2181 1649 2334 1718 οὗτος
2387 1656 2455 1708 δι’
2504 1655 2684 1709 αὐτῶν
2738 1653 3053 1721 ἐλευθερίαν
3096 1650 3256 1718 τύχαι
3300 1647 3459 1715 292

1898 1750 2035 1816 μετὰ
2066 1750 2161 1801 τοῦ
2190 1750 2339 1801 οἴκου
2372 1747 2568 1799 αὑτοῦ*
2602 1746 2965 1811 ἁπελογίσατο
2996 1745 3047 1795 δὲ
3094 1742 3243 1808 αὐτῷ
3292 1742 3318 1791 6
3360 1756 3463 1806 μη-

1826 1818 1863 1870 B
1893 1838 1991 1905 ρᾶς
2022 1838 2112 1889 καὶ
2160 1833 2314 1889 εἶπεν
2342 1853 2354 1867 ·
2392 1852 2412 1886 ο
2446 1832 2515 1886 *Ω
2544 1835 2797 1902 ἡμικύων
2832 1833 2923 1886 καὶ
2953 1832 3289 1897 ἁπάνθρωπε
3322 1830 3465 1897 ἁμη-

1892 1929 2204 1996 χανορράφε
2247 1927 2340 1978 καὶ
2390 1926 2723 1995 πολύτροπε,
2754 1925 3009 1977 τοσοῦτον
3044 1920 3272 1973 πλοῦτον
3317 1916 3465 1987 εἶχες

1892 2019 1987 2070 καὶ
2008 2019 2107 2070 οὐκ
2136 2016 2441 2087 ἐϐοήθησας
2478 2016 2557 2085 τῷ
2592 2016 2805 2086 βασιλεί
2847 2014 2924 2081 τῷ
2964 2014 3198 2083 αὐθέντῃ
3243 2027 3335 2063 σου
3371 2011 3465 2061 καὶ¹

1891 2113 1957 2178 τῇ
1997 2112 2147 2163 πόλει
2193 2114 2259 2179 τῇ
2310 2110 2531 2176 πατρίδι
2585 2125 2717 2171 σου;
2766 2107 2883 2161 Νῦν
2919 2108 2975 2158 δὲ
3026 2106 3165 2173 μετὰ
3206 2106 3465 2156 τοιούτων

1896 2202 2172 2272 πονηριῶν
2234 2204 2331 2254 καὶ
2391 2202 2744 2270 πανουργιῶν
2802 2201 2869 2263 ἃς
2928 2197 3079 2261 οἶδας
3141 2201 3331 2251 ποιεῖν,
3368 2196 3466 2248 καὶ
3545 2190 3549 2194 ’

1894 2295 2156 2363 πράττειν
2181 2295 2245 2346 ὲκ
2274 2294 2554 2360 νεότητος,
2590 2294 2754 2363 βούλῃ
2786 2292 3143 2345 ὑποσκελίσαι
3176 2290 3343 2356 κάμὲ,
3371 2291 3466 2340 καὶ

1895 2388 2072 2456 φύγῃς
2106 2386 2200 2437 τοῦ
2250 2387 2557 2456 πρέποντός
2594 2402 2676 2437 σοι
2708 2402 2721 2450 ;
2759 2386 2895 2437 Εἰπέ
2938 2378 3124 2452 ponti)
3160 2381 3467 2450 665671.15;

1894 2479 1920 2527 6
1953 2477 2187 2544 χαρίσας
2228 2494 2322 2546 μοι
2363 2480 2453 2530 τὸν
2506 2477 2734 2531 πλοῦτον
2768 2478 2861 2528 τὸν
2913 2476 3003 2528 σὸν
3048 2474 3144 2526 καὶ
3174 2472 3274 2542 τὴν
3314 2472 3468 2545 πόλιν

1894 2570 2101 2640 ταύτην
2132 2572 2213 2630 είς
2244 2570 2433 2640 χεῖράς
2486 2587 2626 2638 μου;
2667 2588 2686 2621 ι
2734 2570 2896 2634 Λέγει
2928 2566 3078 2634 αὑτῷ
3107 2568 3134 2618 6
3174 2566 3425 2631 Νοταρᾶς
3451 2582 3466 2597 ο

1901 2678 1920 2713 ι
1969 2660 2028 2715 Ὀ
2063 2661 2216 2722 Θεός.
2260 2678 2279 2712 ι
2329 2662 2386 2712 Ὀ
2416 2662 2474 2713 δὲ
2512 2661 2762 2730 Ἀμηρᾶς
2789 2657 2943 2712 εἶπεν
2975 2656 3123 2726 αὐτῷ
3148 2671 3162 2686 ⁸
3199 2675 3217 2706 ι
3253 2656 3406 2708 Ἐπεὶ
3442 2657 3469 2706 6

1895 2753 2025 2815 Θεὸς
2072 2753 2248 2805 ταῦτά
2298 2770 2390 2821 μοι
2437 2752 2732 2822 ἐχαρίσατο
2767 2753 2858 2805 καὶ
2893 2753 2951 2803 σὲ
2983 2751 3077 2804 καὶ
3117 2752 3325 2811 πάντας
3359 2748 3470 2800 ὑπὸ

1894 2845 1991 2900 τὰς
2026 2846 2215 2915 χεῖράς
2254 2864 2355 2913 μου
2388 2846 2607 2907 δούλους
2630 2847 2815 2907 ἓδωσε,
2843 2846 2894 2897 τί
2924 2845 2988 2897 σὺ
3019 2841 3465 2909 λέγεις,πονηρὲ,

1895 2940 1991 2991 καὶ
2018 2939 2312 3007 φλυαρεῖς;
2340 2940 2464 3001 Πῶς
2492 2940 2592 2990 οὐκ
2633 2937 2881 2999 ἔστειλόις
2915 2952 3005 3004 μοι
3038 2935 3177 2986 αύτὰ
3206 2935 3336 3002 πρὶν
3370 2933 3470 3000 τὴν

1900 3029 2079 3099 μάχην
2102 3032 2311 3099 κινήσω
2338 3030 2461 3082 καθ’
2495 3029 2649 3098 ὑμῶν
2674 3029 2706 3096 ἢ
2736 3028 2867 3098 πρὶν
2902 3028 3000 3094 τὴν
3055 3026 3208 3078 πόλιν
3236 3026 3467 3091 νικήσω,

226 3118 472 3187 ἀοιδίμου
521 3122 579 3171 ὲν
624 3119 905 3188 βασιλεῦσι
932 3122 1026 3172 καὶ
1061 3123 1428 3190 γαληνοτάτου
1462 3127 1552 3176 καὶ
1584 3125 1795 3194 μάρτυ-
1818 3133 1863 3196 C
1898 3121 1983 3173 ἵνα
2012 3122 2215 3188 ὀφείλω
2250 3140 2333 3175 σοι
2374 3123 2473 3192 τὴν
2502 3122 2664 3190 χάριν
2694 3122 2784 3173 καὶ
2814 3121 2912 3188 τὴν
2950 3118 3281 3186 ἁνταμοιῦήν
3308 3135 3322 3183 ;
3355 3116 3468 3170 Νῦν

206 3244 359 3283 'uere
420 3230 832 3296 redundabant;
885 3233 1064 3288 nullus
1097 3234 1247 3287 locus
1296 3245 1432 3297 erat,
1493 3250 1650 3304 quem
1688 3252 1795 3290 non

230 3327 609 3373 scrutarentur
638 3329 689 3373 et
718 3322 1045 3390 expilarent.
1078 3323 1294 3378 Christe
1353 3326 1488 3391 Rex,
1554 3328 1621 3381 ab
1681 3328 1794 3394 illa,

233 3427 395 3476 quam
431 3420 541 3465 tum
582 3413 787 3480 experti
850 3429 1063 3481 sumus,
1121 3417 1339 3470 miseria
1377 3428 1431 3471 et
1487 3419 1799 3474 calamitate

235 3517 449 3554 omnem
486 3503 675 3556 urbem
705 3511 759 3556 et
813 3513 1035 3567 terram,
1084 3522 1246 3573 quam
1294 3506 1594 3561 Christiani
1646 3510 1795 3567 habi-

238 3602 367 3647 tant.
411 3600 615 3647 tueare.
678 3584 1116 3661 Nullos‘hortos,
1178 3599 1319 3651 nulla
1363 3599 1637 3654 domicilia
1694 3616 1797 3653 non

237 3684 624 3749 perquirebaut
656 3685 827 3753 impii,
861 3694 921 3739 ut
976 3688 1259 3754 pecuniam
1318 3690 1557 3743 abditam
1593 3693 1800 3759 reperi-

238 3782 402 3824 rent:
484 3787 548 3828 ac
608 3775 863 3831 maximis
892 3776 1165 3835 {inventis
1221 3779 1515 3843 thesauris,
1572 3780 1801 3833 vetustis

236 3869 290 3913 et
358 3862 536 3927 novis,
610 3875 772 3932 atque
840 3866 964 3918 aliis
1041 3868 1204 3920 rebus
1264 3868 1518 3936 pretiosis
1592 3869 1799 3935 impleti

236 3963 383 4006 sunt.

305 4044 357 4097 9.
389 4046 555 4114 Capta
612 4049 775 4115 igitur
803 4050 957 4114 urbe,
1010 4052 1265 4118 Ameras,
1310 4067 1427 4107 eam
1495 4056 1799 4124 ingressus,

232 4136 638 4192 studiosissime
674 4139 740 4193 de
791 4140 1121 4207 imperatore
1176 4146 1477 4211 quaarebat,
1511 4163 1610 4200 nec
1639 4149 1801 4215 quid-

229 4241 390 4289 quam
420 4229 695 4296 antiquius
717 4229 967 4296 habebat,
996 4248 1158 4300 quam
1186 4242 1244 4287 ut
1268 4248 1637 4302 cognosceret,
1658 4242 1804 4294 vive-

233 4325 383 4368 retne
409 4331 474 4368 an
494 4317 790 4374 interiisset
810 4322 1121 4388 imperator.
1147 4323 1323 4391 Atque
1341 4341 1464 4379 eum
1486 4328 1574 4381 alii
1602 4331 1802 4399 fugisse

234 4405 504 4468 dicebant,
523 4407 610 4459 alii
639 4409 690 4461 in
713 4411 841 4463 urbe
862 4412 1098 4475 latitare,
1126 4414 1215 4467 alii
1241 4417 1426 4483 pr:elio
1449 4421 1794 4476 occubuisse.
1832 4453 1875 4506 υ

236 4497 422 4564 Itaque
467 4507 525 4550 ut
561 4513 673 4551 rem
709 4512 858 4554 certo
893 4515 1266 4572 cognosceret,
1311 4508 1476 4571 misit,
1525 4512 1614 4565 ubi
1644 4513 1799 4566 Chri-

235 4589 537 4642 stianorum
591 4598 644 4641 et
691 4590 978 4658 impiorum
1018 4598 1279 4650 cadavera
1320 4603 1613 4655 acervatim
1652 4602 1800 4671 jaer-

239 4684 387 4731 bant.
422 4680 719 4732 Abluerunt
757 4682 1060 4737 occisorum
1092 4686 1263 4752 capita
1299 4688 1549 4755 plurima,
1586 4694 1629 4747 si
1662 4694 1799 4748 forte

242 4770 587 4835 imperatoris
645 4780 1023 4837 agnoscerent.
1092 4772 1206 4826 Non
1271 4787 1517 4843 poterant
1580 4792 1796 4847 autem,

237 4860 329 4913 sed
374 4862 653 4927 inventum
695 4860 1036 4927 imperatoris
1069 4864 1303 4917 cadaver
1336 4882 1400 4920 ex
1438 4870 1800 4937 imperatoriis

237 4951 416 5023 ocreis
450 4959 503 5003 et
534 4952 918 5004 calceamentis
948 4962 1302 5019 agnoverunt,
1326 4956 1375 5008 in
1407 4959 1603 5025 quibus
1628 4979 1803 5018 aureae

244 5041 438 5109 aquilae
468 5041 693 5108 depicta:
724 5052 928 5105 essent,
965 5051 1020 5094 ut
1051 5060 1168 5098 mos
1205 5056 1322 5099 erat
1360 5049 1797 5117 imperatoribus.

246 5132 416 5201 liujus
444 5134 517 5186 rei
548 5135 744 5187 certior
775 5135 950 5187 factus
981 5137 1226 5201 Ameras,
1262 5156 1605 5210 summopere
1651 5147 1799 5212 gavi-

239 5238 334 5276 sus
363 5229 415 5275 et
442 5222 771 5277 exhilaratus
829 5232 930 5285 est.
963 5235 1015 5278 et
1071 5227 1162 5293 qui
1235 5228 1464 5284 aderant
1509 5220 1837 5289 Christiani.

232 5311 387 5378 jussu
421 5312 539 5376 ejus
563 5314 962 5379 imperatorium
981 5315 1210 5369 cadaver
1233 5318 1433 5372 honore
1464 5321 1800 5391 imperatori-

236 5401 339 5455 bus
371 5401 611 5469 legitimo
634 5403 1017 5468 sepeliverunt.
1060 5404 1147 5458 Va:
1185 5407 1313 5458 mihi
1344 5422 1578 5476 quoque,
1633 5426 1794 5477 quem

233 5503 343 5556 quo
363 5498 605 5558 tempore
632 5492 868 5547 servavit
891 5492 1072 5545 divina
1120 5494 1454 5559 providentia
1486 5499 1497 5549 l
1539 5496 1681 5551 Vixit
1714 5515 1801 5553 ve—

237 5581 511 5634 nerandus
568 5582 655 5635 hic
705 5592 756 5637 et
833 5583 1234 5653 placidissimus
1293 5587 1611 5655 imperator,
1668 5592 1793 5644 dum

234 5682 442 5741 martyr
467 5672 624 5737 obiit,
671 5687 842 5729 annos
878 5675 1241 5745 quadraginta
1310 5693 1525 5739 novem,
1585 5698 1797 5738 incuses

237 5770 344 5816 tres
376 5770 429 5817 et
452 5763 566 5819 dies
607 5761 818 5834 viginti.

1972 3234 2197 3289 Ameras
2229 3250 2424 3304 magna
2454 3235 2679 3289 victoria
2719 3236 2896 3289 elatus
2947 3241 3000 3286 et
3036 3233 3183 3286 inani
3235 3231 3469 3286 tumefa-
3499 3256 3506 3263 -

1900 3334 2018 3379 ctus
2046 3326 2234 3393 gloria,
2294 3326 2569 3380 crudelem
2629 3341 2687 3378 se
2746 3334 2798 3377 et
2850 3324 3138 3377 immanem
3197 3324 3466 3392 prmstitit.

1899 3416 2141 3471 Accessit
2169 3418 2233 3471 ad
2266 3433 2387 3471 eum
2423 3416 2596 3471 Lucas
2628 3415 2883 3481 Nolaras,
2936 3431 3163 3484 magnus
3225 3416 3357 3480 dux,
3395 3426 3467 3471 et.

1900 3505 2211 3560 adoratione
2242 3507 2402 3569 facta,
2434 3508 2708 3575 ingentem
2748 3508 3091 3569 thesaurum,
3153 3520 3312 3570 quem
3349 3505 3470 3558 abs-

1901 3597 2179 3649 conditum
2236 3599 2485 3661 habebat,
2542 3612 2784 3665 gemmas
2843 3613 3004 3664 porro
3052 3605 3101 3649 et
3152 3596 3472 3662 margaritas

1902 3687 2173 3755 aliamque
2211 3704 2396 3756 gazam
2442 3690 2662 3757 regibus
2718 3690 2935 3756 dignam
2993 3688 3041 3740 ei
3103 3687 3469 3750 monstravit;

1902 3793 2133 3847 quorum
2190 3789 2410 3847 aspectu
2452 3781 2678 3833 Anteras
2739 3795 2860 3833 eum
2901 3780 3153 3833 universo
3211 3780 3469 3833 comitatu

1902 3867 2207 3936 obstupuit.
2248 3868 2387 3921 Tum
2439 3868 2717 3925 Notaras:
2761 3888 2778 3919 ι
2839 3869 2962 3922 Haec
3010 3870 3216 3931 omnia,
3270 3869 3467 3935 inquit,

1904 3962 2113 4012 servavi
2157 3960 2424 4027 maiestati
2492 3971 2597 4013 tum
2653 3968 2705 4013 et
2766 3974 2909 4012 nunc
2958 3960 3051 4012 tibi
3106 3974 3199 4028 pro
3249 3975 3472 4013 munere

1905 4050 2080 4112 trado,
2114 4065 2175 4103 ac
2207 4066 2359 4117 rogo,
2394 4058 2450 4102 ut
2481 4050 2624 4103 servi
2658 4051 2734 4104 tui
2793 4065 2981 4118 preces
3014 4060 3066 4103 et
3115 4062 3238 4104 vota
3274 4067 3339 4104 ue
3384 4067 3471 4105 as-

1906 4154 2154 4206 pernere.
2208 4157 2226 4189 ι
2261 4138 2524 4206 Sperabat
2553 4150 2757 4203 autem,
2792 4139 2871 4194 sic
2920 4154 2977 4194 se
3016 4155 3141 4192 cum
3175 4140 3338 4193 domo
3368 4155 3467 4193 sua

1904 4231 2205 4284 libertatem
2238 4240 2659 4284 consecuturum
2693 4245 2837 4285 esse.
2890 4231 2956 4283 At
2985 4228 3262 4299 respondit
3310 4230 3472 4284 Ame-

1904 4336 2033 4375 ras:
2083 4341 2099 4371 ι
2141 4320 2249 4374 lleu
2308 4331 2358 4375 te
2409 4321 2766 4383 semieanem.
2824 4323 3095 4375 hominem
3156 4323 3467 4388 immanem,

1904 4421 2260 4465 veteratorem
2295 4423 2345 4465 et
2386 4412 2809 4472 fraudulentum,
2836 4415 2927 4480 qui
2976 4423 3154 4467 tantas
3176 4428 3304 4479 opes
3347 4429 3471 4482 pos-

1907 4504 2131 4566 sederis,
2166 4520 2265 4557 nec
2317 4506 2657 4558 succurreris
2714 4505 2935 4557 domino
2972 4517 3088 4570 tuo,
3129 4505 3467 4573 imperatori,

1905 4610 2004 4649 nec
2034 4597 2158 4649 huic
2186 4595 2328 4655 urbi,
2365 4597 2551 4664 patriae
2600 4597 2736 4648 tute!
2795 4610 2939 4648 nunc
3002 4611 3133 4649 vero
3166 4611 3288 4648 cum
3352 4595 3470 4647 istis

1906 4687 2163 4753 nequitiis
2190 4695 2242 4737 et
2272 4686 2575 4749 fraudibus,
2611 4687 2815 4755 quibus
2853 4685 3067 4739 deditus
3096 4685 3247 4738 fuisti
3278 4701 3305 4737 a
3340 4701 3472 4753 pue-

1905 4773 2049 4834 ritia.
2082 4792 2163 4827 me
2215 4789 2428 4842 quoque
2454 4775 2801 4841 supplantare
2849 4784 2902 4826 et
2955 4788 3166 4839 pmnam
3232 4772 3469 4842 effugere

1903 4862 2128 4919 studes?
2155 4864 2247 4918 Dic
2278 4865 2429 4925 mihi,
2460 4867 2704 4927 sceleste,
2732 4866 2852 4932 quis
2898 4877 3002 4926 est,
3034 4866 3124 4934 qui
3183 4867 3234 4917 in
3273 4882 3467 4918 manus

1904 4973 2054 5011 meas
2091 4959 2319 5010 tradidit
2342 4957 2560 5011 divitias
2595 4968 2713 5010 tuas
2742 4967 2795 5009 et
2830 4958 2970 5010 hanc
2998 4958 3230 5010 urbem?
3268 4974 3283 5005 ι
3328 4956 3465 5009 Res-

1902 5049 2093 5115 pondit
2127 5048 2395 5103 Notaras:
2438 5068 2455 5099 ι
2486 5048 2679 5102 Deus.»
2716 5047 2852 5101 Tum
2884 5049 3108 5101 Ameras
3145 5064 3159 5099 :
3202 5067 3220 5097 ι
3256 5048 3460 5112 Quodsi

1904 5140 2042 5193 Deus
2073 5142 2184 5193 haec
2209 5140 2338 5192 mihi
2364 5140 2601 5203 donavit,
2632 5147 2792 5208 atque
2819 5148 2868 5192 te
2922 5151 2973 5191 et
3007 5139 3242 5207 reliquos
3271 5140 3320 5191 in
3353 5156 3468 5191 ma-

1904 5247 2007 5284 nus
2040 5246 2188 5285 meas
2212 5231 2436 5295 dedidit,
2472 5232 2599 5300 quid
2631 5239 2706 5294 tu,
2735 5245 2987 5298 nequam,
3021 5231 3100 5285 ais
3121 5243 3172 5284 et
3204 5232 3469 5300 nugaris?

1904 5336 2002 5375 cur
2035 5323 2165 5375 mihi
2191 5323 2303 5376 haec
2335 5338 2441 5376 non
2476 5332 2601 5376 aute
2626 5322 2843 5386 misisti,
2869 5337 3029 5390 quam
3056 5322 3253 5375 bellum
3275 5333 3463 5375 contra

1902 5431 1997 5469 vos
2021 5430 2415 5469 commoveram
2443 5425 2535 5469 aut
2559 5417 2741 5468 urbem
2767 5429 3039 5481 caperem,
3064 5424 3120 5467 ut
3142 5415 3234 5466 tibi
3258 5415 3464 5481 gratias

1902 5515 1956 5557 et
1987 5507 2478 5559 remunerationem
2518 5506 2816 5560 deberem?
2847 5505 3001 5557 Nunc
3053 5506 3197 5557 enim
3261 5518 3369 5554 non
3407 5513 3461 5554 ιιι

1904 5598 2016 5649 lucc
2041 5599 2169 5650 mihi
2207 5599 2555 5668 largiris,sed
2590 5597 2755 5651 Deus.
2801 5618 2817 5647 ι
2862 5599 2935 5650 Ita
2964 5597 3147 5649 statim
3188 5593 3464 5647 mandavit

1903 5685 2203 5749 lictoribus,
2237 5696 2294 5739 ut
2319 5703 2441 5740 eum
2477 5686 2529 5739 in
2557 5702 2825 5740 carcerem
2875 5685 3211 5752 eonjicerent
3243 5690 3296 5733 et
3342 5681 3467 5733 dili-

1900 5789 2086 5845 genter
2111 5780 2463 5833 custodirent.
2495 5778 2756 5832 Postridie
2787 5792 2909 5842 eum
2944 5788 3139 5828 rursus
3184 5787 3368 5826 coram
3403 5785 3466 5825 se
