4066 6296
503 1219 510 1224 ’
550 1170 573 1279 i

595 340 696 402 8737
769 309 772 312 ’

1819 355 2144 417 GEORGII
2187 358 2615 419 ΡΗΠΑΝΤΖΕ

3749 356 3858 418 888

598 461 690 524 ρον
728 459 1011 527 εὐκαιρίαν
1039 461 1214 531 εὑρὼν
1242 463 1328 516 διὰ
1359 466 1418 517 τι
1444 467 1572 529 τοὺς
1605 467 1843 535 βασιλεῖς
1867 477 2154 542 ereptam.)-
2193 483 2229 540 Α
2257 473 2324 527 τὰ
2353 475 2638 543 πνεύματα
2665 474 2759 528 καὶ
2794 475 2995 538 πάντες
3021 477 3070 529 οἱ
3094 474 3335 543 ἄγγελοι,
3359 475 3460 528 οὐκ
3479 477 3555 529 ἂν
3576 474 3851 528 δύναιντο

598 549 793 615 μένους
824 552 1090 620 ὑπάρχειν
1120 557 1175 605 ἐν
1207 555 1461 623 πολέμοις
1504 561 1604 627 τῆς
1649 560 1894 628 Ἰταλίας,
1939 566 2036 632 τὴν
2066 567 2151 618 αἵ-

598 655 747 704 ρεσιν
781 640 946 691 αὐτοῦ
991 643 1459 712 ἐπαρρησιάσατο,
1496 648 1563 717 ἣν
1599 646 1743 719 εἶχεν
1797 654 2150 723 ὑποκεκρυμ-

598 730 768 794 μένην
815 733 1036 797 χρόνους
1089 735 1329 798 ἱκανοὺς,
1362 741 1457 792 καὶ
1487 743 1789 814 νομοθέτης
1828 744 2006 798 αὐτῶν
2058 748 2150 799 καὶ

592 819 912 884 διδάσκαλος
944 826 1162 889 ἐγένετο
1189 846 1198 857 ·
1231 832 1324 881 καὶ
1357 833 1421 882 τὰ
1454 835 1510 884 έν
1539 834 1614 903 τῷ
1647 837 1853 905 Κορὰν,
1898 841 2149 892 τουτέστι

589 908 681 958 τοῦ
733 911 1042 974 ἐκτεθέντος
1081 920 1204 985 παρ’
1248 919 1412 972 αὑτοῦ
1469 922 1657 991 νόμου,
1685 927 1956 994 κεφάλαια
1991 931 2151 999 ποιή-

547 1065 550 1072 .
594 1014 713 1059 σις,
748 1001 842 1051 καὶ
883 1006 940 1054 ἐν
991 1005 1250 1074 τέσσαρσι
1298 1009 1478 1076 λόγοις
1529 1014 1704 1068 ταῦτα
1757 1019 1822 1070 τὰ
1880 1020 2150 1086 κεφάλαια

592 1087 939 1156 διαμερίσας,
973 1096 1159 1158 αὐτοῖς
1191 1101 1564 1169 ἐπαρέδωκεν.
1613 1107 1683 1157 "A
1717 1109 1822 1160 εἱσι
1853 1110 2050 1162 ταῦτα.

667 1186 754 1233 ια’.
802 1181 887 1234 Ἑν
917 1185 994 1252 τῷ
1044 1190 1242 1260 πρώτῳ
1274 1195 1557 1265 κεφαλαίῳ
1591 1197 1685 1250 τοῦ
1720 1200 1938 1268 πρώτου
1984 1202 2148 1270 λόγου

786 1271 865 1324 ὅτι
900 1275 926 1325 ὁ
974 1277 1218 1368 Μιοάμεθ
1254 1286 1318 1350 τῇ
1368 1283 1486 1354 ὥρᾳ.
1534 1287 1631 1352 τῆς
1680 1266 1991 1358 ἐπιληψίας.

595 1359 840 1414 ἐκυλίετο
887 1367 1153 1436 ἀφρίζων,
1202 1372 1290 1424 τὸν
1340 1352 1684 1446 ἀρχάγγελον
1721 1352 2152 1455 Γαόριὴλ-ὲρχόὶ

595 1467 758 1518 μενον
795 1457 929 1525 πρὸς
959 1459 1118 1513 αὐτὸν
1159 1464 1344 1530 ἔλεγεν
1378 1468 1530 1539 όρᾷν,
1563 1471 1637 1533 ὡς
1686 1473 1925 1544 εἴρηται.
1958 1480 2154 1530 Δεύτεη

598 1546 793 1646 ρον
826 1556 1205 1622 συνεγράψατο
1253 1560 1313 1610 τὸ
1364 1559 1588 1628 βιὸλίον,
1648 1565 1932 1635 Ἀραϐιστὶ
1971 1570 2150 1641 Κοράν

594 1639 885 1705 ὀνομάσας,
917 1643 942 1692 ὅ
977 1643 1194 1709 λέγεται
1231 1650 1536 1719 Ἑλληνιστὶ
1567 1656 1744 1724 Νόμος
1791 1659 1926 1714 Θεοῦ
1977 1639 2153 1735 σωτή-

597 1745 730 1794 ριος.
759 1732 954 1800 Τρίτον
988 1739 1068 1789 ὅτι
1099 1745 1384 1810 προφήτην
1409 1747 1542 1799 Θεοῦ
1569 1753 1663 1802 καὶ
1703 1753 2002 1810 ἀπόστολον
2029 1760 2153 1811 ἐαυ-

2261 566 2483 634 ποιῆσαι
2512 568 2722 619 τοιοῦτο
2755 567 2934 638 Κορὰν
2963 569 3039 631 ὡς
3072 571 3199 633 ἐγώ.
3233 572 3472 623 Δέκατον
3506 569 3598 621 ὅτι
3657 569 3724 619 ὲν
3771 569 3850 634 τῷ

2259 655 2516 725 ἀνωτέρῳ
2551 658 2708 724 μέρει
2758 649 2927 726 ἤγουν
2969 659 3026 711 ὲν
3060 662 3173 722 τοῖς
3224 659 3424 725 δεξιοῖς
3482 659 3702 726 μέρεσι
3755 657 3855 708 τοῦ

2259 747 2595 798 Δεσποτικοῦ
2629 747 2819 816 θρόνου
2869 749 2987 801 ἔστι
3021 750 3410 819 γεγραμμένον
3441 749 3506 800 τὸ
3541 748 3648 800 τοῦ
3681 747 3858 800 λίωᾶ-

2262 835 2362 902 μεθ
2410 835 2602 904 ὄνομα.
2634 838 2949 892 Ἐνδέκατον
2975 840 3055 891 ὅτι
3086 842 3186 893 οὐκ
3214 836 3344 910 ἦλθε
3377 840 3466 892 διὰ
3500 840 3855 906 θαυρζἁτων.

2259 927 2392 980 ἀλλὰ
2425 928 2513 980 διὰ
2541 929 2728 997 ξίφους
2760 929 2947 982 δοῦναι
2981 933 3071 983 τὸν
3103 932 3288 996 νόμον,
3322 933 3416 984 καὶ
3444 933 3562 990 τοῖς
3597 931 3690 999 μὴ
3731 946 3857 980 πει-

2259 1018 2506 1085 θομένοις
2539 1021 2689 1090 αὐτῷ
2739 1022 2968 1083 θάνατος
3000 1023 3152 1076 ἔσται
3200 1027 3231 1091 ἡ
3284 1024 3526 1089 τιμωρία
3559 1023 3590 1090 ἦ
3628 1023 3856 1090 φόρους

2258 1107 2477 1162 διδόναι.
2528 1110 2840 1176 Δωδέιςατον
2875 1111 2956 1164 ὅτι
2986 1113 3013 1164 δ
3043 1113 3168 1164 Νῶε
3221 1112 3313 1164 καὶ
3372 1111 3667 1178 Ἀϐραὰμ,
3706 1110 3852 1159 ἀλλὰ

2257 1199 2322 1270 δὴ
2371 1202 2464 1253 καὶ
2513 1202 2564 1253 οῑ
2619 1202 2908 1257 ἀπόστολοι
2951 1204 3048 1257 τοῦ
3086 1202 3251 1258 αὐτοῦ
3303 1201 3598 1273 δόγματος,
3639 1202 3854 1271 φησιν,

2258 1287 2400 1359 ἦσαν
2432 1292 2603 1362 οὗπερ
2631 1290 2785 1357 οὗτος
2820 1294 3039 1359 ἐξέθετο
3066 1295 3317 1366 ὕστερον.

2329 1381 2434 1435 Τοῦ
2460 1384 2716 1454 δευτέρου
2749 1385 2909 1454 λόγου
2943 1388 3213 1455 κεφάλαιὰ
3245 1391 3351 1443 εισι
3374 1389 3570 1442 ταῦτα.
3598 1388 3851 1459 Πρῶτον

2257 1474 2337 1526 ὅτι
2370 1474 2439 1526 τὰ
2477 1476 2533 1527 ὲν
2569 1480 2687 1538 ταῖς
2717 1479 3042 1542 Μωσαῑκαίς
3089 1480 3421 1550 παραδόσεσι
3462 1484 3582 1542 τοῖς
3611 1481 3856 1549 τεροφή-

2257 1555 2378 1627 ταις
2403 1583 2461 1618 τε
2484 1566 2676 1636 καὶτῷ
2695 1568 2978 1640 ψαλτηρῑῳ
3009 1573 3103 1623 καὶ
3124 1571 3198 1640 τῷ
3224 1571 3544 1641 Εὑαγγελίῳ
3571 1589 3852 1641 γεγραμ-

2263 1657 2401 1724 μένα
2426 1657 2555 1725 am
2587 1659 2683 1712 καὶ
2717 1659 2900 1712 δίκαια
2931 1662 3026 1713 καὶ
3050 1663 3158 1714 ἀπὸ
3187 1663 3320 1715 Θεοῦ
3355 1663 3620 1728 δεδομένα
3652 1662 3847 1722 καλεῖ,

2263 1748 2482 1815 στέργει
2513 1767 2570 1801 τε
2601 1751 2696 1803 καὶ
2725 1751 2991 1819 φυλάσσει
3025 1756 3185 1817 αὐτὰ,
3231 1757 3324 1806 καὶ
3358 1755 3467 1808 οὐδ’
3491 1755 3638 1816 ὅλως
3697 1755 3848 1806 εἰσὶν

593 1821 1002 1920 τὶν-ἐκάλεσεν.
1030 1831 1304 1898 Τέταρτον
1336 1836 1416 1888 ὅτι
1467 1841 1535 1891 τὰ
1587 1844 1856 1896 Μωσαῖκὰ
1886 1850 2064 1902 πάντα
2091 1852 2150 1904 τό
2185 1839 2224 1893 Β
2439 1839 2487 1891 οἱ
2511 1837 2700 1892 τούτου
2733 1841 3042 1920 ἀκόλουθοι,
3070 1844 3118 1894 εἰ
3148 1845 3220 1912 μὴ
3251 1839 3426 1894 ταῦτα
3450 1843 3843 1911 τιληρὼσοιεν.

686 1913 984 2006 ψαλτήριον
1013 1923 1108 1974 καὶ
1131 1925 1196 1975 τὰ
1226 1931 1542 1997 προφητικὰ
1569 1933 1751 1986 δίκαια
1775 1939 1870 1989 καὶ
1898 1939 2028 2006 ἆγια
2057 1944 2152 1994 καὶ

595 2002 769 2072 ὀληθῆ
816 2008 1088 2077 ὠνόμασε,
1140 2018 1260 2068 κατ’
1298 2019 1580 2089 ἐξαίρετον
1614 2025 1668 2077 δὲ
1717 2028 1825 2080 τῶν
1858 2031 2038 2084 ἄλλων
2094 2037 2152 2086 τὸ

596 2093 925 2191 ξῦςιγγέλιον
958 2103 1110 2169 ἆγιον
1143 2108 1256 2173 καὶῖ
1277 2109 1490 2164 δὲκαιον
1544 2121 1634 2166 καὶ
1683 2117 1834 2180 εὺθὲς
2060 2128 2153 2176 καὶ

595 2184 845 2251 ἀληθινὸν
893 2192 990 2242 καὶ
1039 2194 1241 2248 τέλειον
1276 2199 1618 2268 ἀπεφήνατο,
1649 2203 1788 2257 ὥστε
1833 2184 2028 2261 κῶνξι
2075 2213 2153 2262 τῶ

597 2278 878 2345 κεφαλαὲῳ
926 2283 1019 2334 τοῦ
1071 2287 1224 2339 Ἰωνᾶ
1272 2289 1405 2342 Θεοῦ
1441 2293 1776 2363 ὑπομνήσεις
1807 2299 1978 2350 ταῦτα
2023 2301 2155 2354 ὠνόο

599 2383 762 2460 μασξ.
818 2371 1071 2440 Πέμπτον
1105 2378 1186 2428 ὅτι
1237 2381 1310 2447 μὴ
1363 2384 1520 2450 μόνον
1571 2387 1718 2452 παρὰ
1764 2388 1857 2441 τοῦ
1905 2392 2149 2460 Μωάμεθ

597 2458 816 2528 ἐξετέθη
849 2466 875 2513 ὁ
903 2466 1063 2528 νόμος
1107 2468 1241 2521 ἀλλὰ
1284 2475 1375 2524 καὶ
1407 2476 1534 2543 παρ’
1563 2477 1784 2545 ἑτέρων.
1844 2458 2151 2536 Ἐκτονήὸτι

594 2549 621 2598 ὀ
659 2552 806 2618 παρὰ
835 2553 928 2604 τοῦ
959 2557 1199 2624 Μωὰμεθ
1238 2562 1477 2623 ἐκτεθεὶς
1518 2566 1681 2634 νόμος
1737 2571 1967 2638 στόματι
2018 2576 2154 2643 πρὸς

594 2639 686 2700 οῦς
723 2643 938 2714 ἐξετέθη
974 2652 1124 2717 παρὰ
1176 2653 1266 2704 τοῦ
1319 2654 1595 2722 δαίμονος.
1630 2660 1900 2729 Ἔῆδομον
1943 2664 2024 2716 ὅτι
2064 2639 2150 2728 εἷς

522 2816 526 2820 ἱ
595 2729 829 2797 χαλιφᾶς
873 2735 934 2786 τὸ
984 2735 1224 2808 ἀξίωμα,
1269 2744 1554 2797 τουτέστιν
1604 2749 1775 2816 ἄκρος
1815 2751 2182 2818 διδάσκαλος,,

595 2821 813 2885 ἐγένετο
865 2825 1214 2895 Χριστιανός.
1269 2833 1490 2899 Ὄγδοον
1535 2837 1616 2888 ὅτι
1651 2841 1678 2890 ὁ
1711 2841 1955 2908 Μωάμεθ
2005 2846 2154 2895 ἐντυ-

596 2911 707 2977 χὼν
736 2915 1032 2983 αἱρετικοῖς
1084 2937 1195 2972 τισι
1244 2923 1633 2992 Νεστοριανοῖς
1687 2931 1779 2982 καὶ
1832 2934 2150 3000 Ἀρειανοῖς,

597 3001 731 3054 ἀλλὰ
751 3004 813 3073 δὴ
837 3008 934 3058 καὶ
967 3009 1240 3074 Ἰουδαίοις
1263 3015 1396 3077 τισλ,
1425 3017 1520 3084 τὴν
1544 3019 1744 3072 τούτων
1777 3025 1978 3074 κακίαν
2019 3025 2153 3076 ἐσώ-

602 3109 811 3158 ρευσεν.
856 3091 1132 3152 Ἔννατον’
1159 3102 1240 3154 ὅτι
1294 3107 1793 3178 μεγαλορῤημόνως
1827 3115 1957 3180 περὶ
1987 3115 2151 3167 αὐτοῦ

2260 1929 2523 1996 Δεύτερον
2550 1931 2631 1982 ὅτι
2664 1932 2742 1992 εἰς
2776 1922 3150 2003 ἑϐδομῇκοντα
3203 1935 3338 2003 πρὸς
3367 1937 3489 1995 ταῖς
3517 1937 3682 2002 τρισὶ
3715 1933 3842 2000 μοί·

2262 2035 2360 2084 ρας
2392 2019 2642 2086 μέλλουσι
2676 2023 2962 2091 σχισθῆναι
2989 2025 3037 2075 οἱ
3065 2023 3142 2094 τῷ
3188 2024 3336 2093 νόμῳ
3381 2022 3550 2076 αὐτοῦ
3585 2024 3840 2074 ἀκολου-

2261 2109 2546 2176 θήσαντες,
2580 2113 2734 2181 καὶὴ
2774 2114 2873 2182 μὲν
2921 2113 3019 2182 μία
3064 2115 3157 2166 καὶ
3192 2115 3327 2184 μόνη
3371 2115 3434 2166 ἐκ
3467 2113 3684 2165 τούτων
3733 2131 3840 2164 σω·

2261 2200 2508 2270 θήσεται,
2538 2205 2592 2255 αἱ
2623 2203 2680 2256 δὲ
2712 2203 2867 2256 ἄλλαι
2897 2206 2976 2273 τῷ
3004 2206 3136 2274 πυρὶ
3168 2204 3671 2275 παραδοθήσονται.
3696 2202 3837 2268 Τρί-

2259 2310 2349 2345 τον
2381 2294 2462 2346 ὅτι
2494 2295 2539 2345 εἰ
2576 2295 2650 2363 μὴ
2680 2298 2826 2361 παρὰ
2853 2296 2988 2349 Θεοῦ
3020 2293 3088 2364 ἦν
3120 2295 3181 2348 τδ
3214 2295 3415 2364 Κορὰν,
3443 2295 3641 2348 πολλαὶ
3677 2296 3838 2344 ἒνανο

2257 2386 2504 2452 τιότητες
2555 2386 2872 2454 εὑρίσκοντο
2918 2388 2975 2438 ὲν
3030 2386 3199 2455 αὐτῷ.
3247 2385 3520 2453 Τέταρτον
3566 2385 3655 2436 ὅτι
3690 2383 3838 2451 μετὰ

2258 2472 2350 2525 τοῦ
2401 2471 2642 2543 Γαϐριὴλ
2686 2474 2925 2526 ἀνελθεῖν
2976 2473 3126 2540 λέγει
3165 2476 3246 2534 εις
3293 2473 3385 2524 τὸν
3437 2472 3696 2540 οὐρανὸν,
3732 2473 3835 2523 καὶ

2259 2567 2502 2634 ἐντυχεῖν
2532 2567 2747 2634 ἀγγέλῳ
2776 2569 3038 2633 μυριάκις
3077 2567 3286 2633 μείζονι
3319 2565 3520 2626 παντὸς
3563 2562 3663 2616 τοῦ
3701 2563 3838 2614 κόσ-

2263 2671 2386 2722 μου,
2443 2653 2730 2722 θρηνοῦντι
2777 2657 2876 2717 τὰς
2930 2655 3098 2708 αὑτοῦ
3153 2655 3449 2725 ἁμαρτίας,
3492 2655 3585 2705 καὶ
3637 2653 3835 2721 τυχεῖν

2261 2733 2412 2809 παρὰ
2449 2745 2538 2796 τοῦ
2575 2745 2708 2798 Θεοῦ
2729 2801 2736 2806 ,
2757 2747 3091 2814 συγγνώμης
3120 2745 3186 2799 δι’
3214 2744 3404 2799 αὐτοῦ.
3436 2745 3704 2813 Πέμπτον
3743 2745 3832 2795 ὅτι

2260 2837 2410 2896 τέλος
2441 2837 2534 2888 καὶ
2571 2839 2808 2906 σφραγὶς
2839 2838 2944 2890 τῶν
2977 2835 3272 2906 προφητῶν
3300 2837 3448 2888 ἑστιν
3474 2836 3653 2897 οὗτος.
3691 2834 3831 2886 Ἕκ-

2258 2943 2348 2977 τον
2378 2928 2459 2978 ὅτι
2498 2927 2750 2995 ἁρπαγὰς
2785 2930 2881 2981 καὶ
2913 2928 3109 2996 φόνους
3146 2927 3346 2980 κωλύει
3381 2926 3476 2978 καὶ
3507 2923 3824 2993 ἐπιορκίας,

2260 3021 2351 3068 καὶ
2400 3016 2560 3068 πάλιν
2610 3016 2786 3070 ταῦτα
2833 3017 3125 3070 ἐνδίδωσιν.
3176 3017 3445 3084 Ἔδδομον
3488 3017 3574 3068 ὅτι
3617 3019 3645 3067 ὁ
3688 3014 3827 3075 θεὸς

2261 3108 2487 3161 ἐνέδωκε
2511 3108 2683 3176 τούτῳ
2715 3109 3064 3176 ἐπιορκῆσαι.
3106 3108 3333 3173 Ὄγδοον
3376 3108 3455 3159 ὅτι
3497 3106 3829 3171 διαλεγόμε-

599 3185 783 3253 ἔλεγεν
809 3189 883 3250 ὡς
899 3190 960 3243 Εἰ
985 3192 1186 3255 πάντες
1212 3185 1488 3266 ἄνθρωποι
1511 3203 1826 3268 συναχθείεν
1853 3205 1949 3257 καὶ
1978 3207 2154 3259 πάντα
2183 3179 2228 3238 C
2259 3215 2347 3261 νος
2382 3199 2533 3266 αὖτῷ
2559 3201 2585 3250 ὁ
2613 3199 2744 3260 Θεὸς
2793 3194 2946 3250 εἶπεν
2994 3197 3071 3260 ὡς
3125 3198 3344 3258 παιδιᾶς
3385 3198 3546 3266 χάριν
3593 3196 3824 3263 ἐποίησε

601 3367 917 3419 Inrcsbellis
953 3369 1006 3422 in
1049 3368 1198 3424 Italia
1231 3373 1648 3441 distinercntur,
1679 3378 1966 3433 consilium
1999 3397 2154 3436 suum

599 3457 914 3524 aliquandiu
952 3461 1248 3527 prudenter
1275 3464 1533 3528 celatum,
1565 3465 1733 3519 libere
1753 3445 2037 3536 professus
2075 3483 2158 3526 est

597 3557 652 3600 ιιι
677 3563 865 3603 eorum
904 3551 1179 3619 legislator
1214 3555 1447 3619 exstitit,
1480 3565 1641 3624 atque
1685 3559 1907 3614 tradidit
1943 3563 2007 3616 iis
2059 3580 2157 3617 co-

604 3655 808 3703 tanem,
845 3643 943 3694 hoc
974 3653 1076 3705 est,
1109 3644 1276 3712 legem
1309 3647 1375 3699 ab
1401 3648 1519 3714 ipso
1552 3642 1932 3716 constitutam,
1968 3653 2022 3705 in
2060 3670 2156 3709 ca—

603 3733 710 3797 pita
733 3734 1108 3799 distribuunt],
1132 3737 1309 3805 capita
1326 3754 1386 3792 ea
1405 3751 1639 3808 quatuor
1657 3740 1807 3796 libris
1819 3745 2156 3814 complexus,

601 3839 722 3891 qua:
749 3827 922 3892 capita
959 3826 1072 3881 hare
1107 3837 1258 3882 sunt.

679 3916 764 3968 Η.
800 3917 983 3984 Capite
1007 3920 1186 3986 primo
1217 3921 1337 3976 libri
1372 3921 1395 3974 1
1435 3923 1649 3992 legitur,
1686 3924 2046 3982 Mohametem
2069 3929 2155 3982 di-

599 4022 746 4071 cere,
773 4009 1030 4076 epilepsia
1055 4021 1389 4080 correptum,
1416 4028 1523 4081 qua
1549 4017 1865 4070 volvebatur
1881 4020 2157 4084 spumanti

597 4115 713 4161 ore,
737 4115 794 4154 se
814 4101 1316 4158 vidisseGabrielem
1331 4107 1719 4176 archangelum
1742 4110 1807 4161 ad
1827 4125 1885 4162 se
1899 4112 2155 4164 acceden-

604 4202 710 4242 tem
746 4209 758 4244 :
790 4192 936 4246 sicut
969 4210 1132 4262 supra
1168 4199 1745 4252 commemoravimus.
1769 4199 1822 4251 Ξ.
1867 4199 2159 4268 Conscrip-

601 4283 740 4336 sisse
781 4283 1142 4338 Mnhametem
1177 4288 1319 4341 hunc
1351 4289 1570 4353 librum,
1601 4307 1759 4357 quem
1799 4293 2017 4345 arabice
2050 4291 2160 4345 Co-

601 4389 782 4426 nanem
806 4377 1215 4446 appellat,quod
1235 4378 1419 4432 Graece
1441 4378 1652 4433 estLex
1679 4381 1770 4433 Dei
1800 4382 2077 4434 salvatrix.
2103 4383 2157 4436 5.

602 4463 923 4554 ΡιξορΙιρῑιηη
956 4463 1045 4518 Dei
1077 4476 1131 4554 et
1178 4468 1490 4534 apostolum
1545 4483 1605 4521 se
1662 4469 1920 4537 appellat.
1956 4471 2009 4524 4.
2049 4471 2156 4523 Μο-
2188 4497 2235 4554 D

598 4553 746 4607 saica
778 4554 986 4616 omnia,
1022 4553 1217 4608 deinde
1244 4555 1558 4622 psalterium
1578 4565 1632 4610 et
1655 4559 1967 4626 prophetica
1989 4560 2156 4628 justa,

598 4655 784 4699 sancta
819 4655 873 4698 et
909 4661 1034 4699 vera
1060 4661 1180 4700 esse
1219 4647 1372 4712 dicit,
1410 4663 1520 4716 prae
1553 4649 1761 4703 caeteris
1807 4665 1936 4705 vero
1985 4652 2160 4704 Evan-

597 4738 794 4805 gelium
831 4748 1100 4803 sanctum,
1131 4739 1359 4805 justum,
1391 4743 1642 4807 probum,
1713 4752 1915 4794 verum
1943 4754 1994 4795 et
2038 4761 2160 4812 per-

601 4831 814 4882 fectum.
837 4831 1064 4896 appellat
1095 4844 1108 4880 :
1141 4831 1275 4882 adeo
1305 4840 1354 4882 ut
1392 4831 1638 4899 incapite.
1673 4830 1826 4886 Iona:
1885 4835 1997 4887 htec
2061 4852 2160 4886 no-

600 4923 824 4975 minarit
855 4923 1279 4976 commentarios
1307 4922 1424 4978 Dei.
1456 4924 1512 4978 5.
1537 4924 1652 4976 Non
1685 4926 1860 4978 solum
1894 4941 1924 4979 ο
1972 4925 2160 4980 Moha-

602 5025 768 5078 mete,
805 5016 895 5067 sed
927 5016 1088 5067 etiam
1125 5016 1192 5067 ah
1217 5015 1338 5068 aliis
1363 5017 1533 5082 legem
1554 5016 1906 5071 constitutam
1958 5018 2155 5072 esse.6.

599 5109 646 5161 Α
679 5106 984 5160 Mohamete
1031 5107 1384 5161 conszitutam
1435 5107 1605 5175 legem
1682 5124 1778 5162 ore
1862 5110 1928 5163 ad
1966 5126 2154 5164 aurem

600 5199 936 5253 cuuntiatam
967 5213 1087 5252 esse
1118 5213 1146 5250 a
1189 5199 1457 5251 daemone.
1505 5201 1557 5253 7.
1613 5198 1784 5254 Unum
1839 5200 2155 5268 Chalipham

604 5294 708 5345 hnc.
740 5300 824 5343 est
853 5290 1112 5342 eximium
1169 5291 1488 5359 magistrum
1548 5291 1719 5345 fuisse
1765 5293 2154 5346 Christianum.

604 5386 657 5438 ⁸³.
692 5382 1078 5440 Mnhametem.
1141 5397 1264 5435 cum
1305 5383 1356 5435 in
1413 5385 1697 5437 hatrcticns
1753 5384 2014 5452 quosdam
2050 5382 2156 5437 Ne-

604 5477 876 5528 .»torianos
907 5482 960 5523 et
992 5471 1243 5536 Arianos,
1279 5472 1386 5525 imo
1416 5482 1468 5525 et
1503 5473 1720 5527 .ltttltnos
1772 5476 1978 5542 aliquot
2022 5473 2155 5526 int-i-

605 5568 794 5625 iisset.
821 5567 1013 5619 horum
1043 5580 1395 5620 coaeervasse
1421 5552 1758 5636 pravitatem.
1791 5566 1844 5620 9.
1864 5565 2157 5635 Magniﬁce

602 5660 668 5710 de
693 5675 751 5713 se
806 5659 1081 5727 praedicat,
1139 5674 1326 5712 omnes
1384 5659 1653 5721 homines,
1692 5672 1880 5713 omnes
1903 5657 2155 5726 spiritus,

607 5764 797 5807 omnes
831 5751 1049 5821 angelos
1075 5750 1404 5821 coniunctim
1432 5767 1536 5802 non
1567 5766 1727 5822 posse
1768 5750 1922 5802 talem
1953 5749 2151 5802 librum

2259 3386 2609 3441 componere,
2630 3372 2847 3440 qualem
2872 3372 3246 3441 composuerit
3269 3371 3408 3435 ipse.
3441 3370 3527 3425 10.
3557 3370 3612 3425 lu
3665 3379 3822 3440 parte

2259 3462 2551 3530 snperiori,
2579 3477 2606 3513 a
2641 3463 2827 3514 dextra
2883 3461 3064 3515 throni
3125 3460 3363 3522 Domini,
3395 3461 3656 3528 scriptum
3695 3475 3821 3512 esse

2260 3568 2456 3607 nomen
2489 3551 3173 3606 Mohametis.ll.Venisse
3198 3566 3350 3614 eum,
3378 3566 3483 3606 non
3510 3551 3817 3609 miraculis.

2260 3646 2351 3699 sed
2385 3646 2560 3712 gladio
2590 3645 2760 3712 legem
2787 3645 3170 3708 constitutum,
3201 3652 3255 3696 et
3281 3643 3373 3712 qui
3408 3658 3512 3695 nnn
3557 3651 3817 3710 parerent

2261 3739 2388 3800 sibi,
2421 3737 2486 3790 iis
2508 3737 2704 3803 capitis
2728 3743 2821 3789 aut
2853 3735 3121 3802 pendendi
3161 3734 3349 3788 tribuli
3395 3745 3618 3801 poenam
3675 3732 3818 3786 fore.

2262 3827 2349 3881 ιε.
2379 3827 2656 3880 Noaehum
2711 3836 2764 3879 et
2794 3822 3188 3883 Abrahdmum,
3215 3824 3349 3892 quin
3387 3825 3550 3876 etiam
3597 3831 3823 3888 aposto-

2259 3920 2341 3973 los
2373 3921 2616 3973 eamdem
2658 3919 2963 3972 doctrinam
3015 3925 3240 3970 secutos
3293 3930 3436 3979 esse,
3489 3929 3648 3983 quam
3687 3915 3819 3980 ,‘ipse

2261 4024 2449 4082 postea
2486 4010 2758 4064 docuerit.

2332 4104 2477 4156 Libri
2513 4101 2738 4156 secumli
2775 4101 2951 4168 capita
2985 4099 3098 4151 lucc
3145 4105 3294 4152 sunt.
3369 4097 3419 4148 Ι.
3449 4095 3502 4146 ln
3545 4091 3805 4145 Mosaicis

2261 4195 2438 4256 libris,
2474 4192 2830 4262 propheticis,
2887 4190 3148 4243 Ps:tlterio
3177 4197 3228 4240 et
3282 4185 3561 4254 Evangelia
3603 4183 3805 4250 scripta

2261 4300 2383 4344 eum
2416 4293 2623 4342 sancta,
2684 4283 2834 4349 jusla
2891 4289 2942 4331 et
2972 4295 3000 4330 a
3051 4277 3160 4329 Deo
3202 4277 3475 4344 impertita
3523 4273 3809 4341 appellare,

2261 4377 2553 4430 observare
2604 4385 2658 4424 et
2704 4371 2975 4433 venerari,
3029 4381 3126 4421 nec
3175 4367 3400 4419 omnino
3455 4377 3573 4418 esse
3642 4363 3812 4426 ipsius

2263 4467 2523 4528 asseclas,
2559 4464 2665 4518 nisi
2715 4463 2806 4531 qui
2846 4462 2934 4513 illa
2972 4461 3234 4513 colerent.
3266 4458 3321 4510 ἓ.
3353 4459 3412 4509 ιιι
3466 4454 3814 4522 septuaginta

2267 4570 2375 4614 tres
2409 4567 2588 4612 sectas
2635 4555 2976 4610 discessuros
3040 4565 3168 4604 esse
3212 4549 3347 4616 legis
3403 4561 3516 4600 sum
3555 4544 3812 4603 asseclas,

2264 4663 2496 4718 quarum
2525 4661 2625 4700 una
2662 4646 2810 4700 salva
2839 4643 3002 4705 foret,
3027 4641 3252 4707 reliquae
3296 4638 3405 4706 igni
3457 4633 3815 4688 tradendae}.

2263 4741 2376 4795 Nisi
2397 4757 2424 4793 a
2455 4742 2561 4792 Deo
2589 4739 2895 4806 impertitus
2922 4743 3063 4788 esset
3087 4734 3286 4792 Coran,
3324 4729 3488 4782 multa
3521 4730 3571 4780 in
3626 4741 3690 4779 eo
3729 4724 3812 4777 in-

2262 4842 2482 4887 ventum
2522 4831 2612 4895 iri,
2654 4846 2772 4898 ψιςι·
2792 4828 2893 4882 sibi
2919 4833 3307 4895 repugnarent.
3359 4825 3410 4875 4.
3453 4818 3812 4872 Mohametem

2221 4984 2226 4989 ,
2263 4941 2384 4980 eum
2414 4922 2663 4978 Gabriele
2694 4922 2747 4974 iu
2782 4922 2978 4974 emtum
3009 4914 3334 4971 ascendisse
3367 4911 3501 4964 etin
3559 4907 3812 4975 angelum

2261 5016 2445 5070 decies
2479 5013 2676 5066 millies
2713 5011 2994 5078 majorem,
3028 5020 3191 5074 quam
3243 5003 3531 5056 universus
3587 4997 3816 5050 mundus

2261 5108 2425 5171 sit,et
2458 5114 2674 5172 peccata
2709 5118 2806 5156 sua
2841 5099 3218 5172 deplorantem
3246 5092 3526 5147 incidisse.
3576 5087 3667 5155 qui
3719 5099 3815 5152 per

2261 5199 2436 5266 ipsum
2460 5196 2671 5247 veniam
2692 5209 2719 5246 a
2743 5191 2851 5245 Deo
2880 5187 3203 5257 impetrarit.
3229 5185 3282 5238 5.
3316 5182 3672 5235 Mohametem
3694 5191 3816 5244 per-

2261 5290 2544 5345 lectinnetn
2561 5296 2614 5340 et
2634 5285 2866 5354 sigillum
2890 5282 3272 5349 pmphetarum
3292 5289 3432 5328 esse.
3458 5271 3650 5326 6.Enm
3669 5267 3779 5336 rapi

2259 5400 2357 5437 nas
2371 5392 2416 5434 et
2434 5383 2603 5435 caedes
2616 5391 2665 5431 et
2681 5376 2912 5445 periuria
2929 5387 3068 5426 nunc
3083 5368 3385 5439 improbare
3404 5379 3545 5417 nunc
3563 5362 3813 5431 probare.

2262 5478 2316 5530 7.
2349 5475 2514 5527 Deum
2540 5473 2588 5525 ei
2635 5468 2973 5538 permisisse,
3005 5474 3060 5517 ut
3118 5461 3446 5530 perjuraret.
3480 5457 3533 5510 8.
3568 5456 3735 5508 Deum
3758 5453 3808 5505 ei

2261 5563 2659 5632 colloquentem
2693 5559 2916 5620 dixisse,
2946 5553 3110 5608 animi
3133 5567 3297 5606 causa
3328 5565 3386 5604 se
3410 5547 3669 5602 mundum
3683 5559 3815 5597 con-

2261 5657 2488 5710 tlidissc.
2519 5654 2570 5706 9.
2600 5653 2653 5704 ln
2681 5650 2857 5718 capite
2893 5647 3039 5716 quod
3077 5645 3279 5698 dicitur
3309 5640 3533 5702 Bacara,
3572 5638 3673 5689 hoc
3729 5641 3816 5687 est

2260 5748 2446 5811 Certa,
2485 5745 2635 5808 dicit,
2661 5739 2871 5795 Jndtcos
2893 5746 2945 5792 ct
2972 5735 3312 5789 Christianos
3360 5731 3536 5785 salvos
3577 5726 3715 5790 fore;
3757 5726 3810 5776 in
