4066 6296
320 369 428 434 889
1367 371 1809 431 CHRONICON
1853 372 2117 434 MAJUS.
2147 397 2215 408 ——
2255 373 2399 436 LIB.
2443 373 2561 433 tu.
3373 337 3382 344 ’
3441 371 3549 435 δυο

316 475 414 539 τὸν
437 483 662 552 κόσμον.
698 483 964 537 Ἔννατον
991 483 1073 536 ὅτι
1103 482 1162 537 ὲν
1187 483 1263 554 τῷ
1306 485 1588 555 κεφαλαίῳ
1617 487 1696 557 τῷ
1721 489 1879 555 λεγο-
1911 503 1954 564 Α
1987 503 2088 543 σαν
2125 489 2350 557 ποιῆσαι
2380 487 2562 554 τοῦτο,
2596 484 2777 549 καθὼς
2807 483 2906 539 καὶ
2937 484 3138 547 πάντες
3168 475 3426 537 οῖ’λοιποὶ
3452 483 3552 551 ἆγ-

323 578 470 646 μὲνῳ
514 577 824 646 Μπακαρᾶ,
863 577 1002 648 ὅπερ
1038 578 1402 647 ἑρμηνεύεται
1431 580 1696 649 Δάμαλις,
1732 581 1880 648 λέγει
1985 582 2132 649 γελοι
2183 577 2602 653 προσεκύνησαν
2635 579 2820 638 αὐτὸν.
2868 577 2963 631 καὶ
2995 577 3079 629 διὰ
3111 574 3273 629 τοῦτο
3301 573 3550 642 ἐγένοντο

319 669 396 731 ὼς
439 669 490 720 οἱ
536 667 780 721 Ἰουδαῖοι
814 670 909 722 καὶ
937 671 984 722 οἱ
1018 671 1342 739 Χριστιανοΐ
1384 671 1623 740 σωθῆναι
1661 672 1884 741 μέλλου-
1985 675 2260 744 δαίμονες.
2295 673 2552 728 Εἱκοστὸν
2581 671 2663 724 ὅτι
2720 669 3011 725 ἀποδίδωσι
3042 667 3142 739 τὴν
3173 667 3350 718 αίτίαν
3379 665 3450 728 δι’
3481 663 3550 734 ἢν

324 778 450 813 σινο
489 763 548 812 ἐν
597 760 654 812 δὲ
702 760 780 829 τῷ
828 762 1112 832 κεφαλαίῳ
1145 761 1223 831 τῷ
1270 763 1492 832 Ἀμρὰμ
1525 763 1683 826 αῦθίς
1718 781 1887 832 φησιν
1986 765 2294 820 κεκώλυται
2323 767 2509 822 αὐτοῖς
2543 765 2747 818 ἐσθίειν
2792 763 2860 816 τὰ
2909 761 3031 815 ῦεια
3081 759 3239 830 κρέη.
3290 757 3550 811 Εἰκοστὸν

322 851 404 903 ὅτι
438 851 617 913 οὐδεὶς
665 851 892 906 δύναται
937 854 1175 920 σωθῆναι
1230 854 1357 908 ἄνευ
1391 855 1501 907 τῶν
1539 856 1598 907 ὲν
1630 857 1707 928 τῷ
1737 857 1887 926 νόμῳ
1988 861 2210 931 πρῶτον
2241 862 2324 913 ὅτι
2353 859 2491 929 πρὸς
2522 859 2601 927 τῷ
2649 857 2794 910 τέλει
2842 852 2935 909 τοῦ
2968 857 3173 923 κόσμου
3205 851 3496 905 ἀποκτενεῖ
3524 851 3552 902 6
3639 848 3652 891 ί

323 942 435 994 τῶν
479 943 866 1012 Ἰσμαηλιτῶν.
913 945 1145 997 Δέκατον
1176 947 1257 997 ὅτι
1293 948 1398 1016 πρὸ
1430 943 1597 1000 αὺτοῦ
1631 949 1690 1000 οὐ
1721 946 1886 1001 δύνα-

323 1035 414 1088 ταί
441 1051 525 1098 τις
550 1035 814 1089 εἰσελθεῖν
840 1037 919 1097 εἰς
947 1038 1040 1089 τὸν
1073 1039 1405 1106 παράδεισον
1425 1055 1439 1070 ·
1480 1041 1574 1092 καὶ
1605 1037 1759 1102 αὖθίς
1787 1055 1891 1108 φη-

329 1144 415 1179 σιν
445 1128 527 1180 ὅτι
560 1128 763 1192 ἔδειξεν
795 1127 946 1196 αὑτῷ
978 1133 1005 1181 ὁ
1033 1130 1162 1192 Θεὸς
1191 1132 1458 1197 γυναῖκάς
1483 1149 1543 1184 τε
1571 1133 1663 1184 καὶ
1693 1130 1890 1200 ἄνδρας

1989 955 2122 1016 Θεὸς
2153 957 2331 1008 πᾶσαν
2354 951 2514 1020 φύσιν
2541 951 2789 1017 ἀγγέλων
2823 950 2917 1002 καὶ
2948 949 3043 1000 ἀνθ
3055 947 3273 1014 ρώπων.
3296 941 3554 996 Εἰκοστὸν

1988 1048 2243 1118 δεύτερον
2271 1049 2358 1100 ὅτι
2389 1043 2766 1112 συνεγράψατο
2809 1041 2988 1111 βιϐλία
3020 1038 3347 1092 δυοκαίδεκα
3379 1034 3555 1104 χιλιά-

1989 1138 2084 1200 δας
2108 1137 2302 1204 λόγους
2335 1133 2527 1203 ἔχοντα
2567 1131 2724 1202 301
2769 1129 3141 1199 θαυμαστοὺς,
3167 1130 3262 1180 καὶ
3291 1125 3400 1179 ἀπὸ
3431 1125 3558 1179 τού-

327 1218 560 1281 πολλοὺς
611 1218 955 1282 εἰσελθόντας
985 1223 1092 1292 πρὸ
1123 1223 1287 1275 αὑτοῦ
1319 1225 1398 1283 είς
1427 1223 1516 1276 τὸν
1536 1223 1888 1294 παράδεισον.
1991 1243 2101 1278 των
2133 1225 2317 1294 οἱμὲν
2367 1224 2658 1293 τρισχίλιοί
2711 1223 2851 1274 εἰσιν
2902 1220 3121 1288 ἀληθεῖς
3171 1219 3220 1270 οἱ
3274 1217 3331 1270 δὲ
3376 1217 3558 1284 ἕτεροι

344 1308 661 1373 Ἐνδέκατον
693 1311 776 1362 ὅτι
807 1313 834 1363 6
877 1312 1009 1376 Θεὸς
1060 1311 1196 1381 μετὰ
1243 1312 1341 1381 τὴν
1376 1291 1673 1367 ἀνάστασιν
1711 1313 1894 1376 οίκους
1993 1291 2231 1383 ψευδεῖςξ
2273 1291 2533 1365 Εἱκοήστὸν
2565 1308 2750 1378 τρίτον
2786 1310 2867 1360 ἔτι
2900 1309 2957 1359 ὲν
3005 1305 3080 1376 τῷ
3113 1305 3306 1376 βιϐλίῳ
3332 1303 3410 1373 τῷ
3452 1305 3560 1357 Κεο-

329 1400 681 1469 περικαλλεῖς
710 1401 806 1455 καὶ
838 1403 1040 1472 λουτρὰ
1073 1405 1164 1456 καὶ
1194 1405 1558 1474 παραδείσους
1587 1401 1680 1458 καὶ
1710 1407 1897 1471 γυναί-
1998 1405 2184 1474 ραμὰρ
2219 1415 2385 1472 φησιν
2418 1402 2493 1464 ὡς
2542 1400 2723 1470 ἔσχισε
2773 1399 2874 1468 τὴν
2911 1398 3144 1467 σελήνην
3179 1398 3260 1456 είς
3295 1395 3387 1448 δύο
3421 1394 3564 1463 τμή-

330 1467 434 1554 κας
461 1491 664 1553 πολλὰς
696 1467 1042 1562 ὑπισχνεῖται
1073 1495 1255 1548 δοῦναι
1277 1467 1396 1556 ¹τοῖς
1428 1495 1498 1563 τῷ
1532 1496 1623 1547 τοῦ
1647 1467 1894 1563 Μῳάμεθ
1999 1467 2168 1566 ματα,
2190 1467 2291 1549 κοιλ.⁷
2316 1495 2378 1546 τὸ
2433 1493 2529 1562 μὲν
2577 1467 2748 1562 ἥμισυ
2807 1467 2914 1543 απὸ
2946 1490 3153 1542 τούτων
3203 1488 3453 1556 εἰσῆλθεν
3483 1487 3561 1548 εἰς

332 1583 481 1654 νόμῳ
537 1585 949 1639 ἀκολουθοῦσιν.
988 1588 1302 1640 Δωδέκατον
1358 1589 1440 1640 ὅτι
1707 1590 1764 1640 ἐν
1819 1587 1924 1658 τῷΔ
1996 1589 2084 1641 τὸν
2113 1587 2320 1657 χιτῶνα
2352 1585 2536 1642 αὑτοῦ.
2569 1586 2629 1637 τὸ
2667 1585 2722 1637 δὲ
2771 1582 2959 1652 ἕτερον
3011 1580 3184 1650 ἥμισυ
3239 1578 3431 1630 ἔπεσεν
3481 1579 3562 1638 είς

331 1676 612 1744 κεφαλαίῳ
642 1677 719 1747 τῷ
756 1677 862 1730 Σάδ
891 1695 1060 1747 ψησιν
1105 1679 1180 1740 ὡς
1213 1679 1262 1731 οἱ
1295 1679 1395 1748 μὲν
1442 1677 1664 1746 ἄγγελοι
1700 1679 1763 1732 ὲκ
1797 1695 1898 1732 πυ-

336 1765 426 1832 ρὸς
461 1766 1005 1836 ἑδημιουργήθησαν,
1036 1770 1085 1820 οἱ
1114 1769 1167 1821 δὲ
1197 1768 1477 1836 ἄνθρωποι
1513 1772 1576 1822 ὲκ
1609 1771 1752 1840 χοός.
1806 1772 1900 1824 Δέ-

1997 1683 2097 1749 τὴν
2149 1683 2273 1748 γῆν,
2308 1681 2415 1731 ’καὶ
2467 1675 2622 1739 αὖθις
2675 1675 3128 1739 ἀποκατέστησεν
3181 1670 3350 1740 αὐτὴν
3397 1668 3563 1721 σώαν.

2001 1772 2258 1824 Είκοστὸν
2283 1771 2544 1838 τέταρτον
2564 1769 2643 1820 ὅτι
2668 1766 2694 1820 6
2720 1768 2851 1827 Θεὸς
2873 1764 2966 1818 καὶ
2992 1765 3041 1816 οἱ
3069 1763 3289 1829 ἄγγελοι
3313 1759 3566 1829 εὔχονται

332 1874 497 1909 κατον
527 1859 714 1926 τρίτον
742 1861 824 1910 ὅτι
852 1861 908 1911 ὲν
944 1862 1022 1929 τῷ
1062 1861 1341 1930 κεφαλαίῳ
1379 1861 1457 1929 τῷ
1491 1860 1728 1930 Νεμελὲ,
1756 1864 1894 1931 ὅπερ
1931 1845 1970 1898 Β
2002 1863 2155 1930 ὑπὲρ·
2175 1860 2269 1912 τοῦ
2302 1858 2572 1925 Μωάμεθ.
2605 1857 2865 1910 Εἰκοστὸν
2891 1856 3144 1924 πέμπτον
3176 1853 3260 1905 ὅτι
3289 1853 3348 1902 ἐν
3378 1851 3454 1918 τῷ
3478 1866 3568 1902 κε-

332 1949 700 2018 ἑρμηνεύεται
733 1951 898 2017 Μυῖα,
927 1953 1068 2019 φησὶ
1101 1953 1229 2020 περὶ
1276 1951 1371 2004 τοῦ
1422 1953 1768 2021 Σολομῶντος
1802 1953 1895 2005 καὶ

330 2040 438 2092 τῶν
478 2042 652 2110 μυιῶν
685 2042 880 2111 ψεῦδός
911 2055 965 2094 τι
997 2043 1213 2111 εὔηθες,
1245 2043 1382 2110 ὅπερ
1419 2041 1510 2097 καί
1539 2061 1694 2113 φησι.
1729 2047 1899 2096 Δέκα-

331 2146 424 2180 τον
477 2132 739 2201 τέταρτον
789 2135 870 2184 ὅτι
925 2136 982 2185 ὲν
1021 2134 1098 2202 τῷ
1148 2133 1434 2202 κεφαλαίῳ
1488 2133 1565 2204 τῷ
1625 2133 1899 2206 Ῥουϐεπᾷ

333 2221 467 2289 φησὶ
494 2222 622 2291 περὶ
647 2222 740 2273 τοῦ
767 2223 1118 2292 Σολομῶντος
1149 2227 1242 2276 καὶ
1268 2225 1360 2278 τοῦ
1393 2225 1676 2294 σκώληκος
1701 2227 1898 2296 ὁμοίως

332 2314 410 2379 τῷ
461 2312 714 2381 ἁνωτὲρῳ
749 2313 956 2381 ψεύδει.
1001 2316 1240 2368 Δέκατον
1293 2317 1544 2383 πέμπτον
1597 2319 1676 2369 ὅτι
1727 2317 1784 2368 ὲν
1823 2317 1901 2386 τῷ

340 2402 529 2472 βιϐλίῳ
559 2403 666 2456 τῶν
696 2404 1004 2480 διηγήσεων
1037 2407 1328 2459 ἀποδίδωσι
1384 2411 1482 2474 τὴν
1533 2408 1712 2460 αἰτίαν
1741 2407 1807 2460 δι’
1833 2407 1901 2478 ἦν

341 2493 367 2541 ὁ
394 2489 535 2554 οἶνος
573 2491 883 2544 κεκώλυται
911 2496 1114 2555 αὐτοῖς.
1152 2497 1390 2547 Δέκατον
1425 2497 1586 2548 ἓκτον
1616 2497 1696 2549 ὅτι
1726 2499 1752 2548 ὁ
1781 2511 1902 2548 κτι-

342 2583 465 2643 στὸς
487 2585 713 2652 οὐρανὸς
740 2585 893 2645 οὗτος
923 2586 1147 2652 γέγονεν
1175 2589 1237 2638 ἐκ
1261 2586 1491 2650 καπνοῦ,
1521 2590 1553 2657 ἡ
1583 2589 1638 2640 δὲ
1661 2588 1905 2642 Θάλασσα

341 2673 401 2736 ἐξ
431 2675 588 2741 ὄρους
616 2675 763 2737 τινὸς
795 2677 919 2744 Κὰφ
953 2677 1380 2745 ὀνομαζομένου.
1408 2679 1645 2731 Δέκατον
1675 2679 1906 2748 ἕϐδομον

341 2768 422 2820 ὅτι
447 2768 538 2818 τὸν
568 2766 720 2837 ἥλιον
770 2769 863 2819 καὶ
898 2768 999 2836 τὴν
1031 2769 1264 2836 σελήνην
1293 2770 1385 2821 foot
1417 2769 1594 2838 φωτὸς
1627 2770 1720 2822 καὶ
1749 2770 1908 2823 δυνά-

345 2855 491 2922 μεώς
519 2874 654 2926 φησι
704 2857 982 2924 γενέσθαι.
1027 2859 1261 2910 Δέκατον
1295 2859 1486 2926 ὖγδοον
1519 2861 1601 2911 ὃτι
1633 2859 1908 2929 προσκλη-

343 2947 526 3032 θέντος
563 2949 756 3000 τούτου
788 2949 938 3015 παρὰ
971 2951 1064 3000 τοῦ
1095 2948 1338 3018 Γαδριὴλ
1393 2951 1637 3003 ἀνελθεῖν
1685 2953 1765 3014 εἰς
1814 2951 1906 3005 τὸν

341 3038 568 3104 οὐρανὸν
603 3039 694 3090 καὶ
745 3038 842 3091 τοῦ
892 3039 1029 3091 Θεοῦ
1067 3040 1251 3103 θέντος
1285 3042 1383 3110 τὴν
1418 3043 1574 3110 χεῖρα
1615 3041 1779 3094 αὒτοῦ
1817 3041 1908 3095 ἐπ’

1999 1954 2217 2022 φαλαίῳ
2251 1953 2327 2019 τῷ
2377 1949 2659 2018 Ἐλμαῖδᾶ,
2694 1950 2830 2019 ὅπερ
2875 1945 3245 2017 ἑρμηνεύεται
3282 1939 3566 2011 Τράπεζα,

2003 2047 2077 2114 μὴ
2107 2040 2393 2106 εἶναιτοὺς
2433 2041 2720 2111 Ἐϐραίους
2751 2042 2846 2094 καὶ
2879 2044 3002 2100 τοὺς
3028 2033 3394 2108 Χριστιανοὺς
3420 2033 3574 2094 υἱοὺς

1999 2137 2134 2189 Θεοῦ
2170 2136 2202 2206 ἢ
2236 2135 2424 2204 φίλους
2455 2135 2540 2186 διὰ
2567 2135 2627 2185 τὸ
2655 2131 3013 2186 παιδεύεσθαι
3047 2129 3268 2188 αὐτούς.

2073 2228 2154 2280 Τὰ
2185 2227 2278 2279 τοῦ
2309 2227 2496 2294 τρίτου
2528 2224 2691 2292 λόγου
2730 2223 3005 2290 κεφάλαιά
3032 2221 3143 2274 είσι
3179 2221 3369 2274 ταῦτα.
3417 2217 3574 2289 Πρῶ-

2000 2338 2092 2372 τον
2129 2321 2211 2371 ὅτι
2242 2319 2342 2371 οῦκ
2378 2318 2494 2371 ἔστι
2526 2315 2753 2369 δυνατὸν
2797 2312 2889 2368 τὸν
2920 2315 3053 2366 Θεὸν
3084 2314 3196 2366 υἱὸν
3227 2309 3355 2366 ἄνευ
3382 2329 3576 2386 γυναιτ-

2007 2412 2102 2474 κὸς
2129 2411 2293 2481 ἔχειν.
2342 2409 2612 2478 Δεύτερον
2658 2409 2741 2461 ὅτι
2789 2409 2838 2460 εί
2891 2407 3005 2460 υίὸν
3036 2401 3181 2474 εἶχεν
3212 2406 3239 2457 6
3271 2403 3426 2467 Θεὸς,
3458 2403 3575 2470 σχί-

2005 2520 2186 2571 σματα
2220 2499 2284 2554 ἂν
2313 2502 2566 2569 ἐγένοντο
2617 2503 2784 2570 μέσον
2815 2499 3018 2552 αὐτῶν.
3069 2497 3265 2564 Τρίτον
3303 2496 3382 2547 ὅτι
3411 2497 3467 2546 ὲν
3495 2491 3573 2562 τῷ

2005 2593 2289 2664 κεφαλαίῳ
2320 2593 2396 2660 τῷ
2438 2591 2684 2658 Ἐλνεσᾶ,
2714 2593 2851 2658 ὅπερ
2892 2588 3256 2659 ἑρμηνεύεται
3285 2587 3576 2651 Γυναῖκες,

2004 2685 2164 2751 λόγον
2194 2669 2329 2736 Θεὸδ
2364 2684 2457 2734 καὶ
2491 2679 2672 2750 ψυχὴν
2707 2677 2843 2732 Θεοῦ
2896 2682 2989 2732 καὶ
3023 2678 3192 2748 πνοὴν
3241 2673 3377 2729 Θεοῦ
3425 2676 3577 2740 λέγει
3670 2677 3674 2681 ’

2003 2771 2145 2831 εἶναι
2179 2777 2270 2829 τὸν
2303 2772 2561 2845 Χριστόν.
2594 2771 2869 2841 Τέταρτον
2919 2772 3002 2823 ὅτι
3049 2772 3114 2822 ὲκ
3165 2769 3270 2837 τῆς
3301 2765 3576 2836 παρθένου

2005 2866 2260 2937 ὁμολογεῖ
2309 2859 2674 2933 γεγεννῆσθαι
2741 2864 2832 2914 τὸν
2882 2861 3122 2931 Χριστὸν
3177 2860 3308 2912 ἄνευ
3359 2856 3578 2924 ἀνδρός.

2007 2953 2267 3026 Πέμπτον
2317 2957 2400 3009 ὅτι
2452 2957 2696 3025 ἀρνεῖται
2729 2954 2789 3006 τὸ
2825 2953 2918 3005 τὸν
2969 2951 3214 3021 Χριστὸν
3268 2945 3409 3001 εἶναι
3450 2945 3580 3000 Υἱὸν

2007 3045 2143 3102 Θεοῦ
2171 3049 2267 3102 καὶ
2296 3045 2451 3110 Θεὸν,
2483 3045 2616 3099 ἀλλὰ
2643 3045 2738 3097 καὶ
2783 3043 2883 3111 τὴν
2914 3043 3106 3095 τούτου
3143 3042 3422 3111 σάρκωσιν
3444 3053 3459 3069 '
3485 3037 3580 3107 ψι-

342 3127 512 3226 σξῦτίῖξν
544 3130 942 3226 ᾴτοσαύτης
971 3131 1186 3226 ψύξεως
1227 3133 1478 3202 αἴσθησιν
1523 3133 1709 3185 λαῦεἶν
1744 3131 1907 3186 αὑτὸν
1934 3169 1978 3226 c
2007 3139 2098 3192 λὸν
2128 3137 2183 3192 δὲ
2216 3139 2377 3206 μόνον
2407 3135 2696 3206 ἄνθρωπον
2745 3134 2896 3200 λέγει
2955 3130 3148 3184 τοῦτον
3177 3131 3318 3182 κατὰ
3349 3129 3442 3181 τὸν
3472 3126 3580 3180 Νε-

343 3223 420 3281 ὠς
468 3219 700 3274 διελθεῖν
758 3223 966 3292 ταύτην
1020 3225 1182 3293 μέχρι
1237 3226 1330 3277 καὶ
1377 3226 1630 3279 νωτιαίου
1688 3226 1904 3294 μυελοῦ.

351 3313 610 3364 Ἐννατον
637 3314 864 3366 δέκατον
893 3314 974 3366 ὅτι
1005 3317 1063 3367 ὲν
1089 3314 1166 3383 τῷ
1193 3316 1472 3385 κεφαλαίῳ
1503 3318 1580 3386 τῷ
1609 3317 1712 3370 Σάδ
1743 3334 1909 3386 φησιν

347 3402 419 3463 ὡς
475 3403 700 3470 ἄγγελοι
750 3406 898 3465 ὄντες
933 3407 983 3457 οἱ
1018 3408 1270 3476 δαίμονες
1327 3411 1420 3460 καὶ
1475 3408 1909 3478 προσταχθέντες

347 3497 499 3562 παρὰ
528 3494 620 3545 τοῦ
656 3494 790 3546 Θεοῦ
823 3501 1198 3564 προσκυνῆσαι
1225 3498 1315 3550 τὸν
1367 3499 1537 3567 Ἀδὰμ
1583 3502 1684 3552 οὐκ
1711 3501 1911 3569 ἠθέλη-

357 3665 538 3732 rapite
572 3675 778 3731 autem,
806 3667 949 3734 quod
990 3667 1334 3728 Abrahamus
1358 3671 1693 3733 inscribitur.
1722 3687 1911 3739 quem-

351 3773 512 3825 quam
539 3759 734 3812 salvari
786 3775 947 3827 posse
983 3772 1164 3829 negat,
1203 3762 1307 3815 nisi
1364 3762 1458 3830 qui
1501 3761 1906 3817 lsmaelitarum

351 3848 522 3918 legem
557 3859 836 3918 sequatur.
865 3851 949 3904 l0.
985 3853 1126 3905 Ante
1175 3853 1355 3918 ipsum
1412 3855 1686 3907 neminem
1753 3847 1913 3923 posse

352 3942 555 3994 intrare
581 3943 916 4010 paradisum.
948 3945 1033 3994 Η.
1072 3944 1243 3996 Deum
1274 3945 1465 3998 domos
1485 3945 1910 4012 pulcherrimas,

351 4027 594 4092 lavacra,
630 4029 816 4083 hortos
856 4039 908 4082 et
936 4031 1171 4084 feminas
1196 4033 1500 4098 permultas
1561 4045 1681 4101 post
1729 4048 1916 4087 resur-

352 4119 649 4170 rectionem
683 4119 748 4170 iis
781 4119 1034 4172 daturum
1064 4133 1206 4180 esse.
1235 4121 1325 4188 qui
1351 4121 1526 4189 legem
1587 4121 1915 4177 Mohametis

352 4217 672 4278 sequantur.
704 4210 790 4262 12.
826 4210 884 4263 1η
927 4211 1105 4279 capite
1131 4212 1236 4264 Sad
1255 4213 1411 4277 dicit,
1437 4211 1660 4283 angelos
1679 4229 1742 4267 ex
1768 4215 1912 4284 igne,

356 4296 605 4356 homines
626 4320 652 4353 e
680 4304 903 4368 pulvere
925 4305 1099 4359 factos
1124 4307 1360 4363 esstS.
1397 4307 1647 4376 lucapite
1671 4307 1913 4372 Nemi-le,
1945 4351 1948 4354 .

353 4388 456 4442 hoc
483 4401 568 4444 est
601 4391 806 4458 Musca,
842 4394 909 4447 de
947 4395 1266 4450 Solomonle
1299 4404 1353 4450 et
1378 4399 1582 4450 muscis
1618 4399 1912 4451 ridiculum

2016 3229 2249 3297 στόριον,
2274 3227 2430 3295 ἅγιον
2457 3227 2513 3278 δὲ
2544 3224 2639 3279 καὶ
2665 3223 2806 3292 ὑπὲρ
2835 3222 3046 3283 πάντας
3073 3219 3418 3287 ἀνθρώπους.
3445 3216 3583 3277 Ἔκ-

2011 3337 2103 3373 τον
2147 3321 2230 3371 ὅτι
2278 3318 2354 3388 μὴ
2408 3315 2792 3385 ἐσταυρῶσθαι
2821 3311 3211 3381 τὸν,Χριστὸν,
3245 3307 3360 3360 ἀλλ’
3392 3307 3582 3375 ἕτερον

2013 3413 2128 3464 ἀντ’
2159 3410 2392 3463 ἐκείνου.
2423 3408 2692 3476 Ἕϐδομον
2721 3407 2802 3458 ὅτι
2831 3406 2858 3457 6
2889 3391 3021 3464 Θεὸς
3050 3403 3142 3454 τὸν
3176 3401 3414 3469 Χριστὸν
3445 3397 3583 3467 πρὸς

2016 3502 2206 3555 ἑαυτὸν
2260 3499 2706 3569 προσεκαλέσατο
2757 3499 2836 3559 εἰς
2873 3497 3000 3556 τοὺς
3048 3494 3333 3563 οὐρανοὺς,
3367 3489 3496 3558 περὶ
3526 3489 3584 3541 δὲ

2013 3693 2065 3735 et
2093 3681 2396 3746 angelicum
2427 3679 2824 3732 exstincturum
2854 3687 2994 3726 esse.
3049 3669 3140 3724 ‘22.
3219 3666 3578 3721 Mohametem

2015 3773 2300 3840 scripsisse
2350 3770 2640 3823 duodecies
2682 3767 2825 3819 mille
2881 3765 3052 3817 libros
3100 3759 3578 3829 disputationibus

2017 3862 2363 3917 mirabilibus
2402 3861 2665 3927 plenos,e
2691 3857 2891 3923 quibus
2921 3865 3002 3908 ter
3057 3853 3205 3906 mille
3259 3866 3421 3914 verae,
3460 3848 3588 3901 reli‘

2015 3967 2136 4020 quae
2167 3951 2456 4003 mendaces
2477 3947 2605 3999 sint.
2635 3947 2725 3999 95.
2764 3944 2821 3997 In
2867 3946 3006 3997 libro
3059 3944 3324 3998 Ccramar
3361 3949 3571 4001 narrat,

2016 4041 2302 4096 discidisse
2336 4038 2598 4091 selunam
2633 4038 2684 4087 in
2714 4034 2826 4087 duo
2859 4042 3163 4100 segmenta,
3194 4045 3426 4100 quorum
3452 4027 3586 4082 alte-

2020 4147 2136 4184 rum
2171 4129 2390 4198 pallium
2419 4143 2578 4180 suum
2627 4125 2946 4194 penetrarit,
3013 4123 3245 4175 alterum
3287 4123 3337 4174 in
3383 4133 3583 4173 terram

2016 4220 2326 4275 deciderit:
2379 4216 2577 4270 deinde
2620 4215 2868 4268 eamdem
2921 4213 2974 4266 in
3030 4212 3322 4281 pristinum
3376 4218 3582 4263 statum

2018 4311 2342 4373 restituisse.
2377 4309 2470 4361 24.
2503 4307 2671 4361 Deum
2707 4310 2760 4359 et
2806 4305 3030 4373 angelos
3091 4304 3299 4372 precari
3345 4317 3443 4370 pro
3473 4301 3589 4354 Mo-

2021 4393 2256 4457 h‘amete.
2307 4400 2395 4454 25.
2463 4399 2519 4452 In
2551 4399 2729 4467 capite
2777 4396 3042 4459 Elmaida,
3079 4397 3182 4449 hoc
3227 4403 3311 4448 est
3375 4391 3587 4451 Mensa,

355 4485 624 4548 quoddam
653 4488 997 4546 mendacium
1028 4498 1236 4541 narrat.
1268 4487 1351 4542 14.
1377 4488 1432 4541 In
1451 4491 1628 4558 capite
1648 4478 1914 4559 Rhubcpa
1941 4492 1995 4552 D
2021 4489 2474 4553 docet.Hebraeos
2506 4499 2560 4543 et
2586 4487 2930 4541 Christianos
2959 4500 3067 4539 nou
3120 4499 3240 4538 esse
3292 4481 3387 4536 Dei
3449 4481 3590 4534 ﬁlios

357 4573 424 4625 de
447 4574 763 4630 Solomoute
785 4588 838 4632 et
863 4580 1130 4632 lumbrico
1173 4581 1517 4634 memlacium
1541 4582 1706 4650 priori
1733 4583 1911 4636 simile

359 4666 541 4718 tradit.
575 4666 747 4720 15.111
779 4668 917 4721 libro
960 4671 1336 4723 narrationum
1390 4674 1658 4724 rationem
1714 4673 1910 4733 reddit.

360 4770 460 4808 cur
481 4755 606 4808 vino
636 4755 702 4809 iis
743 4756 1121 4810 interdicatur.
1157 4760 1243 4810 16.
1266 4758 1564 4812 Conditum
1591 4761 1693 4814 hoc
1714 4762 1912 4815 cmlum

358 4864 388 4900 e
423 4846 768 4913 fumo,mare
803 4863 832 4898 e
857 4858 1059 4907 monte,
1086 4849 1174 4900 cui
1229 4865 1426 4902 nomen
1471 4850 1646 4919 Capb,
1710 4851 1915 4906 factum

357 4942 596 4994 esse.l7.
623 4940 803 4994 Solem
840 4951 891 4993 et
922 4943 1101 4992 lunam
1139 4939 1382 5008 ejusdem
1402 4942 1626 4997 luminis
1650 4953 1703 4997 et
1725 4956 1919 5012 poten-

359 5031 449 5084 tia:
474 5047 599 5105 esse
631 5031 979 5105 afﬁrmatJS.
1023 5032 1384 5086 Mohametem
1419 5049 1446 5085 a
1511 5035 1767 5089 Gabriele
1831 5052 1920 5089 ar-

359 5125 617 5177 cessitum
659 5127 708 5176 in
738 5126 936 5177 ccelum
965 5123 1284 5178 ascendisse
1307 5135 1382 5188 et,
1418 5143 1579 5178 manu
1614 5128 1716 5180 sibi
1746 5144 1774 5182 a
1812 5129 1921 5181 Deo

360 5215 637 5283 imposita.
669 5225 875 5269 tantum
908 5216 1078 5284 frigus
1101 5215 1344 5280 duxisse,
1371 5219 1514 5284 quod
1540 5217 1605 5269 ad
1630 5219 1919 5272 medullam

362 5305 510 5362 dorsi
542 5318 894 5375 penetrasset.
929 5309 1016 5361 19.
1052 5309 1106 5360 In
1135 5311 1312 5376 capite
1352 5307 1459 5360 Sad
1495 5311 1673 5372 docet,
1724 5311 1924 5362 dmino-

365 5413 462 5451 nes
496 5400 624 5451 olim
665 5399 888 5466 angelos
913 5398 1102 5462 fuisse,
1125 5399 1218 5452 sed
1244 5399 1428 5467 jussos
1453 5413 1480 5450 a
1524 5399 1634 5453 Deo
1652 5401 1920 5454 Adamum

365 5491 616 5554 adorare,
653 5490 973 5544 noluisseid
1031 5489 1233 5553 facere,
1293 5491 1436 5552 sicut
1493 5491 1686 5556 reliqui
1743 5491 1920 5559 angeli

364 5597 573 5646 omnes,
605 5597 670 5636 ac
699 5590 981 5650 propterea
1009 5582 1289 5635 dmmones
1322 5581 1492 5634 factos
1516 5595 1660 5635 esse.
1694 5581 1785 5634 20.
1817 5581 1924 5635 lia-

366 5675 570 5727 tionem
595 5675 847 5741 explicat,
866 5689 1036 5741 quare
1062 5687 1225 5727 carne
1245 5672 1398 5726 suina
1438 5671 1578 5725 vesci
1604 5688 1709 5725 non
1739 5672 1918 5726 liccat.

366 5762 456 5824 21.
493 5765 603 5819 Sub
631 5765 785 5820 finem
825 5763 1012 5819 mundi
1047 5763 1213 5818 Deum
1243 5776 1586 5830 omnegcnus
1619 5763 1917 5817 humanum

2018 4593 2112 4638 aut
2135 4583 2363 4644 amicos,
2394 4579 2522 4649 quia
2559 4580 2887 4632 educentur.

2114 4673 2258 4727 Libri
2291 4671 2432 4726 tertii
2460 4670 2634 4738 capita
2665 4669 2775 4721 haec
2808 4676 2958 4721 sunt.
3002 4666 3051 4718 l.
3085 4663 3252 4718 Deum
3286 4661 3455 4715 filium
3491 4660 3590 4712 ha-

2021 4768 2146 4821 bere
2177 4782 2281 4820 non
2328 4781 2486 4834 posse
2519 4765 2639 4817 sine
2673 4761 2901 4816 femina.
2946 4761 3000 4812 ‘2.
3039 4759 3094 4812 Si
3119 4759 3288 4811 filium
3325 4756 3468 4808 Deus
3492 4755 3589 4806 ha-

2023 4858 2195 4914 beret.
2249 4854 2471 4906 dissidia
2506 4853 2648 4904 inter
2677 4865 2773 4904 eos
2812 4849 2949 4902 fore.
2982 4848 3036 4901 5.
3065 4847 3122 4900 ln
3155 4844 3332 4913 capite
3369 4843 3588 4902 Elnesa,

2025 4949 2130 5000 hoc
2191 4957 2273 5000 est
2338 4943 2611 5001 Mulieres.
2672 4940 2898 4992 verbum
2937 4937 3028 4990 Dei
3062 4945 3117 4990 ct
3148 4936 3386 4989 animam
3417 4931 3506 4984 Dei
3536 4942 3590 4985 et

2027 5037 2277 5106 spiritum
2335 5033 2424 5086 Dei
2475 5035 2748 5087 Christum
2793 5047 2912 5084 esse
2981 5029 3131 5082 dicit.
3191 5028 3242 5079 4.
3309 5027 3346 5077 Ε
3379 5024 3590 5091 virgine

2026 5129 2146 5182 sine
2175 5127 2291 5179 viro
2343 5125 2618 5179 Christum
2682 5130 2868 5176 natum
2905 5137 3025 5174 esse
3055 5120 3346 5175 consentit.
3387 5117 3441 5170 5.
3479 5116 3587 5170 Ne-

2027 5228 2137 5288 gat,
2169 5217 2445 5270 Christum
2479 5230 2600 5269 esse
2623 5224 2715 5267 aut
2751 5211 2845 5266 Dei
2873 5211 3096 5276 Filium,
3134 5219 3229 5265 aut
3263 5209 3458 5270 Deum,
3492 5213 3589 5258 aut

2027 5306 2459 5362 incarnationem
2495 5305 2657 5372 ejus;
2691 5301 2786 5357 sed
2815 5302 2960 5356 nude
2997 5316 3124 5355 eum
3164 5299 3436 5354 hominem
3466 5307 3588 5348 esse

2026 5398 2177 5463 dicit,
2208 5399 2349 5451 sicut
2377 5395 2678 5454 Nestorius.
2709 5399 2764 5447 at
2789 5391 3214 5446 sanctumillum
3241 5398 3366 5442 ante
3397 5397 3588 5439 omnes

2029 5487 2296 5540 homines.
2332 5486 2384 5539 6.
2418 5486 2533 5537 Non
2567 5483 2845 5538 Christum
2879 5483 3026 5537 cruci
3061 5480 3277 5534 aﬂixum
3313 5490 3454 5532 esse.
3484 5475 3578 5525 sed

2027 5578 2194 5631 alium
2243 5578 2362 5632 loco
2393 5577 2530 5644 ejus.
2590 5576 2643 5629 7.
2681 5574 2849 5630 Deum
2883 5576 2948 5628 ad
2983 5589 3040 5628 se
3072 5574 3123 5625 iu
3164 5568 3329 5622 cmlus
3361 5577 3588 5617 vocasse

2023 5661 2328 5734 Christum,
2356 5669 2447 5738 qui
2482 5678 2660 5722 tamen
2696 5666 2798 5721 sub
2825 5666 2985 5718 finem
3011 5661 3195 5714 mundi
3224 5655 3506 5709 rediturus
3529 5664 3585 5706 et

2029 5762 2408 5818 autichristum
2436 5759 2720 5815 occisurus
2790 5754 2987 5810 deinde
3019 5761 3196 5804 autem
3226 5748 3338 5816 ipse
3371 5758 3589 5814 quoque
