4066 6296
421 257 687 363 ’δςιι

1720 300 2042 360 GEORGII
2085 302 2177 361 ΡΙ]
2190 303 2508 367 ΗΑΝΤΖιΕ
2943 300 2972 334 ⁹

3639 313 3756 376 sna-

501 415 569 468 τὰ
600 414 725 482 τέλη
763 411 858 466 τυῦ
887 415 1090 484 κόσμου
1125 412 1308 485 μέλλει
1340 416 1657 470 ἐλεύσεσθαι
1697 427 1792 471 καὶ
1824 418 2066 472 θαναςτώ-
2093 417 2142 475 Α
2169 419 2443 490 Ούμαρος.
2466 421 2636 484 Αὐτὸς
2666 423 2762 491 τὴν
2786 424 3072 492 Δαμασκὸν
3104 426 3261 478 ἔλαϐε
3288 427 3382 480 καὶ
3413 427 3520 489 τὰς
3558 432 3756 496 χώρας

503 523 620 560 σειν
656 507 745 560 τὸν
776 506 1140 574 ἀντίχριστον,
1173 506 1312 575 μετὰ
1346 507 1403 560 δὲ
1433 507 1608 560 ταῦτα
1638 510 1729 560 καὶ
1779 511 1944 562 αὑτὸν
1973 511 2062 562 τὸν

500 601 736 668 Χριστὸν
792 600 1106 652 ἀποθανεῖν.
1145 600 1376 667 Ὄγδοον
1409 602 1492 653 ὅτι
1525 601 1686 670 302
1722 601 2064 656 θεοποιοῦσιν

500 693 548 742 οἱ
576 690 891 757 Χριστιανοὶ
915 691 1015 758 τὴν
1033 690 1316 755 Θεοτόκον,
1345 691 1440 743 καὶ
1463 694 1545 744 ὅτι
1573 693 1722 744 ἐστὶν
1748 693 1948 763 ἀδελφὴ
1969 694 2061 746 τοῦ

499 783 700 836 Μωῦσέ
709 799 782 844 ως
811 783 904 834 καὶ
942 783 1176 852 Ἀαρών.
1549 827 1557 834 .
1774 790 1781 796 “

569 873 650 924 Τὰ
702 873 798 924 τοῦ
859 875 1125 942 τετάρτου
1174 875 1336 940 λόγου
1390 877 1664 943 κεφάλαιά
1713 878 1820 930 εισι
1866 876 2060 930 ταῦτα.

501 965 723 1032 Πρῶτον
772 967 855 1017 ὅτι
907 967 1242 1035 ἀναληφθεὶς
1268 969 1356 1030 ,είς
1391 971 1517 1030 τοὺς
1549 970 1815 1038 οὐρανοὺς
1844 972 1872 1021 ὁ
1900 969 2065 1021 Μωὰ-

500 1049 601 1124 μεθ
635 1057 764 1124 ἔστη
801 1056 1114 1125 ἔμπροσθεν
1148 1058 1242 1110 τοῦ
1276 1059 1434 1123 Θεοῦ,
1462 1061 1555 1112 καὶ
1583 1061 1817 1129 ἀκήκοεν
1843 1061 1942 1113 ὅσα
1969 1061 2064 1112 καὶ

497 1150 726 1215 ἀκήκοε,
757 1149 849 1200 καὶ
877 1146 1035 1212 αὖθις
1070 1151 1336 1220 κατῆλθεν
1371 1155 1428 1204 ὲν
1463 1157 1530 1219 τῇ
1562 1156 1654 1220 γῇ.
1685 1152 1950 1222 Δεύτερον
1981 1155 2061 1206 ὅτι

496 1241 546 1290 οἱ
579 1239 834 1306 δαίμονες
879 1241 1118 1309 σωθῆναι
1176 1243 1453 1310 μέλλουσι.
1488 1245 1684 1311 Τρίτον
1713 1245 1792 1296 ὃτι
1827 1244 1920 1296 τοῦ
1969 1262 2062 1296 κο-

500 1333 600 1396 ραν
629 1331 727 1398 τὴν
766 1331 1029 1399 ἐξήγησιν
1063 1333 1236 1393 οὐδεὶς
1283 1338 1391 1386 τῶν
1424 1335 1728 1405 ἀνθρώπων
1777 1337 2062 1401 γινώσκει,

495 1424 604 1475 οὐδ’
633 1423 797 1484 αὐτὸς
829 1428 856 1476 ὁ
891 1425 1162 1491 Μωάμεθ,
1193 1427 1305 1478 ἀλλ’
1331 1427 1362 1495 ἢ
1399 1427 1554 1494 μόνος
1581 1430 1608 1480 ὁ
1638 1428 1792 1490 Θεός.

567 1517 752 1567 Ταῦτα
799 1516 893 1569 οὖν
944 1519 1180 1584 ποιήσας
1207 1522 1296 1571 καὶ
1329 1520 1532 1582 αὐτοὺς
1562 1520 1688 1582 τοὺς
1718 1519 1937 1584 ἀθλίους
1969 1523 2064 1574 καὶ

494 1601 880 1676 τιλαιτξώρους
940 1609 1249 1678 βαρϐάρους
1303 1611 1538 1676 διδάξας,
1574 1612 1662 1663 καὶ
1713 1613 1934 1683 ἀμαθὴς
1969 1614 2062 1666 καὶ

498 1699 757 1768 ἄγροικος
814 1699 888 1752 ὢν
941 1701 1264 1763 διδάσκαλος
1316 1703 1600 1771 ὲγεγόνει’
1651 1705 1746 1756 καὶ
1793 1704 1851 1756 τὸ
1901 1705 2062 1772 ῥητὸν
2096 1740 2131 1792 Β

498 1791 794 1861 ἐπληρώθη
844 1794 900 1844 ὲν
951 1795 1138 1856 αὐτοῖς
1188 1795 1247 1847 τὸ
1293 1796 1486 1861 λέγον·
1541 1815 1559 1846 t
1605 1797 1816 1858 Τυφλδς
1862 1797 2059 1865 τυφλὸν

497 1879 702 1946 ὁδηγεῖ,
759 1882 855 1932 καὶ
915 1885 1217 1952 ἀμφότεροι
1265 1887 1343 1946 εἰς
1383 1885 1573 1953 βόθρον
1627 1886 1839 1939 ἔπεσον.
1887 1906 1904 1937 ι
1955 1888 2061 1939 Καὶ

499 1967 663 2034 ἕτερα
694 1970 825 2038 τρία
872 1972 965 2023 καὶ
999 1973 1128 2024 δέκα
1181 1975 1272 2024 καὶ
1329 1975 1522 2038 ἑκατὸν
1550 1977 1926 2044 συνεγράψατο
1959 1995 2061 2044 μυ-

503 2060 690 2127 θάρια,
720 2063 934 2129 ἑκάστῳ
959 2064 1163 2118 τούτων
1183 2067 1352 2134 ὄνομα
1378 2068 1586 2128 ἐπιθεὶς
1606 2069 1756 2133 ἄξιον
1782 2070 1879 2132 τῆς
1899 2071 2064 2122 ἁπαι-

501 2151 721 2213 δευσίας
753 2154 918 2206 αὑτοῦ
963 2157 1055 2206 καὶ
1109 2156 1467 2225 μωρολογίας,
1498 2154 1572 2209 ὧν
1605 2157 1700 2209 ἀπ’
1748 2159 1926 2211 αὐτῶν
1964 2161 2062 2225 τὴν

505 2241 854 2307 ἀκαθαρσίαν
885 2246 979 2296 καὶ
1011 2246 1275 2314 πρόδηλον
1310 2247 1582 2315 φλυαρίαν
1609 2247 1668 2300 τὸ
1699 2247 2062 2318 διηγήσασθαι

505 2333 644 2384 αὐτὰ
675 2335 789 2387 ἴσον
833 2337 952 2387 ἐστὶ
977 2336 1054 2402 τῷ
1097 2337 1196 2405 τὴν
1226 2337 1318 2388 τοῦ
1351 2339 1581 2404 Αὐγείου
1615 2341 1818 2408 κόπρον
1848 2341 2065 2408 ἐκκομί.

505 2439 596 2476 σαι
629 2425 768 2475 κατὰ
799 2425 888 2476 τὸν
925 2426 1222 2496 Ἡρακλέα.
1271 2428 1379 2479 Καὶ
1411 2429 1472 2479 τὸ
1512 2429 1663 2489 ἔθνος
1707 2428 1851 2481 ἅπαν
1879 2430 2065 2492 κακῶς

508 2515 871 2582 σοφισάμενος
907 2517 1001 2569 καὶ
1029 2517 1118 2584 ὑφ’
1143 2519 1336 2572 ἑαυτὸν
1364 2520 1750 2589 ποιησάμενος,
1777 2521 1874 2572 καὶ
1903 2511 2065 2588 νομο-

506 2606 666 2673 θέτης
699 2607 880 2660 αύτῶν
905 2608 1166 2674 γεγονὼς,
1209 2608 1328 2661 εἶτα
1383 2612 1478 2662 καὶ
1533 2611 1712 2679 ἐαυτῷ
1762 2612 2067 2679 συνήγαγεν

503 2696 735 2765 δύναμιν
771 2700 981 2768 ἱκανὴν,
1011 2703 1111 2767 τήν
1160 2713 1249 2753 τεθ
1278 2702 1480 2770 Συρίαν
1537 2704 1717 2754 πᾶσαν
1762 2703 2068 2772 κατέδραμε

477 2791 600 2840 ’καὶ
645 2790 919 2860 ἐληΐσατο,
965 2793 1058 2844 καὶ
1096 2791 1299 2855 πολλὰς
1344 2793 1530 2863 χώρας
1581 2794 1896 2862 Ῥωμαϊκὰς
1943 2795 2070 2847 ἑκά-

506 2899 654 2933 κωσε
686 2884 778 2934 καὶ
812 2884 1068 2952 ἠφάνισε.
1133 2886 1246 2937 Καὶ
1293 2887 1351 2937 ὲν
1409 2885 1486 2954 τῷ
1522 2886 1735 2953 μέλλειν
1775 2886 1936 2938 αὐτὸν
1968 2903 2067 2937 τεη

507 2973 729 3042 λευτᾷν.
764 2976 860 3026 καὶ
921 2976 1062 3044 πρὸς
1123 2977 1215 3028 τὸν
1277 2977 1490 3045 πατέρα
1555 2977 1718 3029 αὑτοῦ
1756 2977 1844 3029 τὸν
1904 2977 2064 3047 303

2167 511 2346 570 πάσας
2399 513 2496 581 τῆς
2542 514 2818 579 Φοινίκης,
2874 516 2970 567 καὶ
3033 521 3372 585 κατοικήσας
3433 521 3495 571 ὲν
3551 519 3759 580 αὐταῖς

2165 601 2287 654 εἷτα
2307 602 2575 670 λαμϐάνει
2604 605 2702 674 τὴν
2727 605 3038 672 Αἴγυπτον,
3068 610 3162 662 καὶ
3190 614 3268 671 εἰς
3298 611 3480 680 αὐτὴν
3509 613 3757 678 οἰκήσας

2165 684 2286 740 εἶτα
2326 689 2544 757 ἔρχεται
2576 692 2714 744 κατὰ
2748 694 2974 762 Περσῶν
3017 700 3112 751 καὶ
3152 701 3277 767 νικᾷ
3325 701 3560 762 αὐτούς.
3610 698 3756 753 Εἶτα

2167 783 2716 854 παραλαμϐάνειτὴν
2756 786 3003 855 Βόστραν
3039 791 3134 841 καὶ
3181 791 3346 853 ἄλλας
3392 793 3614 853 πολλὰς
3660 795 3760 845 πό-

2165 870 2301 934 λεις,
2337 875 2429 925 καὶ
2459 871 2660 941 ἔφθασε
2704 877 2796 927 καὶ
2833 877 2997 946 μέχρι
3050 879 3143 931 τοῦ
3204 880 3449 936 Γαϐαθᾶ.
3496 884 3758 934 Ἔπειτα

2168 963 2452 1030 στρατεύει
2493 963 2635 1016 κατὰ
2663 965 2758 1032 τῆς
2793 967 3154 1035 Παλαιστίνης
3205 971 3300 1022 καὶ
3330 972 3615 1038 λαμϐάνει
3649 974 3760 1039 τὴν

2164 1053 2323 1120 ἁγίαν
2351 1055 2503 1106 πόλιν
2537 1057 2671 1124 μετὰ
2698 1057 3043 1124 συμϐάσεωςο
3080 1061 3172 1113 καὶ
3198 1061 3379 1114 ἔκτοτε
3409 1065 3512 1115 οὐκ
3565 1065 3757 1115 ἐπαύ-

2168 1161 2298 1197 σατο
2328 1145 2387 1197 τὸ
2411 1147 2520 1198 τῶν
2569 1147 2928 1216 Ἰσμαηλιτῶν
2979 1149 3135 1217 γένος
3166 1153 3264 1216 τὴν
3306 1153 3607 1222 Ῥωμαίων
3642 1141 3758 1223 γῆν

2166 1237 2526 1305 κατατρέχειν
2562 1237 2657 1290 καὶ
2693 1238 2974 1306 ληῖζεσθαι
3012 1240 3118 1300 ἕως
3151 1241 3252 1305 τῆς
3297 1245 3571 1311 σήμερον,
3605 1247 3754 1297 ὅπου

2166 1325 2263 1378 καὶ⁵
2288 1327 2571 1388 παντελῶς
2601 1329 2661 1380 τὸ
2691 1328 2968 1397 σκῆπτρον
3015 1333 3281 1384 κατέλυσε
3318 1335 3408 1386 καὶ
3439 1336 3538 1402 τὴν
3587 1337 3756 1404 βασι-

2165 1419 2316 1470 λείαν
2352 1419 2636 1486 ἠφάνισεν.
2683 1419 2931 1492 Ὑπῆρχε
2985 1423 3041 1476 δὲ
3094 1426 3188 1478 καὶ
3238 1426 3420 1490 ἕτερος
3468 1427 3755 1497 Οὖμαρος

2166 1511 2286 1570 νέος
2313 1550 2326 1572 ,
2355 1510 2502 1569 ὅστις
2546 1511 2820 1579 ἠνάγκαζε
2871 1515 2997 1571 τοὺς
3047 1515 3395 1584 Σαρακηνοὺς
3435 1519 3752 1585 ῥυπαίνειν

2166 1599 2262 1652 καὶ
2295 1599 2559 1668 βεϐηλοῦν
2603 1601 2730 1662 τοὺς
2778 1603 3138 1670 Χριστιανοὺς
3192 1608 3281 1656 καὶ
3315 1607 3440 1668 τοὺς
3475 1609 3754 1676 πειθομέ-

2166 1708 2288 1753 νους
2322 1693 2532 1752 ἀτελεῖς
2568 1693 2758 1744 ἐποίει·
2791 1693 2996 1762 ἔγραψε
3049 1694 3104 1746 δὲ
3155 1696 3250 1747 καὶ
3300 1698 3430 1762 πρὸς
3462 1702 3556 1750 τὸν
3586 1701 3752 1767 βασι-

2163 1783 2262 1834 λέα
2311 1783 2513 1834 Λέοντα
2575 1783 2666 1834 τὸν
2713 1785 2996 1852 Ἀρμένιον
3054 1784 3148 1837 τοῦ
3203 1786 3510 1854 βεϐηλῶσαι
3550 1791 3749 1852 αὑτὸν,

2161 1875 2288 1926 ὅταν
2323 1876 2826 1943 ἀποκεκλεισμένην
2874 1876 2975 1944 τὴν
3012 1877 3167 1927 πόλιν
3210 1873 3320 1944 εἶχε
3358 1880 3449 1930 καὶ
3483 1882 3746 1950 ὲπολιὸρ-

2165 1985 2246 2019 κει
2301 1967 2470 2034 αὐτὴν
2495 2009 2508 2032 ,
2545 1968 2639 2019 καὶ
2676 1967 2833 2019 λῦσαι
2883 1969 2982 2037 τὴν
3015 1970 3330 2038 πολιορκίαν
3359 1973 3518 2034 αὐτὸς
3577 1976 3748 2039 priva;

2163 2059 2437 2124 ἐθέσπισε,
2471 2061 2542 2128 μὴ
2574 2061 2888 2128 Χριστιανοὶ
2921 2061 3062 2112 κατὰ
3095 2062 3202 2114 τῶν
3229 2062 3488 2131 Τούρκων
3522 2083 3740 2134 μαρτυ-

2168 2153 2352 2221 ρῶσιν.
2384 2152 2770 2219 Ὀνομάζονται
2801 2151 2856 2203 δὲ
2884 2152 3144 2220 τρισσῶς,
3177 2154 3734 2222 ΣαρακηνοὶἸσ-μαη-

2161 2241 2301 2293 λῖτσι
2331 2244 2424 2294 καὶ
2465 2242 2758 2310 Ἀγαρηνοί
2783 2259 2796 2272 ·
2839 2243 3145 2311 Σαρακηνοὶ
3197 2245 3293 2313 μὲν
3338 2247 3419 2297 ὅτι
3473 2249 3505 2312 ἡ
3543 2248 3741 2316 Σάρρα

2166 2337 2512 2400 ἐξαπέστειλε
2575 2337 2672 2403 τὴν
2728 2338 2904 2406 Ἀγαρ
2962 2337 3055 2389 καὶ
3109 2337 3201 2389 τὸν
3264 2337 3486 2408 Ἰσμαήλ
3541 2343 3740 2400 κενοὺς

2165 2426 2529 2494 κληρονομίας
2548 2441 2563 2456 ο
2611 2426 2944 2494 Ἰσμαηλῖται
2972 2426 3028 2478 δὲ
3053 2426 3127 2488 ὡς
3154 2427 3216 2479 ἐκ
3245 2429 3337 2480 τοῦ
3385 2430 3612 2496 Ἰσμαὴλ
3639 2448 3742 2481 κα-

2165 2517 2482 2582 ταγόμενοι,
2512 2515 2810 2584 Ἀγαρηνοὶ
2852 2515 2909 2567 δὲ
2939 2515 3026 2568 διὰ
3061 2517 3160 2583 τὴν
3192 2520 3516 2587 προμήτορα
3549 2519 3736 2570 αὐτῶν

2169 2607 2370 2676 Ἀγαρ.
3617 2597 3621 2600 ”

2249 2698 2410 2768 304
2465 2698 2602 2752 Ἀλλ’
2663 2700 2754 2750 ἐπὶ
2807 2699 2868 2750 τὺ
2919 2699 3280 2770 προκείμενον
3322 2702 3731 2770 ἐπανέλθωμεν.

2181 2793 2315 2843 Ἀπὸ
2361 2791 2416 2844 δὲ
2470 2789 2798 2857 Ἡρακλείου
2840 2789 2936 2842 τοῦ
2992 2791 3228 2858 μεγάλου
3277 2793 3370 2843 καὶ
3408 2792 3502 2844 τοῦ
3535 2794 3735 2861 ψευδο-

2173 2885 2452 2950 προφήτου
2481 2882 2718 2951 Μωάμεθ
2746 2882 2853 2945 ἓως
2885 2882 2984 2948 τῆς
3015 2882 3289 2950 βασιλείας
3318 2886 3735 2937 Κωνσταντίνου

2173 2974 2268 3026 τοῦ
2305 2974 2692 3040 Παλαιολόγου,
2721 2973 2814 3024 τοῦ
2849 2973 3037 3040 ὀγδόου
3077 2974 3495 3040 βασιλεύσαντος
3530 2977 3592 3027 ὲκ
3643 2975 3736 3026 τοῦ

509 3067 756 3118 Σατανᾶν
796 3068 1150 3135 ἀναχωρῆσαι
1173 3109 1189 3133 ,
1225 3063 1564 3138 Ἀδουϐάκάρ
1591 3069 1680 3121 τὸν
1704 3070 1867 3122 αὑτοῦ
1923 3071 2075 3122 ἁδελ-
2100 3050 2143 3105 C
2177 3065 2365 3131 γένους
2395 3065 2502 3116 τῶν
2533 3064 2935 3130 Παλαιολὸγων.
2970 3065 3028 3124 ὃς
3059 3065 3410 3117 ὲ6ασίλιει-ισεν
3443 3066 3538 3134 ἔτη
3577 3067 3618 3116 δ’
3647 3069 3737 3116 καὶ

514 3159 698 3222 ιριδοῦν
734 3161 1155 3227 προεχειρίσατο
1205 3160 1322 3212 ἀντ’
1372 3161 1560 3215 αὑτοῦ.
1630 3162 1972 3231 Ἀμηρεύσας
2021 3161 2076 3213 δὲ

511 3245 668 3312 οὗτος
695 3248 789 3317 ἔτη
819 3250 914 3301 δύο
936 3250 1109 3318 ἥμισυ
1134 3250 1380 3321 τελευτᾷ,
1406 3253 1502 3305 καὶ
1544 3253 1661 3304 ἀντ’
1691 3253 1853 3304 αὑτοῦ
1884 3256 2075 3321 κρατεῖ

515 3430 813 3482 moritorus
845 3429 934 3483 sit.
955 3429 1008 3483 8.
1033 3428 1374 3485 Christianos
1401 3446 1496 3500 pro
1527 3432 1624 3486 dea
1652 3431 1850 3486 habere
1882 3432 2074 3502 Deipa-

513 3533 652 3578 ram,
687 3516 886 3586 Moysis
920 3525 974 3569 et
1001 3519 1236 3571 Aaronis
1268 3534 1535 3572 sororem.

585 3605 730 3658 Libri
789 3607 970 3673 quarti
1021 3607 1196 3674 capita
1241 3607 1353 3659 lucc
1406 3617 1554 3662 sunt.
1598 3609 1646 3661 1.
1686 3608 1982 3676 Receptum
2019 3611 2071 3662 in

515 3695 683 3750 cados
705 3696 1066 3750 Mohametem
1092 3711 1275 3751 coram
1303 3698 1408 3751 Deo
1436 3700 1748 3760 constitisse
1771 3711 1824 3752 et
1856 3699 2076 3753 audisse

517 3803 639 3853 qua:
673 3787 887 3841 tandem
921 3803 1152 3853 cumque
1177 3790 1368 3849 audiit,
1401 3790 1594 3843 deinde
1628 3807 1817 3844 rursus
1848 3791 2078 3843 descen-

515 3881 658 3934 disse
687 3881 740 3932 in
771 3889 990 3933 terram.
1023 3880 1077 3932 2.
1132 3878 1413 3934 Daemones
1443 3883 1710 3935 salvatum
1756 3883 1843 3935 iri.
1880 3885 1912 3934 '5
1973 3881 2077 3933 Co-

520 3967 670 4020 rauis
715 3967 1214 4034 interpretationem
1285 3968 1490 4020 nullum
1549 3970 1821 4024 hominem
1854 3971 2077 4032 Callere,

517 4075 585 4112 ne
623 4060 796 4125 ipsum
833 4059 1050 4126 quidem
1079 4058 1457 4122 Multatttelem,
1489 4061 1580 4114 sed
1604 4063 1776 4114 solum
1819 4064 2004 4114 Deum.

590 4150 712 4203 Hec
747 4166 868 4204 eum
907 4150 1112 4203 faceret
1146 4159 1200 4205 et
1229 4151 1451 4204 doceret
1485 4155 1715 4208 miseros
1753 4162 1806 4207 et
1832 4153 2076 4206 inl‘eliccs

519 4244 812 4303 Barbaros,
839 4243 965 4296 licet
992 4243 1146 4297 rudis
1174 4252 1228 4296 et
1252 4246 1481 4309 agrestis
1518 4245 1703 4307 homo,
1742 4259 1928 4299 eorum
1961 4260 2076 4296 ma-

2182 3158 2355 3226 μῆνας
2395 3155 2472 3216 δ’,
2509 3157 2648 3208 εἰσὶν
2697 3156 2791 3222 ἔτη
2837 3154 2980 3218 ωνζ’.
3035 3157 3374 3208 Ἐϐασίλευσε
3418 3157 3472 3208 δὲ
3528 3157 3587 3208 τὸ
3630 3155 3738 3206 τῶν

2181 3249 2560 3315 Παλαιολόγων
2622 3249 2782 3314 γένος
2843 3250 2903 3299 ἔν
2962 3249 3086 3318 τῇδε
3139 3251 3202 3318 τῇ
3241 3249 3600 3316 βασιλευούσῃ
3629 3250 3736 3299 τῶν

2178 3440 2696 3484 mascnmetomnes
2726 3425 3022 3480 Phoenicim
3053 3428 3302 3496 regiones
3319 3427 3485 3493 cepit.
3512 3427 3567 3478 in
3595 3441 3730 3493 quas

2178 3524 2436 3577 translata
2461 3505 2608 3582 sede,
2630 3519 2929 3586 Egyptum
2965 3519 3276 3586 occuparit,
3307 3527 3470 3585 atque
3499 3518 3588 3570 hic
3618 3535 3735 3571 rur-

2181 3629 2274 3668 sus
2298 3614 2561 3668 collocato
2591 3611 2895 3671 domicilio,
2918 3594 3114 3662 Persas
3146 3609 3286 3673 bello
3321 3608 3548 3662 adortus
3570 3623 3734 3678 supe-

2179 3706 2338 3758 ravit.
2373 3704 2508 3757 Tum
2536 3702 2781 3756 Bostram
2809 3711 2861 3754 et
2883 3701 3017 3754 alias
3050 3701 3249 3753 multas
3273 3703 3435 3753 urbes
3463 3716 3735 3770 expugna-

2179 3796 2277 3858 vit,
2311 3809 2373 3846 ac
2403 3791 2667 3861 processit
2698 3805 2871 3859 usque
2910 3789 3234 3844 Gabatliam.
3270 3789 3395 3841 Inde
3418 3789 3469 3841 in
3496 3789 3734 3842 Palmsti-

2181 3901 2302 3938 nam
2346 3884 2643 3946 profectus,
2675 3894 2858 3937 sancta
2889 3881 3023 3934 urbe
3054 3899 3084 3935 e
3120 3882 3365 3946 pactione
3393 3883 3589 3946 potitus
3614 3892 3714 3932 est.

2183 3975 2255 4028 Ex
2288 3976 2378 4028 illo
2409 3975 2533 4027 inde
2563 3987 2808 4039 tempore
2854 3973 3253 4025 lsmaelitarnm
3326 3988 3458 4040 gens
3487 3975 3549 4025 ad
3579 3973 3720 4025 hunc

2181 4081 2354 4132 usque
2382 4066 2522 4119 diem
2572 4078 2676 4116 non
2719 4064 2953 4116 cessavit
2986 4062 3359 4115 Romanorum
3415 4073 3599 4115 terram
3630 4062 3712 4112 in-

2180 4169 2403 4208 cursare
2425 4163 2477 4207 et
2510 4153 2852 4220 depopulari,
2887 4153 3056 4204 donec
3079 4151 3294 4204 tandem
3330 4153 3475 4219 plane
3500 4149 3715 4202 sustulit

2183 4245 2465 4314 imperium
2515 4253 2568 4296 et
2611 4257 2834 4311 regnum
2870 4242 3089 4296 evertit.
3132 4240 3172 4294 F
3181 4243 3257 4295 uit
3289 4244 3452 4296 etiam
3475 4243 3606 4294 alius
3626 4242 3729 4292 mi-

517 4338 684 4405 gister
725 4336 902 4389 factus
938 4344 1043 4391 est.
1071 4346 1123 4388 et
1170 4336 1456 4404 probatum
1502 4336 1554 4387 in
1584 4337 1647 4388 iis
1684 4345 1766 4390 est
1795 4353 1808 4388 :
1851 4355 1868 4386 ‹
1893 4337 2078 4390 Οιιιοιιε
2110 4370 2156 4422 ι)
2184 4352 2287 4389 nor
2311 4335 2568 4390 Umarus.
2597 4334 2688 4398 qui
2735 4333 3040 4387 Saracenos
3066 4334 3314 4398 Cogebat.
3355 4345 3412 4385 ut
3439 4333 3734 4400 polluerent

517 4445 719 4482 ea-eum
779 4426 945 4486 ducit,
985 4440 1035 4480 et
1069 4435 1298 4491 uterque
1339 4427 1393 4479 in
1428 4426 1627 4479 fossam
1661 4427 1903 4480 incidit.)
1939 4429 2077 4481 Idem

520 4522 652 4571 :.l':as
676 4530 888 4573 centum
921 4520 1107 4572 decem
1157 4529 1209 4570 et
1241 4529 1350 4572 tres
1372 4517 1579 4572 fabulas
1597 4525 1922 4582 composuit.
1956 4521 2078 4586 qui-

522 4613 621 4663 bus
666 4612 895 4678 singulis
946 4609 1165 4662 nomina
1203 4609 1486 4674 inscripsit
1525 4608 1745 4662 inscitia
1795 4619 1845 4660 et
1879 4609 2085 4676 vanilo-

520 4701 739 4776 qttettlizt
764 4715 860 4754 sua
891 4698 1229 4760 dignissima,
1262 4713 1498 4764 quarum
1526 4695 1568 4748 si
1595 4697 1716 4760 quis
1737 4697 1867 4750 velit
1888 4698 2082 4749 sordes

521 4803 571 4841 et
597 4791 913 4844 manifestas
949 4806 1118 4857 nugas
1143 4803 1489 4848 enumerare,
1520 4789 1671 4842 labor
1700 4803 1795 4854 par
1818 4788 1893 4840 illi
1921 4788 2078 4853 foret,

521 4895 630 4947 quo
665 4896 726 4932 ex
758 4880 943 4944 Augire
973 4880 1204 4954 stabulis
1240 4888 1480 4930 stercora
1512 4878 1775 4940 egerenda
1803 4889 1978 4936 erant.
2003 4881 2080 4932 si-

523 4980 614 5023 cut
645 4982 725 5023 est
776 4972 830 5022 in
897 4970 1093 5022 fabulis
1129 4971 1194 5022 de
1229 4970 1477 5023 Hercule.
1526 4969 1700 5020 Gente
1757 4970 1922 5037 igitur
1947 4969 2084 5022 male

528 5064 660 5116 lalsa
689 5074 740 5114 ct
797 5063 896 5114 sibi
962 5062 1235 5128 subiecta,
1288 5061 1567 5130 legislator
1603 5060 1844 5128 ejusdem
1884 5061 2080 5124 factus,

523 5155 707 5222 copias
742 5153 970 5206 idoneas
1006 5153 1107 5205 sibi
1135 5151 1370 5220 paravit,
1400 5161 1452 5204 et
1484 5167 1696 5202 onmem
1732 5150 1942 5218 Syriam
1966 5168 2085 5218 pcr-

527 5247 722 5304 mctwit
756 5252 809 5296 et
837 5243 1199 5309 depOpulatus
1238 5253 1320 5295 est
1369 5239 1676 5306 multasque
1714 5241 2082 5294 Rntttanorum

527 5348 698 5391 terras
720 5335 952 5389 vastavit
971 5342 1023 5386 ct
1048 5332 1434 5401 pessumdedit.
1457 5333 1614 5393 Cum,
1639 5342 1808 5385 marte
1831 5335 2083 5393 instante,

527 5429 594 5482 ad
637 5437 842 5494 patrem
876 5441 1056 5487 suum,
1091 5433 1359 5482 satanam,
1392 5423 1722 5492 migraturus
1739 5435 1903 5484 esset,
1944 5425 2088 5476 Alm-

527 5519 804 5580 l'acarcm,
841 5515 1024 5568 fratris
1049 5513 1242 5575 tilium,
1265 5513 1316 5566 in
1346 5513 1521 5566 locum
1550 5530 1710 5567 suum
1739 5517 1916 5568 evexit
1943 5531 1956 5577 ;
1993 5516 2086 5584 qui

529 5620 817 5677 postquam
883 5621 1058 5658 annos
1096 5604 1234 5657 duos
1264 5612 1319 5657 et
1374 5604 1658 5658 dimidium
1699 5605 1921 5660 Ameras
1958 5604 2081 5669 fuit,

533 5710 779 5752 mortuus
834 5709 937 5752 est.
994 5696 1214 5764 Excepit
1270 5696 1555 5763 imperium
1621 5695 1871 5750 Usuarus.
1916 5695 1959 5746 Is
1992 5697 2089 5747 Da-

2179 4429 2542 4486 Christianos,
2579 4424 3004 4488 obedientesqne
3041 4424 3301 4475 voluntati
3329 4439 3439 4476 sua:
3467 4423 3734 4474 immunes

2183 4530 2304 4567 esse
2343 4514 2578 4566 volebat.
2625 4511 2852 4578 Scripsit
2910 4511 3051 4565 idem
3090 4512 3402 4579 imperatori
3433 4509 3601 4562 Leoni
3627 4513 3737 4561 Ar-
3784 4503 3792 4526 ί

2183 4606 2382 4666 menio,
2407 4603 2623 4672 quando
2665 4603 2945 4657 obsessam
3009 4604 3198 4656 urbem
3253 4603 3620 4671 oppugnabat,
3675 4602 3738 4652 de

2183 4696 2469 4764 pollucndo
2501 4696 2640 4762 ipso,
2674 4706 2836 4762 atque
2861 4695 3054 4757 edixit,
3088 4707 3146 4749 ut
3179 4695 3393 4749 obsidio
3418 4697 3737 4756 solveretur,

2184 4803 2252 4840 nc
2288 4786 2584 4839 Christiani
2612 4801 2706 4853 per
2745 4785 2950 4840 Turcas
3006 4795 3272 4854 martyres
3305 4786 3518 4839 tierent.
3555 4783 3737 4836 Nomi-

2184 4891 2383 4934 uanlur
2417 4881 2610 4949 triplici
2636 4881 2874 4942 nomine,
2921 4879 3198 4946 Saraceni,
3269 4879 3572 4944 lsmaelitze,
3603 4880 3742 4944 Aga-

2185 4975 2321 5036 reni,
2379 4982 2433 5026 et
2489 4973 2743 5026 Saraceni
2805 4971 3050 5040 quidem,
3109 4973 3254 5040 quod
3312 4972 3448 5026 Sara
3504 4974 3642 5039 Agar
3687 4978 3741 5021 et

2187 5066 2464 5118 lsn'taelem
2509 5063 2835 5118 ltaareditatis
2877 5073 3125 5131 expertes
3165 5064 3410 5126 dimisit,
3456 5065 3738 5118 lsmaelitze

2186 5167 2388 5221 autem,
2419 5167 2475 5209 ιιι
2507 5155 2985 5223 lsmaelisposteri,
3010 5156 3241 5224 Agareni
3270 5157 3503 5223 denique
3531 5163 3739 5222 propter

2187 5249 2362 5315 Agar,
2403 5256 2630 5299 matrem
2688 5244 2886 5313 gentis.

2269 5338 2372 5390 Sed
2409 5339 2694 5390 redeamus
2744 5339 2852 5406 jam
2881 5337 2945 5390 ad
2980 5335 3342 5403 propositum.
3373 5334 3453 5384 Ali
3491 5331 3736 5385 Heraclio

2192 5443 2386 5495 magno
2417 5439 2470 5481 et
2497 5427 2798 5482 Mohamete
2838 5426 3314 5495 pseudopmplteta
3345 5439 3518 5492 usque
3548 5424 3612 5475 ad
3640 5422 3743 5473 int-

2195 5521 2400 5587 perium
2425 5517 2770 5573 Constantini
2817 5518 3128 5587 Palaaologi,
3161 5518 3508 5584 imperatoris
3539 5531 3566 5568 e
3592 5524 3744 5581 gente

2195 5606 2613 5674 Palmologorum
2651 5606 2851 5666 octavi,
2887 5606 2979 5664 qui
3003 5621 3176 5658 annos
3194 5614 3424 5672 quatuor
3457 5614 3509 5656 et
3536 5616 3742 5654 menses

2197 5709 2428 5760 quatuor
2466 5698 2754 5754 imperavit
2811 5697 2937 5749 anui
2965 5697 3064 5750 857
3111 5701 3483 5750 numerantur.
3517 5692 3744 5760 Impera-
