4066 6296
512 281 618 345 895

524 405 737 483 gnava!
780 403 1056 475 βασιλεῖς,
1093 408 1185 461 τὸν
1231 411 1578 480 πατριάρχην
1624 411 2084 479 προσεκαλέσατο,
2115 407 2165 465 Δ

526 496 616 548 ῐνα
666 498 975 569 συγκαθίσῃ
1022 502 1143 568 μετ’
1170 501 1333 553 αὐτοῦ
1370 504 1461 556 τοῦ
1518 506 1812 571 ἀριστῆσαι
1847 506 1941 556 καὶ
1968 507 2091 572 ὀμι-

524 588 711 657 λῆσαι.
748 592 857 642 Καὶ
899 591 1145 655 ἐλθόντος
1179 594 1274 645 τοῦ
1301 596 1643 664 πατριάρχου
1668 597 1889 661 ἐδέξατο
1924 597 2089 669 αὐτὸν

530 681 558 731 ὀ
588 679 853 747 τυράννος
893 683 1033 749 μετὰ
1094 685 1336 754 μεγάλης
1383 688 1549 755 τιμῆς
1578 702 1592 717 ο
1624 693 1717 740 καὶ
1768 687 1936 739 πολλά
1963 690 2088 753 ὀμι-

457 822 479 845 ο
530 769 795 836 λήσαντες
828 770 1137 838 ἀναμεταξὺ
1165 815 1178 836 ,
1233 776 1326 825 καὶ
1374 777 1710 840 ἐπαγγελίας
1743 779 2087 845 ἀμετρήτους

531 859 904 925 ἐπηγγείλατο
934 862 1120 916 δοῦναι
1154 865 1229 933 τῷ
1263 869 1602 937 πατριάρχῃ.
1646 869 1734 929 Ὠς
1766 869 1823 921 δὲ
1857 871 2089 938 ἤγγικεν

524 950 553 1000 ὁ
583 950 770 1017 καιρὸς
820 952 912 1004 τοῦ
944 953 1182 1018 ἐξελθεῖν
1228 956 1318 1007 τὸν
1375 960 1723 1027 πατριάρχην
1767 961 1829 1011 ὲκ
1863 960 1957 1012 τοῦ
1989 977 2092 1014 πα-

525 1039 711 1099 λατίου
740 1082 755 1107 ,
794 1044 1039 1097 ἐκϐαλὼν
1105 1047 1132 1097 ὀ
1181 1048 1401 1115 ἀμηρᾶς
1455 1051 1686 1103 δέδωκεν
1739 1052 1888 1121 αὑτῷ
1918 1052 2091 1121 δῶρον

527 1131 589 1183 τὸ
618 1133 923 1202 πολύτιμον
957 1138 1137 1190 ἐκεῖνο
1177 1140 1509 1204 δεκανίκιον,
1552 1144 1647 1200 καὶ
1684 1145 2089 1213 ὲπαρεκάλεσεν

525 1224 691 1277 αὐτὸν
728 1227 980 1294 δεχθῆναι
1017 1231 1197 1285 τοῦτο.
1252 1233 1362 1284 Καὶ
1409 1234 1646 1300 κατῆλθε
1681 1236 1818 1301 μετά
1850 1237 1943 1289 τοῦ
1987 1255 2093 1290 πα-

524 1315 795 1383 τριάρχου
827 1318 930 1380 ἕως
977 1320 1224 1373 κάτωθεν
1258 1324 1355 1389 τῆς
1388 1324 1579 1392 αὐλῆς.
1616 1327 1858 1390 θέλοντος
1892 1331 1984 1382 καὶ
2014 1333 2089 1398 μὴ

528 1405 773 1468 θέλοντος
819 1408 914 1460 τοῦ
950 1414 1287 1482 πατριάρχου
1313 1455 1327 1477 ,
1371 1418 1463 1466 καὶ
1503 1417 1593 1470 τὸν
1626 1417 1791 1469 ἵππον
1836 1420 2093 1487 εὐτρεπι-

528 1498 725 1563 σμένον
761 1499 898 1568 ἔχων
941 1488 1264 1556 ἀνεϐίϐασεν
1295 1505 1454 1576 307
1487 1508 1670 1572 αὐτὸν,
1700 1511 1792 1562 καὶ
1819 1513 2089 1575 προσέτα-

528 1589 619 1651 ξεν
674 1593 761 1643 ἶνα
815 1593 1013 1656 πάντες
1042 1596 1090 1646 oi
1124 1595 1382 1664 ἄρχοντες
1406 1600 1507 1665 τῆς
1544 1601 1713 1666 αὐλῆς
1748 1603 1913 1655 αὑτοῦ
1942 1605 2093 1667 ἐξέλ-

529 1681 696 1732 θωσιν
724 1685 803 1742 είς
834 1684 1079 1739 συνοδίαν
1122 1687 1199 1755 τῷ
1232 1692 1565 1761 πατριάρχῃ,
1622 1696 1717 1746 καὶ
1762 1694 1936 1757 οὕτως
1963 1696 2088 1765 ἄχρι

526 1773 619 1823 τοῦ
662 1776 861 1826 σεπτοῦ
917 1777 1274 1831 ἀποστολείου
1333 1784 1682 1836 συνώδευσαν
1711 1786 1894 1849 αὐτὸν,
1924 1788 2086 1840 τινῶν

529 1867 1021 1932 προπορευομένων
1065 1871 1159 1921 καὶ
1189 1872 1348 1925 τινῶν
1398 1874 1684 1941 ἑπομένων
1730 1876 1897 1945 αὐτῷ.
1946 1879 2090 1931 Αὐτὸ

529 1955 639 2021 γὰρ
671 1955 730 2006 τὸ
760 1956 869 2006 τῶν
898 1958 1214 2013 ἀποστόλων
1256 1962 1482 2031 τέμενος
1531 1964 1765 2019 δέδωκεν
1790 1969 1819 2019 ὀ
1862 1969 2088 2037 ἀμηρᾶς

532 2044 615 2103 είς
652 2049 1066 2115 πατριαρχεϊον.
1102 2050 1206 2102 Τὸν
1245 2051 1303 2103 δὲ
1332 2053 1637 2122 περικαλλῆ
1672 2057 1766 2108 καὶ
1792 2056 1934 2110 θεῖον
1965 2058 2092 2111 ναὸν

529 2133 625 2202 τῆς
646 2134 781 2188 Θεοῦ
801 2137 1018 2205 Σοφίας,
1039 2141 1099 2191 τὸ
1124 2143 1446 2211 περιϐόητον
1473 2146 1783 2214 κειμήλιον,
1808 2148 1898 2199 τὸν
1926 2148 2092 2217 οὐρα-

533 2222 624 2275 νὸν
656 2225 749 2277 τὸν
786 2228 1031 2295 ἐπίγειον
1068 2231 1164 2284 καὶ
1208 2232 1268 2283 τὸ
1304 2232 1449 2296 ξένον
1482 2235 1753 2304 ἄκουσμα,
1784 2238 2039 2305 ἐποίησεν
2066 2239 2095 2289 ὀ

530 2314 809 2385 ἀλιτήριος
842 2322 923 2380 είς
970 2320 1101 2374 ίδιον
1151 2322 1317 2374 αὑτοῦ
1380 2327 1767 2395 προσκύνημα.
1811 2330 1871 2379 '0
1926 2328 1984 2380 δὲ
2034 2331 2092 2381 ὲν

530 2405 864 2474 Βλαχέρναις
920 2408 1339 2481 θαυματουργὸς
1397 2415 1521 2478 ναὸς
1559 2418 1975 2487 πυρπολημένος
2002 2415 2091 2491 ἦν,

528 2494 607 2556 ὡς
646 2498 992 2567 προεγράφη.
1031 2501 1272 2572 Ποιήσας
1329 2505 1357 2556 ὀ
1399 2508 1750 2576 πατριάρχης
1773 2511 1832 2561 ἐν
1857 2509 1935 2578 τῷ
1966 2526 2099 2563 σεπ-

534 2583 611 2653 τῷ
640 2586 975 2660 ἀποστολείῳ
1019 2594 1213 2662 καιρὸν
1257 2595 1459 2663 ὀλίγον,
1511 2599 1701 2652 ἔπειτα
1744 2601 1970 2669 θεωρῶν
2014 2602 2097 2655 ὅτι

502 2680 588 2737 ,ὲν
622 2682 850 2746 ἐκείνοις
902 2686 1015 2747 τοῖς
1059 2689 1251 2755 μέρεσι
1286 2691 1383 2756 τῆς
1416 2690 1647 2754 ξπόλεως
1692 2692 1868 2755 οὐδεὶς
1912 2693 2099 2748 ταλαί-

490 2824 493 2826 ,
532 2785 716 2838 πωρος
745 2771 1071 2839 Χριστιανὸς
1113 2778 1465 2846 ὲναπέμεινε,
1506 2784 1601 2834 καὶ
1634 2781 1895 2851 φοϐηθεὶς
1931 2785 2005 2853 μή
2042 2801 2095 2836 τι

529 2862 772 2931 ἐναντίον
807 2865 987 2934 συμϐῇ
1021 2868 1167 2933 αὑτῷ
1195 2869 1285 2920 διὰ
1313 2871 1411 2939 τὴν
1444 2872 1702 2941 ἐρημίαν,
1736 2874 1872 2927 διότι
1905 2877 1965 2927 ὲν
1993 2878 2093 2946 μιᾷ

531 2952 639 3002 τῶν
664 2953 888 3020 ἡμερῶν
917 2956 1115 3025 εὑρέθη
1159 2976 1241 3021 τις
1272 2959 1572 3030 ’Λγαρηνὸς
1609 2966 2009 3034 πεφονευμένος
2038 2952 2099 3020 ἵν

531 3040 606 3111 τῷ
633 3043 726 3093 τοῦ
757 3046 879 3097 ναοῦ
910 3049 1259 3119 περιαυλείῳ.
1294 3054 1393 3104 καὶ
1430 3054 1519 3106 διὰ
1552 3054 1757 3117 ταύτας
1783 3059 1882 3119 τὰς
1914 3058 2098 3120 αἰτίας
2123 3092 2169 3155 C

535 3136 553 3155 Χ
611 3151 715 3155 __-_
734 3153 743 3155 _
759 3153 767 3155 _
787 3134 809 3155 !_
827 3153 839 3155 _
886 3154 909 3155 η
944 3154 949 3155 ,
1002 3138 1029 3155 Π
1250 3140 1261 3155 1
1468 3144 1479 3155 ι
1605 3147 1631 3155 ρ..
1715 3150 1757 3155 ._
2050 3150 2061 3155 -

531 3136 559 3184 ὀ
607 3134 952 3206 πατριάρχης
998 3138 1165 3208 ᾔτησε
1211 3140 1309 3210 τὴν
1359 3144 1529 3213 μονὴν
1570 3147 1671 3213 τῆς
1715 3150 2091 3219 Παμμακαρί-

534 3332 642 3375 res,
684 3316 1081 3385 patriarcham,
1119 3328 1178 3373 ut
1202 3336 1385 3376 secum
1427 3326 1717 3392 pranderet
1746 3338 1800 3382 et
1824 3331 2101 3400 colloque-

537 3414 709 3472 retur,
731 3406 998 3462 invitavit.
1032 3409 1345 3465 Venientem
1383 3422 1647 3481 tyrannus
1676 3432 1873 3487 magno
1896 3420 2102 3476 honore

534 3500 769 3567 excepit,
813 3510 865 3553 ct
897 3502 1066 3555 multa
1102 3519 1228 3556 cum
1286 3519 1351 3557 eo
1406 3507 1736 3569 collocutus.
1808 3511 2017 3566 inﬁnita
2047 3514 2099 3568 ei

537 3593 802 3654 promissa
837 3592 981 3646 fecit.
1020 3594 1119 3648 Ubi
1150 3605 1364 3664 tempus
1396 3598 1706 3653 discedendi
1729 3600 1905 3662 affuit.
1935 3606 2101 3659 Ame-

538 3695 627 3732 ras
660 3683 903 3749 porrexit
935 3685 1257 3751 patriarchae
1287 3687 1585 3753 pretiosum
1636 3689 1765 3743 illud
1798 3691 2017 3759 pedum,
2040 3703 2098 3748 et

535 3787 660 3824 eum
694 3774 1011 3829 cohortatus
1040 3785 1146 3839 est,
1200 3790 1256 3829 ιιι
1290 3778 1341 3830 id
1373 3780 1668 3847 acciperet,
1714 3782 2103 3852 descenditque

538 3876 662 3935 cum
710 3864 1038 3929 patriarcha,
1082 3869 1434 3933 quantumvis
1473 3880 1784 3936 recusante,
1827 3875 1893 3935 ad
1920 3884 2101 3931 extre-

540 3967 688 4005 mum
749 3969 921 4022 usque
950 3958 1233 4023 palatium,
1286 3959 1341 4013 in
1381 3975 1581 4029 equum
1630 3963 1738 4017 rite
1776 3965 2100 4022 decoratum

539 4043 838 4097 ascendere
865 4061 986 4099 eum
1005 4047 1187 4116 jussit.
1208 4058 1372 4118 atque
1396 4053 1583 4117 edixit,
1609 4063 1669 4108 ut
1695 4057 1878 4111 cuncti
1908 4058 2095 4126 palatii

539 4149 792 4201 proceres
814 4139 1066 4192 eumdem
1100 4126 1521 4199 cemitareutur.
1552 4145 1742 4213 Itaque
1767 4162 1892 4202 eum
1931 4165 2103 4219 usque

539 4224 606 4277 ad
630 4227 996 4281 venerandum
1021 4229 1407 4298 Apostolorum
1440 4234 1723 4301 templum,
1747 4241 1942 4305 partim
1965 4254 2102 4307 pra:-

537 4317 811 4380 cedentes,
844 4319 1034 4386 partim
1060 4320 1473 4389 Subsequentes,
1492 4325 1853 4382 deduxerunt.
1875 4330 1931 4383 ld
1953 4332 2099 4385 enim

1765 291 2088 352 GEORGII
2129 289 2555 359 I’HRANTZ.E

3697 294 3833 355 895

2194 423 2342 459 στου.
2381 408 2489 459 Καὶ
2519 406 2769 476 ἐδωρήθη
2811 406 2962 475 αὐτῷ
2994 408 3089 461 τοῦ
3136 402 3275 463 εἷναι
3302 409 3389 473 εἰς
3418 410 3822 477 κατοίκησιν

2198 500 2257 551 ὲν
2315 500 2544 563 ἐκείνοις
2591 500 2699 570 γὰρ
2754 502 2867 563 τοῖς
2916 502 3145 571 μέρεσιν
3200 502 3585 573 ὲναπέμεινάν
3628 520 3818 566 τινες

2198 592 2369 659 ὀλίγοι
2416 593 2757 661 Χριστιανοί.
2810 593 2922 657 Τὰς
2964 594 3022 646 δὲ
3078 594 3244 659 οὔσας
3292 595 3544 665 μοναχάς
3601 596 3672 648 ὲν
3735 600 3813 664 τῇ

2202 681 2666 751 Παμμακαρίστῳ
2722 683 3051 751 προσέταξεν
3108 684 3365 738 ἀπελθεῖν
3416 687 3475 738 ὲν
3516 687 3593 756 τῇ
3642 689 3817 754 μονῇ

2199 770 2292 825 τοῦ
2342 774 2498 840 ἁγίου
2546 775 2825 844 προφήτου
2885 776 3193 844 προδρόμου
3254 776 3505 829 Ἰωάννου
3573 774 3686 828 τοῦ
3750 777 3815 827 ἰν

2198 864 2275 933 τῷ
2305 864 2584 935 Τρούλλῳ,
2630 866 2767 918 ὅπου
2804 866 2897 919 ἐπὶ
2933 867 3033 936 τῆς
3065 867 3339 935 βασιλείας
3382 865 3810 919 Ἰουστινιανοῦ

2199 954 2293 1008 τοῦ
2329 954 2683 1024 Ῥινοτμήτου
2705 958 2738 1026 ή
2768 956 3041 1027 πενθέκτη
3069 958 3198 1026 ἁγία
3223 959 3443 1020 σύνοδος
3473 959 3665 1024 συνηΘ
3678 962 3811 1027 ροι-

2201 1048 2327 1117 σθη.
2370 1048 2641 1101 Παλάτιον
2670 1047 2781 1117 γὰρ
2810 1048 2969 1101 τοῦτο
2992 1048 3286 1117 περιφανὲς
3317 1051 3395 1119 τῷ
3417 1050 3542 1103 τότε
3571 1050 3790 1116 καιρῷ

2201 1141 2451 1210 ὑπῆρχεν
2503 1141 2621 1191 ἐκεῖ
2647 1139 2813 1209 ἐγγὺς
2842 1136 2946 1206 τῆς
2998 1140 3471 1210 Παμμακαρίστου
3518 1141 3686 1193 κατὰ
3731 1141 3804 1191 τὸ

2200 1228 2411 1299 βόρειον
2436 1229 2624 1298 μέρος.

2270 1320 2434 1389 308
2463 1319 2632 1382 Οὗτος
2681 1315 2775 1373 οὖν
2820 1323 2847 1373 ὁ
2898 1320 3224 1390 παμμίαρος
3264 1320 3360 1373 καὶ
3386 1321 3631 1390 φθορεὺς
3666 1320 3800 1371 τῶν

2199 1410 2541 1480 Χριστιανῶν
2594 1412 2831 1478 πονηρὸς
2887 1410 2963 1464 ὢν
3010 1412 3102 1464 καὶ
3164 1410 3497 1479 πολύτροπος
3556 1412 3663 1462 καὶ
3720 1414 3799 1479 τῇ

2199 1503 2443 1559 ἀλώπεκι
2476 1505 2901 1575 ὑποκρινόμενος
2948 1503 3119 1557 ταῦτα
3168 1504 3267 1572 οὐχ
3302 1504 3440 1573 ὑπὲρ
3474 1504 3794 1563 εὐλαϐείας

2199 1597 2234 1665 ἣ
2272 1596 2672 1662 καλοκαγαθίας
2698 1593 2862 1646 αὑτοῦ
2900 1594 3099 1658 ἐποίει,
3143 1593 3257 1646 ἀλλ’
3294 1593 3381 1645 ἵνα
3411 1594 3460 1643 oi
3500 1592 3796 1661 Χριστια-

2199 1689 2285 1739 vol.
2317 1686 2591 1739 ἀκούσωσι
2623 1686 2720 1744 τὰς
2755 1686 3089 1752 ἐπαγγελίας
3134 1682 3481 1753 συναχθῶσίν
3510 1700 3575 1735 τε
3614 1685 3678 1735 ὲν
3714 1686 3788 1750 τῇ
3814 1682 3829 1687 ”

2193 1778 2345 1830 πόλει
2403 1779 2500 1829 καὶ
2548 1778 2953 1846 κατοικήσωσιν
2982 1760 3152 1845 αὐτήν
3179 1791 3192 1805 ο
3226 1775 3259 1844 ἢ
3295 1776 3359 1826 ὲκ
3390 1774 3487 1826 τοῦ
3521 1772 3795 1842 καθημε-

2194 1869 2341 1939 ρινοῦ
2367 1868 2605 1937 πολέμου
2647 1866 2944 1936 ἠρημώθη,
2974 1867 3067 1918 καὶ
3097 1866 3333 1934 μάλιστα
3366 1867 3423 1916 ὲν
3444 1867 3512 1935 τῇ
3542 1864 3784 1918 ἁλώσει.

2193 1962 2303 2013 Καὶ
2328 1960 2500 2020 οὕτως
2531 1958 2765 2026 ἐγένετο,
2821 1957 2915 2011 καί
2952 1974 3100 2019 τινες
3128 1958 3449 2027 Χριστιανοὶ
3488 1957 3776 2025 συνήχθη-

2194 2067 2318 2105 σαν.
2353 2049 2486 2103 Μετ’
2516 2050 2697 2117 ὀλίγον
2744 2049 2803 2102 δὲ
2845 2049 2940 2101 καί
2966 2065 3117 2110 τινας
3146 2048 3408 2110 ἀποίκους
3441 2048 3765 2111 είσήνεγκε,

2191 2140 2311 2193 κατ’
2343 2139 2558 2209 εκείνην
2608 2139 2708 2208 τὴν
2752 2138 3028 2191 διάλεκτον
3087 2138 3416 2203 λεγομένους
3482 2136 3769 2203 σουργοὺ-

2193 2233 2355 2294 νιδες,
2389 2232 2449 2283 ἔκ
2487 2249 2547 2282 τε
2573 2231 2668 2283 τοῦ
2699 2232 2861 2297 Καφᾶ
2907 2229 3319 2299 Τραπεζοῦντος
3353 2229 3449 2282 καὶ
3484 2229 3775 2280 Σινωπίου

2196 2325 2291 2376 καὶ
2338 2323 2781 2391 Ἀσπροκάστρου
2808 2338 2822 2352 ⁸
2872 2326 2965 2375 καὶ
3007 2322 3177 2384 οὕτως
3226 2321 3323 2389 τὴν
3357 2321 3513 2373 πόλιν
3542 2318 3764 2389 ἑκατῴ-

2196 2433 2358 2484 κησε.
2390 2417 2599 2467 Ἔδωκε
2657 2415 2714 2466 δὲ
2758 2417 2855 2466 καὶ
2901 2416 3295 2484 προστάγματα
3349 2413 3647 2483 ἐγγράφως
3679 2412 3765 2479 τῷ

2198 2507 2519 2575 πατριάρχῃ
2572 2505 2693 2574 μετ’
2723 2505 2972 2568 ἔξουσίας
3006 2505 3293 2573 βασιλικῆς
3330 2504 3772 2571 ὑπογεγραμμέ-

2198 2613 2295 2664 νης
2340 2595 2587 2647 κάτωθεν
2624 2596 2709 2647 ἵνα
2746 2596 2937 2663 μηδεὶς
2969 2595 3132 2646 αὑτὸν
3165 2594 3431 2662 ὲνοχλήσῃ
3465 2594 3498 2662 ἢ
3532 2590 3771 2645 ἀντιτεί-

2200 2702 2290 2759 vn,
2318 2687 2453 2740 ἀλλὰ
2490 2683 2628 2739 εἶναι
2669 2686 2832 2740 αὑτὸν
2878 2686 3170 2755 ἀναίτητον
3210 2687 3305 2736 καὶ
3353 2684 3767 2752 ἀφορολόγητον

2199 2778 2295 2830 καὶ
2329 2777 2670 2830 ἀδιάσειστόν
2696 2794 2755 2830 τε
2790 2776 2896 2828 ἀπὸ
2924 2776 3123 2837 παντὸς
3157 2775 3422 2833 ἐναντίου,
3456 2774 3550 2826 καὶ
3577 2772 3768 2832 τέλους

2202 2869 2291 2921 καὶ
2339 2868 2555 2928 δώσεως
2608 2867 2893 2937 ἐλεύθερος
2943 2868 3139 2936 ἐσηται
3188 2866 3352 2927 αὐτὸς
3401 2864 3499 2916 καὶ
3546 2865 3595 2915 οἱ
3647 2863 3765 2931 μετ’

2201 2962 2362 3015 αὐτὸν
2393 2963 2723 3032 πατριάρχαι
2757 2964 2834 3024 είς
2858 2963 2949 3015 τὸν
2979 2963 3170 3024 αίῶνα,
3199 2961 3398 3030 ὁμοίως
3422 2958 3519 3010 καὶ
3548 2957 3759 3016 πάντες

2200 3053 2250 3106 οἱ
2295 3053 2729 3121 ὑποτεταγμένοι
2780 3051 2931 3121 αὑτῷ
2978 3052 3272 3121 ἀρχιερεῖς.

2203 3320 2428 3391 regione
2465 3318 2623 3387 pauci
2654 3318 2822 3386 aliqui
2878 3318 3179 3374 Christiani
3218 3326 3616 3373 remanserant.
3646 3316 3759 3370 Mo-

2202 3414 2404 3466 nachas
2438 3412 2557 3481 ejus
2593 3412 2775 3479 templi
2807 3412 2861 3464 in
2887 3412 3278 3464 monasterium
3299 3410 3473 3463 sancti
3494 3410 3759 3479 propheta:

2200 3511 2255 3557 et
2285 3502 2641 3569 praecursoris
2674 3500 2920 3562 Joannis,
2957 3500 3100 3569 quod
3136 3500 3187 3553 in
3212 3498 3400 3553 Trullo
3423 3508 3529 3563 est,
3570 3513 3755 3550 conce-

2202 3593 2536 3661 derejussit,
2593 3591 2683 3645 ubi
2711 3590 3023 3645 Justiniano
3052 3591 3404 3645 Rhinotmeto
3453 3591 3745 3653 imperante
3834 3610 3845 3619 -

2202 3694 2389 3739 sancta
2438 3683 2681 3753 synodus
2732 3682 3041 3751 quinisexta
3099 3682 3281 3735 habita
3344 3688 3447 3734 est.
3501 3680 3751 3733 Palatium

2202 3776 2347 3830 enim
2402 3776 2503 3828 hoc
2553 3775 2765 3828 illustre
2827 3768 2955 3829 tum‘
2992 3784 3148 3841 erat,
3212 3789 3380 3843 prope
3442 3772 3750 3826 beatissime

2202 3865 2442 3936 Virginis
2472 3868 2731 3935 templum
2767 3866 3192 3934 septentrionem
3224 3881 3410 3919 versus
3437 3865 3621 3918 situm.

2272 3958 2381 4012 ISIe
2409 3958 2573 4025 igitur
2620 3956 3044 4011 scelestissimus
3098 3957 3280 4019 homo,
3331 3954 3738 4008 Christianorum

2205 4048 2346 4101 mala
2380 4049 2562 4116 pestis,
2620 4056 2889 4100 veterator
2954 4045 3233 4113 etvulpes,
3289 4060 3395 4096 non
3448 4044 3626 4111 pietate
3653 4048 3735 4091 aut

2204 4139 2575 4193 benevolentia
2603 4146 2927 4203 commotus,
2953 4138 3082 4191 illud
3111 4137 3258 4197 fecit,
3280 4136 3373 4189 sed
3410 4131 3734 4188 utCliristiani

2205 4234 2489 4304 promissis
2532 4234 2648 4286 suis
2679 4232 2899 4291 auditis.
2935 4232 2986 4283 in
3013 4232 3201 4282 urbem
3236 4229 3575 4281 conﬂuerent
3607 4240 3741 4277 eam-

2204 4343 2311 4392 que
2360 4324 2705 4378 habitarent:
2742 4337 2862 4391 quae
2897 4331 3117 4389 propter
3146 4321 3499 4389 quotidianas
3558 4332 3745 4386 pugnas

539 4408 800 4475 templum
833 4419 889 4463 ut
920 4411 1294 4479 patriarcbalis
1312 4414 1469 4468 sedes
1498 4424 1643 4470 esset
1687 4432 1905 4474 ameras
1937 4420 2105 4475 dona-
2137 4432 2177 4481 ι)
2207 4419 2327 4487 ejus
2352 4416 2625 4485 praecipue
2645 4412 2929 4479 temporis,
2952 4427 3062 4479 quo
3088 4422 3241 4479 capta
3262 4421 3365 4477 est,
3397 4413 3605 4464 deserta
3624 4417 3745 4462 erat.

537 4507 710 4552 verat.
736 4497 1167 4554 Pulcherrimum
1189 4512 1371 4557 autem
1392 4512 1445 4558 et
1461 4504 1703 4559 divinum
1724 4510 1981 4575 templum
2002 4509 2105 4563 Sa-

540 4592 757 4659 pientia
791 4593 905 4653 Dei.
936 4593 1209 4647 cimelium
1242 4594 1683 4671 celeberrimum,
1706 4599 1904 4653 cmlum
1936 4609 2106 4655 terre-

535 4690 647 4734 strc
673 4690 726 4732 ct
751 4691 1130 4737 ornamentum
1150 4685 1471 4751 inauditum,
1494 4689 1877 4745 scelestusiste
1912 4694 1967 4745 in
1991 4709 2105 4748 sua!

541 4774 953 4839 superstitionis
1005 4791 1162 4828 usum
1210 4779 1504 4831 convertit.
1559 4778 1824 4834 Mirabilis
1868 4797 1998 4836 vero
2048 4785 2100 4836 iu

539 4862 853 4918 Blachernis
881 4868 1021 4920 aedes
1054 4868 1306 4921 incendio
1331 4869 1632 4931 interierat,
1674 4882 1732 4925 ut
1766 4888 1931 4939 supra
1968 4890 2095 4926 nar-

540 4954 805 5009 ravimus.
856 4954 1240 5012 Commoratus
1279 4959 1678 5028 aliquantisper
1703 4963 1754 5014 in
1787 4964 2098 5016 venerando

543 5045 921 5109 Apostolorum
959 5049 1176 5114 templo,
1205 5064 1327 5103 cum
1364 5052 1415 5103 in
1450 5066 1511 5103 ea
1544 5052 1761 5119 regione
1783 5052 1851 5105 de
1879 5053 2098 5107 miseris

538 5135 871 5190 Christianis
904 5144 1174 5192 neminem
1208 5154 1434 5194 manere
1474 5141 1725 5205 vidisset,
1753 5142 2097 5208 timeretque,

540 5243 612 5281 ne
643 5228 771 5296 quid
804 5229 929 5281 mali
974 5230 1078 5282 sibi
1125 5231 1397 5283 accideret
1450 5239 1670 5299 propter
1721 5231 2098 5298 solitudinem,

537 5321 798 5386 quoniam
860 5321 1156 5389 aliquando
1210 5322 1492 5389 Agarenus
1528 5320 1583 5373 iu
1618 5320 1885 5374 vestibulo
1917 5324 2099 5390 templi

547 5413 803 5467 i.;veutus
832 5424 947 5467 erat
979 5413 1221 5476 occisus,
1275 5412 1606 5466 beatissima).
1628 5398 1871 5481 Virginis
1904 5430 2097 5468 mona-

542 5503 766 5558 sterium
792 5516 892 5571 pro
914 5498 1189 5555 domicilio
1224 5499 1415 5569 petivit
1433 5508 1486 5553 et
1515 5497 1767 5554 obtinuit.
1796 5500 1853 5554 ln
1875 5514 1937 5554 ea
1960 5501 2101 5554 enim

2209 4512 2284 4562 Ac
2307 4522 2493 4561 revera
2514 4505 2759 4559 nonnulli
2777 4503 3071 4557 Christiani
3096 4502 3407 4570 congregati
3433 4510 3580 4554 sunt.
3610 4500 3742 4552 Brevi

2206 4601 2457 4656 colonus.
2510 4611 2647 4662 quos
2684 4594 2876 4647 Turcte
2916 4610 3016 4648 sua
3065 4594 3250 4660 lingua
3311 4592 3634 4660 surgunides
3665 4606 3745 4656 ap-

2207 4692 2429 4759 pellant,
2462 4686 2668 4755 Capha,
2691 4685 3054 4753 Trapezunte,
3083 4684 3283 4750 Sinope
3319 4692 3371 4735 et
3404 4683 3743 4749 Asprocastro

2207 4785 2396 4836 eodem
2447 4778 2693 4839 deduxit,
2753 4787 2917 4845 atque
2969 4777 3040 4828 ita
3093 4776 3284 4828 urbem
3322 4774 3537 4827 civibus
3586 4773 3741 4824 denuo

2206 4873 2467 4940 implevit.
2491 4872 2631 4924 Idem
2662 4881 2770 4937 pati
2787 4868 2986 4921 iarebte
3009 4867 3219 4920 litteras
3240 4880 3364 4919 cum
3396 4865 3555 4932 regiae
3574 4871 3740 4915 aucto.

2202 4963 2378 5017 ritatis
2403 4960 2811 5027 subscriptione
2836 4957 3012 5020 dedit,
3037 4969 3095 5010 ut
3129 4972 3194 5008 ne
3216 4966 3510 5008 vexaretur
3540 4963 3626 5005 aut
3652 4952 3737 5004 im-

2203 5063 2531 5126 pugnarctur
2558 5068 2586 5105 a
2618 5066 2913 5120 quoquam,
2932 5050 3023 5104 sed
3054 5049 3192 5103 liber
3211 5060 3263 5100 et
3286 5060 3515 5099 securus
3533 5052 3665 5097 esset
3682 5042 3740 5095 ab

2204 5147 2350 5201 omni
2383 5144 2625 5204 inimico.
2654 5157 2788 5195 neve
2816 5140 3115 5209 quidquam
3166 5136 3351 5191 tributi
3381 5144 3474 5187 aut
3529 5132 3737 5199 vectiga.

2202 5238 2337 5291 lium
2376 5235 2653 5304 penderet,
2686 5242 2799 5285 tum
2842 5232 2976 5300 ipse,
3017 5240 3127 5282 tum
3150 5243 3340 5281 omnes
3374 5226 3426 5278 in
3453 5231 3736 5292 perpetuum

2207 5337 2496 5395 sequentes
2564 5324 2884 5393 patriarcha:
2955 5319 3249 5388 cunctique
3306 5316 3483 5371 eidem
3536 5312 3733 5383 subjecti

2213 5419 2477 5488 episcopi.
