4066 6296
546 343 651 404 8'l9

1730 329 2049 389 GEORGII
2098 326 2526 388 PlIRANTZ/E

3693 320 3771 379 νο
3783 325 3806 378 'J

547 462 604 510 ἐν
637 458 702 524 τῇ
738 446 870 522 ἕκτῃ
905 451 1126 518 συνόδῳ,
1160 447 1254 500 καὶ
1276 447 1302 498 ὁ
1335 447 1636 514 ἁγιώτατος
1671 446 1858 507 πὰπας
1890 445 2107 514 Ἀδρια-
2140 452 2179 504 Α
2210 445 2290 496 ὅτι
2341 443 2402 494 οὐ
2466 443 2666 502 πάντες
2709 437 2758 489 οἱ
2814 433 3144 506 κρατοῦντες
3211 433 3430 493 πὸντως
3484 432 3801 501 ὀροᾴδεξπ,

548 552 635 608 νος
672 550 725 598 ἐν
750 547 813 613 τῇ
847 543 1044 609 ἐϐδόμῃ
1073 541 1227 608 311
1265 539 1484 607 συνόδῳ·
1531 538 1604 598 ὡς
1648 539 1762 589 ἴστε
1795 535 1987 598 πάντες
2023 536 2104 586 ὅτι

551 640 732 692 ἔθεντο
787 637 882 686 καὶ
935 632 1416 699 ἁναθεματισμοὺς
1471 632 1564 680 καὶ
1616 629 1952 695 ἀφορισμοὺς
1983 627 2108 679 ἀλύ-

551 747 692 792 τους,
724 729 797 796 μή
831 746 910 787 τις
943 727 1188 794 τολμήσῃ
1217 723 1519 791 προσθῆσαι
1548 721 1579 788 ἢ
1623 721 1868 785 ἐκλεῖψαι
1905 720 1936 789 ἦ
1971 719 2105 779 ὅλως

552 820 963 888 παρασαλεῦσαι
1007 819 1150 886 ἅπερ
1180 819 1373 867 ἐκεῖνοι
1409 813 1782 879 εύαγγελικῶς
1831 813 1926 862 καὶ
1978 813 2106 862 ἁπο-

549 910 808 970 σεολικῶς
834 907 926 959 καὶ
962 905 1204 974 ἀκριϐῶς
1231 901 1708 967 ἐξακολουθοῦντες
1735 900 1826 952 διὰ
1859 899 2108 966 Πνεύμα·

548 1017 640 1062 τος
700 1001 858 1065 ἁγίου
917 999 1340 1065 ἐσφοαγίταντο.
1383 996 1676 1063 Μάρτυρες
1700 993 1812 1043 τῶν
1833 991 2023 1044 ῗαῦτῶν
2053 991 2108 1042 αί

553 1090 829 1142 συνοδικαὶ
871 1089 1042 1155 stem
1091 1089 1183 1140 καὶ
1235 1089 1300 1138 τὰ
1350 1086 1606 1138 συνοδικὰ
1643 1085 1948 1152 γράμματα
1999 1081 2108 1134 τῶν

548 1182 689 1230 κατὰ
721 1178 906 1246 καιρδιν
948 1179 1134 1245 ἄκρων
1162 1175 1462 1243 ἀρχιερέων
1494 1174 1612 1239 ἤτοι
1646 1173 1844 1224 πὰπων
1874 1171 1965 1223 καὶ
2002 1171 2108 1222 τῶν

552 1273 726 1337 ἁγίων
771 1269 1021 1339 μεγάλων
1046 1269 1271 1320 ἐκείνων
1301 1266 1554 1327 συνόδων,
1586 1265 1658 1326 ὡς
1695 1264 2105 1334 ἠριθμήσαμεν,

549 1365 613 1414 ἐκ
655 1362 754 1428 τῆς
803 1360 1075 1429 ὑμετέρας
1122 1357 1276 1418 ὅντες
1325 1360 1414 1407 καὶ
1453 1357 1605 1408 αὑτοὶ
1651 1357 1751 1422 τῆς
1793 1354 1964 1420 φυλῆς
1999 1353 2109 1404 τῶν

547 1452 812 1512 Λατίνων,
873 1449 1062 1516 ἄνδρες
1109 1445 1599 1516 θεοφρουρούμενοι
1652 1443 1800 1513 ἔργῳ
1831 1444 1921 1495 καὶ
1967 1443 2110 1509 λόγῳ

546 1541 921 1610 τετιμημένοι.
950 1539 1165 1607 Ταύτην
1193 1539 1292 1604 τὴν
1324 1537 1622 1605 παράδοσιν
1656 1537 1817 1603 ἡμεῖς
1851 1533 2109 1600 ἀσφαλῶς

547 1632 878 1701 κρατοῦμεν,
915 1631 1001 1683 ἵνα
1050 1629 1125 1698 μὴ
1164 1629 1242 1691 είς
1287 1629 1596 1696 ἀφορισμδν
1643 1625 1749 1678 τῶν
1791 1624 2111 1690 ἁγιωτάτων

549 1724 862 1777 ἀποστόλων
889 1723 982 1774 καὶ
1013 1722 1129 1774 τῶν
1180 1721 1350 1788 ἁγίων
1390 1716 1786 1786 οίκουμενικῶν
1821 1718 1960 1769 ἑπτὰ
1986 1733 2109 1767 συν-

545 1816 682 1868 όδων
705 1817 798 1866 καὶ
825 1815 934 1865 τῶν
962 1810 1283 1877 ἁγιωτάτων
1319 1811 1544 1861 ἐκείνων
1574 1809 1746 1869 ὅντως
1782 1807 1970 1874 ἄκρων
2004 1805 2106 1866 ἁρ-

549 1906 777 1974 χιερέων
812 1904 1088 1969 πέσωμεν.
1122 1902 1230 1951 Καὶ
1254 1902 1418 1968 ἡμεῖς
1443 1897 1821 1965 εὖαγγελικῶς
1855 1898 1947 1948 καὶ
1973 1897 2109 1948 ἁπο-

550 1993 814 2055 σ’τολικῶς
848 1995 989 2049 κατὰ
1015 1991 1273 2059 ἀλήθειαν
1317 1989 1636 2057 κρατοῦμεν
1667 1990 1768 2056 τὴν
1807 1987 2109 2050 παράδοσιν

548 2088 650 2154 τῆς
691 2085 1072 2154 πρεσϐυτέρας
1118 2082 1358 2149 Ῥώμης·
1395 2081 1453 2132 τὸ
1485 2081 1592 2148 γὰρ
1627 2079 1894 2147 ἡμέτερον
1939 2079 2114 2144 δόγμα

549 2177 682 2244 παρ’
712 2177 1040 2244 ἀμφοτέρων
1082 2171 1140 2226 εὖ
1179 2177 1416 2225 πάντοτε
1476 2172 1827 2239 ὡμολογεῖτο,
1864 2170 1920 2220 το
1949 2169 2003 2220 δέ
2054 2167 2115 2231 ἐξ
2146 2214 2164 2227 ς

547 2270 729 2324 αὐτῶν
787 2267 1182 2334 καινοτομηθέν
1239 2265 1424 2323 αὐτοῖς
1471 2263 1652 2330 μόνοις
1700 2259 2115 2328 ἀκατηγόρητον

550 2359 694 2415 εἶναι
742 2361 928 2423 δοκεῖ,
959 2359 1051 2409 καὶ
1083 2358 1228 2422 ἡμᾶς
1266 2356 1375 2407 ἔδει
1407 2354 1598 2421 κριτὰς
1635 2353 1816 2403 αὐτῶν
1848 2350 1986 2402 εἶναι
2018 2351 2112 2402 καὶ

549 2450 915 2518 κατηγόρους,
947 2450 1041 2499 καὶ
1073 2447 1170 2498 οὑκ
1202 2445 1400 2505 αὐτοὺς
1448 2443 1627 2510 ἡμῶν,
1657 2443 1735 2492 Τὰ
1771 2441 1864 2492 νῦν
1897 2442 1954 2492 δέ
1978 2456 2112 2491 νεω-

551 2543 636 2594 στί
673 2525 817 2601 Ιίινες
863 2538 1040 2590 αὐτῶν
1080 2537 1320 2601 θεολόγοι
1358 2536 1388 2602 ἦ
1424 2535 1518 2586 καὶ
1554 2535 1753 2602 μᾶλλον
1787 2532 1960 2583 εἰπεῖν
1989 2548 2113 2584 και-

553 2635 785 2701 νολόγοι,
841 2633 932 2684 καὶ
991 2630 1093 2680 οὐκ
1141 2628 1486 2696 αἰσχύνονται
1518 2627 1602 2676 ἐπ’
1631 2624 1951 2692 ὀκρίὸαντος
1981 2624 2110 2673 ἀνα-

493 2785 496 2788 ,
550 2727 754 2779 σαίνειν
785 2725 1125 2782 διδάσκοντες
1173 2721 1352 2786 λέγειν
1403 2718 1680 2786 ἐῤῥόρουμ
1734 2715 2106 2783 Γραικόρουμ,

546 2819 792 2870 τουτέστι
844 2816 1132 2882 σφάλματα
1187 2815 1457 2881 ἡμέτερα,
1497 2806 1613 2861 εἶτα
1674 2810 1748 2877 μὴ
1785 2807 2000 2875 ἔχοντές
2052 2823 2106 2857 τι

546 2910 733 2976 ἕτερον
763 2910 938 2958 εἰπεῖν
992 2908 1039 2957 εί
1095 2906 1167 2973 μὴ
1203 2904 1382 2970 μόνον,
1415 2902 1488 2962 ὼς
1521 2902 1770 2967 εἴπομεν,
1805 2901 1894 2950 διὰ
1925 2899 1984 2948 τὸ
2027 2897 2102 2965 μὴ

549 3002 696 3067 ημᾶς
735 2998 910 3065 ὀρθῶς
962 2998 1179 3062 φρονεῖν
1255 2995 1354 3060 τὴν
1410 2991 1680 3058 βασιλείαν
1725 2990 2106 3057 ἀπωλέσαμεν·

549 3089 711 3158 312
736 3087 831 3138 καὶ
859 3085 1013 3137 αὐτοὶ
1045 3083 1187 3150 τάχα
1218 3084 1290 3142 ὡς
1318 3082 1476 3149 δῆθεν
1500 3079 1770 3149 ὀροόδοξοι
1805 3081 1932 3140 ἴσως
1954 3080 2104 3141 ὄντες

2207 536 2314 588 οὐδ’
2353 531 2505 596 αὖθις
2537 534 2585 584 οι
2618 529 2983 600 κρατούμενοι
3015 527 3306 596 αἱρετικοὶ,
3343 527 3421 585 ὡς
3459 524 3624 578 ἔστιν
3669 526 3804 578 ἰδεῖν

2210 628 2293 692 ἐφ’
2322 629 2488 694 ἡμῖν·
2547 625 2622 694 μὴ
2673 625 2780 690 γὰρ
2822 620 3091 689 όρθόδοξοί
3134 623 3272 680 εἰσιν
3325 620 3370 670 oi
3407 617 3799 686 ’Ῑσμαηλῖταμ

2209 721 2293 770 ὅτι
2323 716 2620 785 κρατοῦσιν
2656 713 2847 782 ἡμῶν,
2905 712 2998 762 καὶ
3038 710 3143 776 πρὸ
3177 708 3384 759 τούτων
3410 709 3457 758 οἱ
3495 706 3802 759 εξδωλολὰ-

2211 828 2337 878 τραι
2387 809 2437 861 οἳ
2489 809 2613 868 τοὺς
2660 803 3026 874 Χριστιανοὺς
3074 803 3321 864 ὲδὲωκον,
3352 801 3385 867 ἢ
3417 801 3591 852 πάλιν
3622 801 3803 850 01A!-

2211 900 2432 966 γύπτιοι
2496 899 2528 966 ἢ
2573 896 2905 949 Βαϐυλώνιοι
2955 895 3010 946 οἵ
3060 911 3184 946 ποτε
3219 891 3656 954 ἐξουσιάσαντες·
3694 892 3806 942 τῶν

2211 989 2597 1056 Ἰσμαηλιτῶν.
2642 988 2783 1039 ’Λλλ⁹
2821 988 2919 1038 οὐκ
2953 987 3135 1052 ἔχουσι
3167 985 3218 1034 τί
3253 986 3446 1035 εἰπεῖν’
3478 981 3658 1048 δῆλον
3690 983 3804 1048 γὰρ

2210 1079 2292 1130 ὅτι
2317 1081 2365 1130 οἱ
2403 1079 2502 1146 μὲν
2538 1076 2931 1143 κυριεύσαντες
2966 1073 3198 1136 ἀσεϐεῖς,
3232 1075 3278 1124 oi
3312 1073 3367 1124 δέ
3392 1073 3805 1141 κυριευόμενοι

2213 1171 2478 1231 εὐσεϐεῖς.
2517 1169 2615 1221 Διὰ
2642 1167 2802 1220 τοῦτο
2855 1168 2915 1218 οὐ
2962 1166 3043 1217 δεῖ
3075 1165 3269 1226 αὐτοὺς
3309 1165 3632 1233 κομπάζειν
3666 1163 3806 1228 περὶ

2213 1261 2316 1330 τῆς
2349 1260 2808 1330 αὐτοκρατορίας.
2866 1256 2978 1309 Καὶ
3032 1258 3124 1308 ἐπὶ
3181 1256 3390 1316 τούτοις
3427 1253 3805 1323 ,ἀντεροῦμεν

2213 1356 2397 1415 αὐτοῖς
2419 1370 2432 1384 ·
2462 1353 2584 1414 liti);
2613 1354 2661 1404 οί
2695 1351 2835 1404 κατὰ
2860 1352 2960 1419 τὴν
2986 1350 3204 1403 Μυσίαν
3252 1350 3346 1401 καὶ
3387 1348 3676 1398 Ῥωσσίαν
3705 1347 3807 1398 xei.

2211 1443 2607 1514 ’l6qpiaw‘1i1v
2655 1444 2796 1512 ἑῴαν
2858 1443 2954 1493 καὶ
2991 1442 3292 1506 Ἀὅασγίαν
3345 1439 3642 1502 οἰκοῦντες
3697 1442 3801 1492 καὶ

2215 1537 2273 1588 ἐν
2325 1537 2534 1596 λοιποῖς
2582 1536 2770 1590 τόποις
2823 1535 3050 1602 ἄρχουσι
3095 1534 3187 1584 καὶ
3235 1533 3491 1600 ἄρχονται
3524 1531 3623 1597 ἐφ’
3669 1533 3804 1582 ἐαυ-

2214 1629 2369 1691 τῶν,
2404 1629 2584 1679 καίτοι
2625 1645 2685 1692 γε
2735 1630 2847 1687 τοῖς
2891 1626 3185 1694 ἡμετέροις
3235 1625 3496 1692 δόγμασιν
3557 1625 3799 1676 ἀκολου-

2214 1719 2403 1784 θοῦσι;
2436 1719 2544 1771 Καὶ
2581 1719 2753 1779 ἄλλως
2798 1720 2860 1767 τὸ
2890 1718 3096 1784 σχίσμα
3124 1716 3231 1768 τῶν
3266 1715 3570 1782 ἐκκλησιῶν
3599 1715 3796 1782 ἐποίη-

2215 1827 2306 1860 σεν
2355 1811 2383 1861 ὁ
2427 1809 2614 1870 πάπας
2649 1810 2923 1876 Στέφανος
2951 1810 2979 1860 ὁ
3022 1807 3306 1876 Συρφρὼν,
3339 1807 3396 1868 ὃς
3430 1810 3526 1858 καὶ
3557 1809 3792 1876 πρῶτος

2217 1903 2329 1962 τοῖς
2360 1901 2588 1961 Ἰταλοῖς
2643 1902 2783 1968 μετὰ
2845 1900 3070 1968 ἀζύμων
3136 1900 3454 1966 παρέδωκεν
3506 1901 3792 1952 ἐπιτελεῖ-ι

2216 1995 2315 2057 τὴν
2371 1993 2534 2058 ἁγίαν
2584 1992 2918 2060 ἱερουργίαν,
2961 1993 3056 2042 καὶ
3085 1992 3184 2059 τὴν
3217 1990 3536 2059 προσθήκην
3569 1991 3672 2059 τὴν
3708 1993 3793 2052 εἰς

2214 2083 2276 2135 τὸ
2337 2082 2603 2150 σύμϐολον
2657 2083 2719 2134 τὸ
2752 2083 2906 2147 ἅγιον
2949 2083 3196 2150 φανερῶς
3253 2082 3512 2150 ἐκήρυξε,
3555 2085 3654 2133 καὶ
3689 2083 3790 2144 τὰς

2215 2174 2405 2242 τρίχας
2434 2172 2526 2224 τοῦ
2560 2172 2820 2238 πώγωνος
2848 2171 3060 2240 πρῶτος
3107 2172 3389 2238 ἀπέθριξε,
3417 2166 3660 2232 καὶτοῖς
3690 2173 3786 2224 ὑπ’

2217 2264 2378 2316 αὑτὸν
2410 2265 2575 2316 πᾶσιν
2617 2263 2790 2322 οὕτως
2835 2263 3089 2327 ἐξέδωκε,
3137 2263 3514 2332 βασιλεύοντος
3553 2264 3654 2330 μὲν
3687 2265 3787 2330 τῆς

2216 2357 2341 2418 νέας
2374 2356 2596 2424 Ῥώμης
2629 2354 2706 2422 τῷ
2737 2355 2856 2407 τότε
2905 2354 3089 2422 καιρῴ
3126 2356 3218 2406 τοῦ
3253 2356 3590 2422 ἀειμνήστου
3629 2355 3786 2422 βασι-

2214 2447 2351 2506 λέως
2377 2447 2794 2499 Κωνσταντίνου
2830 2446 2923 2498 τοῦ
2976 2448 3306 2514 μονομάχου,
3345 2447 3785 2514 πατριαρχεύον-

2213 2555 2305 2598 τος
2335 2537 2390 2590 δὲ
2421 2537 2658 2605 Μιχαὴλ,
2709 2537 2766 2600 ὃς
2799 2541 2864 2605 τῇ
2920 2538 3204 2606 ἐπωνυμίᾳ
3249 2538 3461 2602 ἐλέγετο
3495 2536 3786 2606 Κηρουλά-

2219 2644 2354 2696 ριος.
2382 2628 2550 2688 Οὗτος
2593 2627 2686 2680 οὖν
2717 2633 2743 2680 ὁ
2775 2630 3119 2698 πατριάρχης
3152 2627 3345 2700 γνώμῃ
3369 2630 3462 2680 τοῦ
3513 2630 3785 2695 βασιλέως

2213 2719 2310 2770 καὶ
2368 2719 2475 2770 τῶν
2505 2718 2664 2786 313
2720 2701 2922 2786 ἐτέρων
2972 2719 3140 2784 τριῶν
3174 2718 3534 2785 πατριαρχῶν
3561 2721 3656 2771 καὶ
3688 2719 3782 2770 τοῦ

2211 2809 2646 2876 ἀρχιεπισκόπου
2713 2809 3054 2877 Βουλγαρίας
3113 2810 3205 2860 καὶ
3256 2809 3350 2870 τοῦ
3407 2810 3635 2876 Κύπρου
3686 2813 3784 2862 καὶ

2218 2901 2400 2967 πάσης
2433 2904 2531 2967 τῆς
2565 2899 2656 2951 ὑπ’
2687 2901 2850 2952 αὐτὸν
2885 2902 3104 2952 συνόδου
3139 2901 3230 2951 τὸν
3267 2901 3556 2968 εἰρημένον
3593 2903 3782 2953 πάπαν

2219 2990 2493 3055 Στέφανον
2539 2989 2647 3041 τῶν
2693 2991 2969 3059 διπτύχων
3012 2991 3296 3055 ἐξέϐαλεν,
3349 2991 3639 3059 ζητοῦντες
3681 2992 3779 3058 τῆς

2211 3082 2317 3133 τῶν
2344 3083 2570 3152 ἀζύμων
2620 3085 2712 3136 καὶ
2773 3084 2876 3153 τῆς
2928 3084 3249 3152 προσθήκης
3294 3085 3390 3151 τῆς
3440 3083 3675 3151 ipsum;
3715 3089 3779 3134 τὸ

552 3180 708 3231 αὐτοὶ
741 3177 950 3231 ἐαυτῶν
975 3176 1072 3245 τὴν
1109 3175 1386 3244 βασιλείαν
1430 3170 1744 3241 κρατοῦσιν,
1779 3171 1877 3222 οὐκ
1913 3169 2110 3232 εἰδότες
2139 3165 2182 3222 C
2216 3173 2409 3238 αἴτιον,
2462 3176 2670 3244 κόσμου
2720 3175 2830 3228 ἔτει
2866 3182 3000 3246 ,ςφκ
3068 3175 3399 3237 ίνδικτιῶνος
3455 3173 3546 3228 ια’.
3625 3175 3688 3226 Ἢ
3719 3175 3779 3226 δέ

553 3355 823 3408 orationes
857 3343 1151 3421 perpetuas
1187 3351 1254 3406 iis
1286 3352 1520 3404 minatos
1549 3365 1692 3416 esse,
1726 3351 1818 3420 qui
1853 3352 1984 3419 quid
2012 3353 2109 3406 ad-

491 3470 510 3490 ο
549 3447 734 3499 derent
762 3454 852 3496 aut
881 3443 1161 3495 demerent
1190 3448 1284 3494 aut
1317 3441 1540 3492 omnino
1574 3439 1902 3494 ﬂuctuarent
1938 3442 1991 3493 in
2019 3442 2107 3504 iis,

549 3549 670 3604 quae
700 3533 822 3602 ipsi,
853 3530 1124 3600 Evangelii
1155 3540 1207 3583 et
1238 3530 1609 3598 apostolorum
1649 3537 1914 3598 praecepta
1943 3545 2109 3584 accu-

549 3635 669 3678 rate
701 3623 935 3677 assecuti
961 3638 1055 3690 per
1083 3630 1330 3674 sanctum
1360 3619 1648 3689 Spiritum,
1667 3621 2105 3675 constituissent.

555 3715 742 3770 Testes
775 3725 900 3767 sunt
928 3713 1046 3766 libri
1078 3723 1132 3766 et
1151 3713 1340 3766 littera:
1365 3712 1610 3782 synodici
1635 3727 1972 3766 summorum
1998 3713 2111 3767 sin-

551 3807 691 3876 gulis
724 3805 1057 3871 temporibus
1079 3804 1454 3874 episcoporum
1482 3805 1594 3857 sive
1623 3820 1881 3873 paparum
1903 3815 1956 3858 et
1979 3822 2108 3858 san-

552 3909 759 3952 ctarum
812 3898 1022 3950 illarum
1067 3897 1422 3965 synodornm,
1457 3911 1594 3960 quas
1646 3897 2106 3960 enmneravimus,

549 4004 672 4041 cum
721 3987 794 4040 illi
829 4003 858 4040 e
907 3998 1085 4039 vestra
1121 3995 1174 4038 et
1207 3983 1526 4037 Latinorum
1562 3993 1720 4056 gente
1751 3997 1956 4050 essent,
2007 3986 2107 4040 viri

547 4077 618 4145 pii
661 4087 714 4131 et
736 4077 1072 4130 venerabiles
1102 4075 1248 4129 dicto
1289 4085 1340 4128 et
1376 4075 1538 4128 facto.
1578 4073 1724 4128 Hanc
1755 4075 1918 4144 igitur
1945 4077 2111 4130 tradi-

546 4170 748 4222 tionem
785 4168 1095 4222 inviolatam
1120 4182 1428 4230 servamus,
1463 4182 1528 4219 ne
1551 4166 1605 4219 in
1633 4167 2104 4221 sanctissimorum

545 4260 916 4327 apostolorum
941 4269 994 4312 ct
1026 4269 1228 4324 septem
1261 4265 1571 4310 sanctarum
1603 4257 1933 4326 synodornm
1958 4273 2108 4312 uacu-

545 4351 882 4404 menicarum
915 4358 968 4414 et
1003 4347 1481 4402 sanctissimorutn
1515 4348 1729 4399 illorum
1753 4364 1938 4402 revera
1965 4365 2106 4402 sum-

2209 3355 2362 3408 licet.
2399 3355 2480 3407 An
2516 3353 2805 3408 orthodoxi
2844 3367 2966 3407 sunt
2995 3354 3302 3414 lsmaclitte,
3336 3354 3462 3422 quia
3491 3357 3647 3408 nobis
3674 3355 3778 3409 im-

2211 3453 2424 3511 perant,
2473 3451 2568 3496 aut
2611 3443 2822 3511 priores
2856 3442 2960 3496 illis
2988 3442 3304 3505 idololalrm,
3337 3441 3424 3510 qui
3461 3443 3777 3508 premebant

2208 3532 2573 3595 Christianos,
2628 3541 2720 3586 aut
2771 3531 3006 3601 [Egyptii
3042 3533 3124 3584 vel
3167 3532 3446 3602 Babylonii
3483 3532 3775 3586 lsmaelitis

2209 3627 2337 3678 olim
2379 3627 2702 3693 imperantes
2732 3626 2753 3676 ’ί
2779 3625 3071 3678 Enimvero
3119 3640 3225 3678 non
3266 3625 3488 3687 habent,
3523 3625 3653 3692 quid
3687 3640 3772 3678 re-

2209 3718 2534 3785 spondeant.
2578 3716 2634 3768 In
2666 3727 2855 3785 aperto
2897 3719 3040 3770 enim
3075 3726 3178 3778 est,
3215 3732 3308 3769 eos
3349 3717 3443 3784 qui
3481 3718 3770 3784 imperant.

2209 3809 2425 3875 impios,
2458 3808 2653 3874 quibus
2688 3818 2870 3860 autem
2908 3807 3226 3874 imperatur,
3260 3807 3377 3873 pios
3407 3820 3551 3858 esse.
3590 3805 3768 3869 Quart

2209 3912 2318 3952 non
2369 3899 2525 3952 decet
2559 3899 2680 3952 illos
2698 3899 2907 3968 jactare
2937 3899 3227 3966 imperium
3288 3913 3470 3950 suum.
3508 3895 3767 3948 Praeterea

2209 3998 2398 4044 contra
2457 3991 2678 4044 eosdem
2731 3990 2980 4043 dicamus
3017 4007 3030 4042 :
3067 3989 3352 4054 Quomodo
3399 3992 3490 4058 qui
3523 3989 3761 4057 Mysiam,

2210 4079 2483 4141 Rossiam,
2513 4082 2738 4133 lberiam
2761 4081 3079 4134 orientalem
3105 4091 3157 4132 et
3181 4082 3468 4149 Abasgiam
3502 4080 3748 4138 habitant,

2208 4179 2256 4223 el
2295 4171 2415 4224 aliis
2475 4172 2528 4224 in
2564 4172 2879 4240 regionibus
2933 4181 3178 4239 regnent,
3205 4182 3258 4224 et
3292 4173 3378 4224 sui
3437 4171 3565 4239 juris
3622 4169 3755 4230 sint,

2207 4262 2647 4330 quandoquidem
2679 4275 2922 4316 nostram
2947 4273 3148 4316 sectam
3175 4264 3510 4330 sequuntur?
3536 4265 3596 4315 At
3616 4266 3763 4318 enim

2207 4351 2564 4405 ecclesiarum
2596 4351 2995 4405 dissensionem
3025 4363 3228 4407 temere
3269 4357 3437 4407 movit
3468 4355 3768 4422 Stephanus

548 4457 760 4494 morum
792 4441 1172 4509 episcotiorum
1206 4437 1634 4491 exsecrationem
1671 4439 1994 4492 incidamus.
2028 4441 2102 4492 Ac
2133 4461 2183 4519 ι)
2211 4440 2454 4507 Syrphro
2507 4457 2666 4508 papa,
2717 4441 2809 4509 qui
2869 4443 3082 4510 primus
3114 4459 3249 4510 pane
3309 4460 3414 4497 noo
3450 4446 3770 4498 terntentato

547 4542 798 4586 tenemus
821 4546 950 4584 sane
996 4528 1303 4598 evangelice
1340 4540 1394 4581 et
1433 4529 1730 4597 apostolice
1759 4530 2102 4584 traditionem

547 4625 746 4678 veteris
805 4624 1011 4678 Romae.
1053 4619 1252 4675 Nostra
1287 4622 1430 4674 enim
1462 4621 1710 4674 doctrina
1761 4623 1829 4674 ab
1861 4622 2106 4691 unisque

544 4730 761 4783 semper
791 4712 1072 4766 observata
1101 4719 1216 4774 est;
1237 4717 1291 4762 at
1315 4725 1433 4776 quae
1458 4708 1524 4762 ab
1551 4709 1657 4763 illis
1677 4710 1934 4763 innovata
1954 4720 2102 4778 sunt,

545 4807 676 4860 solis
707 4806 842 4873 ipsis
864 4821 968 4858 non
1000 4804 1360 4871 vituperanda
1384 4817 1506 4856 esse
1531 4802 1804 4864 videntur,
1829 4802 1899 4855 ita
1920 4811 1978 4855 ut
2007 4817 2103 4856 nos

542 4897 758 4949 illorum
792 4895 1006 4964 judices
1040 4905 1091 4946 et
1127 4901 1474 4945 accusatores
1523 4905 1644 4944 esse
1683 4899 1954 4960 oporteat,
1991 4907 2099 4944 non

538 4995 751 5058 contra.
801 4985 980 5051 Nuper
1033 4999 1162 5036 vero
1196 4983 1248 5035 in
1283 4982 1388 5034 illis
1423 4981 1643 5048 quidam
1681 4996 1864 5034 rerum
1889 4981 2100 5034 divina-

538 5090 642 5128 rur.
671 5117 686 5139 ,
725 5075 833 5127 imo
864 5077 1042 5142 potius
1069 5088 1331 5125 novarum
1363 5071 1594 5124 studiosi
1618 5073 1974 5136 exstiterunt,
2001 5072 2096 5139 qui

537 5183 645 5219 non
680 5174 1016 5225 vererentur,
1045 5165 1112 5216 de
1147 5165 1348 5216 nostris
1369 5162 1577 5215 scilicet
1603 5163 1885 5215 erroribus
1913 5164 2097 5230 dispu-

537 5259 725 5319 taturi,
753 5257 802 5308 in
828 5265 1139 5322 suggestum
1173 5254 1487 5317 ascendere,
1513 5267 1634 5305 cum
1658 5253 1791 5306 nihil
1813 5254 2094 5317 haberent,

535 5349 683 5416 quod
720 5347 997 5408 atl‘errent,
1025 5344 1129 5399 nisi
1161 5346 1413 5398 amisisse
1444 5360 1542 5399 nos
1571 5345 1853 5414 imperium
1877 5355 2094 5414 propter

534 5442 796 5495 doctrinae
827 5441 1150 5508 pravitatem
1189 5454 1202 5489 :
1235 5437 1390 5505 quasi
1421 5453 1549 5491 vero
1577 5436 1702 5506 ipsi,
1732 5437 1876 5504 quod
1905 5440 2094 5490 ortho-

530 5534 658 5584 doxi
701 5531 829 5594 sint,
869 5537 1125 5583 tueantur
1170 5529 1458 5596 imperium
1513 5542 1697 5593 suum,
1762 5527 1935 5596 ignari
1991 5527 2090 5590 illi,

532 5637 638 5674 non
672 5639 884 5684 omnes,
916 5622 1007 5690 qui
1034 5621 1327 5690 imperant,
1349 5619 1705 5684 orthodoxos,
1731 5634 1828 5673 nec
1846 5620 1938 5687 qui
1958 5619 2090 5672 obe-

530 5711 705 5774 diunt,
729 5710 1012 5766 hmrctieos
1043 5728 1182 5778 esse,
1206 5711 1255 5765 id
1281 5711 1424 5779 quod
1453 5711 1502 5763 in
1543 5709 1698 5763 nobis
1729 5707 2086 5761 animadverti

2209 4543 2455 4586 sanctum
2489 4532 2817 4586 sacriﬁcium
2853 4538 3035 4602 peragi
3073 4535 3222 4596 sivit,
3255 4545 3309 4587 ct
3335 4535 3765 4590 additamentum

2208 4619 2338 4673 illud
2365 4620 2429 4672 ad
2471 4629 2719 4673 sanctum
2769 4622 3075 4690 symbolum
3105 4624 3278 4689 palam
3313 4624 3686 4690 proclamavit,
3707 4640 3768 4679 ac

2206 4711 2414 4779 primus
2441 4713 2661 4766 barbam
2685 4714 2943 4778 totondit,
2967 4715 3220 4783 idemque
3243 4718 3501 4770 omnibus
3523 4718 3622 4771 sibi
3651 4719 3772 4770 sub—

2203 4802 2366 4871 jtzctis
2402 4805 2581 4857 facere
2610 4805 2882 4872 permisit.
2915 4817 3180 4872 regnante
3205 4815 3316 4858 tum
3341 4806 3490 4873 Cpoli
3515 4819 3770 4875 perpetuo

2205 4893 2541 4944 memorabili
2595 4893 2923 4959 imperatore
2971 4893 3334 4947 Constantino
3375 4894 3730 4950 Monomacho

2205 4982 2627 5048 patriarchatnm
2663 4985 3084 5038 administrante
3123 4985 3408 5048 Michaele,
3444 4989 3534 5055 qui
3567 5002 3768 5056 cogno-

2201 5084 2386 5126 mento
2433 5074 2748 5127 Cerularius
2775 5077 3176 5143 appellabatur.
3212 5076 3309 5130 llic
3343 5077 3770 5149 igitur’patriar-

2202 5167 2305 5220 eha
2337 5182 2366 5219 e
2404 5169 2674 5220 sententia
2731 5169 3080 5236 imperatoris
3125 5167 3178 5224 et
3230 5171 3561 5239 reliquorum
3601 5171 3764 5224 trium

2201 5259 2658 5326 patriarcharum,
2691 5261 3086 5330 archiepiscopi
3117 5262 3242 5314 item
3282 5263 3547 5332 Bulgariae
3574 5273 3625 5316 et
3659 5263 3768 5330 Cy-

2199 5351 2304 5418 pri,
2339 5349 2504 5403 totius
2532 5350 2792 5418 denique,
2823 5353 2910 5404 cui
2935 5364 3184 5418 praeerat,
3211 5355 3423 5424 synodi.
3454 5371 3576 5407 eum
3606 5369 3765 5422 quem

2198 5441 2334 5502 dixi,
2375 5455 2569 5508 papam
2605 5439 2968 5509 Stephanum,
3017 5443 3327 5510 diplomatis
3378 5445 3556 5512 ejecit,
3609 5446 3765 5512 panis

2198 5531 2503 5584 fermentati
2523 5542 2575 5584 et
2601 5535 2726 5585 facti
2748 5534 3102 5587 additamenti
3137 5538 3395 5588 rationem
3423 5536 3762 5596 desiderans,

2195 5633 2342 5672 anno
2394 5621 2584 5673 mundi
2615 5622 2775 5675 6500.
2816 5622 3071 5677 Ecclesiae
3124 5635 3305 5678 autem
3343 5624 3683 5677 Alexandriae
3709 5634 3764 5675 et

2198 5711 2498 5766 Antiochiae
2517 5723 2568 5767 et
2597 5712 3126 5783 Hierosolymorum,
3163 5717 3331 5770 ﬁdelis
3356 5716 3612 5779 Thebais,
3639 5730 3772 5768 san-

3305 5872 3335 5898 Ι
