4066 6296
310 392 386 452 ’ἐῖθ
399 388 417 450 1

285 589 291 596 ’
329 599 742 666 Ἰεροσολύμων,
771 601 802 665 ή
849 599 1056 668 Θηϐαϊς
1086 601 1118 667 ἡ
1154 600 1342 668 πιστὴ.
1381 603 1414 667 ή
1445 599 1621 662 Λιϐύη
1661 600 1693 665 ή
1742 597 1890 658 ὁσία,

317 692 352 756 ή
387 690 512 751 τοὺς
539 689 769 749 πολίτας
815 690 1062 757 θρέψασα
1107 691 1202 756 τῆς
1255 690 1525 759 βασιλείας
1567 693 1676 742 τῶν
1727 689 1892 758 ούρα-

319 776 453 838 νῶν,
487 777 668 841 καθὼς
717 783 882 846 φησὶν
926 782 952 831 6
1004 780 1147 831 θεῖος
1175 780 1424 848 Κοσμᾶς,
1459 781 1516 830 ὲν
1544 778 1681 846 ποίῳ
1712 777 1892 848 καιρῷ

320 868 702 936 ἐδουλώθησαν
731 870 834 921 ὑπὸ
854 869 948 923 τοῦ
982 872 1172 939 άμηρᾶ
1197 871 1412 940 Ούμὰρ,
1439 871 1587 933 ὅστις
1617 870 1684 940 ἦν
1714 874 1742 922 6
1778 871 1892 938 τρί-

317 976 412 1021 τος
437 961 573 1026 μετά
601 961 694 1012 τὸν
720 963 1167 1030 τρισκατάρατον
1200 961 1470 1031 Μωάμεθ,
1511 966 1604 1017 καὶ
1631 963 1891 1033 ᾐχμαλω-

318 1050 631 1115 τίσθησαν;
669 1054 782 1104 Καὶ
831 1055 994 1105 τοῦτο
1038 1054 1272 1120 φανερόν
1333 1056 1480 1106 ἐστιν
1527 1055 1602 1116 ὡς
1645 1053 1890 1121 ἐγεγόνει

319 1143 415 1193 ἐπὶ
452 1144 553 1211 τῆς
583 1142 862 1210 βασιλείας
918 1146 1336 1198 Κωνσταντίνου
1383 1145 1476 1198 τοῦ
1521 1147 1886 1213 Πωγωνάτου,

319 1235 526 1302 κόσμου
577 1235 687 1288 ἔτει
724 1236 918 1308 ,ςρλδᾏ
953 1239 1086 1305 πρὶν
1119 1240 1218 1307 τὴν
1252 1239 1417 1306 ἁγίαν
1451 1239 1544 1292 καὶ
1574 1240 1888 1308 οίκουμενι-

318 1325 422 1394 κὴν
460 1325 629 1394 ἕκτην
664 1327 883 1380 σύνοδον
919 1329 1376 1400 συναθροισθῆναι
1405 1371 1418 1394 ,
1450 1331 1583 1382 ὅπου
1620 1329 1742 1382 οὔτε
1777 1330 1891 1400 σχί-

319 1433 506 1484 σματα
559 1421 617 1468 ἐν
649 1421 769 1480 ταῖς
814 1420 1134 1490 ἐκκλησίαις
1161 1423 1407 1490 ὑπῆρχον
1447 1421 1568 1474 οὔτε
1613 1420 1886 1491 διαφοραί.

317 1510 472 1562 Μετὰ
519 1509 574 1561 δέ
610 1527 734 1563 τινα
770 1512 962 1581 καιρὸν
1016 1513 1066 1564 οί
1118 1511 1356 1581 βασιλεῖς
1395 1514 1534 1582 μετᾶ
1572 1515 1740 1567 κόπου
1789 1514 1889 1566 οὐκ

315 1599 497 1664 ὀλίγου
533 1599 632 1669 τὴν
668 1600 830 1666 ἁγίαν
867 1601 1024 1654 πόλιν
1063 1603 1125 1654 ἐκ
1176 1603 1287 1654 τῶν
1315 1604 1512 1672 χειρῶν
1543 1604 1649 1656 τῶν
1677 1603 1888 1656 ἀσεϐῶν

317 1691 703 1760 ἠλευθέρωσαν
769 1695 864 1746 καὶ
951 1694 1057 1746 ὑπὸ
1113 1696 1214 1762 τὴν
1271 1694 1518 1760 ἐξουσίαν
1594 1694 1888 1764 Ῥωμαίοις

299 1783 611 1851 ἐποίησαν·
645 1784 739 1836 καὶ
772 1785 935 1837 πάλιν
977 1786 1038 1837 ἐκ
1068 1785 1330 1855 δευτέρου
1367 1787 1457 1837 ἐπὶ
1481 1787 1583 1854 τῆς
1609 1787 1888 1856 βασιλείας

319 1875 605 1927 Βασιλείου
686 1875 782 1927 τοῦ
855 1878 1375 1945 πορφυρογεννήτου
1449 1867 1544 1929 τοῦ
1591 1879 1885 1946 λεγομένου

301 1953 792 2036 Ἰζουλγαροκτόνου
843 1969 870 2020 6
919 1971 1019 2037 τῆς
1052 1969 1328 2031 Αἰγύπτου
1380 1970 1604 2037 ἀμηρᾶς
1652 1969 1888 2033 Ἀζίζιος

313 2060 415 2125 τήν
439 2059 604 2124 ἁγίαν
636 2059 794 2110 πόλιν
826 2058 989 2110 πάλιν
1015 2057 1176 2110 ἔλαϐε
1212 2059 1457 2128 πολέμῳ,
1477 2060 1572 2111 καὶ
1601 2060 1692 2112 τὸν
1713 2060 1888 2128 τάφον

314 2152 408 2204 τοῦ
454 2153 710 2222 Σωτῆρος
770 2154 927 2221 ήμῶν
993 2153 1168 2222 Ἰησοῦ
1221 2153 1460 2222 Χριστοῦ
1514 2143 1888 2226 ὲγηγερμένῦν

317 2243 623 2306 πολυτελῶς
662 2243 806 2296 θετον
838 2244 964 2296 ναὸν
993 2245 1430 2315 κατεστρέψατο,
1472 2247 1568 2298 καὶ
1619 2247 1688 2298 τά
1717 2246 1888 2314 σκεύη

316 2333 659 2403 ἐλυμήνατο,
705 2335 775 2387 τὰ
814 2337 1154 2405 μοναστήρια
1218 2337 1582 2405 κατηδάφισε,
1626 2339 1722 2391 καὶ
1763 2337 1888 2400 τοὺς

317 2425 482 2494 314
516 2427 889 2488 ἀσκουμένους
929 2427 1249 2496 ἁπανταχοῦ
1287 2428 1384 2495 τῆς
1408 2431 1510 2498 γῆς
1543 2430 1756 2498 ἐκείνης
1790 2447 1888 2498 μο-

321 2515 540 2584 ναχοὺς,
583 2517 820 2580 Ἰταλοὺς
869 2519 928 2569 τὸ
959 2519 1121 2571 πλέον
1155 2520 1187 2588 ἢ
1224 2518 1530 2587 Ῥωμαίους
1572 2520 1664 2572 καὶ
1693 2520 1751 2582 ἐξ
1780 2521 1890 2573 ἐτέ-

325 2622 434 2674 ρων
485 2605 692 2674 φυλῶν,
737 2590 1007 2674 ἐφόνευσε,
1045 2608 1142 2660 καὶ
1178 2609 1536 2675 ἐφυγάδευσε.
1574 2608 1720 2660 Πάνυ
1757 2609 1890 2660 θαυ-

327 2695 532 2764 μαστόν
583 2699 769 2759 ἐστιν,
824 2698 898 2760 ὡς
928 2698 1206 2764 λέγουσιν,
1243 2700 1540 2768 ήνωμὲνων
1579 2698 1755 2750 οὐσῶν
1783 2698 1891 2751 τῶν

285 2775 290 2780 ”
323 2789 634 2857 ἐκκλησιῶν
664 2789 742 2858 τῷ
781 2791 900 2841 τότε
932 2790 1134 2858 καιρῷ,
1171 2791 1286 2853 πῶς
1313 2793 1340 2843 ὀ
1374 2790 1505 2852 Θεὲς
1539 2791 1891 2861 ὲπαρέδωκεν

321 2877 514 2941 αὐτοὺς
545 2880 621 2940 είς
655 2882 837 2948 χεῖρας
874 2881 1105 2934 ἀσεϐῶν.
1145 2883 1306 2933 Ὥστε
1343 2885 1404 2935 ἐκ
1434 2884 1654 2937 πάντων
1683 2884 1890 2937 τούτων

318 2961 385 3034 ἦν
424 2967 550 3019 ἰδεῖν
577 2969 658 3020 ὅτι
707 2969 769 3020 οὐ
819 2970 906 3022 διὰ
948 2973 1293 3039 παρανομίαν
1335 2973 1459 3024 τινὰ
1508 2973 1890 3042 παρεδόθημεν

317 3061 430 3120 τοῖς
488 3060 700 3128 ἐχθροῖς
749 3061 938 3128 ἡμῶν,
995 3062 1132 3114 ἀλλὰ
1171 3063 1312 3132 πρὸς
1353 3064 1583 3132 μερικὴν
1611 3064 1884 3126 παιδείαν,

1346 393 1783 453 (ΙΠΠΟΝΗΊΟΝ
1830 393 2096 456 MAIUS.
2131 421 2192 430 —
2226 397 2371 458 LIB.
2417 398 2509 457 IV.

329 505 633 575 Ἐκκλησία
675 506 771 574 τῆς
815 508 1220 577 Ἀλεξανδρεὺς
1281 511 1378 560 καὶ
1421 509 1754 576 Ἀντιοχείας
1803 508 1896 556 καὶ
1929 511 1968 564 Α
2002 509 2236 577 δέχεται,
2273 532 2288 563 ι
2354 515 2447 563 καὶ
2487 512 2551 564 τὰ
2616 512 2761 578 ἑξῆς.

3452 397 3560 460 902

2807 530 2823 562 ι
2883 511 3106 571 mam.
3132 512 3274 579 γὰρ,
3317 499 3504 577 φησιν,
3541 513 3560 559 5

1995 599 2148 663 Θεὸς,
2186 602 2242 663 ὂς
2274 604 2372 655 οὐκ
2417 605 2615 672 ἀφήσει
2669 605 2812 670 ὑμᾶς
2869 605 2948 661 είς
2998 603 3152 662 τέλος
3191 602 3560 671 πειρασθῆναι

1996 691 2135 760 ὑπὲρ
2183 693 2208 744 ὂ
2238 692 2490 746 δύνασθε.
2529 713 2547 745 ι
2594 696 2705 747 Καὶ
2735 698 2763 749 6
2799 695 2963 746 Δαϐίδ
2991 711 3006 724 ·
3041 712 3058 744 ‹
3105 694 3384 746 Παιδεύων
3410 694 3564 746 ἐπαὶ-

1994 783 2152 835 δευσέ
2205 801 2271 852 με
2315 787 2341 836 6
2395 785 2638 854 Κύριος,
2671 785 2749 852 τῷ
2795 785 2856 839 δὲ
2902 786 3118 853 θανάτῳ
3166 786 3226 836 οὺ
3276 786 3560 853 παρέδωκε

1995 891 2085 942 με.
2119 895 2138 926 ι

2063 966 2172 1018 Καὶ
2201 965 2358 1018 τοῦτο
2384 965 2636 1017 ἄκουσον.
2678 967 2890 1035 Ὠσπερ
2921 968 3099 1018 τοίνυν
3142 969 3175 1034 ἡ
3206 965 3316 1017 τῶν
3366 965 3563 1015 Ἀσσυ-

1996 1059 2126 1127 ρίων
2159 1059 2406 1126 βασιλεία
2437 1057 2707 1128 κατελύθη
2750 1058 2856 1111 ὑπὸ
2888 1061 2997 1110 τῶν
3032 1056 3413 1116 Βαϐυλωνίων,
3450 1057 3562 1123 ἡδὲ

1990 1149 2101 1204 τῶν
2133 1150 2496 1203 Βαϐυλωνίων
2551 1151 2655 1202 ὑπὸ
2689 1151 2799 1202 τῶν
2840 1151 3086 1217 Περσῶν,
3119 1152 3148 1217 ἡ
3192 1151 3246 1202 δὲ
3281 1149 3390 1200 τῶν
3427 1151 3565 1215 Περ-

1995 1242 2102 1292 σῶν
2137 1243 2240 1294 ὑπὸ
2275 1243 2384 1293 τῶν
2418 1241 2766 1306 Μακεδόνων,
2801 1241 2834 1310 ή
2867 1241 2922 1294 δὲ
2949 1236 3277 1293 Μακεδόνων
3317 1241 3424 1291 ύπὲι
3453 1239 3564 1291 τῶν

2006 1333 2316 1400 Ῥωμαίων,
2359 1332 2530 1394 οὕτως
2571 1335 2663 1385 καὶ
2709 1335 2741 1402 ἡ
2789 1335 2900 1385 τῶν
2944 1333 3236 1401 Ῥωμαίων
3289 1330 3562 1398 κατελύθη

1992 1423 2096 1476 ὑπὸ
2143 1423 2252 1496 τῶν
2293 1422 2683 1490 Ὀτμανλίδων.
2719 1421 2793 1474 Τὸ
2837 1422 2892 1474 δὲ
2921 1423 3077 1484 τέλος
3118 1421 3326 1490 ταύτης
3359 1420 3479 1488 ἥξει
3507 1420 3566 1473 ἐν

1990 1517 2069 1584 τῷ
2114 1517 2448 1582 προσήκοντι
2498 1516 2590 1568 καὶ
2624 1515 2917 1584 ὡρισμένῳ
2949 1515 3146 1583 καιρῷ,
3197 1514 3293 1567 καὶ
3331 1512 3566 1566 καταλυ-

1992 1608 2237 1677 ϐήσεται,
2270 1606 2453 1668 καθὼς
2502 1607 2668 1675 φησὶν
2699 1609 2726 1658 ὁ
2779 1606 3067 1668 θεσπέσιος
3114 1605 3340 1668 Ἡσαΐας
3382 1605 3438 1656 ὲν
3488 1602 3565 1671 τῷ

1990 1701 2087 1768 τῆς
2118 1683 2429 1767 Ἰδουμαίας
2482 1700 2720 1767 ὁράματι
2746 1714 2760 1730 ·
2812 1717 2830 1748 ι
2868 1694 3004 1750 Είπέ
3043 1715 3134 1764 μοι
3168 1698 3407 1776 Κύριοςς
3471 1696 3564 1762 ἔτη

1992 1791 2238 1844 ἐνιαυτοῦ
2276 1791 2350 1850 ὡς
2382 1791 2632 1852 ἐνιαυτὸς
2669 1789 2966 1859 μισθωτοῦ,
3001 1789 3162 1858 315
3193 1789 3284 1840 καὶ
3325 1785 3565 1854 ἐκλείψει

1993 1884 2025 1951 ή
2060 1883 2185 1944 δόξα
2213 1881 2428 1950 Κηδάρ,
2461 1881 2555 1932 καὶ
2583 1881 2644 1931 τὸ
2675 1882 3029 1949 κατάλειμμα
3063 1882 3173 1933 τῶν
3216 1879 3566 1946 τοξευμάτων

1991 1976 2122 2026 υἱῶν
2149 1973 2334 2042 Κηδὰρ
2361 1971 2470 2024 τῶν
2501 1971 2740 2041 ἰσχυρῶν
2767 1973 2920 2024 ἔσται
2955 1972 3158 2038 ὀλίγον,
3190 1971 3327 2023 διότι
3362 1969 3567 2037 Κύριος

1991 2067 2253 2134 ἐλάλησεν
2277 2069 2303 2119 6
2333 2065 2465 2126 Θεὸς
2501 2065 2741 2135 Ἰσραήλ.
2784 2083 2801 2116 ι
2840 2064 2997 2117 Οῦτω
3029 2065 3084 2116 δὲ
3135 2065 3228 2116 καὶ
3255 2065 3282 2116 6
3316 2063 3568 2128 σοφώτα-

1989 2176 2082 2220 τος
2127 2158 2398 2226 Στέφανος
2425 2159 2452 2210 6
2480 2155 2890 2224 Ἀλεξανδρεὺς,
2938 2155 3325 2208 ἐπακολουθῶν
3364 2155 3442 2224 τῷ
3468 2155 3566 2208 τοῦ

1993 2253 2275 2320 προφήτου
2307 2249 2478 2321 ῥητῷ,
2515 2249 2610 2302 ἐπὶ
2642 2249 2796 2312 ἔτους
2833 2247 3031 2319 ,ςρλα’,
3074 2249 3453 2317 Σεπτεμϐρίου
3493 2247 3563 2316 γ’.

1992 2343 2174 2412 ἡμέρᾳ
2203 2340 2254 2406 ς’
2286 2341 2543 2409 θεμάτιον
2577 2347 2702 2410 περὶ
2736 2341 2835 2409 τῆς
2877 2342 2984 2392 τῶν
3016 2339 3378 2408 Ἰσμαηλιτῶν
3409 2338 3566 2407 βασι-

1993 2428 2140 2488 λείας
2175 2429 2404 2495 ποιήσας
2449 2423 2898 2499 καικανονίσας,
2941 2449 2958 2478 ι
3000 2428 3168 2489 Οὗτος
3211 2428 3568 2497 κρατήσειεν

1998 2515 2141 2583 ίσχύῖ
2177 2516 2276 2582 μὲν
2327 2517 2418 2567 καὶ
2454 2516 2678 2585 εὐτυχίᾳ
2719 2516 2812 2584 έτη
2846 2517 3139 2584 τριακόσια
3185 2517 3364 2579 ἐννέα,
3418 2518 3476 2569 ὲν
3511 2517 3567 2570 δὲ

1994 2611 2274 2675 συστροφῇ
2325 2609 2416 2658 καὶ¹
2454 2607 2837 2674 ἀκαταστασία
2865 2607 3030 2675 ἔτερα
3083 2608 3177 2676 ἔτη
3223 2609 3569 2676 πεντήκοντα

1993 2697 2071 2760 ἒξ,
2105 2697 2245 2749 ὥστε
2277 2693 2418 2748 εἶναι
2449 2698 2545 2767 τὴν
2571 2698 2930 2766 διακράτησιν
2965 2698 3148 2750 αὐτῶν
3193 2700 3374 2767 πᾶσαν
3403 2701 3568 2752 εὐτυ-

1993 2786 2196 2856 χοῦσαν
2229 2789 2322 2838 καὶ
2365 2787 2735 2856 δυστυχοῦσαν
2768 2787 2862 2856 ἔτη
2911 2787 3037 2851 τξε’.
3076 2807 3093 2839 ι
3128 2765 3288 2852 Τιῦὲς
3339 2791 3440 2856 μὲν
3483 2791 3570 2843 λοο

2653 512 2702 526 νδ

1994 2877 2100 2942 ξῶς
2140 2878 2233 2931 τὸν
2282 2879 2534 2948 χρησμὸν
2574 2879 3034 2947 διαλαμϐάνοντες
3091 2879 3333 2948 λέγουσι,
3368 2882 3568 2946 Κακῶς

1993 2973 2320 3041 ὲθεμάτισεν
2371 2974 2398 3024 6
2448 2971 2804 3039 ἀστρονόμος,
2853 2971 3226 3040 λαμϐάνοντες
3254 2972 3354 3041 τὴν
3388 2975 3568 3043 ἀρχὴν

1992 3061 2085 3113 τοῦ
2122 3061 2371 3130 χρησμοῦ
2405 3061 2466 3112 ἐκ
2497 3061 2591 3112 τοῦ
2629 3061 2926 3129 εἰρημένου
2976 3061 3126 3123 ἔτους
3154 3078 3166 3090 ·
3213 3063 3306 3114 καὶ
3340 3062 3439 3116 ἐὰν
3472 3065 3568 3116 0'5-

317 3151 391 3213 ὼς
437 3153 530 3203 καὶ
557 3154 603 3203 οε
663 3151 769 3220 πρὸ
809 3152 967 3220 ήμῶν
1013 3152 1195 3219 ἅγιοι·
1245 3171 1264 3202 ι
1303 3153 1416 3205 Καὶ
1460 3155 1640 3206 πάντα
1691 3157 1799 3224 γὰρ
1825 3155 1883 3208 ὃν
1917 3163 1959 3220 c
1994 3169 2100 3214 τως
2148 3147 2216 3220 ἦν
2246 3152 2322 3211 ὡς
2378 3151 2478 3217 ἐμὲ
2515 3153 2662 3218 παχὺ
2714 3151 2934 3213 λεπτὸν,
2991 3152 3286 3205 ἐλάνθανεν
3332 3154 3564 3207 ἐκεῖνον.

320 3245 510 3313 ἀγαπᾷ
536 3241 738 3312 Κύριος
783 3245 1055 3310 παιδεύει,
1089 3248 1353 3316 μαστιγεῖ
1378 3247 1431 3299 δὲ
1465 3247 1578 3299 υίὶν
1623 3247 1680 3300 ὃν
1713 3242 1886 3316 παρα-

318 3436 400 3480 rla
426 3426 612 3494 Libya,
648 3440 769 3494 quae
809 3426 958 3479 cives
983 3426 1199 3494 imperii
1252 3425 1512 3482 caelorum
1545 3427 1789 3494 nutrivit,
1827 3437 1886 3481 ιιι

316 3519 391 3570 ait
416 3517 633 3573 divinus
656 3515 905 3580 Cusmas,
934 3531 1172 3584 quonam
1212 3523 1454 3584 tempore
1481 3517 1718 3570 subact:e
1759 3527 1885 3571 sunt

317 3611 382 3661 ab
412 3607 617 3661 Umaro
647 3621 852 3669 amera,
893 3615 1015 3675 post
1056 3606 1419 3662 Mohametem
1453 3617 1534 3660 ter
1587 3623 1883 3662 exsecran-

316 3702 444 3754 dum
481 3697 664 3757 tertio,
702 3705 755 3750 et
791 3697 840 3750 in
871 3697 1186 3751 servitutem
1222 3699 1495 3752 redactae?
1531 3697 1753 3752 Factum
1781 3699 1885 3753 hoc
1916 3711 1919 3718 ‘

315 3798 401 3844 est
455 3788 742 3842 manifesto
801 3789 1100 3856 imperante
1159 3789 1517 3842 Constantino
1583 3788 1880 3858 Pogonato,

316 3896 456 3934 anno
489 3879 674 3933 mundi
712 3879 872 3942 6l3i,
904 3889 1194 3949 antequam
1231 3890 1417 3934 sancta
1451 3892 1501 3933 ct
1544 3882 1883 3934 meumenica

314 3983 463 4027 sexta
482 3974 719 4044 synodus
744 3973 1058 4037 haberetur,
1077 3989 1187 4041 quo
1210 3983 1450 4041 tempore
1471 3989 1566 4025 nec
1589 3974 1881 4027 schismata

313 4082 412 4119 nec
441 4064 666 4119 dissidla
698 4065 750 4118 in
778 4064 1025 4119 ecclesiis
1059 4073 1234 4118 erant.
1264 4065 1556 4132 Aliquanto
1586 4073 1704 4132 post
1730 4081 1881 4134 rcges

312 4155 497 4210 labore
543 4170 650 4207 non
690 4154 795 4208 levi
830 4169 1073 4208 sanctam
1108 4154 1298 4208 urbem
1333 4171 1359 4206 a
1389 4155 1647 4209 manibus
1685 4156 1882 4224 impio-

312 4261 427 4300 rum
450 4245 779 4299 vindicatam
820 4243 1191 4298 Romanorum
1228 4244 1571 4298 tradiderunt
1604 4245 1878 4312 imperio;

311 4341 400 4390 sed
430 4339 732 4407 imperante
775 4336 980 4391 Basilio
1020 4337 1504 4407 porphyrogenito,
1555 4338 1649 4406 qui
1688 4337 1882 4406 Bulga-

313 4441 568 4484 roetonus
604 4431 941 4494 nominatur,
977 4445 1173 4484 rursus
1208 4430 1428 4500 JEgypIi
1471 4446 1687 4484 ameras
1709 4473 1724 4494 ,
1755 4430 1878 4483 Azi-

313 4521 448 4580 zius,
508 4521 753 4574 eamdem
805 4525 1162 4590 expugnavit,
1217 4523 1530 4590 sepulcrum
1579 4521 1878 4576 Salvatoris

313 4611 480 4665 nostri
501 4610 628 4665 Jesu
664 4612 866 4666 Christi
895 4623 949 4665 et
978 4625 1302 4682 sumptuose
1325 4625 1582 4668 ornatum
1619 4616 1878 4684 templum

311 4703 712 4757 sanctissimum
747 4704 800 4756 in
834 4715 1162 4772 potestatem
1222 4707 1450 4775 redegit,
1485 4707 1875 4776 supellectilem

309 4797 517 4865 polluit,
551 4797 874 4849 monasteria
910 4797 1128 4859 evertit,
1156 4797 1336 4850 ubivis
1384 4799 1495 4852 illic
1549 4815 1754 4868 corpus
1784 4814 1879 4853 ex-

307 4895 554 4939 ercentes
585 4885 906 4949 monachos,
939 4885 990 4938 in
1020 4887 1218 4954 quibus
1251 4889 1510 4942 Italorum
1542 4900 1596 4943 et
1644 4892 1874 4944 aliarum

308 4977 545 5047 gentium
601 4976 800 5045 major,
834 4991 996 5044 quam
1034 4978 1407 5032 Romanorum
1447 4995 1708 5034 numerus
1737 4991 1874 5047 erat,

309 5075 401 5119 aut
431 5066 632 5120 occidit
659 5074 754 5120 attt
793 5065 1019 5134 fugavit.
1053 5067 1218 5121 Plane
1248 5070 1449 5121 mirum
1478 5079 1657 5122 autem
1684 5078 1788 5130 est,
1819 5080 1878 5124 ut

310 5161 478 5223 aiunt,
512 5159 878 5222 Christianos,
902 5174 1026 5212 cum
1062 5159 1366 5228 conjuncta:
1394 5169 1575 5214 essent
1605 5163 1871 5226 ecclesiae,

307 5263 334 5300 a
366 5249 614 5316 Dcojtum
649 5249 700 5302 in
738 5257 1060 5316 potestatem
1105 5249 1394 5318 impiorum
1444 5252 1672 5305 traditos
1731 5269 1869 5307 esse.

307 5341 454 5392 Adeo
479 5357 544 5393 ex
581 5341 662 5393 his
692 5341 944 5393 omnibus
965 5341 1311 5409 intelligitur,
1346 5358 1451 5394 non
1501 5355 1724 5412 propter
1750 5361 1872 5412 pec-

307 5443 484 5484 catum
526 5431 744 5500 aliquod
775 5433 1022 5487 hostibus
1055 5448 1156 5488 nos
1191 5433 1472 5502 subjectos
1503 5451 1646 5496 esse,
1678 5437 1772 5490 sed
1800 5442 1870 5491 ob

306 5520 629 5588 singularem
659 5522 1061 5589 educationem,
1095 5525 1559 5593 quemadmodum
1588 5527 1714 5580 olim
1741 5544 1869 5582 san-

307 5613 372 5664 cti
391 5614 730 5667 docuerunt:
762 5633 779 5664 ι
804 5613 1200 5684 Quemcunque
1223 5617 1366 5670 enim
1391 5626 1536 5671 amat
1560 5617 1719 5682 Deus,
1739 5636 1862 5672 cum

307 5703 514 5768 edin-at,
548 5716 600 5759 et
636 5706 865 5774 castigat
913 5707 1104 5775 (ilium,
1140 5724 1300 5777 quem
1341 5711 1556 5779 recipit,
1589 5731 1606 5762 ι
1644 5723 1696 5765 et
1743 5728 1864 5782 quae

307 5807 624 5858 sequuntur.
663 5817 679 5848 ι
721 5797 916 5853 Fid-alis
958 5801 1124 5866 enim,
1161 5802 1255 5868 ait,
1310 5799 1573 5858 Dominus
1623 5816 1724 5869 est,
1773 5804 1865 5873 qui

2002 3241 2144 3310 Ἐγὼ
2182 3243 2239 3295 δὲ
2275 3244 2416 3295 κατά
2448 3244 2508 3294 τδ
2542 3228 2734 3296 δοκοῦν
2774 3243 2937 3296 τινῶν
2978 3244 3286 3313 φιλοσόφων
3319 3245 3564 3313 ἀρίστων

1989 3436 2096 3472 non
2131 3421 2406 3482 permittet
2453 3435 2547 3471 vos
2573 3419 2736 3482 ultra,
2770 3434 2932 3489 quam
2998 3421 3275 3476 sustinere
3315 3423 3562 3490 possitis,

1990 3512 2206 3565 tentari.
2251 3531 2266 3561 ι
2326 3511 2455 3565 Item
2510 3512 2722 3564 David:
2768 3531 2786 3562 ι
2829 3511 3126 3566 Educando
3171 3514 3425 3567 educavit
3475 3531 3564 3569 me

1988 3604 2271 3668 Dominus,
2307 3619 2404 3659 nec
2436 3619 2562 3656 vero
2595 3604 2755 3656 morti
2793 3621 2877 3656 me
2910 3606 3157 3658 tradidit.
3190 3623 3208 3654 ι

2057 3695 2230 3748 Etiam
2267 3697 2368 3749 hoc
2411 3696 2562 3748 audi.
2592 3696 3068 3760 Quemadmodum
3093 3698 3445 3767 Assyniorum
3481 3714 3565 3752 re-

1988 3802 2150 3854 gnum
2183 3802 2212 3839 a
2254 3786 2566 3852 Babyloniis
2613 3803 2864 3839 eversum
2916 3795 3019 3849 est,
3079 3788 3496 3858 Babyloniorum
3531 3807 3561 3845 a

1988 3876 2193 3938 Persis,
2245 3875 2534 3929 Persarum
2573 3892 2600 3929 a
2647 3876 3060 3942 Macedonibus,
3124 3879 3479 3936 Macedonum
3517 3895 3560 3943 .a

1988 3968 2269 4029 Romanis,
2312 3970 2384 4020 ita
2439 3966 2807 4021 Romanorum
2858 3985 3077 4037 quoque
3144 3957 3432 4039 imperium
3492 3974 3561 4027 ab

1985 4058 2388 4112 Otmanlidibus
2423 4077 2434 4112 :
2469 4065 2632 4126 atque
2674 4060 2869 4112 horum
2924 4061 3047 4114 linis
3094 4061 3268 4116 aderit
3314 4063 3464 4132 justo
3506 4077 3560 4117 et

1985 4151 2282 4204 constituto
2309 4158 2572 4218 tempore,
2599 4161 3046 4219 evertenturque,
3077 4154 3220 4207 sicut
3244 4159 3318 4206 alt
3337 4155 3557 4208 divinus

1984 4245 2152 4298 Isaias
2181 4244 2233 4296 in
2260 4243 2441 4312 specie
2468 4242 2735 4296 Idumaezc.
2770 4261 2788 4294 ‹
2826 4243 2968 4297 Dixit
2998 4245 3128 4296 mihi
3159 4245 3558 4300 Dominuszln-

1982 4343 2063 4388 tra
2109 4351 2332 4395 annum,
2370 4334 2546 4402 qualis
2577 4344 2658 4388 est
2706 4351 2883 4389 annus
2935 4338 3290 4400 mercennarii,
3344 4338 3558 4392 deticict

1983 4426 2155 4494 gloria
2193 4425 2390 4488 Cedar,
2419 4433 2472 4478 et
2520 4426 2760 4493 reliquiae
2793 4427 3103 4494 jaculorum
3149 4427 3372 4481 fortium
3416 4431 3556 4482 lilio-

1985 4533 2104 4569 rum
2137 4516 2312 4569 Cedar
2341 4515 2548 4584 exiguae
2576 4526 2758 4579 erunt,
2790 4518 3046 4584 quoniam
3094 4518 3380 4584 Dominus,
3417 4520 3558 4575 Deus

1982 4605 2218 4669 lsraelis,
2249 4608 2462 4660 locutus
2487 4618 2590 4661 est.
2623 4627 2641 4659 ι
2691 4611 2769 4662 Ad
2796 4615 2938 4679 quod
2964 4611 3167 4666 dictum
3200 4615 3477 4682 propheta:
3498 4631 3558 4668 se

1981 4700 2301 4770 appliquans
2324 4700 2766 4767 sapientissimus
2797 4700 3108 4771 Stephanus
3135 4704 3555 4769 Alexandrinus,

1979 4809 2122 4846 anno
2177 4795 2335 4858 6151,
2381 4793 2718 4860 Septembris
2766 4795 2854 4848 die
2894 4797 2950 4856 3,
2987 4797 3346 4852 hebdomadis
3377 4798 3431 4860 6,
3485 4799 3554 4854 de

1977 4885 2376 4938 lsmaelitarum
2415 4901 2579 4953 regno
2611 4887 2712 4939 hoc
2758 4886 2935 4940 thema
2965 4888 3086 4941 fecit
3136 4899 3188 4942 et
3215 4892 3501 4945 constituit
3536 4908 3549 4944 :

1985 4973 2064 5028 «Is
2114 4983 2361 5042 potenter
2401 4982 2452 5024 ct
2491 4989 2750 5042 prospere
2786 4978 3038 5045 regnabit
3074 4993 3246 5031 annos
3280 4989 3554 5036 trecentos

1978 5082 2194 5128 novem,
2229 5071 2280 5116 in
2318 5081 2496 5118 rerum
2537 5067 2806 5132 angustiis
2836 5078 2884 5120 cl
2911 5071 3321 5136 perturbatione
3355 5074 3551 5128 deinde

1979 5174 2157 5211 annos
2181 5158 2567 5224 quinquaginta
2591 5174 2704 5219 sex,
2724 5168 2781 5212 ut
2801 5161 3026 5213 omnino
3049 5178 3236 5217 eorum
3261 5165 3549 5234 imperium

1975 5258 2088 5303 tum
2124 5249 2362 5303 faustum
2413 5257 2526 5301 tum
2575 5250 2872 5304 infaustum
2918 5252 3163 5307 futurum
3209 5255 3278 5309 sit
3308 5273 3400 5323 per
3449 5273 3550 5311 an-

1974 5357 2072 5394 nos
2099 5339 2226 5394 565.
2262 5358 2280 5390 ι
2312 5338 2571 5394 Nonnulli
2609 5343 2926 5396 vaticinium
2959 5360 3244 5415 perperam
3284 5347 3551 5416 inti-rpre-

1975 5433 2092 5498 tati,
2119 5441 2494 5486 astronomum
2518 5433 2658 5487 male
2682 5433 3070 5490 ratiocinatum
3105 5452 3224 5491 esse
3258 5435 3546 5497 aﬂirmant,

1974 5521 2188 5574 initium
2219 5521 2482 5575 ducentes
2509 5522 2579 5575 ab
2611 5537 2698 5593 eo,
2731 5538 2892 5592 quem
2934 5524 3070 5587 dixi,
3109 5537 3274 5576 anno.
3308 5521 3462 5585 Quod
3500 5520 3546 5573 si

1970 5615 2042 5670 ita
2067 5627 2233 5683 esset,
2259 5616 2424 5672 falsus
2448 5617 2536 5670 ille
2574 5616 2733 5669 foret.
2794 5616 2860 5668 At
2889 5618 3137 5684 equidem
3161 5615 3225 5667 de
3249 5630 3309 5666 ea
3335 5628 3391 5666 rc
3415 5627 3550 5680 quo-

1970 5711 2216 5762 rumdam
2238 5707 2683 5762 doctissimorum
2707 5709 2988 5761 hominum
3007 5705 3303 5758 sententias
3319 5705 3550 5773 cognovi

1980 5813 2032 5855 et
2061 5803 2246 5869 didici,
2295 5801 2593 5856 secundum
2631 5816 2769 5869 quas
2804 5798 3023 5866 sapiens
3060 5797 3151 5850 ille
3199 5798 3280 5849 vir
3333 5797 3550 5851 initium
