4066 6296
545 307 652 369 903

1722 301 2038 363 GEORGII
2080 301 2499 362 PIIRANTZE

3693 307 3818 371 μοι

541 423 753 493 ἀνδρῶν
800 420 958 484 οίδὼς
1000 422 1094 473 καὶ
1133 419 1478 488 ἀνεγνωκὼς.
1512 421 1625 472 Οὐκ
1659 420 1833 491 ἀρχὴν
1864 420 1964 488 τῆς
1991 421 2100 470 τῶν
2132 431 2170 484 Α
2207 417 2442 478 ποικίλοι
2474 418 2535 468 τὸ
2571 418 2786 500 ἰσχυρὸν
2820 421 2911 471 καὶ
2946 419 3164 473 εὔτονον
3193 422 3290 489 τῆς
3323 397 3450 474 τῶν.
3474 421 3815 490 Ῥωμαίων

555 515 919 587 Ἰσμαηλιτῶν
949 514 1248 583 θρησκείας
1286 514 1318 581 ἢ
1359 513 1640 580 βασιλείας
1671 513 1699 563 6
1751 515 1916 579 ao<p6c
1947 506 2102 575 οὗτος

543 611 719 664 ἐποίει
753 609 860 662 ἀπὸ
895 610 1004 660 τῶν
1033 607 1244 675 χρόνων
1293 603 1564 673 Μωάμεθ,
1596 605 1709 657 ἀλλ’
1757 603 1948 672 ὥσπερ
1973 605 2102 674 περὶ

545 702 646 770 τῆς
678 697 1014 769 προφητείας
1042 698 1242 763 Δανιὴλ
1273 697 1367 750 τοῦ
1403 696 1571 748 θείου.
1599 695 1868 763 Τέταρτον
1914 695 2103 762 θηρίον

544 792 804 861 ὀνομάζει
863 789 963 860 τὴν
1008 791 1120 842 τῶν
1156 788 1444 858 Ῥωμαίων
1501 787 1819 856 βασιλείαν·
1866 785 1962 838 καὶ
2004 785 2106 838 οὐκ

545 884 719 954 ἀρχὴν
748 881 996 935 ποιοῦσιν
1036 882 1086 933 οἱ
1123 880 1387 948 ἐξηγηταὶ
1433 880 1543 932 ἀπὸ
1587 881 1801 950 Ῥώμου
1845 879 1937 932 καὶ
1975 879 2107 933 Ῥω-

548 975 742 1043 μύλου,
770 974 895 1027 οὖτε
923 972 1243 1035 δυναστείας
1281 971 1591 1040 Ῥωμαίων,
1628 971 2104 1040 άριστοκρατείας,

544 1063 970 1134 δημοκρατείας,
999 1061 1372 1130 διδακτορίας,
1404 1060 1637 1120 ὐπατίας
1682 1059 1778 1112 καὶ
1829 1058 2106 1127 βασιλείας

549 1135 1009 1224 μνημονεύουσιν,
1039 1152 1176 1206 ἀλλὰ
1209 1151 1368 1221 μόνον
1402 1153 1464 1204 ὲκ
1509 1151 1604 1202 τοῦ
1652 1149 1942 1202 Ὀκταϐίου
1973 1149 2111 1201 Καί-

548 1260 714 1310 σαρος
759 1242 846 1295 διὰ
899 1243 1000 1312 τὴν
1039 1241 1387 1296 κατάπαυσιν
1425 1242 1524 1310 τῆς
1573 1239 1893 1310 μοναρχίας,
1927 1239 2108 1300 καθὼς

544 1332 790 1387 κάτωθεν
845 1333 1167 1403 ῥηθήσεται.
1223 1331 1378 1384 Οὕτω
1433 1333 1532 1398 μὲν
1573 1330 1668 1382 καὶ
1720 1334 1748 1386 6
1799 1330 2110 1399 σοφώτατος

546 1423 820 1492 Στέφανος
848 1426 910 1476 ὲκ
940 1423 1037 1476 τοῦ
1064 1423 1332 1494 Ὀτμάνου
1363 1423 1527 1494 316
1583 1424 1778 1494 ἀμηρᾶ
1812 1422 1986 1492 ἀρχὴν
2015 1421 2109 1474 τοῦ

545 1515 795 1568 κανονίου
858 1515 1024 1568 αὑτοῦ
1085 1517 1250 1567 ποιεῖ.
1283 1515 1407 1566 Ἔτι
1466 1513 1525 1566 δὲ
1578 1513 1673 1566 καὶ
1723 1512 2111 1582 ό.σοφώτατος

545 1607 698 1661 Λέων
747 1608 776 1660 6
834 1605 1088 1675 βασιλεὺς
1141 1605 1426 1674 Ῥωμαίων
1485 1603 1745 1674 θεμάτιον
1799 1605 1893 1656 καὶ
1950 1604 2112 1667 αὐτὸς

545 1699 792 1768 ἐποίησε,
826 1697 1191 1767 τρισαρίθμου
1229 1695 1434 1752 κύκλου
1479 1693 1653 1764 εὑρὼν
1683 1696 1960 1766 κρατῆσαι
1998 1694 2110 1766 ἔχει

2168 507 2482 598 Χβασιλείας
2512 508 2753 576 δηλοῦσι.
2784 511 2856 562 Τὸ
2889 511 2944 563 δὲ
2975 511 3318 582 προσταχθὲν
3355 513 3564 576 αὐτοὺς
3595 532 3816 584 περιο-

2203 598 2394 652 δεῦσαι
2443 601 2541 664 τὴν
2585 603 2688 670 γῆν
2745 601 2989 657 διδάσκει
3042 603 3205 658 πάλιν
3254 605 3330 668 ὡς
3361 606 3450 658 διὰ
3501 607 3608 659 τοῦ
3649 608 3811 660 Θεοῦ

2204 693 2354 744 πᾶσα
2386 691 2633 760 βασιλεία
2678 694 2994 750 συνίσταται
3019 710 3033 726 ο
3065 697 3200 764 φησὶ
3230 696 3338 765 γάρ
3383 700 3411 749 6
3449 698 3752 762 Εὐσέϐιος
3785 705 3813 752 6

2207 779 2497 848 Παμφίλου
2517 799 2530 814 ·
2556 782 2682 838 Ἐπὶ
2712 784 2806 838 τοῦ
2833 784 3145 850 Αὐγούστου
3173 787 3465 842 Ὀκταϐίου
3496 791 3815 857 Καίσαρος

2206 871 2443 946 ἀρχὴνή
2492 875 2727 945 τετάρτη
2783 875 3032 956 βασιλεία
3077 878 3365 947 λαμϐάνει,
3395 882 3464 951 ἣν
3514 884 3547 935 6
3584 886 3821 954 Δανιὴλ

2207 961 2469 1031 τέταρτον
2509 963 2700 1036 θηρίον
2749 968 2980 1036 φοϐερὸν
3017 969 3297 1036 ὀνομάζει,
3333 972 3471 1025 διότι
3505 974 3621 1046 μὲν
3679 975 3820 1027 τότε

2208 1053 2424 1122 πρῶτος
2455 1056 2620 1122 αὐτὸς
2652 1058 2997 1129 ἐμονάρχησε
3029 1061 3125 1114 καὶ
3155 1063 3246 1116 τὸν
3273 1064 3478 1132 κόσμον
3504 1065 3639 1119 ὅλον
3686 1083 3825 1134 σχε-

2207 1143 2298 1196 δὸν
2345 1146 2520 1199 είπεῖν
2563 1147 2957 1215 καθυπέταξεν.
3008 1145 3179 1214 Οὗτος
3215 1155 3275 1206 ὲν
3304 1155 3465 1224 317
3519 1158 3632 1226 μιᾷ
3693 1159 3819 1209 τῶν

2211 1235 2432 1305 ἡμερῶν
2476 1239 2730 1294 ἀπελθὼν
2765 1241 2844 1302 είς
2879 1241 3116 1309 Δελφοὺς
3150 1245 3278 1306 τοὺς
3318 1245 3408 1297 νῦν
3436 1246 3824 1314 ὀνομαζομέ-

2212 1343 2334 1388 νους
2368 1327 2593 1389 Δαύλια,
2645 1327 2900 1398 ἠρώτησε
2931 1330 2991 1384 τὸ
3035 1335 3288 1400 μαντεῖον
3322 1337 3406 1392 τίς
3461 1339 3592 1402 μετ’
3625 1339 3820 1390 αὑτὸν

2214 1415 2528 1489 βασιλεύσῃ.
2583 1421 2690 1473 Τοῦ
2721 1421 2777 1476 δὲ
2829 1422 3030 1475 Πυθίου
3069 1423 3235 1492 μηδὲν
3285 1427 3758 1496 ἀποκρινομένου
3787 1435 3816 1483 6

2211 1505 2256 1557 δ’
2289 1506 2444 1568 αὖθις
2485 1509 2765 1580 ἠρώτησε,
2807 1511 2900 1569 διὰ
2925 1513 2977 1570 τί
3011 1515 3142 1584 σιγᾷ
3169 1515 3229 1568 16
3253 1520 3549 1585 μαντεῖον;
3585 1519 3743 1575 Τότε
3777 1525 3810 1589 ἡ

2214 1598 2389 1651 Πυθία
2435 1598 2539 1670 ἔφη
2587 1640 2601 1654 .
2680 1640 2695 1656 .
2775 1644 2789 1658 .
2870 1642 2885 1660 .
2965 1643 2980 1658 .
3034 1603 3314 1668 Ἐλθόντος
3359 1606 3454 1662 οὖν
3486 1610 3697 1662 τούτου
3755 1615 3809 1663 ὲν

2227 1689 2438 1762 Ῥώμῃ,
2478 1692 2575 1744 καὶ
2608 1696 2666 1745 ὲν
2705 1693 2782 1766 τῷ
2830 1695 3049 1764 μέλλειν
3084 1697 3382 1754 άποϐιῶναι
3425 1703 3810 1771 παρεγγύηςε

549 1790 798 1860 βασιλεία
823 1789 1024 1857 δυνατὴ
1065 1789 1160 1841 καὶ
1193 1787 1393 1856 ισχυρὰ
1425 1789 1460 1856 ἠ
1509 1787 1573 1840 ὲκ
1615 1786 1715 1854 τῆς
1751 1786 1952 1856 Ἅγαρ,
1987 1802 2111 1842 του·
2141 1769 2188 1832 Β
2215 1783 2342 1844 τοὺς
2377 1785 2435 1834 ἐν
2466 1784 2610 1836 τέλει
2660 1785 2824 1840 αὐτοῦ
2875 1789 3064 1856 χεῖρας
3098 1790 3365 1859 κροτῆσαι
3414 1794 3512 1846 καὶ
3558 1769 3807 1861 γελάσαι

546 1883 730 1935 τέστιν
765 1880 858 1948 ἐτη
908 1879 1218 1948 τριακόσια.
1257 1879 1321 1932 Ἠ
1352 1878 1408 1930 δὲ
1441 1875 1724 1946 συστροφὴ
1775 1877 2116 1945 πεντήκοντα

549 1970 609 2038 ἐξ
651 1970 750 2022 οὐκ
804 1969 1073 2038 ἐμνήσθη.
1117 1964 1250 2020 Εἶτα
1283 1967 1345 2020 16
1391 1964 1581 2031 ξανθὸν
1626 1966 1782 2033 γένος
1809 1965 1924 2034 ἅμα
1979 1965 2118 2034 μετὰ

548 2061 657 2114 τῶν
687 2061 1015 2130 πρακτόρων
1047 2059 1167 2111 ὅλον
1195 2056 1424 2129 Ἰσμαὴλ
1455 2055 1799 2127 τροπὼσουσι
1832 2058 1972 2108 κατὰ
1993 2055 2117 2116 τοὺς

550 2153 835 2222 χρησμοὺς
867 2151 976 2216 τῶν
1012 2149 1173 2204 θείων
1203 2150 1432 2219 ἀνδρῶν.
1475 2149 1584 2201 Καὶ
1611 2149 1699 2205 διὰ
1752 2149 1848 2219 μὲν
1887 2144 1980 2201 οὖν
2013 2149 2119 2200 τῶν

551 2242 838 2311 τεσσάρων
874 2245 1092 2312 ἀνέμων
1115 2245 1212 2304 τὰς
1246 2245 1520 2315 τέσσαρας
1563 2241 1807 2312 μεγάλας
1845 2241 2121 2312 βασιλείας

549 2336 579 2386 6
616 2335 871 2402 μέγιστος
916 2335 1156 2388 διδάσκει
1206 2333 1482 2404 Ζαχαρίας
1521 2335 1614 2384 καὶ
1649 2333 1846 2400 Δανιὴλ
1883 2333 1910 2384 6
1957 2332 2117 2396 θεῖος,

550 2426 650 2491 τὴν
678 2424 962 2478 Χαλδαίων
1009 2425 1174 2492 λέγω,
1203 2423 1301 2490 τὴν
1333 2423 1558 2493 Περσῶν
1604 2423 1699 2475 καὶ
1739 2422 1840 2491 τὴν
1865 2422 1974 2476 τῶν
1998 2423 2123 2478 Μα-

553 2515 788 2568 κεδόνων
820 2515 914 2566 καὶ
955 2515 1052 2585 τὴν
1097 2515 1214 2568 τῶν
1251 2515 1561 2583 Ῥωμαίων.
1593 2515 1674 2567 Τὰ.
1696 2513 1752 2566 δὲ
1786 2515 1880 2567 δύο
1919 2513 2020 2582 ὅρη
2054 2514 2124 2566 τὰ

555 2605 738 2674 χαλκᾶ
762 2607 830 2659 τὰ
861 2604 955 2658 δύο
989 2605 1230 2674 κλίματα
1266 2603 1363 2672 τῆς
1393 2605 1720 2673 οἰκουμένης
1754 2599 1896 2656 εἶναι
1935 2604 2120 2672 φασίν·

555 2695 632 2754 εἰς
661 2693 757 2746 δύο
797 2693 904 2762 γὰρ
938 2691 1217 2760 τέμνεται,
1247 2693 1326 2756 εἷς
1373 2697 1432 2744 τε
1463 2691 1654 2744 Ἀσίαν
1696 2693 1792 2749 καὶ⁴
1819 2691 2117 2761 Εὐρώπην.

514 2812 517 2815 -
554 2784 667 2837 Καὶ
696 2784 874 2853 οίσμὲν
902 2784 1102 2854 πυρροί
1127 2785 1282 2837 ἵπποι
1309 2785 1371 2838 τὸ
1398 2783 1683 2853 μιαιφόνον
1710 2783 1817 2835 τῶν
1837 2784 2123 2838 Χαλδαίων

556 2875 946 2945 σημαίνουσιν,
980 2875 1031 2926 oi
1084 2875 1140 2927 δὲ
1174 2875 1402 2942 μέλανες
1443 2873 1533 2926 τὸν
1579 2873 1938 2942 ἐπενεχθέντα
1969 2875 2123 2944 παρὰ

555 2965 784 3034 Περσῶν
811 2967 906 3020 καὶ
935 2965 1139 3032 Μήδων
1171 2968 1284 3028 τοῖς
1316 2964 1682 3027 Βαϐυλωνίοις
1711 2964 1963 3028 θάνατον,
1993 2966 2040 3018 οί
2067 2965 2124 3018 δὲ

2219 1875 2294 1936 ὼς
2322 1877 2412 1932 ἐπὶ
2450 1879 2618 1947 μίμου
2650 1881 2930 1949 τελευτῆς.
2959 1884 3133 1938 Τοῦτο
3159 1885 3214 1937 δὲ
3247 1886 3473 1955 ποιῆσαι
3493 1887 3807 1956 διωρίσατο

2219 1968 2552 2021 ἀποσκοπῶν
2609 1970 2690 2033 είς
2727 1969 2820 2024 τὸν
2871 1973 3213 2046 ἀνθρώπινον
3266 1976 3380 2046 βίον
3423 1977 3498 2041 ὡς
3550 1979 3805 2046 γέλωτος

2220 2056 2390 2120 ἄξιον.

2291 2149 2402 2202 Καὶ
2449 2151 2576 2220 περὶ
2611 2152 2712 2220 μὲν
2757 2149 2852 2207 οὖν
2880 2155 2988 2211 τῶν
3031 2160 3453 2228 προειρημένων
3497 2162 3802 2230 βασιλειῶν

2221 2239 2420 2310 Δανιὴλ
2449 2243 2477 2293 6
2508 2240 2653 2306 θεῖος
2689 2246 2977 2314 προφήτης
3010 2249 3102 2302 καὶ
3147 2248 3174 2301 6
3216 2249 3358 2312 θεῖος
3387 2253 3672 2322 Ζαχαρίας
3706 2257 3801 2306 καί

2221 2331 2422 2400 ἕτεροι,
2449 2331 2524 2396 ὡς
2556 2335 2918 2404 προείπομεν.
2942 2339 3043 2409 τήν
3069 2356 3128 2392 τε
3153 2341 3460 2410 ἀνόρθωσιν
3485 2345 3672 2396 αὐτῶν
3705 2349 3801 2398 καὶ

2225 2423 2521 2478 κατάλυσιν
2565 2427 2662 2479 καὶ
2707 2428 2778 2480 τὰ
2807 2431 3095 2498 συμϐάντα
3145 2433 3325 2487 πάντα
3351 2435 3442 2488 διὰ
3473 2437 3798 2504 Πνεὺματος

2225 2514 2381 2584 ἁγίου
2411 2516 2678 2584 λέγουσιν,
2714 2520 2928 2588 ὁμοίως
2959 2521 3015 2574 δὲ
3062 2524 3155 2577 καὶ
3198 2525 3418 2587 Ἡσαΐας
3449 2527 3545 2580 καὶ
3571 2529 3614 2580 6
3635 2529 3798 2596 σοφὸς

2226 2607 2498 2674 Στέφανος
2553 2611 2648 2662 καὶ
2697 2611 2901 2664 Λέωνό
2932 2611 3192 2682 βασιλεὺς
3237 2617 3367 2685 περὶ
3418 2618 3517 2685 τῆς
3548 2620 3797 2672 καταλύ-

2227 2713 2364 2758 σεως
2395 2699 2496 2768 τῆς
2525 2699 2830 2768 βασιλείας,
2865 2703 2940 2765 ὡς
2972 2705 3333 2774 προείπομεν.
3383 2705 3442 2760 Ὀ
3465 2707 3521 2762 δὲ
3549 2708 3793 2780 θεόπτης

2225 2788 2430 2858 Μωσῆς
2459 2792 2587 2860 περὶ
2616 2791 2934 2854 ἀναϐάσεως
2969 2797 3063 2846 καὶ
3089 2796 3346 2863 εὐτυχίας
3371 2798 3429 2848 ἐν
3450 2801 3516 2867 τῇ
3571 2799 3789 2853 Γενέσει

2225 2878 2352 2933 τάδε
2380 2879 2656 2946 διέξεισινο
2679 2899 2698 2932 ι
2724 2882 2781 2935 '0
2804 2885 3148 2954 πατριάρχης
3174 2886 3330 2954 ἡμῶν
3363 2887 3619 2958 Ἀϐραάμ
3641 2889 3795 2952 υἱοὺς

2227 2967 2517 3036 ἐγέννησεν
2547 2970 2712 3036 ὀκτὼ,
2760 2973 2976 3042 πρῶτον
3009 2975 3111 3044 μὲν
3141 2974 3372 3046 ἰσμαὴλ
3417 2978 3509 3028 τὸν
3534 2977 3693 3031 νόθον
3729 2980 3790 3031 ὲκ

521 3134 524 3137 Ι
553 3057 741 3108 λευκοὶ
769 3056 830 3108 16
855 3057 1024 3124 σαφὲς
1057 3056 1157 3124 τῆς
1203 3055 1364 3126 δόξης
1394 3055 1504 3108 τῶν
1535 3056 1861 3111 Μακεδόνων
1884 3071 1898 3086 ο
1929 3057 1989 3108 οὐ
2017 3059 2124 3128 γὰρ
2155 3092 2201 3156 c
2230 3057 2330 3126 τῆς
2365 3058 2567 3128 Ἀγαρ,
2619 3059 2877 3129 δεύτερον
2907 3062 3094 3120 Ἰσαὰκ
3128 3063 3186 3127 ἐξ
3226 3065 3554 3132 ἐπαγγελίας
3588 3069 3652 3122 ἐκ
3693 3071 3791 3136 τῆς

558 3146 746 3216 ὥσπερ
773 3147 826 3199 αί
852 3146 1012 3200 ἄλλαι
1045 3145 1318 3215 βασιλεῖαι
1344 3147 1436 3198 καὶ⁵
1465 3145 1625 3214 αὕτη.
1657 3145 1716 3198 Οί
1744 3146 1801 3198 δὲ
1828 3146 1995 3218 ψαροὶ
2021 3147 2117 3217 καὶ

559 3317 970 3397 superstitionis
997 3332 1050 3376 et
1079 3321 1292 3392 inperii
1313 3319 1709 3375 lsmaelitarum
1738 3334 1846 3374 non
1879 3336 1908 3374 a
1940 3319 2130 3374 Moha-

559 3419 723 3474 metis
754 3425 912 3472 aetate
946 3415 1118 3480 duxit,
1173 3415 1266 3469 sed
1303 3413 1369 3467 ad
1413 3412 1630 3469 modum
1671 3411 1912 3466 vaticinii
1958 3412 2129 3466 divini

563 3509 802 3563 Danielis
837 3508 1051 3562 locutus
1081 3516 1184 3560 est.
1217 3504 1270 3558 ls
1308 3514 1555 3573 quartam
1584 3503 1810 3556 bestiam
1855 3501 2130 3556 Romano-

560 3614 681 3652 rum
705 3597 998 3667 imperium
1044 3594 1338 3664 appellavit
1369 3611 1383 3647 :
1416 3607 1516 3646 nec
1539 3592 1868 3659 interpretes
1897 3605 1928 3644 a
1956 3591 2130 3645 Remo

561 3701 616 3744 et
665 3687 896 3742 Romulo
927 3687 1142 3740 initium
1183 3685 1426 3753 capiunt,
1459 3692 1552 3736 aut
1583 3681 1952 3736 Romanorum
1978 3683 2132 3751 prin-

563 3781 800 3851 cipatus,
823 3778 1109 3843 nobilium,
1135 3776 1330 3848 plebis,
1349 3767 1701 3839 dictatorum,
1717 3774 2030 3838 consulum,
2045 3788 2132 3828 re-

564 3889 687 3941 gum
713 3872 943 3941 imperia
974 3875 1438 3932 commemorant,
1465 3864 1559 3921 sed
1584 3866 1652 3919 ab
1672 3865 1896 3919 Octavio
1917 3866 2130 3919 demum

563 3959 781 4014 Caesare
811 3966 1034 4027 propter
1058 3955 1260 4010 exitum
1292 3954 1641 4018 monarchiai,
1671 3953 2130 4021 quemadmodum

565 4051 706 4106 infra
743 4049 1044 4104 docebitur.
1089 4047 1286 4101 Eodem
1317 4046 1480 4115 igitur
1508 4044 1667 4097 modo
1687 4044 2128 4113 sapientissimus

567 4143 878 4212 Stephanus
909 4143 976 4196 ab
1014 4119 1243 4193 Otmane
1289 4151 1473 4190 amera
1523 4135 1750 4190 canonis
1794 4136 1874 4188 sui
1921 4135 2134 4188 initium

563 4225 714 4288 facit.
731 4232 902 4286 Etiam
924 4231 1277 4285 doctissimus
1309 4227 1678 4282 Romanorum
1702 4227 2004 4296 imperator
2029 4226 2138 4281 Leo

565 4327 749 4379 thema
777 4324 929 4387 fecit,
963 4323 1054 4390 qui
1085 4321 1369 4375 ﬂorentem
1399 4326 1451 4372 et
1479 4318 1752 4386 vigentem
1789 4316 2003 4387 imperii
2041 4316 2140 4370 Sa-

2233 3150 2493 3215 γυναικὺς
2516 3150 2681 3206 αὐτοῦ
2705 3151 2946 3224 Σάρρας,
2968 3154 3025 3215 ὃς
3048 3155 3141 3207 καὶ
3168 3155 3436 3227 εὐλογήθη
3462 3159 3614 3229 παρὰ
3634 3159 3790 3214 Θεοῦ.

2230 3325 2438 3382 colores
2484 3327 2655 3382 robur
2693 3336 2747 3384 et
2792 3330 3092 3400 potentiam
3144 3332 3358 3398 imperii
3391 3333 3786 3390 Romanorum.

2229 3413 2434 3468 Deinde
2462 3417 2744 3481 mandato,
2776 3427 2836 3471 ut
2876 3428 3076 3474 terram
3133 3421 3356 3484 obeant,
3426 3423 3788 3491 signiﬁcatur,

2231 3521 2329 3574 per
2362 3507 2529 3562 Deum
2569 3525 2730 3564 omne
2753 3520 3007 3571 constare
3043 3527 3296 3588 regnum.
3337 3513 3477 3568 Dicit
3509 3518 3651 3569 enim
3683 3517 3790 3570 Eu-

2233 3598 2419 3654 sebius
2444 3599 2732 3670 Pamphili,
2765 3604 2833 3657 ab
2865 3606 3106 3674 Augusto
3129 3603 3354 3659 Octavio
3383 3606 3596 3660 Cresare
3630 3624 3790 3677 quar-

2235 3691 2348 3736 tum
2412 3699 2636 3754 regnum
2673 3689 2886 3743 initium
2919 3706 3137 3761 capere,
3172 3694 3432 3760 quoniam
3465 3703 3576 3746 tum
3608 3697 3655 3748 is
3682 3701 3790 3764 pri-

2233 3787 2360 3827 mus
2407 3778 2561 3829 solus
2596 3777 2899 3850 imperavit,
2928 3789 2982 3832 et
3013 3787 3185 3833 totum
3227 3795 3375 3848 paene
3417 3783 3598 3836 orbem
3623 3796 3788 3837 terra-

2236 3879 2358 3916 rum
2404 3865 2506 3918 sibi
2561 3866 2814 3934 subjecit.
2850 3866 2908 3922 ἰδ’
2933 3871 3206 3934 quondam
3243 3871 3495 3939 Delphos,
3533 3874 3620 3941 qui
3647 3889 3786 3926 nunc

2188 4020 2194 4025 _
2235 3953 2423 4008 Daulia
2455 3956 2811 4024 appellantur,
2848 3959 3151 4028 profectus,
3182 3961 3468 4015 oraculum
3500 3963 3770 4024 consuluit,

2236 4041 2359 4110 quis
2390 4052 2510 4109 post
2536 4043 2981 4112 scimperaturus
3019 4058 3184 4102 esset.
3241 4049 3375 4103 Cum
3425 4053 3547 4103 nihil
3569 4067 3768 4118 respon-

2237 4131 2394 4185 deret
2421 4131 2636 4202 Pythia,
2661 4133 2860 4189 iterum
2895 4136 3129 4204 rogavit,
3165 4154 3335 4205 quare
3372 4139 3624 4193 oraculum
3647 4138 3769 4190 sile-

2239 4232 2343 4278 ret.
2381 4223 2515 4277 Tum
2547 4223 2737 4295 Pythia
2774 4229 3084 4296 respondit.
3124 4270 3138 4284 .
3175 4267 3191 4283 .
3225 4268 3238 4281 .
3277 4229 3323 4292 is
3360 4229 3578 4282 Romam
3607 4242 3778 4280 rever-

2241 4326 2356 4373 sus,
2389 4327 2510 4366 cum
2544 4329 2689 4368 mors
2710 4314 2809 4383 ipsi
2860 4316 3105 4382 instaret,
3134 4319 3424 4385 imperavit
3448 4317 3778 4386 primoribus.

566 4431 895 4472 racenorum
949 4423 1146 4468 statum
1181 4420 1264 4465 ter
1293 4407 1718 4475 computandum
1751 4407 2015 4460 circulum
2051 4415 2130 4458 te-
2158 4409 2212 4470 1)
2239 4409 2298 4454 ut
2331 4403 2645 4468 plauderent
2673 4415 2728 4459 et
2761 4407 3002 4460 riderent
3031 4417 3090 4460 ut
3111 4410 3162 4460 in
3199 4409 3304 4462 line
3341 4411 3514 4461 mimi.
3548 4408 3652 4462 Hoc
3678 4409 3779 4460 θειτί

564 4525 713 4571 nere,
748 4509 852 4561 hoc
882 4512 991 4567 est,
1022 4516 1194 4555 annos
1234 4508 1504 4554 trecentos
1551 4497 1873 4550 duraturum
1900 4497 2130 4550 invenit.

565 4596 870 4652 Pcrturbati
892 4591 1112 4662 imperii
1138 4606 1234 4659 per
1267 4603 1438 4642 anuos
1458 4587 1856 4656 quinquaginta
1883 4599 1979 4639 sex
2020 4601 2129 4639 non

566 4691 692 4744 fecit
720 4687 1073 4743 mentionem.
1112 4679 1313 4735 Deinde
1339 4679 1477 4733 ﬂava
1500 4693 1632 4748 gens
1670 4691 1775 4729 una
1810 4691 1932 4734 cum
1962 4677 2134 4730 vindi.

565 4781 719 4834 cibus
743 4794 906 4833 omne
935 4773 1178 4831 lsmaclis
1214 4785 1390 4840 genus
1428 4768 1638 4836 iugabit
1666 4769 1965 4821 secundum
1998 4767 2132 4820 divi-

569 4884 764 4923 norum
801 4868 1084 4920 hominum
1131 4858 1681 4924 vaticinia.Quatuor
1731 4859 1904 4912 ventis
1951 4867 2130 4911 autem

567 4967 804 5026 quatuor
829 4970 1022 5024 magna
1055 4952 1283 5022 imperia
1312 4949 1610 5003 Zacharias
1633 4957 1686 5002 et
1706 4947 1924 5002 divinus
1949 4945 2134 4999 Daniel

568 5047 897 5116 signiﬁcant,
951 5045 1352 5104 Chaldaeorum,
1403 5041 1722 5103 Persarum,
1777 5039 2132 5092 Macedonum

570 5153 625 5194 et
653 5140 1042 5193 Romanorum.
1094 5138 1238 5190 Duos
1281 5147 1460 5188 amcos
1499 5143 1712 5210 montes
1759 5138 1941 5182 autem
1993 5131 2133 5181 duas

575 5243 732 5285 terra:
784 5231 1037 5298 regiones
1070 5242 1193 5281 esse
1223 5226 1411 5279 dicunt
1443 5239 1458 5287 ;
1505 5222 1561 5274 in
1594 5222 1730 5274 duas
1764 5220 1908 5271 enim
1959 5230 2138 5284 partes

575 5330 716 5376 terra
748 5318 1026 5380 dividitur,
1051 5314 1238 5369 Asiam
1269 5325 1322 5367 et
1350 5311 1643 5377 Europam.
1669 5309 1845 5374 Atque
1873 5312 1974 5360 ruh
2012 5309 2136 5376 equi

574 5412 913 5465 atrocitatem
937 5407 1316 5462 Chaldaeorum
1354 5401 1684 5471 signiﬁcant,
1719 5397 1862 5466 nigri
1896 5415 1922 5450 a
1953 5398 2138 5453 Persis

573 5515 628 5554 et
654 5500 819 5553 Medis
852 5495 1156 5567 Babyloniis
1184 5495 1390 5546 illatum
1430 5490 1729 5549 interitum,
1780 5487 1996 5548 candidi
2029 5489 2140 5540 cla-

576 5607 690 5645 ram
725 5589 1076 5643 Maeedouum
1111 5585 1376 5656 gloriam;
1415 5595 1587 5650 neque
1622 5582 1768 5633 enim
1805 5579 1997 5632 horum
2045 5581 2144 5631 im-

579 5683 788 5752 perium
825 5685 1037 5737 caeteris
1075 5680 1254 5735 simile
1283 5686 1366 5732 est
1392 5693 1407 5741 ;
1437 5675 1704 5730 cineracei
1736 5689 1861 5729 vero
1883 5680 1937 5726 et
1973 5675 2140 5725 versi-

2234 4493 2425 4559 voluit,
2457 4495 2713 4561 quoniam
2761 4495 2926 4550 vitam
2983 4513 3097 4550 rem
3137 4514 3257 4553 esse
3291 4500 3404 4553 risu
3444 4499 3657 4568 dignam
3695 4515 3780 4567 pu-

2237 4583 2410 4636 tabat.

2309 4675 2381 4726 De
2411 4674 2480 4727 iis
2522 4674 2690 4743 igitur
2713 4717 2727 4741 ,
2760 4692 2880 4746 quae
2916 4678 3080 4732 modo
3107 4677 3530 4744 commemoravi
3558 4718 3572 4740 ,
3614 4679 3777 4744 regnis

2236 4762 2444 4823 Daniel,
2483 4766 2696 4821 divinus
2757 4771 3035 4836 prOpheta,
3066 4769 3282 4822 divinus
3352 4767 3641 4821 Zacharias
3679 4767 3784 4818 alii-

2234 4869 2364 4923 que,
2395 4863 2453 4908 ut
2479 4857 2687 4910 dictum
2721 4869 2820 4920 est,
2846 4859 2910 4911 de
2934 4874 3118 4932 eorum
3145 4869 3256 4913 tum
3285 4859 3492 4926 origine
3525 4867 3635 4910 tum
3658 4857 3784 4910 exitu

2237 4955 2290 4999 et
2356 4950 2517 5001 rebus
2548 4949 2736 5016 gestis,
2774 4965 2803 5002 a
2829 4959 3021 5002 sancto
3051 4949 3255 5012 Spiritu
3299 4949 3496 5007 edocti,
3533 4948 3785 5000 dixerunt.

2239 5037 2506 5091 Similiter
2529 5055 2649 5105 quae
2669 5040 2924 5102 lsaias,ct
2956 5041 3392 5107 sapientissimus
3414 5038 3709 5106 Stephanus
3737 5047 3786 5088 et

2239 5128 2345 5181 Leo
2372 5130 2666 5196 imperator
2696 5132 2762 5183 de
2793 5131 2943 5184 exitu
2968 5131 3175 5197 imperii
3205 5131 3513 5193 docuerint,
3543 5127 3788 5195 explicui-

2237 5233 2381 5271 mus.
2433 5216 2536 5281 Qui
2598 5217 2762 5270 Deum
2810 5218 2940 5271 vidit
2997 5219 3172 5273 Moses
3219 5219 3286 5272 de
3340 5218 3680 5272 incrementis
3743 5227 3791 5269 et

2240 5323 2494 5361 successu
2523 5308 2577 5360 in
2602 5307 2798 5362 Genesi
2821 5308 2934 5362 haec
2965 5309 3198 5379 explicat
3232 5327 3246 5364 :
3281 5327 3298 5358 ι
3323 5309 3676 5371 Abrahamus,
3706 5322 3792 5374 pa-

2242 5400 2478 5451 triarcha
2558 5409 2768 5466 noster,
2829 5401 2967 5454 ﬁlios
3016 5410 3140 5454 octo
3201 5399 3523 5467 procreavit,
3583 5397 3789 5463 primum

2242 5489 2520 5541 lsmaelem
2556 5491 2803 5554 nothum,
2829 5505 2892 5542 ex
2922 5492 3084 5558 Agar,
3122 5490 3312 5542 deinde
3357 5489 3676 5557 promissum
3698 5485 3790 5542 sibi

2241 5577 2484 5632 lsaacum
2517 5595 2546 5632 e
2569 5579 2730 5632 Sarra
2761 5597 2946 5645 uxore,
2981 5581 3068 5634 cui
3123 5581 3461 5632 benedictum
3495 5587 3575 5629 est
3606 5593 3632 5627 a
3674 5574 3786 5627 Deo.

2243 5673 2407 5729 Sarra
2442 5685 2675 5739 mortua,
2707 5676 2993 5731 Cheturam
3043 5677 3213 5740 duxit,
3247 5691 3276 5728 e
3311 5691 3411 5738 qua
3436 5673 3570 5724 [ilius
3605 5685 3687 5721 sex
3710 5685 3782 5733 θ’θ-

3979 2857 3981 2912 l
