  <div class='ocr_page' id='page_1' title='image "/cluster/home/n/w/nwhite01/storage/ocr_20150623/156/mdp.39015078384719/482.png"; bbox 0 0 4066 6296; ppageno 0'>
   <div class='ocr_carea' id='block_1_1' title="bbox 282 383 395 444">
    <p class='ocr_par' dir='ltr' id='par_1_1' title="bbox 282 383 395 444">
     <span class='ocr_line' id='line_1_1' title="bbox 282 383 395 444; baseline 0 0"><span class='ocrx_word' id='word_1_1' title='bbox 282 383 395 444; x_wconf 59' lang='lat'><strong>9515</strong></span> 
     </span>
    </p>
   </div>
   <div class='ocr_carea' id='block_1_2' title="bbox 1322 356 2491 426">
    <p class='ocr_par' dir='ltr' id='par_1_2' title="bbox 1322 356 2491 426">
     <span class='ocr_line' id='line_1_2' title="bbox 1322 356 2491 426; baseline -0.009 0"><span class='ocrx_word' id='word_1_2' title='bbox 1322 363 1762 426; x_wconf 74' lang='lat' dir='ltr'><strong>CIIRONICON</strong></span> <span class='ocrx_word' id='word_1_3' title='bbox 1804 359 2071 420; x_wconf 76' lang='lat' dir='ltr'><strong>MAJUS.</strong></span> <span class='ocrx_word' id='word_1_4' title='bbox 2112 383 2175 393; x_wconf 84' lang='lat'><strong>-</strong></span> <span class='ocrx_word' id='word_1_5' title='bbox 2203 357 2354 418; x_wconf 88' lang='lat' dir='ltr'><strong>LIB.</strong></span> <span class='ocrx_word' id='word_1_6' title='bbox 2390 356 2491 415; x_wconf 78' lang='grc' dir='ltr'>ιν.</span> 
     </span>
    </p>
   </div>
   <div class='ocr_carea' id='block_1_3' title="bbox 3415 349 3520 411">
    <p class='ocr_par' dir='ltr' id='par_1_3' title="bbox 3415 349 3520 411">
     <span class='ocr_line' id='line_1_3' title="bbox 3415 349 3520 411; baseline 0.038 -4"><span class='ocrx_word' id='word_1_7' title='bbox 3415 349 3520 411; x_wconf 74' lang='grc'><strong>906</strong></span> 
     </span>
    </p>
   </div>
   <div class='ocr_carea' id='block_1_4' title="bbox 273 464 3528 558">
    <p class='ocr_par' dir='ltr' id='par_1_4' title="bbox 273 464 3528 558">
     <span class='ocr_line' id='line_1_4' title="bbox 273 464 3528 558; baseline -0.005 -25"><span class='ocrx_word' id='word_1_8' title='bbox 273 497 434 552; x_wconf 73' lang='grc' dir='ltr'><strong>Μετά</strong></span> <span class='ocrx_word' id='word_1_9' title='bbox 463 493 518 546; x_wconf 69' lang='grc' dir='ltr'><strong>δὲ</strong></span> <span class='ocrx_word' id='word_1_10' title='bbox 550 492 612 544; x_wconf 78' lang='grc' dir='ltr'><strong>τδ</strong></span> <span class='ocrx_word' id='word_1_11' title='bbox 653 488 948 545; x_wconf 79' lang='grc' dir='ltr'><strong>ἀποθανεῖν</strong></span> <span class='ocrx_word' id='word_1_12' title='bbox 987 476 1205 558; x_wconf 76' lang='grc' dir='ltr'>Σάῥραν</span> <span class='ocrx_word' id='word_1_13' title='bbox 1238 484 1397 538; x_wconf 73' lang='grc' dir='ltr'>ἔλασε</span> <span class='ocrx_word' id='word_1_14' title='bbox 1431 484 1530 552; x_wconf 74' lang='grc' dir='ltr'>τὴν</span> <span class='ocrx_word' id='word_1_15' title='bbox 1566 480 1848 547; x_wconf 74' lang='grc' dir='ltr'>Χετοῦραν</span> <span class='ocrx_word' id='word_1_16' title='bbox 1877 483 1927 538; x_wconf 72' lang='grc' dir='ltr'><strong>Α</strong></span> <span class='ocrx_word' id='word_1_17' title='bbox 1961 471 2213 551; x_wconf 68' lang='grc' dir='ltr'>καλέσεις</span> <span class='ocrx_word' id='word_1_18' title='bbox 2243 469 2306 521; x_wconf 75' lang='grc' dir='ltr'>τὸ</span> <span class='ocrx_word' id='word_1_19' title='bbox 2342 470 2510 538; x_wconf 72' lang='grc' dir='ltr'>ὄνομα</span> <span class='ocrx_word' id='word_1_20' title='bbox 2551 465 2719 523; x_wconf 75' lang='grc' dir='ltr'>αὐτοῦ</span> <span class='ocrx_word' id='word_1_21' title='bbox 2753 466 2958 528; x_wconf 71' lang='grc' dir='ltr'>Ἰσαὰκ,</span> <span class='ocrx_word' id='word_1_22' title='bbox 3012 464 3102 516; x_wconf 73' lang='grc' dir='ltr'>καὶ</span> <span class='ocrx_word' id='word_1_23' title='bbox 3146 464 3310 534; x_wconf 75' lang='lat'><strong>319</strong></span> <span class='ocrx_word' id='word_1_24' title='bbox 3345 467 3528 534; x_wconf 81' lang='grc' dir='ltr'>στήσω</span> 
     </span>
    </p>
   </div>
   <div class='ocr_carea' id='block_1_5' title="bbox 273 571 1843 654">
    <p class='ocr_par' dir='ltr' id='par_1_5' title="bbox 273 571 1843 654">
     <span class='ocr_line' id='line_1_5' title="bbox 273 571 1843 654; baseline -0.013 -16"><span class='ocrx_word' id='word_1_25' title='bbox 273 589 357 648; x_wconf 73' lang='grc' dir='ltr'>εἰς</span> <span class='ocrx_word' id='word_1_26' title='bbox 389 587 646 654; x_wconf 80' lang='grc' dir='ltr'>γυναῖκα,</span> <span class='ocrx_word' id='word_1_27' title='bbox 675 583 734 647; x_wconf 79' lang='grc' dir='ltr'>ἐξ</span> <span class='ocrx_word' id='word_1_28' title='bbox 758 576 825 652; x_wconf 77' lang='grc' dir='ltr'>ἦς</span> <span class='ocrx_word' id='word_1_29' title='bbox 847 581 1140 649; x_wconf 74' lang='grc' dir='ltr'>ἐγέννησεν</span> <span class='ocrx_word' id='word_1_30' title='bbox 1163 577 1313 639; x_wconf 76' lang='grc' dir='ltr'>υἱοὺς</span> <span class='ocrx_word' id='word_1_31' title='bbox 1342 576 1422 641; x_wconf 78' lang='grc' dir='ltr'>ἓξ,</span> <span class='ocrx_word' id='word_1_32' title='bbox 1453 575 1544 626; x_wconf 80' lang='grc' dir='ltr'><strong>τὸν</strong></span> <span class='ocrx_word' id='word_1_33' title='bbox 1567 571 1843 641; x_wconf 68' lang='grc' dir='ltr'>Ζομὸράν,</span> 
     </span>
    </p>
   </div>
   <div class='ocr_carea' id='block_1_6' title="bbox 274 663 1847 742">
    <p class='ocr_par' dir='ltr' id='par_1_6' title="bbox 274 663 1847 742">
     <span class='ocr_line' id='line_1_6' title="bbox 274 663 1847 742; baseline -0.011 -10"><span class='ocrx_word' id='word_1_34' title='bbox 274 677 370 732; x_wconf 70' lang='grc' dir='ltr'>τὸν</span> <span class='ocrx_word' id='word_1_35' title='bbox 401 675 593 742; x_wconf 72' lang='grc' dir='ltr'>ἶιεζαὶ,</span> <span class='ocrx_word' id='word_1_36' title='bbox 635 676 726 729; x_wconf 67' lang='grc' dir='ltr'>τὸν</span> <span class='ocrx_word' id='word_1_37' title='bbox 761 675 964 739; x_wconf 68' lang='grc' dir='ltr'>Μαδξϊί,</span> <span class='ocrx_word' id='word_1_38' title='bbox 1011 674 1102 725; x_wconf 84' lang='grc' dir='ltr'><strong>τὸν</strong></span> <span class='ocrx_word' id='word_1_39' title='bbox 1134 671 1366 739; x_wconf 81' lang='grc' dir='ltr'>Μαδιάμ</span> <span class='ocrx_word' id='word_1_40' title='bbox 1414 669 1505 720; x_wconf 76' lang='grc' dir='ltr'><strong>καὶ</strong></span> <span class='ocrx_word' id='word_1_41' title='bbox 1540 666 1631 718; x_wconf 85' lang='grc' dir='ltr'><strong>τὸν</strong></span> <span class='ocrx_word' id='word_1_42' title='bbox 1672 663 1847 717; x_wconf 86' lang='grc' dir='ltr'>Ἐϐόει</span> 
     </span>
    </p>
   </div>
   <div class='ocr_carea' id='block_1_7' title="bbox 275 757 1848 832">
    <p class='ocr_par' dir='ltr' id='par_1_7' title="bbox 275 757 1848 832">
     <span class='ocr_line' id='line_1_7' title="bbox 275 757 1848 832; baseline -0.012 -7"><span class='ocrx_word' id='word_1_43' title='bbox 275 772 373 826; x_wconf 74' lang='grc' dir='ltr'>καὶ</span> <span class='ocrx_word' id='word_1_44' title='bbox 400 771 494 824; x_wconf 71' lang='grc' dir='ltr'>τὸν</span> <span class='ocrx_word' id='word_1_45' title='bbox 515 771 685 822; x_wconf 84' lang='grc' dir='ltr'>Σοῖαι.</span> <span class='ocrx_word' id='word_1_46' title='bbox 719 767 864 820; x_wconf 80' lang='grc' dir='ltr'>Ἀλλ’</span> <span class='ocrx_word' id='word_1_47' title='bbox 897 769 989 818; x_wconf 74' lang='grc' dir='ltr'><strong>ἐπὶ</strong></span> <span class='ocrx_word' id='word_1_48' title='bbox 1011 765 1103 817; x_wconf 78' lang='grc' dir='ltr'><strong>τὸν</strong></span> <span class='ocrx_word' id='word_1_49' title='bbox 1130 763 1357 832; x_wconf 78' lang='grc' dir='ltr'>’ῐσμαὴλ</span> <span class='ocrx_word' id='word_1_50' title='bbox 1388 761 1482 812; x_wconf 73' lang='grc' dir='ltr'>τὸν</span> <span class='ocrx_word' id='word_1_51' title='bbox 1509 757 1662 811; x_wconf 82' lang='grc' dir='ltr'>νόθον</span> <span class='ocrx_word' id='word_1_52' title='bbox 1685 759 1848 808; x_wconf 72' lang='grc' dir='ltr'>ἐπαν-</span> 
     </span>
    </p>
   </div>
   <div class='ocr_carea' id='block_1_8' title="bbox 189 847 1845 932">
    <p class='ocr_par' dir='ltr' id='par_1_8' title="bbox 189 847 1845 932">
     <span class='ocr_line' id='line_1_8' title="bbox 189 847 1845 932; baseline -0.013 -14"><span class='ocrx_word' id='word_1_53' title='bbox 189 883 212 894; x_wconf 73' lang='lat'><em>&#39;</em></span> <span class='ocrx_word' id='word_1_54' title='bbox 275 863 549 932; x_wconf 67' lang='grc' dir='ltr'>έλθωμεν.</span> <span class='ocrx_word' id='word_1_55' title='bbox 613 860 780 929; x_wconf 76' lang='lat'><strong>318</strong></span> <span class='ocrx_word' id='word_1_56' title='bbox 812 856 967 912; x_wconf 87' lang='grc' dir='ltr'>Μετά</span> <span class='ocrx_word' id='word_1_57' title='bbox 993 857 1057 908; x_wconf 85' lang='grc' dir='ltr'><strong>τὸ</strong></span> <span class='ocrx_word' id='word_1_58' title='bbox 1103 853 1462 922; x_wconf 72' lang='grc' dir='ltr'>συγγενέσθαι</span> <span class='ocrx_word' id='word_1_59' title='bbox 1488 847 1746 918; x_wconf 77' lang='grc' dir='ltr'>Ἀϐραὰμ</span> <span class='ocrx_word' id='word_1_60' title='bbox 1779 848 1845 914; x_wconf 84' lang='grc' dir='ltr'>τῇ</span> 
     </span>
    </p>
   </div>
   <div class='ocr_carea' id='block_1_9' title="bbox 279 941 1863 1024">
    <p class='ocr_par' dir='ltr' id='par_1_9' title="bbox 279 941 1863 1024">
     <span class='ocr_line' id='line_1_9' title="bbox 279 941 1863 1024; baseline -0.012 -15"><span class='ocrx_word' id='word_1_61' title='bbox 279 958 460 1024; x_wconf 80' lang='grc' dir='ltr'>Ἀγαρ</span> <span class='ocrx_word' id='word_1_62' title='bbox 492 952 692 1022; x_wconf 84' lang='grc' dir='ltr'>εὑρέθη</span> <span class='ocrx_word' id='word_1_63' title='bbox 729 955 787 1004; x_wconf 78' lang='grc' dir='ltr'>ἐν</span> <span class='ocrx_word' id='word_1_64' title='bbox 815 953 1015 1018; x_wconf 75' lang='grc' dir='ltr'>γαστρὶ</span> <span class='ocrx_word' id='word_1_65' title='bbox 1057 949 1275 1017; x_wconf 76' lang='grc' dir='ltr'>ἔχουσα,</span> <span class='ocrx_word' id='word_1_66' title='bbox 1315 946 1412 998; x_wconf 56' lang='grc' dir='ltr'><strong>καὶ⁵</strong></span> <span class='ocrx_word' id='word_1_67' title='bbox 1451 943 1632 995; x_wconf 79' lang='grc' dir='ltr'>ἰδοῦσα</span> <span class='ocrx_word' id='word_1_68' title='bbox 1661 941 1863 1010; x_wconf 47' lang='lat' dir='ltr'><strong>Eappa,</strong></span> 
     </span>
    </p>
   </div>
   <div class='ocr_carea' id='block_1_10' title="bbox 276 1026 1851 1110">
    <p class='ocr_par' dir='ltr' id='par_1_10' title="bbox 276 1026 1851 1110">
     <span class='ocr_line' id='line_1_10' title="bbox 276 1026 1851 1110; baseline -0.01 -16"><span class='ocrx_word' id='word_1_69' title='bbox 276 1041 603 1110; x_wconf 76' lang='grc' dir='ltr'><strong>ἐζηλοτύπει</strong></span> <span class='ocrx_word' id='word_1_70' title='bbox 656 1040 845 1108; x_wconf 77' lang='grc' dir='ltr'>αὐτῆς,</span> <span class='ocrx_word' id='word_1_71' title='bbox 885 1039 978 1090; x_wconf 73' lang='grc' dir='ltr'><strong>καὶ</strong></span> <span class='ocrx_word' id='word_1_72' title='bbox 1022 1035 1265 1098; x_wconf 75' lang='grc' dir='ltr'><strong>ὠνείδιζε</strong></span> <span class='ocrx_word' id='word_1_73' title='bbox 1306 1036 1396 1086; x_wconf 78' lang='grc' dir='ltr'><strong>τὸν</strong></span> <span class='ocrx_word' id='word_1_74' title='bbox 1446 1031 1724 1100; x_wconf 77' lang='grc' dir='ltr'>Ἀϐραὰμ,</span> <span class='ocrx_word' id='word_1_75' title='bbox 1759 1026 1851 1079; x_wconf 77' lang='grc' dir='ltr'><strong>καὶ</strong></span> 
     </span>
    </p>
   </div>
   <div class='ocr_carea' id='block_1_11' title="bbox 277 1121 1851 1200">
    <p class='ocr_par' dir='ltr' id='par_1_11' title="bbox 277 1121 1851 1200">
     <span class='ocr_line' id='line_1_11' title="bbox 277 1121 1851 1200; baseline -0.007 -17"><span class='ocrx_word' id='word_1_76' title='bbox 277 1130 464 1200; x_wconf 71' lang='grc' dir='ltr'>ἕθλιψε</span> <span class='ocrx_word' id='word_1_77' title='bbox 496 1133 588 1186; x_wconf 72' lang='grc' dir='ltr'><strong>καὶ</strong></span> <span class='ocrx_word' id='word_1_78' title='bbox 630 1131 819 1182; x_wconf 75' lang='grc' dir='ltr'>ἐλύπει</span> <span class='ocrx_word' id='word_1_79' title='bbox 853 1129 952 1198; x_wconf 74' lang='grc' dir='ltr'>τὴν</span> <span class='ocrx_word' id='word_1_80' title='bbox 987 1131 1189 1196; x_wconf 71' lang='grc' dir='ltr'>Ἅγαρ.</span> <span class='ocrx_word' id='word_1_81' title='bbox 1235 1129 1299 1179; x_wconf 81' lang='grc' dir='ltr'><strong>Ἦ</strong></span> <span class='ocrx_word' id='word_1_82' title='bbox 1325 1126 1379 1178; x_wconf 72' lang='grc' dir='ltr'>δὲ</span> <span class='ocrx_word' id='word_1_83' title='bbox 1421 1126 1620 1191; x_wconf 78' lang='grc' dir='ltr'>Ἀγαρ,</span> <span class='ocrx_word' id='word_1_84' title='bbox 1655 1123 1729 1189; x_wconf 80' lang='grc' dir='ltr'>μὴ</span> <span class='ocrx_word' id='word_1_85' title='bbox 1759 1121 1851 1174; x_wconf 81' lang='grc' dir='ltr'>δυ·-</span> 
     </span>
    </p>
   </div>
   <div class='ocr_carea' id='block_1_12' title="bbox 277 1211 1852 1296">
    <p class='ocr_par' dir='ltr' id='par_1_12' title="bbox 277 1211 1852 1296">
     <span class='ocr_line' id='line_1_12' title="bbox 277 1211 1852 1296; baseline -0.009 -21"><span class='ocrx_word' id='word_1_86' title='bbox 277 1223 489 1293; x_wconf 86' lang='grc' dir='ltr'>ναμένη</span> <span class='ocrx_word' id='word_1_87' title='bbox 537 1221 794 1274; x_wconf 82' lang='grc' dir='ltr'>τοσοῦτον</span> <span class='ocrx_word' id='word_1_88' title='bbox 847 1219 1132 1272; x_wconf 83' lang='grc' dir='ltr'>θλίϐεσθαι</span> <span class='ocrx_word' id='word_1_89' title='bbox 1161 1219 1254 1270; x_wconf 74' lang='grc' dir='ltr'><strong>καὶ</strong></span> <span class='ocrx_word' id='word_1_90' title='bbox 1302 1213 1694 1296; x_wconf 73' lang='grc' dir='ltr'>κακουχεῐσθαι</span> <span class='ocrx_word' id='word_1_91' title='bbox 1747 1211 1852 1262; x_wconf 72' lang='grc' dir='ltr'>ὑπ’)</span> 
     </span>
    </p>
   </div>
   <div class='ocr_carea' id='block_1_13' title="bbox 277 1307 1852 1385">
    <p class='ocr_par' dir='ltr' id='par_1_13' title="bbox 277 1307 1852 1385">
     <span class='ocr_line' id='line_1_13' title="bbox 277 1307 1852 1385; baseline -0.008 -16"><span class='ocrx_word' id='word_1_92' title='bbox 277 1315 378 1385; x_wconf 82' lang='grc' dir='ltr'>τῆς</span> <span class='ocrx_word' id='word_1_93' title='bbox 408 1316 627 1383; x_wconf 75' lang='grc' dir='ltr'>κυρίας.</span> <span class='ocrx_word' id='word_1_94' title='bbox 661 1313 891 1383; x_wconf 81' lang='grc' dir='ltr'>ἀπέδρα,</span> <span class='ocrx_word' id='word_1_95' title='bbox 924 1315 1017 1380; x_wconf 57' lang='grc' dir='ltr'><strong>καὶ</strong></span> <span class='ocrx_word' id='word_1_96' title='bbox 1037 1312 1205 1378; x_wconf 76' lang='grc' dir='ltr'><strong>ἔν’τῷ</strong></span> <span class='ocrx_word' id='word_1_97' title='bbox 1237 1311 1656 1378; x_wconf 72' lang='grc' dir='ltr'>ἀποδιδράσκειν</span> <span class='ocrx_word' id='word_1_98' title='bbox 1681 1307 1852 1372; x_wconf 76' lang='grc' dir='ltr'>αὐτὴν</span> 
     </span>
    </p>
   </div>
   <div class='ocr_carea' id='block_1_14' title="bbox 279 1399 1850 1476">
    <p class='ocr_par' dir='ltr' id='par_1_14' title="bbox 279 1399 1850 1476">
     <span class='ocr_line' id='line_1_14' title="bbox 279 1399 1850 1476; baseline -0.006 -19"><span class='ocrx_word' id='word_1_99' title='bbox 279 1408 343 1458; x_wconf 84' lang='grc' dir='ltr'>ὲκ</span> <span class='ocrx_word' id='word_1_100' title='bbox 373 1406 473 1474; x_wconf 85' lang='grc' dir='ltr'><strong>τῆς</strong></span> <span class='ocrx_word' id='word_1_101' title='bbox 508 1405 705 1476; x_wconf 79' lang='grc' dir='ltr'>κυρίας</span> <span class='ocrx_word' id='word_1_102' title='bbox 751 1404 919 1471; x_wconf 69' lang='grc' dir='ltr'>αὐτῆς</span> <span class='ocrx_word' id='word_1_103' title='bbox 951 1403 1053 1472; x_wconf 82' lang='grc' dir='ltr'>τῆς</span> <span class='ocrx_word' id='word_1_104' title='bbox 1106 1404 1325 1474; x_wconf 68' lang='grc' dir='ltr'>Σάρρας</span> <span class='ocrx_word' id='word_1_105' title='bbox 1357 1402 1672 1469; x_wconf 77' lang='grc' dir='ltr'>ἀπήντησεν</span> <span class='ocrx_word' id='word_1_106' title='bbox 1711 1399 1850 1466; x_wconf 83' lang='grc' dir='ltr'>αὑτῇ</span> 
     </span>
    </p>
   </div>
   <div class='ocr_carea' id='block_1_15' title="bbox 281 1487 1855 1565">
    <p class='ocr_par' dir='ltr' id='par_1_15' title="bbox 281 1487 1855 1565">
     <span class='ocr_line' id='line_1_15' title="bbox 281 1487 1855 1565; baseline -0.008 -15"><span class='ocrx_word' id='word_1_107' title='bbox 281 1497 516 1563; x_wconf 81' lang='grc' dir='ltr'>ἄγγελος</span> <span class='ocrx_word' id='word_1_108' title='bbox 547 1496 752 1565; x_wconf 80' lang='grc' dir='ltr'>Κυρίου</span> <span class='ocrx_word' id='word_1_109' title='bbox 793 1495 966 1562; x_wconf 86' lang='grc' dir='ltr'>λέγων</span> <span class='ocrx_word' id='word_1_110' title='bbox 992 1513 1005 1525; x_wconf 93' lang='grc'><strong>·</strong></span> <span class='ocrx_word' id='word_1_111' title='bbox 1045 1513 1064 1546; x_wconf 78' lang='grc' dir='ltr'><strong>ι</strong></span> <span class='ocrx_word' id='word_1_112' title='bbox 1122 1491 1535 1563; x_wconf 75' lang='grc' dir='ltr'>Ἀποστράςρηθι</span> <span class='ocrx_word' id='word_1_113' title='bbox 1572 1489 1708 1555; x_wconf 74' lang='grc' dir='ltr'>πρὸς</span> <span class='ocrx_word' id='word_1_114' title='bbox 1757 1487 1855 1556; x_wconf 79' lang='grc' dir='ltr'><strong>τὴν</strong></span> 
     </span>
    </p>
   </div>
   <div class='ocr_carea' id='block_1_16' title="bbox 283 1581 1855 1658">
    <p class='ocr_par' dir='ltr' id='par_1_16' title="bbox 283 1581 1855 1658">
     <span class='ocr_line' id='line_1_16' title="bbox 283 1581 1855 1658; baseline -0.006 -17"><span class='ocrx_word' id='word_1_115' title='bbox 283 1589 485 1658; x_wconf 88' lang='grc' dir='ltr'>κυρίαν</span> <span class='ocrx_word' id='word_1_116' title='bbox 545 1606 662 1652; x_wconf 87' lang='grc' dir='ltr'>σου,</span> <span class='ocrx_word' id='word_1_117' title='bbox 699 1587 803 1641; x_wconf 66' lang='grc' dir='ltr'>καῖ</span> <span class='ocrx_word' id='word_1_118' title='bbox 829 1585 1198 1656; x_wconf 80' lang='grc' dir='ltr'>ταπεινῶθητι</span> <span class='ocrx_word' id='word_1_119' title='bbox 1248 1586 1351 1638; x_wconf 80' lang='grc' dir='ltr'><strong>ὑπὸ</strong></span> <span class='ocrx_word' id='word_1_120' title='bbox 1398 1585 1500 1646; x_wconf 84' lang='grc' dir='ltr'>τὰς</span> <span class='ocrx_word' id='word_1_121' title='bbox 1531 1585 1717 1652; x_wconf 84' lang='grc' dir='ltr'>χεῖρας</span> <span class='ocrx_word' id='word_1_122' title='bbox 1756 1581 1855 1632; x_wconf 79' lang='grc' dir='ltr'><strong>αὖ·</strong></span> 
     </span>
    </p>
   </div>
   <div class='ocr_carea' id='block_1_17' title="bbox 282 1672 1854 1749">
    <p class='ocr_par' dir='ltr' id='par_1_17' title="bbox 282 1672 1854 1749">
     <span class='ocr_line' id='line_1_17' title="bbox 282 1672 1854 1749; baseline -0.006 -17"><span class='ocrx_word' id='word_1_123' title='bbox 282 1680 404 1749; x_wconf 81' lang='grc' dir='ltr'>τῆς.</span> <span class='ocrx_word' id='word_1_124' title='bbox 443 1699 462 1732; x_wconf 74' lang='grc' dir='ltr'><strong>ι</strong></span> <span class='ocrx_word' id='word_1_125' title='bbox 505 1681 614 1734; x_wconf 75' lang='grc' dir='ltr'><strong>Καὶ</strong></span> <span class='ocrx_word' id='word_1_126' title='bbox 663 1676 820 1732; x_wconf 73' lang='grc' dir='ltr'>εἶπεν</span> <span class='ocrx_word' id='word_1_127' title='bbox 859 1679 996 1747; x_wconf 81' lang='grc' dir='ltr'>αὐτῇ</span> <span class='ocrx_word' id='word_1_128' title='bbox 1031 1681 1058 1731; x_wconf 91' lang='grc' dir='ltr'>ὁ</span> <span class='ocrx_word' id='word_1_129' title='bbox 1088 1677 1322 1746; x_wconf 76' lang='grc' dir='ltr'>ἄγγελος</span> <span class='ocrx_word' id='word_1_130' title='bbox 1375 1675 1583 1745; x_wconf 82' lang='grc' dir='ltr'>Κυρίου</span> <span class='ocrx_word' id='word_1_131' title='bbox 1611 1691 1623 1704; x_wconf 91' lang='grc'><strong>·</strong></span> <span class='ocrx_word' id='word_1_132' title='bbox 1664 1692 1682 1723; x_wconf 76' lang='grc' dir='ltr'><strong>ι</strong></span> <span class='ocrx_word' id='word_1_133' title='bbox 1721 1672 1854 1724; x_wconf 81' lang='grc' dir='ltr'>Ἰδοὺ</span> 
     </span>
    </p>
   </div>
   <div class='ocr_carea' id='block_1_18' title="bbox 285 1763 1856 1840">
    <p class='ocr_par' dir='ltr' id='par_1_18' title="bbox 285 1763 1856 1840">
     <span class='ocr_line' id='line_1_18' title="bbox 285 1763 1856 1840; baseline -0.006 -18"><span class='ocrx_word' id='word_1_134' title='bbox 285 1771 352 1823; x_wconf 78' lang='grc' dir='ltr'><strong>σὺ</strong></span> <span class='ocrx_word' id='word_1_135' title='bbox 386 1773 441 1824; x_wconf 79' lang='grc' dir='ltr'>ἐν</span> <span class='ocrx_word' id='word_1_136' title='bbox 466 1771 665 1839; x_wconf 76' lang='grc' dir='ltr'>γαστρὶ</span> <span class='ocrx_word' id='word_1_137' title='bbox 696 1770 862 1840; x_wconf 79' lang='grc' dir='ltr'>ἔχεις,</span> <span class='ocrx_word' id='word_1_138' title='bbox 897 1771 993 1823; x_wconf 75' lang='grc' dir='ltr'><strong>καὶ</strong></span> <span class='ocrx_word' id='word_1_139' title='bbox 1020 1767 1152 1839; x_wconf 82' lang='grc' dir='ltr'>τέξῃ</span> <span class='ocrx_word' id='word_1_140' title='bbox 1189 1769 1326 1834; x_wconf 79' lang='grc' dir='ltr'>υἱὸν,</span> <span class='ocrx_word' id='word_1_141' title='bbox 1369 1768 1463 1820; x_wconf 74' lang='grc' dir='ltr'>καὶ</span> <span class='ocrx_word' id='word_1_142' title='bbox 1507 1765 1758 1822; x_wconf 80' lang='grc' dir='ltr'>καλέσεις</span> <span class='ocrx_word' id='word_1_143' title='bbox 1797 1763 1856 1813; x_wconf 87' lang='grc' dir='ltr'><strong>τὸ</strong></span> 
     </span>
    </p>
   </div>
   <div class='ocr_carea' id='block_1_19' title="bbox 1955 545 3521 632">
    <p class='ocr_par' dir='ltr' id='par_1_19' title="bbox 1955 545 3521 632">
     <span class='ocr_line' id='line_1_19' title="bbox 1955 545 3521 632; baseline -0.004 -16"><span class='ocrx_word' id='word_1_144' title='bbox 1955 565 2052 632; x_wconf 81' lang='grc' dir='ltr'>τὴν</span> <span class='ocrx_word' id='word_1_145' title='bbox 2081 545 2347 631; x_wconf 77' lang='grc' dir='ltr'>διαθήκην</span> <span class='ocrx_word' id='word_1_146' title='bbox 2381 579 2484 630; x_wconf 84' lang='grc' dir='ltr'><strong>μου</strong></span> <span class='ocrx_word' id='word_1_147' title='bbox 2511 561 2644 630; x_wconf 83' lang='grc' dir='ltr'>πρὸς</span> <span class='ocrx_word' id='word_1_148' title='bbox 2668 559 2831 610; x_wconf 77' lang='grc' dir='ltr'>αὑτὸν</span> <span class='ocrx_word' id='word_1_149' title='bbox 2865 561 2943 620; x_wconf 85' lang='grc' dir='ltr'><strong>είς</strong></span> <span class='ocrx_word' id='word_1_150' title='bbox 2973 555 3243 626; x_wconf 74' lang='grc' dir='ltr'>διαθήκην</span> <span class='ocrx_word' id='word_1_151' title='bbox 3276 557 3521 617; x_wconf 84' lang='grc' dir='ltr'>αίὼνιον,</span> 
     </span>
    </p>
   </div>
   <div class='ocr_carea' id='block_1_20' title="bbox 1957 648 3529 721">
    <p class='ocr_par' dir='ltr' id='par_1_20' title="bbox 1957 648 3529 721">
     <span class='ocr_line' id='line_1_20' title="bbox 1957 648 3529 721; baseline -0.005 -17"><span class='ocrx_word' id='word_1_152' title='bbox 1957 650 2098 706; x_wconf 78' lang='grc' dir='ltr'>εἶναι</span> <span class='ocrx_word' id='word_1_153' title='bbox 2133 651 2286 721; x_wconf 80' lang='grc' dir='ltr'>αὐτῷ</span> <span class='ocrx_word' id='word_1_154' title='bbox 2332 652 2466 711; x_wconf 80' lang='grc' dir='ltr'>Θεὸς</span> <span class='ocrx_word' id='word_1_155' title='bbox 2523 651 2598 713; x_wconf 84' lang='grc' dir='ltr'>ὼς</span> <span class='ocrx_word' id='word_1_156' title='bbox 2623 651 2715 702; x_wconf 74' lang='grc' dir='ltr'>καὶ</span> <span class='ocrx_word' id='word_1_157' title='bbox 2744 649 2821 718; x_wconf 76' lang='grc' dir='ltr'>τῷ</span> <span class='ocrx_word' id='word_1_158' title='bbox 2868 652 3147 716; x_wconf 81' lang='grc' dir='ltr'>σπέρματι</span> <span class='ocrx_word' id='word_1_159' title='bbox 3209 648 3376 698; x_wconf 66' lang='grc' dir='ltr'>αὑτοῦ</span> <span class='ocrx_word' id='word_1_160' title='bbox 3411 648 3529 714; x_wconf 84' lang='grc' dir='ltr'>μετ’</span> 
     </span>
    </p>
   </div>
   <div class='ocr_carea' id='block_1_21' title="bbox 1958 725 3528 814">
    <p class='ocr_par' dir='ltr' id='par_1_21' title="bbox 1958 725 3528 814">
     <span class='ocr_line' id='line_1_21' title="bbox 1958 725 3528 814; baseline -0.004 -16"><span class='ocrx_word' id='word_1_161' title='bbox 1958 748 2142 799; x_wconf 80' lang='grc' dir='ltr'>αὐτόν.</span> <span class='ocrx_word' id='word_1_162' title='bbox 2173 725 2313 814; x_wconf 73' lang='grc' dir='ltr'>Περὶ</span> <span class='ocrx_word' id='word_1_163' title='bbox 2349 747 2406 798; x_wconf 78' lang='grc' dir='ltr'><strong>δὲ</strong></span> <span class='ocrx_word' id='word_1_164' title='bbox 2438 745 2669 814; x_wconf 79' lang='grc' dir='ltr'>ἰσμαὴλ</span> <span class='ocrx_word' id='word_1_165' title='bbox 2703 745 2814 797; x_wconf 79' lang='grc' dir='ltr'><strong>ίδοί)</strong></span> <span class='ocrx_word' id='word_1_166' title='bbox 2842 743 3128 813; x_wconf 79' lang='grc' dir='ltr'>ἐπήκουσά</span> <span class='ocrx_word' id='word_1_167' title='bbox 3152 742 3386 802; x_wconf 51' lang='grc' dir='ltr'>σουδιαὶ</span> <span class='ocrx_word' id='word_1_168' title='bbox 3419 742 3528 794; x_wconf 64' lang='grc' dir='ltr'><strong>ἱδώ</strong></span> 
     </span>
    </p>
   </div>
   <div class='ocr_carea' id='block_1_22' title="bbox 1958 831 3531 906">
    <p class='ocr_par' dir='ltr' id='par_1_22' title="bbox 1958 831 3531 906">
     <span class='ocr_line' id='line_1_22' title="bbox 1958 831 3531 906; baseline -0.004 -18"><span class='ocrx_word' id='word_1_169' title='bbox 1958 838 2228 906; x_wconf 82' lang='grc' dir='ltr'>εὐλόγησα</span> <span class='ocrx_word' id='word_1_170' title='bbox 2259 837 2424 889; x_wconf 61' lang='grc' dir='ltr'>αὑτὸν</span> <span class='ocrx_word' id='word_1_171' title='bbox 2446 837 2538 888; x_wconf 78' lang='grc' dir='ltr'><strong>καὶ</strong></span> <span class='ocrx_word' id='word_1_172' title='bbox 2570 836 2828 905; x_wconf 83' lang='grc' dir='ltr'>πληθυνῶ</span> <span class='ocrx_word' id='word_1_173' title='bbox 2857 835 3018 886; x_wconf 73' lang='grc' dir='ltr'>αὐτὸν</span> <span class='ocrx_word' id='word_1_174' title='bbox 3048 833 3253 900; x_wconf 74' lang='grc' dir='ltr'>σφόδρα</span> <span class='ocrx_word' id='word_1_175' title='bbox 3280 849 3291 862; x_wconf 89' lang='grc'><strong>·</strong></span> <span class='ocrx_word' id='word_1_176' title='bbox 3325 831 3531 883; x_wconf 80' lang='grc' dir='ltr'>δώδεκα</span> 
     </span>
    </p>
   </div>
   <div class='ocr_carea' id='block_1_23' title="bbox 1959 922 3530 996">
    <p class='ocr_par' dir='ltr' id='par_1_23' title="bbox 1959 922 3530 996">
     <span class='ocr_line' id='line_1_23' title="bbox 1959 922 3530 996; baseline -0.004 -19"><span class='ocrx_word' id='word_1_177' title='bbox 1959 925 2085 996; x_wconf 77' lang='grc' dir='ltr'>ἔθνη</span> <span class='ocrx_word' id='word_1_178' title='bbox 2113 929 2388 993; x_wconf 77' lang='grc' dir='ltr'>γεννήσει,</span> <span class='ocrx_word' id='word_1_179' title='bbox 2425 928 2518 978; x_wconf 72' lang='grc' dir='ltr'><strong>καὶ</strong></span> <span class='ocrx_word' id='word_1_180' title='bbox 2550 925 2707 977; x_wconf 81' lang='grc' dir='ltr'>δώσω</span> <span class='ocrx_word' id='word_1_181' title='bbox 2742 925 2904 976; x_wconf 78' lang='grc' dir='ltr'>αὑτὸν</span> <span class='ocrx_word' id='word_1_182' title='bbox 2937 925 3018 985; x_wconf 82' lang='grc' dir='ltr'>εἰς</span> <span class='ocrx_word' id='word_1_183' title='bbox 3048 922 3200 984; x_wconf 75' lang='grc' dir='ltr'>ἔθνος</span> <span class='ocrx_word' id='word_1_184' title='bbox 3232 924 3395 990; x_wconf 80' lang='grc' dir='ltr'>μέγα.</span> <span class='ocrx_word' id='word_1_185' title='bbox 3419 923 3530 991; x_wconf 70' lang='grc' dir='ltr'>Τὴν</span> 
     </span>
    </p>
   </div>
   <div class='ocr_carea' id='block_1_24' title="bbox 1958 1013 3529 1086">
    <p class='ocr_par' dir='ltr' id='par_1_24' title="bbox 1958 1013 3529 1086">
     <span class='ocr_line' id='line_1_24' title="bbox 1958 1013 3529 1086; baseline -0.003 -17"><span class='ocrx_word' id='word_1_186' title='bbox 1958 1018 2014 1069; x_wconf 85' lang='grc' dir='ltr'>δὲ</span> <span class='ocrx_word' id='word_1_187' title='bbox 2045 1017 2312 1085; x_wconf 80' lang='grc' dir='ltr'>διαθήκην</span> <span class='ocrx_word' id='word_1_188' title='bbox 2342 1034 2446 1086; x_wconf 86' lang='grc' dir='ltr'><strong>μου</strong></span> <span class='ocrx_word' id='word_1_189' title='bbox 2480 1017 2665 1086; x_wconf 83' lang='grc' dir='ltr'>στήσω</span> <span class='ocrx_word' id='word_1_190' title='bbox 2696 1015 2836 1086; x_wconf 80' lang='grc' dir='ltr'>πρὸς</span> <span class='ocrx_word' id='word_1_191' title='bbox 2879 1015 3090 1078; x_wconf 79' lang='grc' dir='ltr'>Ἰσαὰκ,</span> <span class='ocrx_word' id='word_1_192' title='bbox 3117 1013 3175 1066; x_wconf 84' lang='grc' dir='ltr'>ὃν</span> <span class='ocrx_word' id='word_1_193' title='bbox 3199 1014 3418 1077; x_wconf 82' lang='grc' dir='ltr'>τέξεταί</span> <span class='ocrx_word' id='word_1_194' title='bbox 3449 1031 3529 1064; x_wconf 82' lang='grc' dir='ltr'><strong>σοι</strong></span> 
     </span>
    </p>
   </div>
   <div class='ocr_carea' id='block_1_25' title="bbox 1959 1102 3536 1179">
    <p class='ocr_par' dir='ltr' id='par_1_25' title="bbox 1959 1102 3536 1179">
     <span class='ocr_line' id='line_1_25' title="bbox 1959 1102 3536 1179; baseline -0.002 -18"><span class='ocrx_word' id='word_1_195' title='bbox 1959 1109 2144 1178; x_wconf 59' lang='lat' dir='ltr'><strong>suam:</strong></span> <span class='ocrx_word' id='word_1_196' title='bbox 2176 1112 2254 1172; x_wconf 85' lang='grc' dir='ltr'><strong>εἰς</strong></span> <span class='ocrx_word' id='word_1_197' title='bbox 2286 1111 2376 1162; x_wconf 79' lang='grc' dir='ltr'><strong>τὸν</strong></span> <span class='ocrx_word' id='word_1_198' title='bbox 2409 1110 2601 1179; x_wconf 77' lang='grc' dir='ltr'>καιρὸν</span> <span class='ocrx_word' id='word_1_199' title='bbox 2650 1109 2860 1162; x_wconf 83' lang='grc' dir='ltr'>τοῦτον.</span> <span class='ocrx_word' id='word_1_200' title='bbox 2908 1125 2925 1161; x_wconf 77' lang='grc' dir='ltr'><strong>ι</strong></span> <span class='ocrx_word' id='word_1_201' title='bbox 2959 1102 3090 1159; x_wconf 79' lang='grc' dir='ltr'>Ὧδε</span> <span class='ocrx_word' id='word_1_202' title='bbox 3132 1107 3406 1175; x_wconf 84' lang='grc' dir='ltr'>δυνάμεθα</span> <span class='ocrx_word' id='word_1_203' title='bbox 3434 1125 3536 1158; x_wconf 87' lang='grc' dir='ltr'>κα-</span> 
     </span>
    </p>
   </div>
   <div class='ocr_carea' id='block_1_26' title="bbox 1962 1201 3534 1276">
    <p class='ocr_par' dir='ltr' id='par_1_26' title="bbox 1962 1201 3534 1276">
     <span class='ocr_line' id='line_1_26' title="bbox 1962 1201 3534 1276; baseline -0.003 -20"><span class='ocrx_word' id='word_1_204' title='bbox 1962 1206 2216 1258; x_wconf 80' lang='grc' dir='ltr'>ταλαϐεῖν</span> <span class='ocrx_word' id='word_1_205' title='bbox 2233 1205 2294 1262; x_wconf 70' lang='grc' dir='ltr'>τὺ</span> <span class='ocrx_word' id='word_1_206' title='bbox 2324 1207 2465 1273; x_wconf 84' lang='grc' dir='ltr'>μέγα</span> <span class='ocrx_word' id='word_1_207' title='bbox 2486 1207 2784 1276; x_wconf 76' lang='grc' dir='ltr'>μυστήριον</span> <span class='ocrx_word' id='word_1_208' title='bbox 2812 1203 2913 1272; x_wconf 83' lang='grc' dir='ltr'>τῆς</span> <span class='ocrx_word' id='word_1_209' title='bbox 2944 1202 3205 1265; x_wconf 82' lang='grc' dir='ltr'>εὐσεϐοῦς</span> <span class='ocrx_word' id='word_1_210' title='bbox 3229 1205 3322 1254; x_wconf 78' lang='grc' dir='ltr'><strong>καὶ</strong></span> <span class='ocrx_word' id='word_1_211' title='bbox 3347 1201 3534 1268; x_wconf 72' lang='grc' dir='ltr'>ὑγιοῦς</span> 
     </span>
    </p>
   </div>
   <div class='ocr_carea' id='block_1_27' title="bbox 1963 1291 3534 1364">
    <p class='ocr_par' dir='ltr' id='par_1_27' title="bbox 1963 1291 3534 1364">
     <span class='ocr_line' id='line_1_27' title="bbox 1963 1291 3534 1364; baseline -0.004 -16"><span class='ocrx_word' id='word_1_212' title='bbox 1963 1297 2056 1348; x_wconf 63' lang='grc' dir='ltr'><strong>καλ⁵</strong></span> <span class='ocrx_word' id='word_1_213' title='bbox 2091 1296 2254 1362; x_wconf 86' lang='grc' dir='ltr'>ἁγίας</span> <span class='ocrx_word' id='word_1_214' title='bbox 2284 1295 2444 1364; x_wconf 85' lang='grc' dir='ltr'>ήμῶν</span> <span class='ocrx_word' id='word_1_215' title='bbox 2477 1295 2738 1356; x_wconf 74' lang='grc' dir='ltr'>πίστεως,</span> <span class='ocrx_word' id='word_1_216' title='bbox 2763 1295 2855 1346; x_wconf 76' lang='grc' dir='ltr'><strong>καὶ</strong></span> <span class='ocrx_word' id='word_1_217' title='bbox 2883 1293 2981 1364; x_wconf 82' lang='grc' dir='ltr'>τὴν</span> <span class='ocrx_word' id='word_1_218' title='bbox 3017 1293 3274 1344; x_wconf 85' lang='grc' dir='ltr'>ἀσέϐειαν</span> <span class='ocrx_word' id='word_1_219' title='bbox 3295 1293 3360 1362; x_wconf 83' lang='grc' dir='ltr'>ἣν</span> <span class='ocrx_word' id='word_1_220' title='bbox 3383 1291 3534 1360; x_wconf 77' lang='grc' dir='ltr'>ἐχου-</span> 
     </span>
    </p>
   </div>
   <div class='ocr_carea' id='block_1_28' title="bbox 1965 1381 3534 1455">
    <p class='ocr_par' dir='ltr' id='par_1_28' title="bbox 1965 1381 3534 1455">
     <span class='ocr_line' id='line_1_28' title="bbox 1965 1381 3534 1455; baseline -0.003 -15"><span class='ocrx_word' id='word_1_221' title='bbox 1965 1405 2050 1440; x_wconf 88' lang='grc' dir='ltr'><strong>σιν</strong></span> <span class='ocrx_word' id='word_1_222' title='bbox 2084 1389 2132 1439; x_wconf 79' lang='grc' dir='ltr'>οἱ</span> <span class='ocrx_word' id='word_1_223' title='bbox 2159 1387 2479 1455; x_wconf 78' lang='grc' dir='ltr'>’Δγαρηνοί.</span> <span class='ocrx_word' id='word_1_224' title='bbox 2516 1387 2618 1438; x_wconf 62' lang='grc' dir='ltr'><strong>Καὶ</strong></span> <span class='ocrx_word' id='word_1_225' title='bbox 2653 1387 2752 1438; x_wconf 85' lang='grc' dir='ltr'><strong>οὐκ</strong></span> <span class='ocrx_word' id='word_1_226' title='bbox 2789 1381 2942 1438; x_wconf 78' lang='grc' dir='ltr'>εἶπεν</span> <span class='ocrx_word' id='word_1_227' title='bbox 2975 1385 3126 1453; x_wconf 85' lang='grc' dir='ltr'>αὑτῷ</span> <span class='ocrx_word' id='word_1_228' title='bbox 3159 1385 3335 1455; x_wconf 61' lang='grc' dir='ltr'>ὁςΘεδς</span> <span class='ocrx_word' id='word_1_229' title='bbox 3364 1384 3534 1448; x_wconf 76' lang='grc' dir='ltr'>ἅπαξ,</span> 
     </span>
    </p>
   </div>
   <div class='ocr_carea' id='block_1_29' title="bbox 1963 1475 3536 1548">
    <p class='ocr_par' dir='ltr' id='par_1_29' title="bbox 1963 1475 3536 1548">
     <span class='ocr_line' id='line_1_29' title="bbox 1963 1475 3536 1548; baseline -0.004 -16"><span class='ocrx_word' id='word_1_230' title='bbox 1963 1480 2099 1532; x_wconf 82' lang='grc' dir='ltr'><strong>ἀλλὰ</strong></span> <span class='ocrx_word' id='word_1_231' title='bbox 2125 1481 2218 1532; x_wconf 69' lang='grc' dir='ltr'><strong>καὶ</strong></span> <span class='ocrx_word' id='word_1_232' title='bbox 2267 1480 2368 1541; x_wconf 88' lang='grc' dir='ltr'>δίς.</span> <span class='ocrx_word' id='word_1_233' title='bbox 2413 1480 2500 1535; x_wconf 86' lang='grc' dir='ltr'>Ἐν</span> <span class='ocrx_word' id='word_1_234' title='bbox 2527 1477 2768 1540; x_wconf 83' lang='grc' dir='ltr'>πρώτοις</span> <span class='ocrx_word' id='word_1_235' title='bbox 2815 1478 2916 1548; x_wconf 83' lang='grc' dir='ltr'><strong>μὲν</strong></span> <span class='ocrx_word' id='word_1_236' title='bbox 2945 1475 3066 1535; x_wconf 71' lang='grc' dir='ltr'>εἷπε</span> <span class='ocrx_word' id='word_1_237' title='bbox 3086 1493 3100 1507; x_wconf 73' lang='grc'><strong>⁸</strong></span> <span class='ocrx_word' id='word_1_238' title='bbox 3131 1497 3149 1529; x_wconf 79' lang='grc' dir='ltr'><strong>ι</strong></span> <span class='ocrx_word' id='word_1_239' title='bbox 3200 1477 3390 1540; x_wconf 82' lang='grc' dir='ltr'>Τέξεις</span> <span class='ocrx_word' id='word_1_240' title='bbox 3424 1477 3536 1528; x_wconf 75' lang='grc' dir='ltr'>υἱὸν</span> 
     </span>
    </p>
   </div>
   <div class='ocr_carea' id='block_1_30' title="bbox 1964 1568 3540 1636">
    <p class='ocr_par' dir='ltr' id='par_1_30' title="bbox 1964 1568 3540 1636">
     <span class='ocr_line' id='line_1_30' title="bbox 1964 1568 3540 1636; baseline -0.003 -15"><span class='ocrx_word' id='word_1_241' title='bbox 1964 1573 2058 1628; x_wconf 75' lang='grc' dir='ltr'><strong>καὶ</strong></span> <span class='ocrx_word' id='word_1_242' title='bbox 2091 1570 2342 1632; x_wconf 82' lang='grc' dir='ltr'>καλέσεις</span> <span class='ocrx_word' id='word_1_243' title='bbox 2367 1573 2430 1623; x_wconf 85' lang='grc' dir='ltr'><strong>τὸ</strong></span> <span class='ocrx_word' id='word_1_244' title='bbox 2455 1571 2630 1636; x_wconf 76' lang='grc' dir='ltr'>ὄνομα</span> <span class='ocrx_word' id='word_1_245' title='bbox 2658 1569 2825 1623; x_wconf 77' lang='grc' dir='ltr'>αὐτοῦ</span> <span class='ocrx_word' id='word_1_246' title='bbox 2856 1569 3065 1632; x_wconf 85' lang='grc' dir='ltr'>Ἰσαὰκ,</span> <span class='ocrx_word' id='word_1_247' title='bbox 3102 1570 3199 1621; x_wconf 75' lang='grc' dir='ltr'><strong>καὶ</strong></span> <span class='ocrx_word' id='word_1_248' title='bbox 3226 1571 3407 1636; x_wconf 86' lang='grc' dir='ltr'>στήσω</span> <span class='ocrx_word' id='word_1_249' title='bbox 3438 1568 3540 1631; x_wconf 67' lang='grc' dir='ltr'><strong>τὴν</strong></span> 
     </span>
    </p>
   </div>
   <div class='ocr_carea' id='block_1_31' title="bbox 1963 1661 3538 1732">
    <p class='ocr_par' dir='ltr' id='par_1_31' title="bbox 1963 1661 3538 1732">
     <span class='ocr_line' id='line_1_31' title="bbox 1963 1661 3538 1732; baseline -0.005 -16"><span class='ocrx_word' id='word_1_250' title='bbox 1963 1663 2228 1732; x_wconf 83' lang='grc' dir='ltr'>διαθήκην</span> <span class='ocrx_word' id='word_1_251' title='bbox 2265 1678 2368 1729; x_wconf 91' lang='grc' dir='ltr'><strong>μου</strong></span> <span class='ocrx_word' id='word_1_252' title='bbox 2396 1662 2534 1730; x_wconf 84' lang='grc' dir='ltr'>πρὸς</span> <span class='ocrx_word' id='word_1_253' title='bbox 2565 1661 2724 1713; x_wconf 82' lang='grc' dir='ltr'>αὑτὸν</span> <span class='ocrx_word' id='word_1_254' title='bbox 2756 1663 2837 1723; x_wconf 83' lang='grc' dir='ltr'>εἰς</span> <span class='ocrx_word' id='word_1_255' title='bbox 2870 1661 3136 1732; x_wconf 84' lang='grc' dir='ltr'>διαθήκην</span> <span class='ocrx_word' id='word_1_256' title='bbox 3174 1661 3414 1724; x_wconf 75' lang='grc' dir='ltr'>αἰώνιον,</span> <span class='ocrx_word' id='word_1_257' title='bbox 3445 1661 3538 1711; x_wconf 67' lang='grc' dir='ltr'><strong>καὶ</strong></span> 
     </span>
    </p>
   </div>
   <div class='ocr_carea' id='block_1_32' title="bbox 1965 1749 3539 1821">
    <p class='ocr_par' dir='ltr' id='par_1_32' title="bbox 1965 1749 3539 1821">
     <span class='ocr_line' id='line_1_32' title="bbox 1965 1749 3539 1821; baseline -0.004 -17"><span class='ocrx_word' id='word_1_258' title='bbox 1965 1751 2044 1819; x_wconf 81' lang='grc' dir='ltr'><strong>τῷ</strong></span> <span class='ocrx_word' id='word_1_259' title='bbox 2095 1752 2371 1821; x_wconf 79' lang='grc' dir='ltr'>σπέρματι</span> <span class='ocrx_word' id='word_1_260' title='bbox 2412 1750 2578 1802; x_wconf 77' lang='grc' dir='ltr'>αὑτοῦ</span> <span class='ocrx_word' id='word_1_261' title='bbox 2614 1751 2733 1820; x_wconf 74' lang='grc' dir='ltr'>μετ’</span> <span class='ocrx_word' id='word_1_262' title='bbox 2775 1752 2958 1804; x_wconf 75' lang='grc' dir='ltr'>αὐτόν.</span> <span class='ocrx_word' id='word_1_263' title='bbox 3017 1770 3036 1802; x_wconf 71' lang='grc' dir='ltr'>δ</span> <span class='ocrx_word' id='word_1_264' title='bbox 3084 1750 3143 1802; x_wconf 88' lang='lat' dir='ltr'><strong>&#39;U</strong></span> <span class='ocrx_word' id='word_1_265' title='bbox 3185 1751 3240 1803; x_wconf 85' lang='grc' dir='ltr'>δὲ</span> <span class='ocrx_word' id='word_1_266' title='bbox 3287 1749 3539 1818; x_wconf 70' lang='grc' dir='ltr'>Ἀϐραὰμ</span> 
     </span>
    </p>
   </div>
   <div class='ocr_carea' id='block_1_33' title="bbox 283 1837 3541 1931">
    <p class='ocr_par' dir='ltr' id='par_1_33' title="bbox 283 1837 3541 1931">
     <span class='ocr_line' id='line_1_33' title="bbox 283 1837 3541 1931; baseline -0.002 -18"><span class='ocrx_word' id='word_1_267' title='bbox 283 1862 459 1928; x_wconf 67' lang='grc' dir='ltr'>ὄνομα</span> <span class='ocrx_word' id='word_1_268' title='bbox 480 1837 653 1914; x_wconf 75' lang='grc' dir='ltr'>αὐτοῦ</span> <span class='ocrx_word' id='word_1_269' title='bbox 682 1837 934 1931; x_wconf 74' lang='grc' dir='ltr'>Ἰσμαὴλ,</span> <span class='ocrx_word' id='word_1_270' title='bbox 967 1862 1050 1913; x_wconf 83' lang='grc' dir='ltr'><strong>ὅτι</strong></span> <span class='ocrx_word' id='word_1_271' title='bbox 1091 1837 1366 1929; x_wconf 66' lang='grc' dir='ltr'>ἐπήκουσε</span> <span class='ocrx_word' id='word_1_272' title='bbox 1403 1858 1607 1926; x_wconf 76' lang='grc' dir='ltr'>Κύριος</span> <span class='ocrx_word' id='word_1_273' title='bbox 1639 1857 1736 1925; x_wconf 79' lang='grc' dir='ltr'>τὴν</span> <span class='ocrx_word' id='word_1_274' title='bbox 1764 1871 1859 1906; x_wconf 86' lang='grc' dir='ltr'>τα·</span> <span class='ocrx_word' id='word_1_275' title='bbox 1891 1837 1930 1886; x_wconf 74' lang='grc' dir='ltr'><strong>Β</strong></span> <span class='ocrx_word' id='word_1_276' title='bbox 1965 1843 2198 1908; x_wconf 60' lang='grc' dir='ltr'><strong>αἰτήσας</strong></span> <span class='ocrx_word' id='word_1_277' title='bbox 2228 1841 2308 1908; x_wconf 73' lang='grc' dir='ltr'><strong>τῷ</strong></span> <span class='ocrx_word' id='word_1_278' title='bbox 2337 1839 2456 1908; x_wconf 70' lang='grc' dir='ltr'><strong>θεῷ</strong></span> <span class='ocrx_word' id='word_1_279' title='bbox 2483 1840 2655 1901; x_wconf 71' lang='grc' dir='ltr'><strong>οὕτως</strong></span> <span class='ocrx_word' id='word_1_280' title='bbox 2685 1841 2909 1931; x_wconf 63' lang='grc' dir='ltr'>πριῆσαι</span> <span class='ocrx_word' id='word_1_281' title='bbox 2933 1841 3026 1894; x_wconf 55' lang='grc' dir='ltr'>καὶ</span> <span class='ocrx_word' id='word_1_282' title='bbox 3053 1840 3144 1891; x_wconf 79' lang='grc' dir='ltr'><strong>τδν</strong></span> <span class='ocrx_word' id='word_1_283' title='bbox 3178 1840 3408 1931; x_wconf 48' lang='grc' dir='ltr'><strong>Ῐισμαὴλ</strong></span> <span class='ocrx_word' id='word_1_284' title='bbox 3449 1841 3541 1890; x_wconf 53' lang='grc' dir='ltr'><strong>καῖ</strong></span> 
     </span>
    </p>
   </div>
   <div class='ocr_carea' id='block_1_34' title="bbox 285 1947 1857 2020">
    <p class='ocr_par' dir='ltr' id='par_1_34' title="bbox 285 1947 1857 2020">
     <span class='ocr_line' id='line_1_34' title="bbox 285 1947 1857 2020; baseline -0.005 -16"><span class='ocrx_word' id='word_1_285' title='bbox 285 1953 545 2005; x_wconf 83' lang='grc' dir='ltr'>πείνωσίν</span> <span class='ocrx_word' id='word_1_286' title='bbox 584 1970 702 2006; x_wconf 90' lang='grc' dir='ltr'>σου.</span> <span class='ocrx_word' id='word_1_287' title='bbox 744 1953 914 2013; x_wconf 65' lang='grc' dir='ltr'>Οῐτος</span> <span class='ocrx_word' id='word_1_288' title='bbox 951 1952 1102 2004; x_wconf 78' lang='grc' dir='ltr'>ἔσται</span> <span class='ocrx_word' id='word_1_289' title='bbox 1134 1950 1394 2020; x_wconf 83' lang='grc' dir='ltr'>ἄγροικος</span> <span class='ocrx_word' id='word_1_290' title='bbox 1426 1950 1734 2017; x_wconf 77' lang='grc' dir='ltr'>ἅνθρωπος,</span> <span class='ocrx_word' id='word_1_291' title='bbox 1764 1947 1857 1998; x_wconf 72' lang='grc' dir='ltr'><strong>καὶ</strong></span> 
     </span>
    </p>
   </div>
   <div class='ocr_carea' id='block_1_35' title="bbox 289 2040 1858 2113">
    <p class='ocr_par' dir='ltr' id='par_1_35' title="bbox 289 2040 1858 2113">
     <span class='ocr_line' id='line_1_35' title="bbox 289 2040 1858 2113; baseline -0.006 -17"><span class='ocrx_word' id='word_1_292' title='bbox 289 2045 346 2096; x_wconf 78' lang='grc' dir='ltr'><strong>αἱ</strong></span> <span class='ocrx_word' id='word_1_293' title='bbox 375 2046 561 2113; x_wconf 81' lang='grc' dir='ltr'>χεῖρες</span> <span class='ocrx_word' id='word_1_294' title='bbox 593 2043 757 2097; x_wconf 78' lang='grc' dir='ltr'>αὑτοῦ</span> <span class='ocrx_word' id='word_1_295' title='bbox 802 2043 895 2096; x_wconf 73' lang='grc' dir='ltr'><strong>ἐπὶ</strong></span> <span class='ocrx_word' id='word_1_296' title='bbox 928 2045 1160 2107; x_wconf 81' lang='grc' dir='ltr'>πάντας,</span> <span class='ocrx_word' id='word_1_297' title='bbox 1190 2045 1284 2094; x_wconf 76' lang='grc' dir='ltr'><strong>καὶ</strong></span> <span class='ocrx_word' id='word_1_298' title='bbox 1324 2042 1380 2092; x_wconf 78' lang='lat' dir='ltr'><strong>ai</strong></span> <span class='ocrx_word' id='word_1_299' title='bbox 1425 2042 1604 2107; x_wconf 82' lang='grc' dir='ltr'>χεῖρες</span> <span class='ocrx_word' id='word_1_300' title='bbox 1637 2040 1858 2090; x_wconf 70' lang='grc' dir='ltr'>πάντων</span> 
     </span>
    </p>
   </div>
   <div class='ocr_carea' id='block_1_36' title="bbox 283 2126 1860 2200">
    <p class='ocr_par' dir='ltr' id='par_1_36' title="bbox 283 2126 1860 2200">
     <span class='ocr_line' id='line_1_36' title="bbox 283 2126 1860 2200; baseline -0.006 -15"><span class='ocrx_word' id='word_1_301' title='bbox 283 2135 374 2186; x_wconf 76' lang='grc' dir='ltr'><strong>ἐπ’</strong></span> <span class='ocrx_word' id='word_1_302' title='bbox 407 2134 606 2186; x_wconf 73' lang='grc' dir='ltr'>αὐτόν’</span> <span class='ocrx_word' id='word_1_303' title='bbox 644 2133 740 2185; x_wconf 79' lang='grc' dir='ltr'>καὶ</span> <span class='ocrx_word' id='word_1_304' title='bbox 785 2135 925 2186; x_wconf 84' lang='grc' dir='ltr'>κατὰ</span> <span class='ocrx_word' id='word_1_305' title='bbox 960 2133 1251 2200; x_wconf 81' lang='grc' dir='ltr'>πρόσωπον</span> <span class='ocrx_word' id='word_1_306' title='bbox 1299 2130 1520 2182; x_wconf 78' lang='grc' dir='ltr'>πάντων</span> <span class='ocrx_word' id='word_1_307' title='bbox 1569 2129 1676 2180; x_wconf 87' lang='grc' dir='ltr'><strong>τῶν</strong></span> <span class='ocrx_word' id='word_1_308' title='bbox 1705 2126 1860 2181; x_wconf 75' lang='grc' dir='ltr'>ἁδελ-</span> 
     </span>
    </p>
   </div>
   <div class='ocr_carea' id='block_1_37' title="bbox 285 2219 1859 2293">
    <p class='ocr_par' dir='ltr' id='par_1_37' title="bbox 285 2219 1859 2293">
     <span class='ocr_line' id='line_1_37' title="bbox 285 2219 1859 2293; baseline -0.001 -18"><span class='ocrx_word' id='word_1_309' title='bbox 285 2225 404 2291; x_wconf 79' lang='grc' dir='ltr'>φῶν</span> <span class='ocrx_word' id='word_1_310' title='bbox 424 2224 590 2277; x_wconf 81' lang='grc' dir='ltr'>αὑτοῦ</span> <span class='ocrx_word' id='word_1_311' title='bbox 616 2226 962 2293; x_wconf 82' lang='grc' dir='ltr'>κατοικήσει.</span> <span class='ocrx_word' id='word_1_312' title='bbox 989 2241 1006 2274; x_wconf 76' lang='grc' dir='ltr'><strong>ι</strong></span> <span class='ocrx_word' id='word_1_313' title='bbox 1042 2224 1148 2276; x_wconf 75' lang='grc' dir='ltr'><strong>Καὶ</strong></span> <span class='ocrx_word' id='word_1_314' title='bbox 1173 2222 1332 2276; x_wconf 80' lang='grc' dir='ltr'>πάλιν</span> <span class='ocrx_word' id='word_1_315' title='bbox 1355 2223 1444 2274; x_wconf 73' lang='grc' dir='ltr'><strong>ἐπὶ</strong></span> <span class='ocrx_word' id='word_1_316' title='bbox 1467 2220 1748 2288; x_wconf 74' lang='grc' dir='ltr'>κεφαλαίῳ</span> <span class='ocrx_word' id='word_1_317' title='bbox 1774 2219 1859 2282; x_wconf 74' lang='grc' dir='ltr'>ιζ’,</span> 
     </span>
    </p>
   </div>
   <div class='ocr_carea' id='block_1_38' title="bbox 286 2313 1863 2388">
    <p class='ocr_par' dir='ltr' id='par_1_38' title="bbox 286 2313 1863 2388">
     <span class='ocr_line' id='line_1_38' title="bbox 286 2313 1863 2388; baseline -0.003 -19"><span class='ocrx_word' id='word_1_318' title='bbox 286 2313 442 2370; x_wconf 75' lang='grc' dir='ltr'>εἶπεν</span> <span class='ocrx_word' id='word_1_319' title='bbox 475 2320 502 2370; x_wconf 85' lang='grc' dir='ltr'>ὁ</span> <span class='ocrx_word' id='word_1_320' title='bbox 529 2315 660 2380; x_wconf 76' lang='grc' dir='ltr'>Θεὸς</span> <span class='ocrx_word' id='word_1_321' title='bbox 685 2317 766 2386; x_wconf 74' lang='grc' dir='ltr'>τῷ</span> <span class='ocrx_word' id='word_1_322' title='bbox 805 2318 1061 2385; x_wconf 75' lang='grc' dir='ltr'>Ἀϐραὰμ</span> <span class='ocrx_word' id='word_1_323' title='bbox 1092 2317 1226 2388; x_wconf 70' lang='grc' dir='ltr'>περὶ</span> <span class='ocrx_word' id='word_1_324' title='bbox 1261 2316 1361 2384; x_wconf 83' lang='grc' dir='ltr'><strong>τῆς</strong></span> <span class='ocrx_word' id='word_1_325' title='bbox 1393 2315 1607 2386; x_wconf 74' lang='grc' dir='ltr'>Σάρῤας</span> <span class='ocrx_word' id='word_1_326' title='bbox 1636 2313 1738 2380; x_wconf 78' lang='grc' dir='ltr'>τῆς</span> <span class='ocrx_word' id='word_1_327' title='bbox 1765 2331 1863 2380; x_wconf 86' lang='grc' dir='ltr'>γυ-</span> 
     </span>
    </p>
   </div>
   <div class='ocr_carea' id='block_1_39' title="bbox 286 2405 1861 2477">
    <p class='ocr_par' dir='ltr' id='par_1_39' title="bbox 286 2405 1861 2477">
     <span class='ocr_line' id='line_1_39' title="bbox 286 2405 1861 2477; baseline -0.001 -21"><span class='ocrx_word' id='word_1_328' title='bbox 286 2407 470 2469; x_wconf 77' lang='grc' dir='ltr'>ναικὸς</span> <span class='ocrx_word' id='word_1_329' title='bbox 503 2405 670 2461; x_wconf 76' lang='grc' dir='ltr'>αὑτοῦ</span> <span class='ocrx_word' id='word_1_330' title='bbox 696 2422 710 2436; x_wconf 86' lang='grc'><strong>·</strong></span> <span class='ocrx_word' id='word_1_331' title='bbox 743 2423 761 2458; x_wconf 78' lang='grc' dir='ltr'><strong>ι</strong></span> <span class='ocrx_word' id='word_1_332' title='bbox 787 2408 1006 2477; x_wconf 77' lang='grc' dir='ltr'>Σάρραν</span> <span class='ocrx_word' id='word_1_333' title='bbox 1028 2408 1124 2474; x_wconf 78' lang='grc' dir='ltr'>τὴν</span> <span class='ocrx_word' id='word_1_334' title='bbox 1159 2408 1395 2472; x_wconf 85' lang='grc' dir='ltr'>γυναῖκᾴ</span> <span class='ocrx_word' id='word_1_335' title='bbox 1430 2423 1524 2458; x_wconf 85' lang='grc' dir='ltr'><strong>σου</strong></span> <span class='ocrx_word' id='word_1_336' title='bbox 1557 2406 1861 2472; x_wconf 72' lang='grc' dir='ltr'>εὐλογήσω,</span> 
     </span>
    </p>
   </div>
   <div class='ocr_carea' id='block_1_40' title="bbox 291 2499 1866 2568">
    <p class='ocr_par' dir='ltr' id='par_1_40' title="bbox 291 2499 1866 2568">
     <span class='ocr_line' id='line_1_40' title="bbox 291 2499 1866 2568; baseline -0.002 -17"><span class='ocrx_word' id='word_1_337' title='bbox 291 2499 384 2551; x_wconf 74' lang='grc' dir='ltr'>καὶ</span> <span class='ocrx_word' id='word_1_338' title='bbox 417 2499 574 2552; x_wconf 84' lang='grc' dir='ltr'>δώσω</span> <span class='ocrx_word' id='word_1_339' title='bbox 626 2516 709 2551; x_wconf 90' lang='grc' dir='ltr'><strong>σοι</strong></span> <span class='ocrx_word' id='word_1_340' title='bbox 748 2499 806 2564; x_wconf 78' lang='grc' dir='ltr'>ἐξ</span> <span class='ocrx_word' id='word_1_341' title='bbox 847 2499 1016 2568; x_wconf 77' lang='grc' dir='ltr'>αὐτῆς</span> <span class='ocrx_word' id='word_1_342' title='bbox 1050 2501 1262 2564; x_wconf 86' lang='grc' dir='ltr'>τέκνον,</span> <span class='ocrx_word' id='word_1_343' title='bbox 1314 2500 1408 2552; x_wconf 77' lang='grc' dir='ltr'><strong>καὶ</strong></span> <span class='ocrx_word' id='word_1_344' title='bbox 1455 2499 1740 2567; x_wconf 82' lang='grc' dir='ltr'>εὐλογήσω</span> <span class='ocrx_word' id='word_1_345' title='bbox 1770 2499 1866 2549; x_wconf 83' lang='grc' dir='ltr'><strong>αὑ-</strong></span> 
     </span>
    </p>
   </div>
   <div class='ocr_carea' id='block_1_41' title="bbox 292 2586 1867 2658">
    <p class='ocr_par' dir='ltr' id='par_1_41' title="bbox 292 2586 1867 2658">
     <span class='ocr_line' id='line_1_41' title="bbox 292 2586 1867 2658; baseline 0 -21"><span class='ocrx_word' id='word_1_346' title='bbox 292 2588 408 2652; x_wconf 73' lang='grc' dir='ltr'>τὸν,</span> <span class='ocrx_word' id='word_1_347' title='bbox 436 2588 538 2640; x_wconf 67' lang='grc' dir='ltr'><strong>καῖ</strong></span> <span class='ocrx_word' id='word_1_348' title='bbox 569 2588 722 2641; x_wconf 75' lang='grc' dir='ltr'>ἔσται</span> <span class='ocrx_word' id='word_1_349' title='bbox 761 2589 839 2650; x_wconf 76' lang='grc' dir='ltr'><strong>εἰς</strong></span> <span class='ocrx_word' id='word_1_350' title='bbox 871 2588 1023 2658; x_wconf 74' lang='grc' dir='ltr'>ἔθνη.</span> <span class='ocrx_word' id='word_1_351' title='bbox 1053 2588 1143 2640; x_wconf 71' lang='grc' dir='ltr'><strong>καὶ</strong></span> <span class='ocrx_word' id='word_1_352' title='bbox 1184 2587 1452 2656; x_wconf 86' lang='grc' dir='ltr'>βασιλεῖαι</span> <span class='ocrx_word' id='word_1_353' title='bbox 1488 2587 1656 2639; x_wconf 80' lang='grc' dir='ltr'>ἐθνῶν</span> <span class='ocrx_word' id='word_1_354' title='bbox 1686 2586 1742 2650; x_wconf 77' lang='grc' dir='ltr'>ἐξ</span> <span class='ocrx_word' id='word_1_355' title='bbox 1769 2587 1867 2638; x_wconf 81' lang='grc' dir='ltr'><strong>αὒ-</strong></span> 
     </span>
    </p>
   </div>
   <div class='ocr_carea' id='block_1_42' title="bbox 293 2678 1867 2748">
    <p class='ocr_par' dir='ltr' id='par_1_42' title="bbox 293 2678 1867 2748">
     <span class='ocr_line' id='line_1_42' title="bbox 293 2678 1867 2748; baseline 0 -18"><span class='ocrx_word' id='word_1_356' title='bbox 293 2678 388 2730; x_wconf 84' lang='grc' dir='ltr'>τοῦ</span> <span class='ocrx_word' id='word_1_357' title='bbox 421 2679 657 2735; x_wconf 76' lang='grc' dir='ltr'>ἔσονται.</span> <span class='ocrx_word' id='word_1_358' title='bbox 701 2698 720 2731; x_wconf 85' lang='grc'><strong>›</strong></span> <span class='ocrx_word' id='word_1_359' title='bbox 758 2680 866 2731; x_wconf 76' lang='grc' dir='ltr'><strong>Καὶ</strong></span> <span class='ocrx_word' id='word_1_360' title='bbox 891 2680 1089 2732; x_wconf 77' lang='grc' dir='ltr'>ἔπεσεν</span> <span class='ocrx_word' id='word_1_361' title='bbox 1137 2679 1397 2748; x_wconf 83' lang='grc' dir='ltr'>Ἀϐραὰμ</span> <span class='ocrx_word' id='word_1_362' title='bbox 1436 2680 1529 2730; x_wconf 73' lang='grc' dir='ltr'>ἐπὶ</span> <span class='ocrx_word' id='word_1_363' title='bbox 1575 2678 1867 2744; x_wconf 72' lang='grc' dir='ltr'>πρόσωπον</span> 
     </span>
    </p>
   </div>
   <div class='ocr_carea' id='block_1_43' title="bbox 291 2769 1866 2842">
    <p class='ocr_par' dir='ltr' id='par_1_43' title="bbox 291 2769 1866 2842">
     <span class='ocr_line' id='line_1_43' title="bbox 291 2769 1866 2842; baseline -0.001 -18"><span class='ocrx_word' id='word_1_364' title='bbox 291 2771 458 2824; x_wconf 80' lang='grc' dir='ltr'>αὐτοῦ</span> <span class='ocrx_word' id='word_1_365' title='bbox 487 2775 581 2826; x_wconf 83' lang='grc' dir='ltr'>καὶ</span> <span class='ocrx_word' id='word_1_366' title='bbox 630 2773 882 2838; x_wconf 74' lang='grc' dir='ltr'>ἐγέλασε,</span> <span class='ocrx_word' id='word_1_367' title='bbox 921 2773 1015 2825; x_wconf 74' lang='grc' dir='ltr'>καὶ</span> <span class='ocrx_word' id='word_1_368' title='bbox 1065 2770 1217 2824; x_wconf 82' lang='grc' dir='ltr'>εἶπεν</span> <span class='ocrx_word' id='word_1_369' title='bbox 1249 2776 1306 2824; x_wconf 80' lang='grc' dir='ltr'>ἐν</span> <span class='ocrx_word' id='word_1_370' title='bbox 1341 2775 1410 2842; x_wconf 79' lang='grc' dir='ltr'>τῇ</span> <span class='ocrx_word' id='word_1_371' title='bbox 1453 2771 1666 2840; x_wconf 77' lang='grc' dir='ltr'>διανοίᾳ</span> <span class='ocrx_word' id='word_1_372' title='bbox 1697 2769 1866 2825; x_wconf 83' lang='grc' dir='ltr'>αὑτοῦ</span> 
     </span>
    </p>
   </div>
   <div class='ocr_carea' id='block_1_44' title="bbox 289 2861 1869 2936">
    <p class='ocr_par' dir='ltr' id='par_1_44' title="bbox 289 2861 1869 2936">
     <span class='ocr_line' id='line_1_44' title="bbox 289 2861 1869 2936; baseline -0.001 -21"><span class='ocrx_word' id='word_1_373' title='bbox 289 2864 466 2933; x_wconf 80' lang='grc' dir='ltr'>λέγων</span> <span class='ocrx_word' id='word_1_374' title='bbox 497 2881 510 2894; x_wconf 77' lang='grc' dir='ltr'><strong><em>ο</em></strong></span> <span class='ocrx_word' id='word_1_375' title='bbox 549 2883 570 2916; x_wconf 70' lang='grc' dir='ltr'><strong>ς</strong></span> <span class='ocrx_word' id='word_1_376' title='bbox 615 2864 676 2916; x_wconf 78' lang='lat' dir='ltr'><strong>El</strong></span> <span class='ocrx_word' id='word_1_377' title='bbox 711 2864 959 2936; x_wconf 73' lang='grc' dir='ltr'>δυνατὸν,</span> <span class='ocrx_word' id='word_1_378' title='bbox 989 2863 1064 2933; x_wconf 81' lang='grc' dir='ltr'>τῷ</span> <span class='ocrx_word' id='word_1_379' title='bbox 1091 2864 1470 2916; x_wconf 77' lang='grc' dir='ltr'>ἑκατονταετεῖ</span> <span class='ocrx_word' id='word_1_380' title='bbox 1498 2861 1610 2925; x_wconf 68' lang='grc' dir='ltr'>υῑὺς</span> <span class='ocrx_word' id='word_1_381' title='bbox 1640 2862 1869 2931; x_wconf 89' lang='grc' dir='ltr'>γενήσε-</span> 
     </span>
    </p>
   </div>
   <div class='ocr_carea' id='block_1_45' title="bbox 293 2955 1866 3027">
    <p class='ocr_par' dir='ltr' id='par_1_45' title="bbox 293 2955 1866 3027">
     <span class='ocr_line' id='line_1_45' title="bbox 293 2955 1866 3027; baseline -0.002 -19"><span class='ocrx_word' id='word_1_382' title='bbox 293 2974 408 3021; x_wconf 82' lang='grc' dir='ltr'>ται,</span> <span class='ocrx_word' id='word_1_383' title='bbox 459 2956 554 3008; x_wconf 74' lang='grc' dir='ltr'>καὶ</span> <span class='ocrx_word' id='word_1_384' title='bbox 611 2955 798 3027; x_wconf 73' lang='grc' dir='ltr'>Σάρρα</span> <span class='ocrx_word' id='word_1_385' title='bbox 827 2957 1156 3026; x_wconf 75' lang='grc' dir='ltr'>ἐνενήκοντα</span> <span class='ocrx_word' id='word_1_386' title='bbox 1203 2955 1339 3008; x_wconf 76' lang='grc' dir='ltr'>ἑτῶν</span> <span class='ocrx_word' id='word_1_387' title='bbox 1387 2955 1521 3008; x_wconf 76' lang='grc' dir='ltr'>οὖσα</span> <span class='ocrx_word' id='word_1_388' title='bbox 1573 2955 1806 3018; x_wconf 77' lang='grc' dir='ltr'>τέξεται,</span> <span class='ocrx_word' id='word_1_389' title='bbox 1847 2973 1866 3005; x_wconf 72' lang='grc' dir='ltr'><strong>ι</strong></span> 
     </span>
    </p>
   </div>
   <div class='ocr_carea' id='block_1_46' title="bbox 294 3046 1872 3119">
    <p class='ocr_par' dir='ltr' id='par_1_46' title="bbox 294 3046 1872 3119">
     <span class='ocr_line' id='line_1_46' title="bbox 294 3046 1872 3119; baseline -0.001 -19"><span class='ocrx_word' id='word_1_390' title='bbox 294 3049 430 3100; x_wconf 66' lang='lat' dir='ltr'><strong>Eine</strong></span> <span class='ocrx_word' id='word_1_391' title='bbox 469 3047 525 3100; x_wconf 79' lang='grc' dir='ltr'>δὲ</span> <span class='ocrx_word' id='word_1_392' title='bbox 575 3046 834 3119; x_wconf 82' lang='grc' dir='ltr'>Ἀϐραὰμ</span> <span class='ocrx_word' id='word_1_393' title='bbox 883 3050 1019 3116; x_wconf 80' lang='grc' dir='ltr'>πρὸς</span> <span class='ocrx_word' id='word_1_394' title='bbox 1050 3049 1139 3100; x_wconf 72' lang='grc' dir='ltr'>τὸν</span> <span class='ocrx_word' id='word_1_395' title='bbox 1167 3047 1338 3101; x_wconf 85' lang='grc' dir='ltr'>Θεὸν·</span> <span class='ocrx_word' id='word_1_396' title='bbox 1385 3067 1406 3101; x_wconf 79' lang='grc' dir='ltr'><strong>ι</strong></span> <span class='ocrx_word' id='word_1_397' title='bbox 1450 3048 1680 3117; x_wconf 84' lang='grc' dir='ltr'>Ἰσμαὴλ</span> <span class='ocrx_word' id='word_1_398' title='bbox 1717 3046 1872 3108; x_wconf 78' lang='grc' dir='ltr'>οὗτος</span> 
     </span>
    </p>
   </div>
   <div class='ocr_carea' id='block_1_47' title="bbox 1962 1927 3541 2000">
    <p class='ocr_par' dir='ltr' id='par_1_47' title="bbox 1962 1927 3541 2000">
     <span class='ocr_line' id='line_1_47' title="bbox 1962 1927 3541 2000; baseline -0.001 -17"><span class='ocrx_word' id='word_1_399' title='bbox 1962 1932 2264 2000; x_wconf 69' lang='grc' dir='ltr'>εὐλογῆσαι</span> <span class='ocrx_word' id='word_1_400' title='bbox 2292 1931 2478 1995; x_wconf 73' lang='grc' dir='ltr'>αὑτὸν,</span> <span class='ocrx_word' id='word_1_401' title='bbox 2503 1935 2530 1984; x_wconf 86' lang='grc' dir='ltr'>ὁ</span> <span class='ocrx_word' id='word_1_402' title='bbox 2558 1931 2613 1982; x_wconf 84' lang='grc' dir='ltr'>δὲ</span> <span class='ocrx_word' id='word_1_403' title='bbox 2647 1930 2781 1992; x_wconf 77' lang='grc' dir='ltr'>Θεὸς</span> <span class='ocrx_word' id='word_1_404' title='bbox 2801 1931 3124 1998; x_wconf 72' lang='grc' dir='ltr'>ἀποκριθεὶς</span> <span class='ocrx_word' id='word_1_405' title='bbox 3152 1927 3304 1983; x_wconf 75' lang='grc' dir='ltr'>εἶπεν</span> <span class='ocrx_word' id='word_1_406' title='bbox 3325 1947 3340 1962; x_wconf 73' lang='grc' dir='ltr'><strong>ο</strong></span> <span class='ocrx_word' id='word_1_407' title='bbox 3365 1951 3382 1981; x_wconf 75' lang='grc' dir='ltr'><strong>ι</strong></span> <span class='ocrx_word' id='word_1_408' title='bbox 3407 1932 3541 1982; x_wconf 77' lang='grc' dir='ltr'>Ἰδοὺ</span> 
     </span>
    </p>
   </div>
   <div class='ocr_carea' id='block_1_48' title="bbox 1963 2023 3541 2097">
    <p class='ocr_par' dir='ltr' id='par_1_48' title="bbox 1963 2023 3541 2097">
     <span class='ocr_line' id='line_1_48' title="bbox 1963 2023 3541 2097; baseline 0 -21"><span class='ocrx_word' id='word_1_409' title='bbox 1963 2025 2235 2092; x_wconf 75' lang='grc' dir='ltr'>εὐλόγησα</span> <span class='ocrx_word' id='word_1_410' title='bbox 2269 2025 2454 2088; x_wconf 74' lang='grc' dir='ltr'>αὐτὸν,</span> <span class='ocrx_word' id='word_1_411' title='bbox 2488 2025 2584 2076; x_wconf 75' lang='grc' dir='ltr'><strong>καὶ</strong></span> <span class='ocrx_word' id='word_1_412' title='bbox 2641 2023 2897 2091; x_wconf 83' lang='grc' dir='ltr'>πληθυνῶ</span> <span class='ocrx_word' id='word_1_413' title='bbox 2949 2026 3112 2078; x_wconf 78' lang='grc' dir='ltr'>αὐτὸν</span> <span class='ocrx_word' id='word_1_414' title='bbox 3175 2026 3403 2097; x_wconf 72' lang='grc' dir='ltr'>σφόδρα,</span> <span class='ocrx_word' id='word_1_415' title='bbox 3446 2027 3541 2078; x_wconf 77' lang='grc' dir='ltr'><strong>καὶ</strong></span> 
     </span>
    </p>
   </div>
   <div class='ocr_carea' id='block_1_49' title="bbox 1965 2115 3540 2186">
    <p class='ocr_par' dir='ltr' id='par_1_49' title="bbox 1965 2115 3540 2186">
     <span class='ocr_line' id='line_1_49' title="bbox 1965 2115 3540 2186; baseline 0.002 -19"><span class='ocrx_word' id='word_1_416' title='bbox 1965 2115 2174 2168; x_wconf 77' lang='grc' dir='ltr'>δώδεκα</span> <span class='ocrx_word' id='word_1_417' title='bbox 2223 2115 2352 2181; x_wconf 76' lang='grc' dir='ltr'>ἔθνη</span> <span class='ocrx_word' id='word_1_418' title='bbox 2383 2117 2638 2185; x_wconf 84' lang='grc' dir='ltr'>γεννήσει</span> <span class='ocrx_word' id='word_1_419' title='bbox 2698 2118 2792 2168; x_wconf 74' lang='grc' dir='ltr'><strong>καὶ</strong></span> <span class='ocrx_word' id='word_1_420' title='bbox 2839 2119 2921 2178; x_wconf 81' lang='grc' dir='ltr'><strong>είς</strong></span> <span class='ocrx_word' id='word_1_421' title='bbox 2966 2117 3118 2178; x_wconf 80' lang='grc' dir='ltr'>ἔθνος</span> <span class='ocrx_word' id='word_1_422' title='bbox 3160 2119 3307 2186; x_wconf 78' lang='grc' dir='ltr'>μέγα</span> <span class='ocrx_word' id='word_1_423' title='bbox 3360 2117 3540 2172; x_wconf 78' lang='grc' dir='ltr'>ἔσται.</span> 
     </span>
    </p>
   </div>
   <div class='ocr_carea' id='block_1_50' title="bbox 1965 2205 3541 2276">
    <p class='ocr_par' dir='ltr' id='par_1_50' title="bbox 1965 2205 3541 2276">
     <span class='ocr_line' id='line_1_50' title="bbox 1965 2205 3541 2276; baseline -0.003 -16"><span class='ocrx_word' id='word_1_424' title='bbox 1965 2210 2078 2276; x_wconf 79' lang='grc' dir='ltr'><strong>Τὴν</strong></span> <span class='ocrx_word' id='word_1_425' title='bbox 2113 2209 2169 2259; x_wconf 78' lang='grc' dir='ltr'>δὲ</span> <span class='ocrx_word' id='word_1_426' title='bbox 2192 2207 2462 2275; x_wconf 82' lang='grc' dir='ltr'>διαθήκην</span> <span class='ocrx_word' id='word_1_427' title='bbox 2493 2224 2598 2274; x_wconf 80' lang='grc' dir='ltr'><strong>μου</strong></span> <span class='ocrx_word' id='word_1_428' title='bbox 2633 2211 2814 2275; x_wconf 88' lang='grc' dir='ltr'>στήσω</span> <span class='ocrx_word' id='word_1_429' title='bbox 2839 2206 2974 2276; x_wconf 85' lang='grc' dir='ltr'>πρὸς</span> <span class='ocrx_word' id='word_1_430' title='bbox 3004 2205 3214 2258; x_wconf 83' lang='grc' dir='ltr'>Ἰσαάκ.</span> <span class='ocrx_word' id='word_1_431' title='bbox 3254 2225 3270 2255; x_wconf 71' lang='grc' dir='ltr'><strong><em>ο</em></strong></span> <span class='ocrx_word' id='word_1_432' title='bbox 3313 2207 3416 2258; x_wconf 72' lang='grc' dir='ltr'>Καὶ</span> <span class='ocrx_word' id='word_1_433' title='bbox 3441 2206 3541 2258; x_wconf 72' lang='grc' dir='ltr'><strong>οὐκ</strong></span> 
     </span>
    </p>
   </div>
   <div class='ocr_carea' id='block_1_51' title="bbox 1966 2298 3539 2370">
    <p class='ocr_par' dir='ltr' id='par_1_51' title="bbox 1966 2298 3539 2370">
     <span class='ocr_line' id='line_1_51' title="bbox 1966 2298 3539 2370; baseline -0.002 -18"><span class='ocrx_word' id='word_1_434' title='bbox 1966 2300 2235 2370; x_wconf 69' lang='grc' dir='ltr'>ἠθέλησεν</span> <span class='ocrx_word' id='word_1_435' title='bbox 2264 2303 2291 2351; x_wconf 88' lang='grc' dir='ltr'>ὁ</span> <span class='ocrx_word' id='word_1_436' title='bbox 2330 2299 2462 2360; x_wconf 76' lang='grc' dir='ltr'>Θεὸς</span> <span class='ocrx_word' id='word_1_437' title='bbox 2494 2299 2664 2351; x_wconf 82' lang='grc' dir='ltr'>δῶσαι</span> <span class='ocrx_word' id='word_1_438' title='bbox 2699 2303 2794 2352; x_wconf 76' lang='grc' dir='ltr'><strong>καὶ</strong></span> <span class='ocrx_word' id='word_1_439' title='bbox 2824 2299 3196 2367; x_wconf 80' lang='grc' dir='ltr'>ὲμπιστεῦσαι</span> <span class='ocrx_word' id='word_1_440' title='bbox 3226 2298 3323 2368; x_wconf 84' lang='grc' dir='ltr'><strong>τὴν</strong></span> <span class='ocrx_word' id='word_1_441' title='bbox 3345 2299 3539 2368; x_wconf 84' lang='grc' dir='ltr'>διαθή-</span> 
     </span>
    </p>
   </div>
   <div class='ocr_carea' id='block_1_52' title="bbox 1968 2389 3535 2462">
    <p class='ocr_par' dir='ltr' id='par_1_52' title="bbox 1968 2389 3535 2462">
     <span class='ocr_line' id='line_1_52' title="bbox 1968 2389 3535 2462; baseline -0.001 -20"><span class='ocrx_word' id='word_1_442' title='bbox 1968 2409 2072 2459; x_wconf 85' lang='grc' dir='ltr'><strong>κην</strong></span> <span class='ocrx_word' id='word_1_443' title='bbox 2136 2389 2301 2443; x_wconf 80' lang='grc' dir='ltr'>αὐτοῦ</span> <span class='ocrx_word' id='word_1_444' title='bbox 2338 2392 2417 2460; x_wconf 83' lang='grc' dir='ltr'>τῷ</span> <span class='ocrx_word' id='word_1_445' title='bbox 2449 2391 2682 2461; x_wconf 79' lang='grc' dir='ltr'>’ῐσμαὴλ</span> <span class='ocrx_word' id='word_1_446' title='bbox 2736 2393 2832 2445; x_wconf 81' lang='grc' dir='ltr'>καὶ</span> <span class='ocrx_word' id='word_1_447' title='bbox 2887 2391 2964 2462; x_wconf 80' lang='grc' dir='ltr'>τῷ</span> <span class='ocrx_word' id='word_1_448' title='bbox 3013 2393 3291 2460; x_wconf 80' lang='grc' dir='ltr'>σπέρματι</span> <span class='ocrx_word' id='word_1_449' title='bbox 3351 2392 3535 2452; x_wconf 69' lang='grc' dir='ltr'>αὑτοῦ,</span> 
     </span>
    </p>
   </div>
   <div class='ocr_carea' id='block_1_53' title="bbox 1969 2481 3544 2552">
    <p class='ocr_par' dir='ltr' id='par_1_53' title="bbox 1969 2481 3544 2552">
     <span class='ocr_line' id='line_1_53' title="bbox 1969 2481 3544 2552; baseline -0.003 -18"><span class='ocrx_word' id='word_1_450' title='bbox 1969 2483 2105 2534; x_wconf 87' lang='grc' dir='ltr'><strong>ἀλλά</strong></span> <span class='ocrx_word' id='word_1_451' title='bbox 2165 2483 2313 2552; x_wconf 66' lang='grc' dir='ltr'>μόνῳ</span> <span class='ocrx_word' id='word_1_452' title='bbox 2369 2482 2446 2551; x_wconf 84' lang='grc' dir='ltr'>τῷ</span> <span class='ocrx_word' id='word_1_453' title='bbox 2481 2483 2670 2536; x_wconf 84' lang='grc' dir='ltr'>Ἰσαὰκ</span> <span class='ocrx_word' id='word_1_454' title='bbox 2725 2483 2817 2535; x_wconf 75' lang='grc' dir='ltr'>καὶ</span> <span class='ocrx_word' id='word_1_455' title='bbox 2852 2484 2963 2544; x_wconf 79' lang='grc' dir='ltr'>τοῖς</span> <span class='ocrx_word' id='word_1_456' title='bbox 2995 2482 3053 2546; x_wconf 79' lang='grc' dir='ltr'><strong>ἐξ</strong></span> <span class='ocrx_word' id='word_1_457' title='bbox 3105 2481 3272 2552; x_wconf 67' lang='grc' dir='ltr'>αὐτοῦ</span> <span class='ocrx_word' id='word_1_458' title='bbox 3331 2484 3409 2543; x_wconf 85' lang='grc' dir='ltr'><strong>είς</strong></span> <span class='ocrx_word' id='word_1_459' title='bbox 3455 2483 3544 2532; x_wconf 73' lang='grc' dir='ltr'>τὸν</span> 
     </span>
    </p>
   </div>
   <div class='ocr_carea' id='block_1_54' title="bbox 1969 2568 3546 2641">
    <p class='ocr_par' dir='ltr' id='par_1_54' title="bbox 1969 2568 3546 2641">
     <span class='ocr_line' id='line_1_54' title="bbox 1969 2568 3546 2641; baseline -0.002 -19"><span class='ocrx_word' id='word_1_460' title='bbox 1969 2573 2159 2625; x_wconf 75' lang='grc' dir='ltr'>αἰῶνα.</span> <span class='ocrx_word' id='word_1_461' title='bbox 2181 2574 2289 2624; x_wconf 64' lang='grc' dir='ltr'><strong>Καὶ</strong></span> <span class='ocrx_word' id='word_1_462' title='bbox 2312 2568 2378 2641; x_wconf 79' lang='grc' dir='ltr'>ἦν</span> <span class='ocrx_word' id='word_1_463' title='bbox 2403 2573 2686 2638; x_wconf 76' lang='grc' dir='ltr'>θαυμάσαι</span> <span class='ocrx_word' id='word_1_464' title='bbox 2708 2573 2756 2623; x_wconf 80' lang='grc' dir='ltr'>εἰ</span> <span class='ocrx_word' id='word_1_465' title='bbox 2780 2573 2862 2634; x_wconf 89' lang='grc' dir='ltr'><strong>τίς</strong></span> <span class='ocrx_word' id='word_1_466' title='bbox 2885 2571 2944 2623; x_wconf 81' lang='grc' dir='ltr'><strong>οὐ</strong></span> <span class='ocrx_word' id='word_1_467' title='bbox 2967 2572 3191 2624; x_wconf 78' lang='grc' dir='ltr'>δύναται</span> <span class='ocrx_word' id='word_1_468' title='bbox 3215 2569 3546 2622; x_wconf 53' lang='grc' dir='ltr'>καταλαϐεῖν</span> 
     </span>
    </p>
   </div>
   <div class='ocr_carea' id='block_1_55' title="bbox 1968 2663 3543 2735">
    <p class='ocr_par' dir='ltr' id='par_1_55' title="bbox 1968 2663 3543 2735">
     <span class='ocr_line' id='line_1_55' title="bbox 1968 2663 3543 2735; baseline -0.003 -20"><span class='ocrx_word' id='word_1_469' title='bbox 1968 2663 2068 2732; x_wconf 81' lang='grc' dir='ltr'>τὴν</span> <span class='ocrx_word' id='word_1_470' title='bbox 2099 2663 2310 2716; x_wconf 77' lang='grc' dir='ltr'>ἔννοιαν</span> <span class='ocrx_word' id='word_1_471' title='bbox 2351 2664 2459 2715; x_wconf 88' lang='grc' dir='ltr'><strong>τῶν</strong></span> <span class='ocrx_word' id='word_1_472' title='bbox 2488 2663 2748 2716; x_wconf 67' lang='grc' dir='ltr'>τοιούτων</span> <span class='ocrx_word' id='word_1_473' title='bbox 2796 2665 2998 2735; x_wconf 76' lang='grc' dir='ltr'>ῥητῶν,</span> <span class='ocrx_word' id='word_1_474' title='bbox 3042 2665 3105 2716; x_wconf 75' lang='lat' dir='ltr'><strong>Oi</strong></span> <span class='ocrx_word' id='word_1_475' title='bbox 3139 2665 3196 2716; x_wconf 82' lang='grc' dir='ltr'><strong>δὲ</strong></span> <span class='ocrx_word' id='word_1_476' title='bbox 3229 2663 3543 2731; x_wconf 74' lang='grc' dir='ltr'>Ἀγαρηνο“ι,</span> 
     </span>
    </p>
   </div>
   <div class='ocr_carea' id='block_1_56' title="bbox 1973 2754 3540 2826">
    <p class='ocr_par' dir='ltr' id='par_1_56' title="bbox 1973 2754 3540 2826">
     <span class='ocr_line' id='line_1_56' title="bbox 1973 2754 3540 2826; baseline -0.002 -18"><span class='ocrx_word' id='word_1_477' title='bbox 1973 2755 2240 2825; x_wconf 81' lang='grc' dir='ltr'>βάρϐαροι</span> <span class='ocrx_word' id='word_1_478' title='bbox 2273 2755 2368 2808; x_wconf 71' lang='grc' dir='ltr'><strong>καὶ</strong></span> <span class='ocrx_word' id='word_1_479' title='bbox 2401 2757 2650 2826; x_wconf 76' lang='grc' dir='ltr'>ἄγροικοι</span> <span class='ocrx_word' id='word_1_480' title='bbox 2681 2756 2853 2820; x_wconf 75' lang='grc' dir='ltr'>ὅντες,</span> <span class='ocrx_word' id='word_1_481' title='bbox 2877 2756 2976 2808; x_wconf 85' lang='grc' dir='ltr'><strong>οὐκ</strong></span> <span class='ocrx_word' id='word_1_482' title='bbox 2997 2756 3206 2807; x_wconf 82' lang='grc' dir='ltr'>οἴδασιν</span> <span class='ocrx_word' id='word_1_483' title='bbox 3233 2754 3406 2823; x_wconf 81' lang='grc' dir='ltr'>ὀρθῶς</span> <span class='ocrx_word' id='word_1_484' title='bbox 3441 2754 3540 2821; x_wconf 81' lang='grc' dir='ltr'><strong>τήν</strong></span> 
     </span>
    </p>
   </div>
   <div class='ocr_carea' id='block_1_57' title="bbox 1973 2847 3546 2918">
    <p class='ocr_par' dir='ltr' id='par_1_57' title="bbox 1973 2847 3546 2918">
     <span class='ocr_line' id='line_1_57' title="bbox 1973 2847 3546 2918; baseline -0.001 -20"><span class='ocrx_word' id='word_1_485' title='bbox 1973 2847 2186 2900; x_wconf 72' lang='grc' dir='ltr'>ἔννοιαν</span> <span class='ocrx_word' id='word_1_486' title='bbox 2215 2847 2324 2899; x_wconf 85' lang='grc' dir='ltr'><strong>τῶν</strong></span> <span class='ocrx_word' id='word_1_487' title='bbox 2377 2849 2578 2918; x_wconf 75' lang='grc' dir='ltr'>ῥητῶν,</span> <span class='ocrx_word' id='word_1_488' title='bbox 2617 2850 2708 2900; x_wconf 75' lang='grc' dir='ltr'><strong>καὶ</strong></span> <span class='ocrx_word' id='word_1_489' title='bbox 2745 2847 3044 2913; x_wconf 78' lang='grc' dir='ltr'>κλαύσωσι,</span> <span class='ocrx_word' id='word_1_490' title='bbox 3099 2848 3214 2910; x_wconf 85' lang='grc' dir='ltr'><strong>πῶς</strong></span> <span class='ocrx_word' id='word_1_491' title='bbox 3248 2850 3275 2900; x_wconf 84' lang='grc' dir='ltr'>ὁ</span> <span class='ocrx_word' id='word_1_492' title='bbox 3321 2847 3453 2909; x_wconf 79' lang='grc' dir='ltr'>Θεὸς</span> <span class='ocrx_word' id='word_1_493' title='bbox 3487 2847 3546 2908; x_wconf 76' lang='grc' dir='ltr'>ἐξ</span> 
     </span>
    </p>
   </div>
   <div class='ocr_carea' id='block_1_58' title="bbox 1975 2937 3548 3010">
    <p class='ocr_par' dir='ltr' id='par_1_58' title="bbox 1975 2937 3548 3010">
     <span class='ocr_line' id='line_1_58' title="bbox 1975 2937 3548 3010; baseline -0.001 -19"><span class='ocrx_word' id='word_1_494' title='bbox 1975 2937 2155 3007; x_wconf 78' lang='grc' dir='ltr'>ἀρχῆς</span> <span class='ocrx_word' id='word_1_495' title='bbox 2209 2937 2438 3000; x_wconf 77' lang='grc' dir='ltr'>ἐξένωσε</span> <span class='ocrx_word' id='word_1_496' title='bbox 2486 2940 2578 2992; x_wconf 67' lang='grc' dir='ltr'>τὶν</span> <span class='ocrx_word' id='word_1_497' title='bbox 2636 2941 2988 3008; x_wconf 81' lang='grc' dir='ltr'>πατριάρχην</span> <span class='ocrx_word' id='word_1_498' title='bbox 3034 2940 3216 2991; x_wconf 84' lang='grc' dir='ltr'>αὐτῶν</span> <span class='ocrx_word' id='word_1_499' title='bbox 3251 2939 3343 2992; x_wconf 78' lang='grc' dir='ltr'>καὶ</span> <span class='ocrx_word' id='word_1_500' title='bbox 3383 2939 3548 3010; x_wconf 80' lang='lat'><strong>320</strong></span> 
     </span>
    </p>
   </div>
   <div class='ocr_carea' id='block_1_59' title="bbox 1981 3029 3547 3099">
    <p class='ocr_par' dir='ltr' id='par_1_59' title="bbox 1981 3029 3547 3099">
     <span class='ocr_line' id='line_1_59' title="bbox 1981 3029 3547 3099; baseline -0.001 -17"><span class='ocrx_word' id='word_1_501' title='bbox 1981 3029 2184 3091; x_wconf 75' lang='grc' dir='ltr'>αὐτοὺς</span> <span class='ocrx_word' id='word_1_502' title='bbox 2210 3029 2309 3098; x_wconf 84' lang='grc' dir='ltr'><strong>τῆς</strong></span> <span class='ocrx_word' id='word_1_503' title='bbox 2339 3029 2611 3099; x_wconf 78' lang='grc' dir='ltr'>διαθήκης</span> <span class='ocrx_word' id='word_1_504' title='bbox 2641 3031 2813 3082; x_wconf 75' lang='grc' dir='ltr'>αὐτοῦ</span> <span class='ocrx_word' id='word_1_505' title='bbox 2850 3031 2943 3082; x_wconf 79' lang='grc' dir='ltr'>καὶ</span> <span class='ocrx_word' id='word_1_506' title='bbox 2987 3031 3086 3099; x_wconf 84' lang='grc' dir='ltr'>τῆς</span> <span class='ocrx_word' id='word_1_507' title='bbox 3118 3031 3365 3098; x_wconf 82' lang='grc' dir='ltr'>χάριτος,</span> <span class='ocrx_word' id='word_1_508' title='bbox 3410 3031 3547 3082; x_wconf 81' lang='grc' dir='ltr'><strong>ἀλλά</strong></span> 
     </span>
    </p>
   </div>
   <div class='ocr_carea' id='block_1_60' title="bbox 293 3119 3547 3223">
    <p class='ocr_par' dir='ltr' id='par_1_60' title="bbox 293 3119 3547 3223">
     <span class='ocr_line' id='line_1_60' title="bbox 293 3119 3547 3223; baseline 0.001 -54"><span class='ocrx_word' id='word_1_509' title='bbox 293 3139 441 3210; x_wconf 59' lang='grc' dir='ltr'><strong>ζήτω</strong></span> <span class='ocrx_word' id='word_1_510' title='bbox 460 3141 700 3194; x_wconf 61' lang='grc' dir='ltr'><strong>ἐναντίον</strong></span> <span class='ocrx_word' id='word_1_511' title='bbox 729 3158 844 3194; x_wconf 48' lang='grc' dir='ltr'><strong>σου.</strong></span> <span class='ocrx_word' id='word_1_512' title='bbox 877 3159 895 3191; x_wconf 80' lang='grc'><strong>,</strong></span> <span class='ocrx_word' id='word_1_513' title='bbox 931 3138 1063 3194; x_wconf 48' lang='lat' dir='ltr'><strong>Ehe</strong></span> <span class='ocrx_word' id='word_1_514' title='bbox 1091 3141 1148 3194; x_wconf 71' lang='grc' dir='ltr'><strong>δὲ</strong></span> <span class='ocrx_word' id='word_1_515' title='bbox 1184 3143 1212 3194; x_wconf 72' lang='grc' dir='ltr'>ὁ</span> <span class='ocrx_word' id='word_1_516' title='bbox 1243 3141 1375 3203; x_wconf 55' lang='grc' dir='ltr'><strong>Θεὸς</strong></span> <span class='ocrx_word' id='word_1_517' title='bbox 1406 3139 1542 3211; x_wconf 61' lang='grc' dir='ltr'>πρδς</span> <span class='ocrx_word' id='word_1_518' title='bbox 1575 3138 1830 3210; x_wconf 62' lang='grc' dir='ltr'>Ἄδραάμ</span> <span class='ocrx_word' id='word_1_519' title='bbox 1855 3155 1868 3168; x_wconf 92' lang='grc'><strong>.</strong></span> <span class='ocrx_word' id='word_1_520' title='bbox 1901 3165 1944 3223; x_wconf 77' lang='lat' dir='ltr'>c</span> <span class='ocrx_word' id='word_1_521' title='bbox 1978 3120 2125 3172; x_wconf 78' lang='grc' dir='ltr'>οὗτοι</span> <span class='ocrx_word' id='word_1_522' title='bbox 2161 3119 2509 3190; x_wconf 76' lang='grc' dir='ltr'>κομπάζουσι</span> <span class='ocrx_word' id='word_1_523' title='bbox 2557 3123 2676 3184; x_wconf 83' lang='grc' dir='ltr'><strong>πῶς</strong></span> <span class='ocrx_word' id='word_1_524' title='bbox 2702 3123 2796 3175; x_wconf 79' lang='grc' dir='ltr'><strong>καὶ</strong></span> <span class='ocrx_word' id='word_1_525' title='bbox 2835 3123 2985 3175; x_wconf 66' lang='grc' dir='ltr'>αὒτοὶ</span> <span class='ocrx_word' id='word_1_526' title='bbox 3028 3123 3289 3190; x_wconf 80' lang='grc' dir='ltr'>ἀπόγονοί</span> <span class='ocrx_word' id='word_1_527' title='bbox 3313 3123 3422 3174; x_wconf 78' lang='grc' dir='ltr'>εἱσι</span> <span class='ocrx_word' id='word_1_528' title='bbox 3452 3122 3547 3187; x_wconf 68' lang='grc' dir='ltr'>τοῦ</span> 
     </span>
    </p>
   </div>
   <div class='ocr_carea' id='block_1_61' title="bbox 299 3232 1864 3306">
    <p class='ocr_par' dir='ltr' id='par_1_61' title="bbox 299 3232 1864 3306">
     <span class='ocr_line' id='line_1_61' title="bbox 299 3232 1864 3306; baseline 0.002 -23"><span class='ocrx_word' id='word_1_529' title='bbox 299 3250 319 3283; x_wconf 73' lang='grc' dir='ltr'><strong>ι</strong></span> <span class='ocrx_word' id='word_1_530' title='bbox 351 3232 480 3298; x_wconf 74' lang='grc' dir='ltr'>Ναὶ,</span> <span class='ocrx_word' id='word_1_531' title='bbox 514 3233 625 3286; x_wconf 73' lang='grc' dir='ltr'>ἰδοὺ</span> <span class='ocrx_word' id='word_1_532' title='bbox 659 3234 900 3306; x_wconf 76' lang='grc' dir='ltr'>Σάρῤαή</span> <span class='ocrx_word' id='word_1_533' title='bbox 931 3236 1072 3304; x_wconf 84' lang='grc' dir='ltr'>γυνή</span> <span class='ocrx_word' id='word_1_534' title='bbox 1105 3251 1197 3288; x_wconf 87' lang='grc' dir='ltr'><strong>σου</strong></span> <span class='ocrx_word' id='word_1_535' title='bbox 1233 3234 1448 3300; x_wconf 75' lang='grc' dir='ltr'>τέξεταί</span> <span class='ocrx_word' id='word_1_536' title='bbox 1492 3251 1576 3286; x_wconf 88' lang='grc' dir='ltr'><strong>σοι</strong></span> <span class='ocrx_word' id='word_1_537' title='bbox 1604 3235 1737 3297; x_wconf 78' lang='grc' dir='ltr'>υἱὸν,</span> <span class='ocrx_word' id='word_1_538' title='bbox 1774 3235 1864 3286; x_wconf 76' lang='grc' dir='ltr'><strong>καὶ</strong></span> 
     </span>
    </p>
   </div>
   <div class='ocr_carea' id='block_1_62' title="bbox 297 3415 1864 3485">
    <p class='ocr_par' dir='ltr' id='par_1_62' title="bbox 297 3415 1864 3485">
     <span class='ocr_line' id='line_1_62' title="bbox 297 3415 1864 3485; baseline 0.003 -15"><span class='ocrx_word' id='word_1_539' title='bbox 297 3415 866 3482; x_wconf 85' lang='lat' dir='ltr'><strong>neravit,Zombram,</strong></span> <span class='ocrx_word' id='word_1_540' title='bbox 922 3417 1085 3484; x_wconf 85' lang='lat' dir='ltr'><strong>lezai,</strong></span> <span class='ocrx_word' id='word_1_541' title='bbox 1138 3417 1336 3483; x_wconf 85' lang='lat' dir='ltr'><strong>Madai,</strong></span> <span class='ocrx_word' id='word_1_542' title='bbox 1387 3418 1637 3484; x_wconf 79' lang='lat' dir='ltr'><strong>Madiam,</strong></span> <span class='ocrx_word' id='word_1_543' title='bbox 1676 3419 1864 3485; x_wconf 83' lang='lat' dir='ltr'><strong>Eboei,</strong></span> 
     </span>
    </p>
   </div>
   <div class='ocr_carea' id='block_1_63' title="bbox 297 3505 1869 3580">
    <p class='ocr_par' dir='ltr' id='par_1_63' title="bbox 297 3505 1869 3580">
     <span class='ocr_line' id='line_1_63' title="bbox 297 3505 1869 3580; baseline 0.004 -21"><span class='ocrx_word' id='word_1_544' title='bbox 297 3516 353 3560; x_wconf 89' lang='lat' dir='ltr'><strong>et</strong></span> <span class='ocrx_word' id='word_1_545' title='bbox 380 3505 545 3561; x_wconf 89' lang='lat' dir='ltr'><strong>Soiai.</strong></span> <span class='ocrx_word' id='word_1_546' title='bbox 595 3506 701 3562; x_wconf 87' lang='lat' dir='ltr'><strong>Sed</strong></span> <span class='ocrx_word' id='word_1_547' title='bbox 733 3509 1018 3562; x_wconf 84' lang='lat' dir='ltr'><strong>redeamus</strong></span> <span class='ocrx_word' id='word_1_548' title='bbox 1051 3508 1118 3562; x_wconf 91' lang='lat' dir='ltr'><strong>ad</strong></span> <span class='ocrx_word' id='word_1_549' title='bbox 1142 3509 1420 3565; x_wconf 85' lang='lat' dir='ltr'><strong>lsmaelem</strong></span> <span class='ocrx_word' id='word_1_550' title='bbox 1445 3515 1694 3566; x_wconf 90' lang='lat' dir='ltr'><strong>nothum.</strong></span> <span class='ocrx_word' id='word_1_551' title='bbox 1726 3515 1869 3580; x_wconf 85' lang='lat' dir='ltr'><strong>Agar</strong></span> 
     </span>
    </p>
   </div>
   <div class='ocr_carea' id='block_1_64' title="bbox 299 3592 1868 3671">
    <p class='ocr_par' dir='ltr' id='par_1_64' title="bbox 299 3592 1868 3671">
     <span class='ocr_line' id='line_1_64' title="bbox 299 3592 1868 3671; baseline 0.007 -21"><span class='ocrx_word' id='word_1_552' title='bbox 299 3601 365 3654; x_wconf 91' lang='lat' dir='ltr'><strong>ab</strong></span> <span class='ocrx_word' id='word_1_553' title='bbox 397 3600 706 3654; x_wconf 80' lang='lat' dir='ltr'><strong>Abrahamo</strong></span> <span class='ocrx_word' id='word_1_554' title='bbox 764 3592 1094 3669; x_wconf 80' lang='lat' dir='ltr'><strong>compressa,</strong></span> <span class='ocrx_word' id='word_1_555' title='bbox 1133 3603 1356 3671; x_wconf 83' lang='lat' dir='ltr'><strong>gravida</strong></span> <span class='ocrx_word' id='word_1_556' title='bbox 1406 3604 1545 3658; x_wconf 87' lang='lat' dir='ltr'><strong>facta</strong></span> <span class='ocrx_word' id='word_1_557' title='bbox 1581 3615 1680 3658; x_wconf 91' lang='lat' dir='ltr'><strong>est.</strong></span> <span class='ocrx_word' id='word_1_558' title='bbox 1715 3606 1868 3670; x_wconf 86' lang='lat' dir='ltr'><strong>Quod</strong></span> 
     </span>
    </p>
   </div>
   <div class='ocr_carea' id='block_1_65' title="bbox 301 3693 1871 3764">
    <p class='ocr_par' dir='ltr' id='par_1_65' title="bbox 301 3693 1871 3764">
     <span class='ocr_line' id='line_1_65' title="bbox 301 3693 1871 3764; baseline 0.005 -22"><span class='ocrx_word' id='word_1_559' title='bbox 301 3693 391 3744; x_wconf 83' lang='lat' dir='ltr'><strong>ubi</strong></span> <span class='ocrx_word' id='word_1_560' title='bbox 422 3693 805 3748; x_wconf 87' lang='lat' dir='ltr'><strong>animadvertit</strong></span> <span class='ocrx_word' id='word_1_561' title='bbox 862 3693 1046 3757; x_wconf 87' lang='lat' dir='ltr'><strong>Sarra,</strong></span> <span class='ocrx_word' id='word_1_562' title='bbox 1091 3694 1292 3748; x_wconf 83' lang='lat' dir='ltr'><strong>invidia</strong></span> <span class='ocrx_word' id='word_1_563' title='bbox 1353 3705 1645 3758; x_wconf 86' lang='lat' dir='ltr'><strong>commota,</strong></span> <span class='ocrx_word' id='word_1_564' title='bbox 1678 3712 1871 3764; x_wconf 82' lang='lat' dir='ltr'><strong>expro-</strong></span> 
     </span>
    </p>
   </div>
   <div class='ocr_carea' id='block_1_66' title="bbox 300 3783 1870 3856">
    <p class='ocr_par' dir='ltr' id='par_1_66' title="bbox 300 3783 1870 3856">
     <span class='ocr_line' id='line_1_66' title="bbox 300 3783 1870 3856; baseline 0.003 -20"><span class='ocrx_word' id='word_1_565' title='bbox 300 3783 508 3848; x_wconf 88' lang='lat' dir='ltr'><strong>brabat,</strong></span> <span class='ocrx_word' id='word_1_566' title='bbox 545 3792 709 3852; x_wconf 88' lang='lat' dir='ltr'><strong>atque</strong></span> <span class='ocrx_word' id='word_1_567' title='bbox 740 3785 963 3839; x_wconf 62' lang='lat' dir='ltr'><strong>lmdebat</strong></span> <span class='ocrx_word' id='word_1_568' title='bbox 997 3795 1050 3840; x_wconf 91' lang='lat' dir='ltr'><strong>et</strong></span> <span class='ocrx_word' id='word_1_569' title='bbox 1081 3786 1347 3856; x_wconf 80' lang='lat' dir='ltr'><strong>aﬂiigebat</strong></span> <span class='ocrx_word' id='word_1_570' title='bbox 1401 3789 1562 3856; x_wconf 79' lang='lat' dir='ltr'><strong>Agar.</strong></span> <span class='ocrx_word' id='word_1_571' title='bbox 1595 3788 1725 3852; x_wconf 80' lang='lat' dir='ltr'><strong>Qua:</strong></span> <span class='ocrx_word' id='word_1_572' title='bbox 1747 3805 1870 3842; x_wconf 89' lang='lat' dir='ltr'><strong>cum</strong></span> 
     </span>
    </p>
   </div>
   <div class='ocr_carea' id='block_1_67' title="bbox 302 3875 1868 3946">
    <p class='ocr_par' dir='ltr' id='par_1_67' title="bbox 302 3875 1868 3946">
     <span class='ocr_line' id='line_1_67' title="bbox 302 3875 1868 3946; baseline 0.004 -21"><span class='ocrx_word' id='word_1_573' title='bbox 302 3875 442 3928; x_wconf 68' lang='lat' dir='ltr'><strong>hera:</strong></span> <span class='ocrx_word' id='word_1_574' title='bbox 505 3876 784 3930; x_wconf 77' lang='lat' dir='ltr'><strong>cruciatus</strong></span> <span class='ocrx_word' id='word_1_575' title='bbox 829 3887 882 3930; x_wconf 84' lang='lat' dir='ltr'><strong>et</strong></span> <span class='ocrx_word' id='word_1_576' title='bbox 932 3877 1156 3944; x_wconf 79' lang='lat' dir='ltr'><strong>injurias</strong></span> <span class='ocrx_word' id='word_1_577' title='bbox 1207 3878 1474 3931; x_wconf 83' lang='lat' dir='ltr'><strong>sustinere</strong></span> <span class='ocrx_word' id='word_1_578' title='bbox 1509 3895 1613 3931; x_wconf 88' lang='lat' dir='ltr'><strong>non</strong></span> <span class='ocrx_word' id='word_1_579' title='bbox 1668 3889 1868 3946; x_wconf 78' lang='lat' dir='ltr'><strong>posset,</strong></span> 
     </span>
    </p>
   </div>
   <div class='ocr_carea' id='block_1_68' title="bbox 299 3966 1873 4038">
    <p class='ocr_par' dir='ltr' id='par_1_68' title="bbox 299 3966 1873 4038">
     <span class='ocr_line' id='line_1_68' title="bbox 299 3966 1873 4038; baseline 0.002 -18"><span class='ocrx_word' id='word_1_580' title='bbox 299 3966 527 4034; x_wconf 84' lang='lat' dir='ltr'><strong>aufugit.</strong></span> <span class='ocrx_word' id='word_1_581' title='bbox 555 3969 624 4020; x_wconf 81' lang='lat' dir='ltr'><strong>At</strong></span> <span class='ocrx_word' id='word_1_582' title='bbox 678 3968 1000 4038; x_wconf 81' lang='lat' dir='ltr'><strong>profugienti</strong></span> <span class='ocrx_word' id='word_1_583' title='bbox 1031 3985 1059 4021; x_wconf 87' lang='lat' dir='ltr'><strong>a</strong></span> <span class='ocrx_word' id='word_1_584' title='bbox 1094 3972 1255 4023; x_wconf 84' lang='lat' dir='ltr'><strong>Sarra</strong></span> <span class='ocrx_word' id='word_1_585' title='bbox 1313 3971 1441 4024; x_wconf 86' lang='lat' dir='ltr'><strong>hera</strong></span> <span class='ocrx_word' id='word_1_586' title='bbox 1476 3973 1685 4023; x_wconf 81' lang='lat' dir='ltr'><strong>obviam</strong></span> <span class='ocrx_word' id='word_1_587' title='bbox 1728 3970 1873 4023; x_wconf 89' lang='lat' dir='ltr'><strong>venit</strong></span> 
     </span>
    </p>
   </div>
   <div class='ocr_carea' id='block_1_69' title="bbox 301 4060 1870 4129">
    <p class='ocr_par' dir='ltr' id='par_1_69' title="bbox 301 4060 1870 4129">
     <span class='ocr_line' id='line_1_69' title="bbox 301 4060 1870 4129; baseline 0.001 -17"><span class='ocrx_word' id='word_1_588' title='bbox 301 4060 544 4128; x_wconf 83' lang='lat' dir='ltr'><strong>angelus,</strong></span> <span class='ocrx_word' id='word_1_589' title='bbox 573 4069 626 4114; x_wconf 85' lang='lat' dir='ltr'><strong>et</strong></span> <span class='ocrx_word' id='word_1_590' title='bbox 650 4076 769 4114; x_wconf 87' lang='lat' dir='ltr'><strong>eam</strong></span> <span class='ocrx_word' id='word_1_591' title='bbox 788 4063 1107 4117; x_wconf 76' lang='lat' dir='ltr'><strong>cohortatus</strong></span> <span class='ocrx_word' id='word_1_592' title='bbox 1129 4071 1229 4124; x_wconf 84' lang='lat' dir='ltr'><strong>est,</strong></span> <span class='ocrx_word' id='word_1_593' title='bbox 1261 4071 1321 4117; x_wconf 91' lang='lat' dir='ltr'><strong>ut</strong></span> <span class='ocrx_word' id='word_1_594' title='bbox 1349 4063 1547 4116; x_wconf 84' lang='lat' dir='ltr'><strong>rediret</strong></span> <span class='ocrx_word' id='word_1_595' title='bbox 1569 4064 1634 4115; x_wconf 89' lang='lat' dir='ltr'><strong>ad</strong></span> <span class='ocrx_word' id='word_1_596' title='bbox 1662 4064 1870 4129; x_wconf 84' lang='lat' dir='ltr'><strong>heram,</strong></span> 
     </span>
    </p>
   </div>
   <div class='ocr_carea' id='block_1_70' title="bbox 301 4153 1926 4221">
    <p class='ocr_par' dir='ltr' id='par_1_70' title="bbox 301 4153 1926 4221">
     <span class='ocr_line' id='line_1_70' title="bbox 301 4153 1926 4221; baseline 0.002 -17"><span class='ocrx_word' id='word_1_597' title='bbox 301 4161 353 4204; x_wconf 89' lang='lat' dir='ltr'><strong>et</strong></span> <span class='ocrx_word' id='word_1_598' title='bbox 388 4155 614 4221; x_wconf 87' lang='lat' dir='ltr'><strong>imperio</strong></span> <span class='ocrx_word' id='word_1_599' title='bbox 662 4153 780 4221; x_wconf 84' lang='lat' dir='ltr'><strong>ejus</strong></span> <span class='ocrx_word' id='word_1_600' title='bbox 832 4168 890 4207; x_wconf 86' lang='lat' dir='ltr'><strong>se</strong></span> <span class='ocrx_word' id='word_1_601' title='bbox 923 4153 1236 4221; x_wconf 83' lang='lat' dir='ltr'><strong>Subjiceret.</strong></span> <span class='ocrx_word' id='word_1_602' title='bbox 1267 4157 1345 4208; x_wconf 86' lang='lat' dir='ltr'><strong>Ac</strong></span> <span class='ocrx_word' id='word_1_603' title='bbox 1399 4154 1534 4206; x_wconf 79' lang='lat' dir='ltr'><strong>dixit</strong></span> <span class='ocrx_word' id='word_1_604' title='bbox 1562 4155 1608 4208; x_wconf 87' lang='lat' dir='ltr'><strong>ei</strong></span> <span class='ocrx_word' id='word_1_605' title='bbox 1649 4155 1875 4219; x_wconf 80' lang='lat' dir='ltr'><strong>angelus</strong></span> <span class='ocrx_word' id='word_1_606' title='bbox 1923 4179 1926 4184; x_wconf 86' lang='lat'><strong><em>-</em></strong></span> 
     </span>
    </p>
   </div>
   <div class='ocr_carea' id='block_1_71' title="bbox 307 4241 1871 4314">
    <p class='ocr_par' dir='ltr' id='par_1_71' title="bbox 307 4241 1871 4314">
     <span class='ocr_line' id='line_1_71' title="bbox 307 4241 1871 4314; baseline 0.004 -22"><span class='ocrx_word' id='word_1_607' title='bbox 307 4241 395 4296; x_wconf 86' lang='lat' dir='ltr'><strong>Dei</strong></span> <span class='ocrx_word' id='word_1_608' title='bbox 435 4265 446 4298; x_wconf 89' lang='lat'><strong>:</strong></span> <span class='ocrx_word' id='word_1_609' title='bbox 481 4261 498 4294; x_wconf 79' lang='grc' dir='ltr'><strong>ι</strong></span> <span class='ocrx_word' id='word_1_610' title='bbox 533 4243 669 4298; x_wconf 82' lang='lat' dir='ltr'><strong>Ecce</strong></span> <span class='ocrx_word' id='word_1_611' title='bbox 699 4246 748 4295; x_wconf 92' lang='lat' dir='ltr'><strong>in</strong></span> <span class='ocrx_word' id='word_1_612' title='bbox 787 4253 976 4296; x_wconf 89' lang='lat' dir='ltr'><strong>ventre</strong></span> <span class='ocrx_word' id='word_1_613' title='bbox 1004 4244 1168 4312; x_wconf 83' lang='lat' dir='ltr'><strong>geris,</strong></span> <span class='ocrx_word' id='word_1_614' title='bbox 1198 4255 1250 4298; x_wconf 89' lang='lat' dir='ltr'><strong>et</strong></span> <span class='ocrx_word' id='word_1_615' title='bbox 1284 4245 1452 4297; x_wconf 81' lang='lat' dir='ltr'><strong>lilium</strong></span> <span class='ocrx_word' id='word_1_616' title='bbox 1485 4246 1659 4312; x_wconf 88' lang='lat' dir='ltr'><strong>paries</strong></span> <span class='ocrx_word' id='word_1_617' title='bbox 1710 4262 1871 4314; x_wconf 83' lang='lat' dir='ltr'><strong>quem</strong></span> 
     </span>
    </p>
   </div>
   <div class='ocr_carea' id='block_1_72' title="bbox 305 4335 1874 4404">
    <p class='ocr_par' dir='ltr' id='par_1_72' title="bbox 305 4335 1874 4404">
     <span class='ocr_line' id='line_1_72' title="bbox 305 4335 1874 4404; baseline -0.001 -16"><span class='ocrx_word' id='word_1_618' title='bbox 305 4337 599 4404; x_wconf 80' lang='lat' dir='ltr'><strong>appellabis</strong></span> <span class='ocrx_word' id='word_1_619' title='bbox 633 4336 939 4400; x_wconf 83' lang='lat' dir='ltr'><strong>lsmaelem,</strong></span> <span class='ocrx_word' id='word_1_620' title='bbox 989 4337 1246 4403; x_wconf 87' lang='lat' dir='ltr'><strong>quoniam</strong></span> <span class='ocrx_word' id='word_1_621' title='bbox 1281 4335 1543 4390; x_wconf 83' lang='lat' dir='ltr'><strong>Dominus</strong></span> <span class='ocrx_word' id='word_1_622' title='bbox 1601 4337 1874 4390; x_wconf 76' lang='lat' dir='ltr'><strong>exaudivit</strong></span> 
     </span>
    </p>
   </div>
   <div class='ocr_carea' id='block_1_73' title="bbox 307 4426 1873 4498">
    <p class='ocr_par' dir='ltr' id='par_1_73' title="bbox 307 4426 1873 4498">
     <span class='ocr_line' id='line_1_73' title="bbox 307 4426 1873 4498; baseline 0.003 -19"><span class='ocrx_word' id='word_1_623' title='bbox 307 4429 674 4498; x_wconf 80' lang='lat' dir='ltr'><strong>a-gritudinem</strong></span> <span class='ocrx_word' id='word_1_624' title='bbox 732 4438 900 4482; x_wconf 87' lang='lat' dir='ltr'><strong>tuam.</strong></span> <span class='ocrx_word' id='word_1_625' title='bbox 934 4427 1049 4480; x_wconf 85' lang='lat' dir='ltr'><strong>Erit</strong></span> <span class='ocrx_word' id='word_1_626' title='bbox 1079 4429 1124 4479; x_wconf 90' lang='lat' dir='ltr'><strong>is</strong></span> <span class='ocrx_word' id='word_1_627' title='bbox 1151 4426 1300 4482; x_wconf 84' lang='lat' dir='ltr'><strong>ferus</strong></span> <span class='ocrx_word' id='word_1_628' title='bbox 1347 4427 1528 4491; x_wconf 90' lang='lat' dir='ltr'><strong>homo,</strong></span> <span class='ocrx_word' id='word_1_629' title='bbox 1576 4438 1629 4481; x_wconf 89' lang='lat' dir='ltr'><strong>et</strong></span> <span class='ocrx_word' id='word_1_630' title='bbox 1681 4444 1873 4484; x_wconf 89' lang='lat' dir='ltr'><strong>manus</strong></span> 
     </span>
    </p>
   </div>
   <div class='ocr_carea' id='block_1_74' title="bbox 1991 3214 3547 3289">
    <p class='ocr_par' dir='ltr' id='par_1_74' title="bbox 1991 3214 3547 3289">
     <span class='ocr_line' id='line_1_74' title="bbox 1991 3214 3547 3289; baseline -0.001 -20"><span class='ocrx_word' id='word_1_631' title='bbox 1991 3214 2244 3284; x_wconf 73' lang='grc' dir='ltr'>Ἀϐραὰμ</span> <span class='ocrx_word' id='word_1_632' title='bbox 2291 3216 2383 3275; x_wconf 74' lang='grc' dir='ltr'>καὶ</span> <span class='ocrx_word' id='word_1_633' title='bbox 2409 3217 2435 3267; x_wconf 81' lang='grc' dir='ltr'>ὁ</span> <span class='ocrx_word' id='word_1_634' title='bbox 2470 3216 2601 3278; x_wconf 64' lang='grc' dir='ltr'>Θεὸς</span> <span class='ocrx_word' id='word_1_635' title='bbox 2653 3216 2912 3289; x_wconf 69' lang='grc' dir='ltr'>εὐλόγησε</span> <span class='ocrx_word' id='word_1_636' title='bbox 2962 3217 3174 3276; x_wconf 79' lang='grc' dir='ltr'>καὶτὸν</span> <span class='ocrx_word' id='word_1_637' title='bbox 3215 3216 3439 3288; x_wconf 81' lang='grc' dir='ltr'>Ἰσμαὴλ</span> <span class='ocrx_word' id='word_1_638' title='bbox 3472 3216 3547 3278; x_wconf 80' lang='grc' dir='ltr'>ὼς</span> 
     </span>
    </p>
   </div>
   <div class='ocr_carea' id='block_1_75' title="bbox 1977 3399 3548 3468">
    <p class='ocr_par' dir='ltr' id='par_1_75' title="bbox 1977 3399 3548 3468">
     <span class='ocr_line' id='line_1_75' title="bbox 1977 3399 3548 3468; baseline 0 -18"><span class='ocrx_word' id='word_1_639' title='bbox 1977 3406 2156 3452; x_wconf 90' lang='lat' dir='ltr'><strong>autem</strong></span> <span class='ocrx_word' id='word_1_640' title='bbox 2207 3399 2456 3454; x_wconf 74' lang='lat' dir='ltr'><strong>exaudiri</strong></span> <span class='ocrx_word' id='word_1_641' title='bbox 2495 3409 2581 3462; x_wconf 89' lang='lat' dir='ltr'><strong>te,</strong></span> <span class='ocrx_word' id='word_1_642' title='bbox 2615 3409 2668 3454; x_wconf 88' lang='lat' dir='ltr'><strong>et</strong></span> <span class='ocrx_word' id='word_1_643' title='bbox 2697 3399 2744 3452; x_wconf 90' lang='lat' dir='ltr'><strong>ei</strong></span> <span class='ocrx_word' id='word_1_644' title='bbox 2798 3399 3083 3460; x_wconf 77' lang='lat' dir='ltr'><strong>benedixi,</strong></span> <span class='ocrx_word' id='word_1_645' title='bbox 3128 3408 3180 3454; x_wconf 88' lang='lat' dir='ltr'><strong>et</strong></span> <span class='ocrx_word' id='word_1_646' title='bbox 3219 3413 3548 3468; x_wconf 82' lang='lat' dir='ltr'><strong>magnopere</strong></span> 
     </span>
    </p>
   </div>
   <div class='ocr_carea' id='block_1_76' title="bbox 1976 3491 3549 3564">
    <p class='ocr_par' dir='ltr' id='par_1_76' title="bbox 1976 3491 3549 3564">
     <span class='ocr_line' id='line_1_76' title="bbox 1976 3491 3549 3564; baseline -0.003 -18"><span class='ocrx_word' id='word_1_647' title='bbox 1976 3509 2098 3546; x_wconf 85' lang='lat' dir='ltr'><strong>eum</strong></span> <span class='ocrx_word' id='word_1_648' title='bbox 2135 3493 2362 3562; x_wconf 76' lang='lat' dir='ltr'><strong>augebo.</strong></span> <span class='ocrx_word' id='word_1_649' title='bbox 2395 3512 2413 3543; x_wconf 74' lang='grc' dir='ltr'><strong>ι</strong></span> <span class='ocrx_word' id='word_1_650' title='bbox 2452 3491 2745 3546; x_wconf 82' lang='lat' dir='ltr'><strong>Duodecim</strong></span> <span class='ocrx_word' id='word_1_651' title='bbox 2811 3493 3057 3545; x_wconf 86' lang='lat' dir='ltr'><strong>nationes</strong></span> <span class='ocrx_word' id='word_1_652' title='bbox 3093 3491 3423 3564; x_wconf 81' lang='lat' dir='ltr'><strong>procreabit,</strong></span> <span class='ocrx_word' id='word_1_653' title='bbox 3463 3499 3549 3543; x_wconf 86' lang='lat' dir='ltr'><strong>at-</strong></span> 
     </span>
    </p>
   </div>
   <div class='ocr_carea' id='block_1_77' title="bbox 1977 3585 3545 3655">
    <p class='ocr_par' dir='ltr' id='par_1_77' title="bbox 1977 3585 3545 3655">
     <span class='ocr_line' id='line_1_77' title="bbox 1977 3585 3545 3655; baseline -0.001 -17"><span class='ocrx_word' id='word_1_654' title='bbox 1977 3603 2083 3654; x_wconf 89' lang='lat' dir='ltr'><strong>que</strong></span> <span class='ocrx_word' id='word_1_655' title='bbox 2114 3587 2167 3638; x_wconf 90' lang='lat' dir='ltr'><strong>in</strong></span> <span class='ocrx_word' id='word_1_656' title='bbox 2193 3601 2444 3655; x_wconf 80' lang='lat' dir='ltr'><strong>nmguam</strong></span> <span class='ocrx_word' id='word_1_657' title='bbox 2472 3599 2686 3654; x_wconf 77' lang='lat' dir='ltr'><strong>gentem</strong></span> <span class='ocrx_word' id='word_1_658' title='bbox 2709 3603 2829 3638; x_wconf 87' lang='lat' dir='ltr'><strong>eum</strong></span> <span class='ocrx_word' id='word_1_659' title='bbox 2860 3586 3078 3638; x_wconf 76' lang='lat' dir='ltr'><strong>faciam.</strong></span> <span class='ocrx_word' id='word_1_660' title='bbox 3105 3585 3422 3639; x_wconf 83' lang='lat' dir='ltr'><strong>Pactionem</strong></span> <span class='ocrx_word' id='word_1_661' title='bbox 3450 3602 3545 3639; x_wconf 87' lang='lat' dir='ltr'><strong>au-</strong></span> 
     </span>
    </p>
   </div>
   <div class='ocr_carea' id='block_1_78' title="bbox 1981 3675 3548 3746">
    <p class='ocr_par' dir='ltr' id='par_1_78' title="bbox 1981 3675 3548 3746">
     <span class='ocr_line' id='line_1_78' title="bbox 1981 3675 3548 3746; baseline 0.001 -18"><span class='ocrx_word' id='word_1_662' title='bbox 1981 3687 2086 3730; x_wconf 84' lang='lat' dir='ltr'><strong>tem</strong></span> <span class='ocrx_word' id='word_1_663' title='bbox 2113 3692 2284 3728; x_wconf 82' lang='lat' dir='ltr'><strong>meam</strong></span> <span class='ocrx_word' id='word_1_664' title='bbox 2305 3693 2426 3730; x_wconf 86' lang='lat' dir='ltr'><strong>cum</strong></span> <span class='ocrx_word' id='word_1_665' title='bbox 2449 3675 2632 3730; x_wconf 80' lang='lat' dir='ltr'><strong>lsaaco</strong></span> <span class='ocrx_word' id='word_1_666' title='bbox 2649 3679 2866 3740; x_wconf 86' lang='lat' dir='ltr'><strong>faciam,</strong></span> <span class='ocrx_word' id='word_1_667' title='bbox 2891 3694 3048 3746; x_wconf 85' lang='lat' dir='ltr'><strong>quem</strong></span> <span class='ocrx_word' id='word_1_668' title='bbox 3068 3677 3230 3731; x_wconf 86' lang='lat' dir='ltr'><strong>Sarra</strong></span> <span class='ocrx_word' id='word_1_669' title='bbox 3258 3677 3351 3730; x_wconf 87' lang='lat' dir='ltr'><strong>tibi</strong></span> <span class='ocrx_word' id='word_1_670' title='bbox 3375 3678 3548 3745; x_wconf 86' lang='lat' dir='ltr'><strong>pariet</strong></span> 
     </span>
    </p>
   </div>
   <div class='ocr_carea' id='block_1_79' title="bbox 1980 3769 3550 3838">
    <p class='ocr_par' dir='ltr' id='par_1_79' title="bbox 1980 3769 3550 3838">
     <span class='ocr_line' id='line_1_79' title="bbox 1980 3769 3550 3838; baseline 0.002 -17"><span class='ocrx_word' id='word_1_671' title='bbox 1980 3770 2030 3821; x_wconf 80' lang='lat' dir='ltr'><strong>iu</strong></span> <span class='ocrx_word' id='word_1_672' title='bbox 2065 3769 2228 3824; x_wconf 70' lang='lat' dir='ltr'><strong>hocce</strong></span> <span class='ocrx_word' id='word_1_673' title='bbox 2291 3780 2518 3834; x_wconf 77' lang='lat' dir='ltr'><strong>tempus.</strong></span> <span class='ocrx_word' id='word_1_674' title='bbox 2558 3789 2574 3819; x_wconf 73' lang='grc' dir='ltr'><strong>ι</strong></span> <span class='ocrx_word' id='word_1_675' title='bbox 2614 3771 2686 3823; x_wconf 80' lang='lat' dir='ltr'><strong>Ita</strong></span> <span class='ocrx_word' id='word_1_676' title='bbox 2739 3770 3198 3838; x_wconf 85' lang='lat' dir='ltr'><strong>comprehendere</strong></span> <span class='ocrx_word' id='word_1_677' title='bbox 3257 3786 3550 3838; x_wconf 79' lang='lat' dir='ltr'><strong>possumus</strong></span> 
     </span>
    </p>
   </div>
   <div class='ocr_carea' id='block_1_80' title="bbox 1981 3861 3552 3928">
    <p class='ocr_par' dir='ltr' id='par_1_80' title="bbox 1981 3861 3552 3928">
     <span class='ocr_line' id='line_1_80' title="bbox 1981 3861 3552 3928; baseline 0.003 -16"><span class='ocrx_word' id='word_1_678' title='bbox 1981 3875 2232 3926; x_wconf 86' lang='lat' dir='ltr'><strong>maguum</strong></span> <span class='ocrx_word' id='word_1_679' title='bbox 2271 3863 2582 3927; x_wconf 81' lang='lat' dir='ltr'><strong>mysterium</strong></span> <span class='ocrx_word' id='word_1_680' title='bbox 2615 3861 2733 3928; x_wconf 74' lang='lat' dir='ltr'><strong>pie,</strong></span> <span class='ocrx_word' id='word_1_681' title='bbox 2765 3879 2909 3916; x_wconf 68' lang='lat' dir='ltr'><strong>sana:</strong></span> <span class='ocrx_word' id='word_1_682' title='bbox 2934 3876 2987 3915; x_wconf 90' lang='lat' dir='ltr'><strong>et</strong></span> <span class='ocrx_word' id='word_1_683' title='bbox 3014 3875 3215 3916; x_wconf 78' lang='lat' dir='ltr'><strong>sancta:</strong></span> <span class='ocrx_word' id='word_1_684' title='bbox 3250 3864 3370 3918; x_wconf 79' lang='lat' dir='ltr'><strong>ftdei</strong></span> <span class='ocrx_word' id='word_1_685' title='bbox 3424 3881 3552 3918; x_wconf 86' lang='lat' dir='ltr'><strong>nus-</strong></span> 
     </span>
    </p>
   </div>
   <div class='ocr_carea' id='block_1_81' title="bbox 1981 3949 3549 4021">
    <p class='ocr_par' dir='ltr' id='par_1_81' title="bbox 1981 3949 3549 4021">
     <span class='ocr_line' id='line_1_81' title="bbox 1981 3949 3549 4021; baseline 0.006 -21"><span class='ocrx_word' id='word_1_686' title='bbox 1981 3957 2100 4012; x_wconf 65' lang='lat' dir='ltr'><strong>lt‘w,</strong></span> <span class='ocrx_word' id='word_1_687' title='bbox 2132 3959 2185 4002; x_wconf 89' lang='lat' dir='ltr'><strong>et</strong></span> <span class='ocrx_word' id='word_1_688' title='bbox 2218 3949 2570 4016; x_wconf 80' lang='lat' dir='ltr'><strong>impietatem,</strong></span> <span class='ocrx_word' id='word_1_689' title='bbox 2610 3953 2696 4003; x_wconf 90' lang='lat' dir='ltr'><strong>cui</strong></span> <span class='ocrx_word' id='word_1_690' title='bbox 2757 3953 2988 4021; x_wconf 83' lang='lat' dir='ltr'><strong>Agareni</strong></span> <span class='ocrx_word' id='word_1_691' title='bbox 3013 3954 3231 4007; x_wconf 73' lang='lat' dir='ltr'><strong>obnoxii</strong></span> <span class='ocrx_word' id='word_1_692' title='bbox 3267 3966 3413 4009; x_wconf 88' lang='lat' dir='ltr'><strong>sunt.</strong></span> <span class='ocrx_word' id='word_1_693' title='bbox 3451 3955 3549 4008; x_wconf 69' lang='lat' dir='ltr'><strong>Ne—</strong></span> 
     </span>
    </p>
   </div>
   <div class='ocr_carea' id='block_1_82' title="bbox 1981 4041 3606 4109">
    <p class='ocr_par' dir='ltr' id='par_1_82' title="bbox 1981 4041 3606 4109">
     <span class='ocr_line' id='line_1_82' title="bbox 1981 4041 3606 4109; baseline 0.007 -17"><span class='ocrx_word' id='word_1_694' title='bbox 1981 4058 2083 4109; x_wconf 88' lang='lat' dir='ltr'><strong>que</strong></span> <span class='ocrx_word' id='word_1_695' title='bbox 2116 4042 2281 4095; x_wconf 89' lang='lat' dir='ltr'><strong>semel</strong></span> <span class='ocrx_word' id='word_1_696' title='bbox 2320 4041 2368 4094; x_wconf 89' lang='lat' dir='ltr'><strong>ei</strong></span> <span class='ocrx_word' id='word_1_697' title='bbox 2399 4043 2537 4095; x_wconf 87' lang='lat' dir='ltr'><strong>Deus</strong></span> <span class='ocrx_word' id='word_1_698' title='bbox 2567 4043 2694 4095; x_wconf 80' lang='lat' dir='ltr'><strong>illud</strong></span> <span class='ocrx_word' id='word_1_699' title='bbox 2723 4043 2879 4107; x_wconf 74' lang='lat' dir='ltr'><strong>dixit,</strong></span> <span class='ocrx_word' id='word_1_700' title='bbox 2911 4044 3003 4098; x_wconf 91' lang='lat' dir='ltr'><strong>sed</strong></span> <span class='ocrx_word' id='word_1_701' title='bbox 3032 4045 3135 4099; x_wconf 91' lang='lat' dir='ltr'><strong>bis.</strong></span> <span class='ocrx_word' id='word_1_702' title='bbox 3174 4045 3411 4102; x_wconf 83' lang='lat' dir='ltr'><strong>Primum</strong></span> <span class='ocrx_word' id='word_1_703' title='bbox 3470 4048 3549 4102; x_wconf 90' lang='lat' dir='ltr'><strong>di-</strong></span> <span class='ocrx_word' id='word_1_704' title='bbox 3596 4090 3606 4102; x_wconf 94' lang='lat'><strong>.</strong></span> 
     </span>
    </p>
   </div>
   <div class='ocr_carea' id='block_1_83' title="bbox 1982 4132 3548 4206">
    <p class='ocr_par' dir='ltr' id='par_1_83' title="bbox 1982 4132 3548 4206">
     <span class='ocr_line' id='line_1_83' title="bbox 1982 4132 3548 4206; baseline 0.004 -18"><span class='ocrx_word' id='word_1_705' title='bbox 1982 4137 2102 4188; x_wconf 65' lang='lat' dir='ltr'><strong>xit&#39;:</strong></span> <span class='ocrx_word' id='word_1_706' title='bbox 2140 4153 2158 4184; x_wconf 72' lang='grc' dir='ltr'><strong>ι</strong></span> <span class='ocrx_word' id='word_1_707' title='bbox 2188 4132 2508 4187; x_wconf 78' lang='lat' dir='ltr'><strong>Procreabis</strong></span> <span class='ocrx_word' id='word_1_708' title='bbox 2540 4135 2707 4187; x_wconf 82' lang='lat' dir='ltr'><strong>filium</strong></span> <span class='ocrx_word' id='word_1_709' title='bbox 2743 4145 2794 4188; x_wconf 91' lang='lat' dir='ltr'><strong>et</strong></span> <span class='ocrx_word' id='word_1_710' title='bbox 2818 4137 3113 4206; x_wconf 83' lang='lat' dir='ltr'><strong>appellabis</strong></span> <span class='ocrx_word' id='word_1_711' title='bbox 3135 4154 3258 4192; x_wconf 88' lang='lat' dir='ltr'><strong>eum</strong></span> <span class='ocrx_word' id='word_1_712' title='bbox 3285 4141 3548 4205; x_wconf 83' lang='lat' dir='ltr'><strong>lsaacum,</strong></span> 
     </span>
    </p>
   </div>
   <div class='ocr_carea' id='block_1_84' title="bbox 1981 4226 3517 4297">
    <p class='ocr_par' dir='ltr' id='par_1_84' title="bbox 1981 4226 3517 4297">
     <span class='ocr_line' id='line_1_84' title="bbox 1981 4226 3517 4297; baseline 0.004 -17"><span class='ocrx_word' id='word_1_713' title='bbox 1981 4235 2033 4280; x_wconf 91' lang='lat' dir='ltr'><strong>et</strong></span> <span class='ocrx_word' id='word_1_714' title='bbox 2055 4226 2359 4294; x_wconf 80' lang='lat' dir='ltr'><strong>pactionem</strong></span> <span class='ocrx_word' id='word_1_715' title='bbox 2393 4241 2568 4278; x_wconf 87' lang='lat' dir='ltr'><strong>meam</strong></span> <span class='ocrx_word' id='word_1_716' title='bbox 2586 4241 2708 4280; x_wconf 90' lang='lat' dir='ltr'><strong>cum</strong></span> <span class='ocrx_word' id='word_1_717' title='bbox 2741 4241 2806 4280; x_wconf 90' lang='lat' dir='ltr'><strong>eo</strong></span> <span class='ocrx_word' id='word_1_718' title='bbox 2840 4227 3034 4282; x_wconf 82' lang='lat' dir='ltr'><strong>faciam</strong></span> <span class='ocrx_word' id='word_1_719' title='bbox 3077 4228 3128 4281; x_wconf 92' lang='lat' dir='ltr'><strong>in</strong></span> <span class='ocrx_word' id='word_1_720' title='bbox 3154 4237 3364 4297; x_wconf 86' lang='lat' dir='ltr'><strong>tempus</strong></span> <span class='ocrx_word' id='word_1_721' title='bbox 3386 4244 3517 4286; x_wconf 84' lang='lat' dir='ltr'><strong>:eter</strong></span> 
     </span>
    </p>
   </div>
   <div class='ocr_carea' id='block_1_85' title="bbox 1983 4318 3545 4386">
    <p class='ocr_par' dir='ltr' id='par_1_85' title="bbox 1983 4318 3545 4386">
     <span class='ocr_line' id='line_1_85' title="bbox 1983 4318 3545 4386; baseline 0.002 -13"><span class='ocrx_word' id='word_1_722' title='bbox 1983 4334 2135 4379; x_wconf 89' lang='lat' dir='ltr'><strong>num,</strong></span> <span class='ocrx_word' id='word_1_723' title='bbox 2165 4333 2287 4372; x_wconf 90' lang='lat' dir='ltr'><strong>cum</strong></span> <span class='ocrx_word' id='word_1_724' title='bbox 2318 4318 2434 4386; x_wconf 79' lang='lat' dir='ltr'><strong>ipso</strong></span> <span class='ocrx_word' id='word_1_725' title='bbox 2458 4326 2508 4371; x_wconf 92' lang='lat' dir='ltr'><strong>et</strong></span> <span class='ocrx_word' id='word_1_726' title='bbox 2534 4318 2764 4385; x_wconf 85' lang='lat' dir='ltr'><strong>posteris</strong></span> <span class='ocrx_word' id='word_1_727' title='bbox 2783 4319 2921 4386; x_wconf 87' lang='lat' dir='ltr'><strong>ejus.</strong></span> <span class='ocrx_word' id='word_1_728' title='bbox 2957 4339 2974 4369; x_wconf 76' lang='grc' dir='ltr'><strong>ι</strong></span> <span class='ocrx_word' id='word_1_729' title='bbox 2999 4318 3133 4374; x_wconf 87' lang='lat' dir='ltr'><strong>Cum</strong></span> <span class='ocrx_word' id='word_1_730' title='bbox 3165 4331 3347 4375; x_wconf 87' lang='lat' dir='ltr'><strong>autem</strong></span> <span class='ocrx_word' id='word_1_731' title='bbox 3373 4323 3545 4376; x_wconf 78' lang='lat' dir='ltr'><strong>Abra-</strong></span> 
     </span>
    </p>
   </div>
   <div class='ocr_carea' id='block_1_86' title="bbox 1983 4409 3548 4484">
    <p class='ocr_par' dir='ltr' id='par_1_86' title="bbox 1983 4409 3548 4484">
     <span class='ocr_line' id='line_1_86' title="bbox 1983 4409 3548 4484; baseline 0.003 -20"><span class='ocrx_word' id='word_1_732' title='bbox 1983 4411 2177 4464; x_wconf 81' lang='lat' dir='ltr'><strong>hamus</strong></span> <span class='ocrx_word' id='word_1_733' title='bbox 2205 4409 2370 4462; x_wconf 83' lang='lat' dir='ltr'><strong>Deum</strong></span> <span class='ocrx_word' id='word_1_734' title='bbox 2406 4419 2636 4477; x_wconf 77' lang='lat' dir='ltr'><strong>rogaret,</strong></span> <span class='ocrx_word' id='word_1_735' title='bbox 2671 4419 2728 4464; x_wconf 90' lang='lat' dir='ltr'><strong>ut</strong></span> <span class='ocrx_word' id='word_1_736' title='bbox 2761 4412 2902 4464; x_wconf 84' lang='lat' dir='ltr'><strong>idem</strong></span> <span class='ocrx_word' id='word_1_737' title='bbox 2931 4409 3140 4466; x_wconf 88' lang='lat' dir='ltr'><strong>lsmaeli</strong></span> <span class='ocrx_word' id='word_1_738' title='bbox 3170 4413 3368 4468; x_wconf 80' lang='lat' dir='ltr'><strong>faceret</strong></span> <span class='ocrx_word' id='word_1_739' title='bbox 3391 4419 3548 4484; x_wconf 69' lang='lat' dir='ltr'><strong>eique</strong></span> 
     </span>
    </p>
   </div>
   <div class='ocr_carea' id='block_1_87' title="bbox 308 4506 1867 4588">
    <p class='ocr_par' dir='ltr' id='par_1_87' title="bbox 308 4521 1867 4588">
     <span class='ocr_line' id='line_1_87' title="bbox 308 4521 1867 4588; baseline 0.003 -15"><span class='ocrx_word' id='word_1_740' title='bbox 308 4521 425 4586; x_wconf 83' lang='lat' dir='ltr'><strong>ejus</strong></span> <span class='ocrx_word' id='word_1_741' title='bbox 464 4522 984 4588; x_wconf 82' lang='lat' dir='ltr'><strong>adversus,omues,</strong></span> <span class='ocrx_word' id='word_1_742' title='bbox 1020 4533 1073 4577; x_wconf 91' lang='lat' dir='ltr'><strong>et</strong></span> <span class='ocrx_word' id='word_1_743' title='bbox 1099 4525 1340 4577; x_wconf 88' lang='lat' dir='ltr'><strong>omnium</strong></span> <span class='ocrx_word' id='word_1_744' title='bbox 1375 4540 1571 4578; x_wconf 89' lang='lat' dir='ltr'><strong>manus</strong></span> <span class='ocrx_word' id='word_1_745' title='bbox 1611 4523 1867 4579; x_wconf 85' lang='lat' dir='ltr'><strong>adversus</strong></span> 
     </span>
    </p>
   </div>
   <div class='ocr_carea' id='block_1_88' title="bbox 1974 4506 3554 4588">
    <p class='ocr_par' dir='ltr' id='par_1_88' title="bbox 1983 4506 3554 4579">
     <span class='ocr_line' id='line_1_88' title="bbox 1983 4506 3554 4579; baseline 0.004 -19"><span class='ocrx_word' id='word_1_746' title='bbox 1983 4506 2344 4567; x_wconf 87' lang='lat' dir='ltr'><strong>benediceret,</strong></span> <span class='ocrx_word' id='word_1_747' title='bbox 2375 4508 2708 4571; x_wconf 83' lang='lat' dir='ltr'><strong>respondens</strong></span> <span class='ocrx_word' id='word_1_748' title='bbox 2769 4507 2939 4563; x_wconf 88' lang='lat' dir='ltr'><strong>Deus:</strong></span> <span class='ocrx_word' id='word_1_749' title='bbox 2976 4527 2993 4559; x_wconf 82' lang='grc' dir='ltr'><strong>ι</strong></span> <span class='ocrx_word' id='word_1_750' title='bbox 3021 4509 3178 4574; x_wconf 84' lang='lat' dir='ltr'><strong>Ecce,</strong></span> <span class='ocrx_word' id='word_1_751' title='bbox 3234 4511 3430 4579; x_wconf 83' lang='lat' dir='ltr'><strong>inquit,</strong></span> <span class='ocrx_word' id='word_1_752' title='bbox 3465 4513 3554 4568; x_wconf 86' lang='lat' dir='ltr'><strong>be-</strong></span> 
     </span>
    </p>
   </div>
   <div class='ocr_carea' id='block_1_89' title="bbox 313 4612 1880 4683">
    <p class='ocr_par' dir='ltr' id='par_1_89' title="bbox 313 4612 1880 4683">
     <span class='ocr_line' id='line_1_89' title="bbox 313 4612 1880 4683; baseline 0.004 -21"><span class='ocrx_word' id='word_1_753' title='bbox 313 4614 486 4680; x_wconf 87' lang='lat' dir='ltr'><strong>ipsum</strong></span> <span class='ocrx_word' id='word_1_754' title='bbox 529 4612 741 4663; x_wconf 58' lang='lat' dir='ltr'><strong>intentae</strong></span> <span class='ocrx_word' id='word_1_755' title='bbox 765 4623 926 4666; x_wconf 90' lang='lat' dir='ltr'><strong>erunt</strong></span> <span class='ocrx_word' id='word_1_756' title='bbox 959 4631 973 4677; x_wconf 91' lang='lat'><strong>;</strong></span> <span class='ocrx_word' id='word_1_757' title='bbox 1004 4624 1164 4682; x_wconf 91' lang='lat' dir='ltr'><strong>atque</strong></span> <span class='ocrx_word' id='word_1_758' title='bbox 1202 4615 1463 4668; x_wconf 86' lang='lat' dir='ltr'><strong>habitabit</strong></span> <span class='ocrx_word' id='word_1_759' title='bbox 1493 4615 1544 4666; x_wconf 90' lang='lat' dir='ltr'><strong>in</strong></span> <span class='ocrx_word' id='word_1_760' title='bbox 1585 4625 1880 4683; x_wconf 86' lang='lat' dir='ltr'><strong>conspectu</strong></span> 
     </span>
    </p>
   </div>
   <div class='ocr_carea' id='block_1_90' title="bbox 312 4702 1882 4775">
    <p class='ocr_par' dir='ltr' id='par_1_90' title="bbox 312 4702 1882 4775">
     <span class='ocr_line' id='line_1_90' title="bbox 312 4702 1882 4775; baseline 0.004 -20"><span class='ocrx_word' id='word_1_761' title='bbox 312 4704 552 4756; x_wconf 91' lang='lat' dir='ltr'><strong>omnium</strong></span> <span class='ocrx_word' id='word_1_762' title='bbox 587 4702 812 4755; x_wconf 65' lang='lat' dir='ltr'><strong>fratrum</strong></span> <span class='ocrx_word' id='word_1_763' title='bbox 843 4718 1086 4756; x_wconf 88' lang='lat' dir='ltr'><strong>suorum.</strong></span> <span class='ocrx_word' id='word_1_764' title='bbox 1122 4723 1138 4753; x_wconf 72' lang='grc' dir='ltr'><strong>ι</strong></span> <span class='ocrx_word' id='word_1_765' title='bbox 1161 4704 1373 4758; x_wconf 80' lang='lat' dir='ltr'><strong>Rursus</strong></span> <span class='ocrx_word' id='word_1_766' title='bbox 1403 4707 1579 4775; x_wconf 88' lang='lat' dir='ltr'><strong>capite</strong></span> <span class='ocrx_word' id='word_1_767' title='bbox 1610 4707 1695 4768; x_wconf 81' lang='grc'><strong>17,</strong></span> <span class='ocrx_word' id='word_1_768' title='bbox 1738 4707 1882 4762; x_wconf 87' lang='lat' dir='ltr'><strong>Deus</strong></span> 
     </span>
    </p>
   </div>
   <div class='ocr_carea' id='block_1_91' title="bbox 315 4791 1882 4860">
    <p class='ocr_par' dir='ltr' id='par_1_91' title="bbox 315 4791 1882 4860">
     <span class='ocr_line' id='line_1_91' title="bbox 315 4791 1882 4860; baseline 0.005 -18"><span class='ocrx_word' id='word_1_769' title='bbox 315 4793 618 4845; x_wconf 75' lang='lat' dir='ltr'><strong>Abrahamo</strong></span> <span class='ocrx_word' id='word_1_770' title='bbox 657 4792 722 4843; x_wconf 89' lang='lat' dir='ltr'><strong>de</strong></span> <span class='ocrx_word' id='word_1_771' title='bbox 745 4791 930 4854; x_wconf 87' lang='lat' dir='ltr'><strong>Sarra,</strong></span> <span class='ocrx_word' id='word_1_772' title='bbox 961 4807 1128 4845; x_wconf 80' lang='lat' dir='ltr'><strong>uxore</strong></span> <span class='ocrx_word' id='word_1_773' title='bbox 1153 4794 1290 4860; x_wconf 89' lang='lat' dir='ltr'><strong>ejus,</strong></span> <span class='ocrx_word' id='word_1_774' title='bbox 1319 4796 1454 4846; x_wconf 76' lang='lat' dir='ltr'><strong>dixit</strong></span> <span class='ocrx_word' id='word_1_775' title='bbox 1483 4811 1494 4845; x_wconf 92' lang='lat'><strong>:</strong></span> <span class='ocrx_word' id='word_1_776' title='bbox 1523 4815 1540 4845; x_wconf 75' lang='grc' dir='ltr'><strong>ι</strong></span> <span class='ocrx_word' id='word_1_777' title='bbox 1561 4796 1882 4850; x_wconf 81' lang='lat' dir='ltr'><strong>Benedicnm</strong></span> 
     </span>
    </p>
   </div>
   <div class='ocr_carea' id='block_1_92' title="bbox 314 4883 1878 4951">
    <p class='ocr_par' dir='ltr' id='par_1_92' title="bbox 314 4883 1878 4951">
     <span class='ocr_line' id='line_1_92' title="bbox 314 4883 1878 4951; baseline 0.003 -13"><span class='ocrx_word' id='word_1_778' title='bbox 314 4886 506 4950; x_wconf 66' lang='lat' dir='ltr'><strong>Sarrae,</strong></span> <span class='ocrx_word' id='word_1_779' title='bbox 541 4883 696 4937; x_wconf 81' lang='lat' dir='ltr'><strong>uxori</strong></span> <span class='ocrx_word' id='word_1_780' title='bbox 739 4892 866 4944; x_wconf 64' lang='lat' dir='ltr'><strong>ture,</strong></span> <span class='ocrx_word' id='word_1_781' title='bbox 907 4891 960 4935; x_wconf 90' lang='lat' dir='ltr'><strong>et</strong></span> <span class='ocrx_word' id='word_1_782' title='bbox 1011 4899 1077 4936; x_wconf 80' lang='lat' dir='ltr'><strong>ex</strong></span> <span class='ocrx_word' id='word_1_783' title='bbox 1115 4885 1301 4937; x_wconf 83' lang='lat' dir='ltr'><strong>eadem</strong></span> <span class='ocrx_word' id='word_1_784' title='bbox 1346 4886 1512 4939; x_wconf 90' lang='lat' dir='ltr'><strong>lilium</strong></span> <span class='ocrx_word' id='word_1_785' title='bbox 1571 4889 1662 4940; x_wconf 87' lang='lat' dir='ltr'><strong>tibi</strong></span> <span class='ocrx_word' id='word_1_786' title='bbox 1718 4889 1878 4951; x_wconf 79' lang='lat' dir='ltr'><strong>dabo,</strong></span> 
     </span>
    </p>
   </div>
   <div class='ocr_carea' id='block_1_93' title="bbox 313 4973 1884 5046">
    <p class='ocr_par' dir='ltr' id='par_1_93' title="bbox 313 4973 1884 5046">
     <span class='ocr_line' id='line_1_93' title="bbox 313 4973 1884 5046; baseline 0.002 -19"><span class='ocrx_word' id='word_1_787' title='bbox 313 4986 472 5044; x_wconf 85' lang='lat' dir='ltr'><strong>atque</strong></span> <span class='ocrx_word' id='word_1_788' title='bbox 527 4973 841 5028; x_wconf 85' lang='lat' dir='ltr'><strong>benedicam</strong></span> <span class='ocrx_word' id='word_1_789' title='bbox 877 4973 970 5036; x_wconf 80' lang='lat' dir='ltr'><strong>illi,</strong></span> <span class='ocrx_word' id='word_1_790' title='bbox 1008 4974 1221 5040; x_wconf 86' lang='lat' dir='ltr'><strong>eritque</strong></span> <span class='ocrx_word' id='word_1_791' title='bbox 1279 4975 1325 5028; x_wconf 82' lang='lat' dir='ltr'><strong>is</strong></span> <span class='ocrx_word' id='word_1_792' title='bbox 1355 4978 1594 5043; x_wconf 83' lang='lat' dir='ltr'><strong>gentium</strong></span> <span class='ocrx_word' id='word_1_793' title='bbox 1631 4978 1805 5046; x_wconf 82' lang='lat' dir='ltr'><strong>origo,</strong></span> <span class='ocrx_word' id='word_1_794' title='bbox 1829 4989 1884 5030; x_wconf 87' lang='lat' dir='ltr'><strong>et</strong></span> 
     </span>
    </p>
   </div>
   <div class='ocr_carea' id='block_1_94' title="bbox 315 5065 1886 5136">
    <p class='ocr_par' dir='ltr' id='par_1_94' title="bbox 315 5065 1886 5136">
     <span class='ocr_line' id='line_1_94' title="bbox 315 5065 1886 5136; baseline -0.001 -18"><span class='ocrx_word' id='word_1_795' title='bbox 315 5083 473 5135; x_wconf 87' lang='lat' dir='ltr'><strong>regna</strong></span> <span class='ocrx_word' id='word_1_796' title='bbox 513 5068 755 5134; x_wconf 77' lang='lat' dir='ltr'><strong>gentium</strong></span> <span class='ocrx_word' id='word_1_797' title='bbox 799 5081 860 5119; x_wconf 80' lang='lat' dir='ltr'><strong>ex</strong></span> <span class='ocrx_word' id='word_1_798' title='bbox 898 5065 1088 5118; x_wconf 84' lang='lat' dir='ltr'><strong>eodem</strong></span> <span class='ocrx_word' id='word_1_799' title='bbox 1122 5067 1401 5119; x_wconf 76' lang='lat' dir='ltr'><strong>exsistent.</strong></span> <span class='ocrx_word' id='word_1_800' title='bbox 1431 5085 1448 5117; x_wconf 75' lang='grc' dir='ltr'><strong>ι</strong></span> <span class='ocrx_word' id='word_1_801' title='bbox 1486 5067 1659 5136; x_wconf 79' lang='lat' dir='ltr'><strong>Atque</strong></span> <span class='ocrx_word' id='word_1_802' title='bbox 1686 5083 1886 5136; x_wconf 88' lang='lat' dir='ltr'><strong>procu-_</strong></span> 
     </span>
    </p>
   </div>
   <div class='ocr_carea' id='block_1_95' title="bbox 316 5154 1882 5222">
    <p class='ocr_par' dir='ltr' id='par_1_95' title="bbox 316 5154 1882 5222">
     <span class='ocr_line' id='line_1_95' title="bbox 316 5154 1882 5222; baseline 0.001 -15"><span class='ocrx_word' id='word_1_803' title='bbox 316 5157 427 5209; x_wconf 81' lang='lat' dir='ltr'><strong>buit</strong></span> <span class='ocrx_word' id='word_1_804' title='bbox 451 5157 792 5208; x_wconf 84' lang='lat' dir='ltr'><strong>Abrahamus</strong></span> <span class='ocrx_word' id='word_1_805' title='bbox 819 5155 872 5207; x_wconf 88' lang='lat' dir='ltr'><strong>in</strong></span> <span class='ocrx_word' id='word_1_806' title='bbox 907 5156 1100 5207; x_wconf 81' lang='lat' dir='ltr'><strong>faciem</strong></span> <span class='ocrx_word' id='word_1_807' title='bbox 1132 5154 1384 5222; x_wconf 84' lang='lat' dir='ltr'><strong>risitque,</strong></span> <span class='ocrx_word' id='word_1_808' title='bbox 1411 5164 1572 5222; x_wconf 88' lang='lat' dir='ltr'><strong>atque</strong></span> <span class='ocrx_word' id='word_1_809' title='bbox 1598 5157 1730 5208; x_wconf 78' lang='lat' dir='ltr'><strong>dixit</strong></span> <span class='ocrx_word' id='word_1_810' title='bbox 1757 5172 1882 5214; x_wconf 82' lang='lat' dir='ltr'><strong>cum</strong></span> 
     </span>
    </p>
   </div>
   <div class='ocr_carea' id='block_1_96' title="bbox 316 5244 1880 5312">
    <p class='ocr_par' dir='ltr' id='par_1_96' title="bbox 316 5244 1880 5312">
     <span class='ocr_line' id='line_1_96' title="bbox 316 5244 1880 5312; baseline 0 -12"><span class='ocrx_word' id='word_1_811' title='bbox 316 5248 493 5310; x_wconf 82' lang='lat' dir='ltr'><strong>animo</strong></span> <span class='ocrx_word' id='word_1_812' title='bbox 524 5265 572 5303; x_wconf 75' lang='grc' dir='ltr'><strong>ει</strong></span> <span class='ocrx_word' id='word_1_813' title='bbox 601 5244 658 5298; x_wconf 83' lang='lat' dir='ltr'><strong>Si</strong></span> <span class='ocrx_word' id='word_1_814' title='bbox 687 5246 796 5298; x_wconf 85' lang='lat' dir='ltr'><strong>tieri</strong></span> <span class='ocrx_word' id='word_1_815' title='bbox 831 5255 1028 5312; x_wconf 89' lang='lat' dir='ltr'><strong>potest,</strong></span> <span class='ocrx_word' id='word_1_816' title='bbox 1065 5245 1380 5298; x_wconf 86' lang='lat' dir='ltr'><strong>centenario</strong></span> <span class='ocrx_word' id='word_1_817' title='bbox 1437 5245 1575 5298; x_wconf 87' lang='lat' dir='ltr'><strong>[ilius</strong></span> <span class='ocrx_word' id='word_1_818' title='bbox 1609 5257 1880 5308; x_wconf 87' lang='lat' dir='ltr'><strong>nascetur.</strong></span> 
     </span>
    </p>
   </div>
   <div class='ocr_carea' id='block_1_97' title="bbox 315 5335 1884 5406">
    <p class='ocr_par' dir='ltr' id='par_1_97' title="bbox 315 5335 1884 5406">
     <span class='ocr_line' id='line_1_97' title="bbox 315 5335 1884 5406; baseline 0.001 -15"><span class='ocrx_word' id='word_1_819' title='bbox 315 5348 364 5391; x_wconf 88' lang='lat' dir='ltr'><strong>et</strong></span> <span class='ocrx_word' id='word_1_820' title='bbox 396 5336 557 5391; x_wconf 84' lang='lat' dir='ltr'><strong>Sarra</strong></span> <span class='ocrx_word' id='word_1_821' title='bbox 589 5337 762 5406; x_wconf 88' lang='lat' dir='ltr'><strong>pariet</strong></span> <span class='ocrx_word' id='word_1_822' title='bbox 790 5335 966 5390; x_wconf 84' lang='lat' dir='ltr'><strong>a:tatis</strong></span> <span class='ocrx_word' id='word_1_823' title='bbox 995 5350 1138 5388; x_wconf 85' lang='lat' dir='ltr'><strong>anno</strong></span> <span class='ocrx_word' id='word_1_824' title='bbox 1169 5338 1542 5405; x_wconf 78' lang='lat' dir='ltr'><strong>nonagesimo.</strong></span> <span class='ocrx_word' id='word_1_825' title='bbox 1584 5357 1602 5387; x_wconf 74' lang='grc' dir='ltr'><strong>ι</strong></span> <span class='ocrx_word' id='word_1_826' title='bbox 1631 5335 1884 5406; x_wconf 71' lang='lat' dir='ltr'><strong>Dixitque</strong></span> 
     </span>
    </p>
   </div>
   <div class='ocr_carea' id='block_1_98' title="bbox 320 5426 1876 5501">
    <p class='ocr_par' dir='ltr' id='par_1_98' title="bbox 320 5426 1876 5501">
     <span class='ocr_line' id='line_1_98' title="bbox 320 5426 1876 5501; baseline 0.001 -22"><span class='ocrx_word' id='word_1_827' title='bbox 320 5428 420 5482; x_wconf 89' lang='lat' dir='ltr'><strong>Deo</strong></span> <span class='ocrx_word' id='word_1_828' title='bbox 475 5429 856 5482; x_wconf 81' lang='lat' dir='ltr'><strong>Abrahamus:</strong></span> <span class='ocrx_word' id='word_1_829' title='bbox 889 5444 908 5477; x_wconf 84' lang='grc'><strong>‹</strong></span> <span class='ocrx_word' id='word_1_830' title='bbox 945 5427 1140 5501; x_wconf 75' lang='lat' dir='ltr'><strong>lstnael</strong></span> <span class='ocrx_word' id='word_1_831' title='bbox 1192 5426 1282 5482; x_wconf 88' lang='lat' dir='ltr'><strong>hic</strong></span> <span class='ocrx_word' id='word_1_832' title='bbox 1341 5444 1518 5482; x_wconf 84' lang='lat' dir='ltr'><strong>coram</strong></span> <span class='ocrx_word' id='word_1_833' title='bbox 1575 5439 1626 5482; x_wconf 91' lang='lat' dir='ltr'><strong>te</strong></span> <span class='ocrx_word' id='word_1_834' title='bbox 1657 5430 1820 5482; x_wconf 88' lang='lat' dir='ltr'><strong>vivat.</strong></span> <span class='ocrx_word' id='word_1_835' title='bbox 1858 5449 1876 5480; x_wconf 73' lang='grc' dir='ltr'><strong>ι</strong></span> 
     </span>
    </p>
   </div>
   <div class='ocr_carea' id='block_1_99' title="bbox 321 5514 1882 5585">
    <p class='ocr_par' dir='ltr' id='par_1_99' title="bbox 321 5514 1882 5585">
     <span class='ocr_line' id='line_1_99' title="bbox 321 5514 1882 5585; baseline 0.004 -19"><span class='ocrx_word' id='word_1_836' title='bbox 321 5516 457 5572; x_wconf 78' lang='lat' dir='ltr'><strong>Dixit</strong></span> <span class='ocrx_word' id='word_1_837' title='bbox 489 5518 628 5571; x_wconf 84' lang='lat' dir='ltr'><strong>Deus</strong></span> <span class='ocrx_word' id='word_1_838' title='bbox 654 5516 964 5574; x_wconf 75' lang='lat' dir='ltr'><strong>Abrahamo</strong></span> <span class='ocrx_word' id='word_1_839' title='bbox 997 5532 1012 5568; x_wconf 90' lang='lat'><strong>:</strong></span> <span class='ocrx_word' id='word_1_840' title='bbox 1050 5533 1068 5566; x_wconf 82' lang='grc' dir='ltr'><strong>ι</strong></span> <span class='ocrx_word' id='word_1_841' title='bbox 1099 5514 1348 5574; x_wconf 81' lang='lat' dir='ltr'><strong>Profecto</strong></span> <span class='ocrx_word' id='word_1_842' title='bbox 1382 5515 1567 5585; x_wconf 81' lang='lat' dir='ltr'><strong>Sarra,</strong></span> <span class='ocrx_word' id='word_1_843' title='bbox 1605 5535 1741 5573; x_wconf 85' lang='lat' dir='ltr'><strong>uxor</strong></span> <span class='ocrx_word' id='word_1_844' title='bbox 1769 5529 1882 5585; x_wconf 87' lang='lat' dir='ltr'><strong>tua,</strong></span> 
     </span>
    </p>
   </div>
   <div class='ocr_carea' id='block_1_100' title="bbox 320 5607 1886 5678">
    <p class='ocr_par' dir='ltr' id='par_1_100' title="bbox 320 5607 1886 5678">
     <span class='ocr_line' id='line_1_100' title="bbox 320 5607 1886 5678; baseline 0.004 -19"><span class='ocrx_word' id='word_1_845' title='bbox 320 5609 482 5675; x_wconf 75' lang='lat' dir='ltr'><strong>litium</strong></span> <span class='ocrx_word' id='word_1_846' title='bbox 517 5608 613 5660; x_wconf 90' lang='lat' dir='ltr'><strong>tibi</strong></span> <span class='ocrx_word' id='word_1_847' title='bbox 638 5607 832 5676; x_wconf 88' lang='lat' dir='ltr'><strong>pariet,</strong></span> <span class='ocrx_word' id='word_1_848' title='bbox 863 5616 916 5661; x_wconf 89' lang='lat' dir='ltr'><strong>et</strong></span> <span class='ocrx_word' id='word_1_849' title='bbox 953 5608 1260 5663; x_wconf 85' lang='lat' dir='ltr'><strong>nominabis</strong></span> <span class='ocrx_word' id='word_1_850' title='bbox 1285 5625 1409 5664; x_wconf 87' lang='lat' dir='ltr'><strong>cum</strong></span> <span class='ocrx_word' id='word_1_851' title='bbox 1435 5613 1703 5673; x_wconf 85' lang='lat' dir='ltr'><strong>Isaacum,</strong></span> <span class='ocrx_word' id='word_1_852' title='bbox 1723 5622 1886 5678; x_wconf 85' lang='lat' dir='ltr'><strong>atque</strong></span> 
     </span>
    </p>
   </div>
   <div class='ocr_carea' id='block_1_101' title="bbox 321 5700 1882 5770">
    <p class='ocr_par' dir='ltr' id='par_1_101' title="bbox 321 5700 1882 5770">
     <span class='ocr_line' id='line_1_101' title="bbox 321 5700 1882 5770; baseline 0.003 -20"><span class='ocrx_word' id='word_1_853' title='bbox 321 5700 509 5756; x_wconf 67' lang='lat' dir='ltr'><strong>iaciam</strong></span> <span class='ocrx_word' id='word_1_854' title='bbox 544 5716 666 5753; x_wconf 91' lang='lat' dir='ltr'><strong>cum</strong></span> <span class='ocrx_word' id='word_1_855' title='bbox 701 5714 767 5753; x_wconf 93' lang='lat' dir='ltr'><strong>eo</strong></span> <span class='ocrx_word' id='word_1_856' title='bbox 816 5700 1122 5768; x_wconf 83' lang='lat' dir='ltr'><strong>pactionem</strong></span> <span class='ocrx_word' id='word_1_857' title='bbox 1159 5715 1334 5754; x_wconf 89' lang='lat' dir='ltr'><strong>meam</strong></span> <span class='ocrx_word' id='word_1_858' title='bbox 1371 5701 1424 5754; x_wconf 89' lang='lat' dir='ltr'><strong>in</strong></span> <span class='ocrx_word' id='word_1_859' title='bbox 1477 5710 1688 5770; x_wconf 80' lang='lat' dir='ltr'><strong>tempus</strong></span> <span class='ocrx_word' id='word_1_860' title='bbox 1726 5714 1882 5755; x_wconf 63' lang='lat' dir='ltr'><strong>aeter-</strong></span> 
     </span>
    </p>
   </div>
   <div class='ocr_carea' id='block_1_102' title="bbox 323 5790 1884 5862">
    <p class='ocr_par' dir='ltr' id='par_1_102' title="bbox 323 5790 1884 5862">
     <span class='ocr_line' id='line_1_102' title="bbox 323 5790 1884 5862; baseline 0.003 -18"><span class='ocrx_word' id='word_1_861' title='bbox 323 5808 470 5861; x_wconf 87' lang='lat' dir='ltr'><strong>num,</strong></span> <span class='ocrx_word' id='word_1_862' title='bbox 505 5804 564 5846; x_wconf 91' lang='lat' dir='ltr'><strong>ut</strong></span> <span class='ocrx_word' id='word_1_863' title='bbox 593 5791 694 5846; x_wconf 91' lang='lat' dir='ltr'><strong>sim</strong></span> <span class='ocrx_word' id='word_1_864' title='bbox 723 5790 824 5861; x_wconf 88' lang='lat' dir='ltr'><strong>ipsi</strong></span> <span class='ocrx_word' id='word_1_865' title='bbox 853 5803 904 5846; x_wconf 91' lang='lat' dir='ltr'><strong>et</strong></span> <span class='ocrx_word' id='word_1_866' title='bbox 935 5792 1170 5861; x_wconf 85' lang='lat' dir='ltr'><strong>posteris</strong></span> <span class='ocrx_word' id='word_1_867' title='bbox 1214 5792 1330 5862; x_wconf 85' lang='lat' dir='ltr'><strong>ejus</strong></span> <span class='ocrx_word' id='word_1_868' title='bbox 1367 5792 1525 5848; x_wconf 84' lang='lat' dir='ltr'><strong>Deus.</strong></span> <span class='ocrx_word' id='word_1_869' title='bbox 1553 5794 1628 5849; x_wconf 91' lang='lat' dir='ltr'><strong>De</strong></span> <span class='ocrx_word' id='word_1_870' title='bbox 1661 5793 1884 5849; x_wconf 85' lang='lat' dir='ltr'><strong>lsmacle</strong></span> 
     </span>
    </p>
   </div>
   <div class='ocr_carea' id='block_1_103' title="bbox 606 5884 1248 5946">
    <p class='ocr_par' dir='ltr' id='par_1_103' title="bbox 606 5884 1248 5946">
     <span class='ocr_line' id='line_1_103' title="bbox 606 5884 1248 5946; baseline 0.006 -4"><span class='ocrx_word' id='word_1_871' title='bbox 606 5887 872 5944; x_wconf 54' lang='lat' dir='ltr'><strong>Parrum.</strong></span> <span class='ocrx_word' id='word_1_872' title='bbox 914 5886 1025 5943; x_wconf 84' lang='lat' dir='ltr'><strong>C—n.</strong></span> <span class='ocrx_word' id='word_1_873' title='bbox 1063 5884 1248 5946; x_wconf 70' lang='lat' dir='ltr'><strong>CLVI.</strong></span> 
     </span>
    </p>
   </div>
   <div class='ocr_carea' id='block_1_104' title="bbox 1985 4596 3551 4670">
    <p class='ocr_par' dir='ltr' id='par_1_104' title="bbox 1985 4596 3551 4670">
     <span class='ocr_line' id='line_1_104' title="bbox 1985 4596 3551 4670; baseline 0.006 -22"><span class='ocrx_word' id='word_1_874' title='bbox 1985 4597 2170 4650; x_wconf 72' lang='lat' dir='ltr'><strong>nedivi</strong></span> <span class='ocrx_word' id='word_1_875' title='bbox 2201 4596 2276 4649; x_wconf 82' lang='lat' dir='ltr'><strong>illi</strong></span> <span class='ocrx_word' id='word_1_876' title='bbox 2311 4603 2362 4648; x_wconf 91' lang='lat' dir='ltr'><strong>et</strong></span> <span class='ocrx_word' id='word_1_877' title='bbox 2402 4611 2724 4664; x_wconf 78' lang='lat' dir='ltr'><strong>magnopere</strong></span> <span class='ocrx_word' id='word_1_878' title='bbox 2758 4613 2883 4652; x_wconf 90' lang='lat' dir='ltr'><strong>eum</strong></span> <span class='ocrx_word' id='word_1_879' title='bbox 2935 4601 3166 4667; x_wconf 83' lang='lat' dir='ltr'><strong>augebo,</strong></span> <span class='ocrx_word' id='word_1_880' title='bbox 3199 4612 3363 4670; x_wconf 82' lang='lat' dir='ltr'><strong>atque</strong></span> <span class='ocrx_word' id='word_1_881' title='bbox 3420 4603 3551 4657; x_wconf 90' lang='lat' dir='ltr'><strong>duo—</strong></span> 
     </span>
    </p>
   </div>
   <div class='ocr_carea' id='block_1_105' title="bbox 1983 4688 3551 4760">
    <p class='ocr_par' dir='ltr' id='par_1_105' title="bbox 1983 4688 3551 4760">
     <span class='ocr_line' id='line_1_105' title="bbox 1983 4688 3551 4760; baseline 0.005 -20"><span class='ocrx_word' id='word_1_882' title='bbox 1983 4688 2158 4743; x_wconf 85' lang='lat' dir='ltr'><strong>decim</strong></span> <span class='ocrx_word' id='word_1_883' title='bbox 2189 4689 2434 4742; x_wconf 87' lang='lat' dir='ltr'><strong>nationcs</strong></span> <span class='ocrx_word' id='word_1_884' title='bbox 2479 4689 2790 4755; x_wconf 85' lang='lat' dir='ltr'><strong>procreahit</strong></span> <span class='ocrx_word' id='word_1_885' title='bbox 2814 4700 2865 4744; x_wconf 88' lang='lat' dir='ltr'><strong>et</strong></span> <span class='ocrx_word' id='word_1_886' title='bbox 2904 4705 3034 4758; x_wconf 79' lang='lat' dir='ltr'><strong>gens</strong></span> <span class='ocrx_word' id='word_1_887' title='bbox 3067 4707 3258 4760; x_wconf 81' lang='lat' dir='ltr'><strong>magna</strong></span> <span class='ocrx_word' id='word_1_888' title='bbox 3307 4695 3551 4748; x_wconf 79' lang='lat' dir='ltr'><strong>exsistet.</strong></span> 
     </span>
    </p>
   </div>
   <div class='ocr_carea' id='block_1_106' title="bbox 1984 4782 3646 4850">
    <p class='ocr_par' dir='ltr' id='par_1_106' title="bbox 1984 4782 3646 4850">
     <span class='ocr_line' id='line_1_106' title="bbox 1984 4782 3646 4850; baseline 0.004 -16"><span class='ocrx_word' id='word_1_889' title='bbox 1984 4784 2052 4834; x_wconf 86' lang='lat' dir='ltr'><strong>At</strong></span> <span class='ocrx_word' id='word_1_890' title='bbox 2082 4787 2386 4850; x_wconf 88' lang='lat' dir='ltr'><strong>pactionem</strong></span> <span class='ocrx_word' id='word_1_891' title='bbox 2420 4796 2592 4832; x_wconf 82' lang='lat' dir='ltr'><strong>meam</strong></span> <span class='ocrx_word' id='word_1_892' title='bbox 2629 4796 2752 4833; x_wconf 89' lang='lat' dir='ltr'><strong>cum</strong></span> <span class='ocrx_word' id='word_1_893' title='bbox 2812 4782 2998 4836; x_wconf 83' lang='lat' dir='ltr'><strong>lsaaco</strong></span> <span class='ocrx_word' id='word_1_894' title='bbox 3053 4783 3270 4839; x_wconf 79' lang='lat' dir='ltr'><strong>faciant.</strong></span> <span class='ocrx_word' id='word_1_895' title='bbox 3315 4805 3332 4835; x_wconf 78' lang='grc' dir='ltr'><strong>ι</strong></span> <span class='ocrx_word' id='word_1_896' title='bbox 3370 4785 3553 4841; x_wconf 84' lang='lat' dir='ltr'><strong>Noluit</strong></span> <span class='ocrx_word' id='word_1_897' title='bbox 3644 4805 3646 4808; x_wconf 90' lang='grc'><strong>·</strong></span> 
     </span>
    </p>
   </div>
   <div class='ocr_carea' id='block_1_107' title="bbox 1985 4873 3555 4948">
    <p class='ocr_par' dir='ltr' id='par_1_107' title="bbox 1985 4873 3555 4948">
     <span class='ocr_line' id='line_1_107' title="bbox 1985 4873 3555 4948; baseline 0.003 -19"><span class='ocrx_word' id='word_1_898' title='bbox 1985 4875 2150 4944; x_wconf 81' lang='lat' dir='ltr'><strong>igitur</strong></span> <span class='ocrx_word' id='word_1_899' title='bbox 2201 4873 2342 4928; x_wconf 91' lang='lat' dir='ltr'><strong>Deus</strong></span> <span class='ocrx_word' id='word_1_900' title='bbox 2399 4873 2702 4940; x_wconf 72' lang='lat' dir='ltr'><strong>pactionem</strong></span> <span class='ocrx_word' id='word_1_901' title='bbox 2765 4889 2919 4929; x_wconf 87' lang='lat' dir='ltr'><strong>suam</strong></span> <span class='ocrx_word' id='word_1_902' title='bbox 2960 4877 3174 4931; x_wconf 85' lang='lat' dir='ltr'><strong>Ismaeli</strong></span> <span class='ocrx_word' id='word_1_903' title='bbox 3218 4887 3272 4931; x_wconf 81' lang='lat' dir='ltr'><strong>et</strong></span> <span class='ocrx_word' id='word_1_904' title='bbox 3323 4884 3555 4948; x_wconf 72' lang='lat' dir='ltr'><strong>posteris</strong></span> 
     </span>
    </p>
   </div>
   <div class='ocr_carea' id='block_1_108' title="bbox 1985 4965 3555 5042">
    <p class='ocr_par' dir='ltr' id='par_1_108' title="bbox 1985 4965 3555 5042">
     <span class='ocr_line' id='line_1_108' title="bbox 1985 4965 3555 5042; baseline 0.006 -24"><span class='ocrx_word' id='word_1_905' title='bbox 1985 4968 2105 5032; x_wconf 85' lang='lat' dir='ltr'><strong>ejus</strong></span> <span class='ocrx_word' id='word_1_906' title='bbox 2139 4966 2266 5018; x_wconf 87' lang='lat' dir='ltr'><strong>dare</strong></span> <span class='ocrx_word' id='word_1_907' title='bbox 2296 4975 2388 5018; x_wconf 88' lang='lat' dir='ltr'><strong>aut</strong></span> <span class='ocrx_word' id='word_1_908' title='bbox 2440 4965 2737 5039; x_wconf 62' lang='lat' dir='ltr'><strong>conlidere,</strong></span> <span class='ocrx_word' id='word_1_909' title='bbox 2779 4967 2871 5020; x_wconf 89' lang='lat' dir='ltr'><strong>sed</strong></span> <span class='ocrx_word' id='word_1_910' title='bbox 2910 4970 3011 5022; x_wconf 90' lang='lat' dir='ltr'><strong>soli</strong></span> <span class='ocrx_word' id='word_1_911' title='bbox 3074 4970 3259 5025; x_wconf 82' lang='lat' dir='ltr'><strong>isaaco</strong></span> <span class='ocrx_word' id='word_1_912' title='bbox 3290 4984 3343 5026; x_wconf 90' lang='lat' dir='ltr'><strong>et</strong></span> <span class='ocrx_word' id='word_1_913' title='bbox 3393 4976 3555 5042; x_wconf 80' lang='lat' dir='ltr'><strong>hujus</strong></span> 
     </span>
    </p>
   </div>
   <div class='ocr_carea' id='block_1_109' title="bbox 1985 5058 3552 5130">
    <p class='ocr_par' dir='ltr' id='par_1_109' title="bbox 1985 5058 3552 5130">
     <span class='ocr_line' id='line_1_109' title="bbox 1985 5058 3552 5130; baseline 0.003 -18"><span class='ocrx_word' id='word_1_914' title='bbox 1985 5061 2220 5128; x_wconf 81' lang='lat' dir='ltr'><strong>posteris</strong></span> <span class='ocrx_word' id='word_1_915' title='bbox 2253 5058 2304 5112; x_wconf 89' lang='lat' dir='ltr'><strong>in</strong></span> <span class='ocrx_word' id='word_1_916' title='bbox 2343 5068 2553 5124; x_wconf 89' lang='lat' dir='ltr'><strong>tempus</strong></span> <span class='ocrx_word' id='word_1_917' title='bbox 2579 5067 2863 5110; x_wconf 68' lang='lat' dir='ltr'><strong>aeternum.</strong></span> <span class='ocrx_word' id='word_1_918' title='bbox 2897 5061 3075 5129; x_wconf 84' lang='lat' dir='ltr'><strong>Atque</strong></span> <span class='ocrx_word' id='word_1_919' title='bbox 3125 5063 3428 5117; x_wconf 85' lang='lat' dir='ltr'><strong>mirandum</strong></span> <span class='ocrx_word' id='word_1_920' title='bbox 3462 5069 3552 5130; x_wconf 79' lang='lat' dir='ltr'><strong>sit,</strong></span> 
     </span>
    </p>
   </div>
   <div class='ocr_carea' id='block_1_110' title="bbox 1985 5151 3556 5219">
    <p class='ocr_par' dir='ltr' id='par_1_110' title="bbox 1985 5151 3556 5219">
     <span class='ocr_line' id='line_1_110' title="bbox 1985 5151 3556 5219; baseline 0.003 -15"><span class='ocrx_word' id='word_1_921' title='bbox 1985 5153 2032 5204; x_wconf 85' lang='lat' dir='ltr'><strong>si</strong></span> <span class='ocrx_word' id='word_1_922' title='bbox 2067 5151 2189 5219; x_wconf 88' lang='lat' dir='ltr'><strong>quis</strong></span> <span class='ocrx_word' id='word_1_923' title='bbox 2213 5151 2425 5217; x_wconf 82' lang='lat' dir='ltr'><strong>assequi</strong></span> <span class='ocrx_word' id='word_1_924' title='bbox 2468 5162 2698 5217; x_wconf 83' lang='lat' dir='ltr'><strong>nequeat</strong></span> <span class='ocrx_word' id='word_1_925' title='bbox 2730 5154 2922 5205; x_wconf 87' lang='lat' dir='ltr'><strong>borum</strong></span> <span class='ocrx_word' id='word_1_926' title='bbox 2987 5154 3273 5210; x_wconf 86' lang='lat' dir='ltr'><strong>verborum</strong></span> <span class='ocrx_word' id='word_1_927' title='bbox 3336 5166 3556 5210; x_wconf 85' lang='lat' dir='ltr'><strong>senten-</strong></span> 
     </span>
    </p>
   </div>
   <div class='ocr_carea' id='block_1_111' title="bbox 1989 5241 3553 5311">
    <p class='ocr_par' dir='ltr' id='par_1_111' title="bbox 1989 5241 3553 5311">
     <span class='ocr_line' id='line_1_111' title="bbox 1989 5241 3553 5311; baseline 0.004 -17"><span class='ocrx_word' id='word_1_928' title='bbox 1989 5242 2138 5300; x_wconf 76' lang='lat' dir='ltr'><strong>tiam.</strong></span> <span class='ocrx_word' id='word_1_929' title='bbox 2172 5241 2402 5309; x_wconf 69' lang='lat' dir='ltr'><strong>Agat-eui</strong></span> <span class='ocrx_word' id='word_1_930' title='bbox 2438 5251 2637 5304; x_wconf 79' lang='lat' dir='ltr'><strong>tamen,</strong></span> <span class='ocrx_word' id='word_1_931' title='bbox 2661 5242 2873 5296; x_wconf 85' lang='lat' dir='ltr'><strong>barbari</strong></span> <span class='ocrx_word' id='word_1_932' title='bbox 2897 5255 2953 5298; x_wconf 89' lang='lat' dir='ltr'><strong>et</strong></span> <span class='ocrx_word' id='word_1_933' title='bbox 2980 5246 3081 5298; x_wconf 86' lang='lat' dir='ltr'><strong>feri</strong></span> <span class='ocrx_word' id='word_1_934' title='bbox 3115 5247 3382 5311; x_wconf 86' lang='lat' dir='ltr'><strong>homines,</strong></span> <span class='ocrx_word' id='word_1_935' title='bbox 3414 5249 3553 5301; x_wconf 85' lang='lat' dir='ltr'><strong>haud</strong></span> 
     </span>
    </p>
   </div>
   <div class='ocr_carea' id='block_1_112' title="bbox 1987 5331 3554 5406">
    <p class='ocr_par' dir='ltr' id='par_1_112' title="bbox 1987 5331 3554 5406">
     <span class='ocr_line' id='line_1_112' title="bbox 1987 5331 3554 5406; baseline 0.003 -22"><span class='ocrx_word' id='word_1_936' title='bbox 1987 5342 2132 5386; x_wconf 86' lang='lat' dir='ltr'><strong>recte</strong></span> <span class='ocrx_word' id='word_1_937' title='bbox 2159 5331 2464 5399; x_wconf 84' lang='lat' dir='ltr'><strong>intelligunt</strong></span> <span class='ocrx_word' id='word_1_938' title='bbox 2523 5335 2808 5386; x_wconf 88' lang='lat' dir='ltr'><strong>verborum</strong></span> <span class='ocrx_word' id='word_1_939' title='bbox 2839 5348 3086 5398; x_wconf 82' lang='lat' dir='ltr'><strong>sensum,</strong></span> <span class='ocrx_word' id='word_1_940' title='bbox 3120 5344 3174 5390; x_wconf 90' lang='lat' dir='ltr'><strong>et</strong></span> <span class='ocrx_word' id='word_1_941' title='bbox 3197 5336 3554 5406; x_wconf 88' lang='lat' dir='ltr'><strong>lacrymanto,</strong></span> 
     </span>
    </p>
   </div>
   <div class='ocr_carea' id='block_1_113' title="bbox 1987 5415 3556 5496">
    <p class='ocr_par' dir='ltr' id='par_1_113' title="bbox 1987 5415 3556 5496">
     <span class='ocr_line' id='line_1_113' title="bbox 1987 5415 3556 5496; baseline 0.001 -18"><span class='ocrx_word' id='word_1_942' title='bbox 1987 5425 2132 5493; x_wconf 88' lang='lat' dir='ltr'><strong>quod</strong></span> <span class='ocrx_word' id='word_1_943' title='bbox 2160 5422 2301 5478; x_wconf 86' lang='lat' dir='ltr'><strong>Deus</strong></span> <span class='ocrx_word' id='word_1_944' title='bbox 2331 5440 2359 5477; x_wconf 85' lang='lat' dir='ltr'><strong>a</strong></span> <span class='ocrx_word' id='word_1_945' title='bbox 2385 5415 2653 5492; x_wconf 77' lang='lat' dir='ltr'><strong>principio</strong></span> <span class='ocrx_word' id='word_1_946' title='bbox 2681 5440 2872 5479; x_wconf 88' lang='lat' dir='ltr'><strong>eorum</strong></span> <span class='ocrx_word' id='word_1_947' title='bbox 2904 5429 3294 5494; x_wconf 78' lang='lat' dir='ltr'><strong>°patriarcbam</strong></span> <span class='ocrx_word' id='word_1_948' title='bbox 3329 5440 3381 5482; x_wconf 89' lang='lat' dir='ltr'><strong>et</strong></span> <span class='ocrx_word' id='word_1_949' title='bbox 3411 5428 3556 5496; x_wconf 86' lang='lat' dir='ltr'><strong>ipsos</strong></span> 
     </span>
    </p>
   </div>
   <div class='ocr_carea' id='block_1_114' title="bbox 1987 5517 3554 5587">
    <p class='ocr_par' dir='ltr' id='par_1_114' title="bbox 1987 5517 3554 5587">
     <span class='ocr_line' id='line_1_114' title="bbox 1987 5517 3554 5587; baseline -0.001 -17"><span class='ocrx_word' id='word_1_950' title='bbox 1987 5517 2236 5586; x_wconf 86' lang='lat' dir='ltr'><strong>pactione</strong></span> <span class='ocrx_word' id='word_1_951' title='bbox 2262 5526 2312 5571; x_wconf 87' lang='lat' dir='ltr'><strong>et</strong></span> <span class='ocrx_word' id='word_1_952' title='bbox 2344 5519 2514 5586; x_wconf 83' lang='lat' dir='ltr'><strong>gratia</strong></span> <span class='ocrx_word' id='word_1_953' title='bbox 2545 5531 2642 5570; x_wconf 86' lang='lat' dir='ltr'><strong>sua</strong></span> <span class='ocrx_word' id='word_1_954' title='bbox 2665 5518 2897 5571; x_wconf 76' lang='lat' dir='ltr'><strong>exclusit</strong></span> <span class='ocrx_word' id='word_1_955' title='bbox 2921 5535 2935 5579; x_wconf 87' lang='lat'><strong>;</strong></span> <span class='ocrx_word' id='word_1_956' title='bbox 2962 5527 3017 5572; x_wconf 88' lang='lat' dir='ltr'><strong>at</strong></span> <span class='ocrx_word' id='word_1_957' title='bbox 3038 5520 3342 5587; x_wconf 81' lang='lat' dir='ltr'><strong>gloriantur</strong></span> <span class='ocrx_word' id='word_1_958' title='bbox 3369 5518 3554 5577; x_wconf 86' lang='lat' dir='ltr'><strong>iidem.</strong></span> 
     </span>
    </p>
   </div>
   <div class='ocr_carea' id='block_1_115' title="bbox 1986 5609 3558 5680">
    <p class='ocr_par' dir='ltr' id='par_1_115' title="bbox 1986 5609 3558 5680">
     <span class='ocr_line' id='line_1_115' title="bbox 1986 5609 3558 5680; baseline -0.003 -15"><span class='ocrx_word' id='word_1_959' title='bbox 1986 5611 2132 5680; x_wconf 90' lang='lat' dir='ltr'><strong>quod</strong></span> <span class='ocrx_word' id='word_1_960' title='bbox 2183 5609 2284 5679; x_wconf 90' lang='lat' dir='ltr'><strong>ipsi</strong></span> <span class='ocrx_word' id='word_1_961' title='bbox 2344 5624 2559 5678; x_wconf 88' lang='lat' dir='ltr'><strong>quoque</strong></span> <span class='ocrx_word' id='word_1_962' title='bbox 2615 5609 2907 5662; x_wconf 84' lang='lat' dir='ltr'><strong>Abrahami</strong></span> <span class='ocrx_word' id='word_1_963' title='bbox 2939 5611 3157 5678; x_wconf 61' lang='lat' dir='ltr'><strong>{posteri</strong></span> <span class='ocrx_word' id='word_1_964' title='bbox 3195 5611 3304 5662; x_wconf 82' lang='lat' dir='ltr'><strong>sint</strong></span> <span class='ocrx_word' id='word_1_965' title='bbox 3333 5620 3384 5661; x_wconf 91' lang='lat' dir='ltr'><strong>et</strong></span> <span class='ocrx_word' id='word_1_966' title='bbox 3417 5609 3558 5660; x_wconf 75' lang='lat' dir='ltr'><strong>Deus</strong></span> 
     </span>
    </p>
   </div>
   <div class='ocr_carea' id='block_1_116' title="bbox 1989 5697 3556 5766">
    <p class='ocr_par' dir='ltr' id='par_1_116' title="bbox 1989 5697 3556 5766">
     <span class='ocr_line' id='line_1_116' title="bbox 1989 5697 3556 5766; baseline -0.003 -14"><span class='ocrx_word' id='word_1_967' title='bbox 1989 5699 2200 5754; x_wconf 88' lang='lat' dir='ltr'><strong>lsmaeli</strong></span> <span class='ocrx_word' id='word_1_968' title='bbox 2240 5700 2379 5752; x_wconf 87' lang='lat' dir='ltr'><strong>haud</strong></span> <span class='ocrx_word' id='word_1_969' title='bbox 2412 5715 2568 5752; x_wconf 79' lang='lat' dir='ltr'><strong>secus</strong></span> <span class='ocrx_word' id='word_1_970' title='bbox 2631 5710 2793 5766; x_wconf 87' lang='lat' dir='ltr'><strong>atque</strong></span> <span class='ocrx_word' id='word_1_971' title='bbox 2825 5700 3008 5752; x_wconf 84' lang='lat' dir='ltr'><strong>lsaaco</strong></span> <span class='ocrx_word' id='word_1_972' title='bbox 3064 5698 3421 5750; x_wconf 76' lang='lat' dir='ltr'><strong>benedixerit.</strong></span> <span class='ocrx_word' id='word_1_973' title='bbox 3459 5697 3556 5749; x_wconf 80' lang='lat' dir='ltr'><strong>Er-</strong></span> 
     </span>
    </p>
   </div>
   <div class='ocr_carea' id='block_1_117' title="bbox 1990 5789 3597 5857">
    <p class='ocr_par' dir='ltr' id='par_1_117' title="bbox 1990 5789 3597 5857">
     <span class='ocr_line' id='line_1_117' title="bbox 1990 5789 3597 5857; baseline -0.002 -9"><span class='ocrx_word' id='word_1_974' title='bbox 1990 5802 2112 5848; x_wconf 82' lang='lat' dir='ltr'><strong>rant</strong></span> <span class='ocrx_word' id='word_1_975' title='bbox 2145 5801 2322 5846; x_wconf 84' lang='lat' dir='ltr'><strong>autem</strong></span> <span class='ocrx_word' id='word_1_976' title='bbox 2353 5793 2455 5846; x_wconf 82' lang='lat' dir='ltr'><strong>hac</strong></span> <span class='ocrx_word' id='word_1_977' title='bbox 2496 5790 2551 5845; x_wconf 93' lang='lat' dir='ltr'><strong>in</strong></span> <span class='ocrx_word' id='word_1_978' title='bbox 2588 5806 2664 5853; x_wconf 88' lang='lat' dir='ltr'><strong>re,</strong></span> <span class='ocrx_word' id='word_1_979' title='bbox 2699 5799 2756 5843; x_wconf 90' lang='lat' dir='ltr'><strong>ut</strong></span> <span class='ocrx_word' id='word_1_980' title='bbox 2790 5789 2844 5844; x_wconf 83' lang='lat' dir='ltr'><strong>in</strong></span> <span class='ocrx_word' id='word_1_981' title='bbox 2897 5789 3148 5843; x_wconf 91' lang='lat' dir='ltr'><strong>omnibus</strong></span> <span class='ocrx_word' id='word_1_982' title='bbox 3193 5791 3389 5852; x_wconf 88' lang='lat' dir='ltr'><strong>solent,</strong></span> <span class='ocrx_word' id='word_1_983' title='bbox 3413 5794 3558 5857; x_wconf 85' lang='lat' dir='ltr'><strong>quod</strong></span> <span class='ocrx_word' id='word_1_984' title='bbox 3593 5841 3597 5844; x_wconf 93' lang='lat'><strong>.</strong></span> 
     </span>
    </p>
   </div>
   <div class='ocr_carea' id='block_1_118' title="bbox 3257 5878 3329 5939">
    <p class='ocr_par' dir='ltr' id='par_1_118' title="bbox 3257 5878 3329 5939">
     <span class='ocr_line' id='line_1_118' title="bbox 3257 5878 3329 5939; baseline 0 0"><span class='ocrx_word' id='word_1_985' title='bbox 3257 5878 3329 5939; x_wconf 74' lang='lat'><strong>29</strong></span> 
     </span>
    </p>
   </div>
  </div>
