4066 6296
516 402 619 464 907

1727 386 2045 447 GEORGII
2107 383 2526 445 ΡΗΙὶΑΝΤΖΑΞ

3652 370 3774 434 938

515 520 612 575 καὶ
658 517 749 570 τὸν
782 514 990 568 Ἰσαάκ.
1048 512 1153 565 Καὶ
1188 511 1245 562 ὲν
1288 508 1464 578 τούτῳ
1514 504 1825 559 πλανῶνται
1874 502 1949 565 ὡς
1992 502 2084 554 καλ⁵
2120 510 2165 565 Α
2206 502 2428 570 Ἀνέστη
2461 502 2517 553 δὲ
2578 497 2830 569 Ἀϐραὰμ
2879 492 2958 563 τῷ
2988 492 3151 563 πρωῒ,
3190 493 3284 545 καὶ
3330 487 3524 542 ἔλαϐεν
3556 486 3774 553 ἄρτους

519 615 578 665 ἐν
623 612 757 665 πᾶσι
784 606 1188 667 ισλανθάνονται,
1228 603 1314 655 διὰ
1355 603 1410 653 τί
1440 600 1539 669 μὲν
1571 602 1598 650 6
1642 596 1773 659 Θεὸς
1824 594 2086 664 εὐλόγησε

517 704 611 757 τὸν
650 701 838 773 Ἰσαάκ
867 698 963 751 καὶ
1002 697 1099 766 τὴν
1146 694 1410 763 διαθήκην
1452 689 1615 744 αὑτοῦ
1658 687 2089 755 ὲνεμπίστευσεν

521 795 689 864 αὐτῷ,
729 793 819 845 τὸν
871 791 928 843 δὲ
966 787 1192 857 Ἰσμαὴλ
1238 788 1335 855 οὐχ
1371 784 1565 847 οὕτως,
1623 781 1740 834 ἀλλ’
1792 779 2090 844 εὐλόγησεν

520 889 681 941 αὑτὸν
706 886 894 946 ἁπλῶς
913 885 993 935 ὄτι
1025 899 1043 933 ι
1067 883 1178 935 Καὶ
1204 878 1460 947 πληθυνῶ
1481 875 1643 928 αὑτὸν
1675 872 1901 941 σφόδρα.
1932 888 1950 920 ›
1981 869 2091 922 Καὶ

520 980 591 1034 τὰ
619 979 790 1045 ἄλογα
824 977 937 1040 ζῶα
964 976 991 1026 6
1024 973 1174 1036 Θεὸς,
1198 968 1501 1038 τετράποδα
1531 965 1627 1018 καὶ
1648 962 1879 1034 ἑρπετὰ,
1904 958 2093 1028 ἰχθύας

523 1090 587 1126 τε
619 1072 715 1124 καὶ
746 1066 992 1130 πετεινὰ,
1027 1064 1322 1132 εὐλόγησεν
1357 1061 1528 1112 εἰπών
1554 1074 1567 1088 °
1607 1076 1625 1108 ι
1660 1053 1967 1119 Αὑξάνεσοε
1999 1051 2093 1103 καὶ

524 1161 865 1234 πληθύνεσθε
936 1158 1032 1211 καὶ
1090 1153 1422 1222 πληρώσατε
1476 1149 1574 1219 τὴν
1627 1148 1749 1215 γῆν.
1801 1165 1818 1195 ι
1874 1144 1979 1196 Τὸν
2037 1143 2093 1193 δὲ

480 1266 483 1267 ⁷
536 1256 710 1325 Ἀδὰμ
757 1254 817 1305 ού
850 1249 1111 1309 τοιούτως
1159 1244 1429 1314 ηὐλόγησε
1487 1242 1671 1310 μόνον,
1713 1256 1730 1288 ι
1786 1232 2094 1299 Αὑξάνεσθε

482 1408 485 1411 ν
526 1352 621 1403 καὶ
672 1324 1015 1416 πληθύνεσθε
1061 1340 1153 1393 καὶ
1208 1337 1532 1407 πληρώσατε
1583 1331 1678 1400 τὴν
1730 1331 1857 1397 γῆν,
1899 1345 1917 1378 ι
1959 1324 2097 1380 ἀλλὰ

527 1444 641 1506 καὶ,
674 1459 690 1491 ι
724 1426 1207 1503 Κατακυριεύσατε
1240 1428 1409 1495 αὐτῆς
1437 1442 1453 1458 ο
1482 1446 1499 1476 ι
1532 1426 1628 1476 καὶ
1651 1421 1828 1473 πάντα
1861 1419 1964 1473 ὑπὸ
1998 1418 2097 1481 τὰς

526 1535 714 1605 χεῖρας
755 1526 924 1582 αὑτοῦ
957 1525 1127 1577 ἔδωκε
1167 1524 1231 1573 τὰ
1265 1523 1368 1573 ὅσα
1397 1520 1453 1568 ἐν
1486 1519 1548 1585 τῇ
1577 1516 1646 1583 γῇ
1686 1515 1805 1566 ἐστὶ
1834 1510 2090 1573 κατεξρυ-

531 1623 740 1686 σιάζειν
772 1618 865 1671 καὶ
894 1615 1199 1677 δεσπόζειν,
1232 1610 1373 1663 ὥστε
1408 1603 1476 1679 ἦν
1507 1608 1636 1659 ἰδεῖν
1670 1606 1751 1656 ὅτι
1782 1604 1879 1655 καὶ
1916 1602 1969 1653 αἱ
2001 1603 2096 1653 εὐ-

529 1714 711 1781 λογίαι
755 1709 852 1762 τοῦ
905 1706 1040 1759 Θεοῦ
1085 1700 1333 1769 διάφοροί
1386 1700 1489 1750 εἰσι
1526 1698 1622 1749 καὶ
1668 1694 1789 1763 οὐχὶ
1818 1693 1894 1755 ὡς
1948 1691 2101 1744 αὐτοὶ

532 1805 774 1871 λέγουσι,
805 1799 893 1851 διὰ
914 1800 967 1850 τὶ
1002 1796 1101 1865 μὲν
1130 1796 1184 1846 ai
1214 1792 1355 1843 θεῖαι
1378 1792 1472 1843 καὶ
1499 1787 1647 1855 ἱεραὶ
1687 1785 1898 1855 Γραφαὶ
1926 1781 2104 1844 καλῶς

536 1892 886 1965 δηλοποιοῦσι
934 1890 1047 1949 τοῖς
1096 1885 1156 1937 εὖ
1206 1882 1516 1952 φρονοῦσιν,
1550 1879 1784 1932 έκάστου
1842 1875 1956 1927 υἱοῦ
2011 1874 2104 1925 τού

2193 598 2288 650 καὶ
2324 595 2491 648 ἀσκὸν
2525 591 2714 653 ὕδατος
2749 592 2843 643 καὶ
2877 588 3047 640 ἔδωκε
3086 588 3154 656 τῇ
3186 584 3389 652 Ἀγαρ,
3425 581 3523 634 καὶ
3556 579 3775 645 ἐπέθη-

2190 708 2286 744 κεν
2321 690 2412 742 ἐπὶ
2440 688 2531 739 τὸν
2574 678 2725 753 ὦμον
2751 682 2922 749 αὐτῆς
2958 680 3048 732 καὶ
3083 677 3142 731 τὸ
3190 675 3430 738 παιδίον,
3468 674 3563 725 καὶ
3620 673 3735 724 an:
3754 679 3786 709 -‘

2196 779 2403 834 στειλεν
2435 777 2628 846 αὑτήν.
2672 771 3011 826 Ἀπελθοῦσα
3036 768 3091 822 δὲ
3123 766 3396 821 ἐπλανᾶτο
3425 765 3523 831 τὴν
3549 763 3776 832 ἔρημον

2194 872 2336 925 κατὰ
2379 870 2439 922 τὸ
2494 866 2674 937 φρέαρ
2702 863 2795 916 τοῦ
2829 864 2995 931 ὅρκου
3024 878 3038 892 ·
3088 857 3303 937 ἐξέλιπε
3328 857 3385 908 δὲ
3422 855 3482 906 τὸ
3517 853 3662 920 ὕδωρ
3701 854 3777 904 ἐκ

2195 961 2291 1015 τοῦ
2331 932 2655 1021 ἀσκοῦϊκαί
2681 958 2741 1008 ὲκ
2768 955 2869 1024 τῆς
2894 952 3052 1021 δίψης
3082 932 3431 1014 ὲλεὶποθύμει
3459 948 3487 996 6
3508 941 3772 1011 Ἰσμαήλ.

2196 1054 2306 1106 Καὶ
2340 1051 2532 1122 ἔρριψε
2558 1049 2618 1101 τὸ
2658 1047 2867 1099 παιδίον
2912 1043 3004 1095 καὶ
3051 1040 3338 1093 ἔκλαυσεν.
3371 1038 3673 1104 Είσήκουσε
3711 1033 3775 1085 δὲ

2196 1149 2224 1200 6
2258 1145 2391 1205 Θεὸς
2420 1142 2513 1211 τοῦ
2546 1141 2766 1192 παιδίου
2799 1141 2861 1191 ὲκ
2890 1137 2986 1188 τοῦ
3017 1135 3183 1186 τόπου
3214 1124 3273 1184 οὗ
3303 1125 3370 1200 ἦν
3392 1144 3406 1157 ·
3447 1129 3539 1180 καὶ
3569 1126 3777 1178 ἐκάλε-

2201 1253 2292 1289 σεν
2347 1234 2575 1303 ἄγγελος
2614 1230 2749 1285 Θεοῦ
2804 1231 2902 1299 τὴν
2935 1230 3114 1296 Ἀγαρ
3166 1227 3230 1279 ὲκ
3267 1224 3361 1276 τοῦ
3408 1221 3637 1290 οὐρανοῦ
3672 1222 3780 1271 καὶ

2178 1327 2353 1382 ἐἶπεν
2407 1328 2544 1396 αὐτῇ
2576 1341 2589 1355 ·
2624 1342 2642 1374 ι
2688 1322 2753 1376 Τί
2790 1323 2957 1384 ἐστιν,
2992 1319 3215 1385 Ἀγαρ;
3268 1315 3341 1384 μὴ
3385 1312 3550 1380 φοϐοῦ
3579 1327 3592 1341 ⁸
3626 1312 3778 1363 ἑπα-

2200 1422 2367 1491 κήκοε
2392 1421 2499 1489 γάρ
2522 1420 2548 1469 6
2579 1416 2711 1478 Θεὸς
2742 1416 2839 1484 τὴν
2866 1411 3051 1481 φωνὴν
3080 1408 3173 1461 τοῦ
3204 1406 3417 1461 παιδίου
3449 1421 3540 1456 σου
3575 1405 3637 1455 ὲκ
3673 1401 3778 1452 τοῦ

2200 1512 2364 1564 τόπου
2396 1509 2455 1562 οὗ
2492 1510 2661 1561 ἐστίν.
2702 1503 2990 1571 Ἀνάστηθι
3027 1503 3121 1554 καὶ⁹
3173 1499 3303 1551 λάϐε
3332 1497 3390 1550 τὸ
3427 1495 3639 1547 παιδίον
3680 1496 3778 1544 καὶ

2204 1603 2480 1668 κράτησον
2518 1599 2585 1667 τῇ
2636 1595 2778 1664 χειρί
2815 1610 2907 1645 σου
2963 1590 3097 1644 αὑτό
3121 1604 3134 1619 ·
3178 1589 3255 1649 είς
3282 1587 3390 1655 γάρ
3424 1585 3575 1646 ἔθνος
3622 1582 3803 1651 μέγα

2206 1693 2419 1759 ποιήσω
2445 1690 2599 1742 αὑτό.
2640 1705 2658 1737 ›
2685 1686 2798 1739 Καὶ
2825 1682 3062 1752 ἀνέῳξεν
3093 1684 3120 1733 6
3149 1678 3280 1739 Θεὸς
3300 1679 3424 1738 τοὺς
3454 1674 3778 1743 ὀφθαλμοὺς

2209 1783 2398 1850 αὐτῆς,
2433 1783 2526 1834 καὶ
2552 1775 2658 1832 εἶδε
2695 1778 2872 1847 φρέαρ
2897 1775 3089 1836 ὓδατος
3115 1772 3338 1836 ζῶντος,
3379 1768 3469 1821 καὶ
3498 1765 3777 1834 ἐπορεύθη

2209 1872 2304 1929 καὶ
2344 1874 2591 1944 ἔμπλησε
2638 1872 2728 1923 τὸν
2754 1870 2920 1925 ἀσκὸν
2965 1866 3057 1919 τοῦ
3098 1864 3289 1924 ὓδατος
3323 1863 3417 1915 καὶ
3460 1860 3680 1933 ἐπότισε
3717 1858 3777 1910 τὸ

549 1947 819 2049 ’κέδροιὰμο
849 1947 1038 2027 Ἰσαὰδέ
1070 1947 1343 2037 λέγω-καὶ
1372 1962 1621 2038 ’Ῑτμαὴλν
1671 1965 1787 2027 πῶς
1817 1963 2106 2032 διαφέρου-
2135 1949 2177 2002 Β
2208 1966 2438 2020 παιδίον.
2477 1963 2589 2017 Καὶ
2622 1957 2690 2031 ἦν
2725 1963 2752 2013 6
2781 1960 2911 2021 Θεὸς
2955 1956 3093 2026 μετὰ
3126 1954 3219 2007 τυῦ
3272 1950 3502 2014 παιδίου,
3537 1950 3633 1999 καὶ
3676 1947 3776 2015 ηὑ-

541 2090 625 2125 σιν
670 2074 725 2123 αι
778 2067 1045 2135 εὐλογίαι,
1077 2064 1143 2116 τὰ
1176 2063 1307 2131 γένη
1342 2062 1436 2115 καὶ
1476 2061 1529 2112 αἱ
1578 2057 1931 2127 κληρονομίαι
1985 2054 2104 2116 ἐνὸς

539 2164 769 2217 ἑκάστου
798 2158 1001 2212 αὐτῶν.

622 2255 711 2307 Ἐν
735 2253 790 2305 δὲ
820 2252 898 2320 τῷ
932 2237 1213 2317 κεφαλαίῳ
1236 2245 1310 2315 τῷ
1335 2244 1380 2298 κ’
1416 2244 1507 2298 καὶ
1537 2241 1621 2295 κα¹
1657 2240 1781 2293 τάδε
1816 2241 1949 2308 φησὶ
1977 2239 2108 2307 περὶ

543 2347 637 2402 τοῦ
702 2342 972 2413 Ἰσμαήλ,·
1005 2360 1022 2392 ι
1067 2335 1203 2391 Eine
1256 2338 1312 2390 δὲ
1374 2336 1452 2404 τῷ
1496 2334 1746 2403 Ἀϐραὰμ
1799 2332 1830 2400 ἡ
1888 2330 2106 2400 Σάρρα·

550 2439 789 2493 Ἔκϐαλε
832 2435 931 2503 τὴν
965 2432 1265 2498 παιδίσκην
1310 2428 1517 2495 ταύτην
1549 2426 1688 2493 μετὰ
1737 2424 1830 2476 τοῦ
1863 2423 1977 2474 υἱοῦ
2014 2421 2110 2472 αὺ-

547 2528 769 2598 τῆςοοὺ
826 2518 1446 2593 γάροκληρονομήσειὸ
1504 2515 1617 2577 υἱὸς
1669 2513 1765 2580 τῆς
1820 2510 2111 2577 παιδίσκης

551 2618 796 2692 μετὰτοῦ
829 2616 946 2670 υἱοῦ
981 2632 1084 2685 μου
1113 2612 1318 2665 Ἰσαάκ.
1350 2630 1367 2661 ι
1398 2606 1642 2677 Σκληρὸν
1663 2605 1718 2658 δὲ
1940 2602 2112 2668 ἐφάνη

548 2691 607 2767 τὸ
644 2714 796 2782 ῥῆμα
854 2708 1062 2777 σφόδρα
1093 2703 1335 2758 ἐναντίον
1385 2701 1640 2767 Ἀϐραὰμ
1681 2696 1807 2765 περὶ
1854 2694 1947 2745 τοῦ
1996 2691 2112 2743 υἱοῦ

549 2781 715 2857 αὑτοῦ
749 2800 1000 2869 Ἰσμαὴλ.
1036 2792 1169 2848 Eine
1202 2795 1255 2845 δὲ
1298 2794 1325 2845 6
1360 2791 1489 2852 Θεὸς
1527 2790 1603 2857 τῷ
1640 2786 1929 2855 Ἀϐραάμο
1966 2801 1983 2834 ι
2025 2781 2115 2850 Μὴ

553 2893 790 2963 σκληρὸν
831 2892 972 2942 ἔστω
1034 2886 1279 2939 ἐναντίον
1317 2900 1409 2934 σου
1460 2881 1590 2949 περὶ
1626 2878 1717 2930 τοῦ
1772 2875 1986 2929 παιδίου
2025 2874 2119 2927 καὶ

554 2988 652 3055 τῆς
673 2984 986 3050 παιδίσκης.
1025 2980 1210 3032 Πάντα
1242 2978 1339 3029 ὅσα
1368 2976 1433 3027 ἂν
1455 2970 1582 3044 εἴπῃ
1618 2988 1697 3023 σοι
1725 2970 1927 3038 Σάρρα,
1954 2968 2118 3021 ἄκουε

550 3078 650 3145 τῆς
688 3075 872 3143 φωνῆς
905 3071 1095 3137 αὐτῆς,
1132 3070 1214 3121 ὅτι
1246 3070 1418 3137 ἐνιτῷ
1447 3063 1632 3116 Ἰσαὰκ
1671 3059 2004 3129 κληθήσεταί
2038 3074 2118 3108 σοι

555 3169 799 3233 σπέρμα,
828 3163 921 3216 καὶ
965 3159 1055 3211 τὸν
1096 3158 1209 3210 υἱὸν
1252 3156 1306 3207 δὲ
1342 3156 1439 3221 τῆς
1473 3151 1765 3218 παιδίσκης
1811 3149 2011 3215 ταύτης
2042 3147 2121 3206 είς

2206 2058 2395 2125 ξύνθη,
2457 2056 2552 2108 καὶ
2586 2052 2936 2122 ἐκατῴκησεν
2993 2049 3051 2100 ὲν
3082 2050 3147 2116 τῇ
3203 2045 3394 2114 ἐρήμῳ
3426 2045 3493 2110 τῇ
3539 2040 3731 2109 Φαραῇ
3759 2055 3771 2070 ι

2209 2152 2424 2218 ἐγένετο
2452 2149 2508 2199 δὲ
2540 2136 2761 2213 τοξότης
2796 2142 3043 2203 δυνατός.
3083 2159 3101 2191 ι
3566 2172 3575 2178 -

2279 2235 2406 2293 Ὧδε
2446 2237 2725 2306 δυνάμεθα
2765 2232 3099 2288 καταλαϐεῖν
3148 2228 3239 2281 τὸν
3271 2226 3525 2295 Ἰσμαήλ.
3578 2222 3774 2283 Καθὼς

2212 2331 2584 2400 ἐπηγγείλατο
2624 2330 2651 2380 6
2704 2326 2835 2386 Θεὸς
2886 2324 2963 2392 τῷ
3005 2320 3280 2390 ’Λϐραὰμ,
3332 2319 3414 2378 είς
3450 2316 3591 2385 μέγα
3624 2314 3774 2374 ἕθνςς

2212 2422 2355 2479 εἷναι
2383 2423 2624 2489 ἐποίησε,
2659 2420 2753 2471 καὶ
2782 2416 2942 2486 322
2986 2414 3225 2474 βασιλεῖς
3258 2409 3484 2479 μεγάλοι
3524 2406 3579 2470 ἐξ
3612 2405 3773 2458 αὐτοῦ

2216 2518 2499 2585 γεγόνασι,
2555 2512 2650 2565 κοιλ⁸
2685 2511 2781 2573 τὰς
2831 2510 3019 2577 χεῖρα-ς
3053 2503 3220 2558 αὑτοῦ
3260 2503 3353 2555 ἐπὶ
3402 2502 3606 2557 πάντας
3640 2498 3774 2550 θεω-

2219 2605 2420 2676 ροῦμεν
2464 2601 2625 2667 εἷναι,
2665 2599 2758 2652 καὶ
2788 2598 2841 2650 αἱ
2870 2599 3049 2666 χεῖρες
3093 2594 3313 2647 πάντων
3346 2589 3429 2643 ἐπ’
3469 2590 3653 2647 αὐτὸν,
3685 2589 3776 2638 καὶ

2218 2695 2626 2765 ὲνεκατῴκησεν
2661 2693 2752 2744 ἐπὶ
2801 2691 3090 2760 πρόσωπον
3118 2685 3275 2755 ἡμῶν
3319 2685 3558 2742 πάντων,
3607 2681 3701 2732 καὶ
3730 2680 3777 2730 οἱ

2220 2791 2285 2841 ὲκ
2311 2787 2503 2840 τούτου
2538 2785 2752 2850 τοξόται
2782 2781 2997 2851 ἄριστοί
3023 2780 3129 2831 είσι
3177 2776 3296 2828 λίαν
3326 2774 3471 2827 λίαν.
3508 2772 3652 2840 Πλὴν
3681 2772 3777 2840 τῆς

2220 2880 2482 2948 διαθήκης
2516 2876 2680 2929 αὑτοῦ
2712 2878 2738 2927 6
2767 2875 2897 2937 Θεὸς
2938 2870 3241 2940 ὑστέρησεν
3272 2866 3433 2918 αὐτόν
3464 2881 3478 2895 '
3513 2863 3655 2917 ὥστε
3685 2879 3781 2914 κα-

2223 2971 2328 3032 θώς
2360 2988 2525 3040 φησιν
2560 2971 2592 3039 ἡ
2627 2968 2745 3020 θεία
2770 2964 2981 3037 Γραφὴ,
3015 2966 3107 3016 καὶ
3130 2957 3202 3028 ἦν
3231 2956 3533 3029 ὡρισμένον
3566 2958 3629 3007 ὲκ
3658 2952 3779 3005 πολ-

2222 3064 2317 3117 λοῦ
2355 3063 2561 3116 ἄνωθεν
2593 3062 2660 3114 δι’
2689 3053 2762 3114 ὧν
2788 3058 3071 3127 χριμάτων
3104 3049 3241 3105 οἶδεν
3274 3053 3302 3103 6
3345 3050 3499 3115 Θεὸς,
3530 3046 3779 3107 τοιούτως

2224 3155 2480 3225 γενέσθαι
2511 3172 2523 3185 ·
2559 3151 2758 3224 ἦν’γὰρ
2796 3151 3012 3218 ἀνάγκη
3051 3148 3240 3199 λοιπὸν
3266 3144 3353 3197 ἵνα
3375 3142 3550 3211 πέρας
3578 3141 3779 3192 λάϐωσι

555 3232 705 3318 ἔθνος
744 3256 882 3323 μέγα
911 3252 1123 3321 ποιήσω
1154 3247 1335 3309 αὑτὸν,
1376 3248 1456 3300 ὅτι
1491 3244 1715 3313 σπέρμα
1755 3241 1846 3293 σού
1880 3240 2053 3292 ἐστιν.
2088 3255 2106 3289 ι
2142 3262 2186 3321 c
2226 3248 2292 3301 τὰ
2322 3249 2424 3301 ὅσα
2452 3250 2480 3300 ὁ
2512 3247 2744 3315 θεόπτης
2798 3244 3003 3313 Μωσῆς
3048 3240 3240 3309 ἔφησε,
3293 3239 3383 3289 καὶ
3412 3236 3532 3304 οὐχ),
3576 3234 3658 3286 δτι
3688 3232 3783 3283 οὐκ

558 3436 703 3490 Deus
746 3433 931 3488 lsaaco
991 3428 1264 3484 benedixit
1303 3436 1357 3480 et
1406 3423 1710 3493 pactionem
1742 3436 1898 3476 suam
1932 3418 2124 3483 dedit,

558 3525 770 3583 lsmaeli
806 3541 913 3578 non
968 3523 1118 3584 item,
1145 3517 1239 3573 sed
1274 3514 1589 3583 simpliciter
1621 3510 1894 3566 benedixit
1919 3519 1971 3564 et
2006 3524 2128 3578 pro-

561 3616 727 3679 misit,
791 3626 1121 3682 magnopere
1185 3624 1244 3663 se
1296 3623 1419 3660 eum
1475 3613 1755 3657 ani-turum
1811 3617 1954 3656 esse.
1991 3600 2124 3653 Nam

562 3707 735 3761 brutis
793 3703 1185 3763 animantibus,
1218 3695 1658 3768 quadrupedibus
1709 3705 1762 3746 et
1818 3692 2126 3758 reptilibus,

564 3798 803 3867 piscibus
829 3806 883 3850 et
913 3793 1157 3855 alitibus,
1194 3788 1334 3843 Deus
1383 3787 1679 3847 benedixit,
1724 3801 1843 3838 cum
1881 3786 2126 3839 diceret:

571 3908 589 3942 ι
620 3886 906 3958 Angemini
937 3896 990 3939 et
1018 3881 1453 3950 multiplicamini
1482 3889 1534 3934 et
1583 3877 1799 3945 implete
1848 3885 2069 3930 terram.
2105 3892 2123 3924 ι

564 3982 776 4037 Adamo
808 3990 985 4034 autem
1009 3991 1117 4030 non
1146 3975 1228 4029 sic
1260 3972 1534 4027 benedixit
1559 3971 1732 4025 solum
1761 3976 1777 4023 'z
1817 3964 2131 4036 tAugemini

494 4099 510 4113 -
564 4086 612 4131 et
644 4069 1078 4142 multiplicamini
1111 4075 1163 4122 et
1196 4067 1411 4135 implete
1435 4074 1654 4125 terram,
1690 4080 1707 4113 ι
1741 4077 1926 4117 verum
1945 4062 2128 4127 etiam,

568 4185 589 4219 ι
629 4166 841 4220 Domini
876 4161 993 4229 ejus
1029 4169 1165 4222 este,
1205 4177 1224 4211 ι
1254 4168 1417 4227 atque
1468 4156 1520 4209 in
1577 4170 1772 4209 manus
1810 4169 2000 4208 eorum
2025 4162 2133 4206 trao

564 4259 721 4321 didit,
752 4267 1090 4325 quaecunque
1140 4250 1193 4302 in
1247 4258 1387 4302 terra
1424 4246 1690 4316 possideri
1723 4255 1776 4300 et
1845 4246 1954 4313 regi
2011 4261 2135 4313 pos-

565 4359 713 4412 sunt,
755 4357 815 4402 ut
873 4344 1222 4411 intelligatur,
1282 4339 1689 4393 benedictiones
1755 4337 1844 4389 Dei
1892 4338 2134 4391 diversas

565 4457 705 4504 esse,
744 4453 901 4493 secus
931 4447 1093 4502 atque
1160 4432 1235 4484 illi
1286 4430 1493 4493 dicunt,
1537 4429 1793 4497 quoniam
1852 4428 2045 4480 divinae
2079 4436 2133 4480 et

566 4545 735 4586 sacra:
771 4528 988 4581 Litterae
1007 4535 1149 4576 recte
1181 4518 1540 4575 sentientibus
1571 4517 1703 4571 satis
1728 4518 2131 4570 demonstrant.

2226 3431 2370 3499 Agar
2417 3427 2654 3492 tradidit,
2690 3427 2914 3479 humero
2969 3424 3088 3491 ejus
3142 3435 3365 3490 puerum
3420 3415 3699 3487 imposuit,
3735 3426 3785 3467 et

2228 3522 2435 3577 dimisit
2465 3535 2602 3573 eam.
2630 3519 2758 3583 Quae
2789 3532 2911 3569 cum
2946 3516 3190 3575 abiisset,
3226 3528 3319 3581 per
3371 3513 3579 3563 deserta
3611 3508 3784 3560 delata

2230 3621 2313 3666 est
2356 3612 2420 3665 ad
2471 3609 2671 3663 fontem
2726 3606 3072 3661 Sacratnenti.
3110 3604 3396 3657 Delieiehat
3428 3616 3565 3668 aqua
3598 3600 3648 3651 in
3673 3607 3788 3650 utne

2230 3711 2284 3756 et
2316 3716 2425 3770 pra:
2480 3700 2569 3753 siti
2593 3696 3007 3767 clanguescebat
3060 3694 3270 3748 lsmael.
3312 3692 3525 3761 Abiecit
3563 3705 3785 3759 puerum

2234 3795 2427 3847 mulier
2484 3801 2538 3845 et
2595 3789 2946 3859 lacrymabat.
2979 3786 3201 3840 Audivit
3248 3793 3427 3838 autem
3475 3798 3507 3836 e
3536 3782 3661 3834 sede
3694 3796 3786 3833 sua

2230 3900 2420 3938 vocem
2481 3883 2631 3951 pueri
2670 3881 2829 3943 Deus,
2863 3890 3024 3947 atque
3075 3876 3525 3945 appellavitAgar
3555 3873 3619 3926 de
3650 3873 3789 3924 eualn

2236 3976 2461 4046 angelus
2514 3974 2629 4035 Dei,
2661 3974 2818 4042 eique
2847 3972 3018 4024 dixit:
3056 3987 3073 4019 ι
3096 3969 3232 4033 Quid
3268 3969 3343 4021 rei
3377 3976 3481 4026 est,
3511 3967 3649 4033 Agar
3675 3966 3781 4016 τηε

2235 4069 2425 4122 timeas
2451 4084 2465 4132 ;
2495 4065 2701 4119 audivit
2729 4067 2872 4118 enim
2900 4062 3041 4116 Deus
3072 4076 3257 4115 vocent
3299 4060 3451 4129 pueri
3472 4059 3547 4113 tui
3575 4073 3633 4109 cx
3663 4057 3778 4107 loco

2234 4174 2317 4222 eo,
2354 4159 2406 4212 in
2436 4172 2542 4227 quo
2564 4167 2668 4211 est.
2699 4157 2888 4222 Surge,
2923 4154 3050 4207 tolie
3098 4167 3347 4220 puerum,
3376 4162 3591 4217 eumque
3618 4160 3775 4197 manu

2236 4258 2325 4303 tua
2362 4248 3067 4317 comprehendeunagnam
3119 4244 3258 4295 enim
3293 4251 3502 4311 gentem
3531 4253 3648 4293 eum
3700 4235 3780 4289 [λ-

2237 4339 2399 4394 ciam.
2435 4339 2611 4391 iTum
2643 4335 2855 4405 aperuit
2894 4336 3033 4388 Deus
3083 4332 3275 4387 oculos
3318 4331 3461 4400 ejus,
3492 4338 3550 4383 ut
3591 4329 3785 4380 rideret

2237 4428 2441 4483 fontem
2473 4442 2645 4496 aqua}.
2684 4426 2829 4480 Abiit
2863 4424 3023 4493 igitur
3065 4423 3280 4488 mulier,
3312 4429 3388 4482 et.
3429 4422 3627 4488 repleto
3655 4428 3787 4480 utre,

2238 4530 2423 4589 potum
2458 4518 2683 4588 praebuit
2714 4530 2904 4585 puero.
2940 4515 3144 4568 Deinde
3193 4516 3379 4566 aderat
3421 4511 3565 4565 Dens
3611 4525 3790 4578 puero,

568 4623 622 4674 in
706 4629 934 4684 utroque
997 4615 1106 4665 lilio
1164 4610 1456 4665 Abrahami
1536 4609 1737 4670 lsaaco,
1792 4607 2033 4673 inquam,
2072 4616 2125 4660 et
2160 4608 2321 4678 ani
2376 4607 2715 4662 adolescebat
2758 4617 2811 4660 et
2851 4603 3127 4659 habitabat
3176 4604 3229 4655 in
3283 4601 3502 4655 deserto
3562 4601 3793 4659 Puarme.

570 4709 790 4765 lsmaele
844 4705 1089 4759 diversas
1145 4712 1268 4754 esse
1348 4694 1775 4756 benedictiones,
1832 4706 2026 4759 genera
2079 4701 2131 4743 et

571 4800 829 4855 lnercdia.
1081 4850 1086 4855 ,

638 4890 825 4957 Capite
846 4886 915 4939 20
944 4895 997 4941 et
1032 4886 1097 4938 ‘21
1131 4885 1242 4936 haec
1278 4881 1344 4935 de
1378 4878 1601 4932 lsmaele
1636 4884 1947 4928 narrantur.
1986 4890 2003 4922 ι
2045 4872 2135 4925 υἱ-

572 4982 648 5033 xit
686 4979 995 5033 Abrahatno
1036 4977 1197 5029 Sarra
1234 4989 1246 5026 :
1282 4991 1299 5022 ι
1332 4971 1480 5039 Ejice
1522 4967 1752 5035 puellam
1804 4967 1943 5018 hanc
2010 4980 2133 5019 cum

572 5071 681 5124 filio
709 5075 847 5138 ejus.
885 5066 1066 5135 Neque
1101 5065 1242 5118 enim
1291 5064 1462 5115 haeres
1496 5059 1599 5113 erit
1622 5057 1761 5113 [ilius
1797 5056 1986 5125 puellae
2014 5070 2138 5112 cum

576 5162 685 5217 lilio
722 5176 843 5214 meo
876 5158 1080 5226 lsaacp.
1109 5174 1127 5206 ›
1178 5152 1480 5207 Admodum
1527 5164 1777 5217 asperum
1830 5148 1882 5202 id
1931 5148 2136 5202 dictum

572 5254 881 5311 Abrahamo
905 5251 1189 5305 videbatur
1212 5247 1265 5299 in
1292 5245 1462 5315 ipsius
1494 5244 1662 5298 ﬁliuni
1694 5242 2001 5297 lsmaelem.
2028 5240 2136 5296 Sed

573 5348 715 5402 Deus
748 5343 1057 5398 Abrahamo
1091 5338 1257 5395 dixit:
1285 5356 1304 5389 ι
1334 5337 1411 5391 Ne
1441 5351 1693 5404 asperum
1743 5333 1840 5388 tibi
1895 5334 2141 5388 videatur

574 5441 630 5495 in
689 5449 918 5509 puerum
984 5440 1079 5487 aut
1131 5430 1531 5500 puellatn;imo
1566 5441 1904 5496 quaecunque
1946 5426 2143 5480 dixerit

576 5531 761 5596 Sarra,
797 5526 1048 5583 ausculta
1106 5524 1222 5579 voci
1264 5524 1401 5591 ejus.
1433 5520 1693 5591 quoniam
1746 5520 1801 5571 in
1836 5517 2019 5571 lsaaco
2055 5533 2143 5569 vo.

576 5623 790 5676 cabitur
824 5620 921 5674 tibi
954 5632 1165 5679 semen,
1194 5624 1247 5668 et
1277 5615 1441 5667 lilium
1469 5612 1656 5679 puella:
1686 5610 1847 5679 hujus
1893 5623 2142 5677 magnam

576 5719 786 5773 gentem
813 5706 1054 5761 facturus
1089 5718 1230 5766 sum,
1262 5702 1387 5769 quia
1415 5716 1595 5755 semen
1619 5703 1787 5751 'tuutn
1822 5707 1924 5751 est.
1959 5715 1977 5747 ι
2011 5698 2144 5748 Sur-

579 5800 713 5851 rexit
738 5799 897 5866 igitur
926 5811 1079 5851 mane
1105 5795 1463 5856 Abrahatnus,
1483 5805 1673 5859 panem
1703 5797 1755 5843 et
1778 5798 1953 5842 utrem
1981 5804 2136 5858 aqua:

2235 4699 2523 4768 factusque
2553 4707 2638 4752 est
2672 4697 2988 4766 sagittarius
3014 4694 3273 4748 eximius.
3306 4710 3325 4743 ι

2305 4790 2396 4845 Sic
2451 4803 2745 4858 agnoscere
2805 4800 3090 4854 possumus
3143 4783 3444 4839 lsmaelem.
3477 4784 3627 4838 Sicut
3666 4782 3795 4835 Dens

2235 4878 2548 4932 Abrahamo
2582 4875 2849 4944 promisit,
2883 4875 2954 4926 ita
2995 4886 3247 4941 magnam
3299 4882 3515 4941 gentem
3573 4888 3692 4925 eum
3730 4871 3798 4923 fe-

2237 4966 2407 5030 cit,et
2433 4980 2587 5033 reges
2646 4963 2823 5031 magni
2867 4976 2929 5016 ex
2961 4975 3027 5014 eo
3052 4962 3399 5026 eXstiterunt,
3444 4970 3493 5015 et
3531 4976 3717 5013 manus
3744 4976 3798 5013 οε

2232 5057 2324 5125 jus
2375 5058 2634 5110 adversus
2663 5068 2872 5118 omnes,
2902 5062 2957 5106 et
3017 5050 3265 5106 omnium
3311 5066 3504 5107 manus
3549 5053 3801 5106 adversus

2241 5152 2415 5219 ipsum
2465 5151 2698 5203 intentas
2763 5147 3032 5210 videmus,
3067 5154 3121 5199 et
3155 5143 3491 5199 domicilium
3527 5144 3800 5199 collocavit

2242 5244 2294 5296 in
2335 5250 2628 5310 conspectu
2664 5239 2836 5294 nostri
2885 5239 3150 5300 omnium,
3184 5248 3235 5291 et
3264 5235 3466 5306 posteri
3511 5238 3629 5305 ejus
3651 5237 3804 5303 sagit-

2243 5336 2366 5390 tarii
2405 5334 2565 5402 longe
2620 5331 2808 5400 optimi
2834 5338 3002 5396 sunt;
3041 5330 3288 5399 pactione
3327 5326 3505 5383 autem
3540 5342 3635 5381 sua
3667 5325 3803 5381 Deus

2242 5443 2369 5481 eum
2401 5424 2635 5481 exclusit
2672 5441 2686 5478 :
2716 5432 2801 5487 ut,
2825 5421 3284 5491 quemadmodum
3310 5419 3363 5474 in
3391 5418 3562 5475 sacris
3591 5416 3802 5470 Litteris

2244 5529 2331 5585 est
2369 5525 2421 5569 et
2471 5514 2629 5583 longe
2685 5524 2810 5567 ante
2860 5515 3216 5568 c0nstitutum
3276 5518 3390 5565 erat
3438 5509 3507 5562 ob
3548 5507 3799 5565 rationes,

2246 5622 2381 5676 quas
2416 5606 2560 5660 Dens
2592 5608 2763 5671 novit,
2798 5604 2873 5657 ita
2905 5602 3168 5657 evenerit.
3197 5599 3431 5655 Necesse
3487 5597 3631 5651 enim
3675 5605 3803 5665 erat,

2250 5708 2305 5752 ut
2327 5708 2576 5752 eventum
2638 5696 2915 5757 haberent,
2967 5709 3304 5764 quaecunque
3360 5691 3576 5745 divinus
3636 5686 3807 5739 Moses

2249 5790 2476 5844 dixerat.
2514 5786 2734 5841 Minime
2768 5800 2894 5842 vero
2927 5800 3026 5841 nos
3080 5799 3245 5855 prave
3277 5782 3667 5847 sentiebamus,
3703 5777 3810 5831 lio-
