4066 6296
317 541 659 614 ιφρονοῦμεν
684 541 859 611 ὀρθῶς
898 541 1161 611 Ῥωμαῖοί
1191 559 1248 595 τε
1276 545 1369 596 καὶ
1393 545 1581 608 Σέρϐοι
1609 548 1699 596 καὶ
1723 545 1885 597 Bodl-
1915 554 1957 605 Α
1990 542 2205 602 στιανός
2236 557 2321 603 τις
2364 536 2752 609 γραμματικὸς
2807 531 2898 604 ἦν,
2933 534 3356 604 ἀνατεθειμένος
3414 536 3567 609 παρά

318 652 506 704 γαροι.
537 632 721 695 καθὼς
751 633 1000 698 λέγουσιν
1045 634 1093 687 οἱ
1130 636 1564 705 κατηγοροῦντες
1612 639 1759 703 ἡμᾶς
1796 640 1889 690 καὶ
1993 651 2157 686 τινων
2190 632 2451 701 Τούρκων
2477 630 2585 683 τῶν
2617 630 2718 698 τῆς
2759 628 2959 697 βουλῆς
2989 631 3163 682 εἰπεῖν
3212 628 3289 698 τῷ
3324 631 3566 704 δεσπότῃ

318 725 697 788 ὀνειδίζουσιν.
742 726 867 778 Ἐὰν
891 726 948 777 δὲ
977 727 1141 779 πάλιν
1162 727 1257 779 καὶ
1286 726 1393 780 ὐπὸ
1413 728 1695 798 ἁμαρτιῶν
1730 731 1889 797 ἡμεῖς
1927 750 1940 767 ι
1993 727 2079 780 τνα
2113 725 2320 795 ποιήσῃ
2346 722 2616 789 ἀναϐολὴν
2644 723 2725 783 είς
2752 722 2849 789 τὴν
2877 720 3119 788 ἀγάπην,
3153 723 3232 773 ὅτι
3280 725 3374 775 ἐὰν
3401 711 3568 792 γένηλ

320 819 743 888 ἐπαιδεύθημεν,
776 817 870 872 καὶ
917 820 1073 887 ὑμεῖς
1110 820 1160 871 οἱ
1193 820 1388 873 Ἰταλοὶ
1441 821 1515 891 μὴ
1572 821 1889 890 ἀμερίμνως
1992 835 2083 870 ται
2132 819 2164 885 ἠ
2222 817 2361 885 μετά
2395 817 2504 868 τῶν
2544 814 2851 881 υύγγάρων
2906 814 3151 884 συνθήκη
3201 816 3300 884 τῆς
3351 818 3572 883 ἀγάπης

327 913 569 979 μείνατε,
600 911 735 965 ἀλλά
761 911 857 973 τὰς
882 914 1070 981 χεῖρας
1095 912 1187 964 ἐπὶ
1210 912 1270 964 τὸ
1296 912 1491 982 στῆθος
1517 914 1670 981 ὑμῶν
1698 913 1891 981 βάλετε
1993 912 2111 980 ἦτοι
2144 910 2389 978 εἰρήνης,
2431 908 2590 968 εὐθὺς
2627 909 2653 958 6
2685 907 2928 976 Τοῦρκος
2965 906 3106 959 κατὰ
3151 908 3245 974 τῆς
3285 909 3576 960 Kay/atav-

325 1007 421 1058 καὶ
447 1006 589 1058 κατὰ
616 1002 745 1057 νοῦν
777 1005 1142 1072 ἐνθυμήθητε,
1167 1008 1262 1058 καὶ
1283 1006 1720 1075 κατηγοροῦντες
1744 1008 1891 1075 ἡμᾶς
1992 1000 2357 1062 τινουπόλεως
2388 1000 2825 1068 καθορμήσεται.
2860 1000 3121 1060 Κάκεῖνος
3152 1000 3251 1052 οὐκ
3284 1002 3569 1070 ἐφρόντισε

326 1096 596 1149 παύσατε.
626 1096 792 1147 Αὐτοὶ
824 1095 880 1147 δὲ
907 1097 957 1146 οἱ
988 1094 1331 1164 ’ῐσμαηλῖται
1365 1097 1588 1148 ἄπιστοι
1614 1096 1769 1159 ὄντες
1790 1088 1893 1165 ιχα-
1996 1096 2123 1160 περὶ
2153 1092 2351 1146 τούτου
2403 1091 2528 1143 οὐτε
2560 1092 2754 1158 ἔμελεν
2790 1091 2961 1158 αὐτῷ,
2992 1092 3092 1141 οὐκ
3124 1091 3279 1151 εἰδὼς
3310 1095 3337 1143 6
3388 1093 3572 1154 ἄθλιος

323 1187 484 1240 λεποὶ
517 1189 609 1239 καί⁵
645 1186 1033 1255 ἀνελεήμονες,
1064 1188 1357 1253 προστάξει
1390 1189 1445 1240 δὲ
1478 1188 1617 1240 Θεοῦ
1647 1189 1775 1251 τούς
1804 1207 1891 1241 πι-
1995 1188 2078 1238 ὅτι
2113 1188 2159 1238 εί
2190 1185 2462 1254 ἀφαιρεθῇ
2492 1186 2523 1253 ἠ
2552 1184 2764 1252 κεφαλὴ
2793 1184 2888 1236 τοῦ
2919 1182 3193 1251 σώματος,
3214 1184 3278 1237 τά
3305 1186 3444 1253 μέλη
3471 1189 3579 1238 εἰσὶ

327 1281 489 1341 στούς
532 1279 849 1332 παιδεύουσι
901 1280 1078 1331 καὶτὸ
1113 1280 1301 1331 πλεῖον
1348 1280 1513 1347 μέρος
1558 1278 1654 1330 τοῦ
1684 1283 1891 1347 κόσμου
2000 1277 2193 1345 νεκρᾶ.

325 1372 667 1441 κυριεύουσι.
724 1371 814 1423 Διὸ
843 1372 900 1423 οὐ
934 1371 1015 1424 δεῖ
1046 1371 1553 1441 μεγαλορρημονείν
1604 1372 1731 1439 περὶ
1764 1372 1893 1422 τοὺ·
2069 1372 2205 1423 Τότε
2239 1366 2333 1423 οὐν
2371 1369 2465 1421 καὶ⁵
2499 1370 2557 1420 ὲν
2602 1371 2667 1438 τῇ
2708 1368 2925 1439 Ἐνετίᾳ
2964 1370 3161 1438 βουλῆς
3215 1371 3461 1438 μεγάλης
3493 1390 3574 1437 γε.

327 1478 437 1514 των
485 1462 611 1523 τοὺς
665 1461 927 1524 Ἰταλοὺς,
984 1462 1065 1515 δτι
1099 1463 1184 1515 διὰ
1233 1462 1293 1513 τὺ
1335 1462 1510 1533 ὀρθῶς
1539 1465 1756 1531 φρονεῖν
1802 1464 1894 1515 καὶ
1998 1465 2237 1531 νομένης
2269 1462 2396 1531 περὶ
2423 1462 2616 1515 τούτου
2650 1462 2847 1531 ἀνέστη
2894 1466 2922 1514 6
2956 1463 3032 1531 τῷ
3064 1464 3184 1515 τότε
3222 1465 3397 1533 καιρῷ
3429 1466 3574 1529 δούξ.

326 1553 526 1606 δίκαιοι
562 1556 656 1604 καὶ
710 1553 854 1619 ἅγιοι
885 1553 1115 1614 ἑαυτοὺς
1170 1553 1420 1619 λέγουσιν
1468 1548 1631 1616 εἶναι,
1667 1555 1761 1605 καὶ
1808 1553 1893 1605 διὰ
1998 1553 2241 1622 τοῦνομα
2290 1554 2637 1622 Φραγκίσκος
2686 1554 3015 1620 Φούσκαρις,
3050 1555 3259 1619 λέγων’
3294 1575 3310 1606 ι
3350 1558 3424 1608 Οὐ
3460 1560 3579 1609 κατ’

329 1644 429 1712 τὴν
458 1644 635 1696 αὐτῶν
664 1644 975 1714 ὀρθοδοξίαν
1016 1646 1109 1698 καὶ
1162 1644 1512 1717 δικαιοσύνην
1543 1646 1645 1709 ἕως
1673 1647 1766 1697 τοῦ
1798 1645 1893 1697 νῦν
1999 1646 2225 1713 ἄγνοιαν
2259 1645 2368 1713 γὰρ
2410 1646 2437 1695 6
2482 1642 2739 1712 βασιλεὺς
2787 1644 3037 1713 Ἰωάννης
3084 1646 3283 1714 ὥριζεν
3331 1649 3498 1715 ἡμᾶς.
3559 1667 3575 1698 ι

334 1736 704 1804 βασιλεύουσι,
2013 1736 2177 1795 Ἀ),λά
2217 1739 2306 1788 καὶ
2356 1735 2506 1789 ἄλλοι
2553 1737 2603 1788 οἱ
2634 1737 2840 1799 ἰδόντες
2886 1737 2982 1802 καὶ
3026 1740 3585 1812 ὁμιλήσαντες

405 1827 640 1890 Τούτους
676 1830 775 1895 μὲν
803 1830 930 1891 τούς
960 1829 1152 1897 λόγους
1184 1830 1489 1898 εἰρήκαμεν
1518 1829 1641 1897 οὐχὶ
1680 1830 1815 1897 πρὸς
1842 1829 1902 1880 τὸ
1936 1828 1977 1881 Β
2008 1829 2157 1897 αὐτῷ
2192 1831 2604 1898 φρονιμώτερον
2643 1830 2810 1882 αὐτοῦ
2854 1831 3143 1898 ἄνθρωπον
3174 1837 3229 1884 ὲν
3284 1838 3346 1901 τῇ
3379 1836 3583 1899 Ἰταλίᾳ.

333 1918 688 1985 κατακρίνειν
728 1918 760 1987 ἢ
815 1922 1147 1986 κατηγορεῖν
1202 1936 1347 1983 τινα,
1394 1919 1466 1988 μὴ
1504 1920 1751 1986 γένοιτοῑ
1786 1919 1900 1969 ἀλλ’
2011 1922 2111 1973 οὐκ
2137 1917 2297 1984 εἶδον,
2350 1922 2398 1973 εἰ
2433 1921 2623 1989 μὴδιά
2677 1924 2879 1975 κακίαν
2917 1925 3010 1975 καὶ
3051 1926 3247 1992 φθόνον
3273 1944 3285 1958 ·
3330 1928 3429 1979 οὐκ
3474 1926 3583 1982 οἶδε

316 432 422 496 909
1104 433 1112 440 ’
1330 434 1769 493 CHRONICON
1806 435 2073 493 MAJUS.
2116 456 2183 464 -
2223 431 2371 491 LIB.
2416 430 2513 488 1V.

337 2012 425 2063 ἵνα
457 2012 569 2073 τοῖς
598 2010 995 2065 καταλαλοῦσιν
1016 2013 1162 2080 ἡμᾶς
1186 2011 1450 2079 δείξωμεν
1479 2012 1562 2063 ὅτι
1594 2011 1697 2062 οὐκ
1725 2009 1900 2079 ὀρθῶς

336 2104 431 2155 καὶ
455 2103 641 2169 σαφῶς
671 2102 771 2164 τὰς
807 2103 1029 2171 Γραφάς
1057 2103 1217 2172 323
1244 2104 1439 2156 οἴδασι.
1480 2103 1578 2156 Διὰ
1606 2104 1763 2156 τοῦτο
1803 2103 1903 2171 μὲν

338 2194 485 2261 ἡμᾶς
518 2194 847 2262 μέμφονται,
878 2193 973 2246 καὶ
1009 2194 1163 2261 σοφοί
1195 2195 1304 2245 εἱσι
1357 2194 1556 2254 πάντες
1583 2193 1675 2245 τοῦ
1722 2192 1905 2245 νουθε-

338 2292 470 2351 τεῖν,
507 2285 703 2345 αὐτοὺς
724 2283 780 2336 δὲ
814 2283 1229 2353 ἁμαρτάνοντας
1254 2283 1315 2335 οὐ
1346 2281 1694 2350 γινώσκουσι.

414 2378 479 2446 β’.
519 2375 642 2430 Ἐπὶ
671 2376 770 2442 τὴν
798 2375 1078 2444 ἡμετέραν
1099 2373 1464 2443 οὖνδιήγησιν
1496 2374 1902 2442 ἐπανέλθωμεν.

354 2472 480 2526 Ἐάν
504 2487 587 2531 τις
616 2472 815 2540 αἰτήσῃ
855 2469 905 2520 τί
948 2468 1011 2520 τὸ
1060 2468 1303 2538 πραχθὲν
1330 2468 1485 2537 παρὰ
1510 2468 1603 2520 τοῦ
1642 2470 1907 2538 βασιλέως

346 2561 422 2631 τῷ
459 2560 545 2613 διὰ
574 2560 740 2628 μέσου
761 2556 937 2626 καιρῷ
962 2560 1060 2624 τῆς
1099 2559 1301 2627 μάχης,
1337 2558 1477 2609 εῐπω
1499 2558 1648 2627 αὐτῷ
1678 2576 1691 2589 ο
1742 2559 1831 2611 Ἐν
1865 2554 1909 2626 ᾧ

347 2652 413 2720 δὴ
448 2651 624 2721 χρόνῳ
653 2652 748 2704 καὶ
782 2649 960 2719 καιρῷ
990 2652 1019 2701 6
1053 2648 1305 2717 Ἀμηρᾱς
1336 2651 1784 2719 παρεσκευάζετο
1818 2653 1911 2705 καὶ

348 2745 446 2812 τὴν
483 2743 735 2813 βοήθειαν
766 2742 1035 2811 ἐποίησαν
1064 2743 1116 2794 οἱ
1166 2740 1366 2804 ἔξωθεν
1399 2741 1659 2795 αὐθένται
1688 2744 1737 2795 οἱ
1773 2744 1908 2813 Χρι-

351 2836 581 2888 στιανοί.
615 2835 724 2888 Καὶ
756 2835 866 2887 τῶν
903 2834 1002 2903 μὲν
1028 2834 1439 2901 περικύκλωθεν
1472 2836 1747 2888 αὐθέντων
1776 2835 1905 2903 Χρι-

352 2926 584 2979 στιανῶν
613 2925 774 2993 δῆλόν
806 2928 922 2978 ἐστι
972 2927 1083 2987 τοῖς
1113 2925 1280 2978 πᾶσιν
1326 2926 1500 2988 οὐδὲν,
1532 2926 1668 2978 ἀλλὰ
1711 2926 1911 2996 μᾶλλον

351 3020 447 3070 καὶ
474 3018 610 3088 πρὸς
638 3020 729 3071 τὸν
753 3018 850 3086 τῆς
882 3017 1114 3086 Σερϐίας
1140 3017 1406 3088 αὐθέντην
1441 3018 1709 3085 Γεώργιον
1740 3020 1910 3088 πρέσ-

349 3109 450 3161 ϐυν
481 3111 510 3161 6
541 3109 753 3177 ἀμερᾶς
789 3107 1128 3171 ἀπέστειλεν,
1179 3108 1265 3160 ἵνα
1314 3108 1615 3180 μεσιτεύσῃ
1648 3110 1776 3177 περὶ
1811 3108 1912 3174 τῆς

2011 2010 2121 2078 γὰρ
2166 2013 2194 2062 6
2240 2010 2436 2077 φθόνος
2490 2013 2861 2081 προτιμᾷν¹τὺ
2913 2017 3216 2085 συμφέρον.
3251 2014 3360 2069 Ἦν
3413 2018 3468 2070 δὲ
3525 2022 3584 2071 τὸ

2012 2102 2187 2155 αῐτιον
2212 2103 2403 2153 τούτου
2452 2101 2544 2153 τοῦ
2572 2103 2872 2157 ’Δλωῦσίου
2904 2105 3084 2159 Διέδου
3120 2107 3216 2160 τοῦ
3264 2110 3394 2171 ποτὲ
3428 2128 3582 2178 μεσι-

2011 2192 2308 2256 τεύσαντος
2353 2194 2441 2245 ἵνα
2479 2196 2506 2246 6
2553 2196 2864 2263 μακαρίτης
2897 2198 2924 2248 6
2967 2198 3236 2268 αὐθέντης
3273 2218 3374 2270 μου
3421 2204 3448 2254 6
3481 2205 3586 2271 κύρ

2014 2286 2446 2349 κωνοταντῖνος,
2502 2286 2772 2352 δεσπότης
2813 2288 2888 2341 ὢν
2923 2290 3044 2341 τότε
3097 2290 3175 2358 τῷ
3225 2294 3401 2362 καιρῷ
3437 2296 3493 2345 ὲν
3520 2297 3583 2363 τῇ

2014 2380 2433 2449 Πελοποννήσῳ,
2474 2379 2615 2449 λὰὄῃ
2673 2381 2754 2441 εἰς
2788 2383 3023 2447 γυναῖκα
3074 2384 3240 2434 αὑτοῦ
3283 2384 3380 2455 τὴν
3433 2386 3585 2438 τοῦξε

2013 2467 2109 2520 τοῦ
2136 2468 2326 2531 δονκὺς
2357 2468 2634 2536 θυγατέρα
2674 2470 2813 2537 μετὰ
2862 2471 3088 2540 προικὸς
3137 2473 3357 2541 πολλῆς.
3405 2476 3463 2525 '0
3493 2474 3587 2527 οὖν

2016 2559 2287 2628 αὐθέντης
2336 2578 2436 2629 μου
2477 2560 2537 2612 οὐ
2566 2561 2635 2612 δι’
2667 2562 2793 2615 ἄλλο
2827 2564 2873 2613 εί
2909 2563 2982 2631 μὴ
3027 2564 3113 2615 ἵνα
3151 2565 3373 2634 γένηται
3425 2568 3590 2619 οἱονεὶ

2017 2652 2112 2703 καὶ
2140 2651 2301 2713 αὐτὸς
2339 2654 2435 2703 καὶ
2460 2656 2487 2705 6
2526 2652 2692 2714 τόπος
2722 2654 2883 2705 αὐτοῦ
2930 2656 3068 2722 μετὰ
3094 2659 3191 2723 τῆς
3239 2658 3481 2720 Ἐνετίας
3508 2659 3585 2725 ἓν,

2021 2742 2443 2795 συνεκατέὸαινε
2483 2744 2548 2811 τῇ
2598 2743 2825 2813 τοιαύτῃ
2876 2745 3184 2814 ἀγχιστεία,
3220 2748 3354 2814 ἐμοῦ
3396 2766 3453 2801 τε
3494 2754 3588 2804 καὶ

2019 2833 2195 2887 ἄλλων
2226 2833 2489 2885 πλειόνων
2517 2834 2914 2887 συναινούντων
2945 2835 3103 2889 τοῦτο
3133 2839 3222 2889 καὶ
3260 2839 3591 2905 ἀναγκαζόν-

2019 2943 2129 2979 των
2157 2925 2342 2993 σχεδδν
2368 2926 2469 2994 ἥδη
2501 2924 2730 2993 ἐγίνετο.
2772 2928 2860 2989 Ὠς
2881 2929 2936 2981 δὲ
2959 2931 3181 2996 ἐγένετο
3215 2930 3471 2999 βασιλεὺς
3496 2935 3592 2986 καὶ

2021 3017 2267 3086 ἀπῆλθεν
2318 3018 2400 3079 είς
2429 3016 2530 3087 τὴν
2584 3017 2764 3080 πόλιν,
2816 3019 2975 3071 τοῦτο
3020 3021 3290 3074 ἀνοίκειον
3338 3018 3440 3092 ἦν·
3475 3024 3591 3088 πῶς

2022 3112 2129 3180 γὰρ
2162 3110 2415 3161 ἐδύναντο
2445 3107 2493 3160 οἱ
2520 3110 2618 3176 τῆς
2649 3110 2856 3172 πόλεως
2896 3111 3161 3180 ἄρχοντες
3193 3116 3285 3166 καὶ
3307 3115 3591 3185 ἀρχόντισ-

351 3174 593 3271 εἰρήνης’
629 3174 731 3268 τῆς
786 3198 1105 3268 ἀναμεταξύ
1159 3200 1269 3253 τῶν
1315 3174 1629 3268 *Οὐγγάρων
1685 3174 1780 3254 καὶ
1816 3198 1912 3253 τοῦ
1941 3174 1986 3232 c
2020 3174 2111 3253 σαι
2141 3202 2336 3269 κυρίαν
2366 3200 2459 3253 καὶ
2485 3174 2773 3252 δέσποιναν
2796 3174 3411 3273 αὐτῶν-καταδεχθῆναι.
3441 3206 3590 3258 Ἕνε-

354 3291 567 3361 ἀμηρᾶ.
600 3290 757 3345 Μετὰ
800 3291 862 3344 δι
902 3289 998 3343 τοῦ
1041 3292 1422 3360 ἀπερχομένου
1455 3291 1723 3362 πρὲσόεος
1778 3291 1916 3362 Χρι-

356 3473 526 3537 mani,
554 3470 725 3527 Servii
742 3479 798 3527 et
812 3471 1048 3541 Bulgari,
1073 3472 1124 3526 id
1148 3473 1316 3540 quod,
1338 3474 1430 3541 qui
1457 3489 1554 3527 nos
1580 3473 1922 3527 calumnian-

360 3578 445 3621 tur
478 3574 531 3621 et
581 3573 860 3629 accusant,
900 3563 1109 3618 dicunt.
1138 3562 1248 3619 Vos
1299 3580 1429 3619 vero
1471 3565 1585 3619 Itali
1621 3581 1689 3618 ne
1743 3565 1922 3619 securi

359 3657 550 3725 agatis,
582 3655 697 3720 sed,
726 3655 995 3723 impositis
1048 3638 1252 3723 pectori
1283 3657 1553 3716 manibus.
1592 3657 1922 3709 meditamini

361 3762 483 3800 ('uttl
540 3746 743 3809 animo,
777 3755 829 3800 et
875 3744 1119 3800 desistite
1155 3760 1255 3799 nos
1312 3760 1591 3799 accusare.
1639 3746 1923 3799 lsntaelilte

362 3843 562 3897 autem,
600 3834 846 3887 homines
897 3833 1068 3902 impii,
1099 3833 1221 3887 duri
1251 3842 1306 3888 et
1334 3834 1636 3897 inhumani,
1673 3852 1702 3888 e
1734 3836 1925 3887 volun-

361 3935 469 3979 tate
498 3924 592 3978 Dei
646 3926 764 3993 pios
814 3925 1079 3994 castigant
1108 3935 1161 3979 et
1201 3926 1459 3994 majorem
1522 3936 1724 3993 partem
1780 3927 1929 3979 orbis

363 4025 627 4075 terrarum
680 4024 996 4085 occupatam
1054 4025 1255 4071 tenent.
1286 4015 1463 4081 Quare
1518 4030 1624 4068 non
1671 4015 1829 4069 decet
1860 4015 1927 4069 de

362 4110 447 4166 bis
475 4109 692 4179 gloriari
724 4109 907 4175 Italos,
968 4123 1089 4165 sese
1137 4116 1357 4177 propter
1400 4108 1660 4162 doctrina:
1691 4107 1931 4176 probita-

364 4216 470 4261 tem
523 4204 698 4273 justos
738 4211 790 4255 et
826 4209 1046 4255 sanctos
1077 4214 1136 4254 se
1169 4200 1440 4268 appellare
1467 4208 1520 4252 et
1572 4208 1792 4267 pmpter
1838 4212 1930 4252 or-

364 4296 677 4353 tlmdoxiam
704 4301 757 4347 et
784 4291 1052 4363 justitiam
1090 4290 1157 4344 ad
1216 4291 1361 4344 hunc
1393 4289 1536 4343 diem
1589 4303 1835 4357 regnare.

438 4386 561 4440 liae
604 4383 769 4438 verba
818 4380 1045 4435 minime
1099 4378 1347 4442 iecimus,
1408 4394 1537 4446 quo,
1562 4379 1703 4445 quod
1736 4376 1877 4431 absit
1914 4376 1928 4429 l

368 4490 691 4545 quemquam
746 4476 1064 4528 damnemus
1111 4480 1204 4525 aut
1243 4484 1583 4533 accusemus,
1613 4474 1705 4523 sed
1739 4478 1796 4522 nt
1843 4483 1933 4522 os-

373 4567 654 4622 tendamus
706 4565 773 4618 iis
806 4564 897 4631 qni
939 4578 1039 4618 nos
1096 4561 1545 4621 calumniantur.
1580 4561 1718 4613 haud
1768 4559 1935 4628 probe

375 4676 473 4715 nec
504 4667 649 4713 recte
676 4671 767 4710 eos
788 4654 1105 4722 Seripturas
1128 4653 1450 4721 intelligere.
1473 4651 1612 4707 Hinc
1634 4652 1779 4705 enim
1807 4651 1933 4704 ﬁtnt

372 4767 473 4806 nos
502 4751 804 4817 vituperent
852 4754 907 4798 et
934 4758 1125 4798 onines
1175 4743 1277 4796 sibi
1332 4742 1621 4797 videantur
1654 4742 1721 4796 ad
1753 4757 1936 4811 repre-

377 4837 721 4894 hendendum
782 4832 917 4889 satis
970 4845 1180 4899 sapere,
1242 4832 1387 4900 ipsos
1455 4847 1514 4884 se
1572 4846 1757 4889 errare
1816 4846 1926 4886 non

374 4932 632 4984 sentiant.
952 4956 978 4979 ο

448 5022 503 5073 Ξ.
536 5020 893 5072 Revertamur
922 5015 985 5068 ad
1006 5010 1349 5083 propositum
1384 5021 1653 5065 nostrum.
1688 5013 1745 5069 Si
1772 5027 1933 5080 qna:-

380 5128 488 5174 ras,
520 5109 648 5179 quid
675 5096 973 5175 imperator
1030 5112 1301 5171 tempore,
1331 5103 1477 5169 quod
1540 5102 1593 5154 in
1645 5104 1935 5159 obsidione

378 5211 757 5270 consumptum
780 5208 883 5262 est,
908 5195 1098 5266 egerit,
1124 5194 1323 5249 dicam.
1351 5193 1472 5259 Quo
1505 5196 1730 5264 quidem
1798 5206 1934 5251 tem-

383 5311 513 5361 pore
544 5298 768 5348 Ameras
801 5290 998 5345 bellum
1021 5288 1246 5358 parabat
1272 5296 1325 5341 et
1359 5287 1425 5341 ad
1454 5287 1735 5342 ferendam
1774 5305 1932 5359 opem

286 5401 297 5412 ο
380 5406 433 5439 se
464 5386 810 5441 instruebant
838 5380 1048 5435 externi
1082 5379 1360 5448 principes
1390 5378 1712 5433 Christiani.
1740 5377 1933 5445 Quan-

378 5492 539 5547 quam
570 5474 1033 5533 Christianornm,
1057 5470 1151 5540 qui
1182 5472 1327 5524 circa
1352 5469 1693 5533 habitabant,
1725 5468 1932 5538 princi-

380 5584 530 5635 pum,
556 5566 937 5632 nnllam.0pem
960 5561 1178 5619 allatam
1210 5575 1352 5624 esse,
1395 5571 1587 5615 natum
1620 5571 1704 5614 est
1758 5562 1939 5617 omni—

383 5662 477 5716 bus
521 5659 692 5728 :quin
748 5656 858 5711 imo
905 5654 971 5709 ad
1026 5653 1228 5708 Serviae
1275 5652 1573 5721 principem
1637 5652 1935 5721 Georgium

381 5752 603 5804 Amer-as
632 5749 867 5817 legatum
902 5745 1071 5807 misit,
1112 5752 1170 5797 ut
1200 5745 1246 5798 is
1280 5743 1347 5798 de
1384 5758 1517 5812 pace
1546 5742 1688 5797 inter
1710 5741 1936 5812 Huiiga-

382 5859 468 5901 ros
493 5852 547 5900 et
588 5842 840 5897 Amerant
891 5838 1250 5894 concilitanda
1308 5845 1514 5906 ageret.
1571 5834 1707 5891 Cum
1758 5836 1934 5905 legato

1969 4529 2010 4584 D

2022 3293 2115 3346 τοῦ
2140 3291 2439 3364 θυγατέρα,
2467 3294 2562 3347 καὶ
2584 3293 2714 3357 τούς
2741 3294 3028 3364 γαμϐροὺς
3051 3295 3217 3361 αὐτοῦ
3247 3299 3370 3360 τοὺς
3394 3297 3589 3362 ἄλλους

2020 3470 2372 3527 Christianus
2395 3472 2597 3541 aliquis
2618 3472 2894 3529 litteratus
2919 3486 3058 3539 erat,
3089 3492 3115 3528 a
3146 3478 3344 3532 Turcis
3368 3482 3594 3547 quibus-

2026 3563 2149 3615 dam
2188 3562 2519 3619 consiliariis
2552 3564 2793 3628 addttus,
2820 3567 2911 3633 qni
2944 3568 3181 3633 despotae
3209 3569 3483 3632 suaderet,
3538 3582 3596 3624 ut

2027 3656 2323 3709 amicitiam
2347 3657 2643 3711 conciliare
2693 3658 2963 3722 studeret,
3024 3667 3099 3721 ut,
3164 3660 3208 3712 si
3260 3661 3411 3714 ﬁeret
3467 3677 3591 3714 cum

2028 3747 2304 3815 llnngaris
2344 3749 2568 3807 paciset
2618 3749 2877 3802 amicitiae
2925 3750 3121 3816 pactio,
3181 3749 3370 3805 Turca-
3409 3755 3592 3807 statim

2029 3839 2243 3894 CPolim
2277 3839 2576 3893 invaderet.
2609 3839 2782 3903 Quam
2816 3856 2927 3893 rem
2957 3841 3122 3895 miser
3149 3842 3239 3896 ille
3275 3844 3425 3898 nihili
3453 3847 3598 3899 testi-

2033 3930 2214 3982 mabat
2235 3945 2334 3983 nec
2358 3929 2511 3997 pensi
2543 3929 2800 3991 habebat,
2838 3932 3078 3998 nescius,
3108 3934 3285 4002 capite
3315 3950 3342 3987 τι
3367 3951 3595 4005 corpore

2032 4016 2237 4079 deciso,
2266 4015 2506 4069 membra
2528 4025 2739 4070 mortua
2765 4033 2905 4071 esse.

2104 4106 2307 4161 Eodem
2340 4114 2589 4175 tempore
2643 4108 2807 4161 etiam
2849 4109 3091 4163 Venetiis
3115 4111 3180 4164 de
3205 4111 3304 4165 hac
3358 4129 3420 4167 re
3483 4130 3597 4167 ma-

2034 4214 2196 4267 gnum
2226 4198 2516 4251 concilium
2549 4198 2791 4251 habitum
2829 4210 2929 4262 est,
2970 4200 3023 4253 in
3051 4216 3179 4269 quo,
3223 4204 3311 4269 qui
3342 4213 3453 4256 tum
3492 4205 3596 4257 dux

2035 4294 2173 4352 erat,
2198 4285 2523 4341 Franciscns
2552 4285 2807 4341 Fuscaris
2842 4291 3081 4343 surrexit
3116 4301 3168 4342 et
3195 4292 3333 4345 dixit
3358 4308 3371 4345 :
3399 4312 3417 4342 ‹
3485 4292 3599 4346 Νοιι

2036 4393 2099 4432 ex
2127 4378 2430 4446 ignorantia
2466 4380 2766 4447 imperator
2812 4372 3053 4435 Joannes
3112 4397 3212 4436 nos
3257 4383 3537 4450 expetivit.
3580 4404 3597 4435 ι

2043 4468 2332 4522 Enimvero
2371 4469 2534 4522 etiam
2586 4470 2699 4531 alii,
2728 4472 2820 4539 qui
2854 4486 2978 4524 eum
3042 4471 3309 4527 vidissent
3354 4482 3406 4525 et
3474 4490 3599 4526 cum

2039 4575 2104 4614 eo
2127 4560 2378 4614 collocuti
2413 4571 2617 4623 essent,
2638 4544 3046 4628 prudentiorem
3070 4562 3343 4641 hominem
3376 4565 3429 4616 in
3456 4564 3605 4616 Italia

2041 4652 2219 4703 visum
2248 4667 2371 4705 esse
2397 4654 2685 4719 negabant.
2714 4654 2775 4706 At
2802 4654 3053 4708 obstabat
3085 4656 3327 4722 nequitia
3382 4665 3435 4709 et
3468 4657 3605 4707 invi-

2042 4742 2153 4794 dia.
2180 4740 2364 4795 Nescit
2384 4744 2529 4795 enim
2573 4744 2777 4797 invidia
2800 4746 3075 4799 honorare
3102 4745 3411 4798 utilitatem.
3437 4746 3607 4814 Cujus

2042 4833 2121 4887 rei
2157 4848 2322 4887 causa
2356 4843 2475 4886 erat
2504 4832 2757 4902 Aloysius
2783 4833 3001 4897 Uiedns,
3052 4836 3146 4903 qui
3184 4836 3310 4889 olim
3376 4850 3604 4890 curave-

2042 4934 2147 4986 rat,
2176 4933 2234 4977 ut
2258 4925 2426 4977 beatae
2459 4925 2736 4979 memoria:
2782 4926 3038 4995 princeps
3075 4941 3248 4990 mens,
3297 4927 3607 4981 Constanti-

2045 5028 2147 5066 nus
2171 5013 2447 5078 dominus,
2484 5014 2709 5080 despota
2738 5022 2853 5067 tum
2888 5016 2943 5067 in
2998 5014 3389 5084 Pelepnnneso,
3449 5017 3607 5086 hujus

2044 5104 2201 5158 ducis
2251 5104 2418 5156 tiliam
2472 5119 2597 5157 cum
2646 5120 2842 5173 magna
2898 5108 3023 5160 dote
3074 5122 3300 5161 uxorem
3358 5109 3602 5162 duceret.

2047 5194 2308 5263 Princeps
2335 5210 2487 5248 meus
2510 5211 2617 5250 non
2651 5196 2809 5250 aliam
2851 5197 2921 5251 ob
2944 5212 3193 5263 causam,
3225 5200 3331 5253 nisi
3368 5208 3428 5252 ut
3492 5199 3608 5266 ipse

2046 5297 2100 5341 et
2130 5287 2467 5355 principatus
2498 5303 2622 5343 cum
2660 5287 2880 5341 Venetis
2921 5287 3307 5357 iungerentur,
3339 5304 3458 5344 eam
3491 5289 3610 5343 alii-

2050 5380 2271 5431 nitatem
2308 5377 2551 5442 admisit,
2585 5377 2742 5441 nobis
2757 5387 2811 5431 et.
2833 5379 2957 5432 aliis
2987 5380 3173 5435 multis
3205 5381 3258 5434 id
3295 5376 3611 5449 approban-

2048 5468 2195 5522 tibus
2226 5477 2279 5520 et
2314 5468 2543 5522 utfieret
2573 5482 2728 5536 paene
2773 5470 3123 5537 cogentibus.
3157 5470 3262 5525 Sed
3325 5479 3610 5536 postquam

2047 5558 2341 5626 imperator
2365 5558 2540 5610 iactus
2577 5567 2735 5612 estet
2776 5559 2833 5612 in
2868 5560 3055 5614 urbem
3090 5560 3255 5623 venit,
3314 5560 3613 5611 incommo-

2048 5650 2176 5705 dum
2209 5660 2347 5704 erat.
2377 5650 2661 5716 Quomodo
2696 5652 2842 5707 enim
2868 5654 2987 5706 ﬁeri
3013 5661 3248 5719 poterat.
3280 5658 3339 5702 ut
3372 5650 3613 5705 ciritatis

2048 5744 2149 5797 viri
2172 5751 2227 5797 et
2249 5742 2475 5799 feininze
2504 5745 2780 5813 principes
2807 5746 3086 5799 dominam
3120 5753 3174 5796 et
3209 5742 3608 5816 imperati-ieeur

2050 5831 2570 5903 retipereutVeneti
2616 5836 2876 5899 liliam,et
2899 5833 3083 5911 generi
3130 5847 3194 5893 ac
3226 5832 3321 5897 mit
3362 5829 3621 5904 ejusaﬂi-
