4066 6296
503 339 600 403 911
1727 348 2053 409 GEORGII
2086 351 2511 410 PHRANTZEE

3637 352 3760 419 912

498 467 596 519 καὶ
632 465 780 527 ύὶοὒς
831 465 1218 536 συγγάμϐρους
1261 468 1347 521 καὶ
1403 469 1868 538 γυναικαδελφοὺς
1923 467 2064 525 εἶναι
2092 474 2142 531 Α
2236 475 2345 528 Καὶ
2382 478 2448 543 τῇ
2499 473 2563 543 ιβ’
2604 471 2698 527 τοῦ
2734 475 3074 543 Δεκεμϐρίου
3116 473 3502 545 παρελθόντων
3541 475 3607 540 ἓξ
3639 493 3758 544 μη·-

497 558 577 626 τῷ
635 558 868 628 βασιλεῖ,
905 558 1120 623 ἐνδόξου
1174 560 1274 628 μὲν
1338 560 1468 622 ἴσως
1499 563 1596 613 καὶ
1648 562 1840 625 δουκὸς
1886 562 2058 627 ὄντος,

497 654 635 706 ἀλλὰ
672 644 1004 722 πρόσκαιρος
1060 648 1148 723 ἦν.
1199 654 1307 707 Καὶ
1341 653 1496 718 αὖθις
1549 657 1686 724 μετά
1728 656 1789 708 τὸ
1839 655 2063 724 βασιλέα

495 744 753 811 γενέσθαι
783 746 876 798 τὸν
899 745 1171 816 αὐθέντην
1202 764 1300 816 μου
1331 749 1359 799 δ
1388 747 1512 813 δοὺξ
1534 747 1714 818 ἐζήτει
1733 750 1800 801 τὸ
1829 750 2060 813 τοιοῦτο,

497 837 614 888 ἀλλ’
671 837 1038 907 ἀπεπέμφθη.
1079 838 1307 891 Ἕνεκεν
1337 839 1530 892 τούτου
1579 840 1763 892 λοιπὸν
1796 841 1822 892 ό
1855 841 2064 908 ἄνθρω-

497 945 598 991 πος
624 929 844 995 ἐγένετο
875 930 1068 1000 ἐχθρός
1091 948 1104 963 ο
1141 932 1234 983 καὶ
1269 932 1439 984 πολλὰ
1473 932 1720 993 εἰπόντος
1744 932 1838 984 τοῦ
1861 933 2062 986 Ἀλωῦ-

499 1023 617 1075 σίου
645 1023 992 1092 Λαυρεδάνου
1026 1025 1122 1077 καὶ
1174 1023 1266 1076 τοῦ
1301 1025 1590 1077 Ἀντωνίου
1631 1024 1812 1076 Διέδου
1845 1026 1937 1076 καὶ
1967 1023 2063 1077 ἀλ-

497 1115 605 1168 λων
629 1113 863 1179 πολλῶν,
892 1116 986 1166 καὶ
1033 1115 1436 1180 ἀποδειξάντων
1480 1117 1560 1168 ὅτι
1611 1117 1660 1168 εί
1700 1117 1793 1168 καὶ
1838 1117 1870 1184 ή
1909 1115 2063 1178 πόλις

497 1208 706 1276 ἁλωθῇ,
759 1208 988 1276 πλείστη
1036 1208 1210 1276 ζημία
1265 1208 1554 1276 συμϐαίνει
1613 1209 1706 1259 καὶ
1766 1211 1830 1276 τῇ
1883 1207 2060 1259 αὐτῶν

496 1300 658 1370 325
699 1301 976 1372 αύθεντίᾳ,
1033 1301 1172 1370 πλὴν
1203 1302 1304 1354 οὑκ
1336 1300 1561 1370 ἴσχυσαν
1602 1302 1938 1368 παροτρῠναι
1966 1299 2056 1351 τὴν

496 1392 664 1446 δοῦκα
694 1394 1021 1462 συνδραμεῖν
1053 1393 1126 1462 τῷ
1161 1392 1427 1461 ﬁrmasti

567 1485 732 1555 Καὶή
773 1485 1071 1552 Ἐκκλησία
1095 1484 1192 1554 τῆς
1233 1484 1451 1553 Ῥώμης
1486 1485 1614 1554 περὶ
1644 1484 1836 1539 τούτου
1866 1490 2062 1557 ἐφρόν-

497 1591 669 1627 τισεν.
715 1575 1052 1644 ,Εὑρεθέντος
1080 1575 1189 1642 γὰρ
1236 1575 1330 1628 τοῦ
1367 1577 1730 1645 καρδηναλίου
1789 1578 2064 1643 Ῥωσσίας

496 1671 579 1731 είς
608 1670 709 1737 τὴν
735 1669 910 1730 πόλιν,
939 1669 1033 1720 καὶ
1059 1670 1167 1736 ἐγὼ
1191 1669 1320 1737 περὶ
1345 1669 1536 1722 τούτου
1567 1672 1892 1739 μεσιτεύσα;
1929 1674 2062 1744 πρὸς

2169 567 2295 630 νῶν,
2344 569 2438 619 καὶ
2467 566 2726 620 τοσούτου
2769 567 2928 632 λόγου
2971 569 3264 635 γενομένου
3305 568 3433 636 περὶ
3483 565 3754 636 βοηθείας

2169 661 2292 711 ὅσον
2341 659 2638 727 ἐποιήσατο
2678 661 2706 710 ό
2757 658 3048 720 σουλτάνος
3085 656 3184 710 τοῦ
3217 659 3436 726 Κάερος
3478 659 3605 728 ήτοι
3639 659 3751 721 τῆς

2169 749 2450 817 Αἰγύπτου
2486 764 2500 778 '
2531 749 2642 802 ἀπὸ
2685 749 2742 800 δὲ
2773 749 2868 817 τῆς
2926 749 3155 818 Σερϐίας
3190 748 3356 818 326
3398 750 3635 801 δυνατὸν
3673 744 3750 816 ἦν

2167 838 2572 907 ἀποσταλθῆναι
2622 839 2888 907 χρήματα
2929 838 3182 905 κρυφίως
3231 839 3584 907 πολυμερῶς,
3643 842 3750 901 καὶ

2168 931 2490 1000 ἀνθρώπους
2515 932 2720 999 ὁμοίως
2749 930 2817 982 δι’
2849 929 3011 982 ἄλλου
3040 931 3241 1000 τρόπου
3277 946 3290 958 ·
3321 931 3437 984 ἀλλ’
3469 937 3573 985 οὐκ
3604 935 3751 985 ἀπέ-

2167 1022 2363 1074 λαυσεν
2409 1021 2528 1074 οὐδὲ
2575 1019 2716 1074 εἶδεν
2746 1021 2920 1084 οὐδεὶς
2970 1022 3067 1074 ἕνα
3097 1022 3301 1075 ὀϐολόν.
3334 1023 3464 1087 Ναὶ,
3513 1026 3746 1091 ἀληθῶς

2165 1113 2496 1168 ἀπέστειλαν
2555 1115 2728 1168 πολλὰ
2779 1117 3037 1184 χρήματα
3088 1117 3181 1169 καὶ
3227 1117 3553 1186 ἀνθρώπους
3597 1121 3741 1188 πρὸς

2164 1205 2257 1258 τὸν
2297 1207 2546 1276 Ἀμηρᾶν
2575 1206 2969 1274 πολιορκοῦντα
3007 1208 3105 1277 τὴν
3140 1208 3324 1262 πόλιν·
3362 1213 3452 1262 καὶ
3495 1210 3742 1280 ἐθριάμ-

2165 1297 2366 1350 ϐευσαν
2398 1298 2596 1360 αὐτοὺς
2625 1300 2675 1350 οἰ
2708 1300 2966 1370 Τοῦρκοι,
2997 1299 3330 1361 δεικνύοντες
3355 1301 3437 1352 ὅτι
3474 1301 3611 1353 Ἰδοὺ
3639 1309 3742 1354 καὶ

2069 1433 2076 1443 .
2165 1391 2213 1442 οἱ
2249 1387 2440 1455 Σέρϐοι
2469 1389 2590 1440 καθ’
2623 1390 2780 1456 ὑμῶν
2809 1390 2937 1444 είσί.
2973 1390 3067 1451 Τίς
3110 1390 3219 1440 τῶν
3253 1391 3601 1456 Χριστιανῶν
3633 1392 3739 1443 αὐ-

2167 1480 2365 1534 θέντων
2405 1481 2434 1548 ἢ
2490 1479 2715 1548 Ἰϐήρων
2747 1479 3072 1533 ἀπέστειλεν
3115 1481 3210 1532 ἕνα
3239 1479 3427 1533 ὀϐολὸν
3463 1481 3741 1550 ήάνθρὼ-

2165 1588 2300 1632 πους
2329 1573 2408 1632 είς
2435 1571 2688 1640 βοήθειαν
2737 1570 2835 1638 τῆς
2882 1571 3110 1633 πόλεως,
3155 1573 3187 1639 ἢ
3225 1571 3474 1638 φανερῶς
3507 1573 3539 1639 ἢ
3595 1590 3741 1641 κρυ-

2171 1665 2342 1730 φίως;
2376 1662 2437 1714 Οἱ
2477 1660 2755 1730 Οὕγγαροι
2801 1661 2856 1713 δὲ
2887 1661 3136 1714 ἔστειλαν
3179 1663 3438 1730 πρέσϐεις
3473 1664 3614 1730 πρὸς
3643 1664 3756 1732 τὸν,

495 1761 586 1815 τὸν
617 1761 864 1850 ἀοίδιμον
897 1762 991 1812 καὶ
1044 1758 1360 1830 μακαρίτην
1391 1761 1482 1813 τὸν
1517 1763 1786 1833 αὐθέντην
1823 1781 1925 1833 μου
1970 1765 2061 1817 τὸν
2090 1797 2138 1854 Β
2170 1757 2392 1826 ἀμηρᾶν
2423 1756 2671 1823 λέγοντες
2703 1749 2807 1818 ὅτι,
2828 1753 3144 1854 Σωςοξιέγου
3172 1755 3259 1807 ἵνα
3286 1756 3442 1854 ἔχητε
3473 1759 3561 1807 na"-
3595 1757 3739 1822 μετᾶ

498 1844 750 1920 βασιλέα,
800 1839 889 1904 Eva
922 1851 1148 1920 γένηται
1196 1852 1280 1903 ὅδε
1330 1851 1664 1921 καρδηνάλις
1712 1857 2062 1925 πατριάρχης

498 1945 1166 2006 Κωνσταντινουπόλεωςο
1231 1945 1322 1996 καὶ
1365 1946 1413 1997 εί
1448 1945 1693 2013 γένηται,
1731 1945 1798 1998 τὰ
1858 1948 1947 1999 καὶ
1997 1947 2064 1999 τὰ

495 2039 820 2107 γενήσονται
864 2036 994 2104 παρ’
1022 2037 1187 2088 αὐτοῦ
1220 2036 1315 2088 καὶ
1349 2036 1443 2088 τοῦ
1473 2037 1598 2089 τότε
1630 2039 1788 2091 πάπα
1828 2041 1908 2100 εἰς
1937 2040 2062 2108 βοή-

496 2127 650 2180 θείαν
695 2128 792 2195 τῆς
823 2126 1055 2187 πόλεως.
1087 2127 1133 2177 εί
1171 2126 1269 2178 κᾶν
1312 2128 1374 2178 ἐκ
1421 2125 1678 2193 δευτέρου
1712 2128 2058 2198 μνημονευθῇ

495 2222 522 2272 ό
549 2221 737 2279 πάπας
756 2234 770 2248 ·
799 2217 895 2270 καὶ
921 2217 1131 2268 πολλῶν
1163 2216 1516 2285 συζητήσεων
1541 2218 1714 2284 λόγων
1741 2221 1833 2271 καὶ
1862 2219 2062 2289 βουλῆς

493 2310 808 2378 γενομένων
854 2307 1001 2370 εδοξε
1036 2307 1114 2375 τῷ
1158 2307 1390 2376 ἀοιδίμῳ
1443 2307 1658 2376 βασιλεῖ
1707 2311 1784 2377 τῷ
1828 2311 2060 2384 αὐθέντῃ

499 2420 603 2472 μου
637 2403 698 2454 τὸ
727 2402 783 2453 ἐν
816 2402 924 2454 τῶν
955 2399 1047 2452 δύο
1085 2400 1158 2468 μὴ
1184 2400 1395 2464 γένοιτο
1426 2401 1721 2466 παντελῶς,
1750 2403 1830 2455 ὃτι
1866 2405 1941 2472 τῷ
1971 2422 2063 2471 γε-

493 2495 706 2563 νομένῳ
760 2493 1076 2562 πατριάρχῃ
1141 2493 1351 2562 ἀνάγκη
1387 2489 1454 2563 ἦν
1496 2496 1528 2561 ἢ
1583 2495 1866 2548 πείθεσθαι
1912 2498 2060 2565 αύτῷ

493 2589 619 2650 τοὺς
655 2585 883 2648 πάντας,
915 2586 947 2654 ἢ
973 2585 1088 2652 ἔρις
1116 2585 1210 2636 καὶ
1240 2583 1406 2653 ἔχθρα
1433 2587 1724 2653 γενήσεται
1745 2589 2058 2654 ἀναμεταξὺ

495 2674 658 2728 αὐτοῦ
697 2674 794 2727 καὶ
825 2674 1006 2726 αὐτῶν
1037 2674 1145 2726 τῶν
1183 2673 1256 2743 μὴ
1287 2675 1635 2741 πειθομένων
1669 2677 1838 2744 αὐτῷ.
1873 2679 1978 2730 Καὶ
2003 2682 2059 2731 ἐν

493 2768 688 2836 ἐκείνῳ
715 2766 808 2819 τοῦ
841 2766 1032 2836 καιροῦ
1057 2767 1301 2835 διαμέσῳ
1329 2767 1376 2836 εἰ
1405 2767 1500 2819 καὶ
1534 2769 1714 2837 συμϐῇ
1749 2771 1880 2837 ἡμῖν
1912 2772 2056 2840 μάχη

493 2857 692 2925 ἔξωθεν
724 2855 872 2926 παρά
901 2855 1010 2908 τῶν
1039 2855 1271 2925 ἐχθρῶν,
1305 2860 1401 2909 καὶ
1431 2857 1592 2926 ἔχειν·
1612 2861 1758 2927 ἡμᾶς
1793 2861 1883 2912 καὶ
1911 2861 2050 2913 ἐσω-

496 2948 610 3011 θεν,
645 2946 811 2999 πόσον
842 2945 1024 2997 ἔσεται
1052 2946 1222 2998 κακόν
1248 2963 1263 3012 ;
1297 2947 1372 2998 Τὸ
1403 2947 1458 2998 δὲ
1497 2948 1938 3016 μνημονεύεσθαι
1971 2952 2058 3003 τὸν

493 3037 682 3089 πάπαν
729 3036 1014 3105 γενηθήτω
1065 3038 1253 3089 ἕνεκεν
1316 3037 1530 3100 ἐλπίδος
1583 3038 1835 3107 βοηθείας
1885 3043 1941 3093 ἐν
1991 3045 2056 3112 τῇ

2164 1846 2258 1898 τοῦ
2285 1845 2550 1914 βασιλέως
2589 1846 2813 1914 εἰρήνην
2846 1845 2940 1898 καὶ
2974 1845 3220 1914 ἀγάπην,
3267 1845 3612 1913 ἐποιήσαμεν
3641 1848 3740 1896 καὶ

2163 1939 2323 2006 ἡμεῖς
2356 1935 2454 2004 τὴν
2482 1935 2707 2004 ἀγάπην
2745 1935 2863 2002 μεθ’
2896 1934 3050 2000 ὑμῶν
3070 1949 3084 1962 ⁸
3119 1934 3233 1986 ἀλλ’
3261 1937 3377 1986 ἐπεὶ
3404 1935 3464 1985 οὑ
3507 1939 3737 2002 τηρεῖτε

2163 2024 2305 2078 κατὰ
2332 2024 2430 2086 τὰς
2454 2023 2766 2092 ἀναμεταξὺ
2803 2025 2960 2093 ήμῶν
2989 2025 3082 2077 καὶ
3121 2025 3274 2094 ὑμῶν
3305 2025 3602 2094 συνθήκας,
3639 2030 3735 2078 καὶ

2163 2118 2323 2186 ἡμεῖς
2377 2117 2732 2186 ἀθετήσωμεν
2783 2119 2963 2168 πᾶσαν
3001 2119 3098 2187 τὴν
3146 2120 3574 2188 είρηνοποίησιν.
3623 2123 3735 2174 Καὶ

2163 2209 2406 2278 ἔφθασαν
2442 2209 2488 2260 ol
2539 2208 2823 2277 πρέσϐεις.
2869 2209 3028 2278 ἡνίκα
3059 2211 3430 2278 ἐπολιορκεῖτο
3478 2213 3509 2280 ή
3552 2214 3733 2276 πόλις,

2164 2294 2279 2370 ὲνῇ
2332 2299 2590 2369 scaenas;
2641 2299 2863 2366 ἔμελλον
2899 2300 2993 2370 τὴν
3036 2300 3271 2370 ἐμϐολὴν
3321 2303 3509 2357 δῶσαι.
3560 2306 3622 2357 Ὀ
3673 2307 3733 2357 δὲ

2162 2393 2383 2460 apt-nea;
2431 2393 2525 2441 καὶ
2559 2391 2706 2443 πᾶσα
2741 2393 2771 2457 ή
2805 2390 2968 2459 βουλή
3014 2392 3177 2444 αὐτοῦ
3212 2393 3484 2462 ἐχρόνιζον
3528 2397 3733 2457 αὐτοὺς

2163 2483 2338 2549 λόγοις
2383 2482 2674 2543 κολακείας
2704 2482 3006 2552 προσδοκᾷν
3034 2483 3133 2554 τήν
3162 2486 3455 2554 απόκρισιν
3484 2490 3728 2558 σήμερον

2162 2578 2192 2644 ἢ
2227 2576 2437 2646 αὔριον.
2469 2577 2576 2630 Καὶ
2607 2574 2765 2628 τοῦτο
2798 2576 3014 2628 ἐποίουν
3045 2578 3186 2645 μετὰ
3215 2578 3391 2643 δόλου,
3421 2581 3547 2649 ἄχρι
3573 2583 3666 2633 tam
3681 2600 3730 2634 τι

2161 2670 2228 2722 τὰ
2260 2669 2522 2737 μέλλοντα
2559 2668 2858 2738 συμϐῆναι,
2892 2670 2974 2722 ὅτι
3008 2671 3054 2722 εί
3089 2669 3188 2738 μὲν
3223 2672 3597 2740 παραλάϐοιεν
3628 2676 3728 2741 τὴν

2163 2759 2338 2824 πόλιν,
2373 2760 2598 2811 εἴπωσιν
2632 2760 2772 2828 πρὸς
2819 2759 3051 2822 αὐτούς’
3089 2780 3106 2811 ι
3148 2760 3279 2814 Ἰδοὺ
3316 2761 3422 2830 γὰρ
3452 2763 3728 2831 ἐλάϐομεν

2162 2851 2331 2918 αὑτήν
2357 2868 2371 2883 ο
2431 2853 2587 2920 ὑμεῖς
2643 2851 2699 2903 δέ
2733 2851 3023 2918 ἀπέλθετε,
3073 2853 3169 2905 ,καὶ
3216 2855 3292 2916 ὡς
3329 2854 3395 2907 ἂν
3434 2855 3559 2924 δόξῃ
3594 2858 3724 2923 ὑμῖν

2163 2944 2450 3012 ποιήσατε,
2485 2943 2516 3011 ή
2564 2943 2789 3011 εἰρήνην
2828 2943 2975 3011 ἔχειν
3011 2942 3130 3013 μεθ’
3165 2944 3318 3012 ήμῶν
3363 2946 3394 3014 ἢ
3438 2946 3619 3016 μάχην
3645 2964 3656 2976 ·
3697 2966 3714 2996 ι

2161 3033 2188 3084 ὃ
2217 3033 2281 3102 δὴ
2312 3036 2404 3085 καί
2449 3036 2667 3100 ἐγένετο
2720 3037 2810 3087 καὶ
2839 3037 2952 3096 τοῖς
2990 3036 3283 3104 πρέσϐεσιν
3324 3038 3544 3107 ἐρρέθη.
3576 3040 3640 3089 Εἰ
3663 3040 3721 3091 δε

491 3130 706 3199 ἀνάγκῃ
741 3129 898 3197 ἡμῶν
925 3144 938 3158 ·
973 3129 1066 3181 καὶ
1089 3129 1204 3181 ὅσοι
1235 3128 1390 3180 τοῦτο
1418 3131 1715 3196 ποιήσωσιν
1743 3133 1798 3183 ὲν
1835 3137 1897 3202 τῇ
1927 3135 2057 3204 ἁγίᾳ,
2089 3117 2128 3176 C
2162 3131 2262 3178 οὐκ
2294 3126 2747 3195 ἐπαρελάμϐανον
2789 3126 2974 3196 αὐτὴν,
2999 3127 3190 3196 ήθελον
3217 3131 3390 3181 εἰπεῖν
3427 3130 3510 3180 ὅτι
3534 3130 3722 3182 ἕνεκεν

493 3220 683 3288 Σορίᾳ,
722 3221 772 3272 οἱ
805 3219 954 3272 ἄλλοι
977 3220 1191 3274 ἔσονται
1226 3222 1463 3276 ἀναίτιοι
1501 3225 1593 3277 καὶ
1623 3228 1909 3297 εἰρηνικοί.

492 3349 592 3388 nes
657 3334 1002 3402 imperatoris
1059 3317 1364 3398 etil‘ratres
1423 3336 1789 3405 impcralricis
1839 3347 2058 3399 essent?

492 3425 940 3493 Quandoquidem
975 3427 1083 3480 dux
1119 3427 1418 3482 honoratus
1451 3428 1634 3482 forsan
1672 3442 1813 3496 erat,
1863 3435 1956 3489 sed
1989 3437 2054 3488 ad

492 3526 709 3586 tempus
739 3516 940 3571 lectus.
990 3520 1165 3584 Atque
1186 3519 1292 3572 dux
1323 3519 1540 3586 quidem
1571 3521 1729 3574 etiam
1772 3535 2054 3595 postquam

491 3606 930 3662 dominus-meus
995 3607 1290 3676 imperator
1317 3610 1490 3665 factus
1527 3618 1631 3676 est,
1687 3613 1808 3668 huic
1847 3630 2056 3670 connu-

495 3698 582 3749 bio
622 3697 877 3754 instabat.
908 3699 999 3751 sed
1029 3699 1343 3767 repudiatus
1368 3711 1473 3758 est.
1505 3705 1733 3774 Propter
1757 3706 1894 3759 hanc
1920 3723 2054 3759 cau-

491 3803 607 3841 sam
648 3788 812 3856 igitur
845 3791 888 3842 is
917 3790 1072 3843 nobis
1099 3789 1504 3858 inimicuserat,
1535 3804 1589 3848 et
1615 3812 1736 3849 cum
1769 3798 1936 3849 tnulta
1969 3797 2055 3850 di-
2095 3864 2101 3870 _

490 3880 699 3932 sissent
730 3879 986 3948 Aloysius
1040 3877 1401 3938 Lauredanus
1432 3893 1487 3938 et
1536 3886 1806 3940 Antonius
1859 3885 2057 3941 Diedus

490 3981 546 4025 et
565 3971 655 4023 alii
690 3971 869 4036 multi,
892 3973 1491 4044 demonstrassentqne,
1523 3977 1567 4030 si
1594 3979 1722 4031 urbs
1745 3990 2053 4047 caperetur,

491 4080 688 4133 magna
717 4066 1045 4121 detrimenta
1074 4069 1236 4122 etiam
1307 4069 1548 4138 ipsorum
1619 4074 1779 4127 rebus
1829 4075 2050 4127 allatum

490 4154 581 4217 iri,
615 4171 720 4208 non
743 4165 992 4224 poterant
1024 4167 1202 4212 tamen
1225 4158 1350 4212 duci
1385 4163 1730 4231 persuadere,
1751 4164 2059 4234 ntitnpera-

492 4248 594 4300 tori
618 4259 982 4314 succurreret.

564 4336 740 4390 Etiam
769 4335 1022 4392 Ecclesire
1054 4339 1310 4394 Romana:
1345 4342 1457 4394 haec
1489 4357 1574 4396 res
1593 4358 1736 4398 curse
1755 4355 1889 4402 erat.
1920 4345 2054 4399 Cum

489 4428 635 4480 enim
678 4428 730 4479 in
783 4429 914 4481 urbe
965 4427 1183 4483 adesset
1235 4430 1532 4514 cardinalis
1580 4432 1815 4496 Rossite,
1841 4444 1894 4487 et
1954 4451 2054 4504 ego
2091 4468 2134 4521 Β

490 4520 723 4586 egissem
755 4534 878 4572 cum
911 4520 1218 4573 venerando
1269 4531 1322 4574 et
1353 4522 1522 4576 beatae
1552 4526 1827 4578 memoria:
1885 4526 2055 4593 impe-

493 4621 695 4675 ratore,
733 4610 958 4664 domino
1018 4627 1160 4676 meo,
1213 4622 1270 4666 ut
1296 4613 1343 4667 is
1398 4614 1690 4669 cardinalis
1747 4617 2055 4682 patriarcha

489 4701 674 4772 Cpolis
703 4704 871 4767 ﬁeret,
911 4705 1050 4758 unde
1072 4705 1313 4759 futurum
1343 4715 1507 4771 esset,
1523 4715 1580 4759 ut
1607 4709 1673 4760 ab
1706 4707 1824 4775 ipso
1853 4718 1906 4761 et
1924 4724 2057 4776 papa

491 4795 733 4848 nonnihil
755 4797 905 4850 lieret
927 4795 994 4849 ad
1021 4797 1204 4851 urbem
1221 4795 1602 4865 adiuvandam,
1633 4801 1678 4852 si
1707 4813 1892 4852 rursus
1909 4815 2059 4867 papae

491 4885 698 4937 mentio
727 4884 876 4939 lierct
927 4925 942 4950 ,
967 4886 1150 4941 multis
1199 4888 1540 4941 sermonibus
1561 4898 1613 4941 et
1647 4890 2059 4943 consultationi-

491 4975 834 5040 busbabitis,
861 4977 1203 5046 imperatori,
1242 4978 1462 5032 domino
1525 4997 1664 5044 tneo,
1700 4982 1875 5034 visum
1947 4993 2054 5045 est,

491 5075 743 5120 neutrum
771 5081 958 5120 eorum
991 5085 1110 5137 quae
1134 5081 1498 5125 consecutura
1545 5083 1746 5130 essent,
1785 5073 1898 5125 heri
1965 5074 2057 5125 de-

492 5157 639 5221 bere,
683 5158 1124 5224 quanquuidem
1161 5173 1387 5221 necesse
1420 5169 1587 5220 esset,
1628 5169 1799 5212 utaut
1831 5163 2059 5227 patriar-

492 5246 607 5303 cha:
635 5263 826 5302 omnes
849 5248 1154 5314 obedirent,
1183 5258 1278 5302 aut
1310 5249 1431 5305 lites
1463 5262 1514 5303 et
1573 5251 1874 5305 inimicitim
1916 5253 2060 5306 inter

493 5344 665 5410 ipsum
685 5349 867 5405 eteos,
893 5341 985 5408 qui
1018 5355 1123 5394 non
1169 5341 1473 5406 obedirent,
1525 5343 1816 5396 orirentur.
1849 5343 2058 5398 Interea

492 5439 536 5486 si
565 5434 722 5487 nobis
752 5432 884 5486 l'oris
915 5433 1112 5485 bellum
1146 5433 1442 5487 inferretur
1475 5434 1542 5489 ab
1563 5435 1829 5497 hostibus,
1861 5446 2050 5489 etcon-

491 5525 828 5579 liiclaretnur
863 5524 1025 5578 etiam
1049 5525 1196 5577 domi
1219 5524 1481 5588 dissidiis,
1505 5541 1709 5594 quanta
1743 5527 1880 5579 mala
1909 5526 2055 5579 futu-

491 5634 550 5671 ra
574 5617 797 5671 essent?
858 5616 1016 5684 Papa:
1071 5625 1248 5669 tamen
1305 5620 1566 5670 memoria
1634 5619 1785 5671 ﬁeret
1827 5627 2051 5686 propter

493 5725 641 5774 spem
677 5710 862 5762 auxilii
899 5709 952 5761 in
986 5709 1084 5761 hac
1116 5709 1459 5762 necessitate.
1485 5709 1652 5774 Quod
1686 5712 1778 5778 qui
1811 5710 2053 5762 facerent

493 5799 546 5849 in
577 5805 787 5854 hancne
822 5803 1035 5870 Sephia:
1069 5802 1265 5872 templo
1285 5801 1530 5855 Iacerent
1557 5819 1567 5854 :
1593 5803 1784 5869 reliqui
1811 5817 1875 5856 ne
1895 5817 2057 5855 aecu-

2161 3219 2258 3286 τῆς
2293 3218 2601 3286 ἁναμεταξὺ
2639 3219 2795 3288 ήμῶν
2839 3221 2930 3273 καί
2973 3221 3125 3288 ὑμῶν
3157 3223 3378 3293 εἰρήνης
3409 3224 3438 3274 ὁ
3485 3223 3719 3292 πόλεμος

2162 3342 2414 3388 sarentur
2447 3349 2543 3388 nec
2577 3333 2946 3389 turbarentur.

2237 3426 2330 3479 Die
2360 3425 2424 3477 12
2444 3427 2774 3492 Decembris,
2806 3442 2928 3480 cum
2962 3443 3054 3482 sex
3081 3443 3296 3483 menses
3325 3431 3711 3498 praeterissent,

2163 3529 2215 3570 ct
2251 3528 2328 3572 tot
2351 3520 2509 3572 verba
2539 3531 2722 3573 essent
2753 3521 2893 3591 facta
2919 3521 2984 3574 de
3008 3522 3238 3585 auxilio,
3275 3533 3409 3591 quot
3452 3523 3575 3578 ferit
3605 3525 3714 3576 sul-

2165 3619 2326 3662 tanus
2354 3609 2496 3664 Cairi
2529 3610 2643 3664 sive
2669 3609 2910 3680 Egypti,
2947 3621 2999 3666 et
3028 3629 3054 3665 θ
3092 3614 3277 3667 Servia
3303 3624 3489 3684 posset
3553 3630 3712 3683 pecu-

2167 3704 2254 3756 nia
2276 3704 2495 3756 occulte
2537 3704 2724 3756 mnltis
2752 3704 2950 3769 modis,
2988 3704 3236 3760 homines
3271 3705 3400 3758 item
3436 3705 3544 3759 alio
3599 3721 3710 3758 mo-

2164 3793 2234 3846 do
2265 3794 2553 3858 Summitti,
2586 3808 2742 3848 nemo
2777 3795 3074 3864 quidquam
3105 3795 3232 3848 inde
3259 3795 3530 3849 commodi
3583 3810 3706 3864 per-

2163 3887 2420 3974 cepit.nec
2439 3885 2570 3938 vidit
2594 3887 2673 3939 vel
2697 3887 3020 3940 teruncium.
3047 3888 3161 3940 lnto
3181 3888 3448 3942 miserunt
3470 3903 3704 3956 magnam

2163 3979 2404 4044 pecuniae
2434 3986 2486 4030 et
2528 3979 2756 4031 militum
2791 3979 2996 4046 copiam
3049 3978 3261 4033 AIIICI'IB
3317 3982 3501 4034 urbem
3547 3995 3703 4047 oppu-

2162 4071 2371 4138 gnanti,
2406 4083 2566 4138 atque
2603 4071 2854 4123 laudibus
2885 4085 2978 4124 eos
3017 4071 3315 4125 eﬂerebant
3364 4070 3564 4132 Turca'.
3617 4071 3694 4136 ja-

2163 4159 2570 4223 ctantes,ctiam
2609 4159 2825 4214 Servios
2853 4160 3008 4222 nobis
3067 4161 3366 4214 adversari.
3393 4163 3511 4226 Quis
3550 4159 3694 4213 Citri-

2163 4250 2464 4302 stianorum
2496 4251 2801 4320 principum
2841 4259 2934 4304 aut
2961 4253 3240 4306 lberorunt
3276 4253 3360 4306 vel
3409 4253 3697 4307 teruncium

2163 4351 2256 4394 ant
2298 4341 2546 4395 homines
2606 4344 2673 4395 ad
2733 4343 2883 4398 urbis
2931 4344 3199 4396 auxilium
3239 4344 3554 4413 siveaperte
3601 4345 3708 4398 sive

2165 4433 2375 4484 occulte
2408 4431 2555 4485 misit
2583 4432 2604 4482 ‘l
2629 4430 2863 4500 llnngari
2897 4439 3074 4485 tamen
3135 4434 3341 4502 legatos
3372 4434 3438 4486 ad
3466 4434 3708 4486 Anteram

2162 4521 2448 4588 miserunt,
2485 4522 2574 4590 qui
2612 4525 2950 4584 nuntiarent,
2991 4539 3048 4576 se
3074 4525 3172 4588 sic,
3196 4536 3254 4577 ut
3290 4524 3367 4578 illi
3401 4539 3522 4577 cum
3553 4525 3712 4591 impe-

2162 4619 2342 4662 ratore
2364 4625 2550 4678 pacem
2577 4620 2630 4663 et
2661 4611 2954 4665 amicitiam
3002 4613 3264 4676 colerent,
3292 4627 3414 4665 cum
3443 4613 3577 4680 ipsis
3621 4627 3712 4680 pa-

2159 4716 2276 4754 cem
2313 4701 2504 4757 fecisse
2537 4719 2722 4756 :nunc
2747 4717 2871 4757 eum
2915 4703 2990 4756 illi
3031 4720 3136 4757 non
3173 4714 3463 4758 servarent
3535 4713 3710 4758 mutua

2161 4800 2335 4861 pacta,
2367 4809 2426 4847 se
2449 4809 2667 4863 quoque
2685 4809 2869 4862 pacem
2904 4795 3100 4848 factam
3132 4797 3358 4850 omnino
3394 4796 3711 4864 improbare.

2161 4887 2511 4942 Advenerunt
2557 4888 2742 4958 legati,
2792 4905 2915 4942 cum
2989 4890 3120 4943 urbs
3185 4890 3554 4953 obsideretur,
3610 4903 3709 4956 qui

2162 4978 2498 5033 hebdomade
2526 4980 2939 5048 impressionem
2964 4977 3159 5034 facturi
3190 4990 3366 5034 erant.
3394 4982 3618 5033 Ameras
3665 4990 3713 5029 et

2161 5079 2335 5123 totum
2369 5072 2656 5124 concilium
2699 5071 2816 5137 ejus
2852 5071 3064 5123 blandis
3093 5072 3442 5126 sermonibus
3469 5087 3562 5125 eos
3609 5071 3711 5122 dil-

2162 5162 2422 5223 l‘crebant,
2463 5172 2520 5215 ut
2563 5162 2617 5214 in
2667 5170 2991 5230 przesentem
3058 5171 3149 5214 aut
3209 5163 3508 5215 crastinum
3575 5161 3709 5214 diem

2162 5269 2481 5322 responsum
2517 5261 2918 5321 exspectarent.
2947 5252 3152 5306 Callide
3183 5253 3254 5307 ita
3277 5255 3528 5323 agebant,
3551 5254 3714 5307 donec

2162 5343 2432 5404 viderent,
2487 5359 2596 5411 quo
2657 5357 2744 5395 res
2791 5357 3017 5396 evasura
3067 5350 3232 5405 esset,
3291 5343 3334 5397 si
3390 5343 3579 5396 urbem
3631 5357 3714 5392 Cc.-

2161 5436 2384 5502 pissent,
2436 5431 2660 5495 dicturi,
2695 5447 2750 5486 se
2803 5446 2920 5484 eam
2956 5445 3298 5500 expugnasse
3329 5447 3345 5484 :
3381 5431 3458 5484 illi
3490 5431 3709 5485 abirent.

2161 5535 2215 5580 et
2275 5535 2456 5579 utrutn
2500 5524 2632 5593 ipsis
2687 5523 2982 5586 videretur,
3046 5523 3308 5587 lacerent,
3351 5522 3468 5575 sive
3528 5537 3708 5591 pacem

2162 5620 2275 5673 sive
2307 5617 2503 5671 bellum
2541 5616 2798 5669 mallent:
2838 5615 2890 5667 id
2946 5614 3090 5682 quod
3148 5613 3349 5667 factum
3412 5623 3467 5666 et
3528 5612 3712 5680 legatis
3779 5666 3783 5669 ,

2164 5725 2481 5778 responsura
2511 5720 2612 5761 est.
2641 5693 2840 5759 Si‘eatn
2875 5722 2980 5761 non
3031 5707 3240 5774 capturi
3290 5715 3496 5770 essent,
3535 5705 3711 5758 dicere

2163 5810 2486 5864 statuerant,
2518 5800 2586 5854 ob
2622 5813 2807 5866 pacem
2838 5814 2958 5852 cum
3015 5799 3120 5852 illis
3158 5797 3480 5851 servandam
3512 5811 3568 5849 se
3621 5794 3712 5847 de-
