4066 6296
422 407 526 470 913

1416 417 1861 478 CHRONICON
1898 422 2259 482 MAJUS.—
2285 422 2430 485 LIB.
2475 425 2569 485 IV.

3557 431 3712 517 οιιξ

421 525 653 589 ἔπαυσε,
704 529 795 579 καὶ
848 528 987 581 κατὰ
1030 529 1126 592 τὰς
1173 533 1489 599 συμφωνίας
1533 533 1981 603 ἀνεχωρήσαμεν.
2015 544 2058 598 Α
2091 553 2248 598 πους,
2277 538 2368 588 καὶ
2395 538 2494 588 οὐκ
2521 535 2806 601 ἐστειλανς
2843 538 2875 604 ἢ
2909 535 2992 598 τίς
3037 535 3286 604 νηστείας
3317 539 3412 589 καὶ
3445 538 3678 618 δεήσεις,

421 616 582 686 327
610 618 797 686 Ὅμως
825 620 1148 690 ἐψιθυρίσῗλη
1174 623 1254 673 ὅτι
1282 625 1308 674 6
1346 624 1568 692 ἀμηρᾶς
1597 625 1871 690 ἐλογίζετο
1897 626 1984 678 λέ-

419 724 565 774 γων·
607 728 625 758 ί
665 711 726 762 Ei
773 714 833 762 οὐ
881 715 954 781 μὴ
1005 713 1306 781 παραλάϐω
1342 716 1439 781 τὴν
1469 715 1621 766 πόλιν
1650 717 1715 768 τά
1743 717 1860 780 νῦν,
1893 719 1986 769 εὐ-

421 799 557 861 θέως
583 802 793 869 ποιήσω
821 804 1062 873 ἀγάπην,
1093 806 1188 858 καὶ
1214 806 1350 858 κατὰ
1380 807 1561 858 πᾶσάν
1592 824 1693 876 μου
1721 807 1818 876 τὴν
1844 808 1989 878 ζωὴν

420 909 485 960 τη
498 893 646 960 ρῆσω
677 895 866 963 αὑτήν.
902 915 920 946 ι
1847 966 1856 974 _

503 984 562 1035 ου
605 986 659 1048 δὲ
693 987 997 1053 μακαρίτης
1022 993 1049 1042 6
1085 991 1349 1061 αὐθέντης
1377 1012 1480 1062 μου
1528 997 1622 1048 καὶ
1652 995 1905 1062 βασιλεῖ,ς
1937 999 1987 1049 τί

422 1075 520 1126 οὐκ
551 1077 772 1143 ἔπραξε,
807 1082 1030 1148 κρυφῶς
1062 1083 1091 1144 ἦ
1120 1087 1391 1155 φανερῶς,
1431 1089 1570 1158 ὑπὲρ
1604 1091 1700 1156 τῆς
1734 1090 1988 1159 βοηθείας

422 1169 518 1236 τῆς
549 1171 755 1233 πόλεως
797 1175 889 1245 καί
922 1178 1021 1243 τῆς
1074 1178 1238 1229 αὑτοῦ
1276 1179 1572 1247 βασιλείας,
1617 1183 1648 1250 ἢ
1687 1183 1990 1249 μᾶλλοενεί-

421 1261 540 1310 πεῖν
573 1262 713 1330 ὑπὲρ
743 1267 839 1332 τῆς
872 1270 1144 1335 σωτηρίας
1176 1271 1271 1338 τῆς
1310 1272 1455 1340 ζωῆς
1486 1273 1650 1325 αὑτοῦ
1679 1291 1693 1337 ;
1739 1275 1846 1326 Καὶ
1877 1275 1986 1345 γὰρ

421 1349 578 1431 δῇλόν
609 1354 754 1405 ἐστιν
781 1357 882 1418 ὅτι,
918 1362 965 1410 εί
992 1359 1203 1428 ἢθελεν,
1237 1363 1478 1424 εὐκόλως
1509 1365 1736 1418 ἐδύνατο
1772 1371 1986 1436 φυγεῖν.

423 1440 569 1509 Πλὴν
623 1443 722 1494 οὐκ
755 1445 969 1512 ἤθελεν.
1019 1449 1135 1502 ἀλλ’
1182 1453 1482 1519 ἠγωνίζετο
1516 1455 1591 1518 ὡς
1643 1458 1670 1508 6
1703 1460 1906 1528 ποιμὴν
1959 1463 1988 1512 6

420 1532 605 1596 καλὸς,
650 1534 706 1596 6;
746 1537 931 1606 τίθησι
976 1543 1073 1610 τὴν
1104 1543 1284 1613 ψυχὴν
1313 1546 1474 1598 αὐτοῦ
1529 1549 1668 1616 ὑπὲρ
1696 1550 1804 1600 τῶν
1856 1569 1988 1619 προ-

422 1623 621 1691 ϐάτων,
654 1628 728 1691 ὡς
759 1631 852 1683 καὶ
888 1633 1134 1702 ἐποίησε.
1169 1639 1272 1689 Καὶ
1315 1639 1396 1697 τίς
1432 1640 1541 1691 τῶν
1573 1639 1749 1693 ἄλλων
1775 1642 1842 1694 τὰ
1872 1659 1986 1694 τοι·

420 1714 561 1768 αὕτα
602 1720 695 1771 καὶ
727 1722 860 1774 ἄλλα
909 1727 1176 1796 γενόμενα
1210 1730 1470 1784 ἐπίστατο
1506 1732 1678 1800 πάρεξ
1717 1735 1810 1786 τοῦ
1847 1738 1990 1789 Καν-

419 1807 754 1880 τακουζηνοῦ
797 1814 1047 1868 Ἰωάννου
1083 1820 1174 1870 καὶ
1197 1819 1329 1887 ἐμοῦ
1357 1840 1369 1882 ;
1398 1820 1520 1873 Ὅτι
1548 1825 1574 1874 6
1601 1821 1657 1886 ἐξ
1682 1825 1986 1893 Οὗγγάρων

421 1898 636 1962 Ἴαγκος
687 1905 977 1972 προεζήτει
1025 1909 1108 1960 ἵνα
1146 1909 1290 1980 δώσῃ
1343 1912 1488 1980 αὑτῴ
1517 1915 1544 1965 6
1591 1914 1841 1981 βασιλεὺς
1886 1916 1980 1985 τὴν

418 1989 769 2060 Σηλυμερίαν
803 1997 833 2066 ἥ
869 1999 964 2064 τὴν
991 2002 1376 2071 Μεσημϐρίαν,
1408 2007 1501 2058 καὶ
1544 2007 1735 2073 ἕσηται
1764 2006 1840 2070 εἷς
1872 2011 1980 2062 τῶν

416 2080 749 2144 ὑπεξουσίων
780 2089 966 2150 αὐτοῦ,
1007 2093 1098 2142 καὶ
1133 2095 1363 2158 πολλοὺς
1395 2097 1502 2148 τῶν
1537 2099 1843 2166 ἀνθρώπων
1879 2103 1978 2152 αὑ-

415 2172 507 2222 τοῦ
535 2175 712 2226 ἐκεῖσε
753 2178 918 2246 ἔχειν,
949 2183 1041 2234 καὶ
1071 2187 1126 2236 ἐν
1174 2186 1350 2254 καιρῷ
1391 2189 1488 2256 τῆς
1522 2190 1698 2258 μάχης
1729 2193 1832 2245 ὑπὸ
1872 2194 1982 2246 τῶν

417 2260 678 2333 Τούρκων
716 2269 908 2334 ἐσηται
936 2274 1160 2326 ἐκείνων
1185 2277 1376 2345 ἐχθρὸς
1408 2282 1503 2331 καὶ
1540 2280 1735 2350 βοηθὸς
1753 2283 1850 2352 τῆς
1876 2286 1978 2337 πό-

413 2355 568 2415 λεως.
613 2360 721 2411 Καὶ
765 2360 836 2422 ὡς
887 2364 1105 2430 ἐγένετο
1135 2369 1166 2432 ή
1207 2369 1377 2437 μάχη,
1421 2361 1586 2438 ἐδόθη
1613 2373 1760 2442 αὐτῷ
1795 2376 1826 2442 ή
1866 2377 1976 2428 Με-

415 2446 659 2515 σημϐρία
711 2450 849 2503 κατὰ
883 2455 979 2522 τὴν
1027 2456 1239 2510 ἐκείνου
1270 2460 1502 2527 αἴτησιν,
1550 2465 1644 2514 καὶ
1695 2465 1752 2516 τὸ
1783 2468 1980 2533 χρυσό-

416 2535 640 2589 6ουλλον
671 2540 740 2593 δι’
782 2544 917 2611 ἐμοῦ
956 2547 1196 2618 ἐγράφη,
1231 2554 1324 2601 καὶ
1365 2555 1391 2603 6
1421 2554 1666 2622 γαμϐρὸς
1697 2556 1976 2610 Θεοδοσίου

417 2627 510 2679 τιῦ
546 2630 798 2700 Κυπρίου
831 2637 858 2687 6
891 2637 984 2687 τοῦ
1034 2640 1255 2708 Μιχαὴλ
1295 2643 1406 2704 υίὸς
1438 2645 1662 2712 ἐκόμισε
1696 2647 1755 2698 τὸ
1785 2652 1982 2715 χρυσό-

415 2716 634 2772 ϐουλλον
686 2725 819 2794 πρὸς
859 2727 1098 2794 Ἰαγκον.
1135 2732 1228 2794 Τίς
1279 2733 1542 2787 ἐπίστατο
1584 2736 1684 2806 τὴν
1735 2738 1829 2791 τοῦ
1868 2741 1978 2791 τῶν

418 2813 746 2868 Καταλάνων
775 2819 941 2888 ρηγὸς
971 2823 1202 2892 ζήτησιν
1229 2843 1242 2889 ;
1275 2826 1333 2888 ὃς
1359 2827 1674 2898 δωρηθήναι
1705 2831 1857 2900 αὐτῷ
1879 2833 1977 2902 τὴν

412 2904 627 2971 Λῆμνον
645 2907 848 2978 ἐζήτει,
877 2916 969 2967 καὶ
986 2915 1178 2984 ἔσηται
1203 2920 1345 2974 κατὰ
1369 2921 1478 2973 τῶν
1498 2923 1604 2975 Τοῦ
1615 2940 1760 2992 ρκων
1777 2926 1865 2979 διὰ
1881 2927 1989 2991 θα-¹

411 2995 616 3066 λάσσης
641 3002 727 3052 ἀεὶ
759 3005 849 3054 καὶ
881 3005 1021 3073 ὑπὲρ
1042 3009 1141 3076 τ-ἤς
1170 3011 1374 3074 πόλεως
1393 3015 1451 3067 ἐν
1480 3017 1692 3087 ἀνάγκῃ
1719 3017 1938 3086 βοήθεια
1957 3037 1971 3052 ο

410 3093 503 3142 καὶ
523 3093 832 3160 ἐπράττετο.
861 3099 954 3162 Τίς
981 3102 1146 3172 328
1163 3106 1423 3160 ἐπίστατο
1436 3111 1536 3162 ὅσα
1562 3111 1624 3180 δὴ
1644 3113 1734 3165 καὶ
1754 3116 1857 3183 χρή
1869 3133 1974 3181 μα-

2014 1867 2059 1924 Β

2088 629 2325 679 ἐποιεῖτο
2347 628 2414 679 δι’
2437 626 2635 680 ἐαυτοῦ
2666 628 2760 681 καὶ
2781 627 2868 681 διὰ
2897 628 3003 681 τῶν
3025 629 3236 698 ἱερέων,
3261 629 3436 692 διδοὺς
3475 631 3665 691 αὐτοῖς

2091 721 2356 788 χρήματα
2391 720 2423 788 ἢ
2458 722 2570 782 τοῖς
2599 722 2859 788 πτωχοῖς,
2895 720 2990 783 οὓς
3020 721 3221 788 μᾶλλον
3251 721 3661 791 ἐϐεράπευσενς

2089 811 2122 879 ἢ
2155 810 2491 877 ἐπαγγελίας
2527 810 2593 873 ἃς
2622 813 2924 880 ἐποιήσατο
2960 812 3225 876 πλείστας
3257 813 3394 881 πρὸς
3419 814 3554 866 Θεὸν
3582 816 3665 879 είς

2090 901 2150 952 τὸ
2175 901 2612 971 ἐλευθερωθῆναι
2639 905 2764 965 τοὺς
2799 904 3162 970 Χριστιανοὺς
3190 904 3299 957 ἀπὸ
3329 906 3430 973 τῆς
3457 907 3665 974 αἰχμα-

2087 994 2291 1054 λωσίας
2315 995 2426 1046 τῶν
2456 995 2687 1048 ἀσεϐῶν.
2715 992 2859 1047 Ἀλλ’
2885 997 3033 1066 ὅμως
3063 997 3238 1049 ταῦτα
3260 997 3440 1051 πάντα
3463 1000 3532 1050 τὰ
3564 999 3664 1066 μὲν

2090 1086 2317 1151 παρεῖδε
2351 1084 2508 1147 Θεὸς,
2539 1085 2626 1137 διὰ
2652 1085 2812 1138 τίνων
2847 1087 3131 1156 ἁμαρτιῶν
3176 1087 3276 1139 οὐκ
3311 1082 3431 1142 οἶδα
3461 1087 3662 1150 αἰτίαν,

2088 1173 2156 1225 τὰ
2206 1175 2261 1225 δὲ
2294 1176 2575 1244 ἠγνόησαν
2623 1178 2671 1228 οί
2710 1178 3010 1247 ἅνθρωποι,
3047 1180 3141 1231 καὶ
3191 1179 3426 1241 ἕκαστος
3473 1179 3660 1246 ἔλεγεν

2090 1265 2165 1327 ὡς
2191 1265 2342 1332 αὐτῷ
2373 1268 2568 1320 ἐδόκει.
2603 1268 2746 1334 Ἐγὼ
2779 1271 2836 1321 δὲ
2870 1271 3010 1322 κατὰ
3045 1270 3107 1322 τὸ
3137 1271 3328 1323 δοκοῦν
3369 1289 3458 1340 μοι
3486 1269 3659 1324 ταῦτά

2091 1373 2234 1424 φημι
2257 1371 2270 1384 '
2305 1358 2487 1426 κρίσις
2520 1361 2627 1428 γὰρ
2659 1357 2723 1428 ἦν
2753 1362 2923 1422 ὅντως
2953 1359 3111 1425 Θεοῦ,
3137 1361 3306 1415 πάλαι
3345 1364 3659 1432 κυρωθεῖσα

2077 1449 2228 1515 ’πρὸς
2274 1450 2533 1518 ἐσχατιάς
2583 1453 2892 1521 καταὸῆναι
2948 1454 3382 1523 δυστυχημάτων
3421 1457 3488 1507 τὰ
3525 1454 3660 1508 Ῥω-

2094 1542 2271 1608 μαίων
2301 1543 2628 1612 πράγματα.
2667 1549 2766 1600 Διὰ
2795 1549 2955 1602 τοῦτο
2986 1549 3165 1616 λόγοις
3193 1552 3531 1621 ἀπορρήτοις
3563 1555 3664 1622 τῆς

2093 1633 2348 1700 προνοίας
2378 1636 2487 1689 τῶν
2520 1637 2619 1705 μὲν
2663 1639 2927 1707 λυπηρῶν
2959 1643 3052 1693 καὶ
3100 1643 3359 1695 ἐναντίων
3393 1644 3486 1696 καὶ
3533 1644 3663 1712 βλα-

2091 1726 2335 1777 πτόντων
2367 1729 2581 1796 μεγάλη
2613 1747 2697 1789 τις
2731 1732 2942 1797 γίνεται
2971 1735 3269 1803 συνδρομὴ,
3301 1735 3409 1787 τῶν
3435 1735 3489 1787 δὲ
3525 1737 3664 1802 άγαδ

2092 1814 2201 1867 θῶν
2236 1819 2331 1868 καὶ
2358 1818 2716 1886 ὠφελούντων
2749 1824 2978 1876 πλεῖστα
3015 1826 3080 1876 τὰ
3113 1825 3367 1892 ἐμπόδια.

2161 1907 2272 1974 Πρὸ
2323 1908 2506 1975 ὀλίγον
2555 1913 2744 1966 λοιπὸν
2778 1914 2845 1965 τὰ
2893 1916 3024 1982 περὶ
3075 1916 3168 1967 τοῦ
3216 1922 3662 1989 τρισκαταράτου

2090 1998 2332 2067 Μωάμεθ
2385 2003 2717 2072 εἰρήκαμεν,
2771 2005 2938 2074 μέρος
2975 2007 3086 2058 τῶν
3144 2009 3441 2076 φληνάφων
3497 2009 3660 2062 αὑτοῦ

2089 2088 2276 2155 μύθων
2307 2091 2414 2143 τῶν
2450 2093 2684 2160 γέλωτος
2713 2096 2880 2159 ἀξίων
2903 2114 2914 2124 ·
2973 2099 3040 2150 τὰ
3071 2097 3168 2150 νῦν
3202 2099 3297 2154 οὖν
3343 2101 3442 2161 τὰς
3477 2102 3662 2171 άντιῤ-

2086 2178 2273 2248 ῥήσεις
2298 2181 2476 2234 αὐτῶν
2508 2186 2603 2236 καὶ
2634 2185 2898 2254 ἐλεγμοὺς
2935 2188 3200 2256 εἴπωμεν.

2157 2270 2225 2338 γ’.
2257 2272 2457 2340 Φέρετε
2498 2275 2577 2335 είς
2627 2277 2971 2344 κατηγορίαν
3012 2279 3190 2346 ἡμῶν,
3223 2272 3268 2331 ὧ
3298 2280 3541 2345 ἀσεϐεῖς,
3575 2285 3659 2336 ὅτι

2084 2363 2378 2430 ἐρωτηθεὶς
2418 2366 2445 2417 6
2473 2367 2710 2434 Χριστὸς
2746 2368 2902 2438 παρὰ
2936 2370 3048 2422 τῶν
3095 2371 3392 2438 Ἰουδαίων,
3429 2375 3490 2426 Εἰ
3538 2375 3659 2437 Υίὸς

2083 2455 2218 2506 Θεοῦ
2235 2452 2285 2507 εἶ
2302 2457 2386 2522 σύ;
2407 2457 2572 2527 329
2589 2460 2866 2529 ἠρνήσατο
2885 2463 2977 2513 καὶ
2996 2459 3147 2514 εἶπεν
3164 2463 3246 2515 ὅτι
3263 2465 3452 2533 Ὑμεῖς
3470 2467 3657 2534 λέγετε

2089 2547 2266 2599 τοῦτο,
2303 2550 2410 2600 Καὶ
2446 2551 2640 2618 φέρετε
2678 2552 2811 2604 αὐτὸ
2843 2555 2923 2615 είς
2969 2556 3280 2624 μαρτυρίαν
3312 2556 3434 2608 καθ’
3477 2560 3657 2626 ἡμῶν,

2095 2639 2183 2691 ἵνα
2210 2639 2425 2708 δείξητε
2452 2644 2521 2694 τὰ
2551 2644 2686 2712 παρ’
2719 2645 2874 2714 ὑμῶν
2911 2647 3180 2714 λεγόμενα
3243 2649 3440 2718 ἀληθῆ.
3473 2649 3658 2702 Ταῦτα

2088 2730 2220 2798 γοῦν
2252 2737 2456 2785 ποιεῖτε
2486 2735 2594 2786 ἀπὸ
2624 2735 2716 2787 τοῦ
2752 2736 2827 2806 μὴ
2871 2737 3164 2803 γινώσκειν
3197 2739 3342 2808 ὑμᾶς
3381 2741 3479 2803 τὰς
3513 2741 3658 2811 Γρα-

2085 2825 2213 2893 φάςο
2247 2826 2296 2877 εί
2342 2827 2448 2896 γὰρ
2471 2827 2796 2895 εὑρίσκεσθε
2827 2829 3176 2894 ἐξετάζοντες
3199 2832 3293 2884 καὶ
3328 2833 3657 2901 ἐρευνῶντες

2084 2916 2184 2978 τὰς
2223 2918 2450 2986 Γραφὰς
2507 2921 2582 2983 ὠς
2646 2923 2748 2986 δεῖ,
2801 2923 2900 2976 οὐκ
2935 2924 3004 2977 ἂν
3063 2925 3430 2994 ἐπλανήθητε.
3465 2928 3655 2996 Ὅμως

2085 3011 2289 3081 ἀφίημι
2319 3012 2415 3064 τοῦ
2449 3013 2630 3080 λέγειν
2671 3015 2814 3068 κατὰ
2845 3017 2907 3068 τὸ
2963 3017 3142 3085 παρὸν
3192 3018 3293 3081 τὰς
3348 3019 3444 3072 ἀπ’
3476 3021 3654 3090 ἀρχῆς

2085 3103 2181 3155 τοῦ
2213 3106 2420 3173 κόσμου
2457 3108 2790 3177 μαρτυρίας,
2811 3109 3013 3172 αἵτινες
3041 3110 3382 3180 ἐλαλήθησαν
3405 3113 3652 3182 περὶτοῦ

412 3196 479 3231 τα
522 3185 615 3236 καὶ
645 3187 982 3254 ἐπαγγελίας
1009 3193 1242 3249 δέδωκεν
1272 3199 1300 3249 6
1331 3199 1582 3267 βασιλεὺς
1611 3177 1703 3256 καὶ
1737 3177 1976 3260 ἐξτέέλεν
2003 3177 2044 3232 C
2082 3193 2348 3263 Χριστοῦ,
2375 3198 2722 3252 δεικνύουσλι
2759 3201 2923 3254 αὐτὸν
2963 3203 3084 3255 rvi"
3111 3203 3246 3256 θεοῦ
3277 3204 3373 3257 καὶ
3400 3203 3536 3257 θεὸν
3556 3209 3650 3258 καὶ

410 3272 490 3332 εἰς
516 3274 614 3342 τὴν
646 3279 774 3331 Χίον
801 3281 888 3335 διὰ
915 3284 1007 3336 τοῦ
1041 3285 1278 3354 Γαλατᾶ,
1334 3291 1417 3343 ἵνα
1444 3295 1726 3348 στείλωσιν
1763 3297 1975 3368 ἀνθρώ-

410 3452 617 3507 stitisse
649 3471 676 3507 a
709 3458 848 3512 bello
889 3471 936 3513 ct
976 3467 1274 3522 secundum
1304 3482 1570 3527 conventa
1631 3475 1970 3534 discessisse.

411 3544 816 3603 Rumor-tamen
861 3563 999 3616 erat,
1048 3556 1296 3613 Ameram
1355 3565 1600 3632 cogitare
1653 3583 1718 3623 ac
1766 3572 1966 3640 dicere,

409 3635 454 3686 si
485 3639 616 3690 urbe
644 3656 785 3693 nunc
809 3646 1094 3726 potiretur,
1125 3652 1308 3705 statim
1344 3669 1403 3708 se
1446 3657 1743 3713 amicitiam
1780 3666 1972 3721 nobis-

409 3742 530 3780 cum
562 3731 818 3786 initurum
841 3745 893 3789 et
918 3752 1012 3805 per
1036 3748 1205 3795 totam
1238 3745 1405 3800 vitam
1437 3756 1783 3808 servaturum
1820 3773 1966 3812 esse.

479 3819 654 3875 Beatae
683 3835 861 3880 autem
882 3834 1158 3887 memoriae
1175 3834 1490 3905 imperator,
1510 3842 1763 3900 dominus
1789 3864 1966 3913 meus,

406 3911 532 3976 quid
559 3929 657 3981 pro
688 3915 1002 3973 defensione
1035 3923 1187 3978 urbis
1217 3935 1270 3979 et
1299 3929 1535 3997 imperii,
1598 3934 1728 3998 imo,
1764 3947 1823 3990 ut
1875 3954 1969 3993 ve-

408 4001 518 4055 rius
547 4005 747 4071 dicam,
783 4024 879 4075 pro
900 4013 1077 4066 salute
1132 4017 1352 4084 capitis,
1403 4023 1584 4088 palam
1647 4035 1701 4079 et
1755 4033 1970 4084 occulte

404 4107 510 4145 non
541 4110 625 4148 csr
647 4099 901 4154 molitus?
922 4100 1272 4159 Manifestum
1305 4119 1389 4162 est
1439 4111 1609 4176 enim,
1655 4117 1699 4168 si
1759 4119 1970 4173 voluis-

402 4193 503 4247 set,
535 4181 697 4238 facile
721 4203 842 4241 eum
879 4189 1064 4259 fugere
1090 4195 1356 4262 potuisse.
1377 4195 1580 4253 Verum
1613 4203 1812 4267 uoluit,
1868 4209 1960 4260 sed

405 4274 688 4330 laborabat
727 4279 790 4329 ad
818 4284 1126 4350 exemplum
1163 4286 1290 4339 boni
1323 4291 1694 4360 pastoris,qui
1727 4297 1965 4352 animam

401 4363 621 4432 deponit
653 4385 747 4435 pro
781 4373 994 4439 ovibus,
1033 4383 1093 4429 ut
1130 4377 1386 4444 deposuit
1411 4396 1562 4435 sane.
1590 4383 1726 4450 Quis
1780 4399 1966 4444 autem

401 4455 536 4509 alius
562 4458 675 4513 lucc
697 4471 750 4514 et
778 4464 984 4532 reliqua
1009 4465 1150 4520 facta
1212 4481 1408 4536 prater
1436 4472 1702 4530 Joannem
1763 4478 1966 4535 Canta-

2077 3286 2385 3356 ἄνθρωπον,
2421 3291 2619 3352 πολλὰς
2650 3291 2814 3355 οὔσας
2840 3310 2854 3324 ο
2895 3293 2974 3346 διὸ
3017 3294 3123 3347 ἀπὸ
3155 3294 3364 3349 τούτων
3406 3294 3650 3364 φθάσαν-

2075 3468 2344 3536 Galatam,
2401 3482 2458 3527 ut
2514 3475 2716 3531 milites
2763 3477 2866 3532 sibi
2918 3480 3218 3547 mitterent,
3271 3497 3372 3537 nec
3429 3483 3650 3538 misisse

2076 3561 2234 3617 illos?
2259 3574 2352 3618 aut
2379 3565 2586 3635 jejunia
2607 3578 2660 3622 et
2680 3585 2889 3638 preces,
2940 3588 3077 3632 quas
3100 3581 3197 3626 aut
3223 3572 3338 3641 ipse
3386 3573 3642 3640 faciebat,

2074 3663 2166 3707 aut
2190 3671 2282 3724 per
2310 3660 2622 3715 sacerdotes
2651 3662 2768 3714 ﬁeri
2820 3665 3072 3724 curabat,
3119 3669 3347 3731 pecunia
3402 3666 3514 3721 illis
3562 3669 3644 3722 vel

2076 3748 2434 3814 pauperibus,
2472 3766 2610 3818 quos
2631 3753 2805 3820 magis
2837 3753 3118 3820 diligebat.
3143 3754 3508 3809 distributa?‘
3551 3767 3646 3810 aut

2075 3844 2221 3898 vota,
2255 3851 2375 3904 qua:
2406 3837 2516 3892 Deo
2551 3840 2786 3907 plurima
2824 3843 2954 3895 iecit
2981 3842 3047 3895 ad
3081 3842 3433 3899 Christianos
3461 3860 3487 3897 a
3521 3861 3644 3900 ser-

2076 3925 2208 3981 vitio
2257 3927 2548 3996 impiorum
2601 3932 2953 3988 liberandos?
3010 3933 3210 3988 Verum
3271 3935 3388 3991 hmo
3457 3939 3642 3992 omnia

2075 4018 2294 4084 partim,
2324 4021 2509 4073 nescio
2536 4031 2756 4090 propter
2784 4039 2905 4092 qua;
2941 4035 3189 4093 peccata,
3210 4030 3444 4094 neglexit
3469 4031 3636 4094 Deus,

2071 4110 2268 4175 partim
2303 4110 2555 4166 homines
2597 4115 2938 4182 ignorarunt,
2963 4133 3061 4186 pro
3079 4133 3174 4174 sua
3203 4120 3436 4188 quisque
3460 4121 3644 4175 libidi-

2073 4212 2139 4250 ne
2173 4199 2499 4255 fabulantes.
2525 4202 2640 4273 Ego
2679 4220 2807 4259 vero
2858 4222 2956 4277 pro
2984 4223 3101 4262 mea
3126 4212 3342 4276 quidem
3371 4212 3639 4266 sententia

2067 4287 2380 4344 itastatuo:
2434 4289 2609 4348 fuisse
2641 4295 2746 4350 hoc
2791 4311 2980 4351 revera
3043 4299 3312 4367 judicium
3363 4301 3479 4364 Dei,
3531 4319 3639 4370 quo

2073 4380 2280 4447 pridem
2314 4381 2590 4438 decretum
2613 4396 2752 4450 erat,
2791 4398 2848 4441 ut
2880 4404 2970 4443 res
2998 4392 3218 4460 publica
3259 4391 3634 4447 Romanorum

2073 4473 2138 4524 ad
2163 4483 2438 4529 extremas
2457 4477 3147 4566 devolveretugmiserias.
3175 4485 3422 4552 Arcanis}
3451 4496 3633 4540 autem

401 4561 664 4603 cuzenum
693 4564 747 4605 et
774 4571 858 4609 me
925 4561 1189 4613 noverat?
1249 4560 1547 4631 Optaverat
1583 4583 1649 4622 ex
1691 4569 1965 4642 "nugaris
1997 4569 2042 4624 D
2073 4565 2437 4622 Providentiae
2465 4570 2715 4626 consiliis
2745 4560 2976 4641 ingratis
3003 4576 3246 4643 quidem,
3288 4577 3533 4630 adversis
3581 4585 3637 4632 ct

398 4639 664 4694 oriundus
692 4643 914 4710 Jancus,
939 4649 1054 4702 dari
1102 4652 1202 4704 sibi
1237 4655 1304 4708 ab
1356 4657 1687 4726 imperatore
1743 4639 1958 4735 Seiym-

397 4729 566 4784 briam
589 4743 679 4787 aut
711 4735 1111 4802 Mesembriam,
1152 4745 1433 4813 pollicitus
1459 4765 1516 4803 se
1547 4767 1715 4806 unum
1751 4771 1780 4808 e
1823 4759 1960 4811 sub-

390 4822 550 4891 jectis
573 4824 694 4891 ejus
724 4825 838 4880 fore
867 4837 919 4882 et
944 4833 1146 4885 multos
1172 4835 1236 4888 de
1283 4838 1401 4890 suis
1434 4855 1500 4893 eo
1551 4846 1957 4914 traducturum,

396 4922 558 4982 atque
602 4916 742 4969 bello
773 4933 895 4972 cum
934 4919 1130 4978 Turcis
1172 4925 1412 4981 conﬂato
1466 4931 1662 4986 horum
1721 4937 1954 5004 hostem,

393 5008 544 5063 urbis
592 5008 859 5086 vindicem
910 5012 1155 5068 futurum
1207 5033 1349 5072 esse.
1403 5019 1612 5088 itaque,
1659 5029 1959 5084 commisso

391 5094 555 5159 bello,
588 5097 711 5152 data
759 5100 809 5153 el
841 5109 926 5155 est
958 5101 1302 5170 Mesembria,
1360 5117 1418 5162 ut
1469 5113 1756 5179 petiverat,
1809 5118 1954 5173 bulla

388 5201 551 5242 aurea
589 5205 617 5242 a
639 5205 724 5246 me
751 5195 1061 5262 conscripta
1091 5208 1142 5248 et
1175 5213 1268 5264 per
1295 5200 1551 5256 Tbedosli
1593 5205 1775 5275 Cyprii
1837 5211 1954 5264 atii-

388 5293 535 5344 ncm,
577 5280 857 5338 Michaelis
894 5285 1085 5348 ﬁlium,
1123 5290 1187 5342 ad
1215 5290 1432 5344 laneum
1465 5297 1689 5361 perlata.
1722 5299 1820 5354 Cui
1857 5318 1956 5356 no-

385 5380 438 5423 ta
462 5383 573 5426 erat
597 5373 976 5430 Catelanorunt
1013 5379 1156 5447 regis
1175 5383 1402 5446 petitio?
1434 5387 1549 5454 qui,
1573 5391 1618 5441 si
1652 5390 1953 5448 donaretur

385 5463 489 5518 sibi
527 5464 788 5532 Lemnus,
815 5469 1078 5526 adversus
1115 5472 1324 5528 Turcas
1348 5477 1482 5530 mari
1517 5494 1731 5549 semper
1749 5500 1951 5554 pugna-

389 5565 572 5612 turum
609 5568 665 5612 et
700 5559 842 5624 urbi,
882 5571 1108 5632 cogente
1150 5569 1500 5635 necessitate,
1553 5576 1945 5640 opitulaturum

383 5663 441 5703 se
467 5664 586 5704 esse
619 5651 913 5720 recipiebat
947 5670 962 5706 :
994 5656 1061 5709 de
1084 5673 1187 5725 qua
1209 5669 1427 5714 re'cum
1483 5665 1574 5718 illo
1603 5679 1783 5722 actum
1841 5681 1943 5728 est.

379 5741 631 5813 Autquis
660 5757 902 5811 noverat,
934 5761 1194 5818 quantam
1229 5756 1516 5822 pecuniam
1563 5770 1616 5812 et
1647 5778 1768 5829 qua;
1812 5780 1942 5834 pro-

381 5833 544 5888 missa
575 5835 782 5891 dederit
835 5838 1133 5909 imperator
1190 5844 1790 5917 miscritqttcinChium
1819 5833 1944 5924 per

2067 4655 2248 4709 noxiis
2285 4671 2478 4726 magna
2533 4661 2733 4714 auxilia
2789 4675 2978 4731 parata
3023 4677 3175 4732 sunt,
3213 4668 3306 4722 sed
3363 4669 3524 4723 bouis
3580 4679 3636 4722 ct

2066 4747 2370 4801 commodis
2401 4749 2636 4816 plurima
2668 4753 3081 4820 impedimenta.

2135 4836 2306 4891 Paulo
2322 4854 2486 4908 supra
2522 4852 2603 4896 ter
2634 4848 2951 4901 exsecraudi
2977 4848 3304 4906 Mobametis
3336 4853 3629 4908 nonnullas

2064 4943 2234 4998 nugas
2250 4939 2303 4984 et
2319 4930 2530 4987 fabulas
2551 4935 2808 4992 ridiculas
2830 4945 3380 5000 commemoravimus
3405 4963 3418 4998 :
3439 4961 3626 5001 earum

2060 5035 2207 5074 nunc
2239 5020 2605 5080 dubitationes
2627 5039 2681 5082 et
2711 5028 3065 5087 refutationes
3095 5050 3436 5103 premamus.

2131 5113 2186 5167 5.
2229 5115 2453 5172 Aﬂertis
2486 5119 2538 5171 in
2574 5121 2984 5178 accusationem
3017 5129 3217 5190 nostri,
3262 5131 3435 5199 impii,
3465 5134 3625 5190 Chri-

2061 5214 2204 5262 stum
2228 5224 2256 5262 a
2289 5209 2493 5266 Judteis
2523 5213 2938 5282 interrogatum,
2966 5234 3092 5273 num
3127 5221 3298 5278 Filius
3331 5224 3423 5280 Dei
3455 5240 3621 5295 esset,

2060 5315 2309 5369 negasse,
2336 5311 2390 5355 et
2413 5303 2548 5358 istos
2581 5304 2653 5358 ita
2678 5307 2857 5360 dicere
2890 5312 3264 5378 respondisse,
3305 5317 3623 5372 testimonio

2058 5390 2164 5444 hoc
2189 5393 2456 5448 adversus
2481 5409 2581 5449 nos
2612 5396 2722 5462 usi,
2783 5413 2893 5467 quo
2928 5417 3048 5469 qua:
3110 5405 3211 5471 ipsi
3267 5405 3449 5460 dicitis
3495 5424 3620 5464 vera

2054 5499 2174 5540 esse
2193 5487 2516 5545 ostendatis.
2545 5493 2612 5544 At
2635 5493 2738 5546 hoc
2760 5493 2984 5560 quidem
3012 5512 3074 5548 ex
3098 5498 3310 5552 inscitia
3335 5513 3618 5554 sacrarum

2054 5576 2384 5634 Litterarum
2420 5580 2598 5638 facitis
2630 5603 2644 5639 :
2675 5600 2815 5654 quas
2850 5587 2894 5639 si
2930 5587 3352 5656 investigaretis,
3384 5601 3437 5642 et
3463 5606 3621 5643 scru-

2052 5672 2329 5736 taremini,
2354 5681 2412 5726 ut
2435 5674 2607 5740 decet,
2637 5691 2745 5730 non
2776 5679 3060 5732 errassctis
3096 5679 3300 5731 forsan.
3337 5679 3437 5732 Sed
3457 5681 3620 5735 omit-

2052 5771 2107 5815 to
2136 5780 2282 5819 nunc
2315 5767 2537 5833 quidem
2573 5768 2700 5822 inde
2753 5784 2782 5823 a
2813 5785 2992 5823 rerum
3052 5768 3321 5835 principio
3371 5785 3494 5838 qua;
3551 5773 3618 5828 de

2049 5853 2268 5909 Christo
2297 5857 2644 5924 pronuntiata
2669 5869 2793 5914 sunt
2814 5861 3082 5928 permulta
3136 5861 3468 5928 testimonia,
3497 5879 3618 5931 qua
