4066 6296
374 282 379 287 ’
454 285 554 349 ί)ἳὸ

1638 307 1973 375 GEORGII‘
1992 317 2089 375 ΡΠ
2104 318 2192 376 RA
2207 310 2413 379 ΝΤΖίΕ

3607 315 3737 378 915

447 414 538 508 fe;
572 410 1092 508 EE'ﬁf0iJ-fi’dJ-SPWét’.‘
1122 436 1295 483 τινας.
1324 420 1515 491 Ὅμως
1543 412 1685 491 λέγω
1710 428 2007 495 καὶτοῦτο,
2037 430 2090 490 Δ
2115 434 2237 489 ἐπεὶ
2296 436 2618 499 διδάσκαλος
2677 438 2855 491 αὐτῶν
2911 429 2979 508 ἦν
3010 441 3037 492 6
3066 439 3327 504 Χριστὸς,
3411 435 3470 499 τί
3511 436 3735 502 ἕτερον

444 494 529 547 ὅτι
565 499 625 550 οῦ
655 500 723 552 δι’
756 502 886 555 ἄλλο
910 522 964 555 τι
996 502 1356 576 ἐσταύρωσαν
1388 514 1439 563 οἱ
1482 514 1730 566 Ἰουδαῖοι
1761 517 1853 567 τὸν
1878 494 2011 585 Χριέ

448 588 574 639 στὸν
607 590 637 657 ἦ
667 591 750 642 ὅτι
781 594 1053 647 ἐδείκνυεν
1088 600 1281 653 ἑαυτὸν
1311 603 1444 655 Θεόν
1476 622 1535 655 τε
1577 608 1672 657 καὶ
1727 606 2013 675 ἄνθρωπον

453 682 549 732 καὶ
588 682 721 734 Θεοῦ
758 685 904 743 Υἰον.
937 690 1031 739 καὶ
1066 692 1142 759 πῆ
1174 692 1272 759 μὲν
1305 695 1492 759 ἔλεγεν
1522 698 1604 749 ὄτι
1641 700 1702 749 ‘0
1735 700 1833 767 ἐμὲ
1878 701 2013 752 θεω-

455 774 565 838 ρῶν
590 776 789 844 θεωρεῖ
810 780 899 829 τὸν
936 781 1151 852 Πατέρα
1188 805 1288 853 μου
1322 805 1336 819 ο
1368 789 1446 858 πῆ
1478 790 1533 843 δὲ
1575 791 1655 845 ὅτι
1703 793 1841 858 Ἐγὼ
1875 798 1967 849 καὶ
1988 799 2015 849 6

450 867 639 935 Πατήρ
678 887 781 936 μου
822 871 880 924 έν
915 876 1084 937 ἐσμεν
1119 894 1131 905 '
1170 883 1243 947 πῇ
1271 880 1327 932 δὲ
1384 883 1465 935 ὃτι
1506 874 1567 936 Εἰ
1602 886 1700 952 ἐμὲ
1725 886 2013 952 γνὼκειτε.

450 958 545 1009 καὶ
573 961 665 1009 τὶν
698 962 920 1032 Πατέρα
955 984 1058 1032 μου
1088 969 1378 1037 ἐγνώκειτε
1423 974 1488 1027 ἀν
1520 994 1534 1008 ο
1566 980 1639 1045 πῇ
1675 978 1729 1030 δὲ
1754 979 2017 1042 ὡσαύτως

447 1049 529 1141 δτι
573 1049 708 1104 Ἐάν
745 1071 830 1117 τις
872 1058 964 1109 τδν
995 1060 1153 1126 λόγον
1190 1080 1293 1131 μου
1330 1067 1813 1137 τηρήσῃ,θάνατον
1847 1072 1907 1123 οὐ
1945 1072 2019 1141 μὴ

448 1137 700 1209 θεωρήσῃ
732 1145 811 1205 εἰς
841 1145 934 1196 τὸν
963 1148 1131 1201 αἰῶνα
1156 1165 1171 1181 '
1196 1156 1291 1207 καὶ
1325 1154 1558 1223 ἀλλαχοῦ
1591 1158 1671 1209 ὅτι
1725 1137 2019 1228 Ἀφέωνταί

452 1244 535 1280 σοι
559 1231 614 1281 αἱ
640 1233 931 1303 ἁμαρτίαι.
961 1240 1141 1312 ’Ἄπερ
1167 1243 1501 1314 Θεωροῦντες
1539 1249 1590 1300 οἱ
1634 1251 1876 1302 Ἰουδαῖοι
1910 1251 2024 1302 ἔλε-

452 1338 547 1386 γον
576 1328 712 1390 πρὸς
744 1329 929 1395 αὐτὸν,
980 1333 1115 1385 Τίνα
1141 1338 1366 1388 σεαυτὸν
1425 1343 1604 1402 ποιεῖς
1630 1358 1645 1405 ;
1702 1341 2024 1410 ’Ἄνθρωπος

456 1420 533 1465 ὢν
584 1420 761 1479 ποιεῖς
816 1424 1044 1478 σεαυτὸν
1073 1426 1240 1492 Θεόνς
1278 1428 1343 1479 Τί
1376 1431 1432 1481 δὲ
1473 1432 1500 1481 6
1545 1432 1783 1499 Χριστὸς
1837 1430 2023 1498 εἴπενς

465 1505 526 1556 '0
553 1512 826 1564 πιστεύων
860 1516 940 1574 είς
971 1517 1072 1583 ἐμὲ
1110 1537 1126 1568 ι
1152 1521 1254 1572 κᾶν
1291 1521 1560 1593 ἀποθάνῃ,
1615 1524 1878 1593 ζήσεταιο
1932 1528 2028 1577 καὶ⁸

452 1595 641 1666 ῶσπερ
671 1602 698 1651 6
731 1603 919 1673 Πατὴρ
950 1607 1161 1677 ἐγείρει
1191 1612 1318 1673 τοὺς
1350 1614 1581 1682 νεκροὺς
1614 1616 1709 1667 καὶ
1746 1616 2025 1679 ζωοποιεῖ,

452 1687 626 1751 οὕτως
655 1694 751 1745 καὶ
775 1694 803 1745 6
832 1695 957 1757 Υἱὸς
985 1695 1078 1757 οὒς
1109 1698 1253 1752 θέλει
1275 1699 1575 1762 ζωοποιεῖ·
1604 1705 1699 1755 καὶ
1728 1704 1811 1755 ὅτι
1830 1705 2020 1767 Οὐδεὶς

453 1776 561 1833 οἶδε
592 1784 683 1835 τὸν
719 1786 846 1838 Υἱδν
874 1790 922 1839 εί
958 1790 1031 1859 μὴ
1060 1793 1087 1843 6
1125 1792 1335 1861 Πατὴρ,
1401 1794 1521 1846 οὐδὲ
1556 1795 1647 1846 τὸν
1686 1797 1904 1866 Πατέρα
1934 1764 2016 1860 τιξ
2053 1764 2094 1817 Β

454 1873 699 1943 ἑώρακεν
730 1879 778 1928 εἰ
818 1878 892 1947 μὴ
926 1880 953 1931 6
985 1880 1109 1941 Υἱὸς
1145 1887 1238 1933 καὶ
1271 1874 1314 1948 ᾧ
1349 1883 1596 1952 βούλεται
1640 1888 1667 1938 6
1712 1888 1839 1948 Υἱὸς
1883 1891 2020 1942 ἀπο·

455 1965 715 2031 καλύψαι.
746 1986 764 2018 ι
808 1968 865 2020 '0
891 1968 1022 2035 γοῦν
1044 1971 1278 2039 Χριστὸς
1303 1973 1465 2043 330
1488 1978 1517 2028 6
1538 1976 1710 2044 λέγων
1731 1979 1902 2032 ταῦτα
1930 1979 2023 2032 καὶ

454 2055 721 2108 διδάσκων
752 2060 878 2121 τοὺς
898 2060 1224 2129 ἀνθρώπους
1280 2065 1581 2134 ἐρωτηθεὶς
1642 2068 1838 2137 ἔμελλε
1883 2069 2018 2139 κρύ-

453 2146 575 2207 ψειν
614 2146 711 2215 τὴν
751 2148 1007 2218 ἀλήθειαν
1038 2169 1052 2216 ;
1081 2153 1189 2206 Καὶ
1251 2156 1405 2218 ποῖος
1443 2158 1633 2227 ἄφρων
1674 2161 1767 2212 καὶ
1818 2162 2022 2230 εὐήθης

454 2236 717 2291 ὑπολάϐοι
772 2242 969 2307 τοῦτο;
1031 2245 1090 2297 Ei
1142 2246 1249 2316 γὰρ
1303 2248 1402 2299 οὐκ
1459 2245 1526 2318 ἦν
1563 2249 1694 2314 Θεὸς
1754 2253 1850 2304 καὶ
1894 2253 2022 2315 Υἱὸς

455 2327 616 2393 Θεοῦ,
652 2331 752 2383 οὐκ
780 2332 845 2384 ἂν
881 2330 1039 2386 εἶπον
1071 2337 1218 2405 αὐτῷ
1243 2339 1292 2389 οἱ
1331 2339 1573 2408 μαθηταὶ
1615 2341 1781 2394 αὐτοῦ
1815 2344 2025 2413 ἐρωτη-

456 2422 645 2477 θέντες
683 2424 817 2492 παρ’
847 2425 1035 2489 αὐτοῦ,
1077 2428 1211 2481 Τίνα
1260 2446 1327 2497 με
1368 2431 1618 2496 λέγουσιν
1650 2432 1699 2485 οἱ
1742 2433 2022 2503 ἄνθρωποι

456 2509 597 2566 εἶναι
628 2516 719 2567 τὸν
741 2515 868 2568 Υίὸν
894 2516 988 2569 τοῦ
1021 2518 1311 2589 ἀνθρώπου
1334 2540 1347 2585 ;
1380 2523 1477 2575 καὶ
1500 2517 1656 2576 εἷπον
1690 2527 1831 2595 πρὸς
1856 2527 2020 2579 αὐτὸν

454 2605 538 2658 ὅτι
566 2606 632 2660 Oi
668 2608 766 2676 μὲν
804 2607 1056 2675 λέγουσιν
1102 2603 1243 2663 εἷναί
1276 2630 1335 2664 σε
1363 2614 1572 2678 Ἠλίαν,
1602 2616 1651 2667 οἱ
1672 2617 1727 2669 δὲ
1746 2617 2024 2688 Ἰερεμίαν

452 2701 485 2769 ἦ
516 2699 613 2752 ἕνα
638 2701 745 2753 τῶν
773 2703 1093 2772 προφητῶν.
1129 2705 1239 2757 Καὶ
1290 2701 1445 2763 εἶπεν
1501 2708 1686 2783 αὐτοῖς
1716 2710 1744 2762 6
1782 2710 2022 2779 Χριστός

460 2812 476 2840 ι
497 2849 501 2853 ν
523 2792 715 2862 Ὑμεῖς
751 2793 807 2846 δὲ
830 2795 951 2847 τίνα
985 2813 1051 2864 με
1078 2796 1266 2863 λέγετε
1295 2795 1477 2865 εἴναις
1509 2817 1529 2850 ι
1563 2799 1675 2851 Καὶ
1708 2801 2023 2868 ἀποκριθεὶς

453 2888 481 2936 6
508 2886 711 2952 Πέτρος
741 2885 896 2941 εἶπεν
954 2890 1103 2959 αὐτῷ
1137 2892 1219 2944 ὅτι
1264 2892 1335 2945 Σὺ
1378 2887 1428 2944 εἴ
1451 2894 1478 2945 6
1537 2894 1773 2962 Χριστὸς
1807 2896 1836 2946 6
1894 2894 2023 2956 Υἱὸς

390 2994 393 2995 ⁷
455 2976 549 3029 τοῦ
584 2978 720 3029 Θεοῦ
750 2980 844 3032 τοῦ
876 2980 1103 3043 ζῶντος.
1139 2983 1373 3051 Ἔμελλε
1394 2985 1500 3052 γὰρ
1525 2985 1700 3036 εἰπεῖν
1732 2987 1759 3036 6
1784 2985 2020 3053 Χριστὸς

2114 528 2305 595 ἔμελλε
2346 530 2618 582 διδάσκειν
2670 532 2866 593 αὐτοὺς
2901 533 2948 583 εί
2989 531 3064 599 μὴ
3114 532 3213 599 τῆν
3256 529 3576 598 ἀλήθειανς
3646 528 3732 578 Τί

2115 621 2245 687 γοῦν
2270 618 2420 672 εἶπεν
2454 624 2481 673 6
2529 609 2763 689 Χριστὸς
2792 623 2867 690 τῷ
2898 623 3105 690 Σίμωνι
3142 623 3375 690 Πέτρῳς
3418 639 3438 669 ι
3497 618 3731 673 Μικά-

2119 728 2232 780 ριος
2266 706 2337 773 εἴ,
2377 703 2561 780 Σίμων
2586 704 2683 764 Υἱὲ
2708 712 2804 764 τοῦ
2848 715 3024 775 Ἰωνᾶ,
3080 714 3164 765 ὅτι
3216 712 3353 781 σὰρξ
3421 714 3520 761 καὶ
3552 694 3732 776 nisi:

2116 803 2214 853 οὐκ
2243 802 2561 870 ἀπεκάλυψὲ
2590 820 2695 867 σοι,
2751 804 2868 855 ἀλλ’
2916 807 2943 855 6
3000 804 3190 872 Πατήρ
3251 819 3350 869 μου
3402 804 3430 853 6
3465 802 3527 852 ὲν
3580 800 3731 858 τοῖς

2116 892 2385 960 οὐρανοῖς.
2422 910 2439 943 ι
2486 896 2599 945 Οὐκ
2638 894 2849 959 ἀγνοῶν
2887 894 2943 945 δὲ
2995 891 3183 962 ἠρώτα
3220 894 3246 945 6
3307 889 3554 957 Χριστὸς
3590 887 3731 957 τδνί

2119 985 2325 1054 Πέτρον
2351 977 2411 1036 τδ
2438 986 2558 1038 τίνα
2590 987 2839 1051 λέγουσιν
2894 986 3056 1037 αύτῖιν
3084 985 3132 1036 οξ
3182 984 3463 1052 ἂνθρωποι
3499 978 3666 1034 εἶναι
3699 970 3729 1010 ’λ

2121 1076 2238 1129 ἀλλ’
2261 1076 2451 1145 ὥσπερ
2482 1078 2575 1129 ἐπὶ
2600 1077 2693 1129 τοῦ
2720 1077 2975 1144 Λαζάρου
3008 1077 3113 1143 πρὸ
3154 1076 3248 1127 τοῦ
3282 1075 3518 1128 θανάτου
3546 1061 3725 1125 ἐκεί-

2124 1183 2216 1219 νου
2277 1164 2496 1230 έλεγενο
2528 1184 2562 1243 ~i
2603 1166 2849 1229 Λάζαρος
2885 1167 2911 1216 6
2961 1164 3112 1231 φίλος
3163 1163 3320 1232 ήμῶν
3369 1163 3669 1215 ἀπέθανεν
3703 1178 3719 1190 ·

2121 1256 2260 1309 ἀλλά
2295 1257 2604 1324 πορεύομαι
2637 1257 2961 1322 ἀναστήσων
3006 1255 3195 1317 αὑτὸν,
3237 1271 3255 1304 ι
3291 1253 3591 1321 πορευθεὶς
3647 1251 3720 1301 δὲ

2124 1347 2352 1417 ἠρώτα·
2392 1364 2410 1397 ι
2446 1345 2558 1398 Ποῦ
2620 1337 2905 1398 τεθείκατέ
2958 1348 3215 1409 αὐτόν;ι
3283 1346 3403 1396 εἶτα
3462 1344 3723 1411 ἐξουσίᾳ.

2126 1439 2353 1506 ἐλάλησε
2377 1454 2392 1470 ⁶
2430 1457 2449 1490 ι
2496 1436 2734 1506 Λάζαρε,
2768 1438 2927 1509 δεῦρο
2957 1437 3081 1501 ἔξω,
3123 1456 3141 1488 ι
3192 1436 3283 1489 καὶ
3315 1428 3647 1502 ὑπήκουσεν
3684 1436 3718 1485 6

2126 1530 2332 1589 ἄπνους
2383 1528 2461 1595 τῷ
2502 1529 2595 1581 τοῦ
2650 1529 2858 1597 Κυρίου
2915 1529 3317 1595 προστάγματι,
3353 1526 3718 1586 δεικνύοντος

2127 1617 2220 1670 τοῦ
2250 1618 2491 1687 Χριστοῦ
2531 1619 2631 1687 τήν
2680 1634 2739 1668 τε
2794 1617 2959 1670 αὑτοῦ
2997 1617 3227 1685 θεότητα
3256 1617 3350 1669 καὶ
3396 1615 3709 1684 ἀνθρωπό-

2128 1726 2263 1780 τητα
2299 1725 2313 1738 ·
2343 1706 2487 1760 οὕτω
2536 1708 2677 1760 κατὰ
2726 1708 2787 1760 τὸ
2831 1708 3007 1778 παρδν
3067 1707 3221 1777 331
3261 1706 3513 1775 ἠρώτησε
3553 1706 3711 1772 πρὶς

2119 1804 2248 1864 τοὺς
2286 1801 2556 1869 μαθητὰς,
2598 1801 2685 1853 ἵνα
2711 1800 2861 1869 δείξῃ
2887 1801 3079 1851 ἑαυτδν
3104 1800 3241 1851 Θεὸν
3269 1801 3363 1850 καὶ
3392 1798 3703 1865 ἄνθρωπον

2128 1894 2221 1946 καὶ
2258 1892 2344 1945 ἵνα
2375 1893 2438 1942 ἐκ
2475 1891 2666 1943 τούτου
2718 1891 2858 1942 κατά
2905 1890 3102 1957 μικρὸν
3154 1889 3462 1954 ἀνάγωνται
3512 1888 3596 1949 εἰς
3630 1887 3703 1937 τ’)

2128 1985 2258 2053 ὕψος
2292 1983 2391 2051 τῆς
2421 1982 2656 2049 ἀληθοῦς
2687 1980 2960 2048 γνώσεως.
3007 1980 3170 2032 Ἀλλά
3196 1980 3257 2041 δὴ
3297 1980 3392 2031 καὶ¹
3424 1980 3566 2045 μετά
3590 1977 3701 2045 τὴν

2123 2073 2425 2126 ἀνάστασιν
2451 2071 2502 2124 τί
2525 2066 2677 2122 εἶπεν
2709 2072 2737 2121 6
2765 2070 2990 2138 Θωμᾶς,
3024 2065 3103 2132 εἷς
3130 2068 3204 2122 ὣν
3240 2072 3332 2121 καὶ
3377 2070 3540 2129 αὐτὸς
3570 2068 3694 2120 τῶν

2126 2166 2339 2219 δώδεκα
2389 2164 2668 2233 μαθητῶν,
2737 2163 3073 2233 ψηλαφήσας
3131 2163 3232 2232 τὴν
3286 2161 3535 2227 πλευρὰν
3592 2158 3699 2211 τοῦ

2120 2255 2644 2326 Χριστοῦ;Πάντως
2672 2256 2770 2308 καὶ
2803 2255 2965 2317 αὐτὸς
3004 2254 3179 2314 οῦτως
3226 2255 3453 2323 εἴρηκεν
3481 2258 3496 2280 ⁸
3555 2272 3574 2301 c
3625 2252 3702 2302 ⁸0

2128 2350 2333 2419 Κύριός
2373 2367 2473 2419 μου
2512 2351 2605 2401 καὶ
2636 2352 2664 2401 6
2690 2342 2822 2409 Θεός
2859 2358 2982 2415 μου.
3047 2362 3063 2399 ι
3108 2347 3172 2398 Τί
3224 2347 3350 2414 γοῦν
3399 2362 3536 2413 φησι
3595 2345 3700 2395 καὶ

2129 2444 2266 2513 πρὸς
2286 2443 2449 2496 αὑτὸν
2465 2443 2492 2493 6
2514 2440 2748 2510 Χριστός
2770 2458 2783 2505 ;
2812 2441 2924 2492 Οὐκ
2947 2438 3098 2493 εἶπεν
3121 2439 3266 2509 αὐτῷ
3290 2455 3303 2468 ·
3329 2438 3542 2491 Παῦσαι
3560 2436 3697 2506 βλα-

2130 2532 2364 2603 σφημῶν
2398 2542 2411 2556 ·
2444 2530 2580 2583 ἀλλὰ
2609 2529 2701 2593 τί;
2750 2548 2768 2581 ι
2815 2528 3102 2596 Ἑώρακας
3136 2546 3204 2598 με
3240 2528 3337 2580 καὶ
3392 2528 3701 2580 πεπίστευο

2132 2639 2277 2684 καςο
2310 2624 2572 2691 μακάριοι
2599 2622 2647 2673 oi
2701 2621 2776 2690 μὴ
2820 2621 3018 2683 ἰδόντες
3072 2623 3168 2672 καὶ
3216 2617 3626 2679 πιστεύσαντες.
3671 2634 3695 2668 ι

2142 2715 2306 2768 Ἀλλά
2331 2715 2425 2767 καὶ
2462 2715 2518 2765 ὲν
2545 2715 2608 2783 τῇ
2645 2715 2786 2782 ἀρχῇ
2816 2712 2910 2765 τοῦ
2966 2712 3327 2781 κηρύγματος
3375 2710 3427 2761 τί
3456 2706 3611 2761 εἶπεν
3667 2700 3700 2760 6

2131 2802 2428 2872 Ναθαναὴλ
2448 2802 2903 2868 νομοδιδάσκαλος
2933 2802 3041 2855 τῶν
3085 2801 3358 2853 Ἰουδαίων
3384 2799 3459 2852 ὢν
3479 2819 3494 2866 ;
3518 2798 3701 2868 Ἦρὼ·

2129 2914 2299 2969 τησεν
2336 2894 2501 2948 αὐτὸν
2539 2895 2662 2947 ὅσον
2711 2894 2871 2963 ἧθελε
2906 2897 3003 2948 καὶ
3037 2892 3326 2946 ἐϐούλετο’
3367 2892 3607 2954 ἀκούσας
3634 2891 3697 2943 δὲ

2135 2987 2266 3059 παρ’
2296 2988 2462 3042 αὐτοῦ
2496 2987 2589 3040 τοῦ
2630 2986 2870 3058 Χριστοῦ
2922 2985 2958 3039 ἃ
3012 2976 3159 3055 εἶχεν
3204 2986 3491 3057 ἀπόρρητα
3534 2986 3594 3035 ὲν
3624 2985 3693 3052 τῇ

456 3068 534 3136 τῷ
570 3070 770 3173 Πέτξηξ
803 3070 890 3173 ἔτι
935 3071 1310 3173 Πεπλόξνησαι.
1379 3074 1721 3144 βλασφήμως
1768 3075 2016 3144 εἴρηκας,
2048 3116 2091 3173 C
2134 3081 2332 3151 καρδίᾳ
2350 3078 2798 3146 αὑτοῦ,λέγειτῷ
2813 3077 3009 3147 Ἰησοῦ·
3034 3070 3134 3130 «Σὺ
3158 3072 3394 3136 εῐὸΥίὺς
3415 3075 3510 3129 τοῦ
3528 3073 3691 3135 Θεοῦ,

458 3160 643 3221 κακῶς
692 3160 1030 3230 λελάληκας·
1071 3152 1170 3216 οῦκ
1224 3168 1338 3234 είμι
1384 3165 1508 3228 Υἱὸς
1548 3164 1854 3221 Θεοῦ.Καὶ
1908 3165 2018 3235 γὰρ

459 3356 583 3396 eum
616 3342 812 3396 Filium
843 3342 935 3398 Dei
964 3352 1017 3399 et
1052 3345 1215 3399 Deum
1253 3352 1306 3399 et
1349 3346 1623 3399 hominem
1644 3361 1764 3400 esse
1790 3346 2021 3401 demon-

457 3445 664 3487 strant:
690 3444 851 3503 alque
879 3436 988 3489 illis
1018 3434 1241 3500 relictis,
1286 3436 1393 3490 alia
1430 3437 1722 3505 singularia
1776 3437 2020 3504 quaedam

460 3510 1029 3581 commemorabimus.
1062 3526 1177 3581 lloc
1217 3536 1398 3580 tamen
1424 3528 1675 3589 manebo,
1731 3542 1837 3580 non
1859 3525 2020 3581 aliam

464 3619 536 3672 ob
575 3633 796 3672 causam
823 3617 1038 3673 Jndteos
1066 3618 1346 3673 Christum
1371 3619 1520 3673 cruci
1554 3619 1813 3682 aﬂixisse,
1846 3632 2012 3687 quam

459 3710 605 3776 quod
632 3708 800 3765 Deum
829 3726 908 3769 se.
934 3710 1209 3765 hominem
1258 3719 1310 3765 et
1334 3710 1427 3765 Dei
1473 3709 1671 3764 Filium
1706 3725 1828 3765 esse
1883 3725 2021 3778 prae-

460 3802 669 3855 dicaret
694 3818 710 3868 ;
738 3810 791 3856 et
824 3802 1004 3857 dicere
1034 3802 1288 3857 eumdem
1321 3802 1472 3866 alibi,
1496 3802 1588 3871 qui
1613 3802 1789 3871 ipsum
1820 3802 2023 3867 videat,

459 3911 583 3949 eum
609 3886 820 3951 Patrem
846 3910 1005 3951 suum
1033 3895 1213 3951 videre
1237 3911 1251 3961 ;
1279 3895 1428 3958 alibi,
1463 3909 1519 3949 se
1548 3904 1602 3950 et
1618 3896 1827 3949 Patrem
1856 3909 2025 3949 unum

460 4003 602 4053 esse;
629 3987 779 4052 alibi,
807 3986 850 4041 si
879 4001 938 4042 se
969 4001 1279 4050 nossemus,
1308 4002 1470 4042 nosse
1495 4001 1596 4055 nos
1618 3986 1856 4052 Patrem;
1876 3987 2026 4050 alibi,

461 4080 509 4134 si
540 4079 665 4150 quis
710 4087 980 4148 praacepta
1021 4094 1118 4133 sua
1175 4079 1505 4142 observarit,
1559 4095 1682 4133 eum
1737 4095 2019 4144 nunquam

461 4182 688 4227 mortem
725 4171 993 4236 visurum;
1032 4170 1163 4224 alibi
1219 4170 1457 4238 denique
1522 4178 1727 4238 πει-οιο
1785 4169 2026 4234 cuidam,

465 4266 691 4332 peccata
726 4264 1032 4318 condonata
1069 4262 1115 4316 ei
1150 4275 1292 4317 esse.
1336 4260 1467 4326 Quae
1518 4276 1641 4315 cum
1688 4260 2069 4315 animadver-°

462 4362 643 4409 terent
670 4352 863 4418 Judaei,
889 4360 1170 4420 rogarunt,
1209 4350 1421 4418 qualem
1461 4365 1518 4405 se
1583 4350 1823 4405 faceret?
1850 4365 2028 4404 annon

2125 3174 2189 3226 σὺ
2223 3169 2271 3225 εἶ
2306 3175 2333 3224 6
2365 3172 2623 3241 βασιλεὺς
2653 3171 2746 3224 τοῦ
2771 3171 3015 3240 Ἰσραήλ.
3064 3189 3083 3220 ι
3144 3170 3517 3238 Ἐπετίμησεν
3556 3165 3693 3234 γοῦν

2121 3354 2280 3409 Certe
2300 3353 2514 3421 quidem
2549 3352 2796 3406 Christus
2833 3351 3052 3405 Petrum
3094 3349 3399 3404 moniturus
3423 3357 3538 3401 erat
3593 3346 3666 3398 ita

2125 3446 2237 3500 fere
2279 3463 2295 3500 :
2336 3462 2354 3496 ι
2390 3444 2618 3506 Errasti,
2674 3443 2839 3511 impie
2892 3442 3099 3503 dixisti,
3151 3436 3291 3495 male
3333 3435 3548 3493 locutus
3589 3452 3687 3500 es;

2132 3546 2243 3592 nan
2281 3551 2399 3588 sum
2439 3534 2583 3586 enim
2615 3528 2784 3585 Filius
2836 3519 2949 3583 Dei.
2985 3546 3004 3581 ι
3066 3528 3265 3582 Deinde
3325 3542 3445 3581 cum
3500 3540 3683 3579 eorum

2127 3629 2385 3697 magister
2422 3634 2565 3678 esset
2625 3623 2897 3687 Christus,
2923 3621 3050 3689 quid
3075 3620 3240 3685 aliud,
3266 3618 3366 3673 nisi
3409 3618 3685 3670 Veritatem

2128 3739 2226 3777 eos
2248 3717 2686 3782 docebat‘rQnid
2723 3726 2903 3768 autem
2964 3713 3175 3767 Simoni
3232 3708 3394 3766 Petro
3438 3710 3683 3764 Christus

2126 3812 2310 3868 dixit?
2336 3829 2353 3861 ι
2388 3810 2587 3863 Beatus
2617 3822 2696 3872 es,
2734 3806 2905 3869 Simo,
2929 3802 3081 3859 Jouae
3113 3804 3210 3865 ﬁli,
3256 3802 3398 3870 quod
3427 3814 3531 3855 non
3562 3815 3682 3854 caro

2128 3913 2223 3958 aut
2255 3901 2476 3968 sanguis
2497 3900 2640 3954 istud
2675 3898 2767 3951 tibi
2796 3898 3027 3962 aperuit,
3067 3896 3160 3949 sed
3203 3895 3361 3948 Pater
3397 3906 3569 3956 meus,
3593 3890 3679 3958 qui

2129 3995 2184 4049 in
2213 3994 2367 4048 cmlis
2385 4000 2486 4045 est.
2526 4007 2545 4041 ι
2575 3988 2725 4042 Haud
2758 3988 2969 4041 inscius
3010 3987 3288 4040 Christum
3336 3983 3547 4038 Petrum
3601 3984 3675 4034 in-

2129 4083 2446 4153 terrogavit,
2483 4081 2699 4148 qualem
2724 4095 2782 4133 se
2831 4078 3081 4131 homines
3109 4092 3228 4131 esse
3257 4078 3535 4134 dicerent,
3585 4071 3669 4124 sed

2129 4176 2270 4230 sicut
2297 4175 2364 4228 de
2399 4174 2606 4226 Lazaro
2640 4179 2767 4224 ante
2798 4177 3029 4223 mortem
3054 4168 3172 4238 ejus
3204 4166 3375 4221 dixit:
3416 4184 3435 4215 ε
3457 4164 3669 4217 Lazarus

2132 4268 2344 4321 amicus
2375 4274 2583 4325 noster,
2618 4272 2870 4315 mortuus
2897 4269 3015 4322 est;
3057 4259 3151 4312 sed
3177 4272 3301 4311 eum
3366 4255 3671 4310 suscitatnm

2138 4359 2500 4430 proﬁciscor;
2537 4375 2553 4406 ι
2585 4355 2782 4409 deinde
2814 4351 3089 4421 profectus
3109 4349 3502 4417 interrOgavit:
3545 4365 3563 4397 ι
3591 4343 3684 4400 Ubi

464 4447 632 4501 Deum
671 4460 729 4499 50
760 4442 987 4507 faceret,
1006 4459 1128 4498 cum
1166 4444 1326 4527 Ιιοῐηρ
1355 4442 1541 4497 9858!?
1571 4440 1708 4506 011Ῐά
1734 4450 1845 4495 tum
1874 4441 2033 4495 (Ἇιΐί-
2064 4454 2108 4508 ι)
2137 4466 2259 4505 eum
2292 4447 2686 4503 collocastis?)
2719 4456 2879 4515 atque
2901 4446 3046 4499 clara
3074 4456 3207 4497 voce
3229 4442 3517 4497 clamavit:
3548 4456 3565 4489 ι
3594 4437 3688 4491 La-

463 4547 579 4593 stus
612 4538 633 4590 ?
663 4554 681 4587 ι
708 4535 835 4590 Mihi
874 4537 963 4604 qui
1026 4534 1184 4587 ﬁdem
1232 4532 1415 4598 habet,
1443 4533 1609 4597 vivet,
1635 4532 1850 4586 etiamsi
1899 4547 2057 4592 mor-_
2145 4557 2291 4605 zare,
2327 4540 2587 4594 adesdum
2625 4538 2809 4603 foras;
2838 4558 2857 4591 ι
2885 4538 3044 4608 etqni
3073 4539 3342 4592 exanimis
3372 4536 3566 4596 fuerat,
3596 4548 3686 4585 att-

466 4642 593 4685 tuus
621 4632 727 4698 sit;
759 4630 906 4685 sicut
951 4628 1111 4683 Pater
1155 4627 1383 4683 suscitat
1436 4633 1485 4682 et
1527 4626 1580 4680 in
1621 4628 1789 4680 vitam
1820 4634 2044 4680 revocat

467 4725 758 4789 cadavera,
798 4725 871 4777 ita
897 4721 1072 4777 FlliUS
1109 4735 1513 4791 quoque,quos
1564 4720 1665 4788 ipsi
1699 4720 2041 4789 plaeet:.ne-

469 4831 558 4870 Ino
592 4815 789 4869 Filium
818 4816 991 4879 novit,
1028 4814 1129 4867 nisi
1167 4813 1348 4875 Pater,
1380 4827 1477 4866 nec
1502 4812 1714 4865 Patrem
1736 4813 2035 4879 quisquam

464 4909 622 4971 vidit,
651 4907 758 4960 nisi
789 4907 983 4969 Filius,
1014 4918 1066 4960 et
1101 4906 1250 4961 sicui
1272 4904 1472 4972 detegit
1502 4903 1692 4959 Filius.
1724 4922 1743 4955 ι
1772 4900 1890 4957 Jam
1911 4917 2041 4957 vero

478 4998 572 5062 qui
607 4997 732 5049 talia
757 4996 1041 5050 diceretet
1072 4995 1320 5049 homines
1338 4993 1558 5048 doceret
1613 4993 1891 5058 Christus,
1939 5006 2037 5048 ve-

468 5102 665 5141 rumne
699 5086 981 5141 celaturus
1006 5087 1165 5141 erat?
1197 5085 1331 5150 Quis
1374 5086 1448 5139 ita
1482 5086 1684 5139 stultus
1719 5095 1767 5139 et
1817 5084 2038 5154 ineptus

470 5181 563 5245 sit,
595 5180 739 5234 iStu'd
782 5186 841 5231 ul
863 5179 1085 5232 credat?
1111 5177 1247 5231 Nam
1282 5179 1385 5232 nisi
1446 5178 1587 5232 Deus
1619 5188 1673 5232 et
1704 5178 1878 5232 Filius
1940 5176 2033 5233 Dei

469 5281 610 5338 erat,
654 5270 905 5339 discipuli
959 5272 1077 5340 ejus
1136 5270 1204 5322 ah
1250 5270 1368 5338 ipso
1415 5270 1758 5340 interrogati,
1815 5271 2031 5339 qualem

470 5361 712 5416 hominis
738 5359 931 5413 Filium
961 5373 1084 5413 esse
1104 5359 1350 5412 homines
1379 5360 1645 5425 dicerent,
1676 5374 1780 5431 non
1809 5375 2035 5428 respon-

466 5456 580 5509 suri
611 5462 787 5520 erant,
812 5453 949 5509 alios
975 5469 1098 5508 eum
1132 5452 1330 5515 Eliam,
1364 5454 1503 5507 alios
1530 5452 1822 5508 Jeremiam
1849 5462 1941 5506 aut
1966 5453 2033 5507 de

467 5548 747 5617 prophetis
781 5548 1014 5615 aliquem
1040 5561 1161 5599 esse
1186 5546 1522 5607 existimare,
1563 5560 1684 5610 nec,
1718 5559 1840 5598 cum
1865 5544 2030 5599 Chri-

464 5648 583 5693 stus
630 5641 1050 5707 interrogasset,
1097 5653 1258 5707 quem
1295 5637 1397 5705 ipsi
1446 5653 1503 5691 se
1546 5652 1669 5691 esse
1717 5637 2024 5697 crederent,

468 5727 719 5782 dicturus
744 5728 957 5797 Petrus,
980 5744 1104 5783 cum
1123 5728 1399 5784 Christum
1421 5742 1559 5792 esse,
1581 5727 1776 5779 Filium
1796 5727 1887 5779 Dei
1906 5727 2030 5778 vivi.

2143 4630 2391 4687 scnltavit
2426 4630 2653 4699 imperio
2691 4627 2922 4691 Domini,
2981 4626 3202 4681 Christo
3240 4627 3551 4681 declarante
3577 4635 3677 4676 tum

2141 4724 2402 4787 divinam,
2440 4731 2550 4775 tum
2579 4721 2872 4773 humanam
2909 4727 3161 4772 naturam
3211 4732 3362 4770 suam
3398 4734 3411 4769 :
3447 4716 3519 4768 ita
3570 4723 3685 4765 tunc

2142 4829 2356 4884 quoque
2396 4812 2697 4880 discipulos
2727 4810 3102 4876 interrogavit,
3153 4817 3214 4862 ut
3245 4807 3412 4861 Deum
3439 4816 3494 4859 et
3523 4802 3686 4857 homi-

2142 4920 2261 4959 nem
2298 4919 2357 4959 se
2378 4920 2501 4959 esse
2521 4902 2855 4968 ostenderet,
2878 4916 3084 4971 eosque
3140 4900 3267 4953 hinc
3330 4897 3583 4967 paulatim
3622 4895 3679 4946 ad

2139 5010 2281 5050 verae
2305 4995 2636 5065 eOgnitionis
2678 4993 3020 5048 altitudinem
3085 4992 3360 5046 eveheret.
3410 4990 3683 5043 Enimvero

2140 5090 2268 5159 quld
2297 5098 2414 5159 past
2440 5087 2897 5142 resurrectionem
2923 5086 3167 5140 Thomas
3202 5084 3362 5145 dixit,
3392 5084 3483 5150 qui
3515 5092 3563 5134 et
3584 5080 3687 5149 ipse

2140 5198 2284 5236 unus
2315 5197 2346 5237 e
2383 5182 2673 5237 duodecim
2702 5178 2987 5247 discipulis
3010 5186 3149 5243 erat,
3179 5183 3472 5230 attrectato
3535 5174 3682 5226 latere

2138 5271 2381 5326 Christi?
2411 5271 2609 5340 Utique
2643 5272 2687 5326 is
2710 5284 2926 5341 quoque
2963 5270 3033 5322 ita
3064 5268 3201 5322 dixit
3234 5286 3247 5320 :
3286 5283 3304 5317 ι
3347 5266 3571 5319 Domine
3594 5263 3677 5324 mi,

2137 5374 2187 5419 et
2230 5363 2369 5419 Deus
2399 5364 2494 5417 nti.
2528 5383 2547 5413 ι
2584 5364 2687 5417 Ant
2721 5363 2847 5432 quid
2882 5360 3081 5416 deinde
3115 5360 3190 5413 illi
3216 5358 3513 5413 Christus?
3572 5354 3676 5408 Non

2134 5456 2296 5524 jussit
2351 5455 2597 5525 profecto
2635 5469 2757 5509 eum
2806 5453 3082 5519 abstinere
3147 5450 3522 5519 blasphemiis,
3573 5446 3677 5508 sed,

2141 5563 2159 5594 (
2197 5545 2385 5599 Vidisti
2416 5560 2533 5609 me,
2566 5545 2762 5611 inquit,
2814 5554 2869 5597 et
2897 5542 3212 5606 credidisti;
3260 5539 3398 5595 beati
3450 5538 3547 5599 illi,
3596 5533 3681 5603 qui

2136 5652 2245 5689 non
2290 5636 2541 5690 viderunt
2573 5645 2628 5689 et
2649 5636 3000 5693 crediderunt
3027 5644 3232 5688 tamen.
3276 5650 3293 5681 ι
3336 5632 3437 5684 Ant
3488 5627 3611 5697 quid
3632 5627 3679 5681 in

2137 5726 2404 5796 principio
2437 5726 2792 5782 institutionis
2840 5725 3163 5791 Nathanael,
3210 5728 3369 5782 homo
3403 5719 3541 5790 legis
3595 5716 3676 5774 τὶιιε
