4066 6296
351 378 461 443 917

1356 376 1797 439 CHRONICON
1830 376 2099 440 MAJUS.
2128 400 2200 413 --
2234 374 2380 434 LIB.
2426 373 2523 437 IV.

3478 357 3588 422 018

344 492 501 562 αὐτῷ
534 491 824 562 όΧριστδς
855 491 929 554 ὡς
957 488 1141 551 κακῶς
1171 488 1463 557 λαλήσαντι
1492 506 1505 553 ;
1565 487 1723 559 Οὐχὶ,
1782 488 1918 542 ἀλλά
1950 495 1998 554 Α
2026 486 2284 557 βασιλεὺς
2322 480 2373 536 εἴ
2407 484 2470 537 σύ
2498 501 2512 543 ;
2557 502 2575 534 ι
2614 482 2914 552 Ἀπεκρίθη
2951 481 2978 532 6
3034 478 3269 550 Χριστός
3294 491 3307 505 ’
3341 494 3356 525 ι
3394 475 3463 527 Σὺ
3496 475 3589 527 λέ-

344 587 399 637 τί
427 587 577 653 λέγει
606 582 757 653 αὐτῷ
784 586 811 637 6
838 582 1068 653 Χριστός
1109 600 1125 648 ;
1150 600 1169 632 ι
1213 581 1336 633 Ὅτι
1366 579 1520 633 εἶπόν
1547 598 1628 632 σοι
1658 580 1725 632 τὰ
1744 579 1921 649 ἀπόρ-

354 682 497 750 ρητα
529 676 628 742 τῆς
678 675 905 743 καρδίας
950 690 1043 725 σου
1091 672 1405 736 mata-tiam;
1431 671 1671 735 Μείζονα
1714 671 1920 724 τούτων

347 771 494 838 ὄψει,
538 787 555 819 ι
590 770 700 820 Καὶ
730 770 812 821 ὅτι
847 767 944 835 μὲν
971 765 1270 835 ἐρωτηθεὶς
1307 765 1459 834 παρά
1497 764 1591 818 103
1638 764 1870 816 Πιλάτου
1893 765 1921 815 ό

348 860 592 931 Χριστὸς
666 861 891 931 εἴρηκεν
949 858 1032 910 ὅτι
1093 859 1167 909 Σὺ
1226 853 1408 921 εἶπας,
1468 854 1626 907 τοῦτο
1678 854 1921 908 τοιοῦτόν

346 958 522 1020 ἐστιν,
554 954 671 1006 ἀλλ’
704 953 804 1005 οὐκ
826 951 973 1005 ἔστιν
1010 950 1289 1019 ἀρνήσεως
1339 948 1517 1015 λόγος,
1548 946 1679 999 ἀλλά
1717 963 1923 1012 συγκα-

348 1047 622 1108 ταθέσεως
653 1046 749 1097 καὶ
770 1043 1088 1112 ὁμολογίας,
1114 1044 1207 1095 καὶ
1256 1040 1445 1109 ὥσπερ
1477 1042 1614 1106 πρὸς
1660 1038 1752 1090 τὸν
1790 1037 1927 1091 ’ἰού-

345 1140 443 1192 δαν
469 1134 613 1192 εἷπε.
646 1136 1073 1204 Συγκαθήμενος
1104 1134 1198 1186 καὶ
1231 1132 1342 1202 γάρ
1379 1133 1435 1183 ἐν
1475 1133 1576 1201 μιᾷ
1608 1132 1634 1182 ό
1685 1130 1919 1194 Χριστὸς

354 1230 495 1297 μετά
534 1228 642 1280 τῶν
676 1226 935 1296 μαθητῶν
964 1223 1131 1277 αὑτοῦ
1162 1225 1309 1290 λέγει
1336 1223 1474 1292 πρὸς
1507 1222 1706 1283 αὐτούς
1731 1238 1744 1252 ο
1774 1240 1791 1272 ι
1824 1216 1921 1285 Εἷς

349 1321 413 1384 ἐξ
436 1321 590 1389 ὑμῶν
621 1319 937 1388 παραδώσει
988 1337 1076 1387 με.
1133 1337 1152 1369 ›
1178 1319 1303 1389 ,Καὶ
1326 1306 1535 1383 Ἔλεγεν
1582 1310 1661 1378 εἷς
1691 1315 1919 1377 ἕκαστος

350 1414 482 1480 περ)⁸
542 1411 777 1464 ἑαυτοῦο
838 1430 857 1464 ‹
902 1411 1049 1480 Μήτι
1090 1397 1226 1477 ἐγω
1271 1411 1424 1478 είμις
1475 1427 1493 1458 ι
1547 1408 1642 1460 καὶ
1719 1405 1913 1467 ἄλλος·

358 1520 377 1552 t
412 1501 561 1568 Μήτι
588 1500 699 1566 ἐγώ
734 1501 851 1568 εἰμι
880 1515 894 1564 ;
935 1517 956 1549 )
996 1493 1131 1551 Eine
1158 1498 1213 1550 δὲ
1240 1498 1337 1550 καὶ
1363 1499 1390 1549 6
1426 1496 1629 1559 Ἰούδας
1652 1513 1665 1526 ·
1707 1514 1725 1545 t
1772 1495 1919 1563 Μήτι

350 1581 463 1657 ὲγώ
489 1591 601 1661 εἰμι
628 1607 677 1656 ;›
698 1586 910 1656 Λέγείό
940 1587 1177 1658 Χριστός
1198 1603 1212 1617 ⁵
1419 1585 1519 1637 (Σὺ
1542 1580 1754 1658 εἶπας.»
1785 1585 1918 1636 Τότε

352 1683 572 1744 πάντως
612 1683 712 1735 οὐκ
742 1679 810 1752 ἧν
839 1681 998 1749 λόγος
1047 1680 1355 1755 ἀρνήσεως,
1390 1676 1526 1729 ἀλλά
1581 1674 1919 1743 συγκαταθέ-

353 1791 515 1835 σεως.
548 1772 735 1835 Οὕτως
765 1774 862 1825 καὶ
911 1772 1005 1823 ἐπὶ
1030 1770 1125 1823 τοῦ
1177 1769 1443 1822 Πιλάτου⁶
1490 1769 1644 1833 λόγος
1710 1767 1819 1834 γὰρ
1850 1760 1918 1834 ἦν

2026 593 2148 645 γεις
2178 577 2258 629 ὅτι
2292 573 2543 645 βασιλεύς
2568 574 2683 641 είμι
2714 570 2840 639 ἐγώ·
2874 569 2983 637 ἐγὼ
3011 570 3089 631 είς
3116 566 3276 620 τοῦτο
3320 563 3587 633 γεγέννη-

2026 687 2126 737 μαι
2152 668 2247 721 καὶ
2281 668 2360 730 είς
2386 667 2547 719 τοῦτο
2575 665 2813 735 ἐλήλυθα
2846 665 2924 724 είς
2951 661 3044 714 τὸν
3068 660 3294 727 κόσμον,
3327 657 3416 709 ἵνα
3447 671 3590 725 μαρ-

2022 762 2247 831 τυρήσω
2277 763 2342 829 τῇ
2389 760 2646 831 ἀληθείᾳ.
2683 758 2799 817 Πᾶς
2854 756 2880 807 6
2936 752 3012 805 ὣν
3071 752 3135 804 ὲκ
3176 749 3271 817 τῆς
3327 746 3592 815 ἀληθείας

2022 853 2212 905 ἀκούει
2242 867 2343 919 μου
2379 852 2477 917 τῆς
2523 849 2727 917 φωνῆς.
2764 864 2782 897 ι
2841 845 3005 913 Λέγει
3045 840 3193 910 αὐτῷ
3236 843 3263 892 6
3316 836 3548 897 Πιλάτος
3573 853 3586 867 ο

2030 964 2047 995 ι
2086 943 2150 995 Τί
2179 944 2329 995 ἐστιν
2359 942 2631 1010 ἀλήθεια;
2683 960 2701 991 ι
2744 939 2911 1009 Ὁρᾷς
2948 937 3061 999 πῶς
3097 933 3334 987 ἐνταῦθα
3370 930 3586 997 ἐδείχθη

2025 1033 2402 1100 σαφέστερονς
2441 1031 2664 1092 Πάντως
2697 1029 2724 1080 6
2749 1027 2985 1096 Χριστὸς
3015 1024 3242 1093 βασιλέα
3286 1021 3452 1085 ἔδειξε
3495 1019 3590 1070 καὶ

2022 1118 2178 1177 εἶπεν
2222 1123 2442 1178 ἑαυτόν.
2504 1123 2615 1175 Καὶ
2647 1118 2948 1189 ἐρωτηθεὶς
3010 1118 3160 1185 παρά
3210 1113 3305 1166 τοῦ
3354 1110 3587 1163 Πιλάτου

2023 1217 2187 1272 πάλιν
2207 1215 2356 1284 αὐτῷ
2381 1213 2541 1267 τοῦτο
2578 1212 2855 1280 ἀπεκρίθη
2877 1226 2891 1240 ·
2954 1209 3075 1262 ἀντὶ
3121 1206 3211 1259 τοῦ
3247 1205 3447 1257 εἰπεῖν’
3482 1202 3591 1255 Ναὶ

2023 1309 2275 1380 βασιλεύς
2317 1310 2455 1376 είμι,
2505 1301 2628 1357 εἷπε
2656 1320 2669 1335 ο
2728 1322 2746 1355 ι
2788 1304 2862 1355 Σὺ
2889 1302 3073 1369 λέγεις
3298 1298 3381 1349 ὅτι
3441 1294 3592 1362 βασι-

2021 1402 2148 1465 λεύς
2180 1404 2297 1472 είμι
2333 1401 2467 1469 ἐγώ.
2520 1419 2537 1451 ι
2587 1396 2652 1452 Τί
2680 1396 2810 1465 γοῦν
2839 1400 2865 1449 6
2895 1393 3151 1456 Πιλᾶτος,
3201 1388 3449 1448 εἰπόντος
3494 1385 3587 1436 τοῦ

2022 1494 2264 1564 Χριστοῦ
2291 1496 2371 1547 ὅτι
2412 1491 2553 1560 Ἐγὼ
2581 1492 2657 1554 είς
2677 1489 2838 1542 τοῦτο
2862 1486 3200 1554 γεγέννημαι
3222 1482 3315 1534 καὶ
3335 1482 3411 1541 εἰς
3432 1476 3589 1528 τοῦτο

2021 1584 2257 1655 ἐλήλυθα
2288 1584 2365 1644 είς
2398 1581 2489 1633 τὸν
2520 1582 2749 1647 κόσμον,
2785 1578 2873 1629 ἵνα
2933 1574 3276 1645 μαρτυρήσω
3330 1572 3394 1637 τῇ
3456 1568 3588 1635 ἀλη-

1996 1670 2166 1747 Ὃείᾳ,
2232 1676 2380 1742 λέγει
2419 1673 2554 1742 πρὸς
2589 1670 2786 1724 αὐτόν’
2838 1687 2857 1720 ι
2918 1667 2983 1720 Τί
3044 1668 3193 1718 ἐστιν
3253 1661 3517 1730 ἀλήθειας
3563 1676 3580 1707 ι

2021 1771 2317 1824 Τουτέστιν
2353 1770 2435 1820 ὅτι
2468 1768 2633 1828 Elei;
2686 1765 2779 1817 τὸν
2825 1763 3032 1831 κόσμον
3079 1757 3307 1827 ἀλήθεια
3346 1751 3433 1822 ἦν,
3487 1753 3589 1805 οὐκ

354 1863 597 1931 συνήθης
624 1861 715 1913 τοῖ’)
747 1863 934 1926 τόπου.
964 1861 1060 1915 καὶ
1090 1859 1164 1921 ὡς
1192 1859 1286 1911 τοῦ
1320 1860 1486 1911 τόπου
1539 1858 1747 1910 ὲκείνου
1773 1857 1917 1925 λόγῳ
1951 1831 1993 1888 Β
2022 1862 2087 1912 ἂν
2123 1860 2418 1929 παραδίδου
2459 1860 2541 1919 είς
2579 1857 2810 1908 θάνατον
2837 1872 2852 1886 ο
2888 1853 2979 1905 καὶ
3013 1845 3123 1919 οἷον
3151 1847 3586 1911 ἀποκλαιόμενον

352 1954 625 2021 ἐχρήσατο
666 1951 814 2020 αὐτῷ
844 1954 870 2004 6
895 1952 1155 2018 Χριστός.
1188 1950 1299 2001 Καὶ
1338 1947 1526 2016 ὥσπερ
1558 1949 1757 2016 ἀρτίως
1789 1947 1915 1999 πολ-

347 2040 511 2101 λάκις
539 2041 633 2092 καὶ
666 2041 757 2092 ἐπὶ
787 2040 897 2091 τῶν
917 2038 1364 2107 Μουσουλμάνων
1385 2038 1532 2103 λέγει
1566 2036 1753 2104 ἕτερος
1782 2037 1917 2104 πρὸς

342 2132 441 2183 τὸν
471 2132 660 2199 ἕτερον
703 2131 841 2199 μετὰ
890 2129 1211 2199 συμϐουλῆς
1254 2130 1340 2181 ὅτι
1391 2128 1717 2196 Ποιήσωμεν
1771 2127 1914 2191 τόδε,

341 2220 443 2272 καὶ
465 2221 585 2273 ἀντὶ
607 2218 698 2271 τοῦ
729 2220 905 2272 είπεῖν
936 2218 1027 2270 τὸν
1050 2218 1240 2287 ἕτερον
1274 2217 1355 2269 ὅτι
1385 2215 1655 2277 Γενέσθω,
1684 2216 1918 2284 ἀποκρί-

343 2330 500 2364 νεται
534 2312 616 2363 ὅτι
648 2313 721 2364 Σὺ
762 2310 1042 2379 ὴξεύρεις,
1099 2310 1192 2362 καὶ
1226 2310 1327 2361 οὐκ
1363 2307 1479 2359 ἔστι
1542 2308 1713 2374 Λόγος
1748 2308 1917 2377 ἀρνή-

346 2422 507 2471 σεως,
541 2404 678 2456 ἀλλά
704 2402 1161 2469 συγκαταθέσεως
1182 2416 1194 2428 ·
1219 2399 1391 2459 οὕτως
1418 2400 1513 2453 καὶ
1541 2399 1631 2451 ἐπὶ
1660 2398 1752 2451 τοῦ
1778 2400 1914 2467 Χρι-

348 2496 501 2549 στοῦ.
551 2495 640 2557 Ὠς
696 2495 789 2546 τοῦ
851 2494 1020 2545 τόπου
1075 2492 1288 2545 ἐκείνου
1337 2490 1482 2557 λόγῳ
1538 2490 1803 2558 ἐχρήσατο
1848 2493 1911 2559 τῇ

292 2632 297 2635 ,
344 2586 579 2655 τοιαύτῃ
614 2585 758 2650 λέξει
800 2586 826 2637 6
867 2585 1127 2653 Χριστὸς,
1160 2584 1224 2650 τῇ
1305 2582 1377 2632 Σὺ
1428 2574 1608 2639 εἶπας.
1652 2560 1843 2648 "dum;
1888 2581 1915 2631 6

344 2676 508 2737 αὐτὸς
541 2674 775 2738 Πιλᾶτος
828 2675 1081 2743 ἠρώτησε
1115 2672 1207 2724 τὸν
1267 2669 1502 2739 Χριστὸν
1528 2669 1736 2735 λέγων)
1772 2687 1788 2719 t
1830 2669 1913 2722 Σὺ

343 2761 448 2817 εἷό
478 2765 732 2833 βασιλεὺς
762 2765 867 2816 τῶν
884 2760 1187 2825 Ἰουδαίων;
1226 2779 1242 2809 ι
1271 2755 1579 2827 Ἀπεκρίθη
1604 2755 1911 2825 όΧριστόςο

356 2873 379 2905 σ
433 2854 499 2907 Ἠ
530 2853 782 2922 βασιλεία
810 2854 842 2917 ἠ
871 2851 978 2919 ἐμὴ
999 2850 1100 2902 οὐκ
1139 2848 1289 2901 ἔστιν
1320 2849 1384 2900 ὲκ
1428 2845 1521 2898 τοῦ
1552 2847 1760 2913 κόσμου
1792 2844 1916 2898 τού-

339 2961 467 2998 του.
503 2946 565 2997 Εί
611 2947 675 2997 ὲκ
707 2944 801 2995 τοῦ
861 2944 1073 3010 κόσμου
1127 2937 1196 3011 ἢν
1252 2940 1285 3008 ή
1327 2938 1575 3008 βασιλεία
1620 2936 1811 3008 ἠὲμὴ,
1867 2937 1915 2988 οί

342 3036 619 3105 ὑπηρέται
649 3036 713 3089 ἂν
747 3037 795 3087 οί
824 3035 944 3103 ἐμοὶ
970 3033 1324 3103 ἠγωνίζοντο,
1368 3032 1456 3084 ἵνα
1515 3031 1589 3100 μὴ
1623 3028 1914 3097 παραδοθῶ

337 3129 464 3190 τοῖς
490 3126 791 3189 Ἰουδαίοις.
820 3126 938 3180 Νῦν
964 3126 1018 3179 δὲ
1042 3127 1077 3196 ἡ
1115 3124 1367 3195 βασιλεία
1404 3127 1436 3192 ή
1475 3123 1584 3194 ἐμὴ
1635 3123 1736 3174 οὐκ
1766 3121 1913 3173 ἔστιν

338 3218 624 3274 ἐντεῦθεν.
662 3237 681 3271 ι
738 3214 905 3273 Εἶπεν
932 3217 1027 3272 οὖν
1068 3217 1217 3287 αὐτῷ
1252 3217 1279 3269 6
1312 3216 1578 3278 Πιλάτος·
1622 3234 1638 3267 ι
1676 3214 1790 3267 Οὐκ
1820 3210 1914 3265 οὖν

342 3407 520 3461 daicte
544 3404 754 3474 peritus
780 3404 803 3457 ?
836 3400 1188 3471 interregavit
1227 3414 1349 3455 eum
1412 3398 1552 3468 quod
1576 3397 1734 3451 vellet
1756 3414 1768 3450 :
1788 3408 1912 3449 eum

341 3502 530 3550 autem
571 3493 811 3548 audisset
837 3507 868 3547 e
905 3492 1149 3553 Christo,
1189 3505 1309 3559 quae
1370 3489 1471 3543 sub
1502 3488 1665 3542 corde
1703 3495 1909 3541 secreta

345 3584 650 3653 premebat,
679 3582 817 3636 dixit
848 3581 897 3636 ei
927 3600 938 3635 :
965 3598 983 3632 ι
1015 3579 1094 3633 Tu
1123 3595 1181 3634 es
1204 3578 1293 3633 Dei
1322 3577 1515 3641 Filius,
1550 3587 1604 3631 tu
1626 3592 1717 3631 rex
1744 3576 1915 3629 Israe-

344 3676 440 3729 lis.
467 3673 718 3743 {Ecquid
737 3673 1064 3742 vituperavit
1085 3687 1209 3727 cum
1228 3670 1480 3725 Christus
1498 3680 1551 3737 ut
1569 3670 1707 3722 male
1729 3668 1917 3721 dicen-

345 3766 495 3821 tem?
519 3764 739 3819 Minime
774 3779 921 3829 vero,
941 3763 1056 3827 sed,
1094 3782 1112 3814 ι
1142 3762 1279 3827 Quia
1308 3761 1417 3815 dixi
1449 3760 1568 3823 tibi,
1602 3760 1695 3822 ait,
1732 3772 1915 3811 secre-

347 3868 400 3911 ta
427 3857 609 3912 cordis
634 3857 733 3920 tui,
762 3846 978 3909 credis?
1017 3853 1224 3922 Majora
1265 3853 1386 3907 istis
1422 3852 1651 3929 videbis.
1699 3867 1717 3901 ι
1757 3848 1913 3915 Quod

344 3956 528 4003 autem
552 3962 583 4001 a
624 3946 797 4000 Pilato
824 3953 1048 4014 rogatus
1075 3943 1330 3999 Christus
1360 3941 1659 4009 respondit,
1708 3940 1915 3994 dixisse

342 4056 495 4105 eum,
541 4054 602 4094 ea
654 4053 763 4092 non
806 4038 1071 4106 negantis,
1132 4036 1226 4090 sed
1267 4035 1615 4089 concedentis
1670 4044 1724 4088 et
1784 4049 1913 4088 con-

343 4132 632 4189 sentientis
656 4132 832 4185 oratio
890 4138 997 4195 est,
1025 4129 1170 4197 quali
1220 4127 1466 4181 etiamin
1528 4125 1723 4179 Judam
1779 4141 1914 4181 usus

341 4236 443 4279 est.
487 4223 749 4278 Assidens
777 4223 919 4274 enim
955 4220 1239 4287 discipulis
1274 4220 1564 4272 Christus:
1603 4214 1786 4271 «Unus
1817 4232 1911 4270 ve-

343 4323 539 4375 strum,
573 4312 769 4381 inquit,
808 4324 893 4363 me
919 4309 1222 4363 traditurus
1284 4316 1384 4361 est.
1420 4326 1437 4358 ›
1477 4306 1707 4375 Rogavit
1760 4307 1825 4360 de
1856 4321 1914 4361 se

345 4402 598 4468 quisque,
629 4399 834 4469 Ecquid
870 4414 971 4466 ego
1028 4412 1148 4453 sum
1173 4399 1195 4449 ?
1225 4396 1287 4450 Et
1320 4398 1459 4450 alius
1489 4416 1502 4451 :
1558 4397 1762 4464 Ecquid
1811 4411 1912 4465 ego

2017 1947 2115 2011 τὴν
2143 1950 2245 2015 τῆς
2278 1945 2539 2014 ἀληθείας
2566 1945 2829 2012 στέρησιν
2858 1937 2983 1992 εἷπε
3009 1939 3074 1990 Τί
3112 1938 3263 1987 ἐστιν
3312 1933 3539 1998 ἀλήθεια
3568 1946 3585 1994 ;

2027 2038 2189 2091 Ἀλλὰ
2212 2038 2308 2090 καὶ
2334 2037 2482 2107 παρά
2503 2036 2599 2087 τοῦ
2625 2033 2934 2104 ἀρχιερέως
2970 2026 3267 2098 ἐρωτηθεὶς
3296 2028 3323 2078 6
3348 2025 3583 2091 Χριστὸς

2015 2129 2097 2180 ὅτι
2137 2128 2375 2197 Ὀρκίςω
2402 2144 2461 2179 σε
2489 2126 2628 2178 κατά
2654 2123 2747 2177 τοῦ
2782 2121 2918 2173 Θεοῦ
2954 2119 3045 2172 τοῦ
3079 2117 3281 2181 ζῶντος
3313 2114 3396 2166 ἵνα
3451 2111 3586 2181 ἡμῖν

2016 2221 2176 2289 εἴπῃς
2200 2221 2250 2272 εί
2289 2220 2353 2272 σὺ
2385 2220 2431 2270 εί
2464 2220 2491 2270 ὀ
2522 2217 2647 2278 Υἱὸς
2680 2213 2777 2267 τοῦ
2806 2213 2965 2275 Θεοῦ,
3020 2210 3173 2263 οὐδὲν
3227 2208 3416 2276 ἓτερον
3448 2206 3585 2256 ἀπε-

2016 2312 2290 2382 κρίνατοῆ
2310 2312 2395 2363 ὅτι
2427 2309 2570 2369 Ἑγὼ
2592 2311 2731 2373 εἰμι.

2087 2399 2248 2466 Οἶδας
2274 2405 2420 2466 ὅπως
2454 2405 2533 2461 εἰς
2575 2403 2610 2455 ἃ
2646 2402 2748 2455 οὐκ
2787 2399 3109 2453 ἐπίστανται
3139 2397 3188 2448 οἱ
3216 2389 3583 2459 Μουσουλμά·

2015 2513 2118 2557 νοι,
2154 2494 2527 2564 κατηγοροῦσι
2550 2494 2677 2555 τοὺς
2704 2492 2885 2558 ἀξίους
2910 2491 3135 2542 ἐπαίνου
3162 2505 3176 2552 ;
3211 2485 3346 2538 Ἰδοὺ
3381 2483 3583 2544 τοίνυν,

2019 2587 2182 2655 εῐπερ
2218 2586 2401 2653 ζητεῖς
2424 2584 2705 2654 ἀλήθειαν,
2733 2583 2902 2651 γνῶθι
2929 2582 3119 2648 αὑτήν.
3167 2580 3230 2632 El
3273 2577 3317 2628 δ’
3353 2570 3469 2637 οὖν,
3518 2577 3584 2626 σῖ)

2014 2677 2199 2738 οἶδας·
2236 2678 2296 2729 οὐ
2361 2680 2470 2747 γὰρ
2518 2677 2667 2746 παρά
2720 2677 2817 2744 τῆς
2864 2674 3122 2743 ἀληθείας
3171 2672 3319 2721 ἐστὶν
3383 2668 3582 2737 ἠπερὶ

2015 2771 2222 2839 ταύτην
2274 2770 2491 2837 ἄγνοια,
2542 2768 2679 2821 ἀλλὰ
2723 2766 2875 2836 παρά
2922 2768 3033 2818 τῶν
3083 2760 3584 2829 ἀποστρεφομένων

2016 2862 2211 2931 αὐτήν.
2902 2854 2909 2860 ’

2086 2953 2148 3005 δ’.
2180 2952 2403 3024 Ἐπειδὴ
2428 2953 2558 3021 περὶ
2590 2952 2698 3005 τῶν
2763 2950 2941 3004 ἄλλων
2973 2941 3047 3001 ὧν
3084 2946 3215 3017 παρ’
3272 2944 3426 3015 ὑμῶν
3476 2943 3586 2996 τῶν

2017 3041 2473 3109 Μουσουλμάνων
2499 3040 2884 3108 ὲγκαλούμεθα
2915 3039 2963 3090 oi.
3010 3038 3333 3104 Χριστιανοὶ
3375 3034 3583 3094 ίκανῶς

2016 3132 2416 3197 ἀποδέδεικται,
2466 3132 2594 3184 ὥστ’
2647 3128 2784 3183 εἶναι
2840 3130 2987 3198 ἡμᾶς
3036 3128 3347 3194 ἀνωτέρους
3400 3125 3583 3194 πάσης

2017 3225 2384 3296 κατηγορίας,
2427 3226 2562 3296 φέρε
2598 3218 2667 3295 δή
2710 3224 2899 3278 λοιπὸν
2947 3222 3278 3292 σκεψώμεθα
3316 3221 3411 3273 καὶ
3454 3219 3583 3285 περὶ

2012 3400 2189 3456 derer.
2220 3402 2290 3455 At
2310 3417 2455 3457 nunc
2479 3418 2587 3456 non
2619 3411 2700 3458 est
2724 3402 2889 3472 hujus
2918 3403 3021 3457 loci
3048 3416 3269 3472 regnum
3309 3417 3509 3458 meum.
3559 3422 3575 3452 ι

2010 3490 2238 3561 Rega‘vit
2274 3492 2480 3549 Pilatus
2508 3511 2521 3547 :
2556 3513 2573 3545 ι
2606 3493 2722 3548 Νοη
2748 3510 2806 3549 es
2840 3494 3000 3565 igitur
3032 3494 3168 3547 rex?
3205 3512 3223 3545 ι
3282 3493 3580 3563 Respondit

2009 3582 2295 3638 Christus:
2332 3584 2529 3650 «Dicis,
2554 3599 2733 3654 regem
2759 3600 2843 3639 me
2874 3599 3016 3640 esse.
3046 3585 3122 3637 Ad
3155 3584 3257 3639 hoe
3287 3599 3385 3648 ego
3421 3596 3577 3644 natus

2011 3689 2132 3728 sum
2166 3685 2217 3729 et
2242 3675 2309 3729 ad
2340 3677 2444 3729 hoc
2481 3678 2534 3730 in
2565 3685 2766 3732 terram
2828 3677 2971 3743 veni,
3010 3686 3069 3730 ut
3114 3677 3362 3730 veritatis
3422 3679 3576 3731 tostis

2009 3778 2211 3818 essem.
2238 3764 2496 3834 Quisquis
2512 3782 2576 3821 ex
2597 3768 2822 3821 veritate
2844 3777 2945 3827 est,
2966 3767 3115 3820 audit
3137 3782 3326 3821 vocem
3346 3784 3537 3821 meam.
3556 3789 3574 3820 ι

2014 3853 2153 3909 Dicit
2180 3856 2228 3909 ei
2263 3855 2467 3911 Pilatus
2507 3876 2520 3911 :
2558 3877 2575 3908 ι
2608 3858 2748 3924 Quid
2786 3868 2869 3913 est
2901 3859 3144 3914 veritas?
3184 3878 3200 3910 ›
3230 3860 3394 3915 Vides
3425 3874 3582 3929 aper-

2013 3947 2121 4000 tius
2154 3947 2243 4000 hie
2279 3963 2389 4001 rem
2423 3949 2633 4003 ostendi
2675 3967 2689 4003 ι
2733 3949 2958 4002 omnino
2996 3965 3174 4019 regem
3207 3966 3263 4005 se
3293 3928 3577 4004 esse'allir-

2012 4039 2177 4092 mavit
2206 4040 2521 4093 etostendit
2558 4040 2833 4114 Christus.
2879 4043 3253 4109 Interrogatus
3292 4059 3319 4096 a
3370 4044 3569 4102 Pilato.

2020 4143 2213 4182 rursus
2260 4128 2307 4180 ei
2338 4131 2619 4196 respondit
2658 4144 2766 4183 non
2806 4131 2907 4185 hoc
2940 4131 3098 4185 modo
3133 4148 3145 4184 :
3187 4132 3263 4184 lta
3297 4142 3400 4196 est,
3454 4131 3565 4184 [lex

2012 4235 2155 4284 sum,
2193 4220 2321 4275 sed:
2357 4239 2375 4270 ι
2403 4220 2569 4286 Dicis,
2596 4237 2677 4281 me
2707 4236 2885 4291 regem
2909 4236 3049 4277 esse.
3094 4242 3112 4273 ι
3147 4222 3281 4288 Quid
3307 4240 3468 4291 porro
3491 4224 3576 4277 Pi-

2012 4310 2173 4371 latus,
2204 4324 2326 4363 cum
2360 4309 2886 4387 Christusdixisset,
2915 4314 2978 4363 ad
3016 4314 3115 4366 hoc
3153 4330 3209 4367 se
3239 4324 3423 4366 natum
3454 4331 3575 4367 esse

2014 4410 2066 4453 et
2095 4400 2159 4453 ad
2191 4402 2294 4457 hoc
2318 4404 2529 4458 venisse
2558 4407 2610 4458 in
2641 4405 2931 4471 mundum,
2959 4416 3015 4460 nt
3040 4407 3283 4463 veritatis
3317 4409 3470 4462 testis
3492 4423 3579 4461 es-

346 4494 511 4548 Sum?
538 4494 843 4563 Etjrogavit
867 4491 1038 4547 Judas
1073 4511 1086 4544 :
1118 4512 1134 4544 ι
1168 4491 1374 4560 Ecquid
1400 4506 1501 4561 ego
1523 4506 1643 4545 sum
1672 4491 1737 4544 i?
1769 4490 1905 4543 Tum
1934 4507 1989 4565 ι)
2014 4501 2117 4559 set,
2138 4495 2350 4563 rogavit
2377 4511 2500 4550 eum
2533 4515 2546 4550 :
2582 4497 2749 4563 «Quid
2777 4508 2859 4552 est
2883 4500 3148 4554 veritas?»
3177 4502 3277 4555 hoc
3307 4511 3413 4560 est.
3440 4501 3494 4554 Si
3524 4501 3575 4553 in

345 4584 637 4639 Christus:
663 4603 678 4634 ι
699 4573 920 4649 Dixisti;
945 4605 961 4636 ν
988 4586 1201 4651 inquit:
1228 4599 1335 4649 quo
1360 4592 1511 4637 certe
1546 4583 1765 4652 quidem
1789 4584 1910 4637 loco

344 4690 452 4729 non
478 4676 804 4739 recusantis,
824 4676 915 4727 sed
941 4675 1262 4727 aﬂirmantis
1283 4690 1466 4728 sermo
1493 4675 1613 4730 fuit.
1650 4675 1909 4728 Similiter

338 4767 509 4837 igitur
551 4768 602 4819 in
623 4766 821 4820 Pilato.
848 4764 1115 4827 Nimirum
1142 4776 1261 4821 erat
1286 4768 1338 4820 id
1396 4767 1612 4820 dicendi
1654 4768 1905 4836 genusin

345 4859 431 4911 illa
460 4858 680 4927 regione
714 4857 1076 4919 usitatum,et
1100 4871 1233 4909 usus
1295 4868 1379 4911 est
1405 4858 1497 4910 illo
1557 4856 1812 4912 Christus
1850 4870 1909 4912 ut

343 4953 459 5020 ejus
487 4950 725 5018 regionis
753 4949 999 5018 proprio.
1049 4947 1518 5014 Quemadmodum
1542 4951 1687 5002 enim
1737 4953 1902 5004 e1iam

342 5042 396 5095 in
420 5041 780 5095 Musulmanis
800 5055 941 5107 saepe
975 5039 1052 5101 lit,
1091 5048 1169 5097 ut.
1193 5056 1315 5093 eum
1351 5043 1476 5110 quis
1534 5057 1656 5094 eum
1702 5045 1901 5097 cohors

342 5130 552 5185 talione
578 5132 730 5195 dicit,
756 5141 813 5185 ut
849 5131 1051 5185 faciant
1084 5132 1384 5201 quippiam,
1411 5133 1548 5185 alter
1573 5150 1678 5188 non
1709 5174 1724 5197 ,
1781 5136 1906 5192 Fiat

342 5220 507 5285 istud,
535 5221 627 5275 sed
663 5238 682 5271 ι
721 5220 987 5290 Reperisti
1028 5239 1046 5271 ›
1084 5222 1445 5289 respondeat:
1480 5225 1550 5276 ita
1586 5227 1637 5277 in
1676 5226 1899 5281 Christo

343 5325 551 5380 quoque
575 5326 661 5366 res
701 5311 884 5365 habet.
912 5312 1122 5382 Quippe
1184 5314 1418 5368 dictione
1459 5315 1604 5369 illius
1664 5319 1903 5386 regionis

343 5405 557 5473 propria
592 5405 862 5471 utebatur,
885 5421 1007 5459 cum
1056 5407 1407 5474 responderet
1447 5426 1464 5458 ι
1500 5409 1710 5465 Dixisti.
1747 5430 1765 5462 ι
1794 5410 1901 5466 Ro-

347 5489 485 5559 gavit
516 5491 655 5545 idem
688 5490 893 5547 Pilatus
910 5493 1221 5548 Christum:
1256 5514 1273 5544 ι
1295 5492 1434 5549 Num
1465 5512 1558 5551 rex
1588 5497 1898 5555 Judteorum

346 5580 442 5632 es?
477 5598 496 5631 ι
530 5583 814 5650 respondit
864 5584 1121 5640 Christus
1156 5603 1169 5639 :
1206 5605 1225 5637 ι
1266 5585 1511 5656 Regnum
1561 5605 1741 5644 meum
1790 5608 1895 5645 non

348 5680 425 5725 est
452 5671 612 5742 hujus
639 5676 848 5730 mundi.
878 5668 935 5730 Si
983 5678 1144 5747 hujus
1201 5678 1390 5732 mundi
1451 5694 1672 5749 regnum
1720 5698 1897 5736 meum

348 5774 500 5831 esset,
530 5782 747 5836 operam
780 5768 1060 5825 dedissent
1084 5772 1218 5825 socii
1273 5769 1401 5838 mei,
1436 5786 1499 5826 ne
1522 5772 1729 5828 Iudaeis
1786 5783 1896 5829 tra-

2017 4587 2221 4640 mundo
2247 4589 2449 4641 veritas
2475 4599 2641 4653 esset,
2675 4606 2783 4643 non
2822 4591 3119 4645 tradereris
3157 4593 3337 4645 morti.
3367 4591 3575 4646 Etenim

2018 4679 2169 4743 quasi
2196 4680 2404 4746 lugeret
2424 4681 2668 4735 veritatis
2692 4684 3016 4746 absentiam,
3048 4683 3176 4752 quid
3200 4682 3405 4736 veritas
3434 4697 3577 4737 esset

2017 4770 2248 4835 rogavit.
2284 4769 2353 4822 At
2388 4771 2529 4821 enim
2554 4772 2718 4824 etiam
2758 4788 2783 4823 a
2806 4772 3058 4840 pontifice
3084 4773 3322 4826 maximo
3353 4784 3575 4840 rogatus

2016 4856 2267 4911 Christus
2304 4858 2356 4910 in
2391 4861 2534 4912 hunc
2567 4865 2787 4914 modum
2818 4881 2832 4915 :
2869 4881 2887 4914 ι
2924 4863 3250 4918 Obtestortc
3277 4879 3371 4931 per
3409 4864 3572 4917 Deum

2018 4948 2220 5015 vivum,
2252 4958 2309 5001 ut
2333 4951 2481 5005 dicas
2519 4953 2699 5015 nobis,
2733 4969 2861 5006 num
2896 4954 3069 5010 Filius
3112 4954 3202 5009 Dei
3236 4956 3333 5019 sis,
3366 4974 3383 5007 ι
3444 4956 3574 5008 nihil

2015 5039 2185 5101 anud,
2210 5040 2312 5094 nisi
2355 5060 2372 5091 ι
2402 5041 2532 5095 Sum
2570 5061 2588 5094 ›
2629 5044 2931 5111 respondit.

2084 5127 2307 5183 Nostine
2328 5129 2439 5198 jam
2468 5133 2742 5199 quomodo
2772 5133 2840 5189 de
2896 5135 2982 5199 iis,
3008 5151 3128 5204 qure
3172 5139 3426 5205 ignorant
3460 5136 3576 5189 Mu-

2014 5222 2267 5285 sulmani,
2309 5235 2565 5278 accusent
2596 5226 2844 5281 homines
2901 5230 3060 5282 laude
3121 5229 3361 5299 dignos?
3409 5231 3572 5293 Ecce,

2013 5312 2057 5365 si
2092 5314 2292 5381 quaeris
2318 5315 2619 5375 veritatem.
2642 5333 2910 5387 cognosce
2938 5335 3081 5375 eam.
3114 5322 3169 5374 Si
3198 5325 3395 5387 minus,
3427 5324 3569 5375 nosti

2011 5414 2174 5467 certe,
2209 5422 2312 5459 non
2341 5408 2624 5462 veritatem
2645 5424 3025 5478 eausamesse,
3066 5413 3251 5482 siquis
3268 5428 3384 5467 eam
3417 5413 3573 5480 igno-

2011 5508 2111 5560 ret,
2149 5499 2240 5550 sed
2274 5514 2387 5565 eos,
2414 5502 2507 5569 qui
2553 5517 2675 5555 eam
2707 5502 2937 5574 fugiunt.

2079 5590 2131 5643 4.
2158 5589 2289 5644 Cum
2322 5592 2387 5645 de
2416 5593 2660 5663 reliquis,
2696 5597 2765 5649 oh
2823 5614 2943 5667 qua:
2966 5614 2996 5651 a
3022 5597 3175 5651 vobis
3217 5594 3569 5649 Musulmauis

2008 5684 2376 5752 vituperamur
2426 5687 2743 5754 Christiani,
2799 5692 2933 5746 satis
2973 5691 3406 5745 demonstratum
3475 5689 3567 5752 sit,

2009 5792 2126 5831 esse
2162 5792 2262 5830 nos
2294 5780 2439 5834 omni
2474 5781 2821 5835 accusatione
2849 5781 3179 5850 superiores,
3210 5794 3327 5849 age,
3363 5781 3570 5832 exami.
