4066 6296
550 363 656 432 919

549 485 658 532 τίὲν
681 485 909 554 ἑτέρων.
948 493 1103 546 Ἔστι

1754 384 2078 453 GEORGII
2125 394 2546 460 I’iili.\NTZ.E
2999 413 3010 428 '
3697 418 3820 480 920

1163 497 1217 548 δὲ
1268 498 1393 549 rate
1436 500 1516 552 ὅτι
1568 502 1722 557 εἶπεν
1759 510 1784 559 6
1850 509 1982 572 Θεὸς
2039 511 2115 578 τῷ
2147 514 2189 567 Α
2224 518 2406 575 πίστις
2443 517 2541 568 οὐκ
2575 513 2639 586 ἦν
2676 518 2782 570 ἀπὸ
2814 521 2907 571 τοῦ
2946 520 3196 593 ’Δϐρτὰμ
3243 519 3320 588 ὡς
3375 526 3687 600 ὁΜωάμεθ
3716 529 3816 583 λέ-

551 568 791 644 Μωάμεθ
819 597 833 610 ·
875 599 894 630 ‹
929 581 1006 634 Τά
1043 585 1221 638 πάντα
1245 589 1477 659 ἐποίησα
1500 595 1588 646 διὰ
1641 598 1722 660 σὲ,
1781 603 1875 652 καὶ
1919 604 1979 654 σὲ
2045 605 2114 657 δι’

549 661 670 730 ἐμὲ,
708 684 726 716 ι
766 669 856 720 καὶ
892 670 1050 723 τοῦτο
1098 676 1148 727 οἱ
1208 677 1532 745 Χριστιανοὶ
1580 686 1642 736 οὐ
1686 691 2113 760 παραδέχονται.

559 758 721 810 Ἀλλὰ
751 762 845 812 καὶ
874 763 933 814 τὸ
962 765 1055 816 τοῦ
1087 768 1330 839 Μωάμεθ
1357 773 1530 844 ὄνομα
1553 758 1948 850 γεγραμμένον
1971 786 2116 854 εὑρί-

545 855 711 902 σκετο
741 854 800 904 ὲν
825 856 898 925 τῷ
926 857 1271 930 Εὑαγγελίῳ,
1300 867 1547 933 εἰπόντος
1570 871 1728 924 τοῦτο
1751 875 1845 927 τοῦ
1873 878 2110 947 Χριστοῦ

540 946 650 1005 τοῖς
673 943 972 1015 Ἰουδαίοις,
1005 953 1088 1004 ὅτι
1141 956 1599 1030 Εὑαγγελίζομαι
1647 965 1809 1037 334
1859 943 1985 1038 ὑμῖν
2024 971 2111 1024 ἵνα

541 1035 857 1125 γινώσκητε
883 1041 966 1093 ὄτι
994 1039 1114 1111 μετ⁴
1147 1049 1248 1116 ἐμὲ
1284 1050 1473 1116 μέλλει
1519 1055 1694 1109 ἐλθεῖν
1743 1035 2109 1125 ὁ-ἁπάστολος

540 1124 634 1175 καὶ
670 1131 962 1199 προφήτης
986 1135 1260 1205 Μωάμεθ.
1311 1141 1383 1192 Τὸ
1415 1143 1547 1196 αὐτὸ
1597 1148 1710 1199 ἐστι
1767 1153 1861 1203 καὶ
1913 1155 1990 1215 εἰς
2045 1124 2106 1207 τὸ

535 1218 630 1268 τοῦ
661 1220 944 1287 Μωῢσέως
1001 1227 1251 1282 παλαιόν.
1299 1234 1362 1284 Οἱ
1421 1234 1483 1286 ’δὲ
1545 1237 1866 1307 Χριστιανοὶ
1909 1245 2106 1315 φθονή-

533 1323 723 1372 σαντες
753 1312 1012 1375 ἐξέϐαλον
1041 1321 1173 1372 αὐτὸ
1198 1323 1310 1374 ἀπὸ
1341 1325 1433 1377 τοῦ
1467 1328 1828 1396 Εὐαγγελίου.
1866 1335 1974 1386 Καὶ
2018 1337 2099 1387 ὅτι

533 1401 608 1471 μὴ
643 1405 807 1471 μόνον
833 1410 913 1470 είς
943 1412 1003 1462 τὸ
1041 1413 1373 1482 Εὑαγγέλιον
1400 1419 1494 1472 καὶ
1523 1423 1583 1473 ἐν
1613 1423 1690 1489 τῷ
1711 1425 1922 1494 παλαιῷ
1947 1428 2100 1495 εὑρί-

531 1511 694 1580 σκετο
733 1504 1116 1570 γεγραμμένον
1141 1507 1199 1558 τὸ
1225 1508 1319 1560 τοῦ
1352 1511 1599 1578 Μωάμεθ
1629 1516 1824 1584 ὄνομα,
1851 1518 2098 1571 ἀλλὰκαὶ

527 1589 586 1636 ἐν
616 1589 729 1647 τοῖς
758 1589 955 1654 δεξιοῖς
985 1596 1179 1664 μέρεσι
1211 1600 1306 1652 τοῦ
1335 1601 1526 1671 θρόνου
1561 1605 1656 1657 τοῦ
1685 1606 1819 1660 Θεοῦ
1844 1611 2116 1680 εὑρίσκε-⁸

525 1693 618 1728 ται
655 1686 1062 1750 γεγραμμένον.
1117 1689 1229 1741 Καὶ
1285 1693 1366 1744 ὅτι
1426 1695 1593 1763 ήτῶν
1652 1699 2097 1771 Μουσουλμάνων

525 1769 713 1854 πίστις
745 1773 853 1824 ἀπὸ
890 1776 983 1827 τοῦ
1027 1777 1283 1849 Ἀϐραὰμ
1323 1783 1668 1855 εὑρίσκεται,
1723 1792 1817 1842 καὶ
1848 1769 1930 1846 ὅτι
1990 1813 2095 1847 πα-

489 1851 798 1926 ραϐάντες
850 1867 899 1917 οἱ
954 1869 1274 1937 Χριστιανοὶ
1335 1851 1426 1926 τὸν
1477 1879 1569 1930 τοῦ
1600 1880 1883 1946 Μωῦσὲως
1930 1888 2094 1954 νόμον

522 1954 662 2005 εἰσὶν
693 1954 832 2017 ἄξιοι
867 1962 1208 2029 κατηγορίας
1251 1965 1344 2015 καὶ
1395 1967 1677 2034 μέμψεως,
1717 1977 2088 2046 κατηγοροῦσι

521 2045 576 2096 δὲ
618 2047 744 2108 τοὺς
790 2045 1253 2116 Μουσουλμάνους
1305 2057 1434 2116 τοὺς
1483 2057 1669 2121 ἀξίους
1720 2065 1943 2130 ἐπαίνου
1997 2070 2089 2120 καὶ

519 2137 711 2204 τιμῆς.

588 2219 776 2282 Ταῦτά
810 2233 949 2286 εἰσιν
984 2233 1140 2288 ἅτινα
1177 2242 1329 2310 παρὰ
1361 2239 1466 2296 τῶν
1504 2243 1954 2316 Μουσουλμάνων
1988 2265 2088 2302 καο

516 2324 905 2392 τηγορούμεθα
932 2331 982 2380 οἱ
1040 2331 1384 2400 Χριστιανοί.
1417 2336 1871 2409 Ἀπολογούμεθα
1903 2331 1976 2394 δὲ
1999 2343 2088 2395 οὖ-

515 2428 642 2474 τως,
680 2409 761 2465 ὅτι
796 2417 930 2479 Θεὸς
957 2420 1144 2486 ἐνδεὴς
1194 2425 1291 2477 καὶ
1356 2429 1549 2495 χρείαν
1609 2434 1756 2493 τινὸς
1803 2431 1940 2502 ἔχων
1989 2434 2088 2485 οὐκ

514 2501 628 2556 ἔστι
660 2506 815 2570 Θεὸς.
865 2503 922 2562 Ὀ
955 2514 1186 2584 ποιητὴς
1218 2516 1449 2586 οὐρανοῦ
1473 2537 1532 2572 τε
1573 2523 1669 2576 καὶ
1703 2523 1806 2592 γῆς
1832 2527 1927 2576 καὶ
1951 2526 2087 2578 πὰν-

510 2614 620 2649 των
648 2599 757 2652 τῶν
782 2600 1306 2675 δημιουργηθέντων
1331 2613 1388 2663 ἐν
1413 2613 1617 2677 αὐτοῖς,
1649 2611 1677 2667 6
1708 2617 1941 2686 ποιήσας
1962 2618 2088 2679 τοὺς

509 2691 785 2759 ἀγγέλους
837 2697 934 2748 καὶ
968 2699 1099 2764 τοὺς
1149 2700 1500 2774 ἀνθρώπους,
1559 2710 1754 2776 χρείαν
1790 2711 1937 2772 τινὸς
1985 2711 2086 2764 οὐκ

509 2777 676 2854 εἶχεν,
707 2785 846 2840 ἀλλά
869 2788 956 2842 διὰ
987 2792 1156 2861 μόνην
1186 2795 1506 2866 ἀγαθότητα
1541 2799 1637 2852 καὶ
1679 2800 1900 2871 θέλησιν
1934 2803 2088 2855 ἐποί-

506 2892 604 2943 ησε
632 2875 697 2928 τὰ
725 2879 927 2936 πάντα.
965 2881 1126 2938 Ἐπεὶ
1175 2887 1310 2953 γοῦν
1374 2890 1538 2942 τοῦτο
1599 2892 1779 2956 οὕτως
1829 2895 1944 2963 ἔχει
1989 2896 2086 2948 καὶ

505 2964 683 3051 οὐδείς
719 2968 869 3019 ἐστιν
915 2972 942 3021 6
983 2973 1306 3041 ἀντιλέγων,
1351 2982 1538 3042 κακῶς
1578 2981 1690 3049 ἄρα
1725 2982 2025 3051 ἐφθέγξατο
2058 2985 2086 3036 6

506 3050 754 3126 Μωᾶμεθ
787 3058 860 3121 ὡς
880 3061 1044 3130 δῆθεν
1079 3062 1205 3117 εἷπε
1233 3069 1370 3137 πρὸς
1413 3069 1578 3124 αὑτὸν
1627 3075 1654 3126 6
1705 3073 1838 3136 Θεὸς
1877 3050 1970 3127 γὸτι
2003 3076 2084 3128 Τά

2221 621 2328 670 γει,
2365 603 2423 668 ἐξ
2445 607 2609 658 αὑτοῦ
2640 608 2733 660 τοῦ
2765 611 3012 679 Μωάμεθ
3045 615 3134 682 ἔχε
3198 617 3286 668 τὸν
3321 619 3546 689 ἔλεγχον
3573 637 3588 650 ·
3629 623 3813 685 αὐτὸς

2220 697 2327 765 γάρ
2363 698 2515 749 ἐστιν
2544 701 2571 751 ὁ
2598 701 2846 770 ἀρχηγὸς
2886 707 2978 756 καὶ
3025 707 3323 779 νομοθέτης
3354 711 3468 763 τῶν
3522 713 3812 768 τοιούτων

2216 787 2526 856 δογμάτων.
2571 792 2629 843 El
2663 793 2718 844 δέ
2749 796 2894 846 ἐστιν
3124 797 3336 866 ἕτερος,
3364 801 3639 873 δειχθήτω
3661 821 3676 834 ·
3697 807 3808 858 καὶ

2216 880 2324 948 γὰρ
2347 882 2454 933 ἀπὸ
2490 882 2582 934 τοῦ
2627 881 2879 955 Ἀϐραὰμ
2911 887 3017 950 ’ἐως
3046 889 3140 940 τοῦ
3202 892 3444 960 Μωάμεθ
3495 896 3809 964 παρῆλθον

2213 971 2399 1039 χρόνοι
2430 973 2742 1042 τρισχίλιοι,
2773 977 2868 1029 καὶ
2889 979 3028 1046 μετὰ
3058 980 3232 1032 ταῦτα
3262 983 3433 1052 ἐφάνη
3458 988 3485 1037 6
3509 986 3803 1055 Μωάμεθ·

2213 1062 2408 1114 οὐκοῦν
2435 1064 2533 1115 οὐκ
2558 1064 2761 1128 ἔστινὴ
2797 1068 2905 1119 τῶν
2952 1067 3397 1142 Μουσουλμάνων
3434 1076 3627 1138 πίστις
3679 1079 3805 1129 ἀπὸ

2210 1154 2306 1206 τοῦ
2355 1155 2630 1226 Ἀϐραάμ.
2682 1158 2742 1210 Εἰ
2796 1159 2842 1210 δ’
2894 1161 3026 1223 ἴσως
3073 1162 3261 1230 λέγετε
3314 1166 3470 1219 τοῦτο
3525 1168 3619 1220 διὰ
3687 1169 3801 1239 τὴν

2214 1249 2541 1318 περιτομὴν.
2598 1251 2708 1317 ἐγὼ
2774 1269 2856 1304 σοι
2911 1254 3022 1323 ἐρῶ
3075 1255 3166 1307 τὸν
3231 1257 3390 1324 λόγον
3456 1262 3556 1328 τῆς
3620 1277 3798 1330 περι-

2210 1340 2410 1406 τομῆς.

2289 1429 2349 1483 Ὀ
2378 1431 2631 1502 Ἀϐραάμ
2687 1434 3030 1505 θεασάμενος
3056 1438 3150 1492 τὸν
3201 1441 3448 1510 οὐρανὸν,
3483 1442 3574 1495 τὸν
3600 1445 3795 1509 ἥλιον,

2205 1522 2332 1578 τοῦς
2372 1524 2633 1590 ἀστέρας,
2665 1528 2763 1593 τὴν
2786 1527 2913 1595 γῆν,
2943 1528 3040 1597 τὴν
3078 1529 3354 1585 Θάλασσαν
3379 1535 3474 1586 καὶ
3506 1538 3575 1587 τὰ
3605 1537 3665 1588 ἐν
3681 1539 3797 1590 αὑ-

2205 1613 2338 1670 τοῖς,
2373 1613 2729 1678 ἁνελογίσατο
2782 1618 2906 1668 καθ’
2942 1619 3135 1670 ἑαυτὸν
3178 1620 3275 1673 καὶ
3331 1618 3518 1677 εἶπεν·
3557 1643 3578 1676 ε
3627 1620 3788 1694 'Apz

2205 1702 2269 1753 τὰ
2303 1702 2531 1755 τοιαῦτα
2565 1705 2702 1773 ἔργα
2736 1709 2950 1774 μεγάλα
3003 1709 3178 1773 οὕτως
3227 1715 3322 1764 καὶ
3377 1715 3592 1778 ἐξαίσια
3641 1718 3784 1769 ὄντα

2202 1793 2388 1855 ἀτελῶς
2419 1793 2596 1856 οὕτως
2635 1797 2731 1848 καὶ
2781 1799 3113 1868 αὐτομάτως
3179 1804 3450 1872 ἐγένοντο,
3497 1807 3530 1877 ἦ
3583 1808 3783 1877 ἔχουσι

2201 1885 2295 1937 καί
2325 1904 2449 1940 τινα
2479 1888 2571 1940 τὸν
2601 1892 2910 1956 ποιήσαντα
2958 1894 3135 1961 αὐτά;
3177 1915 3194 1946 ι
3224 1896 3567 1964 Θεασάμενος
3587 1902 3782 1952 τοίνυν

2197 1980 2296 2047 τὴν
2324 1979 2588 2050 καλλονὴν
2619 1984 2728 2036 τῶν
2791 1989 3117 2055 κτισμάτων
3153 1989 3432 2058 ἐθαύμαζε
3488 1997 3585 2054 καὶ
3648 1991 3775 2058 ἑξε-

2201 2072 2486 2140 πλήττετο,
2542 2075 2683 2127 κατὰ
2746 2076 2873 2127 νοῦν
2909 2093 2968 2129 τε
3037 2081 3335 2133 ἐσκέπτετο
3371 2083 3444 2151 μή
3499 2102 3622 2148 πως
3670 2087 3777 2137 οὐκ

2197 2160 2384 2229 ἔχουσί
2416 2179 2537 2215 τινα
2568 2164 2658 2216 τὸν
2683 2165 2985 2233 ποιήσαντα
3017 2168 3179 2227 αὐτὰ,
3206 2170 3341 2222 ἀλλὰ
3366 2173 3567 2238 μᾶλλον
3596 2173 3777 2225 ταῦτά

2197 2255 2303 2306 εἰσι
2338 2257 2450 2306 θεοὶ
2477 2295 2492 2318 ,
2537 2256 2718 2316 καθὼς
2750 2253 2999 2326 ἐνόμιζον
3031 2262 3126 2312 καὶ
3154 2263 3202 2314 οἱ
3257 2265 3436 2329 γονεῖς
3477 2265 3647 2316 αὐτοῦ
3675 2267 3778 2317 καὶ

2198 2347 2396 2406 πάντες
2427 2347 2475 2397 οἱ
2495 2346 2905 2418 εἰδωλολάτραι.
2943 2351 3054 2402 Καὶ
3086 2352 3166 2404 ὅτι
3201 2354 3298 2422 μὲν
3325 2356 3351 2406 ὁ
3379 2354 3514 2416 Θεὸς
3542 2356 3772 2423 ἐποίησε

2176 2440 2263 2488 ’τὰ
2291 2441 2470 2491 πάντα
2493 2439 2635 2492 καλά
2667 2437 2790 2494 λίαν
2833 2444 2928 2494 καὶ
2961 2443 3090 2506 ἄξια
3124 2445 3226 2512 τῆς
3257 2446 3423 2497 αὐτοῦ
3455 2447 3770 2516 ἐνεργείας,

2197 2530 2272 2590 ὡς
2306 2529 2372 2582 ἂν
2393 2530 2482 2583 διὰ
2503 2534 2600 2600 τῆς
2640 2533 2875 2604 θεωρίας
2902 2535 3108 2588 τούτων
3136 2538 3446 2606 ἀνάγωνται
3474 2541 3677 2602 πάντες
3715 2541 3768 2593 οἱ

2161 2619 2474 2690 ,ἄνθρωποι
2506 2625 2590 2685 είς
2624 2623 2959 2692 θεογνωσίαν
2991 2629 3086 2680 καὶ
3149 2629 3496 2698 μεγαλύνουσι
3533 2632 3628 2684 καὶ
3677 2633 3771 2683 δο-

2193 2713 2398 2776 ξάσωσι
2431 2713 2524 2765 τὸν
2549 2713 2756 2768 τούτων
2790 2719 3026 2789 ποιητὴν
3075 2721 3166 2773 καὶ
3214 2721 3570 2792 δημιουργὸν,
3603 2723 3769 2776 τοῦτο

2188 2803 2362 2864 οὕτως
2388 2802 2500 2874 ἔχει
2527 2808 2620 2858 καὶ
2661 2809 2760 2859 οὐκ
2804 2807 2980 2873 ἄλλως
3005 2825 3017 2836 ·
3053 2814 3102 2864 οἱ
3157 2812 3202 2864 δ’
3263 2813 3544 2882 ἄνθρωποι
3581 2830 3764 2884 παρα-

2191 2895 2500 2959 τραπέντες
2530 2895 2634 2964 τῆς
2665 2897 2902 2968 ἀληθοῦς
2952 2903 3047 2953 καὶ
3094 2903 3260 2972 ὀρθῆς
3323 2906 3598 2970 γνώσεως,
3664 2906 3763 2957 καὶ

2188 2984 2421 3050 ἀφέντες
2454 2991 2786 3055 προσκυνεῖν
2820 2993 2914 3043 καὶ
2958 2991 3219 3047 σέϐεσθαι
3259 2995 3352 3049 τὸν
3388 2997 3620 3065 ποιητὴν
3649 2996 3760 3047 τῶν

2188 3075 2411 3140 πάντων
2441 3075 2598 3141 Θεὸν,
2641 3079 3303 3155 μᾶλλονητροσεκύνησαν
3323 3086 3421 3154 τὴν
3449 3083 3628 3139 κτίσιν
3661 3084 3759 3138 καὶ

507 3149 686 3202 πάντα
721 3153 957 3222 ἐποίησα
995 3155 1083 3207 διὰ
1117 3157 1199 3221 σὲ,
1221 3159 1317 3211 καὶ
1341 3161 1401 3213 σὲ
1433 3163 1504 3214 δι’
1564 3165 1694 3232 ἐμέ·
1746 3169 1774 3217 6
1804 3167 1914 3235 γὰρ
1946 3167 2078 3231 Θεὸς
2107 3165 2150 3224 C
2185 3164 2570 3232 ἐσεϐάσθησαν
2627 3168 2833 3234 ταύτην
2886 3149 3035 3241 ταρὰ
3089 3149 3194 3224 τὸν-
3228 3149 3516 3228 κτίσεῖνταο
3590 3169 3755 3226 Ἀλλὰ

505 3240 702 3308 χρείαν
727 3244 871 3305 τινὸς
895 3245 996 3298 οὐκ
1024 3245 1156 3317 ἔχει.
1183 3249 1304 3304 Ὀτι
1335 3251 1394 3305 δὲ
1429 3254 1460 3323 ἡ
1484 3255 1594 3306 τῶν
1627 3257 2073 3328 Μουσου).μάνων

502 3434 695 3474 nemus
724 3423 826 3476 alia
868 3427 1135 3496 quaedam.
1167 3429 1374 3501 Quippe
1409 3432 1575 3488 Deum
1634 3433 1924 3493 Mohameti
1979 3441 2082 3494 di?

501 3516 645 3567 aisse
679 3516 832 3568 aiunt
867 3534 881 3570 :
921 3519 1154 3575 «Cuncta
1189 3531 1408 3592 propter
1442 3535 1492 3580 te
1523 3526 1645 3592 feci,
1685 3540 1737 3584 et
1765 3540 1814 3584 te
1850 3543 2068 3601 propter

500 3621 606 3669 me,
649 3625 665 3657 :
705 3610 846 3673 quod
894 3610 1190 3668 Christiani
1244 3632 1349 3670 non
1417 3622 1728 3676 admittunt.
1791 3624 1856 3677 At
1918 3627 2062 3680 enim

497 3697 659 3750 etiam
686 3697 1005 3758 Mohametis
1031 3721 1227 3761 nomen
1255 3710 1520 3778 scriptum
1550 3712 1738 3777 fuisse,
1792 3717 1844 3770 in
1887 3716 2067 3771 Evan-

497 3789 659 3853 geiio,
693 3792 910 3848 Christo
942 3793 1147 3851 Iudaeis
1180 3799 1397 3856 dicente
1439 3819 1452 3854 :
1482 3802 1871 3875 «Evangelinm
1901 3810 2060 3866 vobis

495 3882 770 3949 impertio,
805 3900 912 3952 quo
946 3891 1314 3957 cognoscatis,
1347 3902 1469 3958 post
1497 3901 1582 3949 me
1604 3907 1892 3952 venturum
1939 3915 2060 3955 esse

494 3974 798 4038 apostolum
849 3986 900 4029 et
955 3971 1272 4048 prophetam
1325 3983 1722 4043 Mobamctem:
1766 4009 1784 4042 ι
1825 3990 1965 4045 idem
2010 3993 2065 4045 in

491 4062 693 4134 Moysis
721 4068 950 4123 vetustis
975 4069 1129 4125 libris
1165 4071 1373 4139 fuisse;
1416 4076 1510 4129 sed
1556 4075 1898 4133 Christianos
1923 4081 2065 4136 invi-

490 4155 579 4208 dia
607 4168 908 4212 commotos
935 4159 1162 4228 ejccisse
1194 4161 1248 4215 id
1283 4178 1349 4217 ex
1395 4166 1708 4237 Evangelio.
1761 4163 1871 4225 Nec
1928 4188 2060 4227 vero

493 4249 545 4300 in
577 4249 693 4302 solo
723 4247 1014 4320 Evangelio
1040 4264 1091 4307 et
1122 4256 1352 4311 vetustis
1378 4243 1716 4316 libris'fuisse
1738 4260 2060 4320 Mohametis

491 4355 711 4402 nomen,
746 4341 838 4394 sed
870 4341 1031 4395 etiam
1059 4344 1112 4396 in
1139 4347 1322 4400 dextra
1357 4359 1510 4415 parte
1543 4349 1720 4404 throni
1757 4352 1848 4406 Dei
1882 4357 2059 4424 scrip-

491 4442 601 4484 tum
630 4446 771 4487 esse.
809 4432 1018 4488 Deinde
1038 4436 1508 4494 Illusulmanorum
1535 4442 1850 4510 religionem
1895 4448 2061 4515 repeti

489 4525 558 4576 ab
587 4523 922 4590 Ahrahamo,
960 4537 1012 4577 et
1039 4525 1404 4594 Christianos,
1460 4532 1556 4599 qui
1628 4535 1798 4603 legem
1858 4533 2062 4607 Moysis
2093 4510 2145 4567 Β

488 4613 786 4684 negligant,
828 4616 976 4683 ipsos
1006 4619 1356 4673 accusatione
1381 4629 1433 4674 et
1468 4625 1895 4691 reprehensione
1941 4628 2063 4697 dig-

489 4721 588 4759 nos
610 4723 754 4771 esse,
784 4722 910 4760 cum
955 4706 1330 4765 Musulmanos
1365 4711 1528 4766 laude
1556 4725 1609 4769 et
1637 4717 1842 4771 honore
1869 4719 2064 4788 dignos

485 4799 862 4855 criminentur.

559 4890 683 4945 llaec
712 4893 858 4955 sunt,
901 4909 1022 4963 qua:
1051 4910 1078 4947 a
1112 4891 1472 4950 Musulmanis
1511 4898 1669 4953 nobis
1732 4903 2066 4969 exprobran-

488 4995 575 5036 tur
602 4983 947 5039 Christianis.
981 4986 1112 5051 Quae
1152 4987 1225 5042 ita
1262 4989 1588 5055 refutamus,
1658 4985 1725 5045 ut'
1787 4992 1832 5046 si
1895 4995 2061 5050 ullius

487 5077 560 5126 rei
589 5091 755 5144 egens
786 5086 839 5129 et
867 5079 1084 5147 indigus
1127 5082 1268 5136 Dens
1300 5083 1394 5146 sit,
1428 5097 1553 5136 eum
1585 5097 1692 5137 non
1725 5099 1844 5138 esse
1873 5083 2049 5140 Deum

484 5165 753 5220 dicamus.
777 5167 1092 5224 Fahricator
1110 5172 1236 5226 cmli
1268 5181 1319 5227 et
1338 5183 1496 5229 terrae
1515 5185 1566 5228 et
1586 5190 1766 5231 rerum
1793 5179 2060 5246 omnium,

483 5273 604 5328 qum
645 5261 695 5313 in
731 5259 925 5314 iisdem
954 5263 1107 5317 factze
1132 5272 1282 5325 sunt,
1319 5275 1371 5320 et
1402 5268 1496 5335 qui
1530 5269 1750 5336 angelos
1773 5277 1826 5322 et
1872 5270 2058 5323 homi-

484 5366 579 5403 nes
606 5352 830 5415 creavit,
858 5352 1059 5408 nullius
1089 5355 1164 5409 rei
1189 5354 1443 5424 indigens
1476 5368 1617 5423 erat,
1649 5360 1740 5412 sed
1809 5375 1872 5412 ex
1940 5360 2052 5414 sola

482 5445 825 5514 benignitate
865 5456 920 5499 et
957 5447 1241 5502 voluntate
1270 5463 1466 5505 cuncta
1502 5449 1650 5506 fecit.
1686 5452 1840 5518 Quod
1875 5453 1919 5507 si
1955 5455 2058 5508 hoc

485 5535 556 5589 ita
589 5547 691 5596 est.
723 5554 823 5592 nec
849 5539 1140 5610 quisquam
1179 5546 1528 5606 contradicit,
1577 5546 1717 5600 male
1775 5546 2056 5602 Mohame-

485 5637 564 5682 les
600 5630 906 5693 alin-mavit,
940 5634 1104 5688 Deum
1153 5637 1256 5690 sibi
1280 5637 1486 5692 dixisse
1519 5656 1532 5690 :
1566 5637 1806 5692 «Cuncta
1841 5650 2059 5707 promer

489 5726 538 5767 te
572 5718 670 5773 feci
701 5734 753 5774 et
785 5733 838 5777 te
867 5737 1088 5795 propt¢r
1118 5729 1477 5798 chQnippe
1516 5730 1719 5784 nullius
1776 5732 1851 5784 rei
1915 5733 2058 5785 Deus

487 5818 626 5873 eget.
678 5810 1142 5871 Musuhnauorum
1206 5822 1521 5890 τιττὶεἱοιιυηι
1589 5830 1767 5873 autem
1827 5838 1928 5883 non
1989 5824 2054 5874 ah

2199 3253 2461 3326 Ἀϐραὰμ
2497 3259 2596 3326 οὐχ
2621 3256 2815 3326 οὕτως,
2845 3261 2962 3312 ἀλλ’
3015 3263 3274 3331 ἀγχενους
3310 3264 3408 3331 ὢν,
3469 3264 3564 3318 καὶ
3625 3264 3754 3316 ἰδὼν

2184 3433 2493 3490 Abrahamo
2521 3441 2866 3508 repetendam
2910 3455 3054 3509 esse,
3107 3454 3164 3497 nt
3217 3443 3554 3498 Mohametes
3599 3444 3750 3507 dicit,

2180 3540 2246 3580 ex
2283 3527 2398 3597 ipso
2423 3528 2725 3586 Mohamete
2747 3535 3182 3588 demonstratur.
3210 3535 3255 3590 ls
3278 3538 3422 3589 enim
3464 3546 3654 3589 auctor
3691 3543 3750 3586 et

2181 3621 2288 3672 dux
2321 3620 2483 3689 hujus
2516 3622 2776 3678 doctrinm
2798 3635 2901 3679 est.
2938 3625 3078 3699 thm
3109 3627 3246 3679 alter
3275 3629 3365 3683 sit.
3401 3628 3748 3680 ostendatur.

2178 3712 2262 3764 Ab
2293 3713 2604 3770 Abrahamo
2629 3717 2774 3769 enim
2810 3719 2875 3771 ad
2901 3717 3259 3773 Mohametem
3292 3720 3421 3773 anni
3471 3728 3551 3772 ter
3604 3717 3748 3771 mille

2176 3801 2398 3860 fuerunt
2427 3825 2440 3861 :
2473 3819 2584 3861 tum
2618 3809 2948 3865 Mohamctes
2977 3812 3210 3875 exstitit,
3246 3827 3376 3882 ergo
3429 3810 3747 3864 Multametis

2173 3894 2366 3963 religio
2390 3911 2494 3949 non
2532 3908 2612 3950 est
2641 3897 2961 3952 Abrahami.
2991 3899 3197 3965 Quodsi
3225 3910 3448 3970 propter
3496 3899 3736 3953 circum-

2178 3985 2441 4038 cisioncm
2485 3985 2628 4039 istud
2661 3981 2962 4051 afﬁrmatis,
2991 3987 3153 4059 hujus
3180 4003 3280 4058 ego
3312 3989 3598 4042 historiam
3651 4001 3745 4040 ex—

2173 4079 2409 4148 plicabo.

2248 4171 2614 4235 Abrahamus,
2657 4171 2880 4236 coelum,
2907 4169 3102 4236 solem,
3127 4169 3331 4233 stellas,
3359 4177 3579 4235 terram,
3600 4182 3742 4222 mare

2177 4274 2369 4333 etquae
2422 4263 2609 4316 insunt
2641 4263 2693 4316 in
2722 4262 2811 4324 iis.
2853 4261 3276 4330 contemplatus.
3332 4277 3521 4316 secum
3585 4275 3742 4329 repu-

2175 4355 2308 4408 tavit
2345 4369 2409 4407 ae.
2441 4354 2579 4406 dixit
2610 4374 2623 4404 -.
2660 4348 2863 4407 «Tanta
2900 4355 3016 4408 haec
3041 4370 3096 4409 et
3127 4356 3334 4410 eximia
3369 4370 3539 4425 opera
3583 4368 3742 4422 spon-

2175 4458 2301 4499 tene
2329 4454 2382 4498 et
2406 4445 2550 4498 ultro
2579 4445 2720 4498 facta
2752 4456 2899 4510 sunt,
2933 4462 3000 4499 an
3034 4462 3195 4515 quem
3259 4448 3465 4501 habent
3516 4444 3743 4499 fabrica-

2173 4536 2385 4600 torem‘?
2423 4534 2858 4604 iContemplatus
2880 4536 3042 4604 igitur
3074 4552 3252 4590 rerum
3281 4536 3737 4606 pulchritudinem

2173 4625 2474 4678 mirabatur
2496 4635 2549 4678 et
2574 4627 2848 4694 stupebat,
2874 4638 2927 4679 et
2954 4628 3140 4680 animo
3204 4628 3594 4686 meditabatur,
3650 4639 3737 4678 ec-

2171 4717 2299 4783 quid
2336 4717 3053 4781 nonhaberentauctorem,
3085 4719 3179 4773 sed
3229 4720 3357 4788 ipsas
3413 4719 3488 4772 dii
3532 4727 3728 4779 essent,

2171 4804 2630 4877 quemadmodum
2659 4820 2914 4879 parentes
2938 4813 3058 4880 ejus
3112 4821 3165 4865 et
3193 4827 3384 4866 omnes
3434 4813 3730 4866 idololatrze

2169 4899 2571 4953 existimabant.
2603 4900 2780 4968 Atque
2807 4900 2976 4955 Deum
3015 4900 3210 4956 fecisse
3267 4903 3451 4955 omnia
3515 4902 3734 4972 pulchra

2169 4992 2457 5045 admodum
2489 5000 2543 5045 et
2564 4993 2786 5046 numine
2812 5009 2913 5046 suo
2969 4992 3154 5062 digna,
3218 5008 3451 5063 quorum
3495 5005 3735 5050 contem-

2170 5083 2408 5152 platione
2435 5099 2626 5137 omnes
2662 5083 2913 5138 homines
2941 5085 3244 5139 evehantur
3274 5087 3340 5138 ad
3370 5087 3730 5157 cognitionem

2169 5169 2284 5240 Dei,
2311 5193 2373 5231 ac
2403 5177 2698 5242 pragdicent
2729 5177 3113 5247 celebrentque
3137 5193 3328 5232 eorum
3358 5189 3634 5232 auctorem
3677 5187 3731 5231 et

2169 5267 2570 5333 fabricatorcm,
2608 5269 2659 5322 id
2690 5279 2897 5323 certum
2939 5280 3040 5334 est,
3073 5284 3173 5323 nec
3223 5271 3386 5323 aliter
3421 5265 3599 5324 habet.
3629 5269 3729 5323 Sed

2165 5362 2436 5427 homines,
2462 5376 2491 5414 a
2527 5377 2650 5415 vera
2681 5367 2735 5416 et
2760 5372 2906 5416 recta
2939 5363 3252 5432 cognitione
3296 5363 3508 5426 deﬂexi,
3565 5363 3730 5416 inter-

2166 5455 2331 5508 misso
2360 5452 2473 5520 Dei,
2503 5465 2687 5507 rerum
2762 5455 3007 5508 omnium
3062 5449 3428 5516 fabricatoris.
3479 5454 3625 5507 cultu
3675 5460 3730 5505 et

2162 5546 2498 5607 adoratione,
2532 5561 2652 5613 qua:
2684 5556 2864 5602 creata
2889 5558 3065 5609 erant,
3094 5547 3278 5616 potius
3328 5548 3632 5600 adorabant
3673 5555 3727 5600 et

2164 5639 2566 5692 venerabantur
2596 5655 2655 5692 ea
2691 5653 2789 5706 pro
2818 5637 3096 5692 Creatore.
3129 5637 3198 5693 At
3236 5638 3580 5692 Abrahamus
3619 5653 3724 5692 non

2161 5729 2234 5783 ita
2259 5729 2373 5795 ;sed
2401 5745 2523 5784 cum
2554 5729 2719 5783 homo
2747 5730 3052 5798 intelligens
3097 5741 3242 5785 esset
3279 5740 3444 5800 atque
3485 5729 3726 5784 animad-

2161 5821 2433 5887 vertisset,
2464 5821 2661 5876 caelum
2691 5836 2795 5875 non
2830 5822 3150 5888 consistere,
3189 5823 3281 5876 sed
3307 5833 3574 5893 perpetuo
3606 5836 3717 5877 mo-
