4066 6296
282 389 388 453 921
627 427 629 430 -
1316 401 1755 460 CHRONICON
1791 403 1840 458 Μ

1951 405 2057 462 US.
2106 430 2171 439 -
2218 405 2360 466 LIB.
2413 406 2508 462 lV.
2820 421 2822 423 ‘
3409 409 3512 473 922

271 509 376 558 καὶ
409 510 751 578 γατςινοῆσας
789 511 869 562 ὅτι
907 511 932 564 6
966 514 1064 580 μὲν
1103 516 1332 584 οὐρανὸς
1369 515 1533 587 336
1568 519 1850 590 o'Dx-ia-ta-
1882 529 1922 581 Α
1958 522 2062 573 Καὶ
2102 521 2283 574 πεσὼν
2303 523 2392 574 ἐπὶ
2424 523 2523 589 τῆς
2579 521 2683 591 γῆς
2729 521 2984 592 Ἀῧραὰμ
3022 525 3400 596 προσεκύνησε
3439 527 3518 596 τῷ

273 619 374 654 ται
401 603 550 655 ana:-
575 606 792 670 κίνησιν
826 608 938 678 ἔχει
966 609 1214 679 διηνεκῆ,
1247 613 1361 682 ἔχει
1411 601 1494 666 δὲ’
1518 616 1611 666 καὶ
1657 617 1850 684 χρείαν

276 695 514 760 ὴῦιακοῦ
547 697 723 762 φωτὸς
761 700 1089 763 φωτίζοντος
1115 703 1279 754 αὐτόν
1322 721 1380 756 τε
1439 705 1680 775 Θεωρίας
1725 706 1847 758 ἓνε-

277 804 380 838 κεν
403 789 494 838 καὶ
524 789 616 841 τὸν
643 790 736 841 ὑπ’
764 792 925 842 αὑτὸν
973 793 1131 862 ἀέρα,
1187 797 1213 846 6
1265 795 1321 847 δὲ
1363 797 1515 862 ἥλιος
1553 797 1686 848 ποτὲ
1749 797 1849 866 μὲν

278 879 430 948 ὑπὲρ
459 881 561 950 γῆν
591 883 986 950 εὑρισκόμενος
1007 887 1141 937 ποτὲ
1169 885 1212 938 δ’
1237 886 1303 941 αὖ
1351 890 1456 941 ὑπὸ
1479 889 1584 956 γῆν
1607 890 1849 958 κρυπτό-

281 988 473 1036 μενος,
515 973 611 1024 καὶ
643 973 723 1025 ὅτι
759 974 834 1043 μὴ
879 976 1060 1029 οὖσῶν
1089 979 1330 1047 νεφελῶν
1361 983 1568 1048 φαίνει,
1597 982 1850 1050 τιὺρισκο·

279 1059 465 1123 μένων
500 1056 545 1110 δ’
570 1056 728 1123 αὖθις
780 1065 1112 1128 σκοτίςεται,
1169 1070 1336 1138 καὶὴ
1404 1070 1604 1140 σελήνη
1647 1071 1741 1123 καὶ
1799 1071 1849 1123 οἱ

273 1149 512 1218 ἀστέρες
552 1150 626 1219 μὴ
667 1153 820 1216 ὄντος
864 1157 1012 1224 ἡλίου
1050 1160 1358 1226 φαίνουσιν,
1407 1161 1559 1224 ὄντος
1590 1163 1646 1214 δὲ
1678 1163 1847 1215 αὑτοῦ

278 1241 630 1302 σκοτίζονται
659 1243 752 1294 καὶ
788 1247 1112 1313 ἀφανίζεται
1164 1251 1224 1302 τὸ
1249 1252 1476 1304 ἐκείνων
1530 1253 1644 1320 φῶς
1673 1253 1766 1304 καὶ
1815 1253 1846 1321 ὴ

279 1329 514 1399 θεωρία,
545 1342 639 1385 καὶ
667 1337 698 1402 ἡ
725 1336 971 1390 θάλασσα
1017 1339 1399 1410 ὲμπαιζομένη
1436 1343 1538 1394 ὑπὸ
1570 1344 1678 1394 τῶν
1725 1342 1850 1394 ἀνέ-

285 1440 431 1490 μων,
461 1425 492 1492 ἡ
527 1424 598 1493 γῆ
634 1423 691 1477 δὲ
716 1427 998 1498 χρῄζουσα
1025 1430 1216 1494 ὓδατος
1247 1435 1324 1495 είς
1352 1433 1451 1502 τὴν
1486 1433 1592 1484 τῶν
1621 1434 1848 1500 καρπῶν

283 1515 527 1576 γένεσιν,
558 1520 809 1584 κατέγνω
834 1521 942 1571 τῶν
970 1523 1190 1575 πάντων
1217 1524 1292 1586 ὡς
1341 1525 1518 1575 αὐτῶν
1557 1525 1680 1577 καθ’
1709 1526 1849 1577 αὐτὰ

278 1606 452 1658 ὄντων
476 1609 752 1661 ἀδυνάτων
774 1612 869 1662 καὶ
903 1614 1094 1680 χρείαν
1150 1615 1385 1684 ἐχόντων
1431 1615 1568 1686 ⁸πρὸς
1619 1616 1847 1685 ἄλληλα,

281 1700 378 1748 καὶ
411 1699 510 1751 οὐκ
539 1701 797 1771 ἐλογίσθη
839 1698 980 1756 εἶναι
1009 1705 1117 1757 ἀπὸ
1143 1706 1352 1758 τούτων
1391 1708 1527 1758 Θεὸν
1569 1707 1723 1760 οὐδέν
1757 1724 1769 1736 ·
1821 1711 1848 1760 6

278 1791 416 1853 Θεὸς
448 1794 557 1861 γάρ
585 1811 730 1856 τινος
772 1797 964 1864 χρείαν
996 1799 1098 1850 οὐκ
1139 1799 1272 1868 ἔχει.
1341 1801 1508 1852 Πάλιν
1552 1801 1607 1853 δὲ
1645 1802 1850 1868 σκεψά-

284 1902 450 1949 μενος
480 1889 690 1954 μήποτε
719 1889 782 1942 ,ἓν
809 1889 1042 1942 ἕκαστον
1067 1893 1173 1942 ἀπὸ
1206 1890 1411 1943 τούτων
1442 1893 1716 1954 ἀδυνάτως
1736 1894 1847 1962 ἔχει

280 1976 428 2028 ὥστε
457 1975 596 2032 εἶναι
641 1983 964 2049 μονομερῶς
1002 1983 1155 2046 Θεὸν,
1184 1982 1322 2034 ἀλλὰ
1357 1983 1530 2035 πάντα
1561 1984 1716 2049 ἐμοῦ,
1756 1983 1850 2034 καὶ

282 2067 408 2120 ἰδὼν
441 2069 620 2136 ὅτιτῷ
656 2071 755 2139 μὲν
791 2071 943 2141 ξηρῷ
976 2075 1282 2126 ἀντίκειται
1315 2075 1375 2126 τὸ
1435 2076 1626 2145 ὑγρὸν.
1656 2075 1735 2144 τῷ
1791 2076 1848 2128 δὲ

278 2161 478 2230 ψυχρῷ
513 2162 573 2213 τὸ
621 2162 822 2231 θερμὸν
863 2167 956 2216 καὶ
995 2165 1069 2227 ὡς
1103 2165 1164 2217 τὸ
1197 2166 1340 2236 ὕδωρ
1375 2167 1490 2219 ἐστὶ
1523 2167 1848 2236 φθοροποιὸν

279 2252 376 2304 τοῦ
410 2253 603 2320 πυρὸς,
667 2253 883 2323 ἔκρινεν
934 2259 992 2309 ὲν
1048 2257 1228 2326 ἑαυτῷ
1269 2258 1363 2310 xa‘t
1399 2253 1555 2309 εἶπεν
1595 2260 1675 2309 ὅτι
1716 2257 1847 2320 Θεὸς

282 2347 593 2409 στασιάζων
653 2349 790 2415 πρὸς
839 2349 1033 2401 ἑαυτὸν
1077 2354 1169 2400 καὶ
1228 2350 1542 2418 μαχόμενος
1587 2349 1686 2400 οὐκ
1731 2350 1846 2401 ἔστι

280 2435 436 2498 Θεός.
464 2437 778 2490 Κάντεῦθεν
805 2439 1146 2506 θεασάμενος
1175 2439 1273 2509 τὴν
1319 2439 1420 2507 τῆς
1481 2441 1709 2501 κτίσεως
1759 2441 1848 2491 εὖ·

280 2527 476 2591 ταξίαν
496 2529 589 2580 καὶ
619 2529 974 2593 κατάστασιν,
1005 2530 1277 2599 διαπορῶν
1305 2526 1372 2598 ἦν
1404 2530 1526 2582 καθ’
1552 2531 1744 2583 ἑαυτὸν
1773 2534 1847 2594 ὡς

283 2615 402 2666 ἔστι
430 2633 514 2677 τις
538 2616 771 2685 δύναμις
801 2621 831 2686 ἡ
863 2619 1162 2686 συνέχουσα
1178 2620 1272 2672 καὶ
1297 2619 1620 2690 κυϐερνῶσα
1638 2621 1698 2672 τὸ
1718 2622 1843 2673 πᾶν.

284 2709 395 2760 Καὶ
447 2708 572 2761 ἐπεὶ
613 2710 819 2772 πάντες
867 2712 916 2764 οί
965 2712 1250 2782 ἄνθρωποι
1301 2712 1674 2783 ὁμολογοῦσιν
1706 2707 1848 2764 εἶναι

283 2800 437 2864 Θεὸν,
495 2800 725 2863 ἕκαστος
769 2802 825 2854 δὲ
887 2805 1144 2877 ὁμολογεῖ
1197 2803 1380 2856 ὅντινα
1448 2803 1699 2874 βούλεται
1755 2804 1846 2854 καὶ

283 2892 655 2958 προαιρεῖται,
719 2891 898 2944 ἔοικεν
965 2894 1045 2945 ὅτι
1115 2895 1316 2956 πάντες
1389 2893 1699 2946 πλανῶνται
1735 2894 1846 2946 -καὶ

280 2981 591 3046 ψεύδονται.
633 2983 898 3035 Λείπεται
926 2984 1059 3050 γοῦν
1091 2984 1172 3036 ὅτι
1195 2985 1292 3036 οὐκ
1321 2984 1470 3036 ἐστιν
1501 2985 1686 3054 ἕτερος
1712 2985 1845 3048 Θεὸς

282 3070 490 3140 ἀληθὴς
540 3070 631 3140 ἢὸ
681 3073 920 3143 ποιήσας
978 3077 1046 3126 τὰ
1099 3074 1298 3136 πάντα,
1336 3073 1481 3144 ἅπερ
1522 3076 1630 3128 sici.
1683 3075 1842 3128 δοῦλα

1958 617 2104 684 μόνῳ
2137 618 2232 666 καὶ
2277 612 2472 681 ἀληθεῖ
2499 614 2642 682 Θεῷ.
2710 611 2771 668 Ὀ
2817 616 2873 668 δὲ
2912 617 3228 683 πανάγαθος
3274 617 3430 683 Θεὸς,
3486 620 3518 672 ὁ

1953 707 2040 758 διὰ
2070 706 2163 757 τοῦ
2193 706 2472 776 προφήτου
2508 707 2730 760 Ἡσαΐου
2756 699 2925 760 εἰπὼν
2951 709 3030 762 ὅτι
3069 706 3190 762 Ἔτι
3221 710 3514 771 λαλοῦντός

1956 814 2052 848 σου
2116 799 2224 862 ἐγὼ
2276 797 2533 868 πάρειμι,
2599 799 2758 860 αὐτὸς
2802 801 3082 870 παρευθὺς
3144 799 3366 864 ἐδέξατο
3417 802 3514 870 τὴν

1951 889 2049 941 τοῦ
2093 889 2351 958 Ἀϐραὰμ
2383 891 2759 960 προσκύνησίν
2802 907 2860 944 τε
2893 895 2987 945 καὶ
3054 895 3258 945 πίστιν.
3314 893 3519 958 Ἐλογί-

1955 981 2053 1051 σθη
2094 981 2277 1034 τοίνυν
2333 982 2482 1052 αὖτῷ
2532 981 2733 1052 αὖτηή
2783 983 2970 1046 πίστις
3025 985 3106 1045 είς
3163 985 3518 1050 δικαιοσύνην

1953 1076 2074 1126 ἀντὶ
2103 1075 2293 1126 πασῶν
2333 1075 2443 1125 τῶν
2469 1075 2702 1143 ἀρετῶν,
2753 1076 2848 1126 καὶ
2910 1074 3062 1141 φίλος
3104 1076 3236 1127 Θεοῦ
3278 1076 3514 1141 ἐγένετο.

1961 1164 2153 1230 Ἡμεῖς
2172 1163 2278 1230 γὰρ
2304 1163 2502 1225 πάντες
2536 1159 2814 1232 χρῄζομεν
2851 1165 2952 1233 τῆς
2997 1165 3106 1217 ἀπὸ
3139 1167 3246 1216 τῶν
3284 1166 3518 1234 Γραφῶν

1954 1255 2204 1325 βοηθείας
2258 1256 2344 1308 διὰ
2390 1257 2490 1326 τὴν
2533 1258 2820 1310 ἀσθένειαν
2870 1258 3060 1327 ἡμῶν·
3111 1261 3138 1310 6
3193 1259 3250 1310 δὲ
3307 1259 3518 1320 δίκαιος

1952 1344 2076 1397 Νῶε
2115 1345 2230 1397 καὶ
2265 1345 2525 1416 Ἀϐραὰμ
2583 1348 2678 1400 καὶ
2709 1348 2757 1399 οί
2806 1349 2929 1400 κατ’
2978 1349 3220 1410 ἐκείνους
3271 1350 3520 1418 καθαρὰν

1954 1435 2170 1504 ἔχοντες
2195 1436 2294 1503 τὴν
2330 1438 2562 1503 καρδίαν
2605 1439 2666 1491 οὐ
2715 1439 2932 1492 δέονται
2974 1443 3348 1509 γραμμάτων,
3402 1439 3519 1491 ἀλλ’

1951 1532 2008 1581 ὲν
2031 1531 2154 1589 ταῖς
2181 1528 2440 1605 καρδίαις
2477 1531 2658 1582 αὐτῶν
2695 1532 3004 1598 γράφονται
3059 1532 3154 1583 καὶ
3222 1531 3519 1584 ὲντυποῦν-

1951 1634 2060 1670 ται.
2088 1617 2220 1669 Τότε
2269 1617 2400 1683 γοῦν
2427 1616 2576 1670 εἶπεν
2603 1619 2748 1688 αὐτῷ
2779 1620 2806 1671 6
2837 1620 2970 1681 Θεὸς
3003 1621 3099 1671 καὶ
3149 1622 3243 1680 τὰς
3281 1621 3519 1687 ἐπαγγε-

1951 1706 2093 1770 λίας,
2125 1707 2296 1759 εἰπὼν
2325 1710 2441 1760 ὅτι·
2483 1727 2502 1758 ι
2541 1711 2631 1762 Ἐν
2655 1710 2734 1778 τῷ
2766 1712 3046 1780 σπέρματί
3104 1729 3197 1763 σου
3231 1711 3518 1778 ὲνευλογη-

1955 1800 2210 1865 θήσονται
2245 1803 2421 1852 πάντα
2444 1802 2510 1853 τὰ
2541 1801 2687 1869 ἔθνη.
2731 1820 2748 1853 ι
2787 1801 2921 1854 Τότε
2963 1802 3166 1866 ἔδειξεν
3201 1807 3227 1856 6
3259 1803 3392 1864 Θεὸς
3440 1801 3519 1869 τῷ

1968 1891 2219 1959 Ἀϐραὰμ
2246 1893 2427 1943 πᾶσαν
2451 1892 2549 1960 τὴν
2591 1892 2718 1959 γῆν,
2776 1895 2872 1944 καὶ
2929 1888 3084 1944 εἶπεν
3130 1894 3312 1962 αὐτῷ⁹
3352 1913 3370 1944 ι
3427 1894 3518 1944 Σοὶ

1950 1985 2048 2034 καὶ
2076 1985 2152 2050 τῷ
2187 1983 2468 2051 σπέρματί
2533 2001 2627 2034 σου
2679 1983 2835 2036 δώσω
2895 1987 3089 2054 αὐτὴν.
3122 2003 3139 2033 ι
3208 1984 3519 2036 Κάντεῦθεν

1950 2074 2130 2125 λαΰὼν
2166 2077 2488 2144 παρρησίαν
2519 2078 2544 2128 6
2580 2075 2839 2145 Ἀϐραὰμ
2881 2078 3226 2147 παρεκάλεσε
3258 2077 3348 2128 τὸν
3385 2076 3518 2128 Θεὸν

1953 2165 2084 2234 περὶ
2131 2166 2239 2217 τῶν
2298 2168 2568 2235 Σοδόμων,
2607 2168 2787 2229 καθὼς
2849 2167 3160 2238 ἔμπροσθεν
3215 2166 3519 2235 φθάσαντες

1951 2257 2202 2325 εἴπομεν.
2237 2257 2390 2308 Ἐπεὶ
2420 2259 2476 2309 δὲ
2508 2259 2774 2327 κρίμασιν
2809 2254 2887 2320 οἷς
2919 2257 3028 2310 τ-ῐδε
3085 2259 3216 2317 Θεὸς
3247 2260 3350 2328 (τίς
3405 2261 3514 2327 γὰρ

1951 2347 2091 2413 ἔγνω
2121 2347 2245 2399 νοῦν
2281 2349 2484 2416 Κυρίου
2503 2347 2540 2415 ;)
2593 2350 2673 2400 ὅτι
2713 2349 2830 2416 μετ’
2887 2350 3066 2416 ὀλίγον
3136 2349 3514 2417 ἀποσταλῆναι

1954 2437 2240 2506 μέλλουσιν
2263 2439 2310 2490 οί
2334 2439 2427 2492 τοῦ
2444 2438 2696 2508 Ἀϐραὰμ
2720 2442 2976 2506 ἀπόγονοι
3000 2441 3076 2502 εἰς
3105 2441 3202 2508 τὴν
3218 2441 3514 2506 Αἴγυπτον,

1948 2527 2023 2591 ὼς
2067 2531 2134 2582 ἂν
2182 2531 2362 2582 ἐκεῖσε
2433 2530 2794 2584 διαὸιὸἀσωσι
2849 2531 3072 2599 χρόνους
3121 2532 3518 2601 τετρακοσίους

1950 2619 2042 2669 καὶ
2094 2619 2390 2687 τριάκοντα
2424 2622 2518 2671 καὶ
2575 2621 2681 2689 γὰρ
2728 2620 2902 2683 οὕτως
2942 2621 3163 2690 εἴρηκεν
3212 2624 3238 2673 ὁ
3269 2621 3401 2682 Θεὸς
3439 2621 3515 2688 τῷ

1960 2707 2237 2777 Ἀϐραὰμ,
2269 2711 2350 2762 ὅτι
2381 2709 2573 2761 Ἔσται
2604 2710 2665 2762 τὸ
2691 2711 2915 2780 σπέρμα
2949 2729 3039 2763 σου
3070 2711 3332 2780 πάροικος
3369 2713 3426 2764 ὲν
3443 2715 3515 2782 γῇ

1951 2796 2242 2872 ἀλλοτρίαν
2275 2797 2336 2848 τὸ
2362 2797 2416 2849 δὲ
2451 2799 2600 2860 ἔθνος
2631 2799 2658 2851 δ
2689 2800 2784 2851 ἐὰν
2812 2800 3060 2872 δουλὼσῃ
3095 2802 3310 2863 αὐτοὺς,
3347 2802 3516 2870 κρινῶ

1951 2887 2062 2955 ἐγώ
2096 2905 2109 2918 ’
2208 2890 2303 2940 καὶ
2341 2890 2566 2955 γέγονεν
2600 2893 2691 2943 ἐπὶ
2721 2892 2813 2943 τοῦ
2873 2866 3093 2960 Φαραῶ.
3125 2895 3223 2945 καὶ
3270 2893 3359 2944 διὰ
3387 2866 3517 2960 ’τὴν

1952 2979 2310 3048 πολυχρόνιον
2567 2981 2857 3050 διατριϐὴν
2905 2981 3015 3033 τῶν
3063 2983 3326 3051 Ἐϐραίων
3379 2969 3517 3050 με’τά

1949 3073 2058 3122 τῶν
2079 3071 2466 3138 Φαραωνιτῶν,
2504 3072 2578 3141 μή
2641 3089 2771 3124 ποτε
2829 3073 3121 3134 ἐνωθέντες
3178 3073 3394 3142 μτὶθωσι
3447 3073 3518 3126 τὰ

284 3163 518 3225 ἐκείτου,
574 3166 666 3216 καὶ
699 3167 822 3231 ἄγει
855 3168 950 3217 καὶ
983 3166 1137 3236 φέρει
1171 3167 1264 3218 καὶ¹
1285 3168 1541 3220 εὐτακτεῖ
1592 3167 1665 3229 ὡς
1721 3166 1842 3235 βου-
1874 3167 1915 3219 C
1949 3160 2154 3213 τούτων
2192 3160 2354 3231 ἔθιμα
2403 3163 2495 3213 καὶ
2553 3166 2652 3233 τὴν
2709 3165 3176 3233 εἰδωλολατρείαν,
3235 3166 3438 3235 ἐτάχθη
3482 3167 3517 3236 ἠ

285 3258 455 3308 λεται.
681 3257 883 3310 Τοῦτον
923 3257 1054 3325 γοῦν
1099 3259 1186 3310 τὸν
1217 3258 1352 3310 Θεὸν
1386 3257 1494 3324 ἐγὼ
1533 3259 1840 3328 προσκυνῶ.

285 3437 392 3488 ν--τῑ
423 3445 475 3491 et
509 3436 711 3489 lumine
743 3437 874 3491 solis
903 3452 1082 3505 egere,
1113 3453 1218 3504 quo
1251 3438 1425 3506 ipsum
1459 3436 1764 3490 illustrctur
1794 3445 1846 3490 et

287 3528 512 3581 inferior
562 3542 674 3590 aer,
696 3527 862 3580 solem
893 3539 1070 3581 autem
1094 3546 1234 3583 nunc
1259 3545 1417 3597 supra
1461 3538 1661 3582 terram
1699 3544 1843 3592 esse,

287 3635 429 3671 nunc
458 3617 596 3671 inl‘ra
627 3626 824 3672 terram
848 3621 1134 3682 occultari,
1159 3629 1317 3690 atque
1338 3621 1474 3675 emlo
1494 3621 1729 3675 nubibus
1750 3625 1846 3673 ob-

285 3719 426 3762 terto
460 3709 761 3772 obscurari,
796 3725 900 3762 non
941 3710 1154 3763 oblecto
1186 3711 1402 3773 lucere;
1448 3710 1842 3762 dcindelunam

282 3810 332 3850 et
355 3797 563 3874 stellas:
594 3799 808 3864 quando
829 3799 908 3851 sol
948 3816 1050 3853 non
1086 3802 1285 3864 luceat,
1305 3802 1603 3868 splendere,
1628 3800 1846 3870 quando

284 3891 478 3952 luet-at,
506 3891 716 3941 illarum
743 3890 912 3942 lucem
953 3889 1235 3942 obscurari
1258 3899 1310 3942 et
1347 3889 1651 3959 exstingui;
1686 3904 1847 3957 porro

287 3991 427 4030 mare
460 3989 739 4031 ventorum
767 3979 893 4031 ﬂatu
927 3975 1161 4048 agitari,
1185 3991 1380 4032 terram
1425 3981 1488 4033 ad
1540 3980 1844 4048 plantarum

283 4074 675 4142 incrementum
708 4085 868 4140 egere
912 4085 1074 4140 aqua;
1101 4071 1395 4140 haccigitur
1435 4087 1556 4124 cum
1602 4070 1847 4124 animad-

284 4166 548 4227 vertisset,
588 4163 872 4228 intellexit,
914 4169 1092 4216 omnia
1125 4165 1224 4215 ista
1255 4180 1347 4231 per
1366 4179 1423 4216 sc
1444 4165 1556 4217 sola
1585 4180 1707 4217 esse
1740 4178 1844 4217 non

281 4276 454 4329 posse,
493 4259 586 4314 sed
609 4270 798 4312 ιιιιιιιιο
829 4259 1098 4312 contineri
1124 4258 1350 4320 auxilio,
1377 4255 1839 4325 atquejudicavit,

283 4366 467 4402 eorum
497 4350 625 4402 nihil
658 4349 824 4402 Deum
851 4364 992 4402 esse.
1020 4349 1160 4402 Deus
1184 4350 1330 4402 enim
1358 4348 1552 4401 nullius
1580 4350 1654 4401 rei
1679 4347 1839 4401 auxi-

235 4449 238 4451 '
285 4440 352 4490 lio
376 4449 513 4505 eget.
546 4439 754 4492 Rursus
777 4456 899 4494 cum
928 4440 1428 4506 animadvertisset,
1475 4440 1609 4493 nihil
1651 4455 1840 4492 eorum

285 4546 374 4598 per
401 4546 456 4582 se
479 4532 650 4582 so!um
681 4534 843 4585 Deum
869 4548 990 4586 esse
1011 4548 1192 4602 posse,
1211 4533 1304 4586 sed
1329 4541 1524 4586 cuncta
1551 4533 1734 4612 simul,
1755 4533 1844 4584 in-

287 4623 800 4687 tellexissetautem,
824 4624 978 4676 arido
1013 4626 1323 4692 oppositum
1367 4641 1491 4679 esse
1533 4627 1844 4686 httmidum,

286 4712 475 4780 frigido
506 4710 833 4774 ealidum,et
895 4727 1033 4779 aqua
1075 4714 1345 4782 exstingui
1398 4715 1605 4782 ignem,
1651 4716 1846 4770 statuit

283 4807 414 4872 apud
443 4803 682 4856 animum
711 4803 974 4870 dixitque,
1010 4805 1102 4872 qui
1125 4820 1307 4857 secum
1333 4805 1592 4859 dissideat
1616 4818 1848 4876 pugnet-

280 4911 378 4963 que
412 4894 552 4949 Deus
583 4910 687 4949 non
717 4909 837 4950 esse
865 4893 1056 4948 Deum.
1112 4894 1316 4949 Deinde
1354 4913 1534 4950 rerum
1595 4898 1843 4953 ordinem

281 4997 327 5040 et
356 4991 614 5041 rationem
645 4985 1068 5054 contemplatus,
1099 4987 1173 5040 ita
1225 5003 1409 5042 secum
1473 4991 1842 5047 ratiocinaba—

287 5088 365 5132 tur
400 5078 549 5134 :cEst
579 5078 661 5134 vis
695 5077 899 5148 aliqua,
931 5093 1035 5147 qua
1077 5079 1396 5133 universum
1453 5081 1766 5136 continetur
1787 5093 1842 5138 et

277 5171 623 5261 gubernatur.
667 5168 785 5222 lam
828 5183 952 5221 cum
992 5182 1181 5223 omnes
1205 5171 1456 5224 homines
1475 5173 1841 5236 consentiant,

287 5261 440 5314 Deum
463 5277 601 5327 esse,
655 5262 750 5317 sed
801 5262 1017 5332 qualem
1078 5263 1313 5331 quisque
1369 5263 1564 5318 vultet
1620 5269 1841 5332 prohat,

276 5334 696 5408 consentaneum
753 5366 857 5418 est,
888 5370 1080 5408 omnes
1138 5371 1320 5408 errare
1380 5367 1434 5410 et
1465 5359 1700 5411 mentiri.
1736 5359 1845 5412 Ita-

279 5463 374 5512 que
404 5448 503 5499 hoc
547 5463 714 5500 unum
749 5447 1017 5516 reliquum
1056 5457 1159 5522 est,
1193 5465 1297 5501 non
1329 5465 1452 5504 esse
1505 5450 1672 5503 alium
1735 5468 1837 5504 vc-

283 5554 390 5590 rnm
419 5538 608 5599 Dt-mn,
645 5539 749 5591 nisi
779 5540 868 5606 qui
900 5548 1093 5592 cuneta
1124 5541 1268 5600 fecit,
1331 5556 1450 5608 quae
1515 5541 1679 5606 idem,
1734 5543 1837 5597 sibi

281 5630 536 5698 subjecta,
571 5630 728 5696 regit,
760 5631 1029 5698 gubernat
1058 5639 1111 5684 et
1143 5632 1512 5695 administrat,
1573 5636 1838 5703 quemad-

283 5723 489 5774 modum
538 5720 640 5789 ipsi
693 5724 889 5789 placet.
973 5721 1126 5775 llunc
1181 5723 1341 5793 igitur
1373 5723 1542 5777 Deum
1587 5726 1840 5794 equidem

283 5813 457 5868 adoro.
496 5813 670 5882 Atque
705 5814 853 5867 humi
881 5815 1151 5885 projcrlus
1201 5817 1540 5871 Abrahamus
1596 5819 1838 5872 adoratit

1953 3255 2220 3324 περιτομὴ
2253 3253 2326 3316 ὥς
2348 3271 2400 3305 τι
2435 3258 2664 3325 σημεῖον
2693 3256 2788 3309 καὶ
2825 3256 3098 3324 σύμϐολον
3144 3255 3386 3326 διαιροῦν
3424 3257 3520 3308 καὶ

1950 3429 2124 3483 solmn
2152 3440 2204 3483 et
2235 3447 2416 3484 verum
2445 3431 2634 3484 Deum.
2686 3429 2830 3485 lllico
2883 3429 3027 3486 Dens
3091 3433 3354 3502 Optimus,
3421 3429 3516 3498 qui

1950 3537 2043 3590 per
2093 3521 2286 3575 Isaiam
2343 3524 2656 3591 prophetam
2712 3522 2865 3586 dicit,
2897 3523 3129 3576 iAdsunt
3193 3524 3285 3576 tibi
3339 3522 3519 3574 adhuc

1949 3615 2497 3671 oranti.»Abmhami
2527 3616 2907 3668 adorationetn
2941 3627 2996 3668 et
3050 3615 3206 3667 ﬁdem
3278 3616 3514 3682 accepit.

1949 3704 2079 3768 Quae
2110 3705 2326 3772 quidem
2361 3705 2492 3757 litles
2522 3705 2596 3757 illi
2635 3714 2759 3757 ante
2790 3720 2982 3758 omnes
3013 3706 3241 3758 virtutes
3287 3705 3518 3770 iustitia:

1948 3798 2192 3864 apposita
2218 3807 2321 3861 est,
2355 3807 2405 3849 et
2435 3798 2548 3861 ipse
2595 3797 2772 3849 factus
2817 3807 2900 3850 est
2956 3798 3166 3850 amicus
3232 3795 3348 3849 Dei.
3404 3795 3515 3848 Nos

1947 3892 2092 3942 enim
2124 3904 2313 3942 omnes
2340 3903 2622 3940 sacrarqu
2668 3888 3000 3942 Litterarum
3049 3889 3257 3942 auxilio
3287 3901 3512 3956 egemus

1951 3989 2172 4050 propter
2218 3979 2588 4034 inﬁrmitatem
2649 3993 2938 4045 nostram;
2991 3982 3122 4050 justi
3177 3989 3356 4033 autem
3401 3977 3518 4034 Noe

1949 4083 2004 4126 et
2059 4073 2420 4136 Abrahamus,
2452 4081 2504 4125 et
2534 4073 2577 4124 si
2610 4074 2712 4139 .qui
2747 4073 2836 4126 alii
2888 4081 2999 4125 tum
3045 4081 3278 4125 mentem
3309 4086 3514 4140 puram

1949 4163 2260 4225 servabant,
2328 4177 2436 4215 non
2509 4163 2744 4231 egebant
2815 4163 3037 4227 litteris,
3098 4176 3219 4227 qua:
3268 4162 3512 4227 ipsorum

1948 4255 2142 4307 animis
2184 4255 2459 4322 inscriptae
2488 4264 2540 4306 et
2594 4253 2875 4321 insculpta:
2929 4262 3104 4306 erant.
3156 4250 3294 4304 Tum
3350 4252 3516 4319 igitur

1947 4341 2091 4395 Deus
2119 4341 2284 4395 etiam
2330 4342 2599 4412 promissa
2664 4343 2737 4395 illi
2796 4342 2946 4404 fecit,
3003 4347 3071 4394 ita
3111 4343 3377 4398 locutus:
3423 4339 3510 4390 ιΙιι

1947 4434 2152 4488 semine
2195 4445 2286 4486 tuo
2309 4433 2658 4489 benedicatur
2687 4436 2904 4488 cunctis
2929 4434 3160 4503 populis,
3196 4451 3214 4483 ι
3253 4443 3517 4484 monstra-

1955 4536 2114 4594 taque
2140 4526 2311 4579 eidem
2346 4535 2456 4579 tota
2489 4538 2630 4580 terra
2662 4542 2676 4579 :
2707 4525 2880 4589 «Tibi,
2935 4525 3031 4589 ait,
3082 4535 3137 4578 et
3176 4523 3368 4579 semini
3426 4531 3518 4574 tuo

1950 4616 2090 4670 dabo
2115 4633 2284 4672 eam.»
2330 4617 2529 4670 Deinde
2563 4619 2926 4681 Abrahamus,
2953 4617 3257 4670 libertatem
3299 4611 3517 4667 dicendi

1949 4719 2163 4771 nactus.
2217 4710 2382 4764 Deum
2416 4709 2482 4764 de
2515 4709 2766 4764 Sodomis
2809 4718 3058 4777 precatus
3109 4717 3213 4771 est,
3257 4705 3518 4776 quemad-

1952 4805 2172 4856 modum
2200 4819 2361 4871 supra
2392 4802 2774 4870 explicuimus.
2805 4803 2938 4855 Cum
2997 4809 3179 4854 autem
3235 4814 3329 4867 pro
3371 4812 3507 4851 con-

1949 4895 2085 4950 siliis
2118 4895 2232 4947 suis
2288 4893 2612 4961 intelligeret
2671 4893 2814 4947 Deus
2871 4893 3014 4962 (quis
3077 4892 3219 4945 enim
3277 4899 3513 4943 mentem

1951 4985 2161 5040 Domini
2187 4986 2501 5055 perspexit?
2530 4988 2569 5054 ),
2607 4986 2754 5040 brevi
2822 4986 2874 5038 in
2945 4982 3236 5053 [Egyptqu
3284 4983 3512 5035 missum

1949 5078 2013 5132 iri
2045 5079 2334 5132 Abrahami
2368 5088 2633 5148 posteros,
2664 5088 2721 5130 ut
2748 5079 2819 5132 ibi
2861 5093 3034 5132 annos
3085 5077 3516 5146 quadringentos

1946 5182 1999 5226 et
2038 5173 2258 5242 triginta
2298 5173 2560 5234 viverent,
2586 5171 2660 5224 ita
2693 5171 3063 5223 Abrahamum
3097 5169 3369 5221 allocutus
3393 5174 3515 5218 est:

1955 5283 1973 5316 ι
2011 5264 2218 5318 Posteri
2249 5265 2324 5317 tui
2370 5262 2610 5331 hospites
2649 5263 2890 5316 eruntin
2924 5271 3068 5314 terra
3133 5261 3332 5318 aliena,
3383 5270 3517 5324 gen-

1946 5365 2051 5409 tem
2077 5364 2282 5417 autetn,
2313 5353 2398 5408 cui
2425 5357 2684 5417 servient,
2711 5369 2810 5422 ego
2838 5351 3117 5422 judit'abo.
3153 5368 3172 5401 ι
3211 5348 3363 5416 Quod
3399 5345 3517 5398 fac-

1945 5459 2056 5501 tum
2088 5457 2173 5500 est
2203 5447 2302 5502 sub
2331 5447 2636 5500 Pharaone.
2658 5444 2733 5498 Ne
2761 5456 2940 5498 autem
2968 5454 3190 5512 propter
3218 5438 3516 5507 longinqua

1947 5557 2068 5596 cum
2113 5543 2458 5595 Pharaonitis
2482 5541 2814 5595 commercia
2867 5538 3098 5602 llebrazi,
3136 5551 3260 5590 cum
3320 5531 3512 5584 iisdem

1951 5635 2254 5698 conciliati,
2286 5650 2465 5689 mores
2495 5643 2547 5687 et
2575 5632 3014 5701 superstitionem
3042 5641 3231 5680 eorum
3266 5620 3516 5676 addisce-

1946 5735 2086 5793 rent,
2114 5727 2456 5782 circumcisio
2483 5727 2730 5780 instituta
2759 5735 2844 5778 est
2889 5732 3149 5789 tanquam
3178 5715 3395 5783 signum
3449 5719 3506 5764 et

1952 5821 2258 5890 symbolum
2302 5821 2568 5891 quoddam
2606 5817 2856 5871 Hebraeos
2911 5815 2977 5867 ab
3021 5808 3288 5879 Egyptiis
3332 5817 3515 5860 secer-
