4066 6296
50 1834 51 1837 ‘
128 1816 503 1885 Χριστιανοὶ

63 315 168 374 92
184 321 233 375 5

1192 329 1638 391 CHRONICON
1683 333 1956 397 MAJUS.
1995 365 2061 374 --
2096 340 2242 404 LIB.
2282 342 2381 403 IV.

3326 348 3431 412 926

66 435 264 500 πρὸς
300 432 496 487 αὐτοῦ
558 435 741 507 ’Ἅγαρ
793 440 901 493 ἀπὸ
969 442 1062 494 τοῦ
1129 432 1399 514 Ἁϐραάμ.
1454 446 1515 500 El
1555 420 1760 513 Victo;
1798 464 1833 516 Α
1867 452 1963 520 ξας
1991 456 2049 506 ἐν
2076 457 2215 525 αὐτῇ
2257 457 2473 527 πληγὰς
2514 458 2764 527 μεγάλας
2806 452 3040 532 σφόδρα,
3095 464 3188 518 καὶ
3229 462 3428 533 ἔπληξε

72 524 275 576 ποτὲ
314 526 477 594 πρὸς
518 528 610 580 τὸν
654 529 908 601 ’Λϐραὰμ
939 531 1172 603 θεωρίας
1210 536 1373 606 χάριν
1409 534 1597 607 ἦλθεν,
1638 540 1755 592 ἀλλ’

80 612 237 683 οὐχ
287 617 385 678 ὡς
429 619 549 681 υίὸς
585 622 679 672 καὶ
741 625 965 693 σπέρμα
1028 628 1124 679 καὶ
1169 627 1508 699 κληρονόμος
1563 630 1753 687 αὐτοῦ.

81 705 379 763 Τούτου
423 713 563 778 γοῦν
597 714 771 777 οὕτως
806 717 1046 787 ἔχοντος,
1079 721 1247 773 πόθεν
1282 723 1501 790 ἔχουσιν
1527 725 1576 776 οι
1613 723 1754 778 Μου-

86 801 482 871 σουλμάνοι
509 807 609 875 τὴν
643 808 831 862 πίστιν
860 811 960 863 οὐκ
990 807 1131 867 οῖδα.
1161 813 1259 865 Διὰ
1306 815 1466 866 τοῦτο
1497 816 1597 867 οὐκ
1626 816 1756 869 ἁνα-

88 896 431 960 φαίνεται
470 898 578 951 ἀπό
608 915 755 963 τινος
790 903 1120 971 πράγματος
1145 906 1250 975 πρὸ
1280 906 1371 959 τοῦ
1406 907 1653 977 Μωᾶμεθ
1690 910 1755 961 ἐκ

88 988 233 1041 τοῦ
285 988 574 1061 Ἀϐραὰμ
606 988 745 1044 εἶναι
777 994 878 1060 τὴν
912 996 1021 1046 τῶν
1051 998 1497 1066 Μουσουλμάνων
1524 1001 1710 1051 πίστιν
1736 1016 1751 1031 ·

99 1080 269 1157 ἀλλ’
312 1082 500 1143 αὐτὸς
530 1084 681 1134 ἐστιν
705 1084 733 1134 6
767 1085 1014 1154 ἀρχηγὸς
1027 1087 1136 1139 τῶν
1164 1087 1423 1140 τοιούτων
1440 1088 1752 1157 δογμάτων,

97 1148 246 1227 καῖ
284 1174 383 1227 ὅτι
407 1174 524 1227 ἀπὸ
547 1174 752 1238 κοιλίας
975 1178 1214 1242 ἐδίδαξεν
1244 1181 1344 1232 ὅσα
1375 1148 1753 1245 ἐδίδαέεν,οὐκ

103 1267 257 1319 ἀπὸ
298 1267 487 1321 Θεοῦ.

212 1358 371 1411 Ὀτι
414 1360 476 1412 δὲ
518 1361 772 1428 λέγουσιν
796 1363 847 1415 οἱ
879 1352 1298 1433 Μουσουλμάνοι
1330 1364 1405 1425 ὡς
1435 1364 1756 1433 γεγραμμέτ

114 1465 239 1501 νον
272 1450 614 1519 εὑρίσκεται
634 1453 693 1505 τὸ
720 1453 814 1505 τοῦ
846 1452 1148 1523 Μαχούμετ
1178 1452 1352 1522 ὄνομα
1382 1458 1439 1506 ἐν
1469 1456 1545 1524 τῷ
1574 1456 1755 1524 Εὐαγ-

116 1540 360 1611 γελίῳ,
395 1544 648 1607 εἰπόντος
677 1546 771 1597 τοῦ
798 1546 1034 1615 Χριστοῦ
1068 1548 1198 1618 περὶ
1229 1548 1445 1601 ἐκείνου
1471 1548 1553 1601 ὅτι
1574 1549 1753 1618 Εὐαγο

50 1650 51 1657 ‘
123 1632 470 1703 ‘feMCotaat
499 1637 631 1705 ὑμῖν
665 1639 749 1690 ὅτι
791 1642 910 1707 μετ’
941 1640 1042 1708 ἐμὲ
1086 1640 1273 1709 μέλλει
1305 1641 1482 1693 ἐλθεῖν
1514 1643 1754 1696 ἀπόστο-

121 1721 248 1785 λος
312 1726 422 1777 καὶ
474 1729 786 1797 προφήτης,
848 1731 1020 1800 ὄνομα
1077 1732 1228 1801 αὐτῷ
1280 1733 1564 1802 Μωάμεθ·
1613 1735 1752 1788 οἱδέ

574 1821 951 1891 φθονήσαντες

56 2220 57 2223 η
137 2189 321 2241 θέται
352 2192 406 2242 οἱ
432 2191 746 2257 διδάξαντες
787 2195 985 2263 νόμους
1023 2196 1349 2258 καθολικούς
1383 2214 1396 2229 ο
1432 2195 1460 2251 6
1486 2196 1748 2268 Μωῦσῆς,

50 5606 55 5637 l

50 2314 51 2319 η
138 2274 192 2347 ᾧ
220 2285 580 2355 ἠκολούθησε
616 2289 677 2339 τὸ
700 2270 860 2355 γέδος
886 2291 994 2340 τῶν
1025 2290 1295 2359 Ἐϐραίων
1317 2307 1332 2322 ο
1362 2293 1390 2344 6
1427 2292 1686 2359 Χριστὸς,
1706 2286 1751 2359 ᾧ

141 2376 562 2445 ἠκολούθησαν
600 2380 781 2433 πάντα
824 2380 890 2432 τὰ
941 2379 1071 2448 ἔθνη
1115 2381 1206 2433 καὶ
1233 2381 1283 2433 οἱ
1334 2381 1415 2443 εἰς
1468 2381 1631 2434 αὐτὸν
1660 2399 1752 2434 md

50 2480 51 2485 ‘
153 2465 520 2528 στεύσαντες
557 2469 618 2519 τὶ.
645 2469 832 2522 πλεῖον
862 2470 1031 2539 μέρος
1054 2470 1164 2522 τῶν
1194 2469 1487 2541 Ἐϐραίων,
1507 2472 1627 2524 ἐπεὶ
1644 2471 1753 2524 ἀπὸ

152 2558 389 2611 τούτων
421 2559 472 2611 οε
527 2561 602 2628 μὴ
639 2560 1037 2624 πιστεύσαντες
1086 2561 1267 2629 πολλῷ
1305 2562 1563 2624 ἐλάττους
1614 2564 1752 2616 εἰσὶν

153 2648 363 2731 αὲτῶν
395 2650 461 2717 δὴ
490 2650 598 2703 τῶν
637 2652 1052 2706 πιστευσάντων
1076 2653 1168 2705 κα)⁸
1217 2653 1406 2724 σχεδὸν
1440 2654 1753 2725 εὐαρίθμη-

152 2748 248 2793 τοι
286 2756 303 2772 ο
338 2744 436 2794 καὶ
466 2746 494 2795 ὁ
520 2742 788 2815 Μωάμεθ,
818 2738 863 2813 ᾧ
902 2745 1277 2813 ἠκολούθησαν
1315 2746 1366 2799 oi
1395 2745 1752 2815 Μουσουλμά-

50 2854 51 2879 ;
154 2846 271 2886 νοι.
316 2834 487 2887 Ἀνευ
510 2833 718 2887 τούτων
748 2832 812 2905 δὴ
834 2836 946 2889 τῶν
974 2835 1146 2906 τριῶν
1172 2835 1363 2906 ἕτερός
1408 2854 1495 2898 τις
1528 2836 1750 2901 διδάξας

156 2923 264 2976 καὶ
294 2924 422 2987 δοὺς
446 2925 614 2995 νόμον
640 2929 742 2980 οὐκ
768 2929 935 2982 ἐστιν.
980 2928 1125 2981 Ἀλλ’
1148 2930 1175 2982 6
1208 2929 1312 2999 μέν
1349 2930 1600 2997 Μωῦσῆς
1650 2945 1749 2997 με-

164 3014 538 3083 μαρτύρηται
603 3016 1019 3085 ἀπεσταλμένος
1065 3017 1210 3073 εἶναι
1257 3020 1409 3088 παρὰ
1441 3018 1604 3074 Θεοῦ.
1657 3019 1749 3083 Ἐξ

157 3104 355 3173 ἀρχῆς
382 3102 462 3156 ἔτι
496 3103 573 3158 ῶν
606 3106 664 3159 ἐν
695 3109 760 3176 τῇ
802 3107 1067 3178 Αἰγύπτῳ
1110 3110 1339 3177 ἐποίησε
1389 3111 1596 3181 σημεῖα
1654 3109 1749 3162 καὶ

155 3195 380 3265 τέρατα
414 3197 652 3265 μεγάλα,
688 3198 781 3252 καὶ
810 3200 1077 3269 ἐμάστιξε
1108 3200 1208 3269 τὴν
1237 3200 1535 3269 Αἴγυπτον,
1601 3200 1737 3255 ἐπά-

161 3373 373 3438 hamo;
407 3383 569 3443 atque
603 3376 817 3431 etiamsi
878 3378 1245 3435 Abrahamum
1300 3381 1520 3437 videndi
1578 3397 1741 3438 causa

165 3463 391 3529 adierit,
422 3480 531 3519 non
564 3465 694 3520 adiit
742 3477 922 3523 tamen
956 3485 1079 3525 eum
1128 3480 1187 3526 ut
1239 3472 1383 3528 ﬁlius
1433 3483 1487 3528 et
1547 3488 1738 3530 semen

170 3565 227 3610 et
257 3556 430 3610 haeres
459 3557 599 3625 ejus.
632 3558 763 3623 Quae
790 3566 912 3614 cilm
949 3561 1023 3616 ita
1063 3562 1197 3626 sint,
1252 3564 1523 3618 undenam
1579 3564 1741 3620 ﬁdem

172 3662 335 3700 suam
365 3647 690 3704 Musulmani
735 3653 996 3716 habeant,
1050 3655 1303 3723 equidem
1358 3656 1567 3721 nescio;
1627 3670 1731 3711 nec

172 3754 243 3791 ex
272 3738 377 3792 ulla
407 3753 465 3793 re
503 3751 628 3797 ante
652 3733 1015 3807 llohainetem
1077 3748 1145 3800 ab
1208 3746 1527 3801 Abrahamo
1579 3763 1739 3818 repe-

116 3894 119 3899 ί
173 3830 334 3885 tenda
359 3832 570 3886 videtur
600 3834 1072 3893 Musulmanornm
1094 3840 1265 3906 ﬁdes;
1304 3842 1396 3895 sed
1421 3842 1538 3910 ipse
1581 3842 1741 3896 istius

175 3924 430 3980 doctrinae
482 3934 674 3981 auctor
740 3937 841 3993 est,
902 3939 956 3982 et
1010 3940 1353 4001 quaecunque
1444 3933 1650 3997 docuit,
1711 3950 1741 3988 e

178 4030 278 4069 suo
308 4015 538 4087 ingenio,
561 4033 667 4071 non
702 4033 729 4070 a
762 4018 872 4073 Deo
896 4030 1144 4090 accepta,
1180 4020 1386 4077 docuit.

246 4106 393 4172 Quod
417 4117 599 4163 autem
648 4109 977 4166 Musulmani
1025 4113 1238 4179 dicunt,
1294 4116 1558 4185 scriptum
1620 4134 1741 4174 esse

184 4199 489 4255 Mohametis
516 4216 712 4255 nomen
746 4203 799 4256 in
834 4204 1147 4273 Evangelia,
1181 4221 1304 4261 cum
1361 4208 1617 4265 Christus
1671 4210 1742 4266 de

182 4304 247 4341 eo
271 4290 455 4343 dixerit
486 4309 499 4344 :
525 4292 724 4349 «Edico
754 4297 930 4358 vobis,
964 4305 1254 4353 venturum
1307 4316 1428 4356 esse
1477 4312 1595 4371 post
1652 4319 1741 4358 me

183 4380 466 4446 apostolum
492 4391 545 4437 et
576 4386 919 4456 prophetam,
946 4390 1035 4443 cui
1089 4388 1413 4448 Mohametis
1461 4407 1681 4460 nomen,
1719 4413 1735 4447 ι

1856 545 1952 597 καὶ
1988 548 2355 615 ἐθεράπευσε,
2380 552 2475 603 καὶ
2529 553 2794 620 προέλεγε
2850 556 2921 607 τὰ
2957 557 3302 625 γενησόμενα
3352 556 3431 618 ὡς

1857 637 2182 707 προφήτης,
2214 638 2297 693 ὅτι
2325 638 2387 694 El
2422 643 2520 710 μὲν
2551 643 2848 708 ἀπολύσεις
2880 647 2970 698 τὸν
2998 646 3126 699 λαὸν
3152 646 3245 699 τοῦ
3270 647 3428 713 Θεοῦ,
3482 692 3485 697 .

1856 728 2128 781 ἀπόλυσον
2154 746 2167 761 δ
2202 733 2250 783 εἰ
2283 732 2329 784 δ’
2360 724 2476 797 οὖν,
2513 736 2580 787 τὰ
2620 737 2715 788 καὶ
2742 736 2810 789 τὰ
2858 738 3230 807 συμϐήσονται
3260 740 3344 791 σοί
3368 757 3428 792 τε

1857 822 1953 872 καὶ
1989 823 2155 874 παντὶ
2184 824 2264 893 τῷ
2285 825 2401 892 λαῷ
2438 827 2541 895 τῆς
2582 828 2886 895 Αἰγύπτου.
2925 831 3033 883 Καὶ
3066 828 3432 900 ὑπισχνούμε-

1855 928 1945 973 νος
1973 914 2173 982 Φαραὼ
2200 916 2428 986 ποιῆσαι
2478 918 2539 970 τδ
2589 921 2742 987 ρήμα
2801 921 3008 985 Κυρὶου
3064 921 3433 991 ἐθεραπεύετο

1857 1001 2009 1070 παρὰ
2039 1002 2133 1055 τοῦ
2160 1006 2468 1071 Μωῦσέως,
2494 1008 2567 1070 ὡς
2590 1009 3121 1074 ἐξουσίαν’)αϐόντος
3147 1013 3253 1063 ἀπὸ
3270 1012 3430 1065 Θεοῦ.

1856 1094 2013 1145 Μετὰ
2056 1095 2306 1150 δὲταῦτα
2339 1099 2598 1163 ἐξέϐαλεν
2628 1103 2654 1153 6
2682 1084 2930 1169 Μωῦσῆς
2967 1102 3104 1169 μετὰ
3142 1102 3432 1172 βραχίονος

1858 1178 2067 1255 ὑψηλοῦ
2100 1188 2161 1241 τὸ
2196 1190 2351 1255 γένος
2400 1193 2510 1245 τῶν
2561 1193 2836 1263 Ἐϐραίων
2869 1199 2931 1247 ἐκ
2990 1189 3096 1264 γῆς
3155 1200 3430 1267 Αἰγύπτου

1858 1281 1956 1331 καὶ
1983 1280 2081 1347 τῆς
2103 1280 2355 1346 δουλείας
2382 1283 2477 1335 τοῦ
2525 1283 2748 1355 Φαραὼ,
2777 1288 3120 1352 καταδιώξας
3161 1290 3205 1341 δ’
3235 1291 3429 1350 αὐτοὺς

1855 1371 1882 1421 6
1913 1369 2113 1437 Φαραὼ
2147 1371 2435 1441 ἐποντίσθη
2472 1374 2530 1425 ἐν
2558 1378 2622 1444 τῇ
2687 1377 2928 1448 Ἐρυθρᾷ
2979 1378 3229 1449 θαλάσσῃ
3290 1379 3431 1448 μετὰ

1859 1461 2043 1528 πάσης
2103 1463 2200 1531 τῆς
2260 1466 2523 1531 στρατιᾶς
2562 1469 2727 1521 αὑτοῦ
2790 1473 2943 1539 παρὰ
2982 1471 3078 1531 τοῦ
3135 1464 3430 1533 Μωῦσέωςξ

1856 1552 2009 1605 Μετὰ
2046 1554 2101 1606 δὲ
2138 1554 2311 1607 ταῦτα
2347 1562 2676 1620 περιεπάτει
2740 1562 2797 1613 ἐν
2830 1565 2896 1630 τῇ
2949 1564 3141 1632 ἐρήμῳ
3208 1563 3433 1631 χρόνους

1856 1636 2271 1714 τεσσαράκοντα
2310 1649 2481 1701 ποιῶν
2516 1651 2768 1719 θαύματα
2800 1654 3029 1721 ἄπειρα.
3071 1654 3238 1706 Ἀλλὰ
3269 1653 3431 1725 342

1858 1737 1952 1789 καὶ
1984 1738 2215 1791 ἐνώπιον
2247 1742 2466 1794 πάντων
2505 1743 2615 1795 τῶν
2655 1745 2928 1813 Ἐϐραίων
2989 1746 3160 1813 ἀνέϐη
3218 1749 3245 1798 6
3277 1747 3436 1799 Μωῡ-

1027 1823 1289 1888 ἐξέϐαλον
1351 1825 1483 1878 αὐτὸ
1539 1828 1603 1879 ἐκ
1663 1828 1754 1879 τοῦ
1791 1824 1832 1877 Β
1865 1828 1963 1894 σῆς
1995 1829 2088 1879 ἐπὶ
2118 1829 2212 1880 τοῦ
2246 1830 2403 1898 ὅρους
2441 1833 2590 1893 ma,
2638 1835 2905 1886 εἰπόντων
2938 1835 3098 1886 τοῦτο
3134 1835 3240 1886 τῶν
3305 1837 3434 1887 Ἰου·

50 1924 53 1929 '
132 1908 521 1977 Εὑαγγελίου
550 1928 563 1941 ·
599 1913 756 1983 341
801 1915 963 1984 δεῦρο
1008 1916 1071 1985 δὴ
1102 1917 1436 1985 σκεψώμεθα
1466 1922 1559 1970 καὶ
1620 1920 1751 1987 περὶ

50 2036 51 2043 η
134 2001 394 2064 τούτου.
436 2005 532 2057 καί
562 2023 651 2073 μοι
684 2006 832 2058 δοκεῖ
861 2008 937 2068 ὡς
976 2007 1036 2059 οὐ
1074 2009 1149 2077 μὴ
1186 2009 1524 2078 κρυϐήσεται
1548 2012 1579 2076 ή
1609 2010 1751 2072 ἀλή-

50 2104 53 2111 ’
135 2094 312 2149 Οεια.
345 2097 621 2149 ’Ἄκουσον
644 2098 822 2150 τοίνυν
848 2100 1138 2167 νουνεχῶς.
1208 2100 1372 2170 Τρεῖς
1410 2103 1550 2154 εἰσιν
1587 2119 1751 2171 νομο-

1854 1916 2021 1970 δαίων
2056 1921 2192 1986 πρὸς
2247 1921 2412 1974 αὐτὸν
2469 1923 2549 1973 ὅτι
2614 1923 2904 1977 ’Δνὰὅᾶινε
2940 1927 3018 1986 εἰς
3060 1926 3118 1977 τὸ
3172 1908 3295 1993 ὗρᾶς
3340 1928 3433 1978 καὶ

1854 2010 2025 2075 γνῶθι
2050 2012 2109 2080 τὸ
2136 1996 2236 2063 ’τοῦ
2261 2012 2400 2064 Θεοῦ
2431 2014 2647 2083 θέλημα
2665 2032 2680 2046 ο
2723 2019 2888 2086 ἡμεῖς
2930 2018 3039 2088 γὰρ
3084 2018 3270 2089 φωνὴν
3293 2018 3431 2071 Θεοῦ

1852 2100 2087 2154 ἀκοῦσαι
2120 2103 2183 2155 οὐ
2236 2104 2540 2174 δυνάμεθα,
2593 2110 2804 2177 μήποτε
2837 2110 3271 2178 τελευτήσωμεν.
3321 2113 3432 2166 Καὶ

1852 2182 1880 2245 6
1910 2192 2041 2255 λαὸς
2072 2195 2260 2247 ἵστατο
2294 2199 2577 2267 μακρόθεν
2603 2200 2699 2252 τοῦ
2734 2202 2895 2269 ὅρους
2963 2204 3101 2272 μετὰ
3140 2204 3307 2269 φόϐου
3337 2204 3433 2257 καὶ

1854 2284 2063 2352 τρόμου
2098 2290 2539 2354 προσκυνοῦντες
2602 2289 2682 2359 τῷ
2739 2291 2858 2359 Θεῷ
2914 2293 2992 2361 τῷ
3043 2292 3296 2345 λαλοῦντι
3353 2294 3431 2360 τῷ

1853 2372 2066 2443 Μωῦσῇ
2094 2387 2107 2401 °
2138 2378 2165 2426 ο
2198 2375 2254 2426 δὲ
2292 2375 2528 2445 Μωῡσῆς
2566 2378 2784 2432 ἀκούων
2811 2380 2940 2441 τοὺς
2965 2381 3157 2448 λόγους
3173 2381 3266 2433 τοῦ
3292 2380 3430 2434 Θεοῦ

1854 2462 2006 2530 ἔλεγε
2066 2464 2295 2529 τούτους
2357 2471 2472 2529 τοῖς
2532 2469 2838 2537 Ἑϐραίοις,
2888 2472 2984 2523 καὶ
3039 2472 3327 2541 παρευθὺς
3371 2472 3433 2525 τὸ

1853 2551 2093 2622 λαληθὲν
2124 2554 2456 2625 ἐπληροῦτο.
2484 2558 2629 2611 Ἀλλ’
2683 2562 2942 2633 οὐδέποτε
2989 2564 3252 2631 ἐκίνησαν
3302 2564 3432 2627 τοὺς

1855 2646 2280 2719 τεσσαράκοντα
2318 2650 2547 2717 χρόνους
2578 2650 2686 2704 ἀπὸ
2710 2652 2802 2705 τοῦ
2831 2654 3004 2706 τόπου
3066 2654 3247 2706 αὐτῶν
3296 2655 3431 2707 ἄνευ

1854 2733 2018 2802 λόγου
2059 2737 2156 2789 τοῦ
2188 2738 2345 2792 Θεοῦ.
2375 2742 2621 2810 Μωῦσῆς
2648 2743 2780 2814 γὰρ,
2810 2744 2976 2813 φησὶν
3008 2746 3040 2813 ὴ
3071 2740 3289 2815 Γραφὴ,
3310 2745 3434 2799 ἐλά-

1853 2824 1959 2889 λει,
1993 2828 2090 2879 καὶ
2119 2830 2147 2881 6
2182 2828 2318 2891 Θεὸς
2346 2832 2686 2903 ἁπεκρίνατο
2714 2837 2889 2904 φωνῇ.
2938 2835 3091 2889 Μετὰ
3118 2831 3273 2903 εγοῦν
3320 2833 3432 2889 τῶν

1854 2918 2069 2972 πολλῶν
2123 2923 2447 2991 μαρτυριῶν
2474 2941 2535 2977 τε
2572 2924 2668 2977 καὶ
2717 2924 3015 2995 θαυμάτων
3065 2926 3294 2992 ἐξέδωκε
3339 2927 3432 2980 τὶν

1852 3009 2015 3079 νόμον
2048 3014 2159 3075 τοῖς
2188 3012 2489 3080 Ἰουδαίοις,
2518 3019 2613 3070 καὶ
2647 3018 2897 3083 ἐδέξαντο
2911 3019 3102 3073 τοῦτον
3138 3020 3233 3072 καὶ
3252 3036 3429 3090 προσ-

1852 3102 2151 3173 εκύνησαν,
2179 3106 2272 3159 καὶ
2311 3108 2626 3178 παρέλαϐον
2648 3111 2742 3164 τδν
2773 3111 2927 3180 παρὰ
2989 3110 3087 3163 τοῦ
3145 3110 3431 3174 Μωῦσέως

1846 3194 2073 3251 δοθέντα
2100 3196 2268 3268 νόμον
2291 3198 2369 3264 ὥς
2408 3200 2508 3256 τοῦ
2545 3202 2686 3257 Θεοῦ
2719 3204 2903 3276 νόμον.

1846 3380 2012 3444 atque
2046 3373 2342 3448 Egyptum
2376 3380 2555 3450 plagis
2587 3382 2901 3454 ingentibus
2925 3390 3238 3463 castigavit,
3296 3407 3431 3461 per-

1847 3469 2042 3521 terruit
2069 3478 2123 3523 et
2153 3470 2386 3537 domuit,
2426 3488 2489 3527 ac
2535 3473 2718 3530 futura
2775 3487 2833 3533 ut
2864 3484 3125 3550 propheta
3155 3485 3432 3553 praedixit,

1846 3557 1920 3612 ita
1976 3558 2249 3617 locutus:
2315 3563 2403 3619 «Si
2471 3566 2805 3624 dimissurus
2852 3587 2911 3626 es

1845 3649 2060 3705 dimitte
2088 3666 2213 3706 eum
2244 3670 2259 3720 ;
2294 3654 2379 3709 sin
2406 3656 2611 3722 minus,
2644 3660 2732 3714 illa
2766 3664 2847 3716 vel
2879 3664 2967 3717 illa
3025 3666 3125 3720 tibi
3185 3678 3236 3722 et
3276 3671 3424 3723 omni

1845 3742 2084 3814 Egypto
2108 3758 2366 3802 eventura
2397 3761 2578 3805 sunta
2624 3754 2798 3824 Atque
2849 3758 3122 3827 pollicitus
3183 3761 3424 3828 Pharao,

1848 3835 2126 3891 facturum
2173 3853 2232 3894 se
2250 3841 2468 3909 jussum
2506 3842 2743 3917 Domini,
2780 3848 3014 3917 benigne
3067 3852 3287 3909 habitus
3338 3868 3426 3911 est

1846 3939 1875 3977 a
1920 3925 2238 4003 Moyse,cni
2273 3931 2346 3983 ita
2373 3931 2604 3988 faciendi
2633 3916 2660 3989 ξι
2694 3937 2803 3992 Deo
2844 3916 2969 3994 data
3003 3952 3119 3996 erat
3153 3954 3418 4012 potestas.

1844 4015 1975 4070 Post
2006 4018 2121 4072 hare
2154 4020 2366 4092 Moyses
2396 4027 2548 4092 gravi
2612 4027 2836 4083 brachio
2896 4042 3111 4098 gentem
3161 4035 3421 4093 Hebraeo-

1848 4124 1967 4163 rum
1997 4126 2067 4164 ex
2106 4111 2340 4183 Egyplo
2367 4123 2422 4167 et
2464 4119 2690 4172 servitio
2747 4120 3050 4179 Pharaonis
3106 4128 3314 4192 eduxit,
3367 4140 3421 4185 et

1844 4213 2257 4270 persequentem
2288 4220 2383 4258 eos
2410 4198 2935 4275 Pharaonetn‘cum
2999 4223 3111 4269 t0to
3173 4222 3419 4274 exercitu

1845 4290 1963 4359 ejus
1994 4292 2047 4345 iu
2086 4294 2218 4347 mari
2251 4294 2441 4351 Rubro
2466 4299 2784 4355 submersit.
2816 4304 3023 4358 Deinde
3076 4307 3131 4362 iu
3157 4376 3163 4382 _
3188 4310 3414 4379 regione

1846 4381 2062 4439 deserta
2130 4399 2306 4442 annos
2398 4390 2769 4462 quadraginta
2846 4396 3110 4454 oberrans
3158 4381 3418 4457 miracula

185 4472 274 4525 scd
310 4474 580 4540 expulsum
605 4491 725 4532 esse
748 4493 815 4532 ex
857 4478 1157 4551 Etrangelio
1215 4484 1419 4539 invidia
1468 4484 1736 4549 Christia-
1767 4483 1820 4541 ι)
1846 4473 2133 4528 innumera
2164 4477 2353 4532 edidit.
2378 4480 2444 4533 Et
2472 4496 2606 4535 vero
2665 4499 2851 4539 coram
2905 4490 3119 4544 cunctis
3174 4490 3415 4548 Hebraeis

188 4576 389 4622 norum.
427 4576 542 4632 age,
583 4565 746 4621 etiam
777 4568 845 4621 de
873 4570 973 4624 hac
1014 4586 1072 4624 re
1093 4571 1379 4629 videamus
1409 4590 1425 4627 :
1459 4588 1525 4627 ac
1566 4590 1733 4643 spero

186 4654 437 4721 equidem.
467 4668 656 4707 verum
681 4670 789 4709 non
821 4657 877 4710 in
903 4660 1118 4713 occulto
1147 4661 1287 4727 fore,
1319 4664 1485 4717 modo
1529 4673 1735 4720 attente

188 4742 385 4822 audias.
421 4743 554 4798 Tres
578 4744 918 4812 legislatores
942 4757 1093 4815 sunt,
1130 4752 1224 4820 qui
1249 4753 1397 4821 leges
1448 4757 1733 4822 generales

185 4818 609 4891 constituerunt:
669 4834 905 4907 Moyses,
963 4818 1533 4908 quemﬁﬂehr‘morum
1584 4850 1732 4900 natio

194 4937 361 4980 secula
390 4936 504 4993 est;
539 4927 817 4994 Christus,
885 4945 1047 4998 quem
1114 4942 1317 4987 secutae
1362 4943 1500 4989 sunt‘
1540 4950 1732 4991 omnes

194 5027 426 5088 genteset
449 5020 626 5089 major
653 5036 778 5089 pars
837 5018 1213 5087 Hebrmorum,
1272 5025 1337 5077 ad
1396 5025 1558 5080 ﬁdem
1605 5028 1726 5097 ejus

196 5124 448 5175 conversa,
498 5111 765 5180 siquidem
797 5116 889 5181 qui
934 5113 1093 5167 ﬁdem
1144 5116 1263 5186 ejus
1324 5132 1434 5170 non
1491 5122 1728 5188 amplexi

195 5212 311 5257 sunt
336 5202 510 5267 Judaei,
542 5204 611 5257 iis
639 5205 731 5273 qui
760 5219 877 5258 eam
914 5205 1147 5274 amplexi
1183 5216 1333 5271 sunt,
1363 5208 1523 5279 longe
1581 5227 1721 5280 pau-

195 5294 351 5351 ciores
369 5304 485 5349 sunt
513 5303 587 5359 et,
619 5310 785 5364 prope
804 5296 1003 5363 dicam,
1023 5296 1163 5352 facili
1185 5314 1350 5368 opera
1377 5304 1722 5367 numerandi;

198 5397 338 5455 atque
362 5387 699 5450 llohametes,
734 5404 894 5457 quem
939 5391 1271 5444 mnsulmani
1330 5395 1508 5448 secuti
1570 5404 1722 5451 sunt.

195 5489 366 5546 praeter
398 5481 487 5532 hos
522 5490 651 5543 tres,
686 5481 777 5549 qui
811 5481 979 5549 legem
1032 5483 1380 5536 constituerit
1403 5500 1468 5539 ac
1515 5486 1720 5541 docue-

199 5571 279 5635 rit,
309 5585 446 5623 ncmo
480 5580 585 5625 est.
613 5570 729 5624 Jan;
762 5570 997 5641 Moysen)
1033 5575 1251 5643 quidem
1275 5591 1304 5629 a
1332 5575 1442 5630 Deo
1491 5578 1721 5633 missum

199 5675 321 5722 esse,
348 5660 656 5715 inconiesso
694 5672 796 5717 cst.
831 5661 1024 5716 Statim
1053 5665 1121 5717 ab
1171 5665 1350 5733 initio,
1401 5682 1525 5721 cum
1579 5679 1724 5725 esset

204 5752 350 5809 adhuc
376 5752 687 5824 in/Egypto,
729 5752 883 5824 signa
929 5762 982 5809 et
1006 5755 1270 5812 miracula
1297 5772 1489 5828 magna
1544 5759 1717 5814 edidit

1845 4564 1901 4617 in
1930 4574 2169 4621 montem
2208 4567 2335 4623 Sina
2370 4573 2636 4639 ascendit,
2662 4572 2869 4631 Judzeis
2901 4578 2975 4631 ita
3022 4595 3146 4633 eum
3206 4581 3413 4635 cohor-

1844 4659 1969 4711 tatis
2002 4674 2016 4710 :
2062 4657 2338 4715 «Ascende
2374 4663 2428 4716 in
2462 4675 2702 4720 montem
2728 4677 2783 4722 et
2817 4669 2973 4725 disce
3021 4672 3113 4725 Dei
3150 4674 3371 4727 volunta
3393 4705 3412 4714 -

1841 4752 1985 4815 tem;-
2013 4765 2111 4803 nos
2143 4752 2287 4805 enim
2319 4768 2507 4808 vocem
2542 4755 2636 4811 Dei
2674 4760 2866 4815 audire
2896 4778 3002 4816 non
3048 4765 3409 4831 sustinemus,

1842 4853 1911 4891 ne
1945 4840 2269 4895 moriamur.
2309 4860 2327 4893 ι
2366 4844 2556 4911 itaque
2605 4848 2838 4916 populus
2893 4852 3082 4919 procul
3144 4868 3171 4905 a
3229 4863 3413 4908 monte

1841 4929 2117 4997 adstabat,
2148 4947 2271 4985 eum
2300 4943 2449 4988 metu
2476 4951 2541 4990 ac
2577 4947 2815 4994 tremore
2844 4940 3016 4995 Deum
3045 4959 3167 4997 cum
3223 4945 3412 5016 Moyse

1839 5024 2234 5093 colloquentem
2263 5027 2575 5086 adorantes.
2613 5033 2821 5104 Moyses
2861 5039 3042 5091 audita
3093 5041 3255 5096 verba
3315 5042 3409 5097 Dei

1838 5114 2021 5167 statim
2068 5120 2493 5173 communicavit
2552 5138 2673 5176 tum
2728 5124 2991 5191 Hebraeis,
3041 5130 3412 5201 mandataque

1838 5201 1984 5257 illico
2027 5204 2142 5257 ﬁeri
2180 5218 2355 5276 empta
2410 5220 2560 5265 sunt.
2589 5211 2697 5269 Nec
2725 5231 2821 5284 per
2846 5228 2990 5273 totos
3023 5220 3143 5275 illos
3165 5223 3409 5291 quadra-

1836 5294 1985 5361 ginta
2009 5310 2182 5351 annos
2213 5308 2393 5354 castra
2427 5317 2718 5360 moverunt
2742 5308 2954 5377 iniussu
2987 5309 3227 5367 Domini.
3252 5313 3407 5384 Moy—

1835 5399 1925 5438 ses
1947 5387 2112 5450 enim,
2141 5390 2217 5443 ait
2248 5390 2555 5461 Scriptura,
2594 5397 2942 5466 loquebatur,
3002 5418 3068 5457 ac
3119 5405 3259 5459 Deus
3317 5420 3407 5460 re-
3512 5412 3515 5415 ’

1834 5464 2142 5543 spondebat
2165 5497 2317 5539 voce.
2352 5486 2540 5542 Multis
2570 5464 2736 5557 igitur
2768 5507 2889 5546 cum
2953 5495 3126 5564 signis
3150 5505 3203 5549 et
3230 5496 3403 5552 mira-

1831 5566 1972 5620 culis
1998 5570 2166 5638 legem
2201 5571 2403 5630 JUdQPlS
2427 5578 2597 5645 dedit,
2631 5598 2795 5652 quam
2837 5585 2913 5639 illi
2977 5591 3310 5652 acCeperunt
3352 5599 3409 5656 eg

1831 5668 2173 5725 adorarunt:
2200 5676 2551 5748 veneratiquc
2583 5692 2713 5736 sunt
2750 5682 2924 5752 legem
2960 5697 2989 5736 a
3012 5680 3198 5763 Moyse
3222 5679 3404 5763 datam

1829 5768 1887 5816 ut
1922 5761 2108 5834 legem
2147 5763 2261 5820 Dei.

2983 3576 3245 3643 populum
3298 3575 3423 3644 Dei,
3516 3580 3525 3587 '
