4066 6296
639 335 744 398 931

1851 327 2178 388 GEORGII
2218 326 2642 388 PHRANTZA!

3853 321 3949 383 9.3".

632 442 769 494 θωσι
791 434 1201 502 Μουσουλμάνοι
1228 432 1360 503 πρδς
1396 432 1632 502 πόλεμον
1660 435 1754 488 καὶ
1782 435 1840 488 ἐν
1863 435 1943 505 τῷ
1973 436 2196 504 πολεμῳ
2220 441 2270 501 Α
2297 436 2424 500 τοὺς
2455 436 2610 497 θεοὺς
2632 434 2965 502 ἀπέρχονται
2991 434 3086 487 καὶ
3115 434 3256 503 μετὰ
3276 435 3389 487 τῶν
3423 432 3603 486 θεῶν
3637 432 3947 500 εὗρες-ων-

633 532 776 599 πέσῃ
806 526 995 589 τιςσέξ
1044 524 1247 589 αὐτῶν,
1287 527 1350 578 οὐ
1389 525 1701 594 λογίζονται
1747 527 1977 589 ἑαυτοὺς
2008 526 2191 592 ἀξίους

634 621 894 691 μέμψεως
913 618 988 680 ὡς
1012 618 1220 678 αίτίους
1248 617 1343 669 τοῦ
1374 617 1636 686 πολέμου,
1655 616 1770 670 ἀλλ’
1797 618 1891 670 ἐπὶ
1918 618 1977 669 τὸ
2001 618 2196 685 νεκρὸν

630 715 787 780 σῶμα
817 711 910 764 τοῦ
952 709 1307 771 πεπτωκότος
1331 712 1635 776 σφάττουσι
1666 708 1901 772 ζῶντας,
1941 711 2097 770 ὅσους
2130 708 2196 762 ἂν

627 804 829 873 δυνηθῇ
864 804 1093 860 ἕκαστος
1113 819 1126 832 ·
1159 801 1252 853 καὶ
1279 803 1403 853 ὅσον
1434 799 1656 862 πλείους
1688 802 1913 864 κτείνει,
1942 799 2196 853 τοσοῦτον

626 894 932 961 λογίζονται
966 891 1235 957 ὠφέλειαν
1279 892 1375 958 τῆς
1423 889 1521 943 τοῦ
1564 889 1861 952 τεθνεῶτος
1905 888 2105 959 ψυχῆς.
2134 889 2196 941 Εί

624 988 824 1047 δ’ἴσως
870 985 968 1036 οὐκ
1013 984 1123 1053 ἔχει
1181 982 1505 1052 ἀνθρώπους
1553 982 1633 1044 είς
1680 980 1938 1045 ἐξουσίαν
1974 980 2141 1033 αὑτοῦ
2169 982 2197 1033 ὁ

628 1076 953 1146 βουλόμενος
989 1074 1251 1144 βοηθῆσαι
1285 1076 1350 1141 τῇ
1385 1072 1479 1125 τοῦ
1509 1072 1805 1135 τεθνεῶτος
1833 1072 2002 1142 ψυχῇ.
2057 1072 2195 1136 ἐξωο

631 1173 805 1222 νεῖται
829 1169 1204 1237 Χριστιανοὺς,
1242 1166 1399 1235 εἴπερ
1447 1165 1620 1232 εὖροι,
1659 1166 1753 1218 καὶ
1802 1165 1835 1234 ἢ
1885 1165 2070 1219 ἐπάνω
2101 1165 2196 1218 τοῦ

628 1261 825 1329 νεκροῦ
882 1260 1130 1325 σώματος
1185 1259 1412 1325 σφάττει
1464 1258 1661 1318 αὐτοὺς
1701 1255 1734 1324 ἢ
1782 1257 1874 1310 ἐπὶ
1919 1256 1997 1326 τῷ
2042 1256 2198 1324 τάφῳ

630 1353 819 1407 αὐτοῦ,
860 1353 969 1403 Καὶ
1018 1353 1045 1402 ὁ
1107 1349 1281 1402 ταῦτα
1339 1347 1645 1417 νομοθετῶν
1698 1347 1814 1409 πῶς
1866 1348 1974 1400 ἀπὸ
2026 1347 2195 1411 Θεοῦ;

633 1448 755 1498 Ἔτι
793 1444 1076 1512 νομοθετεί
1120 1445 1204 1495 ὅτι
1246 1443 1273 1494 ό
1310 1443 1435 1504 δοὺς
1478 1444 1542 1510 τῇ
1591 1441 1764 1510 πόρνῃ
1811 1440 2071 1510 μίσθωμα
2102 1440 2199 1492 καὶ

628 1536 920 1605 κοιμηθεὶς
960 1533 1077 1602 μετ’
1110 1533 1281 1601 αὐτῆς
1308 1532 1408 1601 οὐχ
1434 1531 1747 1600 ἁμαρτάνει
1768 1547 1782 1560 ο
1829 1533 1924 1584 καὶ
1950 1532 1979 1582 ὁ
2004 1529 2199 1599 βιασά-

633 1644 792 1695 μενος
822 1625 1089 1693 παρθένον
1122 1621 1452 1692 ἁμαρτὰνει,
1477 1623 1504 1672 ὁ
1536 1621 1593 1673 δὲ
1626 1620 1765 1688 μετὰ
1793 1620 1894 1690 τῆς
1921 1620 2198 1688 θελήσεως

631 1721 805 1785 αὐτῆς
857 1718 1141 1787 κοιμηθεὶς
1181 1714 1298 1784 μετ’
1346 1715 1517 1783 αὐτῆς
1564 1714 1664 1782 οὐχ
1713 1712 2062 1780 ἁμαρτάνει⁶
2103 1711 2199 1764 καὶ

556 1870 559 1875 η
634 1814 729 1865 ἐὰν
756 1810 1162 1879 αἰχμαλωτίδας
1195 1825 1279 1868 τις
1305 1807 1444 1875 λάϐῃ
1493 1807 1552 1857 ἐν
1583 1804 1827 1873 πολέμῳ,
1865 1803 2078 1869 ἔξεστιν
2113 1804 2200 1855 ἐπ’

634 1902 829 1961 αὐταῖς
891 1898 1114 1964 ποιῆσαι
1161 1896 1189 1946 ὃ
1247 1895 1495 1963 βούλεται
1556 1891 1877 1954 ἀκωλύτως.
1952 1892 2011 1944 '0
2073 1890 2204 1959 γοῦν

558 2032 559 2035 η
642 1992 901 2062 πορνείας
944 1990 1037 2041 καὶ
1091 1986 1560 2057 παρθενοφθορίας
1606 1983 1913 2053 νομοθετῶν
1957 1983 2073 2045 πῶς
2099 1982 2207 2036 ἀπὸ

637 2080 774 2135 Θεοῦ
800 2099 813 2145 ;

708 2171 822 2222 Καὶ
852 2168 913 2220 τὸ
941 2168 1005 2235 δὴ
1050 2166 1329 2236 χείριστον
1366 2163 1449 2217 ὅτι
1481 2165 1605 2226 τοὺς
1640 2163 1783 2217 κατὰ
1809 2163 1908 2232 τὴν
1935 2163 2206 2233 ἀποδοχὴν

629 2265 728 2319 τοῦ
758 2263 897 2317 Θεοῦ
925 2262 1405 2330 περιπατήσαντας
1427 2260 1483 2311 ἐν
1508 2254 1588 2325 τῷ
1622 2259 1851 2327 παρόντι
1878 2258 2036 2311 αίῶνι
2063 2256 2206 2326 μετὰ

633 2360 735 2429 τὴν
784 2357 970 2411 ἐνθάδε
1026 2354 1329 2408 ἀποθέωσιν
1390 2351 1571 2405 αὐτῶν
1620 2351 1821 2419 λουτρὰ
1882 2351 1980 2403 xal
2021 2350 2206 2412 οἴκους

640 2447 993 2518 περικαλλεῑς
1047 2446 1143 2498 καὶ
1191 2447 1458 2512 γυναῖκας
1510 2442 1816 2510 παρθένους
1864 2442 1945 2494 ὅτι
2005 2440 2211 2502 πολλὰς

638 2543 982 2609 ὑπισχνεῖται
1029 2536 1354 2606 δοθήσεσθαι
1388 2536 1617 2604 ’ἑκάστῳ
1650 2532 1816 2603 348
1866 2532 2017 2601 παρὰ
2050 2531 2208 2583 Θεοῦ.

636 2633 748 2685 Καὶ
778 2632 916 2699 ὅπερ
969 2630 1016 2680 οί
1054 2628 1163 2681 τῶν
1198 2626 1602 2695 είδωλολατρῶν
1646 2624 1915 2693 Ἑλλήνων
1949 2622 2211 2691 ὀνομαζό-

641 2739 791 2792 μενοι
815 2721 1054 2787 θεολόγοι
1083 2722 1185 2775 οὐκ
1218 2716 1374 2772 εἷπον
1405 2717 1528 2769 οὐδὲ
1560 2717 1821 2785 ἐνόμισαν
1851 2710 2014 2779 εἶναι,
2037 2714 2211 2767 ταῦτα

636 2817 663 2865 ὁ
687 2813 932 2882 Μωὰμεθ
958 2810 1473 2880 ἀνακεκαλυμμένῳ
1496 2808 1570 2878 τῷ
1598 2808 1875 2878 προσώπῳ
1903 2806 2208 2874 νομοθετεῖ.

649 2907 880 2959 Ἐκεῖνοι
916 2906 1026 2974 γὰρ
1065 2903 1239 2966 οὕτως
1266 2904 1539 2969 λέγουσιν,
1579 2903 1662 2954 ὅτι
1705 2901 1755 2953 οἱ
1787 2899 1886 2970 μὲν
1918 2899 2096 2960 καλῶς
2132 2900 2214 2950 ἐν-

640 2996 770 3049 θάδε
825 2996 1167 3065 βιώσαντες,
1235 2994 1372 3047 ἐπὰν
1429 2993 1747 3045 ἀποθάνωσι
1802 2991 1897 3043 καὶ
1954 2990 2211 3059 καθαρῶς

2296 542 2389 579 ται
2422 528 2502 588 εἰς
2548 526 2646 587 τὰς
2687 526 2796 577 τῶν
2833 526 3119 594 μακαρίων
3170 528 3371 595 νήσους
3394 525 3513 579 καὶ
3561 524 3720 594 μετ’
3762 528 3939 581 αὐτὰ)

2300 616 2730 684 συναγάλλονται
2762 615 2906 669 ’τῶν
2967 617 3023 669 δὲ
3077 617 3263 679 κακῶς
3307 617 3502 672 ἐνθάδε
3582 618 3933 685 paucisne:

2296 707 2394 759 καὶ
2440 706 2763 776 ἀκαθάρτων
2802 708 2898 759 καὶ
2954 708 3383 777 μεμολυσμένων
3431 709 3863 762 ἀπελθόντων
3892 731 3925 762 3,

2295 796 2506 851 τούτων
2534 796 2704 866 ψυχαὶ
2733 800 2811 859 είς
2848 796 3110 864 ζοφώδεις
3139 801 3232 851 καὶ
3260 802 3614 862 σκοτεινοὺς
3650 801 3925 869 (idne,

2297 906 2387 941 ται
2426 890 2627 952 τόπους
2667 892 2761 943 καὶ
2811 892 2890 952 είς
2947 890 3040 943 τὸν
3093 891 3343 960 ποταμὸν
3389 893 3488 944 τὸν
3550 893 3921 961 Πυριφὶετῖς

2299 981 2483 1037 θοντα.
2517 982 2625 1034 Καὶ
2672 982 2722 1034 oi
2768 982 2870 1050 μὲν
2926 981 3314 1052 είδωλολατραι
3364 982 3683 1053 ’Έλληνες
3743 984 3917 1051 ἔλεγες

2297 1070 2472 1125 ταῦτα
2493 1086 2507 1102 ·
2538 1073 2567 1124 ὀ
2595 1070 2653 1123 δὲ
2686 1070 3038 1139 Μωάμεθ,ὅς
3069 1072 3324 1140 ὀνομάζει
3356 1074 3581 1127 ἑαυτὸν
3624 1074 3913 1143 ὀρθόδοξςν.

2299 1160 2395 1214 καὶ
2467 1161 2695 1231 πλησίον
2756 1160 2853 1213 τοῦ
2903 1161 3038 1215 Θεοῦ
3098 1164 3536 1232 εὑρισκόμενον,
3615 1165 3801 1232 λέγει
3850 1182 3951 1219 εσυ

2300 1252 2585 1322 νομοθετεί
2642 1252 2871 1306 τοιαῦτα
2930 1254 3263 1325 ἀτοπήματα
3316 1257 3559 1326 αἰσχρὰ,
3650 1260 3773 1309 καὶ
3836 1262 3911 1310 σει

2300 1344 2415 1415 ἔχει
2457 1345 2765 1415 ἐνθύμησιν
2820 1346 2957 1407 ὅλως
3007 1346 3091 1399 ὅτι
3138 1348 3312 1402 ταῦτα
3365 1350 3559 1403 πάντα
3603 1350 3815 1417 ὀργῆς
3843 1369 3897 1403 κε

2300 1438 2652 1508 ἀποστροφῆς
2691 1436 2829 1506 ἔργα
2879 1437 3099 1505 καὶτῆς
3129 1439 3404 1508 ἁμαρτίας
3446 1440 3909 1509 ἀποτελέσματε

2300 1531 2431 1582 εισι.
2481 1528 2593 1599 Πρδ
2630 1530 2739 1597 γὰρ
2783 1528 2884 1598 τῆς
2932 1529 3299 1600 παραϐάσεως
3342 1534 3439 1584 καὶ
3474 1533 3807 1601 ἁμαρτίας
3832 1536 3905 1585 tu:

2313 1620 2485 1688 Ἀδὰμ
2546 1620 2651 1673 ποῦ
2698 1620 2924 1692 λουτρὰ,
2981 1621 3087 1675 ποῦ
3142 1622 3277 1685 ὅλως
3336 1626 3686 1693 οἰκήματα,
3728 1626 3903 1677 ποῦε

2303 1712 2496 1765 πολλαὶ
2528 1714 2821 1779 γυναῖκες;
2846 1713 3009 1766 Ἀλλὰ
3042 1713 3180 1781 μετὰ
3206 1713 3303 1783 τὴν
3342 1715 3660 1783 ἁμαρτίαν
3697 1723 3801 1768 καὶ

2307 1803 2553 1873 κατάραν
2581 1804 2857 1874 ἐπανέστη
2884 1805 2943 1857 τὸ
2974 1803 3135 1874 σῶμα
3161 1806 3349 1875 ὥσπερ
3384 1806 3595 1876 θηρίον
3631 1807 3799 1860 κατα
3823 1810 3897 1875 vi;

2305 1894 2483 1964 ψυχῆς
2542 1896 2643 1965 τῆς
2699 1896 2773 1965 μὴ
2824 1894 3056 1964 ἐχούσης
3109 1895 3416 1958 καθολικῶς
3468 1896 3584 1964 τὴν
3646 1898 3756 1950 τοῦ
3785 1900 3893 1951 Θεςί

2308 1987 2620 2056 ἐπίσκεψιν.
2657 1988 2878 2056 ’Ἰσχυσε
2919 1987 2980 2039 τὸ
3039 1986 3221 2056 σῶμα,
3254 1988 3351 2040 καὶ
3410 1989 3773 2045 κατέσπασε

2307 2077 2489 2147 ψυχὴν
2525 2077 2633 2133 ἀπὸ
2655 2078 2749 2131 τοῦ
2786 2077 2955 2147 ὕψους
2985 2080 3083 2132 καὶ
3113 2078 3209 2132 τοῦ
3245 2081 3556 2149 μεγαλείου
3594 2083 3794 2151 αὐτῆς
3821 2090 3892 2135 κεί

2309 2170 2625 2236 κατήγαγεν
2655 2169 2738 2229 εἰς
2764 2168 2863 2229 τὰς
2895 2168 3243 2238 παραλόγους
3289 2169 3385 2222 καὶ
3415 2172 3690 2239 ματαίας
3729 2190 3893 2240 σωμα-

2309 2260 2467 2321 τικὰς
2513 2258 2808 2325 ἐπιθυμίας
2835 2261 2929 2312 καὶ
2960 2260 3152 2329 ἡδονάς
3177 2268 3195 2294 δ
3224 2263 3317 2314 καὶ
3364 2262 3567 2331 ὥσπερ
3625 2264 3895 2333 ἀνδρείαι-

2310 2346 2421 2412 δον,
2444 2345 2618 2409 οὕτως
2651 2346 3034 2418 κατεδουλώθη
3071 2349 3104 2417 ἡ
3137 2348 3285 2418 ψυχὴ
3313 2350 3393 2411 είς
3422 2350 3531 2409 τὰς
3565 2353 3896 2420 σωματικὰς

2310 2436 2519 2505 ὀρέξεις
2545 2452 2559 2467 ·
2604 2438 2653 2489 εἰ
2687 2436 2818 2504 γοῦν
2851 2437 2994 2507 μετὰ
3045 2436 3209 2508 εω
3253 2438 3351 2507 τὴν
3396 2439 3460 2492 ἐκ
3512 2442 3755 2511 νεκρῶν

2314 2544 2502 2582 στασιν
2547 2528 2699 2581 οὐδὲν
2742 2528 3032 2597 μέλλουσιν
3087 2530 3273 2597 ε’ὑρείν
3318 2531 3366 2581 οί
3421 2533 3577 2584 κατὰ
3622 2534 3893 2603 ἀπεδοχῇτε

2312 2618 2406 2672 τοῦ
2451 2618 2585 2671 Θεοῦ
2635 2620 3089 2687 πολιτευσάμενοι
3133 2620 3410 2690 ἄνθρωποι
3462 2622 3895 2691 τὴνμμακαρίαι

2314 2712 2533 2779 ἐκείνην
2565 2710 2712 2778 ζωὴν
2756 2711 2825 2779 ἢν
2848 2712 2875 2762 ὁ
2901 2711 3207 2780 προπάτωρ
3236 2710 3380 2782 εἶχεν
3411 2712 3594 2783 Ἀδὰμ
3644 2718 3764 2785 πρό
3810 2719 3891 2779 τῆς

2328 2802 2701 2870 παραϐάσεως
2750 2802 2843 2857 καὶ
2868 2802 3174 2869 ἀπώλεσεν,
3208 2803 3343 2854 ἀλλὰ
3378 2804 3549 2855 πάλιν
3584 2805 3699 2875 τὴν
3738 2808 3889 2875 αὐτῄ

2316 2893 2463 2962 ζωὴν
2516 2893 2772 2962 μέλλουσι
2829 2893 3011 2962 εὑρεῖν
3064 2894 3131 2963 ἣν
3162 2888 3273 2964 εἶχε
3312 2895 3452 2963 μετά
3476 2896 3585 2966 τὴν
3619 2897 3886 2966 κατάραν,

2314 2987 2437 3037 οὐαὶ.
2462 2988 2575 3047 τοῖς
2611 2984 2924 3054 ἀνθρώποις
2969 2987 3222 3048 ἐκείνοις.
3255 2988 3361 3039 Καὶ
3410 2987 3473 3039 τὸ
3511 2988 3581 3057 δὴ
3616 2989 3886 3059 χείριστον

641 3085 1076 3156 ἀποδημήσωσιν
1140 3086 1196 3138 αἱ
1252 3083 1426 3153 ψυχαὶ
1451 3083 1558 3135 ἀπὸ
1611 3082 1720 3135 τῶν
1776 3080 2073 3151 σωμάτων,
2136 3080 2214 3145 εἰς
2244 3090 2289 3151 C
2319 3079 2399 3135 ὅτι
2427 3078 2546 3136 οὐδὲ
2579 3081 2742 3151 μέχρι
2773 3077 2873 3153 τῆς
2902 3079 3253 3150 ταλαιπώρου
3300 3080 3523 3151 ἐκείνης
3560 3083 3663 3134 καὶ
3693 3084 3885 3150 ἐπαρα-

642 3264 790 3318 enim
830 3263 933 3317 ista
966 3262 1303 3316 immanitate
1327 3270 1379 3316 et
1430 3261 1636 3316 szevitia
1676 3260 1903 3331 cogitari
1937 3261 2216 3315 crude‘lius

646 3367 845 3425 poteSt,
876 3370 1037 3425 quam
1068 3354 1365 3415 trucidare,
1395 3355 1486 3423 qui
1520 3355 1653 3408 nihil
1705 3355 2040 3423 pecearunt?
2070 3353 2220 3418 Quo—
2268 3422 2277 3431 τ

646 3448 971 3516 tiescunque
1018 3447 1161 3500 enim
1189 3448 1253 3499 ad
1292 3461 1526 3515 pugnam
1548 3446 1851 3514 procedunt
1886 3445 2220 3501 Musultnani

640 3547 696 3591 et
728 3551 919 3592 eorum
953 3536 1075 3605 quis
1140 3536 1331 3605 praelia
1377 3536 1666 3599 occiditur,
1701 3553 1811 3590 non
1846 3554 1904 3593 se
1954 3539 2221 3593 crimina-

633 3613 794 3681 itione
825 3626 1018 3694 dignos
1050 3634 1262 3695 putant,
1293 3637 1352 3680 ut
1383 3634 1634 3682 auctores
1662 3628 1811 3693 belli,
1843 3628 1937 3684 sed
1971 3629 2025 3684 in
2050 3630 2229 3685 occisi

644 3718 915 3773 cadavere
943 3719 1095 3771 vivos
1152 3717 1449 3780 trucidant,
1486 3726 1618 3787 quot
1642 3719 1877 3789 quisque
1926 3728 2127 3790 potest,
2158 3737 2222 3775 ac

648 3820 855 3880 quanto
886 3811 1010 3879 quis
1034 3809 1219 3878 plures
1249 3818 1426 3875 necat,
1466 3818 1616 3864 tanto
1642 3811 1901 3880 majorem
1931 3812 2218 3868 utilitatem

651 3902 773 3956 fore
801 3907 992 3969 putant
1030 3899 1095 3951 ad
1127 3899 1359 3951 animam
1391 3899 1580 3955 occisi.
1611 3898 1665 3953 Si
1713 3916 1819 3954 non
1848 3903 2088 3970 possidet
2130 3904 2225 3959 ho-

653 3992 852 4068 mines,
884 3990 976 4058 qui
1011 3988 1208 4042 mortui
1258 3988 1453 4043 animae
1496 3990 1754 4058 opitulari
1800 3991 2001 4055 studet,
2066 3992 2225 4047 Chri-

655 4084 893 4145 stianos,
928 4083 971 4135 si
1018 4096 1155 4149 quos
1191 4080 1413 4149 reperit,
1448 4082 1670 4149 coemit,
1692 4097 1898 4151 eosque
1926 4092 2021 4138 aut
2058 4099 2223 4152 supra

651 4175 886 4228 cadaver
913 4172 1106 4233 occisi,
1157 4182 1252 4225 aut
1291 4172 1345 4224 in
1387 4172 1641 4239 sepulcro
1686 4173 1930 4243 ejusdem
1987 4176 2222 4245 iugulat.

651 4265 808 4319 Talia
843 4264 933 4332 qui
967 4264 1213 4332 prtecipit
1246 4262 1521 4332 quomodo
1543 4280 1571 4316 a
1608 4264 1715 4317 Deo
1748 4267 1952 4322 missus
1983 4268 2094 4321 sit?
2124 4269 2226 4321 Do-

652 4362 739 4407 cet
772 4353 935 4417 idem,
964 4352 1055 4420 qui
1082 4352 1205 4404 data
1232 4351 1458 4419 pecunia
1485 4367 1609 4406 cum
1643 4356 1929 4409 meretrice
1967 4372 2228 4411 concum-

2322 3254 2374 3308 in
2409 3256 2689 3309 beatorum
2740 3256 2930 3310 insulis
2964 3270 3089 3309 cum
3147 3254 3454 3323 iisdemque
3496 3258 3719 3314 lauari:
3761 3277 3881 3315 ωηο

2324 3354 2404 3399 tra
2441 3349 2534 3414 qui
2571 3349 2711 3402 male
2738 3346 2826 3401 hic
2850 3345 3087 3401 vixerint
3107 3356 3161 3401 et
3185 3347 3379 3416 impuri
3404 3357 3574 3418 atque
3618 3349 3879 3419 inquinati

2324 3439 2683 3503 excesserint,
2740 3438 2932 3493 horum
2978 3439 3191 3493 animas
3237 3440 3291 3493 in
3343 3439 3459 3494 loca
3505 3444 3797 3499 tenebrosa
3835 3457 3880 3499 et

2327 3530 2559 3585 obscura
2613 3542 2667 3585 ct
2714 3531 3246 3603 Pyriphlegetontem
3282 3532 3505 3590 ﬂuvium
3540 3538 3714 3593 abire.
3766 3541 3877 3595 [In
3960 3562 3961 3585 ῖ

2324 3622 2494 3693 igitur
2529 3623 2698 3679 Grazci
2728 3624 3025 3679 idololatrae
3050 3625 3323 3684 dixerunt.
3361 3627 3693 3687 Moltametes
3735 3649 3876 3696 vero,

2328 3716 2423 3785 qui
2456 3731 2515 3771 se
2549 3714 2917 3769 orthodoxam
2941 3731 3061 3772 esse
3087 3727 3143 3771 et
3167 3731 3352 3772 coram
3389 3718 3498 3773 Deo
3523 3721 3739 3777 stetisse
3761 3724 3871 3791 jac-

2329 3821 2424 3874 tat,
2458 3810 2650 3881 probat
2692 3808 2960 3877 docetque
3002 3808 3178 3863 taedas
3207 3808 3340 3863 istas
3386 3825 3577 3878 nugas,
3622 3828 3723 3867 nec
3769 3815 3869 3868 ullo

2329 3890 2693 3963 tnodo'sentit,
2724 3914 2885 3968 quam
2916 3913 3105 3952 omnes
3136 3898 3221 3953 ha:
3266 3912 3354 3954 res
3394 3899 3682 3955 libidinosae
3710 3914 3761 3955 et
3783 3903 3868 3957 dc-

2327 3990 2590 4044 testandae
2618 3990 2726 4044 sint
2757 3997 2811 4042 et
2839 3997 3122 4057 peccatum
3154 4000 3479 4043 consecuta.
3525 3991 3653 4046 Ante
3686 3992 3861 4046 Adami

2328 4082 2473 4135 enim
2499 4092 2779 4151 peccatum
2804 4091 2854 4134 et
2879 4081 3132 4135 delictum
3157 4081 3374 4135 ubinam
3403 4082 3616 4146 balneae,
3652 4084 3859 4138 ubinam

2331 4175 2556 4229 omnino
2576 4176 2738 4241 cedes,
2764 4174 2985 4231 ubinam
3011 4173 3195 4227 multa:
3220 4172 3471 4227 feminae?
3512 4175 3600 4228 sed
3617 4184 3724 4243 post
3748 4193 3860 4245 pec-

2328 4278 2512 4321 catum
2529 4276 2582 4320 et
2598 4269 3024 4321 exsecrationem
3043 4280 3242 4334 corpus
3260 4276 3511 4335 tanquam
3535 4266 3689 4321 bestia
3725 4284 3860 4321 men-

2331 4361 2393 4420 ti,
2430 4360 2668 4427 perfecta
2701 4360 2926 4412 notione
2965 4355 3059 4411 Dei
3089 4372 3198 4411 non
3247 4367 3577 4421 sustentata,
3620 4358 3855 4424 inhiabat,

652 4446 765 4508 bat,
803 4460 927 4499 eum
962 4456 1081 4497 non
1113 4458 1371 4511 peccare;
1418 4444 1511 4512 qui
1549 4436 1642 4513 per
1672 4445 1776 4498 vim
1812 4447 2075 4516 virginem
2108 4460 2225 4502 stu-
2258 4445 2300 4499 D
2331 4449 2623 4518 superabat
2675 4462 2816 4513 eam,
2869 4457 3034 4516 atque
3087 4450 3349 4511 animam,
3402 4463 3467 4503 ex
3511 4450 3775 4506 altitudine
3814 4463 3857 4505 et

652 4544 794 4604 pret,
847 4548 969 4587 eum
1024 4547 1271 4601 peccare,
1323 4533 1416 4601 qui
1454 4542 1634 4587 autem
1688 4551 1807 4587 cum
1851 4539 2224 4594 consentiente

652 4631 1000 4688 concumbat,
1030 4638 1136 4676 non
1168 4638 1435 4692 peccare;
1497 4640 1634 4692 quas
1662 4625 1788 4693 quis
1824 4627 1965 4681 bello
1997 4631 2221 4697 CcpCl‘il,

654 4715 720 4769 iis
751 4715 798 4768 ei
833 4714 909 4767 uti
951 4713 1135 4777 licere,
1198 4714 1657 4781 quemadmodum
1693 4714 1842 4767 velit.
1901 4716 2062 4784 Atqui
2106 4727 2223 4770 stu-

656 4819 753 4869 pra
787 4812 841 4856 et
872 4802 1145 4872 virginum
1182 4802 1498 4857 vitiationes
1534 4802 1626 4871 qui
1656 4805 1871 4871 probat,
1901 4810 2173 4873 quomodo
2194 4820 2224 4859 a

659 4894 769 4947 Deo
805 4894 1005 4948 missus
1042 4893 1155 4948 sit?

729 4984 1124 5040 Gravissimum
1151 4997 1332 5040 autem
1356 4994 1461 5049 cst,
1488 4986 1632 5054 quod
1664 4988 1758 5055 qui
1797 4987 1865 5041 ad
1895 4988 2223 5043 voluntatem

663 5074 756 5128 Dei
787 5076 838 5129 itt
872 5076 973 5129 hac
1003 5078 1110 5131 vita
1150 5093 1209 5130 se
1251 5077 1684 5146 composuerint,
1726 5080 1796 5133 iis
1833 5079 2061 5148 singulis
2109 5092 2228 5148 post

662 5178 891 5221 mortem
924 5168 1143 5223 balneas
1176 5178 1230 5223 et
1264 5170 1406 5224 ades
1442 5171 1840 5238 pulcherrimas
1883 5172 2230 5240 virginesque

661 5260 926 5330 plurimas
957 5277 987 5314 a
1022 5262 1127 5316 Deo
1154 5262 1342 5317 datum
1372 5264 1439 5317 iri
1475 5264 1779 5332 pollicetur.
1810 5264 1874 5318 Et
1904 5267 2047 5334 quod
2082 5265 2230 5321 Cra:-

662 5369 849 5407 t-orum
920 5353 1332 5409 itlololatrarnnt
1388 5356 1624 5427 theologi
1680 5374 1787 5411 non
1828 5356 2089 5412 dixerunt
2134 5374 2232 5413 nec

663 5447 1036 5511 crediderunt,
1063 5448 1112 5501 id
1146 5446 1482 5505 Mohametes
1512 5450 1748 5504 revelata
1802 5451 1981 5505 fronte
2012 5453 2227 5505 statuit.

666 5535 746 5591 illi
777 5538 919 5591 enim
966 5537 1038 5591 ita
1072 5538 1244 5602 aiunt,
1281 5542 1374 5609 qui
1426 5542 1650 5611 pulchre
1692 5542 1783 5597 hic
1822 5543 2080 5609 vixerint,
2138 5559 2233 5598 eos

668 5638 786 5696 post
811 5640 1063 5695 mortem,
1122 5646 1244 5684 cum
1270 5632 1436 5685 animi
1467 5648 1495 5686 e
1534 5648 1827 5702 corporum
1859 5635 2090 5690 vinculis
2138 5651 2238 5705 pu-

664 5721 711 5775 ri
736 5723 1089 5789 excesserint,
1125 5722 1192 5777 ad
1224 5723 1353 5779 deos
1380 5724 1614 5794 migrare
1647 5735 1700 5779 et
1736 5741 1858 5780 cum
1890 5727 1994 5781 diis
2024 5728 2231 5782 versari

2331 4492 2623 4518 -..μη-ῃ
2678 4492 2816 4513 __...,
2869 4492 3034 4516 ..-νη
3087 4492 3349 4511 -......,....,
3404 4492 3467 4503 ..-
3511 4492 3775 4506 -η...ηηην
3814 4492 3857 4505 ..

2330 4538 2735 4606 magniﬁcentia
2766 4538 3057 4605 dejectam,
3089 4538 3143 4592 in
3174 4554 3340 4593 vanas
3368 4549 3421 4594 et
3462 4540 3667 4594 insanas
3700 4543 3856 4596 libidi-

2330 4645 2424 4683 nes
2474 4630 2887 4699 voluptatesque
2942 4632 3188 4700 corporis
3232 4632 3490 4686 adduxit:
3536 4648 3596 4686 ac
3634 4638 3857 4702 ηιιιιιςὶριί

2331 4718 2504 4773 instar
2560 4720 2743 4773 anima
2782 4721 3176 4773 cuniditatibus
3218 4724 3466 4773 corporis
3505 4723 3741 4773 obstricta
3766 4738 3854 4773 est.

2328 4645 2424 4683 nes
2474 4630 2887 4699 voluptatesque
2942 4632 3188 4700 corporis
3232 4632 3490 4686 adduxit:
3536 4648 3596 4686 ac
3634 4638 3857 4702 ηιιιιιςὶριί

2331 4718 2504 4773 instar
2560 4720 2743 4773 anima
2782 4721 3176 4789 cupiditatibus
3218 4724 3466 4793 corporis
3505 4723 3741 4778 obstricta
3766 4738 3854 4779 est.

2330 4809 2556 4877 Quodsi,
2593 4811 2686 4877 qui
2720 4810 2786 4864 ad
2830 4813 3163 4867 voluntatem
3196 4816 3288 4868 Dei
3326 4817 3576 4869 vixerunt
3617 4817 3853 4880 homines,

2333 4910 2455 4966 post
2486 4901 2940 4955 resurrectionem
2971 4914 3312 4957 mortuorum
3342 4920 3450 4957 non
3476 4905 3723 4958 inventuri
3758 4907 3853 4960 sint

2331 4991 2548 5044 beatam
2583 4991 2732 5045 illam
2766 4996 2949 5059 vitam,
2977 5010 3137 5063 quant
3168 4996 3411 5050 Adamus
3437 5006 3580 5067 pater
3612 5006 3721 5052 ante
3739 5014 3850 5067 pec-

2332 4991 2548 5044 bcatam
2583 4991 2732 5045 illam
2766 4996 2949 5059 vitam,
2977 5010 3137 5063 quant
3168 4996 3411 5050 Adamus
3437 5006 3580 5067 pater
3612 5006 3721 5052 ante
3739 5014 3850 5067 pec-

2332 5093 2510 5135 catum
2548 5085 2656 5152 egit
2684 5092 2848 5151 atque
2872 5087 3075 5149 amisit,
3111 5087 3207 5139 sed
3228 5086 3469 5139 eamdem
3502 5102 3665 5140 rursus
3684 5088 3848 5149 vitam,

2333 5189 2493 5201 tun-nun.
2537 5173 2625 5201 ΞΙΙ..
2664 5185 2778 5201 ιιΛηΙ
2828 5177 3254 5201 Λιιι..ιη..ΑΙῖ...ιΛ-..
3300 5179 3541 5201 ι,.Ι,ν...ι-.Ϊι
3595 5195 3659 5201 -.ν-Α
3696 5181 3819 5201 1.,...γῖ

2331 5189 2494 5241 quam
2537 5173 2625 5226 ille
2664 5185 2785 5241 post
2827 5177 3257 5232 exsecrationem
3300 5179 3565 5240 toleravit,
3595 5195 3662 5232 ιω
3694 5181 3849 5233 homi-

2335 5264 2495 5315 nibus
2526 5262 2667 5317 illis!
2721 5264 2835 5317 imo
2890 5281 3037 5332 vero,
3088 5269 3232 5335 quod
3267 5270 3620 5323 miscrtimutn
3650 5283 3740 5334 est,
3787 5289 3847 5324 tte

2334 5355 2605 5424 acquievit
2625 5358 2843 5425 quidem
2873 5359 2925 5411 in
2964 5376 3271 5416 aerumnosa
3303 5363 3403 5416 hac
3433 5373 3485 5416 et
3516 5373 3754 5417 exsecrata
3777 5367 3845 5417 vi—

2330 5456 2389 5500 ta
2428 5448 2753 5505 hlohametis
2787 5452 3019 5517 insania,
3050 5463 3107 5507 ut
3133 5454 3273 5508 hanc
3303 5456 3514 5509 scilicet
3552 5454 3668 5509 Deus
3701 5457 3841 5524 justi:

2338 5541 2593 5593 daturum
2620 5556 2681 5595 se
2704 5558 2824 5597 esse
2850 5546 3183 5612 promiserit,
3224 5547 3315 5600 sed
3348 5546 3550 5602 invenit
3574 5546 3715 5601 vitam
3746 5566 3841 5602 ma-

2336 5633 2402 5686 lis
2424 5615 2580 5701 lon'ge
2609 5634 2958 5704 insigniorcm
2986 5648 3038 5692 et
3062 5655 3191 5694 vero
3217 5650 3452 5708 turpem.
3496 5639 3697 5693 Adautus
3721 5643 3839 5693 enim

2337 5737 2459 5796 post
2497 5727 2750 5783 delictum
2789 5741 2841 5783 et
2872 5733 3308 5786 exsecrationem
3334 5742 3387 5785 et
3416 5748 3443 5785 c
3481 5733 3698 5798 paradiso
3723 5735 3842 5787 etsi-
