4066 6296
249 391 379 458 933
1280 375 1722 441 CHRONICON
1763 372 2037 435 MAJUS.
2068 397 2135 411 -
2176 372 2319 431 LlB-
2355 371 2446 433 IV.
3018 386 3022 390 ·
3412 375 3519 437 934

246 523 361 558 του
389 504 540 572 ζωῆς
567 499 696 567 ἔστη
739 498 773 568 ή
816 496 908 550 τοῦ
938 491 1185 560 Μωάμεθ
1225 491 1559 562 παραλογεα,
1587 491 1655 561 ἣν
1684 490 1843 558 δῆθεν
1871 491 1921 548 Α
1945 488 2040 541 καὶ
2091 488 2262 557 μόνην
2322 489 2561 555 γυναῖκα
2599 486 2739 557 ἔχων
2790 488 3045 553 ἕκαστος,
3080 486 3365 557 ἐσώθησαν
3408 490 3519 542 ἀπὸ
3586 478 3591 485 ’

252 591 680 661 επαγγέλλεται
730 589 759 640 6
814 587 948 647 Θεὸς
979 586 1173 639 δώσειν
1224 587 1339 645 τοῖς
1390 584 1648 645 δικαίοις.
1707 582 1847 636 ἀλλὰ
1952 580 2049 646 τῆς
2097 579 2269 647 ὀργῆς
2319 579 2414 633 τοῦ
2470 580 2647 631 Θεοῦ⁹
2714 579 2862 633 ἅπαν
2907 582 2964 632 δὲ
3010 580 3070 631 τὸ
3099 580 3255 647 γένος
3282 582 3391 633 τῶν
3423 582 3519 632 ἀν-

255 684 459 751 πολλῷ
496 682 575 752 τῷ
604 682 807 751 χείρονι
837 679 1201 746 διαφέρουσαν
1232 678 1326 729 καὶ
1354 676 1608 746 αἰσχράν.
1654 674 1711 726 '0
1740 674 1847 744 γὰρ

268 778 463 842 Ἀδὰμ
513 774 649 842 μετὰ
691 771 791 841 τὴν
840 768 1153 838 παράϐασιν
1183 771 1281 820 καὶ
1327 767 1424 835 τὴν
1458 766 1711 836 κατάραν
1751 766 1849 818 κα)⁵

253 867 372 936 τὴν
420 866 640 933 ὲξορίαν
692 866 791 934 τὴν
848 866 955 918 ἀπὸ
1017 866 1111 918 τοῦ
1168 865 1501 934 παραδείσου
1559 864 1701 931 ἔγνω
1744 864 1848 933 τὴν

258 957 425 1010 Εὕαν
455 975 469 987 ·
507 957 647 1009 ἀλλὰ
692 959 786 1011 καὶ
831 957 988 1010 τοῦτο
1035 958 1123 1011 διὰ
1152 959 1273 1026 ,τὴν
1326 957 1700 1023 τεκνογονέαν,
1752 957 1847 1008 καὶ

258 1047 663 1115 ὲτεκνοποίησε
690 1065 703 1079 ο
737 1049 846 1117 πρὸ
888 1048 943 1100 δὲ
988 1048 1086 1113 τῆς
1130 1049 1499 1117 παραϐάσεως
1538 1047 1848 1114 ἀγγελικῶς

258 1137 436 1201 ἔζων.
472 1138 662 1206 Ὅμως
717 1139 815 1191 καὶ
862 1141 889 1191 6
932 1139 1101 1206 Ἀδὰμ
1147 1142 1305 1207 εἰπερ
1358 1139 1502 1206 ἔγνω
1535 1139 1636 1209 τὴν
1681 1138 1846 1203 Εὕαν,

261 1227 417 1280 ἀλλὰ
449 1228 545 1279 καὶ
596 1225 750 1291 αὖθις
799 1229 897 1297 μία
928 1230 1019 1283 καὶ
1056 1224 1191 1299 μόνη
1232 1231 1520 1300 εὑρίσκετο
1572 1230 1710 1299 γυνὴ
1756 1229 1850 1283 καὶ

268 1317 339 1368 οὐ
388 1316 606 1370 πολλαί.
641 1315 779 1369 Οὔτε
828 1319 936 1387 γὰρ
963 1318 1019 1370 ἓν
1050 1318 1216 1389 ἄρσεν
1242 1319 1499 1387 ἐποίησεν
1535 1320 1563 1370 6
1591 1318 1721 1379 Θεὸς
1756 1319 1850 1371 καὶ

266 1408 451 1460 πολλὰ
483 1407 670 1477 θήλεα,
703 1408 825 1460 οὔτε
855 1410 1025 1462 πολλὰ
1055 1411 1263 1481 ἄρῤενα
1308 1412 1400 1463 καὶ
1432 1411 1490 1463 ἓν
1538 1410 1693 1479 θῆλυ,
1729 1411 1848 1464 ἀλλ’

268 1498 336 1551 ἒν
388 1502 555 1569 ἄρσεν
589 1500 678 1551 τὸν
721 1500 893 1568 Ἀδὰμ
933 1501 1023 1553 καὶ
1055 1500 1111 1551 ἒν
1164 1500 1298 1570 θῆλυ
1352 1501 1454 1570 τὴν
1491 1501 1634 1554 Εὕαν
1662 1519 1679 1536 ο
1712 1503 1850 1572 πληο

273 1592 576 1652 ίιυνθέντος
602 1590 656 1643 δὲ
690 1590 783 1643 τοῦ
805 1592 1004 1657 ,γένους
1037 1593 1144 1644 τῶν
1178 1592 1482 1660 ἀνθρώπων
1523 1595 1617 1645 καὶ
1652 1595 1850 1646 πεσόνο

269 1699 373 1743 τος
401 1685 482 1745 είς
510 1683 757 1750 ἀσελγεῖς
788 1686 879 1737 καὶ
914 1684 1212 1751 ἀθεμίτους
1260 1686 1488 1755 πράξεις
1516 1686 1793 1756 ἐϐαρύνθη
1820 1689 1848 1740 6

268 1771 412 1833 Θεὸς
470 1774 564 1826 καὶ
616 1773 865 1843 ὠργίσθη
924 1773 1048 1828 κατ’
1106 1775 1309 1838 αὐτῶν,
1360 1778 1433 1837 ὼς
1494 1779 1521 1828 ὁ
1578 1778 1849 1846 μακάριος

270 1865 522 1932 Μωῦσῆς
569 1867 797 1933 γράφων
836 1866 1147 1933 εὑρίσκεται
1183 1868 1239 1918 ὲν
1258 1865 1361 1949 Γτῷ
1395 1866 1588 1937 βιϐλίῳ
1621 1869 1718 1935 τῆς
1755 1868 1852 1921 Γε-

276 1958 485 2019 νέσεως
537 1957 619 2009 ὅτι
665 1954 818 2009 εἶπεν
865 1959 892 2009 6
942 1958 1109 2019 Θεός·
1151 1976 1169 2009 ι
1206 1959 1279 2012 Οὐ
1316 1959 1391 2027 μὴ
1434 1960 1742 2030 καταμείνῃ
1789 1959 1850 2013 τὸ

278 2044 510 2113 Πνεῦμά
559 2063 657 2113 μου
706 2045 794 2098 ἐπ’
838 2046 1033 2109 αὐτοὺς
1067 2046 1156 2097 διὰ
1193 2046 1253 2097 :6
1294 2042 1434 2099 εῖναι
1485 2048 1684 2110 αὐτοὺς
1712 2048 1849 2119 σάρ-

275 2150 403 2196 κας,
454 2152 473 2184 ι
511 2134 586 2196 ὡς
636 2134 797 2202 δῆθεν
857 2135 994 2197 ὅλως
1056 2138 1353 2205 σαρκικοὺς
1406 2139 1701 2204 γεγονότας
1755 2138 1849 2191 καὶ

270 2225 559 2286 παντελῶς
583 2226 826 2294 γηῖνους,
855 2229 954 2279 οὐκ
988 2226 1213 2295 ἔχοντας
1255 2229 1480 2298 μνήμην
1512 2229 1604 2282 τοῦ
1634 2231 1847 2297 ἀγαθοῦ

268 2317 372 2399 Ξιαί
399 2317 479 2377 εἰς
517 2316 806 2382 ἀσελγείας
850 2317 1013 2386 350
1062 2318 1428 2387 ἐμπεσόντας.
1461 2322 1595 2374 Τότε
1642 2321 1791 2390 λέγει
1820 2325 1848 2376 6

275 2406 413 2467 Θεὸς
440 2407 516 2475 τῷ
546 2407 691 2473 Νῶε,
732 2426 750 2458 ι
794 2408 916 2461 Ὀτι
964 2426 1023 2461 σε
1074 2411 1285 2478 εὕρηκα
1318 2411 1525 2466 δίκαιον
1581 2416 1639 2467 ὲν
1673 2416 1847 2487 ταύτῃ

278 2502 347 2566 τῇ
374 2500 561 2568 γενεᾷ,
590 2499 817 2568 ποίησον
849 2500 1081 2553 κιϐωτὸν
1125 2503 1261 2569 μετὰ
1314 2503 1487 2567 ξύλων
1518 2506 1725 2559 τοιάνδε
1753 2508 1847 2559 καὶ

280 2591 517 2643 τοιάνδε.
558 2610 574 2640 ι
611 2592 719 2642 Καὶ
772 2593 996 2661 ἐποίησε
1036 2593 1155 2645 Νῶε
1205 2594 1304 2663 τὴν
1340 2595 1574 2648 κιϐωτὸν
1613 2598 1756 2652 κατὰ
1788 2598 1849 2650 τὸ
1894 2656 1896 2660 λ

286 2681 441 2750 ῥῆμα
476 2679 700 2749 Κυρίου.
736 2683 845 2734 Kal.
894 2683 1111 2750 εἰσῆλθε
1162 2683 1284 2736 Νῶε
1330 2687 1411 2748 εἰς
1452 2686 1552 2755 τὴν
1592 2687 1844 2752 κιϐωτὸν,

281 2772 378 2824 καὶ
430 2772 479 2823 oi
532 2774 683 2841 τρεῖς
734 2773 841 2825 υίοὶ
896 2773 1085 2837 αὑτοῦ,
1134 2774 1255 2843 Σὴμ
1308 2776 1435 2841 Χὰμ
1496 2758 1700 2845 Ὶάφεθ.
1737 2780 1848 2832 Καὶ

282 2862 590 2933 είσῆλθενή
628 2863 764 2935 γυνὴ
794 2863 888 2916 τοῦ
937 2863 1058 2917 Νῶε
1112 2867 1193 2927 εἰς
1226 2865 1324 2935 τὴν
1356 2867 1611 2931 κιϐωτὸν,
1652 2872 1747 2924 καὶ
1790 2873 1845 2925 ai

280 2956 433 3023 τρεῖς
462 2958 720 3023 γυναῖκες
771 2955 882 3008 τῶν
926 2956 1059 3010 υἱῶν
1111 2957 1256 3011 Νῶε.
1307 2956 1470 3029 Ὁρᾷς
1520 2959 1639 3023 πῶς
1667 2964 1694 3015 6
1723 2962 1846 3014 Νῶε

285 3046 385 3114 μὲν
414 3046 767 3117 ἐμαρτυρήθη
809 3046 961 3116 παρὰ
988 3048 1080 3101 τοῦ
1110 3047 1249 3101 Θεοῦ
1278 3049 1491 3114 δίκαιος
1515 3052 1541 3103 6
1581 3052 1720 3121 ἔχων
1746 3055 1843 3122 τὴν

1951 670 2184 739 θρῶτιων
2233 671 2506 723 ἀπέθανεν
2547 672 2650 722 ὑπὸ
2683 670 2777 723 τοῦ
2808 670 3198 738 κατακλυσμοῦ
3246 673 3352 722 τῶν
3388 671 3518 722 ὑδά-

1950 781 2076 816 των.
2116 764 2338 825 Πάντως
2376 766 2469 817 καὶ
2498 765 2590 817 τὸν
2620 765 2797 833 πάντη
2833 766 3063 835 ἀνόητον
3091 764 3249 817 τοῦτο
3280 765 3521 818 διδάσκει

1950 855 2032 908 ὅτι
2066 857 2201 923 μίαν
2230 857 2324 908 καὶ¹
2366 856 2535 925 μόνην
2566 858 2806 924 γυναῖκά
2837 858 2986 908 ἐστιν
3034 856 3143 908 ἀπὸ
3172 855 3265 907 τοῦ
3309 855 3518 907 δικαίου

1950 949 2096 1017 ἔχειν
2144 950 2235 1000 τὸν
2272 949 2561 1018 ἄνθρωπον
2594 950 2686 1001 καὶ⁵
2732 950 2827 1001 ἕνα
2881 950 3042 1018 μόνον
3074 948 3244 1018 ἄνδρα
3275 948 3375 1015 τὴν
3422 966 3521 1017 γυ-

1952 1044 2135 1093 ναῖκα.
2176 1042 2339 1094 Ἀλλὰ
2370 1040 2652 1094 καὶτοῦτο
2685 1042 2826 1110 μετὰ
2855 1042 2953 1109 τὴν
2994 1041 3240 1106 κατάραν
3277 1040 3519 1106 ἐγένετο,

1950 1132 2039 1185 διὰ
2082 1133 2181 1203 τὴν
2235 1136 2605 1200 τεκνογονίαν,
2639 1133 2713 1194 ὡς
2766 1133 3004 1201 εἴρηται.
3054 1131 3113 1183 '0
3168 1130 3224 1183 δὲ
3273 1131 3519 1197 Μωάμεθ

1950 1227 2189 1280 διδάσκει
2242 1227 2548 1294 ἀναφανδὸν
2603 1228 2682 1279 ὅτι
2729 1228 2761 1295 ἡ
2811 1226 2962 1297 παρὰ
2993 1225 3086 1277 τοῦ
3116 1224 3252 1277 Θεοῦ
3288 1225 3402 1284 τοῖς
3440 1224 3521 1275 δι-

1951 1319 2129 1380 καίοις
2162 1320 2522 1381 ἅνταπόδοσις
2551 1319 2757 1387 λουτρὰ
2789 1318 2883 1370 καὶ
2916 1319 3178 1385 γυναῖκες
3214 1315 3408 1368 πολλαὶ
3438 1317 3519 1368 ἑνὶ

1952 1410 2165 1478 ἑκάστῳ
2197 1410 2291 1461 καὶ
2316 1404 2453 1462 οἴκοι
2493 1410 2860 1477 περικαλλεῖς.
2904 1410 2961 1460 Ὀ
2991 1406 3124 1477 γοῦν
3151 1408 3323 1462 ταῦτα
3356 1425 3519 1476 νομο-

1954 1501 2126 1553 θετῶν
2160 1489 2284 1561 ’πῶς
2318 1500 2425 1552 ἀπὸ
2462 1500 2641 1565 Θεοῦ;
2678 1501 2924 1561 Μάταιος
2955 1500 3010 1551 δὲ
3058 1501 3085 1551 6
3123 1499 3294 1551 ταῦτα
3342 1516 3518 1565 παρα-

1952 1591 2245 1659 δεχόμενος
2284 1594 2379 1645 καὶ
2428 1592 2703 1643 πιστεύων
2757 1592 2839 1643 ὅτι
2886 1590 2945 1642 :6
2980 1589 3204 1655 γεγονὸς
3247 1589 3312 1641 δι’
3349 1590 3518 1657 ὀργὴν

1951 1682 2029 1752 τῷ
2058 1684 2442 1753 ἁμαρτήσαντι
2472 1682 2971 1745 πολυπλασιάζεται
3010 1683 3068 1732 ὲν
3103 1681 3179 1748 τῷ
3211 1679 3389 1750 καιρῷ
3420 1682 3518 1747 τῆς

1957 1774 2380 1841 μισθαποδοσίας
2433 1774 2527 1826 τοῦ
2582 1772 2751 1826 καλοῦ
2808 1774 2901 1825 καὶ
2945 1771 3153 1839 ἀγαθοῦ
3185 1772 3302 1832 τοῖς
3340 1771 3519 1837 ἁγίοις

1953 1862 2048 1912 καὶ
2086 1860 2338 1922 δικαίοις.
2372 1862 2482 1913 Καὶ
2534 1861 2795 1929 πρόσεξον
2850 1860 2914 1912 τὰ
2965 1859 3245 1928 γεγονότα.
3284 1860 3445 1925 Λέγει
3490 1860 3518 1911 ὁ

1950 1953 2193 2020 Μωῦσῆς
2220 1968 2231 1982 '
2275 1971 2293 2005 ι
2335 1953 2445 2004 Καὶ
2476 1953 2693 2021 είσῆλθε
2730 1953 2854 2004 Νῶε
2910 1954 2990 2013 είς
3028 1952 3127 2020 τὴν
3162 1946 3393 2003 κιϐωτὸν
3422 1951 3516 2002 καὶ

1950 2044 1998 2095 οἱ
2060 2042 2167 2095 υἱοὶ
2227 2042 2392 2095 αὐτοῦ
2446 2044 2540 2095 καὶ
2595 2044 2627 2109 ἡ
2672 2044 2809 2109 γυνὴ
2841 2039 3005 2094 αὐτοῦ
3048 2041 3140 2094 καὶ
3176 2041 3232 2094 αἱ
3260 2043 3520 2106 γυναῖκες

1950 2131 2059 2184 τῶν
2098 2131 2228 2184 υἱῶν
2258 2131 2448 2186 αὐτοῦ.
2498 2150 2516 2187 ι
2555 2132 2712 2202 351
2752 2133 2860 2184 Καὶ
2885 2134 2964 2193 εἰς
3006 2131 3105 2201 μὲν
3142 2131 3240 2200 τὴν
3272 2132 3516 2208 είσὲλευ-

1954 2240 2040 2275 σιν
2071 2224 2257 2290 λέγει’
2298 2244 2315 2276 ι
2357 2226 2585 2296 Είσῇλθε
2617 2226 2739 2277 Νῶε
2779 2225 2871 2277 καὶ
2910 2226 2958 2277 oi
2993 2226 3098 2276 υίοὶ
3146 2225 3309 2276 αὐτοῦ
3344 2226 3439 2276 καὶ
3480 2228 3513 2295 ἡ

1950 2316 2086 2385 γυνὴ
2112 2316 2279 2368 αὑτοῦ
2324 2317 2416 2369 καὶ
2446 2320 2500 2369 αἱ
2536 2320 2794 2385 γυναῖκες
2823 2316 2932 2369 τῶν
2973 2316 3102 2370 υἱῶν
3132 2318 3295 2368 αὑτοῦ
3334 2334 3348 2347 ο
3386 2338 3404 2366 ι
3438 2320 3519 2379 εἰς

1950 2406 2006 2458 δὲ
2052 2407 2152 2475 τὴν
2194 2406 2473 2472 ὲξέλευσιν
2517 2408 2615 2475 οὐχ
2656 2407 2828 2470 οὕτως
2880 2406 2996 2461 ἀλλ’
3023 2424 3036 2438 ·
3083 2426 3100 2457 ι
3140 2405 3365 2474 meam;
3396 2406 3518 2458 Νιῖε

1952 2500 2045 2551 καὶ
2073 2500 2106 2567 ἡ
2136 2499 2273 2569 γυνὴ
2303 2499 2468 2552 αὐτοῦ
2501 2499 2596 2552 καὶ
2626 2501 2674 2552 oi
2708 2502 2813 2552 υἱοὶ
2848 2499 3015 2552 αὐτοῦ
3048 2501 3139 2552 καὶ
3171 2502 3227 2552 ai
3259 2504 3517 2567 γυναῖκες

1950 2590 2058 2640 τῶν
2095 2590 2229 2642 υἱῶν
2262 2590 2431 2643 αὑτοῦ
2469 2592 2589 2659 μετ’
2620 2592 2808 2654 αὐτοῦ,
2847 2610 2865 2643 ι
2895 2594 3109 2652 πάντως
3141 2594 3290 2645 οἰδὲν
3330 2594 3519 2658 ἕτερον

1950 2677 2242 2745 δηλοῦντος
2287 2678 2379 2731 τοῦ
2437 2678 2597 2743 λόγου
2641 2680 2673 2750 ἢ
2729 2682 2811 2732 ὅτι
2866 2680 2969 2732 κᾶν
3019 2683 3111 2732 καὶ
3169 2682 3297 2747 μίαν
3350 2684 3519 2750 μόνην

1951 2772 2180 2836 γυναῖκά
2232 2771 2383 2821 ἐστιν
2445 2771 2552 2823 ἀπὸ
2609 2772 2819 2824 δικαίου
2872 2774 3020 2841 ἔχειν
3073 2774 3163 2825 τὸν
3210 2775 3517 2843 ἄνθρωπον,

1950 2857 2064 2910 ἀλλ’
2100 2859 2249 2911 ἐστιν
2275 2861 2359 2912 ὅτε
2400 2860 2490 2912 καί
2526 2861 2694 2930 αὐτῆς
2730 2862 3031 2930 ἀπέχεσθαι
3074 2864 3286 2933 πρέπον
3328 2867 3476 2917 ἐστίν
3504 2882 3517 2895 ·

1949 2951 2007 3001 ἰν
2038 2949 2145 3019 γὰρ
2175 2951 2250 3019 τῷ
2284 2951 2463 3002 είπεῖν
2497 2952 2581 3003 ὄτι
2627 2952 2855 3020 Είσῆλῢε
2888 2954 3009 3006 Νῶε
3047 2956 3125 3016 είς
3159 2956 3253 3024 τὴν
3284 2952 3520 3009 κιϐωτὸν

1951 3044 2045 3097 καῖ.
2075 3047 2123 3094 οἱ
2162 3044 2271 3095 υἱοὶ
2307 3044 2493 3106 αὐτοῦ,
2528 3045 2727 3110 ἔδειξεν
2758 3047 2885 3109 τοὺς
2921 3048 3070 3110 υίοῦς
3103 3050 3267 3101 αὑτοῦ
3313 3045 3422 3102 οἷόν
3468 3070 3519 3104 τι

286 3138 418 3207 μίαν
445 3143 695 3206 γυναῖκα.
738 3140 896 3194 Ἀλλὰ
922 3141 984 3214 δὴ
1023 3142 1116 3194 καὶ
1149 3144 1196 3195 οί
1224 3142 1330 3195 υίοὶ
1359 3142 1548 3208 αὑτοῦ,
1576 3144 1681 3197 ἀνὰ
1715 3146 1843 3215 μίαν
1873 3138 1916 3196 C
1946 3134 2296 3206 διατείχισμα
2351 3136 2588 3205 χωρίξον
2643 3138 2737 3190 τὸν
2768 3138 2889 3191 Νῶε
2946 3140 3054 3192 ἀπὸ
3108 3141 3211 3209 τῆς
3264 3143 3522 3208 γυναικὸς

286 3317 413 3371 lium
462 3334 582 3372 cum
618 3317 723 3371 Eva
762 3317 1078 3380 concubuit,
1111 3317 1202 3371 sed
1239 3317 1309 3372 ob
1347 3318 1640 3373 liberorum
1682 3336 1845 3390 gene-

285 3410 572 3471 rationem,
619 3417 780 3477 atque
820 3409 1100 3477 generavit
1146 3408 1369 3464 liberos.
1405 3412 1542 3465 Ante
1583 3412 1839 3467 delictum

286 3514 463 3557 autem
504 3506 556 3556 in
591 3504 906 3571 angelorum
946 3505 1164 3558 modum
1200 3504 1469 3559 vixerant.
1503 3507 1605 3561 Sed
1662 3518 1840 3563 tamen

284 3597 495 3647 etiamsi
527 3611 648 3647 cum
687 3593 796 3647 Eva
842 3593 1083 3648 Adamus
1119 3598 1433 3660 concubuit,
1472 3599 1628 3651 unica
1663 3609 1839 3654 tamen

183 3721 189 3725 -
286 3686 480 3739 Iumina
515 3694 650 3747 erat,
683 3702 787 3739 non
820 3687 1019 3739 multae.
1060 3684 1269 3741 Etenim
1316 3706 1415 3743 nec
1439 3706 1605 3743 unum
1637 3707 1841 3745 marem

286 3788 336 3831 et
367 3779 560 3832 mullus
601 3777 851 3843 feminas,
889 3796 986 3834 nec
1030 3782 1233 3835 multos
1274 3798 1452 3837 mares
1488 3793 1541 3835 et
1580 3799 1740 3836 uuam
1772 3784 1847 3837 fe-

285 3870 506 3931 minam,
541 3869 633 3942 sed
687 3886 851 3923 unum
886 3886 1086 3925 marem
1126 3873 1412 3938 Adamum,
1464 3885 1515 3927 et
1559 3890 1718 3927 uuam
1769 3874 1845 3927 fe-
1904 3920 1907 3923 .

286 3960 480 4013 minam
516 3958 678 4012 Evam
736 3958 877 4012 Deus
925 3963 1151 4013 creavit.
1198 3963 1372 4015 Aneto
1419 3970 1597 4015 autem
1645 3978 1844 4032 genere

285 4050 515 4105 humano
554 4060 609 4104 et
654 4050 718 4104 ad
757 4049 994 4104 facinora
1042 4052 1331 4107 libidinosa
1372 4061 1427 4107 et
1453 4054 1653 4123 injusta
1674 4057 1842 4110 decli-

283 4153 459 4204 nante,
494 4142 875 4211 indignabatur
921 4142 1098 4210 iisque
1132 4143 1472 4198 irascebatur
1496 4146 1658 4210 Deus,
1699 4150 1842 4202 sicut

284 4234 494 4287 divinus
549 4232 760 4303 Moyses
824 4233 878 4287 in
922 4232 1064 4287 libro
1129 4233 1355 4289 Genesis
1408 4239 1616 4302 scribit,
1668 4240 1837 4293 Deum

285 4324 479 4377 dixisse
501 4340 544 4375 ει
576 4322 653 4377 Ne
680 4332 894 4376 maneto
922 4338 1082 4391 super
1103 4339 1196 4379 eos
1219 4324 1458 4392 Spiritus
1487 4343 1659 4393 meus,
1704 4346 1841 4398 quo-

287 4412 420 4463 niam
449 4428 574 4464 caro
595 4420 771 4478 sunt,i
788 4413 890 4467 hoc
915 4414 1167 4477 estplane
1191 4415 1462 4470 libidinosi
1486 4427 1535 4470 cl
1558 4430 1839 4474 terrestres

1954 3315 2242 3381 rationem,
2280 3329 2338 3371 ιιι
2362 3316 2625 3373 diximus.
2667 3320 2735 3372 At
2761 3318 3095 3373 Mohameles
3128 3333 3312 3389 aperte
3340 3322 3517 3389 docet,

1957 3421 1987 3462 a
2024 3406 2132 3461 Deo
2155 3407 2316 3474 justis
2342 3424 2439 3477 pro
2473 3410 2693 3477 praemio
2721 3410 2905 3463 datum
2938 3411 3001 3464 iri
3030 3412 3263 3478 lavacra,
3292 3428 3342 3467 et
3370 3415 3525 3468 fem—

1956 3512 2055 3551 nas
2089 3499 2316 3566 singulis
2349 3500 2530 3568 plures
2580 3511 2632 3552 et
2685 3501 2827 3555 :edes
2886 3502 3304 3569 pulcherrimas.
3370 3502 3519 3557 Talia

1958 3588 2123 3654 igitur
2164 3590 2257 3658 qui
2292 3590 2406 3659 lege
2454 3593 2630 3645 sancit
2661 3596 2938 3659 quomodo
2975 3608 3003 3645 a
3048 3594 3154 3645 Deo
3191 3594 3387 3647 missus
3429 3597 3525 3649 sit?

1953 3679 2068 3732 imo
2092 3682 2289 3734 Stultus
2313 3692 2417 3743 est,
2447 3684 2537 3749 qui
2566 3682 2666 3735 ista
2715 3683 2929 3749 prohat,
2959 3692 3121 3752 atque
3159 3688 3351 3749 credit,
3379 3690 3520 3754 quod

1955 3768 2244 3822 libidinose
2272 3771 2349 3835 tit,
2383 3771 2433 3822 id
2470 3780 2607 3836 tum,
2630 3788 2753 3824 cum
2786 3774 3005 3840 praeiuia
3041 3774 3177 3828 bona
3215 3787 3267 3830 et
3293 3779 3518 3841 pulchra

1955 3862 2159 3914 sanctis
2181 3862 2457 3930 justisque
2481 3863 2778 3928 dabuntur,
2810 3870 3055 3932 peccanli
3097 3869 3514 3937 multiplicatum

1953 3951 2045 4003 iri.
2076 3952 2309 4003 Attende
2343 3967 2491 4018 vero,
2520 3970 2637 4022 quae
2671 3970 2833 4022 porro
2864 3941 3005 4010 laeta
3048 3959 3173 4014 sint.
3207 3959 3345 4014 Dicit
3372 3962 3520 4033 Moy-

1952 4057 2039 4095 ses
2077 4060 2090 4094 :
2129 4060 2147 4093 ι
2184 4044 2360 4111 Atque
2387 4045 2665 4113 ingressus
2693 4056 2774 4099 est
2814 4056 2996 4101 arcam
3032 4048 3145 4104 Noe
3196 4062 3246 4106 et
3279 4054 3368 4107 lilii
3398 4056 3520 4125 ejus
3562 4092 3565 4097 ε

1947 4142 2001 4186 et
2039 4148 2179 4186 uxor
2205 4133 2322 4201 ejus
2362 4146 2410 4187 ct
2448 4151 2647 4190 uxores
2681 4138 2913 4193 ﬁliorum
2946 4142 3085 4209 ejus.
3128 4160 3147 4192 ι
3195 4143 3267 4197 De
3310 4148 3520 4214 ingres-

1950 4226 2104 4278 δῖοιιο
2145 4226 2305 4293 igitur
2336 4225 2493 4279 dicit:
2542 4243 2561 4277 ι
2597 4227 2879 4295 Ingressus
2910 4242 2991 4283 est
3025 4232 3134 4286 Noe
3168 4246 3217 4287 et
3271 4238 3364 4290 ﬁlii
3400 4241 3520 4307 ejus

1950 4328 2217 4371 ctuxores
2247 4319 2479 4372 ﬁliorum
2521 4320 2640 4388 ejus
2687 4337 2701 4385 ;
2749 4342 2764 4372 ι
2789 4324 2853 4375 de
2881 4325 3028 4377 exitu
3063 4341 3243 4382 autem
3281 4348 3383 4385 non
3424 4334 3518 4395 ita,

1950 4414 2078 4465 sed:
2124 4431 2141 4463 ι
2184 4413 2445 4480 Egressus
2470 4425 2550 4467 est
2584 4414 2697 4468 Noe
2729 4429 2781 4468 et
2813 4433 2950 4470 uxor
2981 4420 3098 4488 ejus
3120 4434 3168 4473 et
3198 4424 3288 4476 lilii
3318 4426 3432 4493 ejus
3466 4444 3520 4479 ei

287 4500 743 4572 faetisunt,atque
779 4506 889 4559 teri
926 4507 1160 4576 honiqUe
1205 4508 1578 4574 immemores,
1616 4498 1849 4567 lasciviae
1880 4481 1925 4539 Β
1952 4520 2150 4559 "30705
2180 4506 2414 4558 “Horum
2460 4508 2577 4577 eius
2605 4525 2727 4562 οιιιιι
2762 4527 2845 4564 θοι
2878 4532 2893 4562 ³
2937 4514 3142 4577 Quibus
3174 4518 3350 4571 Verbis
3388 4522 3519 4574 nihil

286 4605 336 4644 se
353 4591 632 4647 dederunt.
657 4593 793 4647 Tum
818 4594 958 4649 Deus
980 4595 1096 4650 Nec
1125 4598 1253 4651 dicit
1281 4616 1293 4651 :
1322 4610 1338 4648 ι
1367 4597 1635 4664 Quoniam
1675 4613 1725 4654 te
1751 4602 1842 4670 ju-

286 4695 417 4739 stum
447 4686 717 4739 hominem
756 4687 935 4740 inverti
967 4689 1019 4741 in
1051 4689 1152 4741 hoc
1177 4706 1390 4760 genere,
1418 4709 1535 4761 age,
1562 4710 1742 4749 arcam
1777 4696 1841 4748 li-

283 4790 462 4845 gneam
486 4784 725 4830 exstrue.
759 4794 776 4826 ι
801 4776 1084 4830 Exstruxit
1109 4779 1271 4844 igitur
1314 4781 1425 4835 Noe
1453 4798 1633 4836 arcam
1656 4802 1685 4836 e
1713 4801 1820 4853 pra:

284 4876 428 4936 cepto
457 4864 755 4926 Domini.et
783 4866 1005 4919 intravit
1031 4883 1147 4920 eam
1174 4884 1297 4922 cum
1324 4873 1496 4925 tribus
1525 4876 1669 4938 tiliis,
1690 4878 1837 4939 Seni,

282 4960 459 5025 Cham,
483 4959 712 5028 Japheth
737 4979 748 5012 :
778 4960 1109 5028 intravitque
1133 4962 1379 5014 eamdem
1407 4980 1543 5016 uxor
1567 4965 1695 5018 Non:
1714 4982 1837 5020 cum

289 5051 447 5103 tribus
482 5051 745 5104 uxoribus
781 5051 1015 5103 ﬁliorum
1057 5049 1205 5103 Νοιε.
1260 5049 1442 5122 Vides,
1496 5054 1663 5109 Deum
1706 5053 1835 5111 Noae

289 5152 336 5194 ut
369 5140 516 5207 justo
566 5141 771 5194 homini
821 5149 1078 5193 testatum
1107 5156 1249 5202 esse,
1308 5144 1508 5212 quippe
1532 5147 1623 5213 qui
1672 5164 1833 5201 unam

288 5249 495 5287 uxorem
533 5234 773 5286 haberet.
806 5231 915 5285 Nec
948 5248 1071 5286 vero
1103 5233 1341 5300 ejusdem
1377 5235 1487 5297 lilii,
1519 5240 1609 5305 qui
1648 5247 1699 5291 et
1732 5239 1833 5305 ipsi

286 5325 469 5394 singuli
507 5324 749 5392 singulas
796 5338 993 5377 uxores
1034 5324 1318 5388 haberent,
1359 5326 1426 5379 ab
1464 5327 1542 5381 ira
1593 5328 1683 5382 Dei
1727 5346 1831 5384 non

285 5418 465 5468 servati
498 5425 660 5469 sunt:
696 5430 817 5468 cum
846 5431 1007 5469 omne
1037 5432 1209 5483 genus
1236 5416 1535 5471 humanum
1564 5434 1828 5489 aquarum

285 5506 509 5573 proluvie
543 5505 766 5574 periret.
795 5504 925 5569 Quae
962 5521 1046 5560 res
1091 5506 1252 5559 etiam
1307 5510 1689 5563 stultissimum
1731 5512 1832 5565 lio-

286 5598 464 5649 minem
522 5597 701 5659 docet,
749 5597 988 5665 legitime
1045 5614 1205 5649 unam
1254 5613 1478 5651 uxorem
1527 5600 1722 5667 virum,
1780 5614 1833 5655 et

282 5701 429 5740 unum
466 5688 717 5740 maritum
754 5687 1008 5741 feminam
1058 5690 1273 5744 habere.
1310 5691 1415 5744 Sed
1473 5692 1578 5747 hoc
1611 5710 1833 5762 quoque

266 5787 384 5843 post
408 5779 833 5832 exsecrationem
874 5778 1071 5832 factum
1100 5790 1199 5844 est,
1235 5783 1302 5833 oh
1344 5782 1634 5837 liberermn
1670 5802 1830 5854 gene-

1947 4598 2088 4650 aliud
2124 4598 2483 4667 signiﬁcatur,
2519 4602 2620 4653 nisi
2658 4604 2783 4667 hoc,
2822 4605 3032 4659 etiamsi
3078 4625 3241 4662 uuam
3291 4628 3516 4666 ιιιιιιιϊιιι

1945 4688 2185 4758 legitime
2216 4691 2294 4743 vir
2324 4690 2540 4751 haheat,
2596 4709 2991 4763 nonnunquam
3027 4709 3204 4751 tamen
3245 4718 3306 4754 ea
3350 4705 3397 4754 al
3421 4708 3521 4758 Sti—

1948 4787 2183 4836 nendum
2224 4784 2272 4836 ei
2301 4800 2441 4838 esse.
2498 4784 2632 4839 Nam
2691 4805 2813 4842 cum
2861 4792 3024 4859 dicit:
3068 4812 3085 4842 ι
3124 4793 3409 4861 ingressus
3440 4810 3523 4852 est

1944 4871 2060 4927 Noe
2112 4875 2165 4926 in
2215 4889 2394 4927 arcam
2438 4886 2490 4929 et
2523 4875 2617 4929 ﬁlii
2654 4878 2797 4945 t-jus,
2838 4896 2855 4929 ι
2901 4880 3039 4933 ﬁlios
3084 4882 3201 4950 ejus
3259 4893 3514 4953 tanquam

1944 4964 2201 5032 parietem
2227 4963 2396 5017 Noam
2426 4966 2493 5019 ab
2536 4982 2707 5020 uxore
2761 4968 2881 5035 ejus
2908 4983 3255 5036 separantem
3295 4976 3517 5041 posuit:

1942 5067 2263 5111 cumautem
2284 5059 2450 5113 dicit;
2482 5078 2499 5108 ι
2532 5061 2799 5128 Egressus
2822 5071 2905 5116 cst
2933 5062 3046 5118 Noe
3070 5074 3122 5118 ct
3158 5080 3293 5120 uxor
3322 5069 3460 5135 ejus,
3494 5089 3511 5120 ι

1941 5150 2196 5213 ostendit,
2227 5149 2421 5204 dehinc
2455 5152 2585 5205 nihil
2615 5153 2725 5221 jam
2761 5152 3000 5220 obstare,
3054 5140 3351 5224 quominus
3388 5175 3519 5214 uxo-

1945 5243 1987 5295 ri
2017 5242 2297 5311 jungatur.
2338 5246 2481 5297 ldem
2541 5247 2826 5300 dicendum
2866 5257 2948 5301 est
2988 5248 3055 5301 de
3110 5250 3235 5306 Iiliis
3270 5253 3391 5322 ejus
3423 5269 3518 5306 eo-

1942 5349 2171 5402 rumque
2206 5336 2489 5389 exet-ibus.
2540 5338 2829 5392 Enimvero
2874 5340 2987 5408 ipse
3020 5341 3229 5412 Moyses
3267 5344 3318 5396 in
3357 5360 3516 5409 mpn-

1944 5431 2050 5476 tem
2086 5423 2211 5477 Sina
2244 5429 2547 5481 ascendens
2596 5428 2767 5482 edixit
2808 5428 3035 5495 Ιιιιίιιτὶε,
3099 5442 3159 5486 ιιι
3201 5434 3517 5487 sanctiﬁca-

1941 5525 2061 5567 rent
2093 5532 2149 5570 se
2173 5518 2236 5570 ad
2274 5521 2491 5571 tertium
2530 5520 2669 5573 diem
2719 5539 2889 5591 usque
2930 5534 2982 5578 et
3009 5534 3187 5577 vestes
3243 5524 3514 5586 lavarent,

1938 5622 2072 5660 neve
2103 5611 2392 5679 attingeret
2422 5613 2709 5680 quisquam
2743 5630 2992 5668 uxorem.
3021 5613 3161 5677 Quin
3203 5614 3366 5665 etiam
3401 5614 3517 5680 ipse

1935 5700 2182 5753 Adamus
2210 5701 2369 5753 liram
2417 5704 2765 5770 cmispicatns
2816 5704 2992 5757 dixit:
3031 5722 3047 5752 ι
3092 5702 3215 5755 llaec
3262 5711 3344 5755 est
3378 5718 3439 5754 os
3485 5719 3515 5756 e

1937 5792 2072 5844 meis
2104 5793 2340 5858 ossibus,
2381 5803 2432 5846 et
2477 5810 2603 5848 caro
2632 5810 2660 5848 c
2704 5810 2821 5848 mea
2864 5809 3065 5848 carne:
3119 5807 3288 5861 quare
3350 5792 3515 5848 homo
