4022 6294
177 381 233 460 ξε
241 378 316 440 ῑΠ

1247 347 1689 429 etIuoNt‘cou
1733 360 2001 421 MAJUS.
2049 385 2113 394 —-
2152 359 2298 419 Lm.
2334 358 2432 417 ιν.
3035 361 3053 397 ι

3353 349 3460 409 9ἶῖ

179 502 255 554 .εῑ
299 497 398 568 μὲν
439 494 514 556 ὡς
563 489 740 552 καλῶς
803 487 1000 546 αὐτοὺς
1049 484 1564 554 πολιτευσαμένους.
1597 483 1685 536 διὰ
1735 481 1786 531 τί
1821 485 1861 534 Α
1963 476 2124 546 355
2159 477 2270 545 Οὐχ
2301 475 2375 536 ὼς
2404 473 2796 541 ἐπιλαθόμενος
2847 469 2936 522 τοῦ
2985 469 3251 538 ἡμετέρην
3302 467 3461 535 λόγου

198 593 311 644 οὐκ
349 585 612 654 ἐδόθησαν
668 581 850 642 αὐτοῖς
905 581 982 632 ἐνὶ
1036 578 1251 645 ἑκάστῳ
1301 576 1493 628 πολλαὶ
1523 575 1785 642 γυναῖκες

201 678 536 750 εὐεργεσίας
568 675 730 746 χάριν
776 673 871 724 καὶ
911 669 1279 738 ἀντιμισθίας,
1308 666 1382 731 ὡς
1412 666 1624 734 λέγετε,
1653 663 1787 716 ἀλλά

193 773 424 844 μᾶλλον
475 771 582 831 τοῖς
639 765 854 825 πολλοῖς
907 761 1130 832 ἀνδράσι
1177 763 1314 827 γυνὴ
1369 759 1500 827 μίας
1544 757 1604 808 Εἰ
1637 756 1681 807 δ’
1711 755 1787 815 ὡς

199 863 597 932 -κατακρίτοις,
628 860 725 911 και
769 857 875 926 μὴν
919 856 975 905 αἱ
1027 853 1276 905 τοιαῦται
1309 849 1624 918 εὐεργεσίαι
1656 850 1790 900 ἀποο

203 959 376 1028 δοχῆς
407 952 570 1024 354
601 952 695 1004 καὶ
725 949 936 1018 ἀγαθῆς
974 945 1322 1016 ἀντιμισθίας
1366 940 1577 1010 δόματά
1621 940 1786 1002 εἰσιν,

206 1051 287 1109 ὡς
319 1051 348 1100 ό
377 1045 620 1115 Μωάμεθ
666 1040 997 1110 διαγορεύει.
1037 1040 1109 1092 Τὸ
1152 1038 1198 1089 δ’
1230 1036 1364 1090 αὐτὸ
1413 1033 1505 1087 καὶ
1539 1033 1633 1084 ἐπὶ
1677 1031 1789 1082 τῶν

207 1140 434 1192 πολλῶν
474 1135 756 1206 γυναικῶν
799 1135 908 1188 τῶν
959 1131 1342 1199 δοθησομένων
1383 1128 1464 1180 ἐνὶ
1511 1126 1707 1195 ἀνδρί·
1739 1127 1788 1176 εί

212 1229 319 1298 μὲν
367 1228 442 1290 ὡς
477 1226 779 1290 καταδίκης
811 1223 978 1287 ἄξαι,
1018 1222 1133 1281 πῶς
1177 1221 1408 1273 δίδονται
1445 1218 1582 1288 πρὸς
1616 1218 1790 1277 αὐτας

207 1318 530 1388 εὐεργεσίαι
555 1335 571 1383 ;
601 1317 662 1368 El
692 1316 735 1368 δ’
765 1313 1033 1382 ἀποδοχῆς
1063 1312 1233 1377 ἄξιαι,
1265 1312 1351 1364 διὰ
1384 1312 1436 1362 τί
1471 1310 1700 1362 δίδονται
1733 1309 1789 1360 al

211 1409 415 1461 πολλαὶ
459 1409 540 1460 ἑνὶ
588 1407 772 1476 ἀνδρί;
809 1407 915 1458 Καὶ
947 1405 994 1456 τί
1038 1405 1137 1473 τῆς
1182 1403 1440 1470 τοιαύτης
1474 1401 1791 1473 συγχύσεως

208 1499 568 1568 ἀτοπώτερον
602 1515 661 1550 τε
693 1498 786 1551 καὶ
813 1497 1138 1567 ἀηδέστερον
1164 1514 1178 1562 ;
1281 1553 1283 1555 ,

289 1592 520 1651 Βλέπεις
545 1591 660 1653 πῶς
689 1593 716 1644 ὁ
743 1597 1128 1659 παρατραπεις
1171 1590 1272 1659 τῆς
1299 1587 1512 1650 εὐθείας
1549 1587 1670 1640 ὁδοῦ
1710 1589 1792 1649 εἰς

216 1683 366 1734 πόσα
411 1680 591 1732 ἄτοπα
626 1681 1008 1749 παρεμπίπτει
1037 1681 1132 1732 καὶ
1160 1680 1329 1734 ἄκων.
1373 1677 1514 1731 Ἀλλ’
1544 1679 1645 1732 οὐκ
1674 1678 1788 1730 ἐστι

1897 568 2113 637 ἔγραψα
2143 570 2272 634 περὶ
2299 567 2390 620 τοῦ
2422 566 2667 634 Μωὰμεθ
2704 567 2826 618 ὅσον
2868 562 3082 639 ἔγραψα
3111 580 3123 593 ·
3157 560 3306 613 εἷπον
3355 564 3465 629 γὰρ

1894 661 2124 728 ὅτικούκ
2174 659 2324 711 ἔστιν
2366 661 2392 712 ό
2426 659 2787 728 προκείμενος
2827 657 3027 717 σκοπὸς
3060 655 3159 720 τῆς
3204 655 3297 706 νῦν
3336 656 3466 722 πρὸς

1898 753 1957 805 σέ
2007 769 2107 820 μου
2145 750 2480 813 ἀπολογίας,
2532 751 2616 802 ἵνα
2667 750 2876 815 ποιήσω
2917 745 3267 815 καταδρομὴν
3329 747 3469 797 κατά

1895 845 2004 898 τῶν
2042 844 2495 913 ,Μουσουλμάνων
2562 844 2654 895 καὶ
2720 841 2859 893 εἴπω
2919 840 3064 908 ἆπερ
3113 841 3330 905 λέγουσι
3377 845 3470 891 καὶ

1897 937 2232 1003 πράττουσιν
2258 936 2461 999 ἄτοπα,
2512 935 2734 1003 ὀλέθρια
2783 953 2845 989 τε
2897 935 2996 1011 καὶ
3040 935 3208 993 κακὰ,
3236 931 3350 984 ἀλλ’
3380 933 3469 984 ἵνα

1895 1030 2053 1093 δείξω
2097 1030 2256 1099 μόνον
2299 1029 2379 1081 ὅτι
2444 1029 2770 1095 παραλόγως
2827 1028 2920 1079 καὶ
2973 1025 3176 1086 ἀδίκως
3230 1042 3471 1091 κατηγο·

1898 1120 2121 1188 ροῦνται
2155 1119 2304 1189 παρὰ
2349 1119 2458 1171 τῶν
2487 1117 2932 1185 Μουσουλμτίνων
2979 1117 3024 1168 οἱ
3069 1116 3410 1184 Χριστιανοὶ,
3443 1111 3470 1162 ὃ

1897 1213 1991 1262 καὶ
2039 1211 2335 1279 πεποίηκα.
2370 1211 2428 1261 Εἰ
2477 1209 2534 1262 δὲ
2596 1210 2690 1260 καί
2738 1225 2858 1260 τινα
2917 1209 3144 1273 εἴπομεν
3196 1206 3326 1274 περὶ
3378 1204 3469 1254 τοῦ

1899 1303 2166 1371 Μωάμεθ,
2216 1304 2248 1372 ἠ
2305 1303 2401 1355 τοῦ
2461 1302 2788 1371 πράγματος
2842 1302 3101 1363 ὑπόθεσις
3159 1303 3470 1370 ἠνάγκασε-ι

1899 1399 2043 1465 ἡμᾶς
2076 1397 2155 1459 είς
2183 1397 2362 1457 τοῦτο,
2386 1397 2510 1447 ἐπεὶ
2535 1395 2695 1464 εἴπερ
2724 1396 2943 1464 εἴχομεν
2976 1394 3117 1446 κατά
3151 1393 3350 1446 σκοπὸν
3374 1394 3469 1446 τοῦ

1899 1488 2109 1558 γράψαι
2151 1491 2280 1557 περὶ
2312 1488 2421 1541 τῶν
2465 1488 2838 1556 ἀτοπημάτων
2883 1488 2980 1557 τῆς
3015 1488 3239 1557 διδαχῆς
3279 1487 3469 1550 αὐτοῦ,

1901 1579 2070 1634 πολλὰ
2099 1580 2319 1650 εἴχομεν
2342 1582 2536 1632 εἰπεῖν.

1973 1676 2094 1726 ’Ὁτι
2134 1674 2191 1726 δὲ
2224 1674 2329 1726 οὐκ
2365 1670 2516 1726 εἶπεν
2559 1675 2586 1725 ὁ
2633 1672 2864 1744 Χριστὸς
2913 1675 3041 1742 περὶ
3081 1673 3176 1727 τοῦ
3226 1675 3470 1744 Μωάμεθ

214 1771 402 1836 τοῦτο,
437 1771 535 1823 οὐκ
579 1770 726 1822 ἐστιν
753 1787 764 1800 ·
812 1773 874 1822 οὐ
929 1771 1036 1840 γὰρ
1076 1773 1225 1824 ἐστιν
1270 1771 1302 1840 ἡ
1349 1769 1443 1823 ταῦ
1479 1769 1613 1822 Θεοῦ
1656 1771 1791 1839 πρὸς
1841 1767 2064 1870 Βλόγον
2100 1768 2191 1818 τὸν
2248 1767 2506 1834 τυχόντα,
2552 1766 2669 1818 οὐδὲ
2718 1768 2776 1817 ἐν
2825 1766 2901 1832 τῷ
2933 1764 3342 1838 Εὖαγγελίῳῆν
3386 1785 3476 1835 γε·

219 1865 354 1924 τοὺς
399 1863 587 1930 ἁγίους
643 1862 1037 1932 μισθαποδοσία
1085 1863 1284 1930 τροφαὶ
1332 1861 1424 1913 καὶ
1477 1861 1664 1924 πόσεις
1699 1861 1793 1914 καὶ

217 1955 427 2025 λουτρά
471 1960 564 2010 καὶ
616 1959 896 2022 γυναῖκες,
929 1956 962 2008 ἆ
1009 1955 1132 2006 τινά.
1177 1956 1319 2006 είσιν
1373 1953 1654 2022 ἁμαρτίας
1702 1954 1795 2004 καὶ

211 2048 394 2116 ὀργῆς
447 2046 888 2116 ἀποτελέσματα,
916 2031 991 2110 di;
1046 2048 1286 2114 εἴρηται,
1327 2045 1464 2098 ἀλλὰ
1509 2044 1794 2114 ἀγιωσύνη

221 2139 320 2190 sui.
367 2138 677 2207 καθαρότης
709 2139 802 2210 καὶ
829 2137 1093 2206 ἀγγελικὴ
1118 2137 1384 2214 πολιτεία,
1418 2137 1564 2207 χαρά
1596 2155 1654 2189 τε
1701 2140 1798 2191 καὶ

221 2230 536 2301 εὐφροσύνη
585 2232 679 2284 καὶ
725 2229 1076 2302 ἀγαλλίασις,
1106 2229 1174 2300 ἣν
1226 2228 1504 2298 ὀφθαλμὸς
1541 2232 1638 2283 οὐκ
1687 2227 1797 2284 εἶδε

225 2324 322 2375 καὶ
352 2318 442 2384 οὖς
473 2323 573 2375 οὐκ
605 2323 806 2392 ἢκουσε
836 2321 930 2374 καὶ
959 2322 1050 2373 ἐπὶ
1099 2320 1330 2389 καρδίαν
1361 2321 1651 2390 ἀνθρώπου
1701 2324 1800 2376 οὐκ

219 2415 397 2484 ἀνέϐη
435 2419 590 2467 ποτέ.

299 2503 456 2566 Εἶδες
482 2504 572 2557 τὸν
617 2505 830 2573 καρπδν
861 2505 963 2572 τῆς
991 2501 1319 2572 νομοθεσίας
1352 2501 1448 2554 τοῦ
1480 2503 1797 2571 νομοθέτου.

226 2596 567 2648 Γινώσκεται
593 2594 698 2646 ἀπὸ
727 2592 820 2646 τοῦ
857 2593 1068 2662 καρποῦ
1099 2593 1204 2644 τῶν
1240 2592 1490 2660 πράξεων
1530 2594 1557 2643 ὁ
1601 2595 1804 2661 τρόπος

230 2686 399 2738 αὐτοῦ
431 2685 462 2756 ἦ
493 2685 590 2749 οὐ;
631 2685 737 2737 Καὶ
783 2684 868 2746 τίς
896 2683 1037 2736 οὕτω
1081 2685 1279 2751 τυφλὸς
1323 2689 1418 2736 καλ¹
1458 2683 1682 2751 ἀνόητος
1711 2686 1806 2737 καὶ

232 2777 616 2844 ὲσκοτισμένος
639 2779 665 2828 ό
695 2777 769 2845 μὴ
796 2776 998 2837 συνιεὶς
1028 2776 1096 2827 τὰ
1127 2774 1431 2843 λεγόμενα;
1469 2774 1528 2826 '0
1548 2775 1604 2828 δὲ
1633 2776 1805 2828 ταῦτα

231 2867 543 2936 νομοθετῶν
577 2867 692 2929 πῶς
729 2867 834 2920 ἀπὸ
859 2866 1028 2929 Θεοῦς

305 2961 413 3012 Καὶ
445 2961 575 3027 περὶ
611 2959 708 3028 μὲν
747 2957 939 3010 τούτου
986 2960 1069 3020 τίς
1111 2957 1266 3027 χρεία
1295 2958 1470 3027 λόγων
1508 2959 1804 3024 πλειόνων;

1909 1860 2229 1928 γραμμένον
2267 1860 2326 1910 τὸ
2350 1858 2520 1926 ὄνομα
2564 1858 2754 1921 αὐτοῦ,
2785 1859 3012 1928 εἴπομεν
3043 1861 3099 1912 ὲν
3125 1862 3237 1922 τοῖς
3271 1860 3476 1928 ἔμπρο-

1901 1951 2028 2000 σθεν
2073 1951 2196 2000 ὅσον
2249 1949 2388 2018 δῆτα
2438 1950 2529 2002 καὶ
2559 1949 2790 2019 εἴπομεν
2820 1968 2831 1982 ·
2873 1955 2900 2004 ὁ
2943 1952 3004 2005 δὲ
3056 1951 3209 2018 λόγος
3239 1951 3475 2020 δηλώσει

1899 2043 2058 2095 τοῦτο
2095 2044 2188 2094 καὶ
2220 2041 2300 2095 ἔτι
2332 2043 2684 2112 σαφέστερον.
2720 2044 2898 2112 "Amp
2934 2040 3074 2097 εἶδον
3098 2045 3153 2096 οἱ
3184 2044 3476 2097 ἀπόστολοι

1901 2134 1995 2188 καὶ
2042 2136 2286 2204 μαθηταὶ
2338 2133 2430 2188 τοῦ
2484 2134 2728 2203 Χριστοῦ
2767 2135 2859 2186 καὶ
2904 2135 3045 2204 ἅπερ
3085 2136 3388 2203 ἀκηκόασιν
3416 2135 3476 2201 ἐξ

1901 2224 2066 2276 αὐτοῦ
2099 2223 2195 2278 τοῦ
2249 2223 2521 2292 στόματος
2575 2225 2668 2277 τοῦ
2715 2225 2980 2294 Χριστοῦ,
3007 2224 3180 2278 ταῦτα
3230 2226 3478 2297 ἔγραψαν

1903 2318 1996 2370 καὶ
2038 2315 2310 2380 ἐδίδαξαν.
2352 2315 2444 2380 Ἐξ
2495 2316 2677 2368 αὐτῶν
2731 2315 2864 2383 γοῦν
2915 2318 3023 2368 τῶν
3079 2315 3352 2386 μαθητῶν
3382 2317 3476 2371 τοῦ

1903 2407 2146 2478 Χριστοῦ
2174 2408 2440 2478 τέσσαρες
2475 2409 2891 2476 συνεγράψαντο
2932 2409 2990 2460 τὸ
3019 2409 3375 2476 Εὐαγγέλιον.
3418 2412 3477 2463 Ὀ

1908 2500 2008 2570 μὲν
2035 2494 2116 2563 εἷς
2157 2499 2560 2570 ὀνομαζόμενος
2590 2501 2874 2562 Ματθαῖος
2913 2501 3214 2567 Ἐὄραῖκῶς
3245 2503 3479 2569 ἐξέδωκε

1905 2590 2060 2644 τοῦτο
2111 2593 2193 2655 είς
2246 2591 2345 2660 τὴν
2405 2592 2774 2659 Παλαιστίνην
2826 2593 2943 2659 ἤτοι
3000 2594 3069 2645 τά
3131 2592 3481 2663 Ἱεροσόλυμα

1907 2685 1998 2734 καὶ
2027 2683 2098 2736 τὰ
2125 2684 2270 2752 μέρη
2302 2684 2397 2751 τῆς
2423 2682 2629 2751 Λιϐύης
2649 2699 2664 2715 ο
2699 2683 2727 2734 ὁ
2748 2685 2803 2735 δὲ
2833 2685 3018 2752 ἕτερος
3047 2685 3276 2753 Μάρκος
3312 2687 3480 2738 Λατι-

1907 2775 2070 2834 νικῶς
2102 2774 2180 2836 είς
2210 2773 2307 2843 τὴν
2331 2774 2577 2844 ’Λχαία-λ,
2617 2775 2709 2826 καὶ
2742 2775 3003 2844 ἐδόθη-εἵς
3025 2793 3083 2827 τε
3113 2778 3212 2846 τὴν
3246 2778 3481 2830 Ἰταλίαν

1909 2864 2002 2915 καὶ
2038 2863 2132 2932 τὴν
2185 2863 2433 2932 Ῥώμην,
2478 2865 2613 2918 ἀλλὰ
2657 2867 2722 2934 δὴ
2783 2868 2874 2919 καὶ
2931 2866 3070 2918 κατά
3120 2868 3187 2919 τὰ
3246 2868 3482 2936 ἑσπέρια

1909 2955 2124 3008 ἅπαντα
2175 2956 2325 3025 ἔθνη.
2385 2958 2444 3008 Ὀ
2491 2958 2548 3009 δὲ
2614 2959 2802 3026 ἕτερος
2852 2960 3092 3022 Λουκᾶς,
3151 2958 3480 3030 Ἑλληνικῶς

231 3053 370 3122 ’Περὶ
401 3051 457 3103 δὲ
488 3050 580 3104 τοῦ
628 3049 1089 3119 ἐγγεγραμμένου
1133 3049 1397 3118 ὀνόματος
1435 3050 1527 3102 τοῦ
1560 3050 1804 3119 Μωὰμεθ
1839 3077 1880 3134 c
1912 3049 1966 3100 δέ
1994 3062 2006 3076 ·
2051 3048 2144 3100 καὶ
2177 3048 2332 3116 ἐδόθη
2359 3052 2437 3110 εἰς
2459 3049 2559 3118 τὴν
2604 3049 2767 3118 3'56
2813 3050 2998 3101 Ἀσίαν
3030 3050 3123 3102 καὶ
3164 3051 3475 3112 Αἰθιοπίαν,

239 3143 296 3195 ὲν
345 3143 458 3202 τοῖς
513 3141 706 3206 δεξιοῖς
768 3142 961 3209 μέρεσι
1006 3137 1101 3192 τοῦ
1160 3139 1353 3207 θρόνου
1405 3139 1498 3190 τοῦ
1540 3137 1677 3190 Θεοῦ
1725 3138 1810 3201 τίς

230 3231 393 3304 χρεία
443 3232 738 3298 ἀπολογίας
784 3231 996 3298 λόγων;
1041 3231 1104 3284 Οἱ
1158 3229 1256 3300 μὲν
1312 3229 1568 3299 φρόνιμοι
1622 3231 1811 3300 κρινέ-

238 3343 419 3379 τωσαν
473 3326 779 3395 φρονίμως,
809 3325 858 3378 οἱ
907 3325 962 3379 δέ
1012 3341 1072 3392 γε
1120 3324 1338 3394 ἀνόητοι
1380 3324 1475 3378 καὶ
1528 3327 1705 3397 μωροὶ⁵
1738 3328 1813 3392 ὡς

237 3414 554 3487 βούλονται.

241 3589 403 3650 minae
445 3597 627 3650 multae
668 3600 866 3651 dantur
889 3614 986 3668 pro
1011 3599 1230 3666 praemio
1262 3608 1313 3655 et
1345 3603 1809 3668 remuneratione,

245 3695 302 3741 ut
339 3689 542 3751 dicitis,
566 3691 659 3744 sed
693 3691 874 3758 potius
918 3692 1101 3747 multis
1145 3694 1277 3749 viris
1313 3694 1512 3749 femina
1547 3696 1811 3750 una?Sin

244 3796 370 3835 vero
412 3791 470 3835 ut
499 3783 589 3850 qui
634 3783 868 3836 damnati
905 3784 1035 3846 sint,
1081 3786 1167 3839 illa
1222 3787 1439 3854 quidem
1470 3787 1732 3842 beneﬁcia
1759 3797 1813 3841 et

236 3874 430 3940 gratiae
463 3889 685 3928 munera
705 3884 849 3938 sunt,
875 3885 932 3930 ut
985 3876 1317 3932 Mohametes
1363 3879 1582 3947 quidem
1627 3879 1808 3934 docet.

242 3965 436 4018 Eadem
478 3982 566 4019 res
600 3967 652 4018 in
689 3967 930 4034 pluribus
967 3968 1196 4022 feminis.
1221 3969 1315 4022 uni
1352 3970 1546 4024 dandis
1580 3970 1718 4024 viro.
1755 3970 1812 4025 Si

241 4057 380 4109 enim
399 4056 747 4128 pmuadignae
785 4068 933 4121 sunt,
973 4075 1142 4128 quare
1190 4060 1448 4114 benelicia
1494 4062 1561 4116 iis
1597 4061 1814 4116 contin-

243 4149 407 4216 gunt?
439 4149 532 4202 Sin
572 4149 1012 4204 remuneratione
1049 4151 1244 4218 dignm,
1289 4167 1458 4219 quare
1497 4153 1677 4206 multa
1720 4153 1812 4205 uni

242 4238 354 4290 viro
376 4239 612 4291 dantur?
652 4239 766 4292 Tali
810 4241 1029 4307 quidem
1078 4241 1404 4296 confusione
1445 4242 1574 4309 quid
1624 4243 1812 4297 incon‘

243 4326 456 4381 cinnius
486 4336 538 4380 et
565 4329 901 4383 fastidiosius
926 4331 1058 4384 est?

1916 3138 2152 3206 Περσίαν
2181 3156 2240 3190 τε
2275 3139 2370 3192 καὶ
2403 3139 2596 3192 Ἰνδίαν
2643 3141 2736 3192 καὶ
2780 3140 3062 3210 Ἀραϐίαν.
3109 3140 3166 3192 Ὀ
3199 3141 3262 3193 δὲ
3293 3141 3480 3210 ἕτερος

1927 3230 2179 3299 Ἰωάννης
2212 3233 2306 3285 καὶ
2355 3233 2516 3294 αὐτὸς
2562 3231 2910 3302 Ἑλληνικῶς,
2944 3235 3038 3287 καὶ
3094 3233 3249 3302 ἐδόθη
3290 3236 3368 3296 εἰς
3415 3236 3485 3288 τὰ

1918 3323 2056 3392 μέρη
2085 3325 2184 3392 τῆς
2241 3323 2510 3392 Εὐρώπης
2546 3323 2642 3376 καὶ
2683 3327 2779 3386 τὰς
2817 3325 3015 3394 νήσους
3057 3325 3150 3378 καὶ
3179 3326 3308 3378 ἔνθα
3335 3326 3487 3394 εύρίο

1917 3430 2134 3468 σκονται
2166 3416 2214 3467 οί
2250 3415 2528 3486 Ἕλληνες.
2557 3415 2668 3469 Καὶ
2704 3414 2876 3478 οὕτως
2912 3415 3126 3486 διεδόθη
3154 3417 3212 3469 τὸ
3232 3416 3483 3485 Εὐαγγέ-

1915 3597 2155 3664 dicanto,
2179 3597 2335 3652 inscii
2355 3606 2410 3652 et
2426 3599 2578 3654 stulti
2601 3610 2778 3653 autem
2801 3599 3253 3668 quemadmodum
3279 3600 3480 3655 volent.

1983 3690 2254 3744 Caeterum
2290 3691 2434 3744 haud
2471 3692 2675 3747 oblitus
2712 3693 2979 3762 propositi
3016 3693 3119 3746 mei
3175 3695 3243 3748 de
3292 3693 3486 3749 Moha-

1919 3792 2056 3836 mete
2088 3781 2308 3848 scripsi,
2341 3782 2607 3851 quidquid
2635 3783 2856 3852 scripsi.
2879 3785 2990 3837 Dixi
3023 3787 3194 3851 enim,
3226 3801 3330 3839 non
3367 3802 3486 3841 esse

1922 3872 2085 3940 hujus
2111 3872 2495 3941 disputationis
2527 3874 2838 3937 consilium,
2877 3883 2938 3928 ut
3001 3875 3054 3929 in
3109 3875 3486 3934 Musnlmanos

1917 3961 2137 4014 invehar
2155 3972 2207 4014 et
2235 3962 2364 4030 quid
2395 3964 2595 4031 inepte,
2630 3964 2940 4031 perniciose
2971 3973 3029 4019 et
3099 3967 3238 4020 male
3293 3968 3484 4023 dicant

1916 4063 2166 4118 agantve,
2200 4052 2446 4114 doceam,
2486 4054 2578 4107 sed
2611 4061 2668 4106 ut.
2689 4055 2998 4117 ostendam,
3028 4057 3165 4111 male
3192 4066 3249 4111 et
3294 4059 3491 4113 imme-

1919 4145 2021 4196 ritu
2044 4143 2385 4199 Christianos
2415 4160 2444 4198 a
2476 4143 2834 4199 Musulmanis
2886 4149 3135 4202 accusari
3172 4167 3185 4202 :
3226 4149 3278 4203 id
3335 4155 3480 4219 quod

1919 4235 2040 4287 feci.
2075 4233 2133 4287 Si
2160 4235 2224 4288 de
2257 4234 2561 4290 Mohamete
2587 4237 3045 4291 autemnonnulla
3075 4239 3332 4305 diximus,
3358 4253 3486 4295 coe-

1917 4325 1993 4393 git
2026 4340 2143 4390 nos,
2177 4325 2249 4378 ita
2288 4333 2347 4379 ut
2383 4325 2712 4388 faceremus,
2753 4330 2828 4382 rei
2857 4339 3076 4391 natura,
3125 4345 3273 4395 cum,
3329 4332 3374 4384 si
3433 4331 3488 4384 in

315 4415 496 4477 Vides,
529 4419 620 4484 qui
656 4435 686 4472 a
719 4430 864 4472 recta
901 4420 984 4473 via
1021 4419 1238 4474 deﬂexit
1281 4421 1334 4474 in
1386 4430 1519 4489 quot
1575 4422 1805 4488 ineptias
1839 4416 1884 4472 D
1917 4415 2098 4468 animo
2134 4415 2348 4478 fuisset,
2385 4417 2450 4471 de
2478 4418 2694 4486 ineptiis
2739 4419 3008 4474 doctrina:
3050 4421 3169 4490 ejus
3227 4423 3488 4486 suiltere,

244 4507 402 4560 etiam
432 4507 635 4561 invitus
658 4510 900 4563 incidat?
924 4512 992 4562 At
1020 4528 1124 4564 nou
1144 4513 1341 4576 estita,
1373 4526 1476 4564 non
1503 4518 1604 4564 est.
1626 4510 1813 4580 Neque

244 4598 383 4649 e'him
420 4605 642 4650 sanctos
668 4596 806 4649 Deus
833 4598 992 4658 cibis,
1015 4599 1352 4666 potionibus,
1385 4600 1640 4665 lat-acris,
1662 4602 1814 4654 femi-

246 4691 326 4745 nis
352 4697 754 4750 remuneratur,
775 4704 894 4754 qua:
919 4705 981 4742 ex
1005 4705 1196 4742 errore
1226 4701 1278 4742 et
1300 4691 1378 4742 ira
1410 4701 1524 4743 orta
1551 4702 1698 4756 sunt,
1717 4694 1810 4748 sed

247 4783 551 4844 sanctitate,
576 4781 887 4849 integritate
911 4789 963 4834 et
987 4782 1095 4834 vita
1118 4781 1384 4849 angelica.
1405 4784 1604 4851 gaudio
1624 4801 1807 4852 porro,

248 4872 516 4926 hilaritate
533 4879 584 4924 et
608 4870 819 4926 lmtitia.
840 4870 1051 4937 qualem
1081 4886 1180 4923 nec
1204 4871 1397 4924 oculus
1424 4872 1579 4935 vidit,
1602 4888 1812 4926 necau-

247 4961 320 5016 ris
346 4961 570 5026 audivit,
595 4959 863 5029 cujusque
890 4960 943 5013 in
964 4959 1164 5014 nullius
1191 4959 1432 5014 hominis
1448 4975 1543 5015 eor
1563 4973 1815 5031 penetra-

247 5053 318 5108 vit
343 5069 558 5107 sensus.

311 5141 503 5197 Vidisti
532 5143 642 5212 jam
674 5141 905 5198 fructum
933 5141 1068 5210 legis
1094 5141 1420 5211 legislatoris
1481 5143 1659 5196 istius.
1716 5142 1817 5198 Co-

248 5237 595 5305 gnosciturne
617 5251 647 5290 e
671 5235 850 5290 fructu
873 5235 1137 5288 factorum
1167 5249 1284 5288 mos
1311 5235 1453 5304 eius,
1488 5235 1697 5289 necne?
1723 5246 1816 5289 aut

247 5329 365 5397 quis
392 5327 462 5380 ita
492 5342 670 5381 caecus
695 5334 749 5379 et
775 5319 1064 5393 imperitus
1089 5333 1142 5376 et
1169 5323 1475 5386 hebetatus,
1495 5325 1587 5391 qui
1615 5341 1716 5378 non
1735 5325 1819 5378 in-

249 5419 447 5487 telligat
477 5432 597 5486 quae
623 5417 1023 5483 disputavimus
1056 5415 1149 5468 ?at
1177 5417 1302 5468 talia
1334 5417 1427 5484 qui
1461 5418 1639 5469 sancit
1680 5431 1818 5486 quo-

250 5509 404 5562 tuodo
429 5524 457 5561 a
497 5509 605 5561 Deo
639 5508 834 5560 missus
857 5510 928 5560 sit
953 5507 981 5558 .’

315 5600 386 5652 Ac
415 5598 482 5652 de
514 5601 616 5653 hac
639 5599 859 5667 quidem
902 5613 960 5651 re
992 5597 1338 5650 nihilattinet
1360 5599 1577 5667 longius
1610 5599 1814 5652 dicere.

249 5688 372 5742 Nt-ct
391 5691 558 5743 atinet
576 5689 643 5744 de
657 5692 874 5744 nomine
891 5687 1211 5743 Mohantetis
1225 5689 1278 5742 in
1298 5689 1485 5744 dextra
1506 5701 1654 5758 parte
1670 5691 1822 5743 thro-

250 5780 852 5853 uiDciscriptodicere;
889 5781 1180 5849 prudentes
1215 5781 1358 5834 enim
1407 5781 1699 5850 prudenter
1728 5781 1819 5850 ju-

632 5872 904 5934 PATRUL.
935 5873 1048 5932 Gn.
1093 5869 1271 5930 CLVI

1923 4509 2090 4560 multa
2125 4509 2282 4563 nobis
2307 4509 2533 4564 dicenda
2555 4511 2806 4566 fuissent.

1993 4595 2111 4649 Non
2145 4598 2350 4652 dixisse
2384 4608 2562 4652 autem
2596 4600 2872 4654 Christum
2903 4602 2968 4655 de
3001 4601 3304 4656 .‘llohamete
3323 4603 3486 4657 verba

1919 4689 2042 4750 ista,
2079 4703 2176 4743 nec
2216 4690 2268 4742 in
2305 4690 2594 4760 Evangelia
2628 4691 2892 4758 scriptum
2923 4707 3046 4746 esse
3106 4709 3306 4746 nomen
3344 4695 3486 4762 ejus,

1918 4779 1984 4833 de
2021 4781 2119 4833 hac
2155 4797 2209 4832 re
2243 4792 2353 4834 tum
2390 4792 2515 4835 ante
2568 4782 2828 4847 diximus,
2856 4799 2977 4852 qum
3006 4784 3264 4848 diximus,
3298 4785 3489 4839 tumin

1919 4871 2169 4939 sequenti
2222 4872 2592 4939 disputatione
2642 4874 2858 4927 dicetur
2915 4875 3266 4930 luculentius.
3355 4875 3488 4942 Qua:

1920 4965 2172 5016 viderunt
2211 4963 2436 5031 apostoli
2460 4975 2512 5017 et
2543 4963 2794 5033 discipuli
2823 4966 3046 5031 Christi,
3083 4978 3134 5021 et.
3161 4983 3282 5036 qute
3329 4969 3488 5022 audio

1919 5065 2200 5107 veruntex
2232 5070 2326 5109 ore
2360 5055 2502 5122 ejus,
2543 5055 2744 5110 litteris
2775 5058 3116 5116 mandarunt.
3167 5069 3220 5112 et
3282 5060 3488 5112 docue-

1919 5154 2066 5198 runt.
2089 5144 2164 5198 Ex
2191 5145 2322 5213 ipsis
2353 5145 2497 5199 enim
2515 5147 2798 5214 discipulis
2813 5146 3014 5202 Christi
3064 5157 3294 5216 quatuor
3316 5146 3492 5201 Evan-

1921 5237 2119 5302 gelium
2153 5236 2599 5304 conscripserunt
2632 5253 2646 5290 :
2677 5237 2821 5298 quod
2857 5253 3021 5296 unus.
3064 5237 3347 5291 Matthmus
3395 5253 3491 5289 no-

1923 5331 2089 5387 mine,
2123 5325 2383 5379 llcbraiee
2433 5326 2482 5378 in
2509 5325 2816 5389 Palaestina,
2867 5328 2946 5381 vel
2985 5327 3376 5396 Hierosolymis
3437 5337 3491 5379 et

1921 5419 2063 5469 circa
2095 5415 2522 5485 Liltyamedidit;
2545 5417 3227 5481 alterJ'Iarcus,Latinein
3269 5417 3491 5476 Achaia,

1920 5507 2137 5576 quodin
2167 5508 2373 5561 Italiam
2399 5518 2450 5560 et
2482 5505 2709 5560 Romam
2745 5518 2798 5562 et
2831 5509 2894 5562 ad
2920 5525 3106 5562 omnes
3126 5505 3493 5559 oet-sidunrales

1923 5610 2108 5670 gentes
2139 5599 2398 5667 pet-latum
2425 5609 2504 5652 est
2538 5618 2552 5664 ;
2581 5601 2798 5662 tertius,
2839 5600 3036 5661 Lucas,
3095 5599 3298 5653 Graece.
3345 5597 3489 5662 qno-i

1922 5691 2255 5758 divulgatum
2287 5699 2371 5743 est
2403 5691 2452 5743 in
2489 5690 2637 5753 Asia,
2672 5689 2974 5758 ίΕιΙιὶορία,
3011 5687 3210 5750 Persis,
3247 5684 3393 5738 ludis
3438 5691 3492 5735 et

1926 5783 2121 5836 Arabia
2161 5793 2456 5852 ;q.uartus,
2493 5781 2754 5846 Joannes,
2799 5782 2926 5836 item
2977 5778 3181 5840 Graece,
3231 5772 3377 5844 quod
3434 5772 3493 5829 in

3064 5868 3136 5929 30
