4022 6294
973 337 979 342 .
1000 335 1049 349 γε.
1067 334 1165 342 σου...

583 394 689 458 939

582 595 826 661 ἀνάγκης
880 587 1001 641 οὐδὲ
1052 587 1189 657 μετά
1232 586 1419 654 ξίφους
1467 586 1559 638 καὶ
1624 580 1860 652 σπάθης,
1913 581 2029 633 ἀλλ’
2094 582 2152 633 ὲν

581 687 771 755 ἀγάπῃ
815 685 907 737 καὶ
944 681 1222 761 ῖλαρότῃτι
1255 679 1351 731 καλ⁸
1379 680 1436 730 ὲν
1469 675 1799 729 ταπεινώσει
1831 674 2150 741 εὑρίσκοντο

579 776 929 836 διδάσκοντες
964 774 1013 825 οἱ
1058 770 1353 824 ἀπόστολοι
1390 768 1483 822 τὸν
1515 767 1673 834 λόγον
1696 764 1796 819 τοῦ
1845 762 2005 817 Θεοῦ.
2041 762 2152 816 Καὶ

580 865 987 933 ἀντέστραπται
1027 861 1098 914 τά
1140 860 1463 928 πράγματα.
1505 857 1626 910 Τῶν
1679 854 1790 924 γὰρ
1834 853 2152 907 ἀποστόλων

579 957 962 1026 τυπτομένων,
988 953 1456 1021 κολαφιζομένων,
1482 948 1934 1019 λοιδορουμένων,
1964 945 2154 998 διωκο-

585 1051 786 1120 μένων,
818 1047 1179 1101 διδασκόντων
1210 1046 1269 1095 οὑ
1305 1043 1603 1094 κατέπιπτε
1645 1041 1705 1091 τὸ
1722 1040 2006 1108 κήρυγμα,
2036 1034 2152 1089 ἀλλ’

579 1142 767 1212 ἡμέρᾳ.
814 1142 880 1210 τῇ
920 1138 1108 1208 ήμέρᾳ
1128 1133 1507 1205 ἐμεγαλύνετο
1534 1131 1630 1183 καὶ
1658 1130 1924 1200 ηὐξάνετο
1965 1127 2025 1180 τὸ
2052 1124 2151 1179 τοῦ

579 1234 819 1307 Χριστοῦ
861 1232 1197 1301 εὐαγγέλιον.
1232 1231 1339 1282 Καὶ¹
1386 1230 1590 1280 ἐκεῖνοι
1622 1228 1669 1280 oi
1719 1224 1891 1279 πολλὰ
1924 1221 2160 1277 σπουδά-

580 1333 767 1395 ζοντες
818 1331 912 1380 καὶ
967 1324 1141 1377 πολλὰ
1184 1320 1591 1399 κεκοπιακότες
1652 1317 1892 1386 καλύψαι
1949 1316 2009 1369 τὸ
2058 1312 2153 1365 τοῦ

582 1420 820 1491 Χριστοῦ
872 1416 1180 1488 ὃνομα,ἴνα
1223 1413 1299 1484 μὴ
1346 1412 1659 1482 ὁμολογήσῃ
1710 1409 1873 1463 αὐτόν
1918 1424 2004 1470 τις
2050 1404 2158 1458 τῶν

536 1548 544 1557 -
581 1510 884 1583 ἀνθρώπων
915 1509 1069 1571 Θεὸν,
1102 1508 1130 1558 6
1160 1506 1217 1559 δὲ
1248 1503 1410 1557 τοῦτο
1446 1502 1734 1572 τολμήσων
1777 1498 1993 1567 θανάτῳ
2022 1498 2157 1549 ἀπο-

584 1606 850 1664 θανεῖται,
879 1602 1033 1654 αὐτοὶ
1056 1599 1255 1651 ἐκεῖνοι
1280 1595 1721 1665 κατανοήσαντες
1747 1591 1842 1661 τὴν
1870 1588 2156 1658 ἀλήθειαν,

583 1693 929 1763 προσέπεσον
980 1688 1073 1742 καὶ
1098 1686 1542 1757 προσεκύνησαν,
1574 1686 1624 1736 οἱ
1654 1682 1756 1752 μὲν
1787 1683 1905 1744 τοῖς
1926 1678 2162 1733 ἀποστό-

582 1787 718 1852 λοις,
748 1783 798 1836 οἱ
829 1782 885 1833 δὲ
911 1781 1023 1841 τοῖς
1057 1777 1281 1831 ἐκείνων
1304 1776 1572 1845 διαδόχοις
1604 1776 1702 1827 καὶ
1734 1772 2031 1843 μαθηταῖς,
2061 1770 2156 1823 καὶ

587 1876 921 1930 ἐπίστευσαν
952 1874 1033 1925 ὅτι
1072 1869 1235 1931 αὑτός
1262 1870 1411 1921 ἐστιν
1436 1869 1464 1919 6
1502 1865 1758 1935 ἀληθινὸς
1788 1863 1941 1926 Θεὸς,
1969 1865 1997 1916 6
2022 1859 2157 1930 Χρι-

586 1968 733 2030 στὸς,
764 1964 927 2027 αὑτός
956 1966 1104 2017 ἐστιν
1147 1962 1174 2014 6
1205 1959 1334 2021 Υἱὸς
1360 1956 1454 2011 τοῦ
1500 1956 1638 2012 Θεοῦ
1671 1954 1766 2008 τοῦ
1798 1954 2023 2021 ζῶντος,
2062 1956 2158 2008 καὶ

584 2057 880 2111 ἐλυποῦντο
906 2056 998 2109 καὶ
1029 2053 1245 2106 ἔκλαιον
1279 2051 1379 2113 τάς
1408 2047 1792 2119 παρελθούσας
1825 2046 2063 2117 ἡμέρας,
2092 2044 2158 2108 ἃς

583 2150 998 2221 περιεπάτησαν
1030 2148 1086 2200 ὲν
1120 2148 1185 2215 τῇ
1229 2142 1422 2213 σκοτίᾳ
1470 2141 1567 2196 καὶ
1605 2142 1672 2210 τῇ
1705 2140 1884 2210 πλάνῃ
1918 2138 2017 2193 τοῦ
2052 2139 2156 2190 Σα-

581 2244 740 2297 τανᾶ.
779 2241 840 2293 ’0
883 2240 942 2292 δὲ
986 2236 1303 2304 πανάγαθος
1337 2234 1471 2296 Θεὸς
1511 2235 1608 2286 καὶ⁸
1640 2232 1895 2303 ἐλεήμων
1938 2230 2161 2297 ἐδέξατο

584 2333 761 2387 αὐτῶν
782 2333 882 2401 τὴν
915 2330 1227 2399 μετάνοιαν,
1253 2327 1347 2380 καὶ
1372 2326 1571 2387 αὐτοὺς
1608 2326 1737 2387 τοὺς
1762 2322 2062 2386 διώκοντας
2094 2323 2157 2375 τὸ

583 2425 679 2479 τοῦ
720 2421 959 2492 Χριστοῦ
1003 2421 1177 2489 ὄνομα
1215 2419 1520 2487 κατέστησε
1562 2416 1833 2487 ποιμένας
1860 2415 2023 2486 357
2066 2414 2161 2467 καὶ

584 2506 943 2575 διδασκάλους
985 2512 1079 2565 καὶ
1124 2513 1375 2580 κήρυκας
1405 2510 1499 2563 τοῦ
1530 2508 1870 2577 Εὑαγγελίου
1921 2508 2016 2559 καὶ
2062 2503 2158 2559 τοῦ

584 2608 849 2675 ὀνόματος
888 2601 1074 2657 αὑτοῦ.
1111 2603 1219 2655 Καὶ
1245 2600 1507 2662 λαϐόντες
1527 2599 1579 2651 oi
1601 2598 1806 2660 πάντες
1838 2597 1897 2650 τὸ
1922 2595 2159 2662 εὐαγγέ-

526 2757 529 2759 _
581 2700 696 2752 λιον
742 2695 1092 2766 μετέγραψαν
1151 2694 1245 2746 καὶ
1287 2687 1435 2761 εἶχον
1464 2691 1598 2742 αὐτὸ
1646 2687 1729 2751 εἷς
1778 2688 2033 2749 ἕκαστος,
2067 2685 2162 2738 καὶ

582 2792 919 2858 ἀνεγίνωσκε
951 2787 1047 2842 καὶ
1077 2785 1347 2856 ἐμάνθανε
1386 2784 1482 2836 καὶ
1511 2782 1826 2836 ἐδιδάσκετο
1866 2780 1961 2833 καὶ
1991 2792 2163 2847 προσ-

583 2885 766 2938 εκύνει
795 2883 866 2935 τὰ
899 2882 956 2933 ὲν
1001 2878 1149 2948 αὐτῷ
1178 2877 1568 2945 γεγραμμένα.
1603 2876 1712 2928 Καὶ
1740 2872 1915 2935 οὕτως
1944 2869 2158 2941 διεδόθη

583 2979 662 3038 είς
690 2975 781 3028 τὸν
828 2974 1042 3026 ἅπαντα
1093 2972 1299 3039 κόσμον
1361 2969 1425 3020 τὸ
1453 2966 1815 3033 Εὑαγγέλιον,
1865 2965 1961 3017 καὶ
2015 2960 2162 3033 εἶχον

583 3068 716 3121 αὐτὸ
753 3066 952 3127 πάντες
1007 3065 1056 3116 οἱ
1118 3058 1501 3121 κατοικοῦντες
1545 3058 1644 3126 τὴν
1690 3058 1817 3126 γῆν.
1867 3056 1999 3108 Ἀπὸ
2027 3053 2160 3122 γοῦν

1806 370 2127 441 GEORGII
2170 381 2593 443 PHRANTZE

582 508 695 558 λιον
730 505 807 565 είς
838 489 926 554 τὸν
971 499 1173 566 κόσμον
1219 496 1436 549 ἅπαντα
1474 495 1531 548 οὐ
1565 492 1703 561 μετά
1740 493 1859 562 βίας
1886 491 2006 545 οὐδὲ
2041 488 2159 561 μετ’
2189 495 2232 550 Α
2262 491 2319 544 δὲ
2347 494 2446 561 τὴν
2476 494 2785 563 ἀνάγνωσιν
2815 495 2908 548 τοῦ
2940 494 3275 565 Εὖαγγελίου
3308 496 3420 550 τῶν
3455 499 3853 552 πεντακοσίων

3755 377 3853 448 eis

2255 585 2463 654 χρόνων
2488 587 2572 648 τίς
2598 586 2826 656 ἔμελλεν
2855 589 3154 657 τολμήσειν
3177 586 3431 642 ἐκϐαλεῖν
3454 590 3518 643 τὸ
3548 588 3653 643 τοῦ
3688 589 3853 643 Meri-

2260 673 2361 742 μεθ
2394 675 2565 745 ὄνομα
2591 676 2700 730 ἀπὸ
2725 676 2820 730 τοῦ
2846 677 3189 745 Εὐαγγελίου
3213 721 3227 743 ,
3262 677 3424 750 εἴπερ
3452 679 3764 749 εὑρίσκετο
3799 681 3851 731 ἐν

2256 767 2406 838 αὐτῷ
2461 770 2878 839 γεγραμμένον;
2918 770 2992 822 Τὸ
3048 754 3285 839 μὲείότι
3331 771 3465 840 μίαν
3515 772 3619 824 καὶ
3683 772 3847 841 μόνην

2256 861 2403 925 λέξιν
2443 863 2472 915 6
2501 861 2777 932 τολμήσας
2812 863 3144 933 προσθήσειν
3174 864 3206 933 ἢ
3241 863 3491 917 ἐκϐαλεῖν
3522 865 3588 917 οῦ
3618 864 3848 917 δύναται

2259 954 2425 1006 πλέον
2476 956 2686 1018 ὲιεῖνος
2733 952 3099 1025 ὀνομάζεσθαι
3147 953 3485 1025 Χριστιανός
3515 973 3534 989 ο
3562 956 3629 1008 τὸ
3686 955 3749 1009 Et
3773 959 3846 1009 ὅτι

2260 1050 2419 1120 εἰπερ
2450 1050 2544 1101 καί
2573 1066 2655 1112 τις
2687 1047 3249 1117 κακὸς,ὁποθὼμεθα,
3285 1048 3511 1113 ἐξέϐαλέ
3539 1065 3679 1101 τινα
3708 1046 3844 1112 λέξιν

2259 1143 2369 1196 ἀπὸ
2399 1141 2494 1195 τοῦ
2526 1141 2884 1208 Εὐαγγελίου,
2918 1142 2947 1193 6
2976 1140 3162 1210 ἕτερος
3184 1141 3331 1203 ἄπας
3362 1142 3576 1210 κόσμος
3608 1140 3845 1194 ἀκολου-
3926 1184 3929 1209 ,

2261 1235 2448 1303 θήσειν
2502 1234 2697 1305 ἔμελλε
2743 1235 2819 1302 τῷ
2869 1232 2963 1287 τοῦ
3020 1234 3140 1297 ἑνὸς
3198 1235 3555 1303 ἀτοπήματις
3617 1235 3847 1298 Πάντως

2260 1326 2400 1397 οὐχί.
2445 1325 2579 1380 Ἀπὸ
2606 1324 2738 1393 γοῦν
2782 1326 2974 1378 τούτου
3006 1326 3367 1391 ἀναφαίνεται
3408 1328 3489 1379 ὅτι
3521 1328 3631 1378 οὐκ
3665 1321 3739 1398 ἧν
3765 1345 3849 1393 γε-

2261 1418 2586 1488 γραμμένον
2608 1418 2668 1470 τὸ
2691 1416 2869 1486 δνομα
2898 1417 2994 1470 τοῦ
3021 1417 3272 1487 Μωάμεθ
3304 1419 3360 1472 ἐν
3389 1417 3466 1487 τῷ
3488 1419 3846 1486 Εὖαγγελέῳ.

2264 1507 2335 1564 Ἦ
2363 1511 2438 1571 ὡς
2468 1510 2632 1563 καλὸν
2658 1510 2853 1578 ἔμελλε
2904 1512 3288 1580 μαρτυρήσειν
3308 1513 3336 1564 6
3364 1506 3610 1582 Χριστὸς
3641 1514 3850 1566 ἐκεῖνον

2260 1601 2294 1671 ἢ
2324 1599 2401 1662 ὥς
2429 1599 2597 1653 κακόν
2617 1615 2633 1632 ο
2670 1598 2766 1651 καὶ
2809 1601 2858 1650 εἰ
2889 1600 2986 1667 μὲν
3015 1598 3090 1661 ὡς
3138 1600 3327 1663 καλὸν,
3366 1600 3603 1668 ἔμελλον
3630 1602 3849 1671 ἐπιδ-ἔχε.

2262 1691 2389 1746 σθαι
2420 1692 2619 1755 πάντες
2645 1693 2693 1745 oi
2746 1690 2987 1759 βασιλεῖς
3026 1692 3128 1760 τῆς
3178 1695 3303 1763 γῆς,
3335 1693 3542 1757 πάντες
3571 1694 3621 1745 oi
3648 1696 3849 1763 τοπάρ-

2263 1800 2379 1854 χαι,
2419 1783 2619 1845 πάντες
2665 1783 2715 1834 οἱ
2762 1782 3085 1851 Χριστιανοὶ
3127 1782 3220 1834 τὸν
3264 1782 3421 1852 παρὰ
3460 1781 3559 1836 τοῦ
3601 1784 3845 1854 Χριστοῦ

2266 1875 2705 1947 μαρτυρηθέντα,
2730 1874 2830 1927 ’ἵνα
2886 1872 3100 1927 λάϐωσι
3146 1873 3248 1945 τήν
3292 1874 3399 1927 ἀπὸ
3454 1875 3661 1929 τούτου
3716 1875 3847 1944 ὡσέ-

2262 1970 2411 2023 λειαν
2436 1985 2449 1998 ⁸
2484 1970 2532 2021 εἰ
2558 1968 2606 2021 δ’
2640 1970 2716 2030 ὡς
2749 1966 2942 2031 κακὸν,
2983 1967 3148 2018 πάλιν
3181 1966 3407 2034 ἔμελλον
3433 1967 3585 2037 ἔχειν
3612 1969 3685 2020 τὰ
3713 1969 3844 2020 ὲκεί-

2263 2079 2355 2115 νου
2599 2056 2959 2129 γνωρίσματα
2998 2058 3095 2110 καὶ
3128 2056 3498 2125 φυλάττεσθαι
3550 2060 3612 2124 ἐξ
3659 2057 3841 2123 αὐτοῦ,

2254 2154 2352 2207 ’ἵνα
2384 2152 2457 2223 μὴ
2487 2152 2767 2222 βλαϐῶσιο
2800 2150 2898 2205 καὶ
2927 2150 3038 2203 εἴτε
3068 2148 3142 2213 ὡς
3176 2145 3530 2219 ἐκδεχόμενοι
3554 2151 3651 2203 τὸν
3686 2151 3844 2204 καλὸν

2264 2244 2374 2298 εἴτε
2420 2245 2496 2307 ὡς
2546 2244 3014 2312 ἀποστρεφόμενοι
3063 2243 3156 2295 τὸν
3201 2244 3392 2306 κακὸν,
3419 2243 3577 2295 οὐδὲν
3619 2242 3845 2304 ἔμελλεν
3948 2232 3951 2263 ί

2264 2336 2519 2390 ἐκϐαλεῖν
2567 2334 2712 2395 ἆπας
2736 2336 2763 2387 6
2794 2333 3002 2403 κόσμος
3049 2334 3114 2386 ἐκ
3154 2332 3251 2386 τοῦ
3287 2334 3631 2402 Εὐαγγελίου
3667 2335 3729 2386 τὸ
3756 2336 3843 2387 τοῦ

2264 2426 2508 2495 Μωάμεθ
2557 2426 2752 2495 ὄνομα.
2792 2426 2901 2478 Καὶ
2967 2426 3077 2478 ἀπὸ
3108 2424 3298 2479 τούτου
3352 2422 3723 2494 ἀναφαίπτᾶι
3769 2427 3847 2478 δτι

2264 2520 2362 2572 οὐκ
2404 2513 2472 2588 ἢν
2523 2516 2913 2587 γεγραμμένον
2958 2517 3016 2569 ὲν
3070 2514 3146 2585 τῷ
3173 2517 3499 2586 Εὐαγγελίῳ
3547 2517 3611 2569 τὸ
3659 2517 3847 2571 τούτου

2264 2612 2455 2681 ὕνομα.
2485 2611 2607 2662 Ἔτι
2662 2608 2840 2671 οὐδείς
2892 2610 3038 2661 ἐστιν
3066 2609 3094 2661 6
3126 2608 3335 2677 φθονῶν
3368 2610 3546 2680 ἑτέρῳ
3579 2611 3723 2680 πρὶν
3754 2611 3846 2678 τῆς

2264 2704 2571 2772 γεννήσεως
2610 2699 2817 2753 αὐτοῦ’
2866 2700 2951 2762 τίς
3000 2699 3131 2768 γοῦν
3171 2701 3365 2769 ἔμελλε
3414 2702 3729 2772 φθονήσειν
3772 2703 3843 2772 τῷ

2263 2793 2507 2862 Μωὰμεθ
2538 2793 2642 2862 πρὸ
2672 2789 2772 2861 τῆς
2802 2792 2971 2845 αὑτοῦ
2994 2793 3345 2863 γεννήσεως;
3380 2791 3614 2855 Πάντως
3639 2795 3840 2857 οὐδείς.

2265 2883 2328 2934 El
2354 2880 2400 2935 δ’
2431 2882 2561 2942 ἴσως
2592 2881 2888 2951 ἐφθόνησεν
2914 2881 3065 2952 αὐτῷ
3090 2898 3176 2945 τις
3210 2883 3349 2951 μετά
3374 2884 3475 2954 τὴν
3514 2884 3689 2937 αὑτοῦ
3720 2886 3842 2953 γέν-

2264 2991 2441 3043 νησιν,
2477 2975 2593 3038 πῶς
2618 2974 2841 3043 ἔμελλεν
2872 2975 3262 3045 ἀκολουθήσειν
3288 2975 3431 3039 ἅπας
3472 2976 3500 3028 6
3534 2977 3748 3046 κόσμος
3772 2978 3844 3045 τῷ

2270 3066 2407 3138 πρὸς
2454 3068 2515 3119 τὸ
2565 3068 2809 3137 Μωάμεθ
2860 3068 2980 3132 ἑνὸς
3022 3069 3242 3140 φθόνῳ;
3273 3069 3381 3122 Καὶ
3413 3069 3499 3131 τίς
3538 3072 3847 3140 παράφρων

584 3158 680 3213 τοῦ
710 3156 948 3227 Χριστοῦ
995 3156 1107 3240 ’ἕως
1161 3151 1223 3204 οὗ
1282 3151 1489 3221 ἦρξατο
1538 3151 1811 3203 διδάσκειν
1842 3148 1870 3199 δ
1918 3148 2162 3218 Μωάμεθ
2195 3165 2236 3222 C
2269 3158 2443 3223 οὕτως
2477 3158 2617 3213 ὥστε
2651 3160 2727 3230 μή
2755 3159 3075 3228 λογίσασθαι
3103 3162 3261 3215 τοῦτο
3294 3162 3354 3215 τὸ
3378 3163 3649 3217 ἀδύνατον
3685 3182 3700 3230 ;
3737 3165 3844 3217 Καὶ

587 3250 868 3322 παρῆλθον
914 3249 1098 3317 χρόνοι
1130 3249 1391 3301 ἐπέκεινα
1438 3244 1546 3298 τῶν
1575 3240 1989 3297 πεντακοσίωνο
2029 3240 2167 3311 μετὰ

592 3442 747 3505 parte
786 3432 1018 3501 Eumpae
1044 3439 1097 3485 et
1130 3445 1223 3500 per
1255 3427 1464 3483 insulas
1505 3441 1571 3482 ac
1605 3427 1858 3497 regiones
1889 3442 1919 3481 a
1958 3424 2167 3483 Graecis

586 3525 856 3579 habitatas
884 3521 1139 3576 innotuit.
1179 3521 1255 3574 Ita
1281 3519 1632 3588 rivangelium
1657 3534 1752 3588 per
1768 3528 1941 3574 totum
1975 3520 2164 3575 orbem

584 3627 851 3673 terrarum
879 3630 983 3668 non
1021 3614 1068 3666 vi
1097 3621 1150 3666 et
1198 3612 1476 3678 violentia,
1526 3625 1627 3666 nec
1674 3626 1806 3666 ense
1855 3623 1909 3666 et
1960 3612 2162 3683 gladio,

586 3708 919 3777 divulgatum
947 3714 1051 3765 est.
1079 3704 1171 3759 sed
1203 3705 1285 3771 pie
1308 3713 1363 3757 et
1383 3703 1502 3757 laete
1531 3713 1585 3757 et
1614 3704 1858 3759 modeste
1904 3705 2171 3775 apostolis

587 3801 816 3855 verbum
861 3798 951 3855 Dei
982 3797 1326 3852 docentibus.
1361 3794 1594 3865 Eratque
1613 3810 1798 3850 rerum
1824 3799 1979 3863 quasi
2006 3812 2168 3865 repu-

587 3892 808 3960 gnantia
838 3888 1108 3959 quaedam.
1146 3886 1278 3941 Nam
1311 3902 1435 3941 eum
1467 3887 1700 3958 apostoli
1721 3896 2164 3957 percuterentur,

586 3980 1009 4049 llagellarentur,
1044 3977 1307 4033 conviciis
1336 3975 1705 4036 adicerentur.
1756 3979 2170 4047 exagitarentur

589 4073 727 4128 inter
755 4070 1083 4129 docendum.
1114 4085 1220 4124 non
1251 4084 1511 4139 oppressa
1534 4078 1618 4124 est
1649 4085 1841 4124 eorum
1895 4070 2164 4133 doctrina,

591 4166 686 4219 sed
717 4166 769 4217 in
792 4162 912 4218 dies
938 4175 1075 4217 nova
1101 4161 1437 4217 incrementa
1457 4161 1714 4230 capiebat
1738 4171 1792 4215 et
1818 4162 1994 4215 hetius
2018 4159 2171 4213 cmo-

590 4253 840 4310 rescebat
890 4249 1244 4322 Evangelium
1302 4252 1531 4306 Clu-isti.
1597 4252 1703 4318 Qui
1749 4253 1891 4306 enim
1935 4253 2167 4304 multum

590 4360 770 4415 operte
797 4343 1182 4413 impendebant
1220 4342 1564 4412 multumque
1591 4343 1963 4408 cnitebantur,
1989 4353 2046 4397 ut
2074 4358 2169 4396 oc-

590 4437 862 4492 cultarent
908 4451 1111 4491 nomen
1157 4435 1382 4500 Christi,
1410 4451 1476 4488 ne
1510 4436 1631 4503 quis
1661 4451 1786 4489 eum
1826 4437 1991 4490 Deum
2046 4450 2169 4491 esse

2271 3250 2379 3305 ἀπὸ
2408 3254 2596 3306 τούτου
2642 3253 2997 3322 ἀναφαίνεται
3031 3253 3111 3308 ὅτι
3150 3253 3249 3307 οὐκ
3286 3247 3354 3324 ἦν
3384 3256 3846 3326 καταγεγραμμέ-

2271 3432 2364 3503 qui
2388 3442 2595 3489 terram
2633 3432 2975 3488 habitabant.
3010 3433 3053 3489 A
3076 3432 3298 3490 Christo
3321 3443 3500 3490 autem
3536 3439 3603 3492 ad
3637 3437 3693 3491 lu
3715 3448 3849 3493 tem-

2275 3537 2396 3591 pus,
2428 3538 2539 3592 quo
2569 3522 2901 3579 Mohametes
2931 3525 3128 3581 docere
3150 3536 3412 3596 cmperat,
3444 3530 3572 3583 anni
3611 3531 3847 3599 amplius

2272 3618 2556 3687 quingenti
2638 3619 3038 3688 prmterierunt.
3092 3616 3211 3674 Jam
3275 3637 3407 3676 vero
3468 3638 3592 3677 cum
3675 3641 3848 3679 annos

2270 3710 2600 3781 quingentos
2625 3710 2829 3765 lectum
2863 3724 3009 3767 esset
3062 3712 3442 3784 Evangelium,
3479 3719 3604 3784 quis
3660 3718 3848 3771 Haha-

2272 3802 2433 3855 metis
2459 3815 2656 3856 nomen
2690 3802 2816 3858 inde
2836 3804 3038 3872 ejicere
3068 3820 3235 3860 ausus
3293 3806 3384 3873 sit,
3419 3807 3467 3862 si
3512 3810 3735 3877 quidem
3790 3812 3843 3864 in

2268 3907 2339 3949 eo
2369 3878 2824 3962 scriptum'l‘uerit
2846 3896 2868 3947 ?
2892 3895 3025 3951 Nam
3057 3899 3289 3967 primum
3323 3899 3413 3968 qui
3440 3899 3521 3953 vel
3550 3916 3717 3953 unum
3744 3917 3844 3955 vo-

2272 3983 2526 4040 cabulum
2557 3984 2755 4041 addere
2782 3994 2876 4041 aut
2904 3988 3126 4043 demere
3154 3990 3408 4054 voluerit,
3429 4008 3535 4046 non
3559 3993 3671 4061 jam
3694 4004 3847 4060 pote-

2271 4077 2345 4131 rit
2375 4076 2723 4132 Christianus
2753 4078 2936 4132 haberi
2966 4098 2979 4144 ;
3010 4079 3208 4135 deinde
3231 4080 3339 4148 iac,
3383 4084 3577 4136 malum
3633 4099 3847 4152 quem-

2271 4168 2416 4237 piam
2438 4168 2708 4223 hominem
2733 4169 3057 4224 vocabulum
3079 4172 3301 4243 aliquod
3324 4172 3540 4243 eiecisse
3564 4190 3629 4227 ex
3654 4174 3844 4230 Evan-

2274 4262 2444 4331 gelio;
2470 4277 2598 4316 num
2620 4261 2860 4331 reliquus
2885 4258 3028 4316 tctus
3047 4264 3194 4320 orbis
3211 4274 3476 4319 terrarum
3495 4266 3657 4332 huius
3678 4271 3844 4323 unius

2277 4350 2517 4404 fraudem
2548 4351 2857 4419 probaverit
2887 4352 2909 4404 ?
2939 4352 3163 4405 Minime
3211 4352 3475 4422 profecto.
3510 4354 3649 4409 Hinc
3682 4356 3845 4427 igitur

2275 4448 2449 4509 patet,
2482 4454 2589 4493 non
2621 4441 2883 4509 scriptum
2925 4441 3087 4497 fuisse
3118 4444 3170 4496 iu
3195 4443 3484 4513 Evangelio
3514 4462 3709 4501 nomen
3733 4448 3844 4501 Mu-

589 4529 834 4583 crederet
888 4526 1056 4596 (quod
1088 4527 1176 4595 qui
1210 4527 1515 4589 conabitur,
1545 4534 1718 4579 morte
1745 4527 2015 4594 periturus
2037 4529 2161 4600 est),
2200 4505 2251 4563 Β
2278 4505 2533 4588 liametis.
2565 4505 2767 4587 Deinde
2795 4547 2888 4587 aut
2917 4535 3123 4590 bonum
3149 4545 3255 4595 aut,
3273 4505 3472 4591 malum
3506 4556 3630 4594 eum
3662 4544 3847 4611 appel-

591 4622 663 4675 illi
692 4621 792 4690 ipsi
818 4619 1007 4688 igitur,
1037 4616 1255 4687 cognita
1292 4618 1539 4678 veritate,
1564 4617 1857 4671 adorarunt
1888 4628 1941 4673 et
1995 4636 2160 4675 vene-

589 4713 693 4767 rati
716 4720 843 4768 sunt
873 4710 1151 4782 apostolos
1179 4709 1260 4763 vel
1288 4723 1639 4763 successores
1671 4718 1725 4763 et
1749 4707 2042 4781 discipulos
2071 4729 2163 4768 eo-

590 4820 746 4868 rum,
798 4814 961 4873 atque
1015 4801 1385 4858 crediderunt.
1444 4815 1566 4853 eum
1638 4816 1823 4857 verum
1882 4805 2047 4858 Deum
2108 4815 2163 4859 et

589 4895 865 4949 Christum
897 4905 953 4947 et
984 4892 1179 4947 Filiqu
1207 4892 1295 4945 Dei
1323 4892 1430 4945 vivi
1487 4899 1631 4954 cule,
1696 4906 1761 4948 a'c
1813 4894 2068 4964 lugebant
2111 4904 2165 4949 et

592 4986 1033 5040 lamentabantur
1056 4984 1121 5037 de
1154 4993 1399 5052 tempore
1427 4986 1717 5051 przeterito,
1750 5000 1860 5053 quo
1916 4987 2161 5041 tenebris

590 5086 646 5131 et
683 5076 963 5131 erroribus
992 5075 1202 5129 Satanae
1236 5076 1479 5129 obstricti
1528 5077 1759 5131 fuerant.
1796 5075 1932 5131 Deus
1981 5086 2162 5131 autem
2224 5073 2229 5079 ’

589 5169 826 5237 optimus
853 5175 907 5221 et
925 5168 1238 5221 misericors
1261 5168 1561 5236 accipiebat
1581 5169 1933 5221 mutationem
1964 5169 2161 5223 mentis

588 5273 803 5323 eorum,
836 5258 1018 5312 ethos
1055 5258 1227 5325 ipsos,
1277 5260 1370 5328 qui
1437 5265 1907 5328 persequebantur
1962 5275 2157 5313 nomen

584 5348 813 5409 Christi,
853 5359 1098 5418 pastores
1129 5359 1182 5405 et
1205 5352 1490 5421 magistros
1523 5361 1576 5405 et
1620 5351 1844 5406 nuntios
1903 5352 2052 5405 verbi
2104 5361 2160 5406 et

589 5443 829 5497 nominis
851 5444 936 5497 sui
966 5444 1198 5499 faciebat
1234 5463 1246 5498 :
1278 5446 1372 5514 qui
1405 5460 1595 5501 omnes
1653 5445 2004 5515 Evangelium
2052 5447 2156 5501 sibi

589 5547 973 5604 compararunt
1000 5548 1051 5591 et
1076 5538 1509 5607 descripserunt,
1543 5552 1607 5591 ac
1636 5536 1867 5604 legebat,
1889 5538 2156 5606 discebat,

588 5624 889 5680 docebatur
923 5635 975 5681 et
1005 5626 1268 5680 adorabat
1298 5628 1548 5696 quisque,
1586 5629 1783 5695 quaeiu
1829 5642 1895 5681 eo
1952 5632 2155 5699 scripta

588 5725 761 5770 erant.
796 5714 868 5769 lta
902 5716 1065 5785 igitur
1092 5732 1184 5786 per
1211 5726 1385 5771 totum
1409 5718 1594 5771 orbem
1651 5728 1923 5772 terrarum
1978 5722 2155 5774 Evan-

590 5806 786 5875 gelium
811 5807 1145 5883 divulgatum
1163 5818 1265 5875 est,
1286 5816 1511 5878 eratque
1537 5806 1588 5859 in
1616 5807 1864 5864 manibus
1882 5813 2151 5880 omnium,

2270 4625 2484 4678 laturus
2508 4632 2626 4678 erat
2652 4624 2902 4680 Christus
2937 4647 2949 4679 :
2980 4629 3023 4682 si
3051 4628 3277 4699 bonum,
3302 4645 3497 4685 omnes
3519 4647 3672 4703 reges
3697 4635 3844 4689 orbis

2240 4724 2567 4776 'terrarum,
2637 4732 2826 4770 omnes
2879 4719 3176 4789 principes,
3233 4736 3426 4777 omnes
3464 4725 3762 4779 Christiani
3815 4742 3841 4781 ι

2269 4806 2487 4861 Christo
2510 4808 2793 4876 probatum
2814 4812 3125 4877 prophetam
3141 4814 3443 4880 amplexuri
3459 4827 3634 4879 erant,
3658 4830 3714 4870 ut
3734 4818 3845 4871 l'ru-

2270 4906 2418 4949 ctum
2442 4912 2509 4950 ex
2534 4913 2598 4951 eo
2627 4898 2972 4966 perciperent
3002 4915 3015 4962 ;
3042 4900 3128 4952 sin
3154 4903 3381 4967 malum,
3399 4908 3674 4960 servaturi
3694 4918 3842 4963 erant

2269 4987 2493 5055 indicia,
2523 4990 2669 5044 unde
2695 5004 2821 5044 eum
2846 5003 3261 5059 cognoscerent.
3282 5000 3588 5063 eteauturi,
3614 5014 3683 5051 ne
3704 5000 3841 5054 labe-

2269 5078 2484 5134 ren'tur.
2518 5079 2850 5150 Neutiquam
2888 5094 3097 5148 autem,
3123 5085 3237 5138 sive
3270 5085 3471 5140 bonum
3523 5091 3838 5157 probarunt,

2269 5173 2383 5227 sive
2407 5181 2731 5240 spreverunt
2762 5174 2988 5238 malum,
3018 5190 3112 5243 per
3141 5184 3315 5230 totum
3353 5179 3538 5231 orbem
3576 5190 3840 5234 terrarum

2270 5281 2467 5321 nomen
2496 5264 2817 5322 Moltametis
2846 5283 2910 5321 ex
2936 5269 3230 5339 Evangelio
3256 5271 3429 5339 ejeclu
3442 5273 3481 5325 ri
3508 5284 3693 5328 erant.
3738 5274 3845 5328 bla-

2271 5356 2525 5413 nil‘estunt
2559 5361 2724 5429 igitur
2747 5372 2852 5426 est,
2884 5378 3080 5416 nomen
3118 5364 3236 5434 ejus
3274 5381 3382 5419 non
3414 5368 3682 5433 scriptum
3714 5368 3843 5422 fuis-

2269 5465 2330 5504 se
2366 5452 2418 5503 iu
2439 5452 2747 5520 Evangelia.
2770 5453 2879 5508 Nec
2897 5471 3023 5509 vero
3043 5459 3334 5526 quisquam
3359 5459 3452 5511 ulli
3478 5461 3685 5514 homini
3710 5478 3845 5515 non-

2269 5542 2396 5595 dum
2426 5551 2549 5597 nato
2573 5545 2797 5599 invidet.
2827 5549 2904 5598 An
2933 5548 3057 5614 quis
3089 5546 3380 5604 Multameti
3410 5551 3668 5605 inviderit
3696 5567 3847 5607 ante-

2268 5649 2430 5702 quam
2459 5645 2618 5689 natus
2651 5638 2836 5691 esset?
2862 5637 3115 5693 Profecto
3150 5657 3336 5697 nemo.
3384 5643 3440 5697 Si
3488 5644 3610 5712 quis
3665 5657 3844 5700 autem

2262 5725 2375 5791 jam
2411 5734 2537 5780 nato
2563 5724 2858 5782 Multumeti
2896 5731 3176 5793 inviderit,
3215 5744 3505 5788 uumt0tus
3538 5738 3689 5788 orbis
3738 5746 3848 5789 ter-

2268 5831 2451 5869 rarum
2487 5819 2538 5871 iu
2567 5818 2728 5874 unius
2750 5819 2989 5877 hominis
3016 5823 3275 5878 invidiam
3301 5841 3669 5882 concessurus
3692 5828 3847 5883 erat?

3954 2666 3965 3199 φ
