4022 6294
244 456 361 519 941

1274 451 1721 513 ριιιιοΝιεοΝ
1758 446 2038 513 MAJUS.
2069 474 2136 488 ——
2175 453 2322 515 LIB.
2366 452 2465 516 IV.
3398 466 3505 524 ςιω

250 590 348 624 νον
377 569 439 623 τὺ
468 566 563 621 τοῦ
594 566 837 637 Μωάμεθ
866 565 1037 637 ὄνομα
1064 566 1124 619 ἐν
1150 566 1227 635 τῷ
1251 567 1594 638 Εὑαγγελίῳ.
1635 568 1757 621 Ἔτι
1784 568 1833 620 εί
1862 571 1908 624 λ
1937 566 2333 638 εὑλογήσαμεν.
2403 571 2462 622 Ὅ
2513 568 2814 639 Μαχούμετ
2867 572 2922 622 ἐν
2972 574 3069 642 μιᾷ
3107 575 3214 625 τῶν
3260 578 3504 644 ἡμερῶν,

252 664 359 732 μὲν
399 662 587 728 ἔλεγον
618 661 667 713 oi
709 659 1056 730 Ἰσμαηλῖται
1086 658 1169 712 ὅτι
1203 660 1365 725 μόνον
1390 661 1446 712 ἐν
1478 660 1556 729 τῷ
1583 660 1831 726 Εὑαγγε-

242 754 355 825 λίῳ
396 753 685 822 εὑρίσκετο
720 751 1112 821 γεγραμμένον
1157 749 1219 804 τὺ
1248 753 1343 803 τοῦ
1382 751 1629 819 Μωάμεθ
1658 751 1832 814 ὄνομα

250 848 352 898 καὶ
378 844 635 912 ἐξέϐαλον
662 844 793 895 αὐτὸ
822 846 871 896 οἱ
896 843 1239 911 Χριστιανοὶ,
1268 843 1362 894 καὶ
1397 842 1571 905 οὕτως
1602 841 1833 911 ἀρκεταί

249 940 395 991 εἰσιν
420 938 475 989 at
510 935 810 999 ἀποδείξεις
838 934 905 998 ἃς
933 935 1186 1003 λέγομεν,
1232 935 1317 988 ἵνα
1349 939 1490 1004 φανῇ
1520 936 1581 988 τὸ
1608 933 1829 1004 ἀληθὲς,

251 1030 342 1082 ὅτι
377 1029 528 1081 οὐδὲν
560 1028 716 1080 αὐτοὶ
757 1028 1011 1093 λέγουσιν
1042 1027 1279 1097 ἀληθέςο
1314 1029 1441 1080 ἐπεὶ
1478 1028 1535 1080 δὲ
1578 1028 1831 1095 λέγουσιν

247 1121 337 1172 ὅτι
363 1122 419 1171 ἐν
453 1122 517 1187 τῇ
549 1120 763 1185 γενέσει
813 1120 879 1188 τῇ
917 1120 1302 1191 συγγραφείσῃ
1344 1122 1495 1188 παρά
1546 1120 1642 1173 τοῦ
1670 1121 1836 1173 Μωῦ-

251 1214 393 1276 σέως
415 1211 704 1280 εὑρίσκετο
732 1212 1148 1280 γεγραμμένον,
1176 1212 1291 1273 πῶς
1323 1211 1578 1277 ἐξέϐαλον
1605 1212 1739 1265 αὐτὸ
1768 1214 1834 1266 ἐκ

241 1304 351 1368 *τῆς
406 1301 640 1363 παλαιᾶς
689 1302 740 1353 oi
809 1301 1089 1371 Ἑϐραίοις
1156 1303 1293 1354 Οὐδὲ
1353 1304 1459 1370 γὰρ
1512 1304 1831 1375 εὑρίσκεται

247 1395 431 1446 ἐκεῖσε
472 1394 609 1456 ὅλως
641 1395 787 1463 ίχνος
819 1395 1050 1462 σημείου
1106 1396 1238 1465 περὶ
1280 1395 1373 1448 τοῦ
1427 1396 1696 1466 Μωάμεθ.
1726 1400 1835 1451 Καὶ

251 1486 368 1539 ἰδοὺ
408 1487 484 1550 ὡς
524 1488 575 1539 οἱ
608 1487 1031 1555 Μουσουλμάνοι
1080 1487 1325 1555 λέγουσι,
1371 1488 1746 1559 φθονήσαντες
1784 1492 1833 1543 οἱ

246 1580 571 1647 Χριστιανοὶ
655 1579 910 1645 ἐξέϐαλον
982 1581 1045 1633 τδ
1104 1579 1279 1649 δνομα
1357 1581 1606 1633 ἐκείνου*
1665 1583 1713 1634 οί
1778 1582 1833 1635 δὲ

261 1671 507 1741 Ἑϐραῖοι
550 1673 638 1725 διὰ
682 1674 774 1735 τίς
822 1672 1017 1724 Καίτοι
1068 1687 1132 1737 γε
1170 1671 1251 1734 είς
1298 1688 1358 1723 τε
1397 1672 1495 1740 τὴν
1526 1675 1837 1744 περιτομὴν

244 1767 350 1819 atat
374 1765 518 1819 ἄλλα
552 1765 694 1829 τινὰ,
723 1767 803 1826 εἰς
853 1764 1061 1834 τροφάς
1106 1781 1251 1834 φημι
1295 1764 1391 1817 καὶ
1434 1764 1597 1835 ἕτερα
1646 1765 1831 1834 ἔθιμα,

254 1855 646 1924 συμφωνοῦσιν
704 1855 752 1906 οἱ
818 1853 1241 1922 Μουσουλμάνοι
1308 1854 1473 1923 359
1531 1856 1669 1924 μετά
1722 1856 1829 1911 τῶν

260 1945 550 2015 Ἐϐραίων.
603 1946 733 1998 Ἰδοὺ
765 1943 897 2013 γοῦν
948 1948 1044 1996 καὶ
1091 1946 1198 1998 ἀπὸ
1248 1946 1442 1998 τούτου
1472 1946 1827 2014 ἀναφαίνεται

247 2036 333 2090 ὅτι
363 2036 487 2090 οὑτε
518 2038 576 2088 ἐν
604 2038 669 2105 τῇ
700 2035 911 2103 παλαιᾷ
937 2036 1208 2104 Μωσαῖκῇ
1245 2034 1415 2105 βίϐλῳ
1439 2035 1737 2106 Εὑρίσκετο
1770 2035 1831 2089 τὺ

249 2128 348 2183 τοῦ
379 2127 627 2197 Μωάμεθ
650 2127 834 2197 δνομα
874 2124 1003 2179 οὑτε
1036 2127 1095 2178 ἐν
1127 2125 1204 2196 τῷ
1239 2127 1569 2197 εὐαγγελίῳ.

321 2222 433 2275 Καὶ
466 2219 640 2273 ταῦτα
672 2220 771 2290 μὲν
796 2218 991 2282 οὑτως,
1025 2218 1113 2271 ἵνα
1162 2219 1257 2271 καὶ
1308 2219 1401 2271 τὸν
1437 2219 1617 2290 πάντη
1650 2221 1828 2289 ἀγνώ-

246 2333 392 2386 μονα
417 2313 721 2382 ἀγάγωμεν
756 2314 835 2374 είς
871 2311 969 2380 τὴν
993 2313 1092 2380 τῆς
1122 2310 1384 2379 ἀληθείας
1416 2313 1647 2379 γνῶσιν.

323 2404 390 2460 ε’.
429 2403 661 2471 Ἀσεϐὴς
681 2405 760 2465 είς
790 2401 951 2470 βάθος
977 2402 1166 2454 κακῶν
1192 2402 1827 2475 ἐμπεσὼνκαταφρονεῖ,

253 2499 420 2567 φησὶν
452 2498 481 2549 6
512 2496 823 2565 θαυμάσιος
870 2492 1123 2564 Σολομῶν
1144 2510 1159 2525 ο
1216 2495 1311 2547 καὶ
1355 2494 1440 2559 τίς
1470 2497 1829 2566 ἀσεϐέστερος

252 2589 348 2643 τοῦ
374 2588 660 2658 Μωάμεθ;
724 2589 878 2640 ποῖον
930 2586 989 2638 δὲ
1046 2584 1210 2655 βάθος
1257 2586 1470 2651 κακῶν,
1523 2587 1725 2656 μᾶλλον
1773 2588 1830 2641 δὲ

250 2681 471 2745 σκότος,
506 2681 586 2743 είς
616 2680 644 2733 6
672 2679 772 2732 οὐκ
823 2678 1084 2731 ἐνέπεσεν
1127 2680 1156 2730 6
1199 2676 1464 2748 δύστηνος
1512 2674 1705 2747 οὑτος;
1736 2682 1832 2734 ut

253 2776 366 2844 γὰρ
399 2775 535 2842 μετὰ
561 2772 671 2825 τῶν
702 2771 881 2826 ἀλλων
927 2769 1268 2840 πλασμάτων
1302 2773 1397 2825 καὶ
1421 2773 1664 2843 τεράτων
1702 2775 1833 2844 ψευ-

255 2868 363 2920 δῶν
392 2866 665 2919 ἐπλάσατο
694 2865 787 2917 καὶ
817 2863 915 2935 τὴν
970 2862 1253 2933 παροῦσαν
1296 2864 1538 2935 ἄθεσμον
1571 2866 1827 2938 θεωρίαν,

256 2957 488 3025 ἔχουσαν
536 2958 629 3007 ἐπὶ
674 2955 875 3019 λέξεως
928 2954 1125 3021 οὕτως,
1164 2955 1223 3008 ἐν
1254 2955 1332 3023 τῷ
1386 2957 1670 3028 κεφαλαίῳ
1722 2958 1830 3011 τῶν

255 3049 392 3102 υἱῶν
429 3067 443 3084 ·
488 3047 702 3118 Ἰσραήλ
756 3065 775 3098 ι
806 3044 964 3109 Αἶνος
994 3046 1073 3117 τῷ
1123 3048 1412 3118 ποιήσαντι
1462 3048 1690 3101 διελθεῖν
1739 3048 1830 3101 τὸν

246 3136 441 3191 δοῦλον
470 3137 634 3191 αὑτοῦ
667 3140 725 3189 ἐν
780 3139 879 3207 μιᾷ
934 3139 1093 3190 νυκτὶ
1127 3139 1234 3191 ἀπὸ
1261 3139 1356 3191 τοῦ
1412 3139 1704 3209 εὑκτηρίου
1732 3139 1828 3193 τοῦ

1938 658 2078 725 μετά
2119 659 2181 712 τὸ
2214 660 2383 729 ψᾶλαι
2435 662 2600 715 αὑτὸν
2643 661 2742 731 τὴν
2790 661 2940 732 ὥραν
2978 663 3167 727 αὑτοῦ,
3217 662 3368 719 εἶπεν
3397 673 3509 729 τοῖς

1933 747 2357 818 ἀνθρώποις,⁷Ω
2390 753 2549 821 ὑμεῖς
2588 754 2890 822 ἂνθρωποι,
2924 759 3323 826 κατανοήσατε.
3368 762 3510 823 Χίιές

1937 841 2076 908 μετά
2103 842 2163 894 τὸ
2187 842 2475 913 διαστῆναί
2513 862 2578 914 με
2602 846 2776 913 ὑμῶν,
2801 844 2933 917 ἦλθε
2958 850 3091 918 πρός
3124 866 3191 919 με
3222 852 3249 903 6
3268 853 3509 923 Γαϐριὴλ

1938 934 2079 1001 μετά
2124 935 2223 1004 τὴν
2257 937 2495 1005 ἐσχάτην
2536 938 2839 1009 ἐσπερινὴν
2871 940 3216 1012 ψαλμῳδίαν,
3264 946 3358 997 καὶ
3388 943 3511 999 εῐπέ

1938 1043 2051 1093 μοι,
2074 1020 2146 1080 Ὦ
2172 1027 2440 1096 Μωάμεθη,
2473 1030 2780 1084 ἐντέλλεται
2830 1049 2914 1086 σοι
2969 1036 2996 1086 6
3041 1034 3175 1098 Θεὸς
3206 1038 3511 1107 ἐπισκέψα-

1937 1116 2064 1167 σθαι
2094 1118 2278 1172 αὐτόν.
2312 1113 2384 1189 Ὦ
2417 1116 2589 1186 εἷπον,
2622 1121 2724 1176 Καὶ
2760 1122 2865 1176 ποῦ
2898 1126 3062 1177 αὑτδν
3098 1129 3509 1199 ὲπισκέῲομαις

1935 1206 2047 1260 καὶ
2079 1204 2235 1261 εἶπεν
2264 1210 2294 1263 6
2331 1210 2595 1282 Γαϐριὴλ,
2619 1212 2710 1267 Ἐν
2743 1214 2821 1284 τῷ
2854 1215 3003 1285 τόπῳ
3027 1219 3163 1271 ὅπου
3218 1220 3358 1274 ἒστι.
3400 1225 3511 1277 Καὶ

1933 1297 2112 1367 ἤγαγέ
2146 1316 2233 1368 μοι
2266 1302 2488 1369 κτῆνος,
2521 1304 2707 1370 μεῖζον
2737 1306 2835 1375 μὲν
2852 1307 3000 1371 ϐνου,
3025 1308 3244 1363 ἔλαττον
3273 1312 3327 1367 δὲ
3351 1314 3513 1385 ήμιό-

1935 1402 2049 1439 νου⁶
2088 1389 2185 1441 καὶ
2214 1390 2275 1442 τὸ
2309 1391 2479 1460 ὄνομα
2720 1398 2886 1450 αὑτοῦ
2934 1401 3195 1468 Μπεράκ.
3251 1405 3358 1458 Καὶ
3390 1404 3511 1462 εἶπέ

1939 1482 2343 1550 μοι,“Ανάϐαινε
2365 1488 2562 1556 τούτῳ,
2587 1492 2681 1544 καλ.
2702 1489 2891 1545 ἔλαυνε
2913 1493 3042 1546 αὑτὸ
3060 1496 3221 1565 μέχρι
3245 1498 3337 1551 τοῦ
3360 1502 3508 1554 οίκου

1935 1570 2029 1623 τοῦ
2066 1573 2246 1640 ἁγίου.
2286 1576 2397 1628 Kal.
2425 1577 2501 1640 ὡς
2526 1579 2846 1649 ἐφρόντιζον
2879 1584 3216 1655 ἀναϐαίνειν,
3253 1591 3419 1658 ἔφυγε
3448 1597 3511 1645 τὸ

1936 1665 2132 1732 κτῆνος
2158 1706 2172 1719 .
2209 1667 2318 1720 Καὶ
2354 1666 2509 1723 εἶπεν
2536 1673 2707 1742 αὐτῷ,
2740 1674 2958 1729 Ἴστασο
2995 1679 3253 1746 ἀσφαλῶς
3284 1700 3299 1713 ⁸
3337 1685 3365 1735 6
3394 1687 3510 1738 Μα-

1934 1756 2140 1826 χούμετ
2170 1759 2279 1829 γάρ
2331 1762 2481 1813 ἐστιν
2535 1765 2562 1815 ὃ
2593 1782 2650 1817 σε
2687 1766 3012 1837 βουλόμενος
3058 1774 3350 1844 ἀναϐῆναι.
3399 1779 3511 1832 Καὶ

1940 1847 2216 1939 ἀπεκρίθη
2248 1852 2307 1903 τὸ
2357 1854 2578 1922 κτῆνος,
2616 1855 2701 1925 Μὴ
2739 1859 2879 1929 ὑπὲρ
2941 1864 3106 1916 αὑτοῦ
3156 1870 3507 1939 ἀπεστάληνς

1950 1937 2252 2010 Ἀπεκρίθη
2268 1943 2296 1995 6
2313 1944 2573 2015 Γαϐριὴλ,
2591 1946 2717 2001 Ναί.
2738 1949 2970 2004 Καὶεῖπε
2988 1953 3046 2005 τὸ
3064 1956 3362 2023 κτῆνος,Οὑ
3378 1937 3510 2030 συγ-

1932 2031 2169 2097 χωρήσω
2199 2032 2349 2101 αὐτῷ
2378 2035 2672 2104 ἀναϐῆναι,
2701 2041 2748 2093 εί
2780 2041 2854 2111 μὴ
2890 2046 3156 2115 πρότερον
3204 2049 3343 2117 ὑπὲρ
3372 2054 3509 2118 ἐμοῦ

1932 2118 2025 2212 τοῦ
2050 2120 2189 2173 Θεοῦ
2209 2123 2452 2196 δεηθείη.
2517 2128 2660 2197 Ἐγὼ
2690 2130 2747 2183 δὲ
2778 2133 3008 2204 ἐδεήθην
3052 2138 3147 2189 τοῦ
3182 2140 3319 2193 θεοῦ
3370 2144 3510 2212 ὑπὲρ

1932 2210 2025 2263 τοῦ
2058 2216 2312 2284 κτήνους,
2366 2219 2574 2289 ἐπέϐην
2605 2240 2663 2275 τε
2712 2224 2799 2276 ἐπ’
2844 2228 2992 2281 αὑτό.
3037 2231 3148 2283 Καὶ
3185 2210 3509 2304 περιεπάτει

1930 2305 2345 2402 ἐπικαθημένου
2377 2329 2478 2379 μου
2513 2317 2714 2385 πορεία
2748 2317 2943 2389 λεπτῇ,
2970 2324 3294 2393 ἐπεστήριξέ
3325 2348 3383 2382 τε
3411 2334 3510 2402 τὴν

1931 2397 2105 2466 χηλὴν
2146 2397 2240 2452 τοῦ
2272 2402 2434 2466 ποδὸς
2486 2404 2543 2457 ἐν
2572 2404 2649 2475 τῷ
2684 2409 2925 2477 ὁρίζοντι
2964 2414 3063 2481 τῆς
3095 2417 3270 2485 ὄψεως
3316 2397 3505 2479 αὑτοῦ.

1934 2490 2043 2541 Καὶ
2071 2488 2245 2554 οὕτως
2294 2488 2461 2561 ἦλθον
2494 2497 2576 2559 είς
2609 2499 2700 2551 τὸν
2732 2496 2883 2554 οἷκον
2914 2504 3005 2557 τὸν
3053 2508 3230 2575 ἅγιον,
3265 2513 3508 2569 ἐλάττονι
3592 2524 3597 2525 ⁷

1934 2580 2271 2652 διαστήματι
2302 2585 2334 2655 ἢ
2366 2586 2489 2640 ὅσον
2521 2589 2670 2643 λίθου
2701 2592 2833 2662 βολὴ
2860 2597 3160 2669 τελεσθείη.
3187 2598 3294 2655 Ἦν
3323 2604 3379 2657 δὲ
3417 2609 3511 2659 καὶ

1931 2672 2237 2767 ἀΓαϐριὴλ
2299 2679 2416 2745 μετ’
2454 2680 2608 2748 ἐμοῦ,
2638 2684 2733 2735 καὶ
2789 2686 2962 2753 ήγαγέ
2997 2707 3062 2755 με
3104 2695 3186 2754 είς
3208 2694 3509 2767 ἀπορρῶγα

1932 2766 2092 2857 ergo
2116 2768 2250 2836 οίκῳ
2273 2767 2350 2837 τῷ
2374 2769 2517 2841 ἁγίῳ
2549 2774 2606 2825 ἐν
2636 2778 2702 2845 τῇ
2732 2776 3112 2849 Ἰερουσαλήμ.
3150 2784 3256 2837 Καὶ
3274 2766 3395 2839 εἶπέ
3417 2809 3507 2857 μοι

1930 2855 1960 2904 6
1989 2854 2251 2927 Γαϐριὴλ,
2285 2859 2595 2928 Κατάϐηθι,
2629 2862 2710 2916 ὃτι
2768 2868 2874 2919 ἀπὸ
2913 2871 3007 2937 τῆς
3046 2871 3253 2941 πέτρας
3303 2854 3509 2946 ταύτης

1930 2946 2182 3020 ἀναϐήσῃ
2264 2952 2346 3013 είς
2423 2953 2516 3005 τὸν
2562 2955 2837 3024 οὐρανόν.
2896 2961 3007 3013 Kal.
3068 2965 3353 3035 κατέϐην,
3413 2973 3511 3024 καὶ

1931 3038 2235 3136 ϐ“Γαϐριὴλ
2260 3043 2603 3113 ἠσφαλίσατο
2631 3050 2767 3115 μετὰ
2798 3051 2999 3106 κύκλου
3053 3056 3188 3127 πρὸς
3213 3061 3310 3130 τὴν
3340 3066 3513 3136 ἀποῤ-

1934 3130 2085 3223 ρῶγα
2120 3134 2178 3185 τὸ
2210 3138 2407 3205 κτῆνος
2432 3138 2493 3190 τὸ
2516 3140 2774 3211 Μπεράκ,
2802 3149 2897 3198 καὶ
2921 3146 3186 3204 ἐϐάστασε
3214 3170 3279 3223 με
3316 3155 3372 3209 ἐν
3396 3130 3511 3221 τοὶς

259 3230 539 3299 Ἐλαράμ,
569 3232 597 3283 ὃ
621 3232 769 3283 ἐστιν
793 3227 938 3292 οἶκος
972 3231 1178 3317 blattas,
1222 3230 1383 3299 μέχρι
1414 3230 1507 3283 τοῦ
1547 3232 1833 3302 πορῤωτά-
1859 3237 1899 3294 C
1933 3219 2107 3291 ὤμοις
2136 3226 2302 3279 αὐτοῦ
2340 3228 2505 3298 μέχρι
2557 3232 2650 3285 τοῦ
2700 3235 2956 3304 οὐρανοῦ.
2992 3241 3100 3306 Καὶ
3147 3219 3235 3295 ὅτε
3271 3219 3509 3317 ήλθομεν

254 3338 349 3375 του
376 3321 690 3391 εὐκτηρίου,
722 3322 749 3373 ὅ
795 3323 944 3373 ἐστιν
971 3313 1120 3383 οἶκος
1152 3320 1308 3388 ἅγιος
1356 3321 1736 3392 Ἰερουσαλὴμ,
1764 3323 1831 3393 ἢν

256 3435 393 3501 Quis
420 3437 556 3489 adeo
588 3436 789 3489 Stultus
816 3435 906 3497 sit,
930 3436 1021 3504 qui
1050 3435 1162 3489 ﬁeri
1191 3435 1291 3489 hoc
1318 3450 1425 3488 non
1457 3437 1699 3503 potuisse
1720 3450 1828 3490 non

258 3526 568 3595 intelligat?
624 3525 812 3593 Itaque
870 3526 999 3580 hinc
1055 3541 1273 3595 quoque
1320 3527 1677 3581 manifestum
1724 3535 1827 3591 est,

258 3618 582 3671 Mobametis
601 3632 802 3669 nomen
824 3618 1084 3684 scriptum
1109 3634 1215 3671 non
1240 3617 1408 3673 fuisse
1435 3619 1486 3671 in
1507 3619 1826 3689 Evangelia.

257 3708 375 3763 Jam
422 3708 468 3762 si
493 3707 778 3763 lsmaelitae
800 3720 994 3762 nomen
1021 3708 1343 3763 Moltametis
1360 3710 1604 3764 dicerent
1635 3712 1685 3764 in
1712 3711 1830 3763 solo

260 3799 549 3870 Evangelio
573 3800 833 3868 scriptum
858 3799 1046 3862 fuisse,
1080 3801 1173 3854 sed
1200 3799 1433 3867 ejectum
1460 3814 1581 3855 esse
1605 3814 1632 3851 a
1672 3798 1831 3853 Cbri—

258 3892 472 3953 stianis,
504 3891 773 3944 sulliceret
808 3906 895 3951 ea,
924 3906 1088 3959 quam
1124 3891 1487 3954 instituimus,
1510 3889 1829 3958 disputatio,

263 3992 319 4036 ιιι
345 3984 764 4053 intelligeretur,
790 3982 935 4049 quod
974 3995 1059 4035 res
1091 3982 1357 4044 es-t,baud
1386 3996 1509 4035 vere
1558 3983 1696 4036 istos
1747 3982 1829 4034 di-

254 4090 413 4138 cere;
448 4077 542 4128 sed
576 4073 844 4126 aliirmant
877 4071 1066 4131 iidem,
1103 4086 1299 4124 nomen
1333 4072 1460 4125 illud
1494 4072 1544 4125 in
1563 4072 1830 4134 GenesiJ

258 4168 440 4239 Moyse
465 4168 795 4234 conscripta,
828 4166 1017 4220 fuisse.
1045 4162 1334 4230 Quomodo
1385 4163 1551 4232 igitur
1582 4178 1613 4219 θ
1644 4164 1831 4219 Testa-

260 4272 438 4314 mento
473 4258 663 4313 Vetere
695 4260 761 4310 ab
792 4257 1033 4311 Hebraeis
1067 4257 1302 4326 ejectum
1333 4264 1415 4309 est
1447 4254 1622 4309 ?Nam
1673 4271 1742 4310 ne.
1767 4258 1832 4310 il-

261 4352 329 4403 lic
361 4352 575 4418 quidem
610 4349 896 4419 vestigium
931 4347 1114 4400 indicii
1162 4345 1484 4401 Mobametis
1532 4356 1827 4418 comparet,

262 4444 399 4497 Ecce
424 4456 622 4505 autem,
642 4441 987 4496 Christianos
1011 4439 1215 4493 invidia
1241 4448 1547 4494 commotos
1571 4440 1712 4494 illius
1733 4456 1831 4494 no-

263 4550 383 4587 men
420 4530 986 4601 ejecisseMusulmani
1023 4526 1211 4585 dicunt
1248 4548 1262 4585 :
1296 4545 1403 4598 qua
1449 4546 1507 4585 re
1565 4536 1825 4587 commoti

264 4623 515 4677 Hebrmi?
550 4621 649 4686 Qui
676 4621 896 4689 quidem
931 4620 1352 4674 circumcisione
1373 4628 1429 4673 et
1457 4621 1580 4676 aliis
1602 4623 1826 4691 quibus-

264 4716 384 4770 dam
422 4716 601 4777 rebus,
638 4714 782 4765 velut
816 4726 914 4763 usu
950 4710 1194 4788 ciborum
1245 4721 1296 4765 et
1349 4711 1618 4768 institutis
1682 4713 1825 4775 aliis.

262 4826 384 4863 cum
403 4806 759 4861 Musulmanis
787 4804 1140 4855 concordant.
1159 4800 1457 4855 Enimvero
1478 4804 1626 4856 vides
1652 4803 1827 4858 mani-

265 4899 418 4957 festo,
441 4914 541 4951 nec
573 4895 625 4947 in
654 4904 868 4946 vetusto
897 4890 1289 4961 1ἱ1ιι·οΜυ)νεὶε,
1318 4905 1416 4944 nec
1447 4891 1500 4944 in
1532 4890 1827 4963 Evangelia

266 5005 456 5043 nomen
494 4985 817 5040 Mobauwtis
857 4983 1045 5038 luisse.

332 5080 510 5148 Atque
563 5078 676 5129 haec
718 5077 936 5144 quidem
994 5082 1278 5142 propterea
1320 5074 1732 5146 disputavimus,
1770 5088 1827 5133 ut

261 5172 422 5226 etiam
490 5170 649 5239 plane
692 5168 974 5236 imperitos
1028 5166 1093 5219 ad
1150 5181 1335 5220 verum
1386 5171 1822 5237 cognoscendum

263 5265 697 5333 perduceremus.

327 5355 380 5409 5.
415 5353 691 5407 Scelestus
742 5352 794 5403 iu
835 5359 1081 5405 extrema
1133 5349 1269 5403 mala
1330 5352 1601 5405 delabitur
1664 5369 1823 5423 atquo

263 5449 463 5511 animo,
510 5446 742 5498 eximius
796 5444 1023 5511 Solomo
1055 5443 1204 5496 dicit.
1249 5442 1384 5508 Quis
1423 5454 1601 5497 autem
1640 5446 1823 5498 Molta-

264 5548 399 5592 mete
446 5538 616 5605 magis
664 5534 973 5588 scelestus?
1022 5532 1227 5601 thuaa
1278 5534 1418 5586 mala
1478 5536 1591 5588 sive
1642 5536 1823 5605 potius

265 5633 525 5684 malorum
556 5628 806 5687 tenebr:e,
829 5628 881 5677 in
902 5641 1040 5694 quas
1062 5641 1167 5677 non
1199 5627 1457 5692 delapsus
1483 5627 1551 5679 sit
1588 5643 1820 5695 nequam

263 5723 395 5778 iste?
433 5738 555 5775 nam
599 5736 722 5773 cum
766 5718 992 5785 reliquis
1048 5719 1378 5772 commentis
1416 5728 1471 5771 et
1522 5719 1823 5772 mendaciis

266 5814 589 5884 portentosis
619 5812 779 5864 etiam
817 5825 1121 5879 perversam
1144 5810 1286 5863 hanc
1320 5810 1532 5864 itineris
1560 5810 1821 5873 fabulam,

271 5907 333 5962 ad
362 5907 585 5963 verbum
638 5906 978 5965 translatam,
1003 5902 1057 5956 in
1091 5904 1272 5966 capite
1312 5901 1551 5957 ﬁliorum
1599 5902 1819 5957 lsraelis

1936 3316 2071 3385 πρὸς
2122 3318 2215 3371 τὸν
2257 3319 2511 3388 οὐρανὸν,
2560 3323 2791 3393 ἔκρουσε
2842 3329 2942 3397 τὴν
2974 3328 3145 3398 θύραν
3174 3336 3201 3385 6
3242 3316 3505 3406 Γαϐριὴλ,

1933 3437 2197 3491 narravit.
2236 3455 2260 3488 ι
2305 3434 2453 3492 Laus
2492 3450 2616 3495 esto
2652 3441 2903 3507 Domino,
2943 3445 3035 3515 qui
3073 3464 3291 3504 servum
3346 3468 3506 3510 suum

1935 3537 2049 3576 una
2070 3533 2224 3579 nocte
2248 3540 2277 3578 a
2311 3529 2517 3581 sacello
2550 3528 2815 3597 Elarami,
2851 3551 2972 3604 qua:
2997 3546 3080 3591 est
3115 3540 3259 3594 ardes
3290 3540 3506 3609 Meccaa,

1932 3612 1997 3666 ad
2029 3612 2345 3677 longissime
2384 3618 2596 3673 distans
2635 3623 2897 3677 sacellum
2934 3625 3108 3690 duxit,
3142 3645 3263 3698 qua:
3311 3642 3498 3688 sancta

1932 3702 2074 3755 cedes
2107 3700 2614 3774 Hierosolymorum
2637 3720 2739 3765 est.
2770 3713 3358 3787 Moltametesquodam
3392 3722 3501 3789 die,

1932 3801 2219 3861 postquam
2258 3796 2441 3861 psallit
2475 3799 2665 3849 horam
2690 3813 2870 3862 suam,
2901 3801 3154 3857 homines
3189 3805 3261 3858 ita
3292 3807 3503 3862 allocu-

1932 3893 2022 3938 tus
2063 3896 2147 3939 est
2188 3902 2206 3940 :
2239 3887 2457 3951 Audite,
2495 3889 2766 3942 homines.
2798 3890 2943 3953 lleri,
2975 3907 3097 3946 cum
3132 3911 3161 3948 a
3191 3897 3344 3951 vobis
3390 3899 3503 3955 dis-

1936 3976 2256 4042 cessissem,
2299 3978 2429 4030 adiit
2459 3992 2547 4031 me
2596 3978 2819 4033 Gabriel
2872 3994 2994 4050 post
3027 3993 3326 4041 extremam
3360 3994 3505 4057 psal-

1934 4067 2196 4127 modiam,
2223 4075 2275 4121 et
2302 4107 2318 4130 ,
2356 4068 2718 4131 Moltametes,
2765 4073 2959 4139 inquit,
2988 4076 3139 4143 jubet
3193 4085 3246 4132 te
3272 4080 3415 4135 Deus
3442 4099 3501 4137 se

1933 4158 2138 4213 videre.
2176 4158 2276 4212 Cui
2315 4161 2607 4227 respondi:
2646 4161 2877 4217 Ubinam
2917 4182 3040 4220 eum
3085 4169 3330 4224 videbo?
3362 4171 3499 4228 Tum

1933 4250 2186 4305 Gabriel:
2220 4251 2274 4306 ln
2311 4251 2433 4305 loco
2466 4267 2551 4315 eo,
2584 4254 2635 4307 in
2671 4271 2780 4323 quo
2819 4265 2924 4319 est,
2961 4260 3235 4328 simulque
3264 4262 3494 4319 adduxit

1936 4343 2062 4396 mihi
2116 4342 2423 4413 jurnentum
2489 4347 2664 4414 majus
2717 4348 2899 4410 asino,
2961 4351 3052 4404 sed
3099 4353 3281 4407 minus
3332 4358 3505 4422 mulo,

1933 4433 2089 4499 cujus
2116 4449 2310 4488 nomen
2344 4436 2515 4488 Berac
2542 4444 2681 4490 erat.
2720 4438 2921 4491 Deinde
2959 4440 3132 4496 dixit:
3169 4440 3497 4498 Consceude

1933 4524 2074 4578 banc
2130 4525 2358 4579 bestiam
2388 4536 2443 4581 et
2496 4528 2699 4583 vebere‘
2731 4530 2796 4582 ad
2856 4539 3105 4585 sanctam
3166 4533 3359 4588 aedem.
3395 4536 3501 4591 Sed

1934 4617 2132 4676 bestia.
2166 4633 2289 4670 cum
2323 4632 2442 4671 eam
2491 4621 2860 4674 conscendere
2894 4623 3111 4686 vellem,
3167 4625 3401 4694 aufugit.
3433 4628 3504 4682 At

1931 4707 2021 4762 ille
2080 4709 2334 4761 clamavit
2393 4726 2405 4760 :
2469 4711 2728 4765 Consiste
2780 4728 2794 4763 :
2856 4710 3190 4767 Mobametes
3246 4717 3390 4769 enim
3450 4726 3504 4772 to

1929 4814 2339 4854 conscensurus
2380 4808 2484 4851 est.
2532 4797 2834 4867 Respondit
2893 4801 3063 4853 bestia
3114 4819 3127 4855 :
3171 4802 3397 4873 Propter
3438 4807 3503 4860 il-

1931 4893 2115 4945 lumne
2156 4892 2359 4947 missus
2401 4891 2565 4944 sum?
2592 4892 2670 4944 Ad
2703 4907 2823 4960 qua:
2857 4884 3119 4957 Gabriel,
3156 4892 3262 4957 Es,
3300 4896 3497 4967 inquit.

1931 4982 2144 5036 Rursus
2186 4981 2356 5033 bestia
2394 4998 2406 5031 :
2451 4980 2570 5033 Non
2627 4981 2932 5049 permittam
2966 4982 3012 5036 ei
3034 4998 3051 5045 ‘,
3116 4992 3174 5037 ut
3222 5002 3311 5040 me
3364 5002 3499 5043 con-

1930 5075 2195 5138 scendat,
2241 5077 2347 5129 nisi
2401 5075 2554 5144 prius
2616 5091 2715 5145 pro
2765 5091 2851 5130 me
2886 5074 3051 5129 Deum
3096 5088 3351 5146 precatus
3402 5081 3494 5137 sit.

1930 5168 2121 5235 Itaque
2165 5183 2263 5237 ego
2300 5167 2467 5220 Deum
2519 5177 2772 5233 precatus
2812 5182 2910 5233 pro
2957 5166 3154 5235 bestia,
3202 5173 3497 5226 conscendi

1929 5274 2074 5313 eam.
2130 5259 2445 5327 Asportavit
2503 5275 2587 5312 me
2652 5258 2793 5311 facili
2848 5260 3065 5326 itinere,
3124 5268 3177 5313 et
3237 5264 3495 5331 ungulam

1932 5351 2081 5418 pedis
2117 5350 2168 5403 in
2202 5352 2355 5415 orbe,
2416 5366 2525 5418 quo
2562 5350 2846 5403 ﬁniebatur
2884 5352 3032 5405 risus
3078 5354 3217 5421 ejus,
3276 5355 3494 5422 tigebat.

1929 5441 2002 5495 [ta
2034 5457 2132 5510 ego
2173 5443 2226 5497 in
2264 5450 2510 5495 sanctam
2542 5442 2711 5495 cedem
2756 5445 2979 5511 perveni
3024 5443 3259 5497 breviori
3295 5446 3494 5513 spatio,

1926 5549 2089 5601 quam
2154 5547 2262 5601 quo
2297 5532 2479 5600 jactus
2538 5532 2732 5599 lapidis
2765 5534 3070 5587 coniicitur.
3125 5534 3496 5586 Comitabatur

1929 5639 2015 5678 me
2068 5623 2233 5676 etiam
2307 5622 2528 5677 Gabriel
2557 5633 2609 5677 et
2655 5624 2811 5677 duxit
2882 5640 2966 5677 me
3020 5624 3076 5676 in
3137 5623 3491 5689 praecipitium

1910 5704 2200 5787 iquoddam
2266 5716 2317 5769 in
2350 5716 2463 5768 :ede
2504 5714 3034 5785 Hierosolymorum.
3073 5715 3358 5781 dixitque:
3392 5715 3493 5765 De-

1928 5811 2222 5871 scende,ut
2247 5822 2312 5861 ex
2346 5811 2448 5860 hoc
2465 5820 2596 5860 saxo
2630 5806 2971 5859 asccmlasin
3008 5804 3231 5857 coelum.
3260 5804 3492 5855 Descen-

1928 5902 1982 5958 di
2014 5900 2201 5969 igitur,
2238 5908 2402 5967 atque
2430 5897 2621 5967 ligavit
2653 5895 2874 5951 Gabriel
2909 5894 3111 5949 annulo
3167 5896 3221 5951 in
3252 5895 3490 5964 praecipi-
