4022 6294
511 326 617 386 923

1768 336 2086 419 GEORGlI
2127 335 2564 404 PHRANTZ/Ei

3649 342 3765 404 9‘36

510 432 840 534 ὃιαχωρίζον
874 438 1007 534 τοὺς
1042 438 1331 509 Ἐϐραίους
1366 443 1474 496 ἀπὸ
1523 445 1629 497 τῶν
1663 448 1974 515 Αἰγυπτίων
2005 453 2084 515 είς
2110 478 2155 534 Α
2190 446 2480 517 σουλμάνοι
2505 465 2518 478 ·
2542 449 2588 501 oi
2614 420 2721 518 γάρ
2752 448 2904 503 αὐτοὶ
2936 450 3129 504 ’πάντα
3170 450 3548 521 ἀπερίτμητοι)
3580 454 3763 525 ἀσεεῆ

512 526 573 576 τὸ
612 527 684 594 μὴ
718 530 1078 597 συνέρχεσθαι
1106 533 1333 597 τούτους
1354 538 1432 596 είς
1463 538 1643 606 γάμου
1676 542 1961 595 κοινωνίαν
1982 545 2077 597 καὶ

517 616 736 679 ἕνωσιν,
774 619 834 670 τὸ
872 620 971 686 μὲν
1018 622 1236 694 διάτὴν
1282 627 1459 679 αἰτίαν
1493 629 1559 698 ἢν
1596 630 1901 696 φθάσαντες
1931 636 2079 687 εῐπο-

523 725 642 776 μεν,
669 709 730 761 τὸ
758 710 815 761 δὲ
851 711 937 765 ἵνα
961 715 1053 764 καὶ
1101 717 1159 767 ἐν
1196 715 1273 783 τῷ
1305 719 1481 786 καιρῷ
1517 722 1614 788 τῆς
1639 722 1952 792 ἐλευθερίας
1980 727 2079 779 αὑ-

517 802 626 853 τῶν
652 797 790 855 ὦσιν
824 804 1036 872 ἕτοιμοι
1096 810 1188 859 καὶ
1223 810 1487 878 γνώριμοι
1550 814 1596 865 οί
1651 814 1929 884 Ἐϐραϊοιο
1985 816 2083 869 καὶ

518 894 628 961 γὰρ
697 896 860 963 είπερ
913 899 1142 965 ἠνοῦντο
1195 902 1333 970 μετά
1404 905 1511 955 τῶν
1568 905 1907 975 ἀλλοφύλων,
1966 911 2083 973 πῶς

522 985 713 1054 ἔμελλε
748 990 1118 1055 φυλάττεσθαι
1165 993 1226 1045 τὸ
1269 994 1365 1047 τοῦ
1409 993 1667 1067 Ἀϐραάμ
1722 1002 1943 1071 σπέρμα
1989 1002 2083 1055 καὶ

519 1070 719 1143 γένοςξ
756 1082 856 1133 Διά
907 1100 987 1133 τοι
1019 1085 1177 1136 τοῦτο
1234 1086 1289 1137 ὲν
1349 1090 1414 1155 τῇ
1460 1091 1653 1159 ἐρήμῳ
1703 1070 2081 1161 εὑρισκόμενοι.

517 1170 579 1220 οὐ
640 1174 1065 1240 περιετέμνοντο
1128 1179 1536 1247 τεσσαράκοντα
1575 1182 1796 1251 χρόνους
1841 1182 2084 1236 διαϐιὸἀη

523 1280 734 1326 σαντες,
761 1266 876 1317 ἀλλ’
911 1268 970 1319 ὲν
995 1270 1060 1337 τῇ
1113 1270 1373 1340 Αἰγύπτῳ
1425 1272 1520 1324 καὶ
1551 1274 1687 1340 μετὰ
1713 1275 1811 1343 τὴν
1862 1278 1924 1328 ὲκ
1985 1277 2083 1343 τῆς

523 1352 735 1427 ἐρήμου
769 1353 948 1418 ἔξοδον
978 1356 1162 1411 πάλιν.
1188 1357 1297 1410 Καὶ
1330 1363 1355 1410 ὁ
1386 1360 1486 1429 μὲν
1510 1362 1608 1431 τῆς
1632 1359 1935 1431 περιτομῆς
1957 1379 2085 1417 σκο-

522 1444 631 1506 πὸς
664 1445 777 1512 ἔχει
802 1446 973 1508 οὕτως
1002 1444 1187 1511 καθὼς
1215 1452 1307 1502 καὶ
1336 1452 1584 1520 εἴπομεν.
1630 1454 1687 1506 Ὀ
1716 1455 1759 1505 δ’
1802 1452 1867 1508 αὖ
1899 1456 2085 1528 ἕτερος

522 1535 633 1603 ἔχει
664 1537 860 1602 οὕτως,
898 1540 1045 1604 ὅπως
1099 1544 1533 1612 περιτμηθὲντες
1566 1549 1629 1615 τῇ
1667 1548 1831 1616 σαρκὶ¹
1862 1548 2088 1601 ἔλθωσιν

522 1627 602 1686 εἰς
635 1629 897 1697 συστολὴν
922 1634 1016 1683 καὶ
1041 1633 1420 1701 σωφρονισμὸν
1446 1635 1545 1701 τῆς
1572 1636 1848 1695 πολιτείας
1883 1638 2085 1704 αὐτῶν,

524 1720 618 1771 καὶ
643 1720 743 1772 οὐκ
774 1714 875 1773 ὦσι
918 1722 1107 1790 λάγνοι
1142 1726 1235 1777 καὶ
1275 1726 1554 1794 ἀκρατεῖς,
1588 1730 1681 1780 καὶ
1726 1729 1973 1782 ἐντεῦθεν
2005 1730 2091 1782 λο-

2184 539 2515 606 λογίζονται.
2556 542 2665 592 Καὶ
2730 539 2839 594 ἰδοὺ
2891 541 3048 594 αὐτοὶ
3103 543 3319 606 ἑαυτοῖς
3360 544 3620 612 μάχεσθε,
3657 548 3762 599 καὶ

2182 631 2329 699 ἅπερ
2360 630 2672 699 ὀρθοδοξίας
2702 631 2864 702 χάριν
2892 634 3113 701 τιμᾶτε,
3150 633 3326 685 ταῦτα
3389 634 3499 686 ἀπὸ
3550 635 3760 704 μέρους

2184 723 2503 790 ἀτιμάζετε.

2254 814 2365 864 Καὶ
2395 813 2452 865 οὐ
2500 813 2662 880 μόνον
2694 814 2773 874 εἰς
2827 813 2960 866 αὐτὸ
3021 812 3181 867 τοῦτο
3244 814 3639 881 ἀναφαίνονται
3709 818 3760 867 οί

2182 902 2607 970 Μουσουλμάνοι
2638 904 3157 972 ὲναντιοφωνοῦντες
3179 906 3314 974 πρδς
3349 907 3594 967 ἑαυτοὺς,
3617 908 3674 959 ἀ)
3690 906 3761 957 λὰ

2183 999 2277 1050 καὶ
2304 999 2360 1049 ὲν
2396 998 2605 1068 ἑτέροις
2647 998 2881 1060 πολλοῖς,
2939 999 3081 1067 ἅπερ
3138 1000 3237 1050 οὐκ
3293 998 3407 1050 ἔστι
3454 1016 3537 1060 τις
3594 1001 3761 1069 χρεία

2185 1092 2329 1145 κατὰ
2361 1092 2421 1145 τδ
2454 1093 2629 1161 παρὸν
2652 1092 2837 1157 λέγειν
2891 1090 3021 1159 περὶ
3074 1094 3319 1145 ἐκείνων.
3372 1093 3563 1159 Ὅμως
3624 1096 3759 1159 περὶ

2186 1184 2304 1245 ἐνὸς
2339 1184 2605 1252 εἴπωμεν.
2666 1183 2832 1248 Λέγει
2873 1183 2901 1234 6
2931 1182 3165 1250 Χριστὸς
3221 1182 3278 1235 ὲν
3325 1181 3401 1249 τῷ
3432 1182 3756 1249 Εὑαγγελίῳ

2184 1273 2267 1325 ὃτι
2302 1272 2396 1325 ἐὰν
2432 1273 2504 1342 μή
2531 1289 2617 1335 τις
2666 1272 2961 1340 βαπτισθῇ,
2998 1273 3099 1324 οὐκ
3148 1271 3266 1324 ἐστι
3304 1272 3398 1324 τοῦ
3433 1272 3565 1325 Θεοῦ
3629 1273 3761 1325 οὐδὲ

2184 1364 2285 1432 τῆς
2320 1363 2618 1433 σωτηρίαςο
2645 1365 2672 1415 6
2700 1362 2946 1430 Μωάμεθ
2993 1365 3264 1431 μαρτυρεῖ
3318 1362 3377 1414 τὸ
3418 1363 3760 1429 Εὑαγγέλιον

2186 1452 2344 1520 ἆγιον
2374 1457 2467 1507 καὶ
2507 1455 2709 1505 τέλειον
2738 1454 2830 1505 καὶ
2865 1452 3044 1515 εὺθές·
3083 1455 3132 1504 οἱ
3188 1454 3761 1522 Μουσουλμὰνοιτοὺς

2187 1545 2692 1616 περιτετμημένους
2771 1544 3078 1612 λογίζονται
3132 1545 3484 1612 ὀρθοδόξους,
3534 1547 3659 1607 τοὺς
3700 1546 3760 1598 δὲ

2194 1636 2673 1705 βεϐαπτισμένους
2725 1636 2962 1698 ἀσεϐεῖς.
3017 1637 3078 1689 Et
3116 1639 3212 1706 μὲν
3242 1632 3334 1689 οὖν
3368 1637 3624 1705 στέργετε
3662 1639 3761 1689 τὸν

2190 1726 2432 1794 Μωάμεθ
2478 1726 2559 1777 ὅτι
2617 1724 2835 1791 ἀληθῶς
2871 1724 3042 1792 λέγει,
3107 1726 3223 1788 πῶς
3279 1726 3577 1794 ὀνομάζετε
3630 1727 3761 1786 τοὺς

525 1804 792 1875 γίζωνται
841 1816 937 1874 τὰς
974 1817 1234 1882 πορνείας
1280 1818 1460 1869 αὐτῶν
1512 1818 1627 1869 ἀντ’
1679 1820 1913 1883 οὐδενὸς,
1975 1820 2088 1874 ἀλλ’
2123 1822 2162 1875 Β
2192 1812 2664 1881 βεδαπτισμένους
2698 1813 2939 1875 ἀσεϐεῖς,
2981 1817 3078 1865 καὶ
3132 1815 3232 1866 οὐκ
3285 1814 3628 1866 ἀκολουθεῖτε
3687 1817 3756 1882 τῇ

525 1902 838 1967 ἀνάγωνται
871 1904 1009 1955 κατά
1041 1903 1239 1975 μικρὸν
1264 1906 1343 1968 είς
1374 1910 1434 1959 τὸ
1457 1908 1609 1973 έξῆς,
1643 1910 1723 1971 είς
1753 1910 2089 1981 ὑψηλοτέραν
2190 1904 2285 1956 τοῦ
2310 1903 2640 1971 Εὐαγγελίου
2676 1903 3014 1973 διδασκαλίᾳ,
3044 1904 3137 1955 καὶ
3182 1904 3465 1971 λογίζεσθε
3498 1906 3621 1962 τοὺς
3653 1905 3757 1971 μὲν

526 1993 729 2058 γνῶσιν
753 1995 847 2046 καὶ
876 1995 1189 2060 πολιτείαν,
1228 1999 1350 2050 ἐπεὶ
1372 1999 1467 2051 οὐκ
1494 2000 1644 2070 ἐδόοη
1667 2002 1975 2069 ὀρθοδοξίας
1992 2005 2090 2073 χά-

529 2097 616 2151 ριν
646 2083 798 2152 παρὰ
827 2081 961 2137 Θεοῦ
1002 2087 1034 2155 ἡ
1067 2089 1369 2160 περιτομὴ.
1395 2090 1531 2143 ἀλλὰ
1564 2090 1723 2159 μόνον
1754 2090 1821 2144 δι’
1854 2092 1919 2157 ἃς
1947 2095 2092 2148 εῐπο-

525 2192 625 2243 μεν
655 2175 860 2239 αἰτίας.

595 2268 802 2322 Ὀτιδὲ
830 2270 1079 2334 ἐλθόντος
1137 2272 1233 2327 τοῦ
1287 2274 1529 2345 Χριστοῦ
1566 2277 1808 2348 ἧργησεν
1856 2279 1884 2351 6
1929 2279 2092 2348 νόμος

527 2357 619 2409 καὶ
648 2359 771 2411 οὐδὲ
802 2363 1075 2431 περιτομὴ
1105 2364 1272 2426 ἔστιν,
1323 2366 1415 2431 ἀφ’
1449 2361 1525 2420 ὧν
1589 2368 1805 2436 μέλλεις
1860 2370 2091 2422 ἀκοῦσαι

529 2449 825 2517 πρόσσχες.
853 2451 925 2501 T'o
953 2452 1049 2520 μὲν
1075 2453 1237 2523 339
1270 2455 1550 2526 βάπτισμα
1581 2460 1729 2525 παρὰ
1760 2458 1893 2511 Θεοῦ
1941 2460 2093 2513 δοθὲν

524 2539 839 2608 ὀρθοδοξίας
868 2544 1028 2613 χάριν
1066 2547 1253 2616 ἐδόθη,
1285 2548 1481 2600 καὶδιά
1503 2549 1660 2600 τοῦτο
1678 2550 1876 2611 πάντες
1902 2550 2092 2619 ἄνδρες

525 2631 621 2682 καὶ
654 2634 828 2687 πᾶσαι
890 2639 1151 2702 γυναῖκες
1195 2638 1571 2705 βαπτίζονται,
1603 2642 1631 2692 6
1682 2641 1737 2693 δὲ
1777 2641 1851 2709 μὴ
1901 2641 2094 2710 βαπτι-

528 2720 677 2784 σθεὶς
704 2724 806 2776 οὐκ
868 2723 1019 2778 ἔστιν
1054 2729 1354 2795 ὀρθόδοξο;’
1388 2731 1420 2800 ἡ
1449 2730 1506 2783 δὲ
1551 2732 1824 2801 περιτομὴ
1877 2733 1973 2801 οὐχ
2002 2732 2093 2785 οῦ-

521 2828 654 2877 τως,
687 2814 823 2869 ἀλλά
863 2817 1025 2885 μόνον
1071 2819 1121 2871 οί
1174 2819 1372 2887 ἄνδρες
1432 2822 1872 2889 περιτέμνονται,
1932 2824 1986 2876 αἱ
2036 2823 2093 2876 δὲ

526 2906 788 2970 γυναῖκες
815 2907 955 2975 οὐχί.
986 2907 1172 2961 Ἕοικε
1203 2910 1335 2976 γοῦν
1372 2910 1457 2962 ἵνα
1510 2912 1558 2963 οί
1611 2912 1711 2981 μὲν
1768 2912 1960 2981 ἄνδρες
2018 2914 2094 2977 ὡς

526 2998 994 3064 περιτετμημένοι
1021 2991 1153 3050 ὦσιν
1186 2999 1480 3069 ὀρθόδοξοι,
1526 3001 1664 3054 αίδὲ
1712 3006 1973 3070 γυναῖκες
2015 3005 2093 3069 ὡς

524 3070 897 3155 ἀπερίτμητοι
928 3088 1166 3150 ἀσεϐεῖς.
1198 3090 1428 3154 Βλέπεις
1490 3092 1608 3155 πῶς
1669 3093 1828 3156 ἄλλος
1880 3096 2027 3148 ἐστίν
2062 3099 2089 3151 6

524 3180 624 3250 τῆς
656 3185 965 3254 περιτομῆς
1008 3184 1306 3253 λόγος,καὶ
1342 3186 1516 3250 ἄλλως
1564 3188 1810 3242 ποιοῦσιν
1841 3190 1890 3242 οἱ
1936 3192 2085 3244 Μου-

527 3367 680 3416 nens,
721 3370 789 3410 ne
812 3357 1067 3411 connubii
1100 3358 1417 3413 societatem
1476 3360 1701 3423 inirent,
1762 3362 1957 3430 partim
2018 3363 2088 3417 ob

524 3458 669 3510 eam,
706 3462 868 3514 quam
905 3450 1286 3518 exposuimus,
1315 3465 1560 3515 causam,
1599 3454 1793 3521 partim
1850 3462 1912 3507 ut
1972 3463 2084 3506 tum

524 3551 649 3590 cum
692 3538 954 3593 liberandi
1012 3540 1231 3607 forent,
1264 3545 1439 3611 parati
1485 3553 1539 3597 et
1581 3544 1822 3613 insignes
1877 3556 2083 3603 essent.

523 3629 658 3684 Nam
694 3631 738 3685 si
765 3632 940 3701 juncti
997 3633 1230 3689 fuissent
1288 3635 1504 3701 alienis,
1557 3637 1830 3704 quomodo
1882 3639 2086 3693 servari

525 3723 1357 3789 potuissentAbrahamisemcn
1389 3735 1443 3780 et
1497 3727 1709 3795 genus?
1757 3736 1920 3795 atque
1987 3731 2090 3785 hac

524 3812 590 3868 de
613 3830 777 3869 causa
802 3816 1221 3871 circumcisione
1262 3833 1357 3885 per
1392 3833 1505 3882 eos,
1563 3834 1701 3885 quos
1763 3819 1815 3871 in
1876 3820 2087 3872 deserta

524 3906 745 3975 regione
772 3909 1123 3972 oberrabant,
1163 3923 1337 3963 annos
1394 3910 1753 3978 quadraginta
1794 3910 1922 3961 'non
1971 3917 2089 3961 ute-

524 3998 745 4063 bantur,
771 3998 862 4073 sed
890 4000 1181 4052 utebantur
1235 4014 1298 4053 ea
1348 4000 1400 4052 in
1459 3999 1717 4070 Egypto,
1772 4006 1826 4051 et
1892 3996 2089 4051 deinde

526 4088 886 4149 rursus,'eum
936 4103 967 4143 e
997 4088 1206 4144 deserta
1258 4089 1475 4158 regione
1529 4091 1787 4144 exissent.
1842 4087 2089 4143 Circum-

524 4178 746 4232 cisionis
771 4179 907 4233 alter
939 4180 1063 4235 linis
1096 4180 1263 4250 igitur
1325 4181 1374 4235 is
1431 4190 1537 4245 εει,
1598 4196 1759 4250 quem
1816 4180 2080 4233 diximus.

527 4269 678 4323 Alter
709 4281 886 4324 autem
916 4272 987 4325 ita
1011 4272 1173 4327 habet
1199 4290 1213 4325 :
1242 4281 1300 4325 ut
1329 4272 1579 4327 in‘earne
1634 4271 1950 4327 circumcisi
2019 4271 2085 4324 ad

528 4362 951 4418 moderationem
986 4370 1040 4417 et
1069 4363 1480 4431 temperantiam
1533 4365 1653 4417 vitm
1688 4380 1745 4417 se
1775 4364 2087 4418 conforma-

2193 1994 2698 2064 περιτετμημένους
2731 1994 2915 2057 κακῶς
2947 1994 3255 2059 ποιοῦνίας,
3286 1996 3411 2056 τοὺς
3451 1994 3509 2047 δὲ
3544 1994 3758 2062 βεβαπ-

2194 2082 2484 2150 τισμένους
2525 2082 2783 2145 εὐσεϐῶς.
2828 2084 2962 2135 ἁλλά
2990 2083 3252 2136 τάναντία
3309 2086 3584 2151 φρονεῖτε,
3636 2082 3757 2135 Οὐκ

2194 2173 2312 2224 ἔστι
2374 2173 2642 2242 πρόδηλον
2686 2174 2766 2226 ὅτι
2826 2174 2980 2226 αὐτοὶ
3037 2175 3248 2235 ἑαυτοῖς
3295 2173 3456 2244 340
3517 2174 3755 2241 μάχεσθε

2193 2267 2287 2318 καὶ
2347 2265 2501 2318 αὐτοὶ
2551 2266 2780 2329 ἑαυτοὺς
2808 2267 3181 2335 ἀνατρέπετε;
3226 2265 3386 2317 Ἀλλὰ
3435 2266 3607 2318 ταῦτα
3654 2258 3757 2332 μὲν

2193 2356 2387 2417 οὓτως.

2279 2449 2435 2502 Ἐπεὶ
2464 2448 2520 2501 δὲ
2545 2449 2572 2500 ὁ
2604 2448 2857 2517 Ἰσραὴλ,
2886 2448 2945 2502 ὃν
2975 2449 3222 2517 λέγουσιν
3266 2450 3315 2501 οἱ
3340 2449 3755 2515 Μουσουλμάνοι

2194 2537 2341 2608 ἔχειν
2376 2542 2723 2611 προπάτορα,
2750 2540 2872 2593 οὔτε
2915 2543 3053 2610 μετὰ
3080 2540 3189 2596 τῶν
3236 2541 3507 2610 Ἐϐραίων
3557 2542 3757 2610 κατῆλ-

2196 2630 2289 2682 θεν
2310 2632 2391 2692 είς
2428 2631 2727 2698 Αἴγυπτον,
2763 2632 2844 2684 ὅτι
2873 2633 2929 2683 ὲν
2959 2632 3151 2701 ἐκείνῳ
3178 2632 3337 2699 χρεία
3353 2631 3451 2683 οὐκ
3478 2628 3542 2702 ἦν
3568 2630 3756 2699 ὥσπερ

2193 2723 2309 2782 τοῖς
2350 2722 2648 2789 Ἑϐραίοις,
2709 2720 2835 2774 οὔτε
2901 2721 3392 2789 συγκατελογίζετο
3449 2724 3584 2791 μετὰ
3645 2724 3755 2774 τῶν

2194 2810 2557 2880 κληρονόμων
2586 2812 2680 2865 τοῦ
2734 2812 3012 2884 Ἀϐραὰμ,
3042 2814 3178 2866 διότι
3216 2815 3244 2865 6
3274 2814 3406 2877 Θεῆς
3437 2814 3605 2866 οζτως
3638 2816 3755 2865 ένε-

2195 2902 2413 2954 τείλατο
2444 2902 2521 2972 τῷ
2557 2902 2813 2974 Ἀϐραὰμ
2858 2906 3029 2958 εἰπών
3053 2921 3066 2935 ο
3106 2924 3124 2956 ι
3157 2906 3392 2958 Ἔκϐαλε
3426 2906 3520 2974 τὴν
3570 2905 3755 2957 παιδί-

2196 3011 2333 3063 σκην
2366 2997 2505 3063 μετά
2541 2995 2635 3049 τοῦ
2688 2997 2803 3050 υἱοῦ
2845 2998 3015 3066 αὐτῆς
3040 3014 3052 3027 °
3082 2999 3142 3050 οὐ
3187 3000 3293 3065 γὰρ
3359 2998 3429 3065 μὴ
3491 2998 3785 3075 κληρονοοῖ

2199 3089 2350 3159 μήσῃ
2399 3091 2426 3140 6
2470 3089 2583 3150 υίὸς
2623 3089 2722 3157 τῆς
2778 3090 3074 3157 παιδίσκης
3147 3092 3285 3159 μετά
3331 3088 3425 3142 τοῦ
3483 3088 3600 3141 υἱοῦ
3652 3089 3754 3156 τῆς

2192 3177 2500 3249 ἐλευθέρας.
2543 3198 2562 3232 ι
2599 3179 2712 3234 Καὶ
2734 3181 2999 3251 ὲξεῦλήθη
3031 3182 3057 3233 ὁ
3088 3181 3315 3251 Ἰσμαὴλ
3345 3180 3485 3251 μετά
3515 3181 3612 3247 τῆς
3646 3198 3753 3249 μη-

2189 3358 2569 3426 τειίοηεῐη,ἐι
2601 3369 2805 3417 temere
2839 3377 2997 3431 agere
3030 3361 3418 3425 llusulmanos,
3442 3362 3533 3429 qui
3559 3376 3747 3415 omnes

2189 3467 2294 3505 non
2328 3452 2683 3508 circumcisos
2718 3455 2911 3523 lmpins
2946 3470 3068 3509 esse
3115 3455 3449 3507 existimant.
3478 3454 3621 3505 Adeo
3651 3470 3749 3504 vo-

2188 3543 2399 3598 biscum
2450 3545 2581 3613 ipsis
2640 3547 2915 3615 pugnatis,
2963 3558 3016 3602 ct
3053 3548 3197 3616 quod
3254 3548 3325 3600 ob
3374 3546 3746 3615 orthodoxiam

2189 3650 2334 3689 nunc
2364 3636 2562 3699 colitis,
2601 3639 2650 3691 id
2683 3653 2830 3692 nunc
2870 3639 3157 3708 negligitis.
3619 3693 3630 3705 ,

2261 3724 2444 3780 Necin
2475 3728 2577 3782 hac
2621 3744 2727 3782 una
2783 3743 2841 3782 re
2908 3728 3233 3781 Musulmani
3297 3726 3587 3781 manifesto
3642 3728 3739 3782 silli

2191 3829 2514 3885 repugnant,
2547 3818 2637 3872 sed
2672 3819 2724 3871 in
2768 3819 2955 3873 multis
2980 3830 3240 3888 praeterea
3276 3819 3418 3884 aliis,
3443 3818 3510 3871 de
3540 3819 3732 3886 quibus

2191 3922 2335 3961 nunc
2367 3908 2549 3961 dicere
2576 3910 2708 3962 nihil
2746 3910 2959 3963 attinet.
2990 3910 3063 3963 De
3121 3926 3228 3963 una
3286 3918 3466 3963 tamen
3516 3924 3741 3977 cxpoua.

2192 4014 2334 4051 mus.
2364 3999 2611 4054 Christus
2641 4000 2691 4052 in
2726 4000 3014 4069 Evangelio
3045 4000 3197 4065 dicit,
3252 4001 3361 4054 nisi
3404 4000 3501 4068 qui
3575 4000 3747 4067 bapti-

2189 4098 2362 4155 zetur,
2400 4092 2671 4145 neminem
2717 4092 2806 4146 Dei
2841 4101 2929 4147 ant
2983 4093 3181 4146 salutis
3240 4106 3383 4147 esse.
3435 4089 3552 4144 Jam
3616 4105 3744 4143 vero

2190 4180 2522 4236 Mohamctes
2554 4183 2905 4251 Evangelium
2959 4194 3234 4245 sanctum,
3289 4182 3579 4250 perfectum
3631 4182 3750 4249 jus-

2190 4280 2411 4340 tumque
2448 4287 2565 4327 esse
2600 4272 2752 4337 dicit,
2790 4272 3112 4326 Musulmani
3173 4283 3352 4327 autem
3402 4267 3749 4325 circumcisos

2191 4363 2547 4426 orthodoxos,
2608 4363 2911 4432 baptizatos
2960 4363 3157 4431 impios
3217 4378 3339 4418 esse
3396 4362 3747 4417 arbitrantur.

525 4461 666 4516 rent,
699 4469 834 4507 neve
877 4454 1066 4508 lascivi
1105 4463 1159 4508 et
1183 4454 1351 4507 animi
1381 4456 1694 4522 impotentis
1720 4464 1930 4518 essent,
1986 4457 2083 4511 sed
2120 4450 2162 4503 D
2192 4450 2390 4514 Quodsi
2428 4451 2784 4506 Mohametem
2812 4463 2871 4506 ut
2903 4469 3030 4507 vera
3055 4454 3343 4508 docentem
3376 4452 3746 4516 veneramini,

524 4543 805 4598 libidinem
843 4544 1359 4598 nihilizestimarent
1395 4559 1458 4597 ac
1516 4546 1774 4613 paulatim
1831 4547 2090 4617 deinceps

525 4637 591 4691 ad
625 4628 902 4692 meliorem
965 4637 1336 4708 cognitionem
1395 4639 1671 4705 vitamque
1706 4638 2089 4703 eveherentur,

523 4730 957 4801 quandoquidem
992 4745 1096 4783 non
1128 4730 1463 4785 orthodoxia:
1520 4745 1708 4793 causa,
1733 4731 1826 4784 scd
1880 4715 2088 4786 tantum

523 4826 596 4874 ob
630 4837 746 4887 eas,
770 4836 908 4889 quas
941 4820 1073 4883 dixi,
1103 4836 1315 4884 causas,
1343 4822 1691 4878 circumcisio
1714 4824 1959 4878 instituta
1985 4834 2090 4879 est.

595 4913 709 4966 Cur
742 4925 923 4966 autem
951 4924 1075 4983 post
1108 4912 1400 4968 adventum
1438 4914 1641 4969 Christi
1703 4916 1789 4971 lex
1844 4919 2091 4989 neglecta

525 5004 688 5058 fuerit
717 5020 816 5059 nec
839 5004 891 5058 in
930 5022 1030 5061 usu
1058 5006 1128 5059 sit
1151 5007 1519 5074 circumcisio,
1561 5008 1613 5062 id
1669 5008 1814 5063 unde
1877 5010 2089 5076 discas,

522 5093 674 5149 audi.
734 5095 775 5148 Δ
817 5097 923 5150 Deo
962 5097 1147 5150 datum
1209 5097 1474 5167 baptisma
1531 5099 1869 5153 orthodosise
1923 5116 2089 5156 causa

525 5185 837 5240 institutum
867 5196 953 5242 est
985 5206 999 5242 :
1029 5204 1365 5261 quapropter
1396 5206 1585 5246 omnes
1626 5201 1680 5246 et
1739 5192 1843 5246 viri
1906 5204 1959 5246 et
2015 5193 2092 5247 fe-

526 5277 686 5329 mina:
717 5278 1085 5345 baptizantur.
1116 5296 1215 5334 nec
1278 5282 1620 5335 orthodoxus
1674 5292 1780 5343 est,
1835 5283 1928 5351 qui
1982 5298 2089 5337 non

524 5378 608 5423 est
634 5369 959 5439 baptizatus.
993 5373 1212 5426 Diversa
1278 5382 1360 5427 est
1423 5375 1565 5426 ratio
1620 5374 2090 5440 circumcisionis,

525 5462 615 5517 cui
639 5462 694 5517 in
720 5465 854 5521 viris
885 5465 1037 5521 locus
1067 5473 1170 5529 est,
1204 5466 1258 5519 in
1322 5463 1542 5520 feminis
1592 5480 1698 5517 non
1756 5475 1877 5520 est:
1948 5469 2092 5521 unde

526 5556 652 5624 quis
678 5557 912 5627 colligat,
942 5558 1088 5612 viros
1120 5564 1304 5625 utpote
1354 5556 1715 5612 circumcisos
1754 5558 2091 5612 orthodoxos

528 5661 671 5711 esse,
706 5647 953 5716 feminas,
1007 5648 1205 5717 quippe
1254 5662 1377 5716 quae
1436 5662 1545 5702 non
1597 5648 2087 5717 circumciduntur.

532 5737 748 5808 impias.
796 5739 962 5795 Vides
995 5739 1180 5812 igitur,
1210 5740 1479 5795 diversam
1513 5754 1635 5796 esse
1656 5741 2090 5798 circumcisionis

2192 4545 2463 4614 quomodo
2494 4544 2796 4613 baptizatos
2819 4546 3016 4614 impios
3050 4546 3354 4614 appellatis;
3376 4560 3472 4599 nec.
3492 4554 3748 4612 przeccpta

2192 4635 2470 4704 Evangelii
2512 4638 2685 4689 secuti
2715 4651 2832 4701 eos,
2884 4636 2975 4704 qui
3026 4636 3528 4697 circumciduntur,
3572 4634 3747 4702 impie.

2193 4729 2285 4793 qui
2321 4727 2689 4796 baptizantur,
2752 4729 2837 4796 pie
2892 4743 3054 4796 agere
3121 4728 3473 4791 existimatis,
3531 4728 3619 4780 sed
3672 4728 3753 4781 his

2193 4818 2469 4872 contraria
2503 4818 2969 4873 sentitis?Nonuc
3001 4818 3054 4871 in
3084 4827 3274 4886 aperto
3305 4827 3409 4881 est,
3442 4834 3539 4872 vos
3574 4820 3755 4871 nobis-

2194 4925 2315 4964 cum
2344 4925 2581 4980 pugnare
2610 4920 2663 4962 et
2704 4918 2888 4964 vestro
2914 4924 3008 4963 vos
3065 4908 3245 4977 gladio
3303 4908 3619 4962 coniicere?
3661 4909 3749 4961 ενι]

2194 5002 2308 5055 haec
2346 5003 2563 5070 quidem
2614 5002 2902 5054 hactenus.

2267 5093 2707 5157 Dcindelsmael,
2763 5107 2924 5161 quem
2981 5091 3305 5144 Masulmani
3356 5100 3635 5145 auctorem
3698 5104 3755 5143 se

2194 5181 2394 5235 habere
2439 5183 2651 5244 dicunt,
2712 5195 2809 5235 nec
2868 5197 2989 5234 cum
3054 5179 3299 5237 llelrrteis
3362 5181 3417 5234 in
3468 5180 3752 5250 Aigyptum

2192 5276 2366 5339 venit,
2400 5266 2660 5344 quoniam
2700 5276 2777 5330 illi
2811 5292 2941 5339 non,
2980 5285 3041 5329 ut
3098 5274 3365 5338 Hebraeis,
3424 5289 3563 5343 Opus
3619 5280 3752 5335 erat,

2193 5383 2293 5422 nec
2328 5378 2647 5422 numeratus
2664 5377 2746 5421 est
2780 5370 2831 5421 iu
2866 5366 3176 5421 ltaaredibus
3206 5367 3525 5431 Abrahami,
3591 5380 3758 5433 quan-

2192 5461 2484 5531 doquidem
2547 5461 2688 5513 Deus
2737 5459 2811 5513 ita
2873 5459 3161 5528 imperavit
3191 5458 3507 5511 Abrahamo
3535 5472 3550 5509 :
3583 5455 3781 5525 «Eiicer

2192 5552 2444 5606 ancillam
2480 5535 2603 5606 cum
2640 5551 2750 5606 [ilio
2782 5551 2939 5619 ejus;
2984 5550 3323 5619 nequeenim
3352 5547 3564 5602 ancillae
3592 5545 3753 5599 lilium

2193 5661 2319 5700 eum
2354 5646 2466 5699 tilio
2495 5645 2748 5715 ingenuae
2779 5643 3028 5699 mulieris
3062 5644 3315 5697 heredem
3380 5653 3506 5694 esse
3544 5636 3747 5691 decet.»

2197 5739 2409 5809 Ejectus
2440 5739 2605 5809 igitur
2633 5748 2715 5794 est
2742 5737 2931 5795 lsmael
2959 5752 3082 5793 cum
3116 5737 3257 5806 Agar
3286 5741 3457 5788 matre
3483 5730 3550 5785 ab
3583 5727 3757 5783 Abra-
