  <div class='ocr_page' id='page_1' title='image "/cluster/home/n/w/nwhite01/storage/ocr_20150623/156/mdp.39015078384719/502.png"; bbox 0 0 4022 6294; ppageno 0'>
   <div class='ocr_carea' id='block_1_1' title="bbox 136 360 263 419">
    <p class='ocr_par' dir='ltr' id='par_1_1' title="bbox 136 360 263 419">
     <span class='ocr_line' id='line_1_1' title="bbox 136 360 263 419; baseline 0.008 -1"><span class='ocrx_word' id='word_1_1' title='bbox 136 360 263 419; x_wconf 72' lang='grc'><strong>925</strong></span> 
     </span>
    </p>
   </div>
   <div class='ocr_carea' id='block_1_2' title="bbox 1180 364 2369 432">
    <p class='ocr_par' dir='ltr' id='par_1_2' title="bbox 1180 364 2369 432">
     <span class='ocr_line' id='line_1_2' title="bbox 1180 364 2369 432; baseline 0.006 -9"><span class='ocrx_word' id='word_1_2' title='bbox 1180 364 1626 424; x_wconf 75' lang='lat' dir='ltr'><strong>CIIRONICON</strong></span> <span class='ocrx_word' id='word_1_3' title='bbox 1671 366 1944 428; x_wconf 77' lang='lat' dir='ltr'><strong>MAJUS.</strong></span> <span class='ocrx_word' id='word_1_4' title='bbox 1982 395 2048 404; x_wconf 88' lang='grc'><strong>·-</strong></span> <span class='ocrx_word' id='word_1_5' title='bbox 2084 370 2229 432; x_wconf 85' lang='lat' dir='ltr'><strong>LIB.</strong></span> <span class='ocrx_word' id='word_1_6' title='bbox 2269 370 2369 430; x_wconf 83' lang='lat' dir='ltr'><strong>IV.</strong></span> 
     </span>
    </p>
   </div>
   <div class='ocr_carea' id='block_1_3' title="bbox 3315 367 3419 431">
    <p class='ocr_par' dir='ltr' id='par_1_3' title="bbox 3315 367 3419 431">
     <span class='ocr_line' id='line_1_3' title="bbox 3315 367 3419 431; baseline 0.029 -3"><span class='ocrx_word' id='word_1_7' title='bbox 3315 367 3419 431; x_wconf 67' lang='lat'><strong>926</strong></span> 
     </span>
    </p>
   </div>
   <div class='ocr_carea' id='block_1_4' title="bbox 135 453 3417 556">
    <p class='ocr_par' dir='ltr' id='par_1_4' title="bbox 135 453 3417 556">
     <span class='ocr_line' id='line_1_4' title="bbox 135 453 3417 556; baseline 0.002 -28"><span class='ocrx_word' id='word_1_8' title='bbox 135 478 289 545; x_wconf 76' lang='grc' dir='ltr'>τρὸς</span> <span class='ocrx_word' id='word_1_9' title='bbox 320 475 485 529; x_wconf 76' lang='grc' dir='ltr'>αὑτοῦ</span> <span class='ocrx_word' id='word_1_10' title='bbox 547 475 729 547; x_wconf 71' lang='grc' dir='ltr'>Ἅγαρ</span> <span class='ocrx_word' id='word_1_11' title='bbox 782 478 889 531; x_wconf 76' lang='grc' dir='ltr'><strong>ἀπὸ</strong></span> <span class='ocrx_word' id='word_1_12' title='bbox 957 479 1051 531; x_wconf 91' lang='grc' dir='ltr'><strong>τοῦ</strong></span> <span class='ocrx_word' id='word_1_13' title='bbox 1118 470 1390 549; x_wconf 65' lang='grc' dir='ltr'>Ἁϐραάμ.</span> <span class='ocrx_word' id='word_1_14' title='bbox 1443 472 1505 534; x_wconf 79' lang='lat' dir='ltr'><strong>El</strong></span> <span class='ocrx_word' id='word_1_15' title='bbox 1545 453 1750 545; x_wconf 39' lang='grc' dir='ltr'>δ”ῐσως</span> <span class='ocrx_word' id='word_1_16' title='bbox 1787 494 1822 548; x_wconf 75' lang='grc' dir='ltr'><strong>Α</strong></span> <span class='ocrx_word' id='word_1_17' title='bbox 1856 483 1952 550; x_wconf 76' lang='grc' dir='ltr'><strong>ξας</strong></span> <span class='ocrx_word' id='word_1_18' title='bbox 1980 486 2038 537; x_wconf 83' lang='grc' dir='ltr'>ὲν</span> <span class='ocrx_word' id='word_1_19' title='bbox 2066 485 2205 553; x_wconf 83' lang='grc' dir='ltr'>αὐτῇ</span> <span class='ocrx_word' id='word_1_20' title='bbox 2246 484 2462 555; x_wconf 65' lang='grc' dir='ltr'>πληγὰς</span> <span class='ocrx_word' id='word_1_21' title='bbox 2503 483 2753 553; x_wconf 79' lang='grc' dir='ltr'>μεγάλας</span> <span class='ocrx_word' id='word_1_22' title='bbox 2804 484 3029 556; x_wconf 78' lang='grc' dir='ltr'>σφόδρα,</span> <span class='ocrx_word' id='word_1_23' title='bbox 3084 486 3178 540; x_wconf 78' lang='grc' dir='ltr'>καὶ</span> <span class='ocrx_word' id='word_1_24' title='bbox 3218 483 3417 553; x_wconf 76' lang='grc' dir='ltr'>ἔπληξε</span> 
     </span>
    </p>
   </div>
   <div class='ocr_carea' id='block_1_5' title="bbox 140 567 1745 642">
    <p class='ocr_par' dir='ltr' id='par_1_5' title="bbox 140 567 1745 642">
     <span class='ocr_line' id='line_1_5' title="bbox 140 567 1745 642; baseline 0.002 -21"><span class='ocrx_word' id='word_1_25' title='bbox 140 567 297 621; x_wconf 75' lang='grc' dir='ltr'>ποτὲ</span> <span class='ocrx_word' id='word_1_26' title='bbox 329 568 467 636; x_wconf 77' lang='grc' dir='ltr'>πρὸς</span> <span class='ocrx_word' id='word_1_27' title='bbox 507 569 600 621; x_wconf 73' lang='grc' dir='ltr'><strong>τὸν</strong></span> <span class='ocrx_word' id='word_1_28' title='bbox 644 569 897 640; x_wconf 73' lang='grc' dir='ltr'>’Λϐραὰμ</span> <span class='ocrx_word' id='word_1_29' title='bbox 929 569 1161 640; x_wconf 77' lang='grc' dir='ltr'><strong>Θεωρίας</strong></span> <span class='ocrx_word' id='word_1_30' title='bbox 1199 572 1363 642; x_wconf 73' lang='grc' dir='ltr'>χάριν</span> <span class='ocrx_word' id='word_1_31' title='bbox 1398 567 1587 641; x_wconf 79' lang='grc' dir='ltr'>ἦλθεν,</span> <span class='ocrx_word' id='word_1_32' title='bbox 1628 572 1745 624; x_wconf 83' lang='grc' dir='ltr'><strong>ἀλλ’</strong></span> 
     </span>
    </p>
   </div>
   <div class='ocr_carea' id='block_1_6' title="bbox 143 656 1744 733">
    <p class='ocr_par' dir='ltr' id='par_1_6' title="bbox 143 656 1744 733">
     <span class='ocr_line' id='line_1_6' title="bbox 143 656 1744 733; baseline 0.006 -24"><span class='ocrx_word' id='word_1_33' title='bbox 143 656 264 727; x_wconf 83' lang='grc' dir='ltr'>οὐχ</span> <span class='ocrx_word' id='word_1_34' title='bbox 307 659 387 720; x_wconf 84' lang='grc' dir='ltr'>ὡς</span> <span class='ocrx_word' id='word_1_35' title='bbox 424 660 539 722; x_wconf 84' lang='grc' dir='ltr'>υίὸς</span> <span class='ocrx_word' id='word_1_36' title='bbox 574 662 670 713; x_wconf 78' lang='grc' dir='ltr'>καὶ</span> <span class='ocrx_word' id='word_1_37' title='bbox 731 664 955 731; x_wconf 78' lang='grc' dir='ltr'>σπέρμα</span> <span class='ocrx_word' id='word_1_38' title='bbox 1018 664 1114 716; x_wconf 71' lang='grc' dir='ltr'><strong>καὶ</strong></span> <span class='ocrx_word' id='word_1_39' title='bbox 1159 663 1499 733; x_wconf 79' lang='grc' dir='ltr'><strong>κληρονόμος</strong></span> <span class='ocrx_word' id='word_1_40' title='bbox 1554 663 1744 718; x_wconf 78' lang='grc' dir='ltr'>αὑτοῦ.</span> 
     </span>
    </p>
   </div>
   <div class='ocr_carea' id='block_1_7' title="bbox 144 750 1745 826">
    <p class='ocr_par' dir='ltr' id='par_1_7' title="bbox 144 750 1745 826">
     <span class='ocr_line' id='line_1_7' title="bbox 144 750 1745 826; baseline 0.002 -21"><span class='ocrx_word' id='word_1_41' title='bbox 144 750 383 805; x_wconf 84' lang='grc' dir='ltr'>Τούτου</span> <span class='ocrx_word' id='word_1_42' title='bbox 420 754 553 820; x_wconf 86' lang='grc' dir='ltr'>γοῦν</span> <span class='ocrx_word' id='word_1_43' title='bbox 588 754 762 817; x_wconf 72' lang='grc' dir='ltr'>οὕτως</span> <span class='ocrx_word' id='word_1_44' title='bbox 797 756 1037 826; x_wconf 78' lang='grc' dir='ltr'>ἔχοντος,</span> <span class='ocrx_word' id='word_1_45' title='bbox 1069 757 1238 809; x_wconf 83' lang='grc' dir='ltr'>πόθεν</span> <span class='ocrx_word' id='word_1_46' title='bbox 1273 758 1491 825; x_wconf 76' lang='grc' dir='ltr'>ἔχουσιν</span> <span class='ocrx_word' id='word_1_47' title='bbox 1519 757 1568 809; x_wconf 76' lang='lat' dir='ltr'><strong>oi</strong></span> <span class='ocrx_word' id='word_1_48' title='bbox 1604 756 1745 810; x_wconf 81' lang='grc' dir='ltr'>Μου-</span> 
     </span>
    </p>
   </div>
   <div class='ocr_carea' id='block_1_8' title="bbox 147 844 1748 916">
    <p class='ocr_par' dir='ltr' id='par_1_8' title="bbox 147 844 1748 916">
     <span class='ocr_line' id='line_1_8' title="bbox 147 844 1748 916; baseline 0.003 -20"><span class='ocrx_word' id='word_1_49' title='bbox 147 845 474 913; x_wconf 83' lang='grc' dir='ltr'>σουλμάνοι</span> <span class='ocrx_word' id='word_1_50' title='bbox 501 848 600 916; x_wconf 78' lang='grc' dir='ltr'><strong>τὴν</strong></span> <span class='ocrx_word' id='word_1_51' title='bbox 635 848 822 901; x_wconf 87' lang='grc' dir='ltr'>πίστιν</span> <span class='ocrx_word' id='word_1_52' title='bbox 852 849 951 901; x_wconf 84' lang='grc' dir='ltr'>οὐκ</span> <span class='ocrx_word' id='word_1_53' title='bbox 981 844 1122 903; x_wconf 76' lang='grc' dir='ltr'>οῖδα.</span> <span class='ocrx_word' id='word_1_54' title='bbox 1152 849 1251 901; x_wconf 69' lang='grc' dir='ltr'>Διὰ</span> <span class='ocrx_word' id='word_1_55' title='bbox 1298 849 1458 900; x_wconf 86' lang='grc' dir='ltr'>τοῦτο</span> <span class='ocrx_word' id='word_1_56' title='bbox 1489 849 1589 900; x_wconf 84' lang='grc' dir='ltr'>οὐκ</span> <span class='ocrx_word' id='word_1_57' title='bbox 1618 849 1748 901; x_wconf 85' lang='grc' dir='ltr'>ἀνα-</span> 
     </span>
    </p>
   </div>
   <div class='ocr_carea' id='block_1_9' title="bbox 149 938 1748 1011">
    <p class='ocr_par' dir='ltr' id='par_1_9' title="bbox 149 938 1748 1011">
     <span class='ocr_line' id='line_1_9' title="bbox 149 938 1748 1011; baseline 0.001 -21"><span class='ocrx_word' id='word_1_58' title='bbox 149 938 429 1006; x_wconf 75' lang='grc' dir='ltr'>φαίνεται</span> <span class='ocrx_word' id='word_1_59' title='bbox 462 939 570 991; x_wconf 80' lang='grc' dir='ltr'>ἀπό</span> <span class='ocrx_word' id='word_1_60' title='bbox 600 956 747 1002; x_wconf 84' lang='grc' dir='ltr'>τινος</span> <span class='ocrx_word' id='word_1_61' title='bbox 783 942 1112 1010; x_wconf 79' lang='grc' dir='ltr'>πράγματος</span> <span class='ocrx_word' id='word_1_62' title='bbox 1137 942 1243 1010; x_wconf 82' lang='grc' dir='ltr'><strong>πρὸ</strong></span> <span class='ocrx_word' id='word_1_63' title='bbox 1273 941 1364 993; x_wconf 86' lang='grc' dir='ltr'><strong>τοῦ</strong></span> <span class='ocrx_word' id='word_1_64' title='bbox 1399 940 1646 1011; x_wconf 75' lang='grc' dir='ltr'>Μωὰμεθ</span> <span class='ocrx_word' id='word_1_65' title='bbox 1683 942 1748 993; x_wconf 71' lang='grc' dir='ltr'>ἐκ</span> 
     </span>
    </p>
   </div>
   <div class='ocr_carea' id='block_1_10' title="bbox 148 1028 1743 1101">
    <p class='ocr_par' dir='ltr' id='par_1_10' title="bbox 148 1028 1743 1101">
     <span class='ocr_line' id='line_1_10' title="bbox 148 1028 1743 1101; baseline 0.001 -19"><span class='ocrx_word' id='word_1_66' title='bbox 148 1031 261 1083; x_wconf 82' lang='grc' dir='ltr'><strong>τοῦ</strong></span> <span class='ocrx_word' id='word_1_67' title='bbox 302 1030 567 1101; x_wconf 76' lang='grc' dir='ltr'>Ἀϐραὰμ</span> <span class='ocrx_word' id='word_1_68' title='bbox 600 1028 737 1083; x_wconf 67' lang='grc' dir='ltr'>εἶναι</span> <span class='ocrx_word' id='word_1_69' title='bbox 770 1033 871 1099; x_wconf 82' lang='grc' dir='ltr'>τὴν</span> <span class='ocrx_word' id='word_1_70' title='bbox 905 1034 1013 1084; x_wconf 84' lang='grc' dir='ltr'>τῶν</span> <span class='ocrx_word' id='word_1_71' title='bbox 1044 1033 1490 1101; x_wconf 77' lang='grc' dir='ltr'>Μουσουλμάνων</span> <span class='ocrx_word' id='word_1_72' title='bbox 1518 1033 1704 1084; x_wconf 85' lang='grc' dir='ltr'>πίστιν</span> <span class='ocrx_word' id='word_1_73' title='bbox 1728 1047 1743 1063; x_wconf 83' lang='grc'><em>’</em></span> 
     </span>
    </p>
   </div>
   <div class='ocr_carea' id='block_1_11' title="bbox 155 1122 1746 1193">
    <p class='ocr_par' dir='ltr' id='par_1_11' title="bbox 155 1122 1746 1193">
     <span class='ocr_line' id='line_1_11' title="bbox 155 1122 1746 1193; baseline 0 -20"><span class='ocrx_word' id='word_1_74' title='bbox 155 1123 290 1193; x_wconf 58' lang='grc' dir='ltr'>ἀλλ’</span> <span class='ocrx_word' id='word_1_75' title='bbox 326 1124 493 1184; x_wconf 72' lang='grc' dir='ltr'>αὐτός</span> <span class='ocrx_word' id='word_1_76' title='bbox 524 1125 675 1175; x_wconf 77' lang='grc' dir='ltr'>ἐστιν</span> <span class='ocrx_word' id='word_1_77' title='bbox 698 1124 727 1174; x_wconf 90' lang='lat'><strong>6</strong></span> <span class='ocrx_word' id='word_1_78' title='bbox 760 1123 1129 1193; x_wconf 80' lang='grc' dir='ltr'>ἀρχηγδςτῶν</span> <span class='ocrx_word' id='word_1_79' title='bbox 1158 1123 1416 1175; x_wconf 82' lang='grc' dir='ltr'>τοιούτων</span> <span class='ocrx_word' id='word_1_80' title='bbox 1434 1122 1746 1190; x_wconf 77' lang='grc' dir='ltr'>δογμάτων,</span> 
     </span>
    </p>
   </div>
   <div class='ocr_carea' id='block_1_12' title="bbox 154 1191 1748 1279">
    <p class='ocr_par' dir='ltr' id='par_1_12' title="bbox 154 1191 1748 1279">
     <span class='ocr_line' id='line_1_12' title="bbox 154 1191 1748 1279; baseline -0.003 -9"><span class='ocrx_word' id='word_1_81' title='bbox 154 1191 271 1270; x_wconf 66' lang='grc' dir='ltr'><strong>καῖ</strong></span> <span class='ocrx_word' id='word_1_82' title='bbox 301 1217 388 1269; x_wconf 84' lang='grc' dir='ltr'><strong>ὅτι</strong></span> <span class='ocrx_word' id='word_1_83' title='bbox 408 1215 519 1268; x_wconf 78' lang='grc' dir='ltr'>ἀπὸ</span> <span class='ocrx_word' id='word_1_84' title='bbox 541 1214 747 1277; x_wconf 76' lang='grc' dir='ltr'>κοιλίας</span> <span class='ocrx_word' id='word_1_85' title='bbox 776 1191 943 1268; x_wconf 76' lang='grc' dir='ltr'>αὑτοῦ</span> <span class='ocrx_word' id='word_1_86' title='bbox 970 1215 1209 1279; x_wconf 75' lang='grc' dir='ltr'>ἐδίδαξεν</span> <span class='ocrx_word' id='word_1_87' title='bbox 1239 1217 1338 1268; x_wconf 80' lang='grc' dir='ltr'>ὅσα</span> <span class='ocrx_word' id='word_1_88' title='bbox 1370 1214 1748 1278; x_wconf 80' lang='grc' dir='ltr'>ἐδίδαξεν,ούκ</span> 
     </span>
    </p>
   </div>
   <div class='ocr_carea' id='block_1_13' title="bbox 156 1309 482 1362">
    <p class='ocr_par' dir='ltr' id='par_1_13' title="bbox 156 1309 482 1362">
     <span class='ocr_line' id='line_1_13' title="bbox 156 1309 482 1362; baseline 0 0"><span class='ocrx_word' id='word_1_89' title='bbox 156 1310 280 1362; x_wconf 80' lang='grc' dir='ltr'>ἀπὸ</span> <span class='ocrx_word' id='word_1_90' title='bbox 313 1309 482 1362; x_wconf 89' lang='grc' dir='ltr'>Θεοῦ.</span> 
     </span>
    </p>
   </div>
   <div class='ocr_carea' id='block_1_14' title="bbox 245 1396 1752 1469">
    <p class='ocr_par' dir='ltr' id='par_1_14' title="bbox 245 1396 1752 1469">
     <span class='ocr_line' id='line_1_14' title="bbox 245 1396 1752 1469; baseline -0.004 -16"><span class='ocrx_word' id='word_1_91' title='bbox 245 1400 377 1453; x_wconf 82' lang='grc' dir='ltr'>Ὀτι</span> <span class='ocrx_word' id='word_1_92' title='bbox 415 1401 472 1453; x_wconf 75' lang='grc' dir='ltr'>δὲ</span> <span class='ocrx_word' id='word_1_93' title='bbox 514 1402 767 1468; x_wconf 82' lang='grc' dir='ltr'>λέγουσιν</span> <span class='ocrx_word' id='word_1_94' title='bbox 792 1402 843 1454; x_wconf 79' lang='grc' dir='ltr'><strong>οἱ</strong></span> <span class='ocrx_word' id='word_1_95' title='bbox 874 1398 1294 1469; x_wconf 82' lang='grc' dir='ltr'>Μουσουλμάνοι</span> <span class='ocrx_word' id='word_1_96' title='bbox 1326 1399 1400 1460; x_wconf 86' lang='grc' dir='ltr'>ὡς</span> <span class='ocrx_word' id='word_1_97' title='bbox 1431 1396 1752 1465; x_wconf 63' lang='grc' dir='ltr'>γεγραμμέτ</span> 
     </span>
    </p>
   </div>
   <div class='ocr_carea' id='block_1_15' title="bbox 162 1488 1751 1562">
    <p class='ocr_par' dir='ltr' id='par_1_15' title="bbox 162 1488 1751 1562">
     <span class='ocr_line' id='line_1_15' title="bbox 162 1488 1751 1562; baseline -0.001 -21"><span class='ocrx_word' id='word_1_98' title='bbox 162 1508 264 1543; x_wconf 83' lang='grc' dir='ltr'><strong>νον</strong></span> <span class='ocrx_word' id='word_1_99' title='bbox 289 1491 611 1562; x_wconf 79' lang='grc' dir='ltr'>εὑρίσκεται</span> <span class='ocrx_word' id='word_1_100' title='bbox 631 1494 690 1544; x_wconf 74' lang='grc' dir='ltr'>τὸ</span> <span class='ocrx_word' id='word_1_101' title='bbox 716 1491 810 1545; x_wconf 74' lang='grc' dir='ltr'><strong>τοῦ</strong></span> <span class='ocrx_word' id='word_1_102' title='bbox 842 1490 1145 1561; x_wconf 80' lang='grc' dir='ltr'>Μαχούμετ</span> <span class='ocrx_word' id='word_1_103' title='bbox 1175 1488 1349 1557; x_wconf 67' lang='grc' dir='ltr'><strong>⁸Ξνομα</strong></span> <span class='ocrx_word' id='word_1_104' title='bbox 1379 1492 1436 1540; x_wconf 77' lang='grc' dir='ltr'>ἐν</span> <span class='ocrx_word' id='word_1_105' title='bbox 1466 1489 1541 1556; x_wconf 76' lang='grc' dir='ltr'>τῷ</span> <span class='ocrx_word' id='word_1_106' title='bbox 1571 1488 1751 1556; x_wconf 81' lang='grc' dir='ltr'>Εὐαγ-</span> 
     </span>
    </p>
   </div>
   <div class='ocr_carea' id='block_1_16' title="bbox 162 1582 1749 1654">
    <p class='ocr_par' dir='ltr' id='par_1_16' title="bbox 162 1582 1749 1654">
     <span class='ocr_line' id='line_1_16' title="bbox 162 1582 1749 1654; baseline 0.001 -20"><span class='ocrx_word' id='word_1_107' title='bbox 162 1582 369 1653; x_wconf 83' lang='grc' dir='ltr'>γελίῳ,</span> <span class='ocrx_word' id='word_1_108' title='bbox 398 1585 645 1647; x_wconf 86' lang='grc' dir='ltr'>εἰπόντος</span> <span class='ocrx_word' id='word_1_109' title='bbox 674 1584 769 1637; x_wconf 88' lang='grc' dir='ltr'><strong>τοῦ</strong></span> <span class='ocrx_word' id='word_1_110' title='bbox 794 1584 1031 1653; x_wconf 79' lang='grc' dir='ltr'><strong>Χριστοῦ</strong></span> <span class='ocrx_word' id='word_1_111' title='bbox 1065 1584 1195 1654; x_wconf 65' lang='grc' dir='ltr'>περὶ</span> <span class='ocrx_word' id='word_1_112' title='bbox 1226 1582 1442 1636; x_wconf 66' lang='grc' dir='ltr'>ἐκείνου</span> <span class='ocrx_word' id='word_1_113' title='bbox 1468 1582 1549 1634; x_wconf 82' lang='grc' dir='ltr'><strong>ὅτι</strong></span> <span class='ocrx_word' id='word_1_114' title='bbox 1572 1582 1749 1650; x_wconf 70' lang='grc' dir='ltr'>Εὑαγυ</span> 
     </span>
    </p>
   </div>
   <div class='ocr_carea' id='block_1_17' title="bbox 162 1675 1751 1745">
    <p class='ocr_par' dir='ltr' id='par_1_17' title="bbox 162 1675 1751 1745">
     <span class='ocr_line' id='line_1_17' title="bbox 162 1675 1751 1745; baseline 0 -18"><span class='ocrx_word' id='word_1_115' title='bbox 162 1675 468 1744; x_wconf 71' lang='grc' dir='ltr'>γελίζομαι</span> <span class='ocrx_word' id='word_1_116' title='bbox 497 1678 628 1745; x_wconf 83' lang='grc' dir='ltr'>ὑμῖν</span> <span class='ocrx_word' id='word_1_117' title='bbox 662 1679 747 1729; x_wconf 73' lang='grc' dir='ltr'><strong>ὅτι</strong></span> <span class='ocrx_word' id='word_1_118' title='bbox 789 1679 908 1745; x_wconf 84' lang='grc' dir='ltr'>μετ’</span> <span class='ocrx_word' id='word_1_119' title='bbox 939 1678 1040 1745; x_wconf 78' lang='grc' dir='ltr'><strong>ἐμὲ</strong></span> <span class='ocrx_word' id='word_1_120' title='bbox 1084 1676 1271 1745; x_wconf 75' lang='grc' dir='ltr'>μέλλει</span> <span class='ocrx_word' id='word_1_121' title='bbox 1303 1675 1480 1727; x_wconf 76' lang='grc' dir='ltr'>ἐλθεῖν</span> <span class='ocrx_word' id='word_1_122' title='bbox 1511 1675 1751 1728; x_wconf 79' lang='grc' dir='ltr'>ἀπόστο-</span> 
     </span>
    </p>
   </div>
   <div class='ocr_carea' id='block_1_18' title="bbox 160 1764 1751 1837">
    <p class='ocr_par' dir='ltr' id='par_1_18' title="bbox 160 1764 1751 1837">
     <span class='ocr_line' id='line_1_18' title="bbox 160 1764 1751 1837; baseline 0.001 -20"><span class='ocrx_word' id='word_1_123' title='bbox 160 1764 267 1827; x_wconf 85' lang='grc' dir='ltr'><strong>λος</strong></span> <span class='ocrx_word' id='word_1_124' title='bbox 324 1767 423 1818; x_wconf 78' lang='grc' dir='ltr'>καὶ</span> <span class='ocrx_word' id='word_1_125' title='bbox 472 1768 784 1837; x_wconf 85' lang='grc' dir='ltr'><strong>προφήτης,</strong></span> <span class='ocrx_word' id='word_1_126' title='bbox 846 1769 1018 1837; x_wconf 76' lang='grc' dir='ltr'>ὄνομα</span> <span class='ocrx_word' id='word_1_127' title='bbox 1075 1768 1226 1836; x_wconf 74' lang='grc' dir='ltr'>αὐτῷ</span> <span class='ocrx_word' id='word_1_128' title='bbox 1278 1767 1562 1835; x_wconf 82' lang='grc' dir='ltr'>Μωάμεθ·</span> <span class='ocrx_word' id='word_1_129' title='bbox 1611 1769 1659 1820; x_wconf 85' lang='grc' dir='ltr'>οἱ</span> <span class='ocrx_word' id='word_1_130' title='bbox 1694 1767 1751 1820; x_wconf 75' lang='grc' dir='ltr'>δὲ</span> 
     </span>
    </p>
   </div>
   <div class='ocr_carea' id='block_1_19' title="bbox 1846 576 3420 646">
    <p class='ocr_par' dir='ltr' id='par_1_19' title="bbox 1846 576 3420 646">
     <span class='ocr_line' id='line_1_19' title="bbox 1846 576 3420 646; baseline 0.001 -18"><span class='ocrx_word' id='word_1_131' title='bbox 1846 576 1942 628; x_wconf 77' lang='grc' dir='ltr'>καὶ</span> <span class='ocrx_word' id='word_1_132' title='bbox 1978 578 2345 644; x_wconf 79' lang='grc' dir='ltr'>ἐθεράπευσε,</span> <span class='ocrx_word' id='word_1_133' title='bbox 2370 578 2465 630; x_wconf 79' lang='grc' dir='ltr'>καὶ</span> <span class='ocrx_word' id='word_1_134' title='bbox 2519 577 2783 646; x_wconf 81' lang='grc' dir='ltr'><strong>προέλεγε</strong></span> <span class='ocrx_word' id='word_1_135' title='bbox 2840 579 2911 630; x_wconf 82' lang='grc' dir='ltr'>τὰ</span> <span class='ocrx_word' id='word_1_136' title='bbox 2947 578 3291 645; x_wconf 83' lang='grc' dir='ltr'><strong>γενησόμενα</strong></span> <span class='ocrx_word' id='word_1_137' title='bbox 3342 576 3420 638; x_wconf 85' lang='grc' dir='ltr'>ὡς</span> 
     </span>
    </p>
   </div>
   <div class='ocr_carea' id='block_1_20' title="bbox 1848 664 3419 737">
    <p class='ocr_par' dir='ltr' id='par_1_20' title="bbox 1848 664 3419 737">
     <span class='ocr_line' id='line_1_20' title="bbox 1848 664 3419 737; baseline 0.001 -20"><span class='ocrx_word' id='word_1_138' title='bbox 1848 668 2173 736; x_wconf 79' lang='grc' dir='ltr'>προφήτης,</span> <span class='ocrx_word' id='word_1_139' title='bbox 2205 664 2287 721; x_wconf 82' lang='grc' dir='ltr'><strong>ὅτι</strong></span> <span class='ocrx_word' id='word_1_140' title='bbox 2316 667 2378 721; x_wconf 80' lang='lat' dir='ltr'><strong>El</strong></span> <span class='ocrx_word' id='word_1_141' title='bbox 2413 669 2510 737; x_wconf 70' lang='grc' dir='ltr'>μὲν</span> <span class='ocrx_word' id='word_1_142' title='bbox 2541 668 2839 731; x_wconf 77' lang='grc' dir='ltr'><strong>ἀπολύσεις</strong></span> <span class='ocrx_word' id='word_1_143' title='bbox 2871 669 2961 720; x_wconf 76' lang='grc' dir='ltr'>τὸν</span> <span class='ocrx_word' id='word_1_144' title='bbox 2988 668 3116 720; x_wconf 72' lang='grc' dir='ltr'>λαὸν</span> <span class='ocrx_word' id='word_1_145' title='bbox 3141 667 3235 719; x_wconf 89' lang='grc' dir='ltr'><strong>τοῦ</strong></span> <span class='ocrx_word' id='word_1_146' title='bbox 3261 667 3419 733; x_wconf 89' lang='grc' dir='ltr'>Θεοῦ,</span> 
     </span>
    </p>
   </div>
   <div class='ocr_carea' id='block_1_21' title="bbox 1848 750 3419 828">
    <p class='ocr_par' dir='ltr' id='par_1_21' title="bbox 1848 750 3419 828">
     <span class='ocr_line' id='line_1_21' title="bbox 1848 750 3419 828; baseline 0.001 -19"><span class='ocrx_word' id='word_1_147' title='bbox 1848 758 2119 810; x_wconf 83' lang='grc' dir='ltr'><strong>ἀπόλυσον</strong></span> <span class='ocrx_word' id='word_1_148' title='bbox 2145 774 2159 789; x_wconf 88' lang='grc'><strong>·</strong></span> <span class='ocrx_word' id='word_1_149' title='bbox 2193 761 2241 811; x_wconf 83' lang='grc' dir='ltr'>εἰ</span> <span class='ocrx_word' id='word_1_150' title='bbox 2274 759 2320 811; x_wconf 82' lang='grc' dir='ltr'>δ’</span> <span class='ocrx_word' id='word_1_151' title='bbox 2351 750 2467 823; x_wconf 78' lang='grc' dir='ltr'>οὖν,</span> <span class='ocrx_word' id='word_1_152' title='bbox 2504 761 2572 812; x_wconf 80' lang='grc' dir='ltr'><strong>τὰ</strong></span> <span class='ocrx_word' id='word_1_153' title='bbox 2611 761 2707 812; x_wconf 70' lang='grc' dir='ltr'>καὶ</span> <span class='ocrx_word' id='word_1_154' title='bbox 2734 760 2801 812; x_wconf 85' lang='grc' dir='ltr'>τὰ</span> <span class='ocrx_word' id='word_1_155' title='bbox 2849 759 3221 828; x_wconf 78' lang='grc' dir='ltr'>συμϐήσονται</span> <span class='ocrx_word' id='word_1_156' title='bbox 3252 760 3335 811; x_wconf 92' lang='grc' dir='ltr'><strong>σοί</strong></span> <span class='ocrx_word' id='word_1_157' title='bbox 3360 776 3419 811; x_wconf 89' lang='grc' dir='ltr'><strong>τε</strong></span> 
     </span>
    </p>
   </div>
   <div class='ocr_carea' id='block_1_22' title="bbox 1849 848 3424 921">
    <p class='ocr_par' dir='ltr' id='par_1_22' title="bbox 1849 848 3424 921">
     <span class='ocr_line' id='line_1_22' title="bbox 1849 848 3424 921; baseline 0 -19"><span class='ocrx_word' id='word_1_158' title='bbox 1849 852 1945 902; x_wconf 80' lang='grc' dir='ltr'>καὶ</span> <span class='ocrx_word' id='word_1_159' title='bbox 1980 851 2147 904; x_wconf 74' lang='grc' dir='ltr'>παντὶ</span> <span class='ocrx_word' id='word_1_160' title='bbox 2177 852 2255 920; x_wconf 89' lang='grc' dir='ltr'>τῷ</span> <span class='ocrx_word' id='word_1_161' title='bbox 2277 852 2393 919; x_wconf 87' lang='grc' dir='ltr'>λαῷ</span> <span class='ocrx_word' id='word_1_162' title='bbox 2430 853 2532 921; x_wconf 83' lang='grc' dir='ltr'>τῆς</span> <span class='ocrx_word' id='word_1_163' title='bbox 2574 852 2878 919; x_wconf 75' lang='grc' dir='ltr'>Αἰγύπτου.</span> <span class='ocrx_word' id='word_1_164' title='bbox 2917 853 3025 905; x_wconf 68' lang='grc' dir='ltr'>Καὶ</span> <span class='ocrx_word' id='word_1_165' title='bbox 3057 848 3424 921; x_wconf 80' lang='grc' dir='ltr'>ὑπισχνούμε-</span> 
     </span>
    </p>
   </div>
   <div class='ocr_carea' id='block_1_23' title="bbox 1848 941 3425 1013">
    <p class='ocr_par' dir='ltr' id='par_1_23' title="bbox 1848 941 3425 1013">
     <span class='ocr_line' id='line_1_23' title="bbox 1848 941 3425 1013; baseline 0 -20"><span class='ocrx_word' id='word_1_166' title='bbox 1848 959 1938 1003; x_wconf 86' lang='grc' dir='ltr'>νος</span> <span class='ocrx_word' id='word_1_167' title='bbox 1965 942 2165 1011; x_wconf 79' lang='grc' dir='ltr'>Φαραὼ</span> <span class='ocrx_word' id='word_1_168' title='bbox 2192 944 2420 1013; x_wconf 80' lang='grc' dir='ltr'>ποιῆσαι</span> <span class='ocrx_word' id='word_1_169' title='bbox 2471 944 2532 995; x_wconf 83' lang='grc' dir='ltr'><strong>τδ</strong></span> <span class='ocrx_word' id='word_1_170' title='bbox 2582 945 2735 1011; x_wconf 80' lang='grc' dir='ltr'>ρήμα</span> <span class='ocrx_word' id='word_1_171' title='bbox 2794 943 3001 1008; x_wconf 79' lang='grc' dir='ltr'>Κυρίου</span> <span class='ocrx_word' id='word_1_172' title='bbox 3057 941 3425 1011; x_wconf 74' lang='grc' dir='ltr'>ἐθεραπεύετο</span> 
     </span>
    </p>
   </div>
   <div class='ocr_carea' id='block_1_24' title="bbox 1850 1029 3423 1100">
    <p class='ocr_par' dir='ltr' id='par_1_24' title="bbox 1850 1029 3423 1100">
     <span class='ocr_line' id='line_1_24' title="bbox 1850 1029 3423 1100; baseline 0.001 -17"><span class='ocrx_word' id='word_1_173' title='bbox 1850 1031 2002 1100; x_wconf 71' lang='grc' dir='ltr'>παρὰ</span> <span class='ocrx_word' id='word_1_174' title='bbox 2032 1029 2126 1084; x_wconf 76' lang='grc' dir='ltr'><strong>τοῦ</strong></span> <span class='ocrx_word' id='word_1_175' title='bbox 2152 1034 2461 1096; x_wconf 79' lang='grc' dir='ltr'>Μωῦσέως,</span> <span class='ocrx_word' id='word_1_176' title='bbox 2487 1034 2561 1095; x_wconf 86' lang='grc' dir='ltr'>ὡς</span> <span class='ocrx_word' id='word_1_177' title='bbox 2584 1034 3113 1099; x_wconf 80' lang='grc' dir='ltr'>ὲξουσίαν’λαϐόντος</span> <span class='ocrx_word' id='word_1_178' title='bbox 3140 1034 3246 1083; x_wconf 77' lang='grc' dir='ltr'>ἀπὸ</span> <span class='ocrx_word' id='word_1_179' title='bbox 3264 1030 3423 1084; x_wconf 84' lang='grc' dir='ltr'>Θεοῦ.</span> 
     </span>
    </p>
   </div>
   <div class='ocr_carea' id='block_1_25' title="bbox 1850 1122 3426 1193">
    <p class='ocr_par' dir='ltr' id='par_1_25' title="bbox 1850 1122 3426 1193">
     <span class='ocr_line' id='line_1_25' title="bbox 1850 1122 3426 1193; baseline 0.005 -18"><span class='ocrx_word' id='word_1_180' title='bbox 1850 1124 2008 1176; x_wconf 84' lang='grc' dir='ltr'><strong>Μετά</strong></span> <span class='ocrx_word' id='word_1_181' title='bbox 2049 1124 2103 1175; x_wconf 83' lang='grc' dir='ltr'>δὲ</span> <span class='ocrx_word' id='word_1_182' title='bbox 2125 1123 2300 1177; x_wconf 87' lang='grc' dir='ltr'>ταῦτα</span> <span class='ocrx_word' id='word_1_183' title='bbox 2333 1126 2592 1189; x_wconf 75' lang='grc' dir='ltr'>ἐξέϐαλεν</span> <span class='ocrx_word' id='word_1_184' title='bbox 2622 1128 2648 1178; x_wconf 97' lang='lat'><strong>6</strong></span> <span class='ocrx_word' id='word_1_185' title='bbox 2675 1125 2924 1192; x_wconf 79' lang='grc' dir='ltr'>Μωῡσῆς</span> <span class='ocrx_word' id='word_1_186' title='bbox 2960 1123 3098 1193; x_wconf 82' lang='grc' dir='ltr'>μετά</span> <span class='ocrx_word' id='word_1_187' title='bbox 3136 1122 3426 1192; x_wconf 77' lang='grc' dir='ltr'>βραχίονος</span> 
     </span>
    </p>
   </div>
   <div class='ocr_carea' id='block_1_26' title="bbox 1852 1210 3424 1288">
    <p class='ocr_par' dir='ltr' id='par_1_26' title="bbox 1852 1210 3424 1288">
     <span class='ocr_line' id='line_1_26' title="bbox 1852 1210 3424 1288; baseline 0.001 -21"><span class='ocrx_word' id='word_1_188' title='bbox 1852 1210 2062 1285; x_wconf 77' lang='grc' dir='ltr'>ὑψηλοῦ</span> <span class='ocrx_word' id='word_1_189' title='bbox 2095 1217 2156 1269; x_wconf 83' lang='grc' dir='ltr'><strong>τὸ</strong></span> <span class='ocrx_word' id='word_1_190' title='bbox 2191 1218 2345 1283; x_wconf 87' lang='grc' dir='ltr'>γένος</span> <span class='ocrx_word' id='word_1_191' title='bbox 2395 1218 2505 1271; x_wconf 83' lang='grc' dir='ltr'><strong>τῶν</strong></span> <span class='ocrx_word' id='word_1_192' title='bbox 2555 1218 2830 1288; x_wconf 77' lang='grc' dir='ltr'>Ἐϐραίων</span> <span class='ocrx_word' id='word_1_193' title='bbox 2864 1222 2926 1270; x_wconf 81' lang='grc' dir='ltr'>ἐκ</span> <span class='ocrx_word' id='word_1_194' title='bbox 2984 1214 3091 1285; x_wconf 72' lang='grc' dir='ltr'>γῆς</span> <span class='ocrx_word' id='word_1_195' title='bbox 3150 1220 3424 1287; x_wconf 79' lang='grc' dir='ltr'><strong>Αἰγύπτου</strong></span> 
     </span>
    </p>
   </div>
   <div class='ocr_carea' id='block_1_27' title="bbox 1853 1308 3425 1379">
    <p class='ocr_par' dir='ltr' id='par_1_27' title="bbox 1853 1308 3425 1379">
     <span class='ocr_line' id='line_1_27' title="bbox 1853 1308 3425 1379; baseline 0 -17"><span class='ocrx_word' id='word_1_196' title='bbox 1853 1310 1951 1362; x_wconf 76' lang='grc' dir='ltr'>καὶ</span> <span class='ocrx_word' id='word_1_197' title='bbox 1978 1309 2076 1376; x_wconf 73' lang='grc' dir='ltr'>τῆς</span> <span class='ocrx_word' id='word_1_198' title='bbox 2099 1308 2350 1372; x_wconf 80' lang='grc' dir='ltr'>δουλείας</span> <span class='ocrx_word' id='word_1_199' title='bbox 2377 1309 2473 1362; x_wconf 86' lang='grc' dir='ltr'><strong>τοῦ</strong></span> <span class='ocrx_word' id='word_1_200' title='bbox 2520 1309 2744 1379; x_wconf 83' lang='grc' dir='ltr'>Φαραὼ,</span> <span class='ocrx_word' id='word_1_201' title='bbox 2773 1310 3115 1374; x_wconf 83' lang='grc' dir='ltr'>καταδιώξας</span> <span class='ocrx_word' id='word_1_202' title='bbox 3156 1310 3200 1362; x_wconf 78' lang='grc' dir='ltr'>δ’</span> <span class='ocrx_word' id='word_1_203' title='bbox 3230 1310 3425 1369; x_wconf 75' lang='grc' dir='ltr'>αὐτοὺς</span> 
     </span>
    </p>
   </div>
   <div class='ocr_carea' id='block_1_28' title="bbox 1851 1397 3427 1471">
    <p class='ocr_par' dir='ltr' id='par_1_28' title="bbox 1851 1397 3427 1471">
     <span class='ocr_line' id='line_1_28' title="bbox 1851 1397 3427 1471; baseline 0.001 -21"><span class='ocrx_word' id='word_1_204' title='bbox 1851 1402 1877 1451; x_wconf 87' lang='grc' dir='ltr'><strong>ό</strong></span> <span class='ocrx_word' id='word_1_205' title='bbox 1909 1397 2108 1467; x_wconf 77' lang='grc' dir='ltr'>Φαραὼ</span> <span class='ocrx_word' id='word_1_206' title='bbox 2143 1398 2431 1467; x_wconf 72' lang='grc' dir='ltr'>ἔποντίσθη</span> <span class='ocrx_word' id='word_1_207' title='bbox 2468 1400 2526 1451; x_wconf 80' lang='grc' dir='ltr'>ὲν</span> <span class='ocrx_word' id='word_1_208' title='bbox 2554 1404 2619 1468; x_wconf 82' lang='grc' dir='ltr'>τῇ</span> <span class='ocrx_word' id='word_1_209' title='bbox 2683 1400 2924 1471; x_wconf 82' lang='grc' dir='ltr'><strong>Ἐρυθρᾷ</strong></span> <span class='ocrx_word' id='word_1_210' title='bbox 2975 1400 3225 1470; x_wconf 79' lang='grc' dir='ltr'>θαλάσσῃ</span> <span class='ocrx_word' id='word_1_211' title='bbox 3286 1399 3427 1468; x_wconf 74' lang='grc' dir='ltr'>μετὰ</span> 
     </span>
    </p>
   </div>
   <div class='ocr_carea' id='block_1_29' title="bbox 1856 1484 3426 1561">
    <p class='ocr_par' dir='ltr' id='par_1_29' title="bbox 1856 1484 3426 1561">
     <span class='ocr_line' id='line_1_29' title="bbox 1856 1484 3426 1561; baseline 0.001 -19"><span class='ocrx_word' id='word_1_212' title='bbox 1856 1491 2040 1558; x_wconf 81' lang='grc' dir='ltr'><strong>πάσης</strong></span> <span class='ocrx_word' id='word_1_213' title='bbox 2099 1491 2197 1559; x_wconf 80' lang='grc' dir='ltr'>τῆς</span> <span class='ocrx_word' id='word_1_214' title='bbox 2257 1492 2519 1558; x_wconf 79' lang='grc' dir='ltr'>στρατιᾶς</span> <span class='ocrx_word' id='word_1_215' title='bbox 2558 1493 2724 1545; x_wconf 85' lang='grc' dir='ltr'>αὑτοῦ</span> <span class='ocrx_word' id='word_1_216' title='bbox 2787 1495 2940 1561; x_wconf 75' lang='grc' dir='ltr'>παρὰ</span> <span class='ocrx_word' id='word_1_217' title='bbox 2979 1493 3075 1553; x_wconf 84' lang='grc' dir='ltr'><strong>τοῦ</strong></span> <span class='ocrx_word' id='word_1_218' title='bbox 3131 1484 3426 1552; x_wconf 62' lang='grc' dir='ltr'>Μωῦσέωςξ</span> 
     </span>
    </p>
   </div>
   <div class='ocr_carea' id='block_1_30' title="bbox 1852 1582 3431 1654">
    <p class='ocr_par' dir='ltr' id='par_1_30' title="bbox 1852 1582 3431 1654">
     <span class='ocr_line' id='line_1_30' title="bbox 1852 1582 3431 1654; baseline -0.001 -20"><span class='ocrx_word' id='word_1_219' title='bbox 1852 1583 2007 1635; x_wconf 81' lang='grc' dir='ltr'>Μετᾶ</span> <span class='ocrx_word' id='word_1_220' title='bbox 2043 1582 2097 1635; x_wconf 75' lang='grc' dir='ltr'>δὲ</span> <span class='ocrx_word' id='word_1_221' title='bbox 2135 1582 2309 1635; x_wconf 75' lang='grc' dir='ltr'>ταῦτα</span> <span class='ocrx_word' id='word_1_222' title='bbox 2344 1587 2673 1646; x_wconf 80' lang='grc' dir='ltr'>περιεπάτει</span> <span class='ocrx_word' id='word_1_223' title='bbox 2737 1587 2794 1637; x_wconf 86' lang='grc' dir='ltr'>ὲν</span> <span class='ocrx_word' id='word_1_224' title='bbox 2827 1587 2894 1653; x_wconf 82' lang='grc' dir='ltr'>τῇ</span> <span class='ocrx_word' id='word_1_225' title='bbox 2946 1586 3139 1654; x_wconf 69' lang='grc' dir='ltr'><strong>ἐρήμῳ</strong></span> <span class='ocrx_word' id='word_1_226' title='bbox 3205 1582 3431 1651; x_wconf 83' lang='grc' dir='ltr'>χρόνους</span> 
     </span>
    </p>
   </div>
   <div class='ocr_carea' id='block_1_31' title="bbox 1853 1672 3429 1745">
    <p class='ocr_par' dir='ltr' id='par_1_31' title="bbox 1853 1672 3429 1745">
     <span class='ocr_line' id='line_1_31' title="bbox 1853 1672 3429 1745; baseline -0.003 -17"><span class='ocrx_word' id='word_1_227' title='bbox 1853 1674 2269 1743; x_wconf 83' lang='grc' dir='ltr'>τεσσαράκοντα</span> <span class='ocrx_word' id='word_1_228' title='bbox 2309 1674 2479 1727; x_wconf 81' lang='grc' dir='ltr'>ποιῶν</span> <span class='ocrx_word' id='word_1_229' title='bbox 2514 1676 2766 1744; x_wconf 86' lang='grc' dir='ltr'>θαύματα</span> <span class='ocrx_word' id='word_1_230' title='bbox 2800 1677 3027 1744; x_wconf 71' lang='grc' dir='ltr'>ἄπειρα.</span> <span class='ocrx_word' id='word_1_231' title='bbox 3069 1675 3236 1727; x_wconf 80' lang='grc' dir='ltr'><strong>Ἀλλὰ</strong></span> <span class='ocrx_word' id='word_1_232' title='bbox 3267 1672 3429 1745; x_wconf 63' lang='grc'><strong>342</strong></span> 
     </span>
    </p>
   </div>
   <div class='ocr_carea' id='block_1_32' title="bbox 1856 1766 3435 1837">
    <p class='ocr_par' dir='ltr' id='par_1_32' title="bbox 1856 1766 3435 1837">
     <span class='ocr_line' id='line_1_32' title="bbox 1856 1766 3435 1837; baseline -0.001 -18"><span class='ocrx_word' id='word_1_233' title='bbox 1856 1767 1951 1819; x_wconf 67' lang='grc' dir='ltr'><strong>καὶ</strong></span> <span class='ocrx_word' id='word_1_234' title='bbox 1984 1767 2214 1819; x_wconf 75' lang='grc' dir='ltr'>ἐνώπιον</span> <span class='ocrx_word' id='word_1_235' title='bbox 2245 1770 2465 1820; x_wconf 81' lang='grc' dir='ltr'>πάντων</span> <span class='ocrx_word' id='word_1_236' title='bbox 2504 1769 2613 1820; x_wconf 86' lang='grc' dir='ltr'>τῶν</span> <span class='ocrx_word' id='word_1_237' title='bbox 2654 1768 2927 1837; x_wconf 85' lang='grc' dir='ltr'>Ἐϐραίων</span> <span class='ocrx_word' id='word_1_238' title='bbox 2989 1768 3159 1834; x_wconf 69' lang='grc' dir='ltr'>ἀνέϐη</span> <span class='ocrx_word' id='word_1_239' title='bbox 3217 1769 3243 1819; x_wconf 88' lang='grc' dir='ltr'>ὁ</span> <span class='ocrx_word' id='word_1_240' title='bbox 3276 1766 3435 1818; x_wconf 57' lang='lat' dir='ltr'><strong>Muli)-</strong></span> 
     </span>
    </p>
   </div>
   <div class='ocr_carea' id='block_1_33' title="bbox 166 1855 3433 1929">
    <p class='ocr_par' dir='ltr' id='par_1_33' title="bbox 166 1855 3433 1929">
     <span class='ocr_line' id='line_1_33' title="bbox 166 1855 3433 1929; baseline -0.001 -19"><span class='ocrx_word' id='word_1_241' title='bbox 166 1859 502 1928; x_wconf 77' lang='grc' dir='ltr'>Χριστιανοὶ</span> <span class='ocrx_word' id='word_1_242' title='bbox 573 1861 950 1929; x_wconf 78' lang='grc' dir='ltr'>φθονήσαντες</span> <span class='ocrx_word' id='word_1_243' title='bbox 1026 1858 1288 1924; x_wconf 77' lang='grc' dir='ltr'>ἐξέϐαλον</span> <span class='ocrx_word' id='word_1_244' title='bbox 1350 1858 1482 1912; x_wconf 75' lang='grc' dir='ltr'>αὐτὸ</span> <span class='ocrx_word' id='word_1_245' title='bbox 1538 1861 1601 1911; x_wconf 80' lang='grc' dir='ltr'>ἐκ</span> <span class='ocrx_word' id='word_1_246' title='bbox 1662 1859 1753 1911; x_wconf 87' lang='grc' dir='ltr'><strong>τοῦ</strong></span> <span class='ocrx_word' id='word_1_247' title='bbox 1790 1855 1831 1909; x_wconf 84' lang='grc' dir='ltr'><strong>Β</strong></span> <span class='ocrx_word' id='word_1_248' title='bbox 1864 1858 1962 1923; x_wconf 76' lang='grc' dir='ltr'><strong>σῆς</strong></span> <span class='ocrx_word' id='word_1_249' title='bbox 1994 1858 2087 1908; x_wconf 72' lang='grc' dir='ltr'>ἐπὶ</span> <span class='ocrx_word' id='word_1_250' title='bbox 2117 1856 2211 1908; x_wconf 90' lang='grc' dir='ltr'><strong>τοῦ</strong></span> <span class='ocrx_word' id='word_1_251' title='bbox 2245 1858 2402 1925; x_wconf 71' lang='grc' dir='ltr'>ὄρους</span> <span class='ocrx_word' id='word_1_252' title='bbox 2440 1858 2590 1918; x_wconf 82' lang='grc' dir='ltr'>Σινᾶ,</span> <span class='ocrx_word' id='word_1_253' title='bbox 2637 1859 2905 1909; x_wconf 74' lang='grc' dir='ltr'>εἰπόντων</span> <span class='ocrx_word' id='word_1_254' title='bbox 2938 1857 3097 1908; x_wconf 86' lang='grc' dir='ltr'>τοῦτο</span> <span class='ocrx_word' id='word_1_255' title='bbox 3133 1856 3240 1907; x_wconf 84' lang='grc' dir='ltr'><strong>τῶν</strong></span> <span class='ocrx_word' id='word_1_256' title='bbox 3303 1857 3433 1907; x_wconf 80' lang='grc' dir='ltr'><strong>’1ουο</strong></span> 
     </span>
    </p>
   </div>
   <div class='ocr_carea' id='block_1_34' title="bbox 168 1952 1751 2022">
    <p class='ocr_par' dir='ltr' id='par_1_34' title="bbox 168 1952 1751 2022">
     <span class='ocr_line' id='line_1_34' title="bbox 168 1952 1751 2022; baseline -0.001 -18"><span class='ocrx_word' id='word_1_257' title='bbox 168 1952 521 2019; x_wconf 81' lang='grc' dir='ltr'>Εὖαγγελίου</span> <span class='ocrx_word' id='word_1_258' title='bbox 551 1968 563 1981; x_wconf 79' lang='grc'><strong>⁸</strong></span> <span class='ocrx_word' id='word_1_259' title='bbox 599 1952 755 2022; x_wconf 63' lang='grc'><strong>34],</strong></span> <span class='ocrx_word' id='word_1_260' title='bbox 801 1952 963 2022; x_wconf 81' lang='grc' dir='ltr'>δεῦρο</span> <span class='ocrx_word' id='word_1_261' title='bbox 1008 1953 1072 2022; x_wconf 83' lang='grc' dir='ltr'>δὴ</span> <span class='ocrx_word' id='word_1_262' title='bbox 1102 1952 1435 2020; x_wconf 75' lang='grc' dir='ltr'>σκεψώμεθα</span> <span class='ocrx_word' id='word_1_263' title='bbox 1466 1955 1559 2004; x_wconf 65' lang='grc' dir='ltr'><strong>καὶ</strong></span> <span class='ocrx_word' id='word_1_264' title='bbox 1620 1952 1751 2019; x_wconf 79' lang='grc' dir='ltr'>περὶ</span> 
     </span>
    </p>
   </div>
   <div class='ocr_carea' id='block_1_35' title="bbox 167 2043 1751 2113">
    <p class='ocr_par' dir='ltr' id='par_1_35' title="bbox 167 2043 1751 2113">
     <span class='ocr_line' id='line_1_35' title="bbox 167 2043 1751 2113; baseline -0.001 -18"><span class='ocrx_word' id='word_1_265' title='bbox 167 2044 400 2105; x_wconf 85' lang='grc' dir='ltr'>τούτου.</span> <span class='ocrx_word' id='word_1_266' title='bbox 438 2045 533 2098; x_wconf 89' lang='grc' dir='ltr'><strong>καί</strong></span> <span class='ocrx_word' id='word_1_267' title='bbox 563 2063 652 2113; x_wconf 89' lang='grc' dir='ltr'><strong>μοι</strong></span> <span class='ocrx_word' id='word_1_268' title='bbox 685 2047 833 2097; x_wconf 84' lang='grc' dir='ltr'>δοκεῖ</span> <span class='ocrx_word' id='word_1_269' title='bbox 862 2046 937 2106; x_wconf 89' lang='grc' dir='ltr'><strong>ὡς</strong></span> <span class='ocrx_word' id='word_1_270' title='bbox 977 2044 1037 2097; x_wconf 72' lang='grc' dir='ltr'><strong>οὔ</strong></span> <span class='ocrx_word' id='word_1_271' title='bbox 1075 2045 1149 2113; x_wconf 78' lang='grc' dir='ltr'>μὴ</span> <span class='ocrx_word' id='word_1_272' title='bbox 1187 2044 1525 2112; x_wconf 79' lang='grc' dir='ltr'>κρυϐήσεται</span> <span class='ocrx_word' id='word_1_273' title='bbox 1548 2045 1579 2109; x_wconf 84' lang='grc' dir='ltr'>ἡ</span> <span class='ocrx_word' id='word_1_274' title='bbox 1610 2043 1751 2104; x_wconf 75' lang='grc' dir='ltr'><strong>ἀλή-</strong></span> 
     </span>
    </p>
   </div>
   <div class='ocr_carea' id='block_1_36' title="bbox 169 2136 1752 2205">
    <p class='ocr_par' dir='ltr' id='par_1_36' title="bbox 169 2136 1752 2205">
     <span class='ocr_line' id='line_1_36' title="bbox 169 2136 1752 2205; baseline -0.001 -16"><span class='ocrx_word' id='word_1_275' title='bbox 169 2138 324 2191; x_wconf 84' lang='grc' dir='ltr'>θεια.</span> <span class='ocrx_word' id='word_1_276' title='bbox 355 2139 623 2191; x_wconf 77' lang='grc' dir='ltr'>’Ἄκουσον</span> <span class='ocrx_word' id='word_1_277' title='bbox 645 2138 823 2189; x_wconf 84' lang='grc' dir='ltr'>τοίνυν</span> <span class='ocrx_word' id='word_1_278' title='bbox 850 2137 1140 2205; x_wconf 81' lang='grc' dir='ltr'>νουνεχῶς.</span> <span class='ocrx_word' id='word_1_279' title='bbox 1210 2136 1373 2205; x_wconf 78' lang='grc' dir='ltr'>Τρεῖς</span> <span class='ocrx_word' id='word_1_280' title='bbox 1412 2138 1552 2188; x_wconf 76' lang='grc' dir='ltr'>εἰσιν</span> <span class='ocrx_word' id='word_1_281' title='bbox 1588 2151 1752 2204; x_wconf 89' lang='grc' dir='ltr'>νομο-</span> 
     </span>
    </p>
   </div>
   <div class='ocr_carea' id='block_1_37' title="bbox 171 2230 1751 2303">
    <p class='ocr_par' dir='ltr' id='par_1_37' title="bbox 171 2230 1751 2303">
     <span class='ocr_line' id='line_1_37' title="bbox 171 2230 1751 2303; baseline 0.001 -21"><span class='ocrx_word' id='word_1_282' title='bbox 171 2233 333 2284; x_wconf 81' lang='grc' dir='ltr'>θέται</span> <span class='ocrx_word' id='word_1_283' title='bbox 362 2234 411 2285; x_wconf 86' lang='grc' dir='ltr'><strong>οί</strong></span> <span class='ocrx_word' id='word_1_284' title='bbox 436 2233 748 2298; x_wconf 78' lang='grc' dir='ltr'>διδάξαντες</span> <span class='ocrx_word' id='word_1_285' title='bbox 790 2234 987 2303; x_wconf 88' lang='grc' dir='ltr'>νόμους</span> <span class='ocrx_word' id='word_1_286' title='bbox 1025 2232 1351 2294; x_wconf 87' lang='grc' dir='ltr'>καθολικούς</span> <span class='ocrx_word' id='word_1_287' title='bbox 1385 2248 1398 2264; x_wconf 75' lang='grc'><strong>⁸</strong></span> <span class='ocrx_word' id='word_1_288' title='bbox 1435 2231 1462 2285; x_wconf 91' lang='lat'><strong>6</strong></span> <span class='ocrx_word' id='word_1_289' title='bbox 1489 2230 1751 2300; x_wconf 81' lang='grc' dir='ltr'>Μωῦσῆς,</span> 
     </span>
    </p>
   </div>
   <div class='ocr_carea' id='block_1_38' title="bbox 170 2310 1754 2397">
    <p class='ocr_par' dir='ltr' id='par_1_38' title="bbox 170 2310 1754 2397">
     <span class='ocr_line' id='line_1_38' title="bbox 170 2310 1754 2397; baseline 0.001 -21"><span class='ocrx_word' id='word_1_290' title='bbox 170 2318 220 2390; x_wconf 77' lang='grc' dir='ltr'>ᾧ</span> <span class='ocrx_word' id='word_1_291' title='bbox 244 2327 584 2397; x_wconf 76' lang='grc' dir='ltr'>ἠκολούθησε</span> <span class='ocrx_word' id='word_1_292' title='bbox 620 2329 681 2379; x_wconf 70' lang='grc' dir='ltr'>τὸ</span> <span class='ocrx_word' id='word_1_293' title='bbox 704 2310 863 2394; x_wconf 57' lang='grc' dir='ltr'>γέδκ</span> <span class='ocrx_word' id='word_1_294' title='bbox 889 2329 997 2378; x_wconf 70' lang='grc' dir='ltr'>τῶν</span> <span class='ocrx_word' id='word_1_295' title='bbox 1027 2327 1298 2396; x_wconf 78' lang='grc' dir='ltr'>Ἐϐραίων</span> <span class='ocrx_word' id='word_1_296' title='bbox 1320 2342 1334 2357; x_wconf 84' lang='grc'><strong><em>⁸</em></strong></span> <span class='ocrx_word' id='word_1_297' title='bbox 1365 2328 1393 2379; x_wconf 88' lang='grc' dir='ltr'>ὁ</span> <span class='ocrx_word' id='word_1_298' title='bbox 1430 2325 1689 2394; x_wconf 80' lang='grc' dir='ltr'>Χριστὸς,</span> <span class='ocrx_word' id='word_1_299' title='bbox 1709 2318 1754 2390; x_wconf 78' lang='grc' dir='ltr'>ᾧ</span> 
     </span>
    </p>
   </div>
   <div class='ocr_carea' id='block_1_39' title="bbox 173 2414 1756 2487">
    <p class='ocr_par' dir='ltr' id='par_1_39' title="bbox 173 2414 1756 2487">
     <span class='ocr_line' id='line_1_39' title="bbox 173 2414 1756 2487; baseline -0.002 -18"><span class='ocrx_word' id='word_1_300' title='bbox 173 2419 566 2487; x_wconf 71' lang='grc' dir='ltr'>ἠκολούθησαν</span> <span class='ocrx_word' id='word_1_301' title='bbox 604 2421 785 2472; x_wconf 79' lang='grc' dir='ltr'>πάντα</span> <span class='ocrx_word' id='word_1_302' title='bbox 828 2419 895 2471; x_wconf 77' lang='grc' dir='ltr'>τὰ</span> <span class='ocrx_word' id='word_1_303' title='bbox 945 2418 1074 2486; x_wconf 75' lang='grc' dir='ltr'>ἔθνη</span> <span class='ocrx_word' id='word_1_304' title='bbox 1118 2418 1210 2470; x_wconf 77' lang='grc' dir='ltr'><strong>καὶ</strong></span> <span class='ocrx_word' id='word_1_305' title='bbox 1236 2416 1287 2468; x_wconf 81' lang='grc' dir='ltr'>οῑ</span> <span class='ocrx_word' id='word_1_306' title='bbox 1337 2416 1418 2477; x_wconf 82' lang='grc' dir='ltr'>εἰς</span> <span class='ocrx_word' id='word_1_307' title='bbox 1472 2414 1634 2468; x_wconf 76' lang='grc' dir='ltr'>αὑτὸν</span> <span class='ocrx_word' id='word_1_308' title='bbox 1663 2432 1756 2467; x_wconf 76' lang='grc' dir='ltr'>πι-</span> 
     </span>
    </p>
   </div>
   <div class='ocr_carea' id='block_1_40' title="bbox 183 2503 1758 2578">
    <p class='ocr_par' dir='ltr' id='par_1_40' title="bbox 183 2503 1758 2578">
     <span class='ocr_line' id='line_1_40' title="bbox 183 2503 1758 2578; baseline -0.003 -18"><span class='ocrx_word' id='word_1_309' title='bbox 183 2508 525 2570; x_wconf 87' lang='grc' dir='ltr'>στεύσαντες</span> <span class='ocrx_word' id='word_1_310' title='bbox 561 2509 622 2561; x_wconf 69' lang='grc' dir='ltr'><strong>τι.</strong></span> <span class='ocrx_word' id='word_1_311' title='bbox 650 2508 836 2561; x_wconf 84' lang='grc' dir='ltr'>πλεῖον</span> <span class='ocrx_word' id='word_1_312' title='bbox 867 2508 930 2578; x_wconf 83' lang='grc' dir='ltr'>μέ</span> <span class='ocrx_word' id='word_1_313' title='bbox 943 2525 1035 2577; x_wconf 90' lang='grc' dir='ltr'>ρος</span> <span class='ocrx_word' id='word_1_314' title='bbox 1058 2508 1169 2560; x_wconf 85' lang='grc' dir='ltr'>τῶν</span> <span class='ocrx_word' id='word_1_315' title='bbox 1198 2505 1491 2576; x_wconf 84' lang='grc' dir='ltr'>Ἐϐραίων,</span> <span class='ocrx_word' id='word_1_316' title='bbox 1511 2505 1631 2557; x_wconf 71' lang='grc' dir='ltr'>ἐπεὶ</span> <span class='ocrx_word' id='word_1_317' title='bbox 1649 2503 1758 2557; x_wconf 81' lang='grc' dir='ltr'>ἀπὸ</span> 
     </span>
    </p>
   </div>
   <div class='ocr_carea' id='block_1_41' title="bbox 181 2597 1757 2669">
    <p class='ocr_par' dir='ltr' id='par_1_41' title="bbox 181 2597 1757 2669">
     <span class='ocr_line' id='line_1_41' title="bbox 181 2597 1757 2669; baseline -0.004 -16"><span class='ocrx_word' id='word_1_318' title='bbox 181 2602 397 2653; x_wconf 86' lang='grc' dir='ltr'>τούτων</span> <span class='ocrx_word' id='word_1_319' title='bbox 428 2600 477 2653; x_wconf 82' lang='grc' dir='ltr'><strong>οί</strong></span> <span class='ocrx_word' id='word_1_320' title='bbox 532 2602 607 2669; x_wconf 83' lang='grc' dir='ltr'>μὴ</span> <span class='ocrx_word' id='word_1_321' title='bbox 644 2599 1042 2661; x_wconf 82' lang='grc' dir='ltr'>πιστεύσαντες</span> <span class='ocrx_word' id='word_1_322' title='bbox 1091 2597 1272 2665; x_wconf 86' lang='grc' dir='ltr'>πολλῷ</span> <span class='ocrx_word' id='word_1_323' title='bbox 1310 2597 1567 2658; x_wconf 75' lang='grc' dir='ltr'>ἐλάττους</span> <span class='ocrx_word' id='word_1_324' title='bbox 1619 2597 1757 2649; x_wconf 69' lang='grc' dir='ltr'>εἰσὶν</span> 
     </span>
    </p>
   </div>
   <div class='ocr_carea' id='block_1_42' title="bbox 179 2687 1759 2774">
    <p class='ocr_par' dir='ltr' id='par_1_42' title="bbox 179 2687 1759 2774">
     <span class='ocr_line' id='line_1_42' title="bbox 179 2687 1759 2774; baseline -0.003 -31"><span class='ocrx_word' id='word_1_325' title='bbox 179 2691 371 2774; x_wconf 53' lang='grc' dir='ltr'>αέτῶν</span> <span class='ocrx_word' id='word_1_326' title='bbox 403 2692 467 2759; x_wconf 84' lang='grc' dir='ltr'>δὴ</span> <span class='ocrx_word' id='word_1_327' title='bbox 496 2692 603 2744; x_wconf 84' lang='grc' dir='ltr'>τῶν</span> <span class='ocrx_word' id='word_1_328' title='bbox 643 2691 1058 2744; x_wconf 80' lang='grc' dir='ltr'>πιστευσάντων</span> <span class='ocrx_word' id='word_1_329' title='bbox 1082 2689 1173 2742; x_wconf 80' lang='grc' dir='ltr'>καὶ</span> <span class='ocrx_word' id='word_1_330' title='bbox 1223 2689 1412 2760; x_wconf 78' lang='grc' dir='ltr'>σχεδὸν</span> <span class='ocrx_word' id='word_1_331' title='bbox 1446 2687 1759 2758; x_wconf 85' lang='grc' dir='ltr'>εὐαρίθμη-</span> 
     </span>
    </p>
   </div>
   <div class='ocr_carea' id='block_1_43' title="bbox 180 2778 1759 2855">
    <p class='ocr_par' dir='ltr' id='par_1_43' title="bbox 180 2778 1759 2855">
     <span class='ocr_line' id='line_1_43' title="bbox 180 2778 1759 2855; baseline -0.002 -20"><span class='ocrx_word' id='word_1_332' title='bbox 180 2792 267 2836; x_wconf 80' lang='grc' dir='ltr'><strong>τοι</strong></span> <span class='ocrx_word' id='word_1_333' title='bbox 299 2799 315 2815; x_wconf 80' lang='grc'><em>’</em></span> <span class='ocrx_word' id='word_1_334' title='bbox 348 2786 444 2836; x_wconf 72' lang='grc' dir='ltr'>καὶ</span> <span class='ocrx_word' id='word_1_335' title='bbox 473 2787 500 2837; x_wconf 94' lang='lat'><strong>6</strong></span> <span class='ocrx_word' id='word_1_336' title='bbox 527 2783 794 2855; x_wconf 85' lang='grc' dir='ltr'>Μωάμεθ,</span> <span class='ocrx_word' id='word_1_337' title='bbox 825 2778 869 2852; x_wconf 79' lang='grc' dir='ltr'>ᾧ</span> <span class='ocrx_word' id='word_1_338' title='bbox 908 2782 1284 2849; x_wconf 81' lang='grc' dir='ltr'>ἠκολούθησαν</span> <span class='ocrx_word' id='word_1_339' title='bbox 1321 2782 1373 2834; x_wconf 81' lang='grc' dir='ltr'>οί</span> <span class='ocrx_word' id='word_1_340' title='bbox 1401 2780 1759 2847; x_wconf 79' lang='grc' dir='ltr'><strong>Μουσουλμά⁹</strong></span> 
     </span>
    </p>
   </div>
   <div class='ocr_carea' id='block_1_44' title="bbox 178 2870 1758 2944">
    <p class='ocr_par' dir='ltr' id='par_1_44' title="bbox 178 2870 1758 2944">
     <span class='ocr_line' id='line_1_44' title="bbox 178 2870 1758 2944; baseline -0.002 -20"><span class='ocrx_word' id='word_1_341' title='bbox 178 2891 288 2928; x_wconf 87' lang='grc' dir='ltr'>νοι.</span> <span class='ocrx_word' id='word_1_342' title='bbox 327 2876 494 2929; x_wconf 80' lang='grc' dir='ltr'>Ἀνευ</span> <span class='ocrx_word' id='word_1_343' title='bbox 517 2874 725 2928; x_wconf 88' lang='grc' dir='ltr'>τούτων</span> <span class='ocrx_word' id='word_1_344' title='bbox 755 2872 820 2944; x_wconf 81' lang='grc' dir='ltr'><strong>δὴ</strong></span> <span class='ocrx_word' id='word_1_345' title='bbox 842 2874 953 2927; x_wconf 84' lang='grc' dir='ltr'>τῶν</span> <span class='ocrx_word' id='word_1_346' title='bbox 982 2872 1154 2944; x_wconf 85' lang='grc' dir='ltr'>τριῶν</span> <span class='ocrx_word' id='word_1_347' title='bbox 1179 2871 1370 2941; x_wconf 67' lang='grc' dir='ltr'>ἕτερός</span> <span class='ocrx_word' id='word_1_348' title='bbox 1416 2888 1502 2932; x_wconf 89' lang='grc' dir='ltr'><strong>τις</strong></span> <span class='ocrx_word' id='word_1_349' title='bbox 1535 2870 1758 2933; x_wconf 83' lang='grc' dir='ltr'>διδάξας</span> 
     </span>
    </p>
   </div>
   <div class='ocr_carea' id='block_1_45' title="bbox 182 2963 1757 3036">
    <p class='ocr_par' dir='ltr' id='par_1_45' title="bbox 182 2963 1757 3036">
     <span class='ocr_line' id='line_1_45' title="bbox 182 2963 1757 3036; baseline -0.004 -17"><span class='ocrx_word' id='word_1_350' title='bbox 182 2966 281 3019; x_wconf 75' lang='grc' dir='ltr'><strong>καὶ</strong></span> <span class='ocrx_word' id='word_1_351' title='bbox 308 2967 430 3029; x_wconf 74' lang='grc' dir='ltr'>δοὺς</span> <span class='ocrx_word' id='word_1_352' title='bbox 454 2967 621 3036; x_wconf 85' lang='grc' dir='ltr'>νόμον</span> <span class='ocrx_word' id='word_1_353' title='bbox 647 2969 749 3020; x_wconf 82' lang='grc' dir='ltr'><strong>οὐκ</strong></span> <span class='ocrx_word' id='word_1_354' title='bbox 776 2969 943 3021; x_wconf 72' lang='grc' dir='ltr'>ἐστιν.</span> <span class='ocrx_word' id='word_1_355' title='bbox 988 2966 1132 3018; x_wconf 81' lang='grc' dir='ltr'><strong>Ἀλλ’</strong></span> <span class='ocrx_word' id='word_1_356' title='bbox 1155 2967 1183 3019; x_wconf 89' lang='lat'><strong>6</strong></span> <span class='ocrx_word' id='word_1_357' title='bbox 1217 2964 1320 3035; x_wconf 84' lang='grc' dir='ltr'>μὲν</span> <span class='ocrx_word' id='word_1_358' title='bbox 1357 2963 1608 3031; x_wconf 84' lang='grc' dir='ltr'><strong>Μωῦσῆς</strong></span> <span class='ocrx_word' id='word_1_359' title='bbox 1658 2978 1757 3030; x_wconf 85' lang='grc' dir='ltr'>με-</span> 
     </span>
    </p>
   </div>
   <div class='ocr_carea' id='block_1_46' title="bbox 189 3050 1758 3127">
    <p class='ocr_par' dir='ltr' id='par_1_46' title="bbox 189 3050 1758 3127">
     <span class='ocr_line' id='line_1_46' title="bbox 189 3050 1758 3127; baseline -0.004 -18"><span class='ocrx_word' id='word_1_360' title='bbox 189 3057 547 3127; x_wconf 79' lang='grc' dir='ltr'>μαρτύρηται</span> <span class='ocrx_word' id='word_1_361' title='bbox 612 3056 1028 3124; x_wconf 78' lang='grc' dir='ltr'>ἀπεσταλμένος</span> <span class='ocrx_word' id='word_1_362' title='bbox 1074 3053 1219 3110; x_wconf 77' lang='grc' dir='ltr'>εἶναι</span> <span class='ocrx_word' id='word_1_363' title='bbox 1265 3054 1417 3124; x_wconf 82' lang='grc' dir='ltr'><strong>παρὰ</strong></span> <span class='ocrx_word' id='word_1_364' title='bbox 1449 3052 1612 3107; x_wconf 88' lang='grc' dir='ltr'>Θεοῦ.</span> <span class='ocrx_word' id='word_1_365' title='bbox 1665 3050 1758 3116; x_wconf 83' lang='grc' dir='ltr'>Ἐξ</span> 
     </span>
    </p>
   </div>
   <div class='ocr_carea' id='block_1_47' title="bbox 182 3142 1758 3216">
    <p class='ocr_par' dir='ltr' id='par_1_47' title="bbox 182 3142 1758 3216">
     <span class='ocr_line' id='line_1_47' title="bbox 182 3142 1758 3216; baseline -0.003 -19"><span class='ocrx_word' id='word_1_366' title='bbox 182 3146 364 3216; x_wconf 80' lang='grc' dir='ltr'><strong>ἀρχῆς</strong></span> <span class='ocrx_word' id='word_1_367' title='bbox 391 3144 471 3199; x_wconf 73' lang='grc' dir='ltr'>ἔτι</span> <span class='ocrx_word' id='word_1_368' title='bbox 504 3146 583 3199; x_wconf 80' lang='grc' dir='ltr'>ὢν</span> <span class='ocrx_word' id='word_1_369' title='bbox 616 3148 674 3199; x_wconf 68' lang='grc' dir='ltr'>ὲν</span> <span class='ocrx_word' id='word_1_370' title='bbox 704 3149 770 3216; x_wconf 76' lang='grc' dir='ltr'>τῇ</span> <span class='ocrx_word' id='word_1_371' title='bbox 811 3146 1077 3216; x_wconf 74' lang='grc' dir='ltr'>Αἰγύπτῳ</span> <span class='ocrx_word' id='word_1_372' title='bbox 1120 3146 1349 3213; x_wconf 67' lang='grc' dir='ltr'>εποίησε</span> <span class='ocrx_word' id='word_1_373' title='bbox 1398 3145 1605 3216; x_wconf 78' lang='grc' dir='ltr'>σημεῖα</span> <span class='ocrx_word' id='word_1_374' title='bbox 1663 3142 1758 3195; x_wconf 76' lang='grc' dir='ltr'><strong>καὶ</strong></span> 
     </span>
    </p>
   </div>
   <div class='ocr_carea' id='block_1_48' title="bbox 179 3232 1748 3309">
    <p class='ocr_par' dir='ltr' id='par_1_48' title="bbox 179 3232 1748 3309">
     <span class='ocr_line' id='line_1_48' title="bbox 179 3232 1748 3309; baseline -0.003 -19"><span class='ocrx_word' id='word_1_375' title='bbox 179 3238 390 3307; x_wconf 79' lang='grc' dir='ltr'>τέρατα</span> <span class='ocrx_word' id='word_1_376' title='bbox 424 3238 662 3307; x_wconf 86' lang='grc' dir='ltr'>μεγάλα,</span> <span class='ocrx_word' id='word_1_377' title='bbox 698 3238 791 3292; x_wconf 71' lang='grc' dir='ltr'><strong>καὶ</strong></span> <span class='ocrx_word' id='word_1_378' title='bbox 820 3237 1087 3309; x_wconf 80' lang='grc' dir='ltr'>ὲμάστιξε</span> <span class='ocrx_word' id='word_1_379' title='bbox 1118 3237 1218 3306; x_wconf 78' lang='grc' dir='ltr'><strong>τὴν</strong></span> <span class='ocrx_word' id='word_1_380' title='bbox 1246 3236 1546 3305; x_wconf 75' lang='grc' dir='ltr'>Αἴγυπτον,</span> <span class='ocrx_word' id='word_1_381' title='bbox 1610 3232 1748 3287; x_wconf 69' lang='grc' dir='ltr'><strong>ἑπά-</strong></span> 
     </span>
    </p>
   </div>
   <div class='ocr_carea' id='block_1_49' title="bbox 186 3415 1753 3485">
    <p class='ocr_par' dir='ltr' id='par_1_49' title="bbox 186 3415 1753 3485">
     <span class='ocr_line' id='line_1_49' title="bbox 186 3415 1753 3485; baseline 0.001 -17"><span class='ocrx_word' id='word_1_382' title='bbox 186 3415 384 3480; x_wconf 79' lang='lat' dir='ltr'><strong>liamo;</strong></span> <span class='ocrx_word' id='word_1_383' title='bbox 418 3424 581 3485; x_wconf 90' lang='lat' dir='ltr'><strong>atque</strong></span> <span class='ocrx_word' id='word_1_384' title='bbox 614 3416 829 3470; x_wconf 88' lang='lat' dir='ltr'><strong>etiamsi</strong></span> <span class='ocrx_word' id='word_1_385' title='bbox 890 3416 1257 3472; x_wconf 82' lang='lat' dir='ltr'><strong>Abrahamum</strong></span> <span class='ocrx_word' id='word_1_386' title='bbox 1312 3415 1532 3471; x_wconf 83' lang='lat' dir='ltr'><strong>videndi</strong></span> <span class='ocrx_word' id='word_1_387' title='bbox 1590 3429 1753 3470; x_wconf 90' lang='lat' dir='ltr'><strong>causa</strong></span> 
     </span>
    </p>
   </div>
   <div class='ocr_carea' id='block_1_50' title="bbox 186 3506 1751 3572">
    <p class='ocr_par' dir='ltr' id='par_1_50' title="bbox 186 3506 1751 3572">
     <span class='ocr_line' id='line_1_50' title="bbox 186 3506 1751 3572; baseline 0.001 -13"><span class='ocrx_word' id='word_1_388' title='bbox 186 3506 403 3572; x_wconf 86' lang='lat' dir='ltr'><strong>adierit,</strong></span> <span class='ocrx_word' id='word_1_389' title='bbox 433 3522 543 3562; x_wconf 90' lang='lat' dir='ltr'><strong>non</strong></span> <span class='ocrx_word' id='word_1_390' title='bbox 576 3506 707 3560; x_wconf 87' lang='lat' dir='ltr'><strong>adiit</strong></span> <span class='ocrx_word' id='word_1_391' title='bbox 754 3516 935 3563; x_wconf 84' lang='lat' dir='ltr'><strong>tamen</strong></span> <span class='ocrx_word' id='word_1_392' title='bbox 968 3522 1092 3562; x_wconf 89' lang='lat' dir='ltr'><strong>eum</strong></span> <span class='ocrx_word' id='word_1_393' title='bbox 1140 3516 1200 3562; x_wconf 92' lang='lat' dir='ltr'><strong>ut</strong></span> <span class='ocrx_word' id='word_1_394' title='bbox 1251 3508 1396 3563; x_wconf 82' lang='lat' dir='ltr'><strong>illius</strong></span> <span class='ocrx_word' id='word_1_395' title='bbox 1445 3517 1499 3562; x_wconf 92' lang='lat' dir='ltr'><strong>et</strong></span> <span class='ocrx_word' id='word_1_396' title='bbox 1560 3522 1751 3563; x_wconf 87' lang='lat' dir='ltr'><strong>semen</strong></span> 
     </span>
    </p>
   </div>
   <div class='ocr_carea' id='block_1_51' title="bbox 186 3597 1754 3667">
    <p class='ocr_par' dir='ltr' id='par_1_51' title="bbox 186 3597 1754 3667">
     <span class='ocr_line' id='line_1_51' title="bbox 186 3597 1754 3667; baseline 0.001 -17"><span class='ocrx_word' id='word_1_397' title='bbox 186 3607 245 3652; x_wconf 79' lang='lat' dir='ltr'><strong>et</strong></span> <span class='ocrx_word' id='word_1_398' title='bbox 272 3599 443 3652; x_wconf 47' lang='lat' dir='ltr'><strong>haeres</strong></span> <span class='ocrx_word' id='word_1_399' title='bbox 472 3599 613 3667; x_wconf 84' lang='lat' dir='ltr'><strong>ejus.</strong></span> <span class='ocrx_word' id='word_1_400' title='bbox 645 3598 776 3664; x_wconf 72' lang='lat' dir='ltr'><strong>Quae</strong></span> <span class='ocrx_word' id='word_1_401' title='bbox 802 3606 925 3653; x_wconf 86' lang='lat' dir='ltr'><strong>cum</strong></span> <span class='ocrx_word' id='word_1_402' title='bbox 963 3600 1036 3653; x_wconf 87' lang='lat' dir='ltr'><strong>ita</strong></span> <span class='ocrx_word' id='word_1_403' title='bbox 1076 3599 1210 3662; x_wconf 89' lang='lat' dir='ltr'><strong>sint,</strong></span> <span class='ocrx_word' id='word_1_404' title='bbox 1265 3598 1536 3652; x_wconf 86' lang='lat' dir='ltr'><strong>undenam</strong></span> <span class='ocrx_word' id='word_1_405' title='bbox 1593 3597 1754 3652; x_wconf 82' lang='lat' dir='ltr'><strong>ﬁdem</strong></span> 
     </span>
    </p>
   </div>
   <div class='ocr_carea' id='block_1_52' title="bbox 190 3689 1745 3760">
    <p class='ocr_par' dir='ltr' id='par_1_52' title="bbox 190 3689 1745 3760">
     <span class='ocr_line' id='line_1_52' title="bbox 190 3689 1745 3760; baseline 0.001 -19"><span class='ocrx_word' id='word_1_406' title='bbox 190 3704 345 3742; x_wconf 88' lang='lat' dir='ltr'><strong>suam</strong></span> <span class='ocrx_word' id='word_1_407' title='bbox 376 3689 704 3744; x_wconf 83' lang='lat' dir='ltr'><strong>Musulmani</strong></span> <span class='ocrx_word' id='word_1_408' title='bbox 749 3692 1011 3753; x_wconf 74' lang='lat' dir='ltr'><strong>habeant,</strong></span> <span class='ocrx_word' id='word_1_409' title='bbox 1064 3691 1317 3760; x_wconf 87' lang='lat' dir='ltr'><strong>equidem</strong></span> <span class='ocrx_word' id='word_1_410' title='bbox 1371 3690 1581 3754; x_wconf 88' lang='lat' dir='ltr'><strong>nescio;</strong></span> <span class='ocrx_word' id='word_1_411' title='bbox 1640 3702 1745 3742; x_wconf 88' lang='lat' dir='ltr'><strong>nec</strong></span> 
     </span>
    </p>
   </div>
   <div class='ocr_carea' id='block_1_53' title="bbox 189 3774 1754 3850">
    <p class='ocr_par' dir='ltr' id='par_1_53' title="bbox 189 3774 1754 3850">
     <span class='ocr_line' id='line_1_53' title="bbox 189 3774 1754 3850; baseline 0.001 -17"><span class='ocrx_word' id='word_1_412' title='bbox 189 3796 258 3833; x_wconf 79' lang='lat' dir='ltr'><strong>ex</strong></span> <span class='ocrx_word' id='word_1_413' title='bbox 285 3780 389 3834; x_wconf 89' lang='lat' dir='ltr'><strong>ulla</strong></span> <span class='ocrx_word' id='word_1_414' title='bbox 419 3796 479 3835; x_wconf 89' lang='lat' dir='ltr'><strong>re</strong></span> <span class='ocrx_word' id='word_1_415' title='bbox 517 3792 643 3837; x_wconf 92' lang='lat' dir='ltr'><strong>ante</strong></span> <span class='ocrx_word' id='word_1_416' title='bbox 666 3774 1031 3846; x_wconf 74' lang='lat' dir='ltr'><strong>Mohametem</strong></span> <span class='ocrx_word' id='word_1_417' title='bbox 1092 3784 1160 3837; x_wconf 83' lang='lat' dir='ltr'><strong>ab</strong></span> <span class='ocrx_word' id='word_1_418' title='bbox 1223 3781 1542 3837; x_wconf 78' lang='lat' dir='ltr'><strong>Abrahamo</strong></span> <span class='ocrx_word' id='word_1_419' title='bbox 1593 3794 1754 3850; x_wconf 87' lang='lat' dir='ltr'><strong>repe-</strong></span> 
     </span>
    </p>
   </div>
   <div class='ocr_carea' id='block_1_54' title="bbox 190 3873 1756 3945">
    <p class='ocr_par' dir='ltr' id='par_1_54' title="bbox 190 3873 1756 3945">
     <span class='ocr_line' id='line_1_54' title="bbox 190 3873 1756 3945; baseline 0.001 -18"><span class='ocrx_word' id='word_1_420' title='bbox 190 3873 344 3927; x_wconf 87' lang='lat' dir='ltr'><strong>tenda</strong></span> <span class='ocrx_word' id='word_1_421' title='bbox 371 3874 585 3929; x_wconf 83' lang='lat' dir='ltr'><strong>videtur</strong></span> <span class='ocrx_word' id='word_1_422' title='bbox 615 3874 1087 3930; x_wconf 84' lang='lat' dir='ltr'><strong>Musulmanorum</strong></span> <span class='ocrx_word' id='word_1_423' title='bbox 1108 3876 1241 3931; x_wconf 82' lang='lat' dir='ltr'><strong>ﬁdes</strong></span> <span class='ocrx_word' id='word_1_424' title='bbox 1266 3893 1281 3941; x_wconf 92' lang='lat'><strong>;</strong></span> <span class='ocrx_word' id='word_1_425' title='bbox 1319 3876 1412 3930; x_wconf 89' lang='lat' dir='ltr'><strong>sed</strong></span> <span class='ocrx_word' id='word_1_426' title='bbox 1436 3875 1553 3945; x_wconf 89' lang='lat' dir='ltr'><strong>ipse</strong></span> <span class='ocrx_word' id='word_1_427' title='bbox 1596 3874 1756 3928; x_wconf 85' lang='lat' dir='ltr'><strong>istius</strong></span> 
     </span>
    </p>
   </div>
   <div class='ocr_carea' id='block_1_55' title="bbox 190 3966 1757 4037">
    <p class='ocr_par' dir='ltr' id='par_1_55' title="bbox 190 3966 1757 4037">
     <span class='ocr_line' id='line_1_55' title="bbox 190 3966 1757 4037; baseline 0.001 -18"><span class='ocrx_word' id='word_1_428' title='bbox 190 3967 446 4022; x_wconf 71' lang='lat' dir='ltr'><strong>doctrina:</strong></span> <span class='ocrx_word' id='word_1_429' title='bbox 498 3976 690 4021; x_wconf 78' lang='lat' dir='ltr'><strong>auctor</strong></span> <span class='ocrx_word' id='word_1_430' title='bbox 756 3976 858 4032; x_wconf 89' lang='lat' dir='ltr'><strong>est,</strong></span> <span class='ocrx_word' id='word_1_431' title='bbox 918 3976 972 4021; x_wconf 82' lang='lat' dir='ltr'><strong>et</strong></span> <span class='ocrx_word' id='word_1_432' title='bbox 1025 3982 1369 4037; x_wconf 65' lang='lat' dir='ltr'><strong>quaecunque</strong></span> <span class='ocrx_word' id='word_1_433' title='bbox 1460 3966 1665 4030; x_wconf 87' lang='lat' dir='ltr'><strong>docuit,</strong></span> <span class='ocrx_word' id='word_1_434' title='bbox 1726 3982 1757 4020; x_wconf 88' lang='lat' dir='ltr'><strong>e</strong></span> 
     </span>
    </p>
   </div>
   <div class='ocr_carea' id='block_1_56' title="bbox 193 4056 1403 4129">
    <p class='ocr_par' dir='ltr' id='par_1_56' title="bbox 193 4056 1403 4129">
     <span class='ocr_line' id='line_1_56' title="bbox 193 4056 1403 4129; baseline -0.001 -18"><span class='ocrx_word' id='word_1_435' title='bbox 193 4072 290 4111; x_wconf 86' lang='lat' dir='ltr'><strong>suo</strong></span> <span class='ocrx_word' id='word_1_436' title='bbox 318 4057 555 4129; x_wconf 77' lang='lat' dir='ltr'><strong>ingenio,</strong></span> <span class='ocrx_word' id='word_1_437' title='bbox 578 4072 683 4111; x_wconf 90' lang='lat' dir='ltr'><strong>non</strong></span> <span class='ocrx_word' id='word_1_438' title='bbox 718 4073 745 4110; x_wconf 86' lang='lat' dir='ltr'><strong>a</strong></span> <span class='ocrx_word' id='word_1_439' title='bbox 780 4058 890 4112; x_wconf 91' lang='lat' dir='ltr'><strong>Deo</strong></span> <span class='ocrx_word' id='word_1_440' title='bbox 913 4067 1161 4127; x_wconf 89' lang='lat' dir='ltr'><strong>accepta,</strong></span> <span class='ocrx_word' id='word_1_441' title='bbox 1196 4056 1403 4113; x_wconf 80' lang='lat' dir='ltr'><strong>docuit.</strong></span> 
     </span>
    </p>
   </div>
   <div class='ocr_carea' id='block_1_57' title="bbox 260 4149 1758 4220">
    <p class='ocr_par' dir='ltr' id='par_1_57' title="bbox 260 4149 1758 4220">
     <span class='ocr_line' id='line_1_57' title="bbox 260 4149 1758 4220; baseline 0.002 -17"><span class='ocrx_word' id='word_1_442' title='bbox 260 4149 407 4215; x_wconf 84' lang='lat' dir='ltr'><strong>Quod</strong></span> <span class='ocrx_word' id='word_1_443' title='bbox 433 4158 616 4204; x_wconf 88' lang='lat' dir='ltr'><strong>autem</strong></span> <span class='ocrx_word' id='word_1_444' title='bbox 666 4150 994 4205; x_wconf 82' lang='lat' dir='ltr'><strong>Musulmani</strong></span> <span class='ocrx_word' id='word_1_445' title='bbox 1042 4150 1256 4214; x_wconf 85' lang='lat' dir='ltr'><strong>dicunt,</strong></span> <span class='ocrx_word' id='word_1_446' title='bbox 1311 4151 1576 4220; x_wconf 90' lang='lat' dir='ltr'><strong>scriptum</strong></span> <span class='ocrx_word' id='word_1_447' title='bbox 1637 4166 1758 4207; x_wconf 86' lang='lat' dir='ltr'><strong>esse</strong></span> 
     </span>
    </p>
   </div>
   <div class='ocr_carea' id='block_1_58' title="bbox 196 4241 1760 4311">
    <p class='ocr_par' dir='ltr' id='par_1_58' title="bbox 196 4241 1760 4311">
     <span class='ocr_line' id='line_1_58' title="bbox 196 4241 1760 4311; baseline 0.003 -17"><span class='ocrx_word' id='word_1_448' title='bbox 196 4241 507 4296; x_wconf 86' lang='lat' dir='ltr'><strong>Mohametis</strong></span> <span class='ocrx_word' id='word_1_449' title='bbox 534 4256 730 4295; x_wconf 93' lang='lat' dir='ltr'><strong>nomen</strong></span> <span class='ocrx_word' id='word_1_450' title='bbox 765 4242 817 4295; x_wconf 94' lang='lat' dir='ltr'><strong>in</strong></span> <span class='ocrx_word' id='word_1_451' title='bbox 852 4242 1165 4311; x_wconf 82' lang='lat' dir='ltr'><strong>Evangelio,</strong></span> <span class='ocrx_word' id='word_1_452' title='bbox 1198 4257 1323 4297; x_wconf 92' lang='lat' dir='ltr'><strong>cum</strong></span> <span class='ocrx_word' id='word_1_453' title='bbox 1380 4242 1635 4298; x_wconf 81' lang='lat' dir='ltr'><strong>Christus</strong></span> <span class='ocrx_word' id='word_1_454' title='bbox 1689 4243 1760 4298; x_wconf 90' lang='lat' dir='ltr'><strong>de</strong></span> 
     </span>
    </p>
   </div>
   <div class='ocr_carea' id='block_1_59' title="bbox 194 4333 1759 4405">
    <p class='ocr_par' dir='ltr' id='par_1_59' title="bbox 194 4333 1759 4405">
     <span class='ocr_line' id='line_1_59' title="bbox 194 4333 1759 4405; baseline 0.004 -21"><span class='ocrx_word' id='word_1_455' title='bbox 194 4348 259 4385; x_wconf 79' lang='lat' dir='ltr'><strong>eo</strong></span> <span class='ocrx_word' id='word_1_456' title='bbox 283 4333 472 4385; x_wconf 75' lang='lat' dir='ltr'><strong>dixerit</strong></span> <span class='ocrx_word' id='word_1_457' title='bbox 504 4350 517 4385; x_wconf 86' lang='lat'><strong>:</strong></span> <span class='ocrx_word' id='word_1_458' title='bbox 544 4333 743 4389; x_wconf 72' lang='lat' dir='ltr'><strong>«Edico</strong></span> <span class='ocrx_word' id='word_1_459' title='bbox 772 4335 949 4397; x_wconf 83' lang='lat' dir='ltr'><strong>vobis,</strong></span> <span class='ocrx_word' id='word_1_460' title='bbox 983 4342 1274 4389; x_wconf 86' lang='lat' dir='ltr'><strong>venturum</strong></span> <span class='ocrx_word' id='word_1_461' title='bbox 1326 4350 1447 4391; x_wconf 86' lang='lat' dir='ltr'><strong>esse</strong></span> <span class='ocrx_word' id='word_1_462' title='bbox 1496 4346 1614 4405; x_wconf 82' lang='lat' dir='ltr'><strong>post</strong></span> <span class='ocrx_word' id='word_1_463' title='bbox 1672 4351 1759 4391; x_wconf 90' lang='lat' dir='ltr'><strong>me</strong></span> 
     </span>
    </p>
   </div>
   <div class='ocr_carea' id='block_1_60' title="bbox 193 4422 1755 4495">
    <p class='ocr_par' dir='ltr' id='par_1_60' title="bbox 193 4422 1755 4495">
     <span class='ocr_line' id='line_1_60' title="bbox 193 4422 1755 4495; baseline 0.002 -19"><span class='ocrx_word' id='word_1_464' title='bbox 193 4422 485 4491; x_wconf 77' lang='lat' dir='ltr'><strong>apostolum</strong></span> <span class='ocrx_word' id='word_1_465' title='bbox 511 4432 564 4478; x_wconf 89' lang='lat' dir='ltr'><strong>et</strong></span> <span class='ocrx_word' id='word_1_466' title='bbox 596 4426 939 4495; x_wconf 83' lang='lat' dir='ltr'><strong>prophetam,</strong></span> <span class='ocrx_word' id='word_1_467' title='bbox 966 4427 1054 4481; x_wconf 88' lang='lat' dir='ltr'><strong>cui</strong></span> <span class='ocrx_word' id='word_1_468' title='bbox 1108 4425 1432 4483; x_wconf 86' lang='lat' dir='ltr'><strong>Mohametis</strong></span> <span class='ocrx_word' id='word_1_469' title='bbox 1480 4441 1701 4492; x_wconf 88' lang='lat' dir='ltr'><strong>nomen,</strong></span> <span class='ocrx_word' id='word_1_470' title='bbox 1738 4446 1755 4479; x_wconf 76' lang='grc' dir='ltr'><strong>ι</strong></span> 
     </span>
    </p>
   </div>
   <div class='ocr_carea' id='block_1_61' title="bbox 1854 1929 3433 2015">
    <p class='ocr_par' dir='ltr' id='par_1_61' title="bbox 1854 1929 3433 2015">
     <span class='ocr_line' id='line_1_61' title="bbox 1854 1929 3433 2015; baseline -0.001 -16"><span class='ocrx_word' id='word_1_471' title='bbox 1854 1947 2021 2000; x_wconf 88' lang='grc' dir='ltr'>δαίων</span> <span class='ocrx_word' id='word_1_472' title='bbox 2056 1949 2192 2015; x_wconf 80' lang='grc' dir='ltr'>πρὸς</span> <span class='ocrx_word' id='word_1_473' title='bbox 2247 1948 2413 2001; x_wconf 75' lang='grc' dir='ltr'>αὑτὸν</span> <span class='ocrx_word' id='word_1_474' title='bbox 2470 1949 2550 1999; x_wconf 73' lang='grc' dir='ltr'>ὅτι</span> <span class='ocrx_word' id='word_1_475' title='bbox 2615 1948 2904 2000; x_wconf 76' lang='grc' dir='ltr'>’Δνάϐαινε</span> <span class='ocrx_word' id='word_1_476' title='bbox 2940 1950 3018 2008; x_wconf 77' lang='grc' dir='ltr'><strong>εἰς</strong></span> <span class='ocrx_word' id='word_1_477' title='bbox 3060 1948 3119 1998; x_wconf 83' lang='grc' dir='ltr'><strong>τὸ</strong></span> <span class='ocrx_word' id='word_1_478' title='bbox 3172 1929 3295 2013; x_wconf 62' lang='grc' dir='ltr'>δρός</span> <span class='ocrx_word' id='word_1_479' title='bbox 3340 1947 3433 1998; x_wconf 71' lang='grc' dir='ltr'><strong>καὶ</strong></span> 
     </span>
    </p>
   </div>
   <div class='ocr_carea' id='block_1_62' title="bbox 1854 2025 3432 2110">
    <p class='ocr_par' dir='ltr' id='par_1_62' title="bbox 1854 2025 3432 2110">
     <span class='ocr_line' id='line_1_62' title="bbox 1854 2025 3432 2110; baseline -0.001 -20"><span class='ocrx_word' id='word_1_480' title='bbox 1854 2040 2026 2105; x_wconf 82' lang='grc' dir='ltr'>γνῶθι</span> <span class='ocrx_word' id='word_1_481' title='bbox 2052 2041 2111 2109; x_wconf 75' lang='grc' dir='ltr'><strong>τὸ</strong></span> <span class='ocrx_word' id='word_1_482' title='bbox 2136 2025 2237 2091; x_wconf 63' lang='grc' dir='ltr'>’τοῦ</span> <span class='ocrx_word' id='word_1_483' title='bbox 2262 2039 2401 2092; x_wconf 81' lang='grc' dir='ltr'>Θεοῦ</span> <span class='ocrx_word' id='word_1_484' title='bbox 2432 2040 2649 2108; x_wconf 85' lang='grc' dir='ltr'>θέλημα</span> <span class='ocrx_word' id='word_1_485' title='bbox 2667 2057 2681 2071; x_wconf 74' lang='grc' dir='ltr'><strong>ο</strong></span> <span class='ocrx_word' id='word_1_486' title='bbox 2724 2042 2889 2110; x_wconf 75' lang='grc' dir='ltr'>ἡμεῖς</span> <span class='ocrx_word' id='word_1_487' title='bbox 2931 2041 3039 2110; x_wconf 84' lang='grc' dir='ltr'><strong>γὰρ</strong></span> <span class='ocrx_word' id='word_1_488' title='bbox 3086 2039 3271 2109; x_wconf 66' lang='grc' dir='ltr'>φωνὴν</span> <span class='ocrx_word' id='word_1_489' title='bbox 3294 2038 3432 2091; x_wconf 80' lang='grc' dir='ltr'>Θεοῦ</span> 
     </span>
    </p>
   </div>
   <div class='ocr_carea' id='block_1_63' title="bbox 1853 2130 3432 2202">
    <p class='ocr_par' dir='ltr' id='par_1_63' title="bbox 1853 2130 3432 2202">
     <span class='ocr_line' id='line_1_63' title="bbox 1853 2130 3432 2202; baseline 0 -19"><span class='ocrx_word' id='word_1_490' title='bbox 1853 2130 2089 2183; x_wconf 87' lang='grc' dir='ltr'>ἀκοῦσαι</span> <span class='ocrx_word' id='word_1_491' title='bbox 2122 2131 2185 2183; x_wconf 77' lang='grc' dir='ltr'><strong>ού</strong></span> <span class='ocrx_word' id='word_1_492' title='bbox 2238 2132 2543 2201; x_wconf 79' lang='grc' dir='ltr'>δυνάμεθα,</span> <span class='ocrx_word' id='word_1_493' title='bbox 2594 2134 2805 2202; x_wconf 89' lang='grc' dir='ltr'>μήποτε</span> <span class='ocrx_word' id='word_1_494' title='bbox 2839 2133 3273 2200; x_wconf 83' lang='grc' dir='ltr'>τελευτήσωμεν.</span> <span class='ocrx_word' id='word_1_495' title='bbox 3322 2133 3432 2186; x_wconf 74' lang='lat' dir='ltr'><strong>K1&quot;.</strong></span> 
     </span>
    </p>
   </div>
   <div class='ocr_carea' id='block_1_64' title="bbox 1855 2214 3435 2294">
    <p class='ocr_par' dir='ltr' id='par_1_64' title="bbox 1855 2214 3435 2294">
     <span class='ocr_line' id='line_1_64' title="bbox 1855 2214 3435 2294; baseline -0.001 -18"><span class='ocrx_word' id='word_1_496' title='bbox 1855 2214 1883 2276; x_wconf 83' lang='grc'><strong>6</strong></span> <span class='ocrx_word' id='word_1_497' title='bbox 1912 2223 2043 2285; x_wconf 80' lang='grc' dir='ltr'>λαὸς</span> <span class='ocrx_word' id='word_1_498' title='bbox 2073 2224 2263 2276; x_wconf 84' lang='grc' dir='ltr'>ἵστατο</span> <span class='ocrx_word' id='word_1_499' title='bbox 2296 2224 2579 2294; x_wconf 76' lang='grc' dir='ltr'>μακρόθεν</span> <span class='ocrx_word' id='word_1_500' title='bbox 2605 2224 2702 2277; x_wconf 88' lang='grc' dir='ltr'><strong>τοῦ</strong></span> <span class='ocrx_word' id='word_1_501' title='bbox 2737 2226 2897 2293; x_wconf 79' lang='grc' dir='ltr'>ὅρους</span> <span class='ocrx_word' id='word_1_502' title='bbox 2966 2225 3104 2294; x_wconf 85' lang='grc' dir='ltr'><strong>μετά</strong></span> <span class='ocrx_word' id='word_1_503' title='bbox 3142 2224 3309 2290; x_wconf 84' lang='grc' dir='ltr'>φόϐου</span> <span class='ocrx_word' id='word_1_504' title='bbox 3338 2223 3435 2276; x_wconf 66' lang='grc' dir='ltr'><strong>καὶ</strong></span> 
     </span>
    </p>
   </div>
   <div class='ocr_carea' id='block_1_65' title="bbox 1857 2313 3434 2384">
    <p class='ocr_par' dir='ltr' id='par_1_65' title="bbox 1857 2313 3434 2384">
     <span class='ocr_line' id='line_1_65' title="bbox 1857 2313 3434 2384; baseline -0.003 -18"><span class='ocrx_word' id='word_1_505' title='bbox 1857 2315 2066 2383; x_wconf 81' lang='grc' dir='ltr'>τρόμου</span> <span class='ocrx_word' id='word_1_506' title='bbox 2101 2317 2542 2383; x_wconf 83' lang='grc' dir='ltr'>προσκυνοῦντες</span> <span class='ocrx_word' id='word_1_507' title='bbox 2605 2314 2685 2384; x_wconf 83' lang='grc' dir='ltr'>τῷ</span> <span class='ocrx_word' id='word_1_508' title='bbox 2742 2314 2861 2382; x_wconf 79' lang='grc' dir='ltr'>Θεῴ</span> <span class='ocrx_word' id='word_1_509' title='bbox 2916 2316 2995 2384; x_wconf 81' lang='grc' dir='ltr'><strong>τῷ</strong></span> <span class='ocrx_word' id='word_1_510' title='bbox 3046 2313 3299 2367; x_wconf 79' lang='grc' dir='ltr'>λαλοῦντι</span> <span class='ocrx_word' id='word_1_511' title='bbox 3356 2313 3434 2379; x_wconf 78' lang='grc' dir='ltr'><strong>τῷ</strong></span> 
     </span>
    </p>
   </div>
   <div class='ocr_carea' id='block_1_66' title="bbox 1857 2400 3433 2472">
    <p class='ocr_par' dir='ltr' id='par_1_66' title="bbox 1857 2400 3433 2472">
     <span class='ocr_line' id='line_1_66' title="bbox 1857 2400 3433 2472; baseline -0.003 -16"><span class='ocrx_word' id='word_1_512' title='bbox 1857 2403 2071 2472; x_wconf 81' lang='grc' dir='ltr'>Μωῦσῇ</span> <span class='ocrx_word' id='word_1_513' title='bbox 2098 2416 2111 2430; x_wconf 87' lang='grc'><strong>·</strong></span> <span class='ocrx_word' id='word_1_514' title='bbox 2142 2406 2169 2455; x_wconf 80' lang='lat'><strong>6</strong></span> <span class='ocrx_word' id='word_1_515' title='bbox 2202 2403 2258 2455; x_wconf 82' lang='grc' dir='ltr'>δὲ</span> <span class='ocrx_word' id='word_1_516' title='bbox 2295 2402 2531 2471; x_wconf 80' lang='grc' dir='ltr'>Μωῦσῆς</span> <span class='ocrx_word' id='word_1_517' title='bbox 2570 2402 2788 2456; x_wconf 84' lang='grc' dir='ltr'>ἀκούων</span> <span class='ocrx_word' id='word_1_518' title='bbox 2814 2403 2943 2463; x_wconf 75' lang='grc' dir='ltr'>τοὺς</span> <span class='ocrx_word' id='word_1_519' title='bbox 2969 2403 3161 2470; x_wconf 78' lang='grc' dir='ltr'>λόγους</span> <span class='ocrx_word' id='word_1_520' title='bbox 3177 2401 3269 2453; x_wconf 89' lang='grc' dir='ltr'><strong>τοῦ</strong></span> <span class='ocrx_word' id='word_1_521' title='bbox 3295 2400 3433 2453; x_wconf 87' lang='grc' dir='ltr'>Θεοῦ</span> 
     </span>
    </p>
   </div>
   <div class='ocr_carea' id='block_1_67' title="bbox 1858 2492 3437 2562">
    <p class='ocr_par' dir='ltr' id='par_1_67' title="bbox 1858 2492 3437 2562">
     <span class='ocr_line' id='line_1_67' title="bbox 1858 2492 3437 2562; baseline -0.001 -17"><span class='ocrx_word' id='word_1_522' title='bbox 1858 2493 2011 2560; x_wconf 71' lang='grc' dir='ltr'>ἔλεγε</span> <span class='ocrx_word' id='word_1_523' title='bbox 2071 2493 2300 2556; x_wconf 84' lang='grc' dir='ltr'>τούτους</span> <span class='ocrx_word' id='word_1_524' title='bbox 2361 2498 2476 2556; x_wconf 81' lang='grc' dir='ltr'>τοῖς</span> <span class='ocrx_word' id='word_1_525' title='bbox 2536 2494 2842 2562; x_wconf 82' lang='grc' dir='ltr'>Ἑϐραίοις,</span> <span class='ocrx_word' id='word_1_526' title='bbox 2892 2495 2989 2546; x_wconf 82' lang='grc' dir='ltr'>καὶ</span> <span class='ocrx_word' id='word_1_527' title='bbox 3043 2493 3330 2560; x_wconf 84' lang='grc' dir='ltr'>παρευθὺς</span> <span class='ocrx_word' id='word_1_528' title='bbox 3375 2492 3437 2544; x_wconf 80' lang='grc' dir='ltr'><strong>τὸ</strong></span> 
     </span>
    </p>
   </div>
   <div class='ocr_carea' id='block_1_68' title="bbox 1858 2582 3436 2655">
    <p class='ocr_par' dir='ltr' id='par_1_68' title="bbox 1858 2582 3436 2655">
     <span class='ocr_line' id='line_1_68' title="bbox 1858 2582 3436 2655; baseline 0.003 -22"><span class='ocrx_word' id='word_1_529' title='bbox 1858 2582 2099 2651; x_wconf 84' lang='grc' dir='ltr'>λαληθὲν</span> <span class='ocrx_word' id='word_1_530' title='bbox 2129 2583 2461 2652; x_wconf 64' lang='grc' dir='ltr'>ἐπληροῦτο.</span> <span class='ocrx_word' id='word_1_531' title='bbox 2489 2584 2633 2636; x_wconf 83' lang='grc' dir='ltr'>Ἀλλ’</span> <span class='ocrx_word' id='word_1_532' title='bbox 2688 2586 2947 2655; x_wconf 58' lang='grc' dir='ltr'>οὐδέποτε</span> <span class='ocrx_word' id='word_1_533' title='bbox 2994 2585 3257 2652; x_wconf 76' lang='grc' dir='ltr'>ἐκίνησαν</span> <span class='ocrx_word' id='word_1_534' title='bbox 3306 2584 3436 2646; x_wconf 79' lang='grc' dir='ltr'>τοὺς</span> 
     </span>
    </p>
   </div>
   <div class='ocr_carea' id='block_1_69' title="bbox 1861 2674 3436 2751">
    <p class='ocr_par' dir='ltr' id='par_1_69' title="bbox 1861 2674 3436 2751">
     <span class='ocr_line' id='line_1_69' title="bbox 1861 2674 3436 2751; baseline 0.001 -27"><span class='ocrx_word' id='word_1_535' title='bbox 1861 2674 2286 2751; x_wconf 70' lang='grc' dir='ltr'>τεσσαράκοντα</span> <span class='ocrx_word' id='word_1_536' title='bbox 2324 2677 2552 2744; x_wconf 81' lang='grc' dir='ltr'>χρόνους</span> <span class='ocrx_word' id='word_1_537' title='bbox 2583 2676 2692 2729; x_wconf 78' lang='grc' dir='ltr'><strong>ἀπὸ</strong></span> <span class='ocrx_word' id='word_1_538' title='bbox 2716 2676 2807 2729; x_wconf 80' lang='grc' dir='ltr'><strong>τοῦ</strong></span> <span class='ocrx_word' id='word_1_539' title='bbox 2837 2677 3010 2728; x_wconf 82' lang='grc' dir='ltr'>τόπου</span> <span class='ocrx_word' id='word_1_540' title='bbox 3072 2676 3252 2727; x_wconf 80' lang='grc' dir='ltr'>αὐτῶν</span> <span class='ocrx_word' id='word_1_541' title='bbox 3302 2674 3436 2727; x_wconf 79' lang='grc' dir='ltr'>ἄνευ</span> 
     </span>
    </p>
   </div>
   <div class='ocr_carea' id='block_1_70' title="bbox 1860 2762 3441 2838">
    <p class='ocr_par' dir='ltr' id='par_1_70' title="bbox 1860 2762 3441 2838">
     <span class='ocr_line' id='line_1_70' title="bbox 1860 2762 3441 2838; baseline 0.001 -22"><span class='ocrx_word' id='word_1_542' title='bbox 1860 2764 2025 2832; x_wconf 79' lang='grc' dir='ltr'>λόγου</span> <span class='ocrx_word' id='word_1_543' title='bbox 2066 2766 2163 2818; x_wconf 90' lang='grc' dir='ltr'><strong>τοῦ</strong></span> <span class='ocrx_word' id='word_1_544' title='bbox 2195 2766 2352 2819; x_wconf 87' lang='grc' dir='ltr'>Θεοῦ.</span> <span class='ocrx_word' id='word_1_545' title='bbox 2382 2768 2628 2836; x_wconf 81' lang='grc' dir='ltr'><strong>Μωῦσῆς</strong></span> <span class='ocrx_word' id='word_1_546' title='bbox 2654 2767 2786 2838; x_wconf 81' lang='grc' dir='ltr'>γὰρ,</span> <span class='ocrx_word' id='word_1_547' title='bbox 2816 2767 2981 2836; x_wconf 78' lang='grc' dir='ltr'>φησὶν</span> <span class='ocrx_word' id='word_1_548' title='bbox 3015 2768 3047 2835; x_wconf 82' lang='grc' dir='ltr'>ἠ</span> <span class='ocrx_word' id='word_1_549' title='bbox 3078 2762 3295 2836; x_wconf 80' lang='grc' dir='ltr'>Γραφὴ,</span> <span class='ocrx_word' id='word_1_550' title='bbox 3317 2765 3441 2818; x_wconf 74' lang='grc' dir='ltr'><strong>ιλά-</strong></span> 
     </span>
    </p>
   </div>
   <div class='ocr_carea' id='block_1_71' title="bbox 1860 2852 3439 2929">
    <p class='ocr_par' dir='ltr' id='par_1_71' title="bbox 1860 2852 3439 2929">
     <span class='ocr_line' id='line_1_71' title="bbox 1860 2852 3439 2929; baseline 0 -22"><span class='ocrx_word' id='word_1_551' title='bbox 1860 2854 1967 2917; x_wconf 85' lang='grc' dir='ltr'>λει,</span> <span class='ocrx_word' id='word_1_552' title='bbox 2000 2857 2097 2909; x_wconf 74' lang='grc' dir='ltr'><strong>καὶ</strong></span> <span class='ocrx_word' id='word_1_553' title='bbox 2126 2859 2154 2910; x_wconf 90' lang='lat'><strong>6</strong></span> <span class='ocrx_word' id='word_1_554' title='bbox 2189 2857 2325 2918; x_wconf 79' lang='grc' dir='ltr'>Θεὸς</span> <span class='ocrx_word' id='word_1_555' title='bbox 2354 2858 2693 2929; x_wconf 84' lang='grc' dir='ltr'>ἁπεκρίνατο</span> <span class='ocrx_word' id='word_1_556' title='bbox 2721 2860 2896 2927; x_wconf 74' lang='grc' dir='ltr'>φωνῇ.</span> <span class='ocrx_word' id='word_1_557' title='bbox 2945 2857 3098 2911; x_wconf 76' lang='grc' dir='ltr'>Μετὰ</span> <span class='ocrx_word' id='word_1_558' title='bbox 3124 2852 3281 2924; x_wconf 49' lang='grc' dir='ltr'>κγοῦν</span> <span class='ocrx_word' id='word_1_559' title='bbox 3327 2853 3439 2908; x_wconf 79' lang='grc' dir='ltr'>τῶν</span> 
     </span>
    </p>
   </div>
   <div class='ocr_carea' id='block_1_72' title="bbox 1862 2947 3440 3019">
    <p class='ocr_par' dir='ltr' id='par_1_72' title="bbox 1862 2947 3440 3019">
     <span class='ocr_line' id='line_1_72' title="bbox 1862 2947 3440 3019; baseline -0.002 -17"><span class='ocrx_word' id='word_1_560' title='bbox 1862 2948 2077 3002; x_wconf 86' lang='grc' dir='ltr'>πολλῶν</span> <span class='ocrx_word' id='word_1_561' title='bbox 2131 2949 2454 3019; x_wconf 84' lang='grc' dir='ltr'>μαρτυριῶν</span> <span class='ocrx_word' id='word_1_562' title='bbox 2482 2967 2543 3003; x_wconf 82' lang='grc' dir='ltr'><strong>τε</strong></span> <span class='ocrx_word' id='word_1_563' title='bbox 2580 2949 2675 3002; x_wconf 75' lang='grc' dir='ltr'><strong>καὶ</strong></span> <span class='ocrx_word' id='word_1_564' title='bbox 2724 2949 3023 3019; x_wconf 83' lang='grc' dir='ltr'>θαυμάτων</span> <span class='ocrx_word' id='word_1_565' title='bbox 3072 2947 3302 3013; x_wconf 70' lang='grc' dir='ltr'>ἐξέδωκε</span> <span class='ocrx_word' id='word_1_566' title='bbox 3347 2947 3440 3000; x_wconf 62' lang='grc' dir='ltr'>τὶν</span> 
     </span>
    </p>
   </div>
   <div class='ocr_carea' id='block_1_73' title="bbox 1860 3040 3437 3111">
    <p class='ocr_par' dir='ltr' id='par_1_73' title="bbox 1860 3040 3437 3111">
     <span class='ocr_line' id='line_1_73' title="bbox 1860 3040 3437 3111; baseline -0.001 -18"><span class='ocrx_word' id='word_1_567' title='bbox 1860 3040 2024 3110; x_wconf 84' lang='grc' dir='ltr'>νόμον</span> <span class='ocrx_word' id='word_1_568' title='bbox 2056 3042 2167 3104; x_wconf 83' lang='grc' dir='ltr'>τοῖς</span> <span class='ocrx_word' id='word_1_569' title='bbox 2197 3040 2498 3106; x_wconf 84' lang='grc' dir='ltr'>Ἰουδαίοις,</span> <span class='ocrx_word' id='word_1_570' title='bbox 2526 3044 2622 3096; x_wconf 74' lang='grc' dir='ltr'><strong>καὶ</strong></span> <span class='ocrx_word' id='word_1_571' title='bbox 2656 3042 2905 3107; x_wconf 75' lang='grc' dir='ltr'>ἐδέξαντο</span> <span class='ocrx_word' id='word_1_572' title='bbox 2919 3041 3111 3095; x_wconf 86' lang='grc' dir='ltr'>τοῦτον</span> <span class='ocrx_word' id='word_1_573' title='bbox 3146 3040 3242 3093; x_wconf 75' lang='grc' dir='ltr'><strong>καὶ</strong></span> <span class='ocrx_word' id='word_1_574' title='bbox 3261 3055 3437 3111; x_wconf 89' lang='grc' dir='ltr'>προσ-</span> 
     </span>
    </p>
   </div>
   <div class='ocr_carea' id='block_1_74' title="bbox 1861 3130 3440 3205">
    <p class='ocr_par' dir='ltr' id='par_1_74' title="bbox 1861 3130 3440 3205">
     <span class='ocr_line' id='line_1_74' title="bbox 1861 3130 3440 3205; baseline 0 -21"><span class='ocrx_word' id='word_1_575' title='bbox 1861 3132 2161 3203; x_wconf 85' lang='grc' dir='ltr'>εκύνησαν,</span> <span class='ocrx_word' id='word_1_576' title='bbox 2188 3134 2281 3187; x_wconf 80' lang='grc' dir='ltr'><strong>καὶ</strong></span> <span class='ocrx_word' id='word_1_577' title='bbox 2320 3135 2635 3205; x_wconf 83' lang='grc' dir='ltr'>παρέλαϐον</span> <span class='ocrx_word' id='word_1_578' title='bbox 2657 3135 2751 3189; x_wconf 79' lang='grc' dir='ltr'><strong>τὸν</strong></span> <span class='ocrx_word' id='word_1_579' title='bbox 2782 3134 2936 3205; x_wconf 86' lang='grc' dir='ltr'>ποιρὰ</span> <span class='ocrx_word' id='word_1_580' title='bbox 2998 3132 3095 3186; x_wconf 85' lang='grc' dir='ltr'><strong>τοῦ</strong></span> <span class='ocrx_word' id='word_1_581' title='bbox 3154 3130 3440 3194; x_wconf 82' lang='grc' dir='ltr'>Μωῦσέως</span> 
     </span>
    </p>
   </div>
   <div class='ocr_carea' id='block_1_75' title="bbox 1856 3224 2913 3300">
    <p class='ocr_par' dir='ltr' id='par_1_75' title="bbox 1856 3224 2913 3300">
     <span class='ocr_line' id='line_1_75' title="bbox 1856 3224 2913 3300; baseline 0.006 -21"><span class='ocrx_word' id='word_1_582' title='bbox 1856 3224 2083 3280; x_wconf 82' lang='grc' dir='ltr'>δοθέντα</span> <span class='ocrx_word' id='word_1_583' title='bbox 2110 3225 2278 3297; x_wconf 86' lang='grc' dir='ltr'>νόμον</span> <span class='ocrx_word' id='word_1_584' title='bbox 2301 3226 2379 3292; x_wconf 84' lang='grc' dir='ltr'><strong>ὡς</strong></span> <span class='ocrx_word' id='word_1_585' title='bbox 2418 3227 2517 3282; x_wconf 85' lang='grc' dir='ltr'><strong>τοῦ</strong></span> <span class='ocrx_word' id='word_1_586' title='bbox 2555 3227 2696 3282; x_wconf 86' lang='grc' dir='ltr'>Θεοῦ</span> <span class='ocrx_word' id='word_1_587' title='bbox 2729 3228 2913 3300; x_wconf 86' lang='grc' dir='ltr'>νόμον.</span> 
     </span>
    </p>
   </div>
   <div class='ocr_carea' id='block_1_76' title="bbox 1858 3403 3441 3484">
    <p class='ocr_par' dir='ltr' id='par_1_76' title="bbox 1858 3403 3441 3484">
     <span class='ocr_line' id='line_1_76' title="bbox 1858 3403 3441 3484; baseline 0.006 -26"><span class='ocrx_word' id='word_1_588' title='bbox 1858 3411 2024 3474; x_wconf 86' lang='lat' dir='ltr'><strong>atque</strong></span> <span class='ocrx_word' id='word_1_589' title='bbox 2058 3403 2353 3477; x_wconf 65' lang='lat' dir='ltr'><strong>Egyptum</strong></span> <span class='ocrx_word' id='word_1_590' title='bbox 2388 3407 2567 3477; x_wconf 79' lang='lat' dir='ltr'><strong>plagis</strong></span> <span class='ocrx_word' id='word_1_591' title='bbox 2599 3408 2913 3479; x_wconf 80' lang='lat' dir='ltr'><strong>ingentibus</strong></span> <span class='ocrx_word' id='word_1_592' title='bbox 2936 3412 3249 3484; x_wconf 84' lang='lat' dir='ltr'><strong>castigavit,</strong></span> <span class='ocrx_word' id='word_1_593' title='bbox 3307 3427 3441 3481; x_wconf 87' lang='lat' dir='ltr'><strong>per-</strong></span> 
     </span>
    </p>
   </div>
   <div class='ocr_carea' id='block_1_77' title="bbox 1859 3498 3443 3574">
    <p class='ocr_par' dir='ltr' id='par_1_77' title="bbox 1859 3498 3443 3574">
     <span class='ocr_line' id='line_1_77' title="bbox 1859 3498 3443 3574; baseline 0.005 -24"><span class='ocrx_word' id='word_1_594' title='bbox 1859 3498 2055 3551; x_wconf 87' lang='lat' dir='ltr'><strong>terruit</strong></span> <span class='ocrx_word' id='word_1_595' title='bbox 2081 3507 2135 3552; x_wconf 86' lang='lat' dir='ltr'><strong>et</strong></span> <span class='ocrx_word' id='word_1_596' title='bbox 2165 3498 2398 3563; x_wconf 90' lang='lat' dir='ltr'><strong>domuit,</strong></span> <span class='ocrx_word' id='word_1_597' title='bbox 2438 3514 2500 3554; x_wconf 92' lang='lat' dir='ltr'><strong>ac</strong></span> <span class='ocrx_word' id='word_1_598' title='bbox 2547 3499 2730 3555; x_wconf 83' lang='lat' dir='ltr'><strong>futura</strong></span> <span class='ocrx_word' id='word_1_599' title='bbox 2787 3511 2845 3556; x_wconf 88' lang='lat' dir='ltr'><strong>ut</strong></span> <span class='ocrx_word' id='word_1_600' title='bbox 2876 3506 3136 3573; x_wconf 86' lang='lat' dir='ltr'><strong>propheta</strong></span> <span class='ocrx_word' id='word_1_601' title='bbox 3168 3505 3443 3574; x_wconf 64' lang='lat' dir='ltr'><strong>praedixit,</strong></span> 
     </span>
    </p>
   </div>
   <div class='ocr_carea' id='block_1_78' title="bbox 1860 3588 2262 3646">
    <p class='ocr_par' dir='ltr' id='par_1_78' title="bbox 1860 3588 2262 3646">
     <span class='ocr_line' id='line_1_78' title="bbox 1860 3588 2262 3646; baseline 0.007 -4"><span class='ocrx_word' id='word_1_602' title='bbox 1860 3588 1933 3642; x_wconf 88' lang='lat' dir='ltr'><strong>ita</strong></span> <span class='ocrx_word' id='word_1_603' title='bbox 1989 3588 2207 3646; x_wconf 82' lang='lat' dir='ltr'><strong>locutus</strong></span> <span class='ocrx_word' id='word_1_604' title='bbox 2248 3610 2262 3645; x_wconf 91' lang='lat'>:</span> 
     </span>
    </p>
   </div>
   <div class='ocr_carea' id='block_1_79' title="bbox 1859 3680 3437 3748">
    <p class='ocr_par' dir='ltr' id='par_1_79' title="bbox 1859 3680 3437 3748">
     <span class='ocr_line' id='line_1_79' title="bbox 1859 3680 3437 3748; baseline 0.005 -15"><span class='ocrx_word' id='word_1_605' title='bbox 1859 3680 2073 3735; x_wconf 87' lang='lat' dir='ltr'><strong>dimitte</strong></span> <span class='ocrx_word' id='word_1_606' title='bbox 2101 3695 2227 3735; x_wconf 92' lang='lat' dir='ltr'><strong>eum</strong></span> <span class='ocrx_word' id='word_1_607' title='bbox 2258 3698 2273 3747; x_wconf 91' lang='lat'><strong>;</strong></span> <span class='ocrx_word' id='word_1_608' title='bbox 2308 3681 2392 3737; x_wconf 90' lang='lat' dir='ltr'><strong>sin</strong></span> <span class='ocrx_word' id='word_1_609' title='bbox 2419 3683 2625 3748; x_wconf 88' lang='lat' dir='ltr'><strong>minus,</strong></span> <span class='ocrx_word' id='word_1_610' title='bbox 2657 3684 2746 3739; x_wconf 90' lang='lat' dir='ltr'><strong>illa</strong></span> <span class='ocrx_word' id='word_1_611' title='bbox 2779 3687 2860 3741; x_wconf 87' lang='lat' dir='ltr'><strong>vel</strong></span> <span class='ocrx_word' id='word_1_612' title='bbox 2892 3687 2980 3740; x_wconf 87' lang='lat' dir='ltr'><strong>illa</strong></span> <span class='ocrx_word' id='word_1_613' title='bbox 3039 3688 3137 3741; x_wconf 87' lang='lat' dir='ltr'><strong>tibi</strong></span> <span class='ocrx_word' id='word_1_614' title='bbox 3198 3699 3250 3743; x_wconf 89' lang='lat' dir='ltr'><strong>et</strong></span> <span class='ocrx_word' id='word_1_615' title='bbox 3290 3691 3437 3743; x_wconf 89' lang='lat' dir='ltr'><strong>omni</strong></span> 
     </span>
    </p>
   </div>
   <div class='ocr_carea' id='block_1_80' title="bbox 1860 3773 3438 3850">
    <p class='ocr_par' dir='ltr' id='par_1_80' title="bbox 1860 3773 3438 3850">
     <span class='ocr_line' id='line_1_80' title="bbox 1860 3773 3438 3850; baseline 0.006 -22"><span class='ocrx_word' id='word_1_616' title='bbox 1860 3773 2098 3844; x_wconf 67' lang='lat' dir='ltr'><strong>Egypto</strong></span> <span class='ocrx_word' id='word_1_617' title='bbox 2123 3785 2380 3831; x_wconf 85' lang='lat' dir='ltr'><strong>eventura</strong></span> <span class='ocrx_word' id='word_1_618' title='bbox 2411 3788 2593 3832; x_wconf 62' lang='lat' dir='ltr'><strong>sunt.»</strong></span> <span class='ocrx_word' id='word_1_619' title='bbox 2638 3779 2812 3848; x_wconf 77' lang='lat' dir='ltr'><strong>Atque</strong></span> <span class='ocrx_word' id='word_1_620' title='bbox 2864 3781 3136 3850; x_wconf 83' lang='lat' dir='ltr'><strong>pollicitus</strong></span> <span class='ocrx_word' id='word_1_621' title='bbox 3197 3782 3438 3847; x_wconf 84' lang='lat' dir='ltr'><strong>Pharao,</strong></span> 
     </span>
    </p>
   </div>
   <div class='ocr_carea' id='block_1_81' title="bbox 1863 3866 3441 3940">
    <p class='ocr_par' dir='ltr' id='par_1_81' title="bbox 1863 3866 3441 3940">
     <span class='ocr_line' id='line_1_81' title="bbox 1863 3866 3441 3940; baseline 0.007 -21"><span class='ocrx_word' id='word_1_622' title='bbox 1863 3866 2141 3921; x_wconf 79' lang='lat' dir='ltr'><strong>facturum</strong></span> <span class='ocrx_word' id='word_1_623' title='bbox 2187 3869 2483 3937; x_wconf 70' lang='lat' dir='ltr'><strong>sejussum</strong></span> <span class='ocrx_word' id='word_1_624' title='bbox 2521 3869 2758 3933; x_wconf 92' lang='lat' dir='ltr'><strong>Domini,</strong></span> <span class='ocrx_word' id='word_1_625' title='bbox 2795 3872 3028 3940; x_wconf 80' lang='lat' dir='ltr'><strong>benigne</strong></span> <span class='ocrx_word' id='word_1_626' title='bbox 3082 3873 3302 3929; x_wconf 80' lang='lat' dir='ltr'><strong>habitus</strong></span> <span class='ocrx_word' id='word_1_627' title='bbox 3352 3887 3441 3930; x_wconf 74' lang='lat' dir='ltr'><strong>eat</strong></span> 
     </span>
    </p>
   </div>
   <div class='ocr_carea' id='block_1_82' title="bbox 1861 3941 3435 4034">
    <p class='ocr_par' dir='ltr' id='par_1_82' title="bbox 1861 3941 3435 4034">
     <span class='ocr_line' id='line_1_82' title="bbox 1861 3941 3435 4034; baseline 0.008 -26"><span class='ocrx_word' id='word_1_628' title='bbox 1861 3970 1891 4008; x_wconf 90' lang='lat' dir='ltr'><strong>a</strong></span> <span class='ocrx_word' id='word_1_629' title='bbox 1934 3956 2138 4025; x_wconf 90' lang='lat' dir='ltr'><strong>Moyse,</strong></span> <span class='ocrx_word' id='word_1_630' title='bbox 2168 3960 2253 4012; x_wconf 93' lang='lat' dir='ltr'><strong>cui</strong></span> <span class='ocrx_word' id='word_1_631' title='bbox 2288 3959 2361 4011; x_wconf 88' lang='lat' dir='ltr'><strong>ita</strong></span> <span class='ocrx_word' id='word_1_632' title='bbox 2388 3959 2620 4014; x_wconf 80' lang='lat' dir='ltr'><strong>faciendi</strong></span> <span class='ocrx_word' id='word_1_633' title='bbox 2648 3941 2676 4014; x_wconf 68' lang='grc' dir='ltr'>ξι</span> <span class='ocrx_word' id='word_1_634' title='bbox 2709 3962 2819 4016; x_wconf 85' lang='lat' dir='ltr'><strong>Deo</strong></span> <span class='ocrx_word' id='word_1_635' title='bbox 2860 3963 2984 4017; x_wconf 87' lang='lat' dir='ltr'><strong>data</strong></span> <span class='ocrx_word' id='word_1_636' title='bbox 3019 3974 3135 4018; x_wconf 86' lang='lat' dir='ltr'><strong>erat</strong></span> <span class='ocrx_word' id='word_1_637' title='bbox 3169 3975 3435 4034; x_wconf 87' lang='lat' dir='ltr'><strong>potestas.</strong></span> 
     </span>
    </p>
   </div>
   <div class='ocr_carea' id='block_1_83' title="bbox 1861 4046 3438 4121">
    <p class='ocr_par' dir='ltr' id='par_1_83' title="bbox 1861 4046 3438 4121">
     <span class='ocr_line' id='line_1_83' title="bbox 1861 4046 3438 4121; baseline 0.008 -22"><span class='ocrx_word' id='word_1_638' title='bbox 1861 4046 1992 4101; x_wconf 84' lang='lat' dir='ltr'><strong>Post</strong></span> <span class='ocrx_word' id='word_1_639' title='bbox 2022 4049 2137 4102; x_wconf 62' lang='lat' dir='ltr'><strong>hare</strong></span> <span class='ocrx_word' id='word_1_640' title='bbox 2172 4048 2382 4120; x_wconf 83' lang='lat' dir='ltr'><strong>Moyses</strong></span> <span class='ocrx_word' id='word_1_641' title='bbox 2411 4053 2565 4119; x_wconf 87' lang='lat' dir='ltr'><strong>gravi</strong></span> <span class='ocrx_word' id='word_1_642' title='bbox 2628 4053 2852 4107; x_wconf 89' lang='lat' dir='ltr'><strong>brachio</strong></span> <span class='ocrx_word' id='word_1_643' title='bbox 2912 4064 3128 4121; x_wconf 75' lang='lat' dir='ltr'><strong>gentem</strong></span> <span class='ocrx_word' id='word_1_644' title='bbox 3178 4056 3438 4112; x_wconf 78' lang='lat' dir='ltr'><strong>Hebraeo-</strong></span> 
     </span>
    </p>
   </div>
   <div class='ocr_carea' id='block_1_84' title="bbox 1864 4140 3439 4211">
    <p class='ocr_par' dir='ltr' id='par_1_84' title="bbox 1864 4140 3439 4211">
     <span class='ocr_line' id='line_1_84' title="bbox 1864 4140 3439 4211; baseline 0.006 -18"><span class='ocrx_word' id='word_1_645' title='bbox 1864 4155 1984 4193; x_wconf 91' lang='lat' dir='ltr'><strong>rum</strong></span> <span class='ocrx_word' id='word_1_646' title='bbox 2014 4156 2083 4194; x_wconf 82' lang='lat' dir='ltr'><strong>ex</strong></span> <span class='ocrx_word' id='word_1_647' title='bbox 2123 4140 2356 4211; x_wconf 64' lang='lat' dir='ltr'><strong>Egypto</strong></span> <span class='ocrx_word' id='word_1_648' title='bbox 2384 4151 2439 4194; x_wconf 90' lang='lat' dir='ltr'><strong>et</strong></span> <span class='ocrx_word' id='word_1_649' title='bbox 2481 4144 2707 4197; x_wconf 84' lang='lat' dir='ltr'><strong>servitio</strong></span> <span class='ocrx_word' id='word_1_650' title='bbox 2764 4144 3067 4201; x_wconf 81' lang='lat' dir='ltr'><strong>Pharaonis</strong></span> <span class='ocrx_word' id='word_1_651' title='bbox 3123 4149 3332 4211; x_wconf 78' lang='lat' dir='ltr'><strong>eduxit,</strong></span> <span class='ocrx_word' id='word_1_652' title='bbox 3385 4158 3439 4204; x_wconf 92' lang='lat' dir='ltr'><strong>et</strong></span> 
     </span>
    </p>
   </div>
   <div class='ocr_carea' id='block_1_85' title="bbox 1863 4224 3437 4301">
    <p class='ocr_par' dir='ltr' id='par_1_85' title="bbox 1863 4224 3437 4301">
     <span class='ocr_line' id='line_1_85' title="bbox 1863 4224 3437 4301; baseline 0.005 -16"><span class='ocrx_word' id='word_1_653' title='bbox 1863 4242 2275 4300; x_wconf 88' lang='lat' dir='ltr'><strong>persequentem</strong></span> <span class='ocrx_word' id='word_1_654' title='bbox 2306 4248 2400 4287; x_wconf 83' lang='lat' dir='ltr'><strong>eos</strong></span> <span class='ocrx_word' id='word_1_655' title='bbox 2428 4224 2953 4301; x_wconf 31' lang='lat' dir='ltr'><strong>Phara‘ouemxcum</strong></span> <span class='ocrx_word' id='word_1_656' title='bbox 3017 4246 3128 4291; x_wconf 90' lang='lat' dir='ltr'><strong>toto</strong></span> <span class='ocrx_word' id='word_1_657' title='bbox 3190 4241 3437 4293; x_wconf 83' lang='lat' dir='ltr'><strong>exercitu</strong></span> 
     </span>
    </p>
   </div>
   <div class='ocr_carea' id='block_1_86' title="bbox 1864 4322 3432 4403">
    <p class='ocr_par' dir='ltr' id='par_1_86' title="bbox 1864 4322 3432 4403">
     <span class='ocr_line' id='line_1_86' title="bbox 1864 4322 3432 4403; baseline 0.006 -28"><span class='ocrx_word' id='word_1_658' title='bbox 1864 4322 1982 4390; x_wconf 78' lang='lat' dir='ltr'><strong>eius</strong></span> <span class='ocrx_word' id='word_1_659' title='bbox 2012 4323 2065 4375; x_wconf 88' lang='lat' dir='ltr'><strong>in</strong></span> <span class='ocrx_word' id='word_1_660' title='bbox 2104 4323 2237 4377; x_wconf 88' lang='lat' dir='ltr'><strong>mari</strong></span> <span class='ocrx_word' id='word_1_661' title='bbox 2270 4322 2459 4378; x_wconf 84' lang='lat' dir='ltr'><strong>Rubro</strong></span> <span class='ocrx_word' id='word_1_662' title='bbox 2484 4326 2803 4379; x_wconf 84' lang='lat' dir='ltr'><strong>submersit.</strong></span> <span class='ocrx_word' id='word_1_663' title='bbox 2836 4327 3042 4381; x_wconf 85' lang='lat' dir='ltr'><strong>Deinde</strong></span> <span class='ocrx_word' id='word_1_664' title='bbox 3095 4329 3149 4383; x_wconf 91' lang='lat' dir='ltr'><strong>in</strong></span> <span class='ocrx_word' id='word_1_665' title='bbox 3176 4396 3182 4403; x_wconf 84' lang='lat'>_</span> <span class='ocrx_word' id='word_1_666' title='bbox 3206 4330 3432 4399; x_wconf 81' lang='lat' dir='ltr'><strong>regione</strong></span> 
     </span>
    </p>
   </div>
   <div class='ocr_carea' id='block_1_87' title="bbox 1865 4412 3436 4486">
    <p class='ocr_par' dir='ltr' id='par_1_87' title="bbox 1865 4412 3436 4486">
     <span class='ocr_line' id='line_1_87' title="bbox 1865 4412 3436 4486; baseline 0.008 -22"><span class='ocrx_word' id='word_1_667' title='bbox 1865 4412 2082 4468; x_wconf 88' lang='lat' dir='ltr'><strong>deserta</strong></span> <span class='ocrx_word' id='word_1_668' title='bbox 2150 4428 2326 4470; x_wconf 82' lang='lat' dir='ltr'><strong>annos</strong></span> <span class='ocrx_word' id='word_1_669' title='bbox 2417 4415 2788 4486; x_wconf 78' lang='lat' dir='ltr'><strong>quadraginta</strong></span> <span class='ocrx_word' id='word_1_670' title='bbox 2865 4419 3129 4476; x_wconf 85' lang='lat' dir='ltr'><strong>oberrans</strong></span> <span class='ocrx_word' id='word_1_671' title='bbox 3178 4422 3436 4476; x_wconf 85' lang='lat' dir='ltr'><strong>miracula</strong></span> 
     </span>
    </p>
   </div>
   <div class='ocr_carea' id='block_1_88' title="bbox 196 4504 3434 4588">
    <p class='ocr_par' dir='ltr' id='par_1_88' title="bbox 196 4504 3434 4588">
     <span class='ocr_line' id='line_1_88' title="bbox 196 4504 3434 4588; baseline -0.001 -19"><span class='ocrx_word' id='word_1_672' title='bbox 196 4515 284 4569; x_wconf 86' lang='lat' dir='ltr'><strong>scd</strong></span> <span class='ocrx_word' id='word_1_673' title='bbox 318 4517 600 4583; x_wconf 80' lang='lat' dir='ltr'><strong>expulsum</strong></span> <span class='ocrx_word' id='word_1_674' title='bbox 626 4531 745 4572; x_wconf 88' lang='lat' dir='ltr'><strong>esse</strong></span> <span class='ocrx_word' id='word_1_675' title='bbox 769 4532 836 4571; x_wconf 83' lang='lat' dir='ltr'><strong>ex</strong></span> <span class='ocrx_word' id='word_1_676' title='bbox 877 4517 1178 4588; x_wconf 68' lang='lat' dir='ltr'><strong>Etrangelio</strong></span> <span class='ocrx_word' id='word_1_677' title='bbox 1236 4519 1439 4573; x_wconf 88' lang='lat' dir='ltr'><strong>invidia</strong></span> <span class='ocrx_word' id='word_1_678' title='bbox 1488 4518 1756 4582; x_wconf 75' lang='lat' dir='ltr'><strong>Christia-</strong></span> <span class='ocrx_word' id='word_1_679' title='bbox 1787 4516 1840 4573; x_wconf 85' lang='grc' dir='ltr'><strong>ι)</strong></span> <span class='ocrx_word' id='word_1_680' title='bbox 1866 4504 2153 4558; x_wconf 84' lang='lat' dir='ltr'><strong>innumera</strong></span> <span class='ocrx_word' id='word_1_681' title='bbox 2184 4505 2373 4559; x_wconf 84' lang='lat' dir='ltr'><strong>edidit.</strong></span> <span class='ocrx_word' id='word_1_682' title='bbox 2398 4507 2465 4560; x_wconf 87' lang='lat' dir='ltr'><strong>Et.</strong></span> <span class='ocrx_word' id='word_1_683' title='bbox 2493 4522 2626 4560; x_wconf 83' lang='lat' dir='ltr'><strong>vero</strong></span> <span class='ocrx_word' id='word_1_684' title='bbox 2685 4524 2871 4562; x_wconf 87' lang='lat' dir='ltr'><strong>coram</strong></span> <span class='ocrx_word' id='word_1_685' title='bbox 2924 4512 3139 4565; x_wconf 88' lang='lat' dir='ltr'><strong>cunctis</strong></span> <span class='ocrx_word' id='word_1_686' title='bbox 3194 4510 3434 4567; x_wconf 64' lang='lat' dir='ltr'><strong>Hebraeis</strong></span> 
     </span>
    </p>
   </div>
   <div class='ocr_carea' id='block_1_89' title="bbox 197 4605 1754 4677">
    <p class='ocr_par' dir='ltr' id='par_1_89' title="bbox 197 4605 1754 4677">
     <span class='ocr_line' id='line_1_89' title="bbox 197 4605 1754 4677; baseline 0.006 -23"><span class='ocrx_word' id='word_1_687' title='bbox 197 4620 403 4665; x_wconf 84' lang='lat' dir='ltr'><strong>norum,</strong></span> <span class='ocrx_word' id='word_1_688' title='bbox 444 4619 563 4674; x_wconf 82' lang='lat' dir='ltr'><strong>age,</strong></span> <span class='ocrx_word' id='word_1_689' title='bbox 604 4605 767 4661; x_wconf 76' lang='lat' dir='ltr'><strong>etiam</strong></span> <span class='ocrx_word' id='word_1_690' title='bbox 798 4607 866 4660; x_wconf 91' lang='lat' dir='ltr'><strong>de</strong></span> <span class='ocrx_word' id='word_1_691' title='bbox 894 4608 994 4661; x_wconf 82' lang='lat' dir='ltr'><strong>hac</strong></span> <span class='ocrx_word' id='word_1_692' title='bbox 1035 4623 1092 4661; x_wconf 91' lang='lat' dir='ltr'><strong>re</strong></span> <span class='ocrx_word' id='word_1_693' title='bbox 1114 4608 1400 4663; x_wconf 86' lang='lat' dir='ltr'><strong>videamus</strong></span> <span class='ocrx_word' id='word_1_694' title='bbox 1430 4625 1445 4662; x_wconf 90' lang='lat'><strong>:</strong></span> <span class='ocrx_word' id='word_1_695' title='bbox 1481 4622 1545 4661; x_wconf 86' lang='lat' dir='ltr'><strong>ac</strong></span> <span class='ocrx_word' id='word_1_696' title='bbox 1587 4623 1754 4677; x_wconf 87' lang='lat' dir='ltr'><strong>spero</strong></span> 
     </span>
    </p>
   </div>
   <div class='ocr_carea' id='block_1_90' title="bbox 197 4696 1756 4765">
    <p class='ocr_par' dir='ltr' id='par_1_90' title="bbox 197 4696 1756 4765">
     <span class='ocr_line' id='line_1_90' title="bbox 197 4696 1756 4765; baseline 0.001 -15"><span class='ocrx_word' id='word_1_697' title='bbox 197 4697 454 4765; x_wconf 82' lang='lat' dir='ltr'><strong>equidem,</strong></span> <span class='ocrx_word' id='word_1_698' title='bbox 487 4710 677 4749; x_wconf 89' lang='lat' dir='ltr'><strong>verum</strong></span> <span class='ocrx_word' id='word_1_699' title='bbox 702 4710 810 4748; x_wconf 89' lang='lat' dir='ltr'><strong>non</strong></span> <span class='ocrx_word' id='word_1_700' title='bbox 842 4696 898 4749; x_wconf 92' lang='lat' dir='ltr'><strong>in</strong></span> <span class='ocrx_word' id='word_1_701' title='bbox 925 4697 1140 4751; x_wconf 89' lang='lat' dir='ltr'><strong>occulto</strong></span> <span class='ocrx_word' id='word_1_702' title='bbox 1170 4697 1309 4763; x_wconf 79' lang='lat' dir='ltr'><strong>fore,</strong></span> <span class='ocrx_word' id='word_1_703' title='bbox 1340 4699 1506 4752; x_wconf 91' lang='lat' dir='ltr'><strong>modo</strong></span> <span class='ocrx_word' id='word_1_704' title='bbox 1550 4706 1756 4752; x_wconf 85' lang='lat' dir='ltr'><strong>attente</strong></span> 
     </span>
    </p>
   </div>
   <div class='ocr_carea' id='block_1_91' title="bbox 198 4785 1755 4856">
    <p class='ocr_par' dir='ltr' id='par_1_91' title="bbox 198 4785 1755 4856">
     <span class='ocr_line' id='line_1_91' title="bbox 198 4785 1755 4856; baseline 0 -14"><span class='ocrx_word' id='word_1_705' title='bbox 198 4786 400 4842; x_wconf 87' lang='lat' dir='ltr'><strong>audias.</strong></span> <span class='ocrx_word' id='word_1_706' title='bbox 439 4785 575 4839; x_wconf 86' lang='lat' dir='ltr'><strong>Tres</strong></span> <span class='ocrx_word' id='word_1_707' title='bbox 599 4785 940 4853; x_wconf 84' lang='lat' dir='ltr'><strong>legislatores</strong></span> <span class='ocrx_word' id='word_1_708' title='bbox 964 4794 1115 4852; x_wconf 91' lang='lat' dir='ltr'><strong>sunt,</strong></span> <span class='ocrx_word' id='word_1_709' title='bbox 1152 4787 1246 4856; x_wconf 87' lang='lat' dir='ltr'><strong>qui</strong></span> <span class='ocrx_word' id='word_1_710' title='bbox 1272 4789 1419 4856; x_wconf 82' lang='lat' dir='ltr'><strong>leges</strong></span> <span class='ocrx_word' id='word_1_711' title='bbox 1470 4789 1755 4856; x_wconf 80' lang='lat' dir='ltr'><strong>generales</strong></span> 
     </span>
    </p>
   </div>
   <div class='ocr_carea' id='block_1_92' title="bbox 195 4862 1755 4946">
    <p class='ocr_par' dir='ltr' id='par_1_92' title="bbox 195 4862 1755 4946">
     <span class='ocr_line' id='line_1_92' title="bbox 195 4862 1755 4946; baseline 0.002 -17"><span class='ocrx_word' id='word_1_712' title='bbox 195 4862 632 4931; x_wconf 54' lang='lat' dir='ltr'><strong>constituerunt:</strong></span> <span class='ocrx_word' id='word_1_713' title='bbox 692 4874 928 4946; x_wconf 85' lang='lat' dir='ltr'><strong>Moyses,</strong></span> <span class='ocrx_word' id='word_1_714' title='bbox 986 4891 1148 4946; x_wconf 90' lang='lat' dir='ltr'><strong>quem</strong></span> <span class='ocrx_word' id='word_1_715' title='bbox 1200 4876 1555 4933; x_wconf 64' lang='lat' dir='ltr'><strong>Heln-morum</strong></span> <span class='ocrx_word' id='word_1_716' title='bbox 1606 4882 1755 4933; x_wconf 87' lang='lat' dir='ltr'><strong>natio</strong></span> 
     </span>
    </p>
   </div>
   <div class='ocr_carea' id='block_1_93' title="bbox 204 4968 1755 5036">
    <p class='ocr_par' dir='ltr' id='par_1_93' title="bbox 204 4968 1755 5036">
     <span class='ocr_line' id='line_1_93' title="bbox 204 4968 1755 5036; baseline 0.001 -14"><span class='ocrx_word' id='word_1_717' title='bbox 204 4980 373 5023; x_wconf 79' lang='lat' dir='ltr'><strong>secuta</strong></span> <span class='ocrx_word' id='word_1_718' title='bbox 406 4978 528 5034; x_wconf 87' lang='lat' dir='ltr'><strong>est;</strong></span> <span class='ocrx_word' id='word_1_719' title='bbox 563 4968 840 5033; x_wconf 86' lang='lat' dir='ltr'><strong>Christus,</strong></span> <span class='ocrx_word' id='word_1_720' title='bbox 908 4982 1071 5036; x_wconf 88' lang='lat' dir='ltr'><strong>quem</strong></span> <span class='ocrx_word' id='word_1_721' title='bbox 1138 4977 1340 5023; x_wconf 56' lang='lat' dir='ltr'><strong>secutae.</strong></span> <span class='ocrx_word' id='word_1_722' title='bbox 1386 4977 1523 5023; x_wconf 78' lang='lat' dir='ltr'><strong>sunt</strong></span> <span class='ocrx_word' id='word_1_723' title='bbox 1563 4984 1755 5024; x_wconf 89' lang='lat' dir='ltr'><strong>omnes</strong></span> 
     </span>
    </p>
   </div>
   <div class='ocr_carea' id='block_1_94' title="bbox 203 5057 1750 5131">
    <p class='ocr_par' dir='ltr' id='par_1_94' title="bbox 203 5057 1750 5131">
     <span class='ocr_line' id='line_1_94' title="bbox 203 5057 1750 5131; baseline 0 -16"><span class='ocrx_word' id='word_1_724' title='bbox 203 5070 446 5131; x_wconf 85' lang='lat' dir='ltr'><strong>genteset</strong></span> <span class='ocrx_word' id='word_1_725' title='bbox 472 5061 649 5130; x_wconf 86' lang='lat' dir='ltr'><strong>major</strong></span> <span class='ocrx_word' id='word_1_726' title='bbox 677 5075 803 5129; x_wconf 87' lang='lat' dir='ltr'><strong>pars</strong></span> <span class='ocrx_word' id='word_1_727' title='bbox 861 5057 1238 5122; x_wconf 66' lang='lat' dir='ltr'><strong>Hebraeorum,</strong></span> <span class='ocrx_word' id='word_1_728' title='bbox 1296 5060 1361 5112; x_wconf 89' lang='lat' dir='ltr'><strong>ad</strong></span> <span class='ocrx_word' id='word_1_729' title='bbox 1420 5059 1582 5114; x_wconf 84' lang='lat' dir='ltr'><strong>tidem</strong></span> <span class='ocrx_word' id='word_1_730' title='bbox 1629 5062 1750 5131; x_wconf 87' lang='lat' dir='ltr'><strong>ejus</strong></span> 
     </span>
    </p>
   </div>
   <div class='ocr_carea' id='block_1_95' title="bbox 204 5151 1753 5222">
    <p class='ocr_par' dir='ltr' id='par_1_95' title="bbox 204 5151 1753 5222">
     <span class='ocr_line' id='line_1_95' title="bbox 204 5151 1753 5222; baseline 0.001 -16"><span class='ocrx_word' id='word_1_731' title='bbox 204 5168 472 5217; x_wconf 82' lang='lat' dir='ltr'><strong>conversa,</strong></span> <span class='ocrx_word' id='word_1_732' title='bbox 524 5152 790 5221; x_wconf 88' lang='lat' dir='ltr'><strong>siquidem</strong></span> <span class='ocrx_word' id='word_1_733' title='bbox 822 5155 915 5220; x_wconf 90' lang='lat' dir='ltr'><strong>qui</strong></span> <span class='ocrx_word' id='word_1_734' title='bbox 959 5151 1118 5205; x_wconf 83' lang='lat' dir='ltr'><strong>iidem</strong></span> <span class='ocrx_word' id='word_1_735' title='bbox 1169 5152 1288 5222; x_wconf 90' lang='lat' dir='ltr'><strong>ejus</strong></span> <span class='ocrx_word' id='word_1_736' title='bbox 1349 5166 1460 5205; x_wconf 90' lang='lat' dir='ltr'><strong>non</strong></span> <span class='ocrx_word' id='word_1_737' title='bbox 1516 5155 1753 5221; x_wconf 85' lang='lat' dir='ltr'><strong>amplexi</strong></span> 
     </span>
    </p>
   </div>
   <div class='ocr_carea' id='block_1_96' title="bbox 204 5242 1746 5313">
    <p class='ocr_par' dir='ltr' id='par_1_96' title="bbox 204 5242 1746 5313">
     <span class='ocr_line' id='line_1_96' title="bbox 204 5242 1746 5313; baseline -0.001 -14"><span class='ocrx_word' id='word_1_738' title='bbox 204 5255 320 5300; x_wconf 91' lang='lat' dir='ltr'><strong>sunt</strong></span> <span class='ocrx_word' id='word_1_739' title='bbox 347 5244 536 5309; x_wconf 70' lang='lat' dir='ltr'><strong>Judaei,</strong></span> <span class='ocrx_word' id='word_1_740' title='bbox 568 5245 637 5297; x_wconf 83' lang='lat' dir='ltr'><strong>iis</strong></span> <span class='ocrx_word' id='word_1_741' title='bbox 664 5245 756 5313; x_wconf 91' lang='lat' dir='ltr'><strong>qui</strong></span> <span class='ocrx_word' id='word_1_742' title='bbox 786 5258 902 5297; x_wconf 91' lang='lat' dir='ltr'><strong>eam</strong></span> <span class='ocrx_word' id='word_1_743' title='bbox 940 5242 1173 5312; x_wconf 81' lang='lat' dir='ltr'><strong>amplexi</strong></span> <span class='ocrx_word' id='word_1_744' title='bbox 1209 5252 1359 5305; x_wconf 91' lang='lat' dir='ltr'><strong>sunt,</strong></span> <span class='ocrx_word' id='word_1_745' title='bbox 1388 5242 1549 5313; x_wconf 86' lang='lat' dir='ltr'><strong>longe</strong></span> <span class='ocrx_word' id='word_1_746' title='bbox 1607 5260 1746 5313; x_wconf 89' lang='lat' dir='ltr'><strong>pau-</strong></span> 
     </span>
    </p>
   </div>
   <div class='ocr_carea' id='block_1_97' title="bbox 202 5334 1749 5404">
    <p class='ocr_par' dir='ltr' id='par_1_97' title="bbox 202 5334 1749 5404">
     <span class='ocr_line' id='line_1_97' title="bbox 202 5334 1749 5404; baseline -0.003 -11"><span class='ocrx_word' id='word_1_747' title='bbox 202 5337 364 5394; x_wconf 88' lang='lat' dir='ltr'><strong>ciores</strong></span> <span class='ocrx_word' id='word_1_748' title='bbox 384 5346 512 5391; x_wconf 84' lang='lat' dir='ltr'><strong>sunt</strong></span> <span class='ocrx_word' id='word_1_749' title='bbox 539 5345 614 5400; x_wconf 94' lang='lat' dir='ltr'><strong>et,</strong></span> <span class='ocrx_word' id='word_1_750' title='bbox 645 5350 812 5404; x_wconf 90' lang='lat' dir='ltr'><strong>prope</strong></span> <span class='ocrx_word' id='word_1_751' title='bbox 830 5336 1029 5401; x_wconf 89' lang='lat' dir='ltr'><strong>dicam,</strong></span> <span class='ocrx_word' id='word_1_752' title='bbox 1049 5334 1190 5389; x_wconf 76' lang='lat' dir='ltr'><strong>facili</strong></span> <span class='ocrx_word' id='word_1_753' title='bbox 1211 5349 1377 5403; x_wconf 85' lang='lat' dir='ltr'><strong>opera</strong></span> <span class='ocrx_word' id='word_1_754' title='bbox 1404 5336 1749 5399; x_wconf 83' lang='lat' dir='ltr'><strong>numerandi;</strong></span> 
     </span>
    </p>
   </div>
   <div class='ocr_carea' id='block_1_98' title="bbox 205 5427 1749 5498">
    <p class='ocr_par' dir='ltr' id='par_1_98' title="bbox 205 5427 1749 5498">
     <span class='ocr_line' id='line_1_98' title="bbox 205 5427 1749 5498; baseline -0.001 -14"><span class='ocrx_word' id='word_1_755' title='bbox 205 5440 349 5498; x_wconf 87' lang='lat' dir='ltr'><strong>atque</strong></span> <span class='ocrx_word' id='word_1_756' title='bbox 375 5430 726 5490; x_wconf 80' lang='lat' dir='ltr'><strong>Mohametes,</strong></span> <span class='ocrx_word' id='word_1_757' title='bbox 761 5443 921 5497; x_wconf 89' lang='lat' dir='ltr'><strong>quem</strong></span> <span class='ocrx_word' id='word_1_758' title='bbox 966 5427 1298 5481; x_wconf 76' lang='lat' dir='ltr'><strong>musulinaui</strong></span> <span class='ocrx_word' id='word_1_759' title='bbox 1357 5429 1536 5482; x_wconf 89' lang='lat' dir='ltr'><strong>secuti</strong></span> <span class='ocrx_word' id='word_1_760' title='bbox 1598 5437 1749 5483; x_wconf 86' lang='lat' dir='ltr'><strong>sunt.</strong></span> 
     </span>
    </p>
   </div>
   <div class='ocr_carea' id='block_1_99' title="bbox 203 5519 1749 5589">
    <p class='ocr_par' dir='ltr' id='par_1_99' title="bbox 203 5519 1749 5589">
     <span class='ocr_line' id='line_1_99' title="bbox 203 5519 1749 5589; baseline -0.001 -15"><span class='ocrx_word' id='word_1_761' title='bbox 203 5533 381 5589; x_wconf 68' lang='lat' dir='ltr'><strong>praeter</strong></span> <span class='ocrx_word' id='word_1_762' title='bbox 417 5524 515 5574; x_wconf 88' lang='lat' dir='ltr'><strong>hos</strong></span> <span class='ocrx_word' id='word_1_763' title='bbox 549 5530 679 5583; x_wconf 83' lang='lat' dir='ltr'><strong>tres,</strong></span> <span class='ocrx_word' id='word_1_764' title='bbox 714 5520 806 5588; x_wconf 91' lang='lat' dir='ltr'><strong>qui</strong></span> <span class='ocrx_word' id='word_1_765' title='bbox 839 5520 1007 5587; x_wconf 88' lang='lat' dir='ltr'><strong>legem</strong></span> <span class='ocrx_word' id='word_1_766' title='bbox 1059 5519 1408 5574; x_wconf 80' lang='lat' dir='ltr'><strong>constituerit</strong></span> <span class='ocrx_word' id='word_1_767' title='bbox 1432 5534 1497 5573; x_wconf 90' lang='lat' dir='ltr'><strong>ac</strong></span> <span class='ocrx_word' id='word_1_768' title='bbox 1543 5519 1749 5573; x_wconf 84' lang='lat' dir='ltr'><strong>docue-</strong></span> 
     </span>
    </p>
   </div>
   <div class='ocr_carea' id='block_1_100' title="bbox 208 5609 1750 5680">
    <p class='ocr_par' dir='ltr' id='par_1_100' title="bbox 208 5609 1750 5680">
     <span class='ocr_line' id='line_1_100' title="bbox 208 5609 1750 5680; baseline -0.001 -14"><span class='ocrx_word' id='word_1_769' title='bbox 208 5615 289 5678; x_wconf 87' lang='lat' dir='ltr'><strong>rit,</strong></span> <span class='ocrx_word' id='word_1_770' title='bbox 319 5627 475 5666; x_wconf 85' lang='lat' dir='ltr'><strong>nemo</strong></span> <span class='ocrx_word' id='word_1_771' title='bbox 508 5621 613 5665; x_wconf 85' lang='lat' dir='ltr'><strong>est.</strong></span> <span class='ocrx_word' id='word_1_772' title='bbox 641 5610 757 5664; x_wconf 75' lang='lat' dir='ltr'><strong>Jam</strong></span> <span class='ocrx_word' id='word_1_773' title='bbox 792 5609 1026 5680; x_wconf 68' lang='lat' dir='ltr'><strong>Moysen)</strong></span> <span class='ocrx_word' id='word_1_774' title='bbox 1062 5612 1279 5680; x_wconf 86' lang='lat' dir='ltr'><strong>quidem</strong></span> <span class='ocrx_word' id='word_1_775' title='bbox 1304 5627 1332 5664; x_wconf 89' lang='lat' dir='ltr'><strong>a</strong></span> <span class='ocrx_word' id='word_1_776' title='bbox 1362 5610 1471 5665; x_wconf 86' lang='lat' dir='ltr'><strong>Deo</strong></span> <span class='ocrx_word' id='word_1_777' title='bbox 1521 5611 1750 5666; x_wconf 88' lang='lat' dir='ltr'><strong>missum</strong></span> 
     </span>
    </p>
   </div>
   <div class='ocr_carea' id='block_1_101' title="bbox 207 5700 1754 5767">
    <p class='ocr_par' dir='ltr' id='par_1_101' title="bbox 207 5700 1754 5767">
     <span class='ocr_line' id='line_1_101' title="bbox 207 5700 1754 5767; baseline 0 -10"><span class='ocrx_word' id='word_1_778' title='bbox 207 5719 330 5765; x_wconf 81' lang='lat' dir='ltr'><strong>esse,</strong></span> <span class='ocrx_word' id='word_1_779' title='bbox 360 5705 410 5756; x_wconf 91' lang='lat' dir='ltr'><strong>iu</strong></span> <span class='ocrx_word' id='word_1_780' title='bbox 434 5701 685 5757; x_wconf 77' lang='lat' dir='ltr'><strong>confesso</strong></span> <span class='ocrx_word' id='word_1_781' title='bbox 724 5712 826 5757; x_wconf 78' lang='lat' dir='ltr'><strong>est.</strong></span> <span class='ocrx_word' id='word_1_782' title='bbox 861 5700 1054 5754; x_wconf 86' lang='lat' dir='ltr'><strong>Statim</strong></span> <span class='ocrx_word' id='word_1_783' title='bbox 1083 5702 1150 5755; x_wconf 87' lang='lat' dir='ltr'><strong>ab</strong></span> <span class='ocrx_word' id='word_1_784' title='bbox 1202 5702 1380 5767; x_wconf 89' lang='lat' dir='ltr'><strong>initio,</strong></span> <span class='ocrx_word' id='word_1_785' title='bbox 1431 5717 1555 5755; x_wconf 88' lang='lat' dir='ltr'><strong>cum</strong></span> <span class='ocrx_word' id='word_1_786' title='bbox 1608 5711 1754 5757; x_wconf 86' lang='lat' dir='ltr'><strong>esset</strong></span> 
     </span>
    </p>
   </div>
   <div class='ocr_carea' id='block_1_102' title="bbox 211 5791 1747 5865">
    <p class='ocr_par' dir='ltr' id='par_1_102' title="bbox 211 5791 1747 5865">
     <span class='ocr_line' id='line_1_102' title="bbox 211 5791 1747 5865; baseline -0.002 -17"><span class='ocrx_word' id='word_1_787' title='bbox 211 5796 363 5852; x_wconf 87' lang='lat' dir='ltr'><strong>adhuc</strong></span> <span class='ocrx_word' id='word_1_788' title='bbox 392 5794 718 5865; x_wconf 65' lang='lat' dir='ltr'><strong>iulEgypto,</strong></span> <span class='ocrx_word' id='word_1_789' title='bbox 760 5792 913 5863; x_wconf 80' lang='lat' dir='ltr'><strong>signa</strong></span> <span class='ocrx_word' id='word_1_790' title='bbox 960 5799 1013 5846; x_wconf 90' lang='lat' dir='ltr'><strong>et</strong></span> <span class='ocrx_word' id='word_1_791' title='bbox 1038 5792 1301 5847; x_wconf 86' lang='lat' dir='ltr'><strong>miracula</strong></span> <span class='ocrx_word' id='word_1_792' title='bbox 1327 5807 1519 5863; x_wconf 81' lang='lat' dir='ltr'><strong>magna</strong></span> <span class='ocrx_word' id='word_1_793' title='bbox 1576 5791 1747 5846; x_wconf 86' lang='lat' dir='ltr'><strong>edidit</strong></span> 
     </span>
    </p>
   </div>
   <div class='ocr_carea' id='block_1_103' title="bbox 1865 4595 3433 4664">
    <p class='ocr_par' dir='ltr' id='par_1_103' title="bbox 1865 4595 3433 4664">
     <span class='ocr_line' id='line_1_103' title="bbox 1865 4595 3433 4664; baseline 0.003 -16"><span class='ocrx_word' id='word_1_794' title='bbox 1865 4595 1922 4648; x_wconf 89' lang='lat' dir='ltr'><strong>in</strong></span> <span class='ocrx_word' id='word_1_795' title='bbox 1950 4604 2190 4650; x_wconf 88' lang='lat' dir='ltr'><strong>montem</strong></span> <span class='ocrx_word' id='word_1_796' title='bbox 2229 4595 2356 4650; x_wconf 82' lang='lat' dir='ltr'><strong>Sina</strong></span> <span class='ocrx_word' id='word_1_797' title='bbox 2392 4598 2658 4664; x_wconf 87' lang='lat' dir='ltr'><strong>ascendit,</strong></span> <span class='ocrx_word' id='word_1_798' title='bbox 2683 4597 2889 4654; x_wconf 69' lang='lat' dir='ltr'><strong>Iudaeis</strong></span> <span class='ocrx_word' id='word_1_799' title='bbox 2922 4601 2995 4654; x_wconf 89' lang='lat' dir='ltr'><strong>ita</strong></span> <span class='ocrx_word' id='word_1_800' title='bbox 3042 4617 3167 4655; x_wconf 91' lang='lat' dir='ltr'><strong>eum</strong></span> <span class='ocrx_word' id='word_1_801' title='bbox 3226 4601 3433 4655; x_wconf 89' lang='lat' dir='ltr'><strong>cohor-</strong></span> 
     </span>
    </p>
   </div>
   <div class='ocr_carea' id='block_1_104' title="bbox 1865 4687 3433 4748">
    <p class='ocr_par' dir='ltr' id='par_1_104' title="bbox 1865 4687 3433 4748">
     <span class='ocr_line' id='line_1_104' title="bbox 1865 4687 3433 4748; baseline 0.004 -8"><span class='ocrx_word' id='word_1_802' title='bbox 1865 4689 1990 4741; x_wconf 89' lang='lat' dir='ltr'><strong>tatis</strong></span> <span class='ocrx_word' id='word_1_803' title='bbox 2023 4704 2037 4740; x_wconf 88' lang='lat'><strong>:</strong></span> <span class='ocrx_word' id='word_1_804' title='bbox 2084 4687 2360 4743; x_wconf 74' lang='lat' dir='ltr'><strong>cAscende</strong></span> <span class='ocrx_word' id='word_1_805' title='bbox 2396 4691 2449 4743; x_wconf 91' lang='lat' dir='ltr'><strong>in</strong></span> <span class='ocrx_word' id='word_1_806' title='bbox 2484 4701 2724 4745; x_wconf 88' lang='lat' dir='ltr'><strong>montem</strong></span> <span class='ocrx_word' id='word_1_807' title='bbox 2750 4701 2804 4745; x_wconf 88' lang='lat' dir='ltr'><strong>et</strong></span> <span class='ocrx_word' id='word_1_808' title='bbox 2838 4692 2994 4748; x_wconf 78' lang='lat' dir='ltr'><strong>disce</strong></span> <span class='ocrx_word' id='word_1_809' title='bbox 3042 4693 3134 4747; x_wconf 91' lang='lat' dir='ltr'><strong>Dei</strong></span> <span class='ocrx_word' id='word_1_810' title='bbox 3170 4695 3392 4747; x_wconf 84' lang='lat' dir='ltr'><strong>volunta</strong></span> <span class='ocrx_word' id='word_1_811' title='bbox 3414 4724 3433 4732; x_wconf 93' lang='lat'><strong>-</strong></span> 
     </span>
    </p>
   </div>
   <div class='ocr_carea' id='block_1_105' title="bbox 1863 4781 3430 4850">
    <p class='ocr_par' dir='ltr' id='par_1_105' title="bbox 1863 4781 3430 4850">
     <span class='ocr_line' id='line_1_105' title="bbox 1863 4781 3430 4850; baseline 0.005 -21"><span class='ocrx_word' id='word_1_812' title='bbox 1863 4784 2005 4845; x_wconf 87' lang='lat' dir='ltr'><strong>tem;</strong></span> <span class='ocrx_word' id='word_1_813' title='bbox 2034 4794 2133 4832; x_wconf 83' lang='lat' dir='ltr'><strong>nos</strong></span> <span class='ocrx_word' id='word_1_814' title='bbox 2165 4781 2309 4834; x_wconf 89' lang='lat' dir='ltr'><strong>enim</strong></span> <span class='ocrx_word' id='word_1_815' title='bbox 2342 4796 2529 4835; x_wconf 89' lang='lat' dir='ltr'><strong>vocem</strong></span> <span class='ocrx_word' id='word_1_816' title='bbox 2565 4781 2659 4836; x_wconf 88' lang='lat' dir='ltr'><strong>Dei</strong></span> <span class='ocrx_word' id='word_1_817' title='bbox 2696 4784 2887 4838; x_wconf 88' lang='lat' dir='ltr'><strong>audire</strong></span> <span class='ocrx_word' id='word_1_818' title='bbox 2918 4800 3024 4839; x_wconf 92' lang='lat' dir='ltr'><strong>non</strong></span> <span class='ocrx_word' id='word_1_819' title='bbox 3070 4786 3430 4850; x_wconf 79' lang='lat' dir='ltr'><strong>sustinemus,</strong></span> 
     </span>
    </p>
   </div>
   <div class='ocr_carea' id='block_1_106' title="bbox 1865 4870 3436 4942">
    <p class='ocr_par' dir='ltr' id='par_1_106' title="bbox 1865 4870 3436 4942">
     <span class='ocr_line' id='line_1_106' title="bbox 1865 4870 3436 4942; baseline 0.004 -21"><span class='ocrx_word' id='word_1_820' title='bbox 1865 4884 1933 4921; x_wconf 91' lang='lat' dir='ltr'><strong>ne</strong></span> <span class='ocrx_word' id='word_1_821' title='bbox 1968 4870 2293 4924; x_wconf 89' lang='lat' dir='ltr'><strong>moriamur.</strong></span> <span class='ocrx_word' id='word_1_822' title='bbox 2332 4888 2349 4920; x_wconf 72' lang='grc' dir='ltr'><strong>ι</strong></span> <span class='ocrx_word' id='word_1_823' title='bbox 2388 4871 2579 4938; x_wconf 86' lang='lat' dir='ltr'><strong>itaque</strong></span> <span class='ocrx_word' id='word_1_824' title='bbox 2628 4872 2861 4941; x_wconf 88' lang='lat' dir='ltr'><strong>populus</strong></span> <span class='ocrx_word' id='word_1_825' title='bbox 2916 4874 3105 4942; x_wconf 83' lang='lat' dir='ltr'><strong>procul</strong></span> <span class='ocrx_word' id='word_1_826' title='bbox 3167 4890 3194 4927; x_wconf 89' lang='lat' dir='ltr'><strong>a</strong></span> <span class='ocrx_word' id='word_1_827' title='bbox 3252 4882 3436 4927; x_wconf 90' lang='lat' dir='ltr'><strong>monte</strong></span> 
     </span>
    </p>
   </div>
   <div class='ocr_carea' id='block_1_107' title="bbox 1864 4960 3435 5036">
    <p class='ocr_par' dir='ltr' id='par_1_107' title="bbox 1864 4960 3435 5036">
     <span class='ocr_line' id='line_1_107' title="bbox 1864 4960 3435 5036; baseline 0.007 -24"><span class='ocrx_word' id='word_1_828' title='bbox 1864 4960 2141 5027; x_wconf 82' lang='lat' dir='ltr'><strong>adstabat,</strong></span> <span class='ocrx_word' id='word_1_829' title='bbox 2171 4976 2295 5013; x_wconf 91' lang='lat' dir='ltr'><strong>cum</strong></span> <span class='ocrx_word' id='word_1_830' title='bbox 2324 4971 2472 5015; x_wconf 88' lang='lat' dir='ltr'><strong>metu</strong></span> <span class='ocrx_word' id='word_1_831' title='bbox 2500 4978 2564 5017; x_wconf 88' lang='lat' dir='ltr'><strong>ac</strong></span> <span class='ocrx_word' id='word_1_832' title='bbox 2600 4974 2839 5018; x_wconf 89' lang='lat' dir='ltr'><strong>tremore</strong></span> <span class='ocrx_word' id='word_1_833' title='bbox 2868 4964 3040 5018; x_wconf 83' lang='lat' dir='ltr'><strong>Deum</strong></span> <span class='ocrx_word' id='word_1_834' title='bbox 3068 4980 3190 5019; x_wconf 85' lang='lat' dir='ltr'><strong>cum</strong></span> <span class='ocrx_word' id='word_1_835' title='bbox 3247 4965 3435 5036; x_wconf 85' lang='lat' dir='ltr'><strong>Moyse</strong></span> 
     </span>
    </p>
   </div>
   <div class='ocr_carea' id='block_1_108' title="bbox 1862 5054 3434 5129">
    <p class='ocr_par' dir='ltr' id='par_1_108' title="bbox 1862 5054 3434 5129">
     <span class='ocr_line' id='line_1_108' title="bbox 1862 5054 3434 5129; baseline 0.005 -22"><span class='ocrx_word' id='word_1_836' title='bbox 1862 5054 2259 5123; x_wconf 88' lang='lat' dir='ltr'><strong>colloquentem</strong></span> <span class='ocrx_word' id='word_1_837' title='bbox 2287 5056 2600 5113; x_wconf 88' lang='lat' dir='ltr'><strong>adorantes.</strong></span> <span class='ocrx_word' id='word_1_838' title='bbox 2636 5059 2845 5129; x_wconf 80' lang='lat' dir='ltr'><strong>Moyses</strong></span> <span class='ocrx_word' id='word_1_839' title='bbox 2885 5062 3066 5114; x_wconf 84' lang='lat' dir='ltr'><strong>audita</strong></span> <span class='ocrx_word' id='word_1_840' title='bbox 3118 5062 3280 5116; x_wconf 88' lang='lat' dir='ltr'><strong>verba</strong></span> <span class='ocrx_word' id='word_1_841' title='bbox 3340 5062 3434 5116; x_wconf 93' lang='lat' dir='ltr'><strong>Dei</strong></span> 
     </span>
    </p>
   </div>
   <div class='ocr_carea' id='block_1_109' title="bbox 1863 5145 3437 5221">
    <p class='ocr_par' dir='ltr' id='par_1_109' title="bbox 1863 5145 3437 5221">
     <span class='ocr_line' id='line_1_109' title="bbox 1863 5145 3437 5221; baseline 0.007 -25"><span class='ocrx_word' id='word_1_842' title='bbox 1863 5145 2046 5197; x_wconf 87' lang='lat' dir='ltr'><strong>statim</strong></span> <span class='ocrx_word' id='word_1_843' title='bbox 2093 5148 2519 5200; x_wconf 84' lang='lat' dir='ltr'><strong>communicavit</strong></span> <span class='ocrx_word' id='word_1_844' title='bbox 2577 5164 2699 5201; x_wconf 67' lang='lat' dir='ltr'><strong>cum</strong></span> <span class='ocrx_word' id='word_1_845' title='bbox 2753 5149 3016 5213; x_wconf 70' lang='lat' dir='ltr'><strong>llehrmis,</strong></span> <span class='ocrx_word' id='word_1_846' title='bbox 3067 5151 3437 5221; x_wconf 86' lang='lat' dir='ltr'><strong>mandataque</strong></span> 
     </span>
    </p>
   </div>
   <div class='ocr_carea' id='block_1_110' title="bbox 1864 5232 3434 5312">
    <p class='ocr_par' dir='ltr' id='par_1_110' title="bbox 1864 5232 3434 5312">
     <span class='ocr_line' id='line_1_110' title="bbox 1864 5232 3434 5312; baseline 0.008 -27"><span class='ocrx_word' id='word_1_847' title='bbox 1864 5232 2009 5289; x_wconf 91' lang='lat' dir='ltr'><strong>illico</strong></span> <span class='ocrx_word' id='word_1_848' title='bbox 2053 5234 2168 5287; x_wconf 86' lang='lat' dir='ltr'><strong>iieri</strong></span> <span class='ocrx_word' id='word_1_849' title='bbox 2205 5247 2381 5304; x_wconf 74' lang='lat' dir='ltr'><strong>empta</strong></span> <span class='ocrx_word' id='word_1_850' title='bbox 2436 5247 2585 5292; x_wconf 87' lang='lat' dir='ltr'><strong>sunt.</strong></span> <span class='ocrx_word' id='word_1_851' title='bbox 2616 5238 2722 5294; x_wconf 89' lang='lat' dir='ltr'><strong>Nec</strong></span> <span class='ocrx_word' id='word_1_852' title='bbox 2752 5256 2847 5309; x_wconf 84' lang='lat' dir='ltr'><strong>per</strong></span> <span class='ocrx_word' id='word_1_853' title='bbox 2872 5251 3015 5296; x_wconf 89' lang='lat' dir='ltr'><strong>totos</strong></span> <span class='ocrx_word' id='word_1_854' title='bbox 3049 5242 3169 5296; x_wconf 90' lang='lat' dir='ltr'><strong>illos</strong></span> <span class='ocrx_word' id='word_1_855' title='bbox 3191 5244 3434 5312; x_wconf 86' lang='lat' dir='ltr'><strong>quadra-</strong></span> 
     </span>
    </p>
   </div>
   <div class='ocr_carea' id='block_1_111' title="bbox 1863 5326 3434 5404">
    <p class='ocr_par' dir='ltr' id='par_1_111' title="bbox 1863 5326 3434 5404">
     <span class='ocr_line' id='line_1_111' title="bbox 1863 5326 3434 5404; baseline 0.009 -29"><span class='ocrx_word' id='word_1_856' title='bbox 1863 5326 2010 5392; x_wconf 89' lang='lat' dir='ltr'><strong>ginta</strong></span> <span class='ocrx_word' id='word_1_857' title='bbox 2036 5341 2208 5381; x_wconf 78' lang='lat' dir='ltr'><strong>annos</strong></span> <span class='ocrx_word' id='word_1_858' title='bbox 2239 5336 2420 5382; x_wconf 85' lang='lat' dir='ltr'><strong>castra</strong></span> <span class='ocrx_word' id='word_1_859' title='bbox 2453 5342 2745 5385; x_wconf 83' lang='lat' dir='ltr'><strong>moverunt</strong></span> <span class='ocrx_word' id='word_1_860' title='bbox 2769 5332 2980 5401; x_wconf 73' lang='lat' dir='ltr'><strong>iniussu</strong></span> <span class='ocrx_word' id='word_1_861' title='bbox 3014 5332 3253 5388; x_wconf 91' lang='lat' dir='ltr'><strong>Domini.</strong></span> <span class='ocrx_word' id='word_1_862' title='bbox 3278 5334 3434 5404; x_wconf 81' lang='lat' dir='ltr'><strong>Moy—</strong></span> 
     </span>
    </p>
   </div>
   <div class='ocr_carea' id='block_1_112' title="bbox 1862 5417 3541 5492">
    <p class='ocr_par' dir='ltr' id='par_1_112' title="bbox 1862 5417 3541 5492">
     <span class='ocr_line' id='line_1_112' title="bbox 1862 5417 3541 5492; baseline 0.008 -25"><span class='ocrx_word' id='word_1_863' title='bbox 1862 5430 1951 5469; x_wconf 77' lang='lat' dir='ltr'><strong>ses</strong></span> <span class='ocrx_word' id='word_1_864' title='bbox 1974 5417 2139 5479; x_wconf 91' lang='lat' dir='ltr'><strong>enim,</strong></span> <span class='ocrx_word' id='word_1_865' title='bbox 2168 5420 2244 5472; x_wconf 90' lang='lat' dir='ltr'><strong>ait</strong></span> <span class='ocrx_word' id='word_1_866' title='bbox 2275 5419 2583 5488; x_wconf 86' lang='lat' dir='ltr'><strong>Scriptura.</strong></span> <span class='ocrx_word' id='word_1_867' title='bbox 2621 5422 2969 5492; x_wconf 82' lang='lat' dir='ltr'><strong>loquebatur,</strong></span> <span class='ocrx_word' id='word_1_868' title='bbox 3029 5441 3095 5479; x_wconf 89' lang='lat' dir='ltr'><strong>ac</strong></span> <span class='ocrx_word' id='word_1_869' title='bbox 3146 5426 3286 5479; x_wconf 83' lang='lat' dir='ltr'><strong>Deus</strong></span> <span class='ocrx_word' id='word_1_870' title='bbox 3344 5439 3434 5480; x_wconf 85' lang='lat' dir='ltr'><strong>re-</strong></span> <span class='ocrx_word' id='word_1_871' title='bbox 3536 5430 3541 5431; x_wconf 63' lang='grc'><strong><em>⁷</em></strong></span> 
     </span>
    </p>
   </div>
   <div class='ocr_carea' id='block_1_113' title="bbox 1862 5507 3429 5586">
    <p class='ocr_par' dir='ltr' id='par_1_113' title="bbox 1862 5507 3429 5586">
     <span class='ocr_line' id='line_1_113' title="bbox 1862 5507 3429 5586; baseline 0.008 -28"><span class='ocrx_word' id='word_1_872' title='bbox 1862 5507 2170 5573; x_wconf 88' lang='lat' dir='ltr'><strong>spondebat</strong></span> <span class='ocrx_word' id='word_1_873' title='bbox 2192 5526 2346 5566; x_wconf 88' lang='lat' dir='ltr'><strong>voce.</strong></span> <span class='ocrx_word' id='word_1_874' title='bbox 2380 5514 2568 5568; x_wconf 84' lang='lat' dir='ltr'><strong>Multis</strong></span> <span class='ocrx_word' id='word_1_875' title='bbox 2599 5515 2763 5582; x_wconf 83' lang='lat' dir='ltr'><strong>igitur</strong></span> <span class='ocrx_word' id='word_1_876' title='bbox 2795 5530 2917 5569; x_wconf 90' lang='lat' dir='ltr'><strong>cum</strong></span> <span class='ocrx_word' id='word_1_877' title='bbox 2981 5518 3153 5586; x_wconf 88' lang='lat' dir='ltr'><strong>signis</strong></span> <span class='ocrx_word' id='word_1_878' title='bbox 3178 5526 3231 5569; x_wconf 92' lang='lat' dir='ltr'><strong>et</strong></span> <span class='ocrx_word' id='word_1_879' title='bbox 3258 5516 3429 5570; x_wconf 87' lang='lat' dir='ltr'><strong>mira-</strong></span> 
     </span>
    </p>
   </div>
   <div class='ocr_carea' id='block_1_114' title="bbox 1860 5597 3436 5677">
    <p class='ocr_par' dir='ltr' id='par_1_114' title="bbox 1860 5597 3436 5677">
     <span class='ocr_line' id='line_1_114' title="bbox 1860 5597 3436 5677; baseline 0.005 -28"><span class='ocrx_word' id='word_1_880' title='bbox 1860 5597 2000 5651; x_wconf 89' lang='lat' dir='ltr'><strong>culis</strong></span> <span class='ocrx_word' id='word_1_881' title='bbox 2027 5600 2196 5667; x_wconf 86' lang='lat' dir='ltr'><strong>legem</strong></span> <span class='ocrx_word' id='word_1_882' title='bbox 2229 5600 2431 5656; x_wconf 73' lang='lat' dir='ltr'><strong>.ludzeis</strong></span> <span class='ocrx_word' id='word_1_883' title='bbox 2456 5604 2624 5671; x_wconf 80' lang='lat' dir='ltr'><strong>dedit,</strong></span> <span class='ocrx_word' id='word_1_884' title='bbox 2660 5622 2824 5677; x_wconf 89' lang='lat' dir='ltr'><strong>quam</strong></span> <span class='ocrx_word' id='word_1_885' title='bbox 2865 5607 2942 5662; x_wconf 88' lang='lat' dir='ltr'><strong>illi</strong></span> <span class='ocrx_word' id='word_1_886' title='bbox 3006 5610 3338 5672; x_wconf 82' lang='lat' dir='ltr'><strong>acceperunt</strong></span> <span class='ocrx_word' id='word_1_887' title='bbox 3381 5617 3436 5674; x_wconf 52' lang='lat' dir='ltr'><strong>et</strong></span> 
     </span>
    </p>
   </div>
   <div class='ocr_carea' id='block_1_115' title="bbox 1860 5698 3432 5783">
    <p class='ocr_par' dir='ltr' id='par_1_115' title="bbox 1860 5698 3432 5783">
     <span class='ocr_line' id='line_1_115' title="bbox 1860 5698 3432 5783; baseline 0.002 -32"><span class='ocrx_word' id='word_1_888' title='bbox 1860 5698 2163 5752; x_wconf 77' lang='lat' dir='ltr'><strong>adorarunt</strong></span> <span class='ocrx_word' id='word_1_889' title='bbox 2187 5715 2201 5752; x_wconf 89' lang='lat'><strong>:</strong></span> <span class='ocrx_word' id='word_1_890' title='bbox 2229 5702 2581 5773; x_wconf 89' lang='lat' dir='ltr'><strong>veneratique</strong></span> <span class='ocrx_word' id='word_1_891' title='bbox 2612 5715 2742 5760; x_wconf 91' lang='lat' dir='ltr'><strong>sunt</strong></span> <span class='ocrx_word' id='word_1_892' title='bbox 2779 5705 2953 5775; x_wconf 85' lang='lat' dir='ltr'><strong>legem</strong></span> <span class='ocrx_word' id='word_1_893' title='bbox 2990 5719 3019 5757; x_wconf 89' lang='lat' dir='ltr'><strong>a</strong></span> <span class='ocrx_word' id='word_1_894' title='bbox 3041 5702 3227 5782; x_wconf 81' lang='lat' dir='ltr'><strong>Moyse</strong></span> <span class='ocrx_word' id='word_1_895' title='bbox 3251 5699 3432 5783; x_wconf 66' lang='lat' dir='ltr'><strong>datam</strong></span> 
     </span>
    </p>
   </div>
   <div class='ocr_carea' id='block_1_116' title="bbox 1859 5790 2290 5862">
    <p class='ocr_par' dir='ltr' id='par_1_116' title="bbox 1859 5790 2290 5862">
     <span class='ocr_line' id='line_1_116' title="bbox 1859 5790 2290 5862; baseline -0.002 -16"><span class='ocrx_word' id='word_1_896' title='bbox 1859 5799 1917 5846; x_wconf 88' lang='lat' dir='ltr'><strong>ut</strong></span> <span class='ocrx_word' id='word_1_897' title='bbox 1953 5790 2139 5862; x_wconf 62' lang='lat' dir='ltr'><strong>’legem</strong></span> <span class='ocrx_word' id='word_1_898' title='bbox 2177 5791 2290 5846; x_wconf 88' lang='lat' dir='ltr'><strong>Dei.</strong></span> 
     </span>
    </p>
   </div>
   <div class='ocr_carea' id='block_1_117' title="bbox 2327 3590 3537 3665">
    <p class='ocr_par' dir='ltr' id='par_1_117' title="bbox 2327 3590 3537 3665">
     <span class='ocr_line' id='line_1_117' title="bbox 2327 3590 3537 3665; baseline 0.007 -22"><span class='ocrx_word' id='word_1_899' title='bbox 2327 3590 2416 3645; x_wconf 69' lang='lat' dir='ltr'><strong>«Si</strong></span> <span class='ocrx_word' id='word_1_900' title='bbox 2483 3593 2817 3648; x_wconf 80' lang='lat' dir='ltr'><strong>dimissurus</strong></span> <span class='ocrx_word' id='word_1_901' title='bbox 2864 3610 2924 3649; x_wconf 89' lang='lat' dir='ltr'><strong>es</strong></span> <span class='ocrx_word' id='word_1_902' title='bbox 2996 3597 3258 3665; x_wconf 80' lang='lat' dir='ltr'><strong>populum</strong></span> <span class='ocrx_word' id='word_1_903' title='bbox 3311 3595 3436 3663; x_wconf 88' lang='lat' dir='ltr'><strong>Dei,</strong></span> <span class='ocrx_word' id='word_1_904' title='bbox 3530 3600 3537 3605; x_wconf 87' lang='grc'><em>’</em></span> 
     </span>
    </p>
   </div>
  </div>
