4022 6294
578 321 683 384 931

1790 312 2117 373 GEORGII
2156 311 2581 373 ΡΗΒΑΝΤΖΑΞ

3732 301 3863 366 933.

571 428 708 480 θωσι
730 419 1140 487 Μουσουλμάνοι
1167 418 1299 488 πρὶς
1335 416 1572 487 πόλεμον
1600 420 1693 473 καὶ
1721 420 1779 473 ὲν
1802 420 1882 489 τῷ
1912 421 2135 489 πολεμῳ
2159 426 2209 486 Α
2236 421 2363 484 τοὺς
2394 421 2549 482 θεοὺς
2571 418 2903 487 ἀπέρχονται
2930 418 3024 471 καὶ
3054 419 3195 488 μετὰ
3215 419 3326 471 τῶν
3356 417 3503 471 θεῶν
3531 417 3864 486 εὕρισκον-

571 518 714 585 πέσῃ
746 512 935 575 τιςοέξ
983 509 1187 575 αὐτῶν,
1227 512 1290 564 οὐ
1329 510 1641 579 λογίζονται
1687 512 1916 573 ἑαυτοὺς
1947 512 2130 577 ἀξίους

573 607 834 677 μέμψεως
853 604 927 665 ὡς
952 604 1160 663 αἰτίους
1188 603 1283 654 τοῦ
1314 603 1575 671 πολέμου,
1594 601 1709 654 ἀλλ’
1736 603 1830 654 ἐπὶ
1857 602 1917 654 τὸ
1940 603 2135 670 νεκρὸν

569 701 726 765 σῶμα
757 696 849 749 τοῦ
892 694 1246 756 πεπτωκότος
1270 697 1575 762 σφάττουσι
1605 693 1840 758 ζῶντας,
1880 695 2037 755 ὅσους
2069 693 2135 746 ἂν

566 789 768 858 δυνηθῇ
803 789 1067 845 ἕκαστος⁹
1099 786 1191 838 καὶ
1219 788 1342 838 ὅσον
1374 784 1595 847 πλείους
1628 787 1852 849 κτείνει,
1881 784 2135 839 τοσοῦτον

565 880 872 947 λογίζονται
907 876 1175 943 ὠφέλειαν
1219 878 1316 943 τῆς
1363 874 1460 927 τοῦ
1503 874 1800 937 τεθνεῶτος
1844 872 2044 944 ψυχῆς.
2074 874 2135 926 Ei

564 973 609 1025 δ’
634 974 764 1033 ἴσως
810 970 908 1021 οὐκ
953 970 1063 1038 ἔχει
1121 967 1444 1036 ἀνθρώπους
1492 967 1573 1029 είς
1619 964 1878 1030 ἐξουσίαν
1913 965 2081 1018 αὑτοῦ
2108 966 2137 1017 ό

568 1062 893 1132 βουλόμενος
928 1060 1191 1129 βοηθῆσαι
1224 1061 1289 1125 τῇ
1324 1057 1418 1110 τοῦ
1448 1057 1744 1120 τεθνεῶτος
1772 1058 1942 1127 ψυχῇ,
1996 1056 2135 1121 heu)-

571 1159 745 1208 νεῖται
769 1154 1144 1223 Χριστιανοὺς,
1181 1151 1339 1220 εἴπερ
1387 1150 1560 1217 εὖροι,
1599 1151 1692 1203 καὶ
1741 1150 1774 1219 ἢ
1824 1150 2010 1204 ἐπάνω
2041 1149 2136 1203 τοῦ

567 1247 766 1315 νεκροῦ
822 1246 1070 1310 σώματος
1125 1244 1351 1310 σφάττει
1404 1243 1600 1303 αὐτοὺς
1641 1240 1673 1309 ἢ
1721 1242 1815 1295 ἐπὶ
1859 1241 1937 1311 τῷ
1982 1242 2137 1309 τάφῳ

570 1339 759 1392 αὑτοῦ.
800 1338 909 1389 Καὶ
958 1338 985 1388 ὁ
1047 1334 1221 1387 ταῦτα
1279 1332 1584 1402 νομοθετῶν
1638 1332 1754 1394 πῶς
1806 1332 1913 1385 ἀπὸ
1966 1332 2134 1396 Θεοῦ;

573 1434 695 1484 Ἔτι
734 1430 1016 1498 νομοθετεῖ
1061 1430 1144 1480 ὅτι
1186 1428 1214 1479 ό
1250 1428 1374 1489 δοὺς
1417 1429 1482 1495 τῇ
1531 1425 1703 1495 πόρνῃ
1751 1424 2011 1495 μίσθωμα
2041 1424 2139 1477 καὶ

568 1521 860 1590 κοιμηθεὶς
900 1518 1017 1587 μετ’
1050 1519 1220 1586 αὐτῆς
1247 1517 1348 1586 οὐχ
1374 1516 1687 1584 ἁμαρτάνει
1708 1532 1722 1545 °
1768 1518 1864 1568 καὶ
1890 1517 1918 1567 ὁ
1944 1514 2139 1583 βιασά-

573 1629 733 1681 μενος
763 1610 1029 1679 παρθένον
1062 1606 1392 1677 ἁμαρτάνει,
1417 1608 1445 1657 ὁ
1476 1607 1533 1657 δὲ
1566 1605 1705 1673 μετὰ
1733 1605 1834 1674 τῆς
1861 1604 2139 1673 θελήσεως

571 1706 744 1771 αὐτῆς
797 1703 1081 1772 κοιμηθεὶς
1121 1699 1238 1769 μετ’
1286 1700 1456 1768 αὐτῆς
1504 1699 1604 1767 οὐχ
1652 1696 2003 1765 ἁμαρτάνει·
2043 1696 2138 1748 καὶ

575 1800 669 1851 ἐὰν
696 1795 1102 1865 αἰχμαλωτίδας
1134 1810 1218 1853 τις
1245 1791 1383 1860 λάϐῃ
1433 1792 1491 1841 ὲν
1524 1789 1767 1858 πολέμῳ,
1805 1788 2018 1854 ἔξεστιν
2053 1788 2140 1840 ἐπ’

574 1888 769 1946 αὐταῖς
831 1884 1053 1949 ποιῆσαι
1101 1881 1128 1932 ὅ
1187 1880 1435 1948 βούλεται
1496 1876 1817 1939 ἀκωλύτως.
1892 1876 1951 1929 '0
2013 1875 2144 1943 γοῦν

583 1976 842 2047 πορνείας
884 1975 977 2027 καὶ
1031 1971 1499 2043 παρθενοφθορίας
1545 1968 1853 2038 νομοθετῶν
1896 1967 2013 2030 πῶς
2039 1967 2147 2021 ἀπὸ

577 2065 714 2120 Θεοῦ
740 2084 753 2130 ;

648 2156 762 2207 Καὶ
792 2153 853 2205 τὸ
882 2153 945 2220 δὴ
991 2151 1269 2221 χείριστον
1306 2148 1389 2202 ὅτι
1420 2150 1545 2210 τοὺς
1580 2149 1723 2201 κατὰ
1749 2148 1848 2217 τὴν
1875 2147 2147 2217 ἀποδοχὴν

570 2250 669 2304 τοῦ
699 2247 837 2303 Θεοῦ
865 2246 1345 2315 περιπατήσαντας
1368 2245 1424 2296 ὲν
1449 2238 1528 2310 τῷ
1562 2243 1792 2312 παρόντι
1818 2242 1976 2297 αίῶνι
2004 2241 2146 2311 μετᾶ

573 2345 675 2414 τὴν
724 2342 911 2395 ἐνθάδε
967 2338 1269 2393 ἀποὸίωσιν
1330 2336 1511 2390 αὐτῶν
1560 2336 1762 2404 λουτρὰ
1823 2336 1920 2388 καὶ
1961 2335 2146 2397 οἴκους

580 2433 934 2504 περικαλλεῖς
988 2431 1084 2482 καὶ
1131 2431 1399 2496 γυναῖκας
1450 2427 1756 2495 παρθένους
1804 2427 1885 2479 ὅτι
1945 2424 2151 2486 πολλὰς

578 2528 923 2594 ὑπισχνεῖται
970 2521 1295 2591 δοθήσεσθαι
1328 2520 1558 2589 ’ἑκάστῳ
1592 2518 1757 2589 348
1806 2517 1957 2586 παρὰ
1990 2515 2148 2568 Θεοῦ.

576 2618 689 2670 Καὶ
718 2618 856 2683 ὅπερ
910 2615 956 2665 oi
995 2612 1103 2665 τῶν
1138 2610 1543 2679 είδωλολατρῶν
1586 2608 1856 2678 Ἑλλήνων
1890 2606 2152 2676 ὀνομαζό-

582 2724 731 2776 μενοι
756 2706 995 2772 θεολόγοι
1023 2707 1125 2759 οὐκ
1159 2700 1315 2757 εἶπον
1346 2702 1469 2754 οὐδὲ
1501 2701 1762 2769 ἐνόμισαν
1792 2694 1955 2763 εἶναι,
1978 2698 2152 2752 ταῦτα

576 2778 605 2850 ό
628 2797 873 2866 Μωάμεθ
899 2794 1415 2865 ἀνακεκαλυμμένῳ
1437 2792 1511 2863 τῷ
1539 2792 1816 2861 προσώπῳ
1844 2790 2148 2858 νομοθετεῖ.

590 2891 821 2943 Ἐκεῖνοι
857 2889 966 2958 γάρ
1006 2887 1180 2950 οὕτως
1207 2888 1480 2954 λέγουσιν,
1520 2888 1603 2939 ὅτι
1646 2885 1696 2937 oi
1728 2884 1827 2955 μὲν
1858 2883 2037 2945 καλῶς
2072 2884 2155 2934 ὲν-

581 2981 710 3034 θάδε
765 2981 1108 3049 βιώσαντες,
1176 2978 1313 3031 ἐπάν
1369 2978 1687 3029 ἀποθάνωσι
1743 2975 1837 3027 καὶ
1895 2974 2152 3043 καθαρῶς

2235 527 2328 565 ται
2361 513 2441 572 εἰς
2486 511 2584 571 τάς
2626 511 2735 562 τῶν
2772 511 3058 578 μακαρίων
3110 511 3309 579 νήσους
3330 509 3441 563 καὶ
3474 509 3606 579 μετ’
3639 512 3859 564 αὐτῶν

2238 600 2668 669 συναγάλλονται
2701 600 2845 653 ’τῶν
2906 601 2961 653 δὲ
3016 601 3202 663 κακῶς
3246 601 3433 655 ἐνθάδε
3489 603 3857 670 βιωσάντων

2236 692 2333 743 καὶ¹
2379 690 2702 761 ἀκαθάρτων
2741 693 2837 744 καὶ
2893 692 3321 761 μεμολυσμένων
3367 694 3757 747 ἀπελθόντων
3796 699 3851 745 αἱ

2235 781 2445 836 τούτων
2474 781 2644 851 ψυχαὶ
2672 784 2750 843 εἰς
2788 780 3050 849 ξοφώδεις
3078 785 3173 835 καὶ
3200 787 3513 848 σκοτεινοὺς
3543 786 3848 855 ἀπέρχον-

2236 890 2326 926 ται
2367 874 2567 937 τόπους
2606 877 2700 927 atat
2750 876 2829 937 εἰς
2886 874 2978 927 τὸν
3031 876 3282 944 ποταμὸν
3329 878 3420 929 τὸν
3470 879 3850 945 Πυριφλεγέ-

2238 966 2422 1021 θοντα.
2457 967 2563 1019 Καὶ
2611 966 2661 1018 oi
2708 966 2810 1034 μὲν
2864 965 3254 1035 εἰδωλολάτραι
3304 966 3576 1038 Ἕλληνες
3631 969 3847 1037 ελεγον

2236 1054 2411 1109 ταῦτα
2432 1070 2447 1086 °
2479 1058 2507 1109 ὀ
2534 1055 2592 1108 δὲ
2626 1054 2978 1123 Μωάμεθ,ὅς
3008 1056 3265 1123 ὀνομάζει
3296 1058 3494 1111 ἑαυτὸν
3524 1058 3847 1128 ὸρθόδοξον

2238 1145 2334 1199 καὶ
2406 1145 2634 1215 πλησίον
2695 1144 2792 1199 τοῦ
2842 1145 2978 1199 Θεοῦ
3038 1147 3465 1216 εὑρισκόμενον,
3520 1150 3692 1217 λέγει
3750 1155 3848 1203 καὶ

2240 1236 2525 1306 νομοθετεί
2581 1236 2809 1291 τοιαῦτα
2870 1238 3202 1309 ἀτοπήματα
3257 1241 3481 1311 αἰσχρά,
3551 1244 3660 1294 καὶ
3735 1244 3845 1295 οὐκ

2239 1329 2353 1399 ἔχει
2396 1329 2704 1399 ἐνθύμησιν
2759 1330 2897 1391 ὅλως
2945 1331 3030 1383 ὅτι
3078 1331 3253 1385 ταῦτα
3305 1335 3482 1386 πάντα
3512 1334 3710 1403 ὀργῆς
3748 1341 3847 1387 καὶ

2239 1422 2591 1492 ἀποστροφῆς
2630 1420 2768 1490 ἔργα
2818 1421 2912 1474 καὶ
2938 1421 3038 1489 τῆς
3068 1423 3344 1492 ἁμαρτίας
3383 1425 3846 1493 άποτελὲσματά

2240 1516 2371 1567 εισι.
2420 1512 2534 1583 Πρδ
2571 1514 2678 1581 γὰρ
2721 1513 2823 1582 τῆς
2872 1513 3240 1584 παραὸάσεως
3283 1517 3377 1568 καὶ
3408 1517 3704 1586 ἁμαρτίας
3738 1518 3843 1570 τοῦ

2254 1605 2425 1673 Ἀδὰμ
2485 1604 2590 1657 ποῦ
2637 1604 2863 1676 λουτρὰ,
2920 1606 3025 1660 ποῦ
3081 1606 3219 1669 ὅλως
3278 1609 3585 1677 οἰκήματα,
3627 1609 3749 1662 ποῦ
3787 1616 3841 1662 αἱ

2244 1696 2436 1750 πολλαὶ
2468 1698 2760 1764 γυναῖκεςς
2785 1698 2948 1750 Ἀλλά
2981 1697 3120 1765 μετὰ
3146 1697 3244 1768 τὴν
3283 1699 3562 1767 ἁμαρτίαν
3598 1706 3703 1752 καὶ
3732 1700 3839 1770 τὴν

2248 1787 2493 1857 κατάραν
2521 1789 2798 1858 ἐπανέστη
2823 1789 2883 1841 τὸ
2913 1787 3073 1858 σῶμα
3100 1789 3290 1859 ῶσπερ
3324 1790 3512 1860 θηρίον
3539 1791 3702 1845 κατὰ
3733 1793 3837 1859 τῆς

2246 1878 2423 1948 ψυχῆς
2482 1880 2583 1949 τῆς
2639 1880 2713 1948 μὴ
2763 1878 2996 1948 ἐχούσης
3048 1879 3356 1942 καθολικῶς
3404 1880 3505 1948 τὴν
3551 1882 3655 1935 τοῦ
3684 1883 3835 1935 Θεοῦ

2249 1970 2560 2041 ἐπίσκεψιν.
2597 1972 2818 2040 Ἴσχυσε
2859 1971 2920 2023 τὸ
2979 1970 3161 2040 σῶμα,
3196 1973 3293 2025 καὶ
3350 1973 3673 2029 κατέσπασε
3727 1976 3833 2044 τὴν

2246 2061 2429 2131 ψυχὴν
2465 2062 2574 2116 ἀπὸ
2595 2062 2689 2115 τοῦ
2726 2061 2896 2131 ὕψους
2925 2063 3022 2115 καὶ
3053 2062 3150 2116 τοῦ
3186 2065 3483 2133 μεγαλείου
3515 2066 3697 2136 αὐτῆς
3733 2070 3832 2120 καὶ

2249 2153 2565 2220 κατήγαγεν
2595 2153 2678 2213 είς
2703 2152 2803 2213 τάς
2836 2152 3184 2222 παραλόγους
3229 2153 3326 2206 καὶ
3355 2155 3596 2222 ματαίας
3633 2173 3833 2225 σωμαο

2249 2243 2407 2305 τικάς
2453 2241 2748 2309 ἐπιθυμίας
2775 2244 2870 2297 καὶ
2900 2244 3093 2312 ἡδονάς
3118 2252 3135 2277 ί
3165 2246 3258 2297 καὶ
3305 2245 3495 2314 ῶσπερ
3541 2246 3833 2317 ἀνδράπο-

2250 2330 2361 2397 δον,
2384 2329 2558 2393 οὕτως
2591 2330 2974 2401 κατεδουλώθη
3011 2332 3043 2401 ἠ
3077 2331 3227 2401 ψυχὴ
3254 2334 3333 2395 είς
3362 2333 3462 2393 τὰς
3494 2336 3833 2404 ommutuit;

2251 2420 2459 2490 ὀρέξεις
2485 2436 2499 2451 ο
2545 2422 2594 2473 εί
2628 2420 2758 2489 γοῦν
2791 2420 2933 2491 μετὰ
2985 2419 3150 2492 3&9
3194 2421 3293 2491 τὴν
3337 2423 3401 2475 ὲκ
3445 2426 3664 2494 νεκρῶν
3692 2428 3830 2479 ἀνά-

2254 2529 2442 2566 στασιν
2488 2512 2639 2565 οὐδὲν
2682 2512 2972 2581 μέλλουσιν
3028 2513 3215 2582 ε’ὑρείν
3261 2514 3309 2565 οί
3362 2516 3507 2569 κατὰ
3544 2517 3829 2586 ἀποδοχὴν

2252 2603 2346 2657 τοῦ
2392 2602 2526 2656 Θεοῦ
2575 2604 3029 2670 πολιτευσάμενοι
3074 2603 3352 2673 ἄνθρωποι
3404 2605 3829 2675 τὴνημακαρίαν

2254 2697 2474 2763 ἐκείνην
2506 2694 2652 2762 ζωὴν
2698 2695 2765 2762 ἢν
2788 2696 2815 2746 ὁ
2841 2695 3149 2764 προπάτωρ
3176 2694 3323 2766 εἶχεν
3353 2696 3525 2766 Ἀδάμ
3565 2702 3677 2769 τιρὸ
3726 2702 3824 2764 τῆς

2269 2786 2641 2854 παραϐάσεως
2690 2786 2783 2841 καὶ
2808 2786 3115 2852 ἀπώλεσεν,
3150 2787 3286 2839 ἀλλὰ
3321 2788 3482 2839 πάλιν
3515 2788 3617 2859 τὴν
3653 2791 3824 2859 αὐτὴν

2258 2877 2404 2947 ζωὴν
2457 2878 2713 2947 μέλλουσι
2769 2877 2951 2947 εὑρεῖν
3005 2878 3071 2947 ἡν
3102 2873 3214 2947 εἶχε
3254 2879 3393 2948 μετὰ
3419 2880 3517 2949 τὴν
3549 2880 3818 2949 κατάραν,

2256 2970 2377 3021 οὐαὶ
2403 2972 2516 3031 τοῖς
2551 2969 2864 3038 ἀνθρώποις
2909 2971 3164 3033 ἐκείνοις.
3196 2972 3303 3023 Καὶ
3353 2971 3415 3023 τὸ
3451 2972 3515 3040 δὴ
3548 2972 3820 3041 χείριστον

582 3070 1017 3142 άποδημήσωσιν
1080 3070 1137 3123 αἱ
1193 3068 1366 3138 ψυχαὶ
1391 3067 1498 3120 άπὸ
1551 3066 1660 3120 τῶν
1716 3064 2013 3135 σωμάτων,
2077 3064 2230 3135 εἰςνς
2259 3062 2339 3115 ὅτι
2367 3062 2486 3121 οὐδὲ
2520 3065 2682 3135 μέχρι
2713 3061 2813 3133 τῆς
2843 3063 3195 3134 ταλαιπώρου
3242 3064 3461 3134 ἐκείνης
3496 3066 3589 3117 καὶ
3617 3066 3819 3134 ἐπαρά-

583 3250 730 3304 enim
770 3249 872 3302 ista
906 3248 1243 3302 immanitate
1267 3256 1320 3302 et
1370 3246 1576 3302 smvitia
1616 3245 1843 3315 cogitari
1877 3245 2157 3300 crudelius

587 3353 785 3410 potest,
816 3356 977 3412 quam
1008 3340 1305 3401 trucidare,
1335 3340 1427 3408 qui
1460 3340 1594 3393 nihil
1646 3340 1981 3408 peccarunt?
2011 3337 2161 3403 Quo-
2210 3406 2219 3415 .

586 3435 911 3503 tiescunqne
958 3433 1101 3486 enim
1130 3434 1194 3485 ad
1233 3448 1467 3501 pugnam
1488 3431 1792 3499 procedunt
1827 3430 2161 3485 Musulmani

581 3533 637 3578 et
669 3537 859 3578 eorum
894 3523 1016 3591 quis
1081 3522 1271 3590 praelio
1317 3522 1607 3584 occiditur,
1643 3538 1752 3576 non
1786 3539 1845 3578 se
1895 3524 2162 3577 crimina-

576 3599 735 3667 (tione
766 3613 959 3680 dignos
991 3620 1203 3681 putant,
1234 3623 1293 3666 ut
1324 3620 1575 3667 auctores
1603 3613 1752 3679 belli,
1784 3614 1878 3669 sed
1912 3614 1966 3669 in
1991 3615 2169 3670 occisi

586 3705 855 3759 cadavere
884 3705 1036 3757 vivos
1093 3703 1390 3765 trucidant,
1427 3712 1559 3771 quot
1584 3704 1818 3774 quisque
1867 3713 2068 3774 potest,
2099 3721 2163 3760 ac

590 3806 797 3866 quanto
827 3797 951 3865 quis
975 3795 1160 3864 plures
1192 3804 1367 3860 necat,
1406 3804 1557 3849 tanto
1583 3796 1842 3865 majorem
1873 3797 2159 3852 utilitatem

594 3888 714 3943 fore
742 3893 933 3956 putant
971 3884 1037 3937 ad
1069 3885 1301 3937 animam
1332 3884 1522 3939 occisi.
1552 3883 1607 3938 Si
1650 3902 1760 3939 non
1789 3888 2030 3955 possidet
2071 3890 2166 3943 Ito-

595 3978 794 4054 mines,
825 3975 918 4044 qui
952 3974 1150 4028 mortui
1199 3974 1394 4028 animae
1438 3974 1695 4043 opitulari
1741 3975 1943 4041 studet,
2008 3977 2166 4032 Chri—

598 4070 835 4131 stianos,
869 4069 913 4121 si
960 4082 1097 4136 quos
1132 4065 1355 4134 reperit,
1390 4067 1612 4133 coemit,
1633 4082 1840 4135 eosque
1867 4077 1962 4122 aut
2000 4084 2165 4137 supra

594 4162 828 4214 cadaver
856 4159 1047 4219 occisi,
1099 4166 1194 4210 aut
1233 4156 1287 4209 in
1330 4156 1582 4225 sopulcro
1628 4158 1872 4228 ejusdem
1929 4160 2164 4230 iugulat.

593 4252 749 4305 Talia
785 4250 874 4319 qui
909 4249 1155 4318 praecipit
1187 4248 1463 4316 quomodo
1485 4264 1512 4301 a
1550 4249 1657 4303 Deo
1690 4252 1893 4306 missus
1925 4252 2035 4306 sit?
2066 4254 2169 4306 Do-

594 4350 681 4395 cet
714 4339 877 4403 idcm,
906 4338 997 4407 qui
1024 4338 1147 4390 data
1173 4336 1399 4405 pecunia
1427 4352 1551 4391 cum
1585 4341 1871 4394 meretrice
1909 4357 2170 4396 concum-

2263 3239 2315 3292 in
2350 3239 2630 3292 beatorum
2681 3239 2871 3294 insulis
2905 3254 3030 3294 eum
3088 3238 3396 3308 iisdemque
3438 3241 3647 3297 lactari:
3687 3259 3816 3297 eon-

2265 3337 2345 3383 tra
2382 3332 2475 3399 qui
2512 3334 2652 3386 male
2679 3330 2767 3385 hic
2791 3329 3028 3385 vixerint
3048 3340 3101 3385 et
3126 3331 3322 3400 impuri
3348 3342 3513 3401 atque
3557 3333 3815 3402 inquinati

2266 3423 2625 3487 excesserint,
2681 3421 2874 3477 borum
2919 3422 3132 3477 animas
3179 3424 3233 3477 in
3285 3424 3401 3478 loca
3448 3427 3730 3481 tenebrosa
3768 3439 3817 3483 et

2267 3514 2499 3570 obscura
2555 3525 2608 3569 et
2656 3515 3188 3587 Pyriphlegetontem
3223 3516 3448 3573 ﬂuvium
3482 3522 3651 3576 abire.
3699 3523 3815 3578 nec

2265 3606 2435 3677 igitur
2469 3606 2640 3662 Graeci
2669 3608 2967 3663 idolotatrae
2991 3609 3266 3668 dixerunt.
3302 3611 3633 3669 Mohametes
3671 3630 3815 3681 vero,

2269 3700 2365 3769 qui
2397 3715 2456 3755 se
2490 3699 2858 3753 orthodoxum
2883 3715 3003 3756 esse
3029 3710 3084 3753 et
3108 3714 3294 3755 coram
3330 3701 3440 3757 Deo
3466 3705 3678 3759 stetisse
3700 3706 3812 3774 jac-

2271 3805 2365 3858 tat,
2400 3793 2591 3865 probat
2634 3792 2901 3861 docetque
2943 3792 3119 3847 foedas
3148 3792 3282 3847 istas
3327 3809 3519 3861 nugas,
3567 3810 3665 3850 nec
3708 3796 3811 3850 ullo

2270 3874 2635 3948 modo‘sentit,
2665 3898 2827 3952 quam
2857 3896 3046 3936 omnes
3078 3882 3162 3936 hat
3208 3896 3296 3937 res
3335 3882 3629 3937 libidinosa:
3653 3895 3704 3936 et
3726 3884 3812 3939 de-

2268 3974 2532 4028 testandae
2559 3974 2668 4028 sint
2699 3981 2752 4027 et
2779 3980 3063 4042 peccatum
3096 3983 3420 4027 consecutae.
3466 3974 3601 4029 Ante
3633 3973 3806 4028 Δάοιηί

2269 4067 2414 4120 enim
2440 4076 2721 4135 peccatum
2745 4076 2796 4119 et
2820 4065 3073 4119 delictum
3099 4064 3317 4119 ubinam
3344 4066 3557 4128 balneae,
3600 4065 3807 4119 ubinam

2264 4160 2497 4214 .omnino
2517 4161 2680 4225 aedes,
2706 4158 2927 4216 ubinam
2953 4158 3137 4211 multa:
3161 4156 3411 4211 feminae?
3450 4156 3539 4211 sed
3558 4166 3671 4225 post
3695 4174 3808 4226 pec-

2269 4263 2453 4305 eatum
2471 4260 2523 4304 et
2540 4254 2965 4305 exsecrationem
2984 4264 3184 4318 corpus
3202 4260 3453 4319 tanquam
3476 4249 3640 4304 bestia
3674 4265 3810 4303 men-

2272 4346 2335 4404 ti,
2371 4344 2609 4411 perfecta
2643 4344 2867 4396 notione
2906 4340 3000 4395 Dei
3030 4356 3139 4395 non
3189 4351 3524 4404 sustentatae,
3570 4340 3806 4407 inhiabat,

594 4432 708 4495 bat,
745 4447 869 4485 eum
904 4442 1023 4482 non
1055 4443 1313 4496 peccare;
1360 4429 1452 4497 qui
1491 4446 1585 4498 per
1613 4430 1718 4483 vim
1754 4432 2018 4501 Virginem
2050 4445 2167 4487 stu-
2200 4429 2242 4483 D
2273 4433 2565 4502 superabat
2617 4446 2759 4496 eam,
2811 4441 2977 4500 atque
3028 4433 3290 4494 animam,
3344 4447 3409 4486 ex
3455 4434 3728 4487 altitudine
3765 4444 3809 4486 ct

594 4530 737 4591 pret,
790 4535 911 4572 cum
966 4534 1213 4586 peccare,
1264 4518 1359 4587 qui
1396 4528 1576 4572 autem
1630 4536 1749 4572 cum
1793 4524 2167 4578 consentiente

594 4617 943 4675 concumbat,
973 4624 1078 4662 non
1110 4624 1377 4679 peccare;
1439 4626 1577 4679 quas
1605 4611 1730 4678 quis
1768 4612 1907 4667 bello
1939 4616 2163 4682 ceperit,

597 4702 664 4755 iis
694 4700 742 4753 ei
776 4699 852 4753 uti
893 4698 1077 4762 licere,
1140 4699 1599 4767 quemadmodum
1635 4700 1784 4753 velit.
1843 4701 2004 4769 Atqui
2048 4712 2166 4754 stu-

600 4804 697 4855 pra
731 4798 783 4842 et
814 4788 1087 4857 virginum
1124 4787 1440 4842 vitiationes
1476 4788 1568 4857 qui
1598 4790 1813 4856 probat,
1843 4794 2115 4858 quomodo
2136 4805 2166 4843 a

602 4880 713 4933 Deo
748 4880 948 4933 missus
985 4878 1097 4934 sit?

673 4970 1067 5026 Gravissimum
1093 4983 1274 5026 autem
1299 4979 1404 5034 est,
1430 4970 1574 5039 quod
1606 4972 1700 5038 qui
1740 4972 1807 5025 ad
1837 4972 2165 5026 voluntatem

606 5061 699 5116 Dei
729 5063 781 5115 in
815 5062 915 5115 hac
946 5064 1054 5116 vita
1093 5079 1152 5116 se
1194 5062 1626 5131 composuerint,
1669 5064 1738 5117 iis
1775 5063 2004 5131 singulis
2051 5077 2170 5132 post

605 5166 833 5209 mortem
867 5155 1087 5209 balneas
1119 5163 1173 5209 et
1207 5155 1348 5209 ardes
1384 5155 1782 5223 pulcherrimas
1826 5155 2171 5224 virginesque

604 5248 868 5317 plurimas
900 5264 929 5301 a
964 5249 1070 5303 Deo
1098 5248 1285 5303 datum
1315 5249 1381 5302 iri
1418 5249 1721 5317 pollicetur.
1752 5247 1817 5302 Et
1846 5251 1990 5319 quod
2025 5250 2172 5305 Grai.-

604 5356 791 5394 corum
862 5340 1275 5395 illololatraruni
1331 5342 1567 5411 theologi
1624 5358 1730 5396 non
1771 5340 2031 5397 dixerunt
2076 5359 2175 5398 nec

606 5434 979 5497 crediderunt,
1006 5434 1055 5486 id
1089 5431 1426 5489 Mobametes
1456 5434 1690 5489 revelata
1744 5435 1923 5491 fronte
1954 5438 2170 5491 statuit.

608 5521 689 5577 llli
720 5524 862 5577 enim
908 5523 981 5575 ita
1016 5524 1188 5588 aiunt,
1225 5527 1318 5594 qui
1370 5525 1593 5594 pulchre
1635 5527 1725 5583 bic
1765 5528 2023 5594 vixerint,
2080 5544 2176 5583 eos

611 5623 729 5681 post
755 5623 1007 5677 mortem,
1066 5631 1188 5669 cum
1214 5616 1380 5670 animi
1411 5632 1439 5671 e
1478 5634 1769 5688 corporum
1801 5620 2032 5675 vinculis
2080 5636 2181 5690 pu-

609 5706 654 5758 ri
680 5704 1034 5771 excesserint,
1070 5707 1136 5761 ad
1168 5708 1298 5763 deos
1324 5709 1556 5779 migrare
1590 5721 1643 5765 et
1678 5726 1801 5765 cum
1833 5712 1937 5766 diis
1967 5713 2173 5767 versari

2272 4522 2677 4590 magniﬁcentia
2708 4522 2999 4589 deiectam,
3030 4522 3085 4575 in
3115 4538 3281 4577 vanas
3310 4533 3363 4578 et
3404 4522 3626 4577 insanas
3656 4524 3808 4577 libidi-

2271 4630 2366 4667 nes
2416 4614 2829 4683 \‘oluptateSque
2884 4616 3130 4683 corporis
3174 4616 3433 4670 adduxit:
3482 4632 3546 4670 ac
3591 4618 3809 4684 mancipii

2273 4702 2446 4758 instar
2502 4704 2685 4757 anima
2725 4705 3118 4773 cupiditatibus
3160 4708 3408 4779 corporis
3449 4706 3698 4761 obstricta
3722 4718 3807 4760 est.

2272 4794 2499 4861 Quodsi,
2536 4795 2628 4860 qui
2662 4794 2727 4848 ad
2771 4797 3105 4850 voluntatem
3138 4799 3229 4851 Dei
3267 4800 3526 4852 vixerunt
3572 4800 3808 4861 homines,

2275 4894 2397 4951 post
2429 4885 2883 4939 resurrectionem
2914 4897 3253 4940 mortuorum
3284 4904 3393 4940 non
3419 4887 3683 4942 inventuri
3718 4887 3809 4941 sint

2274 4975 2490 5029 beatam
2526 4975 2674 5028 illam
2708 4980 2892 5043 vitam,
2919 4994 3079 5046 quam
3110 4979 3354 5033 Adamus
3379 4991 3531 5051 pater
3567 4988 3683 5034 ante
3700 4995 3805 5049 pec-

2274 5077 2452 5120 caturo
2490 5069 2598 5136 egit
2626 5076 2790 5136 atque
2814 5070 3018 5132 amisit,
3053 5070 3149 5122 sed
3170 5069 3412 5123 eamdem
3445 5085 3630 5123 rursus
3649 5070 3806 5130 vitam,

2274 5173 2437 5226 quam
2480 5157 2568 5210 ille
2606 5168 2728 5225 post
2770 5161 3200 5215 exsecrationem
3242 5162 3515 5223 toleravit,
3549 5178 3626 5216 va:
3660 5162 3807 5214 homi-

2277 5248 2437 5299 nibus
2470 5247 2609 5301 illis!
2663 5248 2778 5301 lmo
2832 5264 2980 5315 vero,
3030 5252 3174 5319 quod
3209 5253 3579 5306 miserrimum
3614 5265 3704 5314 est,
3753 5270 3807 5305 ne

2277 5340 2547 5409 acquievit
2568 5342 2786 5410 quidem
2816 5343 2867 5395 in
2906 5360 3213 5399 aerumnosa
3245 5346 3346 5399 hac
3377 5356 3429 5400 et
3460 5354 3719 5399 exsecrata
3744 5348 3805 5398 vi—

2278 5441 2331 5486 ta
2371 5433 2695 5489 Mobametis
2729 5436 2962 5502 insania,
2992 5446 3048 5490 ut
3075 5437 3217 5492 hanc
3246 5439 3457 5493 scilicet
3499 5437 3634 5492 Deus
3668 5439 3803 5507 jusut

2281 5526 2535 5578 daturum
2563 5540 2623 5579 se
2646 5542 2766 5581 csse
2793 5529 3126 5597 promiserit,
3166 5530 3258 5584 sed
3292 5530 3497 5585 invenit
3526 5530 3682 5585 vitam
3712 5546 3804 5582 ma-

2278 5618 2345 5671 lis
2367 5600 2522 5686 longe
2551 5617 2901 5688 insigniorem
2928 5632 2981 5676 et
3005 5639 3134 5678 vero
3160 5634 3396 5692 turpem.
3440 5622 3665 5675 Adamus
3688 5624 3805 5674 cnim

2280 5722 2401 5781 post
2440 5712 2693 5767 delictum
2732 5726 2783 5767 ct
2815 5716 3251 5770 exsecrationem
3279 5725 3330 5769 et
3360 5732 3388 5768 e
3425 5715 3665 5783 paradiso
3691 5715 3807 5768 exsi-
