4022 6294
281 398 387 467 933

1284 379 1726 445 CHRONICON
1768 376 2042 439 MAJUS.
2072 400 2139 415 ·-
2181 375 2323 434 LIB-
2360 374 2451 436 IV.

3410 376 3526 438 ’934

279 531 372 565 του
397 510 544 578 ζωῆς
571 506 701 574 ἔστη
743 503 778 574 ἡ
821 502 913 556 τοῦ
943 496 1189 565 Μωάμεθ
1230 496 1563 567 παραλογία,
1591 496 1660 565 ἣν
1689 494 1848 563 δῆθεν
1876 495 1927 552 Α
1950 491 2045 545 καὶ
2096 492 2267 560 μόνην
2327 492 2566 558 γυναῖκα
2604 489 2745 559 ἔχων
2795 490 3049 555 ἕκαστος,
3085 488 3369 559 ἐσώθησαν
3414 491 3524 542 άπὸ
3590 478 3596 485 ’

283 598 685 667 ἐπαγγέλλεται
735 595 764 646 6
819 592 953 653 Θεὸς
984 591 1178 644 δώσειν
1228 592 1344 651 τοῖς
1395 588 1653 650 δικαίοις,
1712 587 1851 639 ἀλλὰ

285 690 464 757 πο).λῷ
501 688 580 758 τῷ
609 688 812 757 χείρονι
843 684 1206 751 διαφέρουσαν
1237 682 1331 733 καὶ
1359 681 1613 750 αίσχράν.
1659 678 1717 730 '0
1745 678 1852 748 γάρ

294 784 467 849 Ἀδὰμ
518 780 653 848 μετὰ
697 777 797 847 τὴν
845 774 1159 843 παράϐασιν
1189 776 1286 825 καὶ
1332 772 1430 839 τὴν
1464 771 1715 840 κατάραν
1756 769 1854 822 καὶ

282 874 382 943 τὴν
426 872 645 940 ὲξορίαν
697 872 796 940 τὴν
853 872 960 923 ἀπὸ
1022 872 1116 923 τοῦ
1174 870 1507 939 παραδείσου
1565 868 1707 935 ἔγνω
1749 868 1853 937 τὴν

285 964 431 1017 Εὔαν
460 982 475 994 ο
513 963 652 1015 ἀλλᾶ
698 964 792 1016 καὶ
837 962 994 1016 τοῦτο
1041 964 1129 1016 διὰ
1156 964 1279 1031 ,τὴν
1332 961 1706 1028 τεκνογονὶαν,
1758 960 1853 1013 καὶ

285 1054 669 1122 ἐτεκνοποίησε
696 1072 708 1086 ο
742 1055 851 1123 πρὸ
894 1054 950 1106 δὲ
994 1054 1091 1119 τῆς
1135 1054 1505 1122 παραϐάσεως
1544 1051 1854 1118 ἀγγελικῶς

285 1144 442 1207 ἔζων.
478 1144 667 1212 Ὅμως
722 1145 821 1196 καὶ
868 1147 894 1196 ὁ
936 1144 1107 1212 Ἀδὰμ
1154 1148 1311 1212 εἰπερ
1364 1144 1508 1211 ἔγνω
1541 1143 1642 1214 τὴν
1687 1142 1852 1207 Εὕαν,

286 1234 424 1287 ἀλλὰ
454 1235 551 1286 καί
601 1231 757 1297 αὖθις
806 1235 904 1303 μία
934 1236 1026 1288 καὶ
1062 1228 1197 1303 μόνη
1238 1236 1526 1305 εὑρίσκετο
1578 1234 1716 1304 γυνὴ
1762 1234 1857 1287 καὶ

292 1324 352 1375 06
395 1323 612 1376 πολλαί.
647 1322 785 1375 Οὔτε
834 1325 943 1392 γὰρ
969 1323 1025 1375 ἓν
1057 1324 1222 1394 ἄρσεν
1248 1324 1505 1392 ἐποίησεν
1542 1324 1569 1374 6
1597 1322 1728 1383 Θεὸς
1762 1323 1857 1375 καὶ

289 1414 458 1466 πολλὰ
489 1413 676 1484 θήλεα,
709 1413 832 1466 οὔτε
861 1416 1032 1468 πολλὰ
1061 1416 1270 1486 ᾰρῤενα
1314 1417 1406 1468 καὶ
1438 1415 1497 1467 ἓν
1545 1415 1700 1483 θῆλυ,
1736 1415 1855 1468 ἀλλ’

290 1505 349 1558 ’ἐν
395 1508 562 1575 ἄρσεν
596 1507 685 1557 τὸν
727 1507 900 1574 Ἀδὰμ
939 1507 1030 1558 καὶ
1062 1506 1117 1557 ἓν
1170 1506 1305 1575 θῆλυ
1359 1506 1460 1575 τὴν
1498 1505 1641 1558 Εὕαν
1668 1523 1685 1540 ο
1718 1507 1857 1576 πλη-

294 1599 583 1659 θυνθέντος
608 1597 663 1649 δὲ
696 1596 789 1649 τοῦ
810 1599 1011 1663 ,γένους
1045 1598 1151 1649 τῶν
1185 1597 1489 1665 ἀνθρώπων
1530 1600 1624 1649 καὶ
1659 1599 1857 1650 πεσόν⁴

291 1706 380 1750 τος
408 1692 489 1751 είς
516 1690 765 1755 ἀσελγεῖς
795 1692 886 1743 καὶ
920 1689 1218 1756 ἀθεμίτους
1266 1691 1495 1760 πράξεις
1523 1690 1800 1760 ἐϐαρύνθη
1827 1694 1855 1744 6

288 1778 420 1839 Θεὸς
477 1780 571 1832 καὶ
623 1780 872 1849 ὠργίσθη
931 1778 1055 1833 κατ’
1113 1780 1316 1843 αὐτῶν,
1366 1783 1441 1842 ὡς
1501 1783 1528 1833 6
1585 1782 1857 1851 μακάριος
1890 1815 1931 1869 Β

290 1871 530 1938 Μωῦςῆς
576 1872 804 1939 γράφων
844 1872 1154 1938 εὑρίσκεται
1190 1873 1247 1923 ὲν
1265 1869 1368 1953 Γτῷ
1402 1871 1595 1942 βιϐλίῳ
1628 1873 1726 1939 τῆς
1763 1873 1859 1925 Γε-

294 1965 494 2026 νέσεως
545 1963 626 2015 ὅτι
673 1959 825 2015 εἶπεν
873 1965 900 2015 6
948 1964 1117 2025 Θεός·
1158 1981 1177 2014 ι
1213 1964 1287 2017 Οὐ
1323 1963 1398 2031 μὴ
1442 1964 1751 2034 καταμείνῃ
1796 1962 1857 2016 τὸ

296 2050 518 2120 Πνεῦμὰ
566 2069 665 2119 μου
713 2051 801 2104 ἐπ’
846 2052 1041 2114 αὐτοὺς
1075 2050 1165 2103 διὰ
1201 2051 1261 2102 τὸ
1302 2047 1441 2103 εἶναι
1493 2052 1691 2115 αὐτοὺς
1719 2052 1857 2123 σάρ-

292 2157 413 2203 κας,
462 2158 481 2190 ι
519 2140 593 2202 ὡς
644 2140 805 2208 δῆθεν
864 2140 1002 2202 ὅλως
1064 2143 1361 2209 σαρκικοὺς
1414 2143 1709 2209 γεγονότας
1763 2142 1857 2195 καὶ

287 2230 567 2293 παντελῶς
591 2232 834 2300 γηῒνους,
863 2235 962 2284 οὐκ
996 2232 1222 2300 ἔχοντας
1263 2235 1488 2303 μνήμην
1521 2234 1612 2286 τοῦ
1642 2235 1855 2302 ἀγαθοῦ

284 2324 382 2406 καὶ
408 2324 487 2383 εἰς
526 2323 814 2389 ἀσελγείας
859 2323 1021 2393 350
1070 2323 1437 2392 ἐμπεσόντας.
1469 2326 1604 2378 Τότε
1650 2326 1799 2394 λέγει
1828 2329 1857 2380 6

290 2413 421 2473 Θεὸς
449 2413 525 2482 τῷ
554 2413 699 2479 Νῶε,
740 2432 758 2463 ι
802 2414 924 2467 Ὀτι
972 2431 1031 2467 σε
1082 2416 1293 2484 εὕρηκα
1327 2416 1533 2471 δίκαιον
1589 2420 1647 2471 ὲν
1682 2420 1856 2491 ταύτῃ

292 2508 358 2572 τῇ
384 2507 570 2575 γενεᾷ,
599 2505 826 2574 ποίησον
857 2506 1090 2559 κιϐωτὸν
1133 2508 1270 2575 μετὰ
1323 2508 1495 2571 ξύλων
1526 2510 1733 2563 τοιάνδε
1761 2512 1856 2563 καὶ

293 2598 526 2650 τοιάνδε.
567 2617 583 2647 ι
620 2598 727 2649 Kal
781 2599 1005 2668 ἐποίησε
1044 2599 1165 2651 Νῶε
1214 2599 1313 2668 τὴν
1348 2601 1583 2653 κιϐωτὸν
1622 2603 1765 2657 κατὰ
1797 2602 1857 2654 τὸ

297 2688 449 2757 ῥῆμα
485 2686 709 2755 Κυρίου.
744 2689 854 2740 Καὶ
904 2689 1121 2756 εἰσῆλθε
1171 2688 1293 2742 Νῶε
1339 2692 1420 2752 είς
1460 2690 1561 2760 τὴν
1601 2692 1853 2756 κιϐωτὸν,

293 2780 387 2831 καὶ
438 2779 487 2830 0l
542 2780 693 2848 τρεῖς
743 2779 851 2831 υἱοὶ
906 2778 1094 2843 αὑτοῦ,
1143 2779 1264 2849 Σὴμ
1317 2781 1445 2847 Χὰμ
1505 2781 1709 2849 ἰάφεθ.
1746 2784 1857 2835 Kal

293 2869 600 2939 είσῆλθενή
637 2869 774 2941 γυνὴ
804 2869 898 2923 τοῦ
946 2869 1068 2922 Νῶε
1122 2872 1202 2933 εἰς
1236 2870 1334 2940 τὴν
1366 2871 1620 2935 κιϐωτὸν,
1661 2876 1756 2928 καὶ
1800 2877 1855 2929 αἱ

291 2962 442 3030 τρεῖς
472 2964 730 3030 γυναῖκες
781 2961 891 3014 τῶν
937 2962 1069 3015 υἱῶν
1121 2962 1266 3016 Νῶε.
1316 2961 1480 3034 Ὀρᾷς
1530 2964 1648 3029 πῶς
1677 2968 1704 3018 ὁ
1733 2967 1855 3019 Νῶε

295 3053 395 3121 μὲν
424 3052 778 3123 ἐμαρτυρήθη
820 3052 972 3122 παρὰ
998 3053 1090 3106 τοῦ
1121 3052 1259 3106 Θεοῦ
1288 3054 1501 3118 δίκαιος
1525 3056 1552 3108 6
1591 3057 1730 3125 ἔχων
1756 3059 1853 3126 τὴν

1956 584 2055 651 τῆς
2102 583 2274 651 ὀργῆς
2324 582 2419 635 τοῦ
2475 583 2652 634 Θεοῦ’
2719 581 2867 635 ἅπαν
2911 583 2969 634 δὲ
3015 582 3075 633 τὸ
3104 582 3259 649 γένος
3287 583 3395 634 τῶν
3428 583 3524 633 ἀν-

1956 674 2189 743 θρώπων
2238 674 2511 726 ἀπέθανεν
2552 675 2655 725 ὑπὸ
2688 672 2782 725 τοῦ
2813 671 3203 739 κατακλυσμοῦ
3251 673 3357 723 τῶν
3393 672 3523 723 ὑδά-

1955 785 2081 820 των.
2122 768 2343 828 Πάντως
2382 769 2474 820 καὶ
2504 768 2595 821 τὸν
2625 768 2802 835 πάντη
2838 768 3068 836 ἀνόητον
3096 765 3254 819 τοῦτο
3285 766 3526 819 διδάσκει

1955 858 2037 912 δτι
2071 861 2207 926 μίαν
2236 861 2330 912 καὶ
2371 859 2540 927 μόνην
2572 859 2811 926 γυναῖκά
2842 860 2991 910 ἐστιν
3039 858 3148 909 ἀπὸ
3177 857 3271 908 τοῦ
3314 856 3523 908 δικαίου

1956 952 2101 1021 ἔχειν
2150 954 2241 1003 τὸν
2278 953 2567 1021 ἄνθρωπον
2600 953 2692 1003 καὶ
2738 952 2833 1002 ἕνα
2887 951 3048 1020 μόνον
3080 949 3250 1019 ἄνδρα
3281 950 3381 1016 τὴν
3428 966 3527 1017 γυ-

1957 1048 2140 1097 ναῖκα.
2182 1045 2344 1099 Ἀλλὰ
2376 1043 2657 1097 καὶτοῦτο
2690 1044 2832 1112 μετὰ
2861 1044 2959 1112 τὴν
3000 1042 3246 1108 κατάραν
3283 1041 3525 1106 ἐγένετο,

1956 1137 2046 1189 διὰ
2089 1136 2186 1207 τὴν
2240 1139 2611 1203 τεκνογονίαν,
2646 1136 2719 1197 ὡς
2772 1135 3009 1204 εἴρηται.
3060 1132 3118 1185 '0
3174 1132 3231 1185 δὲ
3279 1132 3525 1198 Μωάμεθ

1957 1231 2195 1283 διδάσκει
2248 1231 2555 1298 ἀναφανδὸν
2609 1231 2688 1282 ὅτι
2735 1230 2767 1296 ἡ
2817 1228 2968 1299 παρὰ
2999 1227 3092 1279 τοῦ
3122 1225 3257 1278 Θεοῦ
3295 1225 3407 1285 τοῖς
3446 1225 3527 1276 δι-

1957 1322 2136 1383 καίοις
2169 1323 2528 1384 άνταπόδοσις
2558 1322 2763 1390 λουτρὰ
2795 1320 2889 1373 καὶ
2922 1321 3185 1387 γυναῖκες
3220 1317 3413 1369 πολλαὶ
3444 1317 3525 1369 ἐνὶ

1959 1413 2172 1481 ἑκάστῳ
2203 1412 2297 1465 καὶ
2322 1408 2460 1465 οἴκοι
2500 1412 2867 1480 περικαλλεῖς.
2910 1412 2967 1462 Ὀ
2997 1408 3130 1479 γοῦν
3157 1409 3329 1463 ταῦτα
3362 1426 3525 1477 νομοο

1960 1505 2133 1556 θετῶν
2168 1492 2291 1564 πῶς
2325 1502 2432 1555 ἀπὸ
2469 1503 2648 1568 Θεοῦ;
2685 1504 2930 1563 Μάταιος
2961 1501 3017 1553 δὲ
3065 1503 3092 1552 6
3129 1500 3300 1552 ταῦτα
3348 1516 3526 1565 παρα-

1959 1594 2251 1663 δεχόμενος
2291 1597 2386 1647 καὶ
2435 1595 2709 1646 πιστεύων
2764 1594 2845 1645 ὅτι
2892 1592 2951 1644 τὸ
2986 1590 3211 1657 γεγονὸς
3254 1591 3319 1641 δι’
3356 1590 3524 1657 ὀργὴν

1959 1687 2036 1755 τῷ
2065 1687 2449 1756 άμαρτὴσαντι
2479 1684 2978 1747 πολυπλασιάζεται
3016 1685 3075 1734 ἐν
3110 1682 3186 1749 τῷ
3218 1679 3395 1751 καιρῷ
3427 1682 3525 1748 τῆς

1964 1777 2388 1845 μισθαποδοσίας
2440 1776 2534 1829 τοῦ
2589 1774 2758 1829 καλοῦ
2814 1776 2909 1827 καὶ
2952 1772 3160 1840 ἀγαθοῦ
3192 1773 3309 1833 τοῖς
3347 1771 3525 1838 ἁγίοις

1960 1865 2055 1916 καὶ
2094 1863 2345 1926 δικαίοις.
2380 1864 2490 1915 Kal
2541 1863 2803 1932 πρόσεξον
2857 1862 2921 1914 τὰ
2973 1860 3252 1929 γεγονότα.
3292 1861 3453 1925 Λέγει
3497 1861 3525 1911 6

1958 1956 2238 2024 Μωῦσῆςο
2283 1974 2300 2008 ι
2342 1956 2452 2007 Kal
2484 1955 2701 2023 εἰσῆλθε
2737 1955 2861 2006 Νῶε
2917 1955 2997 2015 είς
3036 1953 3134 2021 τὴν
3168 1947 3400 2005 κιϐωτὸν
3429 1952 3523 2002 καὶ

1958 2048 2006 2099 0i
2067 2046 2175 2099 υἱοὶ
2234 2045 2399 2098 αὑτοῦ
2454 2046 2547 2097 καὶ
2603 2047 2635 2111 ἡ
2680 2045 2817 2110 γυνὴ
2850 2040 3013 2095 αὑτοῦ
3055 2043 3147 2095 καὶ
3184 2042 3239 2095 αἱ
3268 2043 3527 2108 γυναῖκες

1958 2135 2066 2188 τῶν
2106 2135 2235 2188 υἱῶν
2266 2133 2456 2188 αὑτοῦ.
2506 2153 2523 2189 ›
2760 2135 2868 2187 Καὶ
2893 2136 2972 2194 εἰς
3014 2133 3111 2201 μὲν
3150 2132 3247 2200 τὴν
3280 2132 3524 2209 ε-ίσέλευ-

1963 2244 2048 2278 σιν
2079 2227 2226 2294 λέγει
2252 2244 2265 2258 ⁸
2305 2248 2323 2278 ι
2365 2229 2593 2299 Είσῇλθε
2624 2228 2746 2279 Νῶε
2786 2227 2878 2279 καὶ
2918 2227 2966 2279 οἱ
3001 2228 3106 2277 υἱοὶ
3153 2226 3317 2277 αὑτοῦ
3351 2226 3447 2277 καὶ
3488 2228 3521 2295 ἡ

1958 2319 2093 2388 γυνὴ
2120 2319 2287 2371 αὑτοῦ
2332 2320 2425 2371 καὶ
2454 2322 2509 2371 αἱ
2545 2321 2802 2387 γυναῖκες
2831 2319 2941 2371 τῶν
2981 2318 3110 2371 υἱῶν
3140 2318 3302 2369 αὑτοῦ
3342 2334 3356 2348 ο
3394 2338 3412 2367 ι
3447 2320 3527 2379 εἰς

1959 2410 2014 2462 δὲ
2060 2411 2160 2478 τὴν
2202 2408 2481 2475 ὲξὲλευσιν
2525 2411 2623 2478 οὐχ
2664 2409 2836 2471 οὕτως
2888 2406 3004 2461 ἀλλ’
3031 2426 3045 2439 ο
3091 2427 3108 2458 ι
3148 2406 3373 2474 Ἐξῆλθε
3404 2407 3526 2459 Νιῖε

1960 2503 2115 2570 καὶμὴ
2145 2502 2282 2572 γυνὴ
2313 2502 2477 2555 αὐτοῦ
2510 2502 2605 2554 καὶ
2635 2504 2682 2554 οῖ
2716 2503 2822 2553 υἱοὶ
2856 2500 3023 2554 αὐτοῦ
3057 2502 3148 2553 καὶ
3179 2502 3235 2553 αἱ
3268 2504 3526 2567 γυναῖκες

1958 2593 2067 2643 τῶν
2104 2593 2237 2645 υἱῶν
2271 2593 2440 2645 αὑτοῦ
2478 2594 2597 2661 μετ’
2628 2593 2816 2655 αὑτοῦ,
2856 2612 2874 2644 ι
2904 2596 3119 2653 πάντως
3149 2594 3299 2646 οἰδὲν
3339 2595 3527 2659 ἓτῖρον

1958 2680 2251 2749 δηλοῦντος
2296 2680 2388 2733 τοῦ
2447 2681 2606 2746 λόγου
2650 2682 2682 2752 ἦ
2738 2684 2820 2734 ὅτι
2874 2682 2977 2734 κᾶν
3027 2684 3119 2733 καὶ
3178 2682 3307 2748 μίαν
3359 2685 3528 2751 μόνην

1959 2775 2189 2840 γυναῖκά
2242 2773 2392 2825 ἐστιν
2454 2773 2561 2825 ἀπὸ
2618 2774 2828 2826 δικαίου
2880 2775 3028 2843 ἔχειν
3082 2774 3172 2826 τὸν
3219 2776 3526 2844 ἄνθρωπον,

1959 2861 2073 2913 ἀλλ’
2109 2862 2257 2914 ἐστιν
2284 2863 2369 2914 ὅτε
2409 2863 2499 2914 καί
2536 2864 2703 2932 αὐτῆς
2739 2864 3040 2931 ἀπέχεσθαι
3082 2865 3295 2933 πρέπον
3338 2867 3485 2917 ἐστίν
3512 2882 3526 2896 ⁸

1958 2955 2017 3005 ἰν
2047 2953 2155 3022 γάρ
2185 2954 2260 3021 τῷ
2294 2954 2473 3005 είπεῖν
2506 2954 2590 3005 ὅτι
2637 2954 2864 3021 Είσῆλθε
2898 2954 3019 3007 Νῶε
3056 2958 3135 3017 είς
3168 2957 3262 3025 τὴν
3294 2954 3529 3010 κιϐωτὸν

1961 3047 2055 3100 καλ⁹
2085 3050 2133 3097 οἱ
2172 3047 2281 3098 υἱοὶ
2317 3046 2503 3109 αὐτοῦ,
2538 3047 2737 3111 ἔδειξεν
2768 3048 2895 3111 τοὺς
2931 3049 3080 3111 υἱοὺς
3113 3051 3276 3102 αὐτοῦ
3323 3046 3432 3103 οἷόν
3478 3070 3529 3104 τι

296 3144 428 3214 μίαν
456 3149 706 3213 γυναῖκα.
749 3147 907 3200 Ἀλλὰ.
932 3147 995 3219 δὴ
1034 3149 1126 3199 καὶ
1159 3149 1206 3200 οί
1235 3147 1341 3201 ulol
1370 3147 1558 3213 αὑτοῦ,
1587 3149 1691 3201 ἀνὰ
1726 3150 1853 3219 μίαν
1883 3142 1926 3200 C
1957 3137 2306 3209 διατείχισμα
2362 3138 2598 3208 χωρίξον
2653 3140 2747 3191 τδν
2778 3140 2899 3192 Νῶε
2955 3141 3064 3193 ἀπὸ
3119 3142 3220 3209 τῆς
3274 3143 3532 3209 γυναικὸς

296 3324 424 3378 lium
472 3340 593 3379 cum
629 3324 735 3377 Eva
773 3323 1089 3385 concubuit,
1123 3322 1214 3377 sed
1249 3322 1321 3377 ob
1358 3323 1651 3378 liberorum
1693 3340 1855 3393 gene-

294 3416 583 3477 rationem,
630 3423 791 3484 atque
831 3414 1112 3482 generavit
1158 3414 1381 3469 liberos.
1416 3417 1553 3468 Ante
1594 3416 1851 3471 delictum

294 3521 475 3564 autem
515 3512 567 3563 in
603 3511 917 3577 angelorum
957 3510 1176 3563 modum
1212 3510 1481 3563 vixerant.
1515 3512 1617 3565 Sed
1673 3522 1851 3567 tamen

292 3604 506 3654 etiamsi
539 3618 660 3653 cum
700 3599 807 3653 Eva
854 3600 1094 3654 Adamus
1131 3603 1445 3666 concubuit,
1484 3603 1640 3656 unica
1675 3613 1851 3657 tamen

294 3693 491 3746 femina
527 3701 663 3754 erat,
695 3708 800 3745 non
832 3693 1031 3745 multae.
1072 3692 1281 3747 Etenim
1328 3710 1427 3748 nec
1451 3711 1617 3747 unum
1648 3712 1853 3749 marem

293 3795 346 3837 et
379 3786 573 3839 multas
614 3784 864 3849 feminas,
902 3801 998 3840 nec
1042 3787 1245 3841 multos
1286 3802 1464 3841 mares
1500 3797 1553 3839 et
1591 3803 1752 3840 unam
1784 3788 1859 3840 fe-

292 3877 518 3937 minam,
554 3876 645 3948 sed
700 3893 863 3928 unum
899 3892 1099 3930 marem
1138 3878 1424 3942 Adamum,
1476 3889 1527 3931 et
1571 3894 1730 3931 unam
1781 3878 1857 3931 fe-
1914 3924 1921 3927 .

292 3967 493 4019 minam
528 3964 691 4018 Evam
749 3964 890 4017 Deus
937 3969 1164 4019 creavit.
1210 3967 1385 4019 Aucto
1431 3975 1609 4020 autem
1657 3983 1856 4035 genere

290 4057 527 4111 humano
567 4066 621 4110 et
666 4056 732 4110 ad
771 4055 1006 4109 facinora
1054 4057 1343 4111 libidinosa
1385 4066 1439 4111 et
1465 4058 1665 4127 injusta
1686 4060 1854 4113 decli-

288 4160 472 4211 nante,
507 4147 889 4217 indignabatur
934 4147 1111 4215 iisque
1144 4148 1484 4203 irascebatur
1509 4150 1671 4214 Deus,
1712 4153 1854 4206 sicut

288 4240 507 4294 divinus
562 4238 773 4309 Moyses
837 4239 891 4292 in
935 4238 1077 4293 libro
1141 4238 1367 4293 Genesis
1420 4243 1628 4306 Scribit,
1681 4244 1849 4297 Deum

289 4331 492 4385 dixisse
514 4348 557 4383 ιι
590 4329 667 4383 Ne
694 4338 907 4382 maneto
935 4344 1095 4396 Super
1117 4344 1209 4384 eos
1232 4329 1471 4397 Spiritus
1499 4348 1672 4397 meus,
1718 4350 1853 4402 quo-

289 4419 432 4471 niam
462 4435 587 4472 caro
608 4419 903 4484 SUlll,)llOC
928 4420 1180 4483 estplane
1205 4420 1475 4474 libidinosi
1499 4431 1548 4475 et
1571 4434 1852 4478 terrestres

1965 3318 2252 3383 rationem,
2291 3331 2349 3373 ut
2372 3318 2636 3375 diximus.
2677 3322 2745 3374 At
2772 3320 3105 3374 Multametes
3139 3334 3323 3390 aperte
3351 3323 3528 3389 duret,

1968 3424 1998 3466 a
2035 3409 2143 3463 Deo
2166 3410 2326 3477 justis
2353 3426 2450 3479 pro
2483 3413 2704 3479 praemio
2732 3412 2916 3466 datum
2949 3413 3012 3465 iri
3041 3414 3274 3477 lavacra,
3303 3428 3353 3467 et
3381 3415 3535 3468 fetu-

1967 3515 2066 3554 nas
2100 3501 2327 3568 singulis
2360 3502 2541 3570 plures
2591 3512 2643 3554 et
2696 3503 2838 3556 aedes
2897 3503 3315 3570 pulcherrimas.
3380 3503 3529 3557 Talia

1969 3591 2135 3657 igitur
2175 3592 2268 3661 qui
2303 3593 2417 3661 lege
2466 3595 2641 3647 sancit
2673 3597 2949 3661 quomodo
2986 3609 3014 3646 a
3058 3595 3165 3647 Deo
3202 3595 3399 3648 missus
3440 3597 3536 3650 sit?

1965 3682 2079 3735 lmo
2103 3685 2301 3737 Stultus
2325 3694 2428 3746 est,
2458 3685 2548 3751 qui
2577 3684 2677 3737 ista
2727 3684 2940 3751 probat,
2970 3694 3132 3753 atque
3171 3688 3362 3748 credit,
3390 3690 3531 3754 quod

1966 3772 2255 3825 libidinose
2284 3773 2361 3837 ﬁt,
2395 3774 2444 3825 id
2482 3782 2618 3838 tum,
2642 3790 2765 3826 cum
2798 3776 3017 3842 praemia
3052 3776 3188 3829 bona
3226 3787 3278 3830 et
3304 3779 3529 3842 pulchra

1967 3864 2171 3917 sanctis
2193 3864 2468 3932 justisque
2492 3865 2790 3929 dabuntur,
2822 3871 3067 3934 peccanti
3108 3870 3526 3937 multiplicatum

1965 3954 2057 4006 iri.
2088 3954 2321 4006 Attende
2355 3970 2503 4020 vero,
2532 3972 2649 4024 quae
2682 3972 2845 4025 porro
2876 3942 3016 4011 facta
3060 3960 3186 4014 sint.
3219 3959 3356 4015 Dicit
3384 3963 3532 4033 Moy-

1964 4060 2051 4098 ses
2090 4063 2102 4097 :
2142 4063 2159 4095 ε
2196 4047 2372 4113 Atque
2399 4047 2678 4115 ingressus
2705 4057 2786 4101 est
2827 4058 3008 4102 arcam
3044 4048 3157 4105 Noe
3207 4062 3259 4106 et
3291 4055 3380 4108 ﬁlii
3410 4056 3532 4125 ejus
3575 4092 3578 4095 λ

1960 4145 2013 4189 et
2051 4151 2192 4189 uxor
2217 4136 2335 4203 ejus
2374 4149 2422 4189 et
2460 4154 2659 4192 uxores
2694 4139 2925 4193 filiorum
2958 4143 3097 4209 ejus.
3140 4161 3159 4193 ›
3208 4144 3279 4197 Dc
3322 4148 3532 4214 ingres-

1963 4229 2116 4281 .‘ilDlle
2158 4229 2317 4296 igitur
2348 4227 2506 4282 dicit:
2555 4245 2572 4279 ι
2609 4229 2891 4297 Ingressus
2923 4242 3004 4285 est
3038 4233 3146 4287 Noe
3180 4246 3230 4288 et
3284 4238 3377 4290 ﬁlii
3413 4241 3533 4307 ejus

1963 4332 2229 4374 ctuxores
2260 4321 2492 4374 ﬁliorum
2533 4322 2652 4390 ejus
2700 4340 2713 4387 ;
2762 4326 2865 4377 ide
2894 4327 3041 4378 exitu
3076 4342 3256 4382 autent
3293 4348 3396 4385 ltuit
3437 4334 3531 4395 ita,

1963 4418 2092 4469 sed:
2136 4434 2154 4466 ι
2197 4416 2458 4483 Egressus
2483 4427 2563 4469 est
2597 4416 2710 4470 Nnc
2742 4429 2793 4469 et
2825 4434 2963 4471 uxor
2993 4421 3111 4489 ejus
3133 4434 3182 4474 et
3211 4424 3301 4476 filii
3331 4426 3445 4493 ejus
3479 4443 3532 4479 et

290 4509 756 4579 faetisunt,atque
792 4512 902 4565 \cri
939 4513 1173 4582 bonique
1218 4513 1592 4579 immemores,
1629 4502 1862 4571 lascivia;
1893 4485 1938 4542 Β
1966 4523 2163 4562 uxores
2194 4508 2427 4561 filiorum
2473 4511 2591 4578 ejus
2618 4526 2741 4563 cum
2775 4528 2857 4565 eo.
2891 4533 2906 4563 ι
2950 4515 3155 4578 Quibus
3187 4518 3363 4571 verbis
3401 4522 3532 4573 nihil

288 4614 344 4653 se
362 4600 645 4655 dederunt.
670 4600 806 4654 Tum
832 4601 971 4656 Deus
993 4601 1109 4656 Noe
1138 4603 1267 4657 dicit
1294 4620 1306 4656 :
1335 4615 1351 4653 ι
1381 4602 1648 4669 Quoniam
1688 4617 1739 4658 te
1765 4606 1855 4675 ju-

288 4704 430 4747 stum
460 4694 730 4747 hominem
770 4695 948 4747 inveni
980 4695 1032 4748 in
1064 4695 1165 4748 hoc
1190 4712 1405 4766 genere,
1431 4715 1549 4766 age,
1576 4714 1755 4753 arcam
1790 4700 1854 4752 li-

284 4798 475 4853 gueam
499 4792 739 4837 exstrue.
772 4801 790 4833 ›
815 4783 1096 4837 Exstruxit
1122 4785 1284 4850 igitur
1328 4786 1439 4840 Noe
1466 4803 1647 4841 arcam
1670 4806 1699 4841 e
1727 4806 1849 4858 [ιι-ξεν

285 4884 443 4944 cepto
470 4872 771 4933 Domini,et
797 4872 1018 4926 intravit
1045 4890 1160 4927 cam
1188 4890 1310 4928 cum
1338 4878 1509 4930 tribus
1539 4880 1682 4943 filiis,
1704 4882 1851 4943 Sent,

284 4967 474 5032 Cham,
497 4967 726 5036 Japhetlt
751 4986 762 5020 :
792 4967 1122 5035 intravitque
1146 4967 1392 5021 eamdem
1420 4985 1558 5022 uxor
1582 4970 1709 5023 Noa:
1728 4986 1851 5025 cum

289 5059 462 5111 tribus
497 5058 760 5111 uxoribus
795 5057 1029 5109 ﬁliorum
1070 5056 1219 5110 Noae.
1274 5056 1456 5127 Vides,
1511 5060 1677 5113 Deum
1720 5058 1849 5115 Noae

290 5160 345 5202 ut
382 5148 531 5215 justo
581 5148 786 5200 homini
836 5156 1092 5200 testatum
1121 5162 1263 5209 esse,
1322 5149 1522 5217 quippe
1547 5152 1637 5218 qui
1686 5168 1849 5205 uuam

289 5256 510 5294 uxorem
548 5240 789 5293 haberet.
822 5238 929 5292 Nec
963 5255 1085 5292 vero
1117 5239 1356 5306 ejusdem
1391 5241 1503 5301 ﬁlii,
1534 5245 1624 5309 qui
1663 5252 1714 5295 et
1748 5243 1848 5310 ipsi

286 5332 484 5401 singuli
523 5331 764 5399 singulas
813 5346 1008 5383 uxores
1049 5331 1333 5395 haberent,
1374 5333 1441 5385 ab
1478 5332 1557 5386 ira
1608 5333 1699 5386 Dei
1742 5349 1847 5387 non

284 5424 481 5475 servati
514 5431 676 5475 sunt:
713 5436 833 5474 cum
862 5438 1022 5475 omne
1052 5438 1224 5489 genus
1252 5422 1550 5475 humanum
1579 5439 1843 5493 aquarunt

283 5512 525 5581 proluvie
559 5511 783 5580 periret.
811 5510 941 5574 Quae
978 5527 1061 5565 res
1106 5511 1267 5564 etiam
1322 5514 1704 5567 stultissimum
1747 5515 1847 5569 llO-

284 5605 480 5656 minem
538 5603 718 5664 docet,
766 5602 1004 5671 legitime
1060 5618 1221 5653 unum
1271 5617 1493 5655 uxorem
1543 5604 1738 5670 virum,
1796 5618 1847 5659 et

279 5708 445 5747 unum
482 5694 734 5745 maritum
770 5692 1025 5746 feminam
1074 5694 1289 5747 habere.
1327 5695 1431 5748 Sed
1490 5696 1594 5751 hoc
1626 5714 1849 5766 quoque

259 5794 398 5849 post
423 5784 849 5838 exsecrationem
891 5784 1087 5836 fictum
1116 5796 1216 5848 est,
1251 5787 1318 5838 oh
1360 5786 1650 5841 liberorum
1686 5806 1846 5857 «Dn-uc-

1960 4602 2101 4654 aliud
2138 4601 2497 4670 significatur,
2532 4604 2632 4655 nisi
2671 4605 2796 4668 hoc,
2836 4607 3045 4661 etiamsi
3091 4625 3254 4662 unam
3304 4629 3530 4666 uxorem

1958 4692 2199 4761 legitime
2229 4694 2307 4746 vir
2337 4692 2553 4753 haheat,
2609 4711 3004 4765 nonnunquam
3040 4710 3217 4752 tamen
3258 4718 3320 4755 ea
3363 4704 3410 4754 al
3434 4708 3535 4758 sti-

1961 4790 2196 4839 nendum
2238 4787 2285 4840 ei
2314 4802 2454 4841 esse.
2511 4786 2645 4841 Nant
2705 4806 2826 4843 cum
2874 4793 3038 4861 dicit:
3082 4814 3098 4843 ι
3137 4794 3423 4862 Ingressus
3454 4809 3536 4851 est

1957 4875 2074 4931 Noe
2127 4879 2178 4929 in
2228 4893 2408 4930 arcam
2451 4888 2503 4932 et
2536 4877 2631 4932 ﬁlii
2668 4879 2810 4947 ejus,
2852 4897 2869 4931 ι
2915 4882 3052 4935 ﬁlios
3098 4882 3215 4950 ejus
3273 4894 3528 4953 tauquam

1958 4968 2215 5036 parietem
2240 4966 2409 5021 Neam
2439 4969 2507 5022 ab
2549 4984 2721 5022 uxore
2775 4970 2895 5037 ejus
2922 4983 3269 5037 separantem
3310 4976 3531 5041 posuit:

1957 5063 2464 5116 cumautemdicit;
2497 5081 2513 5111 ι
2546 5064 2813 5131 EgreSsus
2836 5073 2918 5117 est
2947 5063 3060 5119 Noe
3084 5075 3136 5118 ct
3172 5081 3307 5119 uxor
3336 5068 3475 5135 ejus,
3509 5088 3526 5119 ι

1955 5152 2211 5215 ostendit,
2241 5152 2436 5207 dehinc
2469 5155 2599 5207 nihil
2629 5155 2740 5223 jam
2776 5154 3014 5221 obstare,
3068 5142 3365 5225 quominus
3402 5174 3533 5214 uxo-

1959 5246 2001 5298 ri
2032 5245 2311 5314 jungatur.
2352 5248 2496 5299 ldem
2555 5248 2840 5302 dicendum
2880 5258 2963 5303 est
3002 5249 3069 5302 de
3124 5250 3250 5306 filiis
3285 5253 3405 5321 ejus
3438 5268 3533 5306 eo-

1957 5352 2187 5404 rumque
2220 5338 2504 5391 uxoribus.
2554 5340 2844 5394 Enimvero
2888 5341 3001 5410 ipse
3035 5342 3245 5413 Moyses
3281 5344 3332 5397 in
3372 5360 3531 5410 mgn-

1959 5434 2065 5479 tem
2101 5426 2225 5479 Sina
2259 5431 2561 5483 ascendens
2610 5431 2782 5483 edixit
2823 5430 3049 5497 Iuda-is,
3114 5443 3173 5487 ut
3216 5434 3531 5487 sanctifica-

1955 5528 2076 5570 rcnt
2108 5534 2164 5572 se
2189 5520 2251 5572 ad
2289 5523 2506 5573 tertium
2544 5522 2684 5575 diem
2734 5541 2904 5593 usque
2945 5536 2998 5579 et
3024 5535 3202 5578 vestes
3258 5525 3528 5586 lavareut,

1954 5624 2087 5663 neve
2118 5612 2407 5682 attingeret
2437 5614 2724 5681 quisquam
2758 5631 3008 5669 uxorem.
3036 5615 3176 5679 Quin
3218 5614 3381 5666 etiam
3416 5615 3532 5681 ipse

1950 5703 2197 5757 Adamus
2226 5704 2384 5755 l‘lvam
2431 5706 2781 5772 conspicatus
2831 5706 3007 5759 dixit:
3046 5724 3063 5754 ι
3107 5703 3231 5756 llaec
3277 5712 3359 5756 est
3393 5718 3455 5755 os
3500 5720 3530 5757 e

1953 5795 2087 5847 meis
2120 5797 2356 5861 ossibus,
2396 5807 2447 5849 et
2492 5812 2619 5850 caro
2648 5812 2675 5850 e
2719 5812 2837 5850 mea
2879 5811 3080 5850 carne:
3135 5809 3304 5863 quare
3366 5794 3531 5849 homo
