4022 6294
209 417 260 480 -9
268 416 334 478 37

1263 386 1705 468 cunem’cou
1749 401 2016 460 ames.
2065 425 2128 434 ——
2168 399 2314 458 LIB.
2350 399 2446 456 ιν.
3051 401 3069 438 ι

3369 390 3476 450 ἔ)ἶῖ

211 540 279 591 ,ει
318 535 414 606 μὲν
455 533 530 594 ῶς
578 528 756 590 καλῶς
817 526 1016 586 αὐτοὺς
1065 524 1580 594 πολιτευσαμένους,
1613 523 1701 576 διὰ
1751 521 1802 571 τί
1837 525 1877 575 Α
1979 516 2139 586 355
2175 517 2286 585 Οὐχ
2317 515 2390 576 ὼς
2419 513 2812 582 ἐπιλαθόμενος
2863 510 2952 562 τοῦ
3001 510 3268 606 ﬁll-5‘59?”
3317 508 3478 576 λόγου

221 631 329 682 οὐκ
364 623 627 693 ἐδόθησαν
682 619 866 681 αὐτοῖς
920 620 1021 671 ἑνὶ·
1052 617 1267 684 ἑκάστῳ
1317 615 1509 667 πολλαὶ
1539 614 1800 681 γυναῖκες

207 717 550 788 εὐεργεσίας
583 714 744 784 χάριν
791 712 887 764 καὶ
925 707 1294 777 ἀντιμισθίας,
1323 705 1398 770 ὼς
1427 705 1640 773 λέγετε,
1669 703 1803 756 ἀλλὰ

227 811 439 882 μᾶλλον
490 809 597 870 τοῖς
653 804 868 864 πολλοῖς
921 801 1145 870 ἀνδράσι
1193 802 1330 867 γυνὴ
1384 799 1515 867 μίας
1559 797 1620 848 ΕΞ
1653 796 1696 846 δ’
1726 795 1802 856 ῶς

215 902 612 970 -κατακρίτοις,
643 899 740 950 καὶ
785 896 889 965 μὴν
934 896 990 945 αἱ
1042 892 1292 945 τοιαῦται
1325 889 1640 958 εὐεργεσίαι
1671 889 1806 940 ἁποο

220 997 391 1066 δοχῆς
616 991 710 1042 καὶ
740 988 951 1057 ἀγαθῆς
989 985 1336 1055 ἀντιμισθίας
1381 979 1593 1048 δόματά
1636 980 1802 1042 εἰσιν,

223 1090 306 1148 ὼς
336 1089 363 1139 ὁ
391 1083 635 1154 Μωάμεθ
681 1079 1012 1148 διαγορεύει.
1052 1078 1124 1130 Τὸ
1167 1077 1212 1129 δ’
1245 1075 1380 1130 αὐτὸ
1428 1073 1520 1126 καὶ
1555 1073 1648 1123 ἐπὶ
1691 1070 1804 1122 τῶν

226 1179 448 1231 πολλῶν
489 1173 770 1244 γυναικῶν
814 1173 922 1226 τῶν
973 1170 1358 1239 δοθησομένων
1399 1168 1479 1220 ἑνὶ
1526 1165 1680 1234 ἀνδρί
1706 1178 1721 1194 ⁶
1753 1167 1802 1216 εί

232 1269 336 1336 μὲν
382 1267 456 1328 ὡς
492 1264 793 1330 καταδίκης
825 1262 993 1326 ἆξαι,
1033 1261 1148 1320 πῶς
1192 1259 1423 1312 δίδονται
1460 1257 1597 1327 πρὸς
1632 1257 1805 1317 αὑτὰς

226 1356 545 1426 εὐεργεσίαι
569 1373 585 1420 ;
613 1356 676 1408 El
706 1355 750 1406 δ’
779 1352 1047 1421 ἀποδοχῆς
1077 1351 1248 1415 ἄξιαι,
1280 1351 1366 1403 διὰ
1399 1351 1450 1402 τί
1485 1349 1714 1401 δίδονται
1748 1349 1804 1399 αἱ

230 1447 429 1500 πολλαὶ
474 1447 554 1498 ἑνὶ
603 1447 786 1515 ἀνδρί;
824 1445 930 1496 Kal.
961 1444 1008 1494 τί
1053 1443 1152 1512 τῆς
1196 1442 1454 1510 τοιαύτης
1489 1440 1806 1512 συγχύσεως

226 1537 582 1607 ἀτοπώτερον
617 1554 676 1588 τε
708 1537 801 1590 καὶ
827 1536 1152 1605 ἀηδέστερον
1178 1553 1193 1601 ;

309 1630 534 1690 Βλέπεις
560 1629 675 1690 πῶς
703 1632 730 1682 ὁ
757 1636 1142 1697 παρατραπεις
1186 1629 1286 1698 τῆς
1313 1626 1526 1689 εὐθείας
1563 1626 1684 1679 ὁδοῦ
1725 1629 1806 1689 εἰς

232 1721 381 1772 πόσα
426 1719 605 1771 ἄτοπα
640 1719 1022 1787 παρεμπίπτει
1052 1720 1146 1771 καὶ
1174 1719 1343 1774 ἄκων.
1387 1716 1528 1770 Ἀλλ’
1559 1719 1660 1770 οὐκ
1689 1718 1804 1770 ἔστι

231 1810 416 1874 τοῦτο,
450 1810 549 1862 οὐκ
593 1809 740 1861 ἐστιν
767 1825 779 1838 ·
827 1811 888 1862 ού
943 1810 1050 1879 γὰρ
1090 1812 1240 1862 ἐστιν
1284 1811 1317 1879 ἡ
1363 1808 1457 1862 τοῦ
1493 1808 1627 1861 Θεοῦ
1671 1811 1806 1878 πρὸς

235 1903 369 1963 τοὺς
413 1901 600 1968 ἁγίους
657 1901 1051 1971 μισθαποδοσία
1099 1902 1299 1969 τροφαὶ
1347 1901 1438 1952 καὶ
1491 1900 1678 1964 πόσεις
1713 1901 1808 1953 καὶ

232 1993 441 2063 λουτρὰ
485 1998 578 2049 καὶ
629 1998 911 2060 γυναῖκες,
943 1995 977 2046 ἆ
1023 1994 1146 2046 τινά.
1191 1995 1332 2045 εἰσιν
1387 1993 1668 2061 ἁμαρτίας
1717 1993 1810 2044 καὶ

223 2085 408 2155 ὀργῆς
461 2085 901 2154 ἀποτελέσματα,
930 2071 1005 2148 ὥς
1060 2087 1300 2154 εἴρηται,
1341 2085 1477 2137 ἀλλὰ
1523 2084 1810 2154 ἁγιωσύνη

233 2177 335 2228 καὶ
381 2176 691 2245 καθαρότης
723 2177 815 2228 καὶ
842 2175 1107 2245 ἀγγελικὴ
1132 2176 1398 2254 πολιτεία,
1431 2177 1577 2246 χαρά
1610 2194 1668 2228 τε
1716 2180 1812 2231 καὶ

234 2268 551 2339 εὐφροσύνη
599 2271 692 2322 καὶ
738 2269 1090 2340 ἀγαλλίασις,
1120 2269 1188 2338 ἢν
1239 2267 1518 2337 ὀφθαλμὸς
1555 2271 1652 2323 ούκ
1701 2266 1810 2324 εἶδε

237 2363 336 2413 καὶ
365 2356 456 2422 οὖς
487 2362 587 2414 οὐκ
619 2362 820 2430 ἤκουσε
849 2360 944 2412 καὶ⁵
972 2361 1063 2412 ἐπὶ
1113 2359 1343 2429 καρδίαν
1375 2360 1665 2430 ἀνθρώπου
1714 2365 1814 2416 οὐκ

230 2453 410 2521 ἀνέϐη
449 2458 603 2505 ποτέ.
1153 2493 1156 2496 ‹

313 2541 469 2605 Εἶδες
495 2543 586 2595 τὸν
630 2544 844 2612 καρπὸν
875 2544 976 2612 τῆς
1004 2541 1332 2612 νομοθεσίας
1366 2541 1461 2594 τοῦ
1493 2543 1811 2610 νομοθέτου.

237 2635 580 2686 Γινώσκεται
605 2633 712 2685 ἀπὺ
740 2631 833 2684 τοῦ
871 2632 1082 2702 καρποῦ
1112 2633 1217 2684 τῶν
1254 2632 1503 2700 πράξεων
1543 2633 1570 2683 ὁ
1614 2634 1817 2700 τρόπος

238 2725 412 2777 αὐτοῦ
444 2724 476 2796 ἢ
507 2724 602 2786 οὗ;
643 2724 751 2776 Καὶ
797 2723 881 2786 τίς
909 2722 1050 2775 οὕτω
1093 2724 1292 2790 τυφλὸς
1336 2728 1431 2776 καλ⁵
1471 2723 1696 2790 ἀνόητος
1725 2726 1819 2776 καὶ

241 2817 628 2883 ὲσκοτισμένος
653 2818 678 2867 ὁ
709 2816 782 2884 μὴ
808 2815 1011 2876 συνιεὶς
1041 2816 1108 2866 τὰ
1139 2814 1444 2883 λεγόμενας
1482 2813 1541 2866 '0
1561 2815 1616 2867 δὲ
1646 2815 1819 2867 ταῦτα

239 2906 556 2974 νομοθετῶν
590 2907 706 2968 πῶς
741 2906 846 2959 ἀπὸ
872 2905 1040 2968 Θεοῦς

317 3000 426 3051 Καὶ
458 2999 588 3066 περὶ
623 2998 721 3066 μὲν
760 2996 952 3049 τούτου
999 2999 1082 3058 τίς
1124 2996 1280 3067 χρεία
1308 2997 1484 3066 λόγοιν
1521 2998 1817 3064 πλειόνωνς

1912 608 2128 677 ἔγραψα
2158 610 2288 675 περὶ
2314 607 2406 660 τοῦ
2437 606 2683 675 Μωάμεθ
2719 607 2841 659 ὅσον
2883 604 3098 680 ἔγραψα
3127 621 3139 634 ·
3173 601 3322 655 εἷπον
3370 605 3480 671 γὰρ

1910 703 1996 754 ὅτι
2040 701 2139 752 οὐκ
2189 699 2338 751 ἔστιν
2381 701 2407 752 ό
2441 700 2802 768 προκείμενος
2841 698 3042 758 σκοπδς
3076 697 3174 762 τῆς
3219 696 3312 747 νῦν
3353 697 3482 763 πρὸς
3557 749 3560 754 ,

1913 793 1972 844 σέ
2023 809 2122 860 μου
2160 790 2495 853 ἀπολογίας,
2548 791 2632 841 ἵνα
2682 791 2892 855 ποιήσω
2933 786 3283 856 καταδρομὴν
3345 789 3485 838 καῖέι

1910 885 2020 938 τῶν
2057 884 2510 953 ,Μουσουλμάνων
2578 885 2669 936 καὶ
2735 881 2875 934 εἴπω
2935 880 3080 950 ἅπερ
3129 882 3346 946 λέγουσι
3391 887 3485 932 καὶ

1913 977 2247 1044 πράττουσιν
2273 976 2476 1038 ἄτοπα,
2527 975 2749 1044 ὀλέθρια
2798 995 2860 1029 τε
2913 975 3011 1052 καὶ
3055 977 3222 1035 κακὰ,
3252 973 3365 1026 ἀλλ’
3395 974 3484 1025 ἵνα

1910 1070 2069 1133 δείξω
2112 1070 2271 1139 μόνον
2314 1070 2394 1121 ὅτι
2459 1069 2785 1136 παραλόγως
2844 1069 2936 1120 καὶ
2989 1066 3190 1128 ἀδίκως
3245 1083 3486 1132 κατηγο·

1913 1159 2136 1229 ροῦνται
2169 1159 2319 1229 παρᾶ
2363 1159 2472 1211 τῶν
2502 1157 2948 1226 Μουσουλμάνων
2993 1159 3040 1208 οί
3085 1157 3426 1224 Χριστιανοδ,
3457 1153 3486 1202 ὃ

1912 1252 2006 1302 καὶ
2054 1251 2350 1319 πεποίηκα.
2386 1251 2442 1301 Εἰ
2492 1249 2550 1302 δὲ
2611 1251 2705 1301 καί
2753 1266 2873 1301 τινα
2932 1250 3158 1314 εἴπομεν
3211 1247 3340 1314 περὶ
3393 1245 3484 1296 τοῦ

1914 1343 2180 1411 Μωάμεθ,
2231 1344 2262 1412 ή
2320 1343 2416 1395 τοῦ
2476 1343 2802 1412 πράγματος
2857 1342 3116 1404 ὑπόθεσις
3174 1343 3485 1412 ἠνάγκασεν

1913 1439 2058 1504 ἡμᾶς
2090 1437 2169 1498 είς
2197 1437 2376 1498 τοῦτο,
2401 1437 2525 1488 ἐπεὶ
2549 1435 2710 1505 εἴπερ
2738 1437 2958 1505 εἴχομεν
2991 1435 3131 1487 κατὰ
3166 1435 3365 1487 σκοπὸν
3389 1435 3484 1488 τοῦ

1914 1529 2123 1597 γράψαι
2166 1531 2293 1598 περὶ
2326 1528 2435 1581 τῶν
2480 1529 2852 1598 ἀτοπημάτων
2898 1529 2995 1598 τῆς
3029 1529 3254 1598 διδαχῆς
3294 1528 3484 1591 αὑτοῦ,

1915 1619 2084 1674 πολλᾶ
2115 1639 2137 1672 ε
2148 1620 2226 1688 ίχο
2236 1638 2334 1689 μεν
2357 1622 2550 1673 εἰπεῖν.

1987 1715 2108 1766 Ὀτι
2149 1714 2205 1766 δὲ
2238 1715 2344 1766 οὐκ
2379 1711 2531 1767 εἶπεν
2573 1715 2601 1766 ό
2646 1713 2879 1784 Χριστὸς
2927 1716 3056 1784 περὶ
3094 1714 3190 1768 τοῦ
3240 1715 3484 1785 Μωοὶμεθ

1921 1806 2078 1873 λόγον
2114 1808 2206 1858 τὸν
2262 1807 2520 1874 τυχόντα,
2566 1807 2684 1858 οὐδὲ
2732 1808 2790 1857 ἐν
2840 1807 2915 1873 τῷ
2947 1805 3356 1879 Εὖαγγελίῳῆν
3401 1825 3490 1876 γε·

1923 1901 2244 1967 γραμμένον
2281 1899 2340 1951 τὸ
2363 1898 2534 1967 ὄνομα
2578 1899 2768 1961 αὐτοῦ,
2799 1899 3026 1968 εἴπομεν
3057 1903 3113 1953 ἐν
3140 1904 3251 1964 τοῖς
3285 1901 3491 1970 ἐμπρο-

1916 1991 2042 2040 σθεν
2086 1991 2210 2040 ὅσον
2263 1989 2402 2058 δῆτα
2452 1991 2542 2042 καὶ
2574 1989 2805 2060 εἴπομεν
2834 2009 2845 2022 ·
2887 1996 2914 2045 ό
2956 1992 3018 2046 δὲ
3070 1992 3224 2060 λόγος
3253 1992 3489 2062 δηλώσει

1913 2083 2072 2134 τοῦτο
2110 2084 2202 2134 καὶ
2235 2081 2314 2135 ἔτι
2346 2083 2698 2152 σαφέστερον.
2734 2085 2912 2153 "Amp
2948 2082 3089 2138 εἶδον
3119 2086 3167 2137 οἱ
3198 2085 3490 2138 ἀπόστολοι

1915 2175 2010 2228 καλ⁸
2056 2175 2301 2244 μαθηταὶ
2352 2174 2445 2228 τοῦ
2497 2175 2742 2244 Χριστοῦ
2781 2175 2873 2228 καὶ
2917 2175 3058 2245 ἆπερ
3099 2177 3402 2244 ἀκηκόασιν
3430 2177 3490 2242 ἐξ

1915 2264 2080 2316 αὑτοῦ
2113 2263 2208 2317 τοῦ
2263 2263 2534 2332 στόματος
2590 2265 2683 2318 τοῦ
2728 2266 2994 2335 Χριστοῦ,
3021 2265 3194 2319 ταῦτα
3244 2267 3492 2338 ἔγραψαν

1917 2358 2010 2410 καὶ
2052 2355 2323 2421 ἐδίδαξαν.
2366 2355 2458 2420 Ἐξ
2509 2356 2691 2408 αὐτῶν
2745 2356 2878 2424 γοῦν
2929 2359 3036 2409 τῶν
3093 2357 3366 2427 μαθητῶν·
3397 2359 3490 2412 τοῦ

1916 2447 2160 2517 Χριστοῦ
2188 2448 2454 2518 τέσσαρες
2489 2448 2904 2516 συνεγράψαντο
2945 2450 3004 2501 τὸ
3032 2450 3388 2518 Εὐαγγὲλιον.
3432 2453 3491 2504 Ὀ

1921 2539 2022 2610 μὲν
2049 2535 2130 2603 εἷς
2170 2540 2574 2610 ὀνομαζόμενος
2603 2542 2887 2602 Ματθαῖος
2927 2542 3228 2608 Ἐϐραῖκῶς
3259 2543 3493 2610 ἐξέδωκε

1918 2631 2074 2684 τοῦτο
2124 2633 2206 2695 είς
2261 2631 2358 2700 τὴν
2420 2633 2788 2700 Παλαιστίνην
2840 2633 2956 2700 ἦτοι
3014 2635 3082 2685 τὰ
3145 2633 3494 2704 Ἱεροσόλυμα

1921 2725 2011 2775 καὶ
2041 2723 2112 2776 τὰ
2139 2725 2284 2793 μέρη
2315 2724 2411 2792 τῆς
2436 2723 2643 2792 Λιϐύης
2663 2739 2677 2755 ο
2712 2723 2740 2774 ὁ
2761 2725 2817 2776 δὲ
2847 2725 3032 2793 ἔτερος
3060 2726 3290 2794 Μάρκος
3325 2728 3493 2780 Λατι-

1920 2815 2084 2874 νικῶς
2115 2814 2193 2876 είς
2224 2813 2320 2884 τὴν
2345 2815 2590 2883 Ἀχαίαν,
2631 2815 2722 2867 καὶ
2755 2815 2910 2885 ἐδόοη
2939 2817 3016 2878 εἰς
3039 2833 3097 2868 τε
3127 2819 3225 2887 τὴν
3259 2818 3495 2871 Ἰταλίαν

1923 2905 2015 2956 καὶ
2051 2903 2145 2972 τὴν
2198 2904 2446 2972 Ῥώμην,
2492 2906 2627 2958 ἀλλὰ
2670 2908 2735 2974 δὴ
2797 2909 2887 2960 καὶ
2944 2907 3084 2959 κατᾶ
3134 2909 3200 2960 τὰ
3261 2909 3495 2977 ἑσπέρια

1923 2995 2137 3048 ἅπαντα
2188 2997 2338 3065 ἔθνη.
2399 2998 2457 3048 Ὀ
2505 2999 2562 3050 δὲ
2627 2999 2816 3067 ἕτερος
2866 2999 3105 3062 Λουκᾶς,
3165 2999 3493 3071 Ἑλληνικῶς

236 3091 384 3160 Περὶ
414 3090 470 3141 δὲ
501 3089 594 3142 τοῦ
641 3089 1101 3158 ἐγγεγραμμένου
1145 3089 1410 3158 ὀνόματος
1447 3090 1540 3142 τοῦ
1573 3089 1817 3158 Μωόῳεθ
1852 3117 1893 3174 c
1925 3088 1978 3140 δέ
2007 3102 2020 3116 ·
2064 3088 2156 3140 καὶ
2190 3089 2345 3156 ἐδόθη
2373 3091 2450 3150 εἰς
2472 3089 2572 3158 τὴν
2617 3089 2780 3159 356
2825 3091 3010 3142 Ἀσίαν
3043 3091 3136 3142 καὶ
3176 3092 3488 3153 Αἰθιοπίαν,

243 3181 308 3234 ὲν
358 3180 472 3241 τοῖς
525 3180 718 3244 δεξιοῖς
781 3181 974 3249 μέρεσι
1019 3176 1114 3230 τοῦ
1173 3177 1366 3246 θρόνου
1418 3179 1510 3230 τοῦ
1553 3177 1690 3230 Θεοῦ
1739 3177 1823 3240 τίς

233 3270 406 3344 χρεία
456 3271 751 3337 ἀπολογίας
797 3270 1008 3337 Mrem);
1054 3271 1116 3323 Οί
1171 3269 1268 3339 μὲν
1324 3269 1581 3338 φρόνιμοι
1635 3271 1824 3340 κρινέ-

242 3381 432 3417 τωσαν
486 3365 792 3434 φρονίμως,
822 3365 871 3417 οἱ
919 3363 975 3418 δέ
1024 3381 1084 3431 γε
1133 3364 1350 3434 ἀνόητοι
1393 3363 1488 3418 καὶ
1541 3366 1718 3436 μωροὶ
1751 3367 1826 3432 ὡς

241 3453 567 3526 βούλονται.

247 3627 415 3688 minae
457 3635 639 3689 multae
680 3638 879 3690 dantur
903 3653 999 3706 pro
1024 3639 1242 3705 prtemio
1274 3647 1325 3694 et
1358 3643 1821 3708 remuneratione,

251 3734 314 3779 ut
352 3727 553 3791 dicitis,
578 3729 671 3783 sed
705 3730 886 3797 potius
931 3731 1114 3786 multis
1159 3733 1290 3787 viris
1325 3733 1526 3788 femina
1559 3736 1706 3790 una?
1729 3735 1823 3789 Sin

249 3834 383 3873 vero
425 3829 483 3874 ut
511 3822 602 3888 qui
647 3821 881 3875 damnati
918 3823 1047 3885 sint,
1093 3825 1179 3877 illa
1235 3827 1452 3894 quidem
1482 3827 1744 3880 beneficia
1772 3836 1826 3881 et

248 3912 442 3979 gratiae
475 3928 698 3966 munera
718 3923 861 3976 sunt,
888 3924 944 3968 ut
997 3915 1329 3971 Mohamctes
1375 3919 1594 3986 quidem
1640 3919 1822 3972 docet.

246 4004 448 4057 Eadem
491 4020 578 4057 res
613 4006 664 4057 in
702 4005 942 4073 pluribus
979 4006 1208 4060 feminis.
1235 4008 1327 4061 uui
1365 4009 1558 4064 dandis
1593 4010 1730 4063 viro.
1768 4010 1824 4064 Si

244 4095 392 4148 enim
412 4095 759 4166 pmnadignae
798 4107 945 4159 sunt,
986 4113 1154 4166 quare
1202 4099 1460 4152 beneficia
1507 4101 1572 4155 iis
1608 4101 1826 4154 contin-

246 4186 419 4255 gunt?
451 4187 545 4240 Sin
584 4188 1024 4242 remuneratione
1061 4189 1256 4257 dignm,
1301 4206 1470 4258 quare
1509 4192 1690 4245 multa:
1732 4193 1824 4244 uni

245 4276 367 4329 viro
388 4276 624 4329 dantur?
665 4277 778 4331 'l‘ali
823 4279 1040 4345 quidem
1090 4279 1416 4336 confusione
1457 4281 1586 4348 quid
1636 4283 1825 4336 incon-

247 4365 468 4420 cinnins
498 4375 550 4418 et
578 4367 913 4422 fastidiosius
938 4379 1020 4423 est
1048 4370 1070 4421 ?
1287 4351 1292 4358 ’

1928 3177 2165 3246 Περσίαν
2193 3196 2253 3231 τε
2288 3179 2384 3232 καὶ
2415 3180 2609 3232 Ἰνδίαν
2656 3181 2749 3234 καὶ
2793 3181 3075 3251 Ἀραϐίαν.
3122 3181 3178 3232 Ὀ
3217 3182 3274 3234 δὲ
3306 3184 3494 3252 ἕτερος

1940 3270 2192 3339 Ἰωάννης
2225 3273 2319 3325 καὶ
2369 3273 2530 3335 αὐτὸς
2575 3272 2922 3343 Ἑλληνικῶς,
2957 3275 3051 3328 καὶ
3107 3274 3262 3344 ἐδόθη
3303 3277 3381 3337 είς
3428 3277 3498 3328 τὰ.

1931 3362 2068 3432 μέρη
2097 3365 2196 3433 τῆς
2253 3363 2522 3432 Εὐρώπης
2559 3364 2655 3416 καὶ
2697 3367 2792 3426 τὰς
2829 3366 3028 3434 νήσους
3069 3365 3164 3419 uati.
3192 3367 3320 3419 ἔνθα
3347 3367 3500 3435 εὑρί·

1930 3469 2146 3508 σκονται
2179 3457 2228 3508 οἱ
2263 3455 2542 3526 Ἕλληνες.
2570 3455 2681 3509 Καὶ
2717 3455 2889 3520 οὕτως
2924 3456 3138 3526 διεδόθη
3167 3457 3224 3510 τὸ
3245 3457 3496 3526 Εὐαγγέ⁴

1927 3637 2168 3702 dicanto,
2192 3637 2346 3693 inscii
2367 3646 2422 3692 et
2439 3639 2590 3694 stulti
2613 3649 2791 3694 autem
2814 3640 3266 3709 quemadmodum
3292 3641 3494 3696 volent.

1996 3730 2266 3784 Caeterum
2303 3731 2448 3784 haud
2484 3732 2688 3787 oblitus
2724 3734 2991 3802 propositi
3029 3733 3131 3787 mei
3187 3735 3255 3789 de
3304 3735 3498 3790 Moha-

1932 3831 2069 3876 mete
2101 3822 2320 3888 scripsi,
2353 3822 2620 3891 quidquid
2648 3825 2869 3892 scripsi.
2890 3825 3002 3878 Dixi
3034 3827 3206 3892 cnim,
3238 3841 3342 3880 non
3379 3843 3499 3882 esse

1934 3912 2097 3980 hujus
2123 3912 2508 3980 disputationis
2539 3914 2851 3978 consilium,
2889 3923 2950 3970 ιιι
3013 3917 3066 3969 in
3121 3915 3498 3974 Musnlmanos

1929 4001 2149 4053 invchar
2167 4011 2220 4055 et
2247 4002 2376 4070 quid
2406 4004 2607 4071 inepte,
2643 4004 2952 4072 perniciose
2983 4015 3041 4060 ct
3111 4008 3251 4061 male
3305 4009 3496 4063 dicant

1929 4103 2178 4157 agantve,
2213 4092 2458 4155 doceam,
2498 4094 2590 4147 sed
2624 4095 3009 4158 utostendam,
3040 4098 3177 4151 male
3204 4108 3261 4151 et
3306 4099 3504 4154 imme-

1931 4183 2034 4236 rito
2056 4183 2396 4239 Christianos
2427 4200 2456 4238 a
2488 4183 2846 4240 Musulmanis
2898 4189 3147 4243 accusari
3184 4209 3196 4243 :
3239 4190 3290 4244 id
3347 4196 3492 4260 quod

1931 4275 2052 4327 feci.
2087 4273 2145 4327 Si
2173 4275 2236 4328 de
2269 4274 2573 4330 Mohamete
2598 4278 3058 4332 autemnonnulla
3087 4280 3344 4345 diximus,
3370 4295 3497 4336 coe¢

1930 4364 2005 4433 git
2038 4380 2155 4430 nos,
2188 4365 2261 4418 ita
2300 4374 2359 4419 ut
2395 4365 2724 4429 faceremus,
2765 4369 2840 4422 rei
2869 4380 3088 4430 natura,
3137 4385 3285 4435 cum,
3340 4372 3386 4426 si
3445 4372 3500 4425 in

325 4453 508 4516 Vides,
542 4457 632 4523 qui
668 4473 698 4510 a
732 4468 876 4511 recta
913 4459 997 4512 via
1033 4458 1251 4513 deﬂexit
1293 4460 1347 4512 in
1399 4469 1531 4528 quo;
1587 4461 1817 4527 ineptias
1851 4456 1896 4511 D
1930 4455 2110 4508 animo
2146 4455 2360 4518 fuisset,
2397 4457 2462 4511 dc
2489 4458 2706 4526 ineptiis
2751 4459 3020 4515 doctrina:
3062 4461 3181 4530 ejus
3238 4463 3500 4527 scribere,

248 4547 414 4599 etiam
445 4545 647 4599 invitus
670 4549 912 4601 incidat?
937 4551 1003 4601 At
1032 4551 1353 4614 noncstita,
1385 4558 1615 4603 nonest.
1638 4549 1826 4620 Neque

248 4636 395 4688 e‘him
431 4644 653 4688 sanctos
681 4634 819 4687 Deus
845 4636 1004 4698 cibis,
1028 4638 1364 4704 potionibus,
1398 4639 1652 4704 lavacris,
1674 4641 1825 4694 fetui—

249 4730 336 4784 nis
363 4735 766 4789 remuneratur,
787 4743 906 4792 qua:
931 4742 993 4780 ex
1016 4744 1207 4782 errore
1237 4740 1289 4781 et
1311 4729 1390 4781 ira
1422 4740 1536 4783 orta
1562 4741 1709 4796 sunt,
1729 4733 1822 4788 sed

251 4821 563 4882 sanctitate,
588 4819 898 4887 integritate
923 4828 974 4873 et
999 4820 1106 4872 vita
1129 4821 1396 4889 angelica,
1416 4823 1616 4890 gaudio
1636 4840 1818 4891 porro,

252 4910 527 4963 hilaritate
545 4919 596 4963 et
620 4908 830 4965 laetitia.
852 4909 1062 4976 qualem
1093 4924 1192 4962 nec
1215 4910 1409 4963 oculus
1436 4911 1590 4974 vidit,
1613 4928 1710 4966 nec
1725 4929 1823 4966 au-

252 5000 330 5053 ris
357 4999 582 5064 audivit,
607 4997 875 5067 cujusque
901 4999 954 5052 in
975 4999 1176 5053 nullius
1202 4999 1442 5054 hominis
1459 5015 1555 5054 cor
1574 5013 1826 5070 penetra-

250 5091 327 5146 vit
353 5107 570 5146 sensus.

320 5181 515 5235 Vidisti
543 5181 654 5250 jam
686 5179 916 5236 fructum
945 5181 1079 5249 legis
1106 5180 1431 5250 legislatoris
1492 5182 1671 5235 istius.
1727 5182 1828 5238 Co-

251 5275 606 5342 gnosciturnc
627 5290 658 5328 e
681 5273 861 5328 fructu
883 5274 1148 5328 factorum
1177 5288 1296 5328 mos
1322 5275 1464 5343 eius,
1499 5275 1708 5328 necne?
1733 5285 1826 5329 aut

251 5367 376 5434 quis
403 5365 473 5418 ita
503 5380 682 5419 caecus
705 5371 760 5417 et
787 5357 1074 5432 imperitus
1100 5371 1153 5416 et
1180 5362 1486 5425 hebetatus,
1507 5364 1598 5430 qui
1627 5380 1727 5418 non
1747 5364 1830 5418 iu-

252 5457 458 5524 telligat
488 5471 608 5523 quae
635 5455 1034 5520 disputavimus
1067 5455 1160 5507 ?at
1187 5455 1314 5507 talia
1345 5456 1438 5524 qui
1472 5457 1650 5508 sancit
1691 5471 1829 5526 quo-

254 5548 416 5600 modo
440 5563 468 5599 a
508 5547 616 5599 Deo
649 5546 846 5599 missus
869 5549 939 5598 sit
963 5546 992 5597 .’

322 5638 397 5690 Ac
427 5619 493 5690 de
526 5638 626 5691 hac
651 5638 870 5705 quidem
912 5652 971 5690 re
1003 5636 1349 5689 nihilattinet
1372 5637 1588 5705 longius
1621 5638 1826 5692 dicere.

252 5725 384 5780 Nect
402 5729 569 5781 atinet
587 5727 653 5782 de
669 5729 884 5782 nomine
902 5727 1223 5781 Mohantetis
1237 5728 1290 5780 in
1309 5728 1496 5782 dextra
1517 5740 1664 5796 parte
1681 5731 1834 5782 thro-

253 5817 309 5870 ιιί
332 5818 423 5874 Dei
440 5819 646 5891 scripto
662 5819 863 5883 dicere;
899 5819 1192 5888 prudentes
1227 5819 1369 5873 enim
1418 5819 1710 5889 prudenter
1739 5820 1830 5889 ju-

643 5909 915 5972 PATnoL.
946 5911 1060 5970 Gn.
1105 5908 1246 5968 CLV
1258 5906 1282 5968 Ι

1935 4549 2101 4600 multa
2137 4549 2294 4603 nobis
2318 4549 2545 4604 dicenda
2567 4550 2819 4607 fuissent.

2004 4635 2122 4688 Non
2157 4638 2361 4692 dixisse
2395 4649 2574 4692 autem
2607 4641 2884 4694 Christum
2915 4642 2980 4695 de
3013 4641 3316 4697 .‘llohamete
3334 4643 3499 4697 verba

1930 4728 2054 4790 ista,
2091 4743 2188 4782 nec
2228 4729 2280 4782 in
2316 4730 2605 4800 Evangelio
2639 4732 2902 4799 scriptum
2934 4748 3057 4786 esse
3117 4749 3317 4787 nomen
3355 4735 3497 4802 ejus,

1930 4819 1996 4872 de
2032 4821 2131 4873 hac
2166 4836 2221 4872 re.
2255 4831 2364 4874 tum
2401 4832 2526 4874 ante
2579 4822 2840 4887 diximus,
2867 4839 2988 4892 qua:
3017 4824 3275 4889 diximus,
3310 4834 3420 4879 tum
3449 4825 3501 4879 iu

1931 4911 2181 4978 sequenti
2233 4911 2602 4978 disputatione
2653 4914 2868 4966 dicetur
2927 4915 3277 4970 luculentius.
3367 4916 3500 4982 Qua:

1932 5004 2183 5056 viderunt
2223 5003 2448 5071 apostoli
2472 5015 2523 5056 et
2553 5004 2806 5074 discipuli
2833 5006 3057 5071 Christi,
3094 5019 3144 5062 et
3173 5024 3293 5077 qute
3340 5009 3500 5062 audi-

1931 5104 2211 5147 veruntcx
2243 5109 2337 5148 ore
2371 5095 2512 5162 ejus,
2554 5095 2755 5150 litteris
2786 5098 3127 5158 mandarunt
3178 5109 3230 5153 et.
3292 5100 3498 5152 decue.

1931 5194 2078 5238 runt.
2100 5183 2176 5238 Ex
2202 5185 2333 5253 ipsis
2365 5185 2508 5239 enim
2526 5187 2809 5254 discipulis
2824 5187 3025 5242 Christi
3075 5197 3304 5256 quatuor
3327 5187 3503 5242 Evan-

1932 5277 2130 5341 gelium
2164 5276 2610 5344 conscripserunt
2643 5293 2656 5330 :
2688 5277 2832 5337 qttod
2869 5293 3032 5336 unus.
3075 5278 3358 5332 Mattharus
3406 5293 3503 5330 no-

1933 5371 2100 5426 utine,
2135 5365 2394 5419 Hebraice
2443 5366 2493 5418 in
2520 5366 2827 5429 Palaestina,
2878 5368 2957 5421 vel
2995 5367 3387 5436 Hierosolymis
3448 5379 3502 5419 et

1932 5459 2074 5508 circa
2106 5455 2323 5525 Libyam
2339 5456 2533 5522 edidit;
2557 5457 3237 5522 all.er,‘.llarcus,Latéuein
3279 5458 3502 5517 Achaia,

1931 5550 2072 5615 quod
2097 5547 2148 5600 iu
2178 5548 2383 5601 Italiam
2409 5558 2461 5600 et
2493 5546 2720 5601 Romam
2755 5559 2809 5603 et
2842 5549 2905 5602 ad
2931 5565 3116 5603 omnes
3136 5546 3504 5600 ocisidvn=alcs

1933 5650 2118 5709 gentes
2150 5639 2408 5706 perlatum
2435 5649 2514 5692 est
2549 5658 2562 5704 ;
2593 5642 2808 5702 tertius,
2850 5640 3046 5701 Lucas,
3105 5639 3308 5692 Graece.
3355 5637 3500 5702 quoi

1933 5730 2266 5797 divulgatum
2299 5739 2382 5782 est
2413 5731 2464 5782 in
2500 5730 2648 5792 Asia,
2683 5729 2984 5797 rEllllOplﬂ,
3021 5727 3220 5789 Persis,
3257 5723 3403 5777 ludis
3448 5731 3502 5774 et.

1937 5821 2132 5875 Arabia
2172 5832 2466 5890 ;quartus,
2504 5819 2764 5885 Joannes,
2809 5820 2936 5874 item
2987 5818 3190 5878 Grazce,
3240 5811 3386 5882 quad
3444 5812 3503 5868 in

3074 5907 3147 5967 30
