4022 6294
982 346 1059 357 ,κν
1077 344 1173 353 ι-σ-υ

593 404 699 469 939

1815 380 2136 451 GEORGII
2180 382 2602 453 PHRANTZE

3776 387 3874 457 ΜΟ

593 518 705 569 λιον
741 515 817 575 είς
847 500 935 564 τὸν
980 509 1183 576 κόσμον
1229 506 1445 560 ἅπαντα
1483 505 1541 558 οὐ
1574 502 1713 571 μετὰ
1742 498 1869 572 ’βίας
1895 501 2016 555 οὺδέ
2051 498 2169 570 μετ’
2198 505 2242 560 Α
2271 501 2329 553 δὲ
2357 503 2455 571 τὴν
2486 504 2794 573 ἀνάγνωσιν
2824 505 2918 558 τοῦ
2949 496 3285 575 Εὗαγγελίου
3318 505 3432 560 τῶν
3467 509 3875 562 πεντακοσὶων

592 606 836 672 ἀνάγκης
890 597 1010 651 οὑδέ
1061 597 1199 667 μετά
1241 596 1429 664 ξίφους
1477 596 1568 648 καὶ
1634 591 1870 662 σπάθης,
1923 591 2039 643 ἀλλ’
2104 592 2162 642 ἐν

592 697 781 765 ἀγάπῃ
824 695 916 747 καὶ
954 691 1231 771 ἱλαρότητι
1265 689 1361 741 καὶ
1388 690 1446 740 ἐν
1478 685 1808 739 ταπεινώσει
1841 683 2160 751 εὑρίσκοντο

589 787 939 846 διδάσκοντες
974 784 1023 835 oi
1067 780 1363 834 ἀπόστολοι
1399 779 1493 831 τὸν
1524 777 1683 844 λόγον
1708 774 1806 829 τοῦ
1855 772 2015 827 Θεοῦ.
2052 772 2161 825 Καὶ

590 875 997 943 ἀντέστραπται
1037 871 1108 924 τὰ
1150 870 1472 938 πράγματα.
1515 867 1636 920 Τῶν
1689 864 1800 933 γὰρ
1844 862 2162 917 ἀποστόλων

589 967 972 1036 τυπτομένων,
998 963 1466 1031 κολαφιξομένων,
1491 958 1943 1029 λοιδορουμένων,
1974 955 2163 1008 διωκο-

595 1061 796 1130 μένων,
828 1057 1189 1111 διδασκόντων
1219 1056 1278 1105 οὐ
1315 1054 1613 1104 κατέπιπτε
1654 1051 1715 1101 τὸ
1732 1049 2016 1118 κήρυγμα,
2046 1043 2161 1099 ἀλλ’

589 1152 777 1222 ἡμέρα
824 1152 890 1220 τῇ
929 1148 1117 1218 ἡμέρᾳ
1149 1144 1517 1215 ἐμεγαλύνετο
1544 1141 1640 1194 καὶ
1668 1140 1934 1209 ηὐξάνετο
1975 1137 2035 1189 τὸ
2063 1134 2160 1188 τοῦ

589 1245 829 1317 Χριστοῦ
871 1242 1207 1310 εὐαγγέλιον.
1242 1240 1349 1291 Καὶ
1396 1240 1600 1290 ἐκεῖνοι
1631 1238 1679 1290 οί
1728 1234 1900 1289 πολλὰ
1934 1231 2169 1286 σπουδά-

590 1343 777 1405 ζοντες
828 1340 922 1390 καὶ
976 1335 1151 1387 πολλὰ
1194 1330 1600 1411 κεκοπιακότιες
1661 1326 1902 1395 καλύψαι
1958 1326 2019 1378 τὸ
2068 1322 2163 1375 τοῦ

591 1430 830 1501 Χριστοῦ
882 1429 1075 1498 ὄνομα,
1102 1426 1191 1480 ἵνα
1233 1423 1309 1494 μὴ
1356 1422 1669 1492 ὁμολογήσῃ
1720 1419 1883 1473 αὐτόν
1927 1434 2013 1480 τις
2060 1414 2168 1468 τῶν

546 1557 555 1567 -
591 1520 894 1593 ἀνθρώπων
924 1519 1079 1580 Θεὸν,
1112 1517 1140 1568 6
1170 1516 1226 1569 δέ
1258 1513 1420 1567 τοῦτο
1455 1512 1744 1581 τολμήσων
1786 1507 2003 1576 θανάτῳ
2032 1507 2167 1558 ἀπο-

594 1617 859 1674 θανεῖται,
889 1612 1043 1664 αὐτοὶ
1067 1609 1264 1660 ἐκεῖνοι
1289 1604 1730 1675 κατανοήσαντες
1757 1601 1852 1671 τὴν
1880 1598 2167 1667 ἀλήθειαν,

593 1704 939 1773 προσέπεσον
990 1698 1082 1751 καὶ
1108 1696 1552 1766 προσεκύνησαν,
1584 1695 1633 1746 οἱ
1663 1693 1766 1763 μὲν
1798 1693 1914 1755 τοῖς
1935 1688 2172 1743 ἀποστό-

593 1796 728 1861 λοις,
758 1793 808 1846 οἱ
839 1792 895 1843 δὲ
921 1791 1033 1850 τοῖς
1067 1787 1291 1841 ἐκείνων
1314 1787 1582 1855 διαδόχοις
1614 1786 1711 1837 καὶ
1744 1782 2041 1853 μαθηταῖς,
2071 1780 2166 1833 καὶ

596 1886 931 1940 ἐπίστευσαν
962 1884 1043 1935 ὅτι
1081 1879 1245 1941 αὐτός
1272 1880 1421 1931 ἐστιν
1446 1879 1473 1929 6
1512 1875 1768 1945 ἀληθινὸς
1798 1872 1951 1935 Θεὸς,
1979 1875 2007 1925 6
2032 1868 2167 1940 Χρι-

596 1979 743 2040 στὸς,
774 1974 937 2037 αὑτός
966 1976 1114 2026 ἐστιν
1157 1972 1184 2023 6
1215 1970 1344 2031 Υἱὸς
1370 1967 1464 2021 τοῦ
1510 1966 1648 2022 Θεοῦ
1681 1965 1776 2019 τοῦ
1808 1963 2034 2031 ζῶντος,
2073 1966 2169 2018 καὶ

595 2067 891 2121 ἐλυποῦντο
917 2066 1009 2119 καὶ
1039 2062 1254 2116 ἔκλαιον
1288 2061 1389 2123 τὰς
1418 2057 1802 2128 παρελθούσας
1836 2055 2073 2127 ἡμέρας,
2102 2054 2169 2118 ἃς

594 2159 1008 2231 περιεπάτησαν
1040 2158 1095 2209 ἐν
1130 2158 1195 2224 τῇ
1240 2152 1432 2223 σκοτίᾳ
1480 2152 1577 2206 καὶ
1614 2152 1682 2220 τῇ
1716 2150 1894 2220 πλάνῃ
1928 2148 2027 2202 τοῦ
2062 2149 2166 2200 Σια-

592 2254 750 2307 τανᾶ.
790 2251 850 2303 Ὀ
894 2249 952 2301 δὲ
997 2245 1312 2314 πανάγαθος
1347 2244 1482 2306 Θεὸς
1521 2244 1619 2296 καὶ
1650 2242 1905 2313 ἐλεήμων
1948 2240 2170 2307 ἐδέξατο

595 2343 772 2397 αὐτῶν
792 2342 892 2410 τὴν
926 2340 1237 2409 μετάνοιαν,
1263 2337 1357 2389 καὶ
1382 2335 1581 2397 αὐτοὺς
1619 2336 1747 2397 τοὺς
1772 2332 2072 2395 διώκοντας
2104 2333 2168 2385 τὸ

594 2434 690 2489 τοῦ
730 2430 970 2501 Χριστοῦ
1013 2431 1187 2499 ὄνομα
1225 2429 1530 2497 κατέστησε
1572 2426 1843 2496 ποιμένας
1871 2425 2033 2495 357
2076 2424 2171 2477 καὶ

595 2516 953 2585 διδασκάλους
995 2522 1090 2575 καὶ
1135 2522 1385 2590 κήρυκας
1415 2519 1509 2573 τοῦ
1540 2518 1880 2586 Εὑαγγελίου
1931 2518 2027 2568 καὶ
2072 2513 2168 2568 τοῦ

594 2617 858 2685 ὀνόματος
898 2611 1084 2665 αὐτοῦ.
1121 2612 1229 2664 Καὶ
1256 2609 1517 2671 λαϐόντες
1537 2609 1588 2660 οί
1611 2608 1817 2669 πάντες
1849 2607 1908 2659 τὸ
1932 2605 2170 2673 εὐαγγέ-

591 2710 706 2762 λιον
752 2705 1103 2775 μετέγραψαν
1161 2703 1255 2755 καὶ
1297 2697 1446 2770 εἶχον
1474 2700 1608 2752 αὐτὸ
1656 2696 1739 2761 εἷς
1789 2697 2043 2758 ἕκαστος,
2078 2695 2172 2747 καὶ

534 2786 537 2789 Ι
593 2801 929 2867 ἀνεγίνωσκε
962 2796 1057 2852 καὶ
1087 2794 1358 2865 ἐμάνθανε
1396 2794 1492 2846 καὶ
1521 2791 1836 2845 ἐδιδάσκετο
1877 2789 1971 2842 καὶ
2001 2802 2173 2857 προσ-

594 2895 776 2947 εκύνει
806 2891 877 2944 τὰ
909 2892 967 2942 ἐν
1012 2887 1159 2957 αὐτῷ
1188 2887 1579 2955 γεγραμμένα.
1613 2885 1723 2937 Καὶ
1751 2882 1925 2944 οὕτως
1954 2879 2168 2950 διεδόθη

594 2988 673 3047 είς
700 2984 792 3037 τὶν
838 2982 1053 3035 ἅπαντα
1103 2980 1309 3048 κόσμον
1371 2978 1435 3029 τὸ
1464 2975 1826 3044 Εὐαγγέλιον,
1875 2975 1971 3027 καὶ
2025 2969 2172 3042 εἶχον

594 3077 726 3130 αὐτὸ
763 3075 962 3136 πάντες
1017 3074 1067 3125 οἱ
1127 3068 1511 3131 κατοικοῦντες
1555 3067 1654 3135 τὴν
1701 3066 1837 3136 γῆν.
1877 3066 2009 3118 ’Δπὸ
2037 3062 2170 3130 γοῦν

2258 595 2473 664 »χρόνων
2498 597 2581 657 τίς
2608 596 2835 666 ἔμελλεν
2864 598 3165 667 τολμήσειν
3187 595 3442 652 ἐκϐαλεῖν
3465 599 3533 652 τὸ
3564 597 3673 651 τοῦ
3708 599 3874 653 Mini-

2270 684 2371 752 μεθ
2404 686 2575 754 ὄνομα
2601 686 2709 739 ἀπὸ
2735 686 2829 740 τοῦ
2856 687 3199 754 Εὐαγγελίου
3224 730 3238 752 ,
3271 687 3436 759 εῐπερ
3463 688 3786 758 εὑρίσκετο
3820 691 3871 740 ὲν

2266 776 2416 847 αὐτῷ
2471 779 2889 849 γεγραμμένον;
2928 779 3002 832 T6
3057 764 3296 849 μέν’ὅτι
3341 781 3476 849 μίαν
3531 781 3640 833 καὶ
3705 782 3867 850 μόνην

2266 871 2413 935 λέξιν
2453 872 2481 925 6
2511 871 2787 942 τολμήσας
2822 872 3154 942 προσθήσειν
3183 873 3216 943 ἢ
3250 873 3507 927 ἐκϐαλεῖν
3538 874 3604 926 οὗ
3638 873 3866 927 δύναται

2269 964 2435 1016 πλέον
2486 965 2695 1027 ἐκεῖνος
2743 962 3109 1035 ὀνομάζεσθαι
3156 963 3499 1034 Χριστιανός
3530 983 3550 999 σ
3578 964 3650 1018 τὸ
3708 965 3770 1017 δέ
3794 967 3863 1017 ὅτι

2270 1059 2429 1129 εἴπερ
2460 1060 2554 1111 καί
2583 1075 2664 1122 τις
2697 1057 3259 1128 κακὸς,ὑποθὼμεθα,
3294 1057 3527 1123 ἐξέϐαλέ
3554 1074 3699 1110 τινα.
3730 1056 3861 1122 λέξιν

2269 1152 2379 1206 ἀπὸ
2409 1150 2504 1205 τοῦ
2536 1151 2894 1218 Εὐαγγελίου,
2928 1152 2956 1203 6
2986 1151 3171 1220 ἔτερος
3193 1151 3340 1213 ἄπας
3371 1152 3591 1219 κόσμος
3628 1150 3861 1203 ἀπολεῖ.
3940 1158 3961 1220 ,1

2270 1244 2458 1313 θήσειν
2512 1244 2707 1314 ἔμελλε
2753 1245 2829 1313 τῷ
2879 1243 2973 1297 τοῦ
3030 1244 3149 1307 ἐνὸς
3207 1245 3570 1313 ἁτοπήματις
3636 1246 3863 1307 Πάντως

2270 1335 2410 1406 οὐχί.
2455 1335 2589 1389 Ἀπὸ
2616 1334 2749 1402 γοῦν
2792 1335 2984 1388 τούτου
3017 1336 3377 1400 ἀναφαίνεται
3419 1337 3504 1389 ὅτι
3536 1337 3650 1388 οὐκ
3684 1331 3757 1407 ἦν
3783 1354 3863 1403 γε-

2271 1428 2596 1498 γραμμένον
2618 1427 2678 1480 τὸ
2702 1421 2880 1496 ῑνομα
2908 1427 3004 1480 τοῦ
3031 1426 3281 1496 Μωάμεθ
3313 1429 3370 1482 ἐν
3400 1427 3478 1497 τῷ
3502 1429 3859 1496 Εὖαγγεὶίῳ.

2274 1518 2345 1574 Ἦ
2373 1521 2447 1582 ὠς
2477 1520 2642 1572 καλὸν
2668 1520 2863 1588 ἔμελλε
2915 1522 3297 1590 μαρτυρήσειν
3317 1523 3346 1574 6
3374 1516 3629 1591 Χριστὸς
3660 1523 3863 1574 ὲκεῖνοτ

2269 1611 2304 1680 ἢ
2335 1610 2411 1671 ὣς
2439 1609 2607 1663 κακόν
2628 1625 2643 1642 ·
2680 1608 2776 1661 καὶ
2819 1610 2868 1660 εἰ
2899 1610 2997 1677 μὲν
3025 1608 3100 1671 ὡς
3148 1610 3337 1673 καλὸν,
3376 1609 3619 1679 ἔμελλον
3649 1612 3861 1681 ἐκδέχεο

2275 1701 2399 1756 σθαι
2430 1702 2628 1765 πάντες
2655 1704 2703 1755 οί
2756 1700 2997 1770 βασιλεῖς
3035 1702 3137 1770 τῆς
3188 1704 3313 1773 γῆς,
3345 1702 3557 1766 πάντες
3586 1704 3639 1755 οἱ
3666 1706 3861 1772 τοπάρ-

2273 1811 2389 1865 χαι,
2428 1793 2629 1855 πάντες
2675 1793 2725 1844 οί
2772 1792 3095 1861 Χριστιανοὶ
3137 1792 3230 1844 τὸν
3274 1792 3432 1861 παρὰ
3471 1791 3573 1846 τοῦ
3616 1793 3856 1863 Χριστοῦ

2277 1885 2714 1958 μαρτυρηθέντα,
2738 1884 2840 1937 ’ἵνα
2897 1882 3110 1937 λάϐωσι
3156 1883 3257 1955 τήν
3302 1884 3410 1937 ἀπὸ
3465 1885 3678 1938 τούτου
3732 1885 3858 1953 ὡσέ-

2272 1980 2421 2032 λειαν
2446 1995 2459 2008 ·
2494 1980 2542 2032 εί
2569 1978 2616 2031 δ’
2649 1981 2726 2040 ὡς
2759 1976 2952 2041 κακὸν,
2993 1977 3159 2029 πάλιν
3190 1975 3417 2044 ἔμελλον
3444 1976 3599 2047 ἔχειν
3627 1979 3700 2030 τά
3729 1979 3855 2030 ἐκεί-

2273 2089 2365 2125 νου
2609 2066 2969 2138 γνωρίσματα
3008 2068 3105 2119 καὶ
3138 2066 3511 2136 φυλάττεσθαι
3564 2070 3627 2134 ἐξ
3674 2066 3853 2131 αὑτοῦ,

2263 2164 2361 2216 ’ἶνα
2394 2162 2467 2233 μὴ
2497 2162 2777 2231 βλαϐὦσι·
2810 2160 2908 2214 καὶ
2937 2160 3047 2213 εἴτε
3079 2159 3152 2222 ὡς
3185 2156 3543 2229 ἐκδεχόμενοι
3567 2161 3667 2213 τὸν
3701 2161 3855 2213 καλὸν

2274 2254 2384 2307 εἴτε
2430 2254 2507 2316 ὡς
2556 2255 3024 2322 ἀποστρεφόμενοι
3073 2253 3166 2305 τὸν
3211 2254 3402 2315 κακὸν,
3430 2252 3590 2305 οὐδὲν
3635 2251 3857 2313 ἔμελλεν

2274 2346 2528 2400 ἐκϐαλεῖν
2577 2344 2722 2405 ἅπας
2747 2345 2774 2397 6
2804 2343 3012 2413 κόσμος
3058 2344 3123 2396 ἐκ
3164 2342 3261 2396 τοῦ
3297 2343 3646 2412 Εὐαγγελίου
3681 2345 3744 2396 τὸ
3770 2345 3856 2396 τοῦ

2274 2436 2518 2505 Μωάμεθ
2567 2436 2762 2505 ὄνομα.
2801 2436 2912 2487 Καὶ
2977 2436 3088 2488 ἀπὸ
3119 2434 3307 2489 τούτου
3362 2432 3738 2504 ἀναφαίνεται
3782 2437 3858 2487 δτι

2274 2530 2372 2582 οὐκ
2414 2524 2483 2598 ἦν
2534 2526 2923 2596 γεγραμμένον
2968 2527 3026 2579 ἐν
3080 2524 3156 2595 τῷ
3187 2526 3511 2596 Εὐαγγελίῳ
3559 2526 3623 2579 τδ
3673 2527 3859 2580 τούτου

2275 2622 2465 2690 θνομα.
2495 2621 2617 2672 Ἔτι
2672 2618 2850 2681 οὐδείς
2902 2619 3048 2671 ἐστιν
3076 2619 3105 2670 6
3136 2618 3345 2687 φθονῶν
3378 2618 3557 2689 ἐτέρῳ
3591 2621 3738 2689 πρὶν
3767 2621 3860 2688 τῆς

2274 2713 2581 2782 γεννήσεως
2620 2709 2827 2763 αὐτοῦ’
2876 2710 2961 2771 τίς
3009 2709 3141 2778 γοῦν
3181 2710 3375 2779 ἔμελλε
3424 2711 3742 2781 φθονήσειν
3785 2713 3856 2781 τῷ

2274 2802 2517 2871 Μωάμεθ
2549 2803 2652 2871 πρὸ
2682 2796 2782 2870 τῆς
2812 2801 2981 2855 αὑτοῦ
3004 2803 3355 2872 γεννήσεως;
3390 2800 3626 2864 Πάντως
3653 2804 3853 2867 οὐδείς.

2275 2892 2338 2943 Εί
2364 2890 2410 2943 δ’
2441 2892 2570 2952 ἴσως
2602 2890 2898 2961 ἐφθόνησεν
2924 2891 3075 2962 αὐτῷ
3100 2909 3187 2955 τις
3221 2893 3358 2961 μετά
3383 2894 3485 2963 τὴν
3525 2894 3702 2947 αὑτοῦ
3732 2895 3854 2962 γέν-

2274 3000 2452 3052 νησιν,
2487 2984 2603 3047 πῶς
2628 2983 2851 3053 ἔμελλεν
2883 2984 3272 3054 ἀκολουθήσειν
3298 2984 3441 3048 ἄπας
3482 2986 3509 3037 6
3544 2986 3761 3055 κόσμος
3785 2987 3856 3053 τῷ

2280 3075 2418 3148 πρὸς
2463 3077 2525 3128 τὸ
2576 3077 2819 3146 Μωάμεθ
2871 3078 2990 3141 ἐνὸς
3032 3079 3252 3149 φθόνῳς
3283 3078 3391 3132 Καὶ
3424 3078 3509 3141 τίς
3549 3081 3857 3149 παράφρων

594 3168 690 3223 τοῦ
721 3165 959 3237 Χριστοῦ
1005 3164 1117 3249 ⁷ἕως
1172 3160 1233 3213 οὗ
1292 3161 1499 3230 ἤρξατο
1548 3160 1822 3213 διδάσκειν
1852 3157 1881 3208 ὁ
1928 3157 2172 3227 Μωάμεθ
2206 3173 2246 3231 C
2280 3168 2453 3233 οὕτως
2487 3168 2627 3222 ὥστε
2661 3169 2737 3239 μὴ
2764 3168 3086 3238 λογίσασθαι
3113 3171 3271 3224 τοῦτο
3304 3172 3364 3224 τὸ
3388 3171 3662 3226 ἀδύνατον
3698 3191 3713 3239 ;
3750 3175 3854 3225 Καὶ

598 3260 878 3331 παρῆλθον
925 3258 1108 3327 χρόνοι
1141 3258 1402 3310 ἐπέκεινα
1448 3254 1556 3307 τῶν
1586 3250 1999 3306 πεντακοσίων*
2039 3249 2177 3320 μετά

602 3451 757 3514 parte
797 3441 1028 3511 Europae
1055 3449 1107 3495 et
1139 3455 1234 3509 per
1265 3437 1474 3492 insulas
1516 3450 1581 3492 ac
1615 3437 1868 3506 regiones
1899 3451 1929 3491 a
1969 3434 2177 3492 Grazcis

597 3535 866 3589 habitatas
894 3531 1149 3585 innomit.
1189 3531 1266 3584 Ita
1291 3529 1643 3597 rivangelium
1667 3537 1951 3597 pertotum
1985 3530 2173 3584 orbem

596 3637 861 3682 terrarum
890 3640 994 3677 non
1031 3624 1079 3676 vi
1107 3631 1161 3676 et
1207 3621 1487 3687 violentia,
1536 3635 1637 3675 nec
1684 3635 1817 3675 ense
1865 3632 1920 3676 et
1970 3621 2173 3692 gladio,

596 3718 930 3786 divulgatum
957 3724 1061 3775 est,
1089 3713 1181 3769 sed
1213 3714 1295 3781 pie
1319 3722 1373 3767 et
1393 3712 1513 3766 lzete
1542 3722 1595 3767 et
1624 3713 1868 3769 modeste
1914 3714 2181 3785 apostolis

598 3810 827 3864 verbum
872 3807 962 3865 Dei
992 3806 1336 3861 docentibus.
1371 3803 1605 3875 Eratque
1624 3820 1808 3860 rerum
1834 3808 1989 3871 quasi
2017 3821 2179 3874 repu-

598 3900 820 3969 gnantia
849 3898 1120 3968 quaedam.
1157 3896 1289 3950 Nam
1322 3912 1446 3951 cum
1478 3896 1710 3967 apostoli
1732 3905 2175 3966 percuterentur,

597 3988 1021 4058 tlagellarentur,
1055 3987 1318 4043 conviciis
1347 3985 1715 4045 allieerentur.
1766 3988 2180 4056 exagitarentnr

600 4082 738 4136 inter
767 4078 1094 4138 docendum.
1126 4094 1231 4133 non
1262 4093 1521 4147 oppressa
1544 4088 1628 4132 est
1660 4093 1852 4133 eorum
1905 4077 2174 4141 doctrina,

602 4174 697 4228 sed
724 4164 780 4226 in
802 4171 923 4226 dies
950 4184 1086 4225 nova
1113 4170 1448 4225 incrementa
1468 4169 1723 4238 capiebat
1748 4178 1801 4223 et
1828 4170 2004 4223 hctius
2029 4167 2182 4221 emo-

600 4261 851 4318 reseebat
902 4257 1255 4329 Evangelium
1313 4259 1541 4313 Christi.
1607 4259 1713 4325 Qui
1758 4260 1901 4313 enim
1947 4261 2177 4313 multum

601 4368 781 4423 operas
808 4350 1193 4421 impendebant
1230 4350 1574 4420 multumque
1600 4350 1974 4417 enitebantur,
1999 4362 2057 4405 ut
2085 4367 2180 4405 oc-

601 4446 874 4501 cultarent
919 4459 1121 4499 nomen
1168 4444 1393 4509 Christi,
1421 4459 1486 4497 ne.
1520 4445 1641 4513 quis
1670 4459 1796 4499 eum
1835 4444 2002 4499 Deum
2057 4459 2180 4499 esse

2281 3260 2389 3314 ἀπὸ
2418 3264 2606 3315 τούτου
2652 3263 3007 3332 ἀναφαίνεται
3042 3262 3121 3317 ὅτι
3161 3262 3259 3317 οὐκ
3296 3255 3364 3334 ἦν
3393 3265 3857 3335 καταγεγραμμὶο

2282 3441 2375 3512 qui
2398 3450 2605 3497 terram
2643 3441 2985 3497 habitabant.
3020 3442 3063 3498 A
3087 3441 3308 3498 Christo
3331 3452 3509 3499 autem
3545 3448 3614 3501 ad
3649 3446 3705 3500 in
3728 3457 3858 3503 tem-

2285 3546 2406 3600 pus,
2438 3548 2549 3601 quo
2579 3531 2911 3588 Mohametes
2942 3534 3139 3590 docere
3160 3545 3422 3605 cmperat,
3454 3539 3583 3592 anni
3621 3540 3857 3609 amplius

2282 3627 2566 3696 quingenti
2649 3628 3048 3697 praeterierunt.
3103 3625 3222 3683 Jam
3285 3646 3416 3685 vero
3477 3647 3603 3687 cum
3686 3650 3857 3689 annos

2279 3719 2610 3789 quingentos
2636 3718 2839 3773 lectum
2873 3733 3020 3775 esset
3072 3721 3453 3793 Evangelium,
3489 3728 3614 3793 quis
3672 3728 3856 3781 Moha-

2283 3810 2443 3864 metis
2470 3824 2666 3864 nomen
2700 3811 2827 3866 inde
2847 3812 3049 3880 ejicere
3080 3828 3247 3869 ausus
3304 3816 3395 3881 sit,
3429 3816 3477 3871 si
3522 3819 3747 3886 quidem
3800 3821 3851 3874 in

2278 3916 2350 3957 eo
2379 3886 2835 3971 scriptumluerit
2857 3904 2879 3956 ἲ
2902 3904 3035 3959 Nam
3068 3908 3300 3975 primum
3334 3908 3424 3976 qui
3450 3908 3531 3961 vel
3561 3925 3728 3963 unum
3755 3927 3853 3965 vo-

2284 3992 2537 4048 cabulum
2568 3992 2766 4049 addere
2792 4003 2887 4049 aut
2915 3996 3137 4051 demere
3165 3999 3419 4062 voluerit,
3440 4016 3547 4054 non
3570 4002 3684 4070 jam
3706 4014 3855 4069 pete-

2282 4086 2356 4139 rit
2386 4084 2733 4141 Christianus
2764 4087 2947 4141 haberi
2977 4107 2990 4153 ;
3022 4088 3219 4144 deinde
3242 4089 3350 4158 fac,
3396 4093 3590 4145 malum
3646 4108 3854 4162 qnern-

2282 4176 2427 4246 piam
2448 4177 2719 4232 hominem
2743 4178 3068 4233 vocabulum
3091 4180 3311 4252 aliquod
3335 4181 3554 4253 ejecisse
3577 4200 3643 4237 ex
3667 4184 3852 4239 Evan-

2284 4270 2456 4341 gelio;
2482 4285 2609 4324 num
2631 4270 2871 4339 reliquus
2896 4268 3040 4326 tetus
3058 4274 3206 4329 orbis
3222 4284 3489 4329 terrarum
3509 4276 3669 4341 huius
3690 4281 3849 4333 unius

2288 4359 2529 4413 fraudant
2559 4360 2869 4427 probaverit
2898 4361 2920 4414 ?
2950 4362 3174 4415 Minime
3222 4362 3487 4431 profecto.
3522 4364 3659 4419 lliuc
3693 4367 3851 4436 igitur

2286 4458 2460 4518 patet,
2493 4450 2895 4518 nonscriptum
2936 4451 3098 4506 fuisse
3130 4453 3181 4505 in
3206 4452 3496 4523 Evangelio
3525 4472 3720 4511 nomen
3742 4458 3850 4511 Mn—

600 4537 845 4592 crederet
900 4535 1067 4605 (quod
1098 4536 1186 4605 qui
1220 4536 1524 4600 conabitur,
1554 4544 1727 4589 morte
1754 4536 2027 4605 periturus
2048 4538 2173 4609 est),
2211 4514 2262 4573 θ
2289 4514 2544 4598 hametis.
2576 4514 2779 4597 Deinde
2807 4556 2900 4596 aut
2929 4544 3135 4599 bonum
3161 4514 3483 4604 autnmlnm
3516 4566 3642 4604 eum
3673 4554 3851 4621 appel-

602 4630 674 4684 illi
703 4630 803 4700 ipsi
829 4628 1018 4698 igitur,
1047 4627 1264 4698 cognita
1302 4629 1547 4691 veritate,
1572 4628 1867 4683 adorarunt
1899 4638 1952 4684 et
2006 4646 2172 4684 vene-

600 4722 703 4776 rati
726 4730 853 4777 sunt
884 4720 1160 4791 apostolos
1189 4720 1271 4774 vel
1298 4735 1648 4776 successores
1681 4731 1735 4775 et
1760 4722 2054 4792 discipulos
2082 4738 2175 4777 eo-

601 4830 756 4878 rum,
809 4823 972 4882 atque
1026 4813 1395 4871 crediderunt.
1454 4828 1575 4866 eum
1648 4829 1834 4868 verum
1893 4816 2176 4869 Deum‘et

600 4904 877 4958 Christum
908 4915 962 4958 et
994 4904 1189 4959 Filium
1217 4904 1305 4958 Dei
1333 4904 1440 4957 vivi
1497 4912 1642 4966 este,
1707 4918 1773 4959 a'c
1825 4905 2079 4975 lugebant
2122 4914 2176 4959 et

604 4996 1044 5049 lamentabantur
1066 4997 1132 5050 de
1164 5006 1409 5064 tempore
1438 4996 1729 5062 prmterito,
1762 5010 1872 5062 quo
1928 4997 2173 5051 tenebris

602 5094 657 5140 et
695 5086 974 5141 erroribus
1003 5087 1214 5142 Satanre
1247 5087 1490 5142 obstricti
1540 5087 1772 5139 fuerant.
1808 5085 1944 5140 Deus
1993 5095 2174 5140 autem
2236 5082 2241 5088 ’

600 5179 839 5247 optimus
865 5185 918 5231 et
937 5180 1249 5234 misericors
1272 5179 1573 5247 accipiebat
1594 5179 1946 5230 mutationem
1976 5179 2173 5233 mentis

599 5282 815 5332 eorum,
848 5268 1029 5322 ethos
1067 5269 1239 5336 ipsos,
1288 5271 1383 5339 qui
1449 5273 1919 5337 persequebantur
1974 5284 2170 5323 nomen

595 5358 825 5419 Christi.
865 5368 1110 5428 pastores
1141 5370 1195 5414 et
1217 5362 1503 5431 magistros
1537 5370 1588 5414 et
1633 5360 1857 5416 nuntios
1915 5362 2065 5415 verbi
2116 5372 2173 5416 et

602 5454 841 5508 nominis
864 5453 948 5507 sui
978 5452 1211 5507 faciebat
1247 5471 1260 5507 :
1292 5455 1385 5523 qui
1418 5470 1608 5510 omnes
1666 5454 2017 5525 Evangelium
2065 5456 2169 5511 sibi

602 5556 985 5616 compararunt
1013 5556 1064 5600 ct
1090 5548 1522 5617 descripserunt,
1556 5561 1620 5600 ac
1648 5547 1880 5615 legebat,
1902 5549 2169 5616 discebat,

601 5634 901 5690 docebatur
936 5645 989 5690 et
1018 5634 1281 5691 adorabat
1311 5638 1562 5707 quisque,
1600 5639 1797 5706 quacin
1843 5653 1908 5691 eo
1965 5642 2168 5708 scripta

601 5735 774 5779 erant.
809 5725 881 5778 Ita
915 5726 1079 5795 igitur
1106 5742 1197 5796 per
1224 5736 1398 5781 totum
1422 5729 1607 5781 orbem
1664 5739 1936 5782 terrarum
1992 5732 2168 5785 Evan-

604 5814 800 5881 gelium
825 5816 1157 5893 divulgatum
1176 5829 1277 5887 εει,
1298 5828 1525 5891 eratque
1550 5817 1601 5871 in
1630 5818 1878 5875 manibus
1895 5824 2165 5891 omnium,

2282 4633 2495 4687 laturus
2520 4643 2637 4688 erat
2663 4634 2914 4690 Christus
2949 4656 2961 4689 :
2992 4638 3035 4691 si
3063 4637 3288 4709 bonum,
3313 4654 3507 4695 omnes
3529 4657 3683 4712 reges
3707 4645 3847 4699 orbis

2252 4732 2578 4787 terrarum.
2648 4742 2838 4781 omnes
2891 4729 3188 4798 principes,
3244 4745 3436 4787 omnes
3474 4735 3769 4789 Christiani
3820 4753 3844 4790 ε

2282 4815 2499 4871 Christo
2522 4818 2805 4886 probatum
2825 4822 3137 4887 prophetam
3153 4823 3453 4890 amplexuri
3470 4836 3645 4890 erant,
3669 4840 3723 4880 ut
3743 4828 3848 4882 fru-

2282 4914 2430 4959 ctum
2454 4921 2520 4960 ex
2546 4922 2610 4961 eo
2638 4908 2983 4977 perciperent
3014 4926 3027 4973 ;
3054 4909 3139 4963 sin
3165 4913 3392 4979 malum,
3411 4919 3684 4971 servaturi
3704 4931 3845 4973 erant

2282 4997 2506 5063 indicia,
2536 4999 2681 5053 unde
2706 5014 2833 5054 eum
2857 5013 3272 5069 cognoscerent,
3293 5010 3600 5074 etcauturi,
3626 5025 3694 5063 ne
3714 5011 3843 5065 labe-

2281 5087 2497 5143 ren'tut‘.
2522 5088 2862 5160 .Neutiqnam
2900 5103 3108 5159 autem,
3134 5095 3249 5148 sive
3281 5096 3483 5151 bonum
3534 5102 3841 5168 probarunt,

2282 5182 2395 5236 sive
2421 5190 2743 5249 spreverunt
2773 5183 2999 5248 malum,
3029 5200 3123 5253 per
3152 5194 3326 5261 totum
3364 5190 3549 5242 orbem
3588 5201 3843 5245 terrarum

2283 5290 2480 5329 nomen
2510 5273 2829 5331 Mohametis
2858 5293 2924 5330 ex
2949 5279 3241 5349 Evangelia
3269 5282 3493 5349 ejeeluri
3520 5296 3702 5338 erant.
3747 5285 3848 5338 hla-

2283 5366 2539 5422 nifestum
2573 5370 2737 5438 igitur
2760 5381 2865 5435 est,
2896 5387 3092 5426 nomen
3129 5374 3248 5444 ejus
3286 5391 3393 5429 non
3426 5379 3693 5444 scriptum
3724 5378 3847 5433 fuis-

2282 5476 2342 5514 se
2379 5461 2431 5513 in
2452 5461 2760 5529 Evangelio.
2783 5462 2890 5517 Nec
2909 5480 3035 5519 vero
3055 5468 3345 5535 quisquam
3371 5469 3463 5521 ulli
3489 5470 3698 5524 homini
3720 5488 3849 5525 non-

2282 5552 2408 5604 dum
2439 5561 2562 5605 nato
2587 5553 2810 5607 invidet.
2839 5558 2917 5607 An
2946 5557 3070 5622 quis
3101 5556 3391 5613 Mohameti
3421 5560 3680 5615 inviderit
3708 5577 3851 5617 ante-

2281 5659 2443 5711 quam
2472 5654 2631 5698 natus
2664 5646 2848 5700 esset?
2874 5645 3127 5702 Profecto
3164 5666 3347 5705 nemo.
3395 5653 3453 5706 Si
3501 5655 3624 5722 quis
3679 5668 3848 5710 autem

2276 5735 2389 5801 jam
2424 5744 2550 5789 nato
2576 5734 2871 5791 Mohnmeti
2909 5740 3188 5803 inviderit,
3227 5758 3353 5795 num
3374 5752 3519 5798 totus
3552 5749 3701 5799 orbis
3749 5756 3850 5799 ιρι·-

2281 5841 2465 5879 rarum
2500 5829 2552 5880 in
2580 5827 2741 5883 unius
2762 5828 3002 5887 hominis
3028 5831 3288 5887 invidiam
3313 5850 3683 5893 concessurus
3705 5838 3849 5894 erat?
