4022 6294
242 460 361 523 95.1

1276 456 1722 517 CHRONICON
1759 452 2039 518 MAJUS.
2070 479 2137 493 -
2176 458 2323 520 LIB.
2366 458 2466 521 1v.
3399 471 3506 529 om

250 594 348 629 νον
377 574 439 628 τὸ
468 570 563 626 τοῦ
595 571 839 641 Μωάμεθ
867 570 1037 642 ὄνομα
1065 571 1125 623 ὲν
1151 570 1228 640 τῷ
1252 572 1594 642 Εὑαγγελίῳ.
1635 573 1757 626 Ἔτι
1785 574 1833 625 εί
1863 576 1909 629 Α
1938 572 2334 643 εὐλογήσαμεν.
2404 576 2463 627 '0
2514 573 2815 643 Μαχούμετ
2867 576 2923 627 ἐν
2972 579 3069 647 μιᾷ
3108 580 3215 631 τῶν
3262 582 3505 649 ﬁpspgp,’

254 669 360 737 μὲν
400 666 587 732 ἔλεγον
619 666 667 717 οί
710 664 1056 734 ’ῐσμαηλῖται
1087 662 1170 716 ὅτι
1204 665 1366 730 μόνον
1391 666 1448 717 ὲν
1479 665 1556 734 τῷ
1584 664 1833 731 Εὑαγγε-

246 759 355 829 λίῳ
396 758 686 826 εὑρίσκετο
721 754 1113 825 γεγραμμένον
1158 754 1220 809 τὸ
1249 757 1344 807 τοῦ
1382 755 1630 823 Μωάμεθ
1659 755 1833 818 ϐνομα

250 852 353 903 καὶ
378 849 635 917 ἐξέϐαλον
664 848 794 900 αὐτὸ
823 850 871 900 οἱ
897 848 1239 916 Χριστιανοὶ,
1268 847 1363 899 καὶ
1397 846 1572 909 οὕτως
1603 846 1834 915 ἀρκεταί

248 944 395 996 εἰσιν
420 943 476 994 αἱ
510 940 811 1003 ἀποδείξεις
839 939 905 1003 ἃς
934 940 1187 1007 λέγομεν,
1228 938 1318 993 ’ἴνα
1350 943 1490 1009 φανῇ
1521 940 1581 992 τὸ
1609 938 1830 1008 ἀληθὲς,

252 1034 342 1087 ὃτι
377 1034 529 1086 οὐδὲν
561 1033 717 1085 αὐτοὶ
757 1033 1011 1098 λέγουσιν
1042 1032 1280 1102 άληθὲςο
1315 1034 1442 1085 ἐπεὶ
1478 1032 1535 1085 δὲ
1580 1033 1832 1099 λέγουσιν

248 1125 337 1177 ὅτι
363 1126 419 1175 ὲν
452 1126 518 1192 τῇ
549 1124 763 1191 γενέσει
814 1125 878 1192 τῇ
918 1124 1303 1195 συγγραφείσῃ
1344 1126 1495 1192 παρά
1546 1124 1642 1178 τοῦ
1670 1125 1836 1178 Μωῦ-

252 1218 392 1281 σέως
415 1216 704 1285 εὑρίσκετο
733 1216 1149 1285 γεγραμμένον,
1177 1216 1292 1278 πῶς
1324 1216 1579 1281 ἐξέϐαλον
1605 1217 1739 1270 αὐτὸ
1768 1219 1834 1271 ὲκ

242 1308 352 1373 ’τῆς
406 1306 641 1367 παλαιᾶς
690 1306 741 1357 οί
809 1306 1089 1376 Ἐϐραῖοις
1156 1307 1294 1359 Οὐδὲ
1354 1308 1461 1375 γὰρ
1512 1309 1832 1379 εὑρίσκεται

248 1400 432 1451 ἐκεῖσε
473 1399 609 1461 ὅλως
641 1399 787 1468 ῐχνος
819 1400 1051 1466 σημείου
1106 1400 1239 1470 περὶ
1281 1400 1373 1452 τοῦ
1428 1401 1696 1471 Μωάμεθ.
1726 1404 1836 1455 Kal

251 1490 368 1543 ἰδοὺ
409 1492 484 1555 ὡς
524 1492 576 1543 οἱ
608 1492 1031 1560 Μουσουλμάνοι
1081 1492 1325 1559 λέγουσι,
1372 1493 1746 1563 φθονήσαντες
1784 1497 1833 1548 0!

247 1585 571 1653 Χριστιανοὶ
655 1584 910 1649 ἐξέϐαλον
983 1585 1045 1637 τδ
1104 1584 1280 1653 ὃνομα
1357 1585 1607 1637 ἐκείνου·
1665 1587 1714 1639 οί
1778 1586 1835 1639 δὲ

262 1675 508 1745 Ἑϐραῖοι
550 1677 639 1729 διὰ
682 1678 774 1740 τίς
822 1676 1018 1729 Καίτοι
1069 1692 1132 1742 γε
1170 1676 1251 1739 είς
1298 1693 1358 1728 τε
1398 1677 1496 1745 τὴν
1526 1679 1837 1749 περιτομὴν

245 1771 351 1823 ικαὶ
377 1770 518 1823 ἄλλα
552 1770 694 1833 τινὰ,
723 1772 803 1831 εἰς
854 1769 1062 1838 τροφάς
1106 1786 1252 1838 φημι
1296 1769 1392 1821 καὶ
1434 1769 1597 1839 ἕτερα
1648 1769 1832 1839 ἔθιμα,

256 1860 646 1928 συμφωνοῦσιν
704 1859 752 1911 οί
818 1857 1241 1926 Μουσουλμάνοι
1308 1858 1473 1927 359
1532 1861 1669 1928 μετά
1723 1861 1830 1915 τῶν

261 1950 551 2020 Ἐϐραίων.
603 1951 733 2003 Ἰδοὺ
766 1948 897 2016 γοῦν
948 1952 1045 2001 καλ⁵
1091 1950 1198 2002 ἀπὸ
1249 1951 1443 2002 τούτου
1473 1952 1827 2019 ἀναφαίνεται

248 2041 334 2094 ὅτι
364 2040 489 2095 οὔτε
519 2042 577 2092 ὲν
604 2043 669 2110 τῇ
700 2039 911 2109 παλαιᾷ
938 2040 1209 2108 Μωσαῖκῇ
1245 2039 1415 2109 βίϐλῳ
1440 2040 1738 2110 Εὑρίσκετο
1770 2040 1831 2094 τὺ

250 2132 348 2187 τοῦ
379 2131 627 2201 Μωάμεθ
650 2132 835 2202 ’ὄνομα
874 2128 1003 2184 οὔτε
1036 2131 1096 2182 ὲν
1127 2130 1205 2201 τῷ
1240 2131 1569 2201 εὐαγγελίῳ.

321 2226 434 2280 Καὶ
467 2223 640 2278 ταῦτα
673 2224 771 2294 μὲν
796 2222 992 2287 οὕτως,
1026 2222 1114 2275 ἵνα
1163 2224 1258 2275 καὶ
1308 2224 1401 2276 τὸν
1438 2224 1618 2295 πάντη
1650 2226 1829 2293 ἀγνώ-

246 2338 393 2391 μονα
417 2318 721 2387 ἀγάγωμεν
756 2318 835 2379 είς
871 2316 970 2385 τὴν
993 2318 1092 2385 τῆς
1122 2314 1384 2384 ἀληθείας
1416 2318 1647 2384 γνῶσιν.

324 2408 391 2465 ε’.
430 2408 662 2476 Ἀσεϐὴς
682 2409 761 2469 είς
790 2406 953 2475 βάθος
978 2407 1167 2459 κακῶν
1193 2407 1827 2480 ἐμπεσὼνκαταφρονεῖ,

254 2504 420 2571 φησὶν
453 2503 481 2554 6
512 2500 823 2570 θαυμάσιος
871 2497 1124 2568 Σολομῶν
1144 2514 1159 2530 ·
1217 2499 1312 2551 καὶ
1356 2499 1440 2563 τίς
1470 2501 1829 2571 ἀσεϐέστερος

252 2594 349 2647 τοῦ
375 2592 660 2663 Μωάμεθ;
725 2593 879 2644 ποῖον
930 2590 989 2644 δὲ
1046 2589 1210 2659 βάθος
1258 2591 1470 2655 κακῶν,
1523 2592 1725 2660 μᾶλλον
1773 2592 1830 2645 δὲ

250 2686 471 2749 σκότος,
506 2686 587 2747 είς
616 2685 644 2737 6
672 2683 773 2737 οὐκ
823 2683 1085 2736 ἐνέπεσεν
1127 2684 1156 2735 6
1197 2681 1463 2752 δύστηνος
1512 2678 1705 2751 οῦτος;
1736 2686 1832 2739 καὶ⁸

254 2781 366 2849 γάρ
399 2780 535 2847 μετὰ
561 2777 671 2829 τῶν
703 2777 882 2831 ἄλλων
928 2774 1268 2845 πλασμάτων
1303 2778 1398 2829 καὶ
1422 2778 1664 2847 τεράτων
1702 2779 1832 2848 ψευ-

254 2872 364 2924 δῶν
392 2871 665 2924 ἐπλάσατο
695 2870 788 2922 καὶ
817 2867 915 2939 τὴν
970 2867 1254 2938 παροῦσαν
1296 2868 1538 2939 ἄθεσμον
1571 2871 1828 2943 θεωρίαν,

256 2962 488 3029 ἔχουσαν
536 2962 630 3012 ἐπὶ
675 2960 876 3024 λέξεως
929 2958 1125 3025 οὕτως,
1165 2960 1223 3012 ἑν
1255 2959 1333 3028 τῷ
1386 2961 1670 3033 κεφαλαίῳ
1722 2962 1830 3016 τῶν

255 3054 392 3106 υἱῶν
429 3072 444 3088 ο
488 3052 702 3122 Ἰσραήλ
757 3069 775 3102 ι
807 3048 965 3114 Αἶνος
994 3050 1073 3122 τῷ
1123 3053 1413 3123 ποιήσαντι
1463 3052 1690 3105 διελθεῖν
1739 3053 1830 3106 τὸν

246 3141 442 3196 δοῦλον
470 3142 634 3196 αὐτοῦ
667 3144 725 3193 ὲν
780 3144 879 3212 μιᾷ
935 3143 1094 3194 νυκτὶ
1127 3143 1234 3196 ἀπὸ
1261 3144 1357 3196 τοῦ
1412 3144 1705 3214 εὐκτηρίου
1733 3144 1828 3197 τοῦ

1940 664 2079 730 μετά
2120 664 2182 717 τὸ
2214 665 2385 734 ψᾶλαι
2435 667 2601 720 αὐτὸν
2644 666 2742 736 τὴν
2791 666 2941 737 ὤραν
2978 668 3167 732 αὑτοῦ,
3218 667 3369 724 εἶπεν
3398 678 3510 735 τοῖς

1934 752 2357 823 ἀνθρώποις,⁹Ω
2391 758 2549 825 ὑμεῖς
2589 758 2891 827 ἄνθρωποι,
2924 763 3324 831 κατανοήσατε.
3368 766 3511 828 Χθὲς

1938 846 2077 914 μετά
2104 847 2163 899 τὸ
2188 847 2476 917 διαστῆναί
2513 868 2579 919 με
2603 850 2777 918 ὑμῶν,
2802 848 2934 921 ἦλθε
2959 855 3092 923 πρός
3125 872 3192 924 με
3222 857 3249 908 6
3269 858 3510 928 Γαϐριὴλ.

1940 939 2080 1006 μετά
2124 940 2224 1009 τὴν
2258 942 2496 1010 ἐσχάτην
2537 943 2839 1014 ’ἑσπερινὴν
2872 945 3216 1016 ψαλμῳδίαν,
3265 951 3358 1002 καὶ
3389 948 3512 1004 εἶπέ

1939 1048 2052 1098 μοι,
2074 1025 2147 1084 Ὦ
2173 1032 2440 1101 Μωάμεθ,
2474 1034 2780 1088 ἐντέλλεται
2830 1054 2915 1090 σοι
2970 1041 2997 1091 6
3042 1040 3176 1103 Θεὸς
3207 1044 3512 1111 ἐπισκέψα-

1938 1121 2065 1172 σθαι
2094 1122 2279 1177 αὐτόν.
2313 1118 2385 1193 ᾯ
2417 1121 2590 1191 εἶπον,
2623 1126 2725 1181 Καὶ
2760 1127 2866 1181 ποῦ
2899 1130 3063 1182 αὐτὸν
3100 1134 3509 1205 ἐπισκέψομαις

1936 1212 2048 1264 Καὶ
2080 1209 2236 1266 εἶπεν
2266 1217 2295 1267 6
2332 1214 2596 1287 Γαϐριὴλ,
2619 1217 2711 1272 Ἐν
2744 1219 2821 1289 τῷ
2855 1220 3004 1290 τόπῳ
3028 1224 3164 1276 ὅπου
3218 1225 3359 1280 ἔστι.
3401 1230 3512 1281 Καὶ

1934 1302 2112 1371 ἠγαγὲ
2146 1321 2234 1373 μοι
2266 1306 2488 1375 κτῆνος,
2522 1309 2707 1375 μεῖζον
2737 1311 2835 1380 μὲν
2852 1312 3001 1375 ὄνου,
3026 1314 3244 1368 ἔλαττον
3273 1318 3328 1371 δὲ
3351 1318 3514 1389 ήμιό-

1936 1407 2050 1444 νουο
2089 1394 2185 1445 καὶ
2214 1395 2275 1447 τὸ
2310 1396 2479 1465 ὄνομα
2720 1402 2887 1455 αὑτοῦ
2934 1406 3196 1473 Μπεράκ.
3252 1410 3359 1463 Kal
3390 1409 3511 1467 εἷπὲ

1940 1487 2344 1554 μοι,Ἀνάϐαινε
2366 1494 2563 1562 τούτῳ,
2587 1497 2681 1549 καὶ
2702 1494 2891 1549 ἔλαυνε
2913 1499 3042 1551 αὐτὸ
3061 1502 3221 1570 μέχρι
3246 1503 3337 1556 τοῦ
3360 1508 3508 1559 οίκου

1935 1575 2029 1629 τοῦ
2066 1577 2247 1645 ἁγίου.
2287 1581 2397 1634 Καὶ
2426 1582 2502 1645 ὼς
2527 1584 2847 1653 ἐφρόντιζον
2880 1589 3217 1659 ἀναϐαίνειν,
3254 1596 3420 1663 ἔφυγε
3448 1602 3511 1650 τὸ

1936 1670 2132 1737 κτῆνος
2159 1710 2173 1724 .
2209 1672 2319 1725 Καὶ
2353 1672 2509 1727 εἶπεν
2537 1678 2708 1746 αὐτῷ,
2741 1679 2958 1734 Ἵστασο
2995 1684 3253 1751 ἀσφαλῶς
3284 1704 3300 1719 ο
3336 1690 3365 1740 6
3394 1692 3511 1743 Μα-

1934 1760 2141 1831 χούμετ
2171 1765 2280 1834 γάρ
2332 1768 2482 1819 ἐστιν
2536 1770 2563 1821 ὃ
2593 1787 2650 1822 σε
2687 1770 3013 1842 βουλόμενος
3059 1779 3351 1848 ἀναϐῆναι.
3399 1784 3511 1837 Καὶ

1941 1851 2217 1944 ἀπεκρίθη
2249 1857 2308 1909 τὸ
2358 1860 2579 1927 κτῆνος,
2616 1860 2701 1929 Μή
2739 1864 2879 1933 ὑπὲρ
2941 1869 3106 1920 αὐτοῦ
3157 1875 3507 1944 ἀπεστάληνς

1950 1942 2252 2015 Ἀπεκρίθη
2268 1948 2297 1999 6
2313 1949 2573 2019 Γαϐριὴλ,
2591 1950 2717 2005 Ναί.
2739 1954 2971 2009 Καὶεῖπε
2988 1958 3046 2010 τὸ
3065 1962 3362 2028 κτῆνος,υῦ
3378 1942 3511 2035 συγο

1933 2036 2170 2101 χωρήσω
2200 2037 2349 2106 αὑτῷ
2378 2040 2672 2109 ἀναϐῆναι,
2701 2046 2749 2098 εί
2780 2046 2855 2115 μὴ
2890 2051 3157 2120 πρότερον
3204 2053 3343 2122 ὑπὲρ
3372 2058 3509 2122 ἐμοῦ

1932 2123 2025 2217 τοῦ
2050 2124 2189 2178 Θεοῦ
2209 2128 2453 2201 δεηθείη,
2518 2134 2660 2201 Ἐγὼ
2691 2134 2747 2188 δὲ
2780 2138 3009 2208 ἐδεήθην
3053 2142 3147 2193 τοῦ
3182 2145 3320 2197 Θεοῦ
3370 2149 3511 2217 ὑπὲρ

1932 2214 2025 2268 τοῦ
2059 2220 2313 2289 κτήνους,
2366 2224 2575 2294 ἐπέϐην
2606 2245 2663 2279 τε
2712 2230 2799 2281 ἐπ’
2844 2232 2992 2286 αὑτό.
3038 2236 3148 2287 Καὶ
3185 2245 3509 2309 περιεπάτει

1931 2310 2345 2406 ἐπικαθημένου
2378 2333 2479 2384 μου
2513 2321 2714 2389 πορεία
2749 2322 2944 2394 λεπτῇ,
2970 2328 3295 2398 ἐπεστήριξέ
3326 2352 3384 2387 τε
3412 2339 3510 2406 τὴν

1932 2401 2105 2471 χηλὴν
2146 2402 2241 2456 τοῦ
2273 2406 2435 2470 ποδὸς
2487 2409 2543 2461 ὲν
2572 2409 2649 2480 τῷ
2684 2414 2925 2482 ὁρίζοντι
2964 2419 3063 2486 τῆς
3096 2421 3270 2489 ὅψεως
3315 2401 3505 2484 αὐτοῦ.

1934 2494 2043 2545 Καὶ
2072 2493 2245 2558 οὕτως
2294 2493 2461 2565 ἦλθον
2494 2503 2577 2564 είς
2609 2503 2700 2555 τὸν
2732 2501 2883 2559 οἷκον
2914 2508 3005 2562 τὸν
3054 2513 3230 2580 ἅγιον,
3265 2518 3509 2574 ἐλάττονι
3594 2528 3597 2531 ’

1934 2584 2272 2656 διαστήματι
2302 2589 2335 2660 ἢ
2366 2590 2489 2645 ὅσον
2521 2594 2671 2647 λίθου
2702 2596 2833 2666 βολὴ
2861 2601 3160 2673 τελεσθείη.
3187 2602 3294 2659 Ἦν
3323 2609 3379 2662 δὲ
3418 2614 3511 2664 καὶ

1932 2677 2238 2772 oraomni
2299 2684 2417 2750 μετ’
2454 2685 2609 2753 ἐμοῦ,
2638 2689 2733 2739 καὶ
2790 2691 2962 2757 ήγαγέ
2997 2711 3063 2760 με
3104 2701 3186 2758 εἰς
3208 2699 3509 2772 ἀπορρῶγα

1933 2770 2093 2862 εν-τῷ
2117 2772 2251 2862 οἴκῳ
2274 2772 2351 2842 τῷ
2375 2774 2518 2845 ἁγίῳ
2550 2779 2607 2829 ὲν
2637 2782 2702 2849 τῇ
2732 2780 2903 2850 ’ῐερου
2914 2784 3112 2854 σαλήμ.
3150 2789 3257 2841 Kal
3275 2770 3396 2844 είπέ
3418 2814 3507 2862 μοι

1930 2859 1961 2910 ὁ
1989 2859 2252 2931 Γαϐριὴλ,
2285 2862 2595 2933 Κατάϐηθι,
2629 2867 2710 2920 ὅτι
2768 2872 2875 2923 ἀπὸ
2913 2876 3007 2941 τῆς
3047 2876 3253 2945 πέτρας
3304 2859 3509 2951 ταύτης

1930 2951 2183 3024 ἀναϐήσῃ
2264 2957 2347 3017 είς
2423 2957 2516 3010 τὸν
2562 2959 2837 3029 οὐρανόν.
2897 2965 3007 3018 Καὶ
3069 2970 3353 3041 κατέϐην,
3414 2978 3511 3028 καὶ

1932 3043 2236 3141 δ-Γαϐριὴλ
2260 3048 2603 3118 ἠσφαλίσατο
2631 3054 2767 3119 μετά
2798 3056 2999 3110 κύκλου
3053 3062 3189 3132 πρὸς
3214 3066 3310 3135 τὴν
3341 3070 3514 3141 ἀπορ-

1935 3134 2086 3227 ρῶγα
2120 3138 2178 3190 τὸ
2211 3143 2407 3210 κτῆνος
2432 3143 2493 3195 τὸ
2516 3144 2775 3215 Μπερὰκ,
2802 3154 2897 3203 καὶ
2921 3151 3186 3208 ἐϐάστασέ
3214 3134 3279 3227 με
3317 3160 3372 3214 ὲν
3396 3134 3511 3226 τοὶς

258 3235 539 3303 Ἓλαράμ,
569 3237 597 3288 ὅ
622 3237 769 3287 ἐστιν
793 3232 938 3296 οἶκος
972 3236 1178 3297 Μεκκὲ,
1222 3235 1383 3303 μέχρι
1415 3234 1508 3288 τοῦ
1547 3236 1834 3307 ποῤῥωτά-
1859 3242 1900 3298 C
1934 3223 2107 3322 tiiii-9'4
2137 3231 2302 3283 αὑτοῦ
2341 3233 2505 3303 μέχρι
2557 3237 2650 3289 τοῦ
2700 3240 2956 3309 οὐρανοῦ.
2991 3245 3100 3311 Καὶ
3147 3223 3235 3301 ὅτε
3272 3223 3509 3322 ἤλθομεν

254 3342 350 3380 του
377 3325 691 3396 εὐκτηρίου,
723 3326 750 3377 ὃ
795 3328 944 3378 ἐστιν
971 3319 1121 3387 οἶκος
1153 3324 1309 3393 ἅγιος
1356 3325 1737 3396 Ἰερουσαλὴμ,
1765 3327 1831 3398 ἢν

255 3440 394 3505 Quis
421 3442 556 3493 adeo
588 3440 789 3493 stultus
816 3440 906 3501 sit,
931 3440 1021 3509 qui
1050 3439 1163 3493 fieri
1191 3440 1291 3493 hoc
1318 3454 1425 3493 non
1457 3441 1699 3507 potuisse
1721 3454 1828 3494 non

257 3530 568 3599 intelligat?
625 3530 813 3598 Itaque
870 3530 999 3584 hinc
1055 3545 1273 3600 quoque
1321 3531 1677 3585 manifestum
1724 3539 1828 3595 est,

259 3622 582 3675 Mohametis
604 3636 803 3674 nomen
826 3623 1085 3689 scriptum
1110 3638 1215 3676 non
1240 3622 1408 3677 fuisse
1435 3624 1487 3675 in
1508 3623 1826 3693 Evangelia.

257 3712 375 3767 Jam
422 3712 468 3766 si
495 3712 778 3767 lsmaelitae
800 3726 995 3767 nomen
1020 3712 1343 3767 Moliametis
1360 3714 1604 3768 dicerent
1635 3716 1686 3768 in
1712 3715 1831 3767 solo

260 3803 549 3874 Evangelio
573 3805 834 3872 scriptum
858 3804 1046 3867 fuisse,
1080 3805 1173 3858 sed
1200 3804 1433 3871 ejectum
1460 3818 1581 3859 esse
1605 3819 1633 3855 a
1672 3802 1831 3857 Chri-

258 3896 473 3958 stianis,
504 3896 773 3949 suiliceret
808 3911 895 3955 ea,
925 3910 1088 3964 quam
1125 3895 1487 3958 instituimus,
1510 3894 1829 3963 disputatio,

263 3996 321 4041 ut
346 3988 765 4057 intelligeretur,
789 3987 935 4053 quod
974 4000 1059 4038 res
1090 3986 1357 4048 est,ltaud
1384 4001 1509 4040 vere
1558 3988 1697 4040 istos
1747 3987 1829 4039 di-

256 4094 414 4142 cere;
450 4081 543 4133 sed
577 4078 845 4130 aiiirmant
876 4075 1065 4137 iidem,
1103 4090 1299 4129 nomen
1333 4076 1460 4129 illud
1494 4076 1544 4129 in
1563 4077 1830 4139 Genesin

258 4172 441 4243 Moyse
467 4173 796 4239 conscripta.
828 4170 1017 4225 fuisse.
1045 4166 1334 4234 Quomodo
1385 4168 1551 4237 igitur
1581 4182 1612 4223 ο
1645 4169 1831 4223 Testa-

260 4276 439 4319 mento
475 4263 664 4318 Vetere
695 4264 762 4315 ab
792 4261 1033 4316 Hebraeis
1067 4261 1301 4330 ejectum
1333 4269 1415 4314 est
1447 4259 1622 4313 ?Nam
1674 4276 1742 4314 ne
1767 4262 1832 4314 il-

260 4357 329 4409 lic
362 4356 576 4423 quidem
611 4354 897 4424 vestigium
932 4351 1115 4405 indicii
1162 4350 1484 4406 Mohametis
1533 4362 1827 4422 comparet,

261 4450 399 4503 Ecce
424 4460 623 4509 autem,
644 4446 989 4501 Christianos
1012 4444 1216 4498 invidia
1241 4453 1547 4499 commotos
1572 4444 1712 4499 illius
1734 4461 1831 4499 no-

261 4556 382 4593 men
419 4535 987 4606 ejecisseMusulmani
1024 4530 1212 4589 dicunt
1249 4553 1263 4590 :
1296 4550 1404 4604 qua
1449 4551 1508 4590 re
1566 4540 1825 4591 commoti

263 4628 514 4683 Hebrrei?
549 4627 648 4692 Qui
675 4627 896 4695 quidem
932 4625 1353 4679 circumcisione
1374 4634 1429 4678 et
1457 4626 1580 4681 aliis
1603 4628 1826 4695 quibus-

263 4723 383 4776 dam
420 4722 600 4783 rebus,
638 4720 782 4772 velut
815 4732 914 4769 usu
950 4716 1194 4769 ciborum
1245 4727 1296 4771 et
1349 4717 1619 4773 institutis
1683 4718 1825 4780 aliis.

262 4832 383 4869 cum
402 4812 758 4867 Musnlmanis
786 4809 1140 4862 concordant.
1159 4806 1457 4861 Enimvero
1478 4809 1627 4861 vides
1653 4807 1827 4862 mani-

264 4905 417 4961 festo.
440 4920 540 4956 nec
572 4902 623 4953 iu
653 4910 867 4952 vetusto
896 4899 1035 4951 libro
1061 4896 1289 4968 Moysis,
1317 4910 1415 4950 nec
1447 4896 1500 4951 in
1533 4895 1827 4968 Evangelio

265 5010 455 5048 nomen
493 4992 727 5045 Moltanu
750 4992 816 5045 tis
856 4990 1044 5044 luisse.

331 5085 509 5153 Atque
562 5084 675 5136 hare
716 5084 935 5150 quidem
993 5088 1278 5148 propterea
1320 5079 1732 5151 disputavimus,
1770 5092 1826 5138 ut

261 5178 421 5231 etiam
490 5176 647 5244 plane
692 5174 973 5242 imperitos
1028 5173 1092 5225 ad
1150 5188 1335 5226 verum
1386 5176 1822 5242 cognoscendum

172 5334 175 5335 ν
262 5270 696 5338 perduceremus.

326 5360 379 5414 5.
414 5359 690 5412 Scelestus
742 5358 794 5410 in
835 5365 1081 5411 extrema
1133 5355 1269 5409 mala
1330 5357 1602 5410 delabitur
1665 5375 1824 5427 aequo

262 5454 462 5516 animo,
509 5452 742 5504 eximius
796 5450 1022 5517 Solonio
1054 5449 1205 5503 dicit.
1250 5448 1384 5514 Quis
1422 5460 1601 5503 autem
1641 5451 1824 5503 Moha-

263 5554 399 5598 mete
445 5543 615 5611 magis
663 5539 972 5595 scelestus?
1021 5538 1228 5607 Elqure
1278 5540 1417 5592 mala
1479 5542 1592 5594 sive
1643 5541 1823 5610 potius

263 5638 524 5689 malorum
555 5634 805 5694 tenebrae.
829 5634 880 5684 in
902 5647 1040 5700 quas
1061 5647 1168 5683 nou
1200 5633 1457 5699 delapsus
1483 5632 1552 5685 sit
1588 5648 1820 5700 nequam

262 5729 393 5783 iste?
432 5743 555 5781 nam
598 5742 721 5779 cum
766 5724 992 5791 reliquis
1048 5725 1378 5777 commentis
1416 5730 1471 5778 et
1522 5724 1823 5777 mendaciis

264 5819 587 5889 portentosis
618 5818 779 5870 etiam
816 5831 1121 5885 perversam
1144 5816 1287 5868 hanc
1320 5816 1532 5869 itineris
1560 5816 1821 5879 fabulam,

271 5913 332 5967 ad
361 5912 584 5968 verbum
637 5913 978 5971 translatam,
1003 5908 1058 5962 in
1091 5910 1274 5972 capite
1314 5907 1552 5961 ﬁliorum
1600 5907 1819 5963 lsraeiis

1936 3320 2071 3389 πρὸς
2123 3322 2216 3375 τὸν
2258 3323 2512 3393 οὐρανὸν,
2560 3327 2791 3398 ἔκρουσε
2842 3334 2942 3402 τὴν
2974 3334 3145 3402 θύραν
3174 3341 3201 3391 6
3243 3320 3505 3412 Γαϐριὴλ,

1933 3441 2198 3494 narravit.
2238 3459 2261 3492 ‹
2305 3438 2454 3497 Laus
2494 3454 2616 3499 esto
2653 3446 2904 3512 Domino,
2943 3450 3035 3519 qui
3073 3470 3291 3509 servum
3346 3474 3507 3514 suum

1936 3541 2049 3580 una
2071 3538 2225 3583 nocte
2248 3545 2278 3583 a
2311 3533 2517 3585 sacello
2550 3533 2815 3601 Elarami,
2852 3556 2971 3609 quze
2998 3550 3081 3596 est
3115 3545 3259 3599 aedes
3290 3545 3506 3613 Meccze,

1933 3616 1997 3670 ad
2029 3617 2346 3682 longissime
2385 3622 2597 3678 distans
2635 3627 2897 3681 sacellum
2934 3630 3108 3694 duxit,
3142 3649 3263 3702 qua:
3312 3646 3498 3693 sancta

1932 3706 2074 3760 aedes
2109 3706 2615 3779 Hierosolymorum
2637 3724 2739 3769 est.
2771 3717 3106 3773 Moltametes
3124 3726 3359 3791 quodam
3392 3727 3502 3793 die,

1932 3806 2219 3865 postquam
2258 3801 2442 3866 psallit
2476 3803 2665 3853 horam
2690 3817 2870 3866 suam,
2901 3806 3154 3861 homines
3190 3809 3261 3862 ita
3292 3812 3503 3866 allocu-

1932 3898 2023 3943 tus
2064 3900 2147 3944 est
2189 3906 2207 3945 :
2240 3891 2457 3955 Audite,
2495 3892 2766 3946 homines.
2798 3894 2943 3957 llcri,
2976 3911 3098 3950 cum
3133 3914 3160 3953 a
3192 3903 3344 3955 VOiiiS
3390 3903 3504 3960 dis-

1936 3980 2256 4046 ces$issem,
2299 3982 2430 4034 adiit
2460 3997 2547 4035 me
2596 3983 2819 4038 Gabriel
2872 3999 2995 4055 post
3027 3997 3326 4045 extremam
3360 3999 3505 4062 psal-

1934 4071 2197 4131 modiam.
2223 4079 2276 4125 et
2303 4111 2319 4133 ,
2357 4071 2718 4135 Moltametes,
2765 4077 2959 4144 inquit,
2989 4079 3140 4147 jubet
3193 4090 3246 4137 te
3272 4085 3415 4140 Deus
3442 4104 3501 4142 se

1933 4163 2139 4217 videre.
2176 4162 2276 4216 Cui
2316 4165 2608 4231 respondi:
2648 4164 2877 4221 Ubinam
2917 4186 3040 4224 eum
3085 4173 3331 4229 videbo?
3362 4175 3498 4232 Tum

1933 4255 2186 4310 Gabriel:
2221 4255 2275 4309 In
2312 4256 2433 4309 loco
2466 4271 2551 4319 eo,
2585 4258 2635 4310 in
2671 4275 2781 4327 quo
2819 4270 2924 4324 est,
2960 4265 3235 4333 simulque
3263 4266 3494 4324 adduxit

1936 4348 2063 4400 mihi
2117 4346 2423 4417 iumentum
2490 4350 2664 4418 majus
2718 4352 2899 4414 asino,
2960 4355 3052 4408 sed
3099 4357 3281 4412 minus
3332 4363 3505 4427 mulo,

1933 4438 2089 4504 Cujus
2116 4453 2311 4491 nomen
2346 4439 2515 4493 Bel-ac
2543 4448 2681 4494 erat.
2720 4442 2920 4496 Deinde
2959 4444 3132 4500 dixit:
3169 4444 3497 4503 Conscende

1934 4529 2075 4583 hanc
2130 4530 2357 4583 bestiam
2389 4539 2443 4584 et
2496 4532 2699 4586 velterc‘
2730 4534 2795 4585 ad
2856 4543 3106 4588 sanctam
3165 4537 3359 4593 aedem.
3395 4540 3501 4595 Sed

1934 4621 2132 4680 bestia.
2166 4637 2289 4675 cum
2322 4635 2442 4675 eam
2491 4624 2859 4678 conscendere
2894 4627 3111 4691 vellem,
3166 4630 3401 4698 aufugit.
3432 4634 3504 4686 At

1932 4711 2021 4766 ille
2080 4713 2334 4765 clamavit
2392 4730 2405 4765 :
2469 4715 2728 4769 Consiste
2779 4732 2793 4768 :
2855 4714 3190 4772 Moliametes
3246 4721 3390 4773 enim
3450 4730 3504 4777 to

1930 4817 2339 4858 conscensurus
2380 4812 2484 4856 est.
2532 4802 2835 4871 Respondit
2893 4805 3062 4859 bestia
3115 4824 3127 4859 :
3170 4807 3397 4877 Propter
3439 4811 3503 4865 il-

1931 4897 2115 4950 lumne
2156 4897 2359 4951 missus
2401 4896 2564 4949 sum?
2593 4897 2670 4949 Ad
2703 4912 2823 4965 qua:
2857 4890 3119 4962 Gabriel,
3156 4897 3262 4962 Es,
3299 4901 3497 4972 inquit.

1931 4987 2144 5040 Rursus
2185 4986 2357 5038 bestia
2395 5003 2407 5037 :
2452 4985 2570 5039 Non
2627 4986 2933 5054 permittam
2966 4986 3012 5041 ei
3032 5002 3052 5049 ‘,
3116 4997 3174 5042 ut
3222 5006 3311 5045 me
3365 5007 3499 5047 con-

1930 5080 2195 5143 scendat,
2241 5082 2347 5134 nisi
2401 5081 2555 5150 prius
2616 5096 2715 5150 pro
2765 5096 2851 5135 me
2886 5079 3051 5134 Deum
3096 5093 3351 5152 precatus
3403 5086 3494 5141 sit.

1928 5173 2120 5240 Itaque
2166 5188 2264 5242 ego
2300 5172 2468 5226 Deum
2520 5182 2772 5238 precatus
2813 5187 2910 5238 pro
2958 5172 3155 5239 bestia,
3203 5177 3498 5231 conscendi

1928 5278 2074 5317 eam.
2130 5264 2445 5333 Asportavit
2504 5281 2587 5318 me
2652 5264 2794 5317 facili
2848 5265 3065 5331 itinere,
3124 5272 3178 5317 et
3238 5268 3495 5335 ungulam

1932 5356 2080 5423 pedis
2117 5356 2169 5408 in
2202 5357 2356 5421 orbe,
2416 5372 2525 5424 quo
2562 5354 2847 5409 finiebatur
2885 5357 3033 5410 visus
3078 5359 3218 5425 ejus,
3277 5359 3495 5427 ligebat.

1929 5446 2002 5501 ita
2034 5462 2132 5515 ego
2173 5448 2226 5503 in
2264 5455 2511 5501 sanetam
2543 5447 2711 5500 a‘dem
2757 5450 2979 5515 perveni
3026 5448 3260 5501 breviori
3296 5450 3495 5516 spatio.

1927 5554 2089 5606 quam
2154 5552 2262 5606 quo
2297 5537 2480 5605 jactus
2539 5537 2733 5604 lapidis
2766 5537 3071 5591 coniicitur.
3125 5537 3497 5589 Comitabatnr

1929 5644 2016 5683 me
2068 5629 2233 5682 etiam
2308 5626 2529 5682 Gabriel
2558 5637 2609 5681 et
2656 5628 2811 5680 duxit
2884 5644 2967 5680 me
3021 5627 3077 5679 in
3138 5626 3491 5693 praecipitium

1908 5708 2200 5792 quoddam
2266 5720 2318 5773 iu
2350 5720 2464 5773 :Pde
2505 5717 3035 5787 Hierosolymorum,
3074 5718 3359 5784 dixitque:
3393 5717 3493 5768 [lc-

1928 5816 2223 5875 seende,ut
2247 5826 2313 5864 ex
2346 5815 2449 5863 hoc
2466 5824 2597 5864 saxo
2630 5810 2971 5862 ascendasin
3008 5807 3231 5860 malum.
3261 5806 3493 5857 Descen-

1928 5907 1983 5963 di
2014 5905 2202 5974 igitur,
2239 5912 2403 5971 atque
2431 5901 2621 5971 ligavit
2653 5899 2874 5955 Gabriel
2909 5898 3112 5952 annulo
3167 5898 3222 5953 in
3251 5897 3490 5966 praecipi-
