4022 6294
583 403 689 466 943
1792 393 2137 458 'GEORGH

2244 393 2610 453 ΗΠΑΝΤΖᾹΞ
3767 388 3873 452 944

587 513 797 584 ἐρρήθη
817 528 875 563 τε
895 510 1030 578 πρὸς
1053 483 1237 574 αὑτὸν,
1260 507 1354 570 Τίς
1379 501 1427 559 εἷ
1448 524 1461 571 ;
1481 504 1780 574 Ἀπεκρίθη
1805 503 2029 572 δὲ,Ἐγώ
2050 506 2166 572 εἰμι
2193 503 2244 563 Α
2272 502 2381 554 Kal
2415 505 2481 571 τῇ
2518 502 2702 572 πρώτῃ
2721 501 2963 570 ἑπανίδῳ
2997 499 3190 553 ἔλαϐον
3227 503 3420 555 ἄνεσιν
3449 500 3564 553 ἀπὸ
3592 499 3700 552 τοῦ
3732 499 3866 551 δέκα

587 611 615 659 6
642 604 908 674 Γαϐριὴλ.
969 601 1211 673 Ἐρῤήθη
1240 618 1298 652 τε
1323 599 1489 654 πάλιν
1529 598 1699 668 αὐτῷ,
1736 597 1834 660 Τίς
1871 599 1982 649 ἐστι
2019 597 2158 666 μετὰ
2267 594 2425 663 μέχρι
2478 593 2570 646 καὶ
2627 592 2789 662 362
2842 596 2939 661 τῆς
2988 593 3261 661 τετάρτης
3312 591 3602 644 ἑπανόδου’
3638 593 3744 644 καὶ
3800 596 3864 661 τῇ

589 699 683 752 σοῦ
711 696 1145 766 ;Ἀπεκρίθη,’0
1165 695 1480 764 Μαχούμετ.
1518 691 1644 754 Eine
1663 691 2046 762 δὲὸθυρωρὸς,
2071 690 2159 759 Μὴ
2264 685 2491 754 πέμπτῃ
2527 684 2772 751 ἑπανόδῳ
2807 683 3063 735 τοσοῦτον
3087 679 3253 753 ἦλθεν
3289 685 3372 747 είς
3393 685 3456 736 τὸ
3484 683 3733 735 ἑλαττον
3760 685 3863 735 alia

586 790 729 860 ὑπὲρ
759 789 951 842 τούτου
983 784 1102 857 ἧνή
1133 787 1445 856 ἀποστολή;
1481 771 1591 838 Kal
1632 781 1784 838 εἶπεν
1832 786 1858 836 6
1890 781 2153 852 Γαϐριὴλ,
2258 776 2438 846 εὐχῶν
2487 776 2562 838 ὡς
2613 775 2802 842 ὀλίγας
2860 778 3247 844 ἑναπομεῖναι.
3304 772 3580 839 Εἰπόντος
3653 775 3719 828 δὲ
3771 776 3862 828 τοῦ

584 881 711 935 Ναί.
735 881 896 952 361
942 882 1055 933 Kal
1087 878 1295 950 ἤνοιξεν
1325 881 1459 948 ἡμῖν
1495 878 1603 948 ’τὴν
1661 877 1858 944 πύλην,
1893 875 1988 927 καὶ
2020 868 2158 925 εἶδον
2259 869 2539 930 Μωῦσέως
2576 869 2710 939 μηδὲ
2744 868 3001 922 τοσοῦτον
3049 870 3383 939 δυνήσεσθαι
3415 869 3510 922 τὸν
3546 867 3716 933 λαὸν,
3752 869 3855 935 ἐγὼ

584 970 736 1033 ἔθνος
768 971 1034 1036 ἀγγέλων,
1061 973 1156 1021 xal
1209 969 1291 1030 δἰς
1322 967 1548 1036 κάμψας
1581 966 1720 1034 ὑπὲρ
1760 965 1940 1019 αὐτῶν
1971 966 2038 1016 τὰ
2068 962 2156 1029 γό-
2259 961 2566 1030 αἰσχυνθεὶς
2595 961 2672 1024 ὠς
2697 961 3026 1024 τοσαυτάκις
3058 963 3265 1024 ἀναϐὰς
3287 962 3388 1015 οὐκ
3419 961 3634 1031 ἀνέϐην
3667 959 3852 1014 πλέον.

585 1079 726 1115 νατα
751 1061 966 1130 ἑξέχεον
998 1062 1334 1130 προσευχήν.
1382 1060 1492 1113 Kal
1523 1060 1660 1128 μετά
1689 1057 1868 1111 ταῦτα
1891 1056 2051 1109 ἔλαϐέ
2089 1073 2156 1125 με
2259 1055 2374 1107 ἀλλ’
2405 1053 2575 1107 ἐλθὼν
2604 1056 2683 1117 είς
2716 1054 2775 1106 τὸ
2805 1053 3044 1122 Μπερὰκ
3076 1053 3304 1124 ἤλαυνον
3340 1053 3594 1107 ἐπανιὼν
3649 1055 3743 1114 εἰς
3769 1053 3852 1104 τὸν

585 1155 614 1207 6
642 1153 882 1224 Γαϐριὴλ
910 1153 1006 1204 καὶ
1033 1153 1210 1223 ἤγαγέ
1239 1168 1308 1220 με
1337 1150 1472 1220 πρὸς
1501 1152 1589 1202 τὸν
1611 1149 1863 1218 δεύτερον
1901 1149 2151 1217 οὐρανὸνο
2259 1143 2408 1199 οἶκον
2437 1145 2528 1198 τοῦ
2561 1145 2767 1200 Μεκκέ.
2797 1145 3015 1198 Τούτων
3047 1145 3102 1196 δὲ
3125 1145 3346 1200 πάντων
3379 1147 3578 1214 χρόνος
3607 1146 3854 1198 ἐλάττων

583 1238 654 1314 ἦν
687 1244 744 1296 δὲ
785 1244 847 1295 τὸ
879 1243 1153 1311 διάστημα
1209 1240 1316 1294 τῶν
1364 1241 1458 1294 δύο
1507 1241 1690 1310 μέσων
1737 1241 1981 1311 οὐρανῶν
2037 1239 2156 1301 ὁδὸς
2258 1239 2290 1308 ἣ
2329 1238 2388 1290 τὸ
2419 1239 2644 1290 δέκατον
2680 1237 2841 1306 μέρος
2874 1235 2973 1302 τῆς
3015 1236 3230 1298 νυκτός.
3274 1237 3382 1288 Kal
3423 1236 3849 1306 διηγησαμένου

2259 1332 2398 1402 πρὸς
2433 1331 2524 1384 τὸν
2566 1330 2694 1384 λαὸν
2741 1329 2837 1382 τοῦ
2872 1329 3118 1397 Μωάμεθ
3149 1329 3246 1398 τὴν
3294 1329 3535 1398 θεωρίαν
3581 1327 3809 1398 ταύτην
3837 1370 3852 1390 ,

2258 1424 2576 1492 ἀπέστησαν
2607 1422 2715 1474 ἀπὸ
2740 1419 2832 1473 τοῦ
2861 1420 3029 1486 νόμου
3065 1419 3228 1472 αὑτοῦ
3255 1421 3498 1488 χιλιάδες
3530 1421 3637 1472 ἀνθ
3651 1422 3850 1486 ρώπων

2257 1515 2468 1580 πολλαὶ,
2490 1513 2743 1577 λέξαντες
2786 1512 2960 1581 αὐτῷ,
3003 1510 3268 1578 Ἀνάϐηθι
3314 1515 3378 1581 τῇ
3411 1513 3603 1581 ἡμέρᾳ
3647 1514 3736 1573 εἰς
3766 1512 3849 1563 τὶν

2255 1607 2484 1677 οὐρανὸν
2514 1607 2764 1677 ὁρώντων
2792 1605 2964 1674 ἡμῶν.
2996 1605 3070 1666 ὡς
3097 1603 3162 1657 ἂν
3190 1605 3390 1672 ἴδοιμεν
3418 1605 3549 1666 τοὺς
3576 1604 3848 1675 συναντή·

2255 1701 2458 1762 σαντάς
2485 1717 2564 1752 σοι
2589 1688 2880 1765 ἀγγέλους·
2913 1696 3012 1747 οὐκ
3041 1696 3288 1764 ἐπέγνως
3306 1695 3366 1748 τὸ
3388 1695 3590 1748 ἑαυτοῦ
3622 1697 3846 1764 ψεῦδος.

586 1333 968 1389 πεντακοσίων
1020 1333 1178 1386 ἑτῶν.
1214 1333 1323 1385 Kal
1363 1331 1551 1400 ὥσπερ
1606 1331 1821 1399 πρῶτον
1854 1330 2016 1399 ἔκοψε
2059 1331 2156 1400 τὴν

585 1428 758 1499 θύραν
787 1429 883 1478 καὶ
916 1425 1206 1495 ἀπόκρισις
1231 1425 1456 1493 γέγονεν
1485 1425 1656 1495 αὐτῷ.
1705 1425 1895 1489 Οὕτως
1937 1427 2030 1478 καὶ
2058 1426 2154 1494 μέ-

581 1537 703 1591 χρις
738 1518 967 1586 ἑϐδόμου
998 1517 1228 1588 ούρανοῦ
1260 1519 1402 1571 κατά
1431 1517 1610 1570 πάντα
1663 1517 1884 1584 γέγονεν
1923 1517 2150 1584 ὁμοίως,

581 1617 639 1664 ὲν
745 1610 954 1678 ἑϐδόμῳ
981 1609 1200 1679 οὐρανῷ
1227 1609 1523 1679 διαγράφει
1559 1610 1685 1663 ἰδεῖν
1719 1610 1847 1662 λαὸν
1877 1610 2149 1678 ἀγγέλων,

3935 1181 3967 1640 l

579 1703 643 1755 τὸ
677 1701 854 1772 μῆκος
887 1701 1004 1762 ἑνὸς
1057 1701 1291 1753 ἑκάστου
1330 1701 1877 1770 πολλαχιλιοπλάσιον
1903 1701 1994 1754 τοῦ
2057 1705 2151 1755 κό-

583 1810 748 1862 σμου,
783 1791 874 1860 ἀφ’
901 1787 975 1845 ὧν
1007 1809 1086 1852 τις
1103 1789 1247 1860 εῖχεν
1277 1793 1610 1855 ἑπτακοσίας
1631 1793 1876 1863 χιλιάδας
1904 1793 2148 1860 κεφαλὰς
2191 1789 2366 1887 ΒΚαὶ
2395 1788 2589 1844 εἶπενό
2612 1789 2883 1858 Μωάμεθ,
2909 1810 2924 1840 ι
2947 1787 3166 1850 Αἶνεσις
3190 1788 3266 1856 τῷ
3293 1788 3412 1855 Θεῷ
3436 1805 3568 1856 μου,
3603 1788 3690 1856 μὴ
3723 1789 3816 1842 ἀλλ

535 1867 554 1875 μ
581 1885 675 1936 καὶ
700 1884 754 1935 ὲν
782 1882 987 1952 ἑκάστῃ
1011 1883 1219 1952 κεφαλῇ
1245 1885 1575 1946 ἑπτακοσίας
1605 1885 1864 1954 μυριάδας
1896 1886 2138 1952 στόματα

581 1973 673 2024 καὶ
702 1973 758 2023 ἐν
790 1971 1004 2042 ἑκάστῳ
1043 1971 1274 2042 στόματι
1313 1974 1648 2036 ἑπτακοσίας
1695 1975 1934 2043 χιλιάδις
1968 1975 2148 2042 γλώσ-

583 2080 708 2128 σας,
742 2063 1000 2124 αίνούσας
1035 2064 1124 2116 τὸν
1155 2063 1288 2116 Θεὸν
1329 2065 1686 2128 ἑπτακοσίαις
1707 2068 1964 2136 μυριάσιν
2011 2067 2152 2121 ἰδιώ-

583 2172 736 2224 μασι.
768 2155 877 2208 Kal
897 2156 1265 2225 προσέϐλεψεν
1284 2157 1380 2209 ἕνα
1402 2159 1510 2210 τῶν
1542 2159 1790 2227 ἀγγέλων
1824 2159 2146 2231 θρηνοῦντα,

579 2247 672 2300 καὶ
700 2245 925 2316 ἑζήτησε
952 2248 1049 2315 τὴν
1080 2247 1261 2300 αἰτίαν
1290 2247 1384 2300 τοῦ
1424 2248 1625 2317 θρήνου
1665 2249 1852 2312 αὐτοῦ,
1895 2252 1988 2303 καὶ
2013 2253 2148 2302 ἀπε·

581 2337 744 2406 κρίθη
770 2337 1049 2406 ἁμαρτίαν
1076 2335 1237 2390 εἶναι·
1272 2339 1437 2403 αὐτὸς
1461 2340 1515 2391 δὲ
1545 2340 1741 2410 ἐδεήθη
1789 2343 1928 2411 ὑπὲρ
1959 2343 2144 2395 αὐτοῦ.

587 2447 605 2478 ι
641 2425 797 2480 Οὕτω
827 2445 906 2492 τε,
942 2428 1127 2498 φησιν,
1172 2429 1199 2478 ό
1247 2428 1480 2498 Γαϐριὴλ
1523 2430 1788 2499 παρέθετό
1837 2448 1901 2500 με
1933 2432 2148 2502 ἀγγέλῳ

581 2519 750 2590 ἑτέρῳ
779 2522 869 2572 καὶ
913 2519 1069 2583 ἄλλος
1103 2520 1270 2590 ἄλλῳ,
1327 2522 1421 2574 καὶ
1468 2521 1638 2586 οὕτως
1673 2523 1897 2592 ἐφεξῆς,
1957 2525 2149 2593 μέχρις

581 2612 742 2680 ἔστην
774 2611 1000 2664 ἐνώπιον
1053 2611 1148 2665 τοῦ
1199 2612 1334 2665 Θεοῦ
1365 2614 1457 2666 καὶ
1508 2614 1600 2666 τοῦ
1657 2615 1903 2685 βήματος
1955 2616 2142 2670 αὐτοῦ.

581 2703 688 2754 Kal
711 2701 882 2772 ἣψατό
918 2719 1022 2770 μου
1053 2702 1080 2754 ό
1119 2702 1254 2764 Θεὸς
1285 2705 1350 2772 τῇ
1385 2707 1529 2773 χειρὶ
1559 2704 1724 2758 αὑτοῦ
1767 2706 1824 2756 ἑν
1863 2705 2009 2774 μέσῳ
2037 2704 2144 2757 τῶν

543 2796 547 2800 ”
579 2793 767 2864 ὤμων.
800 2795 904 2857 ἕως
929 2794 987 2847 οὗ
1033 2797 1064 2864 ἡ
1099 2795 1380 2866 ψυχρότης
1408 2798 1506 2865 τῆς
1544 2797 1728 2867 χειρὸς
1763 2796 1929 2849 αὑτοῦ
1963 2796 2143 2867 διῆλθε

581 2886 746 2954 μέχρι
769 2885 864 2938 τοῦ
899 2885 1100 2954 μυελοῦ
1147 2887 1248 2955 τῆς
1287 2886 1497 2956 ρἀεὼς
1556 2906 1680 2956 μου.
1733 2889 1841 2940 Kal
1898 2885 2018 2940 εἶπέ
2053 2905 2143 2958 μοι

577 2980 605 3030 6
630 2975 1064 3043 Θεὸς,“Επέθηκα
1097 2978 1177 3029 σοὶ
1209 2978 1302 3030 καὶ
1333 2977 1410 3046 τῷ
1444 2978 1555 3046 λαῷ
1590 2995 1684 3030 σου
1714 2978 1934 3047 εὐηχάς.»
1959 2980 2143 3032 Κατα-

577 3067 734 3120 δάντι
767 3065 822 3118 δέ
864 3083 953 3134 μοι
986 3072 1120 3135 πρὸς
1165 3066 1254 3118 τὸν
1295 3066 1556 3135 τέταρτον
1602 3068 1826 3137 οὐρανὸν
1881 3068 2133 3120 συνεϐού-

2257 1886 2311 1938 τί
2342 1885 2459 1954 είμι
2485 1883 2593 1952 ἐγὼ
2617 1884 2649 1945 ἣ
2672 1877 2752 1944 εἷς
2776 1883 2886 1934 τῶν
2909 1882 3212 1950 ἀνθρώπιον
3256 1881 3350 1934 καὶ
3402 1883 3742 1943 ἀπόστολος.
3779 1887 3834 1935 ΟΞ

2245 1975 2356 2044 πρὸ
2387 1975 2538 2043 ὑμῶν
2560 1975 2660 2026 οὐκ
2688 1972 2970 2026 ἐπίστευον
2993 1973 3288 2040 θαύμασιν,
3313 1972 3434 2024 οὐδὲ
3459 1973 3626 2039 ὑμεῖς
3655 1974 3835 2035 αὐτοῖς

2255 2067 2561 2130 πιστεύετε,
2591 2066 2714 2119 οὔτε
2745 2066 3034 2119 πιστεύετε
3055 2065 3231 2127 ἄλλως
3260 2066 3309 2118 εί
3344 2064 3417 2133 μὴ
3446 2065 3535 2117 διὰ
3562 2065 3777 2132 ξίφους.
3812 2085 3828 2115 ι

2327 2158 2436 2210 Kal
2465 2159 2517 2209 τί
2546 2157 2592 2209 δ’
2626 2156 2690 2209 ἄν
2711 2174 2796 2218 τις
2825 2157 2971 2210 εἴποι
3011 2158 3138 2224 περὶ
3167 2156 3267 2223 τῆς
3306 2155 3569 2224 τοιαύτης
3604 2156 3834 2223 ψευδοῦς

2257 2251 2349 2302 καὶ
2375 2249 2701 2317 ἀδοξοτάτης
2727 2248 2995 2319 θεωρίας;
3035 2247 3091 2314 ἑξ
3120 2247 3285 2301 αὑτοῦ
3311 2247 3418 2315 γὰρ
3451 2249 3550 2301 τοῦ
3583 2249 3832 2316 Βίωάμεθ

2256 2344 2366 2412 ἔχει
2394 2343 2486 2394 τὸν
2511 2342 2752 2410 ἔλεγχον
2792 2341 2956 2404 αὐτὸς
2982 2341 3091 2409 γάρ
3123 2343 3270 2393 ἐστιν
3301 2343 3328 2392 ὁ
3357 2341 3555 2406 εἰπὼν,
3585 2342 3681 2394 ὅτε
3711 2343 3835 2394 ἑκνο

2255 2436 2399 2489 λίετο
2431 2435 2676 2505 ἀφρίζων
2706 2435 2809 2488 ὑπὸ
2841 2435 2932 2487 τοῦ
2964 2435 3193 2496 πάθους,
3219 2435 3301 2486 ὅτι
3329 2432 3421 2485 τοῦ
3457 2434 3712 2502 Γαϐριὴλ
3745 2437 3834 2503 ἑρ-

2257 2529 2489 2599 χομένου
2520 2527 2652 2596 πρδς
2681 2525 2842 2580 αὐτὸν
2871 2527 3292 2595 ἀπεσταλμένου
3324 2525 3469 2596 παρά
3501 2525 3644 2579 Θεοῦ
3673 2527 3833 2590 δῆθεν

2244 2621 2353 2674 οὐκ
2382 2619 2614 2688 ἠδύνατο
2635 2620 2826 2689 φέρειν
2842 2618 2942 2689 τὴν
2967 2619 3061 2672 τοῦ
3092 2619 3324 2686 ἀγγέλου
3342 2619 3531 2689 ὅρασιν
3557 2613 3830 2690 {toﬁ-ros],

2259 2713 2352 2766 καὶ
2377 2713 2465 2766 διὰ
2509 2712 2665 2766 τοῦτο
2715 2711 2939 2765 πίπτειν
2988 2713 3120 2764 ὡσεὶ
3145 2712 3362 2780 νεκρὸν,
3417 2711 3546 2773 τοὺς
3577 2711 3634 2762 δὲ
3680 2713 3831 2779 παρά

2253 2805 2345 2858 τοῦ
2397 2804 2629 2873 ἀγγέλου
2674 2803 2868 2870 λόγους
2925 2801 3144 2855 ἀκούειν
3192 2801 3382 2870 ὥσπερ
3429 2800 3552 2852 τινὰ
3600 2801 3829 2854 κώδωνα

2448 2893 2678 2964 χαλκοῦν
2711 2893 2964 2963 ἠχοῦντα.
3013 2892 3071 2946 Ὀ
3117 2895 3296 2946 τοίνυν
3342 2895 3416 2962 μὴ
3447 2892 3706 2959 δυνηθεὶς
3736 2895 3830 2961 ςέ-

2249 3007 2360 3060 ρειν
2395 2987 2512 3050 ἑνὸς
2547 2984 2781 3054 ἀγγέλου
2814 2985 3084 3038 ὀπτασίαν
3119 2984 3232 3047 πῶς
3261 2984 3533 3037 τοσούτων
3578 2985 3825 3053 ἀγγέλων

2254 3081 2426 3147 αὐγὴν
2449 3080 2685 3150 ἠδυνήθη
2713 3062 3034 3145 θεάσασθαι,
3093 3079 3565 3150 περιεργάσασθαί
3615 3095 3676 3130 τε
3733 3079 3822 3130 καὶ

577 3156 769 3208 λευσεν
801 3157 827 3206 ὁ
871 3157 1110 3225 Μωῦσῆς
1140 3156 1452 3210 ἐπανελθεῖν
1502 3176 1569 3227 με
1600 3159 1737 3228 πρὸς
1772 3160 1831 3212 τὸ
1883 3161 2140 3229 κουφίσαι
2171 3165 2214 3224 C
2249 3175 2520 3243 μετρῆσαι
2549 3172 2646 3233 τὰς
2673 3171 2943 3232 τοσαύτας
2996 3171 3239 3238 κεφαλὰς
3286 3170 3394 3223 τῶν
3424 3170 3678 3238 ἀγγέλων
3724 3171 3821 3230 τὰς

576 3249 669 3301 τὸν
699 3247 847 3312 λαὸν,
877 3251 951 3318 μὴ
977 3249 1106 3302 ὄντα
1135 3249 1357 3302 δυνατὸν
1405 3249 1653 3319 ἐξαρκεῖν
1693 3250 1925 3321 τοσαύτη
1982 3251 2138 3320 εὐχῇ.

589 3361 666 3415 tio
705 3358 878 3414 Berac
919 3360 1169 3423 bestiam,
1198 3361 1362 3430 inque
1414 3362 1588 3431 ipsius
1645 3371 1794 3432 tergo
1839 3362 2036 3417 deinde
2086 3363 2140 3416 in

577 3452 778 3506 caelum
815 3453 1054 3521 perlatus
1094 3467 1237 3507 sum.
1275 3453 1408 3507 Cum
1439 3454 1503 3508 ad
1531 3453 1726 3508 caelum
1771 3453 2137 3519 venissemus,

579 3551 736 3611 porta
783 3557 810 3596 a
864 3541 1123 3598 Gabriele
1174 3558 1453 3611 percussa,
1505 3553 1748 3613 rogatum
1800 3554 1876 3597 est
1937 3561 1950 3597 :
2007 3543 2139 3608 Quis

575 3634 763 3690 adest?
791 3632 1092 3702 Respondit
1144 3634 1234 3688 ille
1271 3652 1284 3687 :
1319 3633 1428 3703 Ego
1478 3635 1670 3690 adsum
1723 3634 1958 3690 Gabriel.
1993 3634 2138 3689 Rur-

577 3739 673 3779 sus
717 3733 965 3792 rOgatum
1014 3731 1099 3778 est
1143 3741 1156 3775 :
1199 3722 1333 3788 Quis
1380 3735 1558 3778 tecum
1595 3725 1722 3780 est?
1772 3723 1866 3780 llle
1903 3764 1918 3791 ,
1949 3724 2140 3779 Moha-

576 3824 786 3879 metes,
835 3815 1136 3884 respondit.
1197 3815 1332 3869 Tum
1376 3816 1580 3885 janitor
1619 3835 1632 3870 :
1687 3814 1878 3871 Nonne
1915 3817 1984 3871 ob
2014 3832 2136 3871 eum

575 3906 679 3957 iter
715 3905 860 3958 istud
897 3914 1210 3975 susceptum
1258 3906 1384 3960 est?
1414 3906 1522 3972 Est,
1558 3907 1775 3962 Gabriel
1812 3907 1970 3962 dixit.
2023 3907 2137 3962 Illi-

573 4009 640 4048 co
709 4005 892 4063 aperta
950 4006 1033 4050 est
1093 3997 1261 4064 janua
1318 4012 1382 4050 ac
1441 3997 1550 4051 vidi
1615 3999 1931 4067 angelorum
1996 3999 2140 4053 mul-

573 4085 884 4151 titudinem,
940 4101 1123 4141 coram
1173 4087 1392 4157 quibus,
1431 4089 1511 4143 his
1543 4087 1696 4144 ﬂexus
1725 4089 1973 4158 genibus,
2010 4107 2138 4160 pre-

573 4188 666 4228 ces
717 4172 851 4230 fudi.
908 4176 1037 4228 Post
1096 4178 1208 4232 haec
1264 4179 1676 4245 comprehendit
1710 4193 1797 4232 me
1829 4178 2045 4234 Gabriel
2084 4190 2139 4235 et

573 4266 801 4321 deduxit
847 4282 932 4320 me
994 4269 1046 4320 in
1112 4269 1414 4322 secundum
1475 4269 1698 4323 cwlum.
1751 4269 1919 4324 Erant
1955 4279 2136 4326 autem

572 4358 680 4412 duo
713 4358 830 4412 haec
854 4358 989 4413 ccela
1027 4358 1445 4427 quingentorum
1493 4377 1758 4415 annorum
1793 4362 1982 4418 itinere
2024 4364 2137 4418 dis-

572 4452 699 4506 sita.
754 4449 910 4506 Sicut
965 4451 1114 4519 prius
1155 4453 1322 4520 janua
1377 4469 1633 4522 percussa
1693 4464 1746 4509 et
1809 4470 2133 4525 responsum

2241 3265 2391 3327 ἐντός
2441 3283 2498 3317 τε
2533 3264 2640 3318 τῶν
2691 3264 2976 3343 στομάτων
3027 3264 3210 3318 αὐτῶν
3257 3262 3533 3331 γλώσσας,
3581 3263 3721 3315 ἀλλά
3754 3263 3818 3330 δὴ

2245 3377 2441 3443 travit;
2481 3378 2726 3447 dixitque
2770 3377 2956 3432 Deus:
2994 3378 3229 3448 Imposui
3265 3377 3364 3432 tibi
3397 3387 3450 3432 et
3477 3376 3682 3446 populo
3719 3385 3812 3431 tuo

2241 3486 2455 3538 preces.
2533 3469 2892 3525 Descendenti
2954 3470 3088 3524 mihi
3170 3470 3236 3522 ad
3294 3478 3553 3538 quartum
3609 3471 3812 3525 caelum

2243 3563 2412 3616 suasit
2441 3561 2674 3631 Moyses,
2729 3572 2788 3616 ut
2817 3563 3048 3616 redirem
3082 3563 3147 3615 ad
3186 3563 3474 3616 levandum
3525 3564 3807 3630 p0pulum,

2242 3654 2441 3721 quippe
2497 3652 2757 3707 faciendis
2813 3653 2930 3707 istis
2979 3653 3234 3721 precibus
3295 3653 3587 3722 imparem.
3631 3654 3809 3722 Atque

2242 3746 2450 3799 obtinui
2504 3759 2531 3797 a
2565 3745 2742 3814 primo
2800 3744 2978 3799 reditu
3036 3745 3419 3800 remissionem
3452 3744 3519 3799 ad
3547 3754 3804 3814 quartum

2239 3847 2448 3901 usque;
2521 3841 2574 3886 et
2625 3832 2816 3901 quinto
2882 3834 3056 3887 reditu
3118 3834 3253 3888 adeo
3305 3834 3630 3888 imminutus
3688 3843 3807 3889 erat

2239 3936 2458 3990 precum
2510 3937 2791 3988 numerus,
2829 3932 2886 3976 ut
2918 3938 3103 3992 paucae
3135 3935 3505 3994 superessent.
3542 3925 3677 3980 Cum
3711 3941 3810 3978 au—

2238 4021 2344 4066 tem
2401 4009 2613 4083 Moyses
2670 4013 2895 4079 diceret,
2963 4031 3030 4070 ne
3060 4026 3139 4070 tot
3166 4017 3387 4085 quidem
3441 4019 3694 4086 precibus
3723 4019 3797 4072 l'a-

2239 4103 2450 4159 ciendis
2496 4117 2680 4172 parem
2721 4104 2864 4172 lore
2890 4110 3176 4175 populum,
3230 4110 3438 4177 pudore
3473 4118 3804 4176 commotus,

2239 4193 2384 4262 quod
2417 4194 2576 4249 toties
2599 4195 2711 4264 jam
2741 4197 3029 4263 redissem,
3083 4214 3190 4252 non
3235 4200 3370 4253 redii
3409 4200 3671 4268 amplius;
3699 4203 3799 4256 sed

2238 4282 2305 4336 ad
2336 4280 2502 4338 Berac
2525 4298 2775 4340 reversus
2797 4295 2850 4340 et
2877 4287 2930 4340 in
2961 4287 3132 4342 aedem
3165 4287 3357 4344 Meeca:
3382 4299 3627 4346 revectus
3651 4306 3796 4347 sum.

2237 4373 2334 4429 His
2362 4375 2617 4430 omnibus
2668 4379 2900 4445 negotiis
2930 4379 3019 4432 vix
3065 4381 3274 4434 decima
3311 4396 3438 4451 pars
3467 4384 3644 4439 noctis
3669 4399 3795 4438 con-

2240 4475 2454 4533 sumpta
2487 4476 2588 4520 est.
2625 4465 2779 4533 Quod
2812 4468 2917 4523 iter
2948 4485 3070 4524 cum
3103 4472 3303 4540 populo
3333 4489 3434 4527 suo
3467 4473 3794 4530 Mohametes

571 4543 759 4597 dmum
825 4550 926 4598 εει·
973 4561 990 4592 ³
1058 4542 1136 4595 “3
1192 4543 1258 4598 ad
1331 4546 1620 4612 septimum
1682 4546 1879 4599 εωιυηί
1942 4546 2132 4600 Eiidem
2164 4559 2510 4621 Dnarraret,
2567 4557 2883 4613 deiecerunt
2927 4560 3104 4630 alege
3148 4561 3265 4629 ejus
3318 4565 3486 4618 multa
3521 4565 3789 4619 hominum

573 4637 752 4693 ubivis
813 4637 976 4691 modo
1013 4636 1214 4691 factum
1276 4647 1398 4703 est,
1457 4638 1511 4692 in
1548 4653 1657 4708 quo
1721 4640 1940 4708 quidem
1996 4641 2133 4696 coelo

572 4730 772 4785 vidisse
823 4746 881 4786 se
924 4729 1115 4784 scribit
1153 4731 1374 4799 angelos
1406 4731 1741 4797 longitudine
1773 4732 1977 4802 pluries
2011 4733 2134 4786 mil-

573 4822 669 4872 lies
713 4819 1108 4886 longitudinem
1173 4823 1362 4873 mundi
1424 4831 1722 4889 aequantes,
1777 4823 1868 4890 qui
1927 4824 2132 4889 septin-

571 4907 776 4976 genties
831 4910 1047 4963 miliens
1094 4911 1300 4978 capita,
1355 4911 1408 4963 in
1471 4911 1667 4978 quovis
1724 4912 1906 4979 capite
1951 4911 2133 4966 decies

572 4999 960 5069 septingenties
1008 5001 1220 5055 millena
1255 5016 1392 5065 ora,
1430 5003 1482 5054 in
1537 5003 1732 5070 quovis
1786 5017 1881 5057 ore
1923 5003 2134 5071 septin-

571 5091 782 5160 genties
833 5091 1084 5146 millenas
1127 5092 1340 5161 linguas
1397 5079 1697 5156 haberent,
1732 5091 1931 5159 quibus
1963 5093 2130 5146 Deum

571 5180 752 5236 decies
785 5182 1178 5251 septingenties
1213 5183 1359 5236 mille
1387 5182 1564 5237 modis
1621 5181 1929 5238 laudarent.
1986 5182 2131 5237 Vidit

571 5258 736 5326 unum
800 5273 1049 5342 angelum
1110 5273 1524 5343 lacrymantem,
1586 5275 1676 5343 qui
1717 5290 1936 5329 causam
1979 5291 2131 5344 qure-

573 5364 750 5430 renti,
809 5379 908 5419 cur
939 5364 1284 5434 lacrymaret,
1347 5376 1622 5433 peccatum
1671 5367 1964 5436 quodpiam
1998 5382 2130 5422 cau-

571 5469 686 5510 sam
740 5471 862 5510 esse
909 5455 1071 5510 dixit.
1117 5455 1220 5509 Pro
1265 5456 1367 5510 hoc
1421 5463 1670 5523 precatus
1707 5467 1809 5514 est.
1852 5477 1870 5510 ι
1910 5456 1984 5512 Ita
2017 5474 2127 5524 me,

571 5547 664 5610 ait,
701 5545 914 5600 Gabriel
945 5545 1033 5599 alii
1072 5546 1264 5613 angelo
1309 5547 1547 5610 tradidit,
1592 5547 1679 5601 hic
1710 5563 1904 5602 rursus
1936 5548 2047 5613 alii,
2077 5555 2130 5601 et

570 5639 647 5691 sic
674 5638 951 5706 deinceps,
983 5638 1157 5692 donec
1211 5654 1392 5692 coram
1429 5639 1536 5693 Dco
1569 5647 1622 5692 et
1654 5639 1851 5694 throno
1879 5638 1997 5705 ejus
2031 5638 2129 5692 ad-

571 5727 799 5780 stabam.
865 5727 1063 5798 Tetigit
1116 5743 1198 5785 me
1231 5728 1371 5782 Deus
1406 5745 1568 5783 manu
1613 5731 1753 5783 inter
1788 5729 1992 5784 medios
2027 5732 2126 5782 hu-

573 5830 773 5883 meros,
819 5819 958 5877 unde
991 5822 1161 5892 frigus
1195 5835 1292 5894 me
1328 5821 1392 5875 ad
1437 5820 1729 5876 medullam
1764 5819 1933 5888 spinae
1962 5834 2127 5888 peuc-

2235 4647 2422 4712 millia,
2457 4647 2549 4715 qui
2578 4647 2858 4703 dicerent:
2899 4666 2916 4700 ι
2951 4651 3199 4706 Ascende
3229 4653 3465 4708 interdiu
3492 4655 3547 4709 in
3579 4657 3788 4720 cmlmn,

2235 4737 2391 4790 nobis
2408 4737 2802 4805 spectantibus,
2829 4749 2888 4794 ut
2909 4740 3191 4796 videamus
3211 4743 3304 4796 tibi
3336 4745 3527 4799 obvios
3557 4749 3786 4816 angelos.

2233 4826 2350 4895 Ipse
2381 4843 2488 4882 non
2521 4829 2691 4882 sentis
2723 4829 3068 4884 mendacium
3109 4840 3315 4886 tuum.»
3351 4831 3652 4902 Respondit
3686 4835 3789 4890 Mo-

2235 4918 2525 4974 hamctcs:
2573 4918 2748 4974 «Laus
2785 4919 2894 4975 Deo
2949 4923 3102 4976 esto!
3168 4923 3422 4992 equidem
3465 4925 3601 4979 nihil
3652 4926 3787 4979 aliud

2234 5023 2378 5072 sum,
2426 5024 2589 5078 quam
2639 5025 2778 5065 unus
2828 5024 2893 5064 ex
2945 5010 3257 5066 hominibus
3313 5021 3366 5067 et
3410 5014 3639 5082 legatus.
3689 5014 3789 5068 Nec

2233 5100 2471 5168 majores
2498 5099 2666 5154 vestri
2692 5100 2848 5154 Iidem
2888 5101 3193 5155 habuerunt
3217 5104 3496 5159 miraculis
3520 5146 3532 5164 .
3568 5121 3666 5159 nec
3700 5121 3787 5160 vos

2236 5188 2444 5244 habetis
2472 5231 2486 5255 ,
2523 5206 2621 5246 nec
2641 5192 2866 5246 creditis
2883 5193 3110 5246 omnino
3131 5194 3237 5248 nisi
3258 5210 3388 5248 ense
3425 5200 3653 5251 coacti.»

2299 5280 2439 5343 Quid
2477 5280 2623 5335 dicas
2673 5281 2739 5335 de
2776 5282 3177 5338 talimendacio
3217 5294 3270 5339 et
3313 5285 3507 5340 itinere
3559 5286 3785 5342 maxime

2231 5367 2470 5420 omnium
2503 5367 2846 5423 incredibili?
2896 5387 2960 5424 ex
2991 5372 3108 5441 ipso
3139 5373 3447 5428 Mohamete
3487 5375 3776 5428 refutatur.

2232 5456 2443 5510 Etenim
2470 5458 2584 5526 ipse
2607 5459 2767 5522 dixit,
2800 5476 2923 5514 cum
2955 5463 3148 5516 morbo
3180 5476 3462 5532 correptus
3486 5465 3783 5519 volveretur

2232 5548 2501 5616 spumanti
2557 5564 2670 5612 ore,
2701 5548 2950 5605 Gabriele
2993 5552 3058 5606 ad
3096 5568 3154 5607 sc
3202 5554 3514 5617 accedente,
3545 5564 3728 5619 utpote
3754 5569 3781 5608 a

2232 5637 2341 5691 Deo
2369 5639 2556 5700 misso,
2589 5654 2694 5692 non
2724 5641 2968 5708 potuisse
3018 5657 3075 5697 se
3101 5642 3246 5696 ferre
3273 5653 3550 5709 aspectum
3585 5643 3780 5709 angeli,

2230 5739 2280 5782 ct
2311 5731 2910 5797 proptercaevanimem
2939 5732 3268 5795 concidisse,
3291 5747 3589 5786 sermonem
3615 5732 3782 5799 angeli

2233 5831 2702 5893 autem_t-.n:quam
2732 5837 2924 5876 sonum
2957 5837 3235 5892 campanae
3278 5838 3440 5878 aeneae
3471 5823 3780 5877 exaudisse.
