4022 6294
189 341 304 407 945

1211 350 1656 414 ΟΗΒΟΝῘΟΟΝ
1695 357 1960 422 MAJUS.
2003 388 2073 398 -
2117 361 2264 423 LIB.
2312 362 2410 422 IV.‘

3344 357 3450 418 946

192 457 293 510 καὶ
346 437 478 520 τάξ
505 437 800 527 δι’ἀῇτόρόυς
841 459 1146 528 ἐναλλαγάς
1196 464 1292 514 καὶ
1357 465 1623 534 ἰδιότητας
1659 467 1769 518 τῶν
1801 472 1846 530 Α
1875 465 1968 523 οὗν
1988 470 2181 540 ψεῦδος
2202 475 2383 542 πάσης
2410 471 2684 540 ἀγνωσίας
2723 470 3168 541 μεμεστωμένον.
3192 467 3295 522 Τὸν
3321 467 3454 519 Θεὸν

196 549 385 616 ὓμνων
411 550 504 602 τοῦ
524 550 681 614 Θεοῦ;
721 551 793 620 μὴ
829 552 986 618 μόνον
1015 555 1122 622 γὰρ
1154 555 1244 608 τοῦ
1271 556 1512 627 Γαϐριὴλ
1543 559 1766 626 μείζονα

195 636 336 692 εἶναι
367 640 515 707 λέγει
545 643 755 706 ἑαυτὸν,
790 642 922 696 ἀλλά
955 647 1047 696 καὶ
1067 646 1284 698 πάντων
1317 649 1537 700 ἐκείνων
1569 649 1647 710 εἰς
1676 648 1768 711 οὓς

197 733 225 783 6
256 732 495 800 Γαϐριὴλ
524 733 622 785 οὐκ
651 729 764 801 εἶχε
814 736 1190 803 παρείσδυσιν,
1238 738 1374 790 ἀλλὰ
1418 739 1674 792 τοσοῦτον
1699 735 1770 810 ἦν

199 823 448 876 ἀποδέων
496 826 719 888 ἐκείνων
774 826 914 878 ὥστε
947 828 1038 878 τὸν
1090 829 1336 898 Μωάμεθ
1389 829 1551 884 αὐτὸν
1599 833 1772 902 ἑτέρῳ

200 915 420 984 ἀγγέλῳ
451 917 812 985 παραδοῦναι,
836 919 862 968 6
889 918 933 969 6‘
957 915 1022 971 αῦ
1056 920 1226 990 ἑτέρῳ
1262 922 1356 974 καὶ
1377 921 1577 990 ἐφεξῆς
1603 923 1770 992 ἄλλῳ,

201 1006 298 1059 καὶ¹
327 1007 501 1070 οὕτως
537 1008 800 1062 εἰσελθεῖν
828 1011 907 1072 είς
945 1011 1035 1063 τὸν
1069 1011 1204 1064 Θεὸν
1237 1014 1329 1068 καὶ
1366 1017 1648 1084 συντυχεῖν
1678 1015 1774 1068 ἀλ-

201 1095 410 1168 λήλοις,
440 1099 520 1152 ἔτι
551 1100 628 1169 μὴ
670 1101 830 1168 μόνον
865 1101 1090 1170 μείζονα
1140 1105 1364 1159 πάντων
1397 1107 1623 1160 ἐκείνων
1667 1109 1778 1162 δει-

203 1190 392 1241 κνύειν
426 1191 640 1255 ἑαυτὸν,
693 1193 826 1245 ἀλλά
865 1194 960 1247 καὶ
1011 1196 1151 1266 ὑπὲρ
1182 1200 1404 1252 ἐκείνων
1459 1201 1777 1270 εὐχόμενον.

215 1280 323 1332 Ἑιῦ
355 1282 534 1350 λέγειν
561 1285 690 1354 περὶ
722 1283 816 1337 τοῦ
847 1285 1087 1354 μεγάλου
1135 1291 1346 1344 ἐκείνου
1398 1293 1488 1346 καὶ
1548 1293 1779 1348 θεόπτου

203 1374 508 1438 Μωῦσέως,
536 1376 615 1441 ὃν,
667 1376 740 1438 ὥς
793 1395 976 1448 φησιν,
1012 1376 1154 1433 εἶδεν
1196 1383 1252 1436 ἐν
1283 1384 1361 1451 τῷ
1414 1385 1661 1456 τετάρτῳ
1690 1386 1784 1440 οὒ-

207 1467 376 1539 ρανῷ.
407 1469 581 1522 Αὐτὸν
610 1469 666 1521 δὲ
700 1471 1113 1541 ύπεραναὸῆναι
1143 1474 1239 1526 καὶ
1280 1473 1375 1527 τοῦ
1407 1475 1665 1544 ἑϐδόμου,
1692 1477 1786 1531 καὶ

206 1557 469 1612 ἀπελθεῖν
528 1561 689 1630 μέχρι
744 1563 838 1614 καὶ
885 1562 977 1637 τοῦ
1011 1562 1168 1627 Θεοῦ,
1217 1565 1474 1634 ὁμιλῆσαι
1520 1584 1579 1619 τε
1616 1567 1784 1636 αὐτῷ.

205 1650 361 1702 Μετὰ
393 1651 448 1703 δὲ
470 1651 641 1706 ταῦτα
660 1653 896 1718 ἐξελθεῖν
921 1655 1015 1707 καὶ
1040 1655 1322 1708 κατελθεῖν
1355 1659 1412 1712 ἐν
1435 1656 1511 1726 τῷ
1541 1658 1790 1727 τετάρτῳ

206 1739 446 1809 οὐρανῷ,
504 1742 578 1804 ὡς
627 1742 873 1815 εἴρηται,
916 1745 1010 1798 καὶ
1074 1743 1356 1818 συντυχεῖν
1404 1748 1482 1818 τῷ
1541 1750 1786 1811 Μωῡσεῖ,

1872 563 2055 616 ὅντινα
2103 563 2357 632 ὁμολογεῖ
2392 565 2556 627 αὐτὸς
2603 567 2631 617 ὁ
2661 563 2904 632 Μωάμεθ
2956 562 3186 631 ποιητὴν
3215 556 3448 629 ούρανοῦ

1873 670 1931 706 τε
1961 652 2057 706 καὶ
2088 654 2214 722 γῆς,
2262 655 2579 724 ἐνσώματον
2609 653 2849 707 δεικνύει
2879 653 2974 707 καὶ
3000 652 3099 704 οὐκ
3140 648 3451 717 ἀσώματονε

1874 746 1934 798 τὸ
1961 745 2069 816 γὰρ
2093 746 2246 799 Θεῖον
2267 747 2583 816 ἀσώματον,
2604 747 2810 801 ἄποσόν
2839 761 2896 798 τε
2924 745 3017 798 καὶ
3043 743 3118 812 μὴ
3143 742 3264 812 ἔχον
3294 741 3457 810 μέγε-

1878 837 1992 902 θος,
2026 836 2148 890 ούδέ
2182 839 2239 890 ἐν
2270 837 2400 890 εῖδει
2427 837 2828 908 περιγραπτόν·
2862 835 2922 888 τὸ
2951 835 3006 887 δέ
3037 833 3206 895 οὕτως
3239 831 3362 900 ἕχον
3391 830 3459 882 τὰ

1877 929 1936 982 ἐν
1963 931 2032 999 τῇ
2064 929 2171 998 ἰδίᾳ
2224 928 2393 981 αὐτοῦ
2427 929 2588 996 φύσει
2646 929 2767 988 πῶς
2795 928 2861 980 ἂν
2894 927 2958 979 ἐκ
3004 925 3220 992 μερῶνς
3251 923 3299 974 εἰ
3351 923 3457 988 γάρ

1879 1033 1962 1079 τις
1993 1015 2110 1083 δοίη
2135 1016 2295 1069 τοῦτο
2320 1017 2612 1088 ὑπάρχειν,
2641 1017 2756 1079 πῶς
2783 1015 3110 1085 νοηθήσεται
3131 1012 3457 1081 ἁσώματον;

1881 1107 1941 1159 τὸ
1969 1106 2078 1176 γὰρ
2103 1107 2163 1158 ἐν
2199 1109 2445 1177 σχήματι
2493 1109 2552 1161 ὃν
2587 1109 2806 1172 πάντως
2835 1109 2929 1160 καὶ
2958 1109 3016 1160 ἐν
3063 1103 3216 1174 ποσῷ
3259 1104 3355 1157 καὶ
3403 1104 3459 1155 ἐν

1881 1198 2053 1268 τόπῳ,
2089 1199 2180 1251 καὶ
2236 1201 2293 1266 ἐξ
2325 1200 2572 1270 ἀνάγκης
2624 1197 3018 1269 περιγραπτόν’.
3053 1197 3240 1249 Ταῦτα
3271 1195 3326 1248 δέ
3355 1211 3464 1246 σω-

1886 1290 2115 1361 ματικά.
2167 1292 2275 1343 Καὶ
2303 1291 2372 1345 τά
2402 1291 2498 1344 τοῦ
2549 1291 2802 1361 σώματος
2835 1291 2943 1343 ῖδια
2993 1289 3107 1351 πῶς
3139 1288 3204 1341 ἂν
3237 1287 3330 1339 ἐπὶ
3363 1286 3464 1354 τῆς

1888 1383 2170 1454 μακαρίας
2221 1383 2440 1453 ἐκείνης
2483 1382 2581 1436 κοιλ¹
2613 1382 2904 1452 ἀσωμάτου
2937 1380 3150 1449 φύσεως
3181 1377 3274 1431 τοῦ
3327 1375 3463 1429 Θεοῦ

1887 1474 2177 1544 λογίσηταῖ
2203 1492 2287 1538 τις
2333 1475 2577 1538 διανοίας
2621 1473 2849 1544 μέτοχος
2878 1472 2987 1540 ὥν;
3039 1473 3132 1524 καὶ
3163 1473 3191 1523 6
3224 1470 3321 1539 μὲν
3356 1486 3463 1521 πα-

1886 1569 2158 1637 τριάρχης
2198 1567 2450 1635 Ἀϐραὰμ
2479 1568 2537 1619 ἐν
2583 1569 2647 1637 τῇ
2685 1566 2853 1620 πάλαι
2898 1563 3189 1633 θεοτανείᾳ
3236 1562 3339 1630 γῆν
3369 1559 3467 1614 καὶ

1893 1659 2086 1712 σποδὸν
2109 1658 2303 1711 ἐαυτὸν
2327 1658 2616 1725 ἐλογίσατο
2638 1658 2731 1710 καὶ
2761 1657 3008 1710 ἐκάλεσε·
3041 1655 3134 1708 τοῦ
3181 1654 3236 1708 δὲ
3265 1651 3468 1723 Δανιὴλ

1890 1749 1986 1802 τοῦ
2007 1748 2251 1802 τοιούτου
2277 1749 2374 1801 καὶ
2397 1749 2676 1816 τοσούτου,
2710 1748 2947 1817 ἀγγελον-
2965 1747 3187 1810 ἰδόντος,
3216 1744 3465 1814 ἐστράφη

210 1807 624 1900 συμϐουλεῦσαί
659 1807 717 1888 τέ
738 1807 914 1890 ἀὺτὸν
948 1837 1125 1909 τούτῳ
1156 1807 1648 1910 ἐπάὶναστράφέντα
1682 1807 1787 1894 ποιἐ
1817 1807 1863 1864 Β
1896 1842 1928 1910 ή
1955 1841 2082 1906 δόξα
2106 1839 2272 1893 αὐτοῦ
2304 1843 2384 1904 εἰς
2403 1807 2726 1912 διαφθοράν,
2748 1807 2920 1894 ί’τοῦτ’
2948 1840 3086 1905 ἔστι,
3113 1807 3262 1906 παρὰ

210 1925 517 1992 ρακαλέσαι
567 1927 658 1978 τὸν
707 1928 843 1980 Θεὸν
892 1929 1031 2000 ὑπὲρ
1080 1929 1175 1982 τοῦ
1212 1930 1341 1983 λαοῦ
1400 1932 1493 1984 καὶ
1534 1931 1792 1998 γενέσθαι

208 2017 546 2085 κουφοτέραν
594 2019 693 2088 τὴν
727 2020 892 2089 εὐχὴν
947 2021 1022 2082 ὡς
1054 2020 1335 2084 ἀδυνάτως
1383 2021 1598 2091 ἔχοντος
1655 2023 1792 2092 πρὸς

210 2109 404 2178 αὑτήνο
433 2110 526 2163 καὶ
554 2111 853 2179 δεξαμένου
875 2113 1066 2166 τούτου
1095 2116 1192 2184 τὴν
1220 2114 1414 2185 βουλὴν
1442 2115 1793 2184 ἐπαναστρα·

211 2203 380 2270 φῆναι
422 2202 559 2272 πρὸς
601 2203 856 2255 τὸνθεὸν
886 2206 980 2256 καὶ
1028 2204 1262 2274 ζητῆσαι
1306 2208 1530 2276 τὸ-περὶ
1558 2205 1748 2266 τούτου
1775 2248 1789 2272 ,

212 2290 309 2342 καὶ
339 2289 737 2360 προσδεχθῆναι
771 2289 869 2360 τὴν
918 2291 1148 2361 ζήτησιν
1192 2293 1354 2346 αὐτοῦ
1383 2296 1479 2346 καὶ
1534 2294 1791 2361 γενέσθαι

214 2381 587 2452 ἐλαφροτέραν
619 2383 718 2449 τὴν
753 2382 944 2451 εὐχήν.
973 2385 1077 2435 Καὶ
1095 2379 1161 2436 αὗ
1194 2384 1286 2437 τοῦ
1312 2387 1590 2446 Μωῦσέως
1624 2386 1796 2454 ἀναγ-

216 2473 488 2532 κάσαντος
523 2471 687 2523 αὑτὸν
738 2467 897 2532 αὖθις
934 2474 1426 2542 ἐ-παναστραφῆναι
1459 2475 1561 2537 ἓως
1598 2477 1796 2528 πεντά-

218 2579 306 2625 κις
331 2563 466 2632 πρὸς
497 2559 660 2632 364.
692 2561 782 2614 τὸν
814 2561 970 2624 Θεὸν,
1001 2564 1096 2614 καὶ
1141 2563 1303 2615 πάλιν
1332 2563 1584 2630 γενέσθαι
1618 2563 1796 2632 πολλῷ

217 2654 429 2706 ἐλάττω
452 2653 550 2723 τὴν
577 2654 767 2721 εὐχήν.
797 2655 905 2708 Καὶ
936 2653 1009 2722 μὴ
1050 2651 1391 2724 ἀρκεσθέντα
1420 2653 1511 2706 τὸν
1551 2653 1796 2716 Μωῦσῆν

218 2747 399 2798 εἰπεῖν
453 2747 550 2798 καὶ
581 2745 738 2807 αὖθις
771 2744 859 2798 ἵνα
914 2747 1315 2815 ἐπαναστραφῇ
1353 2746 1492 2815 πρὸς
1541 2744 1630 2796 τὸν
1662 2744 1795 2797 Θεὸν

219 2839 317 2890 καὶ
345 2838 546 2906 αἰτήσῃ
593 2836 1150 2906 συγγνωμονεστέραν
1181 2836 1431 2902 γενέσθαι
1476 2836 1573 2906 τὴν
1603 2837 1790 2905 εὐχήν.

219 2927 294 2979 Οὐ
327 2931 669 2991 κατένευσεν,
701 2928 838 2983 ἀλλὰ
875 2929 968 2980 κοιλ,
1023 2926 1308 2980 κατελθεῖν
1339 2929 1416 2990 είς
1441 2928 1499 2980 τὸ
1537 2927 1795 2997 ’Μπαρὰκ

220 3020 313 3070 καὶ
337 3020 603 3083 ἐλαύνειν,
635 3020 738 3083 ἕως
773 3019 838 3073 ἃν
869 3018 996 3092 ἔλθῃ
1026 3019 1153 3073 ἔνθα
1182 3015 1248 3087 ἦν
1275 3020 1560 3091 πρότερον,
1596 3022 1793 3074 Σκόπει

1893 1931 2234 1985 ἀπεϐάλλετο
2257 1935 2355 2003 τὴν
2403 1936 2600 1988 ἑαυτοῦ
2651 1936 2817 2005 ζωήν·
2872 1937 2900 1988 6
2935 1935 3035 2002 μὲν
3091 1934 3254 1986 Δαὸίδ
3305 1948 3471 2001 φησιν

1901 2039 1918 2070 ι
1939 2017 2004 2074 'O
2022 2019 2335 2076 ἐπιϐλέπων
2357 2024 2447 2076 ἐπὶ
2464 2023 2565 2092 τὴν
2584 2023 2687 2093 γῆν
2706 2026 2797 2077 καὶ
2818 2025 2987 2077 ποιῶν
3005 2023 3174 2092 αὐτὴν
3192 2023 3429 2092 τρέμειν.
3442 2038 3462 2072 ›

1906 2109 1966 2163 Ὀ
1981 2111 2038 2164 δὲ
2059 2113 2328 2182 Μωάμεθ,
2353 2115 2452 2177 τὰς
2481 2116 2783 2183 ἀγγελικάς
2808 2117 2987 2178 πάσας
3007 2113 3354 2183 ὑπεραναῦἀς
3382 2113 3474 2167 δυ-

1895 2205 2112 2274 νάμεις,
2133 2207 2355 2275 ἀμέσως
2380 2208 2456 2278 τῷ
2483 2207 2603 2278 Θεῷ
2626 2208 3012 2278 προσωμίλησε
3035 2207 3195 2277 365
3217 2208 3310 2260 καὶ
3334 2205 3473 2276 ὑπὲρ

1895 2294 2142 2364 ἀγγέλων
2196 2299 2290 2348 καλ⁸
2341 2297 2543 2361 παντὸς
2572 2297 2668 2350 τοῦ
2719 2298 2927 2366 κόσμου
2978 2298 3193 2366 δεήσεις
3245 2293 3472 2358 ἐποίησε

1895 2387 1992 2440 καὶ
2023 2389 2124 2457 τῆς
2152 2389 2320 2458 εὐχῆς
2361 2391 2460 2442 οὐκ
2492 2391 2783 2459 ἀπέτυχεν.
2833 2389 2972 2456 Ἐγὼ
3019 2389 3076 2442 δέ
3113 2386 3306 2457 ἁπορῶ
3356 2385 3474 2449 πῶς

1896 2478 1995 2530 οὐκ
2024 2478 2129 2546 εφη
2159 2479 2438 2548 τολμήσας
2471 2483 2499 2533 ὁ
2545 2480 2785 2549 αὐθάδης
2826 2473 2979 2542 οὗτος
3011 2480 3101 2532 καὶ
3141 2476 3358 2542 ἀλαζὼν
3393 2477 3473 2529 ὅτι

1898 2568 2162 2622 κατέλαϐε
2197 2570 2297 2638 τὴν
2325 2571 2419 2623 τοῦ
2465 2571 2602 2624 Θεοῦ
2653 2571 2816 2640 φύσιν
2847 2570 3040 2642 ὥσπερ
3095 2570 3254 2632 αὐτὸς
3285 2572 3312 2622 6
3340 2567 3474 2629 Θεὸς

1897 2655 2037 2712 οἶδεν
2068 2661 2259 2730 αὐτήν.
2306 2663 2449 2714 Ἀλλ’
2479 2666 2507 2715 6
2554 2663 2829 2715 κατοικῶν
2864 2665 2920 2714 ἐν
2947 2663 3197 2729 οὐρανοῖς
3243 2658 3474 2725 ἐκγελά-

1901 2767 2052 2806 σεται
2083 2753 2245 2806 αὑτὸν
2271 2755 2364 2806 καὶ
2391 2755 2514 2817 τοὺς
2542 2755 2661 2823 μετ’
2688 2753 2878 2820 αὐτοῦ,
2907 2753 3000 2807 κοιλ⁵
3021 2755 3048 2808 ὁ
3078 2753 3281 2822 Κύριος
3305 2754 3476 2820 ἐκμυ-

1900 2846 2119 2912 κτηριεί
2157 2846 2378 2908 αύτούς.
3023 2838 3030 2845 ’

1971 2935 2095 2987 Ἔτι
2130 2935 2231 2989 οὐκ
2261 2936 2497 3005 ἠδύνατο
2532 2939 2559 2990 ό
2606 2937 2743 3000 Θεὸς
2783 2937 3074 3005 γινώσκειν
3109 2936 3211 3003 τὴν
3238 2935 3472 3000 δύναμιν

1897 3023 1994 3077 τοῦ
2033 3024 2188 3090 λαοῦ,
2221 3025 2336 3078 ἀλλ’
2387 3027 2660 3095 ἐπέθηκεν
2705 3029 2801 3080 ἐπὶ
2848 3028 2941 3080 τὸν
2970 3026 3244 3097 τράχηλον
3292 3023 3473 3076 αὐτῶν

221 3135 324 3202 Qui
369 3135 535 3204 igitur
571 3135 732 3189 unius
754 3135 927 3203 angeli
958 3146 1316 3206 conspectum
1339 3151 1445 3190 non
1476 3135 1620 3199 tulit,
1653 3151 1790 3203 quo-
1819 3142 1861 3198 (ζ
1895 3135 2066 3209 disset
2095 3137 2148 3191 in
2177 3153 2300 3192 eum
2339 3140 2542 3204 locum,
2578 3141 2631 3192 in
2692 3154 2802 3208 quo
2840 3149 2964 3192 ante
3010 3139 3220 3192 fuisset.
3253 3136 3327 3191 En
3358 3137 3470 3206 jam

225 3226 390 3280 modo
422 3235 502 3279 tot
535 3226 852 3295 angelorum
886 3227 1232 3294 splendorem
1257 3237 1504 3296 spectare
1531 3227 1788 3296 potuerit,

222 3325 319 3370 aut
358 3317 676 3370 examinare
722 3330 777 3370 et
817 3318 994 3372 metiri
1027 3325 1108 3373 tot
1139 3333 1328 3373 eorum
1364 3318 1542 3388 capita
1579 3327 1632 3372 et
1673 3333 1793 3388 quae

224 3411 282 3463 in
332 3409 522 3463 oribus
589 3423 778 3464 eorum
826 3411 1044 3466 inerant
1103 3411 1335 3481 linguas,
1375 3420 1432 3466 et
1458 3427 1585 3466 vero
1611 3412 1795 3466 varias

224 3501 632 3555 vicissitudines
667 3503 1136 3571 proprietatesque
1185 3504 1507 3573 hymnorum
1537 3504 1671 3558 Dei?
1703 3503 1794 3555 At-

225 3595 371 3645 enim
430 3609 533 3646 non
574 3595 751 3647 solum
795 3594 1050 3649 Gabriele
1086 3595 1348 3664 majorem
1380 3611 1439 3650 se
1468 3612 1592 3650 esse
1641 3596 1794 3651 dicit.

227 3688 319 3739 sed
375 3688 534 3738 etiam
599 3686 856 3740 omnibus
914 3686 1039 3748 illis,
1097 3688 1160 3739 ad
1216 3703 1355 3753 (litos
1405 3686 1649 3740 Gabrieli
1684 3700 1790 3736 non

226 3778 443 3844 patebat
475 3776 676 3841 aditus,
720 3793 842 3830 cum
881 3779 927 3830 is
957 3786 1110 3832 tanto
1141 3779 1246 3832 illis
1280 3777 1509 3832 inferior
1542 3787 1709 3838 esset,
1740 3783 1798 3827 ut

225 3868 563 3924 Mohametes
615 3870 683 3922 ab
713 3884 778 3923 eo
814 3869 926 3933 alii,
958 3879 1012 3923 et
1041 3870 1108 3924 ab
1155 3870 1257 3924 hoc
1289 3885 1481 3923 rursus
1517 3869 1703 3931 tertio,
1743 3873 1799 3918 et

155 4009 158 4012 .
227 3963 308 4015 sic
353 3963 608 4029 deinceps
667 3962 894 4029 reliquis
945 3961 1272 4027 traderetur,
1319 3969 1379 4039 et.
1413 3961 1487 4014 ita
1531 3960 1598 4013 ad
1630 3959 1796 4011 Deum

227 4054 457 4106 intraret
487 4063 540 4107 et
570 4067 690 4106 curn
723 4067 791 4106 eo
815 4053 1252 4120 colloqueretur:
1286 4051 1420 4120 quin
1455 4051 1567 4104 imo
1602 4066 1656 4102 se
1690 4065 1796 4101 non

226 4143 402 4195 solum
461 4142 720 4210 majorem
749 4156 868 4194 esse
899 4141 1128 4210 angelis,
1161 4141 1254 4194 sed
1285 4141 1448 4193 etiatn
1477 4154 1574 4206 pro
1601 4138 1796 4191 iisdem

227 4243 510 4302 precatum
558 4249 680 4288 esse
702 4232 955 4285 aﬂirmat.
1009 4230 1215 4286 Omitto
1264 4230 1448 4284 dicere
1478 4229 1544 4283 de
1601 4210 1801 4296 magni)

228 4325 340 4382 illo.
371 4324 460 4393 qui
519 4325 686 4378 Deum
742 4324 900 4386 vidit,
941 4321 1144 4393 Moyse,
1204 4337 1369 4391 quem
1407 4321 1552 4376 sein
1602 4331 1800 4390 quarto

227 4421 366 4474 melo
414 4420 688 4474 invenisse
727 4428 958 4485 narrat;
1015 4418 1193 4486 ipsum
1248 4425 1429 4471 autem
1465 4417 1628 4470 etiam
1659 4417 1798 4470 ultra

1902 3229 2242 3283 mendacium
2305 3230 2453 3283 omni
2513 3229 2729 3283 inscitia
2778 3229 3073 3298 repletum.
3131 3229 3299 3294 Quem
3354 3229 3471 3295 ipse

1901 3318 2230 3375 Mobametes
2275 3320 2652 3376 fabricatorcm
2700 3322 2827 3374 coeli
2886 3331 2937 3375 et
2969 3331 3125 3375 terrae
3187 3336 3307 3375 esse
3339 3319 3473 3374 dicit

1905 3409 2098 3475 Deum,
2128 3427 2252 3466 eum
2277 3428 2601 3481 corporeum
2628 3431 2748 3468 esse
2780 3415 2874 3478 ait,
2897 3429 3001 3466 non
3039 3415 3420 3482 incorporeum
3455 3430 3468 3465 :

1904 3519 2026 3557 cum
2056 3513 2237 3557 tamen
2267 3520 2466 3558 numen
2497 3505 2738 3558 divinum
2769 3523 2874 3558 non
2914 3507 3110 3559 habeat
3141 3521 3340 3573 corpus
3371 3519 3475 3558 uec

1907 3594 2357 3663 magnitudinem,
2381 3611 2478 3648 nec
2503 3596 2670 3664 ﬁgura
2693 3596 2928 3649 describi
2954 3596 3142 3666 possit.
3179 3595 3255 3648 Ita
3281 3606 3461 3648 autem

1908 3694 2099 3737 natura
2133 3700 2230 3737 sua
2265 3695 2642 3752 comparatum
2680 3686 2890 3738 Numen
2922 3668 3196 3753 quomodo
3230 3684 3475 3752 partibus

1908 3775 2154 3829 constet?
2191 3773 2300 3830 Hoc
2324 3777 2466 3827 enim
2502 3777 2595 3842 qui
2628 3785 2854 3835 statuat,
2881 3777 3157 3844 quomodo
3189 3775 3327 3828 idem
3354 3787 3477 3828 esse

1907 3869 2286 3935 incorporeum
2313 3867 2488 3920 dicat?
2510 3868 2644 3920 Nam
2668 3867 3020 3937 quideunque
3042 3870 3268 3937 liga-ram
3293 3869 3475 3931 habet,

1910 3956 2338 4025 magnitudinem
2399 3967 2451 4010 et
2508 3958 2772 4010 ambitum
2842 3959 3003 4014 habet
3061 3969 3112 4014 et
3170 3959 3476 4014 necessario

1909 4049 2143 4102 describi
2176 4056 2372 4115 potest.
2417 4048 2541 4102 Πίος
2575 4033 2755 4103 autem
2789 4065 3051 4119 corporea
3089 4058 3236 4105 sunt.
3257 4049 3472 4118 Corpo-

1909 4143 1984 4195 ris
2033 4140 2394 4210 proprietates
2426 4150 2607 4194 autem
2664 4144 2941 4211 quomodo
2970 4142 3062 4211 qui
3099 4142 3332 4196 rationis
3366 4158 3474 4196 non

1909 4247 2108 4298 expers
2142 4242 2225 4287 est
2257 4232 2309 4285 in
2357 4231 2595 4287 divinam
2635 4235 2783 4287 illam
2820 4245 2872 4288 et
2907 4235 3287 4302 incorpoream
3321 4244 3479 4287 natu-

1909 4339 2024 4378 ram
2061 4325 2154 4379 Dei
2189 4325 2522 4379 transferat?
2552 4327 2896 4380 Abrahamus
2915 4325 3137 4393 quidem
3167 4325 3478 4393 patriarcha

1911 4415 1963 4470 in
1996 4427 2210 4470 vetusto
2252 4418 2346 4471 illo
2385 4419 2621 4472 adventu
2677 4418 2768 4472 Dei
2817 4429 3016 4472 terram
3073 4428 3127 4472 et
3155 4419 3390 4472 cinerem
3421 4433 3480 4474 se

228 4515 517 4583 septimum
537 4515 857 4570 ascendisse
877 4523 931 4568 et
956 4511 1295 4583 processisse
1327 4527 1500 4579 usque
1526 4511 1592 4563 ad
1621 4511 1788 4564 Deum
1829 4510 1872 4564 D
1905 4507 2243 4560 existimavit
2303 4508 2735 4576 appellavitque,
2774 4517 2826 4562 et
2857 4524 2980 4562 cum
3015 4507 3222 4574 Daniel,
3256 4509 3379 4563 talis
3415 4521 3480 4561 ac

228 4618 463 4672 cumque
494 4619 561 4658 eo
590 4603 922 4657 collocutum
961 4602 1345 4667 esse;_dciude
1376 4601 1579 4655 exiisse
1613 4611 1665 4653 et
1697 4600 1792 4653 de-A

226 4695 505 4751 scendisse
529 4694 592 4747 ad
613 4697 867 4760 quartum
896 4694 1118 4758 coelum,
1143 4702 1200 4745 ut
1219 4691 1800 4756 commemoravimus,

227 4785 626 4841 etconvenisse
674 4784 748 4838 ibi
818 4785 1078 4854 Moysem,
1129 4784 1221 4851 qui
1285 4784 1386 4836 sibi
1442 4785 1710 4850 suaserit,
1744 4797 1807 4836 ut

228 4892 486 4933 reversus
517 4876 686 4931 Deum
712 4890 878 4944 super
917 4875 1120 4944 popqu
1150 4884 1486 4944 precaretur,
1521 4875 1584 4927 ad
1619 4876 1806 4928 levan-

164 4951 176 4972 ⁸
228 4970 354 5024 dum
391 4984 514 5023 eum
567 4969 846 5039 precibus,
878 4967 1078 5037 quippe
1114 4968 1344 5036 ad-quas
1376 4967 1660 5021 faciendas
1692 4981 1802 5021 non

226 5062 432 5116 valeret
479 5061 752 5130 populus;
813 5059 1020 5129 itaque,
1064 5059 1298 5129 probato
1333 5074 1398 5112 eo
1429 5058 1685 5122 consilio,
1736 5057 1804 5112 ad

230 5154 394 5209 Deum
417 5153 626 5209 redisse
644 5163 720 5213 et.
755 5153 822 5206 de
853 5166 916 5204 ea
949 5167 1007 5204 re
1033 5159 1337 5220 precatum,
1358 5151 1470 5204 voti
1492 5159 1801 5217 compotem

228 5244 592 5308 factumesse,
620 5258 920 5314 precesque
953 5242 1274 5298 imminutas
1315 5256 1437 5295 esse
1475 5260 1487 5304 ;
1519 5257 1583 5295 ac
1617 5227 1804 5310 Moyse

228 5336 408 5389 denuo
439 5344 688 5405 cogente,
727 5334 931 5386 redisse
975 5333 1042 5386 ad
1083 5330 1254 5383 Deum
1290 5339 1485 5398 quater
1513 5329 1797 5396 deinceps,

229 5441 554 5496 semperque
592 5425 760 5478 multo
796 5423 1072 5478 faciliores
1101 5422 1280 5475 factas
1337 5436 1460 5476 esse
1491 5434 1704 5490 preces.
1735 5427 1805 5473 At

229 5535 296 5573 ne
329 5520 410 5574 sic
443 5518 664 5587 quidem
716 5518 851 5572 satis
884 5515 1140 5570 habuisse
1173 5513 1410 5584 Moysem
1441 5552 1454 5577 ,
1489 5514 1582 5568 sed
1614 5529 1805 5567 rursus

229 5613 494 5676 suasisse,
520 5620 584 5665 ut
607 5612 673 5665 ad
707 5609 872 5663 Deum
911 5609 1135 5673 rediret,
1177 5608 1241 5661 ad
1266 5607 1644 5662 remissionem
1674 5621 1805 5675 pre-

230 5721 351 5761 cum
378 5705 674 5776 rogandum
701 5704 910 5772 ;ipsum
943 5712 1122 5756 autem
1157 5715 1263 5754 non
1289 5697 1662 5761 consensisse,
1708 5694 1803 5750 sed

233 5798 298 5855 ad
338 5798 507 5856 Barac
562 5797 911 5855 descendisse
941 5807 994 5852 ct
1023 5803 1272 5852 avectum
1326 5808 1470 5860 esse,
1500 5791 1672 5846 donec
1714 5805 1802 5844 re-

1911 4608 2094 4653 tantus
2119 4600 2220 4658 vir.
2244 4599 2496 4669 angelum
2525 4599 2754 4663 videret,
2777 4614 2930 4653 mens
2945 4599 3064 4668 ejus
3088 4601 3142 4652 in
3178 4598 3475 4668 perniciem

1906 4707 2060 4746 versa
2090 4700 2194 4758 est,
2221 4692 2324 4745 hoc
2363 4703 2448 4745 est
2497 4707 2601 4743 non
2640 4691 2868 4744 multum
2899 4691 3108 4754 aberat,
3141 4690 3270 4760 quin
3306 4689 3474 4742 vitam

1906 4781 2194 4844 amitteret;
2220 4789 2382 4848 atque
2399 4779 2564 4832 David
2584 4779 2714 4832 dicit
2743 4797 2760 4829 ι
2799 4778 2888 4846 qui
2908 4786 3108 4830 terram
3134 4777 3400 4846 prospicit
3425 4784 3480 4830 et

1909 4871 2234 4927 tremefecit.
2269 4892 2286 4923 ι
2312 4871 2415 4925 Sed
2443 4870 2799 4934 Mohametes,
2827 4885 3020 4924 omnes
3043 4869 3314 4938 angelicas
3335 4868 3478 4922 vires

1908 4979 2196 5034 superans,
2241 4964 2460 5017 nemine
2487 4961 2881 5025 intercedente,
2912 4961 3081 5014 Deum
3122 4961 3397 5023 convenit,
3425 4968 3480 5014 et

1907 5069 2072 5123 super
2104 5053 2308 5123 angelis
2341 5062 2395 5107 et
2422 5053 2684 5107 universo
2727 5051 2933 5106 mundo
2963 5065 3152 5120 preces
3177 5049 3329 5115 fecit,
3374 5065 3476 5102 nec

1906 5163 2014 5202 non
2043 5162 2269 5214 compos
2318 5144 2494 5198 factus
2526 5153 2608 5199 est
2641 5144 2775 5199 voti.
2810 5143 3072 5212 Equidem
3101 5143 3290 5204 miror,
3331 5141 3480 5211 quod

1907 5239 2154 5309 petulans
2185 5238 2288 5291 iste
2318 5236 2518 5291 nebulo
2550 5251 2655 5289 non
2687 5249 2854 5290 ausus
2893 5243 2978 5288 est
3021 5232 3316 5295 aﬂirmare,
3345 5245 3474 5300 per-

1908 5331 2154 5400 spexisse
2187 5346 2246 5386 se
2283 5330 2377 5384 Dei
2407 5337 2680 5393 naturam,
2720 5326 3180 5396 quemadmodum
3213 5339 3328 5376 eam
3364 5323 3479 5388 ipse

1909 5421 2053 5475 Deus
2081 5421 2315 5475 noverit.
2368 5417 2565 5473 Verum
2597 5418 2689 5486 qui
2725 5417 2777 5469 in
2807 5416 2964 5471 cmlis
2997 5408 3229 5473 habitat,
3280 5408 3478 5462 irride-

1907 5515 1985 5569 bit
2016 5517 2192 5583 ipsum
2257 5523 2312 5566 et
2360 5511 2597 5565 asseclas
2647 5510 2764 5579 ejus
2795 5547 2810 5572 ,
2877 5519 3040 5577 atque
3082 5502 3318 5559 ludibrio
3373 5513 3469 5552 eos

1909 5609 2128 5662 habebit
2157 5605 2438 5658 Dominus.

1912 5717 1920 5742 ί
1982 5700 2184 5752 Deinde
2229 5697 2372 5751 Deus
2415 5694 2695 5763 ignorabat
2766 5694 2905 5747 vires
2953 5687 3152 5758 populi,
3196 5685 3476 5749 legemque

1909 5786 2168 5856 imposuit
2213 5783 2409 5840 cervici
2457 5782 2594 5853 ejus,
2626 5797 2784 5852 quam
2810 5781 2952 5834 ferre
2994 5791 3098 5830 non
3137 5778 3374 5843 possent.
3407 5767 3477 5822 At
