4022 6294
229 363 342 430 949

1274 364 1716 428 CHRONICON
1757 365 2021 427 MAJVUS.
2064 383 2133 400 ’-
2180 363 2328 425 LIB.
2355 365 2454 426 Ν.

3373 369 3501 433 950·-

232 489 306 539 τὰ
333 485 474 555 ὑπὲρ
501 473 881 554 τὸνόὖρανδν,
913 483 1074 539 ἅτινα
1106 485 1164 536 ὲν
1193 484 1468 554 ἐλαχίστῳ
1513 482 1691 551 χρόνῳ
1723 481 1812 533 δύο
1842 491 1884 546 Α
1919 480 2199 550 φωραθείη
2232 479 2532 548 ἀντιλέγων
2561 479 2636 551 τῷ
2667 480 2854 552 κοράν,
2889 482 3112 544 θάνατος
3145 483 3285 536 ἔστω
3328 484 3360 552 ὴ
3396 501 3482 536 τι·

231 595 430 632 νανται
461 575 692 630 διελθεῖν
726 576 795 630 τὰ
828 577 933 629 ὑπὸ
971 576 1063 628 τὸν
1092 574 1343 645 οὐρανὸν.
1378 572 1517 640 ἀέρα
1546 573 1693 640 λέγω
1723 572 1815 626 καὶ

231 669 434 738 αίθέρα
465 669 560 722 καὶ
587 666 658 720 τὰ
683 666 894 730 τούτοις
933 667 1096 736 ὅμοια
1123 685 1138 732 ;
1170 667 1292 718 Ἔτι
1324 667 1421 734 μὲν
1447 665 1564 725 πῶς
1604 665 1682 726 είς
1715 661 1816 732 τὴν

236 760 510 815 ἀνάϐασιν
540 760 736 830 ἐδεήθη
761 760 1014 828 ἀγγέλων
1035 758 1368 812 ἀναϐιϐάσαι
1393 757 1558 811 αὐτὸν
1583 757 1663 818 εἰς
1689 753 1815 819 τοὺς

235 854 529 921 οὐρανοὺς,
562 854 619 906 iv
645 853 704 905 δὲ
730 854 795 920 τῇ
830 849 1136 904 καταϐάσει
1167 849 1437 918 οὐδαμῶς,
1483 847 1622 901 ἀλλά
1653 848 1814 917 μόνον

235 944 337 998 τοῦ
385 943 526 1006 ζώου
577 942 851 1012 Μπαρὰκ,
909 941 997 994 ἴνα
1047 943 1142 994 καὶ
1207 938 1372 993 πάλιν
1426 939 1590 992 αὑτὸν
1623 940 1700 1002 είς
1754 938 1815 990 τδ

237 1035 429 1088 Μεκκὲ
485 1034 855 1100 διασώσηται;
889 1033 1000 1085 Kal.
1024 1032 1110 1095 τίς
1157 1030 1302 1085 οὕτω
1343 1032 1654 1102 παράφρων
1679 1032 1707 1084 ὁ
1738 1031 1814 1101 μὴ

237 1126 350 1178 τῶν
379 1125 640 1179 τοιούτοιν
675 1122 1039 1192 κατεγνωκὼς
1069 1142 1082 1188 ἲ

313 1217 412 1270 Διά
463 1233 547 1269 τοι
595 1216 754 1268 τοῦτο
810 1215 1096 1280 παντελῶς
1145 1216 1448 1270 κωλύουσιν
1497 1217 1546 1269 οἱ
1599 1215 1814 1269 ἐκείνου

238 1306 529 1362 ἀκόλουθοι
563 1307 704 1376 μετά
733 1323 896 1360 τινων
927 1305 1294 1374 διαλέγεσθαι,
1325 1308 1421 1361 τὸν
1452 1307 1675 1375 ἔλεγχον
1702 1306 1814 1358 δειο

240 1399 501 1461 λιῶντες·
540 1398 664 1450 οὐδὲ
693 1399 803 1467 γὰρ
839 1397 1006 1468 368
1051 1396 1381 1466 ἁγνοοῦντές
1429 1399 1536 1451 εισι
1565 1397 1663 1468 τὴν
1715 1395 1814 1449 τοῦ

238 1489 566 1543 διδασκάλου
606 1488 789 1542 αὐτῶν
842 1489 1206 1558 ματαιότητα.
1249 1487 1394 1540 Ἀλλ’
1441 1488 1592 1556 ὅμως
1622 1489 1816 1542 κάκεῖ-

239 1598 324 1633 νοι
359 1579 683 1649 ἀσύμφωνοι
717 1580 860 1649 πρὸς
902 1581 1170 1650 ἀλλήλους
1220 1581 1580 1651 ὑπάρχουσιν.
1620 1583 1684 1635 0i
1715 1581 1814 1651 μὲν

239 1673 350 1739 γὰρ
379 1670 456 1741 τῷ
489 1671 588 1724 τοῦ
615 1672 848 1725 Θανάτου
894 1672 1051 1742 φόϐῳ
1091 1672 1185 1726 καὶ
1226 1673 1452 1736 ἄκοντες
1485 1672 1731 1736 ἕπονται,
1763 1673 1814 1725 εί

237 1763 285 1814 δ’
317 1764 448 1825 ἴσως
478 1763 696 1830 ἀφόϐως
733 1765 827 1817 καὶ
863 1765 920 1817 ὲν
945 1764 1162 1834 ἐξουσίᾳ
1197 1766 1304 1835 ἰδία
1350 1767 1622 1834 ἐγένοντο,
1652 1765 1813 1827 εὐθὺς

237 1856 561 1924 Χριστιανοὶ
590 1857 844 1924 ἐγένοντο
868 1857 932 1910 ἄν
955 1875 967 1888 ·
998 1859 1047 1910 οἱ
1069 1857 1126 1909 δὲ
1145 1860 1211 1926 τῇ
1246 1857 1424 1928 πλάνῃ
1448 1857 1817 1925 συναπαχθέν-
1850 1841 1889 1894 Β

236 1965 331 2008 τες
350 1948 425 2008 ὡς
454 1947 649 2015 βέϐαια
676 1951 770 2002 καὶ
791 1949 968 2017 ἀληθῆ
990 1950 1084 2000 καὶ
1108 1948 1183 2011 ὡς
1203 1948 1605 2018 ὡμολογημένα
1628 1935 1814 2018 ξχόυσι

237 2040 306 2091 τά
340 2040 431 2092 τοῦ
467 2040 716 2107 Μωάμεθ
766 2039 938 2105 ψεύδη
973 2041 1067 2091 καὶ
1109 2039 1495 2111 τερατεύματα
1516 2054 1532 2070 ·
1565 2041 1615 2092 oi
1663 2039 1720 2092 δὲ
1749 2039 1813 2091 οὐ

242 2122 530 2199 βούλονται
585 2133 888 2200 ἀποστῆναι
929 2133 1031 2200 τῆς
1065 2129 1555 2200 πατροπαραδότου
1596 2128 1813 2200 πλάνης

239 2224 422 2277 αὐτῶν
452 2225 591 2278 αἰδοῖ
617 2225 730 2277 τῶν
773 2224 999 2292 γονέων,
1050 2224 1168 2277 ἀλλ’
1197 2222 1285 2275 ἐπ’
1325 2222 1552 2283 ἐκείνοις
1599 2222 1812 2276 τιθέασι

238 2319 339 2383 τὴν
376 2319 556 2370 αἰτίαν
585 2317 687 2384 τῆς
735 2316 871 2386 πρὸς
905 2316 1041 2368 Θεὸν
1079 2313 1379 2381 ἀπολογίας
1404 2331 1419 2345 ·
1459 2315 1507 2366 oi
1545 2312 1602 2366 δὲ
1635 2313 1722 2367 διὰ
1750 2312 1813 2366 τὸ

239 2405 431 2459 ἄνετον
478 2406 572 2457 καὶ
628 2404 913 2474 ἐλεύθερον
968 2404 1230 2474 καὶπερὶ
1275 2405 1373 2464 τὰς
1421 2403 1614 2472 ἡδονὰς
1668 2402 1814 2455 ὲνδόο

242 2515 400 2567 σιμον
433 2499 492 2550 οὐ
521 2495 798 2564 βούλονται
829 2495 1132 2563 ἀποστῆναι
1169 2493 1270 2562 τῆς
1295 2495 1524 2564 πλάνης,
1555 2493 1691 2549 ἀλλά
1712 2494 1810 2563 τὴν

239 2587 582 2658 ἀκαθαρσίαν
620 2588 713 2638 καὶ
749 2587 984 2655 ματαίαν
1019 2585 1231 2638 δίαιταν
1268 2584 1684 2654 προαιροῦνται,
1725 2596 1811 2654 γο-

241 2680 543 2742 νώσκοντες
588 2681 686 2750 μὲν
716 2680 796 2732 ὃτι
847 2677 949 2731 οὒκ
995 2679 1135 2731 εἰσιν
1177 2676 1284 2730 ἀπὸ
1343 2676 1479 2730 Θεοῦ
1539 2677 1610 2730 τά
1659 2677 1811 2746 λεγό-

245 2791 404 2842 μενα,
456 2774 677 2840 λέγουσι
727 2772 772 2826 δ’
799 2773 950 2841 ὅμως
1013 2771 1297 2840 ἄντικρυς,
1346 2771 1423 2833 ὡς
1456 2769 1806 2841 προείρηται,

241 2867 326 2919 ὅτι
369 2865 522 2918 Ὀδὺν
548 2864 780 2917 ἐντολῶν
815 2879 912 2916 σου
935 2861 1142 2930 γνῶναι
1177 2863 1238 2914 οὐ
1269 2859 1556 2930 βούλομαι.
1584 2861 1692 2916 Καὶ
1721 2863 1808 2917 διὰ

241 2957 404 3011 τοῦτο
429 2957 550 3010 οὐδὲ
573 2957 999 3027 παραχωροῦσιν
1025 2955 1502 3023 ἀναγινώσκεσθαι
1523 2956 1624 3025 τὴν
1655 2957 1809 3011 θείαν

241 3048 463 3118 Γραφὴν
497 3049 626 3117 παρ’
681 3047 951 3112 ἐκείνοις,
977 3047 1064 3102 ἶνα
1107 3047 1182 3116 μὴ
1215 3047 1277 3100 τὸ
1333 3046 1429 3100 τοῦ
1485 3048 1806 3103 διδασκάλου

1923 572 2126 643 μωρία,
2177 571 2310 642 μηδὲ
2363 572 2640 626 πιστεύειν
2681 573 2870 642 ἕτερον
2929 573 3068 645 πλὴν
3114 573 3307 628 αὑτοῦ·
3338 577 3394 628 ὲν
3426 575 3481 628 δὲ

1917 663 1994 734 τῷ
2051 662 2332 732 κεφαλαίῳ
2361 663 2438 734 τῷ
2482 665 2708 735 Ἀμράμ
2759 682 2914 733 φησι,
2950 685 2967 718 ι
3015 665 3106 736 Μὴ
3157 665 3482 736 πιστεύσητε

1918 759 2106 827 ἕτερον
2162 757 2302 826 πλὴν
2362 757 2459 810 τοῦ
2503 759 2770 827 ἑπομένου
2798 758 2878 828 τῷ
2924 758 3179 829 ἡμετέρῳ
3241 759 3412 829 νόμῳ.
3459 776 3478 810 ι

1918 849 2112 904 Καίτοι
2136 865 2201 915 γε
2231 849 2291 902 τὸ
2326 849 2660 917 Εὐαγγέλιον
2688 851 2964 921 σωτηρίαν
2996 847 3138 906 εἶναι
3180 849 3356 919 λέγων
3389 852 3483 904 καὶ

1916 941 2162 1012 ὁδηγίαν,
2211 941 2313 994 καὶ
2342 941 2509 1010 μηδὲν
2554 937 2695 996 εἶναι
2724 944 2838 1006 τοῖς
2865 944 3206 1014 Σαρακηνοῖς
3239 945 3314 1012 μὴ
3345 941 3484 1011 πλη-

1922 1036 2131 1106 ρώσασι
2162 1035 2220 1088 τὸ
2267 1033 2600 1100 Εὐαγγὲλιον
2651 1033 2746 1086 καὶ
2798 1033 2890 1086 τὸν
2925 1035 3110 1102 νόμον.
3149 1033 3320 1086 Πάλιν
3371 1033 3428 1087 δι
3457 1033 3494 1085 ἀ

1917 1128 2078 1188 αὐτὸς
2113 1125 2277 1198 369
2302 1125 2494 1195 ῶσπερ
2527 1125 2916 1195 ἐπιλαθόμενος
2941 1125 3050 1178 τῶν
3083 1123 3278 1179 ἑαυτοῦ
3310 1125 3486 1192 λόγων

1919 1220 1979 1271 ὲν
2011 1217 2089 1286 τῷ
2140 1217 2287 1286 αὐτῷ
2325 1218 2610 1287 κεφαλαίῳ
2633 1217 2797 1287 φησὶν
2825 1219 2906 1272 ὅτι
2950 1217 3108 1287 Ἐμοὶ
3150 1217 3249 1288 μὲν
3283 1219 3310 1270 ό
3347 1217 3500 1286 ἐμὸς-

1919 1310 2080 1378 νόμος
2107 1311 2204 1361 καὶ
2249 1308 2379 1376 ὑμῖν
2407 1311 2434 1362 ὁ
2483 1308 2791 1377 ὑμέτερος·
2828 1309 2989 1377 ὑμεῖς
3032 1307 3314 1376 ἐλεύθεροί
3358 1309 3485 1360 ἐστε

1919 1395 2137 1468 ὧν-ὲγὼ
2173 1401 2419 1472 πράττω,
2452 1401 2607 1470 κάγὼ
2638 1394 2718 1454 ὧν.
2758 1401 2936 1471 ὑμεῖς.
2970 1399 3143 1456 Τοῦτο
3172 1399 3304 1467 γοῦν
3352 1398 3502 1453 ίδιόν.

1919 1492 2038 1545 ἐστι
2070 1492 2163 1545 τοῦ
2193 1492 2726 1561 παρατετραμμένου
2767 1492 2914 1557 νοὸς,
2939 1491 3001 1544 τὸ
3047 1491 3121 1561 μὴ
3156 1492 3315 1559 μόνον
3346 1489 3485 1559 μετὰ

1917 1581 2012 1636 τοῦ
2043 1581 2211 1635 καλοῦ
2255 1593 2315 1634 τε
2347 1583 2441 1634 καὶ
2486 1582 2699 1648 ἀγαθοῦ
2737 1582 3070 1652 ἀσύμφωνον
3102 1581 3291 1634 τοῦτον
3338 1580 3486 1649 εὑρί-

1921 1676 2171 1740 σκεσθαι,
2203 1674 2338 1728 ἀλλά
2384 1677 2481 1730 καὶ
2534 1675 2665 1744 πρὸς
2704 1673 2894 1727 ἑαυτὸν
2933 1673 3207 1742 μηδέποτε
3263 1687 3486 1740 συμφωο

1919 1767 2052 1831 νεῖν,
2084 1767 2274 1836 ῶσπερ
2305 1769 2399 1820 καὶ
2433 1773 2460 1822 ὁ
2491 1767 2679 1837 παρὼν
2704 1767 2886 1819 οὐτοσὶ
2917 1763 3159 1832 Μωάμεο
3185 1765 3239 1815 ὲν
3271 1763 3376 1833 ὅλῳ
3407 1760 3484 1830 τῷ

1918 1860 2087 1913 αὑτοῦ
2146 1861 2559 1929 συγγράμματι.
2615 1859 2695 1909 Τὰ
2741 1857 2795 1908 δὲ
2819 1858 2952 1926 ,τῶν
2997 1855 3344 1924 Χριστιανῶν
3384 1855 3483 1922 οὐχ

1920 1949 2113 2014 οὕτως,
2148 1950 2282 2002 ἀλλὰ
2315 1951 2464 2001 πᾶσα
2491 1951 2522 2016 ή
2556 1947 2675 1999 θεία
2713 1946 2927 2014 Γραφὴ.
2969 1946 3004 2014 ἦ
3030 1962 3090 1997 τε
3125 1945 3329 1996 παλαιὰ
3362 1944 3396 2011 ἦ
3424 1961 3482 1995 τε

1919 2039 2034 2101 νέα,
2070 2039 2165 2107 μία
2195 2040 2400 2107 ἑκάστη
2432 2039 2570 2107 πρὸς
2593 2035 2795 2106 ἑαυτὴν
2818 2038 2958 2088 κατά
2988 2036 3170 2088 πᾶσαν
3199 2033 3484 2103 ἀκρίϐειαν

1921 2134 2241 2200 συμφωνεῖ,
2270 2131 2365 2186 καὶ
2393 2131 2550 2194 αὖθις
2591 2132 2644 2183 αἱ
2684 2129 2779 2182 δύο
2812 2131 2950 2198 ὁμοῦ
2991 2128 3137 2181 κατά
3186 2127 3364 2179 πάντα
3391 2125 3484 2177 εύ-

1917 2225 2198 2293 ρίσκονται
2247 2223 2315 2276 ea;
2354 2222 2494 2277 αὐτὰ
2545 2225 2641 2275 καὶ
2697 2220 2997 2291 φρονοῦσαι
3050 2220 3146 2272 καὶ
3200 2218 3479 2284 λέγουσαι.

1913 2317 2022 2370 Καὶ
2053 2317 2283 2378 εἰκότως
2305 2329 2321 2347 ⁸
2355 2317 2382 2368 ὁ
2417 2314 2526 2384 γὰρ
2551 2313 2714 2374 αὐτὸς
2743 2311 2877 2375 Θεός
2909 2313 3056 2364 ἐστιν
3087 2312 3113 2363 ὁ
3136 2311 3364 2378 ποιητής
3390 2309 3483 2360 καὶ

1912 2408 2207 2476 νομοδότης
2235 2406 2334 2474 τῆς
2369 2422 2427 2458 τε
2467 2405 2592 2466 νέας
2623 2404 2719 2456 καὶ
2768 2402 3028 2462 παλαιᾶς.
3071 2398 3215 2468 Ἐγὼ
3254 2399 3309 2450 δὶ
3345 2397 3485 2466 τάχα

1912 2497 1977 2551 ἂν
2007 2497 2148 2566 μετά
2167 2514 2226 2548 τε
2267 2496 2496 2550 Ἦσαῖου
2525 2495 2619 2548 καὶ
2641 2492 2808 2546 Δαϐὶδ
2829 2492 2937 2545 τῶν
2968 2489 3266 2559 προφητῶν
3287 2485 3438 2541 εἷπον
3463 2501 3477 2516 ·

1919 2607 1938 2640 ι
1981 2587 2096 2640 Ἵνα
2122 2589 2196 2655 τί,
2226 2586 2571 2657 Κύριεμιδὸς
2603 2584 2815 2638 ἀσεϐῶν
2843 2581 3122 2635 εὐοδοῦται
3148 2598 3160 2645 ;
3206 2599 3224 2632 ι
3259 2581 3369 2631 Καὶ
3400 2579 3484 2631 ὃτι

1911 2679 2048 2750 ἐμοῦ
2088 2681 2240 2750 παρά
2273 2681 2466 2750 μικρὸν
2500 2678 2872 2743 ὲσαλεύθησαν
2905 2677 2955 2728 οἱ
3003 2676 3186 2736 πόδες,
3215 2673 3346 2742 παρ’
3371 2671 3483 2723 ὀλί-

1909 2790 2006 2840 γον
2045 2772 2271 2844 ὲξεχύθη
2322 2773 2391 2825 τὰ
2428 2771 2742 2842 διαϐήματά
2785 2785 2914 2822 σουο
2946 2768 3028 2821 ὅτι
3078 2765 3328 2836 ἐζήλωσα
3382 2765 3482 2816 ἐπὶ

1908 2871 2021 2930 τοῖς
2050 2856 2294 2934 ἀνόμοις,
2329 2866 2554 2935 εἰρήνην
2589 2860 2932 2932 ἁμαρτωλῶν
2968 2857 3192 2928 θεωρῶν
3222 2872 3236 2886 ’
3268 2857 3350 2910 ὅτι
3377 2855 3480 2908 οὐκ

1909 2958 2058 3010 ἔστιν
2094 2943 2390 3018 ἁνάνευσῖς
2422 2956 2482 3008 ὲν
2506 2955 2585 3023 τῷ
2613 2952 2832 3021 θανάτῳ
2864 2950 3047 3005 αὐτῶν
3072 2949 3166 3002 καὶ
3189 2946 3477 3016 στερέωμα

1910 3052 1968 3103 ὲν
2001 3053 2066 3121 τῇ
2105 3051 2332 3120 μάστιγι
2361 3047 2562 3112 αὐτῶν,
2595 3048 2654 3098 ἐν
2687 3044 2878 3105 κόποις
2912 3040 3217 3112 ἀνθρώπων
3240 3038 3341 3093 οῦκ
3371 3037 3480 3090 eis:

243 3142 424 3196 αὐτῶν
451 3140 646 3210 ψεῦδος
691 3142 772 3202 εἰς
806 3140 1030 3210 ἔλεγχον
1069 3139 1219 3211 ἔλθῃ.
1261 3141 1348 3192 Ἐν
1383 3144 1492 3210 γάρ
1539 3141 1615 3210 τῷ
1643 3158 1810 3210 κεφαρ
1843 3166 1886 3225 c
1917 3146 2011 3196 καὶ
2051 3145 2193 3213 μετὰ
2221 3143 2527 3212 ἀνθρώπων
2553 3141 2614 3194 ού
2643 3138 3176 3210 μαστιγωθήσονται.
3205 3134 3302 3188 Διά
3329 3131 3484 3186 τοῦτο

244 3233 380 3304 λαίῳ
413 3234 492 3302 τῷ
533 3234 690 3286 Ἰωνᾶ
733 3233 874 3286 οὕτω
923 3232 1114 3303 φησὶν,
1166 3234 1253 3285 ὅτι
1301 3233 1407 3285 κᾶν
1449 3233 1634 3296 ὁποῖός
1678 3251 1808 3286 ποτε

247 3414 587 3480 incorporea,
651 3426 771 3478 qua:
804 3411 1024 3480 quidem
1076 3422 1330 3480 tempore
1351 3412 1674 3468 brevissimo
1727 3427 1813 3478 ea,

245 3519 367 3573 qua:
391 3503 529 3556 infra
556 3504 751 3558 coelum
793 3513 945 3568 sunt,
983 3520 1113 3560 aera
1145 3517 1199 3561 et
1232 3507 1433 3562 aethera
1462 3516 1516 3561 et
1549 3507 1635 3561 his
1667 3507 1818 3560 simi-

245 3598 338 3663 lia,
367 3599 596 3651 transire
628 3597 879 3664 possunt?
901 3597 1148 3667 Autquid
1173 3597 1502 3652 Moliametes
1527 3599 1734 3665 angelis
1762 3600 1814 3651 in

246 3702 476 3741 ascensu
499 3691 710 3757 egebat,
743 3697 802 3742 ut
854 3688 908 3742 in
940 3687 1073 3742 crela
1132 3689 1200 3742 ah
1246 3689 1312 3742 iis
1372 3687 1713 3751 eveheretur,
1759 3687 1813 3740 in

245 3777 507 3831 descensu
542 3794 644 3830 non
671 3780 881 3846 egebat,
921 3779 1016 3834 sed
1045 3780 1160 3834 sola
1187 3779 1360 3833 bestia
1381 3777 1554 3832 Barac
1573 3792 1704 3832 usus
1731 3785 1818 3830 est

246 3877 305 3921 ut
343 3867 576 3922 Meecam
618 3869 843 3923 rediret?
871 3869 1004 3936 Quis
1024 3871 1160 3924 adeo
1189 3867 1390 3925 stultus
1427 3868 1520 3935 sit,
1543 3867 1640 3938 qui
1696 3868 1813 3921 hac

246 3961 596 4030 improbanda
623 3975 742 4014 esse
780 3976 888 4014 on
923 3959 1161 4014 sentiat?

311 4052 516 4106 Carent
541 4050 763 4105 omnino
789 4051 926 4104 hanc
954 4051 1024 4104 ob
1059 4063 1276 4105 causam
1306 4047 1455 4103 illius
1485 4050 1732 4113 asseclae,
1751 4063 1822 4105 ne

243 4157 362 4197 cum
419 4156 694 4210 quoquam
749 4140 1044 4210 disputent,
1121 4139 1509 4194 refutationem
1561 4148 1814 4196 metuen-

245 4245 346 4288 tes.
395 4232 583 4303 Neque
632 4233 780 4287 enim
843 4233 1094 4302 ignorant
1159 4230 1405 4300 magistri
1458 4232 1545 4286 sui
1599 4232 1810 4287 vanita-

245 4337 371 4383 tem.
431 4325 610 4380 Nihilo
676 4335 854 4380 tamen
917 4325 1100 4378 munus
1131 4323 1234 4392 ipsi
1289 4323 1433 4378 inter
1491 4337 1548 4378 se
1609 4323 1822 4378 dissen-

246 4422 405 4476 riunt.
425 4419 528 4474 Alii
562 4419 706 4474 enim
731 4419 884 4473 inviti
927 4425 1072 4472 metu
1106 4417 1295 4472 ortis
1327 4431 1454 4471 eum
1492 4423 1818 4484 sequuntur.

244 4510 428 4578 qui,si
473 4511 668 4564 timore
719 4509 875 4564 vacui
927 4517 983 4563 et
1039 4509 1124 4563 sui
1175 4507 1316 4576 juris
1353 4517 1560 4570 essent,
1614 4506 1796 4561 statim
1833 4518 1876 4574 ι)

243 4599 536 4654 Christiani
562 4601 773 4661 ﬁerent;
800 4599 915 4662 alii,
947 4611 1134 4652 errore
1158 4597 1429 4664 obstricti,
1485 4607 1543 4651 ut
1579 4606 1726 4650 certa
1753 4605 1808 4651 et

246 4707 366 4744 vera
397 4699 451 4746 et
475 4691 694 4760 probata
750 4698 1076 4745 venerantur
1127 4690 1407 4745 mendacia
1460 4699 1514 4744 et
1564 4688 1807 4758 prodigia

247 4783 580 4849 Mohametis;
614 4783 703 4836 alii
732 4797 761 4836 a
789 4781 1086 4851 majoribus
1140 4781 1244 4838 sibi
1299 4783 1528 4854 traditos
1592 4794 1810 4835 errores

246 4883 460 4943 propter
517 4872 897 4928 verecundiam
964 4884 1250 4942 parentum
1318 4872 1629 4940 relinquere
1699 4885 1807 4925 non

245 4967 459 5027 audent,
495 4955 590 5020 sed
651 4965 751 5018 hos
783 4964 884 5018 sibi
946 4965 1011 5018 ad
1078 4963 1242 5018 Deum
1299 4962 1642 5018 excusationi
1695 4961 1811 5016 lore

245 5058 541 5120 conﬁdunt;
591 5056 684 5110 alii
735 5055 970 5124 denique
1031 5064 1248 5124 propter
1305 5054 1697 5122 indulgentiam
1757 5063 1812 5108 et

247 5150 542 5202 libertatem
573 5156 629 5202 et
666 5148 875 5202 veniam
932 5147 1208 5215 explendae
1262 5145 1506 5201 libidinis
1560 5160 1800 5200 errorem

245 5245 494 5294 deserere
519 5250 797 5302 recusant,
821 5250 985 5308 atque
1019 5239 1284 5308 impuram
1317 5251 1371 5292 et
1401 5253 1590 5291 vanam
1645 5237 1808 5290 vitam

245 5332 682 5400 przeoptant,qui
746 5347 867 5400 qua:
933 5331 1219 5395 docentur,
1281 5329 1462 5383 divina
1515 5344 1621 5383 non
1691 5344 1812 5383 esse

249 5424 409 5491 probe
438 5423 638 5486 sciunt,
668 5421 785 5485 sed,
815 5429 873 5475 ut
896 5421 1031 5484 dixi,
1057 5420 1268 5488 liquido
1293 5421 1638 5488 proﬁtentur,
1662 5421 1807 5475 viam

245 5512 616 5566 mandatorum
655 5511 748 5566 Dei
781 5526 942 5566 nosse
964 5526 1023 5566 se
1053 5512 1215 5565 nolle.
1266 5509 1464 5564 Eadem
1526 5510 1593 5564 de
1646 5525 1814 5564 causa

246 5618 340 5655 nec
382 5617 569 5656 sacras
607 5600 841 5658 Litteras
881 5602 984 5668 legi
1045 5601 1381 5670 permittunt,
1446 5613 1513 5653 ne
1567 5597 1809 5668 magistri

247 5693 324 5747 sui
355 5691 636 5746 mendacia
659 5701 1042 5763 agnoscantur.
1072 5693 1127 5746 In
1155 5692 1330 5760 capite
1352 5691 1495 5746 'Jona
1529 5693 1669 5745 cnim
1726 5691 1811 5745 di-

254 5782 342 5851 cit,
363 5781 672 5855 quicunque
691 5785 959 5842 Coranum
991 5784 1316 5855 impugnans
1345 5781 1808 5853 deprehendatur,

1919 3239 2224 3308 ἐκράτησεν
2254 3237 2452 3327 αὐτοὺς
2483 3238 2516 3305 ή
2547 3236 2922 3306 ὑπερηφάνεια
2953 3232 3033 3294 είς
3063 3230 3215 3291 τέλος
3245 3243 3259 3257 ·
3297 3242 3485 3296 aspis-

1918 3437 2042 3478 oum
2069 3433 2242 3476 morte
2269 3407 2608 3475 mult'andum
2629 3432 2774 3482 esse,
2807 3430 2906 3472 nec
2921 3422 3172 3485 oportere
3203 3412 3482 3481 cuiquam,

1921 3515 2020 3567 nisi
2042 3513 2166 3576 sibi,
2197 3512 2368 3576 credi;
2402 3511 2540 3564 idem
2575 3509 2629 3563 in
2679 3509 2853 3577 capite
2873 3505 3091 3562 Amram
3126 3503 3257 3556 dicit
3285 3519 3299 3554 :
3338 3519 3355 3550 ι
3379 3496 3485 3551 Ne-

1921 3603 2053 3656 mini
2081 3601 2306 3664 credite,
2337 3600 2448 3653 nisi
2487 3598 2578 3667 qui
2611 3597 2713 3666 legi
2741 3607 2943 3650 nostra!
2968 3594 3328 3664 obtemperat.
3356 3607 3374 3640 ι
3418 3586 3486 3639 Et

1921 3700 2098 3746 tamen
2125 3689 2471 3760 Evangelium
2491 3688 2722 3743 salutem
2746 3696 2800 3740 et
2821 3686 2957 3738 viam
2981 3682 3233 3750 appellat.
3253 3679 3454 3734 ctSara
3471 3705 3484 3715 -

1920 3793 2114 3843 cenos,
2137 3777 2240 3830 nisi
2264 3775 2364 3843 legi
2391 3785 2444 3830 et
2463 3773 2754 3842 Evangelio
2777 3769 3134 3832 satisfaciant,
3160 3767 3294 3820 nihil
3328 3778 3482 3835 agere

1921 3871 2072 3925 dicit.
2109 3871 2318 3922 llursns
2343 3868 2496 3935 quasi
2533 3864 2754 3927 oblitus,
2805 3868 3077 3932 quat-ante
3125 3857 3372 3914 dixisset.
3435 3855 3485 3908 in

1921 3961 2108 4015 eodem
2137 3959 2341 4028 capite,
2393 3955 2572 4020 illlihi,
2605 3955 2800 4022 inquit,
2833 3968 2950 4006 Inea
2982 3951 3090 4017 lex,
3128 3951 3283 4006 vobis
3307 3956 3487 4003 vestra

1920 4061 2025 4116 est;
2055 4065 2148 4105 vos
2177 4064 2385 4109 eorum.
2413 4063 2532 4117 quae
2563 4061 2662 4116 ego
2689 4045 2857 4109 l'aeio,
2882 4053 3132 4113 expertes
3181 4043 3336 4107 estis,
3387 4056 3486 4109 ego

1920 4154 2110 4196 eorum
2171 4153 2292 4209 quae
2353 4153 2447 4192 vos
2503 4135 2734 4190 tacitis.»
2773 4134 3037 4188 Nimirum
3088 4133 3290 4184 insanae
3327 4145 3482 4183 men-

1924 4236 1996 4289 tis
2033 4243 2136 4294 est,
2190 4246 2296 4286 non
2328 4231 2506 4285 solum
2536 4244 2655 4283 eum
2693 4229 2853 4282 bonis
2899 4225 3343 4294 sapientibusque
3377 4237 3485 4274 non

1922 4323 2250 4388 consentire,
2305 4323 2398 4377 sed
2452 4321 2614 4376 etiam
2667 4333 2853 4374 secum
2893 4331 3154 4387 pugnare,
3197 4322 3252 4366 nt
3303 4311 3486 4364 Moha-

1923 4425 2092 4471 metes
2150 4415 2239 4468 hic
2305 4414 2359 4467 in
2427 4421 2539 4467 toto
2596 4411 2734 4466 libro
2799 4425 2896 4464 suo
2944 4409 3089 4461 facit.
3185 4403 3336 4458 Haud
3402 4418 3490 4456 ca-

1924 4507 2044 4561 dem
2107 4505 2246 4559 ratio
2273 4504 2707 4571 Christiauorum
2765 4500 3024 4555 librorum
3085 4505 3190 4560 est,
3247 4494 3340 4552 sed
3370 4510 3490 4547 om-

1916 4598 2001 4652 nis
2061 4611 2214 4652 sacra
2273 4595 2576 4664 Scriptura,
2631 4601 2743 4647 tum
2771 4601 2925 4647 vetus
2986 4598 3097 4643 tum
3149 4600 3312 4651 nova,
3379 4599 3489 4640 non

1918 4689 2094 4744 solum
2128 4703 2224 4757 pro
2258 4702 2317 4742 se
2340 4695 2569 4754 utraque
2601 4682 3011 4738 accuratissime
3037 4695 3223 4738 arcum
3265 4690 3490 4732 concor-

1917 4789 2028 4844 dat,
2057 4779 2150 4834 sed
2167 4779 2327 4832 etiam
2353 4775 2542 4830 ambas
2567 4783 2744 4844 partes
2771 4788 2990 4842 prorsus
3018 4773 3158 4826 inter
3183 4785 3241 4825 se
3262 4784 3490 4824 consen-

1918 4873 2115 4926 tientes
2143 4879 2196 4924 et
2223 4875 2586 4936 congruentes
2616 4864 2796 4920 habet.
2851 4862 3114 4917 Nimirum
3141 4861 3283 4915 idem
3348 4859 3495 4914 Deus

1916 4974 2106 5018 auctor
2139 4971 2193 5016 et
2220 4959 2496 5028 legislator
2547 4971 2697 5011 novae
2718 4965 2773 5011 et
2824 4955 3023 5009 veteris
3046 4952 3339 5021 Scriptum
3385 4961 3486 5007 est.

1873 5054 2206 5114 .Enimvero
2254 5064 2379 5103 rum
2427 5047 2575 5116 Isaia:
2605 5057 2659 5102 et
2689 5046 2886 5099 Davide
2946 5044 3224 5114 prophetis
3275 5057 3485 5111 rogare,

1924 5165 1942 5198 ι
1967 5146 2163 5210 Quare,
2190 5141 2434 5202 Domine,
2470 5139 2550 5191 via
2585 5137 2870 5206 impiorum
2921 5133 3209 5189 sternitur?
3237 5153 3255 5185 ι
3327 5143 3490 5200 atque

1918 5236 2098 5290 dicere
2124 5231 2352 5301 possim,
2385 5246 2492 5284 non
2530 5229 2783 5295 paullum
2812 5226 3073 5288 abfuisse,
3097 5227 3225 5293 quin
3247 5223 3488 5282 labarent

1919 5325 2080 5394 pedes
2103 5324 2206 5377 mei
2238 5331 2292 5376 et
2323 5320 2535 5374 fallerer
2565 5318 2824 5388 vestigio;
2860 5315 3114 5370 invidisse
3169 5331 3254 5368 me
3285 5313 3488 5380 impiis,

1918 5431 2041 5469 cum
2104 5411 2342 5467 viderem
2390 5411 2730 5480 peccantium
2787 5423 3015 5477 pacem;
3084 5405 3284 5460 nullam
3334 5403 3485 5457 cerni

1919 5505 2370 5575 improbationem
2402 5503 2456 5555 in
2482 5513 2653 5556 morte
2680 5515 2868 5554 eorum
2905 5514 3000 5553 nec
3059 5496 3370 5551 ﬁrmitatem
3428 5491 3484 5544 in

1918 5595 2636 5666 eoruml'lagellatione,eos
2703 5593 2962 5648 aerumnis
3014 5589 3296 5643 hominum
3358 5599 3468 5637 non

1921 5688 2186 5742 obnoxios
2246 5700 2388 5748 esse,
2463 5700 2562 5738 nec
2615 5699 2736 5738 cum
2821 5679 3131 5734 hominibus
3201 5670 3483 5740 castigari.

1921 5781 2260 5852 Quapropter
2301 5777 2495 5835 invasit
2525 5792 2619 5834 eos
2649 5783 2978 5848 postremum
3015 5763 3272 5837 superbia
3319 5773 3485 5833 atque
