4022 6294
577 277 673 338 ΩΓῙ
1824 287 2148 350 CEOﬂGll
2193 292 2618 358 PHRANTZJE

576 387 805 439 ϐάλλοιτο
837 388 1055 441 ἀδικίαν
1090 391 1182 442 καὶ
1215 392 1469 446 ἀσέϐειαν
1499 397 1729 453 ἑαυτῶν.
1773 400 2148 468 Ἐξελεύσεται
2179 407 2221 460 Α
2255 405 2434 474 μόνων
2459 412 2673 481 ἀφῆκεν
2703 413 2858 477 ἐκτὸς
2885 415 2984 484 τῆς
3029 417 3326 481 κολάσεως.
3361 419 3482 470 Καὶ
3524 417 3809 479 εἰκότως
3838 439 3852 449 -
3884 427 3908 474 ἑ

573 480 647 543 ὡς
692 483 753 534 ἐκ
789 484 1006 544 στέατος
1042 485 1072 551 ἡ
1108 485 1289 537 ἀδικία
1322 488 1501 540 αὐτῶν
1525 506 1539 520 '
1585 491 1874 560 διήλθοσαν
1909 497 1989 558 είς
2031 497 2148 551 διά-

577 572 728 624 θεσιν
759 573 986 642 καρδίας
1013 591 1026 604 '
1058 575 1416 649 διενοήθησαν
1445 585 1538 635 καὶ
1591 587 1864 656 ἐλάλησαν
1887 591 1944 641 ὲν
1975 607 2144 660 πονη-

579 665 668 732 ρίᾳ
696 680 711 694 ο
739 664 953 717 ἀδικίαν
984 668 1068 730 εἰς
1097 668 1157 720 τὸ
1185 670 1316 737 ὕψος
1361 673 1648 743 ἐλάλησαν.
1689 679 1917 740 Ἕθεντο
1941 682 2019 744 εἰς
2047 683 2141 734 οὐ·

577 755 772 820 ρανοὺς
801 757 860 809 τὸ
893 760 1069 828 στόμα
1103 761 1264 832 370
1291 766 1491 832 αὐτῶν,
1524 771 1617 822 καὶ
1647 772 1676 838 ή
1710 771 1932 838 γλῶσσα
1961 773 2142 826 αὐτῶν

572 849 788 913 διῆλθεν
820 852 912 903 ἐπὶ
938 854 1035 920 τῆς
1060 859 1184 923 γῆς.
1219 858 1382 912 Ἀλλὰ
1417 862 1513 914 σὺν
1540 863 1628 928 τῷτ
1654 864 1949 936 θεοπάτορι
1976 868 2142 920 Δαϐὶδ

503 1001 512 1031 ἔ
572 939 666 990 καὶ
696 941 854 1004 αὐτὸς
885 947 1230 1017 κεκράξομαι
1259 953 1340 1003 ὅτι
1369 954 1466 1005 Δια
1493 954 1588 1017 τὰς
1616 956 1932 1026 δολιότητα;
1963 961 2141 1014 αὐτῶν

570 1028 695 1080 ἔθου
734 1036 920 1097 αὐτοῖς
948 1038 1112 1102 κακά,
1157 1040 1328 1109 Κύριε
1354 1059 1366 1072 ·
1414 1045 1710 1110 κατέϐαλες
1748 1052 1944 1114 αὐτοὺς
1979 1054 2035 1104 ἐν
2064 1053 2139 1122 τῷ

570 1120 900 1190 ἐπαρθῆναι.
957 1129 1080 1190 Πῶς
1109 1132 1357 1196 ἐγένοντο
1403 1137 1484 1198 είς
1531 1139 1840 1214 ἐρήμωσιν,
1868 1143 2092 1207 ἐξάπινα
2122 1164 2135 1210 ;

583 1211 884 1276 ’ίῗξέλιπον,
941 1219 1225 1274 ἀπώλοντο
1252 1226 1337 1276 διὰ
1364 1226 1459 1295 τὴν
1498 1230 1726 1298 ἀνομίαν
1757 1211 1959 1296 αθτῶν,
2005 1234 2138 1288 ὡσεὶ

570 1305 822 1359 ἐνύπνιον
852 1309 1291 1381 ἐξεγειρομένου.
1324 1320 1519 1390 Κύριε,
1547 1323 1602 1375 ὲν
1634 1326 1698 1394 τῇ
1737 1325 1889 1378 πόλει
1918 1344 2012 1379 σου
2036 1329 2135 1396 τὴν

565 1397 748 1450 εἰκόνα
774 1403 953 1456 αὐτῶν
979 1406 1385 1474 ,ὲξουδενώσειςσ

639 1490 758 1545 Ἔτι
798 1497 856 1548 ὲν
887 1497 964 1567 τῷ
1015 1502 1166 1572 αὐτῷ
1201 1505 1484 1574 κεφαλαίῳ
1528 1508 1674 1575 λέγει
1706 1511 1732 1561 6
1762 1511 2010 1579 Μωάμεθ
2050 1514 2131 1566 ὅτι

559 1584 608 1635 οἱ
637 1585 890 1654 δαίμονες
931 1592 1169 1663 σωθῆναι
1217 1597 1522 1664 μέλλουσιν,
1569 1600 1837 1670 Ὠριγένει
1867 1607 2132 1675 αίρετικῴ

557 1676 890 1736 ἀκολουθῶν.
944 1684 1052 1737 Καὶ
1084 1687 1164 1740 ὅτι
1206 1690 1306 1758 μὲν
1355 1693 1412 1743 ἐν
1455 1692 1631 1763 ἑτέρῳ
1663 1695 1814 1764 τόπῳ
1850 1699 2013 1765 φησὶν
2046 1700 2128 1752 ὅτι

559 1770 745 1822 πολλοὶ
788 1774 898 1826 τῶν
932 1776 1203 1846 δαιμόνων
1256 1785 1589 1848 ἀκούσαντες
1629 1788 1688 1839 τὸ
1736 1789 1829 1841 τοῦ
1884 1792 2127 1859 Μωάμεθ

557 1866 730 1930 κηρὰν
775 1867 1283 1940 ἁναγινωσκόμενον
1336 1875 1604 1945 ἐπῄνεσαν
1669 1883 1761 1932 καὶ
1811 1883 2128 1948 ἐθαύμασαν

558 1957 654 2006 καὶ
685 1961 1075 2026 πεστεύσαντες
1129 1965 1276 2036 αὐτῷ
1331 1969 1657 2038 ἐσώθησανο
1709 1974 1846 2025 ἀλλὰ
1881 1975 1975 2027 νῦν
2028 1978 2128 2046 οὐχ

555 2047 751 2112 οὕτως,
786 2051 924 2106 ἀλλὰ
968 2055 1276 2123 καθολικῶς
1323 2062 1472 2131 λέγει
1523 2068 1617 2118 καὶ
1657 2070 2014 2139 ἀποφαίνεται
2047 2077 2126 2127 ὅτι

557 2143 801 2209 σωθῆναι
853 2147 1142 2212 μέλλουσιν
1175 2153 1222 2203 οί
1273 2154 1544 2223 δαίμονες.
1588 2160 1759 2231 Είπερ
1801 2165 1930 2230 γοῦν
1967 2167 2128 2220 δύνα-

553 2249 640 2285 ται
674 2235 917 2302 σωθῆναι
947 2237 1028 2304 εἷς
1056 2246 1150 2295 καὶ
1178 2245 1343 2313 μόνος
1381 2248 1446 2300 ὲκ
1480 2249 1574 2302 τοῦ
1608 2253 1891 2320 τάγματος
1921 2258 2122 2325 αὐτῶν,

551 2323 807 2380 δύνανται
845 2330 1086 2399 σωθῆναι
1122 2337 1212 2387 καὶ
1241 2337 1461 2402 πάντες.
1506 2341 1647 2394 Ἀλλ’
1671 2343 1860 2414 ὥσπερ
1894 2351 2123 2401 πάντοτε

550 2420 714 2482 αὐτὸς
757 2422 937 2491 ἐαυτῷ
961 2426 1235 2495 ἀντιλέγει
1272 2432 1365 2483 καὶ
1416 2435 1775 2498 ἐναντιοῦται,
1829 2439 2000 2503 οὕτως
2030 2444 2122 2494 καὶ

550 2513 694 2566 κατὰ
719 2515 778 2567 τὸ
815 2518 991 2586 παρὸν
1011 2521 1171 2584 αὐτὸς
1202 2523 1292 2576 καὶ
1319 2525 1366 2576 οἱ
1410 2527 1528 2594 μετ’
1559 2528 1724 2582 αὐτοῦ
1776 2533 1917 2584 κατὰ
1947 2534 2122 2586 πάντα

549 2605 771 2673 λέγουσι
799 2610 860 2661 τὸ
891 2612 1225 2682 Εὒαγγὲλιον
1263 2618 1472 2671 τέλειον
1507 2621 1599 2672 καὶ
1631 2623 1786 2688 ἅγιον
1817 2625 1908 2676 καὶ
1953 2629 2124 2696 σωτή-

549 2719 665 2768 ριον
691 2701 766 2766 ὡς
797 2703 891 2758 τοῦ
925 2709 1162 2778 Χριστοῦ
1194 2711 1406 2778 λόγους,
1433 2713 1528 2766 νῦν
1551 2715 1595 2766 δ’
1634 2716 1710 2774 ὡς
1740 2720 1834 2770 καὶ
1863 2720 2120 2784 πολλάκις

491 2844 494 2848 .
546 2796 769 2849 ἐναντία
815 2800 990 2870 τούτῳ
1022 2802 1252 2856 καθόλου
1305 2804 1578 2869 λέγουσιν.
1625 2807 1683 2860 Ὀ
1727 2810 1836 2878 γὰρ
1885 2813 2120 2880 Χριστὸς

544 2889 721 2950 οὕτως
757 2890 950 2961 εἴρηκε
989 2895 1124 2963 πρὸς
1153 2898 1281 2960 τοὺς
1309 2898 1409 2967 τῆς
1448 2901 1675 2970 γεέννης
1707 2903 1892 2967 ἀξίους
1921 2920 1932 2933 ⁸
1974 2924 1989 2954 ι
2019 2907 2119 2958 llo-

547 2978 773 3046 ρεύεσθε
803 2983 899 3035 ἀπ’
929 2984 1096 3053 ὲμοῦ,.
1127 2987 1175 3038 oi
1211 2991 1617 3059 κατηραμένοι,
1655 2994 1736 3055 είς
1757 2993 1817 3045 τὸ
1840 2994 1950 3063 πῦρ
1982 2998 2114 3047 αἰώ-

543 3087 658 3122 νιον
689 3074 749 3124 τὸ
778 3074 1188 3143 ἡτοιμασμένον
1214 3081 1291 3142 τῷ
1325 3081 1560 3152 διαϐόλῳ
1603 3087 1692 3137 καὶ
1724 3090 1834 3149 τοῖς
1863 3088 2115 3155 ἀγγέλοις

543 3165 701 3235 371
737 3168 923 3221 αὐτοῦ.
960 3187 978 3220 ι
1019 3170 1191 3224 Τοῦτο
1219 3175 1398 3228 τοίνυν
1425 3175 1594 3230 εῑπὼν
1635 3179 1824 3234 οὐδένα
1857 3182 1964 3235 τῶν
1995 3181 2110 3234 δαι-

543 3354 836 3408 cinxerunt
861 3370 918 3410 se
943 3356 1206 3428 injustitia
1245 3369 1296 3414 et
1315 3360 1610 3431 impietate.
1637 3349 1956 3425 'Emanabit
1999 3381 2119 3426 tan-

541 3465 704 3514 quam
735 3465 800 3503 ex
842 3449 999 3518 adipe
1053 3451 1318 3522 iniustitia
1347 3471 1533 3510 eorum
1565 3477 1578 3522 ;
1614 3475 1994 3527 processerunt
2047 3469 2112 3520 ad

540 3544 946 3609 ciumponcndos
974 3544 1205 3603 animos.
1272 3547 1512 3602 meditati
1571 3561 1624 3604 et
1664 3555 1828 3607 locuti
1885 3569 2013 3610 sunt
2060 3559 2112 3612 in

540 3637 826 3698 nrav'tate,
859 3635 1196 3706 iniquitatem
1223 3641 1402 3695 verbis
1419 3642 1750 3705 extulerunt;
1778 3648 2115 3704 collocarunt

538 3727 593 3779 iu
622 3728 776 3782 caelis
801 3744 861 3782 os
893 3745 1072 3797 suum,
1109 3740 1159 3784 et
1201 3733 1380 3802 lingua
1408 3751 1595 3789 eorum
1617 3738 1681 3789 ad
1716 3747 1913 3793 terram
1952 3758 2116 3808 pcne-

538 3820 722 3873 travit.
788 3821 852 3873 At
905 3821 1042 3876 idem
1096 3840 1217 3876 cum
1286 3834 1435 3894 patre
1496 3828 1587 3882 Dei
1657 3829 1854 3886 Davide
1914 3834 2112 3889 dicam:

544 3911 805 3979 «Propter
837 3912 1055 3969 fraudes
1085 3932 1275 3971 eorum
1312 3918 1583 3974 immisisri
1619 3922 1683 3976 iis
1708 3925 1869 3992 mala,
1926 3926 2114 3982 Domi-

539 4019 607 4055 ne
637 4020 650 4054 :
679 4003 925 4070 dcjecisti
955 4021 1050 4060 eos
1079 4009 1205 4059 dum
1237 4025 1294 4062 se
1322 4009 1574 4064 eli‘erunt.
1604 4011 1777 4076 Quam
1812 4017 2113 4086 praecipites

540 4093 649 4145 dati
685 4104 810 4148 sunt
835 4095 884 4146 in
920 4095 1598 4164 miseriam!Defecerunt,
1631 4106 1911 4170 perierunt
1969 4107 2115 4175 inju-

538 4188 680 4240 stitia
743 4202 862 4252 sua,
908 4195 1166 4256 tanquam
1201 4192 1474 4244 somnium
1506 4195 2114 4263 expergisccntis.Dele-

535 4277 642 4338 bis,
678 4274 921 4342 Domine,
957 4280 1008 4333 in
1035 4281 1167 4334 urbe
1201 4291 1287 4333 tua
1316 4281 1602 4349 imaginem
1639 4299 1849 4340 eorum,
1881 4306 1897 4336 ι

2249 505 2359 575 γάρ
2392 508 2742 576 σεσωσμένος
2769 508 2866 561 σὺν
2896 511 3159 581 μετανοίᾳ
3205 513 3264 564 τὸ
3300 513 3450 564 κατά
3488 512 3786 580 δύναμιν
3818 521 3899 566 72':

2248 599 2410 660 αὐτὸς
2465 601 2763 666 συμϐάλλει
2813 601 2897 654 διὰ
2953 603 3203 669 πράξεως
3251 605 3334 666 εἰς
3372 605 3484 666 τὴν
3538 604 3658 671 τῆς
3717 620 3896 671 sum;

2251 690 2372 757 Ρίας
2405 691 2542 743 ὀδόν.
2587 693 2709 744 Ἐπὶ
2765 694 2875 764 γὰρ
2905 695 2998 747 τοῦ
3050 696 3305 760 σώματος
3361 697 3431 747 οὐ
3487 695 3773 747 δύναται
3810 697 3888 748 5-,.

2248 779 2470 847 θρωπος
2493 785 2716 852 ποιῆσαι
2756 784 2816 836 τὸ
2845 785 2986 838 κατὰ
3014 785 3269 854 βούλησιν
3299 787 3425 856 ἦτοι
3452 788 3526 838 τὸ
3570 789 3662 855 μὴ
3709 790 3886 854 ἐμπε-

2248 877 2360 927 σεῖν
2395 877 2478 939 εἰς
2528 876 2703 940 νόσον,
2749 877 2781 946 ἦ
2822 878 3082 948 ἐμπεσὼν
3111 881 3208 932 οὐκ
3260 881 3377 948 ἔχει.
3437 881 3546 932 ἐπ’
3613 880 3880 944 ἐξουσίας

2245 967 2566 1019 ἐπανελθεῖν
2605 970 2685 1029 είς
2733 970 2836 1038 τὴν
2877 971 3154 1039 προτέραν
3181 972 3402 1038 ὑγίειαν
3429 985 3444 999 ⁸
3481 970 3606 1024 ἐπὶ
3670 971 3742 1022 δὲ
3793 974 3878 1038 si;

2243 1057 2424 1127 ψυχῆς
2453 1059 2551 1128 οὐχ
2585 1060 2779 1124 οὕτως,
2813 1061 2951 1113 ἀλλὰ
2984 1065 3090 1124 πᾶς
3123 1080 3206 1125 τις
3238 1065 3562 1133 ἄνθρωπος
3590 1065 3698 1114 ἐπ’
3733 1065 3875 1125 ἔξω·

2245 1151 2367 1212 σίας
2400 1153 2517 1219 ἔχει
2555 1153 2639 1204 ἵνα
2683 1153 2757 1221 μὴ
2791 1155 3040 1225 ἁμάρτῃ,
3071 1157 3212 1224 ὅπερ
3245 1156 3399 1208 ἐστὶν
3440 1154 3753 1208 ἀσθένεια
3783 1157 3872 1223 (ξιιμ
3951 1147 3953 1150 ’

2241 1241 2374 1310 χῆς·
2426 1244 2694 1312 ἁμαρτὼν
2723 1246 2778 1298 δὲ
2808 1246 2889 1308 είς
2927 1245 3036 1314 τὴν
3075 1245 3239 1298 αὐτοῦ
3288 1245 3535 1315 θέλησίν
3574 1247 3756 1297 ἐστιν
3793 1247 3870 1298 ἵνα

3549 1337 3749 1405 μόνον
3794 1339 3866 1397 εἱς

2236 1423 2337 1491 τὴν
2386 1423 2658 1492 προτέραν
2692 1425 2904 1490 ὑγίειαν
2937 1425 3040 1492 τῆς
3083 1426 3261 1496 ψυχῆς
3308 1425 3675 1490 ἐπανέλθοι,
3733 1426 3866 1478 ἀλλὰ

2237 1515 2330 1566 καὶ
2369 1515 2550 1584 πολλῷ
2592 1515 2668 1585 τῷ
2705 1517 2889 1586 μέτρῳ
2921 1518 3156 1588 ὑπερϐῇ,
3206 1519 3300 1570 καὶ
3335 1519 3367 1587 ἢ
3404 1519 3513 1570 σὺν
3557 1521 3640 1587 τῇ
3687 1534 3862 1586 μετα-

2235 1605 2374 1673 νοίᾳ,
2408 1606 2482 1668 ὡς
2511 1608 2749 1676 εἴρηται,
2781 1611 2985 1680 ποιήσῃ
3007 1611 3098 1662 καὶ
3127 1609 3265 1678 ἔργα
3290 1609 3609 1678 ἀξιόχρεα,
3647 1610 3684 1678 ἧ
3718 1611 3860 1660 κατὰ

2232 1699 2506 1768 δεύτερον,
2537 1699 2613 1762 ῶς
2655 1717 2810 1768 φασι,
2840 1701 3010 1753 πλοῦν
3047 1701 3207 1770 μόνον
3235 1701 3529 1767 μετανοῶν
3573 1700 3857 1768 εὑρίσκη-

2241 1333 2330 1383 καὶ
2365 1331 2525 1396 αὖθις
2573 1335 2977 1404 ἀνακαλέσηται
3012 1337 3224 1402 ἑαυτὸν,
3261 1339 3360 1390 κα)⁸
3393 1337 3475 1404 μὴ

2231 1810 2344 1847 ται.
2386 1796 2495 1847 Καὶ
2523 1797 2550 1846 6
2578 1793 2898 1861 πανάγαθος
2929 1795 3081 1859 Θεὸς,
3105 1797 3132 1848 6
3154 1795 3242 1847 διὰ
3267 1796 3368 1864 τὴν
3396 1795 3716 1863 σωτηρίαν
3746 1795 3848 1846 τῶν

2230 1878 2533 1956 ἀνθρώπων
2560 1887 2750 1951 κλίνας
2785 1890 2913 1950 τοὺς
2947 1888 3211 1958 οὐρανοὺς
3245 1888 3341 1940 καὶ
3379 1886 3708 1940 κατελθὼν
3758 1889 3845 1941 καὶ

2231 1977 2470 2044 γεγονὼς
2498 1977 2594 2031 ἄνθ
2605 1993 2810 2046 ρωπος,
2839 1976 3020 2045 ὲκχέει
3042 1977 3102 2029 τὸ
3127 1977 3274 2038 ἔλεος
3303 1977 3505 2038 αὑτοῦ,
3539 1978 3703 2045 ὅπερ
3729 1978 3838 2029 ἐστι

2232 2069 2420 2138 μεῖζον
2456 2071 2634 2140 πάσης
2670 2067 2922 2137 πράξεως
2955 2067 3227 2136 ἀγγέλων,
3250 2085 3308 2120 τε
3346 2069 3445 2120 καὶ
3478 2069 3836 2136 ἀνθρώπων,

2227 2163 2322 2216 καὶ
2353 2161 2475 2214 ἀντὶ
2525 2160 2718 2213 πασῶν
2753 2159 2964 2230 ἀρετῶν
3008 2159 3168 2212 τοῦτο
3199 2159 3508 2225 λογίζεται,
3563 2161 3678 2211 καὶ
3707 2163 3836 2228 πρ”ς

2227 2252 2420 2305 ἑαυτὸν
2454 2250 2850 2320 προσκαλεῖται
2898 2251 3106 2312 αὐτοὺς
3131 2249 3225 2302 καὶ
3266 2249 3461 2316 φίλους
3516 2250 3712 2301 αὑτοῦ
3743 2267 3835 2300 κα-

2227 2344 2494 2413 θίστησιν.
2541 2343 2656 2395 Ἐπὶ
2688 2343 2744 2394 δὲ
2791 2341 2889 2394 τοῦ
2933 2341 3186 2394 διαϐόλου
3223 2341 3325 2393 ποῦ
3360 2341 3690 2408 μετάνοια;
3736 2342 3832 2394 ποῦ

2228 2436 2603 2498 ταπείνωσις;
2645 2435 2709 2486 Ἡ
2755 2434 2864 2502 γὰρ
2901 2435 3159 2501 μετάνοια
3193 2434 3255 2484 ὲκ
3279 2433 3718 2506 ταπεινώσεως
3756 2436 3833 2500 yi-

2224 2542 2376 2577 νεται
2403 2541 2416 2555 ·
2465 2525 2733 2593 πρότερον
2769 2524 2876 2592 γὰρ
2921 2520 3326 2587 καταγινώσκει
3361 2538 3446 2582 τις
3505 2521 3730 2573 ἑαυτοῦ
3760 2522 3829 2583 ὡς

2224 2617 2412 2678 κακῶς
2435 2616 2768 2685 πράξαντος,
2803 2615 2994 2666 ἔπειτα
3024 2615 3284 2682 μετανοεῖ
3307 2612 3393 2681 ἐφ’
3416 2610 3502 2676 οἷς
3534 2614 3825 2682 ἥμαρτεν.

2235 2711 2293 2762 ὐ
2323 2708 2379 2760 δὲ
2428 2707 2675 2768 διάϐολος
2702 2704 3021 2758 τούναντίον
3072 2705 3294 2772 στέργει
3339 2703 3441 2773 μὲν
3480 2705 3589 2774 τὴν
3643 2708 3826 2773 ἁμαρ-

2221 2801 2340 2853 τίαν
2375 2800 2441 2870 ἢν
2468 2801 2688 2870 ⁷ἥμαρτε
2720 2799 2816 2852 καὶ
2864 2797 2922 2849 τὸ
2949 2797 3090 2849 κατὰ
3134 2795 3364 2864 δύναμιν
3420 2797 3710 2864 πρόξενος
3733 2799 3820 2850 καὶ

2225 2894 2489 2962 συνεργὸς
2523 2893 2621 2959 τῆς
2657 2891 2765 2942 τῶν
2797 2888 3104 2958 ἀνθρώπων
3143 2888 3422 2950 ἀπωλείας
3453 2889 3812 2958 εὑρίσκεται.

2223 2986 2316 3049 Τίς
2361 2986 2490 3050 γοῦν
2549 2985 2803 3057 κοινωνία
2846 2983 2963 3052 Θεῷ
2995 2984 3087 3036 καὶ
3133 2981 3405 3050 διαϐόλῳς
3682 2986 3812 3052 ’Ἄρα

2225 3081 2471 3149 ματαίως
2512 3079 2778 3146 ἐλάλησεν
2816 3077 2844 3128 6
2874 3075 3142 3146 Μωάμεθ,
3205 3073 3376 3127 εἰπὼν
3405 3073 3492 3126 ὅτι
3544 3075 3812 3128 δύνανται

2222 3172 2461 3240 σωθῆναι
2490 3170 2539 3222 οἱ
2569 3169 2839 3240 δαίμονες.

2221 3358 2322 3411 mit
2350 3356 2418 3412 de
2452 3368 2635 3426 poena.
2668 3351 3097 3410 Necimmerito.
3136 3350 3266 3405 Nam
3301 3349 3394 3418 qui
3425 3359 3651 3417 promer
3681 3361 3790 3418 pm;

2222 3454 2508 3506 nitentiam
2538 3450 2804 3512 salvatur,
2840 3447 2999 3500 factis
3049 3446 3166 3500 suis
3197 3460 3292 3514 pro
3334 3443 3546 3496 viribus
3576 3443 3787 3497 confert

2219 3547 2285 3598 ad
2319 3545 2552 3598 salutem
2587 3540 2972 3597 obtinendam.
3006 3537 3250 3608 Corpore
3275 3536 3421 3592 enim
3451 3537 3620 3588 homo
3652 3537 3791 3587 facc-

2219 3655 2298 3702 re,
2327 3638 2470 3707 quod
2507 3636 2647 3695 vult,
2692 3649 2799 3686 non
2835 3642 3033 3702 potest,
3064 3631 3210 3685 velut
3243 3645 3270 3682 a
3319 3628 3512 3682 morbo
3559 3627 3666 3679 sibi
3699 3641 3787 3680 ca—

2224 3747 2367 3793 vere,
2403 3737 2518 3790 aut,
2548 3736 2835 3797 postquam
2862 3723 3058 3778 incidit
3091 3723 3143 3776 in
3178 3723 3458 3784 morbum,
3498 3719 3782 3787 pristinam

2219 3823 2586 3878 valetudinem
2622 3819 2687 3873 ad
2729 3817 3022 3871 arbitrium
3051 3828 3381 3883 recuperare
3407 3829 3421 3877 ;
3453 3821 3636 3867 contra
3663 3810 3780 3863 ani-

2220 3929 2310 3969 mo
2347 3911 2495 3968 omni
2525 3908 2733 3964 homini
2765 3907 2892 3960 licet
2927 3921 2992 3959 ac
3030 3919 3353 3960 concessum
3387 3910 3470 3956 est
3503 3911 3774 3971 peccatum

2217 4006 2414 4068 vitare,
2449 4000 2541 4073 qui
2575 3999 2797 4052 morbus
2839 3996 3006 4050 animi
3043 4004 3147 4057 est,
3181 4003 3295 4056 aut,
3325 3995 3368 4048 si
3406 3991 3659 4061 peccavit,
3695 4006 3774 4044 re-

2220 4110 2420 4151 vocare
2455 4109 2512 4148 se
2535 4101 2591 4147 et
2615 4105 2725 4144 non
2749 4087 2927 4143 solum
2951 4100 3280 4155 recuperare
3307 4084 3580 4153 pristinam
3600 4078 3768 4133 animi

2220 4182 2612 4254 valetudinem,
2638 4187 2731 4242 sed
2756 4186 2919 4240 etiam
2946 4184 3106 4252 longe
3130 4183 3424 4236 ﬁrmiorem
3451 4179 3544 4232 sibi
3565 4191 3768 4245 parare,

2221 4295 2385 4351 atque
2412 4288 2507 4334 aut
2537 4294 2660 4332 cum
2696 4277 3046 4346 paenitentia,
3077 4274 3490 4341 ut—dix-iropera
3520 4272 3764 4326 salutaria

612 4371 814 4426 Eodem
843 4372 1020 4441 capite
1047 4370 1380 4428 Mohametes
1411 4374 1688 4430 daemones
1718 4380 1990 4434 salvatum
2043 4382 2110 4435 iri
2145 4416 2190 4468 Β
2224 4377 2412 4436 edere,
2459 4379 2554 4426 aut
2591 4373 2761 4425 solam
2801 4369 2966 4431 viam,
3021 4379 3081 4422 ut
3118 4367 3296 4433 aiunt,
3347 4365 3669 4434 ptenitcntia:
3696 4373 3766 4417 te-

539 4466 694 4528 i‘icit,
737 4464 1029 4534 Origenem
1092 4466 1408 4520 hmreticum
1449 4478 1696 4522 secutus.
1752 4471 1907 4536 Quod
1962 4475 2109 4527 enim

539 4558 648 4611 alio
683 4558 804 4610 loco
841 4564 1048 4620 narrat,
1082 4558 1281 4612 multos
1323 4561 1619 4621 dwmones,
1660 4563 1751 4629 qui
1784 4561 2112 4620 Mohamelis

540 4649 810 4701 Curanem
841 4646 1057 4718 przclegi
1087 4648 1360 4718 audirent,
1393 4666 1516 4704 eum
1545 4650 1746 4706 librum
1775 4653 2029 4711 laudasse
2058 4667 2118 4712 et

539 4740 840 4795 admiratos
875 4754 1016 4804 esse,
1057 4750 1114 4794 et
1149 4740 1255 4795 tide
1292 4743 1338 4808 ei
1371 4743 1620 4798 habenda
1651 4760 1774 4800 esse
1819 4747 2060 4802 salvatos
2094 4766 2108 4801 :

539 4849 686 4886 nunc
709 4834 928 4902 quidem
966 4850 1072 4888 non
1109 4834 1246 4888 idem
1275 4835 1427 4898 dicit,
1457 4837 1551 4890 sed
1588 4841 1640 4892 iu
1673 4841 1987 4895 universum
2017 4843 2113 4895 do-

538 4933 645 4982 «ct,
679 4923 957 4978 dznmoncs
982 4925 1164 4979 salvos
1198 4924 1335 4979 fore.
1368 4925 1426 4979 Si
1461 4929 1607 4981 enim
1651 4945 1791 4984 unus
1822 4947 1886 4983 cx
1919 4946 2109 4984 corum

538 5017 736 5069 ordine
768 5018 965 5071 salvari
1004 5028 1206 5082 potest,
1247 5034 1442 5072 onmcs
1473 5021 1682 5074 salvari
1706 5032 1958 5088 possunt.
2002 5023 2109 5075 Sed

539 5109 703 5162 sicut‘
736 5108 918 5163 ubivis
977 5124 1164 5163 secum
1223 5117 1427 5179 pugnat
1471 5118 1525 5162 ct
1579 5109 1856 5172 dissentit,
1900 5110 1976 5164 ita
2025 5111 2124 5165 hic

536 5217 779 5270 quoque.
817 5199 950 5252 Nam
981 5217 1103 5254 cum
1138 5202 1252 5269 ipsc
1283 5213 1338 5254 et
1362 5202 1584 5255 assecla:
1614 5202 1732 5268 ejus
1755 5201 2110 5270 Evangelium

539 5295 766 5348 omnino
797 5292 1122 5362 perfectum,
1151 5304 1402 5347 sanctum
1432 5303 1485 5347 et
1511 5293 1753 5348 salutare
1779 5309 1900 5348 esse
1929 5296 2112 5350 dicant

537 5396 599 5439 ut
628 5385 935 5441 doctrinam
967 5383 1195 5445 Christi,
1229 5399 1396 5447 nunc,
1433 5393 1491 5436 ut
1516 5399 1680 5453 sarpe,
1711 5384 1836 5438 huic
1867 5387 2108 5453 generali

541 5479 824 5533 sententia:
871 5478 1147 5530 contraria
1190 5477 1493 5544 proferunt.
1537 5473 1791 5530 Christus
1830 5478 1977 5531 enim
2009 5491 2101 5544 ge-

540 5574 717 5626 hcnua
747 5571 924 5640 dignis
959 5571 1032 5623 ita
1067 5567 1277 5621 edixit:
1323 5586 1340 5618 ι
1377 5568 1534 5622 Abite
1572 5568 1721 5632 hinc,
1761 5569 2104 5632 exsccrnndi,

536 5667 588 5715 in
640 5668 814 5732 ignem
871 5673 1135 5719 :eternum
1210 5671 1456 5731 paratum
1505 5662 1724 5717 diabolo
1776 5672 1828 5716 et
1897 5661 2107 5730 angelis

535 5756 667 5826 t-jzts.
703 5775 720 5808 ι
753 5757 908 5823 Quod
945 5772 1069 5813 cum
1102 5757 1325 5825 d‘iccrct,
1375 5756 1582 5810 nullum
1621 5755 1927 5809 daemonum
1970 5770 2097 5808 cxc-

2217 4485 2368 4524 nere.
2395 4467 2537 4521 Dens
2558 4465 2799 4534 optimus
2825 4464 2993 4526 enim,
3013 4462 3106 4531 qui
3129 4461 3201 4515 eb
3227 4462 3456 4514 salutem
3478 4458 3763 4518 hominum,

2218 4564 2411 4617 relicto
2445 4559 2611 4620 cu-lo,
2651 4556 2704 4609 in
2760 4564 2962 4609 terram
3011 4552 3300 4607 descendit
3329 4561 3382 4604 cl
3414 4549 3573 4603 homo
3603 4548 3760 4601 factus

2214 4664 2318 4716 est,
2354 4650 2796 4706 misericordiam
2829 4661 3010 4710 suam,
3043 4661 3164 4714 qua:
3184 4643 3444 4698 omnibus
3470 4640 3757 4710 angelorum

2217 4745 2610 4812 hominumque
2642 4741 2801 4796 factis
2827 4739 3003 4808 major
3023 4748 3106 4792 cst
3123 4746 3172 4792 et
3195 4751 3292 4806 par
3315 4736 3546 4789 habetur
3570 4734 3756 4788 cunctis

2219 4837 2537 4897 virtutibus.
2568 4833 2822 4896 eﬂ'undit,
2855 4847 2952 4886 eos
2985 4831 3050 4884 ad
3074 4846 3133 4887 se
3155 4829 3347 4882 invitat
3369 4837 3423 4881 et
3451 4827 3644 4879 amicos
3666 4825 3752 4878 sibi

2217 4929 2368 4984 facit.
2417 4929 2486 4982 At
2523 4928 2745 4982 ubinam
2778 4926 2832 4978 in
2882 4925 3103 4978 diabolo
3154 4919 3518 4991 poenitentia?
3548 4919 3750 4974 Ubinam

2171 5024 2525 5077 submissus
2591 5020 2859 5075 animus?
2904 5018 3230 5073 Pmnitcntia
3274 5016 3418 5067 cuitu
3465 5012 3622 5066 animi
3661 5027 3751 5064 non

2217 5116 2321 5170 nisi
2375 5115 2633 5170 submissi
2673 5122 2778 5167 est.
2833 5112 2969 5163 Nam
3011 5111 3164 5179 prius
3198 5107 3398 5176 aliquis
3448 5108 3589 5175 quod
3633 5104 3750 5156 male

2215 5207 2426 5270 fecerit,
2462 5221 2518 5258 se
2542 5214 2788 5266 accusat,
2821 5201 3020 5255 deinde
3045 5214 3170 5253 eum
3199 5199 3426 5266 [NBI-Iilel
3455 5206 3748 5258 eorumque:

2215 5299 2363 5354 iecit.
2399 5297 2505 5350 Sed
2551 5298 2806 5350 diabolus
2855 5303 3006 5348 amat
3060 5294 3240 5361 porius
3281 5278 3582 5359 pec-catmn,
3626 5287 3746 5352 quod

2213 5390 2510 5451 commisit,
2543 5398 2595 5442 et
2629 5405 2729 5456 pro
2778 5387 2989 5441 viribus
3024 5385 3245 5455 adjuvat
3281 5383 3568 5452 perniciem
3601 5376 3748 5432 homi-

2213 5499 2365 5537 num.
2423 5482 2555 5546 Qua!
2603 5481 2772 5546 igitur
2822 5479 3044 5532 diabolo
3101 5492 3225 5531 cum
3272 5475 3377 5529 Deo
3426 5471 3746 5526 communio?

2211 5576 2356 5644 Ergo
2413 5586 2616 5627 temere
2651 5571 2986 5626 Mohametcs
3037 5571 3302 5638 loquitur,
3347 5583 3465 5622 cum
3507 5566 3742 5619 tumentes

2213 5666 2411 5721 salvari
2447 5680 2606 5734 posse
2650 5665 2799 5717 dicit.

3811 309 3914 375 9'3
