4022 6294
246 340 373 408 €53

1291 345 1744 408 CHRO’NICON
1789 348 2053 411 MAJUS.
2101 376 2167 385 -
2216 349 2366 412 LIB.
2400 349 2500 412 Ν.

3427 354 3536 420 θῖί

338 458 467 510 Ἔτι
501 457 528 508 6
577 454 738 518 αὐτὸς
769 453 1017 525 Μωάμεθ
1053 457 1188 525 φησὶ
1245 459 1374 527 περὶ
1416 456 1511 511 τοῦ
1564 461 1734 527 κορὰν
1771 461 1853 513 ὅτι
1881 469 1930 520 Α
1957 480 2065 516 των
2089 465 2196 517 τῶν
2222 465 2412 518 κακῶν
2444 464 2675 535 ἔσχατον
2707 463 2801 518 καὶ
2852 467 3090 534 πρῶτον,
3125 463 3206 521 ὅτι
3241 468 3392 537 παρὰ
3421 469 3539 520 δαίμ

249 551 446 614 οὐδεὶς
490 555 603 606 Ιτῶν
652 549 956 618 ἀνθρώπων
983 549 1094 602 οὐδ’
1129 550 1293 612 αὐτὸς
1333 552 1361 603 6
1401 551 1648 619 Μωάμεθ
1682 551 1845 618 γινώ-

254 660 392 696 σκει
425 643 527 712 τὴν
557 641 750 695 τούτου
788 643 1074 712 ἐξήγησιν.
1104 643 1272 712 ἀλλ’ἢ
1315 646 1475 712 μόνος
1504 647 1532 697 6
1557 646 1712 706 Θεός.
1737 649 1845 702 Καὶ

252 738 311 787 εί
363 735 523 790 τοῦτό
586 736 738 787 ἐστιν
769 735 1016 804 ἀλήθεια,
1072 739 1202 789 ποία
1235 738 1387 790 ἐστὶν
1435 740 1466 807 ἠ
1523 739 1616 791 τοῦ
1676 740 1845 809 κορὰν

249 825 546 894 (inpacta;
578 825 740 887 Ἴσως
787 826 895 894 γὰρ
927 824 1098 887 οὕτως
1147 827 1383 895 ἠδύνατο
1415 827 1718 896 ὠφελῆσαι,
1769 828 1847 880 εί·

255 935 378 986 περ
434 918 738 984 ἐγίνωσκον
784 919 852 970 τὰ
894 919 1042 987 παρὰ
1092 918 1228 970 Θεοῦ
1277 919 1584 987 λεγόμενα·
1622 919 1746 971 ἐπεὶ
1799 921 1844 973 6’

257 1009 435 1070 αὐτὸς
481 1012 508 1061 6
543 1009 790 1078 Μωάμεθ
849 1010 1168 1079 εὑρίσκεται
1207 1012 1504 1081 μαρτυρῶν
1535 1014 1618 1067 ὅτι
1668 1012 1846 1075 οὐδεὶς

258 1099 380 1152 τῶν
410 1100 718 1168 ἀνθρώπων
758 1103 1025 1168 γινώσκει
1054 1103 1122 1156 τὰ
1153 1106 1210 1156 ὲν
1241 1104 1320 1174 τῷ
1351 1105 1519 1174 κορὰν
1551 1105 1843 1174 λεγόμενα,

258 1189 353 1251 τίς
401 1192 434 1260 ή
465 1190 656 1244 τούτου
693 1192 973 1260 ὡφέλειας
1025 1195 1253 1257 Πάντως
1305 1195 1553 1263 οὐδεμία.
1607 1196 1716 1246 Καὶ
1764 1195 1846 1258 τίς

265 1284 479 1351 μείζων
533 1283 669 1354 ἄλλη
718 1285 994 1349 ἀπόδειξις
1043 1287 1125 1339 ὄτι
1175 1287 1276 1339 οὐκ
1306 1286 1454 1339 ἔστιν
1489 1287 1597 1340 ἀπὸ
1645 1285 1782 1339 Θεοῦ
1821 1290 1848 1340 ὁ

261 1374 426 1444 παρὰ
479 1376 572 1429 τοῦ
603 1377 850 1446 Μωάμεθ
902 1378 1082 1441 δοθεὶς
1125 1379 1327 1446 νόμοςς
1383 1380 1456 1432 Οὐ
1488 1380 1597 1448 γὰρ
1628 1380 1692 1447 δὴ
1743 1396 1848 1448 μαι-

260 1469 439 1529 ταίως
477 1469 758 1538 νομοθετεῖ
781 1469 976 1534 ὁΘεός.
1015 1470 1148 1524 Ἰδοὺ
1180 1473 1362 1526 τοίνυν
1391 1473 1706 1540 καταφανές
1732 1473 1849 1524 ἐστι

262 1559 331 1612 τὸ
365 1561 558 1630 κοραν,
595 1562 676 1614 ὅτι
707 1561 809 1615 οὐκ
839 1562 988 1616 ἐστιν
1034 1565 1188 1632 παρὰ
1225 1565 1383 1629 Θεοῦ,
1421 1565 1560 1618 ἀλλὰ
1587 1566 1680 1617 καὶ
1713 1565 1849 1618 ἀνά-

263 1651 500 1721 πλασμά
528 1655 644 1707 ἐστι
668 1655 908 1717 διανοίας
956 1657 1125 1710 αὑτοῦ
1160 1658 1254 1711 τοῦ
1289 1658 1704 1728 κακοδαίμονος.
1740 1660 1850 1712 Καὶ

263 1746 540 1814 πρόδηλον
567 1748 628 1815 ἐξ
680 1749 847 1802 αὑτοῦ
880 1752 977 1802 τσῦ
1034 1751 1227 1820 κοράν,
1259 1753 1342 1804 ὅτι
1386 1750 1509 1805 circa
1544 1754 1608 1822 τῇ
1640 1753 1852 1823 παλαιᾷ

1958 573 2118 624 μονος
2151 549 2369 626 ἐξεδόθη
2417 558 2477 610 τὸ
2501 556 2749 611 τοιοῦτον
2789 559 2978 628 κορᾶν,
3029 558 3133 611 κᾶν
3163 559 3258 613 καὶ
3283 559 3375 612 τὸν
3404 560 3538 613 Θεὸν

1953 651 2332 715 διαϐάλλοντες
2365 653 2602 719 λέγωσιν
2633 655 2715 706 ὅτι
2748 653 2856 706 ἀπὸ
2891 653 3025 706 Θεοῦ
3059 653 3237 724 ὲδόθη.

2027 744 2308 813 Θαυμάζω
2343 747 2451 815 γὰρ
2484 747 2658 813 ἔγωγε
2710 747 2802 800 καὶ
2843 748 2962 799 λίαν
3009 748 3384 815 ἐκπλήττομαι
3419 748 3538 809 πῶς

1955 835 2047 887 τὸν
2099 837 2340 905 Χριστῆν
2372 839 2605 904 ἀφέντες
2660 841 2710 890 σί
2758 838 2988 901 τάλανες
3032 834 3408 908 ἠκολούθησαν
3461 839 3539 906 τῷ

1958 928 2230 996 Μωάμεθ.
2261 929 2432 993 Αύτδς
2459 930 2555 982 καὶ
2581 932 2689 996 γὰρ
2719 933 2744 983 6
2774 931 2868 983 τοῦ
2897 931 3145 998 Μωάμεθ
3174 933 3362 999 νόμος,
3390 929 3539 982 τοῦτ’

1958 1016 2172 1069 ἔστιτὸ
2226 1021 2414 1086 κορᾶν,
2474 1020 2605 1073 αὐτὸ
2636 1019 2793 1073 τοῦτό
2825 1038 2992 1087 φησιν
3041 1022 3123 1073 ὅτι
3173 1021 3242 1072 δι’
3296 1021 3536 1088 ἀγγέλου

1959 1113 2326 1182 εὐηγγελίσθη
2357 1116 2423 1183 τῇ
2461 1115 2629 1182 μητρὶ
2680 1113 2776 1166 τοῦ
2808 1110 2986 1181 Ἰησοῦ
3035 1114 3129 1165 καὶ
3162 1115 3248 1167 διὰ
3284 1113 3540 1180 Πνεῦμα-

1959 1223 2050 1266 τος
2082 1206 2237 1274 ἁγίου
2268 1203 2507 1275 ἡγιάσθη
2561 1207 2656 1259 καὶ
2692 1210 2760 1278 τῇ
2806 1208 3038 1274 δυνάμει
3072 1208 3163 1260 τοῦ
3213 1207 3350 1260 Θεοῦ
3384 1226 3541 1259 συνεν

1958 1298 2162 1366 λήφθη,
2196 1298 2311 1352 ἀλλ’
2341 1301 2402 1351 ού
2453 1299 2670 1366 φύσεως
2715 1301 2988 1372 ἐνεργείᾳ,
3024 1303 3119 1352 καὶ
3152 1303 3211 1353 ἐκ
3258 1301 3538 1370 παρθένου

1961 1375 2276 1460 ἇγιωτάτης
2312 1391 2406 1442 καὶ
2437 1390 2579 1460 ὑπὲρ
2603 1389 2783 1452 πάσας
2815 1391 2913 1454 τὰς
2940 1390 3107 1452 ἄλλας
3146 1392 3407 1458 γυναῖκας
3443 1409 3541 1442 καί

1959 1485 2134 1552 θαρᾶς
2165 1481 2530 1551 γεννηθῆναι·
2561 1485 2616 1535 ὲν
2642 1482 2750 1552 γὰρ
2780 1483 2857 1552 τῷ
2891 1483 3171 1552 κεφαλαίῳ
3196 1483 3272 1553 τῷ
3309 1479 3540 1534 Αἰνεσάν

1962 1583 2131 1646 φησιν
2159 1592 2172 1606 ·
2251 1594 2270 1627 t
2306 1571 2376 1628 Ὦ
2421 1572 2629 1645 ἑταῖροι
2675 1577 2774 1645 τῆς
2825 1577 3012 1645 βίϐλου
3076 1575 3244 1646 (τοῦτ’
3289 1575 3435 1626 ἔστιν
3490 1575 3540 1626 oi

1961 1665 2196 1734 πιστοὶ),
2260 1665 2335 1735 μὴ
2372 1665 2566 1734 λέγετε
2624 1667 2755 1735 περὶ
2798 1665 2893 1718 τοῦ
2931 1663 3069 1718 Θεοῦ
3111 1664 3249 1728 πλὴν
3287 1664 3384 1731 τῆς
3410 1662 3550 1732 ἀλη--

1962 1757 2133 1821 θείας,
2166 1758 2251 1810 ὅτι
2287 1759 2316 1810 6
2350 1754 2588 1833 Χριστὸς
2624 1755 2837 1825 Ἰησοῦς
2885 1757 3000 1820 υίός
3045 1759 3160 1808 ἐστι
3189 1755 3288 1825 τῆς
3319 1754 3541 1823 Μαρίας

261 1834 461 1909 Γραφῇ
500 1846 784 1910 συμφωνεῖ
844 1841 968 1894 οὕτε
998 1847 1064 1913 τῇ
1098 1845 1195 1914 νέᾳ
1229 1845 1496 1916 Διαθὴκῃ,
1549 1845 1729 1898 καίτοι
1774 1862 1839 1914 γε
1879 1844 1921 1900 Β
1955 1850 2051 1902 καὶ
2096 1849 2396 1910 ἀπόστολος
2443 1846 2580 1900 Θεοῦ
2629 1849 2726 1900 καί¹
2757 1848 2928 1914 Λόγος
2969 1847 3128 1907 Θεοῦ,
3168 1844 3226 1898 ὃν
3278 1846 3334 1896 ὲν
3394 1845 3538 1913 αὐτῇ

262 1932 664 1999 ὁμολογοῦντος
692 1935 784 1986 τοῦ
823 1935 1069 2002 Μωάμεθ
1095 1935 1179 1987 ὅτι
1207 1936 1361 2002 ἅγιαι
1393 1936 1488 1987 καὶ
1523 1936 1688 1988 καλαί
1712 1937 1849 1987 είσιν

265 2024 325 2075 αἱ
357 2025 600 2093 Γραφαὶ,
638 2027 730 2078 καὶ
761 2027 840 2078 ὅτι
873 2025 1028 2078 οὐδέν
1057 2028 1199 2078 είσιν
1238 2028 1286 2078 οί
1312 2027 1524 2078 ἐκείνου
1558 2025 1848 2078 ἀκόλουθοι

263 2115 314 2164 εἰ
348 2115 423 2181 μὴ
454 2112 806 2183 πληρώσαιεν
841 2117 933 2168 τόν
959 2134 1018 2168 τε
1063 2118 1230 2185 νόμον
1262 2117 1441 2170 καὶτὸ
1485 2117 1845 2184 Εὑαγγέλιον.

267 2206 395 2258 έΕτι
427 2206 614 2275 σχεδὸν
641 2207 710 2260 δι’
745 2209 871 2260 ὅλου
905 2209 1071 2271 αὐτὸς
1116 2209 1300 2274 ἑαυτῷ
1329 2211 1476 2263 ἐστιν
1519 2210 1846 2278 ἀντιλέγων.

269 2298 394 2350 Ἔτι
426 2298 578 2352 οὐδὲν
617 2298 800 2369 θαῦμα
828 2302 1090 2369 ἐποίησεν
1122 2303 1202 2363 είς
1246 2303 1516 2354 πίστωσιν
1546 2301 1658 2354 τῶν
1689 2301 1848 2368 λεγο-

269 2389 471 2456 μένων.
521 2390 640 2444 Ἔτι
693 2392 1108 2459 ὁμολογούμενα
1152 2391 1322 2462 ψεύδη
1381 2393 1655 2463 περιέχει,
1709 2393 1862 2464 ὅπερ

267 2481 389 2533 ἐστὶ
414 2480 509 2533 τοῦ
558 2481 693 2535 Θεοῦ
745 2483 1029 2551 ἀλλότριον
1083 2483 1286 2552 πάντη.
1325 2485 1446 2537 Ἔτι
1504 2485 1679 2554 βίαιόν
1732 2487 1850 2539 ἐστι

267 2572 368 2625 καὶ
398 2571 660 2626 καταλύει
695 2575 758 2625 τὸ
781 2574 1153 2641 αὐτεξούσιον,
1185 2577 1323 2645 ὅπερ
1349 2577 1470 2630 ούδέ
1505 2594 1638 2632 ποτε
1666 2579 1692 2630 6
1715 2577 1850 2641 Θεὸς

269 2665 590 2736 ἀνέτρεψεν.
633 2667 753 2720 Ἔτι
806 2669 1088 2730 παντελῶς
1140 2671 1289 2721 ἐστιν
1343 2668 1604 2732 ἄτακτον,
1657 2673 1751 2723 καὶ
1787 2671 1851 2723 τὸ

269 2759 509 2812 ἄτακτον
543 2760 760 2829 μακράν
789 2760 902 2811 ἐστι
936 2759 1029 2813 τοῦ
1062 2761 1197 2813 Θεοῦ
1218 2779 1232 2792 ο
1265 2763 1325 2814 οὐ
1353 2763 1459 2832 γάρ
1486 2764 1633 2814 ἐστιν
1663 2765 1689 2816 6
1717 2763 1850 2826 Θεὸς

268 2850 500 2914 ἀταξίας
555 2851 709 2913 Θεός.
764 2853 884 2904 Ἐτι
944 2853 1182 2920 πονηρὸν
1215 2845 1377 2924 373
1436 2856 1847 2922 ἀναφαίνεται·

271 2943 368 2996 καὶ
401 2943 521 3005 πῶς
554 2944 661 2996 ἀπὸ
700 2944 794 2997 τοῦ
827 2943 964 2996 Θεοῦ
1013 2943 1111 2997 τοῦ
1144 2944 1327 3012 πάσης
1373 2944 1633 2997 ἐπέκεινα
1684 2945 1850 2998 εὐθύ-

268 3052 432 3102 τητος
471 3036 562 3088 καὶ
597 3035 902 3104 ἁπλότητος
925 3053 947 3100 ;-
978 3035 1100 3087 Ἔτι
1124 3036 1524 3106 πεπλασμένας
1553 3037 1650 3089 καὶ
1689 3052 1852 3106 τερα-

269 3127 457 3190 τώδεις
493 3127 727 3197 θεωρίας
765 3129 1013 3199 περιέχει
1038 3143 1054 3159 °
1089 3130 1180 3181 καὶ
1229 3129 1348 3191 πῶς
1380 3128 1539 3196 τοῦτο
1573 3131 1681 3184 ἀπὸ
1709 3129 1846 3182 Θεοῦ

271 3220 365 3274 τοῦ
395 3219 622 3290 ποιητοῦ
662 3219 758 3273 καὶ
789 3219 1018 3290 δοτῆρος
1052 3221 1153 3288 τῆς
1183 3219 1476 3290 ἀληθείας-ς
1511 3220 1582 3277 Τὸ
1621 3221 1678 3273 δὲ
1712 3221 1851 3275 πάν-

342 3405 488 3460 Idem
524 3403 864 3459 Mobametes
901 3403 1156 3468 allirmat,
1191 3403 1465 3458 Coranem
1498 3403 1710 3457 nullum
1747 3405 1848 3459 lio-

271 3498 474 3552 minem
510 3495 864 3564 interpretari
915 3509 1100 3563 posse,
1139 3509 1205 3547 ue
1257 3495 1438 3564 ipsum
1479 3492 1845 3549 Moliatnetem

272 3589 517 3658 quidem,
555 3588 646 3641 sed
678 3587 854 3641 solum
887 3587 1077 3641 Deum.
1107 3585 1260 3652 Quod
1294 3589 1337 3640 si
1367 3602 1553 3640 verum
1586 3596 1689 3649 est,
1726 3601 1850 3654 qua:

275 3683 488 3734 tandem
537 3687 622 3731 est
668 3678 877 3733 utilitas
906 3676 1184 3732 Coranis?
1213 3677 1472 3731 Fortasse
1524 3677 1673 3730 utilis
1726 3690 1848 3730 esse

275 3777 479 3840 posset,
512 3768 555 3821 si
588 3767 1241 3838 intelligerent‘liomiues
1280 3783 1308 3820 a
1342 3767 1450 3820 Deo
1486 3767 1722 3830 tradita;
1751 3765 1845 3820 sed

274 3878 396 3918 cum
425 3861 762 3915 Mobametes
792 3862 910 3930 ipse
937 3870 1190 3920 testatur,
1221 3861 1427 3914 nullum
1457 3859 1733 3913 hominem
1765 3860 1849 3912 in-

277 3956 546 4024 tclligere,
572 3971 693 4024 quac
720 3957 772 4007 in
801 3954 1014 4007 Corane
1047 3954 1370 4016 dot-cantur,
1396 3967 1644 4022 quamam
1677 3953 1847 4020 possit

274 4048 428 4102 istius
481 4047 686 4100 utilitas
711 4045 874 4098 esse?
912 4043 1164 4097 Profecto
1214 4043 1364 4096 nulla
1404 4042 1655 4096 omnino.
1691 4043 1846 4107 Quod

272 4148 450 4193 autem
494 4137 713 4207 gravius
769 4136 1164 4190 documentum
1223 4143 1328 4198 est,
1385 4149 1494 4202 quo
1556 4133 1842 4200 probetur,

274 4227 435 4284 Deum
474 4244 579 4282 non
623 4243 743 4282 esse
777 4228 908 4295 legis
930 4241 957 4278 a
985 4225 1288 4278 Moliamete
1317 4224 1630 4277 constituta:
1658 4232 1847 4278 aucto-

269 4321 424 4376 rem?
461 4319 648 4390 Neque
675 4320 819 4374 enim
872 4319 1246 4388 nequidquam
1287 4314 1430 4370 Deus
1467 4316 1611 4384 leges
1641 4316 1841 4371 sancit.

271 4413 614 4469 Manifestum
663 4413 968 4483 estigitur,
999 4397 1276 4466 Coran'em
1326 4411 1435 4465 non
1483 4426 1607 4468 esse
1656 4429 1686 4468 a
1731 4412 1840 4466 Deo

1954 1942 2119 2010 ἔθηκε
2161 1942 2250 1993 διὰ
2281 1941 2603 2008 Πνεύματος
2635 1941 2731 1993 τοῦ
2774 1940 2952 2008 ἁγίου.
2995 1959 3013 1991 ι
3051 1941 3184 1992 Ἰδοὺ
3225 1938 3356 2004 γοῦν
3405 1936 3543 1989 Θεδν

1955 2033 2231 2100 ὀνομάσας
2282 2032 2376 2086 καὶ
2431 2033 2606 2098 Λόγον
2645 2030 2780 2084 Θεοῦ
2836 2031 2928 2084 καὶ
2962 2031 3186 2097 Πνεῦμα
3235 2030 3392 2095 ἅγιον
3439 2029 3540 2096 τὴν

1953 2125 2402 2196 τρισυπόστατον
2441 2124 2648 2194 Τριάδα
2676 2128 2703 2178 6
2737 2124 2920 2187 ἄθλιος
2950 2125 3049 2176 οὐκ
3075 2124 3255 2193 ἤνοιξε
3285 2123 3411 2182 τεὺς
3442 2123 3544 2188 τῆς

1952 2217 2132 2286 ψυχῆς
2155 2215 2475 2286 ὀφθαλμοὺς
2505 2217 2635 2268 ἰδεῖν
2659 2216 2719 2269 τὸ
2752 2216 2869 2284 φῶς
2906 2214 3006 2284 τῆς
3041 2203 3290 2285 Τριάδος.
3331 2214 3436 2264 Καὶ
3465 2211 3542 2265 el-

1955 2310 2125 2372 κότως
2153 2328 2167 2342 ·
2212 2309 2401 2374 ὥσπερ
2433 2309 2541 2376 γὰρ
2575 2313 2642 2362 τὰ
2667 2311 2724 2360 ὲν
2751 2311 2816 2378 τῇ
2868 2308 3050 2378 κοιλίᾳ
3076 2307 3176 2374 τῆς
3210 2307 3418 2374 μητρὸς
3451 2302 3541 2356 εύ-

1956 2400 2254 2469 ρισκόμενα
2472 2399 2690 2468 ἔμϐρυα
2717 2399 2822 2468 πρὸ
2865 2401 2963 2468 τῆς
2995 2399 3304 2467 γεννήσεως
3354 2396 3542 2449 αὐτῶν

1956 2493 2104 2562 ζωὴν
2138 2494 2238 2562 μὲν
2266 2493 2503 2564 ἔχουσιν,
2532 2492 2791 2561 ἀνωφελῆ
2817 2493 2873 2544 δὲ
2902 2493 2998 2544 καὶ
3024 2491 3276 2558 ἀνόητον,
3312 2492 3404 2542 καὶ
3431 2491 3537 2557 ψυ-

1956 2587 2056 2657 χὴν
2091 2588 2167 2656 μὴ
2199 2587 2508 2656 δυναμένην
2536 2587 2813 2654 διακρῖναι
2839 2586 2900 2637 τὸ
2935 2586 3184 2655 κρεῖττον
3209 2583 3302 2636 τοῦ
3350 2584 3537 2652 χείρο-

1950 2680 2066 2742 νος,
2102 2680 2132 2750 ἢ
2173 2680 2325 2748 παρὰ
2355 2681 2547 2748 καιρὸν
2577 2679 2906 2746 γεννηθέντα
2926 2676 3025 2729 οῦκ
3055 2680 3192 2729 εἰσιν
3228 2676 3538 2744 ἄνθρωποι,

1955 2772 2076 2825 ἀλλ’
2132 2771 2462 2844 ὲκτρώματα
2517 2771 2614 2823 καὶ
2671 2771 3036 2837 ἀμϐλὼματα,
3095 2765 3237 2820 οὕτω
3295 2769 3391 2818 καὶ
3427 2767 3534 2825 πᾶς

1957 2860 2161 2932 ἀσεϐὴς
2195 2863 2223 2913 6
2270 2861 2345 2930 μὴ
2386 2860 2778 2928 ἀναγεννηθεὶς
2826 2858 2894 2911 δι’
2925 2855 3119 2919 ὓδατος
3147 2859 3242 2909 καὶ
3293 2855 3541 2922 πνεύμαι

1955 2970 2066 3017 τος,
2111 2951 2257 3005 τοῦτ’
2293 2952 2408 3005 ἐστι
2438 2951 2526 3004 διὰ
2564 2951 2657 3004 τοῦ
2701 2951 2858 3018 ἁγίου
2895 2949 3296 3020 βαπτίσματος,
3334 2949 3395 2999 ού
3445 2943 3538 2998 66'-

1955 3065 2118 3100 ναται
2154 3046 2283 3098 ίδέῖν
2316 3045 2377 3098 τδ
2421 3047 2673 3114 οὐράνιον
2717 3044 2832 3112 φῶς
2868 3045 2962 3098 atati.
2994 3042 3094 3114 τὴν
3139 3042 3236 3112 τῆς
3272 3039 3534 3108 ἀληθείας

1897 3179 1919 3202 ς
1955 3136 2276 3203 ἐπίγνωσιν,
2335 3137 2426 3188 καὶ
2475 3135 2562 3187 διὰ
2601 3134 2760 3187 τοῦτο
2816 3133 2994 3205 μύσας
3041 3133 3170 3194 τοὺς
3205 3133 3306 3196 τῆς
3353 3129 3540 3200 ψυχῆς

1956 3224 2124 3280 αὑτοῦ
2156 3225 2470 3296 ὀφθαλμοὺς
2500 3227 2528 3277 6
2570 3225 2802 3294 μάταιος
2846 3221 3120 3284 σκοτεινὸς
3163 3215 3530 3285 ἔναπελείφθη

1952 3406 2251 3464 contineat.
2275 3417 2397 3458 rnm
2426 3405 2565 3457 Deus
2591 3405 2662 3458 sit
2685 3401 2862 3458 omnis
2884 3400 3131 3456 veritatis
3157 3408 3368 3453 auctor.
3389 3395 3534 3461 Quo-

1952 3514 2072 3552 rum
2107 3499 2379 3551 malorum
2405 3498 2650 3551 omnium
2688 3496 2921 3564 primum
2967 3502 3020 3547 et
3052 3501 3389 3560 postiemum
3424 3495 3527 3546 est‘,

1952 3590 2094 3658 quod
2127 3605 2154 3642 a
2183 3590 2431 3642 daamonc
2474 3589 2652 3642 editus
2673 3597 2755 3642 est
2775 3601 2940 3640 eoran
2969 3584 3093 3644 istc,
3129 3581 3380 3651 quamvis
3405 3595 3529 3633 cum

1950 3697 1978 3735 a
2014 3682 2125 3735 Deo
2151 3683 2354 3734 editum
2381 3696 2501 3734 esse
2537 3681 2714 3733 dicant
2747 3679 2912 3732 Deum
2953 3677 3377 3731 calumniantes.

2021 3771 2190 3824 Miror
2213 3773 2463 3839 equidem
2485 3782 2537 3824 et
2561 3771 2851 3824 admodum
2877 3779 3091 3837 stupeo,
3117 3767 3285 3836 quod,
3308 3764 3528 3819 Christo

1952 3865 2162 3926 relicto,
2197 3863 2383 3917 miseri
2438 3863 2526 3916 isti
2556 3861 2914 3916 Moliametem
2949 3861 3120 3916 secuti
3155 3861 3287 3915 sint.
3323 3859 3377 3912 In
3413 3859 3536 3924 ipsa

1946 3957 2093 4010 enim
2117 3955 2439 4010 Moliatnetis
2464 3955 2601 4024 lege,
2626 3955 2732 4009 hoc
2757 3965 2839 4009 est
2863 3953 3081 4008 Corane
3097 3955 3341 4017 docetur,
3367 3951 3527 4005 Cliri-

1949 4053 2095 4100 stum
2141 4062 2234 4115 per
2264 4045 2516 4113 angelum
2559 4046 2710 4098 Matri
2753 4043 2881 4100 Jcsu
2925 4042 3374 4112 praenuntiatum,
3426 4055 3526 4110 per

1947 4137 2207 4207 Spiritum
2244 4151 2489 4191 sanetum
2525 4135 2947 4207 sanctificatum,
2977 4135 3028 4187 vi
3054 4135 3272 4195 divina,
3297 4149 3404 4187 non
3431 4149 3529 4186 na-

1949 4230 2130 4290 turali,
2166 4236 2508 4296 concept‘um,
2543 4235 2599 4280 et
2625 4241 2654 4279 e
2685 4227 2893 4294 virgine
2926 4223 3275 4278 sanctissima
3315 4233 3366 4278 et
3410 4239 3520 4294 pra:

1945 4321 2200 4375 omnibus
2232 4319 2450 4373 feminis
2489 4334 2618 4388 pura
2653 4325 2837 4372 natum
2878 4331 3019 4371 esse.
3055 4315 3246 4386 Capite
3281 4315 3523 4370 IEnesau

1945 4413 2089 4468 enim
2147 4414 2315 4466 dicit:
2358 4430 2376 4463 ι
2407 4412 2552 4466 Socii
2599 4409 2896 4482 Scriptura:
2949 4411 3094 4479 (hoc
3133 4418 3237 4474 est,
3276 4408 3519 4470 ﬁdeles).

269 4505 641 4575 repetendum,
676 4506 769 4560 sed
805 4505 987 4574 potius
1035 4519 1174 4574 opus
1210 4503 1494 4574 sapientia:
1531 4504 1705 4574 ipsius
1741 4504 1840 4559 Sa--
1874 4519 1918 4574 ι)
1949 4521 2016 4560 ne
2049 4505 2243 4561 dicatis
2274 4504 2376 4559 nisi
2413 4519 2598 4558 verum
2630 4505 2697 4569 de
2731 4505 2861 4567 Deo,
2909 4498 3096 4558 Iesum
3133 4501 3409 4556 Christum
3433 4501 3523 4554 Fi-

267 4607 402 4653 tanm
438 4612 600 4661 esse;
633 4607 797 4665 atque
840 4613 906 4651 ex
953 4598 1074 4666 ipso
1114 4611 1316 4652 corane
1349 4599 1694 4666 perspicuum
1731 4609 1835 4660 est,

265 4704 382 4743 eum
414 4703 513 4743 nec
546 4703 670 4742 cum
715 4698 902 4742 vetere
932 4687 1239 4757 Scriptura,
1278 4703 1380 4743 nec
1402 4705 1526 4744 cum
1559 4689 1714 4744 Novo
1734 4687 1842 4745 Te-

265 4787 530 4834 stamento
561 4794 886 4846 congruere,
926 4794 1050 4832 cum
1088 4787 1270 4832 tamen
1303 4783 1617 4836 consentiat
1649 4784 1840 4838 llloba-

263 4878 450 4934 metes,
493 4883 584 4923 eas
617 4867 852 4923 Litteras
887 4882 1074 4923 sacras
1124 4877 1178 4923 et
1223 4869 1481 4935 pulchras
1533 4887 1679 4934 esse,
1737 4886 1837 4925 nec

263 4961 548 5030 quidquam
577 4975 738 5030 agere
759 4961 995 5014 asseclas
1026 4975 1176 5026 suos,
1203 4961 1308 5015 nisi
1334 4961 1433 5030 legi
1459 4970 1514 5016 et
1538 4961 1836 5032 Evangelio

263 5050 615 5105 satisfaciant.
650 5050 892 5116 Accedit,
926 5058 986 5104 ut
1017 5066 1156 5119 pene
1195 5052 1372 5107 ubivis
1403 5053 1505 5108 sibi
1533 5061 1836 5122 repugnet;

262 5153 315 5197 ut
357 5143 566 5198 nullum
607 5144 939 5198 miraculum
974 5146 1206 5200 ediderit
1250 5147 1316 5200 ad
1353 5145 1514 5200 fidem
1552 5146 1712 5201 dictis
1742 5162 1835 5216 pa-

261 5233 477 5286 randam
505 5250 521 5298 ;
548 5243 608 5288 ut
634 5235 769 5288 liber
792 5236 896 5288 iste
917 5235 1205 5290 manifesta
1232 5235 1515 5292 mendacia
1539 5239 1833 5303 contineat,

261 5324 306 5378 id
339 5326 482 5393 quod
527 5341 556 5378 a
591 5325 699 5381 Deo
731 5342 956 5397 prorsus
1012 5328 1250 5383 alienum
1300 5338 1425 5394 est;
1469 5344 1526 5385 ut
1556 5331 1831 5386 violentus

263 5417 325 5471 sit
352 5425 404 5471 et
430 5418 731 5474 libertatein
781 5420 954 5486 tollat,
988 5423 1330 5490 quam-Deus
1364 5440 1646 5494 nunquam
1677 5439 1830 5478 ever-

264 5511 356 5577 tit;
389 5519 448 5564 ttt
497 5512 926 5580 perturbationis
962 5514 1154 5582 plenus
1178 5515 1266 5579 sit,
1303 5530 1426 5584 qua:
1466 5531 1495 5569 a
1533 5515 1641 5571 Deo
1673 5518 1832 5585 longe

261 5605 421 5668 abest,
457 5606 898 5675 quandoquidem
937 5606 1082 5660 Deus
1121 5624 1227 5661 non
1267 5620 1346 5662 eSI
1398 5611 1828 5678 perturbationis

261 5692 430 5752 Deus:
467 5709 524 5751 ut
564 5713 761 5767 pravus
795 5700 887 5762 sit,
932 5713 1055 5753 cum
1087 5700 1228 5754 Deus
1267 5703 1418 5757 omni
1457 5705 1526 5756 sit
1568 5708 1828 5775 atquitatc

265 5797 310 5842 et
337 5789 538 5853 iustitia
573 5791 862 5858 superior;
894 5800 950 5845 ut
985 5793 1175 5849 itinera
1207 5792 1398 5849 ﬁctilia
1425 5805 1478 5850 et
1512 5798 1826 5863 prodigiosa

1945 4599 2074 4653 lium
2107 4597 2289 4652 Mariae
2321 4607 2373 4652 et
2403 4597 2640 4665 legatum
2691 4605 2743 4650 et
2776 4595 3011 4650 Verbum
3047 4594 3142 4649 Dei
3175 4609 3316 4653 esse.
3352 4609 3514 4664 quem

1944 4693 1997 4746 iii
2031 4708 2092 4748 ea
2122 4689 2410 4746 collocavit
2443 4705 2538 4758 per
2568 4687 2832 4755 Spiritum
2858 4698 3129 4742 sanctum.
3157 4707 3175 4740 ι
3212 4687 3400 4756 Itaque
3421 4685 3526 4739 nii-

1943 4801 2031 4842 ser
2061 4785 2186 4849 iste,
2239 4798 2363 4838 cum
2402 4782 2569 4836 Deum
2611 4779 2908 4850 appellaret
2962 4789 3014 4834 et
3044 4776 3283 4833 Verbum
3342 4777 3432 4833 Dei
3469 4790 3523 4834 et

1945 4879 2205 4949 Spiritum
2261 4882 2533 4937 sanctum,
2584 4875 2688 4928 hoc
2723 4882 2808 4927 est
2855 4882 3098 4927 sanctam
3173 4872 3519 4936 Trinitatem,

1943 4983 2048 5022 non
2081 4965 2293 5034 aperuit
2325 4972 2505 5016 tamen
2543 4963 2736 5017 oculos
2771 4962 2967 5016 mentis
3004 4963 3069 5016 ad
3103 4962 3400 5017 videndum
3432 4963 3520 5015 lu-

1944 5076 2066 5112 men
2098 5056 2407 5111 Trinitatis.
2433 5053 2700 5109 Nimirum
2735 5055 2881 5110 sicut
2920 5057 2972 5110 in
2999 5066 3186 5110 ventre
3220 5056 3411 5110 matris
3443 5055 3522 5110 fe-

1943 5161 2029 5206 tus
2078 5146 2353 5202 immaturi
2405 5146 2569 5200 vitam
2611 5147 2852 5216 quidem,
2899 5148 2991 5202 sed
3039 5147 3286 5201 inutilem
3340 5159 3392 5202 et
3432 5148 3516 5200 sui

1940 5241 2203 5300 nesciam,
2234 5248 2396 5308 atque
2426 5251 2685 5304 mentem,
2724 5248 2907 5294 utrum
2948 5239 3163 5305 melius,
3207 5248 3387 5293 utrum
3422 5251 3516 5301 pec

1935 5335 2026 5404 jus
2056 5335 2147 5398 sit,
2181 5349 2286 5387 non
2317 5333 2717 5388 discernentem
2749 5333 2968 5401 habent,
3004 5341 3118 5398 aut,
3149 5341 3276 5387 ante
3299 5344 3514 5398 tempus

1939 5429 2095 5490 editi,
2124 5442 2229 5479 non
2257 5425 2526 5488 homines,
2554 5425 2646 5479 sed
2674 5437 2861 5496 partus
2884 5426 3229 5496 prmsposteri
3255 5423 3333 5476 vel
3355 5422 3517 5473 abor-

1938 5530 2024 5574 tus
2061 5528 2212 5581 sunt,
2246 5519 2320 5571 ita
2372 5519 2619 5587 quisquis
2656 5519 2859 5588 impius
2899 5535 2993 5589 per
3023 5532 3218 5587 aquam
3264 5524 3316 5567 et
3345 5513 3512 5580 spiri-

1938 5621 2075 5673 tum,
2123 5611 2224 5663 hoc
2263 5619 2348 5663 est
2388 5624 2636 5664 sanctum
2671 5612 2964 5680 baptisma,
2995 5625 3100 5663 non
3137 5607 3512 5674 regeneratus,

1936 5707 2163 5758 caeleste
2216 5705 2402 5758 lumen
2442 5714 2496 5757 et
2549 5703 2834 5757 veritatem
2886 5703 3129 5770 aspicere
3185 5693 3416 5764 nequit;
3451 5705 3521 5751 es

1932 5810 2236 5866 propterea,
2271 5799 2477 5855 clausis
2501 5797 2679 5853 oculis
2715 5795 2937 5859 mentis,
2975 5791 3170 5848 nebulo
3201 5791 3306 5845 Este
3337 5800 3515 5844 occae-
