4022 6294
457 220 570 287 95ῦ

1686 233 2017 296 GEORGII
2055 236 2483 303 PHBANTZIE

3627 248 3748 312 955

457 339 532 431 rb;
565 334 805 431 61:01:69
835 337 1061 431 admiral
1093 339 1358 431 διάϐολος.
1396 343 1533 413 Περὶ
1581 344 1688 414 γὰρ
1723 346 1820 400 τοῦ
1872 349 2030 415 ἀγίου
2061 353 2105 410 Α
2140 354 2379 422 Χριστὸς
2433 355 2776 427 ἐσταύρωται
2830 357 2925 412 καὶ
2963 358 3194 430 τέθνηκε
3248 361 3347 414 καὶ
3399 361 3590 431 ἐτάφη
3645 358 3744 414 καὶ

460 427 782 497 Ιινεύματος
830 429 1070 499 συνεχῶς
1103 431 1162 483 ὲν
1205 429 1283 501 τῷ
1317 435 1485 505 κοράν
1540 435 1840 508 μέμνηται.
1900 443 2040 511 Φησὶ

464 519 576 588 γὰρ
611 519 668 570 ὲν
717 518 795 588 τῷ
842 520 1124 592 κεφαλαίῳ
1163 522 1240 592 τῷ
1283 525 1491 594 Ἐμπιᾶ
1518 527 1592 586 ὡς
1635 529 1701 582 ἐκ
1747 531 2040 601 προσώπου

462 611 558 662 τοῦ
585 609 719 662 Θεοῦ
751 612 831 664 ὅτι
865 613 995 680 περὶ
1026 614 1124 684 τῆς
1173 615 1394 684 Μαρίας
1451 619 1867 690 ὲνεφυσήσαμεν
1900 623 2039 694 αὐτῇ

463 703 527 754 ἐκ
557 701 648 756 τοῦ
682 703 998 773 Πνεύματος
1033 706 1127 759 τοῦ
1161 708 1344 774 ἀγίου.
1379 711 1488 764 Καὶ
1529 713 1748 774 πάντως
1792 713 1855 766 οὐ
1882 714 2042 768 δύνα-

459 812 551 848 ται
581 797 758 848 είπεῖν
790 797 872 848 ὅτι
908 799 1035 866 περὶ
1067 799 1308 866 ἀγγέλου
1347 796 1469 853 εἷπε
1500 801 1656 855 τοῦτο
1688 804 1716 856 6
1749 803 1900 867 Θεός.
1931 807 2042 859 Καὶ

463 886 592 954 περὶ
627 888 724 954 μὲν
753 887 848 940 τοῦ
893 890 1134 959 Χριστοῦ
1179 891 1411 946 τοιαῦτα
1439 907 1451 920 ·
1489 895 1617 961 περὶ
1649 894 1704 948 δὲ
1750 896 1843 948 τοῦ
1873 897 2040 950 Μωά·

468 981 570 1046 μεθ
601 982 753 1034 οὐδὲν
788 983 1034 1036 τοιοῦτόν
1070 1001 1262 1053 φησιν,
1309 985 1422 1037 ἀλλ’
1448 985 1532 1038 ὅτι
1564 982 1634 1054 ἦν
1665 987 1900 1054 ὀρφανὸς
1946 989 2042 1041 καὶ

467 1073 745 1140 πλανήτης
784 1075 888 1128 ὑπὸ
943 1077 1080 1129 Θεοῦ
1141 1078 1455 1146 συναχθείς.
1489 1078 1612 1131 Ἔτι
1665 1079 1756 1133 τὸν
1804 1081 2042 1149 Χριστὸν

466 1164 642 1231 Λόγον
671 1165 807 1218 Θεοῦ
840 1167 1122 1236 ὀνομάζει,
1161 1169 1235 1230 ὡς
1284 1170 1525 1238 εἴρηται,
1563 1172 1655 1224 καὶ
1699 1173 1879 1242 ψυχὴν
1905 1173 2042 1228 Θεοῦ

469 1259 565 1310 καὶ
596 1261 884 1328 προφήτην
916 1262 1135 1313 πάντων
1167 1261 1276 1312 τῶν
1309 1262 1612 1333 προφητῶν
1639 1266 1919 1332 μέγιστον,
1954 1265 2042 1319 τὸν

468 1347 526 1397 δὲ
561 1348 1009 1428 Μιοὰμεθίοῦτως
1044 1352 1204 1418 μόνον
1240 1354 1527 1423 προφήτην
1553 1354 1761 1418 ἁπλῶς.
1804 1357 1923 1409 Ἔτι
1951 1357 2043 1408 τὸν

468 1440 708 1506 Χριστὸν
734 1443 794 1493 ὲκ
820 1441 914 1494 τοῦ
953 1442 1207 1514 Ἀϐραὰμ
1238 1447 1334 1498 καὶ
1362 1444 1552 1498 Ἰσαὰκ
1577 1446 1670 1499 καὶ
1691 1445 1890 1500 Ἰακὼϐ
1915 1449 2044 1517 δμο-

468 1529 722 1596 λογοῦσιν
762 1529 902 1586 εἶναι
937 1535 1029 1586 τοῦ
1090 1536 1307 1606 ἔχοντος
1362 1538 1463 1600 τὰς
1512 1539 1882 1607 ὲπαγγελίας’
1913 1542 1940 1593 6
1983 1540 2042 1593 δὲ

470 1613 717 1686 Μωάμεθ
769 1621 832 1673 ἐκ
881 1622 974 1674 τοῦ
1041 1625 1273 1695 Ἰσμαήλ
1328 1627 1504 1696 ἧστιν,
1564 1629 1714 1690 ὅστις
1775 1627 2039 1698 ἐξεϐλήθη

471 1710 614 1777 μετὰ
650 1713 745 1779 τῆς
782 1714 990 1783 μητρὸς
1043 1715 1212 1768 αὑτοῦ
1256 1699 1355 1785 τῆς
1416 1718 1713 1788 παιδίσκης
1744 1720 1924 1789 Ἀγαρ
1979 1720 2042 1773 ὲκ

471 1799 566 1850 τοῦ
597 1801 747 1852 οἴκου
791 1803 885 1855 τοῦ
928 1804 1202 1873 Ἀϐραάμ.
1237 1808 1356 1859 Ἔτι
1403 1809 1431 1858 6
1474 1808 1707 1873 Χριστὸς
1752 1809 1874 1862 ούδέ
1910 1826 2041 1861 ποτε

471 1893 729 1961 ἐποίησεν
748 1894 1021 1962 ἁμαρτίαν
1038 1896 1232 1964 (Λόγος
1254 1897 1362 1966 γὰρ
1380 1897 1513 1952 Θεοῦ
1531 1899 1623 1949 καὶ
1643 1899 1865 1965 Πνεῦμα
1879 1899 2040 1969 375

469 1985 606 2038 Θεοῦ
637 1987 701 2038 ού
720 1985 944 2039 δύναται
967 1989 1354 2058 πλανηθῆναι),
1375 1991 1402 2040 6
1423 1989 1476 2041 δὲ
1498 1990 1744 2059 Μωάμεθ
1762 1991 2044 2046 εἰδωλολά-

469 2092 609 2146 τρης
648 2077 866 2144 ἐγένετο
894 2079 984 2131 καί
1014 2082 1209 2147 φονεὺς
1240 2079 1334 2130 καὶ
1356 2080 1542 2148 ἅρπαξ
1570 2084 1659 2133 καὶ
1680 2081 2044 2150 ἀσελγὴς,καὶ

473 2169 690 2232 πολλοῖς
715 2171 921 2241 ἑτέροις
946 2173 1352 2240 ἁμαρτήμασιν
1381 2173 1561 2242 ἔνοχος
1583 2173 1823 2240 ἐγένετο,
1850 2174 1935 2243 ἐφ’
1960 2169 2043 2240 οἷς

470 2261 501 2311 ὁ
525 2260 678 2324 Θεὸς,
711 2260 786 2322 ὥς
822 2279 1006 2330 φασιν,
1039 2263 1203 2315 αὑτὸν
1248 2263 1648 2331 συνεπάθησεν.
1696 2263 1866 2316 Ἔτιὸ
1913 2265 2044 2334 Χρι-

474 2357 598 2417 στὸς
626 2357 828 2422 φρικτά
856 2356 950 2407 καὶ
985 2355 1199 2418 ἐξαίσια
1244 2356 1511 2425 πεποίηκε
1555 2354 1833 2427 θαύματα,
1866 2357 1941 2418 ὡς
1982 2359 2041 2408 ἐν

473 2445 549 2514 τῷ
579 2445 855 2514 κεφαλαίῳ
880 2445 958 2510 τῷ
1001 2445 1264 2514 Ἐλμαῖδᾶ
1288 2445 1712 2516 μεμαρτύρηται
1743 2448 1823 2500 ὅτι
1855 2450 1882 2500 6
1908 2448 2045 2517 Χρι-

475 2535 598 2598 στὸς
638 2536 869 2604 τυφλοὺς
901 2536 1155 2603 ἐφώτισε,
1185 2537 1422 2606 λεπροὺς
1466 2540 1786 2608 ἐκαθάρισε,
1817 2541 2046 2609 νεκροὺς

473 2629 742 2694 ἀνέστησε
770 2630 866 2680 καὶ
893 2628 1027 2681 ἄλλα
1061 2629 1231 2682 πολλά
1261 2630 1564 2698 εἰργάσατο
1587 2647 1600 2661 ο
1636 2632 1664 2682 6
1694 2632 1749 2684 δὲ
1795 2631 2042 2702 Μωάμεθ

474 2719 627 2773 οὐδὲν
652 2711 838 2787 θαῦμα
871 2719 1142 2788 πεποίηκε
1177 2719 1323 2773 κατά
1347 2721 1407 2774 τὸ
1437 2721 1630 2792 κορᾶν,
1673 2721 1843 2792 ἀλλ’ἢ
1885 2722 2046 2791 μόνον

473 2801 536 2863 τὸ
574 2811 672 2880 τῆς
728 2810 979 2880 σελήνης,
1036 2811 1173 2881 ὅπερ
1228 2813 1346 2865 ἐστὶ
1388 2813 1584 2881 ψεῦδος
1631 2813 1915 2882 ἄντικρυς,
1953 2813 2047 2868 καὶ

473 2902 636 2971 ’ἐτερά
667 2919 786 2956 τινα
817 2904 1037 2972 αίσχρά,
1074 2902 1218 2972 ἅπερ
1255 2907 1350 2959 καὶ
1391 2904 1896 2976 παρεσιωπήθησαν
1951 2905 2045 2960 καὶ

2145 446 2343 516 ἀνέστη
2373 449 2468 501 καὶ
2499 449 2775 521 ἀνελήφθη
2810 453 2908 504 καὶ
2943 451 3002 505 ὲν
3046 453 3198 523 δεξιᾷ
3232 453 3330 506 τοῦ
3371 454 3600 522 Πατρὸς
3637 456 3739 506 κί-

2144 535 2307 603 θηται
2333 554 2347 569 ·
2375 539 2520 593 κατὰ
2544 541 2601 594 δὲ
2627 541 2688 594 τὸ
2720 544 2915 612 κορᾶν,
2942 543 3018 606 ὡς
3046 543 3210 613 δῆθεν
3237 543 3525 613 τιμῶντες
3555 543 3740 610 αὐτόν,

2142 627 2398 697 λέγουσιν
2429 631 2510 685 ὅτι
2545 633 2646 686 οὐκ
2674 633 2982 700 ἀπέθανεν,
3014 635 3292 704 ἀνελήφθη
3325 635 3383 688 δ’
3415 636 3608 703 ὅμως.
3633 636 3742 686 Καὶ

2145 719 2257 774 ἰδοὺ
2288 721 2412 774 ὅσον
2440 723 2550 776 ἀπὸ
2581 723 2684 792 τῆς
2709 723 2806 777 τοῦ
2832 725 3172 794 Εὐαγγελίου
3202 725 3480 798 ἀληθείας
3512 729 3614 780 καὶ
3639 729 3746 781 ἀεὶ

2143 812 2242 882 τῆς
2271 813 2368 866 τοῦ
2419 815 2666 882 Μωάμεθ
2700 815 3054 885 ψευδολογίας
3091 819 3120 871 6
3154 821 3398 890 Χριστὸς
3440 819 3568 884 ζῶν
3615 822 3750 872 ἀνα-

2145 907 2401 972 φαίνεται
2433 909 2526 960 καὶ
2555 909 2929 976 ὁμολογεῖται,
2963 912 2992 963 6
3020 910 3080 963 δὲ
3121 911 3432 981 Μαχούμεθ
3494 912 3746 977 οὑτοσὶν,

2142 999 2218 1060 ὡς
2248 999 2452 1062 πάντες
2482 1001 2531 1052 oi
2579 1001 2647 1053 τά
2695 1001 2912 1052 ἐκείνου
2959 1003 3285 1069 φρονοῦντες
3330 1003 3748 1070 ὁμολογοῦσιν,

2145 1091 2387 1144 ἀπέθανε
2451 1095 2546 1146 καὶ
2581 1095 2680 1146 οὐκ
2737 1095 2962 1166 ἀνέστη.
3020 1098 3130 1148 Καὶ
3169 1097 3354 1149 τοίνυν
3393 1097 3495 1149 διὰ
3561 1097 3753 1151 ταῦτα

2146 1181 2326 1235 πάντα
2381 1182 2473 1234 τὸν
2530 1185 2767 1254 Χριστὸν
2804 1186 2911 1237 ἔδει
2973 1190 3301 1255 προσκυνεῖν
3352 1187 3456 1241 καὶ
3523 1187 3604 1258 μὴ
3672 1189 3754 1258 τῷ

2146 1272 2394 1340 Μωάμεθ
2425 1274 2764 1330 ἀκολουθεῖν.
2804 1276 2925 1339 Πῶς
2960 1281 3069 1348 γὰρ
3100 1279 3207 1331 ἔδει
3258 1280 3651 1350 πιστευθῆναι
3680 1282 3750 1334 τὲ

2143 1362 2240 1415 τοῦ
2295 1362 2433 1417 θεοῦ
2480 1363 2640 1431 λόγια
2690 1365 2968 1437 ἀνθρώπῳ
3020 1368 3191 1436 ὁμοίῳ
3248 1369 3397 1421 κατὰ
3435 1367 3636 1422 πάντα
3672 1368 3752 1435 τῷ

2145 1455 2408 1524 δαίμονι;
2469 1457 2578 1509 Καὶ
2611 1458 2660 1509 εί
2715 1457 2918 1525 βούλει,
2975 1459 3424 1529 παραϐάλλωμεν
3488 1461 3752 1528 ἀμφοτέ-

2150 1565 2297 1617 ρους,
2327 1550 2420 1600 καὶ
2452 1549 2779 1618 γνωσόμεθα
2811 1550 2879 1602 τά
2909 1551 3118 1602 τούτων
3159 1550 3454 1621 ίδιώματα.
3514 1553 3582 1604 '0
3631 1554 3752 1606 εεάο

2078 1639 2307 1737 Βϐολος
2346 1639 2683 1708 ,ἐπηρμένος
2740 1643 2836 1693 καὶ
2885 1641 3120 1707 ἀλαζὼν,
3176 1644 3204 1695 6
3261 1642 3524 1712 Μωάμεθ
3578 1643 3752 1714 378

2149 1735 2460 1804 ἐπηρμένος
2493 1736 2590 1787 καὶ
2628 1733 2848 1797 ἀλαζών
2869 1751 2884 1768 ο
2919 1735 3004 1796 τίς
3028 1736 3138 1804 γὰρ
3172 1735 3378 1802 μείζων
3422 1734 3527 1787 τοῦ
3565 1736 3744 1788 Mud-

2152 1825 2276 1894 μεθ,
2310 1825 2368 1888 ὃς
2398 1826 2752 1894 ὑπεραναϐἀς
2784 1826 2909 1887 τοὺς
2959 1826 3244 1894 οὐρανοὺς,
3279 1827 3355 1889 ὡς
3402 1826 3586 1887 αὐτὸς
3614 1829 3741 1895 περὶ

2149 1917 2317 1968 αὑτοῦ
2355 1917 2568 1987 εἴρηκε,
2601 1917 2697 1969 καὶ
2740 1917 2910 1983 αύτάς
2950 1917 3131 1980 πάσας
3164 1919 3260 1980 τὰς
3299 1919 3623 1985 ἀγγελικάς
3654 1920 3742 1971 ει-

2151 2008 2350 2077 νάμεις
2376 2009 2455 2077 τῷ
2483 2009 2604 2080 Θεῷ
2636 2011 2999 2081 προσωμίλει,
3030 2011 3124 2064 καὶ
3157 2011 3388 2079 μεσίτης
3417 2010 3538 2062 τῶν
3563 2013 3743 2064 ἑπταε-

2150 2100 2326 2154 κὸτων
2358 2102 2609 2169 ἀγγέλων
2637 2103 2877 2168 ἐγένετο,
2917 2101 3053 2154 ἀλλά
3083 2104 3175 2154 καὶ
3211 2101 3302 2154 τοῦ
3334 2104 3564 2170 κόσμου
3604 2120 3743 2155 παν-

2149 2189 2241 2250 τὸς
2288 2191 2643 2260 προστάτης;
2687 2191 2746 2242 Ὀ
2795 2189 3042 2252 διάϐολος
3085 2189 3553 2258 ἀνθρωποκτόνος
3605 2193 3742 2256 ἐστὶ,

2151 2275 2246 2327 καὶ
2278 2277 2305 2327 6
2346 2276 2594 2343 Μωάμεθ
2620 2277 2749 2339 τοὺς
2778 2278 2851 2346 μὴ
2898 2277 3260 2347 πειθομένους
3291 2283 3407 2342 τοῖς
3460 2278 3743 2348 δόγμασιν

2153 2365 2320 2419 αὑτοῦ
2365 2366 2584 2436 θανάτῳ
2641 2369 3023 2424 κατεδίκασεν.
3071 2370 3131 2422 '0
3171 2370 3425 2430 διάϐολος
3476 2372 3745 2424 ἀπατεύν

2153 2459 2290 2515 ἐστι.
2339 2460 2434 2512 καὶ
2461 2461 2491 2512 6
2518 2459 2762 2528 Μωάμεθ
2801 2461 2900 2522 τὰς
2939 2460 3131 2530 ἡδονὰς
3175 2461 3360 2524 ἐνδοὺς
3398 2462 3498 2512 καὶ
3551 2462 3743 2531 ὥσπερ

2151 2566 2208 2602 τι
2236 2549 2432 2620 δέλεαρ
2481 2551 2539 2602 ἐν
2573 2549 2857 2620 ἀγκίστρῳ
2903 2550 3078 2612 ἐνθεὶς
3115 2551 3243 2614 τοὺς
3293 2553 3575 2620 ἀνοήτους
3606 2553 3744 2622 πρός

2151 2641 2344 2694 ἑαυτὸν
2371 2643 2732 2710 ὲφελκύσατο.
2777 2643 2838 2698 Ὀ
2867 2641 3113 2704 διάϐολος
3145 2643 3387 2712 ψεύστης
3413 2645 3597 2707 ἐστὶν,
3624 2643 3742 2696 ἀλλ’

2153 2733 2215 2784 οὐ
2263 2732 2519 2787 τοσοῦτον
2551 2720 2682 2796 ώςδ
2729 2735 3000 2803 ιὶωάμεθ,
3031 2735 3213 2796 καθὼς
3261 2735 3357 2788 καὶ
3404 2737 3468 2787 ὲν
3497 2736 3617 2805 ὅλῳ
3663 2735 3742 2802 τῷ

2157 2828 2323 2896 κοράν
2375 2827 2590 2896 τρανῶς
2644 2827 3026 2894 ἀναφαίνεται.
3075 2827 3136 2881 '0
3182 2827 3431 2889 διάϐολος
3486 2827 3738 2890 ὓπουλός

2152 2917 2270 2970 ἐστι
2297 2932 2310 2947 ·
2344 2916 2441 2971 καὶ
2467 2919 2549 2980 τίς
2577 2918 2735 2980 ἄλλος
2756 2918 2831 2980 ὡς
2854 2918 3101 2988 Μωάμεθ
3134 2921 3200 2988 τῇ
3229 2919 3570 2971 ταπεινώσει
3600 2921 3738 2972 ὑπο-

473 2997 542 3064 τῇ
576 2996 718 3088 σιγῇ-
755 2995 1130 3088 παρεδόθησαν
1164 2995 1252 3049 διὰ
1294 2996 1354 3088 τὸ
1405 2996 1524 3048 λίαν
1577 2997 1882 3068 δύσφημον.
1924 2999 2046 3052 Ἔτι
2075 3027 2121 3088 c
2153 3011 2366 3082 κριθεὶς
2392 3011 2490 3080 τὴν
2522 3010 2981 3080 ὑψηλοφροσύνην
3006 3012 3340 3081 ὴσπάσατος
3383 3012 3445 3065 '0
3479 3012 3754 3076 διάϐολος·

476 3085 618 3140 κοῖτά
665 3085 764 3157 μὲν
789 3085 850 3141 τὸ
881 3085 1215 3156 Εύαγγέλιον
1247 3085 1339 3142 καὶ
1371 3089 1538 3160 αὐτὴν
1561 3090 1660 3161 τὴν
1710 3092 1973 3162 ἀλήθειαν
2018 3093 2046 3144 6

479 3278 638 3326 catus
665 3270 885 3333 mansit,
919 3280 979 3324 ut
1005 3281 1158 3342 pater
1193 3269 1314 3340 ejus
1345 3271 1616 3327 diabolus.
1652 3272 1836 3327 Sancti
1870 3271 2048 3342 Spirio

481 3373 569 3418 tus
605 3363 748 3417 enim
783 3365 834 3417 in
865 3364 1077 3420 Corane
1109 3374 1369 3434 perpetuo
1401 3367 1730 3419 mentionem
1762 3364 1914 3418 facit.
1946 3364 2050 3419 Ca—

477 3455 588 3523 pite
622 3453 809 3524 Empia
838 3457 983 3509 enim
1018 3456 1238 3509 nomine
1267 3455 1362 3510 Dei
1390 3457 1453 3510 de
1497 3456 1664 3510 Maria
1699 3456 1833 3512 dicit
1865 3473 1879 3510 :
1916 3473 1934 3507 ι
1965 3457 2049 3508 ιιι-

480 3548 808 3618 spiravimus
859 3550 908 3604 ei
960 3564 1056 3619 per
1083 3548 1355 3618 Spiritum
1412 3557 1684 3605 sanctum.
1719 3567 1739 3600 ι
1793 3549 2048 3604 Profecto

481 3643 626 3694 enim
651 3641 833 3695 dicere
855 3657 960 3695 non
995 3647 1198 3710 potest,
1221 3641 1288 3694 de
1310 3641 1500 3709 angelo
1523 3642 1626 3696 hoc
1645 3642 1815 3696 Deum
1839 3643 2045 3698 dicere.

482 3732 606 3788 "are
637 3733 799 3804 igitur
828 3733 894 3787 de
913 3732 1130 3788 Christo
1162 3732 1465 3802 praedicat;
1492 3733 1557 3786 de
1584 3731 1890 3790 llohamete
1912 3734 2050 3788 nihil

480 3823 772 3891 ejusmodi,
821 3822 914 3877 sed
946 3826 1142 3878 orbum
1180 3837 1304 3876 cum
1351 3822 1518 3878 fuisse
1541 3835 1597 3878 et
1632 3840 1825 3894 vagum
1871 3825 2050 3879 homi-

484 3931 605 3969 nem
629 3930 658 3968 a
685 3914 792 3969 Deo
823 3916 1187 3982 compulsum.
1221 3916 1366 3970 Idem
1388 3914 1665 3970 Christum
1685 3918 1922 3972 Verbum
1953 3915 2050 3972 Dei

482 4003 738 4073 appellat,
779 4014 839 4058 ut
877 4004 1136 4071 diximus,
1169 4018 1223 4060 et
1247 4006 1485 4060 animam
1521 4005 1612 4060 Dei
1643 4017 1695 4060 et
1727 4008 2046 4078 praphetatn

483 4097 726 4152 omnium
748 4097 1132 4166 prophetarum
1157 4097 1473 4164 maximum,
1491 4096 1849 4153 Moltametem
1867 4109 2048 4153 autem

2155 3101 2455 3171 σύμϐουλός
2488 3103 2604 3154 ἔστι
2636 3101 2742 3154 τῶν
2765 3102 3262 3172 ἀπηγορευμένων,
3289 3104 3384 3154 καὶ
3414 3103 3566 3173 ὑπὲρ
3599 3104 3737 3157 πάνυ

2155 3273 2410 3329 Christus
2460 3272 2762 3328 secumlum
2817 3273 3166 3342 Evangelium
3221 3283 3276 3328 et
3324 3291 3516 3330 revera
3572 3280 3728 3332 cruci

2157 3363 2371 3428 aﬂixus,
2405 3371 2654 3415 mortuus
2691 3371 2746 3416 et
2785 3363 3032 3431 sepultus
3061 3372 3168 3428 est,
3199 3367 3472 3429 surrexit,
3510 3365 3566 3418 in
3613 3382 3728 3420 coe-

2159 3456 2268 3509 lum
2301 3454 2545 3508 ascendit
2581 3464 2635 3508 et
2664 3469 2693 3507 a
2727 3453 2922 3508 dextra
2961 3455 3135 3508 Patris
3171 3456 3368 3520 sedet;
3412 3458 3721 3512 secundum

2156 3545 2426 3601 Coranem
2471 3554 2677 3608 autem,
2727 3554 2913 3612 utpote
2963 3561 3087 3598 eum
3129 3556 3478 3612 venerantes,
3509 3547 3726 3612 dicunt,

2158 3654 2280 3693 eum
2307 3653 2410 3691 non
2434 3646 2709 3691 mortuum
2733 3649 2878 3698 esse,
2902 3636 2995 3690 sed
3022 3644 3200 3690 tamen
3227 3636 3281 3690 iu
3307 3639 3506 3692 emtum
3529 3654 3728 3692 ascen-

2157 3728 2322 3784 disse.
2355 3729 2545 3797 Itaque
2577 3728 2779 3782 veritas
2823 3727 3098 3796 Evangelii
3137 3739 3190 3782 et
3217 3728 3503 3783 mendacia
3535 3729 3726 3784 Multa-

2161 3820 2316 3872 mctis
2343 3819 2658 3872 testimonio
2687 3825 2818 3872 sunt
2848 3827 2903 3870 et
2934 3819 3310 3879 consentiunt.
3339 3819 3618 3874 Christum
3648 3822 3728 3875 vi-

2160 3924 2325 3973 vere;
2361 3908 2692 3963 Mohametes
2726 3908 2828 3961 iste
2864 3923 3014 3970 vero,
3047 3918 3103 3962 ut
3137 3923 3327 3963 omnes
3351 3911 3573 3964 asseclze
3605 3912 3724 3980 ejus

2159 3997 2514 4057 conveniunt,
2551 4005 2800 4051 mortuus
2830 4006 2913 4049 est
2946 4011 3044 4050 nec
3071 3997 3331 4052 surrexit.
3354 3995 3437 4051 Ob
3469 4000 3578 4053 lucc
3604 4015 3716 4053 om-

2159 4089 2248 4142 nia
2281 4089 2444 4158 igitur
2479 4087 2762 4142 Christum
2795 4088 3064 4156 proftteri,
3097 4105 3205 4142 non
3241 4089 3601 4144 Mohametetn
3637 4107 3720 4144 sc-

484 4188 806 4256 simpliciter
839 4188 1184 4257 prophetam.
1222 4185 1423 4241 Deinde
1457 4185 1739 4242 Christum
1775 4184 2052 4243 ab‘Abra-
2081 4207 2128 4262 ο
2157 4180 2250 4249 (illi
2287 4179 2572 4234 debeballl-
2603 4178 2736 4245 Quis
2768 4181 2917 4233 Cllim
2947 4182 3090 4234 diem
3123 4179 3218 4234 Dei
3253 4182 3321 4235 ³1)
3358 4183 3580 4236 homine
3607 4198 3721 4236 0m-

488 4281 669 4340 humo,
705 4277 889 4332 Isaaco
944 4286 999 4330 et
1053 4275 1284 4340 Iacobo,
1339 4278 1536 4347 quibus
1594 4281 1860 4345 promissa
1924 4281 2049 4334 data

482 4378 663 4432 erant,
690 4383 862 4438 genus
881 4367 1084 4420 ducere
1105 4369 1496 4432 consentiunt;
1523 4367 1853 4424 Mohametes
1871 4380 2051 4423 autem

482 4477 544 4513 «ιτ
579 4457 826 4514 Ιειιιοθιίε
857 4457 1087 4531 posteris
1119 4466 1227 4522 est,
1259 4457 1351 4527 qui
1382 4474 1505 4512 cum
1538 4469 1708 4513 matre
1747 4476 1870 4523 sua,
1909 4461 2056 4531 Agar

485 4551 706 4614 ancilla,
741 4549 810 4603 ab
853 4527 1165 4602 Abrahamo
1203 4549 1367 4602 domo
1413 4549 1619 4618 ejectus
1665 4559 1770 4606 est.
1804 4527 2056 4608 Christus

488 4652 761 4707 nunquam
820 4636 1066 4706 peccavit
1113 4635 1260 4703 (nam
1305 4635 1544 4692 Verbum
1590 4639 1682 4692 Dei
1715 4648 1769 4694 et
1813 4639 2056 4711 Spiritus

488 4731 579 4783 hei
608 4745 712 4782 non
748 4739 923 4799 potest
950 4731 1224 4800 peccare),
1261 4731 1354 4785 sed
1387 4731 1719 4788 Mobametes
1741 4733 2053 4802 idololatra,

490 4820 778 4882 lmtuicida,
805 4822 1005 4890 przetlo,
1039 4822 1392 4891 libidinosus,
1430 4827 1731 4896 multisque
1763 4827 1889 4882 aliis
1915 4828 2059 4882 vitiis

488 4910 760 4962 obnoxius
785 4918 922 4974 erat,
959 4911 1029 4968 ob
1058 4930 1178 4982 quae
1207 4930 1329 4967 cum
1373 4914 1536 4979 Deus,
1574 4927 1630 4969 ut
1662 4919 1838 4982 aiunt,
1892 4918 2056 4971 misc-

494 5009 645 5053 ratus
694 5009 799 5054 cst.
849 5001 1102 5056 Christus
1133 5007 1396 5072 stupenda
1452 5017 1505 5059 et
1555 5008 1752 5061 eximia
1799 5008 2057 5062 miracula

489 5091 679 5156 elidit,
721 5093 863 5146 sicut
911 5097 963 5146 in
986 5094 1162 5163 capite
1197 5095 1439 5150 Elmaisla
1475 5099 1856 5160 confirmatur,
1895 5100 2056 5154 Chri—

491 5198 634 5239 stituit
665 5183 823 5237 cazcis
863 5185 1038 5238 visum
1074 5187 1403 5251 restituisse,
1452 5188 1734 5244 scabiosus
1765 5206 2053 5258 purgasse,

494 5285 737 5329 mortuos
783 5275 1099 5336 suscitasse,
1133 5287 1188 5331 et
1223 5280 1390 5332 multa
1431 5279 1532 5331 alia
1587 5278 1800 5334 fecisse.
1851 5281 2054 5336 Contra

491 5370 820 5424 Blohametes
869 5368 1075 5421 nullum
1132 5373 1456 5424 miraculum
1514 5372 1686 5426 edidit
1744 5376 2047 5428 secundum

490 5464 784 5525 tluranem,
812 5470 1001 5529 praeter
1034 5477 1199 5514 unurn
1252 5463 1380 5517 illttd
1419 5463 1484 5518 dc
1517 5465 1664 5527 luna,
1697 5467 1840 5535 quod
1880 5469 2058 5520 mani-

495 5552 688 5604 festum
714 5552 1057 5606 mendacium
1080 5563 1186 5617 est,
1217 5562 1270 5607 ct
1302 5555 1403 5608 alia
1427 5557 1673 5626 qumdam
1708 5558 1904 5625 turpia,
1931 5571 2055 5626 quae

492 5639 715 5695 silentio
733 5641 1091 5710 prtetcrtnissa
1116 5653 1242 5699 sunt
1263 5653 1484 5716 propter
1501 5646 1724 5702 nimiam
1747 5647 2048 5702 infamiam.

2155 4273 2285 4325 nino
2311 4271 2540 4332 dannoni
2566 4271 2846 4325 simillimo
2869 4273 3136 4342 accipiat?
3177 4271 3233 4326 Si
3262 4272 3460 4341 placet,
3494 4289 3720 4341 compa-

2157 4379 2342 4418 remus
2373 4378 2466 4418 eos
2497 4372 2552 4417 et
2580 4378 2982 4432 cognoscamus
3013 4365 3296 4433 utriusque
3337 4366 3716 4434 proprietates.

2159 4456 2415 4510 Diabolus
2438 4455 2616 4510 elatus
2637 4467 2688 4510 et
2713 4457 2908 4511 nebulo
2933 4475 2948 4522 ;
2973 4457 3300 4513 Mohametes
3321 4459 3499 4514 elatus
3543 4467 3597 4512 et
3633 4475 3720 4512 ne—

2156 4547 2447 4614 bulo.Quis
2469 4549 2612 4602 enim
2639 4548 3148 4620 Mohametemajor,
3171 4551 3262 4619 qui
3285 4565 3452 4621 supra
3474 4551 3635 4614 casia,
3661 4559 3718 4603 ut

2160 4637 2276 4706 ipse
2299 4637 2365 4692 de
2383 4653 2439 4691 se
2459 4641 2744 4707 praedicat,
2763 4649 2818 4694 et
2836 4656 3026 4696 omnes
3042 4641 3262 4709 angelos
3281 4656 3536 4710 egressus
3559 4641 3718 4696 Deum

2159 4728 2411 4780 convenit
2443 4737 2495 4782 et
2527 4729 2759 4798 angelis.
2795 4732 2885 4800 qui
2921 4741 3300 4800 peccaverant,
3336 4732 3576 4787 divinam
3603 4747 3720 4801 gra-

2163 4819 2291 4872 tiam
2327 4821 2719 4884 recouciliavit,
2750 4822 2882 4890 quin
2916 4825 3080 4876 etiam
3113 4824 3283 4878 totius
3321 4824 3510 4878 mundi
3544 4834 3720 4892 patro-

2161 4927 2264 4966 nus
2301 4911 2444 4966 fuit?
2477 4913 2738 4968 Diabolus
2779 4915 3052 4968 homicida
3085 4926 3204 4980 est;
3260 4916 3596 4972 Mohatnetes
3628 4931 3720 4970 eos

2163 5004 2253 5069 qui
2289 5004 2558 5072 dogmatis
2589 5005 2705 5058 suis
2735 5020 2843 5058 non
2873 5006 3340 5075 obtemperarent,
3381 5016 3554 5060 morte
3583 5007 3720 5060 mul-

2162 5094 2317 5147 tavit.
2350 5093 2610 5148 Diabolus
2643 5092 3024 5146 fraudulentus
3054 5106 3158 5159 eSI;
3191 5095 3522 5149 Mohametes
3553 5094 3720 5149 licen-

2167 5185 2294 5238 tiam
2323 5187 2658 5254 voluptatum
2692 5183 2921 5248 faciens,
2947 5201 3083 5250 quas
3106 5186 3260 5254 quasi
3289 5195 3342 5238 ut
3365 5201 3543 5240 escam
3567 5187 3721 5240 hamo

2165 5275 2352 5340 aﬂixit,
2380 5277 2752 5344 imprudentes
2775 5276 2839 5330 ad
2864 5291 2923 5330 se
2946 5277 3183 5344 pellexit.
3217 5276 3469 5340 Diabolus
3495 5277 3719 5330 mendax

2163 5377 2266 5432 est,
2303 5381 2405 5421 nec
2451 5376 2632 5421 tantus
2670 5377 2873 5434 tamen,
2907 5381 3149 5438 quantus
3186 5368 3541 5434 Mobametes,
3581 5365 3720 5436 quod

2167 5468 2281 5514 toto
2311 5458 2527 5514 Corane
2556 5460 2703 5514 clare
2723 5461 3154 5515 demonstratur.
3194 5459 3448 5515 Diabolus
3470 5459 3720 5514 subdolus

2165 5561 2289 5617 est;
2321 5551 2444 5620 quis
2479 5565 2659 5604 autem
2696 5553 2895 5618 pariter
2935 5567 2997 5604 ac
3030 5551 3386 5615 Mohametes,
3420 5549 3720 5602 humilitate

2167 5643 2450 5700 occultans
2479 5642 2814 5712 superbiam,
2851 5643 3125 5698 blanditus
3151 5641 3275 5698 est?
3305 5639 3564 5697 Diabolus
3590 5637 3718 5693 veti-
