4022 6294
306 333 435 395 95Τ

1351 335 1792 398 CHRONICON
1824 335 2091 401 MAJUS.
2116 356 2165 369 -·
2198 334 2346 396 LIB.
2391 334 2485 396 1V.

3458 328 3575 391 9S8»

307 461 417 506 τας
448 448 475 499 ὁ
515 445 764 515 Μωάμεθ
796 460 811 475 ·
849 444 999 498 οὐδὲν
1028 444 1136 515 γὰρ
1186 441 1359 513 ὑγιὲς,
1404 448 1554 499 οὐδὲν
1592 447 1889 514 ὠφέλιμον,
1922 452 1965 506 Α
1997 447 2094 513 τῆς
2123 446 2388 514 σελήνηςς
2424 442 2616 510 Ὅμως
2656 440 2761 501 πᾶς
2797 455 2883 501 τις
2911 439 2945 491 ὁ
2968 438 3147 506 ζητῶν
3175 438 3276 509 τὴν
3305 440 3577 510 ἀλήθειαν

308 539 474 591 οὐδὲν
510 537 638 606 Θεῷ·
676 537 885 601 δεκτὸν,
934 537 1070 591 ἀλλὰ
1107 538 1175 591 τὰ
1217 538 1396 591 πάντα
1441 540 1583 593 κατὰ
1610 538 1703 591 τοῦ
1737 538 1883 591 θείου

308 632 485 699 νόμου
532 630 790 694 ἐδίδαξεν.
838 630 900 681 '0
938 629 1181 691 διάϐολος
1228 630 1386 692 άθεός
1428 632 1563 694 ἐστι,
1607 635 1703 683 καὶ
1742 629 1886 683 κατὰ

310 720 501 771 πάντα
526 720 710 787 ὅμοιος
742 717 889 787 αὐτῷ
919 720 945 770 ὁ
970 717 1372 787 τῆς-’ἀπωλείας
1407 718 1519 779 υίὸς
1546 720 1574 770 ὁ
1602 716 1883 786 Μωάμεθο

310 812 454 865 Θεὸν
495 813 603 882 γὰρ
635 813 933 883 προσκυνεῖ
986 812 1082 863 καὶ
1135 812 1398 882 κηρύττει
1432 810 1759 879 ὁλόσφαιρον
1794 808 1886 862 καὶ

309 906 682 974 ψυχρότατον,
727 904 861 957 Θεὸν
901 907 1201 973 προσκυνεῖ
1243 904 1332 955 τὸν
1381 904 1517 971 μήτε
1548 904 1884 969 γεννήσαντα

316 997 461 1065 μήτε
497 995 847 1064 γεννηθέντα,
902 993 976 1063 μή
1008 994 1208 1063 νοήσας
1252 994 1280 1045 ὁ
1321 992 1556 1051 δείλαιος
1599 990 1680 1043 ὅτι
1724 989 1886 1058 σῶμα

312 1090 621 1153 προσκυνεῖ
650 1088 743 1139 καὶ
776 1087 836 1138 οὐ
863 1086 996 1138 Θεόν
1022 1103 1037 1120 ο
1068 1088 1101 1156 ή
1148 1086 1257 1154 γὰρ
1289 1086 1490 1153 σφαῖρα
1523 1080 1660 1144 εἶδος
1694 1081 1885 1147 σώμα-

310 1176 406 1237 τός
436 1178 550 1228 ἐστι
575 1178 667 1228 καὶ
697 1178 729 1246 ἡ
760 1175 920 1244 ψῦξις
953 1175 1177 1242 ποιότης
1214 1172 1491 1239 σώματος.
1526 1172 1629 1222 Τὸν
1666 1172 1720 1222 δὲ
1751 1169 1886 1222 Θεὸν

1992 538 2187 604 γνώτω
2215 538 2299 590 ὅτι
2332 535 2403 589 τὰ
2431 534 2686 601 θαύματα
2718 533 2779 584 οὐ
2831 533 2952 583 κατ’
2988 532 3251 595 ἐπίδειξιν
3292 533 3560 600 γίνονται,

1989 630 2125 682 ἀλλὰ
2159 628 2227 680 δι’
2260 626 2531 696 ὠφέλειαν
2568 622 2806 692 ψυχικὴν
2838 622 2955 691 ἅμα
2987 622 3081 674 καὶ
3112 624 3454 689 σωματικὴν,
3487 624 3564 687 ὡς

1989 722 2082 774 ἐπὶ
2120 722 2215 775 τοῦ
2265 719 2528 789 Χριστοῦ,
2561 717 2594 787 ἢ
2630 716 2717 769 διὰ
2764 717 2978 785 χρῆσιν,
3027 715 3102 775 ὠς
3139 710 3231 766 ἐπὶ
3276 714 3368 768 τοῦ
3399 717 3563 769 Matii-

1990 814 2132 875 σέως
2174 815 2268 867 καὶ
2295 812 2474 882 Ἰησσῦ
2505 810 2592 873 τοῦ
2624 811 2802 878 Ναυῆ.
2851 808 3013 861 Ἀλλὰ
3056 808 3168 870 πῶς
3200 808 3469 876 ἐνήργησε
3502 810 3563 861 τὸ

1987 908 2086 975 τῆς
2130 904 2362 974 σελήνης
2407 903 2651 956 τοιοῦτον
2704 900 2938 965 ἐξαίσιον
2982 900 3211 966 θαῦμα;
3243 897 3415 959 Λύτὺς
3453 899 3563 967 γάρ

1987 1000 2135 1050 ἐστιν
2160 1000 2187 1049 ὁ
2214 998 2384 1049 είπὼν
2422 998 2504 1049 ὅτι
2532 996 2631 1048 οὐκ
2660 991 2792 1065 ἦλθε
2814 992 3227 1059 διὰεθαυμάτων
3258 992 3442 1045 δοῦναι
3469 990 3562 1042 τὸν

1988 1091 2174 1158 νόμον,
2207 1088 2343 1143 ἀλλὰ
2393 1089 2489 1141 xal.
2520 1088 2609 1140 διὰ
2640 1088 2701 1138 τὸ
2738 1084 3103 1137 παιδεύεσθαι·
3140 1085 3286 1151 ἡμᾶς
3319 1091 3563 1150 κατηγο-ἐ

1991 1184 2076 1253 ρεῖ
2099 1180 2257 1252 ἡμῶν
2281 1196 2309 1211 ’ν
2335 1181 2445 1249 ἐγὼ
2474 1179 2647 1249 378
2672 1178 2750 1241 δὲ,
2784 1178 2939 1245 φησὶ,
2971 1177 3301 1239 τούναντίον,
3334 1175 3415 1227 ὃτι
3440 1176 3563 1225 ἐπι-

311 1268 409 1318 τδν
447 1270 583 1336 μήτε
627 1271 966 1338 γεννήσαντα
1006 1271 1142 1337 μήτε
1178 1267 1508 1335 γεννηθέντα
1545 1266 1605 1317 οὗ
1649 1281 1893 1333 προσκυ-
1992 1272 2323 1342 μελούμενος
2383 1274 2410 1322 ὀ
2469 1274 2651 1339 πατὴρ
2701 1267 2796 1320 τοῦ
2854 1268 3043 1329 παιδος
3098 1266 3350 1319 παιδεύει
3404 1265 3559 1324 αὐτὸ,

313 1365 438 1425 νεῖ,
486 1362 624 1415 ἀλλὰ
664 1366 848 1428 σῶμα,
891 1361 1012 1413 οὔτε
1054 1361 1186 1413 Θεὸν
1209 1358 1503 1426 ἀσώματον
1538 1358 1633 1410 καὶ
1688 1356 1884 1423 ἀληθῆ,

313 1455 456 1508 ἀλλὰ
485 1454 811 1525 37⁷’Θεὶν
857 1456 1158 1522 προσκυνεῖ
1190 1453 1247 1505 ὃν
1281 1452 1483 1521 ὄνειροι
1518 1450 1628 1504 τῶν
1672 1448 1885 1501 ἀσεϐῶν

310 1547 730 1601 διαπλάττουσι.
784 1546 1003 1599 Γελοῖον
1035 1546 1143 1615 γάρ
1194 1547 1412 1607 πάντως
1464 1544 1583 1595 ἐστὶ
1637 1540 1886 1604 δοξάζειν

311 1638 438 1691 τινὰ
467 1638 619 1706 ἥλιον
638 1638 750 1704 φῶς
784 1638 857 1706 μὴ
882 1638 1071 1706 ἔχοντα
1091 1636 1184 1689 καὶ
1207 1638 1393 1705 πηγὴν
1422 1636 1551 1690 ἄνευ
1580 1634 1770 1694 ὕδατος
1791 1632 1886 1684 καὶ

313 1729 444 1782 νοῦν
465 1730 623 1797 λόγον
649 1729 723 1800 μὴ
760 1730 969 1799 ἔχοντα.
1008 1730 1094 1792 Ὦς
1116 1729 1369 1782 ἀπόλοιτο
1397 1731 1425 1781 ὁ
1464 1726 1705 1789 τοιοῦτος
1730 1727 1880 1787 Θεός.

328 1822 390 1875 '0
410 1824 467 1887 δὲ
484 1823 613 1893 παρ’
630 1826 763 1893 ἡμῖν
782 1825 892 1885 τοῖς
915 1824 1262 1891 Χριστιανοίς
1282 1822 1411 1881 Θεὸς
1438 1816 1517 1883 εἷς
1536 1822 1706 1883 ἐστιν,
1736 1820 1762 1871 ὁ
1779 1817 1885 1886 πρὸ

312 1914 539 1965 πάντων
589 1914 683 1965 καὶ
715 1914 807 1965 ἐπὶ
854 1914 1078 1964 πάντων
1104 1914 1197 1965 καὶ
1243 1913 1299 1964 ὲν
1339 1912 1473 1964 πᾶσι
1514 1912 1608 1962 καὶ
1657 1910 1798 1974 ὑπὲρ
1823 1909 1883 1960 τὸ

315 2008 450 2066 πᾶν,
482 2006 538 2057 ὲν
571 2005 745 2074 Πατρὶ
774 2006 867 2058 καὶ
901 2004 1015 2074 Υίῷ
1038 2006 1131 2058 καὶ
1163 2005 1302 2073 ἁγίῳ
1326 2002 1605 2071 ῐΙνεύματι
1638 2000 1886 2053 πιστευό-

316 2095 477 2163 μενός
509 2110 568 2147 τε
606 2098 701 2147 καὶ
730 2095 1226 2163 προσκυνούμενος,
1268 2095 1437 2163 μονὰς
1470 2095 1527 2145 ὲν
1566 2092 1760 2160 Τριάδι
1790 2092 1883 2143 καὶ

311 2186 486 2253 Τριὰς
514 2189 572 2239 ἐν
602 2187 792 2254 μονάδι
818 2186 1137 2255 ἀσυγχύτως
1161 2181 1425 2255 ἑνόυμένη
1452 2186 1547 2237 καὶ
1573 2185 1884 2253 ἀμερίστως

308 2276 690 2347 διαιρουμένη,
738 2280 906 2347 μονὰς
938 2279 971 2346 ἡ
1007 2277 1146 2344 αὐτὴ
1190 2280 1287 2331 καὶ
1334 2277 1506 2346 Τριὰς
1545 2275 1882 2329 παντοδύνα-

315 2386 438 2436 μος,
473 2370 653 2437 πατὴρ
685 2370 921 2441 ἄναρχος
949 2372 1012 2424 οὐ
1047 2370 1208 2437 μόνον
1240 2368 1313 2432 ὠς
1332 2370 1585 2438 ἄχρονος,
1623 2366 1758 2421 ἀλλὰ
1784 2370 1876 2421 καὶ

312 2461 389 2524 ὼς
417 2462 557 2514 κατὰ
603 2462 783 2514 πάντα
836 2462 1037 2530 τρόπον
1076 2461 1339 2525 ἀναίτιος,
1390 2462 1549 2529 μόνος
1588 2460 1737 2513 αἰτία
1784 2459 1879 2512 καὶ

312 2554 441 2625 ῥίζα
479 2556 573 2606 καὶ
602 2556 750 2624 πηγὴ
778 2554 879 2621 τῆς
911 2557 967 2606 ὲν
1000 2553 1111 2623 Υἱῴ
1142 2555 1235 2607 καὶ
1262 2553 1407 2620 ἁγίῳ
1438 2552 1715 2619 Πνεύματι
1741 2551 1878 2603 θεωε

314 2648 581 2715 ρουμένης
613 2646 865 2714 θεότητος
889 2661 903 2675 ’
937 2646 992 2709 ὅς
1024 2647 1181 2708 ἵλεως
1212 2645 1423 2712 γένοιτο
1454 2647 1588 2714 ἡμῖν
1619 2646 1713 2697 καὶ
1744 2647 1880 2697 πᾶσι

310 2734 749 2806 Χριστιανοῖςὲν
788 2740 853 2806 τῇ
900 2736 1083 2807 ἡμέρᾳ
1120 2737 1217 2805 τῆς
1271 2737 1531 2804 κρίσεως,
1558 2736 1879 2803 πρεσϐείαις

311 2831 413 2896 τῆς
455 2830 905 2896 πανυπερευλογη
917 2830 1087 2897 μένης
1119 2829 1408 2897 δεσποίνης
1435 2828 1589 2897 ήμῶν
1621 2827 1876 2880 θεοτόκου

309 2920 407 2974 καὶ
457 2920 815 2990 ἀειπαρθένου
868 2920 1084 2990 Μαρίας
1128 2921 1221 2973 καὶ
1263 2920 1481 2974 πάντων
1520 2921 1627 2974 τῶν
1678 2922 1872 2990 ἁγίων.

320 3013 519 3081 Ἀμήν.

1987 1364 2214 1435 ἀγάπης
2245 1362 2681 1433 ἐνυπαρχούσης.
2724 1362 2834 1415 Καὶ
2858 1361 2987 1430 περὶ
3019 1359 3119 1428 μὲν
3145 1358 3253 1412 τῶν
3292 1357 3560 1425 Ἐϐραίων

1988 1457 2204 1526 ἀληθῶς
2239 1454 2431 1508 εἶπενο
2468 1456 2516 1507 οἱ
2549 1454 2657 1523 γὰρ
2702 1454 2944 1524 Ἐὖραῖοι
2980 1453 3119 1505 κατὰ
3161 1451 3389 1521 καιροὺς
3441 1450 3565 1502 ἔλα-

1932 1540 1939 1543 ’
1988 1549 2083 1601 δον
2112 1547 2283 1618 ὀργὴν
2317 1547 2424 1601 ἀπὸ
2454 1544 2613 1613 Θεοῦ,
2644 1547 2761 1599 ἁλλ’
2782 1548 2884 1599 οὐκ
2909 1545 3207 1613 ἀσυμπαθῆ
3226 1560 3241 1576 ο
3282 1539 3429 1611 εἶχον
3465 1544 3560 1595 καὶ

1989 1643 2097 1713 γὰρ
2132 1646 2417 1712 προφήτας
2448 1644 2663 1696 δι”ὃλσυ
2689 1642 2783 1697 τοῦ
2816 1643 3011 1713 καιροῦ
3042 1644 3135 1696 καὶ
3166 1642 3437 1710 ἁγιασμδν
3463 1641 3562 1694 καὶ

1990 1731 2344 1802 ίερωοσύνην,
2382 1732 2733 1795 παιδεύοντος
2770 1734 2887 1799 μὲν
2917 1732 3119 1793 αὐτοὺς
3147 1731 3242 1784 τοῦ
3277 1730 3415 1783 Θεοῦ
3451 1747 3567 1781 σω-

1994 1824 2261 1892 ματικῶς,
2293 1822 2542 1891 ψυχικώς
2577 1823 2633 1875 δὲ
2672 1823 2733 1875 οὐ
2780 1824 3276 1891 κατελιμπάνοντο.
3310 1821 3463 1873 Μετὰ
3501 1820 3569 1871 δὲ

1990 1916 2083 1967 τὸν
2111 1915 2205 1967 τοῦ
2240 1917 2447 1983 Κυρίου
2480 1915 2718 1983 σταυρὸν
2746 1916 2840 1967 καὶ
2862 1916 2920 1967 τὸ
2948 1916 3119 1974 πάθος
3157 1915 3374 1978 ἐγένετο
3417 1929 3562 1963 παν-

1989 2006 2152 2075 τελὴς
2187 2006 2266 2068 είς
2298 2007 2495 2069 αὐτοὺς
2526 2006 2914 2075 ἐγκατάλειψις
2948 2005 3137 2074 ψυχῶν
3158 2021 3217 2056 τε
3244 1996 3349 2055 καῖ
3366 2002 3557 2071 σωμά-

1986 2115 2117 2164 των,
2150 2101 2229 2160 εἰς
2267 2101 2463 2161 αὐτοὺς
2490 2099 2632 2166 λέγω
2652 2103 2776 2160 τοὺς
2811 2098 3085 2160 αὐθάδεις.

2060 2189 2125 2254 ζ’.
2184 2192 2311 2244 Ἐπὶ
2356 2191 2416 2244 τὸ
2470 2190 2830 2259 προκείμενον
2880 2187 2975 2242 οῦν
3028 2187 3420 2255 ἐπανέλθωμεν
3456 2188 3557 2256 τῆς

1989 2283 2265 2353 ἡμετέρας
2315 2283 2619 2351 διηγήσεως
2676 2300 2733 2335 τε
2788 2282 2881 2334 καὶ
2942 2284 3205 2350 ἱστορίας,
3259 2281 3353 2349 Τῷ
3405 2279 3565 2347 θέρει.

1986 2373 2081 2426 τοῦ
2107 2374 2294 2443 ,ςὲιξβ
2321 2375 2475 2436 ἔτους
2511 2375 2714 2445 ἤρξατο
2746 2373 3032 2442 φαίνεσθαι
3064 2372 3311 2442 κομήτης
3343 2373 3406 2422 ὲκ
3444 2372 3567 2423 τῶν·

1985 2464 2217 2517 δυτικῶν
2251 2466 2436 2535 μερῶν
2461 2466 2554 2518 τοῦ
2585 2467 2680 2533 ἀφ’
2709 2468 2947 2534 ἑσπέρας
2978 2464 3254 2533 ὁρίζοντος
3286 2464 3549 2529 ἑκάστης,

1986 2558 2147 2621 εὐθὺς
2192 2562 2329 2626 μετὰ
2370 2560 2523 2612 δύσιν
2572 2560 2749 2629 ήλίου,
2784 2558 3031 2627 ῥομφαίᾳ
3065 2557 3175 2609 τινὶ
3216 2556 3430 2617 ἐοικὼς,
3459 2555 3557 2608 καὶ

1982 2651 2051 2718 τῇ
2106 2649 2303 2720 σελήνῃ
2365 2651 2685 2720 πλησιάσας
2734 2650 3059 2719 πανσελήνῳ
3112 2648 3251 2718 οῦσῃ
3306 2648 3555 2715 ἔκλειψις

1986 2741 2128 2792 κατὰ
2156 2740 2329 2810 τύχην
2358 2742 2549 2808 γέγονε
2588 2740 2737 2794 κατὰ-
2769 2740 2869 2809 τὴν
2900 2740 3057 2803 τάξιν
3087 2740 3182 2792 καὶ
3215 2737 3413 2791 κύκλον
3445 2738 3563 2788 τῶν

1984 2832 2255 2902 οὐρανίων
2286 2835 2616 2903 φωστήρων,
2641 2832 2716 2895 ὡς
2753 2833 2897 2895 ἔθος.
2927 2832 3085 2894 Τινὲς
3106 2831 3162 2883 δὲ
3186 2830 3277 2883 τὸν
3304 2829 3554 2897 κομήτην

1988 2919 2233 2990 ξιφοειδῆ
2284 2923 2529 2991 ὁρῶντες.
2557 2929 2651 2977 καὶ
2676 2926 2750 2977 sar
2783 2924 2893 2976 τῶν
2923 2924 3053 2976 ὲσπε
3066 2923 3195 2992 ρίων
3236 2920 3555 2987 κινούμενον

1984 3012 2079 3064 καὶ
2114 3014 2247 3083 πρὸς
2284 3015 2551 3078 ἀνατολὰς
2578 3016 2677 3084 τήν
2704 3016 2932 3084 πορείαν
2962 3015 3217 3068 ποιοῦντα
3249 3014 3342 3065 καὶ
3367 3014 3432 3081 τῇ
3462 3027 3553 3062 σε·

380 3110 454 3185 ς’ι
490 3104 586 3168 Τίς
619 3103 748 3171 γοῦν
784 3106 1064 3175 ἀντιλογία
1098 3106 1215 3159 ἐστὶ
1257 3106 1507 3187 περὶτοῦ
1556 3107 1874 3178 πλάσματος
1899 3088 1945 3151 C
1977 3100 2113 3173 λήνῃ
2178 3104 2577 3175 πλησιάσαντα,
2611 3105 2705 3157 καὶ
2737 3104 2798 3157 τὸ
2854 3104 3045 3167 σκότος
3102 3104 3200 3173 τῆς
3252 3101 3554 3168 ἐκλείψεως

308 3293 489 3338 verum
516 3298 709 3338 suasor
742 3292 860 3349 est";
897 3282 1039 3338 idem
1080 3298 1193 3354 pra:
1231 3285 1486 3339 omnibus
1514 3284 1873 3350 Moliametes,

309 3376 403 3444 qui
434 3376 570 3429 nihil
603 3378 879 3442 salutare,
902 3377 1039 3431 nihil
1067 3378 1220 3441 utile,
1254 3378 1389 3431 nihil
1414 3376 1525 3431 Deo
1562 3388 1872 3445 acceptum,

308 3469 399 3522 sed
437 3469 617 3522 omnia
653 3469 757 3535 legi
788 3469 999 3535 .divina:
1042 3473 1320 3525 contraria
1368 3470 1578 3524 docuit.
1615 3470 1874 3527 Diabolus

310 3560 507 3628 impius
538 3570 659 3624 est;
696 3562 921 3614 omnino
960 3561 1010 3615 ei
1044 3562 1367 3617 simillimus
1388 3572 1470 3615 est
1503 3563 1776 3631 perniciei
1809 3563 1873 3616 li-

308 3651 408 3703 lius
425 3650 780 3705 Mohametes.
804 3651 970 3705 Deum
991 3653 1133 3707 enim
1159 3652 1373 3719 adorat,
1397 3668 1557 3720 quem
1584 3654 1870 3721 globosum

306 3752 355 3796 et
387 3742 798 3811 frigidissimum
827 3744 1084 3813 appellat,
1117 3745 1308 3805 Deum,
1338 3744 1431 3813 qui
1459 3760 1557 3798 nec
1589 3746 1882 3812 generavit-

307 3849 404 3888 nec
448 3846 739 3901 generatus
787 3843 896 3895 est,
930 3834 1162 3889 adorare
1197 3835 1299 3890 sibi
1354 3836 1527 3895 visus,
1568 3843 1729 3903 atque
1778 3847 1873 3887 ne-

305 3924 471 3987 scius,
501 3937 722 3992 corpus,
744 3938 851 3976 non
882 3923 1049 3977 Deum
1080 3940 1109 3976 a
1133 3938 1191 3978 se
1221 3924 1460 3977 adorari.
1488 3924 1697 3977 Glohus
1721 3924 1867 3978 enim

304 4016 532 4080 species,
571 4015 739 4084 frigus
789 4015 1027 4083 qualitas
1072 4016 1324 4084 corporis
1371 4024 1473 4070 est.
1516 4016 1711 4085 Itaque
1761 4030 1868 4068 non

305 4106 493 4172 Deum,
518 4106 606 4176 qui
633 4122 730 4160 nec
759 4107 1039 4177 generavit
1070 4123 1170 4164 nec
1198 4118 1493 4176 generatus
1522 4118 1627 4172 est,
1655 4110 1870 4170 adorat,

303 4199 391 4253 sed
421 4216 618 4268 corpus
649 4199 865 4265 adorat,
908 4214 1009 4254 nec
1041 4198 1207 4253 Deum
1251 4200 1640 4268 incorporeum
1682 4210 1735 4255 et
1779 4216 1871 4253 ve-

304 4308 418 4344 rum
452 4293 665 4358 adorat,
703 4292 796 4346 sed
853 4293 1044 4357 Deum,
1077 4308 1240 4361 quem
1291 4296 1519 4347 somnia‘
1570 4293 1865 4362 impiorum

302 4382 696 4437 conlinxei‘unl.
746 4384 982 4438 Prorsus
1031 4385 1325 4438 ridiculum
1375 4385 1517 4438 enim
1547 4394 1651 4450 est,
1698 4388 1864 4439 solem
1902 4406 1942 4473 ί)

303 4474 459 4533 lucis,
495 4472 591 4527 aut
639 4476 838 4529 fontem
873 4492 1048 4544 aqua,
1089 4485 1181 4530 aut
1223 4488 1455 4531 mentem
1496 4478 1725 4531 rationis
1772 4495 1867 4532 cx-

302 4573 503 4630 pertem
537 4567 796 4634 COgitare.
820 4567 1000 4633 Quare
1030 4578 1218 4636 pereat
1257 4570 1359 4623 iste
1383 4567 1549 4623 Deus.
1572 4569 1676 4623 Sed
1710 4569 1868 4623 Chri-

300 4656 597 4709 stianorum
618 4655 761 4711 Deus
794 4675 934 4713 unus
968 4670 1054 4714 est
1084 4673 1211 4716 ante
1242 4664 1425 4716 omnia
1450 4666 1502 4717 et
1530 4673 1651 4733 post
1681 4664 1863 4717 omnia

299 4754 349 4797 et
384 4746 435 4797 in
464 4747 722 4802 erunibus
763 4758 826 4803 et.
847 4765 1010 4819 supra
1057 4754 1270 4816 omnia,
1310 4754 1363 4807 in
1404 4756 1583 4817 Patre,
1630 4754 1771 4808 Filio
1810 4765 1866 4809 et

299 4835 509 4901 Spiritu
532 4847 720 4892 sancto
760 4826 1003 4895 creditus
1033 4852 1085 4896 et
1114 4845 1405 4909 adoratus,
1446 4846 1625 4899 unitas
1666 4847 1716 4898 in
1745 4846 1865 4899 Tri-

299 4928 462 4981 nitate
492 4937 548 4981 et
578 4926 818 4984 Trinitas
852 4931 901 4983 in
934 4934 1140 4988 unitate
1175 4935 1411 4989 itnmista
1451 4937 1769 5003 conjuncta,
1810 4947 1873 4991 re

299 5018 583 5074 individua-
604 5034 877 5089 separata,
928 5027 1112 5080 unitas
1145 5026 1335 5081 eadem
1371 5036 1425 5080 et
1464 5027 1706 5082 Trinitas
1744 5045 1860 5083 om-

299 5112 563 5179 nipotens,
591 5111 748 5168 Pater
787 5116 942 5169 initio
969 5132 1183 5178 carens,
1218 5134 1325 5172 nun
1351 5119 1526 5174 solum
1553 5121 1693 5188 quod
1725 5130 1861 5173 tem-

298 5218 441 5269 pore,
481 5207 574 5258 sed
601 5208 765 5260 etiam
802 5209 948 5276 quod
990 5211 1216 5263 omnino
1262 5226 1426 5265 causa
1467 5227 1574 5266 non
1608 5213 1859 5267 contine-

298 5291 397 5353 tdr,
441 5294 592 5348 solus
622 5310 787 5351 causa
830 5306 886 5351 et
932 5300 1085 5353 radix
1122 5309 1175 5354 et
1225 5300 1347 5357 fons
1382 5302 1684 5357 divinitatis
1718 5302 1858 5355 Filio

294 5394 335 5435 et
365 5381 592 5451 Spiritui
620 5400 810 5442 sancto
838 5390 1015 5445 insitae
1044 5410 1056 5445 :
1088 5393 1178 5460 qui
1207 5393 1363 5449 nobis
1388 5395 1679 5449 et-cuuetis
1702 5396 1859 5450 Chr;-

295 5476 482 5529 stiauis
516 5481 781 5549 propitius
812 5484 882 5537 sit
911 5484 1001 5537 die
1022 5484 1293 5554 judiciali,
1329 5485 1662 5555 deprecante
1694 5487 1857 5540 henc-

292 5567 588 5624 dietissima
621 5573 841 5629 domina
874 5588 1084 5641 nostra,
1121 5577 1346 5647 Deipara
1390 5587 1444 5633 et
1473 5594 1691 5648 semper
1722 5578 1851 5634 Vir-

292 5659 407 5725 gine
446 5660 612 5717 Maria
642 5674 694 5720 et
730 5668 985 5722 omnibus
1012 5672 1240 5726 sanctis.
1269 5672 1463 5727 Amen.

354 5752 404 5806 6.
431 5752 561 5825 Quae
592 5773 716 5813 vero
744 5760 939 5815 fabulae
961 5762 1121 5819 istius
1144 5763 1211 5820 de
1240 5766 1366 5821 luna
1397 5768 1645 5822 conﬁcta;
1676 5767 1848 5824 insul-

1977 3287 2110 3340 sitas
2138 3287 2270 3341 est?
2304 3285 2510 3354 Nempe
2559 3285 2875 3355 quicunque
2910 3299 3097 3338 verum
3146 3283 3335 3337 dicere
3378 3283 3548 3352 cupit,

1976 3379 2136 3441 scito,
2162 3378 2433 3432 miracula
2466 3393 2572 3431 non
2615 3378 2931 3432 ostentandi
2964 3391 3152 3439 causa,
3195 3377 3289 3430 sed
3329 3386 3554 3445 propter

1976 3470 2207 3524 salutem
2239 3472 2435 3523 anima:
2462 3476 2516 3522 et
2546 3471 2816 3538 corporis,
2851 3478 2910 3522 ut
2941 3483 2970 3522 a
2997 3469 3243 3529 Christo,
3273 3480 3369 3520 aut
3413 3483 3545 3535 pro-

1977 3572 2095 3630 pter
2128 3562 2537 3623 necessitatem,
2569 3570 2627 3614 ut
2659 3577 2686 3611 a
2713 3562 2905 3627 Moyse
2941 3569 2997 3613 et
3022 3557 3176 3624 Jesu,
3212 3559 3378 3612 Navae
3409 3559 3546 3621 lilio,

1979 3647 2113 3703 ﬁeri.
2147 3648 2286 3714 Quid
2318 3659 2498 3702 autem
2536 3649 2642 3702 iste
2670 3648 2813 3702 luna:
2854 3648 2982 3700 illud
3012 3648 3278 3699 eximium
3312 3647 3551 3702 miracu-

1975 3739 2086 3793 lum
2119 3741 2332 3795 edidit?
2363 3741 2481 3809 lpse
2521 3741 2665 3792 enim
2700 3741 2854 3803 dicit,
2891 3755 2997 3792 non
3036 3739 3252 3793 venisse
3286 3755 3342 3793 se
3373 3742 3543 3793 mira-

1974 3833 2113 3887 culis
2145 3833 2315 3901 legem
2352 3832 2733 3885 constitutum.
2788 3832 2929 3897 Quin
2984 3832 3150 3884 etiam
3202 3847 3343 3896 nos,
3395 3833 3547 3899 quod

1974 3926 2324 3995 castigentur,
2345 3932 2589 3978 accusat.
2622 3923 2910 3991 Equidem,
2932 3924 3029 3985 ait,
3049 3932 3238 3975 contra
3268 3922 3413 3987 dico,
3442 3940 3541 3991 pa-

1946 4028 2114 4071 -tretn
2164 4016 2357 4080 lilium,
2409 4031 2569 4085 quem
2605 4030 2749 4069 cura:
2805 4015 2990 4078 habet,
3027 4015 3322 4085 castigare,
3356 4031 3549 4071 amore

1973 4119 2330 4164 commotum.
2394 4109 2473 4162 Ac
2522 4108 2588 4162 de
2629 4107 2871 4161 Hebraeis
2921 4108 3138 4176 quidem
3191 4115 3337 4163 recte
3389 4109 3547 4161 dicit.

1974 4200 2184 4254 Hebraei
2217 4201 2359 4254 enim
2411 4215 2803 4269 nonnunquam
2852 4198 2986 4252 iram
3019 4198 3112 4252 Dei
3145 4198 3361 4263 experti
3391 4211 3541 4259 sunt,

1976 4307 2150 4359 neque
2170 4298 2349 4343 tamen
2374 4291 2520 4343 illam
2546 4291 3057 4345 immisericordent.
3085 4289 3370 4344 Habehant
3392 4291 3539 4343 enim

1975 4394 2236 4452 perpetuo
2271 4384 2588 4453 prophetas,
2625 4400 2779 4438 sacra
2825 4393 2879 4438 et
2920 4384 3255 4447 sacerdotia,
3308 4398 3539 4451 corpore

1974 4489 2000 4525 a
2055 4472 2163 4526 Deo
2211 4474 2483 4543 castigati,
2540 4474 2636 4528 sed
2688 4475 2868 4528 anima
2932 4491 3037 4530 non
3087 4475 3352 4529 destituti.
3405 4474 3537 4528 Post

1971 4562 2172 4616 Christi
2210 4571 2393 4615 autem
2446 4564 2771 4633 supplicium
2819 4576 2872 4617 et
2904 4565 3313 4633 perpessionem
3347 4575 3537 4618 secuta

1968 4665 2049 4708 est
2078 4655 2313 4723 perfecta
2345 4670 2559 4719 eorum,
2591 4655 2641 4707 id
2673 4662 2756 4709 est
2780 4656 3220 4720 contumacium,
3252 4656 3537 4711 destitutio

1970 4757 2083 4802 tum
2126 4749 2376 4817 corporis
2406 4759 2518 4801 tum
2546 4748 2764 4802 animm.

2040 4841 2090 4893 7.
2128 4838 2433 4895 Redeamus
2460 4840 2571 4908 jam
2611 4842 2675 4894 ad
2709 4855 2815 4902 res,
2846 4840 2902 4893 in
2935 4840 3138 4909 quibus
3168 4855 3313 4894 nunc
3358 4839 3531 4893 maxi-

1968 4949 2054 4987 me
2099 4948 2404 4995 versamur,
2438 4933 2800 4986 enarrandas.
2854 4928 3069 4986 Estate
3120 4932 3246 4984 anni
3291 4930 3429 4985 6962
3478 4931 3531 4984 iu
3614 4980 3615 4983 η

1965 5036 2117 5095 parte
2151 5023 2475 5079 occidentali
2527 5024 2826 5078 Itori70ntis
2872 5025 3117 5091 quotidie
3166 5025 3354 5078 statim
3407 5032 3531 5092 post

1962 5134 2216 5177 occasum
2249 5118 2381 5171 solis
2424 5128 2663 5173 cometes
2698 5120 2987 5185 romphaea:
3019 5118 3217 5171 similis
3262 5132 3532 5186 apparere

1962 5212 2167 5277 erepit;
2199 5212 2291 5276 qui
2323 5225 2445 5264 cum
2480 5226 2649 5279 prope
2680 5211 2866 5263 lunam
2900 5219 3065 5274 esset,
3105 5211 3266 5278 pleno
3312 5211 3522 5263 lumine

1961 5304 2366 5373 Splendentem,
2418 5303 2638 5362 accidit,
2683 5312 2742 5355 ut
2771 5301 3010 5355 defectio
3057 5301 3197 5354 lunae
3230 5300 3404 5363 ﬁeret,
3441 5315 3531 5351 se-

1963 5395 2197 5449 cundum
2234 5394 2455 5448 ordines
2482 5405 2537 5447 et
2568 5393 2856 5447 circuitum
2889 5410 3068 5447 rerum
3104 5392 3431 5448 caelestium,
3472 5397 3533 5440 ut

1962 5488 2103 5543 solet
2140 5486 2277 5541 fieri.
2307 5486 2538 5552 Quidam
2571 5502 2695 5542 cum
2724 5497 2993 5541 cometem
3020 5484 3201 5561 gladio
3224 5480 3459 5533 similem
3494 5492 3537 5531 σ

1964 5582 2186 5651 regione
2237 5580 2565 5635 occidentali
2602 5581 2866 5634 orientem
2914 5594 3107 5633 versus
3143 5573 3439 5643 procedere
3471 5578 3534 5623 cl

1960 5679 2100 5729 luna:
2156 5675 2598 5744 appropinquare
2650 5674 2901 5727 viderent
2957 5669 3333 5732 sentireutque
3375 5672 3527 5713 tene-

1961 5768 2087 5822 bras
2122 5766 2477 5831 defcctionis,
2530 5764 2942 5829 existimabant,
2977 5766 3242 5816 cometem
3289 5755 3434 5808 hunc
3465 5760 3533 5808 ea
