4022 6294
466 366 579 430 9θῖ

1679 361 2004 422 GEORGII
2047 361 2480 464 ΡξΠὶΛΝΤΖΕ

3632 359 3741 427 963

473 482 775 550 Μανιινεία
806 479 1132 543 διαδιῧάξωλ
1184 479 1425 534 πανοικὶ,
1459 477 1628 530 ἐλθὼν
1676 481 1755 541 εἰς
1801 479 1869 531 τὰ
1923 479 2047 545 περὶ
2082 489 2123 542 Α
2155 479 2421 530 νάστασιν
2452 475 2680 545 ποιήσῃ,
2704 477 2802 528 καὶ
2837 474 2990 546 φάγῃ
3019 473 3145 538 τούς
3168 475 3365 543 ὅρκους
3395 475 3471 538 ὡς
3501 475 3738 545 λάχανα,

476 574 576 640 τὴν
608 571 722 638 Τρύ
736 589 837 638 πην
867 569 1054 638 βουνὲ,
1087 570 1215 621 ἔνθα
1243 569 1308 634 δὴ
1333 570 1430 620 καὶ
1453 571 1480 619 ὁ
1507 569 1736 634 ἀδελφὸς
1769 566 1936 619 αὐτοῦ
1959 562 2050 635 ἦν,

475 669 569 720 καὶ
617 667 666 718 οί
700 664 955 732 ῥηθέντες
1000 661 1337 714 καταστάται
1369 659 1476 712 τῶν
1513 660 1772 711 τοιούτων
1799 658 2052 726 ἀξιεπαί-

476 776 584 811 νων
620 758 799 826 ἔργων
830 751 994 824 ἦλθον
1021 770 1036 785 ·
1078 753 1172 806 καὶ
1202 753 1329 806 ἄνευ
1383 752 1700 821 συμϐουλῆς
1731 750 1762 819 ἦ
1796 751 2054 820 ἀντιρρή-

475 869 636 912 σεως,
677 851 752 918 μὴ
780 851 1015 916 ποιήσας
1045 845 1317 915 ἀναϐολὴν
1339 844 1621 910 οὐδεμίαν,
1645 843 1936 896 ἀπέστειλε
1961 843 2052 894 τὸν

475 944 644 996 αὑτοῦ
685 943 860 1012 μέγαν
905 942 1267 1010 πριμικήριον
1309 939 1400 991 τὸν
1435 937 1712 1005 Λάζαρον,
1747 938 1840 989 καὶ
1871 935 2052 987 πάντα

467 1039 538 1090 τὰ
574 1036 809 1106 ρηθέντα
841 1036 1010 1088 ἄστεα
1038 1032 1114 1102 τῷ
1143 1033 1338 1101 ἁμηρᾷ
1382 1031 1703 1098 παρέδωκεν
1732 1028 1808 1092 ὡς
1840 1028 2051 1098 λάχανα

471 1129 676 1198 κήπου.
704 1125 782 1194 Τῇ
812 1126 856 1176 δ’
908 1125 1044 1192 αὐτῇ
1084 1123 1272 1192 σχεδὸν
1305 1122 1489 1193 ἡμέρᾳ
1524 1121 1650 1172 ἐπεὶ
1675 1122 1702 1173 ὁ
1735 1121 1959 1189 ἁμηρᾶς
1983 1114 2052 1188 ἦν

470 1219 916 1286 ἀναγκαζόμενος
948 1217 1188 1280 ἐξελθεῖν
1220 1219 1318 1283 τῆς
1349 1215 1766 1280 Πελοποννήσου
1807 1212 1896 1264 διά
1927 1227 2052 1264 τινα

470 1315 670 1376 αἰτίαν,
727 1311 1066 1378 καταλείψας
1129 1310 1377 1377 Ἀμάρην
1419 1309 1509 1360 τὸν
1570 1306 1664 1359 τοῦ
1721 1305 2048 1375 Τουραχάνη

470 1407 606 1468 υἱὸν,
639 1407 724 1455 ἵνα
756 1403 894 1455 αὐτὰ
941 1401 1081 1472 λάϐῃ
1128 1402 1249 1452 ἀντὶ
1285 1400 1380 1454 τοῦ
1413 1401 1627 1470 ἁμηρᾶ,
1676 1399 1702 1450 ὁ
1747 1397 1790 1450 δ³
1835 1396 2048 1450 ἐκεῖθεν

467 1501 641 1566 διέϐη.
1477 1544 1531 1561 Α

543 1592 638 1657 ιςί
678 1592 767 1658 ’τῷ
817 1591 863 1643 δ’
918 1588 1236 1657 Ὀκτωὸρίῳ
1292 1589 1421 1656 μηνὶ
1471 1586 1564 1638 τοῦ
1618 1583 1798 1657 ,ςξξξξ
1845 1583 2050 1645 ἔτουςό

469 1686 690 1754 ἁμηρᾶς
721 1683 1050 1743 ἀποστείλας
1078 1681 1325 1750 πρέσϐυν
1358 1681 1493 1749 πρὸς
1524 1678 1614 1745 τὸν
1646 1677 1915 1744 δεσπότην
1940 1677 2048 1744 κὺρ

470 1783 782 1847 Δημήτριον
813 1778 932 1848 ᾔτει
966 1776 1066 1846 τὴν
1100 1773 1377 1842 θυγατέρα
1435 1771 1602 1822 αὐτοῦ
1653 1771 1732 1832 είς
1785 1771 2044 1840 γυναῖκα,

423 1873 536 1941 “ἣν
585 1871 743 1939 ἔσχεν
778 1871 840 1920 ἐκ
879 1870 980 1936 τῆς
1024 1865 1191 1920 αὐτοῦ
1246 1866 1486 1932 συζύγου
1535 1864 1638 1932 τῆς
1687 1862 1782 1914 106
1830 1861 2047 1914 Παύλου

466 1964 558 2014 τοῦ
595 1963 796 2027 ῙΛσὰνη
835 1961 1129 2028 θυγατρός,
1164 1957 1258 2011 τοῦ
1310 1958 1518 2027 πατρὸς
1562 1955 1881 2010 Ματθαίου’
1911 1957 1959 2008 εί
2000 1955 2048 2008 δ’

465 2055 546 2118 οὒ,
589 2057 736 2125 μάχη
771 2054 876 2106 ἀνὰ
911 2053 1092 2105 αὐτῶν
1120 2052 1324 2104 ἔσεται.
1363 2050 1422 2103 '0
1447 2050 1503 2102 δὲ
1533 2048 1664 2117 περὶ
1711 2047 1905 2099 τούτου
1953 2045 2048 2098 τοῦ

469 2149 806 2201 συνοικεσίου
845 2145 1089 2217 πρέσϐυς
1123 2143 1294 2196 ἐλθὼν
1341 2142 1436 2195 καὶ
1484 2141 1623 2210 πρὸς
1656 2141 1749 2192 τὸν
1778 2139 2048 2207 δεσπότην

466 2248 574 2309 κῦρ
604 2244 806 2312 Θωμᾶν
837 2243 915 2302 είς
946 2239 1348 2311 τὴνΠόντικον
1378 2235 1774 2307 εὑρισκόμενον
1804 2225 1932 2295 τοὺς
1952 2233 2050 2303 ὄρ-

467 2353 596 2397 κους
629 2337 728 2403 τῆς
778 2335 1000 2401 ἀγάπης
1036 2331 1357 2394 ἀπετέλεσε,
1391 2330 1487 2381 καὶ
1537 2329 1607 2380 τὰ
1643 2327 1717 2397 μὴ
1754 2326 2046 2397 φθάσαντα

467 2429 640 2482 ἄστεα
684 2427 906 2493 δοθῆναι
940 2423 1017 2494 τῷ
1069 2424 1308 2492 αὐθέντῃ
1364 2418 1530 2474 αὐτοῦ
1591 2421 1718 2489 ἔσχε
1755 2419 1900 2472 κατὰ
1946 2418 2047 2481 τὰς

467 2519 808 2588 συμφωνίας,
834 2518 906 2579 ὡς
938 2516 1264 2587 εἰρήκαμεν,
1287 2517 1381 2566 καὶ
1407 2513 1574 2583 389
1603 2513 1840 2582 ἀπῆλθε.
1887 2510 2045 2564 Κατᾶ

465 2613 522 2666 δὲ
559 2613 652 2665 τὸν
697 2611 1029 2677 Ἰανουάριον
1069 2607 1216 2677 μῆνα
1243 2607 1338 2660 τοῦ
1372 2608 1540 2660 αὐτοῦ
1572 2607 1730 2669 ἔτους
1755 2606 1850 2658 καὶ
1885 2608 1911 2657 ό
1943 2621 2044 2657 κα-

463 2705 765 2772 λοκαγαθὸς
796 2704 1055 2772 Λυκὰνης
1083 2689 1399 2769 Νικηφόρος
1432 2700 1464 2769 ἢ
1504 2698 1706 2768 μᾶλλον
1733 2699 1913 2750 εἰπεῖν
1938 2697 2044 2748 Πε-

459 2794 1020 2866 λοποννησιοφθόρος,
1062 2793 1414 2862 λογιζόμενος
1448 2788 1590 2845 εἶναι
1644 2791 1754 2844 τῶν
1807 2788 2044 2859 πρώτων

465 2891 559 2945 καὶ
594 2889 802 2942 πιστῶν
835 2889 1117 2958 ἀρχόντων
1151 2887 1245 2940 τοῦ
1275 2888 1540 2939 δεστότου
1565 2887 1670 2956 κύρ
1701 2884 2040 2955 Δημητρίου,

466 2984 561 3038 καί
594 3000 738 3044 τινες
777 2983 926 3035 ἄλλοι
960 2981 1056 3032 σὺν
1084 2981 1236 3048 αὐτῷ
1277 2981 1386 3033 τῶν
1423 2981 1756 3033 Ἀλὸανιτῶν
1792 2981 1888 3032 καὶ
1937 2982 2040 3032 fle-

463 3077 939 3146 λοποννησιωτῶν,
975 3077 1047 3144 μὴ
1093 3075 1438 3142 λογιζόμενοι
1463 3075 1542 3126 ὅτι
1587 3073 1621 3126 δι
1655 3073 2042 3140 ἐπιμελοῦνται

2158 570 2251 632 οὓς
2298 569 2405 640 πρὸ
2451 568 2636 636 ὀλίγου
2693 569 2815 636 μετ’
2851 568 3033 620 αὐτῶν
3082 568 3330 633 ἐποίησε.
3385 568 3553 622 Καὶὸ
3583 569 3738 632 ἄλλος

2158 662 2360 730 ἀγαθὸς
2391 663 2532 732 ἀνὴρ
2571 661 2803 730 Ἀσάνης
2832 662 3166 723 ὁΜατθαῖος
3201 660 3291 713 διὰ
3344 661 3406 714 τὸ
3464 662 3602 731 πρὸς
3649 661 3737 713 τὶν

2157 755 2378 824 ἁμηρᾶν
2408 750 2544 807 εἶναι
2573 753 2995 821 ἀπεσταλμένος
3025 754 3152 822 περὶ
3180 751 3277 805 τοῦ
3296 753 3593 821 εἰρημένου
3616 771 3738 805 συν-

2157 848 2395 900 οικεσίου
2439 846 2535 900 τοῦ
2575 849 2676 900 ἀνὰ
2698 848 2799 916 τῆς
2824 847 3014 903 τούτου
3044 846 3274 912 ἀνεψιᾶς
3298 847 3396 900 καὶ
3425 845 3520 898 τοῦ
3544 848 3738 915 ἁμηρᾶ

2155 939 2331 992 ταῦτα
2362 941 2461 993 οὐκ
2501 940 2820 1007 ἐγίνωσκεν.
2861 939 3207 1004 Ἐξελθόντες
3253 936 3349 992 οὖν
3402 939 3498 992 τοῦ
3544 940 3739 992 δεσπό-

2155 1049 2250 1085 του
2283 1033 2389 1100 κύρ
2422 1031 2597 1102 Θωμᾶ
2635 1034 2714 1095 είς
2747 1034 2848 1095 τὰς
2883 1034 3059 1102 ἀρχὰς
3105 1032 3199 1084 τοῦ
3229 1033 3597 1101 Φεϐρουαρίυυ
3633 1049 3740 1102 μη-

2156 1127 2244 1186 νὸς
2296 1124 2390 1177 106
2425 1125 2594 1178 αὐτοῦ
2641 1124 2796 1188 ἔτους
2839 1127 2949 1178 ἀπὸ
2992 1126 3091 1195 τῆς
3129 1125 3444 1196 Ἀρκαδίας,
3475 1126 3569 1176 καὶ
3604 1125 3740 1176 ἐνω-

2157 1217 2347 1280 θέντος
2378 1220 2525 1287 μετὰ
2561 1218 2672 1272 τῶν
2727 1219 3114 1288 ἐργαζομένων
3173 1219 3295 1271 κατ’
3349 1218 3517 1272 αὐτοῦ
3567 1219 3738 1289 ἧκαὶ

2157 1311 2361 1377 μᾶλλον
2414 1313 2592 1363 εἰπεῖν
2625 1310 2695 1363 τὰ
2730 1311 2854 1364 κατ’
2906 1311 3108 1376 αὐτῶν,
3143 1312 3217 1373 ὡς
3253 1314 3279 1364 ὁ
3310 1311 3470 1379 λόγος
3523 1309 3738 1380 προῖὼν

2154 1401 2410 1470 δηλώσει,
2445 1403 2758 1471 παρέλαϐεν
2786 1403 2894 1456 ἀπὸ
2932 1403 3031 1474 μὲν
3060 1404 3171 1456 τῶν
3198 1403 3461 1471 Τούρκων
3505 1404 3572 1456 τὰ
3615 1405 3737 1456 Κα-

2153 1494 2398 1566 λάόρυτα
2424 1497 2516 1548 καὶ
2555 1497 2715 1555 μόνον
2747 1498 2810 1548 ἐκ
2835 1497 2944 1548 τῶν
2990 1497 3199 1548 ἀστέων
3242 1489 3315 1547 ὧν
3360 1493 3588 1566 ἤλπιζον
3634 1495 3736 1547 λα·

2156 1587 2294 1653 δεῖν,
2325 1587 2360 1642 ἃ
2389 1591 2438 1640 οἱ
2471 1587 2709 1658 Τοῦρκοι
2745 1589 3033 1657 κέκτηντο,
3072 1589 3178 1641 ἀπὸ
3214 1588 3269 1640 δὲ
3319 1587 3412 1640 τοῦ
3465 1587 3736 1640 δεσπότου

2154 1682 2260 1750 κύρ
2285 1682 2605 1750 Δημητρίου
2640 1681 2784 1752 ἅπερ
2834 1682 2991 1733 αὐτοὶ
3036 1683 3084 1733 οἱ
3134 1682 3372 1751 ἐργάται
3409 1680 3517 1732 τῶν
3546 1679 3738 1732 κακῶν

2153 1752 2509 1842 η’γεμόνευον,
2556 1774 2896 1843 Καρίταιναν
2925 1772 3069 1836 λέγω
3117 1774 3211 1824 καὶ
3242 1774 3399 1839 ἆγιον
3434 1771 3733 1841 Γεώργιον,

2152 1866 2463 1937 Βορδόνιαν,
2519 1865 2871 1937 Καστρίτζαν
2921 1866 3017 1918 καὶ
3062 1865 3232 1932 ἔτερά
3281 1882 3421 1926 τινα,
3460 1863 3530 1918 ἵν’
3575 1859 3734 1926 αὖθις

2153 1955 2352 2023 ἔχωσιν
2385 1955 2524 2008 αὐτὰ
2573 1956 2671 2022 οὐχ
2726 1955 2802 2017 ὡς
2858 1956 3050 2025 πρώην
3098 1955 3455 2024 ἐκυϐέρνουν,
3506 1957 3620 2009 ἀλλ’
3653 1957 3732 2020 ὡς

2152 2048 2408 2101 αὐθένται
2462 2050 2613 2103 ¹ι’διοι.
2681 2049 3118 2121 Ἐκατώρθωσαν
3163 2051 3257 2105 οὖν
3296 2053 3451 2106 οὐδὲν
3501 2053 3626 2106 ἄλλο
3676 2055 3729 2106 οἱ
3795 2096 3803 2102 ,

2151 2141 2411 2211 φρόνιμοι
2462 2144 2559 2197 καὶ
2613 2147 2911 2211 πρακτικοὶ
2962 2147 3058 2199 καὶ
3111 2150 3351 2214 γενναῖοι
3399 2148 3726 2220 ἄρχοντεςῆ

2155 2234 2314 2303 μόνον
2353 2235 2436 2290 ὅτι
2475 2238 2639 2308 390
2665 2238 2826 2308 ἔσχον
2854 2241 2976 2293 κατ’
2997 2241 3180 2294 αὐτῶν
3203 2220 3336 2295 Θεδν
3361 2244 3450 2296 τδν
3475 2245 3569 2297 τιιῦ
3592 2264 3732 2298 παν-

2149 2327 2241 2388 τὸς
2271 2328 2503 2398 ποιητὴν
2529 2330 2622 2381 καὶ
2655 2329 2928 2398 αὐθέντην
2956 2331 3066 2384 τῶν
3095 2333 3186 2385 ἐπὶ
3216 2333 3316 2402 γῆς
3354 2335 3726 2404 ἰσχυρότερον,

2149 2419 2243 2470 καὶ
2270 2418 2446 2483 οὕτως
2477 2420 2538 2472 τὸ
2571 2421 2874 2475 σκάνδαλον
2911 2423 3180 2496 ἐποίησαν
3215 2427 3318 2479 ἀνὰ
3348 2429 3456 2480 τῶν
3486 2429 3732 2499 ἀδελφῶν

2149 2511 2242 2564 καὶ
2269 2511 2547 2566 αὐθεντῶν
2578 2515 2779 2580 αὐτῶν,
2808 2516 2911 2569 οὐκ
2941 2517 3342 2587 ἐνθυμηθέντες
3364 2520 3411 2571 οἱ
3435 2520 3611 2573 ἄθλιοι
3634 2521 3730 2574 τοῦ

2148 2603 2413 2671 ἀψευδοῦς
2449 2605 2631 2673 λογίου
2686 2608 2768 2660 ὄτι
2825 2611 2977 2662 πᾶσα
3027 2609 3276 2678 βασιλεία
3311 2612 3732 2682 διαμερισθεῖσα

2150 2694 2270 2746 καθ’
2293 2695 2495 2764 ἑαυτὴν
2528 2697 2858 2768 ἐρημοῦται,
2891 2699 3016 2753 οὐτε
3059 2701 3155 2754 τοῦ
3188 2705 3594 2774 παροιμιὼδους
3641 2707 3734 2759 λό-

2147 2804 2245 2853 γου
2282 2788 2376 2840 τοῦ
2417 2790 2554 2858 πρὸς
2592 2791 2718 2853 τούς
2752 2792 2845 2845 δύο
2881 2794 2993 2847 οὐδ’
3033 2793 3332 2866 Ἡρακλῆς,
3368 2799 3483 2850 ἀλλ’
3529 2801 3730 2854 ἐπανέ-

2150 2884 2480 2952 στησαν¹καὶ
2512 2885 2649 2956 πρὸς
2672 2887 2798 2949 τοὺς
2826 2890 2994 2957 τρεῖς.
3023 2889 3132 2941 Καὶ
3154 2889 3363 2943 τούτων
3390 2891 3562 2954 οὕτως
3588 2911 3728 2963 προ-

2147 2976 2363 3029 ϐάντων
2397 2977 2622 3046 πρῶτον
2663 2979 2761 3048 μὲν
2787 2982 2814 3032 ὁ
2846 2976 2980 3043 Θεῦς
3013 2983 3272 3050 παρεῖδεν
3303 2983 3526 3047 αὐτοὺς,
3555 2987 3650 3038 καὶ
3675 2986 3728 3039 τί

2147 3070 2414 3139 ἔπραττον
2443 3071 2542 3123 οὐκ
2574 3072 2895 3139 ἐγίνωσκον,
2929 3072 3046 3126 ἀλλ’
3078 3073 3153 3136 ὡς
3198 3077 3325 3138 τούς
3360 3053 3562 3146 ίχθύιιςι
3599 3081 3725 3142 τοὺς

465 3171 674 3242 πρᾶξαι
730 3171 811 3231 εἰς
854 3169 1057 3222 κακίαν
1115 3166 1295 3236 αὐτῶν
1345 3166 1638 3235 πρόχειρον
1698 3163 2038 3234 ᾠκονόμουν,
2072 3181 2111 3238 ε
2149 3165 2255 3215 ἔσω
2283 3164 2382 3232 τῆς
2414 3165 2658 3235 σαγήνης
2685 3165 2846 3229 ὄντας
2879 3168 2974 3219 καὶ
3005 3167 3335 3237 ἀγνοοῦντας
3387 3171 3470 3223 ὅτι
3524 3174 3720 3236 πάντες

465 3265 691 3318 ἔπεισαν
730 3265 819 3315 τδν
848 3262 1118 3330 δεσπότην
1150 3260 1258 3328 κῦρ
1287 3259 1488 3328 Θωμᾶν
1520 3259 1604 3310 ἵνα
1645 3257 1822 3327 μάχην
1848 3259 2040 3329 ἐγείρῃ

462 3357 604 3409 κατὰ
638 3352 732 3406 106
769 3353 999 3421 ἀδελφού
1031 3351 1200 3405 αότοῦ
1233 3351 1328 3403 καὶ
1368 3352 1512 3404 κατὰ
1549 3351 1644 3402 τοῦ
1677 3352 1870 3420 ἀμηρᾶ
1909 3350 2042 3402 ἐπα-

467 3541 558 3603 sit,
595 3554 658 3593 ac
688 3537 805 3592 sine
834 3533 1228 3590 deliberatione
1262 3533 1344 3587 rel
1378 3533 1766 3587 reclamatione
1798 3527 1851 3586 et
1879 3533 2043 3586 mini-

465 3649 549 3686 me
606 3640 931 3686 cunctanter
975 3627 1266 3686 Lazarum.
1339 3643 1592 3696 magnum
1664 3627 2036 3696 primicerium

465 3741 650 3790 suum,
704 3723 854 3776 misit
887 3731 941 3775 et
991 3721 1129 3785 loca,
1162 3736 1282 3789 qure
1325 3719 1457 3782 dixi,
1515 3718 1720 3782 omnia,
1779 3729 2038 3788 tanquam

460 3819 606 3872 olera
633 3817 798 3880 horti,
836 3816 1045 3868 Aruerat:
1085 3812 1324 3867 tradidit.
1357 3810 1493 3865 Cum
1543 3810 1931 3885 eodemferme
1954 3811 2042 3864 die

458 3911 692 3962 Anwras
713 3923 743 3960 e
780 3906 1158 3974 Peloponneso
1189 3902 1474 3958 discedere
1497 3918 1663 3957 causa
1685 3902 1918 3972 quadam
1951 3917 2041 3957 co-

461 4007 699 4068 geretur,
730 3998 1006 4060 Amarem,
1040 3992 1382 4048 'l‘urachanis
1436 3991 1629 4052 ﬁlium,
1690 3995 1784 4066 qui
1819 3995 1908 4051 illa
1939 4009 2040 4065 pro

461 4107 519 4143 se
554 4100 862 4158 occuparet,
899 4087 1142 4156 reliquit,
1177 4086 1296 4155 ipse
1333 4085 1458 4140 inde
1496 4087 1652 4141 abiit.

534 4181 619 4234 16.
666 4179 888 4234 Οιιιυῦιοί
929 4192 1118 4230 un-nsc
1149 4177 1277 4228 anni
1306 4175 1447 4229 6967
1479 4178 1733 4242 Ameras,
1770 4176 1949 4247 legato
1974 4180 2037 4233 ad

462 4275 790 4329 Demetrium
815 4275 1092 4341 despolam
1133 4271 1321 4333 misso,
1355 4270 1516 4337 hujus
1547 4270 1708 4324 tiliam
1761 4270 1812 4324 iu
1851 4272 2040 4325 matri-

460 4368 704 4422 monium
747 4366 848 4422 sibi
905 4364 1184 4433 expetivit,
1233 4378 1392 4432 quam
1435 4363 1478 4416 is
1516 4378 1581 4416 ex
1615 4361 1766 4416 Pauli
1820 4364 2038 4428 Asanis,

460 4463 632 4532 patris
663 4458 918 4522 Maubwi,
950 4459 1080 4517 ﬁlia,
1112 4472 1283 4509 uxore
1306 4455 1568 4524 legitima,
1627 4455 1897 4510 habebat:
1933 4457 2036 4510 nisi

2149 3253 2438 3324 μέλλουσιν
2488 3255 2746 3311 ἕλκεσθαι
2782 3258 2862 3317 εἰς
2894 3260 3021 3327 γῆν,
3054 3261 3110 3312 ἐν
3144 3262 3255 3329 ὅσῳ
3285 3262 3390 3324 ἓως
3440 3261 3597 3315 τοῦτο
3629 3265 3719 3329 γέ-

2144 3365 2304 3417 νηται
2345 3348 2592 3419 ἀλλήλως
2625 3349 2920 3403 διώκονται
2954 3355 3049 3406 καὶ
3083 3353 3399 3408 ἁλίσκονται
3433 3358 3526 3410 καὶ
3572 3357 3724 3424 φθεί-

2145 3536 2622 3599 οοιιοὶξίοηιιοζοά
2675 3538 2928 3592 Auroram
2988 3539 3210 3594 mi'ssns.
3264 3539 3451 3609 itaque
3491 3541 3721 3597 Thomas

2146 3629 2370 3694 dospota
2432 3628 2536 3682 sub
2591 3629 2807 3684 initium
2850 3630 3136 3687 Februarii
3188 3634 3436 3703 ejusdem
3487 3637 3611 3688 anni
3657 3652 3723 3690 ex

2145 3723 2377 3778 Arcadia
2414 3721 2693 3792 profectus
2718 3735 2773 3779 et
2806 3714 3132 3796 conjuuclns
3154 3744 3275 3781 eum
3311 3728 3378 3782 iis
3411 3730 3503 3799 qui
3530 3731 3719 3800 ipsius,

2145 3817 2280 3883 imo,
2321 3829 2373 3872 ut
2400 3818 2676 3872 docebunt
2715 3833 2800 3883 ea,
2837 3835 2959 3888 qua:
3009 3832 3338 3889 sequuntur,
3375 3824 3456 3878 sui
3492 3823 3722 3878 studiosi

2145 3915 2320 3970 erant,
2361 3907 2557 3962 Turcis
2588 3908 2792 3977 eripuit
2822 3908 3121 3974 Calabrita,
3154 3911 3327 3966 solam
3361 3929 3426 3968 ex
3469 3915 3716 3979 urbibus,

2145 4014 2282 4066 quas
2315 4014 2344 4052 a
2370 3999 2564 4053 Turcis
2596 4011 2890 4069 occupatas
2916 4013 3337 4070 recuperaturos
3363 4020 3422 4060 se
3447 4022 3567 4060 esse
3597 4021 3721 4075 spc-

2147 4098 2367 4151 rabant,
2401 4093 2675 4148 Demetrio
2735 4094 2977 4162 (lespotte
3009 4104 3191 4146 autem
3225 4111 3343 4161 cas,
3369 4098 3560 4163 quibus
3608 4097 3710 4166 ipsi

2146 4183 2414 4237 malorum
2457 4193 2709 4238 auctores
2745 4192 3035 4251 praeerant,
3071 4184 3420 4247 Caritaanam,
3466 4197 3712 4241 sanctum

2145 4275 2456 4342 Georgium,
2486 4273 2836 4337 Bortlouiam,
2858 4274 3206 4339 Castritzam,
3233 4285 3286 4328 et
3305 4277 3410 4330 alia
3438 4280 3714 4345 nomtulla,

2147 4375 2204 4420 ut
2256 4366 2334 4420 illi
2369 4382 2464 4421 eas
2501 4382 2605 4420 non
2631 4376 2890 4436 tanquam
2942 4368 3436 4432 administratores,
3487 4381 3717 4437 utante,

2150 4455 2242 4509 sed
2289 4465 2348 4509 ut.
2377 4456 2584 4509 domini
2630 4458 2960 4526 reciperent.
3015 4456 3161 4512 Nihil
3211 4460 3377 4528 igitur
3409 4461 3554 4516 aliud
3591 4479 3719 4531 pru-

459 4555 634 4614 tlaret,
679 4567 776 4621 pro
809 4552 962 4603 hoste
997 4564 1055 4602 se
1087 4562 1211 4600 eum
1268 4546 1600 4598 habiturum.
1647 4544 1723 4598 De
1776 4547 1878 4599 hoc
1907 4561 2038 4600 con-
2073 4537 2116 4590 ι)
2141 4548 2333 4602 dentes
2367 4548 2478 4612 isti,
2520 4550 2730 4602 strenui
2767 4559 2821 4603 ct
2854 4551 3108 4620 generosi
3150 4552 3422 4620 primores
3479 4556 3717 4610 assecuti

457 4645 613 4714 jugio
659 4644 858 4696 missus
897 4641 1107 4707 legatus
1136 4638 1298 4690 etiam
1352 4637 1418 4690 ad
1449 4632 1711 4688 Thomam
1751 4635 2033 4710 despotam

462 4737 668 4791 Pomiei
703 4740 1009 4788 versantem
1066 4729 1237 4791 venit,
1269 4738 1343 4794 et,
1376 4727 1628 4797 pactione
1665 4742 1790 4781 cum
1824 4742 1890 4781 eo
1922 4727 2036 4781 fac-

465 4838 540 4891 ta,
565 4825 763 4894 oppida
811 4820 1041 4892 principi
1068 4834 1169 4873 suo
1211 4819 1451 4872 nomlum
1488 4817 1690 4871 donata
1733 4817 2034 4871 secundum

461 4925 730 4972 conventa
761 4913 972 4983 accepit
1001 4928 1065 4965 ac
1101 4911 1377 4966 discessit.
1406 4909 1586 4964 Mense
1608 4907 1872 4963 Januario
1892 4909 2038 4979 ejus-

461 5009 581 5064 dem
623 5006 749 5060 anni
800 5005 1036 5058 eximius
1071 5005 1158 5058 ille
1193 5005 1296 5067 vir,
1343 5003 1452 5055 imo
1493 5015 1621 5055 vero
1657 5001 1826 5070 pestis
1882 4999 2037 5054 Pelo-

461 5098 714 5170 ponnesi,
759 5095 1097 5166 Nicephorns
1153 5095 1426 5159 Lucanes,
1459 5094 1552 5163 qui
1595 5093 1647 5145 in
1701 5090 1952 5146 ﬁdelibus
1983 5100 2037 5145 et

463 5190 656 5260 primis
685 5187 939 5243 Demetrii
976 5187 1220 5257 despotze
1261 5186 1581 5258 proceribus
1616 5183 2034 5248 numerabatur,

458 5297 512 5341 et
554 5285 645 5342 alii
691 5285 912 5354 quidam
959 5283 1227 5337 Albaniae
1277 5289 1331 5334 et
1379 5277 1787 5348 Peloponnesii,
1837 5275 2032 5345 ignari,

458 5392 582 5448 qua:
609 5377 956 5436 molirentur,
990 5376 1041 5428 in
1066 5389 1220 5428 suam
1246 5388 1305 5427 se
1331 5371 1625 5442 perniciem
1651 5369 1859 5433 moliri,
1891 5366 2036 5423 Tho-

461 5485 560 5522 mze
589 5469 831 5538 despotac
862 5478 1178 5533 suaserunt,
1209 5474 1268 5520 ut
1303 5465 1528 5519 fratrem
1554 5461 1695 5517 bello
1721 5461 2035 5522 adoriretur

461 5571 514 5614 τι
545 5571 740 5616 contra
777 5561 1032 5614 Ameram
1066 5559 1433 5621 rebellaret,et
1460 5572 1584 5626 quae
1606 5556 1770 5624 paulo
1799 5564 1928 5608 ante
1959 5553 2036 5609 fe—

462 5665 610 5708 cerat
639 5665 1000 5713 sacramenta.
1029 5665 1285 5722 tanquam
1316 5654 1485 5714 olera,
1513 5651 1844 5704 comederet.
1879 5649 2036 5719 Igno-

464 5745 618 5797 rabat
649 5746 750 5798 hoc
779 5749 1024 5816 alterﬁr
1073 5747 1345 5816 egregius.
1379 5745 1660 5797 Matthaeus
1705 5742 1935 5805 Asanes,
1968 5742 2035 5794 de

463 5836 738 5889 connubio
772 5837 863 5891 illo
895 5813 1034 5894 inter
1081 5813 1226 5892 illius
1282 5834 1664 5891 consobrinam
1701 5832 2032 5886 etAmcram

2143 4648 2291 4703 sunt,
2328 4640 2430 4692 nisi
2480 4649 2540 4693 ut
2571 4639 2765 4705 Deum,
2799 4656 2982 4694 rerum
3050 4645 3297 4697 omnium
3350 4655 3624 4698 auctorem
3664 4656 3721 4700 et

2141 4731 2438 4800 principem
2482 4733 2568 4799 iis,
2599 4733 2690 4802 qui
2725 4734 2778 4787 in
2813 4744 2958 4788 terra
3002 4747 3151 4799 sunt,
3194 4738 3556 4805 potentiorem
3588 4755 3721 4792 con-

2143 4834 2221 4877 tra
2247 4840 2306 4878 se
2336 4826 2642 4893 irritarent;
2703 4837 2864 4897 atque
2912 4830 3053 4883 inter
3112 4829 3310 4884 fratres
3365 4840 3420 4884 et
3469 4831 3720 4886 dominos

2140 4926 2273 4966 suos
2317 4925 2577 4968 severunt
2633 4917 2977 4981 inimicitias,
3018 4919 3163 4972 haud
3219 4935 3498 4974 memores
3535 4921 3721 4975 miseri

2139 5007 2354 5081 oraculi
2383 5007 2529 5060 illius
2558 5009 2806 5063 indubii:
2843 5028 2860 5060 ι
2907 5010 3083 5064 Omne
3117 5027 3345 5077 regnum
3385 5029 3568 5067 secum
3612 5014 3723 5067 dis—

2139 5098 2373 5153 cordans
2403 5099 2708 5166 dilabetur;
2739 5119 2756 5152 I
2796 5117 2894 5155 nec
2917 5103 3192 5169 proverbii
3218 5104 3406 5158 illius:
3456 5123 3474 5156 ι
3513 5106 3721 5159 Adver-

2141 5203 2234 5242 sus
2259 5188 2397 5243 duos
2425 5206 2490 5242 ne
2519 5189 2781 5245 Hercules
2802 5193 3051 5257 quidem:
3090 5212 3109 5244 ι
3143 5194 3271 5262 quin
3301 5195 3598 5248 imoetiam
3626 5195 3725 5248 tri-

2141 5277 2242 5333 bus
2265 5279 2444 5334 obnisi
2479 5292 2628 5336 sunt.
2659 5281 2791 5348 Qua:
2814 5297 2939 5336 cum
2970 5283 3045 5337 ita
3077 5284 3455 5353 procederent,
3484 5287 3719 5355 primum

2140 5386 2233 5426 eos
2262 5370 2400 5425 Deus
2433 5373 2692 5442 neglexit,
2725 5391 2829 5429 nec
2865 5377 3134 5443 sciebant,
3168 5377 3299 5446 quid
3329 5376 3594 5439 facerent,
3625 5376 3720 5430 sed

2141 5475 2298 5517 erant
2331 5466 2476 5520 velut
2533 5467 2709 5535 pisces
2759 5470 2811 5521 in
2854 5471 3150 5528 verriculo.
3187 5470 3302 5537 qui,
3336 5485 3395 5524 se
3426 5485 3618 5524 omnes
3663 5470 3720 5522 in

2142 5565 2340 5610 terram
2401 5567 2738 5621 protractum
2774 5561 2836 5614 iri
2873 5562 3067 5623 nescii,
3120 5562 3337 5615 interim
3392 5561 3625 5614 invicem
3659 5575 3720 5614 se

2142 5657 2566 5718 persequuntur,
2595 5665 2658 5703 ac
2684 5652 2923 5705 mit-rores
2949 5653 3089 5721 capti
3125 5663 3522 5706 consumuntur
3547 5667 3576 5706 a
3608 5667 3721 5706 ma-

2135 5738 2369 5807 joribus.
2398 5739 2612 5808 Quippe
2643 5741 2882 5796 Thomas
2941 5744 3166 5812 despota
3207 5743 3522 5796 incursabat
3572 5742 3718 5795 obsi-

2139 5835 2406 5903 tlcbatque
2443 5834 2630 5892 fratris
2660 5838 2824 5892 urbes
2863 5846 2916 5892 et
2945 5838 3164 5906 oppida,
3197 5835 3494 5889 Zarnatam
3532 5843 3584 5888 et
3615 5834 3717 5888 alia
