4022 6294
542 243 647 311 Em

1732 204 2059 310 GEORGII
2102 248 2532 310 Pl-IRANTZ/E

3680 239 3790 303 972

544 379 639 423 τας
673 359 915 430 μεγάλας
939 360 1372 426 ἀκαταστασίας,
1398 360 1491 415 καὶ
1518 360 1587 415 τὰ
1614 362 1790 416 αὐτῶν
1822 363 2111 433 συμπερά-
2140 366 2183 423 Α
2212 363 2293 424 είς
2335 364 2403 416 τὶ
2461 362 2591 432 περὶ
2644 360 2704 414 τδ
2745 356 2910 431 395.
2963 356 3293 426 Λεοντάριον
3348 354 3597 417 ἐλθόντες
3623 348 3788 425 εὖρον

548 470 734 523 σματα
769 451 1166 517 σκοπησάντων
1195 453 1303 522 πρὸ
1349 454 1442 506 τοῦ
1490 454 1728 519 ἐξελθεῖν
1763 454 1870 525 κύρ
1902 455 2108 523 Θωμᾶν
2212 455 2377 535 αὐτὸν
2403 493 2419 515 ,
2468 455 2566 506 καὶ
2616 451 2805 513 κακῶς
2840 448 3094 514 ἐδίωξαν,
3122 450 3219 500 καὶ
3247 446 3581 499 ἀπέκλεισαν
3620 447 3788 499 αὐτὸν

544 544 636 597 τὸν
666 545 933 611 δεσπότην
961 545 1024 596 ἐκ
1049 545 1145 611 τῆς
1178 544 1486 614 ⁹Λρκαδίοας,
1511 545 1807 614 ἐξήλθομεν
1830 548 1925 600 καὶ
1949 547 2113 617 ἡμεῖς

542 639 852 698 πλάσαντες
881 637 1057 697 αίτίας
1089 637 1265 699 τινὰς.
1310 639 1405 691 καὶ
1435 640 1853 709 παρεγενόμεθα
1886 643 1964 703 είς
2017 639 2112 692 Πί-

546 730 726 791 δασον,
756 729 789 797 ἢ
820 728 915 780 νῦν
970 728 1205 797 Μοθώνη
1237 728 1505 782 καλεῖται.
1544 731 1703 782 Ἀλλὰ
1732 732 1795 797 δὴ
1819 731 1910 785 καὶ
1928 733 1955 784 ὁ
1980 731 2115 801 χρή-

549 839 705 890 σιμος
735 824 917 890 ἄρχων
946 821 1147 887 γνώσει
1179 831 1251 874 τε“
1274 824 1368 876 καὶ
1400 824 1597 893 πράξει
1630 824 1724 878 καὶ
1752 825 1900 892 γένει
1935 825 2116 895 Γεὼρ-

548 929 660 978 γιος
690 916 718 965 ὁ
750 911 961 977 Ῥαούλ,
989 915 1016 967 ό
1046 916 1140 968 ἐπὶ
1186 917 1391 985 μητρὸς
1415 916 1556 978 θεῖος
1589 918 1707 986 τοῦ,
1745 918 1804 971 δν
1836 922 1870 989 ή
1903 916 2115 988 ίστορία

547 1003 835 1071 ἐδήλωσεν,
864 1004 1130 1059 Νικολάου
1162 1007 1324 1077 393
1357 1008 1451 1060 τοῦ
1504 1009 1848 1078 Μελισσηνοῦ
1893 1008 1989 1063 τοῦ
2020 1010 2116 1064 καὶ

550 1092 965 1163 μελλογάμόρου
1011 1112 1135 1164 μου,
1160 1098 1253 1148 καὶ
1282 1097 1442 1158 αὐτὸς
1469 1098 1628 1167 ἀφεὶς
1677 1098 1777 1169 τὴν
1824 1098 2116 1152 αὐθεντίαν

548 1184 642 1233 καὶ
701 1184 884 1234 πᾶσαν
936 1183 1033 1253 τὴν
1088 1185 1252 1237 αὐτοῦ
1295 1188 1487 1255 κτῆσίν
1528 1204 1587 1239 τε
1638 1189 1731 1240 καὶ
1776 1189 2114 1256 περιουσίαν,

547 1276 881 1340 παρεγένετο
932 1276 1021 1327 καὶ
1074 1278 1235 1339 αὐτὸς
1293 1278 1410 1345 μεθ’
1456 1279 1614 1349 ήμῶν
1644 1281 1702 1331 ἐν
1737 1282 1805 1347 τῇ
1860 1279 2115 1351 Μοθώνῃ,

549 1382 613 1414 πε
626 1366 678 1432 pi.
706 1365 766 1415 τὸ
790 1366 935 1426 τέλος
957 1367 1049 1420 τοῦ
1078 1369 1414 1437 Δεκεμϐρίου
1448 1371 1618 1436 μηνὸς
1640 1370 1733 1423 τοῦ
1758 1369 1919 1423 αὐτοῦ
1940 1371 2116 1433 ἔτους.

2213 546 2272 597 ἐν
2310 546 2388 614 τῷ
2432 545 2611 607 άστει,
2661 545 2756 596 καὶ
2797 541 3027 605 πολλοὺς
3076 540 3186 593 τῶν
3238 538 3405 592 αὐτοῦ
3456 540 3784 591 ἀπέκτειναν

2212 639 2311 693 καὶ
2362 635 2771 708 ⁴ᾑχμαλώτισαν.
2826 635 3059 687 Ἔπειτα
3117 633 3351 701 ἔστησαν
3417 632 3514 693 τὰς
3577 633 3783 699 annva:

2216 731 2398 787 αὐτῶν
2443 731 2673 798 πλησίον
2727 727 2822 780 τοῦ
2866 725 3217 796 Λεονταρίου,
3277 728 3373 777 καὶ
3429 726 3546 791 μετ’
3599 725 3784 790 ὀλίγον

2217 826 2525 891 ἐξελθόντες
2553 822 2799 893 ἀπῆλθον
2834 823 2915 884 είς
2963 820 3030 874 τά
3070 821 3199 890 περὶ
3234 818 3333 889 τὴν
3366 820 3618 886 Σπάρτη-ι
3647 817 3783 881 προς

2216 919 2305 971 τὸν
2341 915 2553 970 ἑαυτῶν
2599 914 2756 982 φίλον
2804 915 3074 981 δεσπότην
3124 914 3231 982 κύρ
3288 914 3596 982 Δημήτριον
3648 912 3783 978 pta-.1

2218 1009 2374 1078 νίκης
2396 1009 2493 1060 καὶ
2529 1005 2731 1060 πολλοῦ
2778 1005 2999 1074 κέρδους
3028 1004 3181 1068 ζώων
3231 1020 3290 1055 τε
3332 1004 3426 1055 καὶ
3458 1002 3779 1069 ἀνθρώπων.

2216 1099 2389 1160 Μόλις
2421 1097 2514 1150 οὖν
2539 1097 2671 1151 ποτε
2699 1097 3055 1164 ἐπινοήσαντες
3077 1095 3123 1146 οἱ
3157 1092 3410 1146 αὐθένται
3443 1095 3531 1143 καὶ
3564 1092 3783 1156 ἀδελφοὶ

2216 1188 2280 1242 τὸ
2305 1188 2477 1242 κακὸν
2510 1188 2607 1256 τῆς
2636 1187 2843 1239 ἐαυτῶν
2872 1186 3052 1254 μάχης
3089 1185 3184 1237 καὶ
3206 1183 3562 1251 συναχθέντες
3599 1183 3681 1243 εἰς
3723 1181 3783 1232 τὸ

2220 1278 2523 1348 Καστρίτζι
2562 1277 2827 1347 ἐποίησαν
2858 1276 3001 1346 τάχα
3049 1276 3246 1345 ὅρκους
3283 1275 3526 1344 εἰρήνης,
3556 1273 3652 1325 τοῦ
3683 1274 3783 1340 τῆς

2219 1369 2658 1438 Δακεδαιμονίας
2717 1368 3125 1437 μητροπολίτου
3180 1368 3302 1438 ἦτοι
3363 1367 3461 1435 τῆς
3531 1367 3783 1433 Σπάρνης

549 1455 972 1525 Κα¹ικαθήμενοι
992 1458 1288 1528 ἀμφότεροι
1311 1461 1367 1511 ἐν
1385 1460 1462 1529 τῷ
1481 1461 1659 1530 λιμένι
1682 1461 2119 1530 ἐκαραδοκοῦμεν
2224 1457 2366 1531 μετὰ
2406 1462 2499 1515 τοῦ
2530 1462 2738 1515 σάκκου
2775 1460 2944 1513 αὐτοῦ
2976 1462 3452 1531 ίερουργήσαντοςο
3484 1459 3579 1511 καὶ
3608 1460 3695 1510 ὅτε
3729 1460 3787 1511 ἐν

551 1549 889 1614 καθορῶντες
931 1549 990 1600 τὸ
1012 1552 1109 1614 τῆς
1132 1552 1390 1618 τοιαύτης
1410 1553 1702 1620 τρικυμίας
1736 1552 1911 1617 τέλος,
1943 1555 1991 1606 εί
2024 1552 2120 1607 καὶ
2221 1558 2289 1623 τῇ
2324 1554 2444 1624 θείᾳ
2490 1553 2774 1623 ἱερουργίᾳ
2826 1552 3070 1605 ἐδείκνυε
3119 1554 3189 1604 τὰ
3247 1555 3378 1620 ἅγια
3427 1552 3504 1620 τῷ
3553 1554 3666 1620 λαῷ
3694 1552 3784 1604 λέ-

548 1641 576 1691 ὁ
610 1640 741 1701 Θεὸς
770 1639 1199 1710 μακροθυμήσῃ,
1225 1643 1312 1693 ἵνα
1340 1643 1390 1694 ol.
1430 1644 1679 1696 ἀσύνετοί
1717 1660 1843 1695 ποτε
1881 1643 2123 1711 συνήσω-
2152 1685 2193 1743 Β
2227 1661 2360 1715 γωψ
2392 1666 2410 1698 ι
2434 1648 2587 1700 Μετὰ
2617 1645 2783 1714 φόϐου
2817 1645 2950 1699 Θεοῦ
2982 1647 3072 1698 καὶ
3098 1646 3331 1707 πίττεως
3370 1646 3723 1715 προσέλθετι.
3760 1662 3779 1695 s

553 1748 664 1793 σιν,
696 1733 787 1783 καὶ
814 1733 862 1783 oi
912 1733 1085 1802 μιυροί
1118 1750 1245 1785 ποτε
1285 1734 1616 1805 φρονήσωσι,
1654 1736 1745 1787 καὶ
1776 1736 1995 1802 ὁμόνοια
2022 1735 2117 1788 καὶ

549 1824 742 1893 εἰρήνη
791 1827 1090 1893 γενὴσηται
1144 1827 1418 1895 ἁναμέσον
1471 1827 1670 1888 αὐτῶν,
1698 1827 1793 1879 καὶ
1842 1825 1933 1878 τοῦ
1980 1826 2115 1879 Θεοῦ

542 1915 807 1982 δεηθῶσι,
837 1918 931 1969 καὶ
968 1918 1167 1987 ἐλεήσῃ
1211 1918 1309 1986 μέν
1348 1919 1546 1978 αὐτοὺς
1578 1918 1652 1979 ὼς
1687 1918 1934 1987 ἐλεήμων
1959 1918 2114 1982 Θεὸς,

551 2007 830 2077 προστάξῃ
869 2007 923 2059 δέ
957 2010 1053 2060 καὶ
1084 2012 1173 2060 τὸν
1200 2010 1391 2077 δήμιον
1422 2008 1586 2062 αὐτοῦ
1613 2010 1837 2078 άμηρᾶν
1862 2010 1955 2062 καὶ
1982 2010 2119 2079 ἐάσῃ

551 2100 745 2161 αὐτοὺς
785 2099 948 2167 ζῆσαι
981 2101 1202 2152 πλείονα
1233 2100 1426 2169 χρόνον
1455 2114 1468 2130 ο
1504 2100 1670 2153 τόπον
1703 2101 1815 2169 γὰρ
1844 2102 1937 2152 καὶ
1964 2101 2118 2166 τάξιν

547 2190 664 2260 ἔχει
697 2194 787 2243 καὶ
814 2191 975 2252 αὐτδις
1000 2191 1135 2259 πρὸς
1164 2190 1314 2253 Θεὸν,
1343 2190 1459 2243 οἵαν
1488 2193 1536 2243 oi
1569 2191 1737 2243 αὐτοῦ
1766 2192 1956 2259 δήμιοι
1983 2180 2119 2261 πρὸς

549 2280 732 2345 αὐτὸν,
774 2281 968 2345 οἵτινες
1007 2281 1271 2350 πληροῦσι
1308 2284 1408 2351 μὲν
1462 2283 1531 2335 τά
1584 2282 1987 2351 προστάγματα
2019 2283 2120 2336 αὐο

550 2374 668 2437 τοῦ,
699 2375 804 2427 εἰσὶ
833 2376 887 2427 δὲ
915 2378 1006 2428 καὶ¹
1040 2378 1259 2445 μισητοὶ
1293 2375 1387 2428 καὶ
1417 2375 1803 2445 ἁποτρόπαιοι.

625 2468 733 2520 Καὶ
784 2469 989 2520 τούτων
1037 2468 1100 2535 δὴ
1152 2470 1259 2520 τῶν
1305 2466 1728 2538 προρρηθέντων
1762 2465 1950 2519 κακῶν
1977 2462 2120 2518 κατὰ

552 2559 652 2628 τῆς
674 2559 1087 2627 Πελοποννήσου
1108 2559 1502 2630 περισσοτέρως
1532 2559 1730 2622 παντὸς
1744 2558 1927 2611 ἀθλίου
1952 2560 2119 2611 τόπου

552 2651 884 2719 γενομένων.
931 2652 1175 2713 ἐλθόντος
1223 2652 1281 2703 δὲ
1318 2653 1413 2703 καὶ
1458 2656 1661 2721 μέρους
1702 2652 1811 2703 τῶν
1859 2649 2118 2720 Τούρκων

554 2742 788 2813 στρατοῦ
839 2742 1076 2806 ἔξωθεν,
1120 2741 1471 2811 κατέδραμον
1522 2744 1614 2795 τὴν
1656 2743 1818 2794 τόπον
1867 2742 2117 2804 ἅπαντα,

553 2833 647 2886 καὶ
674 2833 762 2888 ἵνα
815 2833 959 2904 άπερ
1027 2834 1172 2888 κακά
1228 2834 1560 2908 παρέλειπον
1605 2835 1655 2888 oi
1688 2836 1973 2905 οἰκήτορες
2026 2833 2120 2886 καὶ

557 2926 733 2995 κύριοι
784 2927 877 2978 καὶ
930 2925 1193 2979 αὐθένται
1240 2927 1661 2997 καὶηάρχοντες,
1699 2928 1761 2981 οὐ
1800 2927 2117 2995 προαιρέσει

2223 1742 2282 1793 ἐν
2320 1740 2513 1810 ἐκείνῳ
2564 1738 2642 1808 τῷ
2694 1738 2870 1807 καιρῷ
2927 1737 3233 1806 προσῆλθον
3288 1739 3339 1790 οί
3393 1739 3649 1791 αὐθένται
3694 1740 3784 1789 καὶ

2220 1831 2464 1901 ἀδελφοὶ,
2514 1832 2608 1883 καὶ
2642 1829 2866 1898 ὤμοσαν
2915 1829 3001 1881 ἵνα
3041 1830 3142 1899 τὴν
3194 1830 3418 1899 εἰρήνην
3450 1829 3781 1898 φυλάξωσιν.

2224 1925 2480 1992 Ἐμεινεν
2507 1922 2605 1990 μὲν
2630 1962 2645 1987 ,
2686 1920 2761 1983 ὡς
2793 1920 3109 1989 ἠκούσαμεν
3132 1958 3150 1984 ,
3184 1921 3212 1972 ὁ
3246 1921 3512 1990 δεσπότης
3544 1922 3651 1986 κύρ
3678 1923 3783 1986 Δη-

2223 2019 2452 2083 μήτριος
2501 2017 2558 2067 ἐν
2616 2016 2729 2076 τοῖς
2770 2012 3234 2081 συμφωνημένοις
3283 2012 3445 2080 μέχρι
3485 2014 3651 2075 τινος,
3690 2015 3785 2065 καὶ

2221 2107 2408 2167 πάλιν,
2457 2106 2484 2155 ὁ
2539 2101 2701 2163 αὐτὸς
2727 2103 2805 2165 είς
2839 2102 2991 2155 οὐδὲν
3008 2102 3133 2164 τοὺς
3162 2101 3359 2171 ὅρκους
3386 2102 3669 2168 ἐλογίσατο
3690 2104 3782 2156 καὶ

2220 2195 2416 2257 καινὰς
2448 2180 2629 2264 μάχας
2656 2194 2752 2246 καὶ
2788 2193 3063 2246 σκάνδαλα
3089 2193 3337 2262 ἐποίησε.
3375 2194 3441 2245 Ὢ
3463 2194 3560 2262 τῆς
3588 2194 3784 2263 ἀνοχῆς

2223 2286 2321 2340 καὶ
2361 2286 2747 2355 μακροθυμίας
2782 2302 2899 2351 σου,
2928 2284 3133 2353 Χριστέ
3180 2285 3425 2356 βασιλεῦ,
3455 2286 3549 2339 καὶ
3578 2288 3657 2347 είς
3686 2288 3783 2339 αὐ·

2220 2380 2313 2432 τὸν
2356 2383 2450 2432 καὶ
2475 2379 2603 2440 τούς
2644 2370 2904 2440 αἰτίουςι
2964 2378 3073 2429 Καὶ
3123 2379 3358 2447 ἧρξαντο
3403 2376 3482 2430 ἐτι
3529 2377 3595 2431 τὰ
3643 2378 3788 2431 κακά

2223 2472 2391 2525 πάλιν
2438 2471 2529 2524 τδν
2583 2470 2707 2540 χθὲς
2757 2468 3001 2523 τοιοῦτον
3036 2469 3263 2539 φρικτὸν
3300 2470 3462 2539 ὅρκον
3492 2469 3789 2539 άθετησάν-

2225 2576 2357 2614 των·
2413 2561 2511 2614 καὶ
2547 2560 2815 2629 ἔπραττεν
2846 2559 3077 2622 ἕκαστος
3108 2559 3288 2612 αὐτῶν
3318 2561 3459 2613 κατὰ
3477 2559 3570 2612 τού
3603 2561 3789 2629 ἐτέρου

2224 2654 2325 2721 ὅση
2355 2652 2609 2720 δύναμις,
2662 2650 2976 2715 ἐλπίζοντες
3005 2654 3032 2704 ὁ
3066 2651 3167 2722 μέν
3215 2654 3296 2713 είς
3344 2652 3443 2721 τὴν
3484 2652 3667 2721 φιλίαν
3689 2653 3787 2706 τοῦ

2225 2745 2414 2813 ἀμηρᾶ
2453 2743 2546 2796 καὶ
2598 2742 2870 2812 βοήθειαν,
2934 2743 3028 2794 καὶ
3086 2742 3186 2813 τὴν
3237 2743 3453 2798 ἀδικίαν
3524 2745 3789 2813 ἐνθυμού-

2228 2854 2388 2905 μενος
2428 2835 2493 2905 ἢν
2521 2835 2753 2903 ἠδικήθη
2788 2834 2891 2887 ὐπὸ
2935 2834 3048 2887 τῶν
3098 2835 3433 2906 ὑποχειρίων
3463 2835 3650 2902 αὐτοῦ,
3676 2838 3705 2888 ό
3733 2837 3788 2890 δέ

2225 2929 2304 2987 είς
2344 2926 2504 2996 395
2531 2925 2628 2992 τὴν
2660 2925 2949 2995 ἐπιορκίαν
2992 2925 3088 2979 τοῦ
3118 2927 3304 2993 ἄλλον,
3332 2929 3427 2981 καὶ
3454 2929 3531 2991 εις
3560 2928 3622 2981 τὸ
3649 2930 3787 2983 κατὰ

552 3014 671 3068 ἀλλ’
695 3015 847 3085 ἀνδρί
860 3033 908 3081 ᾳ,
940 3016 1218 3084 πράξωσιν
1253 3018 1428 3081 αὐτοὶ,
1463 3018 1557 3069 καλ⁹
1588 3017 1680 3070 τοῦ
1714 3020 1811 3087 μὲν
1838 3018 1957 3079 ἐνὸς
2005 3017 2115 3071 τῶν
2143 3025 2185 3082 C
2219 3020 2434 3074 ἀσεὸῶν
2458 3019 2598 3090 τάχα
2629 3019 2916 3088 μάχεσθαι.

555 3108 828 3159 δεσποτῶν
866 3094 1050 3176 ἐχθροὶ
1076 3107 1249 3174 ὅντες,
1278 3107 1374 3161 τοῦ
1406 3108 1452 3162 δ’
1493 3108 1655 3162 ἄλλου
1685 3111 1825 3179 τάχα
1863 3109 2028 3178 φίλοι·
2056 3111 2115 3164 δν

546 3203 617 3271 δὴ
668 3200 963 3269 δεσπότην,
995 3199 1088 3252 τὸν
1122 3200 1220 3254 καὶ
1264 3201 1459 3271 ἐχθρὸν
1510 3203 1691 3273 αὐτῶν
1749 3201 1855 3270 κύρ
1895 3203 2117 3273 Θωμᾶν,

548 3383 859 3449 prudentia,
890 3380 1080 3450 peritia
1126 3387 1179 3433 et
1241 3394 1436 3449 genere
1465 3379 1699 3434 eximius
1735 3380 1813 3433 vir
1850 3379 2121 3450 Georgius

557 3473 712 3537 Iiaul,
741 3472 1044 3526 avunculus
1078 3473 1216 3538 eius,
1247 3471 1315 3524 de
1340 3485 1449 3539 quo
1486 3472 1619 3535 dixi,
1645 3472 1849 3525 Nicolai
1876 3471 2119 3525 Melisse-

554 3567 629 3629 ni,
659 3565 749 3634 qui
780 3580 941 3631 genter
975 3579 1131 3617 meus
1162 3565 1375 3617 futurus
1406 3572 1551 3624 erat.
1584 3563 1776 3618 relicta
1838 3563 2116 3633 provincia

554 3674 676 3711 cum
712 3658 948 3719 bonis.et
983 3655 1335 3711 facultatibus
1366 3655 1645 3720 omnibus,
1667 3657 1855 3710 eodem
1906 3672 2117 3711 mecum

556 3746 723 3811 venit,
750 3756 997 3801 estremo
1031 3747 1309 3801 Deccmbri
1345 3747 1471 3800 anni
1502 3746 1742 3816 ejusdem
1769 3762 1786 3812 ;
1848 3746 2124 3801 sedentes-

548 3857 660 3910 que
694 3843 854 3894 ambo
884 3840 936 3893 in
966 3849 1150 3910 portu,
1174 3849 1446 3893 lautorum
1479 3839 1738 3894 ﬂuctuum
1804 3836 1968 3894 tinem
2022 3855 2121 3909 op-

545 3934 921 4002 periebamur,
950 3932 995 3987 si
1025 3931 1165 3986 forte
1192 3931 1333 3987 Deus
1361 3947 1458 4002 pro
1489 3933 1750 4001 patientia
1801 3946 1902 3987 sua
1932 3946 2124 4002 exspe-

548 4034 799 4081 ctaturus
828 4032 997 4088 esset,t
1024 4028 1151 4081 dum
1187 4028 1511 4097 insipientes
1542 4036 1817 4098 saperent,
1867 4027 2018 4082 stulti
2049 4025 2121 4081 ad

554 4118 840 4174 sanitatem
905 4126 1343 4182 reverterentur;
1396 4134 1583 4187 pacem
1656 4119 2123 4189 concordiamque

551 4212 798 4264 colerent
825 4220 879 4263 et
916 4207 1078 4263 Deum
1136 4220 1510 4278 precarentur,
1540 4220 1706 4281 atque
1766 4213 2123 4266 commisera-

552 4312 641 4357 tus
689 4298 785 4356 eds
818 4317 918 4370 pro
976 4300 1348 4354 misericordia
1404 4317 1501 4357 sua
1558 4302 1700 4357 Deus
1755 4301 2121 4370 imperaturus

2289 3112 2507 3165 Τούτων
2532 3106 2625 3164 οὖν
2652 3110 2822 3171 οὐτως
2855 3110 3043 3173 κακῶς
3070 3111 3480 3181 πραττομένων,
3509 3110 3787 3181 παρῆλθεν

2220 3208 2249 3259 δ
2282 3203 2494 3275 χειμὼν
2521 3203 2613 3255 τοῦ
2638 3200 3015 3275 ⁴ςξὲλξττέτους,
3044 3204 3137 3255 καὶ
3171 3202 3279 3255 ίδού
3313 3204 3405 3256 τοῦ
3442 3204 3609 3256 αὐτοῦ
3639 3202 3787 3266 ἔτους

2219 3398 2435 3449 Carunt,
2482 3385 2573 3441 sed
2609 3402 2731 3439 mox
2771 3383 3021 3453 Spartam
3054 3384 3119 3438 ad
3151 3385 3431 3454 despotam
3486 3386 3590 3439 sibi
3642 3380 3777 3437 ami-

2221 3496 2368 3540 cum,
2440 3477 2799 3537 Demetrium,
2864 3478 3094 3531 victoria
3137 3487 3193 3531 et
3251 3493 3444 3546 magna
3509 3478 3782 3530 hominum

2220 3570 2652 3637 animaliumque
2684 3569 3049 3637 paeda-elati,
3089 3568 3320 3635 profecti
3366 3579 3511 3622 sunt.
3544 3567 3780 3621 Tandem

2222 3660 2517 3728 aliquando
2548 3659 2744 3712 fratres
2781 3659 3073 3728 principes.
3098 3674 3257 3725 quam
3291 3660 3655 3724 perniciosum
3687 3659 3785 3713 sibi

2222 3762 2369 3806 esset
2394 3760 2643 3804 mutuum
2669 3750 2895 3815 bellum,
2924 3750 3315 3819 intelligentes,
3344 3751 3630 3804 Castritzae
3662 3766 3789 3803 con-

2222 3851 2487 3899 venerunt
2530 3850 2586 3897 et
2616 3844 2977 3897 sacramentis
3010 3858 3070 3895 se
3105 3842 3170 3895 ad
3228 3857 3415 3911 pacem
3468 3846 3784 3895 servandam

2222 3930 2657 3995 obstrinxerunt,
2683 3931 3029 3999 metropolita
3061 3928 3469 3986 Lacedannonis
3492 3932 3609 3985 sive
3638 3931 3787 4000 Spar-

2225 4031 2290 4073 tae
2324 4033 2447 4071 cum
2478 4033 2635 4073 sacco
2690 4017 2864 4073 sacris
2917 4026 3204 4086 operante.
3243 4016 3430 4086 Itaque
3480 4032 3603 4070 cum
3659 4018 3703 4071 is
3736 4019 3784 4070 in

2224 4107 2497 4166 sacriﬁcio
2555 4116 2903 4163 sacrosancta
2966 4104 3164 4175 populo
3231 4115 3612 4167 monstrasset,
3661 4119 3781 4157 cum

2225 4204 2310 4260 bis
2341 4201 2520 4257 verbis
2551 4217 2565 4253 :
2607 4217 2627 4251 ι
2662 4197 2798 4253 Cum
2833 4199 3157 4252 verecundia
3185 4206 3243 4252 et
3301 4199 3407 4252 ﬁde
3462 4186 3718 4262 accedite,
3758 4214 3776 4247 ι

2225 4301 2576 4352 accesserunt
2606 4290 2883 4358 principes
2918 4290 3120 4343 lratres
3150 4298 3205 4343 ct
3233 4304 3415 4357 pacem
3452 4304 3512 4342 se
3549 4300 3788 4342 servatu-

549 4402 699 4446 essa
742 4391 990 4445 cat-uilici
1039 4405 1141 4445 suo
1173 4405 1395 4455 amem,
1429 4401 1487 4446 ut
1523 4409 1617 4447 cos
1651 4393 1860 4447 diutius
1914 4394 2123 4460 spirare
2156 4373 2200 4428 θ
2232 4405 2320 4443 ros
2369 4400 2489 4440 eSse
2543 4383 2888 4450 juraverunt.
2948 4380 3017 4434 At
3072 4382 3373 4436 Demetrius
3431 4382 3651 4450 despota
3697 4380 3787 4432 ali-

553 4494 847 4551 pateretur.
892 4481 987 4534 llic
1013 4483 1153 4534 enim
1186 4482 1361 4535 locum
1384 4492 1437 4537 et
1475 4485 1714 4536 ordinem
1766 4483 1906 4551 apud
1957 4482 2119 4536 Deum

554 4583 719 4640 tenet,
749 4574 961 4643 qualem
984 4573 1121 4641 apud
1153 4574 1327 4641 ipsum
1380 4572 1663 4627 carnifices
1686 4572 1827 4642 ejus,
1853 4574 1943 4641 qui
1965 4574 2121 4644 jussa

446 4654 449 4659 ’
550 4666 671 4734 ejus
702 4664 929 4727 faciunt,
961 4671 1016 4716 et
1056 4670 1237 4716 tamen
1271 4662 1420 4717 exosi
1446 4672 1501 4716 et
1531 4662 1825 4731 contempti
1860 4670 2009 4727 sunt.

623 4757 761 4811 Cum
820 4756 889 4809 iis
926 4770 1048 4824 qua:
1104 4764 1228 4807 ante
1280 4754 1725 4817 commemoravi,
1763 4752 1918 4806 malis
1967 4750 2122 4806 Pelo-

548 4862 827 4914 ponnesus
892 4845 1135 4915 gravius,
1183 4858 1345 4912 quam
1403 4842 1509 4895 ulla
1537 4841 1642 4896 alia
1694 4842 1893 4896 misera
1949 4842 2120 4910 regio,

553 4937 905 5004 amigeretur,
938 4937 1101 4989 etiam
1137 4948 1332 4988 manus
1362 4930 1669 4986 Turcarum
1704 4939 1929 4987 externa
1958 4933 2122 4986 adve-

550 5029 634 5082 nit
672 5037 725 5081 et
754 5037 945 5082 cuncta
1000 5022 1317 5086 incursavit,
1376 5034 1436 5077 ut
1499 5038 1636 5092 quas
1668 5022 1851 5077 clades
1908 5022 2118 5087 incolat,

552 5119 778 5183 domini,
834 5118 1146 5187 principes,
1196 5116 1468 5185 .primorcs
1522 5129 1629 5168 non
1683 5113 1953 5178 consulto,
2022 5115 2118 5169 sed

555 5207 922 5263 resistentium
968 5208 1169 5260 virtute
1203 5204 1470 5273 impediti,
1496 5205 1815 5269 omiserant,
1866 5204 1943 5257 illi
1995 5205 2120 5258 ede-

553 5308 692 5361 rent,
752 5298 977 5352 alterius
1032 5297 1267 5362 despota:
1324 5297 1525 5359 hostes,
1577 5294 1803 5349 aiterius
1832 5292 2032 5348 amici:
2087 5308 2118 5347 e

550 5392 752 5460 quibus
818 5388 991 5449 Illum,
1058 5387 1339 5439 inimicum
1410 5385 1513 5438 si-bi
1589 5384 1881 5448 Thomam,
1948 5398 2117 5451 prope

549 5481 899 5536 Leontarinm
933 5489 1233 5550 repertum,
1267 5478 1474 5532 acriter
1508 5477 1781 5541 iusectati,
1825 5477 1877 5529 in
1924 5477 2112 5529 urbem

549 5574 951 5644 compulerunt,
1018 5570 1201 5626 multis
1249 5570 1317 5624 de
1369 5569 1633 5643 militibus
1653 5568 1770 5635 ejus
1800 5575 1893 5622 aut
1943 5568 2116 5635 captis

546 5672 644 5717 aut
672 5665 887 5720 occisis.
927 5664 1127 5719 Deinde
1162 5672 1341 5718 castra
1378 5676 1546 5731 prope
1570 5676 1689 5717 eam
1721 5662 1909 5717 urbem
1937 5660 2109 5716 collo‘

2226 4478 2543 4549 quantisper
2593 4471 2836 4540 quidem,
2894 4482 2952 4526 ut
3009 4474 3353 4537 audivimus,
3414 4475 3563 4526 stetit
3622 4475 3805 4541 pactis-

2224 4570 2536 4629 conventis,
2601 4567 2694 4619 sed
2776 4580 2923 4627 mox,
2990 4564 3136 4617 nulla
3198 4565 3529 4617 sacramenti
3588 4567 3787 4617 ratione

2226 4662 2437 4724 habita,
2470 4674 2680 4729 pugnas
2710 4667 2765 4711 et
2798 4656 2980 4709 turbas
3017 4668 3188 4708 novas
3226 4656 3449 4709 molitus
3486 4664 3594 4708 est.
3625 4651 3667 4708 0
3696 4668 3785 4721 pa-

2224 4754 2469 4806 tientiam
2504 4761 2557 4805 et
2582 4752 2857 4804 lenitatem
2895 4757 3068 4811 tuam,
3102 4746 3317 4801 Christe
3376 4762 3496 4812 rex,
3532 4751 3786 4800 adversus

2222 4845 2399 4914 ipsum
2432 4854 2486 4897 et
2504 4844 2624 4897 talis
2654 4842 2871 4896 consilii
2907 4836 3197 4896 auctores!
3236 4836 3518 4893 redierunt
3544 4841 3777 4908 pristime

2220 4938 2581 4999 calamitates,
2614 4932 2978 4989 sacramentis
3009 4931 3321 4995 horrendis,
3387 4947 3512 4999 qua:
3573 4932 3780 4984 vixdum

2221 5026 2359 5080 facta
2424 5036 2581 5079 erant
2646 5025 2992 5091 contemptis.
3050 5022 3377 5091 Aniigebant
3430 5038 3503 5077 se'
3579 5033 3784 5083 mutuo,

2218 5127 2481 5187 quantum
2514 5124 2785 5185 poterant,
2815 5115 3008 5171 conﬁsi
3046 5117 3184 5169 alter
3257 5115 3499 5169 amicitia
3535 5126 3590 5167 et
3636 5116 3785 5167 auxi-

2219 5208 2291 5261 lio
2318 5224 2513 5263 sinet-ae
2540 5217 2593 5261 et
2624 5208 2864 5275 injuriis,
2891 5222 3027 5276 quas
3057 5222 3087 5259 a
3118 5207 3382 5275 subjectis
3430 5222 3623 5275 passus
3650 5214 3782 5266 erat,

2218 5299 2352 5353 alter
2378 5300 2525 5352 illius
2548 5299 2794 5368 perjurio
2820 5309 2984 5361 eteo,
3010 5298 3155 5367 quod
3177 5299 3443 5352 adversus
3467 5300 3664 5366 impios
3686 5294 3782 5349 sibi

2217 5390 2567 5459 pugnandum
2589 5399 2759 5443 esset.

2294 5480 2417 5534 ίίιρο
2454 5481 2581 5533 dum
2621 5481 2693 5533 ita
2754 5482 3068 5533 calamitosa
3112 5491 3402 5550 geruntur,
3459 5481 3634 5534 hiems
3665 5479 3781 5532 anni

2216 5571 2354 5625 6968
2380 5574 2658 5641 praeteriit.
2697 5571 2885 5625 Mense
2917 5573 3054 5625 alain
3105 5584 3286 5626 autem
3322 5590 3557 5635 ameras,
3608 5576 3777 5626 adrer-

2217 5677 2313 5719 sus
2339 5674 2627 5733 utrumque
2656 5662 2999 5733 expeditione
3030 5676 3307 5731 suscepta,
3350 5676 3496 5720 recta
3538 5666 3777 5729 Spartam
