4022 6294
363 415 471 481 985

1359 407 1806 476 CIIRONICON
1846 412 2112 480 unus.
2148 367 2390 481 -ἰιιι,
2438 414 2534 478 1v.

3482 416 3654 479 96'

353 540 451 606 φά,
485 537 577 591 καὶ
599 535 836 601 ἀπῆλθον
868 535 963 587 καὶ
992 532 1142 588 αὐτοὶ
1171 535 1257 621 εἰς.
1281 535 1588 604 Κέρκυραν.
1620 534 1678 586 '0
1709 534 1764 586 δὲ
1788 530 1916 604 ἦλθε
1949 546 1992 601 Α
2026 553 2175 602 μενοι
2205 539 2294 590 καὶ
2323 538 2390 590 τὰ
2421 537 2526 590 τῶν
2567 537 2883 606 πρεσϐυτῶν
2922 535 3359 603 ἀποτελέσματα.
3407 533 3463 587 '0
3490 535 3592 602 μὲν

355 632 514 699 μέχρι
547 626 637 681 καί
673 629 888 696 Πάτρας
925 628 1148 693 κάκεῖσε
1183 627 1529 694 προσέμεινε.
1576 626 1682 679 Καὶ
1705 626 1774 678 τά
1809 628 1917 678 Κα-

347 706 592 789 λάδρυτα
622 719 820 782 λαϐὼν,
860 717 988 770 ἔνθα
1044 719 1072 770 6
1123 715 1469 786 ἡγεμονεύων
1501 715 1624 770 οὔτε
1663 718 1775 779 τοῖς
1831 715 1912 770 6e-

349 811 574 872 σπόταις
600 803 720 860 οὔτε
743 808 820 877 τῷ
853 810 1043 878 ἁμηρᾷ
1064 807 1323 874 ἐφύλαττε
1351 807 1551 867 πίστιν,
1578 805 1691 857 ἀλλ’
1712 806 1819 858 οὐδ’
1837 807 1916 868 εἰς

347 900 502 964 Θεὸν,
531 899 605 961 ὡς
635 901 862 966 νομίζω,
894 899 1056 961 αὐτὸς
1087 899 1183 968 μὲν
1210 901 1236 952 6
1275 898 1495 967 ἀμηρᾶς
1537 897 1704 950 ἔδωκε
1760 897 1916 967 δίκην

346 992 499 1054 ἀξίαν
529 990 677 1058 αὑτῷ
697 1006 711 1020 ·
736 991 952 1042 ὲλέπισε
984 992 1092 1057 γὰρ
1125 989 1305 1052 αὑτὸν,
1369 988 1418 1039 οἱ
1446 986 1490 1040 δ’
1520 986 1682 1040 αὐτοῦ
1716 981 1916 1050 πάντες
1962 1037 1964 1040 .

345 1085 395 1136 οἱ
433 1084 528 1152 μὲν
548 1081 941 1152 ἀπετμήθησαν
980 1079 1076 1141 τὰς
1107 1079 1370 1148 κεφαλὰς,
1408 1080 1456 1131 οἱ
1481 1078 1538 1130 δὲ
1575 1077 1913 1147 αἰχμάλωτοι

346 1174 692 1244 ἀπήχθησαν.
723 1173 794 1225 Τὸ
819 1173 874 1224 δὲ
903 1171 1038 1225 ἄστυ
1073 1171 1100 1222 6
1131 1172 1352 1240 ἀμηρᾶς
1381 1169 1561 1232 καλῶς
1609 1167 1912 1235 ἀσφαλισά-

349 1282 508 1332 μενος
539 1265 631 1317 zeal.
664 1261 827 1316 παντὶ
851 1265 1000 1332 τόπῳ
1050 1264 1208 1329 ἀφεὶς
1263 1262 1612 1331 στρατιώτας.
1669 1261 1913 1328 ἐγερθεὶς

347 1356 452 1406 ἀπὸ
482 1355 579 1423 τῆς
616 1354 832 1424 Πάτρας
863 1355 1016 1422 διέὸη
1040 1355 1119 1416 είς
1164 1354 1233 1407 τὰ
1294 1355 1422 1424 περὶ
1465 1354 1524 1406 τὸ
1577 1352 1914 1422 Σαλμενικὸν

346 1444 440 1496 καὶ
465 1441 797 1512 Λίστραιναν
831 1443 925 1495 καὶ
961 1441 1253 1508 Βοστίτζαν
1281 1458 1296 1473 ⁸
1342 1443 1437 1496 καὶ
1489 1441 1586 1512 τὴν
1624 1442 1723 1510 μὲν
1774 1443 1912 1495 Βοσ-

347 1529 531 1592 τίτζαν
583 1533 675 1583 καὶ
741 1531 1074 1601 Λίστραιναν
1125 1531 1306 1596 ἔλαϐε,
1345 1535 1422 1584 τὺ·
1470 1532 1525 1585 δὲ
1575 1530 1908 1602 Σαλμενικὸν

346 1609 615 1690 ἐκράτησε
659 1623 820 1691 μέχρι
847 1623 989 1700 τινός
1016 1641 1098 1685 τις
1135 1623 1494 1700 Παλαιολόγος
1517 1623 1810 1692 λεγόμενος
1848 1621 1910 1676 τὸ

345 1716 574 1782 ἐπὲκλην
607 1715 893 1785 Γραίτζας.
917 1697 921 1700 Ι
1238 1697 1239 1704 γ

415 1807 521 1858 Τοῦ
549 1807 604 1858 δὲ
642 1808 918 1874 δεσπότου,
951 1807 1026 1870 ὡς
1081 1807 1330 1875 εἴπομεν,
1392 1805 1613 1858 πανοικὶ
1665 1803 1910 1869 ἐλθόντος

2018 626 2111 678 οὖν
2154 627 2348 696 Ῥάλης
2379 629 2632 697 Ἰωάννης
2680 628 2903 682 διελθὼν
2961 629 3048 680 διὰ
3106 626 3198 680 τοῦ
3268 625 3592 694 ’Λγγελοκά-

2025 733 2188 785 στρου
2243 718 2443 786 ἔφθασε
2483 720 2576 772 τὸν
2642 720 2864 788 ἀμηρᾶν
2910 721 2990 781 είς
3025 719 3095 771 τὰ
3142 719 3271 786 περὶ
3319 719 3416 784 τὴν
3460 716 3590 788 Βέῤ-

2024 808 2176 876 ρηιαν
2203 823 2217 838 ⁸
2251 809 2343 884 διί
2370 809 2531 870 εὐθὺς
2577 809 2978 877 προστάξαντος
3017 810 3180 863 αὐτοῦ
3210 807 3262 860 ’δ
3297 826 3354 860 τε
3399 808 3589 876 ἰ’ἀλης

2020 898 2112 949 καὶ
2141 899 2188 950 οί
2229 899 2324 950 σὺν
2358 900 2505 968 αὐτῷ
2540 903 2739 962 πάντες
2774 900 3197 970 ὲδεσμεύθησαν,
3231 901 3322 952 καὶ
3354 901 3401 952 οἱ
3440 899 3593 961 πόδες

2019 985 2200 1039 αὐτῶν
2252 988 2666 1058 ἠσφαλίσθησαν
2707 990 2968 1060 σιδήροις.
3031 989 3453 1050 Διαῦιδάσαντες
3499 985 3591 1040 οὖν

2018 1073 2194 1142 οὕτως
2221 1080 2450 1148 δέσμιοι,
2485 1081 2625 1153 μετά
2677 1100 2829 1145 τινας
2865 1081 3018 1144 ὀδοὺς
3075 1081 3296 1150 ἡμερῶν
3348 1083 3428 1143 εἰς
3466 1082 3592 1143 τοὺς

2018 1170 2146 1238 περὶ
2171 1171 2263 1222 τοῦ
2299 1173 2507 1240 μαύρου
2541 1174 2700 1242 ὅρους
2723 1172 2944 1243 βουνοὺς
2965 1173 3340 1242 ἠλευθέρωσεν
3370 1171 3590 1234 αὐτοὺς,

2016 1261 2186 1314 εἰπὼν
2208 1261 2287 1314 ὄτι
2309 1262 2365 1313 Ἐ
2378 1263 2450 1329 γὼ
2477 1263 2773 1332 ὲκδεχόμην
2804 1265 3028 1332 πλησίον
3057 1264 3155 1332 τῆς
3185 1263 3591 1331 Πελοποννήσου

2015 1350 2400 1421 εὑρισκομένου
2440 1371 2541 1423 μου
2591 1355 2764 1408 ὲλθεῖν
2813 1356 2903 1408 τὸν
2955 1356 3242 1422 δεσπότην,
3302 1355 3333 1422 ἢ
3403 1355 3592 1425 στείλῃ

2015 1444 2108 1495 τὸν
2141 1444 2253 1496 υἱὸν
2279 1445 2447 1518 αὐτοῦ
2475 1447 2612 1514 μετὰ
2638 1449 2935 1518 ἀρχόντων,
2978 1451 3070 1500 καὶ
3124 1449 3347 1516 γένηται
3426 1447 3591 1516 χάρις

2015 1537 2380 1607 πρὸςαὺτὺν,
2433 1541 2530 1591 καὶ
2587 1540 2842 1606 κάθηται,
2881 1539 2969 1591 καὶ
3004 1538 3095 1608 ζῇ.
3147 1538 3296 1590 Ἐπεὶ
3349 1532 3441 1600 οὖν
3495 1537 3590 1588 οὐ·

2013 1630 2100 1682 δὲν
2159 1630 2374 1697 γέγονε,
2437 1631 2598 1684 πάλιν
2663 1631 2914 1700 λέγομεν,
2958 1631 3262 1700 γενηθήτω,
3317 1630 3364 1681 εί
3425 1629 3591 1692 θέλει,

2012 1721 2106 1773 καὶ
2144 1707 2468 1787 ἀπελθόντος
2523 1723 2618 1776 σοῦ
2672 1724 2870 1776 ἐλθέτω
2907 1727 2934 1778 6
2985 1724 3274 1792 δεσπότης,
3318 1722 3351 1793 ἢ
3398 1723 3592 1785 ἐξαπο-

2013 1811 2277 1866 στειλάτω
2329 1812 2422 1866 ἕνα
2452 1814 2559 1866 τῶν
2595 1815 2802 1868 παίδων
2830 1816 3018 1877 αὑτοῦ,
3049 1808 3093 1881 ᾧ
3125 1816 3217 1866 καὶ
3277 1815 3590 1882 ποιήσωμεν

342 1900 417 1957 εἰς
449 1900 760 1968 Κέρκυραν,
791 1900 1094 1968 προσῆλθον
1137 1897 1406 1974 αὐτῷ-καὶ
1451 1897 1755 1967 γράμματα
1801 1897 1907 1948 ἀπὸ
1940 1924 1980 1979 Β
2010 1903 2240 1972 χρηστά.¹
2317 1904 2774 1973 Ἐπιστρέψαντος
2835 1906 2891 1957 δὲ
2957 1905 3049 1959 τοῦ
3128 1905 3322 1959 Ῥαοὺλ
3414 1903 3594 1972 ἀπρά-

339 1991 433 2042 τοῦ
459 1992 768 2060 πράκτορος
796 1989 889 2042 τοῦ
956 1985 1421 2058 Ἀγγελοκάστρου
1469 1989 1901 2056 διαλαμϐάνοντα

339 2081 531 2146 οὕτως,
567 2082 646 2134 ὅτι
689 2082 762 2150 τῷ
811 2083 1004 2152 ἀμηρᾷ
1034 2082 1212 2152 ὄρεξις
1244 2077 1316 2152 ἦν·
1342 2081 1429 2133 ῑνα
1475 2079 1746 2150 προσέλθῃ
1807 2078 1905 2131 αὐ-

339 2171 417 2240 τῷ
445 2190 527 2234 τις
552 2173 659 2225 τῶν
682 2173 774 2226 τοῦ
797 2171 1055 2226 δεσπότου
1102 2174 1403 2241 ἀρχόντων,
1431 2171 1546 2246 ,καὶ
1601 2171 1905 2240 γενήσηται

343 2266 668 2334 συμὸἱϐασις
699 2266 792 2317 καὶ
826 2265 1012 2334 ἀγάπη
1043 2265 1395 2334 ἀμφοτέροις,
1445 2265 1536 2317 καὶ
1587 2263 1712 2331 δοθῇ
1772 2260 1904 2330 παρ’

341 2357 508 2409 αὑτοῦ
555 2359 716 2419 τόπος
778 2359 914 2426 μετά
969 2375 1130 2410 τινων
1166 2356 1492 2424 συμφωνιῶν
1535 2353 1613 2424 τῷ
1670 2354 1902 2424 δεσπότῃ

342 2447 478 2510 πρὸς
514 2443 678 2517 ﬁlo
704 2449 764 2500 τὸ
799 2449 916 2518 ζῇν.
953 2445 1490 2514 Συνδιασκεψάμενος
1539 2441 1630 2497 οὖν
1661 2445 1757 2497 σὺν
1796 2447 1906 2508 τοῖς

340 2540 506 2594 αὑτοῦ
524 2543 550 2593 ὁ
577 2541 861 2609 δεσπότης,
890 2540 1066 2603 ἔδοξεν
1088 2539 1234 2608 αὑτῷ
1262 2539 1425 2591 καλὸν
1454 2533 1592 2590 εἶναι
1622 2539 1709 2590 ἵνα
1747 2539 1774 2590 6
1809 2539 1907 2606 μὲν

352 2633 545 2700 Ῥἁλης
592 2632 865 2702 Γεὼργιος
913 2631 1122 2700 ἀπέλθῃ
1177 2631 1312 2700 πρὸς
1364 2629 1453 2683 τὸν
1497 2631 1739 2699 ἀμηρᾶν,
1776 2629 1804 2681 6
1848 2629 1906 2682 δὲ

340 2725 591 2794 γαμϐρῦς
614 2724 777 2776 αὑτοῦ
818 2724 1010 2777 Ῥαοὺλ
1045 2722 1318 2789 Γεώργιος
1368 2722 1578 2792 ἀπέλθῃ
1633 2723 1767 2790 πρὸς
1815 2721 1906 2774 τὸν

341 2821 590 2879 πέππαν,
625 2813 709 2869 ἵνα
744 2820 772 2870 6
797 2818 897 2885 μὲν
927 2818 1019 2868 καὶ
1048 2815 1222 2868 ταῦτα
1252 2816 1345 2868 καὶ
1367 2819 1464 2885 τὴν
1496 2818 1575 2878 εἰς
1610 2816 1907 2886 Κέρκυραν

339 2909 432 2962 τσιῦ
461 2910 720 2961 δεσπότου
755 2908 1044 2977 ἐπιδημίαν
1077 2906 1293 2979 δηλώσῃ
1329 2907 1405 2975 τῷ
1431 2908 1651 2978 πάππα,
1676 2911 1703 2961 6
1737 2909 1794 2961 δὲ
1822 2907 1908 2978 ἴδῃ

341 3003 436 3056 καὶ
465 3003 608 3073 μάθῃ
646 3002 731 3064 τίς
762 3002 789 3052 6
817 3001 914 3054 τοῦ
947 3002 1137 3070 ἀμηρᾶ
1173 3000 1391 3062 σκοπός.
1421 3001 1484 3054 Οἳ
1517 3002 1608 3053 καὶ
1643 2999 1905 3073 ἀπῆλθον,

338 3094 367 3146 6
399 3093 497 3163 μὲν
523 3070 733 3162 1711,7636
754 3091 810 3144 δὲ
838 3094 902 3161 τῇ
933 3097 1004 3144 ια’
1037 3091 1367 3159 Αὐγούστου.
1386 3091 1687 3145 Θανατικοῦ
1717 3070 1763 3146 δ’
1788 3093 1908 3144 ἐπι-

339 3181 631 3250 γενομένου
664 3179 758 3234 καὶ
790 3183 868 3243 είς
891 3179 988 3249 τὴν
1017 3180 1308 3250 Κέρκυραν
1369 3179 1522 3233 πόλιν
1564 3181 1594 3233 6
1639 3175 1907 3249 δεσπότης

2014 2010 2158 2064 κτου.
2195 1993 2271 2064 τῷ
2305 1995 2621 2066 Ὀκτωδρίῳ
2669 1996 2764 2056 τοῦ
2816 1997 3005 2068 ,ggge'
3051 1999 3228 2064 ἐτρυς,
3261 1998 3355 2048 καὶ
3411 2000 3477 2066 τῇ
3516 2001 3589 2059 ις’

2012 2087 2316 2158 Νοεμϐρίου
2355 2091 2531 2159 tuas;
2589 2091 2645 2142 ἕν
2696 2108 2803 2143 τινι
2862 2091 2969 2144 τῶν
3042 2090 3591 2160 Κερκυραίων
3685 2163 3690 2168 η

2013 2179 2214 2234 πλοίων
2240 2183 2268 2234 6
2305 2181 2570 2251 δεσπότης
2601 2183 2706 2250 κὺρ
2733 2181 2931 2248 Θωμᾶς
2965 2185 3102 2249 μετά
3165 2182 3272 2233 τῶν
3328 2173 3588 2232 πλέιόνων

2013 2271 2290 2339 ἀρχόντων
2315 2271 2481 2326 αὑτοῦ
2503 2272 2656 2340 διέϐη
2691 2266 2771 2334 εἰς
2799 2273 2890 2324 τὸν
2923 2270 3200 2339 Ἀγκῶνα,
3255 2271 3343 2324 ἵνα
3383 2270 3590 2324 ἐκεῖθεν

2013 2363 2148 2432 πρός
2179 2379 2236 2416 τε
2283 2365 2373 2417 τὸν
2400 2363 2632 2416 πάππαν
2664 2364 2755 2416 καὶ
2798 2364 2890 2415 τὸν
2927 2361 3092 2415 δοῦλα
3127 2360 3467 2414 Μεδιολάνων
3496 2361 3589 2413 καὶ

2013 2456 2243 2526 ἀλλαχοῦ
2276 2445 2506 2526 ἀπέλθῃ,
2551 2457 2631 2519 είς
2657 2455 2950 2525 Κέρκυραν
2992 2453 3325 2522 καταλείψας
3381 2455 3479 2522 τήν
3529 2470 3588 2504 τε

2015 2548 2332 2616 βασίλισσαν
2357 2550 2450 2601 καὶ
2471 2549 2540 2600 τὰ
2571 2547 2755 2600 παιδία
2784 2545 2948 2600 αὑτοῦ
2988 2545 3080 2598 καί
3131 2561 3285 2606 τινας
3337 2545 3446 2595 τῶν
3498 2544 3597 2613 ἀρ*

2015 2639 2218 2706 χόνιων
2271 2637 2437 2692 αὑτοῦ
2491 2639 2799 2699 οίκειακοὺς
2856 2639 2952 2691 καὶ
3008 2637 3224 2698 οἰκέτας
3273 2636 3380 2688 τῶν
3436 2634 3590 2702 αὐτῷ

2013 2729 2323 2800 ἑπομένων.
2357 2731 2430 2784 Οὔ
2462 2731 2526 2800 δὴ
2551 2733 2694 2800 κάμὲ
2737 2729 2909 2784 πολλά
2947 2728 3331 2798 διορισαμένου
3365 2729 3460 2781 καὶ
3484 2727 3586 2795 ζη-

1960 2874 1968 2880 _
2013 2821 2278 2889 τήσαντος
2308 2822 2393 2874 ἵνα
2430 2822 2462 2894 ἢ
2496 2823 2592 2875 σὺν
2651 2821 2800 2891 αὐτῷ
2863 2821 3140 2890 ἀπέλθωῆ
3205 2823 3265 2872 ὲν
3317 2819 3580 2892 Κέριίὑρᾳ

2017 2913 2154 2982 μετά
2184 2913 2282 2982 τῆς
2309 2912 2633 2982 βασιλίσσης
2687 2913 2878 2982 μείνω,
2939 2912 3124 2981 ἄρχων
3181 2910 3276 2963 τοῦ
3335 2914 3494 2963 όσπιτ
3521 2927 3584 2962 ου

2013 3002 2182 3072 αὐτῆς
2206 3018 2220 3032 θ
2247 3002 2356 3069 ἐγὼ
2378 3003 2435 3055 δὲ
2459 3003 2547 3056 διά
2574 3020 2633 3056 τε
2664 3003 2727 3055 τὸ
2759 3003 2905 3066 ἔλεος
2935 3002 3030 3055 τοῦ
3060 3001 3135 3060 ,τά
3156 3002 3334 3053 πάντα
3398 3000 3582 3063 καλῶς

2013 3093 2426 3164 οίκονομοῦντος
2451 3092 2611 3160 Θεοῦ,
2644 3095 2734 3148 διά
2758 3111 2818 3148 τε
2844 3094 2946 3164 τὴν
2977 3093 3157 3162 λύπην
3179 3088 3254 3146 ὧν
3288 3093 3582 3159 ἐγέννησα,

2013 3185 2104 3240 διά
2125 3203 2184 3239 τε
2206 3188 2306 3257 τὴν
2338 3187 2570 3251 ἀταξίαν
2589 3188 2809 3241 πάντων
2829 3189 2937 3241 τῶν
2961 3186 3054 3241 τοῦ
3071 3188 3221 3240 οἴκου
3253 3187 3430 3240 αὐτῶν
3456 3185 3585 3256 ἀνή-

341 3277 433 3327 καὶ
465 3276 624 3344 ἡμεῖς
651 3273 974 3344 ἀπήλθομεν
1002 3275 1059 3326 ὲν
1093 3275 1207 3336 τοῖς
1271 3269 1643 3344 περιχωρίοις,
1694 3273 1910 3345 ἐκδεχό-
1933 3261 1978 3323 C
2012 3294 2137 3342 κοος
2157 3279 2426 3349 ἐγενόμην
2458 3281 2538 3342 είς
2567 3279 2634 3333 τὰ
2670 3279 2981 3350 ἀμφότερα.
3030 3278 3168 3332 Ἀλλ’
3200 3278 3585 3347 ὲπιμείναντός

339 3455 463 3511 dam
490 3443 494 3449 ’
526 3454 865 3526 beglerbegis
898 3457 1243 3522 tenebantur,
1268 3459 1360 3528 qui
1387 3467 1439 3513 et
1463 3458 1589 3530 ipsi,
1613 3468 1758 3514 metu
1785 3475 1912 3531 per-

341 3549 502 3607 culsi,
522 3549 703 3600 omnia
726 3549 1086 3604 deseruerunt
1113 3559 1169 3604 et
1190 3550 1482 3622 Corcyram
1510 3541 1797 3614 venerunt.
1820 3553 1913 3608 Ille

339 3637 556 3690 Patrum
585 3653 756 3707 usque
776 3641 1066 3708 processit,
1087 3640 1272 3708 ibique
1305 3641 1731 3711 mansit.Captis
1749 3641 1912 3696 Cala-

342 3731 530 3797 brytis.
558 3731 677 3799 ejus
709 3732 858 3786 urbis
894 3731 1233 3800 prazl'ectum,
1263 3732 1355 3800 qui
1383 3747 1482 3787 nec
1507 3732 1768 3802 despotis,
1811 3749 1913 3790 nec

339 3837 368 3876 a
395 3838 556 3889 uerae,
597 3837 695 3876 nec
740 3837 867 3878 vero
887 3823 1017 3887 Deo,
1043 3825 1264 3892 Opinor,
1295 3825 1453 3879 iidem
1484 3833 1752 3886 servarat.
1781 3840 1910 3894 sup-

339 3915 501 3983 plicio
539 3915 861 3984 dignissimo
896 3916 1127 3984 punivit.
1155 3915 1367 3986 Quippe
1393 3917 1587 3986 pellem
1613 3918 1662 3972 ei
1696 3918 1910 3972 detrahi

331 4009 519 4078 jussit,
552 4019 606 4062 et
631 4008 777 4063 cives
823 4007 1204 4078 autjugulavit
1243 4018 1338 4063 aut
1379 4010 1626 4079 captivos
1658 4010 1908 4066 abduxit.

339 4100 484 4158 Urbe
502 4103 640 4158 bene
660 4103 870 4157 munita
887 4112 940 4157 et
959 4103 1135 4157 ubivis
1155 4103 1365 4156 relictis
1386 4102 1677 4172 praesidiis,
1697 4118 1909 4159 ameras

335 4193 496 4249 Patra
535 4195 707 4248 movit
738 4203 794 4248 et
833 4192 1229 4257 Salmenlcum,
1281 4193 1604 4248 Listraenam
1633 4204 1686 4248 et
1727 4194 1909 4249 Bosti-

336 4297 475 4338 Izam
509 4285 748 4355 transiit,
777 4300 841 4340 ac
870 4285 1108 4340 Bostitza
1141 4292 1197 4337 et
1217 4283 1480 4340 Llstraena
1508 4285 1728 4355 quidem
1765 4287 1907 4355 poti-

341 4392 423 4430 με
446 4389 549 4432 est.
580 4379 672 4432 sed
696 4377 1062 4432 Salinrnicum
1084 4375 1420 4448 Palmologus
1440 4379 1685 4447 quidam,
1702 4393 1910 4448 cogno-

335 4479 518 4523 mento
535 4469 803 4532 Graitzas,
840 4470 1180 4539 aliquamdiu
1221 4469 1479 4525 servavit.

2013 3466 2168 3528 spota
2193 3467 2248 3514 et
2276 3458 2468 3528 reliqui
2508 3458 2563 3512 in
2596 3457 2716 3512 loca
2750 3457 2931 3512 vicina
2987 3457 3388 3520 concessimus,
3437 3453 3586 3524 lcga-

2016 3558 2193 3604 torum
2222 3558 2603 3619 exspectantes
2639 3550 2870 3602 reditum
2897 3545 3353 3616 etquid‘allaturi
3395 3554 3584 3600 essent

2013 3641 2212 3694 nuntii.
2241 3642 2318 3695 Ac
2347 3639 2586 3695 Joannes
2614 3639 2775 3695 Rules
2795 3641 3040 3710 quidem,
3089 3649 3239 3693 trans
3275 3639 3584 3705 Angelora-

2016 3740 2194 3787 strum
2230 3730 2531 3802 profectus,
2569 3731 2661 3786 ubi
2687 3745 2855 3800 prope
2873 3730 3190 3784 Bcrrliaaam
3248 3730 3314 3783 ad
3340 3745 3586 3782 attici-aut

2016 3823 2184 3885 venit,
2213 3823 2395 3878 statim
2425 3814 2583 3892 j'ussu
2627 3822 2748 3890 ejus
2788 3838 2912 3878 cum
2970 3823 3227 3876 omnibus
3284 3823 3593 3876 comitibus-

2011 3915 2231 3970 vinctus
2251 3923 2307 3969 et
2347 3913 2707 3984 compedibus
2736 3913 2934 3969 ferreis
2983 3915 3237 3968 astrictus
3280 3923 3387 3967 est.
3442 3915 3595 3967 Cum-

2013 4008 2088 4062 ita
2134 4007 2301 4061 vincti
2369 4006 2772 4077 processissent
2827 4004 2945 4061 dies
2991 4005 3220 4074 aliquot,
3279 4007 3345 4058 ad
3411 4008 3596 4060 colles.

2013 4098 2215 4153 montis
2248 4097 2388 4167 nigri
2420 4111 2516 4151 eos
2546 4095 2822 4159 liberavit,
2859 4105 2914 4148 et
2937 4103 3291 4163 exspectasse
3325 4108 3383 4147 se
3407 4093 3572 4156 dixit,

2013 4202 2091 4255 ut,
2133 4206 2260 4246 cum
2312 4198 2457 4245 esset
2515 4203 2681 4258 prope
2717 4187 3179 4256 Peloponnesum,
3235 4195 3329 4240 aut
3367 4188 3580 4238 veniret
3628 4235 3632 4240 .

2010 4285 2126 4354 ipse
2154 4282 2404 4352 despota,
2433 4288 2528 4334 aut
2563 4280 2733 4334 lilium
2761 4293 2886 4334 cum
2922 4278 3245 4348 proceribus
3309 4278 3583 4340 mitteret,

2009 4389 2073 4427 ac
2109 4387 2168 4428 se
2196 4371 2272 4426 illi
2304 4372 2720 4427 benefacturum
2741 4369 3034 4440 sedemque
3085 4368 3358 4431 stabilem,
3394 4367 3447 4420 iu
3473 4381 3588 4436 qua

2013 4465 2238 4525 viveret,
2277 4464 2609 4516 donaturum
2636 4461 2827 4516 fuisse.
2867 4461 3109 4528 Quorum
3144 4477 3267 4515 cum
3323 4470 3589 4512 neutrum-

410 4562 641 4628 Despota
696 4561 859 4630 igitur
919 4576 1045 4616 cum
1082 4550 1194 4615 tota
1225 4563 1430 4617 familia
1455 4561 1751 4634 Corcyram
1785 4577 1907 4632 pro-
1932 4585 1986 4645 D
2013 4557 2214 4612 factum
2239 4556 2332 4621 sit,
2367 4558 2564 4625 inquit,
2617 4556 2834 4621 iterum,
2901 4567 2958 4609 ut
2992 4557 3104 4619 iiut,
3171 4553 3487 4615 suademus,
3524 4557 3587 4604 et.

337 4653 499 4719 fecto,
535 4655 730 4708 litterae
763 4655 810 4708 ei
845 4669 874 4708 a
907 4668 1265 4724 procuratore
1294 4657 1668 4727 Angelocastri
1727 4659 1907 4713 allatae

335 4754 485 4804 sunt,
512 4746 714 4814 quibus
767 4745 1032 4813 scriptum
1066 4755 1204 4804 erat.
1253 4763 1494 4802 ameram
1530 4750 1846 4817 quempiam
1877 4763 1909 4802 e

337 4838 655 4906 proceribus
690 4839 929 4906 despotie
957 4838 1022 4891 ad
1050 4853 1110 4892 se
1147 4839 1283 4891 mitti
1307 4854 1529 4909 cupere,
1561 4849 1622 4894 ut
1651 4840 1899 4894 amicitia

336 4945 389 4983 et
423 4931 716 4983 coucordiu
746 4931 890 4984 iuta-r
919 4932 1066 5000 ipsos
1087 4932 1500 4989 conciliaretur.
1535 4943 1590 4988 et
1625 4934 1781 4988 |0cus
1804 4933 1906 4986 ali-

339 5023 465 5090 quis
529 5022 769 5090 despotee
789 5038 910 5075 cum
963 5021 1378 5076 conditionibus
1432 5023 1814 5092 quibusdama
1846 5038 1905 5078 se

335 5119 580 5179 daretur,
606 5119 658 5170 in
691 5133 800 5187 quo
825 5118 870 5170 is
900 5118 1062 5171 vitam
1094 5126 1298 5187 ageret.
1327 5115 1403 5170 Re
1441 5131 1564 5180 cum
1592 5117 1709 5171 suis
1769 5117 1904 5170 deli-

339 5208 548 5273 berata,
583 5209 809 5277 despota
837 5223 869 5262 e
901 5225 958 5262 re
987 5208 1106 5264 fore
1127 5206 1486 5272 existimavit,
1544 5217 1602 5262 ut
1625 5207 1897 5278 Georgius

336 5299 498 5352 liales
524 5298 588 5351 ad
627 5313 890 5363 ameram,
921 5297 1188 5365 Georgius
1219 5296 1427 5351 Raulus
1473 5307 1684 5359 autem,
1735 5310 1904 5364 gener

335 5392 476 5458 ejus,
509 5391 572 5444 ad
604 5406 792 5459 papam
823 5389 1292 5459 proficisceretur.
1346 5398 1406 5443 ut
1427 5389 1562 5442 alter
1588 5388 1691 5442 hoc
1716 5388 1897 5456 ipsutn

335 5492 386 5535 ct
412 5483 652 5551 dcspota:
682 5485 733 5536 in
773 5483 1013 5552 Corcyra
1053 5481 1539 5536 commorationem
1573 5493 1723 5548 papa:
1762 5494 1902 5532 nun-

224 5622 236 5638 κ
337 5576 516 5638 ιὶιιιιμι,
554 5575 918 5630 altervideret
959 5583 1013 5628 et
1069 5573 1404 5642 exploraret,
1459 5587 1569 5641 quo
1621 5564 1900 5639 spectaret.

334 5669 626 5724 consilium
683 5683 898 5720 amerze.
929 5664 1115 5735 Itaque
1169 5665 1246 5720 illi
1300 5665 1692 5727 discesserunt,
1755 5663 1900 5717 alter

335 5775 500 5824 nono,
560 5760 699 5813 alter
754 5759 1048 5812 undecimo
1105 5757 1194 5812 die
1253 5758 1504 5827 Augusti.
1559 5755 1679 5808 Mox
1715 5768 1894 5810 autem

335 5871 500 5923 quum
537 5853 706 5924 pestis
737 5853 901 5908 ctiam
933 5851 1226 5922 Corcyram
1255 5852 1442 5906 urbem
1463 5851 1775 5916 invasisset,
1798 5845 1894 5905 αε-

2012 4661 2136 4722 post
2164 4651 2399 4706 reditum
2426 4659 2576 4704 tuum
2604 4657 2701 4704 aut
2731 4647 2910 4702 veniat
2937 4649 3188 4714 dcspota,
3221 4652 3316 4697 aut
3345 4657 3512 4695 unum
3545 4658 3594 4694 e-

2011 4743 2136 4798 ﬁliis
2157 4743 2354 4808 mittat,
2385 4741 2480 4796 cui
2507 4739 2930 4796 benel'aciamus.
2982 4737 3175 4806 Itaque
3206 4751 3328 4790 cum
3373 4731 3594 4785 Raulus-

2007 4852 2066 4892 rc
2092 4837 2290 4892 inlecta
2320 4836 2554 4890 redisset
2573 4845 2763 4888 mense
2816 4831 3038 4886 Octobri
3063 4831 3191 4883 armi
3223 4829 3384 4888 6969.
3429 4826 3594 4879 Tuo--

2013 4944 2132 4983 mas
2155 4929 2403 4996 despota,
2444 4926 2534 4979 die
2577 4925 2643 4979 16
2674 4923 2996 4980 Novembris
3027 4922 3439 4990 Corcyrieorum
3477 4932 3574 4970 na-

2006 5021 2594 5091 vemin’gressus,cum
2633 5017 2954 5088 proceribus
2983 5015 3096 5070 suis
3144 5015 3422 5083 plerisque
3465 5013 3576 5064 Ait-

2005 5131 2200 5181 cunam
2234 5112 2635 5182 trajecit,._inde
2675 5111 2742 5165 ad
2777 5124 2972 5179 papam
3005 5117 3058 5162 et
3080 5104 3568 5161 Mediolnnettsium

2004 5209 2197 5264 ducem
2228 5218 2283 5263 et
2318 5208 2428 5261 alio
2463 5205 2833 5276 profecturus,
2865 5205 2918 5257 in
2967 5202 3205 5271 Corcyra
3253 5197 3459 5251 relictis
3485 5209 3593 5246 τρι--

2001 5301 2130 5369 gina
2163 5308 2214 5353 et
2247 5300 2370 5353 ﬁliis
2395 5298 2746 5353 etuounullis
2815 5309 3132 5366 procerum,
3178 5291 3270 5360 qui
3330 5302 3454 5341 eum
3485 5299 3572 5338 se-

2002 5393 2338 5461 quebantur,
2392 5390 2760 5444 familiaribus
2806 5399 2861 5442 et
2893 5384 3232 5441 domesticis.
3281 5379 3569 5447 Equidem,

2005 5484 2235 5538 multum
2258 5483 2325 5537 ab
2350 5497 2416 5536 eo
2449 5482 2717 5536 invitatus
2751 5490 2805 5536 et
2831 5491 3074 5550 rogatus,
3103 5485 3161 5529 ut
3199 5481 3294 5525 aut
3326 5469 3563 5523 roiuila-

2005 5590 2092 5629 rer
2125 5585 2324 5640 se,aut
2355 5573 2610 5644 Corcyrae
2660 5589 2934 5626 manerem
2989 5571 3040 5623 iu
3090 5565 3298 5620 aedibus
3341 5559 3558 5627 reginis.

2006 5681 2100 5736 per
2134 5665 2567 5720 miscricordiam
2599 5665 2690 5717 Dei
2724 5673 2920 5716 cuncta
2956 5662 3088 5712 bene
3117 5651 3454 5708 moderantis
3513 5656 3566 5698 «τι

2002 5764 2221 5824 propter
2253 5756 2459 5810 luctum
2493 5769 2680 5808 eorum
2714 5769 2850 5818 (Iutis
2907 5755 3344 5818 proel't'awrﬂlﬂp
3402 5746 3454 5789 (τι
3483 5752 3566 5788 “3'

2006 5865 2123 5902 rum
2157 5849 2396 5904 omnium
2422 5847 2473 5901 in
2503 5847 2648 5900 illius
2681 5848 2840 5899 domo
2895 5836 3378 5903 perturbationem,
3432 5841 3570 5882 neu.
