4022 6294
298 293 446 361 1001

1366 293 1802 359 CHRONICON
1843 289 2109 353 MAJUS.
2139 313 2206 324 -’
2234 289 2377 349 LIB.
2418 288 2520 347 ιν.

3406 283 3540 347 1002

292 409 477 463 αὐτοῦ
509 406 601 461 καὶ
632 405 958 473 φυγέτωσαν
1005 404 1111 458 ἀπὸ
1157 403 1451 474 προσώπου
1487 404 1653 457 αὐτοῦ
1704 403 1753 454 οἱ
1790 419 1878 470 μι-
1911 407 1950 459 Α
1984 416 2081 462 ρας
2108 398 2273 469 429
2305 396 2472 450 αὑτοῦ
2508 394 2760 451 ἐκέλευσε
2790 395 3008 462 δοθῆναι
3039 394 3188 464 αὖτῷ
3223 395 3391 448 ἵππον
3424 400 3546 448 τινὰ

296 501 531 562 σοῦντες
569 498 751 551 αὐτόν.
794 516 811 547 ι
849 497 957 548 Kal.
982 495 1174 548 τούτου
1209 493 1507 564 γενομένου
1539 495 1610 555 ὡς
1643 492 1873 562 ⁴ἰγκοιῖισα-

296 609 412 662 μεν
441 591 591 660 παρά
616 607 801 653 τινων,
833 589 914 640 ὅτι
946 588 1039 640 καὶ
1068 588 1095 639 6
1123 586 1390 655 δεσπότης
1421 585 1716 653 ἀπέπεμψε
1743 584 1876 651 πρὸς

291 684 399 736 τὸν
425 682 647 749 ἁμηρᾶν
679 681 781 748 τὴν
1004 676 1286 746 πρόσοδον,
1321 675 1396 744 μὴ
1428 674 1598 727 θέλων
1630 673 1711 724 ἔτι
1736 673 1878 741 ἔχειν

289 775 366 826 τὸ
402 772 565 842 βάρος
595 771 623 823 6
652 767 798 839 εἶχεν
830 772 910 830 εἰς
952 769 1015 821 τὸ
1046 766 1432 837 στρατόπεδον,
1467 763 1640 818 εἰπὼν
1665 762 1838 823 οὕτως
1861 775 1875 791 ⁸

301 886 325 917 ι
386 864 526 933 Ἐγώ
572 865 688 934 εἰμι
719 860 897 932 γέρων
947 862 1043 913 καὶ
1082 860 1333 929 ἀσθενὴς,
1384 858 1477 910 καὶ
1521 858 1549 909 6
1588 854 1880 923 ἐκπληρῶν

292 959 407 1027 τὴν
439 956 760 1025 δουλοσύνην
788 954 1026 1007 ἀπέθανε
1052 968 1067 983 ⁸
1110 952 1297 1004 λοιπὸν
1329 953 1361 1019 ἡ
1414 949 1585 1017 πολλὴ
1617 947 1879 1017 πρόσοδος

293 1049 518 1118 δοθήτω
549 1049 684 1100 ὅπου
721 1046 767 1098 δ’
797 1045 863 1099 ἂν
891 1043 1173 1114 κελεύσῃς,
1204 1042 1331 1109 ἐμοὶ
1373 1041 1430 1093 δὲ
1467 1039 1675 1107 δοθήτω
1719 1037 1880 1106 μόνον

292 1142 368 1194 τὸ
399 1139 603 1211 ἀρκοῦν
630 1138 766 1207 πρὸς
804 1136 867 1189 τὸ
896 1136 994 1204 ζῇν
1037 1151 1102 1202 με
1128 1133 1441 1202 καθήμενον
1479 1127 1715 1182 ἐνταῦθα
1742 1126 1883 1194 μετά

294 1247 469 1285 τινων
502 1230 719 1298 ὀλίγων.
761 1247 780 1279 ι
825 1229 884 1280 Ὀ
916 1223 1009 1279 οὖν
1042 1227 1263 1295 ἀμηρᾶς
1299 1222 1671 1291 ἀπεκρίνατο’
1712 1238 1729 1270 ι
1772 1219 1884 1270 Κα-

296 1320 419 1384 λῶς
454 1320 607 1390 ἔχει’
637 1318 1024 1389 διαχωρισάτω
1053 1318 1080 1368 6
1110 1317 1380 1383 δεσπότης
1419 1310 1514 1373 οῦς
1546 1310 1819 1379 βούλεται,
1858 1325 1876 1358 ι

300 1416 404 1469 καὶ
431 1415 673 1484 χωρίσας
712 1414 912 1465 δέδωκε
943 1410 1081 1478 πρὸς
1112 1408 1273 1461 αὐτὸν
1312 1406 1503 1474 ἀσπρα
1542 1402 1882 1468 πεντήκοντα

300 1507 574 1577 χιλιάδας,
628 1505 715 1558 ἵνα
746 1504 846 1574 ἔχῃ
878 1504 944 1554 ἐκ
996 1500 1090 1553 τοῦ
1141 1497 1438 1568 κομερκίου
1465 1494 1558 1547 τοῦ
1607 1491 1878 1560 ἀλεύρου·

295 1598 435 1660 τοὺς
473 1597 530 1649 δὲ
561 1596 815 1656 πλείονας
850 1592 959 1645 τῶν
994 1590 1321 1659 ὑποχειρίων
1360 1584 1526 1638 αὐτοῦ
1562 1584 1884 1654 περιορίσας

298 1692 521 1757 ἀπῆρεν
560 1688 646 1739 ἵνα
676 1685 1045 1755 εὑρίσκωνται
1074 1684 1132 1733 ὲν
1164 1681 1230 1750 τῇ
1281 1676 1880 1732 Κωνσταντινουπόλει.

304 1781 500 1833 Ἀλλοι
547 1779 604 1830 δὲ
651 1772 807 1829 εἷπον
838 1775 1012 1836 ἄλλως
1052 1773 1300 1842 γέγονεν,
1341 1770 1423 1822 ὅτι
1455 1770 1482 1821 6
1534 1767 1644 1821 τῶν
1695 1765 1909 1840 κακῶν⁴

300 1874 565 1926 ἁπάντων
596 1869 903 1938 ὲφευρετὴς
949 1864 1231 1923 Ματθαῖος
1266 1864 1294 1914 6
1329 1860 1567 1928 ’Ᾱσὰνης
1601 1858 1742 1929 μετὰ
1773 1856 1882 1909 τῶν

294 1963 540 2035 ἐχόντων
589 1963 692 2030 τὴν
740 1960 839 2025 τῆς
891 1957 1055 2010 Αἴνου
1103 1954 1297 2022 ἀλικὴν
1334 1950 1539 2019 κλέψας
1578 1949 1704 2003 τινὰ
1747 1946 1883 2017 χρή·

305 2072 456 2124 ματα
510 2055 586 2122 μὴ
616 2051 816 2113 εἰδότος
850 2049 944 2102 τοῦ
972 2047 1265 2111 δεσπότου,
1306 2043 1402 2096 καὶ
1435 2041 1596 2094 τοῦτο
1636 2040 1823 2110 μαθὼν
1852 2039 1879 2088 6

298 2145 527 2213 ἀμηρᾶς
554 2140 824 2211 ἐϐουλήθη
855 2137 1051 2191 πιάσαι
1080 2136 1173 2188 τὸν
1204 2133 1493 2203 εἰρημένον
1526 2130 1761 2199 Ἀσάνην
1786 2129 1881 2181 καὶ

303 2235 740 2289 ἀνασκολοπίσαι
785 2230 971 2296 αὐτὸν,
1013 2232 1041 2283 6
1081 2229 1139 2282 δὲ
1166 2226 1399 2293 Ἀσάνης
1452 2224 1513 2275 ἐκ
1558 2220 1655 2274 τοῦ
1686 2220 1878 2290 φόϐου,

303 2325 439 2378 ἔνθα
476 2320 567 2393 ἦν,
623 2321 924 2390 ἀπέψυξεν.
980 2319 1038 2371 '0
1070 2318 1124 2370 δὲ
1163 2315 1386 2385 ἀμηρᾶς
1435 2310 1759 2364 ὑποπτεύων
1802 2310 1878 2380 μή

303 2432 394 2468 τοι
430 2416 525 2467 καὶ
554 2416 580 2465 6
613 2413 880 2480 δεσπότης
914 2411 970 2461 ὲν
998 2411 1067 2477 τῇ
1117 2404 1343 2476 τοιαύτῃ
1373 2402 1653 2473 συμϐουλῇ
1683 2396 1752 2470 ἦν
1787 2406 1882 2452 καὶ

305 2506 681 2577 δραπετεύση,
723 2500 990 2571 ἐξώρισεν
1034 2500 1091 2549 ὲν
1115 2496 1193 2567 τῷ
1221 2494 1585 2564 Διδυμοτείχῳ
1630 2492 1725 2546 καὶ⁵
1746 2487 1882 2563 ἦρεν

305 2596 473 2648 αὐτοῦ
511 2597 619 2647 πᾶν
670 2592 1004 2662 σιτηρέσιον,
1055 2590 1150 2641 καὶ
1191 2587 1332 2640 οὕτω
1378 2585 1567 2649 κακῶς
1624 2585 1877 2641 διέκειτο.

304 2689 425 2757 Μιᾷ
459 2682 554 2739 οὖν
583 2686 691 2739 τῶν
721 2683 946 2753 ἡμερῶν
986 2682 1284 2751 ἐρχομένου
1313 2678 1406 2731 τοῦ
1437 2678 1629 2748 ἁμηρᾶ
1656 2678 1764 2730 ἀπὸ
1788 2677 1880 2731 τοῦ

302 2779 574 2846 κυνηγίου
629 2776 726 2830 καὶ
759 2774 1047 2843 μέλλοντος
1092 2771 1322 2823 διελθεῖν
1360 2767 1480 2821 ὅθεν
1513 2769 1541 2819 6
1589 2769 1878 2838 εἰρημένος

299 2870 573 2937 δεσπότης
613 2863 704 2937 ἦν,
757 2862 982 2933 ἒξῆλθεν
1034 2864 1062 2915 6
1095 2862 1361 2930 δεσπότης
1406 2859 1746 2928 πεζηπορῶν
1785 2860 1880 2911 καὶ

302 2957 653 3025 συναντήσας
692 2950 1077 3021 προσεκύνησε
1103 2949 1195 3002 τὸν
1229 2950 1454 3019 ἀμηρᾶν
1484 2949 1576 3001 τὸν
1605 2949 1699 3000 καὶ
1731 2964 1878 3017 γαμ-

1980 492 2041 541 ἑκ
2072 491 2180 541 τῶν
2221 489 2577 543 αῦθεντικῶν.
2610 489 2720 541 Καὶ
2769 486 2976 548 ἀναϐὰς
3003 483 3136 557 ἦλθε
3167 490 3263 539 σῦν
3308 488 3456 553 αὐτῷ
3492 490 3547 539 ἐν

1979 583 2047 648 τῇ
2078 580 2567 649 Ἀνδριανουπόλει,
2597 580 2690 632 καὶ
2710 582 2788 641 εἰς
2808 580 3117 648 σιτηρέσιον
3138 580 3367 632 δέδωκεν
3391 580 3541 646 αὐτῷ

1981 670 2166 737 ἄοπρα
2196 668 2440 738 χιλιάδας
2478 670 2821 738 πεντήκοντα
2864 673 2925 721 ἐκ
2961 670 3054 721 τοῦ
3105 669 3402 737 κομερκίου
3453 670 3547 721 τοῦ

1982 761 2231 831 ἀλεύρου.
2271 764 2381 816 Καὶ
2412 763 2568 817 τοῦτο
2600 764 2986 832 ἀληθέστερον.

2052 853 2158 905 Τοῦ
2175 853 2221 906 δ’
2242 854 2407 907 αὑτοῦ
2426 856 2616 925 χρόνου
2641 854 2717 922 τῷ
2749 855 2897 924 θέρει
2921 854 3163 922 ἐγεγόνει
3188 857 3424 924 τοσαύτη
3445 855 3555 905 λοι-

1988 946 2169 1015 μὼδης
2192 949 2344 1009 νόσος
2369 947 2424 998 ἕν
2440 964 2500 999 τε
2520 951 2582 1016 τῇ
2612 949 3022 1000 Κωνσττιντινου
3033 948 3553 1014 πόλει,“Λνδριανου-

1985 1038 2253 1091 πόλεικαὶ
2275 1039 2670 1091 Καλλιουπὸλει
2701 1040 2795 1092 καὶ
2824 1043 2943 1101 ταῖς
2978 1040 3139 1108 πέριξ
3168 1040 3345 1093 αὐτῶν
3368 1041 3556 1092 πόλεσι

1986 1131 2082 1182 καὶ
2105 1130 2337 1199 κώμαις,
2366 1132 2557 1185 ἀστεσί
2581 1148 2638 1181 τε
2662 1132 2753 1183 καὶ
2786 1131 3015 1199 χώραις,
3041 1131 3126 1183 οἵα
3151 1132 3211 1182 ού
3238 1132 3460 1198 γέγονεν
3499 1133 3557 1183 ὲν

1984 1224 2094 1283 τοῖς
2144 1222 2480 1290 παρελθοῦσι
2516 1224 2729 1292 χρόνοις
2784 1226 2846 1274 ἐκ
2900 1222 3101 1274 ππλλοῦ
3149 1223 3364 1292 καιροῦ,
3415 1222 3557 1275 ὥστε

1985 1313 2338 1381 τεθνήκασιν,
2383 1313 2457 1373 ὥς
2485 1330 2637 1381 φασι,
2691 1314 2951 1383 μυριάδες
2996 1313 3187 1366 πολλαὶ
3228 1313 3557 1382 ἀνθρώπων,

1986 1403 2045 1455 οὐ
2081 1403 2345 1481 χιλιάδες.
2374 1402 2465 1456 Ἐν
2495 1399 2573 1464 οἷς
2604 1406 2659 1457 δὲ
2694 1405 2787 1457 καὶ
2816 1407 2847 1471 ἠ
2876 1404 2971 1456 τοῦ
3015 1405 3274 1457 δεσπότου
3304 1404 3554 1475 θυγάτηρ

1985 1496 2017 1563 ἠ
2055 1495 2169 1564 ἀμή
2182 1512 2342 1564 ρισσα
2382 1497 2642 1548 ἀπέθανε.

2057 1584 2165 1637 Τοῦ
2219 1587 2275 1639 δὲ
2323 1589 2512 1657 ,ςᾌοᾴ
2573 1588 2726 1651 ἔτους
2777 1588 3071 1659 Νοεμϐρίῳ
3126 1592 3257 1657 μηνὶ
3312 1586 3557 1654 ἀπῆλθον

1986 1679 2144 1745 κάγὼ
2171 1680 2249 1742 είς
2280 1680 2379 1748 τὴν
2410 1680 2571 1747 ἁγίαν
2596 1680 2831 1749 Μαύροιν
2863 1681 3228 1750 παρακινήσει
3271 1680 3368 1750 τῆς
3401 1680 3558 1749 βασι-

1990 1770 2183 1838 λίσσης
2235 1770 2431 1840 κυρίας
2469 1772 2692 1841 Ἑλένης
2731 1773 2827 1824 καὶ
2860 1772 3125 1839 πενθεροῦ
3160 1770 3253 1824 τοῦ
3293 1771 3555 1824 αὑθέντου

1985 1860 2079 1911 τοῦ
2117 1862 2282 1912 τόπου
2333 1862 2549 1913 ἐκείνου
2597 1865 2701 1930 κὺρ
2732 1862 3057 1928 Λεονάρδου,
3091 1861 3177 1912 ἵνα
3214 1862 3309 1910 καὶ
3351 1860 3443 1911 τὸν
3473 1860 3556 1911 τό·

1986 1969 2087 2004 πον
2132 1953 2310 2004 ἐκεῖσε
2345 1953 2741 2019 ὰναθεωρήσω,
2776 1954 2869 2005 καὶ
2901 1954 2975 2014 ὡς
3018 1951 3180 2019 δῆθεν
3210 1952 3432 2020 ἀνεψιοῦ
3460 1951 3553 2001 τοῦ

1987 2045 2291 2113 μακαρίτου
2310 2042 2403 2096 τοῦ
2434 2044 2693 2096 αύθέντου
2718 2062 2821 2115 μου
2861 2044 2955 2096 τοῦ
2985 2044 3249 2113 βασιλέως
3272 2046 3377 2112 κῦρ
3403 2045 3557 2095 Κων-

1985 2135 2266 2185 σταντίνου
2293 2136 2387 2187 καὶ
2419 2136 2558 2205 ὑπὲρ
2590 2135 2683 2187 τοῦ
2719 2137 2922 2205 πατρὸς
2949 2136 3114 2189 αὐτοῦ
3150 2136 3415 2197 παθόντος
3451 2152 3552 2202 μου

1984 2223 2187 2291 ζημίαν
2220 2226 2510 2295 μεγίστην,
2539 2227 2614 2288 ὡς
2650 2227 3039 2295 ὲπροεδήλωσα
3089 2228 3146 2278 ὲν
3176 2225 3253 2295 τῷ
3291 2225 3373 2295 λη’
3420 2226 3550 2286 ἔτει,

1986 2313 2071 2365 ἵνα
2096 2314 2395 2367 ἀπολαύσω
2425 2315 2567 2378 τινὸς
2622 2317 2944 2385 εὐεργεσίας
2993 2317 3211 2384 ὲτησίου
3258 2315 3331 2377 ὡς
3374 2315 3554 2383 γέρων

1983 2404 2075 2455 καὶ
2132 2404 2366 2473 ἀσθενὴς
2420 2407 2513 2457 καὶ
2550 2407 2767 2473 πτωχὸς
2822 2407 2931 2458 ἀπὸ
2993 2407 3089 2474 τῆς
3149 2404 3550 2474 αἰχμαλωσίας.

1996 2494 2440 2564 Ἐπαναστρέψας
2469 2496 2525 2547 δὲ
2562 2500 2627 2565 τῇ
2662 2497 2743 2567 κβ¹
2784 2497 2877 2549 τοῦ
2913 2496 3101 2559 αὐτοῦ,
3139 2497 3327 2564 ἐντελῆ
3368 2498 3551 2549 πάντα

1988 2586 2111 2639 ἰδὼν
2144 2587 2235 2637 καὶ
2265 2588 2602 2651 ἀπολαύσας,
2638 2589 2768 2642 ἄνευ
2805 2589 2901 2641 τοῦ
2935 2590 3225 2660 ὑπερέχειν
3256 2591 3311 2640 ὲν
3343 2590 3418 2657 τῷ
3453 2607 3553 2658 μοι.

1987 2676 2281 2746 στραῐδιαῷ
2320 2677 2468 2742 γένει
2515 2679 2617 2748 τὴν
2656 2681 2836 2731 πᾶσαν
2870 2680 3044 2748 ἀρχὴν
3096 2680 3292 2731 αὑτοῦ⁹
3340 2679 3421 2730 δεῖ
3445 2680 3553 2746 γὰρ

1982 2771 2092 2830 τοῖς
2128 2770 2452 2839 ἀρχομένοις
2487 2770 2865 2839 ἐξομοιοῦσθαι
2896 2773 3008 2833 τοῖς
3049 2771 3297 2840 ἄρχουσι.
3339 2772 3444 2824 Καὶ
3476 2772 3553 2838 τῷ

1995 2861 2311 2932 Ἰανουαρίῳ
2360 2861 2524 2933 430
2562 2863 2695 2934 μηνί
2724 2863 2815 2916 τοῦ
2860 2864 3028 2916 αὐτοῦ
3078 2863 3231 2926 ἔτους
3268 2863 3361 2915 καὶ
3390 2866 3415 2914 6
3455 2863 3552 2930 τῆς

1995 2948 2341 3014 Ἀλϐανιτίας
2393 2954 2660 3024 αὐθέντης
2693 2954 2918 3023 ὀνόματι
2955 2953 3275 3024 Σκαντάρης
3319 2953 3550 3019 τέθνηκε

296 3048 433 3117 ϐρὸν
462 3044 652 3100 αὑτοῦ.
682 3043 831 3097 ’ἰδὼν
859 3043 915 3095 δὲ
938 3042 1134 3094 τοῦτον
1159 3042 1186 3094 6
1220 3041 1443 3109 ἁμηρᾶς
1468 3040 1877 3111 περιπατοῦντα
1904 3037 1948 3100 C
1982 3042 2199 3111 φυσικῷ
2233 3044 2471 3113 θανάτῳ,
2506 3045 2601 3098 καὶ
2631 3045 2691 3097 τὸ
2725 3046 2823 3115 μὲν
2858 3046 2948 3099 τοῦ
2984 3045 3156 3098 τόπου
3196 3048 3289 3097 καὶ
3316 3045 3412 3113 τῆς
3453 3046 3551 3096 αὐ-

294 3135 549 3207 ὲλυπήθη
587 3134 813 3204 σφόδρα,
853 3132 949 3185 καὶ
987 3130 1187 3201 μᾶλλον
1229 3129 1647 3198 σπλαγχνισθεὶς
1691 3129 1750 3181 τὸ
1771 3130 1869 3198 γῆς
1916 3198 1917 3203 η

291 3311 443 3381 ejus,
474 3311 563 3381 qui
593 3311 828 3364 oderunt
854 3324 1000 3363 eum.
1038 3326 1058 3360 ι
1088 3307 1231 3374 Mox,
1264 3317 1325 3363 ut
1348 3323 1378 3364 e
1411 3309 1737 3378 quibusdam
1775 3323 1869 3363 co-

290 3402 483 3472 gnovi,
512 3402 808 3455 Demetrius
838 3400 1083 3470 despota,
1142 3400 1384 3468 nonjam
1438 3402 1649 3455 militiae
1692 3403 1868 3456 mole-

288 3496 461 3550 sliam
482 3503 849 3557 sustenturus,
865 3508 1061 3548 amera:
1078 3494 1285 3548 reditus
1314 3495 1525 3549 remisit
1549 3495 1633 3550 his
1653 3496 1866 3551 verbis:

295 3608 313 3640 ι
340 3585 519 3642 Senex
550 3602 668 3642 sum
707 3593 761 3641 et
792 3586 1066 3651 intirmus,
1098 3595 1152 3641 et
1201 3588 1423 3650 occidit,
1472 3588 1563 3656 qui
1588 3588 1684 3641 tibi
1751 3602 1871 3642 ser--

291 3679 711 3748 viebatJtaque
748 3679 915 3732 multa
942 3678 1060 3732 haec
1119 3677 1373 3747 pecunia,
1426 3692 1535 3746 quo
1584 3680 1704 3731 loco
1765 3692 1865 3731 vo-

298 3772 491 3835 lueris,
528 3770 789 3839 pendetur
818 3786 831 3822 :
867 3770 999 3822 mibi
1031 3771 1212 3834 detur,
1244 3780 1508 3838 quantum
1536 3770 1603 3823 ad
1660 3770 1865 3823 victum

298 3862 550 3926 suﬂiciat,
584 3876 706 3914 cum
744 3861 928 3929 paucis
951 3861 1039 3915 hic
1072 3862 1313 3930 degenti.
1342 3879 1360 3911 ›
1396 3859 1694 3930 Respondit
1722 3875 1872 3915 ame-

300 3968 390 4007 ras
427 3972 439 4007 :
486 3954 658 4005 «Bene
691 3968 775 4005 res
798 3950 959 4005 habet
998 3968 1012 4006 :
1045 3960 1294 4021 segreget
1318 3951 1545 4020 despota
1594 3966 1624 4004 a
1662 3965 1721 4005 se
1743 3950 1869 4005 licet

300 4059 438 4113 quos
470 4043 545 4097 illi
610 4042 818 4112 placet;
856 4060 874 4092 ›
914 4041 1174 4111 deditque
1239 4049 1533 4111 segregato
1581 4054 1867 4109 asprorum

299 4135 690 4204 quinquaginta
724 4133 914 4197 millia,
949 4147 979 4186 e
1020 4131 1377 4201 vectigalibus
1400 4130 1781 4186 frumentariis
1813 4130 1863 4185 ei

298 4226 904 4297 pendenda,plerisque
942 4223 1209 4277 ministris
1270 4223 1392 4294 ejus
1456 4222 1611 4293 Cpoli
1666 4224 1865 4290 degere

295 4318 482 4388 jussis.
514 4318 619 4371 Alii
669 4332 782 4372 rem
830 4316 991 4370 aliter
1046 4325 1320 4370 narrant:
1382 4330 1578 4383 nempe
1620 4315 1864 4368 omnium

300 4409 565 4462 malorum
594 4415 874 4461 auctorem
923 4405 1235 4461 Mattltaeum
1287 4406 1523 4460 Asanem
1564 4420 1687 4460 cum
1742 4396 1865 4475 qui-
1901 4445 1947 4503 Β

298 4497 553 4561 busdam,
612 4497 707 4566 qui
783 4498 988 4551 salinas
1029 4496 1160 4550 ΔΕηί
1209 4503 1491 4559 tenebant,
1596 4497 1859 4565 pecunias

299 4587 559 4656 quasdam
586 4587 825 4639 furatum
856 4601 998 4647 esse,
1021 4586 1194 4640 inscio
1211 4587 1463 4656 despota.
1495 4584 1550 4639 id
1594 4588 1685 4641 ubi
1716 4602 1871 4641 com-

298 4680 532 4749 perisset
580 4692 832 4735 amcras.
893 4676 1137 4729 voluisse
1202 4690 1329 4729 eum
1387 4677 1623 4731 Asanem
1710 4679 1865 4732 illum

298 4763 758 4831 comprehendere
812 4770 865 4815 et
922 4762 1045 4828 palo
1107 4762 1478 4829 transﬁgere:
1534 4767 1676 4819 unde
1725 4777 1870 4821 metu

296 4855 606 4923 perculsum
640 4854 875 4908 Asanem
928 4852 1075 4906 illico
1113 4854 1439 4921 exspirasse.
1491 4855 1741 4910 Ameram
1779 4874 1872 4912 au-

299 4960 405 5005 tem
439 4949 799 5019 suspicatum,
830 4948 1110 5016 despotam
1140 4947 1259 5015 ejus
1293 4947 1508 5002 consilii
1543 4950 1869 5018 participem

293 5050 348 5095 et
374 5041 498 5112 fuga
529 5042 759 5095 salutem
787 5040 1139 5109 qumsiturum
1172 5052 1313 5103 esse,
1363 5053 1513 5101 eum,
1573 5038 1872 5109 Didymoti-

295 5135 458 5186 cltum
492 5133 809 5202 relegatum,
852 5131 1004 5184 omni
1037 5130 1302 5198 stipendio
1332 5129 1620 5199 spoliasse,
1685 5142 1738 5185 et
1798 5134 1870 5187 ita

298 5224 438 5277 male
470 5224 750 5277 multasse.
790 5220 1076 5287 Quondam
1114 5231 1322 5284 autem,
1379 5237 1503 5277 cum
1552 5240 1788 5289 ameras,
1842 5242 1870 5279 a

298 5316 587 5369 venatione
619 5315 855 5377 rediens,
889 5315 1224 5368 transiturus
1285 5324 1450 5379 esset,
1502 5318 1594 5370 ubi
1642 5319 1869 5387 despota

298 5406 526 5483 viveret,
562 5407 706 5469 hunc
742 5404 973 5475 pedibus
998 5405 1214 5458 obviam
1250 5408 1613 5475 processisse,
1640 5420 1694 5464 et
1720 5427 1871 5465 ame-

301 5515 437 5565 ram,
473 5514 733 5570 generum
781 5512 966 5558 suum,
992 5498 1281 5563 adorasse;
1319 5497 1473 5552 illum
1499 5515 1622 5554 cum
1676 5506 1868 5557 ambu-

306 5590 502 5645 lantem
557 5604 681 5664 eum
754 5590 982 5654 videret,
1038 5591 1391 5647 vehementer
1453 5591 1751 5660 tristatum,
1819 5606 1873 5650 et

305 5685 477 5756 magis
521 5684 687 5740 etiam
746 5680 991 5751 ejusdem
1043 5690 1379 5738 senectutem
1425 5685 1870 5743 commiseratum

632 5781 904 5840 PATROL.
947 5784 1062 5839 Ge.
1108 5775 1282 5837 CLVI

1978 3132 2193 3197 θεντίας
2221 3135 2529 3205 παρέλαϐεν
2554 3137 2586 3205 ή
2615 3135 2876 3190 αὖθεντία
2900 3136 2999 3206 τῆς
3043 3136 3308 3199 Ἐνετίας,
3344 3135 3404 3187 τὸ
3433 3136 3486 3187 δὲ
3523 3138 3551 3188 6

1971 3314 2036 3367 de
2066 3313 2221 3384 equis
2254 3313 2419 3384 regiis
2483 3328 2654 3368 unum
2699 3312 2749 3367 ei
2807 3312 3035 3382 praeberi
3080 3312 3316 3383 jussisse
3352 3329 3366 3364 :
3427 3326 3539 3378 quo

1976 3419 2327 3465 conscenso.
2381 3406 2660 3476 despotam
2723 3422 2846 3461 cum
2902 3422 3085 3461 amera
3136 3406 3546 3476 Adrianopolim

1976 3498 2200 3561 abiisse,
2245 3499 2428 3568 ibique
2468 3501 2522 3553 in
2552 3501 2756 3554 victum
2813 3501 3069 3553 habuisse
3120 3513 3151 3552 e
3196 3499 3548 3567 vectigalibus

1973 3570 2339 3641 frumentariis
2399 3603 2682 3656 asprorum
2709 3588 3103 3657 quinquaginta
3148 3587 3337 3639 millia.
3374 3588 3548 3654 Atque

1975 3676 2088 3729 haec
2118 3677 2333 3746 quidem
2376 3680 2619 3732 narratio
2677 3680 2855 3731 verior
2878 3732 2891 3745 ,
2913 3689 3018 3731 est.

2042 3767 2252 3821 [Estale
2293 3769 2534 3836 ejusdem
2558 3770 2687 3823 auni
2704 3768 2938 3836 Cpolim,
2963 3769 3403 3834 Adriannpolim,
3422 3768 3544 3822 Cal-

1973 3856 2234 3926 liopulim,
2259 3868 2313 3912 ct
2336 3859 2598 3913 ﬁnitimas
2624 3860 2782 3913 urbes
2802 3868 2855 3913 et
2888 3861 3055 3923 vicos,
3077 3860 3272 3927 Oppida
3294 3870 3346 3912 ct
3376 3861 3546 3928 regin-

1973 3964 2072 4003 ncs
2132 3949 2438 4017 pestilentia
2481 3951 2699 4015 invasit,
2743 3952 2923 4020 qualis
2948 3952 3107 4021 longo
3131 3954 3389 4019 temporis
3422 3972 3545 4020 spn-

1975 4043 2051 4095 tio
2081 4058 2187 4096 non
2223 4042 2417 4105 iuerat,
2468 4043 2536 4095 ita
2576 4052 2632 4095 ut
2665 4046 2860 4095 multas
2896 4046 3175 4095 hominum
3247 4045 3540 4113 myriadt-s,

1974 4133 2168 4187 nedum
2201 4132 2491 4197 chiliades,
2518 4133 2743 4187 emedio
2769 4133 2969 4188 abiisse
2989 4134 3175 4188 dicant
3197 4153 3208 4188 :
3232 4138 3283 4187 iu
3310 4150 3432 4204 quo:
3452 4152 3541 4189 um

1973 4238 2199 4277 numero
2224 4224 2507 4285 amerissa,
2534 4224 2775 4290 'despotse
2817 4225 2944 4288 tilia,
2974 4235 3113 4280 erat.

2041 4314 2182 4367 Anni
2216 4314 2353 4367 6976
2413 4300 2601 4368 mense
2647 4313 2941 4369 Novembri
2986 4327 3232 4370 sanctam
3296 4316 3539 4371 Mauram

1973 4405 2239 4471 concessi,
2274 4403 2480 4458 Helena
2517 4406 2704 4472 regina
2741 4418 2793 4461 et
2830 4406 3122 4470 Leonardi,
3146 4410 3406 4477 princijis
3426 4410 3544 4477 eius

1975 4497 2102 4559 loci,
2135 4510 2328 4551 socero
2359 4497 2700 4560 auctoribus,
2738 4507 2792 4551 ut
2823 4513 2931 4551 non
2959 4499 3133 4552 Solum
3178 4501 3359 4552 locum
3414 4516 3539 4553 eum

1972 4589 2288 4653 reviserem,
2314 4589 2407 4644 sed
2437 4591 2626 4651 etiam.
2681 4606 2804 4645 cum
2837 4592 2927 4645 ille
2990 4592 3129 4645 beati
3166 4595 3267 4645 mei
3314 4592 3541 4657 domini,

1971 4677 2313 4731 Constantini
2344 4678 2715 4746 imperatoris,
2748 4680 3118 4732 consobrinus
3142 4689 3288 4733 esset
3321 4691 3374 4732 ct
3401 4694 3540 4745 κιαι

1975 4770 2257 4821 vissimam
2294 4769 2560 4833 tulissem,
2602 4778 2659 4820 ut
2689 4784 2851 4839 supra
2891 4771 3137 4828 narravi.
3171 4770 3540 4823 calamitatem

1975 4869 2193 4927 propter
2224 4857 2343 4925 ejus
2382 4868 2614 4925 patrem,
2647 4874 2791 4911 anno
2826 4861 3002 4911 astatis
3039 4862 3132 4917 58.
3170 4863 3398 4927 pcennia
3446 4860 3544 4910 ali-

1973 4963 2091 5015 qua
2114 4963 2297 5001 annua
2350 4948 2485 5001 mihi
2518 4951 2954 5001 constitueretur
2984 4959 3174 5017 utpme
3203 4951 3317 5003 seni
3351 4960 3407 5002 ct
3456 4951 3542 5003 in-

1976 5037 2132 5090 ﬁrmo
2166 5047 2219 5090 et
2255 5052 2430 5105 egeno
2462 5054 2492 5093 e
2522 5041 2865 5108 captivitate.
2908 5039 3185 5095 Rcversus
3213 5057 3331 5093 sum
3371 5043 3455 5094 die
3476 5042 3545 5094 22

1975 5130 2180 5183 mensis
2208 5129 2475 5197 ejusdem,
2511 5132 2692 5182 omnia
2732 5131 2974 5200 perfecta
3012 5142 3225 5195 nactus,
3265 5132 3366 5184 nisi
3397 5133 3542 5200 quod

1975 5221 2027 5274 in
2059 5233 2217 5289 gente
2250 5221 2655 5276 Mastraidiensi
2701 5239 2864 5276 omne
2920 5224 3038 5290 ejus
3071 5226 3340 5293 reliquum
3376 5227 3539 5291 impc-

1973 5313 2110 5365 rium
2156 5314 2585 5379 continebatur;
2632 5325 2849 5383 oportet
2885 5317 3030 5369 enim
3080 5320 3171 5386 qui
3213 5323 3407 5381 regunt
3470 5315 3545 5368 si-

1976 5405 2128 5459 miles
2158 5405 2390 5457 evadant
2436 5405 2503 5457 iis
2548 5408 2638 5473 qui
2700 5417 2984 5476 reguntur.
3040 5407 3222 5460 Mense
3284 5405 3545 5458 Januario
3614 5470 3621 5481 '

1972 5499 2212 5564 ejusdem
2280 5498 2407 5551 anni
2492 5498 2870 5551 Albanitarum
2920 5490 3209 5568 princeps’
3250 5497 3544 5550 Scantarcs

1974 5592 2164 5643 morbo
2194 5589 2348 5651 obiit,
2381 5589 2537 5659 cujus
2569 5593 2804 5659 regionis
2842 5601 2896 5644 ct
2923 5592 3150 5643 dummii
3184 5597 3394 5657 partem
3430 5601 3547 5640 res-

1975 5684 2195 5757 publica
2227 5684 2582 5747 Venctorutn,
2646 5696 2853 5755 partem
2913 5687 3121 5739 sororis
3168 5683 3339 5751 ipsius
3402 5680 3546 5739 titius

3028 5781 3106 5839 32
