4022 6294
537 329 671 395 10οἹ

1731 318 1773 382 G
1789 320 2062 382 E'ORGII
2103 322 2195 380 PII
2207 322 2520 383 RANTZzE

3672 325 3828 393 1004

527 451 628 515 τῆς
661 446 898 514 ἀδελφῆς
922 443 1086 498 αὐτοῦ
1121 441 1232 505 υίὸς
1263 439 1502 509 Τοῦρκος
1537 438 1610 490 ὣν
1632 439 1780 507 παρὰ
1812 436 1885 507 τῷ
1916 435 2108 507 ἀμηρᾷ
2135 440 2182 497 Α
2211 439 2305 490 καὶ
2332 441 2357 491 6
2386 441 2588 508 κόσμος
2615 458 2672 494 σε
2701 441 2800 494 οὐκ
2825 441 2987 510 ἔγνω,
3023 461 3040 494 ι
3073 445 3186 510 καὶ,
3226 465 3242 496 ι
3283 447 3424 516 [ιρις
3447 448 3547 499 τὸν
3576 448 3826 516 Πατέρα

529 540 729 608 ἐστάλη
766 538 894 606 παρ’
921 535 1154 588 ἐκείνου.

599 631 730 684 Ἀπὸ
791 630 846 681 δὲ
905 627 997 680 τοῦ
1047 614 1320 696 ἡμίσεως
1352 625 1512 693 ἔαρος
1563 621 1657 674 τοῦ
1698 615 1863 673 αὑτοῦ
1915 618 2104 688 δηλον-

528 725 609 775 ότι
641 723 832 787 ,ςῇοᾴ
861 719 1018 782 ἔτους
1063 717 1156 770 καὶ
1204 718 1310 786 ὅλῳ
1370 715 1447 785 τῷ
1481 713 1630 784 θέρει
1682 708 2104 771 διαϐιϐάσαντός

531 833 633 884 μου
668 812 859 874 κακῶς
886 811 994 865 ἀπὸ
1019 810 1118 877 τῆς
1149 808 1414 878 συνήθους
1451 800 1865 874 ἀσθενείαςαοῦ
1899 803 2104 870 ῥευμα-

527 906 746 976 τισμοῦ,
780 904 916 958 ἀλλὰ
945 903 1010 972 δὴ
1052 903 1146 955 καὶ
1175 901 1280 954 τῶν
1323 897 1602 967 κοσμικῶν
1637 913 1738 965 μου
1778 893 2102 962 φορεμάτων

523 996 883 1050 διαλυθέντων
943 993 1064 1061 ἱερὰ
1119 989 1607 1060 ἐρασοφορὴσαμεν
1656 988 1720 1054 τῇ
1786 982 1978 1054 πρώτῃ
2008 980 2102 1034 τοῦ

523 1086 834 1157 Αὐγούστου
863 1084 1052 1154 μηνὸς,
1085 1081 1178 1134 καὶ
1208 1081 1327 1133 ἀντὶ
1354 1079 1624 1146 Γεώργιος
1656 1075 1949 1144 Γρηγόριος
1979 1087 2104 1141 μετ-

523 1178 879 1248 ωνομάσθην,
906 1177 1026 1228 ἀντὶ
1057 1174 1114 1226 δὲ
1149 1171 1338 1239 Ἐλένη
1366 1171 1398 1238 ἡ
1435 1169 1540 1236 ἐμὴ
1594 1165 1847 1226 σύνευνος
1881 1163 2101 1233 Εύπρα-

521 1275 630 1338 ξία,
680 1269 971 1330 δεδωκότες
1013 1266 1230 1334 πρῶτον
1269 1263 1367 1333 τὴν
1421 1263 1498 1322 εἰς
1537 1259 1667 1310 Θεὸν
1721 1257 1818 1325 τῆς
1865 1255 2100 1317 πίστεως

519 1363 678 1433 ἡμῶν
708 1358 1021 1429 ὁμολογίαν,
1075 1355 1149 1418 ὡς
1183 1353 1301 1416 ἔθος
1331 1353 1449 1404 ἐστὶ
1486 1352 1598 1410 τοῖς
1650 1347 1953 1418 ὀρθοδόξοις
2007 1361 2098 1413 με.

519 1453 925 1524 ταλαμϐάνουσι
949 1449 1009 1500 τὸ
1038 1447 1328 1517 μοναχικὸν
1357 1443 1562 1512 σχῆμα.
1596 1440 1706 1492 Καὶ
1737 1438 1905 1500 Ohio;
1931 1436 2102 1506 ἠρξά-

524 1566 632 1616 μην
672 1545 886 1613 πρῶτον
948 1543 1046 1610 μὲν
1092 1539 1151 1591 τὸ
1181 1537 1338 1604 ἅγιον
1385 1532 1656 1602 σύμϐολον
1709 1530 1888 1591 καλῶς
1936 1527 2097 1580 ὲκθέ-

525 1642 668 1702 σθαι,
708 1638 800 1690 καὶ
833 1635 955 1687 ὅθεν
994 1632 1055 1684 τὸ
1100 1631 1392 1700 ἱερώτατον
1433 1624 1586 1695 παρὰ
1624 1622 1734 1675 τῶν
1787 1621 1946 1674 θείων
1983 1621 2098 1674 Ila-

520 1734 692 1800 τέρων
727 1725 982 1793 συνετέθη
1016 1721 1310 1792 σύμϐολον,
1346 1719 1432 1772 [va
1459 1717 1678 1786 γνῶμεν
1703 1713 1777 1776 ὡς
1805 1711 1914 1765 οὔδ’
1942 1711 2096 1764 αὐτοὶ

520 1825 578 1888 ἐξ
611 1816 946 1882 abscindit)?
980 1816 1042 1867 ὲκ
1076 1812 1185 1865 τῶν
1219 1809 1378 1863 θείων
1405 1805 1670 1879 χρησμῶν
1703 1802 2092 1874 ὲρανισάμενοι

519 1917 616 1976 τὰς
664 1913 851 1981 ῥήσεις
877 1925 934 1960 τε
985 1906 1079 1959 καὶ
1128 1904 1226 1974 τὴν
1258 1902 1463 1969 γνῶσιν
1515 1897 1928 1966 εὐσεϐοφρόνως
1962 1893 2091 1948 αὐτὸ

525 2003 953 2072 συνεγράψαντο.
992 1997 1189 2066 Σχεδὸν
1215 1989 1309 2047 οὖν
1355 1993 1527 2047 πᾶσαι
1559 1989 1725 2045 αὐτοῦ
1775 1988 1921 2042 θείου
1956 2005 2095 2056 συμ-

521 2098 678 2150 ϐόλου
724 2096 913 2164 ῥήσεις
944 2092 1006 2142 ὲκ
1047 2089 1154 2140 τῶν
1201 2085 1374 2154 ἁγίων
1400 2083 1506 2135 εἰσὶ
1544 2079 1798 2152 Γραφῶν,
1842 2078 1918 2142 ὡς
1948 2075 2091 2131 κατὰ

525 2191 692 2258 μέρος
728 2185 1045 2256 ῥηθήσεται.

591 2278 876 2334 Πιστεύω.
921 2270 1250 2340 Εὖαγγέλιον
1286 2283 1299 2298 ο
1341 2286 1358 2319 ι
1403 2264 1688 2327 Πιστεύεις
1733 2263 1813 2326 είς
1842 2261 1934 2315 τὸν
1963 2258 2091 2313 Υίὸν

519 2373 614 2427 ⁴τοῦ
651 2369 809 2443 431
863 2365 999 2418 Θεοῦ
1030 2381 1047 2436 ἰ
1094 2363 1210 2427 καὶ,
1253 2380 1272 2413 ι
1314 2357 1602 2412 Πιστεύετε
1653 2356 1731 2418 είς
1791 2353 1883 2443 τὸν
1933 2351 2086 2415 Θεὸν,

522 2465 620 2517 καὶ
655 2441 734 2523 εἷς
794 2457 892 2526 ἐμὲ
937 2451 1246 2507 πιστεύετε.
1282 2468 1299 2500 ι
1346 2445 1690 2508 Ἀπόστολος,
1725 2461 1742 2494 ι
1793 2441 2090 2498 Πίστευσον

521 2557 600 2616 είς
645 2552 738 2604 τὸν
760 2551 961 2618 Κύριον
988 2542 1224 2614 Ἰησοῦν.
1270 2560 1288 2593 ι

590 2643 695 2703 Elc
723 2639 832 2692 ἕνα
868 2633 1036 2689 Θεόν.
1090 2630 1442 2699 Εὑαγγέλιον,
1475 2648 1493 2680 ι
1525 2627 1645 2679 Ἵνα
1685 2624 1994 2694 γινώσκωσι
2030 2640 2088 2676 σε

519 2735 612 2788 τὸν
645 2731 807 2802 μόνον
847 2726 1100 2796 ἀληθινὸν
1149 2723 1301 2777 Θεόν.
1336 2741 1353 2772 ι
1388 2718 1764 2786 Ἀδελφόθεος,
1798 2736 1817 2769 ι
1859 2718 2088 2768 Πίστευε

520 2830 601 2880 ὅτι
636 2828 663 2878 6
696 2823 828 2884 Θεὸς
860 2822 997 2874 ἔστι.
1035 2837 1054 2870 ι
1093 2815 1325 2878 Παῦλος,
1369 2833 1386 2865 ι
1435 2814 1544 2867 Καὶ
1585 2813 1738 2883 ἡμῶν
1776 2808 1955 2871 Θεὸςὸ
1984 2810 2093 2860 Παο

521 2919 648 2986 τὴρ,
677 2915 738 2978 ἐξ
769 2909 828 2968 οῦ
875 2914 944 2964 τὰ
979 2913 1176 2974 πάντα,
1213 2907 1308 2960 καὶ
1356 2908 1513 2975 ἡμεῖς
1561 2905 1618 2968 ἐξ
1651 2901 1838 2967 αὐτοῦ,
1865 2900 1961 2953 καὶ
2011 2892 2089 2960 εἷς

519 3007 727 3075 Κύριος
759 3003 968 3073 Ἰησοῦς
1007 3000 1260 3070 Χριστὸς,
1292 2997 1361 3051 δι’
1393 2991 1452 3050 οῦ
1482 2999 1546 3051 τὰ
1587 2997 1781 3048 πάντα.
1825 3013 1843 3046 ι

593 3096 848 3163 Πατέρα.
896 3092 1250 3160 Εὑαγγέλιον,
1285 3110 1303 3142 ι
1354 3088 1652 3143 Ἀναϐαίνω
1690 3089 1826 3155 πρὸς
1856 3084 1946 3139 τὸν
1977 3085 2089 3137 Πα-

522 3196 658 3266 τέρα
692 3209 794 3261 μου
829 3191 922 3244 καὶ
977 3187 1194 3256 Πατέρα
1229 3185 1408 3255 ὑμῶν,
1450 3204 1466 3236 ι
1507 3183 1620 3247 καὶ,
1662 3200 1680 3232 ι
1732 3181 1913 3248 Πάτερ
1943 3177 2087 3247 ἅγιε,

525 3373 725 3437 Turca,
753 3370 845 3440 qui
875 3366 1015 3436 apud
1065 3379 1304 3419 ameram
1367 3362 1583 3416 vivebat
1614 3404 1626 3427 ,
1663 3359 1864 3414 missus
1898 3357 1964 3412 ab
1999 3372 2090 3412 eo-

529 3469 678 3531 dem,
706 3460 1022 3530 occupavit.

595 3558 640 3611 Α
672 3553 853 3610 medio
897 3564 1026 3604 vere
1077 3546 1203 3601 anni
1249 3544 1514 3613 ejusdem,
1565 3541 1618 3595 id
1667 3551 1750 3595 est
1781 3539 1941 3605 6976,
1993 3553 2090 3610 per

523 3659 690 3704 totam
721 3651 964 3700 mstatem
995 3639 1134 3694 male
1159 3627 1510 3692 conﬂictatus
1538 3631 1730 3688 morbo
1751 3646 1895 3697 meo,
1920 3631 2090 3685 rheu-

525 3741 802 3800 matismo,
824 3749 948 3790 cum
980 3731 1273 3794 saeculares
1299 3737 1480 3806 vestes
1502 3740 1634 3778 meae
1664 3725 1856 3778 lacerae
1887 3729 2087 3786 essent,

525 3831 850 3884 vestimenta
901 3838 1055 3878 sacra
1118 3819 1271 3873 indui
1323 3817 1500 3888 primo
1550 3816 1635 3870 die
1693 3813 1942 3884 Augusti,
1992 3826 2092 3882 pro

523 3922 758 3988 Georgio
807 3917 1100 3986 Gregorius
1135 3912 1457 3982 appellatus,
1498 3909 1736 3981 itemque
1771 3919 1911 3959 uxor
1947 3918 2088 3967 mea,

527 4014 798 4083 Eupraxia
832 4025 929 4079 pro
968 4006 1173 4060 llelena
1211 4005 1381 4066 dicta,
1420 4000 1828 4071 professiante,
1883 4007 1941 4051 ut
1971 4011 2088 4051 mos

525 4116 606 4160 cst
641 4100 969 4159 ortltodoxis
996 4095 1376 4150 monachicum
1427 4093 1674 4146 habitum
1709 4087 2087 4150 induentibus,

531 4197 656 4250 tidei
701 4202 899 4248 nostra:
929 4189 1245 4250 formulam,
1267 4187 1457 4254 itaque
1499 4181 1642 4237 infra
1666 4189 1914 4236 sanctum
1941 4192 2090 4248 sym-

525 4288 708 4341 bolum
747 4293 1002 4340 accurate
1036 4279 1319 4351 proposui,
1362 4267 1678 4343 significans
1729 4271 1913 4337 simul,
1948 4269 2091 4324 unde

2207 551 2308 603 μου
2364 536 2728 605 πορεύσομαι,
2779 557 2795 588 ι
2833 539 2948 602 καὶ,
2992 558 3010 589 ι
3057 540 3357 609 Ἐρωτήσω
3411 542 3506 593 τὸν
3572 543 3819 608 Πατέρα

2207 645 2334 697 μου,
2373 647 2390 678 ι
2444 631 2560 692 καὶ,
2599 648 2616 680 ι
2654 630 2833 698 Πάτερ
2871 648 2993 699 μου,
3029 633 3111 694 εἰς
3158 634 3347 702 χεῖράς
3405 652 3505 686 σου
3554 633 3823 704 παρατί-

2204 717 2340 788 θημι
2379 721 2439 771 τὸ
2500 720 2716 788 πνεῦμά
2768 739 2891 790 μου,
2943 740 2960 772 ι
3005 729 3117 786 xu",
3168 742 3186 773 ‹
3227 726 3301 775 (Ὶῦ
3356 725 3615 791 δύναμαι
3682 726 3819 793 ἄρτι

2203 811 2585 876 παρακαλέσαι
2613 811 2703 863 τὸν
2737 813 2955 883 Πατέρα
2989 833 3113 878 μου.
3157 835 3174 866 ι
3211 817 3441 884 Πέτρος,
3487 836 3507 866 α
3549 817 3820 882 Εὐλογη-

2203 899 2290 959 τὸς
2322 902 2347 951 6
2376 899 2505 962 Θεὸς
2541 902 2632 954 καὶ
2657 903 2855 972 Πατὴρ
2881 905 2978 956 τοῦ
3015 907 3216 974 Κυρίου
3242 907 3402 975 ἡμῶν
3441 906 3645 973 Ἰησοῦ
3675 902 3818 975 Χρι-

2203 989 2352 1043 στοῦ.
2393 1009 2413 1042 ι
2467 993 2698 1056 Παῦλος,
2744 1012 2762 1045 ι
2801 994 2860 1046 '0
2910 997 3042 1059 Θεὸς
3071 999 3163 1048 καὶ
3196 985 3389 1068 Πατὴρ
3433 997 3536 1050 τοῦ
3581 999 3813 1066 Κυρίου

2203 1079 2360 1149 ήμῶν
2395 1081 2570 1150 Ἰησοῦ
2603 1085 2867 1153 Χριστοῦ.
2895 1105 2917 1137 ι
3179 1147 3182 1150 ν

2272 1174 2752 1241 Παντοκρὰτορα.
2804 1178 3102 1246 Ζαχαρίας,
3145 1197 3165 1229 ι
3206 1179 3342 1232 Τάδε
3388 1180 3544 1248 λέγει
3582 1181 3814 1250 Κύριος

2202 1266 2624 1335 παντοκράτωρ,
2663 1283 2680 1318 ι
2720 1269 2834 1331 καὶ,
2869 1286 2888 1319 ι
2946 1269 3068 1321 Ἐπὶ
3122 1271 3216 1322 τὸν
3245 1267 3394 1324 οἶκον
3444 1273 3547 1324 τοῦ
3575 1274 3808 1342 Κυρίου

2203 1356 2664 1425 παντοκράτορος,
2707 1375 2725 1408 ι
2774 1359 2889 1422 καὶ,
2940 1377 2958 1410 ι
3000 1358 3163 1427 Λέγει
3213 1361 3414 1430 Κύριε-ς
3456 1363 3810 1430 παντοκρά-

2200 1463 2332 1530 τιωρ.
2373 1465 2392 1498 ι
2429 1446 2713 1516 Ἰεζεκιὴλ,
2755 1467 2774 1500 ι
2812 1447 3043 1502 Ἀδωναῒ
3075 1452 3275 1520 Κύριε,
3311 1471 3329 1502 ι
3357 1454 3384 1504 ὃ
3415 1455 3543 1505 ἐστι
3588 1469 3808 1506 παν-τυ-

2199 1539 2441 1608 κράτωρ.
2480 1541 2590 1606 Καὶ
2625 1541 2685 1592 τὸ
2710 1537 2938 1594 Σαϐαὼθ
2965 1543 3022 1596 δὲ
3053 1545 3445 1613 παντοκράτωρ
3471 1546 3806 1614 ἑρμηνεύε-

2199 1645 2313 1690 ται,
2346 1630 2374 1682 6
2405 1632 2552 1703 πάσῃ
2583 1635 2649 1702 τῇ
2679 1633 2872 1701 Τριάδι
2908 1634 3277 1704 ἀνατίθησινό
3311 1636 3550 1699 Ἡσαΐας
3576 1637 3798 1704 λέγων,

2208 1738 2227 1770 ι
2262 1719 2473 1788 Ἄγιος,
2525 1721 2697 1790 ἅγιος,
2751 1723 2906 1792 ἅγιος
2953 1726 3159 1796 Κύριος
3205 1725 3464 1783 Σαϐαὼθ.
3521 1749 3542 1782 ι
3605 1732 3802 1798 Εὐαγ-

2199 1812 2402 1881 γελίου,
2447 1835 2464 1866 ι
2512 1815 2700 1886 Πατὴρ
2729 1816 2823 1869 τοῦ
2857 1819 3086 1887 ούρανοῦ
3112 1820 3205 1872 καὶ
3228 1817 3327 1888 τῆς
3352 1821 3478 1891 γῆς.
3531 1840 3550 1872 ι
3593 1824 3794 1884 Δαϐὶδ,

2205 1923 2223 1955 ι
2266 1903 2387 1957 Ὅτι
2440 1906 2496 1961 ὲν
2527 1909 2593 1976 τῇ
2645 1910 2788 1977 χειρὶ
2842 1911 3006 1962 αὑτοῦ
3053 1911 3121 1964 τά
3174 1911 3389 1982 πέρατα
3424 1915 3526 1983 τῆς
3580 1909 3727 1982 γῆς.
3766 1933 3787 1966 ι

2211 1993 2576 2062 Ἐπιστήθιος,
2611 2014 2630 2047 ι
2675 1995 2733 2049 '0
2746 1996 2830 2050 ὢν
2854 1999 2950 2053 καὶ
2971 2002 2996 2052 6
3022 1995 3091 2071 ἦν
3123 2000 3217 2052 καὶ
3245 2003 3272 2053 6
3306 2002 3615 2071 ἐρχόμενος
3651 2020 3800 2055 παν-

2197 2085 2502 2155 τοκράτωρ.
2541 2102 2561 2138 ι

2265 2176 2427 2247 432
2457 2180 2721 2247 Ποιητὴν
2744 2181 3006 2248 οὐρανοῦ
3033 2184 3132 2236 καὶ
3158 2183 3601 2253 γῆς.Μωθσέως,
3642 2205 3664 2238 ‹
3699 2187 3787 2240 ἐν

2197 2267 2339 2339 ἀρχῇ
2373 2269 2630 2338 ἐποίησεν
2666 2274 2694 2323 6
2749 2272 2880 2334 Θεὸς
2915 2273 3005 2326 τὸν
3035 2276 3262 2344 οὐρανὸν
3301 2276 3396 2330 καὶ
3437 2279 3540 2346 τὴν
3574 2279 3714 2345 γῆν.
3759 2297 3778 2329 ι

2198 2360 2550 2430 Εύαγγελίου,
2589 2381 2606 2413 ι
2665 2364 2842 2434 Πάτερ
2893 2365 3062 2435 Κύριε
3111 2367 3205 2420 τοῦ
3253 2369 3486 2439 ούρανοῦ
3537 2373 3642 2424 καὶ
3682 2371 3787 2439 τῆς

2196 2451 2320 2520 γῆς.
2355 2469 2376 2503 ι

2281 2545 2534 2613 Ὀρατῶν
2556 2564 2619 2599 τε
2638 2546 2881 2601 πάντων
2901 2549 2997 2602 καί
3029 2549 3316 2618 ἀοράτων.
3337 2551 3570 2617 Παῦλος,
3605 2573 3625 2603 ι
3656 2553 3785 2606 Εἴτε

2196 2637 2366 2707 δρατὰ
2394 2640 2501 2691 εἴτε
2548 2640 2778 2710 ἀόρατα,
2812 2642 2990 2695 πάντα
3020 2641 3086 2696 δι’
3133 2644 3299 2697 αὑτοῦ
3346 2649 3441 2698 καὶ
3493 2648 3574 2708 εἰς
3612 2648 3784 2699 αὐτὸν

2198 2730 2462 2797 ἔκτισται,
2497 2733 2561 2785 ὲκ
2591 2732 2684 2784 τοῦ
2717 2733 2930 2802 Πατρὸς
2959 2736 3198 2804 δηλονότι
3224 2738 3313 2789 διὰ
3337 2738 3430 2790 τοῦ
3457 2738 3726 2808 Χριστοῦ.
3753 2757 3776 2790 ι

2211 2819 2270 2874 '0
2302 2823 2466 2875 Δαϐὶδ
2492 2825 2592 2888 ὅτι,
2628 2842 2646 2873 ι
2687 2824 2853 2888 Αὐτὸς
2883 2822 3025 2891 εἷπε,
3077 2832 3169 2880 καὶ
3211 2827 3586 2899 ἒγεννήθησαν
3620 2848 3636 2860 ·
3671 2831 3782 2884 αύ-

2197 2911 2286 2971 τὸς
2320 2913 2646 2975 ἐνετείλατο,
2677 2916 2767 2967 καὶ
2800 2915 3150 2985 ἐκτίσθησαν.
3192 2937 3212 2971 ι

2268 3004 2373 3057 Kal
2403 3007 2487 3069 εἰς
2515 2995 2623 3058 ἒιὲα
2651 3009 2871 3074 Κύριον
2900 3007 3144 3073 Ἰησοῦν
3173 3009 3453 3076 Χριστὸν,
3481 3009 3592 3064 τὸν
3631 3013 3774 3065 Υίὸν

2194 3097 2300 3151 τοῦ
2333 3098 2480 3152 Θεοῦ
2507 3099 2616 3152 τὸν
2639 3100 2962 3170 μονογενῆ.
3007 3099 3240 3164 Παύλου,
3279 3121 3298 3152 ι
3337 3104 3448 3155 Καὶ
3501 3106 3638 3172 ἡμῖν
3685 3099 3771 3165 εἷς

2192 3190 2325 3253 Θεὸς
2355 3191 2384 3242 6
2436 3191 2626 3260 Πατὴρ
2673 3194 2767 3244 καὶ
2816 3186 2896 3253 εἷς
2951 3191 3153 3261 Κύριος
3183 3191 3394 3262 Ἰησοῦς
3441 3193 3702 3262 Χριστός.
3739 3213 3760 3246 ι

2193 3371 2246 3418 et
2290 3361 2525 3416 mundus
2577 3376 2683 3416 non
2730 3363 2951 3432 agnovit
2989 3373 3058 3428 te,
3100 3381 3118 3414 ι
3182 3373 3286 3420 et:
3331 3383 3349 3416 ι
3391 3365 3474 3419 Ad
3539 3367 3756 3420 Patrem

2191 3474 2371 3513 meum
2427 3455 2770 3527 proﬁciscar,
2831 3475 2849 3508 ι
2915 3465 3024 3511 et:
3072 3475 3090 3507 ι
3131 3456 3488 3525 lutet-rogabo
3542 3455 3757 3510 Patrem

2193 3566 2397 3615 meum,
2430 3567 2449 3602 ι
2497 3560 2549 3604 et
2591 3567 2653 3602 τι
2700 3548 2770 3602 illi
2799 3546 2981 3614 Pater,
3039 3548 3091 3602 in
3149 3564 3346 3602 manus
3427 3557 3552 3603 tuas
3602 3548 3758 3602 trado

2191 3641 2442 3710 Spiritum
2468 3656 2670 3704 meum,
2701 3659 2718 3692 ι
2745 3650 2800 3696 et
2824 3657 2836 3693 :
2867 3657 2885 3691 ι
2921 3639 3040 3694 Νοιι
3067 3655 3233 3709 posse
3259 3654 3346 3694 me
3368 3652 3515 3692 nunc
3542 3637 3755 3706 precari

2191 3731 2408 3787 Patrem
2449 3746 2653 3784 meum.
2698 3749 2716 3780 ι
2760 3729 2996 3785 Petrus:
3035 3750 3053 3782 ι
3112 3730 3443 3786 Benedictus
3505 3731 3645 3785 Deus
3699 3740 3756 3786 et

2192 3822 2352 3877 l’ater
2369 3822 2583 3876 Domini
2613 3821 2785 3878 nostri
2811 3822 2942 3876 Jesu
2966 3821 3192 3877 Christi.
3230 3841 3248 3874 ι
3284 3823 3490 3877 Paulus
3517 3838 3534 3878 :
3566 3839 3586 3873 ι
3615 3822 3753 3878 Deus

2191 3923 2246 3970 et
2273 3913 2428 3967 Pater
2459 3912 2673 3966 Domini
2703 3913 2872 3968 nostri
2905 3913 3033 3968 Jesu
3063 3913 3290 3969 Christi.
3340 3931 3358 3964 ι

2265 4003 2703 4072 Οηιηίρυιειιιεηι.
2731 4002 3023 4057 Zacharias
3057 4017 3073 4056 :
3105 4020 3122 4053 ι
3163 4001 3288 4056 Haec
3313 4002 3447 4056 dicit
3483 4001 3748 4057 Dominus

2191 4095 2558 4164 omnipotens,
2599 4113 2618 4145 ι
2651 4105 2704 4149 ει
2742 4111 2756 4147 :
2792 4115 2807 4146 ι
2835 4095 2891 4146 ln
2909 4093 3130 4150 domum
3164 4093 3379 4148 Domini
3406 4094 3744 4162 omnipoten-

2193 4185 2284 4253 tis,
2325 4204 2343 4236 ι
2363 4193 2416 4241 et
2446 4203 2460 4239 :
2486 4203 2505 4237 ι
2542 4185 2680 4241 Dicit
2710 4186 2969 4241 Dominus
2998 4188 3364 4252 omnipotens.
3393 4205 3412 4237 ι
3446 4180 3699 4239 Ιεῑὶιειιίῡι
3728 4201 3742 4235 :

2197 4295 2215 4327 ι
2241 4275 2472 4340 Adonai,
2491 4275 2721 4330 Domine
2747 4295 2765 4328 ι
2792 4277 2962 4339 idest,
2985 4277 3349 4345 omnipotens.
3368 4276 3498 4329 Item
3520 4274 3747 4328 Sabaoth

532 4398 561 4435 a
596 4380 800 4435 divinis
829 4377 1076 4446 patribus
1112 4370 1472 4439 compositum
1501 4367 1684 4430 fuerit,
1706 4373 1763 4418 ut
1783 4377 2087 4433 cognosca-
2117 4380 2168 4440 D
2191 4366 2616 4434 omnipotentem
2649 4365 2944 4435 signiﬁcat,
2979 4367 3124 4434 quod
3151 4377 3574 4436 cognomentum
3599 4367 3746 4418 omni

529 4486 778 4538 nius,eos
795 4466 1106 4536 symbolum
1126 4479 1231 4517 non
1248 4477 1312 4515 ex
1327 4460 1545 4529 ingenio
1562 4473 1659 4510 suo
1671 4455 2086 4525 conscripsisse,

523 4565 618 4618 sed
651 4579 678 4616 e
709 4560 881 4616 sacris
911 4558 1107 4610 litteris
1137 4553 1441 4608 verecunde
1468 4547 1714 4603 collectis
1755 4546 2088 4602 testimoniis

525 4664 579 4706 ιι
624 4656 815 4705 hausta
846 4662 1026 4702 rerum
1057 4646 1364 4700 divinarum
1387 4636 1635 4694 scientia:
1657 4633 1929 4689 Nimirum
1949 4649 2090 4704 sym-

524 4743 636 4796 lioli
684 4742 854 4796 divini
884 4739 1042 4794 verba
1083 4744 1292 4789 tantum
1317 4745 1428 4785 non
1448 4728 1633 4784 omnia
1653 4741 1683 4781 e
1701 4726 1872 4780 sacris
1897 4723 2090 4778 litteris

525 4835 840 4901 deprompta
865 4837 1014 4895 sunt,
1044 4823 1347 4896 utsingulis
1368 4821 1504 4876 locis
1522 4835 1551 4873 a
1574 4833 1658 4873 me
1674 4816 2087 4887 significabitur.

597 4924 786 4978 Credo.
825 4919 1169 4990 Evangelium
1226 4936 1239 4972 :
1278 4934 1294 4967 ι
1332 4913 1522 4968 Credis
1563 4912 1615 4965 iu
1650 4909 1850 4963 Filium
1909 4905 2025 4970 Dei,
2065 4923 2084 4956 ι

523 5027 616 5068 et:
663 5033 677 5064 ι
720 5012 956 5066 Creditis
1006 5011 1060 5064 in
1097 5007 1288 5069 Deum,
1347 5004 1509 5058 etiam
1566 5002 1738 5054 inme
1788 4996 2014 5053 credite.
2062 5012 2080 5046 ι

525 5104 843 5174 Apostolus,
885 5121 901 5152 ι
925 5100 1100 5155 Crede
1133 5099 1185 5152 in
1217 5095 1405 5151 Jesum
1429 5091 1741 5150 Dominum.
1784 5107 1802 5140 ›

597 5191 666 5246 In
697 5207 858 5245 unum
889 5189 1076 5242 Deum.
1105 5184 1457 5252 Evangelium
1491 5198 1503 5233 :
1545 5199 1563 5231 ι
1592 5179 2013 5246 Utcognoscant
2038 5182 2090 5229 te

526 5299 693 5338 unum
717 5286 900 5356 verum
925 5279 1112 5332 Deum.
1144 5297 1161 5329 ι
1193 5275 1380 5330 Frater
1401 5273 1647 5326 Domini:
1685 5269 1884 5324 «Crede
1919 5269 2084 5322 Deum

524 5391 666 5430 esse.
703 5393 720 5425 ι
750 5357 992 5426 νουιιιδι
1033 5389 1051 5420 ι
1079 5371 1155 5423 Ac
1176 5368 1318 5422 Deus
1347 5373 1530 5419 noster
1551 5366 1728 5425 l'ater,
1751 5377 1814 5415 ex
1835 5375 1944 5430 quo
1968 5373 2088 5413 om-

525 5467 614 5520 nia
646 5475 698 5519 et
731 5479 829 5519 nos
857 5479 920 5517 ex
956 5461 1069 5527 illo,
1097 5470 1307 5515 etunus
1340 5456 1603 5511 Dominus
1632 5458 1792 5508 Jesus
1811 5451 2086 5518 Christus,

529 5573 626 5626 per
665 5574 824 5626 quem
856 5554 1058 5609 omnia.
1091 5572 1110 5605 ι

597 5648 834 5701 Patrem.
897 5645 1303 5716 Evangelium:
1367 5661 1384 5694 ι
1442 5639 1690 5695 Ascendo
1743 5638 1805 5690 ad
1864 5635 2081 5689 Patrem

527 5749 706 5789 meum
736 5747 787 5791 et
823 5719 1025 5808 patrem
1052 5741 1294 5789 vestrum
1339 5748 1399 5784 τι
1437 5741 1489 5785 ct
1523 5749 1534 5784 :
1578 5749 1595 5780 ι
1658 5727 1857 5782 Sancte
1897 5726 2078 5791 Pater,

2193 4457 2445 4511 Trinitati
2475 4455 2644 4512 Isaias
2668 4458 2855 4511 tribuit
2889 4457 2971 4512 his
2997 4459 3176 4512 verbis
3212 4475 3224 4510 :
3267 4475 3286 4508 ι
3314 4456 3570 4523 Sanctus,
3597 4471 3750 4510 sanc-

2191 4556 2317 4612 tus,
2379 4555 2599 4604 sanctus
2658 4545 2922 4602 Dominus
2979 4546 3238 4601 Sabaoth.
3275 4565 3294 4598 ι
3349 4545 3744 4613 Evangelium:

2196 4656 2215 4690 ι
2256 4638 2416 4692 Pater
2447 4638 2574 4692 cmli
2625 4648 2680 4693 et
2729 4650 2907 4693 terra}.
2949 4658 2967 4688 ι
3026 4638 3236 4692 David:
3267 4657 3284 4688 ι
3335 4637 3391 4691 In
3429 4654 3595 4692 manu
3631 4639 3743 4708 rjus

2191 4728 2407 4781 termini
2439 4738 2617 4783 teme.
2658 4747 2675 4780 ι
2729 4729 2833 4793 Qui
2894 4731 2946 4782 in
2997 4739 3216 4797 pectore
3248 4727 3462 4783 Domini
3497 4728 3697 4797 quievit
3730 4746 3744 4780 :

2197 4837 2215 4869 ι
2247 4818 2348 4884 Qui
2383 4826 2487 4896 est,
2511 4827 2629 4873 erat
2657 4827 2711 4872 et
2743 4819 2846 4872 erit
2875 4819 3240 4887 omnipotens.
3270 4836 3289 4868 ι

2263 4908 2544 4964 Factorem
2579 4910 2694 4963 caeli
2726 4920 2773 4962 et
2799 4921 2972 4963 terra.
3012 4910 3267 4980 Moyses:
3308 4927 3326 4959 ι
3369 4909 3428 4962 1η
3485 4908 3746 4977 principio

2192 4999 2335 5054 Deus
2361 4999 2484 5054 fecit
2518 5001 2717 5054 omium
2757 5011 2812 5054 et
2839 5009 3060 5053 terram.
3093 5019 3110 5050 ι
3141 4999 3501 5069 Evangelium
3538 5018 3551 5054 :
3583 5018 3601 5050 ι
3654 4997 3748 5051 Pa-

2193 5099 2295 5154 ter,
2333 5088 2559 5143 Domine
2595 5087 2718 5144 coeli
2749 5098 2803 5143 et
2835 5098 3012 5143 terrae.
3052 5107 3070 5141 ι

2273 5181 2566 5234 Visibilium
2588 5184 2818 5236 omnium
2841 5194 2887 5236 et
2906 5184 3278 5238 invisibilium.
3304 5183 3509 5237 Paulus
3537 5200 3549 5234 :
3579 5200 3598 5234 ι
3629 5181 3745 5234 Sive

2193 5274 2430 5328 visibilia
2463 5274 2580 5328 sive
2617 5275 2937 5339 invisibilia,
2963 5276 3146 5327 omnia
3171 5291 3264 5342 per
3298 5289 3422 5328 cum
3456 5285 3510 5328 et
3539 5277 3605 5326 ad
3627 5289 3742 5327 eum

2193 5367 2334 5420 facta
2365 5375 2508 5430 sunt,
2543 5381 2572 5420 a
2604 5367 2765 5420 Patre
2796 5367 3002 5422 scilicet
3027 5383 3124 5437 per
3154 5367 3460 5421 Christum.
3492 5386 3509 5418 ι
3543 5365 3743 5419 David:

2198 5457 2344 5526 «ipse
2373 5455 2588 5518 dixit,et
2611 5464 2737 5508 nata
2759 5465 2905 5520 sunt;
2935 5457 3304 5526 ipsejussit,et
3327 5456 3544 5508 condita
3567 5465 3735 5508 sunt.»

2264 5547 2331 5600 Et
2362 5548 2412 5598 in
2428 5562 2587 5599 unum
2613 5545 2896 5598 Dominum
2918 5545 3095 5598 Jesum
3114 5545 3405 5608 Christum,
3433 5542 3629 5597 Filium
3657 5543 3742 5597 Dei

2193 5637 2542 5705 unigenitum.
2568 5635 2773 5689 Paulus
2803 5653 2820 5688 ι
2865 5653 2881 5684 ι
2922 5635 3092 5690 Nobis
3120 5644 3201 5689 est
3225 5651 3366 5688 unus
3399 5634 3540 5688 Deus
3575 5637 3738 5694 l'ater.

2193 5734 2244 5780 et
2287 5739 2428 5779 unus
2465 5723 2726 5779 Dominus
2751 5725 2908 5780 Jesus
2955 5723 3224 5780 Christus.
3279 5745 3296 5777 ι
3347 5723 3739 5790 Evangelium:
