4022 6294
316 342 454 406 1005

1335 348 1785 409 CHRONICON
1823 348 2088 408 MAJUS.
2118 372 2186 382 --
2216 345 2361 404 LIB.
2400 344 2497 403 IV.

3397 327 3537 397 1036

295 458 666 527 Εὑαγγελξου,
695 479 713 513 ι
745 460 862 513 ’ίνα
888 461 1198 528 γινώσκωσι
1231 481 1289 515 σε
1320 466 1411 517 τὸν
1433 466 1685 533 ἀληθινὸν
1710 464 1861 522 Θεὸν.
1902 470 1939 522 Α
2044 463 2192 515 Θεὸν
2220 458 2515 526 ἀληθινὸν
2539 457 2605 508 ἐκ
2635 456 2782 508 Θεοῦ
2821 451 3137 518 ἀληθινοῦ.
3170 449 3277 503 Τοῦ
3321 452 3539 518 ἠγαπηο

293 551 398 603 καὶ
432 550 490 602 ὃν
519 551 843 613 ἀπέστειλας
878 551 1088 617 Ἰησοῦν
1121 552 1379 619 Χριστόν.
1415 572 1432 602 »
1480 552 1610 613 Καὶ,
1649 569 1666 601 ι
1716 551 1788 602 Σὺ
1821 544 1869 600 εἷ

290 643 323 691 6
357 641 593 708 Χριστὸς
616 642 643 692 6
678 639 805 701 Υἱὸς
828 639 923 692 τοῦ
956 639 1090 693 Θεοῦ
1118 642 1209 693 τοῦ
1241 640 1463 703 ζῶντος.
1510 660 1527 691 »
1574 643 1704 700 Kal.
1741 657 1759 689 «
1797 639 1868 690 Σὺ

290 726 353 785 εἴ
380 734 406 783 6
441 729 568 794 Υἱός
598 747 701 800 μου
738 733 766 782 6
814 731 1116 799 ἀγαπητός.
1148 749 1167 781 »
1207 732 1336 792 Καὶ,
1377 751 1394 783 «
1448 730 1620 797 Κάγὼ
1650 730 1870 800 ἑώρακα

293 825 397 876 καὶ
447 828 786 876 πεπίστευκα
815 825 897 877 ὅτι
930 819 1079 888 οὗτός
1138 826 1286 877 ἐστιν
1313 827 1338 876 ὁ
1388 824 1622 891 Χριστὸς
1663 824 1690 875 6
1740 822 1869 883 Υἱὸς

294 916 397 969 τοῦ
430 914 584 969 Θεοῦ.
630 934 649 966 »
686 916 817 981 Καὶ,
858 934 875 967 «
916 916 985 969 Σὺ
1023 915 1297 979 πιστεύεις
1336 918 1413 979 εἰς
1459 918 1552 968 τὸν
1596 916 1723 968 Υξδν
1777 913 1871 967 τοῦ

295 1006 463 1059 Θεοῦ.
512 1025 529 1057 »
564 1007 694 1071 Καὶ,
747 1006 965 1059 «Ταῦτα
1010 1007 1319 1077 γέγραπται
1372 1008 1457 1059 ἵνα
1504 1008 1873 1059 πιστεύσωσιν

294 1097 386 1148 ὅτι
413 1089 561 1157 οὗτός
595 1099 744 1150 ἐστιν
773 1099 801 1149 6
846 1097 1081 1167 Χριστὸς
1110 1099 1137 1149 6
1170 1099 1296 1161 Υἱὸς
1340 1098 1436 1151 τοῦ
1481 1097 1638 1151 Θεοῦ.
1682 1116 1699 1148 »
1741 1098 1872 1160 Καὶ,

304 1207 327 1239 «
385 1188 444 1241 Ὀ
486 1190 784 1258 μονογενὴς
817 1188 964 1250 Υἱὸς,
998 1192 1026 1241 6
1062 1188 1136 1241 ὣν
1166 1190 1246 1251 εἰς
1273 1189 1364 1242 τὸν
1394 1190 1590 1241 κόλπον
1619 1188 1711 1240 τοῦ
1763 1189 1875 1239 Πα-

294 1279 453 1343 τρδς,
482 1281 687 1341 ἐκεῖνος
731 1278 1062 1348 ἐξηγήσατο.
1105 1298 1124 1331 »
1164 1282 1293 1345 Καὶ,
1334 1300 1352 1333 ι
1411 1279 1602 1341 Οὕτως
1652 1281 1875 1348 ἠγάπη·

297 1384 399 1420 σεν
423 1372 450 1422 6
476 1369 607 1432 Θεὸς
637 1371 727 1423 τὸν
754 1371 978 1440 κόσμον,
1011 1372 1154 1426 ὥστε
1185 1373 1276 1426 τὸν
1315 1373 1439 1426 Υῐὸν
1471 1374 1635 1425 αὑτοῦ
1661 1373 1749 1424 τὸν
1780 1390 1877 1441 μο-

296 1459 500 1526 νογενῆ
533 1458 723 1513 ἔδωκε.
751 1478 769 1511 »
792 1463 900 1514 Kal
924 1464 952 1514 6
972 1464 1352 1532 ὴγαπημένος,
1386 1483 1404 1515 ι
1439 1463 1551 1516 Ἵνα
1570 1465 1877 1533 γινώσκητε

296 1551 434 1617 περὶ
464 1551 556 1602 τοῦ
584 1552 910 1620 μονογενοῦς
949 1554 1103 1607 Υἱοῦ.
1138 1574 1155 1606 ι

382 1641 499 1695 Τὸν
524 1644 594 1697 ἐκ
646 1646 751 1699 τοῦ
807 1650 1033 1715 Πατρὸς
1062 1650 1425 1715 γεννηθέντα
1478 1650 1591 1717 πρὸ
1636 1649 1879 1703 πάντων

1975 556 2157 623 μένου,
2192 573 2210 604 «
2240 546 2407 612 Οὗτός
2436 554 2583 602 ἐστιν
2604 536 2645 599 ¹ὁ
2677 546 2931 616 ἀληθινὸς
2970 544 3101 606 Θεὸς
3136 545 3231 595 καὶ
3264 542 3376 612 ζωὴ
3406 544 3541 596 αἰώ-

1974 663 2137 709 νιος,›
2171 647 2283 705 καὶ,
2320 663 2336 693 «
2360 643 2558 712 Ἐσμὲν
2590 643 2645 693 ἐν
2669 639 2744 707 τῷ
2772 637 3035 707 ἀληθινῷ,
3064 639 3118 688 ὲν
3143 635 3219 704 τῷ
3234 636 3348 703 Υἱῷ
3379 634 3542 687 αύτοῦ

1973 737 2149 804 Ἰησοῦ
2196 736 2438 805 Χριστῷ.
2471 752 2488 784 »
2538 730 2892 799 Ιεζύαγγελίου,
2948 749 2967 780 ι
3003 728 3146 798 Ἐγώ
3188 728 3301 795 εἰμι
3350 727 3383 795 ὴ
3410 728 3539 795 ἁλὴς

1973 830 2115 881 θεια.
2133 848 2149 878 »
2176 827 2412 889 Παύλου,
2447 845 2463 877 «
2496 826 2651 878 Κατὰ
2675 824 2773 893 τὴν
2803 822 3122 890 ἐπιφάνειαν
3147 821 3245 886 τῆς
3270 819 3426 889 δόξης
3450 819 3543 871 τοῦ

1976 921 2217 989 μεγάλου
2248 917 2384 970 Θεοῦ
2418 918 2512 969 καὶ
2546 916 2798 983 Σωτῆρος
2832 914 2988 981 ἡμῶν
3018 913 3196 979 Ἰησοῦ
3228 910 3487 978 Χριστοῦ.
3525 928 3543 961 ι

2016 1010 2446 1076 .Γενν¹ηθέντα.
2496 1009 2833 1077 Παροιμιῶν,
2869 1025 2886 1057 «
2930 1006 3041 1073 llp’)
3068 1005 3124 1057 δὲ
3166 1004 3381 1058 πάντων
3431 1002 3552 1070 βου·
3610 1058 3613 1061 _

1973 1104 2080 1154 νῶν
2111 1104 2276 1171 γεννᾷ
2319 1119 2407 1168 με.
2446 1119 2463 1152 ι
2506 1100 2866 1167 Εύαγγελίου,
2902 1116 2924 1148 ι
2962 1096 3105 1164 Ἐγὼ
3127 1099 3206 1159 εἰς
3235 1096 3392 1148 τοῦτο
3425 1095 3550 1159 ἐλή-

1973 1197 2110 1248 λυθα
2147 1196 2241 1247 καὶ
2272 1196 2351 1255 εἰς
2381 1192 2542 1247 τοῦτο
2570 1193 2933 1260 γεγέννημαι.
2966 1210 2988 1246 »
3023 1189 3130 1243 Τοῦ
3162 1189 3548 1257 ἠγαπημένοι),

1981 1305 2001 1337 «
2043 1287 2101 1340 Ὀ
2118 1287 2347 1353 ἀγαπῶν
2372 1288 2463 1336 τὸν
2494 1285 2857 1353 γεννήσαντα,
2894 1284 3086 1353 ἀγαπᾷ
3117 1283 3211 1335 καὶ
3242 1283 3335 1333 τὸν
3360 1296 3543 1347 γεγεν-

1977 1380 2208 1448 νημένον
2236 1377 2293 1441 ἐξ
2333 1376 2519 1431 αὐτοῦ.
2557 1395 2575 1425 »

2048 1470 2211 1541 434
2238 1460 2318 1522 bi)
2347 1470 2691 1532 ποιηθέντα.
2719 1468 3048 1535 Γεγέννηται
3076 1466 3205 1536 γὰρ,
3232 1467 3292 1517 οὒ
3328 1464 3556 1533 πεποίη-

1978 1579 2067 1614 ται
2092 1562 2227 1628 μετὰ
2252 1562 2359 1612 τῶν
2384 1561 2726 1625 κτισμάτων,
2755 1561 2839 1612 ὅτι
2872 1558 3032 1618 αὐτὸς
3058 1558 3275 1611 πάντων
3299 1556 3550 1623 ποιητής.

1982 1652 2216 1713 Παύλου,
2254 1671 2271 1703 ι
2312 1650 2389 1702 Δι’
2419 1644 2481 1703 οὗ
2534 1649 2785 1710 καὶτοὺς
2838 1649 3043 1710 αἰῶνας
3092 1648 3338 1716 ἐποίησε.
3383 1665 3400 1696 »
3446 1645 3557 1712 Τῆς

296 1734 427 1786 ’τῶν
454 1736 701 1789 αἰώνων.
740 1737 1093 1806 Εὐαγγελίου,
1126 1758 1146 1790 «
1189 1742 1302 1804 Πᾶς
1327 1744 1352 1794 6
1381 1742 1611 1809 ἀγαπῶν
1640 1743 1733 1795 τὸν
1754 1760 1879 1811 γεν-
1912 1786 1953 1811 ο
1983 1742 2204 1805 Σοφίας,
2245 1760 2263 1791 ί
2309 1743 2367 1791 Ὀ
2400 1743 2633 1808 ποιήσας
2667 1742 2735 1793 τά
2765 1740 2943 1792 πάντα
2969 1740 3025 1790 ὲν
3060 1738 3201 1805 λόγῳ
3242 1753 3358 1789 σου·
3399 1754 3417 1787 ³

302 1824 569 1888 νήσαντα,
795 1828 987 1896 ἀγαπᾷ
1020 1830 1111 1881 καὶ
1140 1830 1229 1882 τὸν
1255 1832 1652 1900 γεγεννημένον
1678 1832 1737 1895 ὲξ
1784 1833 1880 1884 a6-

299 1912 425 1967 τοῦ.
463 1934 481 1966 »
520 1916 648 1981 Kal,
678 1935 696 1966 «
740 1917 854 1969 Νῦν
897 1919 1117 1983 δόξασόν
1164 1938 1231 1988 με
1260 1925 1326 1991 τῇ
1355 1922 1483 1991 δόξῃ
1598 1920 1743 1991 εἶχον
1775 1924 1881 1991 πρδ

299 2005 403 2058 τοῦ
431 2007 522 2059 τὸν
556 2007 759 2076 κόσμον
787 2004 928 2061 εἶναι
958 2011 1113 2079 παρὰ
1138 2014 1240 2076 σοὶ,
1275 2031 1294 2064 »
1330 2014 1445 2077 καὶ,
1477 2031 1496 2064 «
1521 2015 1607 2065 ‘Ev
1645 2015 1786 2082 ἀρχῇ
1813 2011 1881 2083 ἦν

299 2098 330 2147 6
363 2098 561 2163 Λόγος,
597 2117 615 2150 »
656 2101 768 2163 καὶ,
808 2118 827 2151 «
848 2101 906 2152 Ὀ
934 2101 1008 2154 ὢν
1036 2104 1091 2154 ὲν
1115 2105 1230 2165 τοῖς
1264 2104 1483 2166 κόλποις
1519 2105 1614 2157 τοῦ
1646 2105 1879 2173 Πατρός,

300 2191 428 2254 καὶ,
462 2208 481 2241 «
532 2191 591 2244 '0
619 2187 685 2260 ἦν
715 2192 811 2243 ἀπ’
835 2192 1037 2261 ἀρχῆς.
1068 2211 1087 2244 »
1137 2194 1482 2261 Ἀποστόλου,
1516 2215 1534 2247 «
1575 2195 1695 2247 Ἐπ’
1722 2197 1879 2264 ἐσχά-

301 2298 419 2331 των
452 2280 559 2331 τῶν
592 2282 818 2349 ἡμερῶν
854 2282 1059 2335 τούτων
1102 2284 1365 2353 ἐλάλησεν
1396 2288 1527 2355 ἡμῖν
1560 2288 1615 2337 ἐν
1649 2286 1784 2355 Υῑῷ,
1815 2286 1881 2338 δι’

298 2372 368 2424 οὗ
415 2375 505 2424 καλ⁵
550 2375 675 2433 τοὺς
709 2375 911 2438 αἰῶνας
970 2378 1217 2447 ἐποίησε.
1265 2398 1283 2429 »
1323 2379 1660 2448 Παροιμιῶν,
1713 2398 1730 2430 ι
1771 2380 1883 2451 Πρὸ

304 2462 405 2512 τοῦ
441 2462 640 2521 αἰῶνος
660 2464 996 2531 ὶθεμελῐωσὲ
1029 2484 1118 2535 με,
1149 2468 1254 2535 πρὸ
1284 2469 1341 2521 δὲ
1367 2470 1585 2523 πάντων
1615 2471 1723 2523 τῶν
1760 2471 1883 2542 βου·

308 2554 424 2605 νῶν
474 2556 637 2625 γεννᾷ
694 2573 783 2622 με.
847 2575 865 2607 »
918 2558 1277 2625 Εὐαγγελίου,
1316 2579 1335 2612 «
1370 2561 1468 2613 Ἐκ
1516 2563 1609 2613 τοῦ
1670 2565 1884 2633 Πατρδς

306 2646 543 2715 ἐξῆλθον
578 2649 671 2699 καὶ
699 2649 844 2718 ἥκω,
884 2667 901 2699 »
944 2650 1060 2715 καὶ,
1100 2669 1119 2702 «
1156 2650 1415 2721 Ἐξῆλθον
1443 2655 1507 2706 ὲκ
1535 2653 1630 2706 τοῦ
1673 2655 1886 2724 Πατρός

304 2740 406 2790 καὶ
436 2739 668 2808 ἐλήλυθα
696 2741 780 2802 εἰς
808 2741 899 2791 τὸν
933 2741 1158 2808 κόσμον.
1203 2760 1222 2793 »

380 2826 515 2891 Φῶς
542 2829 610 2881 ἐκ
662 2836 874 2897 φωτός.
921 2830 1281 2898 Εύαγγελίου,
1332 2853 1349 2885 «
1391 2835 1508 2887 Ἵνα
1558 2838 1885 2908 μαρτυρήσῃ

306 2922 441 2989 περὶ
478 2920 573 2972 τοῦ
624 2922 819 2988 φωτὸς,
857 2940 876 2973 «
929 2924 1044 2986 καὶ,
1086 2942 1105 2975 ι
1138 2920 1245 2977 Ἦν
1288 2924 1347 2979 1:6
1386 2926 1501 2998 φῶς
1550 2928 1827 2997 ἀληθινὸν,
1859 2930 1887 2983 6

304 3009 731 3077 φωτίζειπάντα
760 3011 1050 3081 ἄνθρωπον
1066 3015 1364 3084 ἐρχόμενον
1391 3019 1470 3080 εἰς
1495 3018 1584 3071 τὸν
1612 3020 1836 3089 κόσμον.
1861 3038 1880 3071 »

2062 1834 2422 1901 Ὀμοούσιον
2449 1831 2527 1895 τῷ
2576 1832 2780 1899 Πατρί.
2816 1830 3174 1898 Εύαγγελίου,
3216 1848 3234 1880 «
3276 1829 3420 1895 Ἐγὼ
3465 1826 3557 1879 καὶ

1982 1925 2009 1975 6
2035 1924 2224 1992 Πατήρ
2256 1940 2357 1991 μου
2389 1923 2449 1975 ’ἐν
2479 1923 2670 1990 ἐσμεν,
2707 1939 2724 1971 »
2755 1922 2870 1983 καὶ,
2904 1938 2923 1972 «
2957 1922 3070 1973 Ούκ
3093 1920 3294 1985 οἴδατε,
3329 1920 3411 1970 ὅτι
3444 1918 3555 1981 ἐγὼ

1981 2016 2040 2070 ὲν
2068 2020 2145 2083 τῷ
2184 2016 2362 2083 llath
2388 2014 2481 2067 καὶ
2511 2017 2538 2066 6
2566 2013 2751 2082 Πατὴρ
2786 2015 2842 2064 ὲν
2873 2014 3036 2081 ὲμοὶς
3074 2030 3092 2062 ι
3138 2012 3253 2082 κριὶ,
3293 2030 3313 2062 «
3366 2010 3424 2061 Ὀ
3454 2011 3556 2061 ἐω-

1986 2102 2168 2173 ρακώς
2205 2122 2269 2172 με
2300 2102 2513 2173 ἑώρακε
2543 2103 2634 2155 τὸν
2662 2103 2905 2173 Πατέρα.
2942 2121 2961 2154 »
3008 2102 3244 2166 Παύλου,
3286 2118 3306 2152 «
3350 2102 3445 2162 Ὃς
3479 2098 3556 2151 ῶν

1983 2195 2324 2263 ἀπαύγασμα
2362 2196 2457 2263 τῆς
2488 2194 2645 2260 δόξης
2689 2196 2784 2246 καὶ
2829 2194 3121 2263 χαρακτὴρ
3172 2197 3272 2262 τῆς
3312 2194 3555 2244 ὑποστά-

1984 2304 2119 2349 σεως
2156 2286 2345 2349 αὐτοῦ,
2383 2304 2402 2336 »
2438 2287 2555 2349 καὶ,
2598 2306 2616 2337 «
2663 2289 2756 2348 Ὃς
2799 2288 2857 2338 ὲν
2904 2289 3084 2354 μορφῇ
3116 2285 3247 2336 Θεοῦ
3293 2286 3555 2352 ὑπάρχων

1982 2382 2082 2451 οὐχ
2110 2380 2407 2448 ἁρπαγμὸν
2433 2378 2683 2449 ἡγήσατο
2713 2378 2773 2430 τὸ
2810 2374 2950 2430 εἶναι
2984 2379 3074 2429 [σα
3108 2376 3249 2445 Θεῷ,
3281 2374 3396 2428 ἀλλ’
3426 2377 3557 2427 tau-

1984 2473 2076 2526 τὸν
2109 2472 2343 2525 ὲκένωσε
2383 2471 2599 2541 μορφὴν
2635 2471 2824 2523 δούλου
2848 2469 3048 2523 λαὸών.
3088 2488 3107 2519 »

2056 2567 2138 2617 Δι’
2169 2560 2241 2620 οὗ
2271 2566 2343 2617 τὰ
2391 2563 2587 2617 πάντα
2613 2562 2876 2631 ἐγένετο.
2921 2561 3158 2621 Παύλου,
3192 2580 3209 2611 «
3251 2563 3327 2613 Δι’
3366 2556 3424 2613 οὗ
3460 2562 3557 2613 καὶ

1984 2654 2113 2716 τοὺς
2140 2655 2345 2715 αἰῶνας
2371 2654 2616 2724 ἐποίησε,
2662 2671 2683 2705 »
2721 2657 2833 2715 καὶ,
2875 2671 2893 2702 «
2932 2654 3111 2705 Πάντα
3146 2652 3215 2705 δι’
3255 2651 3420 2705 αὐτοῦ
3462 2652 3557 2704 καὶ

1987 2748 2066 2809 εἰς
2098 2747 2259 2799 αὑτὸν
2306 2745 2571 2808 ἔκτισται,
2609 2764 2627 2797 »
2668 2747 2782 2804 καὶ.
2827 2762 2846 2793 ι
2896 2744 3065 2805 Αὐτός
3114 2746 3231 2796 ἐστι
3279 2742 3386 2811 πρὸ
3420 2743 3555 2794 πάν-

1987 2857 2116 2903 των,
2151 2840 2244 2892 καὶ
2266 2839 2331 2891 τὰ
2369 2837 2545 2891 πάντα
2575 2839 2631 2889 ὲν
2673 2836 2821 2906 αύτῷ
2864 2836 3213 2905 συνέστηκεν.
3252 2852 3270 2885 »
3308 2836 3557 2900 Εὸαγγε-

1988 2931 2125 2994 λίου,
2165 2947 2185 2982 ι
2234 2927 2422 2982 Πάντα
2450 2929 2519 2981 δι’
2560 2927 2727 2980 αὐτοῦ
2767 2928 3007 2995 ἐγένετο,
3057 2928 3151 2979 καὶ
3185 2926 3351 2995 χωρὶς
3390 2924 3555 2978 αὐτοῦ

1990 3022 2205 3087 ἐγένετο
2234 3020 2356 3073 οὐδὲ
2405 3021 2463 3072 ἓν
2487 3019 2515 3071 ὃ
2563 3020 2775 3087 γέγονε.
2825 3037 2842 3069 »
2887 3018 3226 3087 Παροιμιῶν,
3261 3037 3278 3067 «
3317 3017 3428 3087 Πρὸ
3460 3017 3555 3069 τοῦ

300 3100 498 3163 Δαὸὶδ,
531 3119 548 3151 «
586 3102 678 3154 Ἐν
711 3102 788 3170 τῷ
815 3103 955 3170 φωτί
982 3120 1076 3157 σου
1110 3105 1355 3174 ὀψόμεθα
1400 3108 1537 3176 φῶς.
1580 3126 1599 3160 »
1645 3110 1880 3176 Παύλου,
1909 3102 1954 3164 C
1988 3112 2185 3175 αἰῶνος
2216 3110 2671 3181 ὲθεμελίωσέΑιε.
2711 3128 2728 3162 »
2762 3109 2934 3162 Τοῦτο
2959 3110 3014 3162 δὲ
3047 3108 3146 3177 τὴν
3178 3111 3235 3161 ὲν
3271 3107 3349 3177 τῷ
3385 3109 3557 3175 Πατρὶ

310 3211 331 3245 «
385 3194 488 3254 Ὃς
515 3191 589 3245 ὣν
615 3192 958 3265 ἀπαύγασμα
986 3197 1087 3264 τῆς
1113 3198 1290 3269 δόξης.
1328 3218 1347 3251 »

306 3389 329 3424 ο
367 3368 443 3427 Ut
478 3382 815 3440 cognoscant
837 3380 891 3428 te
939 3388 1130 3429 verum
1184 3376 1352 3431 Deum
1386 3387 1439 3432 et
1492 3395 1653 3451 qucm
1682 3385 1882 3439 misisti

305 3461 500 3517 lusum
528 3462 827 3531 Christum,
862 3484 880 3516 ι
920 3477 975 3521 et
1003 3486 1016 3521 :
1051 3487 1069 3519 «
1105 3465 1184 3522 T'u
1211 3485 1270 3525 es
1290 3472 1565 3541 Christus,
1590 3474 1764 3531 Filius
1791 3477 1885 3532 Dei

306 3554 441 3618 vivi,
504 3572 524 3605 »
556 3562 651 3609 et:
690 3575 708 3607 «
753 3555 835 3610 Tu
873 3573 931 3613 es
966 3557 1139 3616 Filius
1191 3577 1347 3617 meus
1398 3563 1655 3619 dilectus.
1696 3585 1715 3618 »
1756 3578 1809 3622 et
1869 3588 1881 3623 :

310 3664 330 3697 «
366 3644 486 3714 Ego
515 3646 621 3698 vidi
650 3655 703 3700 ct
728 3649 957 3715 credidi,
1006 3651 1154 3706 hunc
1204 3668 1323 3708 esse
1349 3654 1635 3709 Christum
1684 3657 1882 3713 Filium

309 3733 431 3799 Dei,
471 3752 489 3784 »
529 3744 617 3788 et:
654 3752 673 3787 «
709 3736 901 3792 Credis
931 3740 982 3792 in
1019 3739 1213 3794 Filium
1243 3744 1358 3805 Dei,
1402 3763 1420 3793 »
1461 3759 1511 3798 et
1550 3762 1563 3798 :
1604 3765 1621 3796 «
1668 3746 1881 3816 Scripta

313 3828 433 3880 haec
463 3834 613 3889 sunt,
641 3836 698 3878 ut
719 3829 963 3892 credant,
1001 3830 1145 3885 hunc
1180 3847 1302 3886 esse
1342 3832 1623 3889 Christum
1684 3836 1883 3890 Filium

312 3920 436 3983 υιιί,
472 3936 490 3969 »
526 3926 579 3971 et
612 3935 627 3973 :
664 3938 683 3969 «
716 3919 1041 3988 Uttigenitus
1066 3922 1261 3983 Pilius,
1294 3927 1387 3992 qui
1417 3935 1498 3980 est
1536 3928 1589 3979 itt
1623 3928 1745 3981 sinu
1786 3928 1889 3982 Pa-

314 4012 439 4071 tris,
477 4008 564 4061 ille
601 4009 759 4063 nobis
803 4013 1079 4079 exposuit.
1111 4031 1128 4064 »
1172 4012 1233 4064 Et
1267 4030 1281 4063 :
1319 4033 1337 4065 «
1370 4015 1519 4079 Agleo
1545 4015 1687 4071 Deus
1724 4033 1885 4070 mutt-

306 4101 443 4153 .dum
479 4100 688 4163 dilexit,
720 4110 776 4153 ut
804 4101 1017 4156 dederit
1044 4104 1383 4171 unigenitum
1403 4105 1605 4161 Filium
1637 4124 1822 4164 suum.
1861 4129 1880 4162 »

314 4192 380 4245 Et
407 4192 681 4245 dilectus:
721 4211 739 4242 «
780 4192 847 4247 Ut
873 4197 1219 4263 cognoscatis
1239 4197 1435 4251 Filium
1465 4202 1831 4268 unigenitum.
1861 4224 1879 4256 »

388 4286 454 4336 Iit
478 4298 542 4335 ea:
576 4282 734 4337 Patre
765 4296 1067 4353 generatum
1088 4299 1211 4341 ante
1246 4292 1423 4341 omnia
1452 4292 1670 4346 macula.
1708 4294 1883 4347 Evan-

314 4376 519 4442 geliunt
557 4392 569 4427 :
603 4394 620 4426 «
658 4374 761 4440 Qui
793 4387 1178 4445 generatorem
1218 4389 1386 4445 amat,
1423 4393 1568 4436 amat
1599 4386 1761 4439 etiam
1790 4402 1883 4454 ge—

316 4476 565 4519 neratum
595 4483 657 4519 ex
678 4482 765 4531 eo,
797 4486 814 4518 »
845 4477 929 4521 et:
970 4487 988 4519 «
1016 4468 1269 4524 Gloritica
1293 4487 1375 4525 me
1403 4488 1463 4526 ea
1489 4474 1680 4542 gloria,
1713 4493 1876 4546 quam

318 4557 482 4608 habui
514 4555 653 4622 apud
697 4566 747 4609 te
815 4568 937 4612 ante
993 4562 1252 4614 mundum
1298 4566 1604 4629 conditutn,
1648 4585 1665 4618 »
1707 4560 1811 4622 et:
1854 4590 1871 4621 «

315 4646 372 4698 ln
410 4645 681 4713 principio
712 4657 830 4699 erat
866 4647 1119 4713 Verbum,
1161 4672 1179 4701 »
1211 4661 1265 4705 et
1294 4670 1307 4706 :
1340 4671 1358 4702 «
1389 4655 1490 4719 Qui
1520 4665 1640 4709 erat
1674 4658 1725 4710 in
1757 4660 1881 4713 sinu

318 4738 519 4795 Patris.
554 4756 571 4788 «
610 4746 663 4789 et
705 4754 717 4789 :
771 4759 788 4788 «
830 4740 929 4803 Qui
963 4753 1079 4793 erat
1108 4742 1230 4794 inde
1262 4758 1290 4795 a
1344 4745 1637 4814 principio.
1669 4766 1687 4797 »
1742 4749 1884 4815 Apo.

321 4832 499 4883 stolus
536 4845 548 4879 :
593 4847 609 4877 «
648 4829 918 4883 Extremis
952 4830 1035 4884 his
1076 4832 1270 4885 «liehus
1324 4834 1539 4888 loeutus
1567 4847 1649 4891 est
1691 4840 1873 4892 nobis-

316 4936 438 4973 cum
477 4920 529 4970 in
565 4919 720 4981 Filio,
758 4935 851 4987 per
868 4936 1027 4988 quem
1062 4925 1257 4977 saecula
1294 4928 1557 4980 condidit.
1595 4946 1613 4977 »
1643 4928 1873 4982 Prover-

318 5013 401 5061 bia
431 5028 442 5061 :
483 5028 500 5059 «
536 5010 675 5062 Ante
694 5011 893 5064 s:ccula
923 5013 1167 5065 condidit
1210 5029 1314 5079 me,
1347 5027 1472 5071 ante
1502 5034 1692 5072 omnes
1717 5020 1883 5075 colles

320 5117 346 5169 ς
372 5103 485 5169 guit
511 5117 649 5154 ηιμ.»
682 5101 1065 5171 Evangelium:
1094 5121 1112 5153 «
1142 5106 1179 5157 Ε
1204 5104 1361 5159 Patre
1394 5108 1501 5160 exii
1536 5119 1589 5162 et
1617 5111 1832 5173 adsum,
1860 5130 1880 5162 »

320 5205 367 5244 et
411 5208 423 5240 :
466 5210 483 5241 «
529 5192 651 5247 Exii
684 5209 713 5246 e
746 5193 928 5257 Patre,
960 5204 1015 5248 et
1043 5197 1165 5248 veni
1201 5196 1254 5249 in
1286 5198 1429 5252 hunc
1453 5202 1737 5255 tnttndut‘u.
1772 5221 1790 5253 »

387 5285 586 5339 Lumen
615 5291 678 5340 de
703 5288 914 5340 lumine.
980 5287 1363 5357 Evangeliuin:
1428 5290 1528 5344 «Ut
1590 5302 1881 5346 testaretur

321 5376 382 5430 de
420 5378 682 5438 lumine,»
711 5390 763 5432 et
796 5378 953 5432 «Erat
988 5393 1172 5432 verum
1243 5380 1423 5433 lumen
1478 5384 1622 5451 quod
1655 5384 1888 5438 illustrat

320 5484 530 5522 omnem
573 5469 848 5523 hominem
896 5470 1072 5537 quiin
1128 5472 1392 5525 ntundum
1425 5474 1593 5526 venit.
1627 5493 1647 5524 »
1686 5476 1884 5530 David:

327 5562 416 5612 «lu
453 5560 662 5615 lumine
703 5571 795 5614 tuo
844 5562 1148 5616 videbimus
1212 5562 1449 5617 lumen.»
1480 5564 1722 5623 Paulus:
1753 5566 1887 5631 «Qui

326 5662 442 5705 erat
476 5652 734 5721 splendor
763 5668 1118 5722 repercussus
1153 5655 1391 5725 gloriae.»

398 5742 562 5800 Deum
618 5762 798 5803 verum
859 5745 924 5799 de
986 5746 1095 5802 Deo
1146 5764 1287 5804 vero.
1325 5748 1594 5804 Dilectus:
1647 5748 1778 5805 «llic
1807 5759 1892 5805 est

1991 3206 2258 3275 μαρτυρεί
2303 3205 2401 3272 τῆς
2429 3200 2611 3271 ζώσης
2658 3201 2848 3269 σοφίας
2878 3200 3041 3253 αὐτοῦ
3074 3201 3179 3267 προ
3229 3200 3422 3261 αἰῶνος
3461 3205 3557 3252 καὶ

1990 3379 2130 3432 Deus
2192 3394 2351 3431 verus
2403 3387 2455 3429 et
2490 3377 2597 3429 vita
2640 3383 2897 3436 aeterna,»
2938 3382 2985 3427 ct
3030 3388 3042 3423 :
3084 3372 3318 3425 «Sumus
3345 3370 3398 3423 iu
3430 3386 3556 3421 vero

1987 3469 2120 3534 Deo,
2161 3470 2213 3522 iit
2279 3466 2414 3522 Filio
2468 3467 2586 3536 ejus
2633 3466 2764 3521 Jesu
2804 3465 3048 3521 Christo.
3087 3482 3107 3514 »
3162 3464 3553 3533 Evangelium:

1994 3582 2011 3613 «
2048 3562 2155 3630 Ego
2190 3578 2307 3615 sum
2345 3561 2568 3616 veritas.
2596 3577 2615 3609 »
2650 3558 2889 3613 Paulus:
2925 3578 2942 3608 «
2976 3556 3079 3611 Per
3112 3558 3404 3609 adventum
3444 3556 3560 3623 μια-

1988 3656 2083 3707 ria:
2119 3653 2295 3721 magni
2323 3651 2414 3703 Dei
2445 3661 2500 3705 et
2530 3650 2833 3704 Salvatoris
2870 3650 3042 3702 nostri
3066 3646 3197 3700 Jesu
3222 3647 3481 3703 Christi.»

2057 3741 2326 3795 Genuum.
2368 3736 2705 3792 Proverbia:
2762 3737 2929 3789 «Ante
2959 3750 3150 3789 omnes
3190 3734 3358 3787 colles
3390 3735 3558 3802 gignit

1990 3848 2128 3884 me.»
2167 3830 2525 3897 Evangelium
2559 3844 2574 3879 :
2612 3825 2757 3893 «Ego
2798 3824 2865 3877 ad
2896 3824 2998 3876 hoc
3026 3824 3144 3876 veni
3169 3832 3224 3876 et
3241 3822 3306 3876 ad
3335 3824 3431 3877 llOt'
3468 3842 3558 3892 g0-

1989 3922 2136 3975 nitns
2163 3935 2337 3973 smn.»
2375 3918 2646 3970 Dilectus:
2685 3915 2819 3980 «Qui
2850 3915 3152 3984 genitorem
3183 3922 3351 3978 amat,
3388 3914 3555 3967 etiam

1989 4013 2229 4081 genitum
2253 4025 2320 4062 ex
2336 4023 2421 4063 eo.
2437 4026 2454 4058 »

2057 4102 2175 4157 Non
2204 4102 2423 4170 factum.
2461 4099 2692 4154 Genitus
2730 4098 2876 4153 enim
2927 4108 3011 4152 cst
3036 4137 3048 4160 ,
3077 4114 3183 4152 non
3223 4099 3396 4152 factus
3428 4114 3551 4153 cum

1986 4197 2273 4259 creaturis,
2315 4194 2440 4264 quia
2468 4194 2585 4263 ipse
2615 4193 2863 4246 omnium
2925 4200 3144 4245 creator
3173 4199 3277 4243 est.
3313 4190 3548 4243 l'aulus:
3596 4226 3597 4229 η

1993 4290 2127 4343 «Per
2155 4303 2314 4356 quem
2346 4288 2508 4341 etiam
2552 4286 2751 4339 saecula
2787 4282 3082 4339 conlidit.»
3120 4280 3279 4336 Liber
3314 4280 3551 4350 Sapien-

1988 4385 2120 4437 tiae:
2160 4402 2176 4433 «
2211 4382 2312 4447 Qui
2342 4390 2537 4436 cuncta
2573 4378 2703 4433 fecit
2736 4380 2787 4431 in
2826 4378 3190 4431 nominetuo.
3225 4395 3243 4427 »

2063 4470 2569 4527 Consubstantialem
2586 4470 2757 4522 Patri.
2782 4466 3127 4535 Evangelium
3150 4486 3166 4516 «
3183 4466 3289 4534 Ego
3315 4477 3368 4519 et.
3392 4465 3555 4519 Pater

1988 4577 2160 4613 unttm
2223 4575 2436 4623 smnus,
2467 4578 2484 4607 »
2520 4570 2607 4613 et:
2647 4561 2756 4611 «At»
2796 4556 3043 4618 nescitis,
3079 4572 3163 4608 tne
3189 4556 3241 4607 in
3282 4554 3463 4619 Patre,
3502 4567 3549 4608 et

1984 4652 2197 4705 Patrem
2225 4652 2278 4704 in
2328 4666 2409 4704 tne
2451 4666 2630 4708 esse,»
2680 4662 2734 4702 et
2768 4666 2780 4698 :
2825 4666 2842 4699 «
2884 4648 2986 4713 Qui
3026 4664 3111 4701 me
3152 4651 3307 4712 vidit,
3340 4649 3551 4701 Pati-em

1984 4742 2172 4795 vidit.»
2228 4741 2467 4793 Paulus:
2528 4738 2660 4804 «Qti
2714 4751 2797 4792 est
2856 4739 3113 4806 splendor
3178 4756 3540 4807 repercussus

1986 4831 2172 4900 gloriae
2225 4838 2277 4882 et
2300 4831 2578 4883 character
2606 4843 2850 4896 pet-some
2876 4829 3051 4895 ejus,»
3103 4837 3157 4881 ct
3186 4846 3198 4881 :
3235 4849 3252 4879 «
3290 4829 3394 4892 Qui
3427 4847 3552 4885 cuin

1985 4932 2129 4976 esset
2162 4924 2214 4974 in
2252 4921 2421 4976 forma
2474 4921 2591 4983 Dei,
2629 4921 2875 4987 rapinam
2912 4935 3031 4974 esse
3063 4936 3170 4973 non
3199 4923 3551 4987 existimavit,

1986 5017 2129 5083 quod
2172 5013 2282 5069 Deo
2314 5030 2410 5082 par
2432 5020 2596 5078 esset,
2635 5014 2727 5067 sed
2763 5013 2879 5081 ipse
2913 5027 3033 5067 sese
3061 5014 3331 5082 spoliavit,
3378 5014 3552 5069 forma

1988 5107 2128 5159 servi
2158 5105 2397 5157 induta.»

2059 5196 2165 5249 Per
2187 5213 2338 5266 quem
2364 5198 2543 5249 omnia
2571 5202 2715 5265 ,acta
2768 5207 2909 5250 sunt.
2952 5196 3185 5251 Paulus:
3234 5198 3550 5267 «Perquem

1988 5288 2187 5341 saecula
2220 5288 2395 5353 fecit,»
2424 5297 2476 5342 et
2501 5305 2514 5341 :
2546 5308 2562 5339 «
2584 5288 2792 5342 Cum-ta
2828 5304 2921 5357 per
2949 5306 3075 5343 eum
3106 5299 3159 5343 et
3179 5291 3244 5343 ad
3270 5306 3394 5344 cum
3416 5306 3551 5343 con-

1988 5384 2096 5435 dita
2135 5391 2280 5443 sunt,
2318 5400 2336 5432 »
2374 5390 2469 5434 et:
2510 5382 2662 5449 «Ipse
2693 5393 2817 5435 ante
2844 5383 3028 5434 omnia
3061 5392 3164 5446 est,
3202 5393 3254 5435 et
3287 5385 3468 5436 omnia
3497 5383 3548 5433 itt

1990 5474 2109 5541 ipso
2141 5473 2503 5527 consistunt.»
2541 5473 2927 5541 Evangelium:
2971 5474 3209 5528 «Cuncta
3244 5488 3336 5539 per
3372 5472 3549 5539 ipsum

1991 5564 2128 5616 facta
2148 5574 2273 5616 sunt
2300 5570 2353 5616 et
2372 5562 2487 5616 sine
2507 5564 2628 5631 ipso
2648 5562 2781 5615 nihil
2809 5563 3013 5616 factum
3034 5572 3137 5623 est,
3165 5560 3310 5627 quod
3344 5557 3546 5613 factum

1990 5663 2124 5708 est.»
2163 5652 2487 5710 Proverbia:
2526 5654 2694 5707 (Ante
2738 5655 2941 5708 saacula
2986 5652 3229 5705 condidit
3264 5664 3405 5702 me.»
3440 5648 3552 5705 Hoc

1993 5758 2175 5806 autem
2199 5749 2334 5805 viva:
2364 5748 2642 5817 sapientiae
2682 5751 2800 5815 ejus
2828 5751 2883 5804 iu
2914 5747 3075 5803 Patre
3100 5753 3223 5801 ante
3258 5756 3555 5843 omna?
