4022 6294
288 400 423 467 ΥΟθ

1310 415 1765 478 CHRONICON
1796 416 2063 480 MAJUS.
2100 441 2170 459 -
2224 425 2372 488 LIB.
2424 428 2523 487 IV.

3391 416 3449 481 19
3468 418 3527 479 1‘0

288 519 607 591 ἐσταυρώθη
632 523 726 576 καλ.
752 523 831 577 ὅτι
859 525 1031 598 ἐτάφη
1061 531 1155 583 καὶ
1172 530 1253 584 ὃτι
1284 532 1579 602 ἐγήγερται
1606 532 1672 601 τῇ
1703 530 1859 602 τρίτῃ
1890 537 1937 595 Α
1968 533 2066 602 μὲν
2093 532 2187 590 οὖν
2222 538 2426 607 Κύριος
2462 538 2600 608 μετὰ
2644 538 2703 591 τὸ
2754 539 2983 607 λαλῆσαι
3034 539 3213 599 αὐτοῖς
3250 535 3525 605 ἀνελήφθη

286 610 470 681 ήμέρᾳ
501 617 637 669 κατά
661 618 759 680 τὰς
788 620 1028 688 Γραφάς.
1068 641 1086 673 »

363 706 473 759 Καὶ
528 712 798 767 παθόντα
850 716 947 768 καὶ
1010 719 1293 786 ταφέντα.
1340 716 1639 781 Μωῦσέως,
1681 735 1699 768 «
1755 717 1866 770 Καὶ

284 795 440 847 ἔσται
479 799 510 867 ή
544 799 654 866 ζωή
711 819 804 855 σου
853 807 1179 877 κρεμαμένη
1226 807 1485 859 ἀπέναντι
1519 806 1628 859 τῶν
1667 806 1865 874 ὀφθαλ-

291 886 413 955 μῶν
442 905 556 941 σου.
607 910 625 942 »
687 892 937 957 Ἡσαΐου,
990 915 1008 948 «
1054 898 1141 961 Ὠς
1182 898 1455 967 πρόϐατον
1502 899 1594 950 ἐπὶ
1650 896 1865 966 σφαγὴν

284 978 454 1048 ἤχθη,
493 998 511 1030 ›
554 982 666 1045 καὶ,
698 999 719 1034 ι
750 983 852 1038 Τὸν
873 988 1040 1040 νῶτόν
1076 1006 1176 1057 μου
1202 990 1380 1042 ἔδωκα
1408 991 1485 1051 εἰς
1520 988 1810 1058 μάστιγας.
1842 1005 1859 1038 »

285 1072 475 1137 Δαὸὶδ,
511 1092 529 1123 «
570 1076 691 1128 Ὅτι
740 1077 853 1145 ἐγὼ
905 1082 984 1142 είς
1030 1080 1303 1148 μάστιγας
1355 1082 1593 1151 ἕτοιμος.
1638 1099 1657 1133 »
1693 1081 1865 1149 Ζαχα-

288 1166 437 1233 ρίου,
477 1186 496 1218 ‹
531 1167 597 1220 Τί
642 1170 696 1221 αἱ
740 1172 950 1239 πληγαὶ
997 1168 1155 1228 αὗται
1210 1176 1481 1243 ἁναμέσον
1522 1175 1630 1227 τῶν
1665 1173 1867 1244 χειρῶν

290 1273 425 1321 σονς
468 1260 559 1311 καὶ
593 1262 709 1330 ἐρεῖ
740 1261 803 1324 ἃς
855 1264 1101 1335 ἐπλήγην
1132 1267 1188 1318 ἐν
1218 1266 1295 1335 τῷ
1327 1266 1461 1335 οἴκῳ
1494 1264 1570 1335 τῷ
1599 1258 1869 1332 ἀγαπητῷ

293 1362 421 1413 μου.
467 1366 484 1398 »
528 1348 880 1419 Εύαγγελίου,
917 1373 934 1404 «
993 1354 1118 1407 Ὅτι
1161 1356 1269 1408 ἔδει
1314 1356 1488 1419 οὕτως
1538 1358 1730 1410 παθεῖν
1778 1355 1870 1407 τὸν

288 1436 533 1506 Χριστὸν
565 1443 659 1493 καὶ
694 1443 957 1498 εἰσελθεῖν
985 1448 1063 1508 είς
1104 1449 1199 1516 τὴν
1222 1446 1381 1511 δόξαν
1413 1446 1603 1529 aurei}.
1642 1467 1661 1500 »
1694 1447 1871 1514 Εύαγ-

288 1531 505 1598 γελίου,
546 1550 565 1583 «
611 1533 722 1586 Καὶ
771 1534 951 1589 λαϐὼν
989 1539 1050 1591 τὸ
1110 1539 1270 1607 σῶμα
1327 1542 1353 1593 ὁ
1387 1539 1583 1608 Ἰωσὴφ
1634 1539 1873 1604 ἐτύλιξεν

279 1620 431 1673 αὐτὸ
472 1622 669 1675 σινδόνι
714 1624 956 1697 καθαρᾷ,
991 1628 1084 1681 καὶ
1118 1628 1314 1697 ἔθηκεν
1348 1630 1479 1682 αύτὸ
1522 1631 1580 1681 ἐν
1613 1629 1871 1699 μνημείῳ

291 1712 520 1784 καινῷδ
548 1709 614 1784 ἦν
644 1716 1085 1787 λελατομημένον
1110 1722 1172 1772 ἐκ
1199 1721 1425 1790 πέτρας.
1455 1739 1473 1772 »
1506 1721 1638 1782 Καὶ,
1669 1739 1686 1771 «
1718 1720 1873 1774 Ἔλα-

1966 627 2045 687 si;
2071 628 2196 690 τοὺς
2220 630 2483 696 οὐρανοὺς
2509 631 2602 682 καὶ
2628 626 2876 683 Ξκάθισεν
2907 632 2970 682 ἐκ
2998 628 3185 692 δεξιῶν
3215 628 3306 680 τοῖο
3336 628 3525 678 Θεοῦ.ι

1968 718 2102 782 Καὶ,
2132 736 2150 768 «
2193 719 2442 787 Ἐγένετο
2472 723 2528 773 ἐν
2553 720 2631 788 τῷ
2653 721 2892 787 εὐλογεῖν
2915 721 3075 773 αὐτὸν
3108 718 3327 780 αὖτοὺς,
3350 717 3529 775 διέστη

1967 809 2062 861 ἀπ’
2091 810 2271 862 αὐτῶν
2304 811 2396 863 καὶ
2434 811 2726 879 ἀνεφέρετο
2752 811 2829 872 είς
2855 811 2946 863 τὸν
2976 811 3222 877 οὐρανόν.
3263 827 3280 858 »

2038 902 2145 956 Καὶ
2175 902 2366 956 πάλιν
2403 905 2729 972 ἐρχόμενον
2768 903 2919 973 μετὰ
2946 902 3132 967 δόξης
3177 902 3371 969 κρῖναι
3400 899 3536 959 ζῶν-

1967 1010 2077 1060 τας
2112 994 2209 1047 καὶ
2256 996 2531 1061 νεκρούς.
2584 995 2862 1064 Πράξεων,
2906 1014 2924 1045 «
2965 994 3191 1059 Ἀνδρες
3241 992 3534 1053 Γαλιλαῖοι,

1971 1086 2022 1138 τί
2082 1086 2345 1154 ἑστήκατε
2401 1084 2689 1154 βλέποντες
2731 1086 2810 1147 είς
2877 1086 2968 1136 τὸν
3022 1081 3282 1152 ούρανόν;
3314 1080 3480 1141 Οὗτος
3512 1082 3538 1130 6

1988 1176 2189 1246 Ἰησοῦς
2216 1181 2242 1231 ὁ
2270 1178 2603 1247 ἀναληφθεὶς
2634 1177 2727 1245 ἀφ’
2762 1176 2915 1246 ὑμῶν
2939 1178 3015 1238 είς
3048 1175 3134 1227 τὸν
3167 1172 3417 1242 οὐρανὸν,
3449 1166 3540 1224 οὗ·

1973 1288 2065 1334 τος
2116 1271 2399 1324 ἐλεύσεται
2439 1270 2622 1332 πάλιν,
2671 1270 2729 1321 ὃν
2779 1269 2979 1337 τρόπον
3025 1266 3323 1319 ἐθεάσασθε
3378 1263 3541 1316 αὐτὸν

1974 1362 2337 1430 ἀνερχόμενον
2371 1360 2451 1422 είς
2492 1359 2587 1431 τὸν
2617 1358 2865 1423 οὐρανόν.
2918 1376 2935 1407 »
2968 1355 3326 1423 Εὑαγγελίου,
3375 1371 3392 1403 «
3430 1352 3542 1405 Kal.

1973 1449 2092 1502 τότε
2114 1450 2310 1517 ὄψεσθε
2343 1450 2433 1503 τὸν
2466 1450 2591 1502 Υιὸν
2620 1449 2712 1502 τοῦ
2752 1448 3040 1519 ἀνθρώπου
3075 1447 3368 1517 ἐρχόμενον
3406 1445 3542 1512 μετὰ

1974 1541 2133 1610 δόξης
2165 1542 2258 1593 ἐπὶ
2288 1541 2397 1593 τῶν
2421 1540 2661 1609 νεφελῶν
2680 1556 2696 1574 ο
2729 1540 2822 1593 καὶ
2845 1540 2967 1592 τότε
2999 1538 3214 1592 καθίσει
3245 1540 3271 1590 6
3300 1537 3426 1597 Υἱὸς
3450 1537 3545 1588 ἀν-

1976 1631 2197 1701 θρώπου
2228 1632 2320 1684 ἐπὶ
2348 1632 2537 1700 θρόνου
2569 1632 2725 1696 δόξης
2765 1630 2951 1695 αὐτοῦ,
2984 1629 3075 1684 καὶ
3114 1629 3541 1698 συναχθήσονται

1976 1724 2285 1795 ἔμπροσθεν
2316 1725 2482 1778 αὐτοῦ
2514 1727 2690 1777 πάντα
2724 1724 2788 1776 τὰ
2825 1724 2974 1792 ἔθνη.
3020 1742 3039 1775 »
3076 1721 3356 1791 Πράξεων,
3400 1738 3415 1769 «
3454 1719 3544 1771 Οἵ-

291 1804 393 1856 6ον
425 1804 519 1859 οὖν
546 1806 608 1859 τὸ
640 1809 798 1877 σῶμα
822 1810 915 1863 τοῦ
940 1812 1116 1882 Ἰησοῦ
1142 1816 1235 1866 καὶ
1261 1813 1457 1884 ἔδησαν
1482 1812 1612 1867 αὐτὸ
1641 1812 1872 1876 ὀθονίοις
1911 1882 1931 1884 _
1976 1831 2122 1876 τινες
2159 1802 2536 1883 συνεφάγομεν
2580 1815 2672 1867 καὶ
2722 1812 3050 1881 συνεπίομεν
3099 1810 3246 1880 αὐτῷ
3283 1811 3421 1878 μετὰ
3482 1808 3543 1861 τὸ

295 1896 441 1964 μετὰ
470 1898 578 1951 τῶν
599 1900 929 1970 ἀρωμάτων,
960 1903 1142 1965 καθὼς
1168 1904 1287 1966 ἔθος
1317 1882 1436 1957 ἐστὶ
1458 1905 1569 1965 τοῖς
1593 1905 1869 1967 Ἰουδαίοις
1906 1882 1946 1937 Β
1976 1906 2272 1968 ἀναστῆναι
2304 1882 2467 1957 αὑτὸν
2495 1908 2556 1956 ἐκ
2584 1905 2813 1971 νεκρῶν,
2847 1904 2944 1955 καὶ
2974 1904 3135 1955 πάλιν
3169 1901 3547 1971 παρήγγειλεν

289 1988 662 2055 ἐνταφιάζειν.
696 1987 805 2046 Ἦν
859 1994 916 2047 δέ
956 1995 1013 2046 ἐν
1057 1994 1137 2063 τῷ
1179 1996 1327 2063 τόπῳ
1357 1996 1493 2049 ὅπου
1549 1994 1866 2063 ἐσταυρώθη

290 2082 495 2147 κῆπος,
527 2086 622 2135 καὶ
651 2084 709 2135 ὲν
744 2085 825 2152 ’τῷ
865 2088 1028 2156 κήπῳ
1054 2088 1322 2158 μνημεῖον
1362 2087 1568 2151 καινὸν,
1616 2089 1674 2139 ἐν
1703 2079 1746 2154 ᾧ
1776 2085 1868 2137 ού-

287 2169 444 2224 δέπω
476 2173 647 2236 οὐδεὶς
677 2174 856 2245 ἐτέθη.
902 2194 919 2227 »

369 2264 475 2317 Kal
507 2266 857 2321 ἀναστάντα
884 2268 958 2337 τῇ
991 2270 1157 2337 τρίτῃ
1186 2271 1377 2339 ἡμέρᾳ
1403 2268 1553 2323 κατὰ
1588 2270 1694 2335 τὰς
1722 2271 1872 2338 Γρα-

289 2353 439 2422 sedc.
489 2358 849 2425 Εὐαγγελίου,
912 2361 1226 2423 «Ἀναστὰς
1282 2363 1310 2413 6
1368 2362 1581 2430 Ἰησοῦς
1634 2362 1871 2433 Χριστὸς

292 2444 449 2515 πρωῒ
478 2450 544 2517 τῇ
600 2448 789 2520 πρώτῃ
824 2450 1140 2504 Σαὸὖάτων.
1183 2470 1201 2502 »
1241 2452 1386 2515 Καὶτ
1420 2471 1438 2502 «
1489 2453 1694 2523 Τρίτην
1731 2453 1869 2523 ἠμέ-

294 2553 403 2606 ραν
445 2537 571 2605 ἄγει
629 2541 867 2608 σήμερον
901 2539 993 2607 ἀφ’
1055 2540 1115 2593 οὗ
1164 2540 1337 2594 ταῦτα
1397 2541 1634 2608 ἐγένετο.
1678 2561 1697 2594 ι
1740 2542 1870 2607 Καὶ,

300 2644 322 2677 ι
362 2627 631 2690 Ἀναστὰς
662 2630 689 2680 ὁ
716 2628 925 2698 Ἰησοῦς
957 2630 1020 2681 ἐκ
1044 2630 1254 2700 νεκρῶν
1281 2630 1410 2701 ἔστη
1444 2634 1502 2683 ἐν
1528 2632 1692 2703 438
1720 2634 1872 2701 μέσῳ

291 2719 413 2771 τῶν
467 2722 750 2790 μαθητῶν,
802 2723 895 2775 καὶ
945 2722 1093 2789 λέγει
1144 2724 1350 2785 αὐτοῖς,
1397 2725 1603 2794 Είρήνη
1657 2726 1808 2793 ὑμῖν.
1848 2743 1866 2777 ι

290 2812 435 2872 Καὶ,
482 2832 500 2863 «
538 2814 844 2881 Μνήσθητι,
892 2814 1086 2882 Κύριε,
1119 2815 1194 2876 ώς
1248 2814 1507 2882 ἐλάλησεν
1543 2817 1673 2885 ήμῖν
1708 2817 1766 2867 ἐν
1805 2817 1872 2885 τῇ

288 2904 583 2973 Γαλιλαίᾳ,
614 2905 789 2971 λέγων
819 2906 901 2957 δτι
932 2908 1022 2958 Δεῖ
1048 2906 1141 2958 τὸν
1175 2907 1303 2959 Υίὸν
1333 2906 1427 2959 τοῦ
1454 2906 1745 2976 ἀνθρώπου
1774 2922 1877 2959 πα-

291 2996 597 3065 ραδοθῆναι
647 2998 727 3059 είς
785 3000 975 3065 χεῖρας
1022 2996 1326 3067 ἀνθρώπων
1373 2999 1735 3069 ἁμαρτωλῶν,
1783 3000 1877 3053 καὶ

286 3087 703 3155 σταυρωθῆναι,
729 3088 821 3140 καὶ
849 3091 916 3158 τῇ
951 3089 1111 3159 τρίτῃ
1145 3092 1328 3161 ἡμέρᾳ
1353 3091 1678 3160 ἀναστῆναι.
1714 3111 1728 3143 »

359 3181 485 3233 Καὶ
510 3182 844 3234 ἀνελθόντα
889 3185 977 3246 είς
1003 3182 1141 3247 τοὺς
1172 3184 1469 3249 οὐρανοὺς
1508 3184 1607 3237 καὶ
1644 3184 1875 3244 καθεω-

284 3286 487 3338 μενον
542 3270 609 3321 ἐκ
638 3269 857 3334 δεξιῶν
884 3270 991 3324 τοῦ
1038 3273 1288 3339 Πατρός.
1346 3274 1702 3340 Εὑαγγελίου,
1748 3292 1765 3325 «
1808 3276 1873 3325 '0

290 3383 500 3436 ciﬁxus
540 3391 675 3434 est.»
743 3382 943 3437 Paulus
978 3399 993 3435 :
1032 3383 1368 3437 «Crucifixus
1424 3396 1504 3440 est
1533 3396 1584 3440 et
1628 3389 1874 3454 sepultus

292 3482 346 3526 et
384 3471 689 3525 suscitatus
714 3472 798 3525 die
833 3474 993 3527 tertio
1028 3475 1329 3528 secundum
1364 3474 1738 3545 Seripturas.»

373 3563 579 3615 Passus
598 3573 645 3616 et
680 3564 913 3632 sepultus
941 3576 1037 3620 est.
1072 3566 1284 3636 Moyses
1312 3584 1325 3621 :
1358 3586 1374 3617 «
1393 3569 1607 3638 Eritque
1637 3571 1743 3621 vita
1784 3579 1873 3623 tua

294 3668 567 3722 suspensa
626 3670 810 3708 coram
869 3658 1042 3711 oeulis
1107 3657 1267 3713 tuis.»
1306 3656 1507 3712 Isaias:
1564 3657 1873 3726 «Tanquam

221 3738 231 3746 ’
295 3758 477 3813 agnus
511 3742 576 3796 ad
628 3749 1012 3799 mactationem
1063 3748 1261 3802 ductus
1284 3754 1421 3809 est,»
1475 3755 1571 3800 et:
1612 3746 1875 3813 «Tcrgum

297 3849 487 3888 meum
519 3836 888 3901 castigandum
920 3837 1178 3905 praebui.»
1243 3836 1405 3890 David
1437 3854 1449 3888 :
1487 3854 1504 3886 «
1550 3835 1616 3889 Ut
1646 3837 1879 3903 castigv-r

296 3934 580 3993 paratus.»
619 3924 915 3981 Zacharias
938 3927 1103 3991 «Quid
1141 3928 1242 3982 sibi
1271 3927 1711 3980 voluntvulnera
1762 3928 1876 3981 brec

298 4017 355 4070 in
424 4016 682 4071 manibus
725 4017 874 4071 tuis?
917 4025 971 4072 et
1021 4019 1395 4085 respondebit,
1437 4020 1757 4072 vulneratus
1785 4019 1879 4086 Siis

297 4121 422 4160 sum
502 4106 557 4158 in
628 4106 905 4161 domicilio
974 4123 1095 4163 meo
1152 4109 1376 4163 dilecto.
1414 4129 1432 4160 »
1488 4108 1875 4178 Evangelium:

303 4196 593 4268 «Oportuit
633 4199 707 4252 ita
738 4202 847 4268 pati
879 4200 1160 4254 Christum
1195 4211 1249 4254 et
1285 4201 1511 4255 introire
1548 4201 1601 4254 in
1645 4202 1874 4270 gloriam

298 4308 516 4347 suam.»
563 4290 921 4362 Evangelium
955 4310 969 4347 :
1010 4293 1397 4362 «EtJosepbus
1426 4310 1549 4348 cum
1577 4296 1879 4363 accepisset

298 4400 524 4453 corpus,
588 4385 814 4441 involvit
867 4385 917 4437 id
958 4386 1190 4440 sindone
1242 4401 1379 4455 pura
1410 4395 1465 4439 et
1500 4387 1788 4441 collocavit
1825 4387 1877 4440 in

299 4482 655 4528 monumento
719 4490 883 4541 novo,
915 4477 1059 4555 quod
1117 4477 1171 4531 in
1210 4493 1344 4532 saxo
1377 4478 1625 4533 excisum
1688 4474 1867 4531 erat.»

1976 1998 2111 2064 ἡμῖν
2135 1995 2370 2063 κηρύξαι
2399 1996 2476 2066 τῷ
2503 1996 2618 2065 λαῷ
2649 1996 2740 2048 καὶ
2768 1993 3248 2063 διαμαρτύρασθαι
3273 1993 3354 2044 ὃτι
3384 1992 3545 2050 αὑτός

1976 2088 2123 2139 ἐστιν
2153 2089 2181 2140 6
2210 2088 2511 2157 ὡρισμένος
2537 2088 2640 2140 ὑπὸ
2670 2087 2762 2139 τοῦ
2792 2085 2929 2138 Θεοῦ
2970 2084 3161 2154 κρινής
3194 2082 3415 2147 ζώντων
3449 2081 3547 2133 καὶ

2177 2180 2406 2249 νεκρῶν.
2450 2198 2467 2231 ι
2503 2179 2721 2248 Δανιὴλ,
2756 2197 2775 2230 «
2820 2177 3116 2246 Ἐθεώρουν
3146 2176 3251 2237 ἕως
3278 2167 3338 2226 οὗ
3367 2173 3546 2241 θρόνοι

1978 2271 2246 2340 ἐτέθησαν
2275 2273 2368 2325 καὶ
2395 2274 2421 2325 6
2452 2271 2691 2333 Παλαιὸς
2723 2271 2833 2323 τῶν
2862 2270 3084 2340 ἡμερῶν
3110 2267 3349 2328 ἐκάθισε,
3382 2284 3398 2316 »
3432 2264 3544 2327 καὶ,

1986 2380 2005 2413 «
2050 2360 2179 2415 Ἰδοὺ
2229 2364 2257 2415 ὁ
2286 2363 2415 2424 Υἱὸς
2444 2362 2539 2415 τοῦ
2587 2361 2877 2431 ἀνθρώπου
2919 2361 3009 2413 ἐπὶ
3037 2358 3274 2427 νεφελῶν
3316 2357 3547 2425 ἐρχόμεο

1981 2469 2091 2516 νος,
2123 2471 2141 2503 »
2177 2453 2272 2505 καὶ
2308 2471 2325 2503 «
2360 2453 2505 2514 Ἕως
2532 2453 2626 2505 τοῦ
2662 2452 2901 2506 Παλαιοῦ
2924 2452 3031 2504 τῶν
3063 2449 3291 2518 ἡμερῶν
3320 2448 3545 2515 ἔφθασε,

1983 2546 2076 2599 καὶ
2117 2544 2266 2611 αύτῷ
2302 2544 2456 2613 ἐδόθη
2552 2544 2687 2613 τιμὴ
2719 2544 2814 2595 καὶ
2846 2544 2876 2612 ή
2904 2542 3141 2605 ἐξουσία.
3181 2558 3198 2589 »

2049 2634 2132 2691 Οὖ
2174 2636 2284 2703 τῆς
2331 2636 2657 2700 βασιλείας
2689 2637 2799 2687 οὐκ
2850 2636 3018 2689 ἔσται
3080 2634 3279 2697 τέλος.
3331 2630 3550 2694 Δανιὴλ,

1990 2743 2008 2776 «
2048 2725 2214 2792 Καλή
2252 2723 2500 2792 βασιλεία
2532 2723 2697 2775 αὐτοῦ
2724 2722 2962 2787 αἰώνιος,
2998 2723 3089 2774 καὶ
3120 2724 3151 2791 ή
3185 2720 3428 2790 βασιλεία
3458 2721 3552 2771 αὐ-

1983 2814 2076 2867 τοῦ
2109 2813 2224 2881 λαῷ
2268 2814 2440 2883 ἑτέρῳ
2482 2814 2578 2883 οὐχ
2609 2812 3073 2883 ὑποληφθήσεται.
3116 2831 3134 2862 »
3195 2808 3549 2875 Εύαγγελίου,

1993 2924 2010 2957 ι
2042 2906 2152 2957 Καὶ
2189 2904 2496 2973 βασιλεύσει
2524 2906 2612 2955 ἐπὶ
2642 2904 2735 2954 τὸν
2767 2899 2915 2956 οἷκον
2945 2902 3142 2955 Ἰακὼὸ
3171 2904 3249 2961 εἰς
3277 2901 3400 2961 τοὺς
3424 2899 3554 2951 αἰῶ-

1986 3010 2102 3057 νας,
2130 2995 2353 3067 καὶτῆς
2381 2993 2663 3061 βασιλείας
2697 2991 2859 3045 αὑτοῦ
2892 2993 2992 3045 οὐκ
3016 2992 3169 3044 ἔσται
3204 2991 3373 3052 τέλος,
3426 3009 3443 3040 »

2056 3084 2129 3136 Τὸ
2162 3084 2361 3153 ἐφεξῆς
2389 3085 2639 3137 ἐντεῦθεν
2666 3084 2759 3136 τοῦ
2791 3084 2935 3151 ἱεροῦ
2963 3083 3230 3153 συμϐόλου
3266 3084 3298 3151 ή
3330 3082 3555 3150 δευτέρα

1986 3177 2117 3244 ἁγία
2149 3176 2242 3230 καὶ
2280 3178 2635 3247 οίκουμενικὴ
2669 3176 2886 3239 σύνοδος
2916 3178 3239 3246 ἀπήρτισεν.

2049 3269 2159 3321 Καὶ
2184 3271 2271 3333 είς
2300 3270 2362 3321 τὸ
2402 3269 2644 3336 Πνεῦμα
2676 3270 2740 3320 τὸ
2774 3268 2967 3333 ἅγιον.
3006 3249 3362 3334 Εὑαγγελίου,
3395 3285 3413 3317 «
3452 3267 3557 3319 Βα-

1978 3380 2326 3450 Evangelium
2351 3400 2363 3435 :
2390 3400 2407 3432 «
2448 3381 2708 3435 Dominus
2738 3381 2923 3450 igitur,
2949 3388 3233 3449 postquam
3251 3380 3461 3434 loeutus
3476 3389 3557 3435 est

1978 3485 2099 3525 cum
2161 3472 2245 3537 iis,
2301 3483 2587 3540 susceptus
2642 3481 2724 3527 est
2781 3476 2831 3525 in
2894 3474 3063 3527 cmlos
3090 3484 3143 3526 ct
3171 3474 3424 3528 consedit
3490 3472 3557 3526 ad

1979 3563 2233 3617 dextra-nr
2257 3563 2401 3614 Dei.»
2440 3562 2541 3616 Et;
2577 3582 2594 3614 «
2636 3563 2871 3627 Accidit,
2916 3573 2995 3630 ut,
3052 3565 3180 3617 dun»
3214 3564 3559 3617 benediceret

1980 3648 2045 3703 iis
2070 3692 2083 3715 ,
2115 3652 2426 3719 disjnnctus
2467 3653 2534 3703 ab
2570 3652 2659 3717 iis,
2699 3668 2916 3705 sursum
2960 3652 3192 3705 ferretur
3220 3652 3268 3704 in
3302 3653 3551 3705 malum.»

2054 3741 2121 3793 Et
2149 3742 2340 3793 iterum
2384 3750 2633 3793 venturus
2657 3751 2730 3794 est
2754 3759 2870 3794 cum
2904 3742 3097 3809 gloria,
3124 3743 3370 3810 judicare
3413 3746 3551 3797 vivos

1985 3842 2031 3885 el
2058 3840 2305 3883 mortuos.
2338 3830 2508 3883 Acta:
2555 3829 2699 3884 «Viri
2734 3831 2966 3894 Galilaei,
2994 3833 3123 3899 quid
3152 3834 3307 3887 statis
3342 3835 3556 3887 intuen-

1984 3929 2065 3972 tes
2105 3919 2155 3970 in
2187 3919 2381 3972 casium
2410 3919 2430 3970 ?
2458 3917 2617 3972 Jesus
2651 3919 2757 3985 hic,
2786 3924 2879 3989 qui
2916 3922 3224 3989 disiunctus
3256 3939 3283 3977 a
3322 3926 3476 3977 vobis
3505 3934 3560 3979 et

1984 4022 2199 4062 sursum
2262 4016 2506 4075 receptus
2554 4019 2635 4061 est
2691 4010 2745 4063 in
2804 4013 3021 4076 malum,
3085 4013 3280 4067 iterum
3356 4017 3554 4079 veniet,

1984 4097 2445 4165 quemadmodum
2493 4099 2705 4154 vidistis
2750 4115 2873 4152 eum
2922 4107 3303 4157 aseetrlentcm
3352 4107 3404 4158 in
3442 4121 3556 4161 cu:-

1982 4189 2146 4243 lum.»
2186 4189 2566 4259 Evangelium:
2605 4194 2769 4245 «Tum
2795 4194 3046 4249 videbitis
3079 4196 3280 4249 Filium
3317 4198 3556 4251 hominis

1983 4284 2293 4335 venientem
2336 4298 2459 4335 cum
2496 4272 2669 4353 gloria
2706 4286 2761 4338 in
2793 4286 3069 4352 nubibus;
3107 4294 3160 4340 et
3195 4299 3307 4341 tum
3344 4290 3559 4345 sedebit

1984 4371 2153 4426 Filius
2214 4374 2453 4428 hominis
2504 4375 2555 4427 in
2622 4377 2817 4430 throno
2882 4378 3064 4445 gloria:
3114 4390 3557 4450 suae,«‘teogen-

1984 4475 2071 4519 tur
2138 4480 2321 4519 coram
2379 4481 2443 4520 eo
2494 4482 2685 4522 omnes
2737 4478 2948 4537 gentes.
2987 4489 3005 4521 »
3048 4473 3180 4525 Acta
3218 4488 3231 4525 :
3274 4471 3403 4538 «Qui
3437 4474 3555 4526 edi-

300 4568 365 4619 Et
400 4582 413 4617 :
451 4566 823 4634 «Acceperunt
847 4554 1017 4635 igitur
1039 4583 1238 4637 corpus
1266 4568 1396 4625 Jesu
1428 4579 1481 4623 et
1507 4571 1872 4624 obvinxerunt

1982 4573 2103 4612 mus
2133 4567 2187 4612 et
2212 4558 2453 4613 bibimus
2494 4574 2622 4612 cum
2653 4575 2717 4613 eo
2749 4576 2778 4613 e
2821 4563 3054 4617 mortuis
3086 4563 3375 4630 suscitato,
3420 4580 3547 4617 rur-

299 4656 352 4709 id
379 4648 561 4709 linteis
593 4671 716 4709 cum
742 4660 1102 4726 aromatibus,
1137 4661 1279 4715 sicut
1304 4676 1421 4716 mos
1450 4670 1535 4717 est
1557 4659 1759 4715 Judzels
1794 4660 1875 4713 fu-

298 4762 516 4800 nerare.
542 4745 671 4800 Erat
691 4755 870 4802 autem
895 4748 1088 4804 hortus
1112 4750 1167 4803 in
1198 4764 1263 4804 eo
1286 4751 1427 4816 loco,
1455 4750 1545 4804 ubi
1572 4750 1877 4806 cruxiﬁxus

298 4839 498 4899 fuerat,
551 4849 603 4892 et
633 4840 684 4892 in
721 4840 880 4893 horto
923 4850 1336 4897 monumentum
1401 4858 1629 4908 novum,
1667 4845 1721 4897 in
1760 4859 1874 4912 quo

296 4941 459 4979 nemo
490 4927 619 4979 dum
655 4931 864 4995 positus
896 4939 1068 4983 erat.»

372 5019 440 5071 Et
459 5022 744 5074 resurrexit
770 5025 923 5075 tertio
945 5024 1028 5077 die
1040 5024 1324 5077 secundum
1351 5024 1679 5090 Scripturas.
1704 5022 1878 5078 Evan-

300 5112 501 5179 gelium
535 5129 549 5167 ι
590 5132 608 5164 «
640 5113 963 5169 Resurrexit
1008 5115 1167 5169 Jesus
1202 5114 1459 5171 Christus
1502 5131 1662 5169 mane
1696 5116 1876 5184 primo

300 5200 388 5253 die
439 5200 847 5256 hebdomadis.»
886 5202 981 5256 Et:
1019 5204 1174 5258 «Dies
1232 5205 1428 5258 tertius
1463 5206 1621 5258 hodie
1654 5216 1758 5268 est,
1798 5220 1869 5259 ex

297 5303 407 5357 quo
440 5290 557 5344 hac
593 5291 733 5344 facta
755 5300 934 5345 sunt.»
962 5301 1016 5346 et
1044 5312 1056 5346 :
1091 5313 1110 5346 «
1148 5293 1307 5349 Jesus
1334 5312 1457 5348 cum
1479 5294 1875 5349 resurrexisset

298 5383 612 5446 emortuis,
667 5384 806 5436 inter
871 5384 1079 5438 medios
1141 5385 1442 5454 discipulos
1484 5403 1613 5440 suos
1677 5385 1873 5452 adfuit,

299 5472 551 5538 dixitque
603 5473 693 5539 iis,
731 5474 838 5527 Pax
876 5482 994 5528 esto
1050 5474 1393 5529 vobiscum.»
1421 5486 1511 5529 et:
1549 5474 1871 5539 «Memento,

307 5558 557 5627 Domine,
583 5562 787 5617 dixisse
816 5577 940 5616 eum
974 5564 1132 5617 nobis
1168 5564 1221 5618 in
1274 5566 1515 5628 Galilaza,
1542 5564 1738 5619 Filium
1776 5566 1876 5618 ho-

305 5649 469 5703 minis
487 5663 742 5719 oportere
763 5652 902 5706 tradi
935 5654 987 5708 in
1014 5670 1206 5713 manus
1225 5656 1507 5711 hominum
1530 5656 1895 5726 peccantium-

307 5751 359 5796 et
384 5742 623 5813 cruciligi
643 5755 696 5799 et
726 5745 815 5799 die
844 5745 1005 5800 tertio
1044 5762 1380 5815 resurgere.»

375 5833 443 5887 Et
475 5838 712 5891 ascendit
742 5839 810 5893 ad
838 5838 1015 5907 caelos,
1051 5848 1097 5893 ct
1131 5842 1269 5894 sedet
1297 5841 1365 5894 ad
1399 5840 1641 5894 dextram
1671 5836 1873 5911 Patris,

1983 4665 2216 4719 sumque
2278 4650 2435 4704 nobis
2480 4649 2777 4713 mandavit.
2815 4664 2872 4705 ut
2933 4653 3317 4709 nuntiaremus
3358 4657 3559 4724 populo

1980 4750 2033 4796 et
2064 4749 2408 4805 testaremur,
2440 4756 2560 4797 sese
2582 4758 2701 4798 esse
2734 4759 2763 4797 a
2787 4742 2898 4797 Deo
2923 4746 3285 4798 constitutum
3310 4746 3553 4814 judicent
3662 4804 3665 4809 _

1983 4835 2277 4888 viventium
2309 4844 2362 4887 et
2396 4844 2759 4890 mortuorum.
2799 4853 2816 4885 »
2856 4835 3042 4889 Datticl
3075 4852 3087 4888 :
3135 4856 3153 4887 «
3196 4836 3457 4891 Videbam
3490 4853 3555 4892 eo

1979 4941 2174 4994 usque,
2203 4926 2293 4979 ubi
2328 4926 2507 4978 throni
2535 4927 2817 4981 constituti
2848 4937 3005 4981 erant
3042 4937 3093 4979 et
3137 4928 3411 4997 Antiqnus
3444 4930 3558 4983 die-

1979 5032 2098 5070 rum
2133 5017 2430 5077 consedit,»
2463 5025 2553 5069 et:
2596 5035 2614 5067 «
2649 5017 2787 5071 Ecce
2822 5014 3017 5071 Filium
3055 5019 3295 5072 hominis
3328 5021 3555 5073 veniena

1980 5119 2143 5171 tem,»
2174 5118 2265 5162 et:
2309 5108 2524 5179 «Usque
2559 5110 2687 5163 dum
2722 5111 2995 5178 Antiquos
3029 5109 3238 5164 dierum
3274 5112 3482 5166 veniret
3503 5121 3557 5165 et

1979 5201 2153 5253 honor
2187 5202 2234 5254 ei
2267 5217 2329 5255 ac
2358 5211 2601 5270 potestas
2633 5202 2912 5255 daretur.»

2049 5292 2213 5359 Cujus
2254 5296 2399 5363 regni
2436 5311 2539 5346 non
2590 5296 2689 5347 erit
2737 5295 2880 5359 ﬁnis.
2915 5296 3137 5350 Daniel:
3178 5315 3194 5346 «
3229 5295 3293 5350 Et
3319 5311 3552 5365 regnum

1977 5386 2094 5453 ejus
2127 5397 2390 5439 aeternum
2424 5389 2550 5449 erit,
2610 5402 2707 5440 nec
2753 5389 2945 5440 alienae
2984 5390 3130 5457 genti
3164 5388 3546 5454 subjicietnr.»

1978 5479 2367 5547 Evangelium:
2409 5497 2426 5530 ς
2470 5479 2532 5532 Ει
2590 5478 2835 5544 regnabit
2896 5480 2946 5531 in
3007 5480 3170 5532 domo
3221 5478 3409 5533 Jacobi
3458 5493 3553 5547 per

1976 5570 2157 5624 omnia
2180 5571 2395 5631 srecula.
2432 5584 2528 5622 nec
2562 5571 2666 5622 erit
2697 5571 2817 5621 linis
2844 5571 2991 5637 regni
3023 5571 3195 5637 ejus.»

2047 5658 2177 5722 Quae
2201 5661 2324 5711 him:
2344 5660 2588 5725 sequitur
2617 5666 2787 5711 sancti
2811 5658 3053 5726 Symboli
3080 5674 3224 5726 pars,
3248 5674 3276 5711 a
3303 5656 3540 5711 secunda

1978 5756 2163 5801 sancta
2204 5758 2255 5801 et
2294 5748 2629 5801 mcumenica
2670 5749 2877 5817 synodo
2906 5748 3089 5801 addita
3125 5756 3226 5798 est.

2052 5839 2123 5893 Et
2178 5842 2231 5893 in
2259 5839 2521 5911 Spiritum
2574 5848 2843 5896 sanctum.
2886 5838 3268 5909 Evangelium:
3312 5854 3329 5889 «
3361 5835 3547 5909 Bapti-
