4022 6294
488 383 625 449 1011

1720 394 2042 457 GEORGII
2086 395 2509 456 PHRANTZE

3598 398 3751 465 1012

484 498 766 562 πτίζοντες
796 499 991 563 αὐτους
1019 501 1099 564 εἰς
1133 502 1193 555 τὸ
1227 500 1396 572 ὄνομα
1434 500 1530 556 τοῦ
1566 505 1777 573 Πατρδς
1818 506 1911 559 καὶ
1953 502 2047 556 τοῦ
2080 505 2125 561 Δ
2156 521 2295 568 σεως
2331 507 2649 574 Πνεύματος
2684 509 2863 575 ἁγίου,
2895 505 2953 563 οὗ
2993 508 3208 583 ἐξέχεεν
3258 512 3346 581 ἐφ’
3378 512 3530 583 ἡμᾶς
3571 513 3744 566 πλου-

483 587 618 642 Υίοῦ
668 593 763 643 καὶ
812 591 907 644 τοῦ
963 592 1121 660 ἁγίου
1157 595 1497 662 Πνεύμαρτος.
1542 614 1561 648 3
1606 615 1624 647 ο
1657 597 1822 649 Ὅταν
1872 597 2002 665 ἔλθῃ
2035 601 2062 648 6

485 677 866 746 Παράκλητος,
909 682 969 733 τὸ
1020 682 1241 752 πνεῦμα
1275 685 1336 737 τὸ
1365 686 1543 751 ἆγιον,
1579 686 1607 737 ὃ
1661 686 1867 755 πέμψει
1895 688 1923 739 6
1954 678 2065 740 Πα-

484 771 590 838 τὴρ
618 772 675 821 ἐν
716 771 793 839 τῷ
822 771 1049 841 ὀνόματί
1082 792 1204 843 μου.
1247 796 1263 827 3
1302 778 1485 840 Aa616,
1528 797 1546 829 ‹
1591 779 1664 831 Τὸ
1702 779 1930 847 Πνεῦμα
1970 794 2063 831 σου

484 863 546 913 τὸ
581 863 737 928 ἅγιον
772 864 846 932 μὴ
880 865 1176 938 ἀντανέλῃς
1203 870 1297 921 ἀπ’
1331 870 1486 939 ἐμοῦ.
1527 890 1545 920 3

562 954 634 1006 Τὸ
672 957 911 1022 Κύριον.
955 944 1195 1023 Παύλου,
1231 979 1250 1011 ι
1298 962 1356 1014 '0
1391 963 1446 1016 δὲ
1481 964 1683 1031 Κύριος
1731 965 1792 1016 τὺ
1838 965 2067 1035 Πνεῦμά

484 1043 655 1097 ἐστιν.
692 1044 867 1097 Ὅπου
899 1047 955 1099 δὲ
989 1050 1218 1119 Πνεῦμα
1262 1053 1493 1121 Κυρίου,
1544 1056 1664 1106 ἐκεῖ
1696 1054 2005 1125 ἐλευθερία.
2036 1076 2058 1109 3

485 1135 618 1199 Καὶ,
660 1155 679 1187 «
730 1138 851 1192 Ἵνα
898 1144 948 1194 τί
1000 1141 1216 1210 ἐψεύσω
1263 1149 1323 1197 τὸ
1369 1146 1597 1216 Πνεῦμα
1636 1147 1694 1199 τὸ
1735 1147 1931 1216 ἆγιον;
1964 1151 2065 1202 οὐκ

486 1222 702 1291 ἐψεύσω
730 1228 1063 1299 ἀνθρώποις,
1096 1233 1231 1286 ἀλλὰ
1256 1236 1392 1302 Θεῷ.
1436 1256 1453 1286 3

561 1315 637 1368 Τὸ
663 1316 1009 1377 ᾄοοποιοῦν.
1052 1323 1409 1391 Εὐαγγελίου,
1451 1345 1469 1378 «
1502 1328 1573 1381 Τὸ
1606 1329 1829 1398 Πνεῦμά
1864 1332 1978 1383 ἐστι
2006 1331 2066 1383 τὸ

488 1406 814 1474 ζωοποιοῦν,
881 1416 911 1481 ἡ
974 1414 1111 1485 σὰρξ
1164 1418 1264 1493 οὐκ
1327 1419 1531 1483 ὠφελεί
1592 1422 1766 1478 οὐδέν.
1822 1441 1841 1474 3
1880 1423 2066 1489 Δαϐὶδ,

494 1518 513 1549 «
567 1500 980 1568 Ἐξαποστελείς
1017 1507 1077 1559 τὸ
1124 1506 1349 1576 Πνεῦμα
1379 1528 1500 1575 σου,
1528 1513 1623 1566 καὶ
1660 1513 2069 1582 κτισθήσονται,

488 1593 588 1645 καὶ
619 1596 955 1661 ἁνακαινιεῐς
990 1599 1049 1652 τὸ
1073 1601 1367 1668 πρόσωπον
1396 1605 1497 1672 τῆς
1540 1606 1665 1675 γῆς.
1710 1625 1730 1658 3
1766 1607 2069 1670 Μωῦσέως,

495 1709 514 1740 «
554 1689 663 1741 Kal.
720 1691 1045 1744 ἐνέπνευσεν
1097 1695 1178 1756 είς
1221 1696 1281 1748 τὸ
1344 1697 1639 1763 πρόσωπον
1692 1697 1856 1752 αὐτοῦ
1910 1698 2074 1770 m

487 1781 661 1848 πνοὴν
716 1780 884 1851 ζωῆς.
924 1801 942 1832 3
978 1783 1246 1855 Ἐζεκιὴλ,
1285 1805 1306 1838 ι
1360 1788 1452 1840 Υίέ
1501 1789 1810 1857 ἀνθρώπου,
1848 1793 2067 1862 προφή-

487 1887 682 1925 τευσον
712 1874 803 1926 ἐπὶ
841 1875 898 1926 τὸ
929 1874 1175 1945 Πνεῦμα,
1209 1878 1299 1931 καὶ
1338 1873 1502 1947 ἦλθεν
1530 1881 1618 1932 ἐπ’
1644 1882 1787 1934 αὐτὰ
1817 1883 1913 1936 καὶ
1943 1882 2067 1953 ἐζη-

492 1978 612 2016 σαν.
649 1980 667 2014 D

568 2053 637 2105 Τὸ
662 2052 732 2107 ἐκ
758 2055 862 2110 τοῦ
902 2059 1130 2125 Πατρός
1167 2059 1673 2130 ἐκπορευόμενον.
1713 2066 2068 2134 Εὐαγγελίου,

497 2162 515 2194 «
555 2143 726 2197 Ὅταν
775 2147 903 2218 ἔλθῃ
951 2152 980 2202 6
1010 2150 1394 2219 Παράκλητος,
1427 2154 1486 2206 ὃν
1538 2155 1650 2221 ἐγὼ
1688 2157 1891 2225 πέμψω
1940 2159 2071 2225 ὑμῖν

491 2237 643 2304 παρὰ
672 2237 767 2290 τοῦ
798 2238 1033 2309 Πατρὸς,
1063 2243 1121 2294 τὸ
1154 2242 1378 2313 Πνεῦμα
1405 2245 1505 2312 τῆς
1547 2246 1825 2316 ἀληθείας,
1853 2248 1881 2300 ὃ
1918 2248 2071 2318 παρᾶ

489 2326 583 2378 τοῦ
619 2329 832 2398 Πατρὸς
857 2332 1236 2399 ἐκπορεύεται,
1278 2354 1297 2385 3
1334 2355 1351 2387 «
1382 2337 1495 2390 Καὶ
1517 2338 1722 2401 εὐθέως
1760 2340 2072 2392 ἀναϐαίνων

490 2416 598 2468 ἀπὸ
632 2418 727 2469 τοῦ
759 2418 951 2483 ὓδατος
981 2418 1091 2473 εἵδε
1124 2424 1481 2493 σχιζομένους
1512 2428 1638 2488 τοὺς
1680 2429 1941 2496 οὐρανοὺς
1975 2429 2071 2481 καὶ

487 2507 551 2559 τὸ
582 2510 805 2579 Πνεῦμα
830 2511 963 2565 ὡσεὶ
993 2519 1328 2586 περιστερὰν
1350 2520 1681 2573 καταϐαῖνον
1709 2522 1797 2575 ἐπ’
1829 2523 2011 2576 αὐτόν.
2044 2541 2063 2575 3

491 2598 729 2664 Παύλου,
766 2620 785 2652 «
821 2604 933 2656 Kal.
978 2605 1141 2673 ἡμεῖς
1166 2606 1220 2659 δὲ
1271 2608 1334 2661 οὐ
1363 2610 1421 2661 τὸ
1471 2610 1696 2679 Πνεῦμα
1725 2614 1819 2666 τοῦ
1865 2615 2071 2683 κόσμου

490 2690 778 2761 ἐλάϐομεν,
811 2694 949 2748 ἀλλὰ
979 2696 1039 2748 τὸ
1064 2698 1127 2750 ἐκ
1153 2697 1311 2757 Θεοῦ.
1347 2719 1366 2752 3
1396 2702 1506 2754 Καὶ
1537 2703 1723 2767 Δαϐὶδ,
1759 2723 1777 2756 ‹
1817 2705 1907 2775 Τῷ
1932 2706 2076 2775 λόγῳ

490 2780 703 2849 Κυρίου
730 2783 951 2853 οὐρανοὶ
977 2788 1416 2860 ἐστερεώθησαν,
1451 2794 1544 2846 καὶ
1572 2793 1647 2862 τῷ
1680 2796 1957 2865 πνεύματι
1980 2797 2074 2850 τοῦ

495 2873 766 2940 στόματος
792 2877 960 2929 αὑτοῦ
1007 2880 1155 2933 πᾶσα
1195 2882 1227 2949 ή
1270 2882 1504 2951 δύναμις
1546 2885 1748 2941 αὐτῶν.
1797 2905 1817 2938 3
1868 2888 2075 2957 Πέτρου

490 2960 557 3013 ἐκ
582 2961 687 3013 τῶν
712 2964 999 3032 Πράξεων,
1031 2984 1050 3017 ι
1083 2967 1195 3037 Τὴν
1224 2971 1560 3038 ἐπαγγελίαν
1591 2974 1683 3026 τοῦ
1706 2976 1861 3041 ἁγίου
1895 2979 1922 3029 6
1952 2976 2076 3039 Υίὺς

490 3051 673 3104 λαϐὼν
728 3056 882 3125 παρὰ
924 3056 1019 3108 τοῦ
1053 3059 1268 3128 Πατρὸς
1313 3062 1496 3132 ἐξέχεε
1529 3064 1688 3118 τοῦτο
1736 3066 1764 3118 6
1794 3066 1889 3119 νῦν
1918 3069 2077 3135 ὑμεῖς

2168 598 2298 659 σίως
2322 597 2409 650 διὰ
2442 598 2617 664 Ἰησοῦ
2648 601 2885 668 Χριστοῦ
2922 604 3015 656 τοῦ
3043 606 3293 674 Σωτῆρος
3316 605 3494 673 ἡμῶν.
3531 623 3553 655 3

2240 689 2311 741 Τὸ
2338 689 2459 741 σὺν
2487 691 2664 757 Harp!
2694 692 2792 745 καί
2821 693 2929 758 Υίῷ
2948 700 3619 763 συμπροσκυνούμενον
3644 697 3753 749 καὶ

2165 780 2717 848 συνδοξαζᾌμενον.
2757 786 3117 854 Εὐαγγελίου,
3148 808 3168 841 «
3221 790 3589 853 BamiCovrs;
3641 792 3752 843 air

2164 872 2292 934 τοὺς
2331 875 2410 935 είς
2441 875 2501 926 τὸ
2529 876 2701 945 ϐνομα
2727 879 2823 931 τοῦ
2856 881 3070 949 Πατρὸς
3098 883 3194 934 καὶ
3229 882 3321 935 τοῦ
3355 883 3486 935 Υίοῦ
3521 883 3617 935 καὶ
3648 883 3753 935 τοῦ

2168 964 2324 1029 ἁγίου
2370 965 2712 1033 Πνεύματος,
2746 986 2764 1019 3
2818 972 2935 1035 καὶ,
2974 989 2992 1021 ι
3024 973 3214 1034 Οὐδεὶς
3248 972 3507 1039 γινώσκει
3534 973 3603 1025 τὰ
3650 972 3752 1025 τοῦ

2166 1055 2423 1125 ούρανοῦ,
2460 1058 2508 1109 εἰ
2539 1058 2615 1127 μὴ
2643 1060 2703 1111 τὸ
2745 1060 2968 1130 Πνεῦμα
3007 1064 3067 1115 τδ
3115 1065 3399 1116 κατοικοῦν
3428 1065 3485 1115 ἐν
3513 1063 3695 1131 αὐτῷ.
3730 1080 3749 1113 3

2166 1147 2281 1206 καὶ,
2322 1165 2342 1195 ε
2383 1148 2465 1199 Τὰ
2510 1149 2601 1201 τοῦ
2634 1149 2769 1203 Θεοῦ
2813 1153 2989 1215 οὐδεὶς
3018 1149 3178 1215 οἶδεν,
3217 1157 3265 1207 εἰ
3316 1154 3386 1221 μὴ
3420 1153 3491 1206 τὸ
3517 1152 3755 1221 Πνεῦμα

2167 1239 2228 1291 τὸ
2260 1242 2317 1291 ἐν
2368 1242 2541 1311 αὐτῷ.
2579 1260 2597 1294 3
2636 1244 2743 1295 Καὶ
2799 1245 2858 1297 ἐν
2898 1245 2976 1314 τῷ
3011 1247 3210 1316 Ἡσαΐᾳ
3257 1248 3352 1298 καὶ
3394 1245 3650 1314 Ἐζεκιὴλ
3704 1247 3756 1297 οἱ

2168 1328 2327 1401 44],
2353 1332 2575 1397 ἄγγελοι
2612 1334 2898 1401 ὑμνοῦσιν,
2939 1355 2957 1387 «
2998 1337 3209 1404 Ἀγιος,
3246 1336 3417 1405 ἅγιος,
3453 1335 3607 1402 ἅγιος
3636 1336 3756 1386 Κύ-

2172 1437 2289 1489 ριος
2326 1421 2582 1491 Σαϐαὼθ,
2611 1423 2829 1493 πλήρης
2868 1426 2896 1477 6
2923 1424 3151 1494 οὐρανὸς
3183 1426 3276 1477 καὶ
3301 1426 3334 1493 ἡ
3366 1425 3436 1491 γῆ
3461 1425 3561 1493 τῆς
3588 1423 3756 1491 δόξης

2170 1510 2357 1574 αὑτοῦ,
2393 1530 2411 1562 3
2448 1512 2690 1581 δηλονότι
2729 1514 2821 1567 τοῦ
2853 1516 3067 1584 Πατρδς
3099 1517 3193 1568 καὶ
3230 1516 3324 1568 τοῦ
3362 1514 3493 1568 Υίοῦ
3528 1514 3622 1567 καὶ
3652 1514 3754 1565 τοῦ

2173 1605 2334 1673 ἁγίου
2373 1606 2713 1675 Πνεύματος.
2741 1607 2835 1660 τοῦ
2868 1609 3032 1676 μόνου
3060 1609 3120 1661 ἐν
3149 1608 3340 1676 Τριάθι
3358 1605 3517 1660 Θεοῦ.

2250 1698 2319 1749 Τὸ
2368 1694 2662 1763 λαλῆσαν
2712 1696 2812 1749 διὰ
2862 1695 2980 1749 τῶν
3029 1696 3378 1765 προφητῶν.
3436 1695 3751 1765 Ζαχαρίου,

2183 1807 2202 1840 ι
2234 1786 2429 1850 Καθὼς
2459 1788 2688 1856 ἐλάλησα
2720 1788 2809 1841 διὰ
2849 1788 3113 1856 στόματος
3143 1788 3252 1841 τῶν
3295 1788 3472 1855 ἁγίων
3514 1787 3624 1839 τῶν
3656 1787 3753 1840 ἀπ’

2170 1879 2362 1941 αἰῶνος
2388 1878 2684 1949 προφητῶν
2704 1878 2870 1931 αὐτοῦ
2898 1880 3174 1948 σωτηρίαν
3195 1878 3256 1944 ἐξ
3289 1877 3503 1949 ἐχθρῶν
3531 1864 3714 1946 ἡμῶν.

2171 1973 2282 2041 Τῆς
2302 1971 2592 2035 Θεοτόκου,
2634 1991 2653 2024 «
2693 1972 2893 2035 Καθὼς
2920 1972 3151 2040 ἐλάλησε
3184 1972 3323 2039 πρὸς
3353 1972 3482 2032 τοὺς
3511 1971 3753 2038 πατέρας

2169 2065 2329 2133 ἡμῶν
2358 2064 2435 2134 τῷ
2468 2064 2724 2133 Ἀϐραὰμ
2758 2066 2849 2116 καὶ
2876 2064 2954 2130 τῷ
2989 2065 3267 2132 σπέρματι
3295 2061 3461 2114 αὐτοῦ
3493 2062 3599 2122 ἕως
3622 2060 3751 2111 αἰῶ-

2171 2171 2281 2217 νος.
2316 2173 2334 2205 3
2371 2154 2655 2223 Πράξεων,
2696 2175 2713 2205 ι
2751 2154 2922 2206 Τοῦτο
2976 2155 3175 2214 πάντες
3206 2154 3256 2205 oi
3289 2150 3571 2222 προφῆται
3612 2167 3751 2218 μαρ-

2171 2245 2448 2314 τυροῦσιν.
2477 2248 2674 2312 ἄφεσιν
2701 2247 2987 2316 ἁμαρτιῶν
3014 2246 3206 2298 λαϐεῖν
3249 2244 3338 2297 διὰ
3370 2242 3466 2297 τοῦ
3491 2243 3753 2311 ὀνόματος

2174 2336 2340 2390 αὐτοῦ
2365 2336 2543 2390 πάντα
2568 2338 2662 2390 τὸν
2698 2338 3022 2390 πιστεύοντα
3054 2337 3134 2397 είς
3161 2335 3341 2388 αὐτόν.
3378 2353 3397 2385 3
3428 2334 3562 2395 Καὶ,
3600 2350 3621 2382 α
3658 2333 3753 2383 Ὃν

2175 2425 2255 2478 δεῖ
2283 2425 2512 2494 οὐρανὸν
2544 2427 2643 2492 μὲν
2676 2425 2932 2491 δέξασθαι
2966 2427 3095 2495 ἄχρι
3126 2423 3336 2494 χρόνων
3371 2422 3745 2475 ἀποκαταστά·

2180 2533 2317 2579 σεως
2350 2517 2568 2571 πάντων
2601 2512 2676 2569 ὧν
2707 2516 2965 2586 ἐλάλησεν
2998 2518 3024 2568 6
3054 2516 3188 2573 Θεὸς
3216 2515 3304 2567 διὰ
3326 2516 3597 2583 στόματος
3619 2513 3750 2565 πᾶν·

2175 2623 2285 2658 των
2320 2605 2427 2658 τῶν
2469 2606 2639 2673 ἁγίων
2681 2606 2791 2658 τῶν
2824 2607 2919 2658 ἀπ’
2947 2606 3138 2668 αἰῶνος
3178 2605 3476 2675 προφητῶν
3505 2602 3695 2656 αὑτοῦ.
3728 2621 3747 2653 3

2179 2694 2538 2762 Εὑαγγελίου,
2569 2715 2585 2747 ι
2625 2691 2766 2749 Εἷπε
2793 2696 2959 2749 Δαϐὶδ
2989 2697 3046 2747 ἐν
3077 2696 3353 2763 Πνεύματι
3390 2693 3529 2762 ἁγίῳ
3552 2710 3569 2725 ο
3600 2688 3751 2744 εἶπεν

2177 2786 2206 2837 ό
2248 2785 2453 2853 Κύριος
2488 2786 2563 2857 τῷ
2609 2786 2800 2856 Κυρίῳ
2832 2803 2956 2854 μου,
2995 2786 3177 2838 Κάθου
3230 2786 3293 2838 ἐκ
3326 2784 3515 2848 δεξιῶν
3566 2801 3689 2852 μου.
3727 2801 3748 2834 3

2180 2876 2460 2946 Πράξεων,
2500 2896 2520 2927 t
2578 2879 2686 2931 Καὶ
2717 2878 3021 2947 δεηθέντων
3067 2877 3250 2930 αὐτῶν
3298 2876 3561 2941 ἐσαλεύθη
3602 2881 3628 2928 6
3661 2876 3750 2927 τό·

2181 2984 2281 3029 πος
2306 2961 2368 3021 οὗ
2416 2963 2557 3037 ἦσαν
2586 2966 2942 3036 συνηγμένοι,
2975 2967 3071 3018 καὶ
3111 2964 3468 3034 ἐπλήσθησαν
3518 2965 3751 3022 ἅπαντες

2182 3056 2502 3125 Πνεύμα(ος
2548 3058 2730 3124 ἁγίου,
2759 3058 2855 3110 καὶ
2905 3056 3129 3109 ἐλάλουν
3162 3055 3253 3109 τὸν
3300 3057 3459 3122 λόγον
3491 3054 3584 3106 τοῦ
3616 3053 3748 3104 Θεοῦ

493 3141 724 3210 βλέπετε
756 3146 849 3197 καὶ
878 3147 1129 3203 ἀκούετε.
1170 3168 1188 3201 3
1218 3151 1428 3205 Παύλου
1459 3154 1590 3224 πρὸς
1621 3157 1800 3222 Τῖτον,
1839 3177 1857 3209 ι
1899 3159 2075 3212 Ἔσω·
2102 3157 2147 3219 C
2186 3147 2325 3216 μετά
2353 3148 2691 3218 παρρησίας.
2729 3166 2748 3199 ³
2785 3147 2896 3215 Τῆς
2924 3146 3161 3210 Ἐξάδουν
3200 3161 3220 3195 ι
3264 3146 3372 3197 καὶ
3403 3144 3748 3212 ὲ⁸¹τ)υθ¹⁵’θ¹“1εῖτ²ν

494 3250 588 3287 σεν
618 3235 767 3303 ἡμᾶς
794 3236 883 3289 διὰ
907 3237 1136 3309 λουτροῦ
1167 3242 1593 3311 παλιγγενεσίας
1634 3247 1730 3299 καὶ
1761 3249 2072 3302 ἀνακαινώ-

494 3418 681 3464 zantes
706 3426 801 3468 eos
833 3413 883 3466 in
912 3416 1131 3470 nomine
1156 3415 1334 3473 Patris
1365 3427 1416 3472 et
1446 3417 1571 3472 Fi:ii
1593 3428 1645 3472 et
1675 3420 1913 3490 Spiritus
1944 3439 2074 3478 san-

493 3502 587 3562 eti,
618 3521 635 3552 3
657 3534 724 3543 —
742 3523 760 3554 ι
785 3505 918 3559 Cum
948 3512 1163 3562 venerit
1187 3509 1527 3574 Paracletus,
1552 3512 1792 3581 Spiritus
1826 3526 2072 3579 sauctus,

494 3608 654 3661 quem
702 3594 864 3651 Pater
898 3614 1053 3653 meus
1084 3601 1137 3654 in
1194 3602 1415 3657 nomine
1441 3618 1561 3657 meo
1595 3606 1823 3659 mittet.3
1852 3606 2019 3662 David
2056 3625 2069 3661 :

501 3684 796 3754 «Spiritum
868 3699 1020 3744 tuum
1057 3702 1309 3748 sanctum
1343 3710 1410 3749 ne
1443 3696 1575 3749 mihi
1602 3712 1798 3752 rursus
1817 3700 2069 3768 erip'as.3

565 3824 876 3880 Dominum.
906 3825 1153 3883 Paulus:
1218 3830 1517 3886 «Dominus
1578 3831 1801 3901 Spiritus
1827 3842 1929 3888 est.
1974 3832 2076 3889 Ubi

493 3922 677 3970 autem
734 3915 974 3985 Spiritus
1001 3918 1244 3983 Domini,
1281 3922 1352 3974 ibi
1394 3922 1655 3987 libertas;
1693 3941 1710 3973 3
1748 3933 1801 3978 et
1832 3942 1844 3977 :
1882 3943 1899 3975 «
1931 3924 2075 3988 Quid

492 4007 759 4060 mentitus
787 4022 848 4061 es
880 4007 1110 4077 Spiritui
1166 4012 1402 4066 sancto?
1452 4026 1628 4081 neque
1652 4013 1796 4067 enim
1833 4015 2076 4070 homini-

493 4099 618 4160 bus,
651 4099 744 4153 sed
767 4099 874 4154 Deo
890 4102 1149 4155 mentitus
1182 4117 1296 4156 es.3

565 4210 632 4263 Et
657 4211 1032 4279 viviﬁcantem.
1062 4212 1417 4283 Evangelium
1442 4233 1456 4270 :
1497 4236 1514 4267 «
1548 4216 1783 4287 Spiritus
1813 4215 1944 4273 iliud
1968 4230 2073 4288 est,

493 4301 638 4369 quod
700 4302 959 4368 vivilicat,
997 4319 1127 4358 caro
1158 4305 1291 4357 nihil
1319 4306 1529 4372 juvat.3
1562 4309 1764 4362 David:
1800 4310 2075 4365 «Emittes

495 4394 748 4461 spiritum
791 4403 970 4459 tuum,
1013 4404 1068 4449 et
1094 4395 1424 4460 condemur,
1458 4408 1512 4452 et
1550 4398 1841 4454 innovabis
1882 4401 2075 4455 farient

2178 3237 2490 3306 Πνεύματος
2519 3238 2698 3306 ἁγίου,
2745 3238 3120 3307 προεφήτευον
3149 3238 3206 3289 ἐν
3231 3240 3298 3306 τῇ
3348 3235 3691 3308 παρεμϐολῇ.
3725 3252 3745 3285 3

2176 3418 2367 3473 eﬂ‘udit
2405 3433 2499 3487 per
2523 3416 2708 3473 Jesum
2732 3416 3037 3476 Christum.
3060 3416 3410 3472 servatorem
3444 3427 3743 3471 nostrum.3

2250 3510 2355 3574 Qui
2403 3527 2523 3563 cum
2551 3509 2714 3563 Patre
2735 3520 2783 3562 et
2817 3509 2951 3563 Filio
2977 3511 3141 3563 simul
3170 3511 3433 3564 adoratur
3461 3519 3511 3562 et
3546 3510 3745 3577 glorifi-

2177 3611 2350 3656 catur.
2409 3602 2757 3669 Evangelium
2791 3619 2807 3655 :
2844 3602 3228 3671 «Baptizantes
3278 3616 3379 3656 eos
3427 3601 3481 3655 in
3537 3600 3750 3654 nomine

2176 3692 2352 3746 Patris
2370 3703 2424 3745 et
2446 3691 2636 3745 Filiiet
2655 3691 2894 3756 Spiritus
2930 3693 3101 3747 sancti
3128 3712 3176 3751 .3
3201 3702 3253 3746 et
3278 3692 3483 3746 «Nemo
3498 3693 3640 3745 novit
3666 3706 3747 3743 res

2177 3787 2431 3841 caelestes
2445 3797 2643 3855 praeter
2659 3786 2923 3855 Spiritum
2944 3786 2996 3839 in
3019 3801 3084 3839 eo
3107 3786 3502 3848 habitantem,3
3528 3795 3581 3838 et
3597 3783 3747 3837 :«Rrs

2177 3876 2389 3932 divinas
2408 3892 2572 3931 nemo
2590 3876 2737 3929 novit
2755 3885 2948 3944 praeter
2972 3876 3258 3942 Spiritum.
3279 3874 3373 3943 qui
3398 3884 3483 3930 est
3511 3874 3563 3926 in
3591 3874 3743 3926 Deo.3

2179 3966 2335 4030 Apud
2367 3967 2555 4021 lsaiam
2585 3976 2640 4021 et
2690 3965 3029 4020 Ezechielem
3074 3965 3254 4035 angeli
3313 3975 3561 4019 canunt:
3591 3965 3748 4017 «San-

2178 4066 2320 4123 Ctus,
2358 4066 2602 4121 sanctus,
2642 4069 2866 4113 sanctus
2920 4057 3185 4111 Dominus
3224 4056 3467 4111 Sabaoth
3502 4074 3517 4110 :
3552 4057 3741 4109 emtum

2177 4159 2233 4205 et
2267 4158 2409 4204 terra
2445 4150 2667 4218 impleta
2715 4158 2845 4204 sunt
2876 4148 3048 4218 gloria
3085 4150 3255 4217 ejus,3
3294 4150 3344 4202 id
3381 4158 3463 4202 est
3490 4147 3660 4201 Patris
3694 4156 3745 4200 et

2177 4240 2299 4294 Filii
2328 4250 2382 4293 et
2410 4239 2644 4308 Spiritus
2678 4240 2875 4303 sancti,
2907 4241 3069 4295 unius
3092 4241 3145 4293 in
3175 4240 3447 4294 Trinitate
3471 4241 3585 4293 Dei.

2252 4327 2354 4392 Qui
2378 4328 2583 4382 locutus
2613 4338 2689 4383 est
2723 4343 2817 4394 per
2844 4328 3144 4397 praphetas.
3168 4327 3499 4382 Zacharias:
3532 4328 3747 4393 «Quem-

2182 4419 2477 4474 admodum
2516 4434 2613 4486 per
2642 4433 2737 4473 ora
2786 4427 3104 4473 sanctorum
3158 4418 3227 4472 ab
3281 4419 3430 4471 omni
3462 4419 3588 4473 inde
3622 4431 3749 4471 tem-

495 4497 708 4542 terraea
754 4487 1006 4560 Moyses:
1055 4491 1150 4542 «Et
1208 4490 1436 4555 ενίτονίι
1483 4491 1535 4544 in
1570 4508 1632 4547 os
1667 4494 1788 4561 ejus
1823 4492 2074 4561 spiritum

2184 4525 2314 4580 pore
2362 4511 2751 4578 prophetarum
2794 4510 3065 4577 nuntiavit
3098 4521 3341 4563 nostram
3398 4510 3469 4563 ab
3504 4510 3745 4563 hostibus

480 4580 715 4632 witalem
747 4597 764 4645 ;
802 4599 820 4630 3
854 4579 1100 4634 Ezechiel
1139 4598 1159 4631 ι
1189 4579 1288 4632 Fili
1346 4581 1604 4642 hominis,
1666 4584 1993 4636 vaticinator
2022 4584 2075 4636 in

498 4674 720 4740 spiritu,
755 4690 819 4727 ac
855 4674 999 4728 venit
1025 4689 1191 4743 super
1220 4690 1305 4740 ea,
1336 4685 1388 4728 et
1415 4676 1684 4729 vixerunt.
1720 4694 1739 4725 3

570 4788 677 4854 Qui
705 4806 730 4842 e
768 4788 934 4843 Putre
961 4792 1217 4860 procedit.
1252 4789 1603 4857 Evangelinm
1635 4807 1648 4844 :
1689 4808 1707 4840 «
1747 4787 1883 4843 Cum
1914 4804 2083 4843 vene-

499 4882 568 4932 rit
628 4880 967 4943 Paracletus,
1029 4898 1190 4950 quem
1248 4897 1349 4950 ego
1383 4898 1412 4934 a
1451 4883 1608 4935 Patre
1644 4883 1798 4936 vobis
1832 4883 2070 4949 mittam,

501 4971 765 5038 Spiritum
822 4974 1091 5035 veritatis,
1125 4972 1216 5040 qui
1259 4988 1287 5024 a
1340 4972 1502 5025 Patre
1530 4970 1830 5039 procedit»
1870 4973 2083 5041 (Atque

503 5067 687 5117 statim
721 5064 994 5118 excedens
1029 5080 1092 5117 ex
1126 5078 1267 5133 aqua
1297 5064 1468 5117 caelos
1503 5063 1712 5118 divisos
1734 5073 1788 5117 et
1814 5064 2081 5133 Spiritum

502 5167 763 5226 tanquam
801 5158 1112 5212 columbam
1144 5158 1560 5213 descendentem
1598 5160 1787 5213 vidit.3
1828 5159 2029 5215 Paulus
2064 5178 2080 5216 :

509 5248 651 5303 «Nos
707 5264 812 5301 non
862 5249 1114 5314 Spiritum
1164 5250 1376 5309 mundi.
1426 5250 1521 5305 sed
1575 5250 1668 5305 Dei
1713 5252 2079 5319 accepimus»
2134 5304 2144 5309 -

508 5338 723 5393 David:
759 5336 970 5392 «Verbo
1022 5339 1237 5393 Domini
1288 5340 1414 5394 cmli
1468 5340 1670 5394 conditi
1707 5350 1854 5402 sunt.
1887 5350 1940 5396 et
1974 5341 2087 5410 spi-

507 5431 619 5485 ritu
650 5431 761 5486 uris
779 5429 897 5499 ejus
928 5445 1091 5483 omne
1115 5446 1301 5485 eorum
1330 5434 1556 5485 robur»
1581 5432 1773 5487 Petrus
1800 5433 1853 5486 in
1892 5434 2044 5486 Actis
2068 5450 2083 5484 :

517 5514 882 5572 «Promissum
903 5516 1165 5586 Spiritum
1192 5527 1440 5573 sanctum
1470 5522 1699 5589 adeptus
1732 5520 1904 5575 Filius
1933 5537 1962 5573 a
1984 5521 2085 5574 Pa-

514 5608 819 5673 tr«~,ei}'«nlit
850 5612 971 5673 hoc,
994 5609 1137 5679 quod
1161 5626 1305 5664 nunc
1330 5613 1554 5665 cernitis
1585 5622 1635 5665 et
1658 5614 1913 5667 auditis»
1948 5612 2088 5665 Pau-

517 5701 601 5750 lus
634 5702 697 5752 ad
717 5700 897 5754 Titum
929 5723 941 5755 :
970 5720 987 5752 «
1014 5700 1261 5755 Servavit
1295 5719 1393 5757 nos
1424 5704 1627 5759 lotioue
1653 5704 2086 5775 regenerationis

525 5797 580 5840 et
614 5790 1025 5849 instaurationis
1057 5794 1293 5863 Spiritus
1328 5797 1679 5865 sanetiquem
1716 5800 1767 5852 in
1808 5814 1907 5853 nos
1938 5797 2088 5864 large

2185 4602 2622 4656 librrationema
2663 4601 2890 4669 Deipara
2918 4619 2931 4654 :
2969 4600 3473 4666 «Quemadmodum
3499 4602 3637 4655 dixit
3666 4617 3748 4669 pa-
3787 4595 3796 4604 ’

2186 4694 2363 4747 tribus
2412 4693 2622 4749 nostris
2654 4694 2966 4748 Abrahamn
3006 4703 3057 4746 et
3075 4693 3273 4747 semini
3303 4693 3425 4761 ejus
3458 4692 3553 4761 per
3574 4694 3745 4745 omnia

2185 4787 2453 4847 smculag
2489 4785 2657 4839 Acta:
2698 4803 2716 4835 «
2749 4784 2866 4839 Hoc
2919 4800 3112 4839 onutes
3144 4787 3420 4854 prophetae
3466 4794 3745 4844 testantur,

2185 4879 2396 4929 veniam
2439 4887 2788 4944 peccatorum
2847 4887 3105 4930 nacturos
3167 4892 3288 4932 esse
3337 4877 3483 4931 illius
3514 4877 3745 4939 nomine,

2186 4970 2503 5038 quicunque
2552 4969 2783 5022 credunt
2847 4969 2901 5022 in
2926 4985 3108 5023 eum.3
3163 4978 3260 5024 et:
3328 4968 3529 5035 «Quem
3559 4969 3744 5023 uelum

2187 5060 2436 5128 accipere
2450 5068 2667 5129 oportet
2696 5075 2868 5126 usque
2895 5059 2961 5112 ad
2995 5069 3207 5127 tempus
3240 5056 3606 5113 restitutibnis
3630 5073 3742 5111 om-

2190 5151 2378 5213 nium,
2409 5150 2475 5205 de
2520 5150 2723 5219 quibus
2775 5149 2919 5204 Deus
2951 5150 3085 5203 dixit
3133 5166 3229 5219 per
3275 5167 3369 5206 ora
3432 5166 3659 5206 suorum
3689 5149 3749 5203 ab

2190 5241 2339 5295 omni
2416 5241 2541 5296 inde
2614 5251 2863 5311 tempore
2951 5253 3265 5296 sanctorum
3316 5244 3743 5311 prophetarum»

2191 5332 2338 5386 Dixit
2365 5332 2530 5385 David
2564 5332 2617 5385 iu
2654 5334 2863 5401 Spiritu
2892 5346 3111 5384 saneto:
3152 5333 3329 5385 «Dixit
3360 5332 3621 5385 Dominus
3650 5331 3747 5383 Do-

2191 5426 2336 5479 mino
2387 5428 2530 5489 meo,
2567 5427 2692 5480 sede
2726 5426 2791 5479 ad
2825 5427 3067 5479 dextram
3113 5440 3344 5479 meam»
3390 5427 3563 5479 Acta:
3595 5426 3746 5479 «Cum

2193 5527 2564 5586 precarentur,
2619 5532 2921 5573 concussus
2960 5528 3044 5572 est
3097 5518 3268 5579 locus,
3330 5517 3386 5571 in
3446 5533 3557 5586 quo
3590 5517 3744 5571 coacti

2193 5618 2371 5672 erant,
2408 5619 2461 5663 et
2520 5624 2714 5664 omnes
2772 5610 2976 5679 impleti
3018 5619 3147 5665 sunt
3198 5609 3407 5679 Spiritu
3445 5618 3658 5670 sancto,
3699 5617 3747 5659 et

2198 5702 2368 5755 libere
2397 5701 2665 5756 docebant
2691 5700 2925 5756 Verbum
2948 5702 3059 5756 Dei.
3078 5721 3095 5754 3
3126 5701 3377 5756 Exodus:
3412 5719 3431 5752 ι
3462 5699 3528 5753 Ει
3556 5695 3747 5765 impleti

2203 5803 2328 5850 sunt
2359 5793 2565 5863 Spiritu
2598 5804 2790 5852 sancto
2832 5805 2885 5851 et
2915 5796 3355 5851 vaticinabantur
3417 5795 3470 5848 in
3506 5790 3738 5847 castris»
