4022 6294
269 420 407 487 1012

1149 465 1162 478 ,
1261 408 1713 470 CIIRONICON
1781 410 2056 470 MAJUS.
2095 432 2162 444 -
2203 408 2343 468 ΗΒ.
2383 405 2476 466 lV.

3373 391 3506 457 101i

338 530 442 592 Εἰς
467 526 613 596 μίαν
665 523 843 592 ἁγίαν
893 519 1230 588 καθολικὴν
1278 524 1378 574 καὶ
1423 522 1846 587 ἀποστολικὴν
1873 523 1918 578 Α
1948 518 2078 572 υΞῶν
2111 517 2202 571 τοῦ
2247 517 2381 568 Θεοῦ
2430 512 2731 581 ἐκδέχεται.
2776 527 2793 559 »
2840 505 3194 596 Εὐαγγελίου,
3300 503 3429 556 Ὅτε
3470 505 3520 556 οἱ

279 618 672 684 Ἐκκλησίαν.
715 617 925 682 Ὠσπερ
949 614 1234 667 καθολικαὶ
1279 614 1562 667 ἐπιστολαὶ
1602 616 1658 666 αἱ
1697 614 1837 667 ἑπτὰ

263 711 341 768 ὼς
371 711 450 771 είς
483 710 690 770 πάντας
721 709 942 769 πιστοὺς
981 708 1277 774 γραφεῖσαι
1320 707 1536 767 κοινῶς,
1575 705 1716 758 οῦτω
1747 705 1839 758 καλ⁵

264 799 533 868 καθολικὴ
569 793 866 863 Ἐκκλησία
1084 795 1115 860 ἡ
1164 796 1379 846 πάντων
1419 791 1718 861 όρθοδόξων
1749 789 1842 857 γέ-

264 902 533 955 γραπται.
570 883 809 947 Παύλου,
845 902 863 934 ι
923 883 981 935 '0
1033 884 1266 952 ποιήσας
1309 882 1376 935 τὰ
1426 882 1711 952 ἀμφότερα
1761 881 1838 943 ἓν,

267 979 362 1031 καὶ
420 975 499 1039 εἷς
532 975 753 1044 Κύριος,
813 973 908 1043 μία
958 973 1162 1036 πίστις,
1208 973 1267 1026 ἒν
1314 975 1616 1043 βάπτισμα.
1658 993 1676 1025 »
1710 974 1839 1035 Kal,

274 1089 294 1119 «
341 1070 584 1136 Ἀδελφοὶ
611 1069 756 1135 ἅγιοι
786 1067 881 1119 καὶ
917 1067 1433 1136 ἐποικοδομηθέντες
1463 1067 1555 1121 ἐπὶ
1584 1068 1661 1136 τῷ
1686 1067 1843 1136 θεμε-

267 1159 367 1229 λίῳ
397 1161 502 1211 τῶν
553 1159 866 1211 ἀποστόλων
898 1157 990 1210 καὶ
1048 1157 1364 1226 προφητῶν,
1397 1158 1548 1220 ὄντος
1589 1160 1844 1228 ἀκρογω-

268 1253 444 1303 νιαίου
485 1251 650 1303 αὑτοῦ
689 1250 869 1321 Ἰησοῦ
909 1251 1166 1320 Χριστοῦ.
1209 1272 1225 1303 »
1254 1250 1377 1314 Kal,
1416 1271 1432 1302 «
1483 1251 1671 1318 Ὑμεῖς
1720 1252 1843 1304 ἐστὲ

269 1347 431 1416 σῶμα
460 1345 718 1415 Χριστοῦ,
764 1346 858 1399 καὶ
895 1347 1028 1415 μέλη
1077 1347 1138 1397 ἐκ
1183 1345 1402 1415 μέρους.
1456 1365 1472 1395 »
1515 1347 1642 1408 Καὶ,
1680 1364 1696 1396 ι
1735 1344 1842 1408 Οὓς

271 1442 372 1508 μὲν
407 1437 556 1491 ἔθετο
597 1439 626 1491 ό
673 1438 802 1499 Θεὸς
829 1439 886 1490 ὲν
929 1439 991 1506 τῇ
1019 1436 1314 1508 Ἐκκλησία
1345 1437 1563 1507 πρῶτον
1606 1436 1840 1489 ἀποστό-

269 1532 417 1590 λους,
435 1528 686 1596 δεύτερον
718 1529 1024 1598 προφήτας,
1048 1527 1230 1597 τρίτον
1253 1528 1627 1590 διδασκάλους.
1661 1549 1677 1576 »
1708 1529 1840 1592 Καὶ,

275 1641 294 1672 «
335 1621 452 1674 Ἵνα
508 1620 860 1689 οἱκοδομῆται
915 1619 1295 1689 ἡἘκκλησία.
1349 1638 1367 1670 »
1412 1621 1539 1680 Καὶ,
1584 1638 1602 1670 ι
1653 1619 1845 1687 Ὑμεῖς

271 1713 398 1764 ἐστὲ
435 1713 559 1774 ναὸς
605 1709 736 1764 Θεοῦ
789 1709 1012 1774 ζῶντος.
1046 1729 1064 1762 »
1105 1711 1234 1774 Καὶ,
1278 1729 1296 1762 «
1335 1712 1429 1773 Εἰς
1477 1711 1845 1780 καταρτισμὸν

268 1803 372 1871 τῆς
409 1802 762 1872 Ἐκκλησίας.
805 1821 822 1853 »
864 1803 994 1866 Kal,
1036 1821 1054 1852 «
1095 1801 1286 1866 Ὀντος
1317 1803 1709 1872 ἀκρογωνιαίου
1747 1803 1844 1855 αύ-

1944 612 2127 682 νεκρολ
2159 609 2478 662 ἀκούσονται
2509 605 2606 671 τῆς
2630 602 2813 673 φωνῆς
2837 598 2928 652 τοῦ
2953 597 3082 650 Υἱοῦ
3111 595 3204 650 τοῦ
3237 595 3394 664 Θεοῦ,
3427 596 3520 649 καὶ

1947 705 1996 755 oi
2022 701 2354 759 ἀκούσαντες
2386 699 2667 765 ζήσονται.
2709 711 2726 742 »

2017 791 2125 846 Kal
2154 790 2306 854 ζωὴν
2359 787 2465 840 τοῦ
2491 786 2828 854 μέλλοντος
2883 781 3120 844 αἰῶνος.
3159 777 3520 846 Εὐαγγελὲου,

1955 904 1974 937 ι
2026 885 2084 936 '0
2125 881 2300 951 μισῶν
2331 880 2428 950 τὴν
2453 877 2634 946 ψυχὴν
2666 875 2832 928 αὐτοῦ
2893 875 2950 925 ἐν
2981 873 3058 939 τῷ
3109 871 3301 941 κόσμῳ
3348 870 3524 938 τούτῳ

1951 975 2027 1036 εἰς
2057 972 2202 1041 ζωὴν
2232 970 2450 1025 αἰώνιον
2469 965 2696 1034 φυλάξει
2725 966 2919 1033 αὐτὴν.
2960 982 2978 1014 >
3005 963 3265 1030 Πράξεων
3289 999 3304 1024 ,
3340 980 3357 1010 «
3393 964 3524 1013 Δια-

1949 1065 2248 1134 λεγομένου
2278 1063 2334 1115 δὲ
2370 1059 2538 1113 αὑτοῦ
2577 1058 2708 1128 περὶ
2765 1056 3118 1124 δικαιοσύνης
3179 1057 3276 1107 καὶ
3320 1055 3526 1123 ἐγκρα-

1949 1158 2100 1218 τείας
2141 1157 2236 1209 καὶ
2275 1153 2368 1207 τοῦ
2424 1153 2694 1222 κρίματος
2747 1149 2837 1203 τοῦ
2883 1149 3174 1218 μέλλοντος
3217 1149 3463 1200 ἔσεσθαι.
3500 1167 3517 1198 »

1960 1249 2211 1313 Ἠσαίου,
2269 1267 2285 1298 ι
2329 1246 2519 1316 Πατὴρ
2567 1242 2662 1297 τοῦ
2702 1242 2984 1312 μέλλοντος
3029 1241 3245 1303 αἰῶνος.
3291 1260 3308 1291 »
3350 1242 3527 1307 Εὔαγ-

1951 1341 2168 1412 γελίου,
2233 1361 2250 1392 «
2317 1339 2462 1406 Ἐγὼ
2522 1337 2578 1390 δὲ
2637 1336 2714 1398 ζῶ
2770 1336 2859 1389 διὰ
2912 1335 3020 1401 τὸν,
3058 1335 3439 1403 Πατέρα,ξκα“ι
3497 1336 3526 1386 ό

1949 1433 2180 1504 τρώγων
2226 1450 2293 1500 με
2332 1432 2561 1498 ζήσεται
2587 1429 2655 1481 δι’
2688 1429 2807 1497 ἐμέ.
2857 1445 2874 1477 »
2911 1427 3021 1479 Kal
3049 1465 3063 1489 ,
3103 1444 3120 1475 «
3152 1425 3294 1493 Ἐγώ
3320 1427 3436 1493 εἰμι
3489 1429 3524 1494 ἠ

1951 1527 2249 1588 ἀνάστασις
2282 1525 2374 1577 καὶ
2407 1526 2439 1593 ἡ
2472 1523 2606 1592 ζωή.
2653 1541 2670 1573 »
2708 1522 2818 1575 Καὶ
2845 1563 2857 1586 ,
2891 1519 3341 1574 «Ἀπελεύσονται
3377 1511 3524 1570 οὗτοι

1952 1622 2034 1682 εἰς
2054 1618 2276 1671 κόλασιν
2297 1617 2538 1679 αἰώνιον,
2569 1615 2620 1667 οἱ
2643 1614 2699 1667 δὲ
2729 1614 2930 1666 δίκαιοι
2955 1613 3035 1676 είς
3060 1611 3204 1679 ζωὴν
3227 1609 3462 1664 αἰώνιον.
3500 1629 3519 1660 »

2023 1710 2236 1778 Ἀμήν.
2269 1709 2342 1762 Τὸ
2376 1708 2432 1760 δὲ
2464 1707 2613 1776 ἀμὴν
2645 1706 2848 1766 παντὸς
2905 1703 3000 1758 τοῦ
3039 1703 3187 1772 ἱεροῦ
3246 1705 3523 1772 συμϐόλου

1953 1802 2076 1857 ἐστὶ
2111 1801 2470 1872 βεϐαιωτικὸν
2514 1799 2610 1852 καὶ
2643 1801 2882 1868 σφραγὶς
2941 1796 3034 1848 καὶ
3071 1790 3180 1850 οἶόν
3239 1813 3322 1859 τις
3373 1797 3526 1859 κλεῖς

271 1893 368 1944 τοῦ
420 1892 596 1962 Ἰησοῦ
633 1893 868 1963 Χριστοῦ
895 1910 908 1924 ⁸
952 1894 1008 1945 ἐν
1037 1885 1079 1958 ᾧ
1108 1893 1201 1946 καὶ
1251 1893 1408 1962 ὑμετς
1453 1894 1848 1962 συνοικοδομεῖ-
1881 1922 1924 1976 Β
1962 1896 2325 1952 ἀποκλείουσα
2340 1894 2465 1954 τοὺς
2488 1892 2710 1956 ἔξωθεν,
2731 1891 2827 1943 καὶ
2854 1890 3205 1957 φυλάττουσα
3224 1891 3297 1949 ὡς
3313 1890 3525 1958 ταμείῳ

273 1982 368 2034 σθε
395 1999 410 2014 ο
454 1983 550 2036 καὶ
590 1982 752 2046 αὐτός
803 1981 1012 2051 ὲστινή
1062 1979 1270 2051 κεφαλὴ
1317 1980 1411 2036 τοῦ
1461 1981 1713 2050 σώματος
1749 1980 1846 2049 τῆς

283 2074 636 2145 Ἐκκλησίας.
675 2093 692 2126 »
1577 2133 1600 2146 _

353 2165 658 2236 Ὁμολοῃῶ
684 2164 756 2219 ἓν
789 2164 1110 2234 ,βάπτισμα
1137 2167 1226 2230 εις
1255 2164 1480 2234 ἄφεσιν
1521 2164 1845 2234 ἁμαρτιῶν.

271 2259 514 2325 Παύλου,
553 2278 571 2311 ι
612 2257 979 2329 ὐμολόγησον
1005 2258 1102 2330 τὴν
1122 2259 1296 2329 καλὴν
1328 2260 1637 2330 ὁμολογίαν.
1665 2239 1848 2323 ι’Καὶ,

279 2369 298 2402 «
342 2350 555 2420 Καρδίᾳ
587 2349 684 2419 μὲν
716 2348 1034 2402 πιστεύεται
1083 2351 1165 2412 εἰς
1206 2349 1578 2419 δικαιοσύνην,
1616 2350 1850 2420 στόματι

273 2440 332 2493 δὲ
371 2440 714 2508 ὁμολογεῖται
757 2442 836 2504 είς
888 2442 1188 2510 σωτηρίαν.
1231 2460 1249 2492 »
1295 2459 1312 2491 «
1353 2438 1449 2504 Εἷς
1487 2442 1697 2511 κύριος,
1753 2445 1850 2511 μία

275 2530 480 2595 πίστις,
529 2531 587 2584 ἓν
638 2531 948 2602 βάπτισμα.
1003 2531 1364 2600 Εὐαγγελίου,
1419 2551 1437 2582 «
1489 2532 1851 2597 Βαπτίζοντες

272 2622 476 2684 αὐτοὺς
524 2625 603 2686 είς
633 2624 827 2692 ἄφεσιν
875 2623 1182 2693 ἁμαρτιῶν.
1225 2642 1242 2675 »
1284 2643 1300 2674 «
1341 2621 1702 2686 Βαπτίζοντες
1751 2623 1851 2677 αὺ-

268 2715 400 2776 -τοὺς
432 2716 512 2777 είς
543 2715 604 2767 τὸ
634 2715 805 2783 δνομα
835 2714 929 2768 τοῦ
965 2714 1181 2784 [ἰατρὸς
1223 2715 1320 2769 καὶ
1351 2713 1445 2769 τοῦ
1483 2713 1614 2767 Υίοῦ
1643 2712 1850 2767 καὶτοῦ

270 2805 433 2872 ἁγίου
461 2803 798 2873 Πνεύματος.
843 2823 861 2857 »

339 2897 678 2965 Προσδοκῶ
701 2897 1050 2952 ἀνάστασιν
1073 2897 1324 2965 νεκρῶν.
1355 2898 1636 2967 Πράξεων,
1668 2915 1686 2948 «
1716 2897 1851 2967 Περὶ

261 2991 491 3055 ἐλπίδος
545 2991 638 3043 καὶ
681 2991 1033 3052 ἀναστάσεως
1096 2988 1307 3057 νεκρῶν
1355 2987 1465 3056 ἐγὼ
1504 2988 1783 3058 κρίνομαι.
1825 3005 1843 3038 »

275 3085 535 3146 Ἡσαΐου,
573 3101 591 3135 «
625 3083 1054 3152 Ἀναστήσονται
1091 3081 1138 3134 οἱ
1169 3080 1358 3151 νεκροὶ
1400 3081 1493 3133 καὶ
1527 3080 1852 3150 ἐγερθήσον-

269 3192 363 3228 ται
393 3177 442 3228 o!
477 3176 533 3225 ἐν
565 3175 676 3236 τοῖς
705 3172 1014 3242 μνημείοις.
1049 3190 1067 3223 »
1099 3171 1383 3240 Πράξεων,
1426 3189 1446 3222 «
1489 3169 1554 3223 Ἤ
1580 3170 1688 3238 γὰρ
1713 3169 1846 3222 άπο-

1954 1987 2062 2040 τινὶ
2093 1985 2366 2053 καλλίστῳ
2389 1985 2488 2051 τῆς
2527 1980 2859 2050 Ἐκκλησίας
2887 1979 2976 2033 τὸν
3008 1981 3109 2048 τῆς
3149 1979 3383 2044 πίστεως
3424 1984 3524 2051 θη-

1955 2079 2178 2148 σαυρὸν,
2213 2077 2300 2130 ἵνα
2325 2075 2399 2145 μή
2431 2075 2512 2138 τίς
2529 2092 2584 2128 τι
2618 2075 2681 2126 ὲκ
2705 2073 2895 2127 τούτου
2921 2073 3193 2144 ἀφέληται
3224 2074 3258 2144 ἢ
3285 2075 3440 2130 νόθον
3469 2095 3525 2130 τι

1953 2169 2325 2241 ἑπεισαγάγῃ.

2025 2260 2171 2314 Αὐτὸ
2190 2261 2248 2312 τὸ
2274 2260 2415 2312 θεῖον
2446 2260 2536 2314 καῖ
2578 2259 2883 2328 ἱερώτατον
2930 2261 3028 2314 καὶ
3079 2259 3294 2313 τέλειον
3333 2260 3528 2314 πάντο-

1955 2353 2047 2406 θεν
2075 2353 2174 2420 τῆς
2207 2351 2492 2415 εὐσεϐείας
2551 2351 2708 2419 ἡμῶν
2770 2353 3019 2420 σημεῖον,
3071 2352 3168 2422 τὴν
3231 2353 3529 2421 ὁμολογίαν

1953 2445 2061 2498 τῶν
2095 2443 2372 2512 πατέρων,
2399 2444 2487 2496 τὸν
2511 2444 2635 2511 ὅρον
2664 2444 2763 2508 τῆς
2797 2441 3033 2514 ἀληθοῦς
3061 2444 3221 2512 ἡμῶν
3266 2445 3530 2506 πίστεως,

1955 2535 2429 2605 ὲνστερνιζόμενοι
2475 2537 2596 2598 ταῖς
2650 2534 2854 2602 ψυχαῖς
2916 2535 3009 2587 καὶ
3056 2536 3122 2604 τῇ
3178 2533 3392 2604 γλώττῃ
3434 2536 3529 2586 καὶ

1955 2628 2164 2699 χείλεσι
2201 2628 2341 2697 μετὰ
2371 2627 2688 2698 παρρησίας
2741 2626 3159 2696 ὁμολογοῦντες,
3221 2628 3318 2697 τὴν
3361 2628 3526 2696 ἀσινῆ

1957 2721 2015 2774 ὲν
2042 2721 2238 2784 αὐταῖς
2265 2721 2357 2774 καὶ
2389 2720 2680 2788 ἀκίϐδηλον
2714 2722 2805 2773 καὶ
2851 2720 3074 2782 ἀπαράο
3087 2738 3318 2787 ραυστον
3351 2721 3530 2789 πάντη

1955 2813 2030 2874 ὡς
2060 2811 2412 2880 θεοφορήτων
2471 2810 2565 2863 καὶ
2625 2809 2991 2874 θεοδοξάστων
3049 2809 3143 2863 καὶ
3199 2809 3532 2878 θεοκινήτιυν

1955 2903 2216 2973 Πατέρων
2249 2903 2408 2972 ίερὰν
2629 2901 2956 2972 παραθήκην
3008 2902 3172 2970 μέχρι
3201 2902 3392 2964 τέλους
3433 2918 3534 2968 φυ-

1953 2992 2228 3063 λάξωμεν,
2261 2993 2347 3046 ἵνα
2373 2995 2496 3054 ταῖς
2524 2991 2854 3061 πρεσϐείαις
2881 2991 2993 3043 τῶν
3038 2991 3164 3043 ὲκθε
3178 2991 3354 3059 μένων
3401 2991 3532 3042 αὐτὸ

1955 3085 2051 3140 καὶ
2085 3083 2438 3154 φυλαξάντων
2463 3083 2636 3152 ἁγίων
2667 3083 2758 3138 καὶ
2811 3083 2919 3135 τῶν
2966 3082 3072 3153 πρὸ
3122 3083 3326 3146 αὐτῶν,
3364 3083 3422 3147 ἐξ
3454 3076 3530 3134 ὧν

1954 3178 2052 3248 τὴν
2092 3178 2296 3246 γνῶσιν
2353 3194 2500 3232 ουτοι
2554 3175 2649 3230 τοῦ
2706 3175 2980 3244 συμϐόλου
3039 3155 3391 3242 παρέλαϐον,
3436 3175 3532 3226 καὶ

271 3265 582 3336 καραδοκεα
619 3262 720 3334 τῆς
784 3263 1016 3325 κτίσεως
1055 3261 1151 3332 τὴν
1178 3259 1520 3330 ἀποκάλυψιν
1563 3259 1850 3332 manv
1877 3278 1922 3337 ο
1958 3274 2179 3323 πάντων
2209 3269 2345 3340 ὁμοῦ
2409 3268 2519 3322 τῶν
2554 3257 2749 3336 arani,
2787 3267 2894 3320 τῶν
2950 3267 3109 3336 ἱερῶν
3149 3266 3400 3352 ἀγγέλων
3444 3266 3526 3318 λι-

348 3440 415 3496 Ει
447 3455 613 3492 unam
635 3446 877 3492 sanctam
894 3438 1205 3494 catholicam
1228 3448 1278 3491 et
1301 3439 1647 3509 apostolicam
1669 3439 1849 3492 Eccfe-
1892 3465 1898 3471 ο

273 3537 434 3589 siam.
469 3531 625 3586 Sicut
649 3531 936 3586 catholica:
963 3540 1090 3586 sunt
1115 3540 1321 3600 septem
1358 3533 1604 3600 epistola:
1629 3532 1695 3586 ad
1731 3547 1850 3586 om-

276 3642 373 3681 nes
398 3623 588 3677 fideles
620 3623 834 3691 scripta:
873 3621 1261 3685 communiter,
1301 3623 1373 3676 ita
1400 3623 1562 3676 etiam
1603 3623 1846 3676 omnium

276 3715 717 3771 orthodoxorum
748 3712 990 3768 Ecclesia
1023 3713 1293 3767 catholica
1349 3714 1574 3767 dicitur.
1608 3713 1844 3768 Paulus:

283 3807 390 3867 «is,
423 3803 520 3873 qui
554 3801 767 3856 diversa
803 3803 1138 3867 conciliavit,
1160 3813 1214 3858 et
1243 3821 1384 3858 unus
1412 3803 1700 3868 Dominus,
1741 3817 1847 3857 una

283 3898 441 3956 fides,
502 3908 669 3946 unum
709 3893 1034 3962 baptisma.»
1066 3893 1168 3947 Et:
1203 3891 1455 3946 «Fratres
1490 3894 1663 3948 sancti
1689 3901 1851 3962 etsu-

282 3984 580 4053 pcrstrurti
607 3999 769 4052 super
789 3983 1205 4037 fundamentum
1233 3983 1608 4052 apostolorum
1640 3994 1690 4037 et
1724 3997 1847 4051 pro-

282 4079 570 4146 phetarum
596 4073 901 4127 exsistente
947 4075 1056 4126 imo
1096 4073 1271 4141 lapide
1298 4072 1543 4143 anguiari
1577 4073 1694 4142 ipso
1721 4071 1847 4126 Jesu

282 4171 557 4226 Christo.»
587 4165 687 4221 Et:
719 4164 857 4220 «Vos
898 4165 1029 4221 estis
1063 4180 1258 4235 corpus
1290 4164 1492 4220 Christi
1533 4165 1850 4232 etsingufa-

283 4263 377 4318 tim
407 4261 709 4316 membra.»
746 4257 811 4313 Et
840 4276 852 4312 :
895 4258 1072 4325 «Quos
1095 4256 1239 4312 Deus
1264 4257 1548 4312 constituit
1582 4257 1636 4310 in
1668 4256 1852 4322 Eccle-

283 4357 362 4410 sia
417 4353 648 4423 primum
709 4351 1011 4420 apostolos,
1059 4350 1256 4404 deinde
1310 4348 1626 4418 prophetas,
1679 4348 1841 4402 tertio

283 4447 635 4516 discipulos.»
665 4443 757 4498 Et:
792 4443 892 4498 «Ut
921 4443 1220 4497 aedificetur
1247 4441 1544 4498 Ecclesia.»
1573 4440 1637 4495 Et
1664 4458 1680 4494 :
1705 4437 1849 4493 «Vos

284 4539 420 4592 estis
448 4536 707 4603 templum
735 4536 824 4589 Dei
859 4536 1020 4589 vivi.»
1059 4535 1125 4589 Et
1165 4552 1177 4588 :
1216 4534 1324 4588 «Ad
1354 4532 1738 4602 perfectionem
1761 4545 1852 4586 ec-

1949 3447 2182 3502 soliicite
2267 3454 2549 3513 exspectat
2605 3443 2991 3502 revelationem
3077 3443 3312 3497 filiorum
3376 3444 3524 3497 Dei.»

1950 3538 2338 3609 Evangelium:
2377 3537 2541 3591 «Cum
2566 3536 2766 3591 mortui
2792 3535 3019 3588 audient
3048 3549 3230 3588 vocem
3263 3533 3387 3587 Filii
3415 3534 3529 3599 Dei,

1949 3638 2003 3683 et
2032 3631 2234 3690 vivent,
2253 3628 2346 3696 qui
2382 3628 2694 3681 audiverim
2734 3641 2911 3680 eam.»

2023 3719 2091 3772 Et
2121 3719 2284 3772 vitam
2312 3718 2516 3770 venturi
2535 3718 2735 3770 manli.
2773 3716 3122 3784 Evangelium
3159 3733 3172 3769 :
3209 3735 3226 3767 «
3276 3716 3376 3784 Qui
3419 3719 3533 3773 odit

1953 3813 2188 3866 animam
2221 3824 2374 3864 suam
2402 3809 2456 3861 in
2476 3809 2579 3861 hoc
2603 3812 2824 3869 mundo,
2851 3809 2914 3862 ad
2941 3808 3104 3862 vitam
3131 3817 3387 3862 aeternam
3409 3826 3530 3866 eam

1952 3901 2211 3955 servabit.
2251 3915 2268 3948 »
2302 3898 2474 3951 Acta:
2507 3914 2524 3946 «
2565 3896 2880 3962 Disputanle
2903 3903 3084 3949 autem
3117 3897 3207 3950 illo
3233 3897 3299 3950 de
3327 3898 3531 3960 iustitia

1950 3997 2004 4044 et
2030 3985 2384 4054 temperantia
2409 3995 2462 4037 ct
2509 3983 2708 4051 iudicio
2739 3984 2941 4037 futuro.
2998 4001 3016 4033 »
3045 3985 3214 4039 isaias
3242 4003 3255 4039 :
3291 4002 3309 4034 «
3373 3984 3534 4041 Pater

1952 4082 2135 4138 saeculi
2171 4080 2360 4159 futuri.
2403 4099 2418 4130 »
2453 4076 2842 4148 Evangeiium:
2877 4097 2894 4128 «
2930 4080 3044 4147 Ego
3063 4079 3209 4144 vivo,
3240 4089 3294 4134 et
3326 4081 3422 4150 qui
3445 4095 3531 4138 me

1953 4175 2151 4236 ederit,
2181 4172 2320 4226 vivet
2347 4186 2440 4241 per
2473 4185 2579 4224 me.
2611 4190 2631 4222 »
2674 4169 2740 4223 Et
2773 4189 2785 4225 :
2829 4190 2845 4222 «
2881 4169 2992 4240 Ego
3023 4185 3143 4226 sum
3199 4175 3531 4227 resurrectio

1951 4276 2006 4322 et
2037 4265 2165 4320 vita.
2203 4281 2220 4315 ι
2253 4263 2353 4316 Et:
2381 4281 2398 4312 «
2427 4260 2667 4314 Abibunt
2687 4261 2736 4313 hi
2761 4259 2826 4314 ad
2853 4275 3069 4330 pmnam
3095 4264 3530 4332 aeternam,justi

1953 4364 2134 4410 autem
2154 4352 2220 4406 ad
2253 4354 2414 4405 vitam
2444 4361 2726 4407 aeternam.
2770 4369 2788 4403 ι

2023 4449 2208 4500 Amen.
2245 4445 2576 4500 Vocabulum
2625 4443 2795 4496 Amen
2818 4442 3006 4508 _totius
3052 4445 3226 4498 sancti
3284 4443 3530 4515 Symboii

1954 4536 2299 4594 confirmatio
2329 4534 2648 4604 etsigillum
2677 4541 2740 4588 et
2770 4535 2925 4603 quasi
2956 4535 3132 4590 clavis
3153 4535 3401 4605 quaedam
3422 4547 3527 4601 est,

285 4629 521 4690 etesiae,»
561 4635 649 4681 et:
695 4645 712 4678 «
750 4625 1058 4680 Exsistente
1099 4626 1209 4678 imo
1239 4625 1417 4694 lapide
1452 4624 1695 4694 angulari
1731 4623 1850 4692 ipso
1881 4609 1930 4668 D
1955 4644 2062 4698 qua
2091 4628 2301 4683 externi
2329 4627 2686 4681 secluduntnr
2706 4634 2759 4680 et
2784 4635 3042 4695 tanquam
3095 4628 3346 4682 conclavi
3406 4628 3529 4698 pul-

282 4722 410 4775 Jesu
435 4719 677 4784 Christo,
705 4720 758 4772 in
792 4733 901 4787 quo
929 4734 1025 4773 vos
1050 4717 1416 4772 aedificamini.
1437 4719 1614 4787 Atque
1638 4718 1752 4786 ipse
1768 4725 1851 4772 est

283 4819 449 4879 caput
471 4809 716 4879 corporis
742 4808 1018 4863 Ecclesiae.
1055 4827 1072 4859 »

356 4900 622 4969 Conﬁteor
640 4917 801 4952 unum
835 4899 1096 4968 baptisma
1139 4900 1193 4952 in
1226 4899 1582 4952 remissionem
1609 4909 1850 4966 peccato-

284 5010 422 5048 rum.
461 4992 694 5046 Paulus:
734 4990 1039 5046 tConfitere
1077 4992 1360 5060 pulchram
1385 4990 1843 5046 confessionem.»

285 5087 392 5140 Et:
438 5085 666 5137 «Animo
690 5084 967 5138 credimus
998 5085 1064 5136 ad
1096 5085 1384 5152 justitiam,
1405 5099 1500 5137 ore
1524 5084 1849 5138 confitemur

285 5178 348 5230 ad
383 5176 797 5231 salvationem.»
839 5173 1025 5230 «Unus
1053 5175 1336 5240 Dominus,
1366 5191 1469 5229 una
1498 5176 1650 5241 fides,
1683 5191 1847 5229 unum

287 5271 610 5336 baptisma.»
666 5270 1014 5339 Evangelium
1051 5288 1064 5324 :
1117 5268 1490 5338 «Baptizanles
1533 5283 1627 5323 eos
1672 5270 1740 5322 ad
1775 5283 1854 5323 re-

286 5361 604 5414 missionem
664 5369 1074 5430 pecCatorum.»
1136 5360 1512 5428 «Baptizantcs
1555 5374 1648 5414 eos
1673 5359 1725 5412 in
1756 5374 1854 5413 n0-

284 5452 426 5504 tnine
461 5449 637 5505 Patris
663 5458 716 5504 et
750 5449 866 5503 Filii
892 5458 944 5502 et
967 5447 1210 5518 Spiritus
1244 5449 1438 5502 sancti.
1476 5467 1492 5498 »

352 5540 612 5610 Exspecto
651 5541 1080 5593 resurrectionem
1139 5548 1487 5592 mortuorum.
1533 5539 1702 5593 Acta.
1743 5539 1851 5592 «De

291 5649 386 5702 spe
434 5644 486 5686 et
533 5632 943 5688 resurrectione
1006 5638 1346 5684 mortuorum
1405 5646 1506 5700 ego
1559 5630 1796 5700 judicor.
1827 5651 1846 5683 »

293 5724 491 5780 Isaias:
527 5723 861 5794 «Resurgent
881 5722 1077 5777 mortui
1096 5733 1151 5777 et
1176 5721 1589 5777 suscitahuntur
1611 5724 1702 5792 qui
1728 5733 1854 5778 sunt

292 5817 345 5872 in
375 5817 687 5887 sepulcris.»
717 5817 882 5872 Acta:
913 5815 1158 5871 «Etenim
1213 5817 1451 5872 mundus
1480 5816 1570 5871 hic
1603 5816 1856 5873 conditus

1954 4720 2226 4777 cherrimo
2255 4719 2513 4774 Ecclesiae
2538 4727 2790 4774 servatur
2813 4719 3110 4773 thesaurus
3141 4719 3288 4782 ﬁdei,
3313 4735 3383 4775 ne
3405 4721 3528 4790 quis

1953 4812 2078 4866 inde
2098 4810 2226 4880 quid
2253 4809 2486 4873 auferat,
2513 4818 2606 4862 aut
2627 4807 2869 4863 alienum
2899 4809 3027 4878 quid
3060 4809 3280 4865 inferat.

2024 4902 2277 4956 Divinum
2316 4902 2421 4955 hoc
2451 4900 2857 4957 sanctissimum
2893 4910 2946 4956 et
2971 4902 3200 4956 omniex
3236 4911 3386 4972 parte
3410 4919 3530 4972 per-

1954 4996 2154 5051 fectum
2185 4993 2406 5063 pietatis
2438 5004 2641 5047 nostra:
2695 4993 2933 5062 signum,
2979 4993 3385 5056 confessionem
3431 5011 3530 5064 pa-

1953 5095 2121 5150 trum,
2159 5085 2525 5138 definitionem
2559 5097 2700 5138 verse
2728 5092 2934 5137 nostra:
2966 5083 3114 5144 fidei,
3171 5093 3353 5138 mente
3399 5101 3532 5139 con-

1953 5177 2260 5231 siderantes
2291 5190 2352 5227 ac
2384 5173 2568 5243 lingua
2603 5182 2656 5228 et
2678 5173 2839 5228 labiis
2867 5173 3035 5229 libere
3063 5177 3409 5243 profitentes,
3443 5177 3529 5228 iu-

1952 5269 2218 5322 violatum
2255 5267 2306 5320 in
2327 5267 2520 5321 animo
2549 5275 2604 5321 et
2628 5266 2902 5322 sincermn
2935 5275 2987 5321 et
3011 5265 3383 5336 incorruptum
3411 5281 3532 5319 om-

1953 5359 2086 5413 nino
2118 5373 2333 5426 semper
2357 5357 2695 5412 servabimus
2718 5373 2747 5412 a
2785 5356 3047 5412 Patribus
3101 5359 3287 5412 divino
3316 5356 3525 5426 Spiritu

1955 5450 2176 5515 afllatis,
2216 5450 2456 5504 incitatis
2503 5459 2558 5503 et
2619 5450 2872 5518 gloriosis
2929 5459 3212 5519 acceptum
3277 5457 3525 5503 sanetum

1959 5543 2178 5612 pignus,
2212 5552 2290 5604 ut,
2323 5542 2554 5605 sanctis,
2586 5541 2678 5609 qui
2712 5541 2764 5594 id
2814 5549 3216 5611 praposuerunt
3252 5547 3307 5592 et
3343 5553 3529 5593 scrva-

1958 5643 2104 5699 runt,
2131 5643 2184 5687 et
2215 5633 2301 5696 iis,
2320 5647 2347 5684 a
2374 5633 2570 5702 quibus
2598 5634 2652 5687 hi
2681 5634 2926 5688 notitiam
2942 5631 3174 5704 symboii
3197 5629 3527 5691 habuerunt,

1961 5726 2172 5781 sanctis
2199 5725 2436 5794 denique
2462 5726 2716 5780 omnibus
2738 5723 3182 5795 deprecantibus,
3216 5729 3268 5775 et
3295 5721 3529 5774 interce-

1962 5817 2216 5874 dentibus
2245 5818 2452 5885 angt-Iis
2482 5827 2532 5874 ct
2557 5817 2726 5874 Matre
2751 5817 3055 5874 Salvatoris
3087 5813 3261 5870 nostri
3325 5822 3380 5868 et
3433 5811 3528 5869 Dei
