4022 6294
498 374 642 439 1015

1743 371 2068 434 GEORGII
2111 373 2529 435 PHRANTZ/E

3609 370 3765 436 1016

497 494 613 553 ταῖς
646 492 739 542 καὶ
762 490 855 555 τῆς
885 486 979 541 τοῦ
1039 487 1293 555 Σωτῆρος
1344 486 1502 555 ἡμῶν
1560 488 1653 538 καὶ
1702 488 1838 540 Θεοῦ
1890 488 2063 558 Ἰησοῦ
2093 497 2138 553 Α
2170 492 2306 560 μετὰ
2337 492 2650 560 τὴνὲνωσιν
2714 494 2923 558 φύσεις,
2974 492 3069 545 ἕνα
3110 491 3166 545 δὲ
3209 493 3276 562 τῇ
3339 489 3645 543 ὑποστάσει
3681 491 3759 555 τῇ

508 581 745 652 Χριστοῦ
784 580 1146 648 ἀειπαρθένου
1174 578 1419 647 Μητρὸς,
1451 580 1548 648 τῆς
1579 580 1746 647 μόνης
1797 582 2065 647 παναγίας

502 676 595 726 καὶ
624 673 836 742 ἀληθῶς
859 673 1220 741 Θεομήτορος,
1254 670 1327 730 ὡς
1350 668 1522 739 δῶρον
1574 671 1813 740 καθαρὸν
1842 670 1941 741 τὴν
1970 688 2069 723 κα-

501 766 600 835 λὴν
631 765 835 828 ταύτην
880 763 1171 832 ὁμολογίαν
1217 761 1677 830 προσενεγκόντες
1738 766 1803 832 τῇ
1854 763 2065 832 Τριάδι,

500 858 599 923 τῆς
626 872 682 909 τε
719 858 937 909 αἰωνίου
968 855 1426 925 ἔλευθερωθὼμεν
1487 856 1761 919 κολάσεως
1819 858 1914 909 καὶ
1967 856 2065 924 τῆς

502 947 915 1014 διαιωνιζούσης
952 947 1048 998 σὺν
1082 946 1304 1016 Χριστῷ
1347 947 1747 1015 ἀπολαύσωμεν
1775 946 1926 1009 θείας
1968 947 2068 998 αύ-

438 1080 442 1106 ,
502 1038 597 1092 τοῦ
632 1038 724 1090 τοῦ
756 1036 993 1106 Χριστοῦ
1024 1038 1304 1105 βασιλείας
1357 1038 1453 1089 καὶ
1492 1036 1651 1106 δξξης
1700 1039 1795 1090 καὶ
1833 1037 2071 1091 ἀπολαύ-

506 1147 666 1190 σεως,
736 1128 971 1189 αἰωνίως
1027 1129 1190 1180 αὑτὸν
1235 1129 1326 1180 τὸν
1381 1129 1613 1195 Χριστὸν
1674 1129 1764 1180 τὸν
1802 1129 2069 1196 μονογενῆ

504 1221 633 1271 Υίον
658 1220 750 1271 τοῦ
780 1218 913 1270 Θεοῦ
944 1218 1145 1280 ζῶντος
1187 1219 1505 1283 δοξάζοντες
1556 1222 1679 1272 σὺνο
1700 1221 1777 1288 τῷ
1827 1236 2064 1288 προαιω-

505 1315 605 1378 νίν
667 1310 832 1364 αὑτοῦ
893 1312 1067 1377 Πατρὶ
1149 1311 1241 1362 καὶ

519 1406 575 1456 Ἀ
588 1406 712 1471 μήν.

578 1495 1000 1558 Ἐτεςςεῖκιυθῶν
1065 1492 1157 1548 οῦν
1206 1495 1316 1561 ἐγὼ
1370 1498 1435 1561 τῇ
1496 1494 1782 1563 ὁμολογίᾳ,
1851 1492 1923 1556 ὡς
1971 1493 2075 1562 χρὴ

509 1592 687 1642 ποιεῖν
720 1592 844 1650 τοὺς
870 1591 931 1641 τι
966 1589 1257 1657 μοναχικὸν
1286 1590 1473 1656 σχῆμα
1495 1586 1895 1651 λαμϐάνοντας,
1926 1582 2078 1637 εἷπον

510 1680 682 1743 οὕτως
717 1681 818 1731 ἔτι·

582 1772 834 1823 Πιστεύω
870 1770 960 1821 τὸν
998 1770 1125 1821 Υίδν
1156 1770 1250 1821 τοῦ
1285 1767 1418 1820 Θεοῦ
1452 1768 1526 1837 μὴ
1557 1767 1760 1835 κτίσμα
1804 1762 1943 1819 εἶναι
1971 1765 2077 1818 οὐδ’

1316 1312 1392 1379 τῷ
1458 1311 1708 1379 παναγίῳ
1769 1310 2070 1378 Πνεύματι.

512 1864 618 1915 ὑπὸ
648 1863 843 1933 χρόνον
867 1861 1009 1913 κατὰ
1034 1860 1124 1912 τὸν
1149 1861 1361 1928 ἀρρονα
1383 1827 1625 1928 Ἀρειον,
1651 1827 1767 1911 ἀλλ’
1793 1859 2082 1927 ὁμοούσιον
2113 1827 2158 1888 Β

512 1956 610 2007 καὶ
641 1953 915 2005 συναῖδιον
945 1950 1022 2021 τῷ
1052 1950 1171 2020 Θεῷ
1203 1952 1294 2002 καὶ
1326 1951 1519 2019 Πατρὶ,
1557 1948 1692 2001 Θεὸν
1736 1948 1989 2018 ἀληθινὸν
2021 1951 2083 2000 ὲκ
2119 1945 2124 1950 ’

511 2044 648 2098 Θεοῦ
678 2042 958 2112 ἀληθινοῦ,
994 2042 1226 2110 ποιητὴν
1290 2041 1499 2109 χρόνων
1550 2041 1643 2092 καὶ
1687 2040 1796 2092 τῶν
1845 2040 2084 2109 κτισμά-

511 2152 619 2187 των
674 2133 913 2198 πάντων,
975 2130 1202 2199 ὕστερον
1257 2132 1313 2183 δὲ
1394 2131 1750 2199 σαρκωθέντα
1814 2132 1885 2185 δι’
1932 2133 2081 2202 ἡμᾶς

514 2230 580 2280 ἐκ
678 2224 993 2293 Πνεύματος
1063 2224 1221 2292 ἁγίου
1294 2224 1389 2277 καὶ
1468 2223 1689 2293 Μαρίας
1750 2226 1849 2295 τῆς
1937 2243 2083 2295 παρα

515 2324 690 2376 θὲνου.

594 2414 838 2467 Πιστεύω
867 2413 928 2466 τὺ
969 2414 1196 2482 Πνεῦμα
1242 2413 1304 2465 τδ
1353 2412 1506 2481 ἅγιον
1558 2411 1635 2481 μὴ
1690 2414 1899 2482 κτίσμα
1944 2409 2080 2465 εἶναι

517 2508 654 2576 μηδὲ
682 2507 991 2576 ὲτερούσιον
1023 2507 1116 2559 τοῦ
1153 2505 1365 2574 [ἰατρὸς
1423 2506 1518 2556 καὶ
1568 2502 1661 2556 τοῦ
1726 2504 1876 2569 Υιοῦ,
1933 2505 2006 2567 ὡς
2055 2506 2083 2556 ὁ

513 2600 851 2662 Μακεδόνιος
882 2603 911 2653 ὁ
940 2602 1093 2661 κενὸς
1113 2598 1276 2670 M5
1313 2600 1408 2669 τῆς
1441 2598 1607 2653 αὑτοῦ
1633 2599 1855 2669 χάριτος
1885 2598 2082 2651 εϐλασ-

516 2694 713 2762 φήμει,
749 2692 888 2745 ἀλλὰ
923 2692 1057 2744 Θεὸν
1107 2692 1363 2762 ἀληθινὸν
1416 2692 1702 2761 ὁμοούσιον
1755 2692 1853 2744 καὶ
1900 2692 2086 2744 συνατ-

515 2785 629 2836 διον
688 2783 764 2851 τῷ
823 2784 999 2854 Πατρὶ
1076 2786 1171 2836 καὶ
1221 2783 1298 2853 τῷ
1353 2783 1489 2853 Υίῷ,
1552 2785 1614 2837 ὲκ
1690 2782 1785 2835 τοῦ
1841 2784 2084 2853 Πατέρος

517 2874 709 2945 προϊὸν
756 2876 1135 2943 ὲκπορευτῶς,
1190 2874 1380 2943 ὥσπερ
1426 2878 1453 2927 ὁ
1506 2875 1629 2937 Υίδς
1668 2875 1729 2939 ἐξ
1764 2875 1931 2929 αὐτοῦ
1957 2891 2083 2945 γεν-

516 2965 715 3034 νητῶς.

592 3054 844 3106 Πιστεύω
874 3055 949 3125 μὴ
973 3054 1134 3108 ἄλλον
1182 3050 1323 3108 εἶναι
1364 3056 1456 3107 τὸν
1496 3055 1621 3109 Υίὸν
1677 3054 1772 3109 τοῦ
1813 3055 1951 3109 Θεοῦ
1997 3056 2087 3109 τὸν

518 3142 867 3212 προαιώνιον,
899 3144 1090 3214 ἕτερον
1120 3145 1176 3197 δὲ
1210 3145 1302 3198 τὸν
1327 3147 1390 3198 ἐκ
1434 3146 1534 3215 τῆς
1568 3147 1846 3216 Παρθένου
1895 3165 2089 3217 γεννη-

520 3237 681 3288 θέντα
707 3235 921 3304 Ἰησοῦν
944 3238 1197 3304 Χριστὸν,
1230 3238 1343 3301 ὠςὸ
1377 3240 1569 3308 ἄφρων
1602 3240 1897 3309 Νεπόριος
1925 3239 2087 3294 εϐλα-

522 3327 753 3396 σφήμει,
786 3326 921 3381 ἀλλὰ
953 3326 1043 3378 τὸν
1071 3326 1130 3390 ἐξ
1160 3328 1330 3397 αὐτῆς
1352 3331 1678 3399 γεννηθέντα
1693 3331 1784 3383 δύο
1811 3331 1909 3399 μὲν
1946 3324 2088 3384 εῖναι

520 3511 648 3569 Jesu
674 3511 878 3567 Christi
909 3529 1121 3583 semper
1150 3515 1379 3582 virgine,
1411 3531 1516 3568 una
1546 3515 1891 3571 sanctissima
1922 3528 1974 3573 et
2003 3534 2091 3572 ve—

520 3619 580 3656 ra
620 3601 865 3671 Dc-ipara,
893 3614 1150 3674 tanquam
1175 3606 1375 3658 donum
1401 3621 1596 3674 pttrum
1640 3608 1923 3677 pulchram
1950 3609 2092 3663 hanc

520 3695 913 3761 professionem
941 3695 1229 3749 offerentes
1246 3695 1522 3761 Trinitati,
1556 3712 1713 3766 pmna
1737 3708 1933 3752 acterna
1960 3700 2091 3753 libe-

520 3798 708 3839 remur
731 3792 783 3839 et
808 3785 1053 3838 fruamur
1082 3786 1416 3855 sempiterno
1438 3801 1561 3840 cum
1578 3788 1794 3842 Christo
1813 3788 1996 3843 divino
2010 3800 2099 3841 re;

430 3872 433 3873 ⁷
522 3894 630 3946 κιιο
652 3880 792 3945 ejus,
837 3877 1008 3947 gloria
1044 3887 1098 3931 et
1159 3878 1368 3945 laetitia,
1421 3888 1684 3947 perpetuo
1747 3878 2091 3932 celebrantes

520 3967 821 4027 Christum,
848 3966 1043 4020 Filium
1078 3964 1168 4019 Dei
1191 3967 1552 4035 unigenitum,
1582 3983 1704 4023 cum
1756 3967 1938 4029 Patre,
1999 3968 2093 4035 qui

523 4059 623 4114 fuit
654 4069 779 4112 ante
807 4060 1031 4121 saecula,
1090 4068 1144 4113 et
1208 4058 1412 4126 Spiritu
1486 4059 1855 4115 sanctissimo.
1894 4058 2092 4113 Amen.

593 4151 723 4204 Post
753 4151 892 4203 hanc
919 4149 1087 4218 igitur
1143 4149 1567 4212 confessionem,
1598 4158 1658 4204 ut
1712 4154 1866 4204 decet
1917 4149 2095 4204 facere

523 4258 619 4297 eos
641 4243 733 4310 qui
768 4241 1151 4295 monachicum
1188 4241 1428 4293 habitum
1460 4240 1714 4309 induunt,
1742 4241 1921 4296 addidi
1960 4242 2094 4295 haec.

593 4330 768 4384 Credo
800 4328 995 4382 Filium
1039 4328 1133 4381 Dei
1181 4344 1287 4383 non
1321 4344 1441 4384 esse
1474 4341 1777 4384 creaturam
1813 4346 1912 4387 nec
1959 4340 2097 4386 tem-

524 4426 643 4495 pori
671 4424 1002 4491 subjectum,
1029 4432 1083 4476 ut
1116 4423 1314 4477 stultus
1337 4423 1499 4476 Arius
1523 4423 1702 4489 docet,
1727 4425 1819 4478 sed
1842 4439 2095 4495 coaequa-

2173 584 2329 651 θεῖκῇ
2370 582 2640 651 δηλονότι,
2676 581 2759 636 διὸ
2794 585 2889 637 καὶ
2911 583 3008 653 τὴν
3035 583 3200 637 αὑτὸν
3225 582 3500 636 τεκοῦσαν
3534 582 3760 650 κυρίως

2171 676 2266 727 καὶ
2300 674 2515 745 ἀληθῶς
2537 674 2798 727 Θεοτόκον
2837 670 2974 729 εῖναι
3006 675 3100 728 καὶ
3125 675 3186 727 οὗ
3223 674 3601 746 Χριστοτόκον
3628 672 3764 723 κατ’

2172 765 2377 816 ἐκεῖνον
2394 765 2484 817 τὸν
2510 766 2745 834 ἄφρονα.

2245 857 2496 910 Πιστεύω
2531 858 2625 909 τὸν
2662 855 2792 909 Υίδν
2826 855 2919 908 τοῦ
2951 856 3087 908 Θεοῦ
3143 856 3282 925 μετὰ
3331 856 3430 925 τὴν
3467 856 3768 926 ὲνανθρὼ-

2176 965 2344 1015 πησιν
2374 950 2468 1001 καὶ
2503 948 2699 1003 ἕνωσιν
2725 949 2802 1017 μὴ
2829 951 2909 1012 είς
2947 948 3076 1018 μίαν
3112 948 3277 1016 φύσιν
3324 951 3425 1012 τὰς
3458 948 3553 1001 δύο
3590 949 3767 1001 συνάο

2173 1040 2273 1109 ψαι
2328 1040 2469 1092 κατὰ
2532 1045 2658 1104 τοὺς
2705 1040 2952 1111 ἄφρονας
2999 1041 3291 1105 Διόσκορον
3364 1042 3458 1093 καὶ
3507 1042 3767 1109 Εὐτυχῆ,

2175 1132 2240 1185 οἳ.
2287 1135 2352 1202 τῇ
2414 1132 2628 1202 θεότητι
2702 1134 2769 1185 τὰ
2830 1133 2978 1202 πάθη
3026 1133 3365 1201 προσῆπτον,
3413 1132 3530 1185 ἀλλ’
3572 1134 3644 1183 ὲν
3674 1132 3769 1183 δύο

2177 1224 2371 1291 φύσεσι
2440 1226 2585 1293 μετὰ
2632 1225 2729 1294 τὴν
2783 1224 2980 1276 ἕνωσιν
3036 1222 3357 1294 ἀσυγχύτως
3406 1224 3769 1294 γνωριζόμε·

2177 1332 2286 1366 νον·
2355 1318 2449 1367 καὶ
2510 1315 2590 1367 ἐτι
2657 1315 2733 1383 μὴ
2799 1315 2953 1376 τέλος
3028 1310 3167 1365 εἶναι
3241 1313 3522 1375 κολάσεως
3615 1316 3767 1382 inﬁt:

2178 1407 2625 1460 ἀποκατάστασιν
2687 1406 2963 1475 δαιμόνων
3018 1406 3156 1458 κατὰ
3216 1406 3309 1458 τὸν
3365 1407 3581 1475 ἄφρονα
3616 1406 3769 1475 Ὠρι-

2179 1499 2361 1568 γένην.
2414 1513 2428 1522 “

2253 1587 2497 1641 Πιστεύω
2528 1588 2619 1659 τὸν
2671 1588 2800 1641 Υίὸν
2857 1586 2951 1640 τοῦ
3013 1588 3146 1640 Θεοῦ
3197 1589 3288 1641 τὸν
3349 1588 3557 1657 Κύριον
3596 1590 3768 1658 ἡμῶν

2192 1679 2405 1749 Ἰησοῦν
2468 1680 2703 1748 Χριστὸν
2748 1679 2886 1746 μετὰ
2941 1678 3039 1748 τὴν
3095 1679 3516 1750 ὲνανορώπησιν
3552 1681 3665 1749 οὐχ
3711 1681 3767 1732 ἓν

2186 1772 2399 1841 θέλημα
2435 1771 2577 1841 ἔχειν
2609 1773 2840 1838 φυσικὸν
2878 1773 2970 1824 καὶ
3016 1772 3145 1839 μίαν
3193 1772 3475 1841 ἐνέργειαν
3503 1772 3658 1825 κατὰ
3675 1774 3765 1824 τὶν

2198 1864 2417 1933 Ῥώμης
2495 1861 2755 1932 Ὀνώριον
2799 1863 2893 1915 καὶ
2938 1863 3150 1933 Πύρρον
3199 1863 3290 1915 τὸν
3333 1863 3565 1933 ἄφρονα,
3626 1864 3765 1917 ἀλλά

2183 1956 2279 2010 δύο
2341 1952 2593 2023 Θελήσεις
2654 1956 2751 2009 καὶ
2797 1954 2892 2007 δύο
2936 1955 3240 2023 ἐνεργείας,
3305 1956 3494 2025 θεῖκὴν
3551 1956 3760 2025 δηλαδὴ

2184 2048 2279 2101 καὶ
2315 2047 2672 2116 ἀνθρωπίνην
2718 2047 3004 2116 ἐνέργειαν
3056 2049 3154 2100 καὶ
3217 2047 3460 2117 θέλησιν,
3496 2051 3595 2102 καὶ
3658 2067 3761 2118 μη-

2183 2140 2406 2209 δετέραν
2475 2138 2583 2190 τῶν
2635 2138 2850 2206 φύσεων
2894 2137 3155 2207 ἁθὲλητον
3232 2134 3372 2191 εἷναι
3443 2139 3477 2208 ἢ
3537 2141 3763 2207 ἀνεγερ-

2454 2228 2481 2240 κ

2266 2252 2377 2288 τον.

2266 2252 2377 2288 τον.

2186 2251 2416 2393 Tum
2450 2322 2697 2376 Πιστεύω
2760 2326 2836 2385 είς
2891 2320 2990 2384 τὰς
3037 2322 3312 2386 εἰκονιχὰς
3353 2324 3762 2389 ἁνατυπώσεις,

2183 2416 2356 2485 ἡγουν
2394 2416 2476 2477 είς
2509 2415 2602 2467 τὸν
2634 2415 2961 2483 χαρακτῆρα
2996 2416 3086 2467 τὸν
3140 2418 3197 2467 ἐν
3260 2419 3433 2468 εἰκόνι
3489 2434 3763 2486 περιγρα-

2185 2508 2321 2561 πτὸν
2350 2506 2444 2560 τοῦ
2475 2506 2680 2575 Κυρίου
2710 2507 2803 2558 καὶ
2821 2505 2957 2557 Θεοῦ
2987 2508 3080 2560 καὶ
3120 2508 3376 2576 Σωτῆρος
3408 2509 3762 2578 ἡμῶνΊησοῦ

2185 2599 2422 2670 Χριστοῦ
2464 2601 2673 2670 καὶτῆς
2706 2600 2984 2669 πανὰγνου
3037 2603 3130 2653 καὶ
3158 2601 3413 2668 θεοῖόκου
3446 2600 3613 2653 αὑτοῦ
3642 2602 3763 2669 Μη-

2185 2692 2314 2762 τρὸς
2340 2692 2436 2744 καὶ
2464 2691 2685 2743 πάντων
2714 2690 2822 2744 τῶν
2872 2690 3063 2757 ἁγίων,
3098 2692 3385 2759 σχετικῶς,
3419 2692 3479 2744 οὐ
3529 2691 3765 2761 λατρευο

2186 2787 2355 2848 τικῶς
2381 2784 2901 2854 προσκυνουμένας,
2937 2784 2997 2834 οὐ
3032 2783 3486 2853 Θεοποιουμένας,
3518 2786 3764 2848 ἀσπάζου

2189 2877 2314 2930 σθαί
2346 2893 2403 2929 τε
2431 2876 2524 2929 καὶ
2554 2877 2725 2945 τιμᾷν
2760 2875 2860 2945 τὴν
2897 2874 3229 2943 Ἐκκλησίαν
3257 2876 3355 2928 τοῦ
3390 2876 3551 2941 Θεοῦ,
3594 2877 3655 2928 ού
3691 2879 3759 2945 τῇ

2189 2971 2288 3041 ῦλῃ
2317 2969 2376 3023 τὸ
2404 2969 2589 3031 σέϐας,
2626 2967 2760 3020 ἀλλὰ
2819 2966 2896 3036 τῷ
2952 2967 3302 3038 πρωτοτύπῳ
3334 2968 3719 3036 ἅπονὲμουσαν
3741 2985 3753 2995 ·

2190 3066 2224 3134 ἡ
2256 3064 2364 3132 γὰρ
2394 3061 2530 3130 τιμὴ
2551 3061 2649 3129 τῆς
2668 3059 2875 3121 εἰκόνος
2901 3060 2977 3121 είς
3006 3059 3068 3112 τὸ
3096 3060 3458 3129 πρωτότυπον
3485 3060 3759 3112 διαϐαίνει

2190 3151 2332 3205 κατὰ
2354 3149 2443 3201 τὸν
2477 3151 2649 3217 μάγαν
2699 3148 2985 3201 Βασίλειον
3024 3150 3099 3212 ὠς
3132 3150 3431 3213 ἀντίτυπος
3462 3144 3598 3202 οὖσα
3652 3149 3757 3200 τῶν

2193 3242 2590 3312 πρωτοτύπων.

2192 3505 2282 3570 rit,
2312 3506 2528 3575 praprie
2552 3516 2604 3559 et
2628 3521 2751 3560 vere
2774 3505 3023 3576 Dcipara,
3054 3523 3182 3573 non,
3213 3518 3269 3562 ut
3294 3508 3489 3563 stultus
3513 3510 3599 3562 ille
3618 3509 3758 3561 \ole—

2193 3597 2305 3661 bat,
2331 3597 2691 3666 Christipara.

2264 3686 2461 3752 Credo,
2482 3687 2676 3743 Filium
2701 3690 2794 3744 Dei
2815 3698 2940 3760 post
2969 3690 3406 3747 incarnationem
3431 3701 3483 3745 et
3507 3694 3756 3747 unionem

2194 3779 2375 3833 nonin
2397 3796 2557 3832 unam
2580 3792 2828 3835 naturam
2854 3782 3043 3837 ambas
3065 3784 3443 3853 conjunxisse,
3468 3788 3756 3839 secundum

2174 3872 2486 3924 stultorum
2526 3871 3105 3938 hominum,Dioscori
3133 3885 3186 3925 et
3228 3874 3519 3946 Eutychis,
3567 3875 3760 3927 doctri-

2194 3978 2343 4028 nam,
2368 3965 2461 4033 qui
2492 3964 2757 4019 divinitati
2787 3965 3003 4019 dolores
3033 3966 3421 4031 attribuerunt,
3441 3969 3532 4022 sed
3563 3968 3614 4022 iu
3633 3967 3760 4020 dua-

2197 4054 2301 4108 bus
2331 4055 2541 4109 naturis
2566 4064 2686 4124 post
2718 4056 2973 4110 unionem
3007 4056 3248 4112 immiste
3274 4058 3698 4126 dignoscendum
3741 4075 3756 4121 ;

2197 4162 2297 4200 nec
2328 4161 2457 4199 vero
2488 4148 2648 4199 tinem
2685 4163 2862 4216 poena:
2890 4158 2980 4202 aut
3018 4150 3420 4204 restitutionem
3456 4151 3759 4203 daemonum

2196 4252 2340 4302 esse,
2374 4246 2431 4291 ut
2455 4239 2654 4292 stultus
2688 4238 2949 4308 Origenes
2981 4240 3188 4295 docuit.

2269 4328 2463 4394 Credo,
2503 4328 2699 4384 Filium
2754 4330 2872 4395 Dei,
2935 4332 3225 4384 Dominum
3284 4342 3531 4386 nostrum
3588 4330 3761 4386 Iesum

2199 4415 2505 4482 Christum,
2529 4430 2815 4488 postquam
2839 4421 3003 4473 homo
3035 4420 3330 4486 factuscst,
3357 4437 3463 4475 non
3490 4439 3651 4475 unam
3679 4424 3765 4474 ha-

522 4518 629 4571 lem
666 4525 721 4569 et
748 4523 1074 4567 coaeternqu
1109 4512 1215 4565 Deo
1245 4512 1413 4576 Patri,
1443 4513 1610 4566 Deum
1656 4529 1840 4566 verum
1898 4530 1927 4568 e
1982 4516 2089 4569 Deo
2125 4504 2170 4559 D
2199 4510 2384 4565 buisse
2416 4512 2754 4565 voluntatem
2788 4512 3094 4565 naturalem
3123 4522 3177 4567 et
3208 4528 3369 4567 unam
3406 4512 3764 4575 eﬂicientiam,

521 4624 674 4673 vero,
710 4607 971 4660 factorem
992 4605 1319 4659 smculorum
1348 4613 1401 4657 et
1429 4614 1801 4658 creaturarum
1829 4606 2094 4671 omnium,
2138 4642 2141 4643 ν

524 4710 649 4769 post
681 4712 860 4753 autem
889 4698 1228 4751 incarnatum
1264 4705 1485 4765 prapter
1510 4710 1652 4749 nose
1674 4693 1881 4764 Spiritu
1908 4686 2097 4747 sancto

524 4801 578 4845 et
614 4789 777 4843 Malia
809 4788 1046 4857 Virgine.

594 4883 769 4935 Credo
801 4882 1059 4950 Spiritum
1081 4889 1328 4932 sanctum
1364 4893 1470 4931 non
1502 4893 1623 4932 csse
1647 4886 1977 4940 creaturam,
2002 4893 2101 4931 nec

525 4977 795 5027 diversum
826 4989 853 5024 a
879 4971 1036 5025 Patre
1068 4980 1121 5023 et
1149 4969 1308 5032 Filio,
1332 4969 1470 5023 sicut
1528 4967 1872 5022 Macedonius
1929 4971 2099 5037 gratia

523 5068 645 5133 ejus
697 5065 989 5117 destitutus
1037 5060 1473 5131 blasphemabat,
1524 5060 1616 5113 sed
1680 5058 1851 5113 Deum
1908 5074 2098 5113 verum

525 5158 857 5226 tzozequalem
888 5166 941 5210 et
983 5164 1315 5210 coaeturnum
1356 5152 1497 5205 Patri
1530 5162 1583 5205 et
1626 5151 1787 5217 Filio,
1851 5167 1881 5205 e
1943 5150 2102 5207 Patre

524 5251 911 5321 procedentem
950 5249 1324 5316 processioue,
1342 5246 1482 5299 sicut
1518 5244 1688 5300 Filius
1712 5260 1778 5300 ex
1800 5248 1988 5301 eodem
2013 5262 2103 5318 ge-

526 5344 839 5397 ttcratioue.

593 5430 772 5485 Credo
813 5442 917 5480 non
946 5440 1065 5480 esse
1092 5424 1256 5479 alium
1282 5424 1477 5479 Filium
1506 5425 1596 5478 Dei
1624 5435 1748 5479 ante
1781 5427 1977 5481 saecula
2003 5442 2101 5481 na.

528 5537 664 5587 tum,
690 5522 854 5576 alium
892 5535 921 5573 c
958 5517 1173 5586 Virgine
1207 5527 1394 5570 natum
1425 5516 1611 5572 Jesutu
1639 5517 1939 5581 ChriStum,
1961 5518 2105 5572 sicut

527 5618 725 5668 Sltllltts
758 5610 1042 5667 Nestorius
1078 5609 1512 5678 blasphemabat,
1541 5610 1634 5664 sed
1678 5625 1743 5663 ex
1795 5624 1859 5663 ea
1914 5620 2100 5663 natum

531 5708 663 5759 duas
697 5722 818 5758 esse
850 5714 967 5771 post
1001 5706 1255 5756 unionem
1297 5710 1731 5765 uatut'as,unum
1766 5710 1945 5753 autem
1985 5715 2105 5768 per-

533 5812 686 5859 sona,
715 5796 898 5849 divina
933 5794 1160 5861 scilicet,
1202 5794 1339 5849 unde
1376 5795 1537 5848 etiam
1602 5808 1720 5861 qua:
1764 5806 1886 5846 cum
1942 5804 2103 5859 pepe-

2200 4604 2498 4656 secundum
2532 4601 2856 4669 Honorium,
2877 4603 3193 4672 episcopum
3214 4604 3541 4667 Ronmnum,
3569 4615 3621 4658 et
3644 4605 3767 4658 stul-

2202 4703 2313 4746 tum
2342 4690 2633 4763 Pyrrhum,
2667 4694 2758 4749 sed
2786 4693 2922 4747 duas
2949 4706 3172 4748 naturas
3203 4705 3256 4748 et
3280 4696 3416 4749 duas
3434 4696 3763 4760 eﬂicientias,

2200 4785 2441 4838 divinam
2459 4794 2512 4840 et
2544 4786 2838 4839 humanam
2861 4787 3194 4840 voluntatem
3227 4799 3281 4840 et
3316 4787 3677 4854 eIIicientiam,
3720 4799 3767 4842 et

2202 4887 2452 4929 neutram
2478 4888 2731 4929 naturam
2756 4876 3145 4930 autvoluntate
3163 4877 3555 4933 autellicientia
3569 4895 3764 4936 carere.

2274 4966 2450 5021 Credo
2478 4967 2532 5020 in
2560 4968 2826 5036 imagines
2886 4982 3170 5035 expressas
3231 4969 3343 5023 sive
3409 4971 3765 5026 characterem

2203 5059 2441 5128 imagine
2467 5059 2798 5128 descriptum
2842 5058 3059 5113 Domini
3092 5071 3144 5114 et
3168 5060 3258 5114 Dei
3280 5071 3333 5115 et
3365 5062 3661 5117 Salvatoris
3686 5077 3768 5115 no-

2203 5151 2465 5208 stt-iJesu
2490 5151 2693 5207 Christi
2754 5162 2807 5207 et
2866 5151 3229 5207 sanctissimae
3265 5151 3533 5221 Deiparzc,
3590 5160 3767 5206 matris

2201 5246 2344 5313 ejus,
2378 5254 2540 5311 atque
2572 5252 2886 5298 sanctorum
2919 5246 3187 5309 Omnium,
3225 5242 3471 5306 relative,
3496 5258 3604 5296 non
3659 5243 3769 5295 rel:-

2204 5335 2351 5405 giose
2385 5334 2713 5399 adorandas,
2750 5348 2851 5388 nec
2874 5342 3251 5396 consecratas,
3287 5341 3345 5386 ut
3408 5334 3661 5387 colantur
3719 5343 3766 5385 et

2206 5428 2540 5482 honorentur
2572 5427 2638 5481 ab
2664 5425 2904 5481 Ecclesia
2928 5425 3044 5488 Dei,
3073 5439 3197 5494 qua:
3221 5440 3329 5478 non
3360 5425 3663 5487 materr'am,
3682 5424 3765 5477 sed

2204 5530 2495 5585 personam
2526 5515 2879 5570 veneratione
2912 5512 3284 5583 prosequitur.
3340 5512 3553 5566 Etenim
3603 5511 3766 5564 cultus

2206 5607 2426 5677 imagini
2464 5607 2699 5661 tributus
2730 5607 2794 5661 ad
2822 5607 2993 5677 ipsam
3025 5619 3313 5674 personam
3338 5604 3558 5664 transit,
3587 5616 3764 5656 secuno

2170 5700 2335 5785 ‘dum
2373 5715 2627 5768 magnum
2663 5698 2948 5763 Basilium,
2980 5700 3182 5768 quippe
3231 5698 3409 5766 imago
3464 5694 3636 5749 instar
3696 5703 3766 5746 cst

2209 5791 2510 5856 archetypi.
