4022 6294
259 443 413 513 101¹⁷

1288 433 1746 498 CHRONICON
1788 431 2059 495 MAJUS.
2101 428 2344 494 —LIB.
2375 431 2479 495 IV.

3391 424 3524 492 l018

343 562 592 619 Πιστεύω
621 561 758 630 μήτε
797 559 1165 629 ἀνενέργητον
1201 575 1342 612 ειναι
1367 556 1466 624 τὴν
1494 556 1646 609 θείαν
1675 555 1838 624 φύσιν
1869 562 1915 616 Α
1942 551 2042 623 τὴν
2099 553 2510 624 Πελοπόννησον
2563 553 2658 607 καὶ
2716 550 3034 622 ᾠκοδόμησε
3075 551 3172 622 τὴν
3227 551 3524 616 Bos-J15“

255 658 365 710 καὶ
389 653 683 724 ἐνεργειῶν
715 651 989 704 οὐσιωδῶν
1033 649 1264 721 ἔρημον,
1301 651 1436 718 μήτε
1471 647 1638 700 αὐτὸν
1695 641 1842 699 εἶναι

256 748 460 802 οὐσίαν
534 747 630 799 καὶ
699 746 988 816 ἐνέργειαν
1046 743 1135 798 ἐπ’
1196 743 1450 810 ἐκείνης,
1528 743 1667 810 μήτε
1729 757 1846 793 κτι-

261 839 407 903 στὰς
462 835 607 891 εῖναι
664 837 868 898 ταύτας
921 836 1065 889 κατὰ
1127 836 1254 898 τοὺς
1296 834 1540 904 ἄφρονας
1579 832 1844 900 Βαρλαὰμ

256 931 382 982 ικαὶΔ
414 929 752 992 Ἀκίνδυνον,
803 927 942 980 ἀλλὰ
988 927 1082 979 καὶ
1141 925 1424 994 ἐνεργείας
1460 924 1610 982 Θείας
1645 924 1843 975 οὐσιῶ-

255 1021 400 1085 δεις,
468 1022 564 1074 καὶ
617 1021 814 1089 ἐτέρας
873 1015 1014 1071 εἷναι
1074 1015 1280 1078 ταύτας
1336 1015 1466 1085 παρ’
1514 1015 1684 1084 αὐτὴν
1746 1015 1845 1079 τὴν

259 1113 460 1164 οὐσίαν
519 1114 612 1166 καὶ
674 1113 966 1174 ἀκτίστους
1018 1104 1160 1164 εἶναι
1225 1109 1320 1163 καὶ
1378 1108 1682 1177 λεγομένας
1729 1106 1847 1160 θεό-

258 1217 464 1272 τητας.

354 1293 641 1364 Ὀμολογῶ
678 1295 914 1365 βεϐαίως
948 1293 1268 1365 τδ-Πνεῦμα
1317 1295 1380 1346 τὸ
1431 1295 1588 1362 ἅγιον
1634 1295 1734 1346 οὔκ
1783 1294 1846 1345 ἐκ

257 1387 364 1440 τοῦ
400 1363 614 1458 Πατρός
663 1363 760 1442 καὶ
812 1390 877 1442 ἐκ
935 1363 1031 1441 106
1090 1388 1223 1441 Υίοῦ
1273 1386 1706 1455 ἐκπορεύεσθαι,
1770 1385 1845 1447 ti);

279 1481 427 1532 κατὰ
450 1480 576 1542 τοὺς
601 1479 860 1544 Ἰταλοὺς,
901 1480 1014 1532 ἀλλ’
1045 1481 1104 1544 ἐξ
1140 1482 1315 1549 αὐτῆς
1346 1481 1445 1543 τῆς
1493 1479 1846 1545 ὑποστάσεως

267 1572 372 1624 τοῦ
408 1574 623 1644 [ἰατρὸς
646 1572 862 1638 ἑνικῶς,
897 1572 1089 1643 ῶσπερ
1115 1573 1309 1640 ἀμέλει
1340 1575 1436 1627 καὶ⁵
1463 1572 1669 1633 αὑτὸςὸ
1724 1573 1848 1631 Υἱὸς

261 1660 327 1726 ἐξ
355 1663 526 1730 αὐτῆς
551 1664 649 1731 τῆς
680 1665 1035 1726 ὑποστάσεως
1063 1664 1158 1716 τοῦ
1186 1663 1397 1732 Πατρός
1431 1663 1627 1724 ἑνικῶς
1657 1661 1850 1727 γεννᾶ-

261 1771 384 1818 ται,
411 1755 728 1822 πέμπεσθαι
754 1755 812 1807 δὲ
838 1756 990 1824 παρὰ
1019 1753 1111 1807 τοῦ
1140 1755 1352 1824 [ἰατρὸς
1382 1756 1478 1808 καὶ
1504 1753 1598 1806 106
1622 1751 1754 1804 Υἱοῢ
1795 1753 1849 1803 τὸ

265 1847 523 1916 Πνεῦμα,
559 1843 671 1900 οἷον
704 1847 845 1917 αὐτὴ
868 1849 900 1917 ἡ
924 1847 1088 1918 χάρις
1112 1845 1206 1899 καὶ
1251 1848 1286 1917 ἡ
1319 1846 1500 1917 δωρεὰ
1553 1845 1720 1898 αὐτοῦ
1772 1845 1850 1896 δί-

264 1941 428 1992 δωσι.

343 2032 452 2102 κγ’.
484 2035 594 2088 Καὶ
643 2032 818 2110 οὕτως
872 2033 952 2086 τῶ
984 2032 1317 2103 φθινοπώρῳ
1339 2031 1434 2085 τοῦ
1489 2030 1669 2104 ,ςῇοξ
1705 2031 1857 2093 ἔτους

265 2125 710 2196 ἀπῆλθεν
746 2129 779 2194 ἡ
829 2125 1127 2194 βασίλισσα
1183 2126 1354 2193 κυρία
1420 2123 1614 2193 Ἑλένη
1661 2126 1692 2193 ὴ
1740 2124 1853 2174 Πα-

265 2217 606 2285 λαιολογϊνα,
642 2217 737 2269 106
778 2218 1038 2270 δεσπότου
1071 2218 1168 2285 τῆς
1215 2217 1448 2285 Σερϐίας
1504 2217 1665 2284 γυνὴ,
1723 2217 1860 2284 πρὸς

269 2310 376 2378 τὴν
402 2309 690 2363 αὐθεντίοιν
719 2309 828 2361 τῶν
887 2309 1145 2374 Ἐνετῶν,
1203 2309 1514 2377 ἐγκαλοῦσα
1565 2311 1692 2370 τοὺς
1729 2308 1856 2360 κλέ-

274 2402 490 2467 ψαντας
527 2402 618 2452 τὸν
649 2402 761 2470 βίον
795 2401 966 2468 αὐτῆς
997 2405 1054 2453 ὲν
1105 2401 1443 2471 Κερκύραις.
1478 2404 1592 2455 Καὶ
1624 2403 1701 2470 τῷ
1736 2401 1858 2469 ἔαρι

276 2491 376 2543 τοῦ
407 2491 573 2543 αὐτοῦ
605 2493 761 2554 ἔτους
791 2493 1042 2559 ἐγένοντο
1071 2493 1289 2562 σεισμοὶ
1331 2493 1518 2546 πολλοὶ
1558 2493 1652 2544 καὶ
1685 2493 1858 2558 μεγά-

279 2583 368 2635 λοι
409 2583 490 2644 είς
526 2600 588 2634 τε
616 2583 715 2652 τὴν
747 2583 914 2649 ἁγίαν
947 2585 1181 2652 Μαύραν
1225 2583 1317 2636 καὶ
1354 2565 1726 2652 ’Κεφαληνίαν
1768 2584 1862 2636 καὶ

273 2675 582 2727 Ζάκυνθον·
620 2675 714 2726 καὶ
751 2675 949 2727 πολλιιιὶ¹
996 2676 1286 2744 οἰκοδομαὶ
1342 2677 1623 2745 ἐχάλασαν
1652 2677 1762 2728 τῶν
1801 2677 1858 2729 ἐν

273 2765 470 2825 αὐταῖς
494 2765 614 2824 ταῖς
641 2765 831 2816 πόλεσι
861 2764 1084 2832 κώμαις
1110 2782 1168 2817 τε
1195 2766 1288 2818 καὶ
1318 2766 1508 2828 τόποις
1535 2767 1854 2836 οίκούντων,

274 2853 457 2906 ἄστεά
492 2870 552 2904 τε
586 2854 681 2907 καὶ
702 2855 880 2924 τείχη.
907 2855 980 2908 Τὸ
1009 2856 1066 2908 δέ
1094 2857 1194 2925 τῆς
1225 2855 1580 2926 Κεφαληνίας
1639 2859 1858 2911 πτολίε-

274 2945 411 3013 θρον
445 2944 730 3007 παντελῶς
750 2945 1050 3016 ἐχαλάσθη,
1074 2948 1170 3001 καὶ
1196 2947 1384 3000 πολλοὶ
1412 2947 1522 3001 τῶν
1548 2950 1857 3018 ἀνθρώπων

269 3037 608 3105 τεθνήκασι.

349 3125 442 3194 Τῷ
493 3128 550 3180 δέ
606 3127 756 3197 θέρει
821 3127 917 3180 τοῦ
980 3129 1151 3182 αὐτοῦ
1205 3129 1360 3192 ἔτους
1400 3130 1428 3182 6
1468 3130 1576 3183 τῶν
1624 3133 1854 3186 Ἐνετῶν

1953 645 2110 710 αὖθις
2130 646 2206 716 τῷ
2243 645 2337 700 τοῦ
2369 645 2564 716 θέρους
2595 645 2778 716 καιρῷ
2806 644 2903 698 106
2932 645 3096 697 αὑτοῦ
3125 646 3300 706 ἔτους.
3339 647 3429 714 Τῷ
3469 646 3526 697 δέ

1953 743 2185 812 χειμῶνι
2241 742 2337 796 τοῦ
2392 742 2559 795 αὑτοῦ
2592 742 2748 804 ἔτους
2785 745 2993 810 ,g'xaoq',
3037 741 3371 810 Ἶανουαρίου
3425 740 3524 803 κε’,

1953 831 2116 883 ἔπεσε
2155 831 2279 884 καθ’
2316 830 2445 900 ὅλην
2501 832 2601 900 τὴν
2645 832 2811 901 νῆσον
2846 831 3086 898 τοσαύτη
3124 831 3262 900 χιὼν
3303 833 3415 885 οἵαν
3477 835 3526 884 οἱ

1951 921 2062 974 τῶν
2099 923 2404 994 Κερκύρων
2455 923 2734 994 ἄνθρωποι
2763 925 2863 977 οὐκ
2915 920 3058 978 εἶδον
3100 925 3343 988 πώποτε,
3387 926 3527 978 ὥστε

1954 1015 2048 1066 καὶ
2074 1013 2364 1077 ἀλώπεκας
2387 1015 2478 1067 καὶ
2509 1016 2756 1081 λαγωοὺς
2809 1018 3183 1086 οἱκειοχείρως
3236 1019 3526 1086 ἐθήρευον,

1967 1107 2202 1174 Ὁμοίοις
2257 1109 2350 1158 καὶ
2382 1108 2462 1169 είς
2518 1108 2585 1160 τὰ
2630 1109 2728 1177 τῆς
2761 1107 2966 1170 δύσεως
3033 1109 3198 1178 μέρη,
3240 1111 3421 1179 πολλῷ
3472 1111 3530 1164 δέ

1958 1198 2158 1263 μᾶλλον
2189 1202 2268 1260 είς
2297 1199 2396 1268 τὴν
2425 1199 2617 1254 Ἀσίαν
2647 1201 2768 1271 ἢτοι
2825 1202 3117 1268 ἀνατολήν.
3159 1205 3295 1272 Περὶ
3349 1205 3405 1256 δέ
3469 1205 3531 1257 τδ

1954 1290 2103 1349 τέλος
2137 1291 2230 1342 106
2268 1291 2430 1359 ἔαρος
2463 1291 2557 1344 τοῦ
2593 1292 2759 1344 αὐτοῦ
2789 1291 2942 1354 ἔτους
2993 1293 3330 1363 ἐστράτευσε
3389 1298 3531 1348 κατὰ

1955 1384 2052 1449 τῆ;
2084 1382 2313 1442 Εὐϐοίας
2354 1385 2381 1435 6
2410 1383 2520 1434 τῶν
2572 1385 2785 1436 ἀσεϐῶν
2842 1387 3049 1456 ἄρχων,
3098 1389 3191 1438 ἐπὶ
3242 1388 3394 1447 τέλος
3431 1389 3530 1444 τοῦ

1955 1471 2181 1525 Ἰουνίου
2223 1475 2414 1541 μηνός.
2462 1475 2519 1526 ’0
2551 1475 2606 1528 δέ
2634 1477 2822 1539 στόλος
2879 1478 3045 1530 αὐτοῦ
3088 1479 3195 1548 πρὸ
3231 1479 3322 1532 τοῦ
3379 1479 3502 1544 ἐξελ

1957 1565 2070 1618 θεῖν
2125 1552 2185 1618 1‘0
2222 1569 2590 1637 στρατόπεδον
2637 1569 2725 1621 διὰ
2757 1570 2930 1639 ξηρᾶς
2967 1571 3029 1622 ἐκ
3077 1571 3534 1634 Καλλιουπόλεω,

1955 1663 2200 1730 ἀπῆλθεν
2224 1666 2303 1726 εἰς
2325 1665 2425 1734 τὴν
2454 1665 2698 1732 Λῆμνον,
2736 1672 2830 1720 καὶ
2862 1667 3143 1740 παρέλαϐε
3190 1669 3281 1720 τὸν
3335 1669 3537 1732 Κότζι-

1959 1770 2046 1804 νον
2077 1756 2170 1805 καὶ
2204 1756 2268 1805 τὰ
2301 1756 2430 1823 περὶ
2470 1758 2648 1808 πᾶσαν
2685 1759 2783 1823 τὴν
2814 1759 2978 1826 νῆσον
3032 1759 3216 1828 χωρία-
3242 1759 3383 1826 πλὴν
3439 1759 3537 1811 τοῦ

1959 1841 2125 1913 448
2168 1846 2405 1897 παλαιοῦ
2441 1848 2700 1913 γάστρου,
2730 1849 2900 1915 ἤγουν
2951 1849 3184 1901 παλαιοῦ
3219 1851 3538 1918 πτολιέθρου

1887 1921 1929 1974 Β
1961 1939 2055 1990 καὶ
2093 1939 2189 2005 τῆς
2220 1939 2444 2000 σκάλας,
2495 1943 2591 1991 καὶ
2641 1941 3006 2010 ἐπέστρεψεν.
3039 1942 3304 1995 Ἐπελθθιν
3361 1945 3418 1996 δέ
3478 1945 3542 1997 τὸ

1955 2031 2056 2097 τῆς
2089 2029 2298 2090 πόλεως
2327 2033 2648 2098 στράτευμα
2684 2033 2748 2084 ἐκ
2779 2032 3154 2102 Νικομηδείας
3189 2036 3286 2088 καὶ
3311 2037 3434 2088 ὅθεν
3467 2037 3537 2090 ἂν

1958 2113 2051 2188 ἦν,
2089 2121 2225 2186 όμοῦ
2258 2120 2481 2189 ἐξῆλθον
2513 2124 2611 2174 καὶ
2635 2127 3005 2193 παρεγένοντο
3041 2128 3124 2189 είς
3159 2125 3540 2196 Εὗριπονόὒς

1965 2209 2090 2262 ἰδὼν
2123 2214 2148 2264 ό
2176 2213 2401 2283 ἔξαρχος
2423 2218 2450 2269 6
2482 2217 2574 2268 καὶ
2604 2217 2880 2287 ναύαρχος
2912 2219 3021 2270 τῶν
3059 2213 3300 2272 Ἐνετῶν
3331 2221 3545 2290 ἀνεχώ-

1965 2307 2154 2372 ρησεν,
2188 2303 2316 2366 ἴσως
2351 2307 2531 2368 καλῶς
2562 2310 2819 2375 ποιήσας,
2857 2311 3046 2373 κακῶς
3067 2311 3124 2363 δὲ
3156 2313 3238 2364 ὅτι
3269 2315 3368 2365 οὐκ
3399 2315 3528 2384 ὴθέ-

1961 2393 2095 2462 λησε
2130 2397 2454 2466 δυναμῶσαι
2484 2401 2584 2462 τὴν
2613 2401 2846 2455 Εὖϐοιαν
2865 2404 3019 2456 πόλιν
3047 2406 3169 2475 ἦτοι
3199 2405 3362 2459 ἄστυ.
3386 2409 3542 2479 Διερ-

1962 2487 2193 2556 χύμενον
2224 2490 2279 2541 δέ
2312 2492 2366 2542 τὺ
2397 2491 2494 2543 106
2544 2493 2740 2564 ἀμηρᾶ
2789 2497 3156 2566 στρατόπεδον
3213 2499 3396 2570 ἀπῆρε
3433 2500 3538 2568 τὴν

1963 2577 2191 2646 Ἴμϐρον
2227 2580 2352 2632 καθ’
2378 2583 2519 2647 ὁδὸν,
2557 2579 2676 2637 εἶτα
2712 2581 2874 2654 ἦλθεν
2901 2589 2980 2650 είς
3006 2588 3106 2658 τὴν
3133 2590 3388 2653 Εὖϐοιαν,
3413 2589 3540 2646 καθ’

1960 2667 2020 2720 ὃν
2049 2669 2112 2739 δὴ
2143 2673 2285 2739 μῆνα
2310 2673 2520 2741 ἔφθασε
2561 2678 2655 2729 καὶ
2701 2680 2729 2730 6
2764 2680 3011 2747 ἀμηρᾶς.
3043 2683 3154 2734 Καὶ
3181 2683 3429 2750 σφοδρῶς
3480 2701 3542 2736 τε

1963 2758 2377 2830 πολεμήσαντες
2407 2764 2496 2818 διὰ
2527 2765 2700 2836 ξηρᾶς
2731 2770 2823 2822 καὶ
2868 2770 3170 2842 θαλάσσης,
3204 2776 3269 2844 τῇ
3316 2776 3383 2843 ιβ’
3442 2775 3542 2828 106

1971 2849 2196 2904 Ἰουλίου
2224 2855 2391 2924 μηνὸς
2414 2858 2693 2929 παρέλαϐε
2725 2863 2784 2913 τὸ
2801 2864 3124 2935 πτολίεθρον
3152 2868 3396 2938 πολέμῳ.
3427 2870 3540 2922 Καὶ

1958 2945 2156 2998 τούτου
2192 2952 2484 3019 γενομένου
2511 2954 2691 3008 πάντα
2721 2956 2787 3008 τὰ
2819 2959 2947 3026 περὶ
2997 2961 3100 3029 τὴν
3138 2961 3304 3030 νῆσον
3363 2961 3541 3033 νησύ-

1960 3037 2088 3105 δρια
2119 3040 2211 3091 καὶ
2238 3040 2406 3094 ἄστεα
2434 3043 2817 3115 ἐδουλώθησαν
2847 3051 3137 3114 ἑκουσίως.
3177 3053 3236 3106 '0
3283 3053 3340 3106 δὲ
3387 3038 3542 3124 ἁμη-

1966 3130 2066 3214 ρᾷς
2105 3137 2604 3203 προσκαρτερήσας
2641 3141 2838 3209 μικρόν
2893 3159 2967 3203 τι,
3024 3147 3154 3212 περὶ
3221 3148 3320 3209 τὰς
3370 3148 3544 3219 ἀρχὰς

266 3217 549 3288 ναύαρχος
575 3218 819 3288 τοῦνομα,
852 3220 1118 3284 Νικόλαος
1159 3222 1473 3291 Δεκανάᾙγς
1513 3224 1654 3290 μετὰ
1690 3225 1852 3292 τριὴ-
1886 3268 1931 3327 c
1962 3219 2057 3269 τοῦ
2090 3219 2404 3286 Αὐγούστου
2431 3225 2665 3290 ἐξελθὼν
2696 3229 2943 3298 ἀπῆλθεν
2970 3233 3047 3295 είς
3093 3217 3542 3292 Ktova1av1w66-

273 3328 423 3380 ρεων
453 3307 583 3380 ἦλθε
614 3315 755 3366 κατὰ
784 3313 882 3381 τῆς
914 3313 1072 3365 Αῐνου
1110 3319 1206 3365 καὶ
1232 3315 1655 3385 ᾐχμαλώτευσεν
1688 3315 1859 3384 αὐτὴν

265 3407 332 3455 ἐν
370 3404 554 3474 ἡμέρᾳ
588 3405 810 3474 ἐϐδόμῃ·
845 3407 939 3458 καὶ
977 3406 1320 3477 ἐπιστρέψας
1367 3408 1712 3478 παρεγένετο
1782 3408 1862 3469 εἰς

352 3581 549 3644 Credo,
586 3597 762 3651 neque
785 3582 1110 3639 inefﬁcacem
1127 3599 1250 3639 esse
1269 3595 1520 3639 naturam
1546 3586 1783 3640 divinam
1809 3595 1864 3642 et

267 3675 660 3729 essentialium
695 3674 1109 3730 elIieier'iarum
1140 3688 1441 3745 expertem,
1477 3694 1654 3746 neque
1714 3679 1856 3732 idem

265 3781 406 3822 esse
441 3767 732 3819 essentiam
773 3779 827 3818 et
860 3765 1208 3822 efﬁcientiam
1263 3770 1316 3822 in
1350 3784 1433 3834 ea,
1485 3784 1585 3822 nec
1643 3783 1864 3825 creatas

271 3873 376 3913 eos
406 3872 550 3921 esse,
594 3859 891 3910 secnndum
935 3859 1184 3914 homines
1233 3860 1430 3914 stultos
1496 3859 1850 3915 Barlaamum

280 3960 335 4003 et
357 3947 830 4017 Acindynum,sed
856 3959 1048 4004 etesse
1077 3950 1402 4004 elﬁcientias
1437 3951 1652 4004 divinas
1676 3966 1865 4005 essen-

280 4042 444 4096 tiates
474 4048 528 4093 et
561 4039 806 4094 diversas
845 4055 938 4094 eas
968 4056 1090 4096 esse
1114 4043 1184 4097 ab
1218 4040 1335 4110 ipsa
1357 4042 1598 4096 essentia
1642 4051 1698 4096 et
1755 4058 1863 4095 non

278 4139 494 4185 creatas
523 4140 578 4182 et
612 4130 927 4183 divinitates
945 4129 1145 4186 dictus.

355 4221 530 4276 Credo
569 4222 815 4282 tirmiter,
853 4221 1114 4290 Spiritum
1153 4233 1405 4278 sanctum
1444 4239 1552 4279 non
1578 4241 1608 4279 e
1639 4225 1798 4280 Patre
1814 4237 1868 4282 et

284 4315 427 4368 Filio
463 4313 778 4382 procedere,
817 4324 873 4367 ut
903 4315 1017 4368 Itali
1053 4317 1272 4380 docent,
1307 4316 1398 4370 sed
1435 4330 1502 4370 ex
1538 4317 1654 4387 ipsa
1707 4319 1867 4373 unice

283 4419 513 4475 perSona
543 4402 742 4467 Patris,
762 4406 1226 4470 quemadmodum
1251 4406 1366 4474 ipse
1413 4404 1586 4459 Filius
1631 4422 1693 4460 ex
1750 4409 1865 4476 ipsa

283 4509 523 4566 persona
550 4492 726 4547 Patris
762 4497 920 4551 unice
945 4509 1258 4566 generatur,
1282 4500 1419 4552 mitti
1441 4511 1620 4551 autem
1657 4513 1685 4551 a
1711 4497 1868 4553 Patre

1967 3309 2149 3364 πολιν.
2181 3312 2283 3364 Τὸν
2306 3312 2362 3364 δὲ
2399 3317 2847 3390 μπεηλέρμπεην
2902 3322 3187 3389 ἐπαφῆκε,
3235 3329 3328 3377 καὶ
3373 3321 3544 3397 ἦλθεν

1965 3401 2044 3463 είς
2075 3403 2173 3473 τὴν
2195 3406 2622 3478 Πελοπόννησον.
2667 3413 2776 3464 Καὶ
2807 3415 2854 3466 0i
2918 3415 3019 3484 μέν
3053 3419 3182 3487 περὶ
3223 3421 3322 3489 τὴν
3352 3422 3543 3474 Booti-

1967 3574 2243 3642 prol'ectus
2276 3575 2579 3632 Bostitzam
2611 3590 2802 3634 aestate
2835 3584 2960 3636 anni
2993 3586 3237 3651 ejusdem
3271 3583 3548 3644 instauraé

1967 3669 2065 3721 vit.
2095 3667 2287 3721 Hieme
2307 3679 2490 3723 autem
2522 3673 2649 3723 anni
2680 3673 2954 3740 ejusdem,
2981 3677 3144 3739 6978,
3170 3679 3257 3732 die
3289 3679 3535 3738 Januarii

1965 3757 2059 3819 25,
2093 3757 2146 3809 in
2183 3767 2291 3810 tota
2341 3759 2520 3812 insula
2568 3761 2655 3812 nix
2705 3765 2924 3826 recidit,
2978 3777 3238 3832 quantam
3271 3770 3542 3838 Corcyraei

1968 3864 2248 3917 nunquam
2281 3851 2548 3915 viderant,
2577 3853 2649 3905 ita
2685 3866 2740 3906 ut
2769 3857 3016 3912 manibus
3037 3860 3225 3927 vulpes
3247 3869 3303 3914 et.
3332 3864 3548 3933 lepores

1967 3950 2242 4007 caperent.
2278 3939 2422 3994 idem
2460 3959 2648 3996 versus
2683 3946 3022 4001 occidentem
3053 3949 3248 4004 factmu
3275 3965 3380 4019 est,
3407 3959 3546 4009 mul-

1969 4037 2134 4098 toque
2155 4030 2325 4099 magis
2349 4047 2538 4086 versus
2555 4034 2735 4087 Asiam
2770 4039 2884 4091 site
2913 4039 3210 4096 Orientem.
3237 4043 3349 4099 Sub
3381 4046 3542 4100 ﬁnem

1967 4123 2113 4176 veris
2152 4123 2279 4175 anni
2312 4124 2582 4192 ejusdem,
2622 4139 2856 4181 exeunte
2897 4127 3060 4182 Junio
3102 4149 3309 4200 mense,
3356 4138 3550 4206 impio-

1970 4229 2090 4266 rum
2126 4213 2378 4283 prinreps
2405 4215 2672 4270 adversus
2702 4216 2961 4294 Euboeam
2993 4223 3396 4289 expeditionem
3432 4245 3552 4284 sus-

1970 4305 2134 4373 cepit.
2179 4305 2385 4360 Classis
2435 4308 2576 4372 ejus,
2626 4315 2918 4379 antrquam
2976 4315 3252 4368 exercitus
3307 4333 3402 4385 per
3444 4331 3548 4373 ter-

1971 4414 2084 4452 ram
2108 4397 2391 4469 Calliopoli
2419 4403 2612 4464 exiret,
2637 4401 2898 4456 Lemnum
2933 4405 3079 4458 venit
3103 4419 3155 4459 et
3181 4406 3467 4465 Cotzinum
3494 4423 3550 4467 et

1969 4494 2154 4546 omnia
2188 4493 2356 4547 totius
2385 4493 2577 4547 insula:
2626 4495 2767 4558 lora,
2801 4507 2995 4564 praeter
3026 4499 3445 4556 l’alzeocastrum
3469 4507 3547 4559 si-

282 4597 337 4642 et
367 4586 505 4640 Filio
535 4585 818 4655 Spiritum,
843 4592 1057 4656 qualem
1078 4591 1191 4658 ipsa
1212 4591 1332 4659 ejus
1357 4592 1531 4660 gratia
1552 4601 1605 4645 et
1625 4591 1870 4662 benigni-
1903 4611 1945 4664 ι)
1980 4599 2040 4636 νοτ
2072 4594 2228 4638 vellis
2257 4585 2514 4652 Oppidum
2543 4594 2592 4639 el
2627 4597 2866 4656 portum.
2885 4593 3212 4658 occupavit;
3244 4593 3440 4648 deinde
3459 4611 3547 4650 re-

285 4688 369 4734 tas
397 4681 584 4734 donat.

353 4775 442 4828 25.
468 4773 538 4828 Ita
571 4784 834 4828 autumno
863 4772 1144 4826 anni6977
1165 4773 1378 4841 regina,
1410 4774 1635 4828 domina
1659 4773 1865 4828 Helena

283 4865 609 4936 Palmologa,
659 4866 899 4932 despotae
930 4863 1135 4917 Servi-ae
1167 4879 1325 4928 uxor,
1373 4865 1438 4918 ad
1469 4867 1863 4934 rempublicam

282 4955 614 5012 Venetorum
651 4957 804 5018 abiit,
830 4965 1154 5011 accusatu‘a
1192 4971 1311 5019 eos,
1341 4956 1432 5024 qui
1466 4957 1717 5026 Corcyrae
1741 4974 1860 5010 eam

282 5050 441 5103 bonis
477 5049 867 5116 spoliaverant.
900 5045 1041 5102 Vere
1065 5048 1309 5118 ejusdem
1339 5048 1468 5101 anni
1499 5059 1657 5102 terrae
1686 5060 1866 5105 motus

281 5141 438 5194 multi
465 5151 516 5194 et
542 5142 889 5195 vehementes
909 5140 1166 5195 Sanctam
1191 5141 1458 5201 Mauram,
1479 5141 1864 5210 Cephaleninm

278 5243 332 5284 et
361 5231 700 5302 Zacynthum
725 5233 1058 5296 adllatorum,
1086 5243 1139 5286 et
1162 5233 1333 5286 multa
1386 5233 1620 5294 aedificia
1691 5235 1868 5287 homi-

278 5339 412 5377 num
450 5340 544 5394 per
571 5340 663 5378 eas
697 5327 883 5386 urbes,
937 5325 1088 5378 vicos
1113 5337 1170 5378 et
1192 5327 1450 5394 regiones
1472 5326 1861 5391 habitantium,

277 5416 413 5483 quin
442 5415 605 5468 etiam
638 5414 835 5484 oppida
865 5427 917 5469 et
952 5414 1174 5480 minoia,
1213 5425 1567 5471 corruerunt.
1589 5415 1860 5487 Oppidum

276 5505 626 5575 Cephaleniaa
658 5521 888 5574 prorsus
937 5523 1189 5561 eversum
1221 5519 1299 5563 est
1339 5519 1391 5562 et
1439 5524 1635 5578 magna
1691 5509 1867 5563 homi-

280 5614 411 5652 num
433 5598 728 5652 multitudo
766 5599 950 5668 periit.
1395 5619 1398 5622 ·

351 5690 566 5744 Aﬂstate
603 5692 730 5743 anni
767 5691 1010 5759 ejusdem
1049 5692 1243 5747 classis
1276 5690 1498 5747 Venetae
1527 5695 1658 5757 dux,
1706 5695 1867 5750 Nico-

280 5781 399 5835 laus
423 5779 718 5835 Decnnales
744 5785 984 5846 nomine,
1010 5800 1132 5837 cum
1151 5787 1469 5840 triremibus
1485 5787 1686 5840 Atilium
1711 5789 1866 5841 inva-

285 5871 354 5927 sit
378 5882 435 5929 et
461 5873 545 5928 die
599 5875 830 5944 septimo
891 5876 1086 5946 Cepit;
1126 5879 1248 5932 inde
1305 5877 1358 5932 in
1420 5879 1862 5949 Peloponnesum

1971 4695 2124 4733 versa
2148 4690 2249 4734 est.
2283 4679 2420 4732 Tum
2451 4680 2862 4734 advenientibus
2890 4681 3206 4739 Nicomedia
3228 4697 3282 4740 et
3320 4688 3545 4742 ubicun-

1969 4788 2074 4842 que
2104 4782 2260 4825 erant
2293 4773 2516 4824 urbanis
2549 4771 2743 4839 copiis,
2778 4789 2881 4826 una
2914 4779 3169 4830 exierunt
3196 4787 3249 4830 ct
3277 4779 3330 4831 in
3387 4779 3546 4834 Euri-

1919 4938 1921 4940 _
1968 4881 2097 4933 pum
2126 4873 2416 4919 venerunt.
2448 4864 2598 4929 Quos
2622 4866 2708 4918 ubi
2736 4865 3147 4923 vidilexarchus
3166 4878 3217 4923 et
3239 4875 3546 4927 navarchns

1975 4955 2325 5020 Venetorum,
2369 4956 2620 5018 recessit,
2665 4967 2812 5009 recte
2855 4957 3088 5013 fortasse
3123 4975 3138 5012 :
3171 4961 3311 5016 male
3361 4977 3540 5017 autem

1971 5048 2118 5114 fecit,
2148 5047 2292 5118 quod
2323 5046 2582 5101 Eubmam
2613 5054 2800 5103 urbem
2833 5052 3050 5106 munire
3099 5053 3300 5108 noluit.
3336 5055 3542 5110 Trans-

1973 5143 2086 5194 iens
2138 5151 2321 5196 autem
2352 5157 2552 5194 amet-az
2579 5143 2856 5196 exercitus
2884 5143 3125 5198 Imbrum
3157 5149 3426 5202 exitinere
3454 5166 3544 5202 ce-

1972 5235 2069 5302 pit,
2107 5243 2268 5302 atque
2297 5233 2421 5287 inde
2445 5237 2510 5286 ad
2536 5232 2797 5287 Euboeam
2818 5237 3076 5304 appulsus
3103 5249 3222 5304 est;
3257 5256 3366 5308 quo
3393 5256 3544 5293 men-

1973 5337 2033 5378 se
2067 5323 2216 5378 affuit
2268 5326 2430 5379 etiam
2468 5341 2699 5380 ameras.
2734 5327 3037 5394 Pugnatum
3087 5339 3169 5383 est
3202 5333 3546 5384 vehementer

1972 5424 2113 5469 terra
2148 5417 2416 5485 marique,
2448 5426 2503 5471 et
2525 5416 2854 5472 duodecimo
2881 5420 2970 5475 die
3013 5419 3142 5475 Julii
3181 5421 3439 5490 oppidum
3484 5421 3539 5473 iu

1974 5516 2294 5576 potestatem
2329 5508 2634 5563 redactum.
2656 5508 2778 5574 Quo
2807 5509 2974 5574 facto,
3006 5528 3196 5565 omnes
3227 5514 3278 5564 in
3307 5510 3542 5564 circuitu

1973 5618 2151 5671 parva:
2183 5602 2373 5656 insulae
2396 5594 2450 5655 ἐι
2475 5602 2670 5671 Oppida
2692 5604 2836 5656 ultro
2861 5620 2918 5657 se
2942 5605 3290 5656 dediderunt.
3307 5603 3540 5655 Ameras

1972 5695 2363 5762 aliquantisper
2395 5693 2462 5745 ibi
2496 5708 2890 5759 commoratus,
2925 5696 3025 5748 sub
3072 5695 3286 5747 initium
3342 5697 3549 5747 mensis

1973 5786 2200 5854 Augusti
2235 5785 2444 5852 Cpolim
2482 5785 2758 5849 discessit,
2791 5787 3172 5855 beglerltegnm
3199 5785 3252 5837 in
3278 5783 3552 5852 Pelopon-

1973 5893 2165 5934 ncsuut
2197 5878 2365 5933 misit.
2393 5875 2495 5942 Qui
2517 5876 2808 5934 Bostitzam
2831 5887 3132 5932 tenuerunt.
3163 5878 3357 5944 partim
3389 5877 3548 5948 fuge-
