4022 6294
269 401 409 474 1021

1297 407 1742 470 CHRONICON
1783 410 2053 472 MAJUS-
2092 433 2160 446 -·
2201 413 2348 472 LIB.
2399 413 2498 474 IV.

3373 413 3506 474 1022

259 517 562 588 λίεθροντδ
607 519 801 584 Κενφᾶν
841 517 1135 585 λεγόμενον
1191 518 1292 588 τῆς
1333 521 1682 592 Χερρονήσου
1731 522 1833 589 τῆς
1862 526 1908 581 Α
1935 524 2034 590 τῆς
2065 523 2429 587 ἀναπαύσεως
2457 525 2564 577 τῶν
2595 522 2826 594 ἀνδρῶν,
2850 524 2922 587 ὡς
2946 527 2973 578 ὁ
3005 525 3148 586 θεῖος
3181 522 3304 577 Ἰὼϐ
3335 543 3504 595 προσ-

252 610 329 663 ὲν
371 610 447 680 τῷ
508 608 786 677 Ταυρικῷ.
830 608 922 678 Τῷ
966 609 1023 677 δέ
1060 610 1225 679 ,θέρει
1275 611 1370 663 τοῦ
1430 612 1619 682 γςῇπδ
1675 611 1830 674 ἔτους

239 703 510 770 ἀπῆλθεν
539 702 680 754 κατὰ
706 703 816 774 τῆς
856 699 1094 772 Βλαῆίίας
1135 703 1277 771 μετά
1329 703 1511 770 πάσης
1543 704 1642 772 τῆς
1671 703 1832 757 δυνά-

239 807 407 858 μεως
437 789 624 844 αὐτοῦ.
650 790 740 859 Τῷ
785 791 844 844 δὲ
895 791 1260 860 Σεπτεμϐρίῳ
1301 791 1395 842 τοῦ
1442 789 1639 857 ’ς-ῇπέ
1672 791 1829 853 ἐτους

237 881 598 950 ἐπέστρεψεν
645 883 709 933 ἐκ
765 881 862 949 τῆς
914 881 1152 949 Βλαχίας
1227 881 1429 950 μᾶλλον
1485 881 1743 950 ἡττηθεὶς
1790 881 1823 952 ἢ

235 973 526 1039 ἡττήσας,
565 973 782 1026 καὶτὸν
849 974 946 1043 μὲν
1005 974 1442 1042 μπεηλέρμπεην
1488 973 1700 1041 ἀφῆκεν
1768 974 1826 1026 ἐν

233 1063 320 1130 τῇ
381 1063 554 1134 Σοφίᾳ
605 1064 785 1129 πόλει,
829 1064 991 1128 αὐτὸς
1042 1064 1100 1116 δὲ
1143 1061 1308 1136 ἦλθεν
1361 1067 1439 1127 είς
1480 1065 1827 1132 Ἀνδριανού-

230 1156 430 1210 πολιν.

320 1245 431 1298 Τοῦ
467 1247 514 1298 δ’
544 1246 711 1298 αὑτοῦ
762 1246 915 1308 ἔτους
962 1249 1028 1318 τῇ
1086 1247 1278 1318 πρώτῃ
1335 1247 1430 1299 τοῦ
1473 1248 1813 1315 Ὀκτωϐρίου

229 1339 422 1412 μηνὸς
452 1337 655 1406 ἐπῆλθέ
687 1356 775 1407 μοι
824 1339 1203 1407 ρευματισμδς
1237 1338 1315 1400 εἷς
1359 1356 1417 1391 τε
1453 1337 1548 1408 τὴν
1580 1339 1822 1410 κεφαλὴν

227 1431 346 1482 καὶ
371 1431 439 1483 τά
468 1430 690 1496 γόνατα,
721 1431 818 1482 καὶ
865 1429 1058 1498 ἐξῆλθέ
1097 1446 1196 1496 μου
1246 1429 1342 1481 τοῦ
1409 1430 1676 1498 στόματος
1725 1430 1824 1484 καὶ

229 1521 400 1590 ῥινὸς
432 1524 530 1574 καὶ
569 1521 750 1573 ὠτίων
781 1522 1035 1580 τοσοῦτος
1062 1520 1261 1590 χυμὸς,
1300 1520 1439 1572 ὥστε
1474 1520 1822 1588 ἀπελπίσθην

225 1612 402 1681 παρά
434 1612 678 1674 πάντων,
724 1611 817 1664 καὶ
859 1613 980 1680 τρὶς
1033 1611 1140 1663 τῶν
1181 1611 1466 1680 ἀχράντων
1502 1612 1822 1681 μυστηρίων

227 1705 569 1771 μετέλαῦονο
608 1705 745 1774 ὅπερ
778 1705 871 1756 καὶ
896 1703 1007 1756 είθε
1036 1720 1126 1771 μοι
1166 1702 1402 1771 ἐπῆλθεν
1438 1705 1464 1755 ὁ
1502 1703 1751 1768 θάνατος,
1787 1705 1819 1774 ή

223 1794 515 1862 Θεραπεία
565 1797 786 1848 πάντων
841 1795 951 1846 τῶν
985 1793 1109 1864 ἐμοὶ
1150 1794 1453 1863 δυσχερῶν,
1497 1795 1704 1862 γήρους
1758 1810 1816 1845 τε

223 1886 334 1937 καὶ
367 1885 654 1948 ἀσθενείας
688 1889 783 1938 καὶ
825 1888 924 1952 τῆς
966 1886 1191 1947 ἐνδείας.
1234 1887 1311 1939 Οὐ
1355 1887 1516 1956 μόνον
1569 1887 1676 1956 γὰρ
1705 1887 1815 1940 τῶν

221 1976 457 2030 πολλῶν
498 1977 681 2030 καλῶν
730 1978 823 2029 καὶ
855 1978 1104 2046 συνήθων
1138 1978 1246 2030 τῶν
1278 1980 1342 2030 ἐκ
1373 1979 1624 2047 νεότητος
1657 1978 1812 2029 ὑστεο

223 2064 478 2132 ρημένος
515 2065 682 2134 ἥμην,
717 2064 854 2116 ἀλλά
903 2065 998 2116 καὶ
1045 2065 1223 2116 αὐτῶν
1270 2065 1334 2132 δὴ
1359 2067 1468 2116 τῶν
1495 2065 1813 2130 αναγκαίων

159 2208 166 2213 _
217 2155 332 2224 τῆς
373 2153 751 2225 καθημερινῆς
780 2156 1006 2224 τροφῆς.
1041 2151 1211 2224 Οἶμαι
1241 2156 1322 2208 ὅτι
1357 2157 1390 2224 ἢ
1425 2155 1670 2224 ὑπομονὴ
1701 2156 1812 2208 τῶν

218 2244 504 2298 τοιούτων
525 2249 622 2298 καὶ
667 2247 700 2316 ὴ
754 2247 891 2316 πρὸς
915 2247 1046 2298 Θεὸν
1085 2247 1409 2316 εὐχαριστία
1435 2247 1578 2300 Θεοῦ
1615 2248 1807 2317 χάριτι

164 2382 175 2400 ι
221 2329 393 2382 αἰτία
440 2331 626 2400 μέλλει
677 2329 823 2385 εἶναι
881 2335 962 2392 είς
1010 2334 1070 2384 τὸ
1113 2334 1473 2404 συγχωρῆσαί
1517 2353 1607 2404 μοι
1640 2335 1811 2389 πολλά

222 2419 344 2472 τῶν
377 2420 452 2482 ὡς
503 2422 641 2489 πρὸς
691 2422 856 2474 αὐτὸν
903 2422 1166 2474 ἐπταισα·
1195 2424 1314 2476 οὐδὲ
1358 2425 1464 2493 γὰρ
1492 2426 1717 2492 γέγονεν
1753 2428 1809 2478 ὲν

217 2510 304 2580 τῷ
370 2510 471 2581 βίῳ
525 2514 831 2583 ἁμάρτημα
889 2515 1008 2567 οὐδὲ
1072 2515 1272 2583 πρᾶξις
1319 2515 1442 2568 οὔτε
1486 2517 1620 2585 ἄλλη
1661 2521 1809 2571 πᾶσα

219 2604 410 2656 κακία
454 2603 682 2674 ῆνέγὼ
735 2605 835 2659 οὐκ
892 2606 1296 2678 ἐπλημμέλησα
1351 2609 1380 2660 ὁ
1449 2611 1666 2674 ἀνάξιος
1715 2613 1810 2665 καὶ

213 2693 444 2756 ἄθλιος,
481 2697 624 2748 κατά
658 2695 785 2749 νοῦν
824 2699 918 2750 καὶ
969 2698 1125 2764 λόγον
1157 2706 1245 2752 καῖ
1284 2701 1631 2771 προαίρεσιν,
1662 2704 1807 2757 θέσει

213 2801 286 2836 τε
321 2787 424 2837 καὶ
477 2786 672 2858 γνώμῃ
725 2788 822 2841 καὶ
871 2789 1068 2858 πράξει
1102 2789 1495 2860 ὲξαμαρτήσας
1524 2794 1597 2856 ὡς
1632 2796 1807 2859 οὐδεὶς

214 2875 392 2939 ἄλλος
441 2877 684 2932 πώποτε.
719 2879 910 2948 Ὅμως
955 2880 1255 2950 λυτρωθείς
1285 2882 1382 2935 τοῦ
1430 2883 1660 2938 Θανάτου
1693 2904 1806 2939 κω-

209 2967 320 3036 φὸς
574 2969 906 3037 ἐναπέμεινα
960 2972 1022 3025 ἐκ
1077 2973 1178 3041 τῆς
1211 2974 1470 3046 τοιαύτης
1521 2977 1805 3042 ἀσθενείας

206 3059 384 3128 μέχρι
429 3059 648 3123 πολλοῦ,
682 3061 755 3123 ὡς
791 3062 912 3115 οὐδὲ
952 3065 1020 3116 τὰ
1057 3064 1285 3134 πλησίον
1313 3084 1414 3134 μου
1455 3073 1802 3137 σημαντήρια

1932 613 2254 682 ηγόρευσεν,
2309 616 2538 686 ἐδεήθην
2568 615 2742 678 οὕτως
2793 615 2887 669 τοῦ
2921 616 3080 668 Θεοῦ·
3115 635 3133 667 ι
3167 616 3308 669 Ἀλλ’
3333 617 3388 669 εἴ
3414 636 3502 686 με,

1931 706 2150 776 Σῶτερ,
2190 707 2404 778 ἀνάγκη
2441 709 2634 761 παθεῖν
2680 709 2785 778 (τίς
2824 710 2931 778 γὰρ
2977 703 3085 760 οἶδε
3115 709 3176 761 τδ
3205 708 3366 777 βάθος
3397 711 3514 761 τῶν·

1931 797 2403 867 σῶν’κριμάτων;
2455 799 2556 868 τῆς
2597 801 2696 868 μὲν
2738 800 2839 868 σῆς
2894 799 3307 870 φιλανθρωπίας
3335 804 3504 854 οἱονεί

1932 905 2034 958 μου
2079 889 2146 942 τά
2196 890 2346 960 πάθη
2398 891 2862 961 βδελυττομένης,
2915 893 3015 960 τῆς
3048 893 3105 944 δὲ
3154 894 3503 964 δικαιοσύνης

1926 979 2142 1050 δρώσης
2185 983 2246 1034 τὸ
2281 984 2531 1051 ἑαυτῆς),
2557 986 2637 1046 είς
2680 983 2812 1050 γοῦν
2844 983 2935 1036 τὸν
2963 985 3318 1054 ἐκδεχόμενον
3349 985 3510 1053 λῆξιν

1924 1071 2078 1124 τόνδε
2115 1073 2307 1142 χρόνον
2341 1075 2527 1127 δοῦναι
2554 1075 2712 1139 δίκην
2741 1077 2864 1144 ἐμοὶ
2900 1077 3187 1144 παράσχου
3210 1117 3224 1139 ,
3257 1077 3390 1129 ἀλλὰ
3426 1080 3500 1146 μὴ

1926 1163 2007 1224 είς
2067 1163 2159 1214 τδν
2218 1165 2489 1232 μέλλοντα
2540 1166 2632 1217 τὸν
2691 1165 3021 1234 ἀπέραντον,
3072 1165 3199 1218 ἔνθα
3250 1166 3351 1218 οὐκ
3383 1166 3500 1217 ἐστι

1930 1253 2278 1322 πραγμάτων
2309 1255 2780 1323 ἀποκατάστασις.
2841 1256 3107 1309 Ἐνταῦθα
3157 1257 3336 1308 τοίνυν
3371 1259 3503 1309 ἁνα-

1923 1343 2192 1414 καθάρας,
2229 1345 2402 1399 ἅπασι
2453 1349 2802 1417 χρησάμενος
2835 1350 2949 1409 τοῖς
2983 1347 3063 1408 είς
3107 1347 3266 1399 τοῦτο
3299 1347 3500 1417 φέρου-

1926 1449 2033 1499 σιν,
2065 1433 2216 1487 οὕτω
2264 1435 2370 1488 τῶν
2414 1437 2544 1505 τῇδε
2595 1438 2942 1505 μεταστήσας
2997 1435 3235 1503 ἀξίωσον
3281 1455 3348 1504 με
3402 1437 3497 1490 τοῦ

1926 1525 2001 1594 μὴ
2036 1527 2144 1581 τῶν
2173 1527 2280 1578 σῶν
2328 1528 2582 1580 ἐκπεσεῖν
2637 1546 2706 1597 με
2737 1529 3040 1599 οἰκτιρμῶν
3079 1530 3138 1581 ἐν
3173 1531 3242 1598 τῇ
3267 1528 3499 1598 δευτέρᾳ

1921 1633 1982 1669 τε
2014 1619 2102 1670 καὶ
2133 1623 2337 1690 φρικτῇ
2375 1621 2654 1691 παρουσίᾳ
2687 1637 2804 1674 σου.
2842 1640 2863 1671 ι

1994 1709 2084 1778 Τῷ
2129 1710 2186 1763 δὲ
2230 1711 2376 1780 θέρει
2405 1712 2497 1763 τοῦ
2538 1711 2706 1765 αὐτοῦ
2762 1713 2918 1777 ἔτους
2963 1715 3164 1779 ,ςῇπεν
3204 1713 3232 1764 ὁ
3271 1711 3496 1782 ἀμηρᾶς

1921 1802 2251 1863 ἀποστείλας
2289 1802 2542 1855 πλεῖστον
2605 1804 2967 1872 στρατόπεδον
3012 1805 3156 1856 κατά
3203 1805 3296 1856 τοῦ
3341 1804 3494 1855 Ναυ-

1920 1893 2157 1956 πάκτου,
2190 1895 2279 1946 ἵνα
2329 1895 2624 1965 παραλάϐῃ
2680 1897 2862 1956 αὑτὸν,
2901 1891 3021 1946 εῐτα
3069 1896 3150 1957 εἰς
3200 1897 3300 1964 τὴν
3331 1896 3500 1961 ἁγίαν

1915 1984 2152 2052 Μαύραν
2177 1985 2404 2055 ἐπέλθῃ·
2456 1985 2583 2038 ὅθεν
2620 1985 2846 2056 βοηθείᾳ
2881 1983 3020 2037 Θεοῦ
3057 1983 3181 2038 οὕτε
3220 1986 3313 2038 τὸν
3338 1986 3497 2038 Ναύ-

1915 2089 2120 2126 πακτον
2151 2076 2425 2144 παρέλαϐε
2456 2076 2533 2145 τῷ
2563 2077 2713 2146 αὐτῷ
2738 2077 2873 2138 ἔτει,
2891 2075 3014 2128 οὔτε
3037 2076 3178 2129 κατὰ
3203 2079 3301 2145 τῆς
3332 2077 3497 2144 ἀγίας

1911 2163 2145 2231 Μαύρας
2181 2161 2366 2236 ἦλθεν,
2401 2168 2519 2219 ἀλλ’
2554 2169 2896 2237 ὑπέστρεψεν
2929 2168 3237 2236 ἄπρακτος.

1983 2255 2149 2319 Τέλος
2198 2258 2295 2310 τοῦ
2331 2260 2601 2328 παρόντος
2640 2260 2916 2330 ἱστορικοῦ
2961 2261 3081 2330 ήτοι
3113 2258 3370 2330 χρονικοῦ
3404 2258 3492 2328 βι-

1914 2346 2086 2412 ϐλίου,
2118 2348 2253 2418 παρ’
2279 2350 2416 2418 ἐμοῦ
2456 2351 2552 2402 τοῦ
2609 2354 2975 2420 συγγραφέως
3011 2351 3241 2420 ποιηθὲν
3271 2353 3486 2420 αἰτήσει

1910 2442 2076 2494 τινῶν
2110 2444 2347 2510 εὐγενῶν
2581 2447 2942 2515 Κερκυραίων
2971 2485 2985 2508 ,
3021 2416 3487 2517 παρακαῇῦντων

1913 2551 1979 2602 με
2012 2535 2099 2586 ἵνα
2139 2535 2215 2604 μὴ
2249 2540 2428 2607 σιωπῇ
2471 2537 2792 2606 παραλείψω
2820 2537 2856 2591 ἃ.
2882 2535 3000 2592 οἶδα
3032 2537 3482 2607 όφθαλμοφανῶς

1909 2626 2004 2676 καὶ
2046 2626 2257 2696 ἤκουσα
2291 2631 2386 2679 καὶ
2426 2629 2733 2696 ἀνέγνωκα.
2769 2632 2875 2682 Καὶ
2900 2630 3073 2693 οὓτως
3106 2630 3322 2700 ἔγραψα
3362 2632 3486 2683 ἰδιο-

1909 2717 2106 2786 χείρως
2139 2720 2231 2770 καὶ
2279 2719 2540 2772 ἀπέδωσα.
2581 2720 2686 2773 ἀνά
2727 2724 2918 2790 χεῖρας
2953 2721 3048 2774 τοῦ
3083 2721 3486 2774 εὐλαϐεστάτου

1910 2809 2101 2878 ίερέως
2131 2811 2240 2880 κὺρ
2292 2812 2602 2864 Ἀντωνίου.
2639 2813 2749 2865 Καὶ
2791 2814 2840 2866 οί
2893 2813 3363 2880 ἀναγινώσκοντες
3392 2813 3504 2885 εὖτ,

1907 2899 2070 2968 χεσθέ
2104 2919 2195 2970 μοι
2243 2902 2332 2956 διὰ
2362 2903 2454 2955 τὸν
2502 2903 2733 2974 Κύριον,
2770 2905 2820 2956 ει
2865 2903 3024 2958 ἔλαθέ
3053 2921 3144 2957 τι·
3200 2905 3261 2958 τὸ
3301 2893 3496 2974 γῆραξλ

1905 2991 2014 3061 γάρ
2055 2993 2115 3044 τὸ
2165 2997 2297 3063 ἐμὸν
2349 2997 2441 3046 καὶ
2495 2997 2528 3066 ή
2586 2996 2738 3066 δεινὴ
2788 2996 3049 3050 ἀσθένεια
3083 2998 3184 3049 οὐκ
3228 2999 3381 3050 εἴασέ
3412 3015 3478 3066 με

1906 3084 2087 3148 καλῶς
2137 3085 2456 3154 διορθῶσαι.
2508 3087 2755 3158 Ἐγράφη
2814 3084 2910 3142 οὖν
2961 3087 3184 3157 ἐτειτῷ
3237 3089 3345 3141 ἀπὸ
3383 3089 3480 3157 τῆς

199 3151 449 3258 ἧκον-ξονί
485 3151 592 3203 Καὶ
628 3151 734 3258 iv“
787 3155 875 3258 εἷς.
915 3154 1014 3222 τὴν
1043 3155 1155 3258 ἄναξ
1187 3156 1445 3258 πρένοιαν
1493 3158 1795 3226 ἀπαλλαγῶ
1823 3181 1865 3239 C
1899 3177 2131 3240 κτίσεως
2175 3151 2386 3246 κάσμου
2431 3151 2659 3245 ,ςᾎπςκ
2692 3151 2944 3250 Μαρτίου
2993 3179 3112 3247 κδ’,
3148 3151 3479 3258 ίνιδικτιῶνος

208 3243 358 3309 μετᾶ
389 3241 460 3294 τὸ
479 3242 776 3311 παρελθεῖν
820 3245 916 3307 τὰς
963 3246 1453 3316 ἐναπολειφθείσας
1487 3267 1576 3318 μοι
1603 3254 1790 3303 τοιαύ-

202 3350 307 3396 τας
328 3334 555 3403 ὴμέρας
588 3335 686 3401 τῆς
723 3334 891 3403 ζωῆς,
924 3335 1241 3401 ἐπελθόντος
1271 3355 1372 3408 μου
1401 3339 1498 3392 τοῦ
1531 3340 1792 3405 θανάτου,
1835 3337 1846 3344 ’

205 3454 320 3501 tate
346 3444 481 3498 anni
509 3445 649 3500 6984
680 3446 732 3499 in
766 3445 1073 3503 Valacltiam
1104 3451 1383 3518 profectus
1411 3460 1494 3505 est
1519 3467 1641 3506 cum
1671 3467 1789 3507 om-

202 3537 376 3592 nibus
409 3537 586 3604 copiis
611 3537 726 3592 suis
759 3554 773 3590 :
806 3539 949 3594 unde
975 3541 1102 3595 anni
1136 3545 1420 3612 sequentis
1452 3559 1654 3600 menso
1674 3547 1775 3600 Se-

203 3629 450 3698 ptembri
479 3629 654 3683 victus
679 3631 868 3698 magis,
895 3648 1056 3701 quam
1081 3634 1256 3688 victor
1283 3635 1461 3700 rediit,
1481 3645 1559 3698 et,
1578 3637 1788 3706 begler-

201 3721 345 3790 bego
366 3723 420 3772 in
442 3720 578 3773 urbe
600 3721 798 3788 Sophia
819 3723 1028 3788 relicto,
1055 3725 1164 3792 ipse
1182 3725 1589 3795 Adrianopolim
1617 3730 1782 3782 venit.

280 3815 424 3866 Anni
461 3814 702 3876 ejusdem
742 3813 995 3869 Octobris
1025 3818 1109 3870 die
1139 3819 1316 3886 primo
1346 3820 1783 3876 rheumatismus

201 3913 371 3973 caput
391 3903 524 3956 mihi
551 3913 600 3956 et
623 3921 798 3974 genua
824 3907 1040 3970 invasit,
1061 3907 1322 3977 [lusitque
1343 3919 1549 3964 tantum
1574 3913 1782 3980 pituitae

200 4013 266 4052 ex
299 4011 422 4056 ore.
469 3997 696 4050 naribus
727 4007 782 4050 et
814 3999 1062 4061 auribus,
1112 4009 1170 4052 ut
1204 4017 1395 4054 omnes
1419 4003 1780 4072 desperarent

165 4075 169 4077 ’
200 4088 269 4140 de
294 4087 478 4138 salute
510 4100 629 4138 mea
670 4095 725 4139 et
763 4097 844 4138 ter
875 4089 1149 4157 particeps
1183 4087 1363 4142 fierem
1405 4092 1781 4148 immaculato-

201 4191 324 4229 rum
375 4177 786 4246 mysteriorum.
842 4175 1060 4231 Utinam
1114 4196 1199 4232 me
1245 4180 1561 4237 abstulisset
1606 4201 1776 4252 mors,

202 4268 478 4323 medicina
519 4277 573 4322 et
613 4271 833 4338 requies
883 4271 1151 4325 malorum
1204 4289 1448 4327 meorum
1504 4279 1772 4341 omnium,

205 4358 526 4419 senectutis,
562 4359 896 4413 inﬁrmitatis
935 4361 1256 4431 et‘inOpiae.
1293 4363 1508 4418 Etenim
1544 4381 1650 4420 non
1680 4383 1772 4422 so-

204 4449 315 4501 lum
338 4451 525 4502 multis
544 4451 765 4516 optimis
791 4452 942 4517 viris,
962 4468 1192 4520 quo-rum
1217 4459 1617 4513 consuetudine
1641 4475 1774 4516 usus

205 4556 356 4593 eram
394 4539 518 4592 inde
549 4541 616 4593 ab
646 4542 1033 4608 adolescentia,
1069 4545 1164 4600 sed
1196 4547 1358 4600 etiam
1389 4549 1552 4602 rebus
1600 4550 1666 4604 ad
1704 4553 1781 4604 vi-

203 4640 351 4685 ctum
373 4630 750 4699 quotidianum
781 4637 1104 4688 necessariis
1137 4639 1378 4704 privatus
1403 4657 1573 4696 eram.
1599 4642 1770 4711 Spero

1900 3269 2212 3340 ἑνδεκάτης.

1899 3488 2021 3527 eam
2053 3475 2207 3529 divus
2231 3474 2404 3550 Jobus
2436 3477 2745 3546 appellavit,
2777 3476 3012 3547 sopitus,
3048 3477 3122 3530 ita
3155 3475 3322 3531 Deum
3350 3489 3475 3545 pre-

1899 3577 2057 3621 catus
2088 3583 2207 3621 sum
2248 3587 2260 3622 :
2311 3586 2329 3620 ι
2357 3567 2587 3634 Quodsi,
2636 3569 2910 3632 Salvator,
2958 3570 3068 3638 pati
3127 3585 3211 3622 me
3249 3583 3477 3621 incesse

1897 3664 1982 3708 est
2031 3655 2176 3724 (quis
2207 3656 2354 3707 enim
2389 3657 2540 3710 novit
2575 3656 2924 3709 altitudinem
2954 3655 3286 3724 iudiciorum
3350 3664 3475 3709 tuo-

1897 3763 2020 3801 rum
2045 3749 2068 3799 ?
2093 3749 2362 3816 siquidem
2396 3749 2710 3818 benignitas
2739 3759 2829 3802 tua
2867 3752 3165 3802 detestatur
3217 3750 3475 3802 miserias

1898 3853 2072 3901 meas,
2124 3838 2343 3905 justitia
2398 3851 2578 3892 autem
2639 3839 2788 3903 facit,
2833 3839 2979 3908 quod
3038 3855 3198 3892 suum
3239 3840 3362 3907 est),
3413 3840 3470 3892 in

1897 3940 2110 3998 tempus
2143 3932 2266 3993 hoc,
2299 3929 2444 3997 quod
2496 3930 2655 3983 linem
2695 3931 2875 3992 habet,
2913 3932 3090 3996 poenis
3135 3945 3220 3984 me
3268 3934 3468 3997 multa,

1898 4031 2007 4068 non
2061 4016 2112 4067 in
2166 4016 2410 4069 futurum
2445 4027 2682 4084 tempus,
2717 4017 2873 4087 cujus
2926 4019 3109 4072 nullus
3138 4019 3285 4083 linis,
3320 4022 3466 4076 nulla

1897 4121 2081 4158 rerum
2111 4107 2385 4173 reparatio
2413 4117 2515 4161 est.
2550 4105 2647 4160 Hic
2679 4109 2844 4176 igitur
2871 4125 2996 4162 cum
3029 4126 3113 4164 me
3139 4113 3466 4180 purgaveris

1891 4215 2024 4253 usus
2065 4200 2307 4252 miseriis
2354 4199 2632 4262 omnibus,
2678 4215 2801 4268 qua:
2838 4199 3221 4266 huc'l'aciunt,
3265 4204 3339 4257 ita
3377 4220 3463 4259 me

1890 4292 2018 4345 hinc
2056 4290 2356 4345 transferre
2394 4292 2640 4359 dignare,
2678 4303 2738 4346 ut
2782 4309 2892 4349 non
2944 4293 3194 4348 excidant
3245 4297 3462 4351 miseri-

1890 4384 2076 4438 cordia
2110 4392 2201 4436 tua
2233 4384 2285 4435 in
2317 4386 2488 4437 altero
2525 4395 2616 4437 tuo
2638 4394 2690 4437 et
2724 4387 2972 4439 horribili
3003 4389 3258 4442 adventu.
3291 4405 3311 4438 ι

1958 4475 2172 4530 Αἰδιοιο
2208 4479 2334 4529 anni
2370 4475 2511 4532 0985
2556 4491 2770 4531 ameras
2828 4479 3100 4547 ingentem
3155 4481 3456 4535 exercitum

1887 4566 2058 4630 misit,
2114 4570 2208 4634 qui
2257 4565 2597 4636 Naupactum
2650 4583 2894 4637 caperet,
2932 4571 3131 4625 deinde
3178 4573 3458 4628 invaderet

1879 4655 2138 4710 Sanctam
2190 4656 2457 4712 Mauram.
2497 4658 2710 4714 Verum,
2741 4663 3038 4716 auxiliante
3089 4663 3196 4718 Deo
3249 4665 3454 4720 factum

206 4733 476 4777 tantorum
531 4724 797 4777 malorum
843 4729 1100 4794 patientia
1143 4739 1198 4782 et
1244 4739 1399 4799 grato
1447 4750 1574 4803 erga
1603 4737 1766 4790 Deum

203 4813 409 4877 animo,
452 4812 570 4880 ipso
613 4813 879 4883 propitio,
923 4817 1136 4870 veniam
1211 4836 1297 4874 me
1348 4824 1766 4889 impetraturum

203 4921 323 4960 esse
353 4904 558 4968 multis,
591 4905 796 4973 quibus
817 4920 941 4960 eum
987 4905 1212 4974 cliendi,
1247 4919 1509 4980 peeeatis.
1547 4914 1763 4970 Nullum

201 4997 343 5050 enim
372 5003 452 5049 est
485 4996 540 5049 in
583 4999 689 5051 vita
736 5000 970 5053 humana
1009 5013 1290 5070 peccatum
1345 5006 1424 5058 vel
1473 5005 1762 5076 ﬂagitium,

199 5102 298 5140 nec
327 5086 432 5140 ulla
481 5089 704 5142 omnino
737 5092 1004 5159 nequitia,
1053 5109 1214 5160 quam
1261 5110 1362 5164 ego
1413 5098 1667 5166 indignus
1711 5110 1766 5155 et

202 5179 362 5231 miser
392 5178 745 5245 cogitatione,
789 5183 958 5236 verbo
985 5192 1039 5236 et
1072 5183 1348 5239 voluntate
1387 5203 1492 5242 non
1526 5192 1764 5246 commi-

200 5269 380 5326 serim.
415 5269 508 5336 qui
547 5270 783 5339 judicio,
839 5273 1118 5341 proposito
1158 5284 1212 5329 et
1251 5277 1466 5332 actione
1516 5283 1761 5349 peccavi,

200 5367 455 5425 quantum
512 5376 676 5415 nemo
732 5379 972 5432 unquam
1023 5376 1170 5419 ante.
1228 5366 1431 5424 Verum
1477 5369 1759 5428 enimvero

201 5447 458 5502 liberatus
490 5466 518 5502 a
556 5464 752 5516 morte,
805 5471 868 5508 ex
916 5456 1014 5510 illo
1054 5459 1246 5513 morbo
1289 5461 1384 5515 diu
1441 5464 1513 5517 ita
1561 5467 1761 5522 surdus

201 5540 396 5601 mansi,
433 5550 488 5592 ut
519 5558 586 5596 ne
615 5546 738 5613 ejus
771 5547 1013 5616 quidem,
1048 5550 1142 5618 qui
1183 5567 1350 5622 prepc
1392 5569 1477 5609 me
1508 5557 1760 5629 loquere-

1875 4757 1979 4809 est,
2011 4759 2067 4802 ut
2098 4763 2198 4802 nec
2229 4748 2563 4818 Naupactum
2588 4752 2880 4820 subjicerct
2906 4769 2971 4805 eo
2998 4770 3162 4818 anno,
3185 4771 3286 4810 nec
3318 4755 3456 4810 San-

1874 4848 2019 4890 ctam
2062 4838 2300 4893 Mauram
2350 4843 2682 4906 adoriretur,
2735 4846 2827 4898 sed
2865 4860 2922 4898 re
2974 4846 3174 4900 infecta
3225 4849 3445 4903 rediret.

1947 4929 2098 4984 Finis
2135 4931 2256 4984 libri
2294 4933 2454 5000 hujus
2496 4934 2739 4987 historici
2789 4935 2905 4988 sive
2954 4937 3236 5002 chronici,
3289 4954 3449 5008 quem

1874 5037 1974 5091 ego
2040 5033 2226 5090 rogatu
2299 5023 2561 5076 nobilimn
2619 5028 2979 5092 quorumdam
3035 5027 3448 5097 Corcyraeorum

1871 5113 2196 5180 conscripsi,
2236 5113 2332 5181 qui
2377 5114 2809 5169 cohortabantur
2854 5131 2961 5177 me,
3012 5126 3068 5171 ut
3112 5133 3179 5172 ne
3227 5119 3448 5174 silentio

1868 5219 2200 5273 premerem,
2227 5220 2349 5274 qua:
2388 5206 2650 5261 vidissem
2692 5209 2891 5272 oculis,
2939 5197 3242 5275 audissci'n,
3282 5211 3444 5281 legis-

1867 5309 2004 5351 sem.
2031 5295 2242 5365 .ltaque
2276 5313 2442 5351 manu
2496 5315 2616 5354 mea
2669 5300 2783 5356 haec
2828 5303 3023 5371 scripsi
3067 5313 3121 5358 et
3160 5304 3214 5356 in
3252 5320 3449 5359 manus

1866 5387 2168 5441 sacerdotis
2196 5388 2594 5457 religiosissimi
2633 5391 2858 5446 Antonii
2893 5395 3118 5449 tradidi.
3153 5395 3448 5460 Lectores,

1864 5477 2133 5547 ignoscite
2166 5479 2296 5533 mihi
2339 5496 2436 5550 per
2477 5482 2792 5550 Domimnn,
2832 5485 2877 5539 si
2915 5486 3047 5555 quid
3086 5487 3444 5554 praetermisi.

1864 5570 2128 5625 Senectus
2163 5572 2306 5626 cnim
2352 5582 2406 5628 et
2437 5576 2981 5638 sunnualiulirmitas-
3012 5593 3129 5630 mea
3164 5591 3268 5630 non
3302 5577 3448 5629 sive-

201 5642 305 5694 llll‘.
333 5633 486 5686 verba
520 5637 790 5694 audirem.
824 5641 999 5710 Atque
1032 5652 1089 5696 ut
1127 5647 1192 5699 ad
1222 5661 1535 5714 supremam
1569 5652 1758 5718 provi-
1861 5671 1986 5713 runt
2046 5677 2130 5715 me
2191 5672 2444 5718 accurate
2497 5665 2680 5718 omnia
2745 5666 3047 5720 elaborare.
3116 5665 3448 5718 Scribebat»

201 5725 425 5822 dentiam
458 5740 778 5822 rttvcrterer,
810 5737 1102 5802 praeteritis
1132 5739 1234 5802 his,
1265 5739 1359 5809 qui
1392 5742 1522 5794 mihi
1559 5744 1750 5812 reliqui
1857 5766 2001 5805 anno
2035 5769 2062 5805 a
2093 5754 2293 5808 mundo
2323 5756 2546 5809 condito
2573 5757 2736 5822 6986,
2775 5759 2975 5813 mensis
3010 5757 3184 5811 Martii
3221 5758 3308 5811 die
3341 5756 3445 5819 (ἱεὶς

202 5827 345 5882 aunt,
370 5817 555 5876 diebus
593 5823 731 5888 vitae,
767 5833 818 5877 ct
855 5837 1048 5891 morte,
1084 5830 1324 5899 requiete
1355 5832 1658 5901 hominum,
1694 5843 1753 5889 ut
1857 5843 2151 5900 indictione
2179 5847 2487 5901 undecima.
