4022 6294
616 372 750 436 1033
1638 390 1641 393 ’
1809 331 2124 436 GEOliGll
2190 378 2204 436 l

2242 379 2607 435 ΗΒᾹΝΤΖΈ
3710 385 3828 447 ῙΟἿ

610 533 1077 549 --———-—-—-——-———-'
1025 533 1030 534 ⁷
1082 533 1249 553 v—'
1229 533 1234 534 ⁷
1249 533 1334 554 ⁷“--ῖ
1359 533 1659 555 ρ--υ--
1399 533 1552 535 ””’-Ὕ
1569 533 1578 534 ί
1593 533 1597 534 ⁷
1615 533 1634 534 ’7
1685 533 2537 555 'mmm.
2220 550 2227 555 .
2242 550 2249 555 .
2260 550 2265 555 .
2280 533 2657 556 ____-,,ﬂ—"____

1228 703 2017 858 GEORGII
2122 708 2816 854 PHRAN'J

1601 703 2017 857 non
2122 638 3189 859 PHRANTZfE

1511 990 2339 1107 CHRONI‘CON
2429 991 2915 1108 MlNUS.

2192 532 2537 539 m

1239 1334 1248 1339 ’
1319 1376 1900 1471 EDITORIS
1978 1376 2441 1471 ROMANI
2503 1379 3075 1477 MONITUM

1715 1569 1938 1636 (Classici
1968 1577 2218 1629 Auctores,
2252 1576 2365 1621 tom.
2391 1572 2472 1632 ιχ,
2496 1588 2541 1635 p.
2568 1574 2627 1623 59
2639 1574 2699 1637 l).

663 1877 887 1945 Georgii
920 1875 1205 1930 Phrantza:
1238 1880 1505 1945 prolixum
1534 1876 1841 1931 Chronicuu
1874 1873 2075 1926 Latino
2099 1889 2126 1925 a
2152 1888 2206 1924 se
2230 1887 2549 1927 conversum
2609 1873 2847 1931 Jacobus
2879 1879 3150 1938 Pontanus
3203 1886 3369 1938 libera
3433 1892 3673 1956 quadam
3740 1908 3822 1947 rs-

595 1968 745 2021 tione
776 1966 905 2018 olim
938 1964 1215 2029 ediderat;
1254 1967 1447 2017 deinde
1476 1964 1660 2016 Graece
1690 1961 1924 2014 Carolus
1956 1964 2174 2012 Alte-rus
2229 1961 2457 2013 lideliler
2503 1971 2629 2013 ante
2700 1962 2799 2016 bos
2860 1981 3033 2019 annos
3092 1970 3424 2037 vulgaverat.
3490 1974 3594 2027 Sed
3641 1986 3815 2029 tamen

596 2063 787 2119 printer
824 2051 951 2102 illud
990 2051 1283 2118 prolixum,
1315 2063 1368 2104 ul
1402 2052 1534 2110 dixi.
1576 2051 1913 2107 (thronicon,
1981 2048 2126 2099 aliud
2186 2048 2404 2098 brevius
2473 2047 2735 2099 ineditum
2784 2050 3025 2110 ejusdem
3082 2053 3362 2108 l'ltrantzze
3417 2057 3529 2112 Leo
3582 2062 3812 2115 Aliatius

592 2146 1118 2189 commemoravet‘al
1159 2137 1209 2187 in
1237 2138 1475 2189 Dintrina
1511 2140 1574 2188 de
1603 2135 1870 2203 Georgiis,
1908 2144 1959 2184 et
1991 2143 2179 2184 contra
2237 2133 2662 2197 Creyglttonum,
2715 2138 2857 2199 quod
2931 2139 3110 2190 Allatii
3174 2142 3435 2193 ἰιιι1ἰ‹·ἰιιιιι
3500 2146 3806 2211 Fabricius,

591 2226 841 2286 Caveus,
908 2225 1108 2291 aliique
1154 2224 1515 2291 liibliogt'aphi
1556 2233 1699 2275 recte
1725 2226 2139 2273 aduotavvrant.
2212 2218 2323 2285 Ego
2383 2234 2514 2269 vero
2584 2220 2920 2273 bibliothecae
2984 2224 3258 2278 Vaticana:
3305 2229 3431 2278 uti.”
3492 2235 3811 2297 put-sitiens.

591 2311 950 2363 animadverti
1002 2310 1054 2361 iu
1085 2311 1365 2365 codicibus
1397 2311 1600 2363 Grauis
1649 2308 2070 2362 Ottbobuniauis
2103 2306 2203 2357 sub
2234 2305 2514 2372 u.‘260,p.
2573 2306 2835 2369 illi-“207,
2894 2310 2996 2363 hoc
3052 2313 3227 2379 ipsum
3289 2318 3486 2369 Allatio
3534 2324 3813 2387 cognitum

589 2396 871 2449 Phrontzzn
904 2398 1167 2463 scriptum
1198 2413 1211 2461 ;
1251 2400 1393 2464 quod
1429 2413 1553 2451 cum
1579 2398 1665 2448 vix
1692 2395 1980 2462 cmpissem
2008 2392 2333 2451 exscribere.
2370 2393 2713 2447 bibliotheca:
2742 2396 2909 2448 otium
2941 2412 3063 2449 cum
3116 2402 3367 2464 graviore
3415 2404 3593 2457 oﬂicio
3653 2422 3815 2459 cum-

590 2484 819 2536 mutavi.
851 2483 987 2547 Quia
1036 2494 1213 2535 tamen
1243 2484 1496 2550 vulgandi
1526 2483 1821 2550 aliquando
1855 2479 2100 2548 opusculi
2136 2478 2375 2532 studium
2416 2494 2522 2531 non
2572 2480 2906 2545 dimiseram,
2972 2485 3274 2539 benivolam
3334 2501 3529 2543 nactus
3590 2506 3812 2558 operam

589 2570 673 2622 Ci.
706 2570 806 2622 viri
874 2569 1164 2637 Augustini
1195 2568 1476 2631 Theineri,
1536 2569 1905 2637 apographum
1946 2568 2213 2635 integrum
2278 2582 2337 2617 ex
2392 2563 2805 2619 Otthoboniuuo
2851 2571 3038 2623 codice
3097 2588 3259 2626 manu
3319 2575 3441 2641 ejus
3501 2578 3813 2633 confectum

590 2656 786 2721 habui;
814 2659 957 2724 quod
991 2659 1137 2726 typis
1163 2673 1284 2711 mox
1313 2658 1637 2720 traditurus,
1678 2655 1815 2708 nihil
1843 2654 2203 2721 opportunius
2231 2666 2311 2701 me
2336 2650 2609 2705 facturum
2674 2654 2878 2718 putavi,
2944 2670 3108 2723 quam
3176 2661 3221 2713 si
3289 2662 3513 2715 alterius
3564 2664 3653 2718 ει.
3711 2666 3811 2720 viri

601 2741 833 2799 Joannis
864 2741 1101 2808 Franzii,
1138 2743 1320 2797 Romae
1368 2743 1657 2807 versantis,
1703 2741 1965 2794 auxilium
2023 2738 2271 2793 criticum
2322 2738 2387 2791 ad
2428 2740 2722 2793 editionem
2782 2744 3079 2797 curandam
3131 2746 3478 2814 invocarem;
3528 2765 3634 2803 non
3702 2762 3811 2807 tam

584 2829 711 2897 quia
740 2829 1064 2882 Phrantzam
1100 2842 1332 2898 patrono
1362 2831 1691 2899 homonymo
1724 2828 1956 2882 Franzio
1987 2823 2463 2889 commendabam,
2501 2842 2663 2894 quam
2700 2827 2827 2895 quia
2857 2829 3229 2885 barbariorcm
3285 2834 3542 2888 Chronici
3596 2851 3813 2891 sermo-

587 2928 736 2977 nem,
765 2916 979 2982 qualem
1010 2925 1120 2967 tum
1146 2916 1351 2969 Graecia
1392 2925 1651 2982 corrupta
1681 2916 1793 2982 jam
1830 2912 2153 2981 usurpabat,
2205 2912 2536 2977 peritissimo
2588 2914 2808 2970 dialecti
2864 2918 2982 2985 ejus
3029 2922 3285 2986 magistro
3312 2922 3655 2985 exhibebatur,
3714 2925 3809 2990 qui

591 3001 951 3065 grammatico
988 3001 1070 3053 bis
1099 3011 1331 3054 tractatu
1365 3002 1612 3054 eamdem
1650 3000 1839 3054 docuit
1863 3010 1917 3055 et
1945 2995 2275 3052 enuclcavit.
2332 2993 2437 3049 Sed
2477 3014 2577 3051 cur
2618 3015 2717 3068 ego
2752 2998 2896 3065 plura
2926 3002 2948 3051 Ὺ
2982 2997 3151 3067 ipsum
3200 3004 3311 3072 ja‘u
3371 3007 3452 3058 Cl.
3504 3004 3805 3063 ιεί-αιιιξιιιη

587 3084 907 3150 prmlantem
935 3087 1246 3140 audiamus.

1622 3396 1947 3451 JOANNES
1983 3396 2264 3450 FRANZI
2284 3396 2368 3450 US
2434 3396 2599 3447 Ltn'tgl
2621 3395 2743 3446 Ultl

661 3524 900 3594 Epitome
929 3523 1195 3588 Chronici,
1221 3524 1416 3577 scilicet
1449 3523 1767 3578 Chronicum
1808 3527 1905 3577 hoc
1980 3527 2178 3589 minus,
2213 3527 2331 3587 etsi,
2384 3525 2613 3577 dialecto
2657 3525 2869 3576 rudit/re
2915 3526 3225 3591 confectum,
3284 3528 3417 3579 nihil
3468 3528 3619 3581 habet
3670 3531 3808 3592 quod

586 3614 898 3681 possit,sty!i
926 3614 1122 3680 gratia,
1148 3613 1215 3663 ad
1249 3611 1523 3679 legendum
1551 3612 1794 3673 invitare,
1816 3621 2015 3672 tamen,
2067 3626 2185 3662 cum
2215 3627 2277 3663 ex
2332 3612 2506 3664 codice
2528 3613 2595 3663 sit
2660 3614 2977 3678 descriptum
3018 3612 3178 3678 paulo
3231 3615 3468 3672 meliore.
3491 3631 3648 3681 quam
3709 3633 3807 3683 quo

586 3700 713 3755 Car.
749 3701 958 3751 Alteras
990 3715 1115 3751 usus
1153 3701 1306 3751 estin
1364 3698 1625 3751 Chronico
1677 3700 1876 3766 majore
1903 3699 2122 3761 edendo,
2184 3705 2320 3750 certe
2379 3708 2592 3765 propter
2649 3698 2893 3751 lectiones
2945 3700 3139 3760 varias,
3204 3701 3371 3752 visum
3432 3702 3649 3768 dignum
3710 3712 3807 3765 est.

584 3788 722 3855 quod
752 3787 885 3854 typis
908 3786 1307 3851 exprimeretur.
1338 3785 1538 3850 Quippe
1575 3784 1896 3837 Chronicum
1928 3788 2122 3843 minus.
2150 3785 2240 3852 qui
2266 3800 2573 3851 comparare
2594 3786 2723 3837 volet
2758 3801 2873 3836 cum
2899 3785 3158 3838 Chronico
3214 3787 3307 3839 illo
3362 3788 3585 3854 majore,
3644 3790 3795 3855 facili

586 3888 740 3937 opera
771 3874 995 3922 alterum
1047 3872 1215 3924 altera
1255 3872 1513 3938 explicari
1540 3874 1929 3939 quodammodo
1964 3882 2012 3924 et
2044 3872 2248 3923 restitui
2279 3886 2429 3937 posse
2480 3872 2532 3921 in
2584 3872 2825 3936 plurimis
2881 3872 3012 3924 locis
3054 3869 3447 3940 intelligetJVos
3491 3875 3575 3924 hic
3629 3874 3805 3940 pautis

585 3959 961 4025 defungttmur.
1001 3955 1066 4007 Et
1102 3957 1425 4009 Chronicum
1471 3959 1645 4008 minus
1685 3960 1893 4025 quidem
1929 3958 2130 4024 majore
2169 3960 2427 4010 recentius
2458 3959 2638 4018 videri.
2682 3974 2829 4009 nemo
2864 3962 2962 4009 erit
3011 3960 3099 4025 qui
3150 3960 3402 4027 ambigat.
3450 3959 3615 4011 Tanta
3669 3962 3803 4013 enim

584 4045 722 4095 inest
760 4044 813 4094 in
842 4058 900 4094 eo
928 4048 1196 4095 verborum
1221 4046 1735 4112 constructimtisque
1767 4047 2103 4111 perversitas,
2138 4053 2214 4107 ut,
2241 4060 2542 4111 quanquam
2579 4042 2889 4095 l’hrantsen
2913 4043 3256 4095 concedamus
3297 4044 3433 4111 stylo
3462 4046 3602 4097 malo
3656 4061 3802 4097 usum

586 4144 717 4189 esse,
756 4139 925 4180 tamen
957 4145 1072 4180 cum
1102 4145 1184 4191 eo,
1222 4133 1312 4196 qui
1340 4133 1593 4195 epitomeu
1627 4132 1949 4196 compilavit,
1978 4131 2141 4181 multo
2182 4129 2330 4195 pejus
2364 4142 2541 4180 actum
2598 4146 2709 4181 esse
2767 4138 3042 4198 appareat.
3110 4129 3214 4180 Ille
3271 4146 3416 4182 voces
3463 4132 3542 4183 vel
3596 4133 3800 4183 nomina

587 4214 879 4266 recentiora
911 4224 1046 4265 certe
1074 4215 1243 4266 studet
1286 4218 1508 4277 evitare,
1546 4217 1629 4267 hic
1660 4217 1840 4283 inﬁmo
1871 4231 2073 4284 quoque
2104 4217 2331 4267 maxime
2362 4216 2575 4281 gaudet,
2606 4216 2812 4282 opinor,
2848 4215 2987 4282 quod
3049 4215 3344 4266 orationem
3389 4218 3685 4283 faciliorem
3732 4219 3801 4269 ita

586 4299 702 4366 ﬁeri
743 4302 1008 4367 magisque
1039 4300 1327 4351 dilucidam
1359 4303 1758 4354 existimaverit.
1797 4304 1927 4366 Quae
1958 4319 2072 4354 cum
2101 4303 2176 4353 ita
2202 4303 2328 4365 sint,
2360 4302 2569 4353 tametsi
2622 4302 2887 4369 quispiam
2915 4306 2977 4354 de
3022 4300 3240 4353 diversis
3272 4305 3573 4354 auctoribus
3604 4303 3801 4370 cogita-

585 4388 735 4449 verit,
770 4396 942 4438 tamen
978 4402 1142 4437 causa
1167 4388 1315 4439 nulla
1345 4399 1441 4451 est,
1473 4405 1566 4439 cur
1601 4389 1896 4442 Pltrantsen
1928 4390 2082 4456 hujus
2117 4389 2363 4455 epitomes
2398 4402 2667 4442 auctorem
2696 4406 2806 4442 esse
2837 4406 3097 4458 negemus.
3157 4394 3245 4459 qui
3267 4390 3491 4451 scilicet,
3518 4401 3576 4444 ut
3606 4393 3656 4444 in
3709 4392 3800 4443 mi-

585 4488 712 4526 nore
746 4471 1029 4531 Chronico,
1063 4473 1262 4525 minore
1298 4490 1425 4525 cura
1459 4490 1580 4525 usus
1613 4477 1703 4537 sit,
1737 4477 1914 4544 idque,
1950 4476 2120 4529 nescio
2150 4492 2251 4545 quo
2284 4476 2524 4538 consilio,
2559 4478 2784 4530 dialecto
2816 4478 3188 4547 negligentiore
3235 4481 3607 4547 composuerit.
3663 4477 3799 4531 Nam

584 4558 720 4610 illud
752 4571 891 4611 certe
923 4560 1215 4612 verisimile
1251 4577 1353 4613 non
1378 4571 1478 4625 est,
1500 4563 1673 4629 primo
1695 4564 2016 4617 Chronicum
2046 4565 2142 4617 hoc
2173 4566 2347 4616 minus
2370 4578 2482 4615 esse
2516 4570 2837 4631 confectum,
2890 4582 2953 4619 ex
3000 4584 3099 4636 quo
3133 4568 3307 4635 majus
3342 4567 3478 4619 illud
3511 4565 3798 4618 Pltrantses

585 4645 993 4697 concinnaverit.

658 4729 928 4813 Quidquid
987 4732 1091 4791 sit,
1142 4735 1582 4800 quemadmodum
1644 4735 1868 4787 alterum
1924 4736 2242 4789 Chronicum
2309 4751 2373 4787 e1:
2445 4735 2651 4788 altero'
2689 4737 3018 4806 explicatur,
3081 4742 3159 4794 ita
3249 4758 3385 4796 nunc
3456 4745 3666 4797 demum
3714 4743 3797 4813 qui

581 4811 725 4875 velit,
760 4828 876 4864 eum
908 4813 1031 4882 jure
1062 4831 1156 4867 suo
1185 4831 1333 4883 posse
1360 4817 1427 4868 ad
1455 4817 1835 4872 emendandum
1871 4815 2156 4874 Phrantsa:
2178 4822 2493 4876 Chronicum
2518 4825 2782 4879 accedere.
