4022 6294
221 338 373 406 Ιοέι)

1457 337 1903 400 CHRO-‘HCON
1948 338 2218 402 MINUS.

3322 331 3469 399 1030

216 447 455 519 γραφὴν
484 446 567 501 ὅτι
594 451 620 500 6
663 445 908 518 Ἀμηρᾶς
941 447 1197 501 ἀπέθανεο
1251 449 1343 500 καὶ
1378 449 1593 517 ἐγένετο
1640 451 1800 505 τούτο
1828 457 1874 512 Δ
1904 449 1986 519 κβ¹
2020 450 2112 504 τοῦ
2145 449 2456 516 Αὐγούστου
2484 447 2649 518 μηνος
2701 447 3042 518 ἐπολέμησεν
3074 443 3244 514 αὐτὴν
3275 443 3337 515 δὴ
3365 445 3466 514 τὴν

214 539 293 607 δὴ
322 539 407 602 :6,
434 557 451 589 I
503 538 772 607 Ἐσπέρας
796 539 1184 610 αὐλισθήσεται
1209 539 1484 607 κλαυθμὸς
1515 540 1611 592 καὶ
1632 541 1711 602 εἰς
1739 541 1798 592 :6

213 628 380 697 πρωῒ
431 630 751 697 ἀγαλλίασις
781 647 792 659 ο
835 651 856 682 ι
920 633 1014 683 καὶ
1075 632 1186 684 ἰδοὺ
1253 632 1446 684 ἔπεσον
1477 633 1552 693 είς
1591 617 1798 700 ,ἑτέραν

215 722 491 792 ’φροντίδα
525 723 618 776 καὶ
649 722 847 790 βουλὴν
879 724 970 775 καὶ
1006 723 1260 792 μελέτην,
1285 723 1594 793 πότεροννά
1617 722 1799 791 ἔχουσι

218 813 419 882 (πρὸς)
451 813 540 866 :60
573 811 684 864 υίδν
710 812 874 865 05:05
912 813 1004 864 :60
1040 814 1332 882 Μουράτην
1361 813 1582 882 ἀγάπην
1619 814 1713 865 καὶ
1735 813 1802 865 νά

219 906 721 974 παραχωρὴσωσιν
770 901 910 957 εἶναι
961 906 1126 960 αὑτὸν
1177 905 1460 974 αὐθέντην,
1512 906 1586 967 ὡς
1614 905 1706 957 καὶ
1734 905 1802 956 τά

215 995 591 1064 ὁρκωμοτικά
627 996 807 1049 αὐτῶν
862 997 1244 1064 διελάμϐανον,
1300 996 1426 1066 ῆνά
1478 997 1685 1064 φέρωσι
1713 995 1804 1047 τὸν

216 1089 572 1155 Ῑιῐουσταφᾶν
601 1089 712 1140 ἀπὸ
749 1087 845 1141 τοῦ
871 1088 1161 1158 Μυζηθρᾶ,
1191 1088 1282 1140 καὶ
1315 1088 1612 1156 ποιήσωσιν
1638 1086 1803 1140 αὐτὸν

217 1178 508 1246 αὐθέντην
534 1180 613 1240 είς
638 1179 736 1249 τὴν
781 1180 954 1245 δύσιν,
987 1184 1080 1231 καὶ
1108 1183 1136 1231 6
1165 1179 1453 1249 Μουράτης
1488 1179 1564 1230 ἔνι
1597 1179 1676 1240 είς
1705 1178 1803 1247 τὴν

217 1268 506 1340 ἀνατολὴν
559 1269 868 1336 αὐθέντης·
923 1270 1017 1322 τοῦ
1069 1271 1168 1333 μὲν
1203 1271 1357 1337 ἁγίου
1416 1268 1680 1338 βασιλέως
1710 1270 1805 1321 καὶ

218 1363 444 1428 πατρὸς
477 1360 566 1412 :60
595 1361 811 1430 πρῶτον
845 1361 1238 1428 βουλευομένου
1273 1362 1366 1413 καὶ
1415 1361 1693 1428 κρίνοντος
1727 1360 1806 1412 δι-

217 1440 408 1513 καίως
437 1453 498 1503 ἐκ
530 1453 741 1504 πολλῶν
772 1453 962 1504 αἰτιῶν
983 1469 997 1482 ⁸
1026 1453 1120 1504 τοῦ
1152 1453 1206 1505 δὲ
1233 1452 1349 1504 υίοῢ
1380 1451 1544 1505 αὐτοῦ
1586 1453 1682 1506 καὶ
1709 1452 1802 1505 τοῦ

216 1540 698 1618 Καντακουζηνοῦ
731 1541 1043 1610 Δημητρίου
1071 1543 1154 1594 ὅτι
1183 1544 1248 1594 νά
1283 1543 1542 1610 ποιήσουν
1561 1543 1651 1593 τὸν
1681 1541 1804 1593 δεύ-

1903 541 2058 593 πόλιν
2090 541 2373 594 καθολικύν
2393 542 2650 611 πόλεμον.

2619 633 2760 698 υκγζ

1975 724 2024 794 μ
2042 722 2126 795 17]
2155 725 2258 776 Καὶ
2278 727 2341 793 τῇ
2365 731 2419 786 ς’
2440 725 2533 777 :05
2559 724 2889 793 Σεπτεϐρίου
2914 725 3080 792 μηνδς
3099 723 3192 776 τοῦ
3213 724 3294 777 λα’
3314 725 3468 788 ἔτους

1902 812 2144 881 ἀπῆλθεν
2170 815 2449 879 ἄπρακτος
2497 813 2604 865 ἀπὸ
2634 814 2733 879 τῆς
2777 814 2984 874 πόλεως
3030 813 3252 883 βοηθείᾳ
3287 813 3424 866 Θεοῦ
3450 830 3465 846 ·

1902 902 1996 954 καὶ
2026 905 2090 969 τῇ
2123 902 2167 953 λ’
2195 902 2289 954 τοῦ
2325 901 2492 955 05:05
2521 903 2688 971 μηνὸς
2717 898 2876 972 ἦλθεν
2909 906 2937 954 6
2973 903 3471 972 Μουσταφόπουλος

1904 994 1996 1046 καὶ
2029 993 2257 1060 ἀδελφὸς
2288 993 2453 1044 αὐτοῦ
2481 993 2541 1061 δὴ
2568 994 2661 1045 τοῦ
2686 995 2947 1063 Μουράτη
2977 996 3070 1047 καὶ
3099 995 3368 1064 ἐπέρασεν
3389 997 3470 1058 είς

1904 1085 2003 1152 τὴν
2033 1085 2186 1137 πόλιν
2220 1089 2313 1136 καὶ
2361 1085 2555 1137 ἔπεσεν
2590 1085 2692 1150 ἔξω
2719 1089 2796 1147 εἰς
2827 1087 2919 1139 :60
2964 1086 3284 1138 αὐθεντικον
3317 1077 3473 1156 περί-

1905 1178 2082 1230 ϐολοψ
2117 1178 2212 1230 καὶ
2244 1179 2335 1229 ἐπὶ
2369 1179 2469 1248 τὴν
2517 1178 2706 1248 αὔριον
2758 1183 2822 1249 τῇ
2859 1178 2904 1231 α’
2944 1179 3274 1248 Ὀκτωϐρίου
3295 1176 3469 1250 ἦλθεν

1905 1272 1985 1330 εἰς
2015 1269 2389 1337 προσκύνησιν
2421 1269 2531 1321 τῶν
2564 1270 2844 1334 βασιλέων·
2884 1272 2976 1324 καὶ
3007 1275 3070 1339 τῇ
3122 1275 3256 1341 αὐτῇ
3286 1272 3473 1342 ἡμέρᾳ

1908 1361 2045 1430 μετά
2065 1361 2123 1412 :6
2157 1360 2380 1429 ἄριστον
2412 1362 2632 1426 ἐγένετο
2655 1361 2715 1413 :6
2755 1365 2854 1430 τῆς
2895 1363 3226 1429 ἡμιπληξίας
3255 1363 3472 1430 νόσημα

1905 1451 1982 1521 τῷ
2035 1452 2176 1520 ἁγίῳ
2235 1451 2448 1520 βασιλεῖ
2500 1455 2603 1518 κὺρ
2631 1453 2912 1522 Μανουὴλ,
2941 1454 2997 1505 ὃν
3033 1453 3231 1516 ἰδόντες
3262 1455 3312 1505 οί
3369 1454 3477 1506 ἀπὸ

1905 1545 2006 1611 τῆς
2038 1543 2306 1612 ἀνατολῆς
2361 1546 2501 1613 μετά
2532 1545 2623 1596 :05
2684 1547 3190 1612 Μουσταφοπούλου
3242 1547 3474 1616 Τοῦρκοι

212 1647 413 1698 τερον,
447 1633 535 1683 καὶ
567 1633 647 1684 ὅτι
679 1633 795 1702 δίδη
825 1649 951 1696 τους
985 1634 1079 1685 καὶ
1113 1633 1213 1701 τὴν
1262 1632 1616 1696 Καλλίπολιν,
1651 1634 1804 1701 μόλις
1908 1637 2002 1688 καὶ
2029 1635 2410 1704 θαυμάσαντες
2438 1638 2532 1688 καὶ
2570 1635 2664 1687 ἀπ⁷
2697 1637 2866 1704 αὐτῆς
2908 1637 3076 1705 μόνης
3105 1637 3209 1704 τῆς
3237 1637 3474 1705 θεωρίας

213 1722 284 1775 δέ
329 1736 459 1776 ποτε
489 1725 652 1776 οἱονεὶ
682 1725 757 1787 ὦς
788 1725 929 1778 κατὰ
969 1725 1361 1794 παραχώρησιν
1390 1725 1624 1778 δέδωκεν
1656 1726 1806 1792 ἐξου-
1835 1787 1878 1797 _
1908 1726 2072 1778 05:05
2126 1726 2266 1794 μετά
2323 1726 2604 1795 θαύματος
2628 1728 2814 1794 ἔλεγον
2868 1730 2948 1780 ὄτι
2981 1728 3073 1781 τὸν
3101 1731 3198 1797 τῆς
3234 1728 3477 1790 πίστεως

108 1841 110 1843 >
215 1816 361 1867 σίαν
390 1820 416 1869 6
441 1815 598 1883 ἅγιος
641 1817 894 1886 βασιλεὺς
939 1817 1016 1888 τῷ
1182 1787 1380 1881 αὐτοῦ,
1424 1835 1443 1867 ‹
1495 1817 1584 1880 Ὧς
1612 1787 1806 1881 θέλεις,
1835 1787 1883 1846 Β
1911 1815 2090 1868 αὐτῶν
2123 1787 2367 1886 ἀρχηγὸν
2412 1787 3010 1885 λιαχούμετνόμοιάζει·
3056 1787 3255 1881 (In-1:03.
3284 1823 3312 1873 6
3345 1787 3478 1874 ποτέ

214 1905 506 1974 ἐπειπὼν,
535 1912 783 1976 ποίησον⁹
816 1906 929 1974 ἐγὼ
966 1921 1075 1976 γαρ
1121 1903 1262 1974 εἰμι,
1298 1908 1381 1959 υἱέ
1429 1925 1552 1976 μου,
1591 1908 1685 1960 καὶ
1720 1909 1810 1974 γέ-
1911 1905 2229 1974 Παῖαζήτη;
2265 1907 2358 1957 καὶ
2397 1907 2590 1974 ἐχθρὸς
2622 1907 2785 1960 αὐτοῦ
2836 1909 3077 1976 εἴρηκεν,
3108 1911 3187 1961 ὅτι
3211 1910 3301 1962 :60
3325 1909 3480 1978 βασι-

219 2014 348 2065 ρων
378 1999 470 2050 καὶ
500 1999 732 2068 ἀσθενὴς
761 2001 856 2052 καὶ
891 1999 1060 2064 ἐγγὺς
1089 1998 1186 2050 τοῦ
1217 1998 1471 2050 θανάτου·
1498 1998 1598 2066 τὴν
1623 1997 1680 2049 δὲ
1713 1997 1806 2065 βα-
1910 1996 2008 2049 λέα
2045 1996 2140 2047 καὶ
2169 1994 2302 2048 61:05
2336 1996 2488 2047 οὐδὲν
2520 1999 2776 2065 γνωρίζει
2831 1998 2995 2049 αὑτὸν
3027 1999 3120 2050 καὶ
3168 2000 3276 2052 ἀπὸ
3311 2000 3482 2069 μόνης

1907 2083 2008 2152 τῆς
2035 2082 2201 2135 05:05
2225 2083 2465 2150 θεωρίας
2498 2084 2640 2146 θέλει
2673 2087 2848 2138 εἰπεῖν
2889 2087 2972 2139 ὅτι
3007 2107 3026 2137 ι
3067 2087 3238 2151 A5:6;
3264 2088 3482 2157 τυχένει

1907 2173 1974 2225 νά
1998 2173 2074 2226 ἔνι
2105 2173 2361 2242 βασιλεύς
2396 2193 2413 2224 ι
2445 2191 2458 2204 ο
2502 2175 2531 2226 6
2564 2174 2618 2226 δὲ
2668 2175 3168 2242 Μὺυσταφόπουλος
3223 2176 3483 2244 πλημμε-

219 2087 446 2139 σιλείαν
472 2092 564 2140 καὶ
595 2089 664 2141 τὰ
709 2086 886 2158 αὐτῆς
925 2089 1132 2143 δέδωκα
1168 2089 1308 2158 πρὸς
1332 2089 1412 2153 σὲ,
1441 2090 1536 2142 καὶ
1580 2088 1830 2160 ποίησογ

167 2178 300 2247 ,ὡς
345 2178 542 2242 θέλεις.
590 2197 610 2232 ι

957 2299 1101 2348 υκα’.

303 2405 461 2479 [IN]
502 2408 612 2459 Καὶ
638 2407 696 2460 ἐν
733 2408 862 2476 μηνὶ
895 2408 1209 2478 Σεπτεϐρίῳ
1245 2409 1340 2462 τοῦ
1368 2411 1449 2462 κθν
1478 2409 1631 2472 ἔτους
1668 2409 1809 2479 μετὰ

223 2498 530 2568 κατέργων
562 2497 890 2560 ἀπελθόντος
916 2501 995 2560 είς
1025 2499 1122 2569 τὴν
1165 2498 1499 2555 Καλλίπολιν
1526 2500 1620 2553 τοῦ
1659 2500 1810 2570 βασι-

224 2589 379 2652 λέως
408 2593 514 2659 κὺρ
555 2588 804 2642 Ἰωάννου
845 2589 1094 2658 Ἀμηρᾶν
1125 2592 1216 2643 τὸν
1247 2591 1585 2660 Μουσταφᾶν
1627 2596 1809 2663 φέρων

227 2680 347 2732 ἀπὸ
375 2679 471 2731 τοῦ
507 2680 736 2749 Μορέως
783 2681 1051 2748 αὐθέντην
1103 2680 1358 2746 ἐξέϐαλεν
1391 2684 1471 2743 εἰς
1513 2682 1688 2745 δύσιν,
1717 2685 1810 2736 καὶ

225 2770 263 2837 ή
301 2769 642 2834 Καλλίπολις
687 2772 853 2824 05:60
899 2773 1276 2841 προσεκύνησε
1305 2789 1320 2803 ο
1345 2767 1458 2827 ’καὶ
1488 2774 1626 2842 μετά
1656 2789 1812 2836 τινας

227 2861 460 2932 ἡμέρας
485 2863 784 2934 ζητηθεῖσα
828 2866 978 2936 παρὰ
1010 2865 1102 2918 τοῦ
1150 2865 1410 2934 βασιλέως
1431 2904 1446 2928 ,
1497 2865 1637 2934 τάχα
1668 2864 1810 2918 κατὰ

223 2955 330 3018 τὰς
363 2956 694 3025 ὑποσχέσεις
726 2957 1084 3026 ἀπεκρίνατο,
1123 2957 1331 3018 Πάντες
1381 2958 1428 3009 οἱ
1463 2955 1696 3024 Τοῦρκοι
1720 2957 1810 3009 λέ-

223 3064 428 3117 γουσιν
465 3048 546 3100 ὅτι
574 3049 605 3117 ἡ
638 3049 823 3111 πίστις
855 3048 1012 3116 ἡμῶν
1043 3049 1074 3118 ἡ
1109 3047 1438 3109 Καλλίπολις
1466 3049 1566 3115 ἔνι,
1599 3050 1689 3101 καὶ

218 3141 314 3194 δὲν
345 3143 592 3210 ἐμπορεῖ
628 3141 692 3192 νά
721 3142 819 3210 τὴν
853 3140 1136 3208 δὼσωμεν,
1183 3139 1354 3193 πολλά
1400 3138 1493 3192 τοῦ
1545 3141 1806 3211 Μουράτη

221 3233 336 3286 ἀπὸ
366 3233 476 3300 τὴν
525 3233 789 3299 ἀνατολὴν
834 3231 902 3284 δι’
950 3233 1387 3302 άποκρισιαρίων
1418 3232 1674 3295 δεομένου
1714 3235 1807 3284 καὶ

221 3323 555 3382 τάσσοντος.
593 3305 728 3389 Περὶ
749 3321 808 3392 δὲ
841 3319 940 3382 τὰς
973 3321 1146 3390 ἀρχὰς
1176 3320 1267 3372 :05
1296 3321 1562 3390 χειμῶνος
1589 3321 1681 3372 τοῦ
1711 3323 1808 3373 αὐ-

226 3417 326 3471 τοῦ
364 3417 524 3476 ἔτους
556 3416 898 3484 περάσαντος
927 3413 1023 3466 :05
1064 3413 1372 3483 Παῖαζήτου
1404 3414 1512 3467 ἀπὸ
1537 3414 1599 3466 :6
1625 3414 1808 3467 ἐπάνω

229 3515 428 3564 στενὸν
458 3510 538 3570 είς
560 3509 658 3577 τὴν
681 3508 852 3571 δύσιν,
894 3507 1086 3576 ἀνδρὸς
1119 3507 1392 3576 χρησίμου
1430 3505 1808 3578 Μπελαρμπεῒ

230 3607 330 3658 καὶ
369 3601 586 3672 βιζίρου
619 3599 768 3662 ὄντος
794 3598 888 3650 τοῦ
916 3598 1121 3668 πατρὸς
1143 3599 1237 3651 :05
1269 3599 1554 3668 Μουράτη.
1586 3599 1682 3651 καὶ
1707 3597 1808 3667 τὴν

233 3699 527 3764 Ἀγκυραν
563 3693 780 3762 ἔχοντος
801 3692 1210 3757 κεφαλατίκιον,
1245 3693 1324 3753 είς
1353 3692 1436 3753 :6,
1488 3691 1555 3744 ἀν
1583 3691 1806 3761 δυνηθῇ,

233 3793 301 3844 νά
329 3785 584 3856 κρατήσῃ
616 3785 696 3846 είς
726 3783 823 3852 τὴν
850 3782 1098 3846 ἐξουσίαν
1121 3781 1215 3834 τοῦ
1239 3783 1502 3850 Μουράτη
1532 3783 1631 3850 τὴν
1657 3782 1808 3834 δύσιν

232 3883 507 3954 δηλονότι⁹
541 3880 633 3932 καὶ
663 3877 756 3931 :05
800 3879 1106 3946 Μουσταφᾶ
1153 3876 1311 3929 πάλιν
1339 3875 1663 3934 ἀπελθόντος
1701 3876 1810 3928 ἀπὺ

233 3976 334 4044 τὴν
372 3970 725 4034 Καλλίπολιν,
757 3969 982 4020 ἐπίασεν
1026 3967 1187 4019 αὐτὸν
1231 3966 1294 4036 δὴ
1350 3967 1440 4018 τὸν
1495 3968 1810 4037 Παῖαζήτην

237 4069 334 4120 καὶ
365 4065 459 4117 τὸν
497 4062 792 4123 ἐσκότωσε,
824 4061 916 4112 καὶ
942 4059 1041 4129 τὴν
1070 4059 1149 4120 είς
1179 4059 1277 4128 τὴν
1312 4057 1464 4111 δύσιν
1498 4060 1676 4110 πᾶσαν
1708 4060 1812 4128 ἀρα

239 4156 341 4225 χὴν
368 4152 479 4207 τῶν
507 4151 722 4206 ἀσεϐῶν
754 4149 1096 4218 ἐκυρίευσενο
1130 4149 1223 4200 καὶ
1268 4147 1431 4200 πάλιν
1471 4147 1810 4216 ἐπιστρέψας

243 4245 393 4318 [116]
425 4247 453 4297 ὁ
486 4242 823 4311 Μουσταφᾶς
874 4241 955 4302 είς
1009 4240 1108 4308 τὴν
1161 4237 1489 4291 Καλλίπολιν
1533 4237 1610 4307 τῷ
1661 4238 1808 4308 αὐτῷ

242 4337 355 4390 ἔτει
386 4335 660 4404 ἐπέρασεν
690 4335 768 4395 είς
812 4329 913 4399 τὴν
961 4330 1227 4397 ἀνατολὴν
1276 4329 1417 4382 κατά
1442 4328 1536 4381 τοῦ
1586 4329 1807 4396 ἀνεψιοῦ

242 4427 405 4481 αὐτοῦ
441 4400 704 4493 Μουράτη
731 4423 810 4484 είς
837 4421 934 4490 τὴν
961 4420 1214 4490 Προῦσαν
1255 4419 1666 4490 εὑρισκομένου,
1712 4418 1806 4470 καὶ
1838 4400 1883 4460 ε)

242 4517 499 4589 ἡττηθεὶς
524 4513 933 4583 ἐπανέστρεψεν
964 4515 1042 4576 εἰς
1075 4512 1175 4581 τὴν
1212 4511 1389 4565 δύσιν.
1433 4511 1541 4562 Καὶ
1568 4511 1627 4562 :6
1655 4509 1808 4579 θέρος

243 4609 337 4662 τοῦ
368 4605 530 4661 05:05
559 4605 710 4667 ἔτους
742 4605 1030 4674 ἐπέρασεν,
1065 4603 1158 4655 καὶ
1186 4602 1346 4663 αὐτὸς
1371 4601 1434 4668 δὴ
1457 4604 1483 4653 6
1511 4601 1809 4668 Μουράτης

251 4699 385 4769 μετά
409 4697 446 4746 Γ
451 4694 765 4746 ενουῖτικῶν
787 4760 794 4767 τ
819 4690 1118 4761 καραϐίων,
1156 4690 1250 4741 καὶ
1307 4688 1504 4753 διώξας
1549 4688 1638 4738 :60
1669 4687 1810 4737 θεῖον

247 4786 410 4843 αὐτοῦ
441 4785 645 4853 ἔφθασε
678 4784 774 4837 καὶ
825 4782 1098 4835 ἐσκότωσε
1145 4781 1274 4847 περὶ
1320 4782 1417 4840 τάς
1448 4778 1622 4847 ἀρχάς
1645 4775 1739 4829 :05
1765 4776 1810 4828 λ’

247 4882 417 4941 ἔτους.

965 4984 1104 5056 υκβ’.

322 5103 423 5156 Καὶ
452 5104 515 5171 τῇ
549 5107 605 5170 η’
632 5103 725 5155 τοῦ
754 5099 972 5154 Ἰουνίου
997 5100 1089 5152 :05
1118 5099 1282 5153 05:05
1307 5098 1459 5160 ἔτους
1488 5097 1691 5150 ἔστειλε
1717 5097 1808 5149 καὶ

255 5194 534 5247 ἀπέκλεισε
569 5193 670 5260 τὴν
700 5191 852 5244 πόλιν
880 5193 966 5244 διὰ
1007 5191 1100 5244 :05
1148 5191 1488 5260 Μιχάλμπεῖο
1527 5190 1619 5240 καὶ
1654 5192 1718 5257 τῇ
1749 5187 1809 5240 ιε’

253 5285 345 5339 τοῦ
367 5283 524 5337 05:05
559 5279 692 5355 ἦλθε
723 5285 818 5338 καὶ
840 5286 868 5336 6
890 5284 1182 5352 Μουράτης
1215 5284 1307 5335 καὶ
1324 5282 1589 5351 αὐθέντης
1617 5281 1807 5345 αὐτοῦ,

258 5379 347 5430 καὶ
378 5373 730 5443 ἐπολιόρκουν
772 5375 868 5444 τὴν
896 5375 1072 5438 πόλιν,
1133 5375 1312 5445 φέρων
1345 5373 1462 5442 μετ’
1509 5373 1674 5426 05:05
1715 5373 1810 5426 καὶ

256 5467 496 5536 δεσμίους
529 5469 625 5519 καὶ
654 5469 778 5530 τοὺς
810 5468 1281 5535 ἀποκρισιαρίους,
1318 5465 1407 5528 οὓς
1443 5465 1812 5535 προαπέστει-

259 5558 352 5609 λαν
374 5558 446 5620 είς
473 5560 678 5612 ἐκεῖνον
713 5560 799 5612 διὰ
831 5561 1166 5612 κατάστασιν
1214 5559 1450 5625 ἀγάπης,
1501 5560 1810 5628 Δημήτριον

265 5647 354 5699 τὸν
380 5649 824 5721 Καντακουζηνδν
855 5650 948 5702 καλ⁸
977 5649 1254 5704 Ματθαῖον
1280 5652 1372 5702 :60
1415 5650 1690 5720 Λάσκαριν
1717 5652 1811 5703 καὶ

1907 2263 2079 2332 λήσας
2131 2264 2226 2314 καὶ
2270 2263 2489 2325 πλείους
2543 2264 2757 2333 ἡμέρας
2805 2267 2885 2326 5!;
2935 2265 3032 2335 τὴν
3072 2265 3229 2319 πόλιν
3260 2267 3366 2318 ἀπὸ
3418 2265 3483 2318 :6

1911 2354 2128 2423 συμϐὰν
2153 2355 2234 2418 είς
2263 2355 2357 2408 :60
2413 2355 2642 2424 βασιλέα
2688 2359 2779 2408 :60
2810 2357 2967 2423 ἆγιον
3022 2359 3176 2421 τέλος
3235 2358 3482 2426 ἀπῆλθεν

1910 2446 2074 2515 μέχρι
2122 2447 2218 2499 καὶ
2263 2447 2362 2516 τῆς
2415 2447 2768 2517 Σηλυμϐρίας
2800 2451 2893 2502 καλ
2955 2451 3146 2519 μικρὸν
3192 2449 3482 2518 διατρίψας

1909 2535 2314 2604 ἐπανέστρεψεν
2349 2537 2429 2598 είς
2481 2537 2580 2606 τὴν
2607 2538 2763 2590 πόλιν
2818 2541 2912 2591 καὶ
2963 2541 3209 2608 περάσας
3240 2539 3482 2607 ἀπῆλθεν

1909 2627 1989 2686 είς
2021 2624 2120 2689 τὴν
2146 2625 2420 2694 Προῦσαν·
2449 2628 2509 2678 :6
2543 2629 2600 2680 δέ
2652 2629 2751 2695 ἔαρ
2785 2629 2947 2682 πάλιν
3002 2629 3097 2680 :05
3141 2630 3302 2681 05:05
3330 2629 3486 2692 ἔτους

1910 2717 2148 2786 ἐπέρασε
2201 2721 2292 2772 καὶ
2322 2722 2351 2772 6
2405 2721 2634 2786 ἁδελφὸς
2679 2723 2845 2774 αὐτοῦ
2883 2723 3000 2775 κατ’
3035 2723 3202 2774 05:05
3247 2726 3326 2784 εἰς
3383 2722 3480 2792 τὴν

1911 2809 2176 2878 ἀνατολὴν
2223 2813 2315 2863 καὶ
2348 2815 2648 2865 ἐσκότωσεν
2685 2815 2844 2867 αὐτὸν
2896 2815 3154 2884 προδοσίᾳ
3183 2817 3290 2866 τῶν
3331 2815 3479 2868 ἰδίων

1912 2898 2098 2950 αὐτοῦ·
2127 2897 2276 2970 [HS]
2309 2905 2401 2954 καὶ
2428 2902 2516 2954 :60
2547 2904 2722 2955 Μαῖον
2749 2903 2841 2956 τοῦ
2869 2905 3032 2956 05:05
3063 2904 3215 2965 ἔτους
3246 2904 3480 2972 ἐχάλασε

1912 2989 2007 3038 καὶ
2034 2989 2062 3038 6
2087 2986 2444 3056 Τουραχάνης
2467 2991 2526 3043 :6
2563 2992 2874 3060 Ἐξαμίλιον
2915 2994 2994 3054 είς
3029 2995 3120 3045 :60
3146 2994 3363 3062 Μορέαν
3390 2993 3482 3046 καὶ

1719 3050 1810 3155 ξίν·
1833 3063 1880 3126 C
1912 3077 2138 3140 πολλοὺς
2165 3079 2272 3132 τῶν
2319 3081 2648 3134 Ἀλϐανιτῶν
2696 3084 2998 3136 ἐσκότωσεν
3022 3100 3035 3113 ·
3093 3087 3186 3138 καὶ
3237 3085 3297 3136 :6
3323 3087 3484 3155 θέρος

1909 3167 2000 3220 τοῦ
2028 3169 2194 3221 αὐτοῦ
2226 3170 2378 3234 ἔτους
2406 3172 2608 3240 ἔφυγεν
2637 3177 2664 3226 ὁ
2696 3175 3122 3239 αὐθεντόπουλος
3157 3178 3262 3246 κύρ
3291 3179 3483 3246 Δημή-

1908 3277 2058 3330 τριος
2085 3263 2223 3330 μετά
2260 3263 2569 3333 Ἰλαρίωνος
2600 3268 2824 3337 Ντώρια
2867 3271 2959 3322 καὶ
2991 3269 3227 3339 Γιούργη
3270 3269 3484 3323 Ἰσαοὺλ

1909 3354 2004 3405 καὶ
2037 3354 2295 3424 γαμϐροῦ
2339 3357 2503 3410 05:05
2554 3361 2647 3412 :05
2695 3361 2940 3431 Ντώρια,
2993 3362 3088 3414 καὶ
3133 3363 3372 3431 ἀπῆλθον
3401 3363 3482 3420 είς

1909 3442 2002 3495 :60
2047 3444 2296 3501 Γαλατᾶν
2328 3449 2414 3503 ἵνα
2453 3451 2736 3518 ὑπάγωσιν
2790 3457 2867 3516 εἱς
2918 3455 3044 3515 τοὺς
3102 3453 3400 3522 Τούρκους,
3432 3456 3483 3508 εί
3559 3473 3564 3478 ·

1909 3539 2003 3590 καὶ
2036 3539 2135 3591 οὐκ
2173 3541 2441 3610 ἀπῆλθον,
2477 3543 2594 3597 ἀλλ’
2638 3546 2719 3607 είς
2751 3546 2852 3615 τὴν
2887 3546 3228 3614 Οὐγγαρίαν.

2625 3637 2758 3690 υκό’.
2995 3688 3004 3697 ,

1981 3730 2091 3784 Καὶ
2116 3732 2182 3798 τῇ
2213 3728 2274 3782 ιε’
2319 3728 2412 3781 :05
2443 3728 2752 3797 Νοεμϐρίου
2803 3726 2896 3779 :05
2954 3728 3034 3796 λβ⁰
3083 3729 3238 3791 ἔτους
3266 3728 3419 3799 διέϐη
3449 3731 3478 3782 6

1912 3817 2164 3886 βασιλεὺς
2195 3819 2300 3886 κύρ
2345 3816 2596 3884 Ἰωάννης
2626 3822 2706 3875 είς
2730 3816 2829 3884 τὴν
2877 3817 3104 3869 Ἰταλίαν
3133 3819 3224 3871 καὶ
3259 3821 3480 3887 υύγγα-

1915 3911 2057 3978 ρίαν,
2086 3910 2317 3977 ποιήσας
2338 3908 2604 3974 δεσπότην
2627 3908 2718 3958 τὸν
2743 3907 2968 3974 ἀδελφὸν
2997 3909 3157 3962 αὐτοῦ
3181 3910 3272 3962 τὸν
3292 3912 3484 3965 αὐθεν-

1909 4002 2174 4056 τόπουλον
2205 4003 2310 4070 κύρ
2357 4001 2790 4065 Κωνσταντῖνον,
2819 4000 2913 4053 καὶ
2946 4001 3279 4070 καταλείψας
3310 4005 3477 4057 05:60

1911 4094 1990 4155 είς
2022 4091 2120 4161 τὴν
2147 4091 2301 4144 πόλιν
2332 4093 2448 4144 ἀντ’
2478 4090 2665 4143 αὐτοῦ⁸
2703 4094 2766 4160 τῇ
2800 4094 2854 4143 δὲ
2885 4093 2970 4159 κβ¹
2996 4094 3086 4144 :05
3110 4097 3476 4167 Φευρουαρίου

1915 4184 2083 4254 μηνὸς
2132 4181 2228 4236 :05
2276 4182 2444 4236 05:05
2510 4183 2667 4246 ἔτους
2735 4186 3076 4254 ἐποιήσαμεν
3127 4191 3478 4256 όρκωμοτικά

1910 4273 2131 4344 ἀγάπην
2162 4274 2301 4343 μετὰ
2328 4273 2423 4325 τοῦ
2468 4273 2685 4344 Ἀμηρᾶ
2709 4275 2802 4326 τοῦ
2829 4276 3114 4345 Μουράτη,
3150 4279 3483 4348 ἀποκρισια·

1916 4364 2044 4434 ρίων
2071 4363 2414 4417 ἀπελθόντων
2445 4366 2630 4417 Δουκᾶ
2663 4365 2756 4416 :05
2799 4365 3018 4434 Νοταρᾶ
3063 4368 3157 4419 τοῦ
3191 4370 3478 4435 γεγονότος

1915 4457 2140 4526 ὕστερον
2182 4458 2274 4509 καὶ
2307 4457 2546 4527 μεγάλου
2589 4457 2798 4521 δουκδς,
2833 4458 2923 4511 :05
2980 4460 3336 4530 Μελαχρηνοῦ
3362 4463 3480 4515 Μα-

1913 4548 2075 4616 νουὴλ
2099 4550 2194 4600 καὶ
2233 4548 2366 4615 ἐμοῦ
2393 4549 2460 4600 δι’
2505 4549 2686 4611 αἰτίας
2714 4550 2920 4612 ταύτας
2943 4567 2956 4579 '
2996 4553 3078 4603 ἔτι
3112 4555 3138 4604 6
3168 4553 3265 4620 μὲν
3299 4555 3479 4606 Μελα-

1912 4639 2112 4707 χρηνὸς
2146 4640 2496 4709 προατι-ἧλθεν
2521 4643 2600 4700 είς
2622 4641 2712 4692 :60
2751 4641 3018 4712 ’Λμηρὶν,
3056 4643 3145 4694 καὶ
3182 4645 3479 4712 ἐγνώρισεν

1911 4732 1994 4784 ὃτι
2028 4731 2167 4784 θέλει
2217 4733 2468 4799 γενέσθαι
2510 4735 2606 4802 τὴν
2658 4734 2901 4801 ἀγάπην·
2933 4737 2961 4786 6
3014 4735 3068 4786 δὲ
3106 4736 3356 4801 Νοταρᾶς
3390 4737 3478 4788 ἵνα

1911 4823 2106 4893 τελέσῃ
2137 4825 2300 4888 αὐτὸς
2327 4824 2509 4884 καλῶς
2550 4825 2693 4877 κατά
2735 4825 2794 4876 :6
2822 4825 3046 4877 δυνατὸν
3083 4825 3156 4886 ὡς
3205 4830 3479 4896 χρήσιμος

1912 4917 2006 4969 καί
2031 4916 2213 4978 καλός*
2237 4917 2344 4982 ἐγὼ
2365 4916 2420 4967 δὲ
2457 4916 2531 4978 ὡς
2567 4917 2674 4969 01:6
2709 4917 2809 4984 τὴν
2841 4917 3000 4984 ἁγίαν
3030 4919 3320 4972 δέσποιναν
3347 4937 3478 4987 συγ-

1914 5007 2099 5073 γενίδα
2127 5005 2286 5057 αὑτοῦ
2312 5005 2375 5068 δὴ
2400 5003 2492 5056 :05
2535 5005 2751 5074 ’Λμηρᾶ
2795 5006 2900 5056 ἀπὸ
2941 5005 3038 5074 τὴν
3083 5008 3325 5076 μητέραν
3359 5027 3480 5068 του,

1914 5098 2009 5151 καὶ
2047 5099 2149 5159 ὅτι,
2176 5099 2242 5150 ἂν
2269 5098 2454 5168 δεήσῃ,
2488 5099 2552 5151 νά
2579 5100 2775 5167 γράψω
2801 5099 2894 5150 καὶ
2930 5100 2995 5151 δι’
3029 5101 3265 5166 ὑφιλτὼν
3304 5102 3379 5164 εἴς
3419 5120 3478 5154 τε

1915 5189 2004 5242 :60
2033 5189 2188 5255 ἅγιον
2218 5188 2439 5256 βασιλέα
2469 5191 2564 5242 καὶ
2588 5193 2664 5251 εἰς
2687 5191 2776 5243 :60
2806 5191 2919 5243 υἱὸν
2946 5193 3110 5245 05:05
3143 5193 3229 5246 :60
3254 5194 3477 5263 βασιλέα

1914 5284 1993 5344 εἰς
2026 5282 2124 5353 τὴν
2157 5282 2473 5351 Οὐγγαρίαν
2502 5283 2912 5352 εὑρισκόμενον.

2624 5380 2756 5427 υκέ.

1985 5465 2032 5536 [1
2052 5463 2135 5536 19]
2169 5467 2280 5519 Καὶ
2309 5467 2388 5527 είς
2415 5464 2476 5518 τὸ
2503 5466 2654 5528 τέλος
2685 5465 2781 5519 τοῦ
2822 5467 3157 5536 Ὀκτωϐρίου
3189 5466 3354 5534 μηνδς
3380 5464 3472 5516 :05

1913 5557 1991 5627 λγ⁹
2021 5559 2171 5620 ἔτους
2207 5558 2512 5627 ἐπανῆλθεν
2553 5559 2642 5610 καὶ
2678 5559 2757 5621 είς
2791 5559 2889 5618 τὴν
2924 5559 3077 5611 πόλιν
3112 5558 3216 5609 ἀπὸ
3245 5555 3337 5607 τοῦ
3377 5553 3478 5620 μέ..

1919 5669 2042 5721 ρους
2079 5650 2172 5703 :05
2201 5652 2280 5713 είς
2312 5650 2403 5703 τὸν
2435 5647 2722 5702 Λανούϐιον
2753 5651 2994 5718 ποταμον
3034 5647 3255 5700 Κελλίου
3281 5646 3478 5711 ὀνομα-

277 5740 352 5794 εον
376 5745 749 5811 γραμματικὸν
794 5744 1057 5812 ’Δγγελον
1092 5747 1181 5796 :60
1215 5742 1586 5814 (ιιιλομμάτηψ
1615 5746 1707 5797 καὶ
1733 5746 1801 5815 τῇ
1910 5743 2136 5814 ζομένου
2169 5744 2195 5795 6
2230 5741 2481 5812 βασιλεὺς
2533 5742 2638 5808 κὺρ
2681 5739 2952 5808 Ἰωάννης,
2990 5737 3333 5794 ἀπελθόντων
3377 5750 3477 5788 κα-
