  <div class='ocr_page' id='page_1' title='image "/cluster/home/n/w/nwhite01/storage/ocr_20150623/156/mdp.39015078384719/555.png"; bbox 0 0 4022 6294; ppageno 0'>
   <div class='ocr_carea' id='block_1_1' title="bbox 544 288 673 354">
    <p class='ocr_par' dir='ltr' id='par_1_1' title="bbox 544 288 673 354">
     <span class='ocr_line' id='line_1_1' title="bbox 544 288 673 354; baseline -0.016 -1"><span class='ocrx_word' id='word_1_1' title='bbox 544 288 673 354; x_wconf 55' lang='grc' dir='ltr'><strong>1θῖ1</strong></span> 
     </span>
    </p>
   </div>
   <div class='ocr_carea' id='block_1_2' title="bbox 1752 284 2549 348">
    <p class='ocr_par' dir='ltr' id='par_1_2' title="bbox 1752 284 2549 348">
     <span class='ocr_line' id='line_1_2' title="bbox 1752 284 2549 348; baseline -0.005 -1"><span class='ocrx_word' id='word_1_2' title='bbox 1752 288 2075 348; x_wconf 81' lang='lat' dir='ltr'>GEORGII</span> <span class='ocrx_word' id='word_1_3' title='bbox 2114 284 2549 347; x_wconf 69' lang='grc' dir='ltr'>ΡΙΙΒΑΝΤΖᾹΞ</span> 
     </span>
    </p>
   </div>
   <div class='ocr_carea' id='block_1_3' title="bbox 3212 240 3305 266">
    <p class='ocr_par' dir='ltr' id='par_1_3' title="bbox 3212 240 3305 266">
     <span class='ocr_line' id='line_1_3' title="bbox 3212 240 3305 266; baseline 0 0"><span class='ocrx_word' id='word_1_4' title='bbox 3212 240 3305 266; x_wconf 54' lang='grc' dir='ltr'>νπ-</span> 
     </span>
    </p>
   </div>
   <div class='ocr_carea' id='block_1_4' title="bbox 3658 279 3788 344">
    <p class='ocr_par' dir='ltr' id='par_1_4' title="bbox 3658 279 3788 344">
     <span class='ocr_line' id='line_1_4' title="bbox 3658 279 3788 344; baseline -0.038 0"><span class='ocrx_word' id='word_1_5' title='bbox 3658 279 3788 344; x_wconf 77' lang='lat'><strong>1032</strong></span> 
     </span>
    </p>
   </div>
   <div class='ocr_carea' id='block_1_5' title="bbox 536 360 3788 472">
    <p class='ocr_par' dir='ltr' id='par_1_5' title="bbox 536 360 3788 472">
     <span class='ocr_line' id='line_1_5' title="bbox 536 360 3788 472; baseline -0.002 -18"><span class='ocrx_word' id='word_1_6' title='bbox 536 418 749 472; x_wconf 87' lang='grc' dir='ltr'>τεργων</span> <span class='ocrx_word' id='word_1_7' title='bbox 778 360 885 453; x_wconf 73' lang='lat'>0116</span> <span class='ocrx_word' id='word_1_8' title='bbox 916 402 1013 469; x_wconf 73' lang='grc' dir='ltr'>τῆς</span> <span class='ocrx_word' id='word_1_9' title='bbox 1044 398 1249 460; x_wconf 82' lang='grc' dir='ltr'>πόλεως</span> <span class='ocrx_word' id='word_1_10' title='bbox 1283 398 1483 451; x_wconf 78' lang='grc' dir='ltr'>ἐκεῖσε.</span> <span class='ocrx_word' id='word_1_11' title='bbox 1508 397 1843 467; x_wconf 77' lang='grc' dir='ltr'>Προέπεμψε</span> <span class='ocrx_word' id='word_1_12' title='bbox 1863 398 1970 466; x_wconf 78' lang='grc' dir='ltr'>γάρ</span> <span class='ocrx_word' id='word_1_13' title='bbox 1997 397 2103 449; x_wconf 74' lang='grc' dir='ltr'>ἀπὸ</span> <span class='ocrx_word' id='word_1_14' title='bbox 2135 408 2174 460; x_wconf 80' lang='grc' dir='ltr'><strong>Α</strong></span> <span class='ocrx_word' id='word_1_15' title='bbox 2279 398 2385 451; x_wconf 71' lang='grc' dir='ltr'>Καὶ</span> <span class='ocrx_word' id='word_1_16' title='bbox 2414 396 2490 466; x_wconf 85' lang='grc' dir='ltr'>τῷ</span> <span class='ocrx_word' id='word_1_17' title='bbox 2519 394 2650 467; x_wconf 87' lang='grc' dir='ltr'>(λς’)</span> <span class='ocrx_word' id='word_1_18' title='bbox 2676 395 2786 447; x_wconf 80' lang='grc' dir='ltr'><strong>ἔτει</strong></span> <span class='ocrx_word' id='word_1_19' title='bbox 2818 394 2948 464; x_wconf 75' lang='grc' dir='ltr'>μηνὶ</span> <span class='ocrx_word' id='word_1_20' title='bbox 2973 393 3287 465; x_wconf 77' lang='grc' dir='ltr'>Σεπτεόρίῳ</span> <span class='ocrx_word' id='word_1_21' title='bbox 3316 393 3595 463; x_wconf 77' lang='grc' dir='ltr'>εὐλογήθη</span> <span class='ocrx_word' id='word_1_22' title='bbox 3621 398 3788 465; x_wconf 71' lang='grc' dir='ltr'>αὐτὴν</span> 
     </span>
    </p>
   </div>
   <div class='ocr_carea' id='block_1_6' title="bbox 535 489 2103 561">
    <p class='ocr_par' dir='ltr' id='par_1_6' title="bbox 535 489 2103 561">
     <span class='ocr_line' id='line_1_6' title="bbox 535 489 2103 561; baseline -0.004 -16"><span class='ocrx_word' id='word_1_23' title='bbox 535 496 632 560; x_wconf 83' lang='grc' dir='ltr'>τὴν</span> <span class='ocrx_word' id='word_1_24' title='bbox 656 493 971 561; x_wconf 85' lang='grc' dir='ltr'>Οὐγγαρίαν</span> <span class='ocrx_word' id='word_1_25' title='bbox 995 492 1282 559; x_wconf 85' lang='grc' dir='ltr'>ἄνθρωπον</span> <span class='ocrx_word' id='word_1_26' title='bbox 1304 490 1676 556; x_wconf 76' lang='grc' dir='ltr'>ἀλλόγλωσσον</span> <span class='ocrx_word' id='word_1_27' title='bbox 1699 491 1790 541; x_wconf 70' lang='grc' dir='ltr'>καὶ</span> <span class='ocrx_word' id='word_1_28' title='bbox 1816 489 2103 555; x_wconf 80' lang='grc' dir='ltr'>ἁλλογενῆ,</span> 
     </span>
    </p>
   </div>
   <div class='ocr_carea' id='block_1_7' title="bbox 537 579 2102 651">
    <p class='ocr_par' dir='ltr' id='par_1_7' title="bbox 537 579 2102 651">
     <span class='ocr_line' id='line_1_7' title="bbox 537 579 2102 651; baseline -0.004 -14"><span class='ocrx_word' id='word_1_29' title='bbox 537 585 633 638; x_wconf 87' lang='grc' dir='ltr'>τοῦ</span> <span class='ocrx_word' id='word_1_30' title='bbox 665 585 836 637; x_wconf 80' lang='grc' dir='ltr'>ἐλθεῖν</span> <span class='ocrx_word' id='word_1_31' title='bbox 869 584 955 635; x_wconf 71' lang='grc' dir='ltr'>διὰ</span> <span class='ocrx_word' id='word_1_32' title='bbox 989 584 1085 651; x_wconf 84' lang='grc' dir='ltr'>τῆς</span> <span class='ocrx_word' id='word_1_33' title='bbox 1110 584 1335 651; x_wconf 82' lang='grc' dir='ltr'>στερεᾶς</span> <span class='ocrx_word' id='word_1_34' title='bbox 1362 581 1499 650; x_wconf 88' lang='grc' dir='ltr'>μετά</span> <span class='ocrx_word' id='word_1_35' title='bbox 1535 580 1820 631; x_wconf 80' lang='grc' dir='ltr'>πιττακίου</span> <span class='ocrx_word' id='word_1_36' title='bbox 1855 579 2102 646; x_wconf 84' lang='grc' dir='ltr'>ὑφιλτοῦ.</span> 
     </span>
    </p>
   </div>
   <div class='ocr_carea' id='block_1_8' title="bbox 538 672 2105 747">
    <p class='ocr_par' dir='ltr' id='par_1_8' title="bbox 538 672 2105 747">
     <span class='ocr_line' id='line_1_8' title="bbox 538 672 2105 747; baseline -0.005 -16"><span class='ocrx_word' id='word_1_37' title='bbox 538 680 708 747; x_wconf 75' lang='grc' dir='ltr'>οὗπερ</span> <span class='ocrx_word' id='word_1_38' title='bbox 738 678 987 738; x_wconf 80' lang='grc' dir='ltr'>ἐλθόντος</span> <span class='ocrx_word' id='word_1_39' title='bbox 1017 678 1200 744; x_wconf 77' lang='grc' dir='ltr'><strong>ἐζήτει</strong></span> <span class='ocrx_word' id='word_1_40' title='bbox 1233 676 1298 726; x_wconf 83' lang='grc' dir='ltr'>νά</span> <span class='ocrx_word' id='word_1_41' title='bbox 1332 674 1413 744; x_wconf 83' lang='grc' dir='ltr'>ίδῃ</span> <span class='ocrx_word' id='word_1_42' title='bbox 1455 674 1547 725; x_wconf 66' lang='grc' dir='ltr'>τὸν</span> <span class='ocrx_word' id='word_1_43' title='bbox 1587 672 1810 739; x_wconf 79' lang='grc' dir='ltr'>βασιλέα</span> <span class='ocrx_word' id='word_1_44' title='bbox 1863 673 1946 725; x_wconf 89' lang='lat'>611</span> <span class='ocrx_word' id='word_1_45' title='bbox 1990 672 2105 741; x_wconf 75' lang='grc' dir='ltr'>ἔχει</span> 
     </span>
    </p>
   </div>
   <div class='ocr_carea' id='block_1_9' title="bbox 536 764 2103 835">
    <p class='ocr_par' dir='ltr' id='par_1_9' title="bbox 536 764 2103 835">
     <span class='ocr_line' id='line_1_9' title="bbox 536 764 2103 835; baseline -0.004 -12"><span class='ocrx_word' id='word_1_46' title='bbox 536 790 590 823; x_wconf 89' lang='grc' dir='ltr'>τι</span> <span class='ocrx_word' id='word_1_47' title='bbox 625 770 730 822; x_wconf 87' lang='grc' dir='ltr'>τῶν</span> <span class='ocrx_word' id='word_1_48' title='bbox 764 767 1098 835; x_wconf 85' lang='grc' dir='ltr'>ἀναγκαίων.</span> <span class='ocrx_word' id='word_1_49' title='bbox 1138 766 1308 818; x_wconf 88' lang='grc' dir='ltr'>Τοῦτο</span> <span class='ocrx_word' id='word_1_50' title='bbox 1340 766 1455 827; x_wconf 89' lang='grc' dir='ltr'>πῶς</span> <span class='ocrx_word' id='word_1_51' title='bbox 1488 765 1647 834; x_wconf 73' lang='grc' dir='ltr'>ἤθελε</span> <span class='ocrx_word' id='word_1_52' title='bbox 1678 766 1862 832; x_wconf 78' lang='grc' dir='ltr'>γενῆν,</span> <span class='ocrx_word' id='word_1_53' title='bbox 1893 764 2103 833; x_wconf 84' lang='grc' dir='ltr'>ἄνθρω-</span> 
     </span>
    </p>
   </div>
   <div class='ocr_carea' id='block_1_10' title="bbox 537 855 2105 927">
    <p class='ocr_par' dir='ltr' id='par_1_10' title="bbox 537 855 2105 927">
     <span class='ocr_line' id='line_1_10' title="bbox 537 855 2105 927; baseline -0.006 -13"><span class='ocrx_word' id='word_1_54' title='bbox 537 879 636 925; x_wconf 88' lang='grc' dir='ltr'>πος</span> <span class='ocrx_word' id='word_1_55' title='bbox 678 860 920 921; x_wconf 75' lang='grc' dir='ltr'>τοιοῦτος</span> <span class='ocrx_word' id='word_1_56' title='bbox 970 861 1034 911; x_wconf 85' lang='grc' dir='ltr'>νά</span> <span class='ocrx_word' id='word_1_57' title='bbox 1082 858 1167 927; x_wconf 80' lang='grc' dir='ltr'>ἴδῃ</span> <span class='ocrx_word' id='word_1_58' title='bbox 1215 856 1439 925; x_wconf 81' lang='grc' dir='ltr'>βασιλέα</span> <span class='ocrx_word' id='word_1_59' title='bbox 1482 855 1727 923; x_wconf 83' lang='grc' dir='ltr'>ἀσθενῆ;</span> <span class='ocrx_word' id='word_1_60' title='bbox 1764 856 2105 917; x_wconf 82' lang='grc' dir='ltr'>Κατάκοιτος</span> 
     </span>
    </p>
   </div>
   <div class='ocr_carea' id='block_1_11' title="bbox 535 946 2105 1020">
    <p class='ocr_par' dir='ltr' id='par_1_11' title="bbox 535 946 2105 1020">
     <span class='ocr_line' id='line_1_11' title="bbox 535 946 2105 1020; baseline -0.003 -18"><span class='ocrx_word' id='word_1_61' title='bbox 535 955 644 1019; x_wconf 71' lang='grc' dir='ltr'>γὰρ</span> <span class='ocrx_word' id='word_1_62' title='bbox 678 946 743 1020; x_wconf 81' lang='grc' dir='ltr'>ἦν</span> <span class='ocrx_word' id='word_1_63' title='bbox 766 967 777 978; x_wconf 90' lang='grc'><strong>·</strong></span> <span class='ocrx_word' id='word_1_64' title='bbox 816 953 906 1001; x_wconf 72' lang='grc' dir='ltr'>καὶ</span> <span class='ocrx_word' id='word_1_65' title='bbox 943 950 1102 1019; x_wconf 91' lang='grc' dir='ltr'>μόνος</span> <span class='ocrx_word' id='word_1_66' title='bbox 1147 948 1282 1016; x_wconf 79' lang='lat'>1:96;</span> <span class='ocrx_word' id='word_1_67' title='bbox 1320 949 1498 1011; x_wconf 83' lang='grc' dir='ltr'>μόνον.</span> <span class='ocrx_word' id='word_1_68' title='bbox 1552 947 1767 999; x_wconf 79' lang='grc' dir='ltr'>Πολλῶν</span> <span class='ocrx_word' id='word_1_69' title='bbox 1795 946 1887 999; x_wconf 85' lang='grc' dir='ltr'>οῦν</span> <span class='ocrx_word' id='word_1_70' title='bbox 1931 947 2105 1013; x_wconf 88' lang='grc' dir='ltr'>λόγων</span> 
     </span>
    </p>
   </div>
   <div class='ocr_carea' id='block_1_12' title="bbox 533 1038 2105 1109">
    <p class='ocr_par' dir='ltr' id='par_1_12' title="bbox 533 1038 2105 1109">
     <span class='ocr_line' id='line_1_12' title="bbox 533 1038 2105 1109; baseline -0.003 -17"><span class='ocrx_word' id='word_1_71' title='bbox 533 1042 979 1109; x_wconf 74' lang='grc' dir='ltr'>δαπανηθέντων,</span> <span class='ocrx_word' id='word_1_72' title='bbox 1007 1040 1156 1102; x_wconf 83' lang='grc' dir='ltr'>τέλος</span> <span class='ocrx_word' id='word_1_73' title='bbox 1189 1040 1491 1105; x_wconf 70' lang='grc' dir='ltr'>ἐστάλησαν</span> <span class='ocrx_word' id='word_1_74' title='bbox 1526 1040 1661 1108; x_wconf 72' lang='grc' dir='ltr'>πρός</span> <span class='ocrx_word' id='word_1_75' title='bbox 1694 1040 1784 1088; x_wconf 76' lang='grc' dir='ltr'>τὸν</span> <span class='ocrx_word' id='word_1_76' title='bbox 1819 1038 2105 1104; x_wconf 85' lang='grc' dir='ltr'>ἄνθρωπον</span> 
     </span>
    </p>
   </div>
   <div class='ocr_carea' id='block_1_13' title="bbox 534 1125 2105 1200">
    <p class='ocr_par' dir='ltr' id='par_1_13' title="bbox 534 1125 2105 1200">
     <span class='ocr_line' id='line_1_13' title="bbox 534 1125 2105 1200; baseline -0.002 -17"><span class='ocrx_word' id='word_1_77' title='bbox 534 1134 627 1184; x_wconf 84' lang='grc' dir='ltr'>δύο</span> <span class='ocrx_word' id='word_1_78' title='bbox 672 1134 779 1183; x_wconf 86' lang='grc' dir='ltr'>τῶν</span> <span class='ocrx_word' id='word_1_79' title='bbox 831 1133 1152 1184; x_wconf 76' lang='grc' dir='ltr'>Κελλιωτῶν</span> <span class='ocrx_word' id='word_1_80' title='bbox 1182 1134 1275 1183; x_wconf 66' lang='grc' dir='ltr'>καὶ</span> <span class='ocrx_word' id='word_1_81' title='bbox 1320 1133 1633 1200; x_wconf 76' lang='grc' dir='ltr'>συντρόφων</span> <span class='ocrx_word' id='word_1_82' title='bbox 1670 1148 1792 1198; x_wconf 86' lang='grc' dir='ltr'>μου,</span> <span class='ocrx_word' id='word_1_83' title='bbox 1821 1130 1916 1182; x_wconf 79' lang='grc' dir='ltr'>καὶ</span> <span class='ocrx_word' id='word_1_84' title='bbox 1953 1125 2105 1180; x_wconf 84' lang='grc' dir='ltr'>εἷπον</span> 
     </span>
    </p>
   </div>
   <div class='ocr_carea' id='block_1_14' title="bbox 534 1220 2105 1294">
    <p class='ocr_par' dir='ltr' id='par_1_14' title="bbox 534 1220 2105 1294">
     <span class='ocr_line' id='line_1_14' title="bbox 534 1220 2105 1294; baseline -0.003 -18"><span class='ocrx_word' id='word_1_85' title='bbox 534 1226 610 1294; x_wconf 84' lang='grc' dir='ltr'>τῷ</span> <span class='ocrx_word' id='word_1_86' title='bbox 642 1224 912 1293; x_wconf 75' lang='grc' dir='ltr'>ἀνθρώπῳ</span> <span class='ocrx_word' id='word_1_87' title='bbox 933 1241 945 1254; x_wconf 83' lang='grc'><strong>”</strong></span> <span class='ocrx_word' id='word_1_88' title='bbox 984 1225 1051 1276; x_wconf 84' lang='grc' dir='ltr'><em>Ἢ</em></span> <span class='ocrx_word' id='word_1_89' title='bbox 1086 1223 1159 1290; x_wconf 80' lang='grc' dir='ltr'>τῷ</span> <span class='ocrx_word' id='word_1_90' title='bbox 1193 1223 1420 1289; x_wconf 77' lang='grc' dir='ltr'>παρόντι</span> <span class='ocrx_word' id='word_1_91' title='bbox 1454 1222 1573 1274; x_wconf 85' lang='grc' dir='ltr'>είπὲ</span> <span class='ocrx_word' id='word_1_92' title='bbox 1605 1222 1664 1272; x_wconf 82' lang='lat'>16</span> <span class='ocrx_word' id='word_1_93' title='bbox 1699 1221 1849 1272; x_wconf 87' lang='grc' dir='ltr'>θέλον</span> <span class='ocrx_word' id='word_1_94' title='bbox 1874 1220 2105 1286; x_wconf 80' lang='grc' dir='ltr'>(δείξαν-</span> 
     </span>
    </p>
   </div>
   <div class='ocr_carea' id='block_1_15' title="bbox 538 1310 2105 1381">
    <p class='ocr_par' dir='ltr' id='par_1_15' title="bbox 538 1310 2105 1381">
     <span class='ocr_line' id='line_1_15' title="bbox 538 1310 2105 1381; baseline -0.005 -14"><span class='ocrx_word' id='word_1_95' title='bbox 538 1334 629 1377; x_wconf 87' lang='grc' dir='ltr'>τες</span> <span class='ocrx_word' id='word_1_96' title='bbox 666 1316 806 1381; x_wconf 83' lang='grc' dir='ltr'>ἐμὲ),</span> <span class='ocrx_word' id='word_1_97' title='bbox 834 1315 864 1378; x_wconf 85' lang='grc' dir='ltr'><strong>ἢ</strong></span> <span class='ocrx_word' id='word_1_98' title='bbox 900 1314 1098 1365; x_wconf 76' lang='grc' dir='ltr'>ἄπελθε</span> <span class='ocrx_word' id='word_1_99' title='bbox 1126 1312 1250 1364; x_wconf 71' lang='grc' dir='ltr'>ἔνθα</span> <span class='ocrx_word' id='word_1_100' title='bbox 1284 1312 1478 1373; x_wconf 79' lang='grc' dir='ltr'>θέλεις.</span> <span class='ocrx_word' id='word_1_101' title='bbox 1507 1312 1637 1364; x_wconf 84' lang='grc' dir='ltr'>Τότε</span> <span class='ocrx_word' id='word_1_102' title='bbox 1670 1310 2006 1377; x_wconf 77' lang='grc' dir='ltr'>παραλαῦών</span> <span class='ocrx_word' id='word_1_103' title='bbox 2038 1325 2105 1377; x_wconf 92' lang='grc' dir='ltr'>με</span> 
     </span>
    </p>
   </div>
   <div class='ocr_carea' id='block_1_16' title="bbox 545 1402 2107 1475">
    <p class='ocr_par' dir='ltr' id='par_1_16' title="bbox 545 1402 2107 1475">
     <span class='ocr_line' id='line_1_16' title="bbox 545 1402 2107 1475; baseline -0.005 -14"><span class='ocrx_word' id='word_1_104' title='bbox 545 1409 687 1469; x_wconf 55' lang='grc' dir='ltr'>ἰῗίως</span> <span class='ocrx_word' id='word_1_105' title='bbox 733 1408 929 1459; x_wconf 80' lang='grc' dir='ltr'>δέδωκέ</span> <span class='ocrx_word' id='word_1_106' title='bbox 986 1423 1077 1473; x_wconf 85' lang='grc' dir='ltr'>μοι</span> <span class='ocrx_word' id='word_1_107' title='bbox 1124 1404 1313 1475; x_wconf 84' lang='grc' dir='ltr'>χαρτίν</span> <span class='ocrx_word' id='word_1_108' title='bbox 1360 1423 1410 1455; x_wconf 92' lang='grc' dir='ltr'>τι</span> <span class='ocrx_word' id='word_1_109' title='bbox 1462 1405 1702 1471; x_wconf 59' lang='grc' dir='ltr'>ὑριλτίιν,</span> <span class='ocrx_word' id='word_1_110' title='bbox 1742 1407 1833 1454; x_wconf 65' lang='grc' dir='ltr'>καὶ</span> <span class='ocrx_word' id='word_1_111' title='bbox 1870 1402 2107 1467; x_wconf 77' lang='grc' dir='ltr'>ἐδήλωσέ</span> 
     </span>
    </p>
   </div>
   <div class='ocr_carea' id='block_1_17' title="bbox 544 1494 2106 1567">
    <p class='ocr_par' dir='ltr' id='par_1_17' title="bbox 544 1494 2106 1567">
     <span class='ocr_line' id='line_1_17' title="bbox 544 1494 2106 1567; baseline -0.004 -17"><span class='ocrx_word' id='word_1_112' title='bbox 544 1516 634 1567; x_wconf 88' lang='grc' dir='ltr'>μοι</span> <span class='ocrx_word' id='word_1_113' title='bbox 684 1501 776 1551; x_wconf 79' lang='grc' dir='ltr'>καὶ</span> <span class='ocrx_word' id='word_1_114' title='bbox 821 1500 939 1551; x_wconf 71' lang='grc' dir='ltr'>ὅθεν</span> <span class='ocrx_word' id='word_1_115' title='bbox 990 1500 1083 1550; x_wconf 75' lang='grc' dir='ltr'>καὶ</span> <span class='ocrx_word' id='word_1_116' title='bbox 1118 1500 1276 1551; x_wconf 75' lang='grc' dir='ltr'>ὁπότε</span> <span class='ocrx_word' id='word_1_117' title='bbox 1315 1498 1556 1564; x_wconf 70' lang='grc' dir='ltr'>ἐξῆλθεν,</span> <span class='ocrx_word' id='word_1_118' title='bbox 1604 1498 1688 1556; x_wconf 86' lang='grc' dir='ltr'>Ὠς</span> <span class='ocrx_word' id='word_1_119' title='bbox 1730 1495 1785 1547; x_wconf 82' lang='lat'>66</span> <span class='ocrx_word' id='word_1_120' title='bbox 1819 1494 2106 1562; x_wconf 75' lang='grc' dir='ltr'>διώρθωσα</span> 
     </span>
    </p>
   </div>
   <div class='ocr_carea' id='block_1_18' title="bbox 534 1584 2105 1656">
    <p class='ocr_par' dir='ltr' id='par_1_18' title="bbox 534 1584 2105 1656">
     <span class='ocr_line' id='line_1_18' title="bbox 534 1584 2105 1656; baseline 0.012 -16"><span class='ocrx_word' id='word_1_121' title='bbox 534 1592 594 1640; x_wconf 83' lang='lat'>16</span> <span class='ocrx_word' id='word_1_122' title='bbox 627 1590 850 1656; x_wconf 70' lang='grc' dir='ltr'>ύφιλτὶν</span> <span class='ocrx_word' id='word_1_123' title='bbox 890 1589 979 1639; x_wconf 73' lang='grc' dir='ltr'>καὶ</span> <span class='ocrx_word' id='word_1_124' title='bbox 1009 1588 1249 1655; x_wconf 73' lang='grc' dir='ltr'>ἀπῆλθον</span> <span class='ocrx_word' id='word_1_125' title='bbox 1285 1589 1595 1653; x_wconf 81' lang='grc' dir='ltr'>ἀναγνῶναι</span> <span class='ocrx_word' id='word_1_126' title='bbox 1629 1584 1808 1650; x_wconf 64' lang='grc' dir='ltr'>τοῦτο.</span> <span class='ocrx_word' id='word_1_127' title='bbox 1838 1585 2105 1651; x_wconf 69' lang='grc' dir='ltr'>ἀνέφερον</span> 
     </span>
    </p>
   </div>
   <div class='ocr_carea' id='block_1_19' title="bbox 535 1678 2104 1753">
    <p class='ocr_par' dir='ltr' id='par_1_19' title="bbox 535 1678 2104 1753">
     <span class='ocr_line' id='line_1_19' title="bbox 535 1678 2104 1753; baseline -0.003 -19"><span class='ocrx_word' id='word_1_128' title='bbox 535 1686 617 1736; x_wconf 83' lang='grc' dir='ltr'>ὅτι</span> <span class='ocrx_word' id='word_1_129' title='bbox 666 1684 812 1753; x_wconf 72' lang='grc' dir='ltr'>ζητῶ</span> <span class='ocrx_word' id='word_1_130' title='bbox 862 1681 1215 1752; x_wconf 84' lang='grc' dir='ltr'>εὐεργεσίαν·</span> <span class='ocrx_word' id='word_1_131' title='bbox 1251 1679 1403 1751; x_wconf 56' lang='grc' dir='ltr'>μου]</span> <span class='ocrx_word' id='word_1_132' title='bbox 1447 1683 1569 1733; x_wconf 76' lang='grc' dir='ltr'>ἐπεὶ</span> <span class='ocrx_word' id='word_1_133' title='bbox 1617 1681 1873 1749; x_wconf 81' lang='grc' dir='ltr'>χαρίεντα</span> <span class='ocrx_word' id='word_1_134' title='bbox 1919 1678 2104 1746; x_wconf 77' lang='grc' dir='ltr'><strong>μέλλει</strong></span> 
     </span>
    </p>
   </div>
   <div class='ocr_carea' id='block_1_20' title="bbox 537 1769 3533 1841">
    <p class='ocr_par' dir='ltr' id='par_1_20' title="bbox 537 1769 3533 1841">
     <span class='ocr_line' id='line_1_20' title="bbox 537 1769 3533 1841; baseline 0 -16"><span class='ocrx_word' id='word_1_135' title='bbox 537 1777 833 1841; x_wconf 72' lang='grc' dir='ltr'>ἀναφέρειν</span> <span class='ocrx_word' id='word_1_136' title='bbox 864 1778 1042 1825; x_wconf 78' lang='grc' dir='ltr'>ἐκεῖσε</span> <span class='ocrx_word' id='word_1_137' title='bbox 1080 1775 1175 1841; x_wconf 77' lang='grc' dir='ltr'>τῆς</span> <span class='ocrx_word' id='word_1_138' title='bbox 1212 1774 1371 1840; x_wconf 64' lang='grc' dir='ltr'>άγίας</span> <span class='ocrx_word' id='word_1_139' title='bbox 1401 1774 1689 1840; x_wconf 81' lang='grc' dir='ltr'>δεσποίνης</span> <span class='ocrx_word' id='word_1_140' title='bbox 1729 1769 2098 1838; x_wconf 67' lang='grc' dir='ltr'>καθεζομένης</span> <span class='ocrx_word' id='word_1_141' title='bbox 2131 1772 2169 1825; x_wconf 84' lang='grc' dir='ltr'><strong>Β</strong></span> <span class='ocrx_word' id='word_1_142' title='bbox 2204 1769 2532 1821; x_wconf 65' lang='grc' dir='ltr'><strong>διατίθενται</strong></span> <span class='ocrx_word' id='word_1_143' title='bbox 2561 1771 2611 1821; x_wconf 82' lang='grc' dir='ltr'>οἱ</span> <span class='ocrx_word' id='word_1_144' title='bbox 2645 1769 2903 1838; x_wconf 80' lang='grc' dir='ltr'>βασιλεῖς,</span> <span class='ocrx_word' id='word_1_145' title='bbox 2937 1770 3069 1823; x_wconf 87' lang='grc' dir='ltr'>ἀλλά</span> <span class='ocrx_word' id='word_1_146' title='bbox 3100 1773 3533 1841; x_wconf 73' lang='grc' dir='ltr'>προστάττουσιν</span> 
     </span>
    </p>
   </div>
   <div class='ocr_carea' id='block_1_21' title="bbox 536 1861 2103 1933">
    <p class='ocr_par' dir='ltr' id='par_1_21' title="bbox 536 1861 2103 1933">
     <span class='ocr_line' id='line_1_21' title="bbox 536 1861 2103 1933; baseline -0.004 -16"><span class='ocrx_word' id='word_1_147' title='bbox 536 1869 631 1918; x_wconf 64' lang='lat'>110}.</span> <span class='ocrx_word' id='word_1_148' title='bbox 664 1867 762 1933; x_wconf 75' lang='grc' dir='ltr'>τῆς</span> <span class='ocrx_word' id='word_1_149' title='bbox 795 1865 1010 1931; x_wconf 72' lang='grc' dir='ltr'>νύμφης</span> <span class='ocrx_word' id='word_1_150' title='bbox 1050 1865 1219 1931; x_wconf 80' lang='grc' dir='ltr'>αὐτῆς</span> <span class='ocrx_word' id='word_1_151' title='bbox 1267 1864 1361 1915; x_wconf 85' lang='grc' dir='ltr'>τοῦ</span> <span class='ocrx_word' id='word_1_152' title='bbox 1412 1864 1673 1915; x_wconf 80' lang='grc' dir='ltr'>δεσπότου</span> <span class='ocrx_word' id='word_1_153' title='bbox 1711 1861 1989 1923; x_wconf 84' lang='grc' dir='ltr'>λιπόντεος</span> <span class='ocrx_word' id='word_1_154' title='bbox 2022 1861 2103 1922; x_wconf 83' lang='grc' dir='ltr'>εἰς</span> 
     </span>
    </p>
   </div>
   <div class='ocr_carea' id='block_1_22' title="bbox 534 1949 2104 2025">
    <p class='ocr_par' dir='ltr' id='par_1_22' title="bbox 534 1949 2104 2025">
     <span class='ocr_line' id='line_1_22' title="bbox 534 1949 2104 2025; baseline -0.004 -17"><span class='ocrx_word' id='word_1_155' title='bbox 534 1958 595 2009; x_wconf 81' lang='lat'>16</span> <span class='ocrx_word' id='word_1_156' title='bbox 652 1958 949 2025; x_wconf 73' lang='grc' dir='ltr'>κυνήγιον·</span> <span class='ocrx_word' id='word_1_157' title='bbox 1004 1957 1097 2007; x_wconf 72' lang='grc' dir='ltr'>καὶ</span> <span class='ocrx_word' id='word_1_158' title='bbox 1155 1954 1423 2020; x_wconf 75' lang='grc' dir='ltr'>ἀναγνοὺς</span> <span class='ocrx_word' id='word_1_159' title='bbox 1478 1955 1568 2005; x_wconf 79' lang='grc' dir='ltr'>τὸν</span> <span class='ocrx_word' id='word_1_160' title='bbox 1615 1953 1826 2021; x_wconf 79' lang='grc' dir='ltr'>χάρτην</span> <span class='ocrx_word' id='word_1_161' title='bbox 1878 1952 1960 2003; x_wconf 80' lang='grc' dir='ltr'>ὅτι</span> <span class='ocrx_word' id='word_1_162' title='bbox 2009 1949 2104 2002; x_wconf 77' lang='grc' dir='ltr'>καὶ</span> 
     </span>
    </p>
   </div>
   <div class='ocr_carea' id='block_1_23' title="bbox 536 2042 2104 2114">
    <p class='ocr_par' dir='ltr' id='par_1_23' title="bbox 536 2042 2104 2114">
     <span class='ocr_line' id='line_1_23' title="bbox 536 2042 2104 2114; baseline -0.003 -17"><span class='ocrx_word' id='word_1_163' title='bbox 536 2045 769 2113; x_wconf 81' lang='grc' dir='ltr'>ὑγιαίνει</span> <span class='ocrx_word' id='word_1_164' title='bbox 814 2046 904 2098; x_wconf 74' lang='grc' dir='ltr'>καὶ</span> <span class='ocrx_word' id='word_1_165' title='bbox 948 2045 1249 2114; x_wconf 77' lang='grc' dir='ltr'>ἀπέρχεται</span> <span class='ocrx_word' id='word_1_166' title='bbox 1282 2044 1459 2106; x_wconf 84' lang='grc' dir='ltr'>καλῶς</span> <span class='ocrx_word' id='word_1_167' title='bbox 1504 2043 1598 2095; x_wconf 80' lang='grc' dir='ltr'>καὶ</span> <span class='ocrx_word' id='word_1_168' title='bbox 1628 2045 1708 2104; x_wconf 86' lang='grc' dir='ltr'>είς</span> <span class='ocrx_word' id='word_1_169' title='bbox 1750 2044 1813 2093; x_wconf 77' lang='grc' dir='ltr'>τά</span> <span class='ocrx_word' id='word_1_170' title='bbox 1849 2043 1977 2107; x_wconf 70' lang='grc' dir='ltr'>περὶ</span> <span class='ocrx_word' id='word_1_171' title='bbox 2008 2042 2104 2109; x_wconf 84' lang='grc' dir='ltr'>τὴν</span> 
     </span>
    </p>
   </div>
   <div class='ocr_carea' id='block_1_24' title="bbox 540 2116 2103 2207">
    <p class='ocr_par' dir='ltr' id='par_1_24' title="bbox 540 2116 2103 2207">
     <span class='ocr_line' id='line_1_24' title="bbox 540 2116 2103 2207; baseline -0.003 -18"><span class='ocrx_word' id='word_1_172' title='bbox 540 2137 781 2205; x_wconf 75' lang='grc' dir='ltr'>μεγάλην</span> <span class='ocrx_word' id='word_1_173' title='bbox 826 2137 1081 2207; x_wconf 77' lang='grc' dir='ltr'>Βλαχὲαν,</span> <span class='ocrx_word' id='word_1_174' title='bbox 1112 2139 1205 2190; x_wconf 70' lang='grc' dir='ltr'>καὶ</span> <span class='ocrx_word' id='word_1_175' title='bbox 1250 2136 1314 2189; x_wconf 74' lang='lat' dir='ltr'>v51</span> <span class='ocrx_word' id='word_1_176' title='bbox 1350 2116 1657 2188; x_wconf 69' lang='grc' dir='ltr'>ἀπέλθωσιν</span> <span class='ocrx_word' id='word_1_177' title='bbox 1694 2138 1772 2196; x_wconf 76' lang='grc' dir='ltr'>εἰς</span> <span class='ocrx_word' id='word_1_178' title='bbox 1804 2134 1865 2186; x_wconf 83' lang='grc' dir='ltr'>τὸ</span> <span class='ocrx_word' id='word_1_179' title='bbox 1907 2134 2103 2186; x_wconf 68' lang='grc' dir='ltr'>Κελλὶν</span> 
     </span>
    </p>
   </div>
   <div class='ocr_carea' id='block_1_25' title="bbox 535 2226 2103 2297">
    <p class='ocr_par' dir='ltr' id='par_1_25' title="bbox 535 2226 2103 2297">
     <span class='ocr_line' id='line_1_25' title="bbox 535 2226 2103 2297; baseline -0.003 -17"><span class='ocrx_word' id='word_1_180' title='bbox 535 2228 938 2297; x_wconf 76' lang='grc' dir='ltr'>ὀνομαζόμενον</span> <span class='ocrx_word' id='word_1_181' title='bbox 986 2229 1222 2296; x_wconf 85' lang='grc' dir='ltr'>λιμιῶνα</span> <span class='ocrx_word' id='word_1_182' title='bbox 1283 2228 1526 2296; x_wconf 87' lang='grc' dir='ltr'>κάτεργα</span> <span class='ocrx_word' id='word_1_183' title='bbox 1581 2226 1667 2279; x_wconf 81' lang='grc' dir='ltr'>ἶνα</span> <span class='ocrx_word' id='word_1_184' title='bbox 1716 2226 1964 2295; x_wconf 83' lang='grc' dir='ltr'>ἐπάρωσι</span> <span class='ocrx_word' id='word_1_185' title='bbox 2009 2226 2103 2277; x_wconf 71' lang='grc' dir='ltr'>καὶ</span> 
     </span>
    </p>
   </div>
   <div class='ocr_carea' id='block_1_26' title="bbox 536 2312 2104 2390">
    <p class='ocr_par' dir='ltr' id='par_1_26' title="bbox 536 2312 2104 2390">
     <span class='ocr_line' id='line_1_26' title="bbox 536 2312 2104 2390; baseline -0.003 -17"><span class='ocrx_word' id='word_1_186' title='bbox 536 2322 776 2389; x_wconf 73' lang='grc' dir='ltr'>φέρωσιν</span> <span class='ocrx_word' id='word_1_187' title='bbox 805 2322 990 2381; x_wconf 66' lang='grc' dir='ltr'>αὐτὸν,</span> <span class='ocrx_word' id='word_1_188' title='bbox 1018 2322 1295 2390; x_wconf 83' lang='grc' dir='ltr'>ἐχάρησαν</span> <span class='ocrx_word' id='word_1_189' title='bbox 1332 2322 1582 2389; x_wconf 83' lang='grc' dir='ltr'>μεγάλως</span> <span class='ocrx_word' id='word_1_190' title='bbox 1620 2320 1712 2371; x_wconf 78' lang='grc' dir='ltr'>καὶ</span> <span class='ocrx_word' id='word_1_191' title='bbox 1744 2318 1881 2387; x_wconf 87' lang='grc' dir='ltr'>μετά</span> <span class='ocrx_word' id='word_1_192' title='bbox 1911 2312 2104 2386; x_wconf 76' lang='grc' dir='ltr'>μικρὸν</span> 
     </span>
    </p>
   </div>
   <div class='ocr_carea' id='block_1_27' title="bbox 534 2409 2102 2482">
    <p class='ocr_par' dir='ltr' id='par_1_27' title="bbox 534 2409 2102 2482">
     <span class='ocr_line' id='line_1_27' title="bbox 534 2409 2102 2482; baseline -0.003 -17"><span class='ocrx_word' id='word_1_193' title='bbox 534 2415 709 2481; x_wconf 76' lang='grc' dir='ltr'>ὁρίζει</span> <span class='ocrx_word' id='word_1_194' title='bbox 741 2416 767 2466; x_wconf 97' lang='lat'>6</span> <span class='ocrx_word' id='word_1_195' title='bbox 803 2416 954 2481; x_wconf 68' lang='grc' dir='ltr'>ἀγιοξ</span> <span class='ocrx_word' id='word_1_196' title='bbox 993 2413 1244 2482; x_wconf 80' lang='grc' dir='ltr'>βασιλεὺς</span> <span class='ocrx_word' id='word_1_197' title='bbox 1296 2414 1431 2481; x_wconf 71' lang='grc' dir='ltr'>πρὸς</span> <span class='ocrx_word' id='word_1_198' title='bbox 1481 2413 1572 2463; x_wconf 69' lang='grc' dir='ltr'>τόν</span> <span class='ocrx_word' id='word_1_199' title='bbox 1622 2411 1880 2480; x_wconf 82' lang='grc' dir='ltr'>ρουχάριν</span> <span class='ocrx_word' id='word_1_200' title='bbox 1913 2409 2102 2475; x_wconf 82' lang='grc' dir='ltr'>αὐτοῦ,</span> 
     </span>
    </p>
   </div>
   <div class='ocr_carea' id='block_1_28' title="bbox 537 2503 2102 2573">
    <p class='ocr_par' dir='ltr' id='par_1_28' title="bbox 537 2503 2102 2573">
     <span class='ocr_line' id='line_1_28' title="bbox 537 2503 2102 2573; baseline -0.003 -15"><span class='ocrx_word' id='word_1_201' title='bbox 537 2508 634 2568; x_wconf 66' lang='grc' dir='ltr'>Δὶις</span> <span class='ocrx_word' id='word_1_202' title='bbox 671 2508 806 2572; x_wconf 65' lang='grc' dir='ltr'>πρὸς</span> <span class='ocrx_word' id='word_1_203' title='bbox 854 2507 944 2557; x_wconf 80' lang='grc' dir='ltr'>τὸν</span> <span class='ocrx_word' id='word_1_204' title='bbox 978 2506 1229 2573; x_wconf 80' lang='grc' dir='ltr'>Φραντζῆ</span> <span class='ocrx_word' id='word_1_205' title='bbox 1263 2506 1322 2556; x_wconf 89' lang='lat'>16</span> <span class='ocrx_word' id='word_1_206' title='bbox 1354 2506 1569 2567; x_wconf 75' lang='grc' dir='ltr'>καεάδι,</span> <span class='ocrx_word' id='word_1_207' title='bbox 1617 2507 1706 2556; x_wconf 82' lang='grc' dir='ltr'>τὸν</span> <span class='ocrx_word' id='word_1_208' title='bbox 1755 2503 1971 2571; x_wconf 70' lang='grc' dir='ltr'>μολιὸὸν</span> <span class='ocrx_word' id='word_1_209' title='bbox 2002 2520 2102 2571; x_wconf 82' lang='grc' dir='ltr'>χα-</span> 
     </span>
    </p>
   </div>
   <div class='ocr_carea' id='block_1_29' title="bbox 539 2594 2103 2665">
    <p class='ocr_par' dir='ltr' id='par_1_29' title="bbox 539 2594 2103 2665">
     <span class='ocr_line' id='line_1_29' title="bbox 539 2594 2103 2665; baseline -0.002 -18"><span class='ocrx_word' id='word_1_210' title='bbox 539 2600 768 2665; x_wconf 80' lang='grc' dir='ltr'>μουχᾶν,</span> <span class='ocrx_word' id='word_1_211' title='bbox 811 2596 902 2647; x_wconf 70' lang='grc' dir='ltr'>τόν</span> <span class='ocrx_word' id='word_1_212' title='bbox 954 2596 1093 2663; x_wconf 87' lang='grc' dir='ltr'>μετά</span> <span class='ocrx_word' id='word_1_213' title='bbox 1156 2595 1531 2663; x_wconf 83' lang='grc' dir='ltr'>βαρεοκοιλίας</span> <span class='ocrx_word' id='word_1_214' title='bbox 1578 2594 1948 2662; x_wconf 78' lang='grc' dir='ltr'>ἐνδεδυμένον,</span> <span class='ocrx_word' id='word_1_215' title='bbox 2008 2595 2103 2645; x_wconf 81' lang='grc' dir='ltr'>καὶ</span> 
     </span>
    </p>
   </div>
   <div class='ocr_carea' id='block_1_30' title="bbox 536 2680 2102 2756">
    <p class='ocr_par' dir='ltr' id='par_1_30' title="bbox 536 2680 2102 2756">
     <span class='ocr_line' id='line_1_30' title="bbox 536 2680 2102 2756; baseline -0.002 -16"><span class='ocrx_word' id='word_1_216' title='bbox 536 2690 728 2756; x_wconf 80' lang='grc' dir='ltr'>ἀμέλει</span> <span class='ocrx_word' id='word_1_217' title='bbox 761 2688 854 2739; x_wconf 80' lang='grc' dir='ltr'>καὶ</span> <span class='ocrx_word' id='word_1_218' title='bbox 885 2688 943 2738; x_wconf 81' lang='lat'>16</span> <span class='ocrx_word' id='word_1_219' title='bbox 978 2689 1255 2738; x_wconf 74' lang='grc' dir='ltr'>σεντούκιν</span> <span class='ocrx_word' id='word_1_220' title='bbox 1284 2689 1417 2755; x_wconf 71' lang='grc' dir='ltr'>ὅπερ</span> <span class='ocrx_word' id='word_1_221' title='bbox 1445 2704 1535 2753; x_wconf 90' lang='grc' dir='ltr'>μοι</span> <span class='ocrx_word' id='word_1_222' title='bbox 1573 2686 1841 2754; x_wconf 80' lang='grc' dir='ltr'>ἐζήτησεν</span> <span class='ocrx_word' id='word_1_223' title='bbox 1864 2703 1875 2714; x_wconf 88' lang='grc'><strong>·</strong></span> <span class='ocrx_word' id='word_1_224' title='bbox 1905 2680 1972 2754; x_wconf 79' lang='grc' dir='ltr'>ἦν</span> <span class='ocrx_word' id='word_1_225' title='bbox 1996 2685 2102 2753; x_wconf 84' lang='grc' dir='ltr'>γὰρ</span> 
     </span>
    </p>
   </div>
   <div class='ocr_carea' id='block_1_31' title="bbox 534 2776 2100 2848">
    <p class='ocr_par' dir='ltr' id='par_1_31' title="bbox 534 2776 2100 2848">
     <span class='ocr_line' id='line_1_31' title="bbox 534 2776 2100 2848; baseline -0.004 -16"><span class='ocrx_word' id='word_1_226' title='bbox 534 2782 743 2841; x_wconf 71' lang='grc' dir='ltr'>εἰςτὰς</span> <span class='ocrx_word' id='word_1_227' title='bbox 778 2779 963 2848; x_wconf 80' lang='grc' dir='ltr'>χεῖράς</span> <span class='ocrx_word' id='word_1_228' title='bbox 1013 2796 1115 2847; x_wconf 90' lang='grc' dir='ltr'>μου</span> <span class='ocrx_word' id='word_1_229' title='bbox 1168 2778 1446 2829; x_wconf 88' lang='grc' dir='ltr'>σεντούκιν</span> <span class='ocrx_word' id='word_1_230' title='bbox 1488 2776 1772 2829; x_wconf 88' lang='grc' dir='ltr'>κάλλιστον</span> <span class='ocrx_word' id='word_1_231' title='bbox 1808 2776 1899 2827; x_wconf 84' lang='grc' dir='ltr'>καὶ</span> <span class='ocrx_word' id='word_1_232' title='bbox 1939 2776 2100 2841; x_wconf 73' lang='grc' dir='ltr'>μέγα,</span> 
     </span>
    </p>
   </div>
   <div class='ocr_carea' id='block_1_32' title="bbox 535 2868 2102 2939">
    <p class='ocr_par' dir='ltr' id='par_1_32' title="bbox 535 2868 2102 2939">
     <span class='ocr_line' id='line_1_32' title="bbox 535 2868 2102 2939; baseline -0.002 -18"><span class='ocrx_word' id='word_1_233' title='bbox 535 2873 658 2939; x_wconf 79' lang='grc' dir='ltr'>ἕχον</span> <span class='ocrx_word' id='word_1_234' title='bbox 692 2871 861 2922; x_wconf 69' lang='grc' dir='ltr'>πολλὰ</span> <span class='ocrx_word' id='word_1_235' title='bbox 897 2870 991 2921; x_wconf 70' lang='grc' dir='ltr'>καὶ</span> <span class='ocrx_word' id='word_1_236' title='bbox 1025 2870 1168 2922; x_wconf 77' lang='grc' dir='ltr'>γαλά</span> <span class='ocrx_word' id='word_1_237' title='bbox 1196 2870 1309 2937; x_wconf 71' lang='grc' dir='ltr'>εἴδη</span> <span class='ocrx_word' id='word_1_238' title='bbox 1333 2886 1344 2897; x_wconf 85' lang='grc'><strong>·</strong></span> <span class='ocrx_word' id='word_1_239' title='bbox 1368 2868 1512 2937; x_wconf 79' lang='grc' dir='ltr'>άπερ</span> <span class='ocrx_word' id='word_1_240' title='bbox 1552 2868 1871 2937; x_wconf 78' lang='grc' dir='ltr'>διεδόθησαν</span> <span class='ocrx_word' id='word_1_241' title='bbox 1900 2868 1969 2919; x_wconf 83' lang='grc' dir='ltr'>τά</span> <span class='ocrx_word' id='word_1_242' title='bbox 2003 2869 2102 2936; x_wconf 86' lang='grc' dir='ltr'>μὲν</span> 
     </span>
    </p>
   </div>
   <div class='ocr_carea' id='block_1_33' title="bbox 536 2958 2099 3026">
    <p class='ocr_par' dir='ltr' id='par_1_33' title="bbox 536 2958 2099 3026">
     <span class='ocr_line' id='line_1_33' title="bbox 536 2958 2099 3026; baseline -0.003 -13"><span class='ocrx_word' id='word_1_243' title='bbox 536 2966 647 3021; x_wconf 83' lang='grc' dir='ltr'>τοῖς</span> <span class='ocrx_word' id='word_1_244' title='bbox 682 2964 815 3023; x_wconf 86' lang='grc' dir='ltr'>υἱοῖς</span> <span class='ocrx_word' id='word_1_245' title='bbox 870 2959 1057 3021; x_wconf 84' lang='grc' dir='ltr'>αὐτοῦ,</span> <span class='ocrx_word' id='word_1_246' title='bbox 1090 2960 1155 3011; x_wconf 81' lang='grc' dir='ltr'>τὰ</span> <span class='ocrx_word' id='word_1_247' title='bbox 1189 2959 1243 3011; x_wconf 76' lang='grc' dir='ltr'>δὲ</span> <span class='ocrx_word' id='word_1_248' title='bbox 1296 2960 1435 3026; x_wconf 67' lang='grc' dir='ltr'>ὐπἐρ</span> <span class='ocrx_word' id='word_1_249' title='bbox 1468 2959 1564 3026; x_wconf 85' lang='grc' dir='ltr'>τῆς</span> <span class='ocrx_word' id='word_1_250' title='bbox 1596 2959 1755 3025; x_wconf 80' lang='grc' dir='ltr'><strong>ἁγίας</strong></span> <span class='ocrx_word' id='word_1_251' title='bbox 1787 2958 1965 3026; x_wconf 79' lang='grc' dir='ltr'>ψυχῆς</span> <span class='ocrx_word' id='word_1_252' title='bbox 1997 2958 2099 3009; x_wconf 81' lang='lat'>06-</span> 
     </span>
    </p>
   </div>
   <div class='ocr_carea' id='block_1_34' title="bbox 2209 487 3791 560">
    <p class='ocr_par' dir='ltr' id='par_1_34' title="bbox 2209 487 3791 560">
     <span class='ocr_line' id='line_1_34' title="bbox 2209 487 3791 560; baseline -0.003 -18"><span class='ocrx_word' id='word_1_253' title='bbox 2209 494 2235 542; x_wconf 89' lang='lat'>6</span> <span class='ocrx_word' id='word_1_254' title='bbox 2271 491 2524 560; x_wconf 79' lang='grc' dir='ltr'>βασιλεὺς</span> <span class='ocrx_word' id='word_1_255' title='bbox 2572 489 2678 556; x_wconf 79' lang='lat'>1169</span> <span class='ocrx_word' id='word_1_256' title='bbox 2733 488 2990 555; x_wconf 80' lang='grc' dir='ltr'>Ἰωάννης</span> <span class='ocrx_word' id='word_1_257' title='bbox 3019 503 3033 518; x_wconf 75' lang='grc' dir='ltr'>ο</span> <span class='ocrx_word' id='word_1_258' title='bbox 3067 488 3159 539; x_wconf 79' lang='grc' dir='ltr'>καὶ</span> <span class='ocrx_word' id='word_1_259' title='bbox 3200 487 3275 556; x_wconf 80' lang='grc' dir='ltr'>τῷ</span> <span class='ocrx_word' id='word_1_260' title='bbox 3325 488 3475 557; x_wconf 84' lang='grc' dir='ltr'>αὐτῷ</span> <span class='ocrx_word' id='word_1_261' title='bbox 3506 488 3625 540; x_wconf 79' lang='grc' dir='ltr'>ἔτει</span> <span class='ocrx_word' id='word_1_262' title='bbox 3662 492 3791 556; x_wconf 77' lang='grc' dir='ltr'>μηή</span> 
     </span>
    </p>
   </div>
   <div class='ocr_carea' id='block_1_35' title="bbox 2209 577 3790 650">
    <p class='ocr_par' dir='ltr' id='par_1_35' title="bbox 2209 577 3790 650">
     <span class='ocr_line' id='line_1_35' title="bbox 2209 577 3790 650; baseline -0.001 -17"><span class='ocrx_word' id='word_1_263' title='bbox 2209 581 2497 650; x_wconf 79' lang='grc' dir='ltr'>Νοεμϐρίῳ</span> <span class='ocrx_word' id='word_1_264' title='bbox 2550 578 2778 648; x_wconf 79' lang='grc' dir='ltr'>ἐξῆλθεν</span> <span class='ocrx_word' id='word_1_265' title='bbox 2830 578 2992 636; x_wconf 75' lang='grc' dir='ltr'>αὐτὸς</span> <span class='ocrx_word' id='word_1_266' title='bbox 3053 578 3117 645; x_wconf 82' lang='grc' dir='ltr'>δὴ</span> <span class='ocrx_word' id='word_1_267' title='bbox 3153 580 3179 630; x_wconf 89' lang='lat'>6</span> <span class='ocrx_word' id='word_1_268' title='bbox 3216 577 3473 647; x_wconf 76' lang='grc' dir='ltr'>βασιλεὺς</span> <span class='ocrx_word' id='word_1_269' title='bbox 3526 580 3638 632; x_wconf 79' lang='grc' dir='ltr'>ἀπὸ</span> <span class='ocrx_word' id='word_1_270' title='bbox 3695 583 3790 647; x_wconf 75' lang='grc' dir='ltr'>τῆς</span> 
     </span>
    </p>
   </div>
   <div class='ocr_carea' id='block_1_36' title="bbox 2208 667 3789 739">
    <p class='ocr_par' dir='ltr' id='par_1_36' title="bbox 2208 667 3789 739">
     <span class='ocr_line' id='line_1_36' title="bbox 2208 667 3789 739; baseline -0.003 -14"><span class='ocrx_word' id='word_1_271' title='bbox 2208 673 2417 733; x_wconf 77' lang='grc' dir='ltr'>πόλεως</span> <span class='ocrx_word' id='word_1_272' title='bbox 2452 670 2546 723; x_wconf 73' lang='grc' dir='ltr'>καὶ</span> <span class='ocrx_word' id='word_1_273' title='bbox 2575 668 2819 737; x_wconf 76' lang='grc' dir='ltr'>ἀπῆλθεν</span> <span class='ocrx_word' id='word_1_274' title='bbox 2852 670 2931 729; x_wconf 85' lang='grc' dir='ltr'>είς</span> <span class='ocrx_word' id='word_1_275' title='bbox 2964 669 3059 720; x_wconf 68' lang='grc' dir='ltr'>τὸν</span> <span class='ocrx_word' id='word_1_276' title='bbox 3086 670 3308 737; x_wconf 79' lang='grc' dir='ltr'>Μορέαν</span> <span class='ocrx_word' id='word_1_277' title='bbox 3344 671 3411 739; x_wconf 79' lang='grc' dir='ltr'>τῇ</span> <span class='ocrx_word' id='word_1_278' title='bbox 3453 667 3551 733; x_wconf 82' lang='grc' dir='ltr'>κς·’</span> <span class='ocrx_word' id='word_1_279' title='bbox 3577 672 3789 736; x_wconf 80' lang='grc' dir='ltr'>Δεκεμ-</span> 
     </span>
    </p>
   </div>
   <div class='ocr_carea' id='block_1_37' title="bbox 2210 757 3789 831">
    <p class='ocr_par' dir='ltr' id='par_1_37' title="bbox 2210 757 3789 831">
     <span class='ocr_line' id='line_1_37' title="bbox 2210 757 3789 831; baseline -0.001 -18"><span class='ocrx_word' id='word_1_280' title='bbox 2210 762 2361 831; x_wconf 70' lang='grc' dir='ltr'>ϐρίου</span> <span class='ocrx_word' id='word_1_281' title='bbox 2401 760 2540 829; x_wconf 87' lang='grc' dir='ltr'>μετὰ</span> <span class='ocrx_word' id='word_1_282' title='bbox 2587 760 2680 812; x_wconf 74' lang='grc' dir='ltr'>καὶ</span> <span class='ocrx_word' id='word_1_283' title='bbox 2733 758 2826 812; x_wconf 90' lang='grc' dir='ltr'>τοῦ</span> <span class='ocrx_word' id='word_1_284' title='bbox 2876 759 3109 825; x_wconf 82' lang='grc' dir='ltr'>ἀδελφοῦ</span> <span class='ocrx_word' id='word_1_285' title='bbox 3164 757 3329 811; x_wconf 82' lang='grc' dir='ltr'>αὐτοῦ</span> <span class='ocrx_word' id='word_1_286' title='bbox 3372 761 3467 811; x_wconf 79' lang='grc' dir='ltr'>τοῦ</span> <span class='ocrx_word' id='word_1_287' title='bbox 3514 760 3789 811; x_wconf 78' lang='grc' dir='ltr'>δεσπότου</span> 
     </span>
    </p>
   </div>
   <div class='ocr_carea' id='block_1_38' title="bbox 2210 844 3792 922">
    <p class='ocr_par' dir='ltr' id='par_1_38' title="bbox 2210 844 3792 922">
     <span class='ocr_line' id='line_1_38' title="bbox 2210 844 3792 922; baseline -0.001 -17"><span class='ocrx_word' id='word_1_288' title='bbox 2210 854 2313 922; x_wconf 80' lang='lat'>1169</span> <span class='ocrx_word' id='word_1_289' title='bbox 2368 844 2778 906; x_wconf 79' lang='grc' dir='ltr'>Κωνσταντίνοῦ</span> <span class='ocrx_word' id='word_1_290' title='bbox 2824 852 2911 904; x_wconf 83' lang='grc' dir='ltr'>διὰ</span> <span class='ocrx_word' id='word_1_291' title='bbox 2954 851 3015 903; x_wconf 89' lang='lat'>16</span> <span class='ocrx_word' id='word_1_292' title='bbox 3063 851 3345 920; x_wconf 84' lang='grc' dir='ltr'>βούλεσθαι</span> <span class='ocrx_word' id='word_1_293' title='bbox 3396 852 3666 919; x_wconf 87' lang='grc' dir='ltr'>γενέσθαι</span> <span class='ocrx_word' id='word_1_294' title='bbox 3705 855 3792 904; x_wconf 74' lang='grc' dir='ltr'>τὸν</span> 
     </span>
    </p>
   </div>
   <div class='ocr_carea' id='block_1_39' title="bbox 2208 942 3792 1011">
    <p class='ocr_par' dir='ltr' id='par_1_39' title="bbox 2208 942 3792 1011">
     <span class='ocr_line' id='line_1_39' title="bbox 2208 942 3792 1011; baseline -0.001 -15"><span class='ocrx_word' id='word_1_295' title='bbox 2208 943 2439 1009; x_wconf 71' lang='grc' dir='ltr'>ἀδελφὸν</span> <span class='ocrx_word' id='word_1_296' title='bbox 2469 942 2647 994; x_wconf 84' lang='grc' dir='ltr'>αὐτῶν</span> <span class='ocrx_word' id='word_1_297' title='bbox 2679 944 2772 995; x_wconf 83' lang='lat' dir='ltr'>16v</span> <span class='ocrx_word' id='word_1_298' title='bbox 2802 943 3072 1011; x_wconf 81' lang='grc' dir='ltr'>δεσπότην</span> <span class='ocrx_word' id='word_1_299' title='bbox 3108 944 3212 1011; x_wconf 80' lang='grc' dir='ltr'>κύρ</span> <span class='ocrx_word' id='word_1_300' title='bbox 3240 942 3523 1011; x_wconf 79' lang='grc' dir='ltr'>θεόδωρον</span> <span class='ocrx_word' id='word_1_301' title='bbox 3559 944 3792 1008; x_wconf 80' lang='grc' dir='ltr'>καλόγε·</span> 
     </span>
    </p>
   </div>
   <div class='ocr_carea' id='block_1_40' title="bbox 2211 1035 3791 1106">
    <p class='ocr_par' dir='ltr' id='par_1_40' title="bbox 2211 1035 3791 1106">
     <span class='ocr_line' id='line_1_40' title="bbox 2211 1035 3791 1106; baseline 0 -20"><span class='ocrx_word' id='word_1_302' title='bbox 2211 1052 2322 1103; x_wconf 89' lang='grc' dir='ltr'>ρον,</span> <span class='ocrx_word' id='word_1_303' title='bbox 2350 1035 2444 1086; x_wconf 70' lang='grc' dir='ltr'>καὶ</span> <span class='ocrx_word' id='word_1_304' title='bbox 2470 1036 2498 1086; x_wconf 91' lang='lat'>6</span> <span class='ocrx_word' id='word_1_305' title='bbox 2535 1036 2641 1104; x_wconf 78' lang='lat'>1169</span> <span class='ocrx_word' id='word_1_306' title='bbox 2694 1037 3111 1095; x_wconf 83' lang='grc' dir='ltr'>Κωνσταντῖνος</span> <span class='ocrx_word' id='word_1_307' title='bbox 3146 1037 3482 1106; x_wconf 84' lang='grc' dir='ltr'>ἐναπομείνῃ</span> <span class='ocrx_word' id='word_1_308' title='bbox 3516 1036 3791 1103; x_wconf 75' lang='grc' dir='ltr'>αὐθέντης</span> 
     </span>
    </p>
   </div>
   <div class='ocr_carea' id='block_1_41' title="bbox 2207 1126 3788 1195">
    <p class='ocr_par' dir='ltr' id='par_1_41' title="bbox 2207 1126 3788 1195">
     <span class='ocr_line' id='line_1_41' title="bbox 2207 1126 3788 1195; baseline 0 -17"><span class='ocrx_word' id='word_1_309' title='bbox 2207 1127 2300 1178; x_wconf 86' lang='grc' dir='ltr'>τοῦ</span> <span class='ocrx_word' id='word_1_310' title='bbox 2349 1126 2586 1195; x_wconf 78' lang='grc' dir='ltr'>Μορὲου,</span> <span class='ocrx_word' id='word_1_311' title='bbox 2627 1126 2674 1176; x_wconf 83' lang='grc' dir='ltr'>εί</span> <span class='ocrx_word' id='word_1_312' title='bbox 2724 1126 2819 1179; x_wconf 70' lang='grc' dir='ltr'>καὶ</span> <span class='ocrx_word' id='word_1_313' title='bbox 2856 1126 3202 1195; x_wconf 79' lang='grc' dir='ltr'>μετεμελήθη</span> <span class='ocrx_word' id='word_1_314' title='bbox 3246 1127 3339 1178; x_wconf 72' lang='grc' dir='ltr'>καὶ</span> <span class='ocrx_word' id='word_1_315' title='bbox 3374 1128 3476 1179; x_wconf 79' lang='grc' dir='ltr'>οὐκ</span> <span class='ocrx_word' id='word_1_316' title='bbox 3521 1130 3788 1192; x_wconf 76' lang='grc' dir='ltr'>ἐγένετο·</span> 
     </span>
    </p>
   </div>
   <div class='ocr_carea' id='block_1_42' title="bbox 2213 1212 3791 1289">
    <p class='ocr_par' dir='ltr' id='par_1_42' title="bbox 2213 1212 3791 1289">
     <span class='ocr_line' id='line_1_42' title="bbox 2213 1212 3791 1289; baseline 0.001 -19"><span class='ocrx_word' id='word_1_317' title='bbox 2213 1218 2330 1288; x_wconf 82' lang='grc' dir='ltr'>μεθ’</span> <span class='ocrx_word' id='word_1_318' title='bbox 2356 1212 2429 1271; x_wconf 85' lang='grc' dir='ltr'><strong>ὧν</strong></span> <span class='ocrx_word' id='word_1_319' title='bbox 2459 1217 2614 1289; x_wconf 81' lang='grc' dir='ltr'>[γὰρ]</span> <span class='ocrx_word' id='word_1_320' title='bbox 2664 1220 2774 1286; x_wconf 83' lang='grc' dir='ltr'>ἐγὼ</span> <span class='ocrx_word' id='word_1_321' title='bbox 2806 1219 2948 1287; x_wconf 81' lang='grc' dir='ltr'>ἀρχῇ</span> <span class='ocrx_word' id='word_1_322' title='bbox 2997 1220 3077 1281; x_wconf 89' lang='grc' dir='ltr'>είς</span> <span class='ocrx_word' id='word_1_323' title='bbox 3110 1220 3201 1270; x_wconf 72' lang='grc' dir='ltr'>τὸν</span> <span class='ocrx_word' id='word_1_324' title='bbox 3234 1220 3456 1289; x_wconf 79' lang='grc' dir='ltr'>Μορέαν</span> <span class='ocrx_word' id='word_1_325' title='bbox 3484 1217 3683 1289; x_wconf 84' lang='grc' dir='ltr'>ἦλθον,</span> <span class='ocrx_word' id='word_1_326' title='bbox 3715 1224 3791 1281; x_wconf 83' lang='grc' dir='ltr'>είς</span> 
     </span>
    </p>
   </div>
   <div class='ocr_carea' id='block_1_43' title="bbox 2209 1310 3790 1382">
    <p class='ocr_par' dir='ltr' id='par_1_43' title="bbox 2209 1310 3790 1382">
     <span class='ocr_line' id='line_1_43' title="bbox 2209 1310 3790 1382; baseline 0.002 -20"><span class='ocrx_word' id='word_1_327' title='bbox 2209 1311 2304 1379; x_wconf 73' lang='grc' dir='ltr'>τὴν</span> <span class='ocrx_word' id='word_1_328' title='bbox 2340 1311 2432 1362; x_wconf 84' lang='grc' dir='ltr'>τοῦ</span> <span class='ocrx_word' id='word_1_329' title='bbox 2467 1310 2733 1379; x_wconf 86' lang='grc' dir='ltr'>βασιλέως</span> <span class='ocrx_word' id='word_1_330' title='bbox 2784 1327 2885 1377; x_wconf 89' lang='grc' dir='ltr'>μου</span> <span class='ocrx_word' id='word_1_331' title='bbox 2937 1310 3265 1378; x_wconf 81' lang='grc' dir='ltr'>δουλοσύνην</span> <span class='ocrx_word' id='word_1_332' title='bbox 3296 1312 3589 1382; x_wconf 77' lang='grc' dir='ltr'>ὑπάρχων,</span> <span class='ocrx_word' id='word_1_333' title='bbox 3621 1314 3706 1374; x_wconf 87' lang='grc' dir='ltr'>είς</span> <span class='ocrx_word' id='word_1_334' title='bbox 3738 1313 3790 1365; x_wconf 74' lang='lat'>66</span> 
     </span>
    </p>
   </div>
   <div class='ocr_carea' id='block_1_44' title="bbox 2208 1403 3787 1473">
    <p class='ocr_par' dir='ltr' id='par_1_44' title="bbox 2208 1403 3787 1473">
     <span class='ocr_line' id='line_1_44' title="bbox 2208 1403 3787 1473; baseline 0 -19"><span class='ocrx_word' id='word_1_335' title='bbox 2208 1405 2306 1473; x_wconf 77' lang='grc' dir='ltr'>τὴν</span> <span class='ocrx_word' id='word_1_336' title='bbox 2334 1404 2426 1455; x_wconf 80' lang='grc' dir='ltr'>τοῦ</span> <span class='ocrx_word' id='word_1_337' title='bbox 2467 1404 2729 1456; x_wconf 82' lang='grc' dir='ltr'>δεσπότου</span> <span class='ocrx_word' id='word_1_338' title='bbox 2766 1406 2871 1473; x_wconf 85' lang='grc' dir='ltr'>κὺρ</span> <span class='ocrx_word' id='word_1_339' title='bbox 2905 1403 3313 1458; x_wconf 80' lang='grc' dir='ltr'>Κωνστσντίνου</span> <span class='ocrx_word' id='word_1_340' title='bbox 3361 1406 3701 1458; x_wconf 75' lang='grc' dir='ltr'>ἀποϐλέπων</span> <span class='ocrx_word' id='word_1_341' title='bbox 3737 1409 3787 1472; x_wconf 66' lang='grc' dir='ltr'>ἐξ</span> 
     </span>
    </p>
   </div>
   <div class='ocr_carea' id='block_1_45' title="bbox 2209 1495 3791 1566">
    <p class='ocr_par' dir='ltr' id='par_1_45' title="bbox 2209 1495 3791 1566">
     <span class='ocr_line' id='line_1_45' title="bbox 2209 1495 3791 1566; baseline 0.003 -19"><span class='ocrx_word' id='word_1_342' title='bbox 2209 1496 2385 1556; x_wconf 86' lang='grc' dir='ltr'>αἰτίας</span> <span class='ocrx_word' id='word_1_343' title='bbox 2421 1495 2712 1565; x_wconf 70' lang='grc' dir='ltr'>τοιαύτης⁸</span> <span class='ocrx_word' id='word_1_344' title='bbox 2744 1496 2838 1547; x_wconf 89' lang='grc' dir='ltr'>τοῦ</span> <span class='ocrx_word' id='word_1_345' title='bbox 2889 1501 2997 1566; x_wconf 83' lang='grc' dir='ltr'>γάρ</span> <span class='ocrx_word' id='word_1_346' title='bbox 3048 1498 3292 1564; x_wconf 84' lang='grc' dir='ltr'>ἀοιδίμου</span> <span class='ocrx_word' id='word_1_347' title='bbox 3345 1500 3437 1549; x_wconf 73' lang='grc' dir='ltr'>καὶ</span> <span class='ocrx_word' id='word_1_348' title='bbox 3471 1500 3791 1566; x_wconf 68' lang='grc' dir='ltr'>μακαρίτου</span> 
     </span>
    </p>
   </div>
   <div class='ocr_carea' id='block_1_46' title="bbox 2212 1586 3791 1658">
    <p class='ocr_par' dir='ltr' id='par_1_46' title="bbox 2212 1586 3791 1658">
     <span class='ocr_line' id='line_1_46' title="bbox 2212 1586 3791 1658; baseline 0.003 -21"><span class='ocrx_word' id='word_1_349' title='bbox 2212 1586 2416 1654; x_wconf 69' lang='grc' dir='ltr'>πατρὸς</span> <span class='ocrx_word' id='word_1_350' title='bbox 2452 1587 2632 1638; x_wconf 76' lang='grc' dir='ltr'>αὐτῶν</span> <span class='ocrx_word' id='word_1_351' title='bbox 2678 1588 2990 1653; x_wconf 73' lang='grc' dir='ltr'>ἐγγίζοντος</span> <span class='ocrx_word' id='word_1_352' title='bbox 3021 1590 3154 1657; x_wconf 82' lang='grc' dir='ltr'>πρὸς</span> <span class='ocrx_word' id='word_1_353' title='bbox 3194 1590 3254 1641; x_wconf 84' lang='lat'>16</span> <span class='ocrx_word' id='word_1_354' title='bbox 3285 1589 3583 1657; x_wconf 71' lang='grc' dir='ltr'>ἀποθανεῖν</span> <span class='ocrx_word' id='word_1_355' title='bbox 3612 1589 3791 1658; x_wconf 83' lang='grc' dir='ltr'>ὥρισέ</span> 
     </span>
    </p>
   </div>
   <div class='ocr_carea' id='block_1_47' title="bbox 2214 1678 3791 1749">
    <p class='ocr_par' dir='ltr' id='par_1_47' title="bbox 2214 1678 3791 1749">
     <span class='ocr_line' id='line_1_47' title="bbox 2214 1678 3791 1749; baseline 0.002 -20"><span class='ocrx_word' id='word_1_356' title='bbox 2214 1696 2301 1745; x_wconf 87' lang='grc' dir='ltr'>μοι</span> <span class='ocrx_word' id='word_1_357' title='bbox 2338 1679 2428 1728; x_wconf 65' lang='grc' dir='ltr'>καλ</span> <span class='ocrx_word' id='word_1_358' title='bbox 2462 1678 2676 1747; x_wconf 74' lang='grc' dir='ltr'>ἔγραψα</span> <span class='ocrx_word' id='word_1_359' title='bbox 2707 1678 2872 1742; x_wconf 82' lang='grc' dir='ltr'>ίδίως,</span> <span class='ocrx_word' id='word_1_360' title='bbox 2899 1678 3017 1747; x_wconf 73' lang='grc' dir='ltr'>οὐχὶ</span> <span class='ocrx_word' id='word_1_361' title='bbox 3048 1680 3312 1748; x_wconf 71' lang='grc' dir='ltr'>διαθήκην</span> <span class='ocrx_word' id='word_1_362' title='bbox 3344 1680 3511 1733; x_wconf 81' lang='grc' dir='ltr'>αὐτοῦ</span> <span class='ocrx_word' id='word_1_363' title='bbox 3539 1698 3553 1708; x_wconf 70' lang='grc'><strong><em>⁸</em></strong></span> <span class='ocrx_word' id='word_1_364' title='bbox 3576 1681 3642 1731; x_wconf 86' lang='grc' dir='ltr'>οὐ</span> <span class='ocrx_word' id='word_1_365' title='bbox 3681 1683 3791 1749; x_wconf 63' lang='grc' dir='ltr'>γὰρ</span> 
     </span>
    </p>
   </div>
   <div class='ocr_carea' id='block_1_48' title="bbox 3563 1775 3791 1827">
    <p class='ocr_par' dir='ltr' id='par_1_48' title="bbox 3563 1775 3791 1827">
     <span class='ocr_line' id='line_1_48' title="bbox 3563 1775 3791 1827; baseline 0 0"><span class='ocrx_word' id='word_1_366' title='bbox 3563 1789 3579 1803; x_wconf 77' lang='grc'>⁸</span> <span class='ocrx_word' id='word_1_367' title='bbox 3606 1776 3699 1827; x_wconf 81' lang='grc' dir='ltr'>ὅτι</span> <span class='ocrx_word' id='word_1_368' title='bbox 3726 1775 3791 1827; x_wconf 54' lang='lat' dir='ltr'>vi</span> 
     </span>
    </p>
   </div>
   <div class='ocr_carea' id='block_1_49' title="bbox 2206 1856 3790 1930">
    <p class='ocr_par' dir='ltr' id='par_1_49' title="bbox 2206 1856 3790 1930">
     <span class='ocr_line' id='line_1_49' title="bbox 2206 1856 3790 1930; baseline 0.006 -19"><span class='ocrx_word' id='word_1_369' title='bbox 2206 1860 2302 1930; x_wconf 81' lang='grc' dir='ltr'>ἔχῃ</span> <span class='ocrx_word' id='word_1_370' title='bbox 2340 1856 2416 1922; x_wconf 78' lang='grc' dir='ltr'>είς</span> <span class='ocrx_word' id='word_1_371' title='bbox 2445 1861 2678 1923; x_wconf 71' lang='grc' dir='ltr'>ἕκαστος</span> <span class='ocrx_word' id='word_1_372' title='bbox 2710 1863 2772 1915; x_wconf 90' lang='lat'>16</span> <span class='ocrx_word' id='word_1_373' title='bbox 2800 1866 2895 1916; x_wconf 74' lang='grc' dir='ltr'>καὶ</span> <span class='ocrx_word' id='word_1_374' title='bbox 2925 1864 3003 1928; x_wconf 85' lang='lat'>16,</span> <span class='ocrx_word' id='word_1_375' title='bbox 3048 1866 3076 1916; x_wconf 97' lang='lat'>6</span> <span class='ocrx_word' id='word_1_376' title='bbox 3106 1865 3162 1917; x_wconf 90' lang='lat'>66</span> <span class='ocrx_word' id='word_1_377' title='bbox 3194 1866 3314 1918; x_wconf 86' lang='grc' dir='ltr'>τόδε</span> <span class='ocrx_word' id='word_1_378' title='bbox 3350 1866 3459 1919; x_wconf 73' lang='grc' dir='ltr'>ἀπὸ</span> <span class='ocrx_word' id='word_1_379' title='bbox 3486 1869 3602 1920; x_wconf 86' lang='grc' dir='ltr'>τῶν</span> <span class='ocrx_word' id='word_1_380' title='bbox 3638 1870 3790 1922; x_wconf 79' lang='grc' dir='ltr'>ίδίων</span> 
     </span>
    </p>
   </div>
   <div class='ocr_carea' id='block_1_50' title="bbox 2208 1954 3789 2027">
    <p class='ocr_par' dir='ltr' id='par_1_50' title="bbox 2208 1954 3789 2027">
     <span class='ocr_line' id='line_1_50' title="bbox 2208 1954 3789 2027; baseline 0.003 -21"><span class='ocrx_word' id='word_1_381' title='bbox 2208 1954 2373 2006; x_wconf 72' lang='grc' dir='ltr'>αὐτοῦ</span> <span class='ocrx_word' id='word_1_382' title='bbox 2404 1954 2702 2021; x_wconf 80' lang='grc' dir='ltr'>ἀξιολόγων</span> <span class='ocrx_word' id='word_1_383' title='bbox 2732 1956 2887 2007; x_wconf 89' lang='grc' dir='ltr'>είδῶν</span> <span class='ocrx_word' id='word_1_384' title='bbox 2911 1972 2923 1984; x_wconf 89' lang='grc'>·</span> <span class='ocrx_word' id='word_1_385' title='bbox 2952 1958 3051 2008; x_wconf 71' lang='grc' dir='ltr'>καὶ</span> <span class='ocrx_word' id='word_1_386' title='bbox 3081 1958 3140 2010; x_wconf 82' lang='grc' dir='ltr'>τὸ</span> <span class='ocrx_word' id='word_1_387' title='bbox 3173 1958 3359 2009; x_wconf 79' lang='grc' dir='ltr'>λοιπὸν</span> <span class='ocrx_word' id='word_1_388' title='bbox 3388 1959 3482 2011; x_wconf 90' lang='grc' dir='ltr'>τοῦ</span> <span class='ocrx_word' id='word_1_389' title='bbox 3516 1959 3640 2027; x_wconf 65' lang='grc' dir='ltr'>βίου</span> <span class='ocrx_word' id='word_1_390' title='bbox 3692 1962 3789 2011; x_wconf 77' lang='lat'>06-</span> 
     </span>
    </p>
   </div>
   <div class='ocr_carea' id='block_1_51' title="bbox 2209 2044 3787 2117">
    <p class='ocr_par' dir='ltr' id='par_1_51' title="bbox 2209 2044 3787 2117">
     <span class='ocr_line' id='line_1_51' title="bbox 2209 2044 3787 2117; baseline 0.004 -21"><span class='ocrx_word' id='word_1_391' title='bbox 2209 2045 2303 2097; x_wconf 83' lang='lat'>106</span> <span class='ocrx_word' id='word_1_392' title='bbox 2338 2045 2423 2097; x_wconf 86' lang='grc' dir='ltr'>ἴνα</span> <span class='ocrx_word' id='word_1_393' title='bbox 2456 2044 2691 2114; x_wconf 81' lang='grc' dir='ltr'>μερισθῇ</span> <span class='ocrx_word' id='word_1_394' title='bbox 2722 2045 2802 2107; x_wconf 91' lang='grc' dir='ltr'>είς</span> <span class='ocrx_word' id='word_1_395' title='bbox 2826 2046 3071 2115; x_wconf 83' lang='grc' dir='ltr'>τέσσαρα</span> <span class='ocrx_word' id='word_1_396' title='bbox 3105 2049 3357 2115; x_wconf 80' lang='grc' dir='ltr'>μερδικά,</span> <span class='ocrx_word' id='word_1_397' title='bbox 3382 2051 3461 2111; x_wconf 90' lang='grc' dir='ltr'>είς</span> <span class='ocrx_word' id='word_1_398' title='bbox 3490 2052 3787 2117; x_wconf 80' lang='grc' dir='ltr'>παραστά-</span> 
     </span>
    </p>
   </div>
   <div class='ocr_carea' id='block_1_52' title="bbox 2209 2135 3785 2205">
    <p class='ocr_par' dir='ltr' id='par_1_52' title="bbox 2209 2135 3785 2205">
     <span class='ocr_line' id='line_1_52' title="bbox 2209 2135 3785 2205; baseline 0.004 -18"><span class='ocrx_word' id='word_1_399' title='bbox 2209 2153 2345 2202; x_wconf 88' lang='grc' dir='ltr'>σιμα</span> <span class='ocrx_word' id='word_1_400' title='bbox 2378 2137 2473 2189; x_wconf 74' lang='grc' dir='ltr'>καὶ</span> <span class='ocrx_word' id='word_1_401' title='bbox 2505 2135 2850 2205; x_wconf 84' lang='grc' dir='ltr'>λειτουργίας</span> <span class='ocrx_word' id='word_1_402' title='bbox 2880 2136 3022 2205; x_wconf 83' lang='lat'>61169</span> <span class='ocrx_word' id='word_1_403' title='bbox 3058 2137 3222 2190; x_wconf 86' lang='lat'>06106</span> <span class='ocrx_word' id='word_1_404' title='bbox 3275 2142 3648 2193; x_wconf 78' lang='grc' dir='ltr'>κατεπέκεινα</span> <span class='ocrx_word' id='word_1_405' title='bbox 3678 2142 3785 2193; x_wconf 86' lang='grc' dir='ltr'>τῶν</span> 
     </span>
    </p>
   </div>
   <div class='ocr_carea' id='block_1_53' title="bbox 2210 2220 3786 2300">
    <p class='ocr_par' dir='ltr' id='par_1_53' title="bbox 2210 2220 3786 2300">
     <span class='ocr_line' id='line_1_53' title="bbox 2210 2220 3786 2300; baseline 0.004 -23"><span class='ocrx_word' id='word_1_406' title='bbox 2210 2224 2476 2294; x_wconf 85' lang='grc' dir='ltr'>συνήθων,</span> <span class='ocrx_word' id='word_1_407' title='bbox 2494 2220 2566 2278; x_wconf 81' lang='grc' dir='ltr'>ῶν</span> <span class='ocrx_word' id='word_1_408' title='bbox 2589 2226 2896 2287; x_wconf 80' lang='grc' dir='ltr'>πολυτελῶς</span> <span class='ocrx_word' id='word_1_409' title='bbox 2920 2228 3015 2279; x_wconf 75' lang='grc' dir='ltr'>καὶ</span> <span class='ocrx_word' id='word_1_410' title='bbox 3037 2227 3218 2288; x_wconf 87' lang='grc' dir='ltr'>καλῶς</span> <span class='ocrx_word' id='word_1_411' title='bbox 3242 2230 3604 2300; x_wconf 73' lang='grc' dir='ltr'>ἐτελέσθησαν</span> <span class='ocrx_word' id='word_1_412' title='bbox 3633 2233 3786 2300; x_wconf 66' lang='grc' dir='ltr'>παρὰ</span> 
     </span>
    </p>
   </div>
   <div class='ocr_carea' id='block_1_54' title="bbox 2216 2315 3785 2389">
    <p class='ocr_par' dir='ltr' id='par_1_54' title="bbox 2216 2315 3785 2389">
     <span class='ocr_line' id='line_1_54' title="bbox 2216 2315 3785 2389; baseline 0.005 -23"><span class='ocrx_word' id='word_1_413' title='bbox 2216 2315 2322 2367; x_wconf 78' lang='grc' dir='ltr'>τῶν</span> <span class='ocrx_word' id='word_1_414' title='bbox 2356 2316 2521 2369; x_wconf 87' lang='grc' dir='ltr'>αὐτοῦ</span> <span class='ocrx_word' id='word_1_415' title='bbox 2553 2318 2647 2369; x_wconf 71' lang='grc' dir='ltr'>καὶ</span> <span class='ocrx_word' id='word_1_416' title='bbox 2684 2318 2791 2369; x_wconf 89' lang='grc' dir='ltr'>τῶν</span> <span class='ocrx_word' id='word_1_417' title='bbox 2826 2318 3201 2386; x_wconf 84' lang='grc' dir='ltr'>είσοδημάτων</span> <span class='ocrx_word' id='word_1_418' title='bbox 3233 2321 3328 2388; x_wconf 76' lang='grc' dir='ltr'>τῆς</span> <span class='ocrx_word' id='word_1_419' title='bbox 3362 2320 3669 2389; x_wconf 81' lang='grc' dir='ltr'>βασιλείας,</span> <span class='ocrx_word' id='word_1_420' title='bbox 3704 2325 3785 2385; x_wconf 83' lang='grc' dir='ltr'>είς</span> 
     </span>
    </p>
   </div>
   <div class='ocr_carea' id='block_1_55' title="bbox 2207 2410 3785 2476">
    <p class='ocr_par' dir='ltr' id='par_1_55' title="bbox 2207 2410 3785 2476">
     <span class='ocr_line' id='line_1_55' title="bbox 2207 2410 3785 2476; baseline 0.006 -18"><span class='ocrx_word' id='word_1_421' title='bbox 2207 2411 2475 2476; x_wconf 74' lang='grc' dir='ltr'>πτωχοὺς,</span> <span class='ocrx_word' id='word_1_422' title='bbox 2512 2410 2590 2469; x_wconf 89' lang='grc' dir='ltr'>είς</span> <span class='ocrx_word' id='word_1_423' title='bbox 2636 2410 2765 2470; x_wconf 77' lang='lat'>106;</span> <span class='ocrx_word' id='word_1_424' title='bbox 2802 2410 3022 2476; x_wconf 73' lang='grc' dir='ltr'>ἰατροὺς</span> <span class='ocrx_word' id='word_1_425' title='bbox 3056 2411 3149 2462; x_wconf 75' lang='grc' dir='ltr'>καὶ</span> <span class='ocrx_word' id='word_1_426' title='bbox 3179 2414 3258 2473; x_wconf 88' lang='grc' dir='ltr'>είς</span> <span class='ocrx_word' id='word_1_427' title='bbox 3286 2414 3413 2473; x_wconf 77' lang='grc' dir='ltr'>τοὺς</span> <span class='ocrx_word' id='word_1_428' title='bbox 3447 2415 3613 2467; x_wconf 81' lang='grc' dir='ltr'>αὐτοῦ</span> <span class='ocrx_word' id='word_1_429' title='bbox 3654 2416 3785 2467; x_wconf 76' lang='grc' dir='ltr'>γελ-</span> 
     </span>
    </p>
   </div>
   <div class='ocr_carea' id='block_1_56' title="bbox 2205 2494 3786 2571">
    <p class='ocr_par' dir='ltr' id='par_1_56' title="bbox 2205 2494 3786 2571">
     <span class='ocr_line' id='line_1_56' title="bbox 2205 2494 3786 2571; baseline 0.008 -24"><span class='ocrx_word' id='word_1_430' title='bbox 2205 2497 2400 2559; x_wconf 82' lang='grc' dir='ltr'>λιώτας</span> <span class='ocrx_word' id='word_1_431' title='bbox 2423 2516 2437 2528; x_wconf 87' lang='grc'><strong>·</strong></span> <span class='ocrx_word' id='word_1_432' title='bbox 2474 2499 2760 2567; x_wconf 83' lang='grc' dir='ltr'>ἐπίτροποι</span> <span class='ocrx_word' id='word_1_433' title='bbox 2795 2499 2849 2550; x_wconf 82' lang='grc' dir='ltr'>δὲ</span> <span class='ocrx_word' id='word_1_434' title='bbox 2880 2500 2945 2552; x_wconf 87' lang='grc' dir='ltr'>νά</span> <span class='ocrx_word' id='word_1_435' title='bbox 2972 2494 3103 2554; x_wconf 78' lang='grc' dir='ltr'>ὦσιν</span> <span class='ocrx_word' id='word_1_436' title='bbox 3135 2504 3162 2554; x_wconf 88' lang='lat'>6</span> <span class='ocrx_word' id='word_1_437' title='bbox 3212 2505 3582 2571; x_wconf 71' lang='grc' dir='ltr'>πνευματικὸς</span> <span class='ocrx_word' id='word_1_438' title='bbox 3608 2507 3786 2559; x_wconf 81' lang='grc' dir='ltr'>αὐτοῦ</span> 
     </span>
    </p>
   </div>
   <div class='ocr_carea' id='block_1_57' title="bbox 2203 2590 3787 2662">
    <p class='ocr_par' dir='ltr' id='par_1_57' title="bbox 2203 2590 3787 2662">
     <span class='ocr_line' id='line_1_57' title="bbox 2203 2590 3787 2662; baseline 0.005 -21"><span class='ocrx_word' id='word_1_439' title='bbox 2203 2592 2231 2641; x_wconf 91' lang='lat'>6</span> <span class='ocrx_word' id='word_1_440' title='bbox 2268 2592 2345 2652; x_wconf 87' lang='grc' dir='ltr'>είς</span> <span class='ocrx_word' id='word_1_441' title='bbox 2382 2590 2490 2642; x_wconf 87' lang='grc' dir='ltr'>τῶν</span> <span class='ocrx_word' id='word_1_442' title='bbox 2540 2590 2929 2644; x_wconf 79' lang='grc' dir='ltr'>Ξανθοττούλων</span> <span class='ocrx_word' id='word_1_443' title='bbox 2983 2594 3270 2662; x_wconf 81' lang='grc' dir='ltr'>Μακάριος</span> <span class='ocrx_word' id='word_1_444' title='bbox 3303 2598 3330 2647; x_wconf 94' lang='grc' dir='ltr'>ό</span> <span class='ocrx_word' id='word_1_445' title='bbox 3362 2596 3419 2659; x_wconf 81' lang='grc' dir='ltr'>ἐξ</span> <span class='ocrx_word' id='word_1_446' title='bbox 3474 2597 3787 2661; x_wconf 74' lang='grc' dir='ltr'>Ἰουδαίων,</span> 
     </span>
    </p>
   </div>
   <div class='ocr_carea' id='block_1_58' title="bbox 2204 2683 3784 2754">
    <p class='ocr_par' dir='ltr' id='par_1_58' title="bbox 2204 2683 3784 2754">
     <span class='ocr_line' id='line_1_58' title="bbox 2204 2683 3784 2754; baseline 0.003 -18"><span class='ocrx_word' id='word_1_447' title='bbox 2204 2686 2231 2736; x_wconf 92' lang='lat'>6</span> <span class='ocrx_word' id='word_1_448' title='bbox 2257 2683 2576 2745; x_wconf 71' lang='grc' dir='ltr'>διδάσκαλος</span> <span class='ocrx_word' id='word_1_449' title='bbox 2610 2684 2804 2752; x_wconf 77' lang='grc' dir='ltr'>Ἰωσὴφ</span> <span class='ocrx_word' id='word_1_450' title='bbox 2836 2686 2862 2736; x_wconf 91' lang='lat'>6</span> <span class='ocrx_word' id='word_1_451' title='bbox 2890 2686 2967 2747; x_wconf 88' lang='grc' dir='ltr'>είς</span> <span class='ocrx_word' id='word_1_452' title='bbox 2999 2686 3089 2736; x_wconf 84' lang='grc' dir='ltr'>τοῦ</span> <span class='ocrx_word' id='word_1_453' title='bbox 3116 2686 3495 2754; x_wconf 81' lang='grc' dir='ltr'>Χαρσιανίτου,</span> <span class='ocrx_word' id='word_1_454' title='bbox 3524 2692 3615 2740; x_wconf 71' lang='grc' dir='ltr'>καὶ</span> <span class='ocrx_word' id='word_1_455' title='bbox 3646 2691 3784 2753; x_wconf 80' lang='grc' dir='ltr'><strong>ἐγώ·</strong></span> 
     </span>
    </p>
   </div>
   <div class='ocr_carea' id='block_1_59' title="bbox 2204 2775 3786 2848">
    <p class='ocr_par' dir='ltr' id='par_1_59' title="bbox 2204 2775 3786 2848">
     <span class='ocr_line' id='line_1_59' title="bbox 2204 2775 3786 2848; baseline 0.003 -21"><span class='ocrx_word' id='word_1_456' title='bbox 2204 2778 2297 2829; x_wconf 75' lang='grc' dir='ltr'>καὶ</span> <span class='ocrx_word' id='word_1_457' title='bbox 2332 2775 2780 2845; x_wconf 83' lang='grc' dir='ltr'>ἀναγνωσθείσης</span> <span class='ocrx_word' id='word_1_458' title='bbox 2808 2778 3014 2847; x_wconf 81' lang='grc' dir='ltr'>ταύτης</span> <span class='ocrx_word' id='word_1_459' title='bbox 3046 2778 3107 2844; x_wconf 81' lang='grc' dir='ltr'>δὴ</span> <span class='ocrx_word' id='word_1_460' title='bbox 3135 2780 3232 2846; x_wconf 81' lang='grc' dir='ltr'>τῆς</span> <span class='ocrx_word' id='word_1_461' title='bbox 3266 2779 3619 2848; x_wconf 69' lang='grc' dir='ltr'>προστάξεως</span> <span class='ocrx_word' id='word_1_462' title='bbox 3650 2779 3786 2848; x_wconf 78' lang='grc' dir='ltr'>παρ’</span> 
     </span>
    </p>
   </div>
   <div class='ocr_carea' id='block_1_60' title="bbox 2204 2865 3786 2939">
    <p class='ocr_par' dir='ltr' id='par_1_60' title="bbox 2204 2865 3786 2939">
     <span class='ocr_line' id='line_1_60' title="bbox 2204 2865 3786 2939; baseline 0.003 -22"><span class='ocrx_word' id='word_1_463' title='bbox 2204 2866 2335 2935; x_wconf 85' lang='grc' dir='ltr'>ἐμοῦ</span> <span class='ocrx_word' id='word_1_464' title='bbox 2369 2865 2679 2935; x_wconf 75' lang='grc' dir='ltr'>ἔμπροσθεν</span> <span class='ocrx_word' id='word_1_465' title='bbox 2710 2868 2874 2919; x_wconf 87' lang='grc' dir='ltr'>αὐτοῦ</span> <span class='ocrx_word' id='word_1_466' title='bbox 2910 2869 3003 2920; x_wconf 79' lang='grc' dir='ltr'>καὶ</span> <span class='ocrx_word' id='word_1_467' title='bbox 3034 2870 3131 2937; x_wconf 82' lang='grc' dir='ltr'>τῆς</span> <span class='ocrx_word' id='word_1_468' title='bbox 3163 2871 3321 2937; x_wconf 85' lang='grc' dir='ltr'>άγίας</span> <span class='ocrx_word' id='word_1_469' title='bbox 3365 2872 3659 2939; x_wconf 78' lang='grc' dir='ltr'>δεσποίνης</span> <span class='ocrx_word' id='word_1_470' title='bbox 3689 2873 3786 2923; x_wconf 80' lang='grc' dir='ltr'>καὶ</span> 
     </span>
    </p>
   </div>
   <div class='ocr_carea' id='block_1_61' title="bbox 2202 2959 3783 3033">
    <p class='ocr_par' dir='ltr' id='par_1_61' title="bbox 2202 2959 3783 3033">
     <span class='ocr_line' id='line_1_61' title="bbox 2202 2959 3783 3033; baseline 0.005 -23"><span class='ocrx_word' id='word_1_471' title='bbox 2202 2959 2296 3011; x_wconf 81' lang='grc' dir='ltr'>τοῦ</span> <span class='ocrx_word' id='word_1_472' title='bbox 2329 2959 2590 3024; x_wconf 84' lang='grc' dir='ltr'>βασιλέως</span> <span class='ocrx_word' id='word_1_473' title='bbox 2624 2961 2718 3012; x_wconf 72' lang='grc' dir='ltr'>καὶ</span> <span class='ocrx_word' id='word_1_474' title='bbox 2746 2960 2861 3011; x_wconf 89' lang='grc' dir='ltr'>υίοῦ</span> <span class='ocrx_word' id='word_1_475' title='bbox 2894 2961 3073 3012; x_wconf 89' lang='grc' dir='ltr'>αὐτῶν</span> <span class='ocrx_word' id='word_1_476' title='bbox 3102 2964 3195 3015; x_wconf 79' lang='grc' dir='ltr'>καὶ</span> <span class='ocrx_word' id='word_1_477' title='bbox 3223 2964 3384 3031; x_wconf 89' lang='grc' dir='ltr'>μόνον</span> <span class='ocrx_word' id='word_1_478' title='bbox 3411 2965 3567 3027; x_wconf 82' lang='grc' dir='ltr'>τέλος</span> <span class='ocrx_word' id='word_1_479' title='bbox 3606 2966 3783 3033; x_wconf 73' lang='grc' dir='ltr'>ὥρισε</span> 
     </span>
    </p>
   </div>
   <div class='ocr_carea' id='block_1_62' title="bbox 534 3050 3781 3150">
    <p class='ocr_par' dir='ltr' id='par_1_62' title="bbox 534 3050 3781 3150">
     <span class='ocr_line' id='line_1_62' title="bbox 534 3050 3781 3150; baseline 0.001 -44"><span class='ocrx_word' id='word_1_480' title='bbox 534 3053 649 3107; x_wconf 80' lang='grc' dir='ltr'>τοῦ.</span> <span class='ocrx_word' id='word_1_481' title='bbox 686 3056 792 3105; x_wconf 64' lang='grc' dir='ltr'>Καὶ</span> <span class='ocrx_word' id='word_1_482' title='bbox 824 3054 973 3114; x_wconf 80' lang='grc' dir='ltr'>τέλος</span> <span class='ocrx_word' id='word_1_483' title='bbox 1001 3054 1242 3121; x_wconf 70' lang='grc' dir='ltr'>ἐζήτησα</span> <span class='ocrx_word' id='word_1_484' title='bbox 1271 3050 1381 3119; x_wconf 81' lang='grc' dir='ltr'>ἐγὼ</span> <span class='ocrx_word' id='word_1_485' title='bbox 1408 3053 1465 3103; x_wconf 81' lang='lat'>16</span> <span class='ocrx_word' id='word_1_486' title='bbox 1490 3054 1788 3117; x_wconf 83' lang='grc' dir='ltr'>σεντούκιν,</span> <span class='ocrx_word' id='word_1_487' title='bbox 1809 3054 1902 3104; x_wconf 77' lang='grc' dir='ltr'>καὶ</span> <span class='ocrx_word' id='word_1_488' title='bbox 1930 3052 2096 3121; x_wconf 84' lang='grc' dir='ltr'>ῶρισέ</span> <span class='ocrx_word' id='word_1_489' title='bbox 2127 3091 2171 3150; x_wconf 76' lang='lat' dir='ltr'>C</span> <span class='ocrx_word' id='word_1_490' title='bbox 2206 3051 2340 3119; x_wconf 85' lang='lat'>1196;</span> <span class='ocrx_word' id='word_1_491' title='bbox 2364 3050 2454 3101; x_wconf 82' lang='grc' dir='ltr'>τὸν</span> <span class='ocrx_word' id='word_1_492' title='bbox 2476 3050 2591 3103; x_wconf 77' lang='grc' dir='ltr'>υἱον</span> <span class='ocrx_word' id='word_1_493' title='bbox 2621 3050 2784 3103; x_wconf 90' lang='grc' dir='ltr'>αὐτοῦ</span> <span class='ocrx_word' id='word_1_494' title='bbox 2808 3066 2823 3081; x_wconf 86' lang='grc'><strong><em>⁸</em></strong></span> <span class='ocrx_word' id='word_1_495' title='bbox 2852 3052 2951 3104; x_wconf 81' lang='grc' dir='ltr'>Υίέ</span> <span class='ocrx_word' id='word_1_496' title='bbox 2982 3070 3105 3121; x_wconf 90' lang='grc' dir='ltr'>μου,</span> <span class='ocrx_word' id='word_1_497' title='bbox 3138 3054 3379 3123; x_wconf 75' lang='grc' dir='ltr'>ηκουσας</span> <span class='ocrx_word' id='word_1_498' title='bbox 3400 3056 3461 3107; x_wconf 89' lang='lat'>16</span> <span class='ocrx_word' id='word_1_499' title='bbox 3483 3058 3581 3113; x_wconf 76' lang='grc' dir='ltr'>σᾶς</span> <span class='ocrx_word' id='word_1_500' title='bbox 3604 3073 3781 3125; x_wconf 85' lang='grc' dir='ltr'>προσ-</span> 
     </span>
    </p>
   </div>
   <div class='ocr_carea' id='block_1_63' title="bbox 538 3137 2097 3211">
    <p class='ocr_par' dir='ltr' id='par_1_63' title="bbox 538 3137 2097 3211">
     <span class='ocr_line' id='line_1_63' title="bbox 538 3137 2097 3211; baseline -0.003 -13"><span class='ocrx_word' id='word_1_501' title='bbox 538 3162 628 3211; x_wconf 86' lang='grc' dir='ltr'>μοι</span> <span class='ocrx_word' id='word_1_502' title='bbox 654 3146 736 3197; x_wconf 75' lang='grc' dir='ltr'>ὅτι</span> <span class='ocrx_word' id='word_1_503' title='bbox 786 3144 918 3194; x_wconf 78' lang='grc' dir='ltr'>αὐτὸ</span> <span class='ocrx_word' id='word_1_504' title='bbox 951 3137 1082 3211; x_wconf 68' lang='grc' dir='ltr'>ἦτον</span> <span class='ocrx_word' id='word_1_505' title='bbox 1114 3143 1209 3193; x_wconf 88' lang='grc' dir='ltr'>τοῦ</span> <span class='ocrx_word' id='word_1_506' title='bbox 1246 3142 1504 3203; x_wconf 84' lang='grc' dir='ltr'>αὐθεντός</span> <span class='ocrx_word' id='word_1_507' title='bbox 1550 3158 1647 3209; x_wconf 86' lang='grc' dir='ltr'>μου</span> <span class='ocrx_word' id='word_1_508' title='bbox 1688 3144 1781 3194; x_wconf 84' lang='grc' dir='ltr'>τοῦ</span> <span class='ocrx_word' id='word_1_509' title='bbox 1830 3142 2097 3210; x_wconf 79' lang='grc' dir='ltr'>βασιλέως</span> 
     </span>
    </p>
   </div>
   <div class='ocr_carea' id='block_1_64' title="bbox 534 3231 2099 3303">
    <p class='ocr_par' dir='ltr' id='par_1_64' title="bbox 534 3231 2099 3303">
     <span class='ocr_line' id='line_1_64' title="bbox 534 3231 2099 3303; baseline -0.004 -16"><span class='ocrx_word' id='word_1_510' title='bbox 534 3238 626 3288; x_wconf 82' lang='grc' dir='ltr'>τοῦ</span> <span class='ocrx_word' id='word_1_511' title='bbox 664 3236 865 3303; x_wconf 80' lang='grc' dir='ltr'>πατρός</span> <span class='ocrx_word' id='word_1_512' title='bbox 900 3250 1023 3300; x_wconf 82' lang='grc' dir='ltr'>μου,</span> <span class='ocrx_word' id='word_1_513' title='bbox 1054 3235 1146 3284; x_wconf 81' lang='grc' dir='ltr'>καὶ</span> <span class='ocrx_word' id='word_1_514' title='bbox 1187 3231 1307 3301; x_wconf 81' lang='grc' dir='ltr'>είχα</span> <span class='ocrx_word' id='word_1_515' title='bbox 1351 3235 1406 3283; x_wconf 81' lang='grc' dir='ltr'>ὲν</span> <span class='ocrx_word' id='word_1_516' title='bbox 1448 3231 1597 3300; x_wconf 82' lang='grc' dir='ltr'>αὐτῷ</span> <span class='ocrx_word' id='word_1_517' title='bbox 1634 3234 1772 3300; x_wconf 81' lang='grc' dir='ltr'>μετά</span> <span class='ocrx_word' id='word_1_518' title='bbox 1800 3234 1897 3301; x_wconf 78' lang='grc' dir='ltr'>τῆς</span> <span class='ocrx_word' id='word_1_519' title='bbox 1922 3231 2099 3300; x_wconf 69' lang='grc' dir='ltr'>ψυχῆς</span> 
     </span>
    </p>
   </div>
   <div class='ocr_carea' id='block_1_65' title="bbox 535 3318 2097 3392">
    <p class='ocr_par' dir='ltr' id='par_1_65' title="bbox 535 3318 2097 3392">
     <span class='ocr_line' id='line_1_65' title="bbox 535 3318 2097 3392; baseline -0.003 -11"><span class='ocrx_word' id='word_1_520' title='bbox 535 3330 746 3381; x_wconf 82' lang='grc' dir='ltr'>ἐκείνου</span> <span class='ocrx_word' id='word_1_521' title='bbox 784 3326 951 3378; x_wconf 85' lang='grc' dir='ltr'>πολλὰ</span> <span class='ocrx_word' id='word_1_522' title='bbox 987 3328 1081 3378; x_wconf 79' lang='grc' dir='ltr'>καὶ</span> <span class='ocrx_word' id='word_1_523' title='bbox 1118 3326 1255 3376; x_wconf 67' lang='grc' dir='ltr'>καλά</span> <span class='ocrx_word' id='word_1_524' title='bbox 1300 3324 1393 3377; x_wconf 69' lang='grc' dir='ltr'>καὶ</span> <span class='ocrx_word' id='word_1_525' title='bbox 1438 3324 1617 3392; x_wconf 86' lang='grc' dir='ltr'>πολλῷ</span> <span class='ocrx_word' id='word_1_526' title='bbox 1666 3324 1834 3376; x_wconf 88' lang='grc' dir='ltr'>πλείω</span> <span class='ocrx_word' id='word_1_527' title='bbox 1884 3324 1991 3376; x_wconf 87' lang='grc' dir='ltr'>τῶν</span> <span class='ocrx_word' id='word_1_528' title='bbox 2022 3318 2097 3376; x_wconf 82' lang='grc' dir='ltr'>ὧν</span> 
     </span>
    </p>
   </div>
   <div class='ocr_carea' id='block_1_66' title="bbox 534 3417 2099 3486">
    <p class='ocr_par' dir='ltr' id='par_1_66' title="bbox 534 3417 2099 3486">
     <span class='ocr_line' id='line_1_66' title="bbox 534 3417 2099 3486; baseline -0.003 -13"><span class='ocrx_word' id='word_1_529' title='bbox 534 3418 673 3484; x_wconf 80' lang='grc' dir='ltr'>εἶδες</span> <span class='ocrx_word' id='word_1_530' title='bbox 692 3436 707 3451; x_wconf 85' lang='grc'>⁶</span> <span class='ocrx_word' id='word_1_531' title='bbox 735 3421 830 3472; x_wconf 66' lang='lat'>1101</span> <span class='ocrx_word' id='word_1_532' title='bbox 866 3419 1003 3470; x_wconf 85' lang='grc' dir='ltr'>θέλω</span> <span class='ocrx_word' id='word_1_533' title='bbox 1040 3417 1198 3470; x_wconf 81' lang='grc' dir='ltr'>πάλιν</span> <span class='ocrx_word' id='word_1_534' title='bbox 1228 3418 1293 3469; x_wconf 76' lang='grc' dir='ltr'>νά</span> <span class='ocrx_word' id='word_1_535' title='bbox 1321 3417 1382 3469; x_wconf 82' lang='lat'>16</span> <span class='ocrx_word' id='word_1_536' title='bbox 1407 3417 1563 3470; x_wconf 84' lang='grc' dir='ltr'>δώσω</span> <span class='ocrx_word' id='word_1_537' title='bbox 1591 3419 1683 3469; x_wconf 76' lang='grc' dir='ltr'>καὶ</span> <span class='ocrx_word' id='word_1_538' title='bbox 1710 3418 1817 3485; x_wconf 80' lang='grc' dir='ltr'>ἐγὼ</span> <span class='ocrx_word' id='word_1_539' title='bbox 1850 3417 1985 3486; x_wconf 77' lang='lat'>1:96;</span> <span class='ocrx_word' id='word_1_540' title='bbox 2008 3418 2099 3468; x_wconf 83' lang='grc' dir='ltr'>τὸν</span> 
     </span>
    </p>
   </div>
   <div class='ocr_carea' id='block_1_67' title="bbox 536 3486 2099 3583">
    <p class='ocr_par' dir='ltr' id='par_1_67' title="bbox 536 3486 2099 3583">
     <span class='ocr_line' id='line_1_67' title="bbox 536 3486 2099 3583; baseline -0.003 -19"><span class='ocrx_word' id='word_1_541' title='bbox 536 3512 764 3583; x_wconf 84' lang='grc' dir='ltr'>βασιλέα</span> <span class='ocrx_word' id='word_1_542' title='bbox 800 3511 888 3562; x_wconf 81' lang='grc' dir='ltr'>τὸν</span> <span class='ocrx_word' id='word_1_543' title='bbox 923 3511 1037 3562; x_wconf 84' lang='grc' dir='ltr'>υίόν</span> <span class='ocrx_word' id='word_1_544' title='bbox 1084 3486 1185 3577; x_wconf 76' lang='grc' dir='ltr'>μόυ</span> <span class='ocrx_word' id='word_1_545' title='bbox 1236 3509 1323 3561; x_wconf 84' lang='grc' dir='ltr'>ἵνα</span> <span class='ocrx_word' id='word_1_546' title='bbox 1355 3510 1412 3560; x_wconf 80' lang='grc' dir='ltr'>ἐν</span> <span class='ocrx_word' id='word_1_547' title='bbox 1446 3509 1595 3577; x_wconf 87' lang='grc' dir='ltr'>αὐτῷ</span> <span class='ocrx_word' id='word_1_548' title='bbox 1626 3509 1725 3579; x_wconf 78' lang='grc' dir='ltr'>ιχῃ</span> <span class='ocrx_word' id='word_1_549' title='bbox 1770 3510 1864 3562; x_wconf 74' lang='grc' dir='ltr'>καὶ</span> <span class='ocrx_word' id='word_1_550' title='bbox 1894 3511 2099 3570; x_wconf 76' lang='grc' dir='ltr'>ἐκεῖνος</span> 
     </span>
    </p>
   </div>
   <div class='ocr_carea' id='block_1_68' title="bbox 538 3599 2101 3674">
    <p class='ocr_par' dir='ltr' id='par_1_68' title="bbox 538 3599 2101 3674">
     <span class='ocr_line' id='line_1_68' title="bbox 538 3599 2101 3674; baseline -0.003 -18"><span class='ocrx_word' id='word_1_551' title='bbox 538 3604 675 3673; x_wconf 86' lang='grc' dir='ltr'>μετά</span> <span class='ocrx_word' id='word_1_552' title='bbox 707 3607 804 3674; x_wconf 83' lang='grc' dir='ltr'>τῆς</span> <span class='ocrx_word' id='word_1_553' title='bbox 839 3603 1000 3670; x_wconf 76' lang='grc' dir='ltr'>εὐχῆς</span> <span class='ocrx_word' id='word_1_554' title='bbox 1035 3618 1135 3671; x_wconf 88' lang='grc' dir='ltr'>μου</span> <span class='ocrx_word' id='word_1_555' title='bbox 1167 3602 1241 3661; x_wconf 77' lang='grc' dir='ltr'>τὰ¹</span> <span class='ocrx_word' id='word_1_556' title='bbox 1268 3600 1465 3653; x_wconf 78' lang='grc' dir='ltr'>ἑαυτοῦ</span> <span class='ocrx_word' id='word_1_557' title='bbox 1497 3614 1510 3628; x_wconf 86' lang='grc'>⁶</span> <span class='ocrx_word' id='word_1_558' title='bbox 1534 3602 1659 3652; x_wconf 84' lang='grc' dir='ltr'>τότε</span> <span class='ocrx_word' id='word_1_559' title='bbox 1692 3600 1747 3652; x_wconf 86' lang='lat'>66</span> <span class='ocrx_word' id='word_1_560' title='bbox 1781 3599 1941 3651; x_wconf 85' lang='grc' dir='ltr'>πάλιν</span> <span class='ocrx_word' id='word_1_561' title='bbox 1965 3600 2101 3668; x_wconf 70' lang='lat'>1&#39;69:-</span> 
     </span>
    </p>
   </div>
   <div class='ocr_carea' id='block_1_69' title="bbox 539 3687 2099 3764">
    <p class='ocr_par' dir='ltr' id='par_1_69' title="bbox 539 3687 2099 3764">
     <span class='ocr_line' id='line_1_69' title="bbox 539 3687 2099 3764; baseline -0.003 -17"><span class='ocrx_word' id='word_1_562' title='bbox 539 3713 630 3748; x_wconf 82' lang='grc' dir='ltr'>σεν</span> <span class='ocrx_word' id='word_1_563' title='bbox 664 3695 750 3748; x_wconf 86' lang='grc' dir='ltr'>ίνα</span> <span class='ocrx_word' id='word_1_564' title='bbox 784 3695 842 3746; x_wconf 82' lang='lat'>16</span> <span class='ocrx_word' id='word_1_565' title='bbox 873 3694 981 3764; x_wconf 78' lang='grc' dir='ltr'>ἔχω</span> <span class='ocrx_word' id='word_1_566' title='bbox 1005 3709 1018 3722; x_wconf 74' lang='grc' dir='ltr'>ο</span> <span class='ocrx_word' id='word_1_567' title='bbox 1048 3695 1140 3745; x_wconf 73' lang='grc' dir='ltr'>καὶ</span> <span class='ocrx_word' id='word_1_568' title='bbox 1166 3687 1309 3745; x_wconf 81' lang='grc' dir='ltr'>εἶλον</span> <span class='ocrx_word' id='word_1_569' title='bbox 1338 3693 1470 3746; x_wconf 84' lang='grc' dir='ltr'>αὐτὸ</span> <span class='ocrx_word' id='word_1_570' title='bbox 1515 3694 1653 3762; x_wconf 83' lang='grc' dir='ltr'>μετὰ</span> <span class='ocrx_word' id='word_1_571' title='bbox 1683 3691 1782 3759; x_wconf 85' lang='grc' dir='ltr'>τῆς</span> <span class='ocrx_word' id='word_1_572' title='bbox 1820 3692 1979 3758; x_wconf 81' lang='grc' dir='ltr'>ἁγίας</span> <span class='ocrx_word' id='word_1_573' title='bbox 2007 3691 2099 3743; x_wconf 88' lang='grc' dir='ltr'>εὐ-</span> 
     </span>
    </p>
   </div>
   <div class='ocr_carea' id='block_1_70' title="bbox 535 3783 2100 3858">
    <p class='ocr_par' dir='ltr' id='par_1_70' title="bbox 535 3783 2100 3858">
     <span class='ocr_line' id='line_1_70' title="bbox 535 3783 2100 3858; baseline -0.003 -18"><span class='ocrx_word' id='word_1_574' title='bbox 535 3789 635 3858; x_wconf 82' lang='grc' dir='ltr'>χῆς</span> <span class='ocrx_word' id='word_1_575' title='bbox 669 3788 876 3840; x_wconf 82' lang='grc' dir='ltr'>ἐκείνου</span> <span class='ocrx_word' id='word_1_576' title='bbox 909 3802 968 3852; x_wconf 85' lang='grc' dir='ltr'>γε</span> <span class='ocrx_word' id='word_1_577' title='bbox 979 3786 1143 3854; x_wconf 83' lang='grc' dir='ltr'>μάτον</span> <span class='ocrx_word' id='word_1_578' title='bbox 1165 3786 1273 3838; x_wconf 73' lang='grc' dir='ltr'>άπὸ</span> <span class='ocrx_word' id='word_1_579' title='bbox 1308 3787 1524 3839; x_wconf 84' lang='grc' dir='ltr'>πάντων</span> <span class='ocrx_word' id='word_1_580' title='bbox 1554 3785 1660 3837; x_wconf 85' lang='grc' dir='ltr'>τῶν</span> <span class='ocrx_word' id='word_1_581' title='bbox 1687 3783 1979 3854; x_wconf 86' lang='grc' dir='ltr'>χρησίμων</span> <span class='ocrx_word' id='word_1_582' title='bbox 2007 3783 2100 3835; x_wconf 76' lang='grc' dir='ltr'>καὶ</span> 
     </span>
    </p>
   </div>
   <div class='ocr_carea' id='block_1_71' title="bbox 531 3876 2101 3949">
    <p class='ocr_par' dir='ltr' id='par_1_71' title="bbox 531 3876 2101 3949">
     <span class='ocr_line' id='line_1_71' title="bbox 531 3876 2101 3949; baseline -0.003 -18"><span class='ocrx_word' id='word_1_583' title='bbox 531 3880 730 3949; x_wconf 86' lang='grc' dir='ltr'>τιμίων</span> <span class='ocrx_word' id='word_1_584' title='bbox 762 3879 853 3930; x_wconf 92' lang='grc' dir='ltr'>τοῦ</span> <span class='ocrx_word' id='word_1_585' title='bbox 901 3878 1016 3946; x_wconf 84' lang='grc' dir='ltr'>βίου</span> <span class='ocrx_word' id='word_1_586' title='bbox 1051 3877 1239 3930; x_wconf 82' lang='grc' dir='ltr'>τούτου</span> <span class='ocrx_word' id='word_1_587' title='bbox 1286 3878 1379 3930; x_wconf 89' lang='grc' dir='ltr'>τοῦ</span> <span class='ocrx_word' id='word_1_588' title='bbox 1419 3878 1649 3946; x_wconf 81' lang='grc' dir='ltr'>ματαίου</span> <span class='ocrx_word' id='word_1_589' title='bbox 1674 3896 1685 3909; x_wconf 80' lang='grc'><em>’</em></span> <span class='ocrx_word' id='word_1_590' title='bbox 1710 3880 1741 3946; x_wconf 81' lang='grc' dir='ltr'><strong>ἠ</strong></span> <span class='ocrx_word' id='word_1_591' title='bbox 1771 3877 1825 3929; x_wconf 87' lang='grc' dir='ltr'>δὲ</span> <span class='ocrx_word' id='word_1_592' title='bbox 1853 3876 1983 3944; x_wconf 85' lang='grc' dir='ltr'>ἁγία</span> <span class='ocrx_word' id='word_1_593' title='bbox 2015 3876 2101 3928; x_wconf 81' lang='grc' dir='ltr'>δὲ-</span> 
     </span>
    </p>
   </div>
   <div class='ocr_carea' id='block_1_72' title="bbox 535 3967 2099 4038">
    <p class='ocr_par' dir='ltr' id='par_1_72' title="bbox 535 3967 2099 4038">
     <span class='ocr_line' id='line_1_72' title="bbox 535 3967 2099 4038; baseline -0.001 -17"><span class='ocrx_word' id='word_1_594' title='bbox 535 3988 729 4022; x_wconf 80' lang='grc' dir='ltr'>σποινα</span> <span class='ocrx_word' id='word_1_595' title='bbox 755 3968 926 4037; x_wconf 77' lang='grc' dir='ltr'>ὁρίζει</span> <span class='ocrx_word' id='word_1_596' title='bbox 955 3969 1055 4021; x_wconf 67' lang='grc' dir='ltr'>καὶ</span> <span class='ocrx_word' id='word_1_597' title='bbox 1081 3969 1308 4038; x_wconf 86' lang='grc' dir='ltr'>φέρουσί</span> <span class='ocrx_word' id='word_1_598' title='bbox 1348 3984 1413 4037; x_wconf 89' lang='grc' dir='ltr'>με</span> <span class='ocrx_word' id='word_1_599' title='bbox 1454 3969 1733 4038; x_wconf 83' lang='grc' dir='ltr'>χαμουχᾶν</span> <span class='ocrx_word' id='word_1_600' title='bbox 1768 3968 1930 4020; x_wconf 84' lang='grc' dir='ltr'>καλὸν</span> <span class='ocrx_word' id='word_1_601' title='bbox 1956 3967 2099 4037; x_wconf 90' lang='grc' dir='ltr'>πρά-</span> 
     </span>
    </p>
   </div>
   <div class='ocr_carea' id='block_1_73' title="bbox 538 4058 2102 4128">
    <p class='ocr_par' dir='ltr' id='par_1_73' title="bbox 538 4058 2102 4128">
     <span class='ocr_line' id='line_1_73' title="bbox 538 4058 2102 4128; baseline -0.001 -14"><span class='ocrx_word' id='word_1_602' title='bbox 538 4079 704 4114; x_wconf 90' lang='grc' dir='ltr'>σινον.</span> <span class='ocrx_word' id='word_1_603' title='bbox 744 4060 808 4112; x_wconf 83' lang='lat' dir='ltr'>&#39;ll</span> <span class='ocrx_word' id='word_1_604' title='bbox 841 4060 896 4112; x_wconf 84' lang='lat'>66</span> <span class='ocrx_word' id='word_1_605' title='bbox 948 4060 1042 4111; x_wconf 92' lang='grc' dir='ltr'>νέα</span> <span class='ocrx_word' id='word_1_606' title='bbox 1094 4061 1350 4112; x_wconf 82' lang='grc' dir='ltr'>δέσποινα</span> <span class='ocrx_word' id='word_1_607' title='bbox 1388 4060 1584 4128; x_wconf 86' lang='grc' dir='ltr'>μηνύει</span> <span class='ocrx_word' id='word_1_608' title='bbox 1622 4075 1689 4128; x_wconf 86' lang='grc' dir='ltr'>με</span> <span class='ocrx_word' id='word_1_609' title='bbox 1733 4060 1815 4112; x_wconf 87' lang='lat'>611</span> <span class='ocrx_word' id='word_1_610' title='bbox 1848 4058 1919 4112; x_wconf 84' lang='lat' dir='ltr'>T6</span> <span class='ocrx_word' id='word_1_611' title='bbox 1953 4058 2102 4113; x_wconf 86' lang='grc' dir='ltr'>δεῖνά</span> 
     </span>
    </p>
   </div>
   <div class='ocr_carea' id='block_1_74' title="bbox 541 4150 2103 4223">
    <p class='ocr_par' dir='ltr' id='par_1_74' title="bbox 541 4150 2103 4223">
     <span class='ocr_line' id='line_1_74' title="bbox 541 4150 2103 4223; baseline 0.001 -20"><span class='ocrx_word' id='word_1_612' title='bbox 541 4170 642 4221; x_wconf 84' lang='grc' dir='ltr'>μου</span> <span class='ocrx_word' id='word_1_613' title='bbox 680 4151 889 4221; x_wconf 73' lang='grc' dir='ltr'>ροῦχον,</span> <span class='ocrx_word' id='word_1_614' title='bbox 922 4151 1049 4203; x_wconf 83' lang='grc' dir='ltr'>ὅταν</span> <span class='ocrx_word' id='word_1_615' title='bbox 1084 4151 1282 4221; x_wconf 80' lang='grc' dir='ltr'>μέλλῃς</span> <span class='ocrx_word' id='word_1_616' title='bbox 1324 4151 1511 4204; x_wconf 78' lang='grc' dir='ltr'>λαϐεῖν</span> <span class='ocrx_word' id='word_1_617' title='bbox 1542 4152 1798 4219; x_wconf 68' lang='grc' dir='ltr'>γυναῖκα,</span> <span class='ocrx_word' id='word_1_618' title='bbox 1829 4150 1981 4223; x_wconf 74' lang='grc'><strong>[121]</strong></span> <span class='ocrx_word' id='word_1_619' title='bbox 2010 4152 2103 4205; x_wconf 84' lang='grc' dir='ltr'>θέ-</span> 
     </span>
    </p>
   </div>
   <div class='ocr_carea' id='block_1_75' title="bbox 534 4241 2100 4315">
    <p class='ocr_par' dir='ltr' id='par_1_75' title="bbox 534 4241 2100 4315">
     <span class='ocr_line' id='line_1_75' title="bbox 534 4241 2100 4315; baseline 0.001 -19"><span class='ocrx_word' id='word_1_620' title='bbox 534 4246 617 4297; x_wconf 87' lang='grc' dir='ltr'>λει</span> <span class='ocrx_word' id='word_1_621' title='bbox 663 4241 829 4312; x_wconf 78' lang='grc' dir='ltr'>ἦσθεν</span> <span class='ocrx_word' id='word_1_622' title='bbox 883 4243 1118 4312; x_wconf 85' lang='grc' dir='ltr'>ἐκείνης.</span> <span class='ocrx_word' id='word_1_623' title='bbox 1165 4244 1244 4312; x_wconf 82' lang='grc' dir='ltr'>Τῇ</span> <span class='ocrx_word' id='word_1_624' title='bbox 1294 4243 1347 4295; x_wconf 82' lang='lat'>66</span> <span class='ocrx_word' id='word_1_625' title='bbox 1398 4242 1484 4295; x_wconf 80' lang='lat'>110&#39;</span> <span class='ocrx_word' id='word_1_626' title='bbox 1530 4243 1623 4295; x_wconf 84' lang='lat'>106</span> <span class='ocrx_word' id='word_1_627' title='bbox 1674 4243 1895 4297; x_wconf 86' lang='grc' dir='ltr'>Ἰουλίου</span> <span class='ocrx_word' id='word_1_628' title='bbox 1933 4246 2100 4315; x_wconf 84' lang='grc' dir='ltr'>μηνὸς</span> 
     </span>
    </p>
   </div>
   <div class='ocr_carea' id='block_1_76' title="bbox 536 4333 2099 4405">
    <p class='ocr_par' dir='ltr' id='par_1_76' title="bbox 536 4333 2099 4405">
     <span class='ocr_line' id='line_1_76' title="bbox 536 4333 2099 4405; baseline 0 -16"><span class='ocrx_word' id='word_1_629' title='bbox 536 4336 631 4389; x_wconf 86' lang='grc' dir='ltr'>τοῦ</span> <span class='ocrx_word' id='word_1_630' title='bbox 674 4333 836 4388; x_wconf 84' lang='grc' dir='ltr'>αὐτοῦ</span> <span class='ocrx_word' id='word_1_631' title='bbox 886 4333 1038 4396; x_wconf 84' lang='grc' dir='ltr'>ἔτους</span> <span class='ocrx_word' id='word_1_632' title='bbox 1090 4333 1352 4402; x_wconf 79' lang='grc' dir='ltr'>τέθνηκεν</span> <span class='ocrx_word' id='word_1_633' title='bbox 1383 4335 1409 4385; x_wconf 90' lang='lat'>6</span> <span class='ocrx_word' id='word_1_634' title='bbox 1446 4336 1503 4385; x_wconf 84' lang='grc' dir='ltr'>ἐν</span> <span class='ocrx_word' id='word_1_635' title='bbox 1538 4334 1784 4404; x_wconf 78' lang='grc' dir='ltr'>μακαρίᾳ</span> <span class='ocrx_word' id='word_1_636' title='bbox 1831 4337 1895 4404; x_wconf 79' lang='grc' dir='ltr'>τῇ</span> <span class='ocrx_word' id='word_1_637' title='bbox 1949 4335 2099 4405; x_wconf 79' lang='grc' dir='ltr'>λήξει</span> 
     </span>
    </p>
   </div>
   <div class='ocr_carea' id='block_1_77' title="bbox 2210 3140 3782 3215">
    <p class='ocr_par' dir='ltr' id='par_1_77' title="bbox 2210 3140 3782 3215">
     <span class='ocr_line' id='line_1_77' title="bbox 2210 3140 3782 3215; baseline 0.004 -20"><span class='ocrx_word' id='word_1_638' title='bbox 2210 3146 2389 3195; x_wconf 81' lang='grc' dir='ltr'>τάττω</span> <span class='ocrx_word' id='word_1_639' title='bbox 2429 3140 2518 3194; x_wconf 85' lang='grc' dir='ltr'>διὰ</span> <span class='ocrx_word' id='word_1_640' title='bbox 2549 3142 2674 3203; x_wconf 79' lang='lat'>106;</span> <span class='ocrx_word' id='word_1_641' title='bbox 2710 3142 2871 3204; x_wconf 75' lang='grc' dir='ltr'>ἰδίους</span> <span class='ocrx_word' id='word_1_642' title='bbox 2901 3160 3000 3212; x_wconf 86' lang='grc' dir='ltr'>μου</span> <span class='ocrx_word' id='word_1_643' title='bbox 3029 3143 3161 3196; x_wconf 80' lang='grc' dir='ltr'>ὀποῦ</span> <span class='ocrx_word' id='word_1_644' title='bbox 3188 3145 3544 3215; x_wconf 83' lang='grc' dir='ltr'>λατρεύουσιν</span> <span class='ocrx_word' id='word_1_645' title='bbox 3568 3162 3580 3175; x_wconf 89' lang='grc'><strong>·</strong></span> <span class='ocrx_word' id='word_1_646' title='bbox 3609 3148 3782 3215; x_wconf 76' lang='grc' dir='ltr'>ἐγρα-</span> 
     </span>
    </p>
   </div>
   <div class='ocr_carea' id='block_1_78' title="bbox 2207 3232 3779 3303">
    <p class='ocr_par' dir='ltr' id='par_1_78' title="bbox 2207 3232 3779 3303">
     <span class='ocr_line' id='line_1_78' title="bbox 2207 3232 3779 3303; baseline 0.005 -19"><span class='ocrx_word' id='word_1_647' title='bbox 2207 3250 2305 3301; x_wconf 86' lang='grc' dir='ltr'>φον</span> <span class='ocrx_word' id='word_1_648' title='bbox 2332 3232 2439 3302; x_wconf 83' lang='grc' dir='ltr'>γάρ</span> <span class='ocrx_word' id='word_1_649' title='bbox 2466 3246 2481 3261; x_wconf 84' lang='lat'>&#39;</span> <span class='ocrx_word' id='word_1_650' title='bbox 2515 3234 2563 3285; x_wconf 84' lang='grc' dir='ltr'>οί</span> <span class='ocrx_word' id='word_1_651' title='bbox 2609 3232 2665 3285; x_wconf 84' lang='grc' dir='ltr'>δὲ</span> <span class='ocrx_word' id='word_1_652' title='bbox 2703 3233 2991 3286; x_wconf 87' lang='grc' dir='ltr'>κελλιῶταί</span> <span class='ocrx_word' id='word_1_653' title='bbox 3047 3251 3172 3303; x_wconf 89' lang='grc' dir='ltr'>μου,</span> <span class='ocrx_word' id='word_1_654' title='bbox 3226 3237 3421 3300; x_wconf 77' lang='grc' dir='ltr'>οἵτινες</span> <span class='ocrx_word' id='word_1_655' title='bbox 3454 3239 3779 3292; x_wconf 80' lang='grc' dir='ltr'>ὲδούλευσάν</span> 
     </span>
    </p>
   </div>
   <div class='ocr_carea' id='block_1_79' title="bbox 2212 3324 3779 3396">
    <p class='ocr_par' dir='ltr' id='par_1_79' title="bbox 2212 3324 3779 3396">
     <span class='ocr_line' id='line_1_79' title="bbox 2212 3324 3779 3396; baseline 0.004 -19"><span class='ocrx_word' id='word_1_656' title='bbox 2212 3343 2303 3394; x_wconf 86' lang='grc' dir='ltr'>μοι</span> <span class='ocrx_word' id='word_1_657' title='bbox 2359 3325 2536 3387; x_wconf 86' lang='grc' dir='ltr'>καλῶς</span> <span class='ocrx_word' id='word_1_658' title='bbox 2568 3324 2663 3376; x_wconf 76' lang='grc' dir='ltr'>καὶ</span> <span class='ocrx_word' id='word_1_659' title='bbox 2716 3325 2974 3388; x_wconf 82' lang='grc' dir='ltr'>εὐνοϊκῶς</span> <span class='ocrx_word' id='word_1_660' title='bbox 3023 3326 3322 3380; x_wconf 84' lang='grc' dir='ltr'>διάκεινται</span> <span class='ocrx_word' id='word_1_661' title='bbox 3358 3332 3452 3381; x_wconf 72' lang='grc' dir='ltr'>καὶ</span> <span class='ocrx_word' id='word_1_662' title='bbox 3506 3331 3779 3396; x_wconf 83' lang='grc' dir='ltr'>δουλικῶς</span> 
     </span>
    </p>
   </div>
   <div class='ocr_carea' id='block_1_80' title="bbox 2208 3411 3778 3490">
    <p class='ocr_par' dir='ltr' id='par_1_80' title="bbox 2208 3411 3778 3490">
     <span class='ocr_line' id='line_1_80' title="bbox 2208 3411 3778 3490; baseline 0.008 -27"><span class='ocrx_word' id='word_1_663' title='bbox 2208 3414 2282 3472; x_wconf 82' lang='grc' dir='ltr'>ὡς</span> <span class='ocrx_word' id='word_1_664' title='bbox 2317 3411 2393 3465; x_wconf 69' lang='grc' dir='ltr'>ενι</span> <span class='ocrx_word' id='word_1_665' title='bbox 2425 3413 2570 3475; x_wconf 75' lang='grc' dir='ltr'>είκος</span> <span class='ocrx_word' id='word_1_666' title='bbox 2615 3415 2694 3477; x_wconf 83' lang='grc' dir='ltr'>είς</span> <span class='ocrx_word' id='word_1_667' title='bbox 2729 3416 2855 3482; x_wconf 82' lang='grc' dir='ltr'>ἐμὲ,</span> <span class='ocrx_word' id='word_1_668' title='bbox 2881 3414 2946 3479; x_wconf 83' lang='grc' dir='ltr'>ἃς</span> <span class='ocrx_word' id='word_1_669' title='bbox 2996 3414 3160 3485; x_wconf 74' lang='grc' dir='ltr'>ἔχωσι</span> <span class='ocrx_word' id='word_1_670' title='bbox 3193 3419 3339 3482; x_wconf 86' lang='grc' dir='ltr'>παρά</span> <span class='ocrx_word' id='word_1_671' title='bbox 3371 3421 3591 3473; x_wconf 86' lang='grc' dir='ltr'>πάντων</span> <span class='ocrx_word' id='word_1_672' title='bbox 3622 3423 3778 3490; x_wconf 83' lang='grc' dir='ltr'>ὐμῶν</span> 
     </span>
    </p>
   </div>
   <div class='ocr_carea' id='block_1_81' title="bbox 2208 3505 3778 3583">
    <p class='ocr_par' dir='ltr' id='par_1_81' title="bbox 2208 3505 3778 3583">
     <span class='ocr_line' id='line_1_81' title="bbox 2208 3505 3778 3583; baseline 0.007 -27"><span class='ocrx_word' id='word_1_673' title='bbox 2208 3505 2317 3556; x_wconf 89' lang='grc' dir='ltr'>τῶν</span> <span class='ocrx_word' id='word_1_674' title='bbox 2346 3505 2479 3559; x_wconf 90' lang='grc' dir='ltr'>υίῶν</span> <span class='ocrx_word' id='word_1_675' title='bbox 2517 3522 2617 3574; x_wconf 90' lang='grc' dir='ltr'>μου</span> <span class='ocrx_word' id='word_1_676' title='bbox 2647 3508 2867 3575; x_wconf 81' lang='grc' dir='ltr'>ἀγάπην</span> <span class='ocrx_word' id='word_1_677' title='bbox 2896 3524 2955 3558; x_wconf 93' lang='grc' dir='ltr'>τε</span> <span class='ocrx_word' id='word_1_678' title='bbox 2981 3510 3075 3561; x_wconf 84' lang='grc' dir='ltr'>καὶ</span> <span class='ocrx_word' id='word_1_679' title='bbox 3106 3510 3399 3579; x_wconf 85' lang='grc' dir='ltr'>ἀνεκδοχὴν</span> <span class='ocrx_word' id='word_1_680' title='bbox 3432 3514 3526 3565; x_wconf 71' lang='grc' dir='ltr'>καὶ</span> <span class='ocrx_word' id='word_1_681' title='bbox 3558 3517 3778 3583; x_wconf 80' lang='grc' dir='ltr'>προμή-</span> 
     </span>
    </p>
   </div>
   <div class='ocr_carea' id='block_1_82' title="bbox 2209 3598 3779 3672">
    <p class='ocr_par' dir='ltr' id='par_1_82' title="bbox 2209 3598 3779 3672">
     <span class='ocr_line' id='line_1_82' title="bbox 2209 3598 3779 3672; baseline 0.004 -22"><span class='ocrx_word' id='word_1_682' title='bbox 2209 3598 2361 3650; x_wconf 90' lang='grc' dir='ltr'>θειαν</span> <span class='ocrx_word' id='word_1_683' title='bbox 2390 3599 2530 3650; x_wconf 88' lang='grc' dir='ltr'>κατά</span> <span class='ocrx_word' id='word_1_684' title='bbox 2558 3598 2618 3651; x_wconf 91' lang='lat'>16</span> <span class='ocrx_word' id='word_1_685' title='bbox 2648 3599 2950 3665; x_wconf 82' lang='grc' dir='ltr'>ἀναλογοῦν</span> <span class='ocrx_word' id='word_1_686' title='bbox 2995 3600 3077 3653; x_wconf 78' lang='grc' dir='ltr'>ἑνὶ</span> <span class='ocrx_word' id='word_1_687' title='bbox 3106 3602 3320 3672; x_wconf 80' lang='grc' dir='ltr'>ἑκάστῳ</span> <span class='ocrx_word' id='word_1_688' title='bbox 3363 3605 3565 3659; x_wconf 86' lang='grc' dir='ltr'>αὐτῶν.</span> <span class='ocrx_word' id='word_1_689' title='bbox 3609 3607 3779 3669; x_wconf 75' lang='grc' dir='ltr'>’ἰδίως</span> 
     </span>
    </p>
   </div>
   <div class='ocr_carea' id='block_1_83' title="bbox 2206 3689 3776 3766">
    <p class='ocr_par' dir='ltr' id='par_1_83' title="bbox 2206 3689 3776 3766">
     <span class='ocr_line' id='line_1_83' title="bbox 2206 3689 3776 3766; baseline 0.006 -24"><span class='ocrx_word' id='word_1_690' title='bbox 2206 3689 2264 3742; x_wconf 76' lang='lat'>66</span> <span class='ocrx_word' id='word_1_691' title='bbox 2295 3689 2458 3743; x_wconf 89' lang='grc' dir='ltr'>πάλιν</span> <span class='ocrx_word' id='word_1_692' title='bbox 2490 3689 2634 3758; x_wconf 90' lang='grc' dir='ltr'>λέγω</span> <span class='ocrx_word' id='word_1_693' title='bbox 2671 3707 2754 3742; x_wconf 92' lang='grc' dir='ltr'>σοι</span> <span class='ocrx_word' id='word_1_694' title='bbox 2789 3691 2875 3744; x_wconf 73' lang='grc' dir='ltr'>διὰ</span> <span class='ocrx_word' id='word_1_695' title='bbox 2906 3691 3095 3745; x_wconf 84' lang='grc' dir='ltr'>τοῦτον</span> <span class='ocrx_word' id='word_1_696' title='bbox 3127 3693 3191 3763; x_wconf 81' lang='grc' dir='ltr'>δὴ</span> <span class='ocrx_word' id='word_1_697' title='bbox 3243 3695 3331 3749; x_wconf 78' lang='grc' dir='ltr'>τὸν</span> <span class='ocrx_word' id='word_1_698' title='bbox 3378 3697 3665 3766; x_wconf 66' lang='grc' dir='ltr'>Φραντζῆν</span> <span class='ocrx_word' id='word_1_699' title='bbox 3694 3700 3776 3751; x_wconf 85' lang='grc' dir='ltr'>ὅτι</span> 
     </span>
    </p>
   </div>
   <div class='ocr_carea' id='block_1_84' title="bbox 2209 3781 3776 3858">
    <p class='ocr_par' dir='ltr' id='par_1_84' title="bbox 2209 3781 3776 3858">
     <span class='ocr_line' id='line_1_84' title="bbox 2209 3781 3776 3858; baseline 0.006 -24"><span class='ocrx_word' id='word_1_700' title='bbox 2209 3781 2488 3834; x_wconf 82' lang='grc' dir='ltr'>ὲδούλευσέ</span> <span class='ocrx_word' id='word_1_701' title='bbox 2525 3799 2615 3849; x_wconf 89' lang='grc' dir='ltr'>μοι</span> <span class='ocrx_word' id='word_1_702' title='bbox 2646 3783 2826 3847; x_wconf 88' lang='grc' dir='ltr'>καλῶς</span> <span class='ocrx_word' id='word_1_703' title='bbox 2859 3786 2951 3837; x_wconf 74' lang='grc' dir='ltr'>καὶ</span> <span class='ocrx_word' id='word_1_704' title='bbox 2974 3786 3310 3856; x_wconf 85' lang='grc' dir='ltr'>ὲθεράπευσέ</span> <span class='ocrx_word' id='word_1_705' title='bbox 3345 3805 3436 3856; x_wconf 88' lang='grc' dir='ltr'>μοι</span> <span class='ocrx_word' id='word_1_706' title='bbox 3471 3790 3551 3851; x_wconf 86' lang='grc' dir='ltr'>είς</span> <span class='ocrx_word' id='word_1_707' title='bbox 3578 3792 3645 3842; x_wconf 75' lang='grc' dir='ltr'>τά</span> <span class='ocrx_word' id='word_1_708' title='bbox 3676 3792 3776 3858; x_wconf 76' lang='grc' dir='ltr'>τῆς</span> 
     </span>
    </p>
   </div>
   <div class='ocr_carea' id='block_1_85' title="bbox 2206 3871 3778 3952">
    <p class='ocr_par' dir='ltr' id='par_1_85' title="bbox 2206 3871 3778 3952">
     <span class='ocr_line' id='line_1_85' title="bbox 2206 3871 3778 3952; baseline 0.006 -25"><span class='ocrx_word' id='word_1_709' title='bbox 2206 3871 2384 3942; x_wconf 78' lang='grc' dir='ltr'>ψυχῆς</span> <span class='ocrx_word' id='word_1_710' title='bbox 2437 3891 2540 3942; x_wconf 90' lang='grc' dir='ltr'>μου</span> <span class='ocrx_word' id='word_1_711' title='bbox 2591 3877 2684 3929; x_wconf 78' lang='grc' dir='ltr'>καὶ</span> <span class='ocrx_word' id='word_1_712' title='bbox 2733 3876 2827 3930; x_wconf 86' lang='grc' dir='ltr'>τοῦ</span> <span class='ocrx_word' id='word_1_713' title='bbox 2877 3879 3145 3948; x_wconf 85' lang='grc' dir='ltr'>σώματος,</span> <span class='ocrx_word' id='word_1_714' title='bbox 3177 3882 3271 3934; x_wconf 81' lang='grc' dir='ltr'>καὶ</span> <span class='ocrx_word' id='word_1_715' title='bbox 3322 3881 3419 3933; x_wconf 87' lang='grc' dir='ltr'>νῦν</span> <span class='ocrx_word' id='word_1_716' title='bbox 3464 3884 3545 3946; x_wconf 88' lang='grc' dir='ltr'>είς</span> <span class='ocrx_word' id='word_1_717' title='bbox 3576 3884 3645 3937; x_wconf 73' lang='grc' dir='ltr'>τὰ</span> <span class='ocrx_word' id='word_1_718' title='bbox 3678 3886 3778 3952; x_wconf 76' lang='grc' dir='ltr'>τῆς</span> 
     </span>
    </p>
   </div>
   <div class='ocr_carea' id='block_1_86' title="bbox 2208 3966 3775 4045">
    <p class='ocr_par' dir='ltr' id='par_1_86' title="bbox 2208 3966 3775 4045">
     <span class='ocr_line' id='line_1_86' title="bbox 2208 3966 3775 4045; baseline 0.007 -28"><span class='ocrx_word' id='word_1_719' title='bbox 2208 3966 2495 4028; x_wconf 85' lang='grc' dir='ltr'>ἀσθενείας</span> <span class='ocrx_word' id='word_1_720' title='bbox 2529 3984 2632 4035; x_wconf 90' lang='grc' dir='ltr'>μου</span> <span class='ocrx_word' id='word_1_721' title='bbox 2667 3968 2829 4022; x_wconf 89' lang='grc' dir='ltr'>πλέον</span> <span class='ocrx_word' id='word_1_722' title='bbox 2869 3970 2977 4023; x_wconf 87' lang='grc' dir='ltr'>τῶν</span> <span class='ocrx_word' id='word_1_723' title='bbox 3007 3971 3184 4025; x_wconf 79' lang='grc' dir='ltr'>ἄλλων</span> <span class='ocrx_word' id='word_1_724' title='bbox 3216 3991 3307 4042; x_wconf 88' lang='grc' dir='ltr'>μοι</span> <span class='ocrx_word' id='word_1_725' title='bbox 3340 3974 3654 4045; x_wconf 84' lang='grc' dir='ltr'>θεραπεύει,</span> <span class='ocrx_word' id='word_1_726' title='bbox 3682 3981 3775 4030; x_wconf 74' lang='grc' dir='ltr'>καὶ</span> 
     </span>
    </p>
   </div>
   <div class='ocr_carea' id='block_1_87' title="bbox 2211 4056 3773 4136">
    <p class='ocr_par' dir='ltr' id='par_1_87' title="bbox 2211 4056 3773 4136">
     <span class='ocr_line' id='line_1_87' title="bbox 2211 4056 3773 4136; baseline 0.008 -27"><span class='ocrx_word' id='word_1_727' title='bbox 2211 4056 2400 4127; x_wconf 77' lang='grc' dir='ltr'>θαρρῶ</span> <span class='ocrx_word' id='word_1_728' title='bbox 2428 4060 2508 4111; x_wconf 83' lang='grc' dir='ltr'>ὅτι</span> <span class='ocrx_word' id='word_1_729' title='bbox 2540 4062 2634 4113; x_wconf 76' lang='grc' dir='ltr'>καὶ</span> <span class='ocrx_word' id='word_1_730' title='bbox 2661 4062 2727 4114; x_wconf 80' lang='grc' dir='ltr'>τά</span> <span class='ocrx_word' id='word_1_731' title='bbox 2749 4062 2889 4132; x_wconf 80' lang='grc' dir='ltr'>ὑπὲρ</span> <span class='ocrx_word' id='word_1_732' title='bbox 2919 4062 3016 4131; x_wconf 84' lang='grc' dir='ltr'>τῆς</span> <span class='ocrx_word' id='word_1_733' title='bbox 3048 4063 3230 4134; x_wconf 81' lang='grc' dir='ltr'>ψυχῆς</span> <span class='ocrx_word' id='word_1_734' title='bbox 3254 4083 3354 4134; x_wconf 92' lang='grc' dir='ltr'>μου</span> <span class='ocrx_word' id='word_1_735' title='bbox 3379 4068 3518 4136; x_wconf 83' lang='grc' dir='ltr'>μετά</span> <span class='ocrx_word' id='word_1_736' title='bbox 3542 4068 3773 4121; x_wconf 86' lang='grc' dir='ltr'>θάνατον</span> 
     </span>
    </p>
   </div>
   <div class='ocr_carea' id='block_1_88' title="bbox 2208 4146 3771 4224">
    <p class='ocr_par' dir='ltr' id='par_1_88' title="bbox 2208 4146 3771 4224">
     <span class='ocr_line' id='line_1_88' title="bbox 2208 4146 3771 4224; baseline 0.006 -25"><span class='ocrx_word' id='word_1_737' title='bbox 2208 4146 2390 4209; x_wconf 86' lang='grc' dir='ltr'>καλῶς</span> <span class='ocrx_word' id='word_1_738' title='bbox 2422 4148 2489 4201; x_wconf 84' lang='grc' dir='ltr'>τά</span> <span class='ocrx_word' id='word_1_739' title='bbox 2522 4148 2666 4202; x_wconf 89' lang='grc' dir='ltr'>θέλει</span> <span class='ocrx_word' id='word_1_740' title='bbox 2698 4148 3137 4221; x_wconf 70' lang='grc' dir='ltr'>ἐξοικονομήσειν</span> <span class='ocrx_word' id='word_1_741' title='bbox 3159 4169 3172 4182; x_wconf 80' lang='grc'><em>’</em></span> <span class='ocrx_word' id='word_1_742' title='bbox 3200 4155 3233 4223; x_wconf 74' lang='grc' dir='ltr'><strong>ἡ</strong></span> <span class='ocrx_word' id='word_1_743' title='bbox 3269 4155 3457 4224; x_wconf 86' lang='grc' dir='ltr'>νεότης</span> <span class='ocrx_word' id='word_1_744' title='bbox 3489 4156 3584 4209; x_wconf 87' lang='lat' dir='ltr'>06v</span> <span class='ocrx_word' id='word_1_745' title='bbox 3607 4156 3771 4209; x_wconf 83' lang='lat'>06106</span> 
     </span>
    </p>
   </div>
   <div class='ocr_carea' id='block_1_89' title="bbox 2211 4238 3773 4316">
    <p class='ocr_par' dir='ltr' id='par_1_89' title="bbox 2211 4238 3773 4316">
     <span class='ocr_line' id='line_1_89' title="bbox 2211 4238 3773 4316; baseline 0.005 -25"><span class='ocrx_word' id='word_1_746' title='bbox 2211 4238 2307 4291; x_wconf 73' lang='grc' dir='ltr'>καὶ</span> <span class='ocrx_word' id='word_1_747' title='bbox 2340 4238 2402 4291; x_wconf 87' lang='lat'>16</span> <span class='ocrx_word' id='word_1_748' title='bbox 2433 4240 2611 4310; x_wconf 81' lang='grc' dir='ltr'>γῆρας</span> <span class='ocrx_word' id='word_1_749' title='bbox 2657 4241 2717 4293; x_wconf 82' lang='grc' dir='ltr'><strong>τὸ</strong></span> <span class='ocrx_word' id='word_1_750' title='bbox 2763 4242 2893 4311; x_wconf 78' lang='grc' dir='ltr'>ἐμδν</span> <span class='ocrx_word' id='word_1_751' title='bbox 2940 4244 3093 4296; x_wconf 84' lang='grc' dir='ltr'>οὐδὲν</span> <span class='ocrx_word' id='word_1_752' title='bbox 3143 4246 3362 4315; x_wconf 82' lang='grc' dir='ltr'>ἀφῆκαν</span> <span class='ocrx_word' id='word_1_753' title='bbox 3414 4247 3501 4300; x_wconf 79' lang='grc' dir='ltr'>ἵνα</span> <span class='ocrx_word' id='word_1_754' title='bbox 3550 4248 3773 4316; x_wconf 73' lang='grc' dir='ltr'>γένηται</span> 
     </span>
    </p>
   </div>
   <div class='ocr_carea' id='block_1_90' title="bbox 2212 4332 3775 4406">
    <p class='ocr_par' dir='ltr' id='par_1_90' title="bbox 2212 4332 3775 4406">
     <span class='ocr_line' id='line_1_90' title="bbox 2212 4332 3775 4406; baseline 0.006 -23"><span class='ocrx_word' id='word_1_755' title='bbox 2212 4332 2349 4402; x_wconf 80' lang='lat'>1196;</span> <span class='ocrx_word' id='word_1_756' title='bbox 2390 4332 2550 4384; x_wconf 69' lang='grc' dir='ltr'>αὐτὸν</span> <span class='ocrx_word' id='word_1_757' title='bbox 2588 4332 2839 4397; x_wconf 80' lang='grc' dir='ltr'>ἀντάξιον</span> <span class='ocrx_word' id='word_1_758' title='bbox 2887 4337 2983 4404; x_wconf 82' lang='grc' dir='ltr'>τῆς</span> <span class='ocrx_word' id='word_1_759' title='bbox 3032 4336 3253 4406; x_wconf 81' lang='grc' dir='ltr'>ἀγάπης</span> <span class='ocrx_word' id='word_1_760' title='bbox 3302 4339 3397 4391; x_wconf 80' lang='grc' dir='ltr'>καὶ</span> <span class='ocrx_word' id='word_1_761' title='bbox 3451 4339 3775 4402; x_wconf 71' lang='grc' dir='ltr'>δουλοσύνττς</span> 
     </span>
    </p>
   </div>
   <div class='ocr_carea' id='block_1_91' title="bbox 538 4423 3775 4501">
    <p class='ocr_par' dir='ltr' id='par_1_91' title="bbox 538 4423 3775 4501">
     <span class='ocr_line' id='line_1_91' title="bbox 538 4423 3775 4501; baseline 0.002 -18"><span class='ocrx_word' id='word_1_762' title='bbox 538 4432 831 4497; x_wconf 81' lang='grc' dir='ltr'>γενόμενος</span> <span class='ocrx_word' id='word_1_763' title='bbox 874 4426 1115 4493; x_wconf 82' lang='grc' dir='ltr'>ἀοίδιμος</span> <span class='ocrx_word' id='word_1_764' title='bbox 1158 4426 1252 4477; x_wconf 77' lang='grc' dir='ltr'>καὶ</span> <span class='ocrx_word' id='word_1_765' title='bbox 1289 4426 1517 4493; x_wconf 74' lang='grc' dir='ltr'>εὐσεόὴς</span> <span class='ocrx_word' id='word_1_766' title='bbox 1563 4426 1816 4492; x_wconf 83' lang='grc' dir='ltr'>βασιλεὺς</span> <span class='ocrx_word' id='word_1_767' title='bbox 1846 4430 1950 4497; x_wconf 84' lang='grc' dir='ltr'>κὺρ</span> <span class='ocrx_word' id='word_1_768' title='bbox 1979 4430 2101 4482; x_wconf 65' lang='grc' dir='ltr'>Μαι</span> <span class='ocrx_word' id='word_1_769' title='bbox 2136 4446 2180 4501; x_wconf 76' lang='grc' dir='ltr'>ι)</span> <span class='ocrx_word' id='word_1_770' title='bbox 2210 4425 2397 4477; x_wconf 75' lang='grc' dir='ltr'>αὖτοῦο</span> <span class='ocrx_word' id='word_1_771' title='bbox 2432 4423 2661 4492; x_wconf 81' lang='grc' dir='ltr'>Ἀφίημι</span> <span class='ocrx_word' id='word_1_772' title='bbox 2687 4424 2745 4476; x_wconf 81' lang='grc' dir='ltr'>δὲ</span> <span class='ocrx_word' id='word_1_773' title='bbox 2776 4425 2939 4476; x_wconf 72' lang='grc' dir='ltr'>αὑτὸν</span> <span class='ocrx_word' id='word_1_774' title='bbox 2967 4426 3047 4488; x_wconf 79' lang='grc' dir='ltr'>εις</span> <span class='ocrx_word' id='word_1_775' title='bbox 3082 4428 3162 4490; x_wconf 74' lang='grc' dir='ltr'>σὲ,</span> <span class='ocrx_word' id='word_1_776' title='bbox 3190 4428 3284 4479; x_wconf 67' lang='grc' dir='ltr'>καὶ</span> <span class='ocrx_word' id='word_1_777' title='bbox 3309 4429 3373 4480; x_wconf 68' lang='grc' dir='ltr'>νά</span> <span class='ocrx_word' id='word_1_778' title='bbox 3399 4429 3527 4499; x_wconf 74' lang='grc' dir='ltr'>ἔχῃς</span> <span class='ocrx_word' id='word_1_779' title='bbox 3559 4431 3656 4498; x_wconf 69' lang='grc' dir='ltr'>τὴν</span> <span class='ocrx_word' id='word_1_780' title='bbox 3690 4432 3775 4481; x_wconf 79' lang='grc' dir='ltr'>εὖ-</span> 
     </span>
    </p>
   </div>
   <div class='ocr_carea' id='block_1_92' title="bbox 541 4514 2100 4587">
    <p class='ocr_par' dir='ltr' id='par_1_92' title="bbox 541 4514 2100 4587">
     <span class='ocr_line' id='line_1_92' title="bbox 541 4514 2100 4587; baseline 0.001 -18"><span class='ocrx_word' id='word_1_781' title='bbox 541 4518 724 4587; x_wconf 76' lang='grc' dir='ltr'>νουὴλ,</span> <span class='ocrx_word' id='word_1_782' title='bbox 756 4520 783 4568; x_wconf 90' lang='grc' dir='ltr'>ὁ</span> <span class='ocrx_word' id='word_1_783' title='bbox 811 4516 897 4567; x_wconf 78' lang='grc' dir='ltr'>διὰ</span> <span class='ocrx_word' id='word_1_784' title='bbox 927 4514 1019 4566; x_wconf 86' lang='grc' dir='ltr'>τοῦ</span> <span class='ocrx_word' id='word_1_785' title='bbox 1052 4516 1193 4566; x_wconf 88' lang='grc' dir='ltr'>θείου</span> <span class='ocrx_word' id='word_1_786' title='bbox 1226 4517 1318 4567; x_wconf 73' lang='grc' dir='ltr'>καὶ</span> <span class='ocrx_word' id='word_1_787' title='bbox 1343 4516 1633 4583; x_wconf 84' lang='grc' dir='ltr'>ἀγγελικοῦ</span> <span class='ocrx_word' id='word_1_788' title='bbox 1661 4518 1939 4586; x_wconf 79' lang='grc' dir='ltr'>σχήματος</span> <span class='ocrx_word' id='word_1_789' title='bbox 1971 4535 2100 4586; x_wconf 87' lang='grc' dir='ltr'>μετ-</span> 
     </span>
    </p>
   </div>
   <div class='ocr_carea' id='block_1_93' title="bbox 516 4590 2101 4678">
    <p class='ocr_par' dir='ltr' id='par_1_93' title="bbox 516 4590 2101 4678">
     <span class='ocr_line' id='line_1_93' title="bbox 516 4590 2101 4678; baseline -0.001 -17"><span class='ocrx_word' id='word_1_790' title='bbox 516 4590 861 4678; x_wconf 70' lang='grc' dir='ltr'>ονομασθεὶς</span> <span class='ocrx_word' id='word_1_791' title='bbox 890 4608 996 4675; x_wconf 76' lang='grc' dir='ltr'>πρὸ</span> <span class='ocrx_word' id='word_1_792' title='bbox 1029 4605 1254 4675; x_wconf 77' lang='grc' dir='ltr'>ἡμερῶν</span> <span class='ocrx_word' id='word_1_793' title='bbox 1287 4605 1331 4675; x_wconf 86' lang='grc' dir='ltr'>β’</span> <span class='ocrx_word' id='word_1_794' title='bbox 1374 4607 1649 4665; x_wconf 85' lang='grc' dir='ltr'>Ματθαῖος</span> <span class='ocrx_word' id='word_1_795' title='bbox 1687 4609 1937 4676; x_wconf 67' lang='grc' dir='ltr'>μοναχδς,</span> <span class='ocrx_word' id='word_1_796' title='bbox 2004 4611 2101 4662; x_wconf 76' lang='grc' dir='ltr'>καὶ</span> 
     </span>
    </p>
   </div>
   <div class='ocr_carea' id='block_1_94' title="bbox 542 4698 2103 4771">
    <p class='ocr_par' dir='ltr' id='par_1_94' title="bbox 542 4698 2103 4771">
     <span class='ocr_line' id='line_1_94' title="bbox 542 4698 2103 4771; baseline 0 -18"><span class='ocrx_word' id='word_1_797' title='bbox 542 4703 714 4771; x_wconf 67' lang='grc' dir='ltr'>ἐτάφη</span> <span class='ocrx_word' id='word_1_798' title='bbox 746 4702 811 4769; x_wconf 81' lang='grc' dir='ltr'>τῇ</span> <span class='ocrx_word' id='word_1_799' title='bbox 838 4698 971 4768; x_wconf 83' lang='grc' dir='ltr'>αὐτῇ</span> <span class='ocrx_word' id='word_1_800' title='bbox 1002 4699 1185 4767; x_wconf 68' lang='grc' dir='ltr'>ἡμέρᾳ</span> <span class='ocrx_word' id='word_1_801' title='bbox 1218 4699 1274 4752; x_wconf 87' lang='lat' dir='ltr'>6v</span> <span class='ocrx_word' id='word_1_802' title='bbox 1307 4702 1371 4769; x_wconf 81' lang='grc' dir='ltr'>τῇ</span> <span class='ocrx_word' id='word_1_803' title='bbox 1418 4700 1692 4769; x_wconf 77' lang='grc' dir='ltr'>σεὸασμία</span> <span class='ocrx_word' id='word_1_804' title='bbox 1727 4698 1981 4771; x_wconf 81' lang='grc' dir='ltr'>βασιλικῇ</span> <span class='ocrx_word' id='word_1_805' title='bbox 2001 4702 2103 4753; x_wconf 71' lang='grc' dir='ltr'>καὶ</span> 
     </span>
    </p>
   </div>
   <div class='ocr_carea' id='block_1_95' title="bbox 538 4790 2102 4862">
    <p class='ocr_par' dir='ltr' id='par_1_95' title="bbox 538 4790 2102 4862">
     <span class='ocr_line' id='line_1_95' title="bbox 538 4790 2102 4862; baseline 0 -19"><span class='ocrx_word' id='word_1_806' title='bbox 538 4793 861 4862; x_wconf 82' lang='grc' dir='ltr'>περικαλλεῖ</span> <span class='ocrx_word' id='word_1_807' title='bbox 891 4794 1025 4859; x_wconf 84' lang='grc' dir='ltr'>μονῇ</span> <span class='ocrx_word' id='word_1_808' title='bbox 1056 4790 1149 4843; x_wconf 87' lang='grc' dir='ltr'>τοῦ</span> <span class='ocrx_word' id='word_1_809' title='bbox 1185 4792 1637 4860; x_wconf 86' lang='grc' dir='ltr'>Παντοκράτορος</span> <span class='ocrx_word' id='word_1_810' title='bbox 1688 4791 1829 4858; x_wconf 86' lang='grc' dir='ltr'>μετά</span> <span class='ocrx_word' id='word_1_811' title='bbox 1870 4792 2102 4854; x_wconf 84' lang='grc' dir='ltr'>πένθους</span> 
     </span>
    </p>
   </div>
   <div class='ocr_carea' id='block_1_96' title="bbox 538 4879 2102 4949">
    <p class='ocr_par' dir='ltr' id='par_1_96' title="bbox 538 4879 2102 4949">
     <span class='ocr_line' id='line_1_96' title="bbox 538 4879 2102 4949; baseline 0 -17"><span class='ocrx_word' id='word_1_812' title='bbox 538 4883 632 4933; x_wconf 73' lang='grc' dir='ltr'>καὶ</span> <span class='ocrx_word' id='word_1_813' title='bbox 662 4880 966 4949; x_wconf 66' lang='grc' dir='ltr'>συνδρομῆς</span> <span class='ocrx_word' id='word_1_814' title='bbox 1003 4879 1122 4942; x_wconf 82' lang='grc' dir='ltr'>οἵας</span> <span class='ocrx_word' id='word_1_815' title='bbox 1155 4880 1213 4931; x_wconf 80' lang='grc' dir='ltr'>οὐ</span> <span class='ocrx_word' id='word_1_816' title='bbox 1247 4880 1436 4946; x_wconf 88' lang='grc' dir='ltr'>γέγονε</span> <span class='ocrx_word' id='word_1_817' title='bbox 1486 4880 1703 4932; x_wconf 86' lang='grc' dir='ltr'>πώποτε</span> <span class='ocrx_word' id='word_1_818' title='bbox 1732 4879 1811 4943; x_wconf 85' lang='grc' dir='ltr'>είς</span> <span class='ocrx_word' id='word_1_819' title='bbox 1845 4898 1966 4932; x_wconf 89' lang='grc' dir='ltr'>τινα</span> <span class='ocrx_word' id='word_1_820' title='bbox 1994 4881 2102 4933; x_wconf 90' lang='grc' dir='ltr'>τῶν</span> 
     </span>
    </p>
   </div>
   <div class='ocr_carea' id='block_1_97' title="bbox 539 4967 2102 5040">
    <p class='ocr_par' dir='ltr' id='par_1_97' title="bbox 539 4967 2102 5040">
     <span class='ocr_line' id='line_1_97' title="bbox 539 4967 2102 5040; baseline -0.002 -16"><span class='ocrx_word' id='word_1_821' title='bbox 539 4972 715 5024; x_wconf 84' lang='grc' dir='ltr'>ἄλλων</span> <span class='ocrx_word' id='word_1_822' title='bbox 741 4988 751 4999; x_wconf 83' lang='grc'><strong>·</strong></span> <span class='ocrx_word' id='word_1_823' title='bbox 776 4967 915 5039; x_wconf 75' lang='grc' dir='ltr'>ἦσαν</span> <span class='ocrx_word' id='word_1_824' title='bbox 938 4971 991 5023; x_wconf 81' lang='grc' dir='ltr'>δὲ</span> <span class='ocrx_word' id='word_1_825' title='bbox 1012 4972 1185 5023; x_wconf 78' lang='grc' dir='ltr'>πᾶσαι</span> <span class='ocrx_word' id='word_1_826' title='bbox 1210 4972 1267 5022; x_wconf 87' lang='grc' dir='ltr'><strong>αί</strong></span> <span class='ocrx_word' id='word_1_827' title='bbox 1293 4970 1386 5039; x_wconf 77' lang='grc' dir='ltr'>τῆς</span> <span class='ocrx_word' id='word_1_828' title='bbox 1413 4968 1557 5038; x_wconf 74' lang='grc' dir='ltr'>ζωῆς</span> <span class='ocrx_word' id='word_1_829' title='bbox 1585 4970 1750 5023; x_wconf 85' lang='grc' dir='ltr'>αὐτοῦ</span> <span class='ocrx_word' id='word_1_830' title='bbox 1778 4971 1982 5040; x_wconf 77' lang='grc' dir='ltr'>ἡμέραι</span> <span class='ocrx_word' id='word_1_831' title='bbox 2006 4970 2102 5040; x_wconf 78' lang='grc' dir='ltr'>ἐτη</span> 
     </span>
    </p>
   </div>
   <div class='ocr_carea' id='block_1_98' title="bbox 540 5060 1099 5131">
    <p class='ocr_par' dir='ltr' id='par_1_98' title="bbox 540 5060 1099 5131">
     <span class='ocr_line' id='line_1_98' title="bbox 540 5060 1099 5131; baseline 0.002 -17"><span class='ocrx_word' id='word_1_832' title='bbox 540 5060 614 5126; x_wconf 67' lang='lat'>01’,&quot;</span> <span class='ocrx_word' id='word_1_833' title='bbox 647 5062 739 5113; x_wconf 78' lang='grc' dir='ltr'>καὶ</span> <span class='ocrx_word' id='word_1_834' title='bbox 770 5063 971 5131; x_wconf 80' lang='grc' dir='ltr'>ἡμέραι</span> <span class='ocrx_word' id='word_1_835' title='bbox 1004 5067 1099 5116; x_wconf 81' lang='grc' dir='ltr'>κε’.</span> 
     </span>
    </p>
   </div>
   <div class='ocr_carea' id='block_1_99' title="bbox 612 5151 2105 5224">
    <p class='ocr_par' dir='ltr' id='par_1_99' title="bbox 612 5151 2105 5224">
     <span class='ocr_line' id='line_1_99' title="bbox 612 5151 2105 5224; baseline 0.001 -19"><span class='ocrx_word' id='word_1_836' title='bbox 612 5151 765 5224; x_wconf 67' lang='grc'><strong>[122]</strong></span> <span class='ocrx_word' id='word_1_837' title='bbox 794 5152 900 5203; x_wconf 67' lang='lat' dir='ltr'>K01</span> <span class='ocrx_word' id='word_1_838' title='bbox 933 5151 1009 5221; x_wconf 86' lang='grc' dir='ltr'>τῷ</span> <span class='ocrx_word' id='word_1_839' title='bbox 1043 5151 1158 5223; x_wconf 71' lang='grc' dir='ltr'>(λδ)</span> <span class='ocrx_word' id='word_1_840' title='bbox 1191 5151 1299 5204; x_wconf 81' lang='grc' dir='ltr'><strong>ἔτει</strong></span> <span class='ocrx_word' id='word_1_841' title='bbox 1337 5154 1463 5221; x_wconf 63' lang='grc' dir='ltr'>μηνὶ</span> <span class='ocrx_word' id='word_1_842' title='bbox 1492 5152 1786 5224; x_wconf 77' lang='grc' dir='ltr'>Αὐγούστῳ</span> <span class='ocrx_word' id='word_1_843' title='bbox 1816 5153 1967 5224; x_wconf 72' lang='grc' dir='ltr'>διέϐη</span> <span class='ocrx_word' id='word_1_844' title='bbox 2002 5171 2105 5223; x_wconf 82' lang='grc' dir='ltr'>φυ-</span> 
     </span>
    </p>
   </div>
   <div class='ocr_carea' id='block_1_100' title="bbox 542 5243 2086 5316">
    <p class='ocr_par' dir='ltr' id='par_1_100' title="bbox 542 5243 2086 5316">
     <span class='ocr_line' id='line_1_100' title="bbox 542 5243 2086 5316; baseline 0 -18"><span class='ocrx_word' id='word_1_845' title='bbox 542 5245 717 5315; x_wconf 88' lang='grc' dir='ltr'>γοῦσα</span> <span class='ocrx_word' id='word_1_846' title='bbox 751 5246 829 5305; x_wconf 88' lang='grc' dir='ltr'>είς</span> <span class='ocrx_word' id='word_1_847' title='bbox 862 5243 958 5312; x_wconf 82' lang='grc' dir='ltr'>τὴν</span> <span class='ocrx_word' id='word_1_848' title='bbox 994 5244 1163 5313; x_wconf 83' lang='grc' dir='ltr'>αὐτῆς</span> <span class='ocrx_word' id='word_1_849' title='bbox 1210 5244 1445 5313; x_wconf 82' lang='grc' dir='ltr'>πατρίδα</span> <span class='ocrx_word' id='word_1_850' title='bbox 1470 5246 1503 5314; x_wconf 81' lang='grc' dir='ltr'>ἡ</span> <span class='ocrx_word' id='word_1_851' title='bbox 1538 5244 1797 5298; x_wconf 73' lang='grc' dir='ltr'>δέσποινα</span> <span class='ocrx_word' id='word_1_852' title='bbox 1827 5247 1994 5316; x_wconf 86' lang='grc' dir='ltr'>κυρία</span> <span class='ocrx_word' id='word_1_853' title='bbox 2019 5247 2086 5298; x_wconf 93' lang='grc' dir='ltr'>Σο</span> 
     </span>
    </p>
   </div>
   <div class='ocr_carea' id='block_1_101' title="bbox 545 5338 662 5407">
    <p class='ocr_par' dir='ltr' id='par_1_101' title="bbox 545 5338 662 5407">
     <span class='ocr_line' id='line_1_101' title="bbox 545 5338 662 5407; baseline -0.009 -18"><span class='ocrx_word' id='word_1_854' title='bbox 545 5338 662 5407; x_wconf 77' lang='grc' dir='ltr'>φία.</span> 
     </span>
    </p>
   </div>
   <div class='ocr_carea' id='block_1_102' title="bbox 616 5424 2108 5499">
    <p class='ocr_par' dir='ltr' id='par_1_102' title="bbox 616 5424 2108 5499">
     <span class='ocr_line' id='line_1_102' title="bbox 616 5424 2108 5499; baseline 0 -19"><span class='ocrx_word' id='word_1_855' title='bbox 616 5424 769 5499; x_wconf 63' lang='lat'>[19-5]</span> <span class='ocrx_word' id='word_1_856' title='bbox 798 5425 902 5479; x_wconf 84' lang='grc' dir='ltr'>Καί</span> <span class='ocrx_word' id='word_1_857' title='bbox 928 5424 1004 5495; x_wconf 84' lang='grc' dir='ltr'>τῷ</span> <span class='ocrx_word' id='word_1_858' title='bbox 1030 5425 1145 5494; x_wconf 85' lang='grc' dir='ltr'>(λε’)</span> <span class='ocrx_word' id='word_1_859' title='bbox 1176 5425 1286 5480; x_wconf 78' lang='grc' dir='ltr'>ἔτει</span> <span class='ocrx_word' id='word_1_860' title='bbox 1328 5429 1421 5481; x_wconf 90' lang='grc' dir='ltr'>τοῦ</span> <span class='ocrx_word' id='word_1_861' title='bbox 1462 5430 1773 5496; x_wconf 79' lang='grc' dir='ltr'>Αὐγούστου</span> <span class='ocrx_word' id='word_1_862' title='bbox 1807 5429 1887 5483; x_wconf 74' lang='grc' dir='ltr'>κθ¹</span> <span class='ocrx_word' id='word_1_863' title='bbox 1915 5429 2108 5499; x_wconf 78' lang='grc' dir='ltr'>ἔφερον</span> 
     </span>
    </p>
   </div>
   <div class='ocr_carea' id='block_1_103' title="bbox 547 5516 2076 5591">
    <p class='ocr_par' dir='ltr' id='par_1_103' title="bbox 547 5516 2076 5591">
     <span class='ocr_line' id='line_1_103' title="bbox 547 5516 2076 5591; baseline 0.003 -23"><span class='ocrx_word' id='word_1_864' title='bbox 547 5520 686 5586; x_wconf 68' lang='grc' dir='ltr'>μετὰ</span> <span class='ocrx_word' id='word_1_865' title='bbox 716 5517 997 5584; x_wconf 81' lang='grc' dir='ltr'>κατέργων</span> <span class='ocrx_word' id='word_1_866' title='bbox 1028 5516 1132 5568; x_wconf 72' lang='grc' dir='ltr'>ἀπὸ</span> <span class='ocrx_word' id='word_1_867' title='bbox 1165 5518 1264 5588; x_wconf 79' lang='grc' dir='ltr'>τὴν</span> <span class='ocrx_word' id='word_1_868' title='bbox 1300 5516 1718 5588; x_wconf 79' lang='grc' dir='ltr'>Τραπεζοῦνταν</span> <span class='ocrx_word' id='word_1_869' title='bbox 1758 5523 1954 5591; x_wconf 87' lang='grc' dir='ltr'>κυρίαν</span> <span class='ocrx_word' id='word_1_870' title='bbox 1987 5525 2076 5575; x_wconf 83' lang='grc' dir='ltr'>Μα</span> 
     </span>
    </p>
   </div>
   <div class='ocr_carea' id='block_1_104' title="bbox 546 5606 2107 5680">
    <p class='ocr_par' dir='ltr' id='par_1_104' title="bbox 546 5606 2107 5680">
     <span class='ocr_line' id='line_1_104' title="bbox 546 5606 2107 5680; baseline 0.002 -23"><span class='ocrx_word' id='word_1_871' title='bbox 546 5610 666 5675; x_wconf 80' lang='grc' dir='ltr'>ρίαν</span> <span class='ocrx_word' id='word_1_872' title='bbox 682 5606 778 5676; x_wconf 80' lang='grc' dir='ltr'>τὴν</span> <span class='ocrx_word' id='word_1_873' title='bbox 804 5606 1113 5675; x_wconf 79' lang='grc' dir='ltr'>Κομνηνὴν,</span> <span class='ocrx_word' id='word_1_874' title='bbox 1133 5606 1441 5678; x_wconf 77' lang='grc' dir='ltr'>θυγατέραν</span> <span class='ocrx_word' id='word_1_875' title='bbox 1460 5612 1563 5680; x_wconf 78' lang='grc' dir='ltr'>κῦρ</span> <span class='ocrx_word' id='word_1_876' title='bbox 1586 5609 1673 5661; x_wconf 80' lang='grc' dir='ltr'>’Λλ</span> <span class='ocrx_word' id='word_1_877' title='bbox 1712 5611 1823 5673; x_wconf 76' lang='grc' dir='ltr'>ξίου</span> <span class='ocrx_word' id='word_1_878' title='bbox 1846 5609 2107 5679; x_wconf 82' lang='grc' dir='ltr'>βασιλέως</span> 
     </span>
    </p>
   </div>
   <div class='ocr_carea' id='block_1_105' title="bbox 546 5697 1415 5769">
    <p class='ocr_par' dir='ltr' id='par_1_105' title="bbox 546 5697 1415 5769">
     <span class='ocr_line' id='line_1_105' title="bbox 546 5697 1415 5769; baseline 0.007 -21"><span class='ocrx_word' id='word_1_879' title='bbox 546 5697 957 5765; x_wconf 76' lang='grc' dir='ltr'>Τραπεζοῦντος</span> <span class='ocrx_word' id='word_1_880' title='bbox 983 5697 1073 5750; x_wconf 86' lang='grc' dir='ltr'>τοῦ</span> <span class='ocrx_word' id='word_1_881' title='bbox 1107 5699 1415 5769; x_wconf 82' lang='grc' dir='ltr'>Κομνηνοῦ.</span> 
     </span>
    </p>
   </div>
   <div class='ocr_carea' id='block_1_106' title="bbox 2207 4513 3772 4589">
    <p class='ocr_par' dir='ltr' id='par_1_106' title="bbox 2207 4513 3772 4589">
     <span class='ocr_line' id='line_1_106' title="bbox 2207 4513 3772 4589; baseline 0.002 -23"><span class='ocrx_word' id='word_1_882' title='bbox 2207 4514 2310 4583; x_wconf 78' lang='grc' dir='ltr'>χήν</span> <span class='ocrx_word' id='word_1_883' title='bbox 2347 4531 2473 4583; x_wconf 88' lang='grc' dir='ltr'>μου,</span> <span class='ocrx_word' id='word_1_884' title='bbox 2506 4514 2565 4565; x_wconf 91' lang='lat'>16</span> <span class='ocrx_word' id='word_1_885' title='bbox 2610 4513 2860 4582; x_wconf 77' lang='grc' dir='ltr'>ὲτύχενεν</span> <span class='ocrx_word' id='word_1_886' title='bbox 2893 4514 2979 4567; x_wconf 78' lang='grc' dir='ltr'>ἵνα</span> <span class='ocrx_word' id='word_1_887' title='bbox 3024 4517 3248 4585; x_wconf 87' lang='grc' dir='ltr'>γένηται</span> <span class='ocrx_word' id='word_1_888' title='bbox 3283 4519 3414 4588; x_wconf 82' lang='grc' dir='ltr'>παρ’</span> <span class='ocrx_word' id='word_1_889' title='bbox 3462 4522 3597 4588; x_wconf 79' lang='grc' dir='ltr'>ἐμοῦ</span> <span class='ocrx_word' id='word_1_890' title='bbox 3640 4521 3772 4589; x_wconf 70' lang='grc' dir='ltr'>πρὸς</span> 
     </span>
    </p>
   </div>
   <div class='ocr_carea' id='block_1_107' title="bbox 2210 4604 3773 4679">
    <p class='ocr_par' dir='ltr' id='par_1_107' title="bbox 2210 4604 3773 4679">
     <span class='ocr_line' id='line_1_107' title="bbox 2210 4604 3773 4679; baseline 0.005 -22"><span class='ocrx_word' id='word_1_891' title='bbox 2210 4606 2391 4667; x_wconf 72' lang='grc' dir='ltr'>αὐτον,</span> <span class='ocrx_word' id='word_1_892' title='bbox 2419 4604 2512 4657; x_wconf 79' lang='grc' dir='ltr'>καὶ</span> <span class='ocrx_word' id='word_1_893' title='bbox 2539 4605 2691 4658; x_wconf 84' lang='grc' dir='ltr'>οὐδὲν</span> <span class='ocrx_word' id='word_1_894' title='bbox 2723 4606 2941 4672; x_wconf 83' lang='grc' dir='ltr'>ἐγένετο</span> <span class='ocrx_word' id='word_1_895' title='bbox 2969 4606 3035 4659; x_wconf 86' lang='grc' dir='ltr'>δι’</span> <span class='ocrx_word' id='word_1_896' title='bbox 3066 4606 3131 4669; x_wconf 74' lang='grc' dir='ltr'>ἃς</span> <span class='ocrx_word' id='word_1_897' title='bbox 3165 4609 3338 4671; x_wconf 85' lang='grc' dir='ltr'>αἰτίας</span> <span class='ocrx_word' id='word_1_898' title='bbox 3370 4606 3544 4674; x_wconf 74' lang='grc' dir='ltr'>εἷπον,</span> <span class='ocrx_word' id='word_1_899' title='bbox 3589 4612 3652 4673; x_wconf 80' lang='grc' dir='ltr'>ἃς</span> <span class='ocrx_word' id='word_1_900' title='bbox 3684 4614 3773 4679; x_wconf 79' lang='grc' dir='ltr'>γί-</span> 
     </span>
    </p>
   </div>
   <div class='ocr_carea' id='block_1_108' title="bbox 2209 4696 3769 4772">
    <p class='ocr_par' dir='ltr' id='par_1_108' title="bbox 2209 4696 3769 4772">
     <span class='ocr_line' id='line_1_108' title="bbox 2209 4696 3769 4772; baseline 0.005 -25"><span class='ocrx_word' id='word_1_901' title='bbox 2209 4713 2366 4764; x_wconf 82' lang='grc' dir='ltr'>νηται</span> <span class='ocrx_word' id='word_1_902' title='bbox 2404 4697 2556 4765; x_wconf 74' lang='grc' dir='ltr'>παρὰ</span> <span class='ocrx_word' id='word_1_903' title='bbox 2593 4696 2687 4749; x_wconf 83' lang='grc' dir='ltr'>σοῦ</span> <span class='ocrx_word' id='word_1_904' title='bbox 2713 4712 2727 4725; x_wconf 89' lang='grc'><strong>·</strong></span> <span class='ocrx_word' id='word_1_905' title='bbox 2766 4698 2954 4767; x_wconf 81' lang='grc' dir='ltr'>ἐπειδὴ</span> <span class='ocrx_word' id='word_1_906' title='bbox 2990 4700 3133 4767; x_wconf 85' lang='grc' dir='ltr'>μετὰ</span> <span class='ocrx_word' id='word_1_907' title='bbox 3185 4700 3278 4753; x_wconf 92' lang='grc' dir='ltr'>τοῦ</span> <span class='ocrx_word' id='word_1_908' title='bbox 3308 4701 3573 4755; x_wconf 84' lang='grc' dir='ltr'>δεσπότου</span> <span class='ocrx_word' id='word_1_909' title='bbox 3606 4703 3769 4772; x_wconf 81' lang='grc' dir='ltr'>κυροῦ</span> 
     </span>
    </p>
   </div>
   <div class='ocr_carea' id='block_1_109' title="bbox 2212 4784 3771 4862">
    <p class='ocr_par' dir='ltr' id='par_1_109' title="bbox 2212 4784 3771 4862">
     <span class='ocr_line' id='line_1_109' title="bbox 2212 4784 3771 4862; baseline 0.004 -24"><span class='ocrx_word' id='word_1_910' title='bbox 2212 4788 2631 4839; x_wconf 82' lang='grc' dir='ltr'>Κωνσταντίνου</span> <span class='ocrx_word' id='word_1_911' title='bbox 2684 4784 2833 4858; x_wconf 74' lang='grc' dir='ltr'>εἶχον</span> <span class='ocrx_word' id='word_1_912' title='bbox 2866 4790 3090 4859; x_wconf 83' lang='grc' dir='ltr'>ἀγάπην</span> <span class='ocrx_word' id='word_1_913' title='bbox 3121 4793 3215 4843; x_wconf 71' lang='grc' dir='ltr'>καὶ</span> <span class='ocrx_word' id='word_1_914' title='bbox 3250 4791 3625 4862; x_wconf 79' lang='grc' dir='ltr'>πληροφορίαν</span> <span class='ocrx_word' id='word_1_915' title='bbox 3654 4795 3718 4862; x_wconf 69' lang='grc' dir='ltr'>ἢν</span> <span class='ocrx_word' id='word_1_916' title='bbox 3744 4796 3771 4845; x_wconf 92' lang='lat'>6</span> 
     </span>
    </p>
   </div>
   <div class='ocr_carea' id='block_1_110' title="bbox 2211 4866 3771 4954">
    <p class='ocr_par' dir='ltr' id='par_1_110' title="bbox 2211 4866 3771 4954">
     <span class='ocr_line' id='line_1_110' title="bbox 2211 4866 3771 4954; baseline 0.005 -27"><span class='ocrx_word' id='word_1_917' title='bbox 2211 4878 2343 4939; x_wconf 75' lang='grc' dir='ltr'>Θεὸς</span> <span class='ocrx_word' id='word_1_918' title='bbox 2381 4879 2734 4948; x_wconf 86' lang='grc' dir='ltr'>ἀπεδέχετον,</span> <span class='ocrx_word' id='word_1_919' title='bbox 2764 4880 2845 4932; x_wconf 84' lang='grc' dir='ltr'>ὅτι</span> <span class='ocrx_word' id='word_1_920' title='bbox 2876 4882 2904 4932; x_wconf 91' lang='lat'>6</span> <span class='ocrx_word' id='word_1_921' title='bbox 2933 4880 3027 4932; x_wconf 87' lang='lat'>106</span> <span class='ocrx_word' id='word_1_922' title='bbox 3080 4866 3299 4950; x_wconf 45' lang='lat'>110196;-</span> <span class='ocrx_word' id='word_1_923' title='bbox 3323 4899 3427 4950; x_wconf 86' lang='grc' dir='ltr'>μου</span> <span class='ocrx_word' id='word_1_924' title='bbox 3456 4883 3685 4951; x_wconf 76' lang='grc' dir='ltr'>ἀδελφὸς</span> <span class='ocrx_word' id='word_1_925' title='bbox 3710 4881 3771 4954; x_wconf 75' lang='grc' dir='ltr'>ἦν</span> 
     </span>
    </p>
   </div>
   <div class='ocr_carea' id='block_1_111' title="bbox 2213 4967 3773 5043">
    <p class='ocr_par' dir='ltr' id='par_1_111' title="bbox 2213 4967 3773 5043">
     <span class='ocr_line' id='line_1_111' title="bbox 2213 4967 3773 5043; baseline 0.005 -24"><span class='ocrx_word' id='word_1_926' title='bbox 2213 4967 2380 5019; x_wconf 84' lang='grc' dir='ltr'>αὐτοῦ</span> <span class='ocrx_word' id='word_1_927' title='bbox 2408 4969 2597 5034; x_wconf 87' lang='grc' dir='ltr'>τατάς,</span> <span class='ocrx_word' id='word_1_928' title='bbox 2626 4968 2777 5041; x_wconf 72' lang='lat'>[1&#39;26]</span> <span class='ocrx_word' id='word_1_929' title='bbox 2807 4973 2900 5023; x_wconf 77' lang='grc' dir='ltr'>καὶ</span> <span class='ocrx_word' id='word_1_930' title='bbox 2950 4973 2998 5023; x_wconf 91' lang='grc' dir='ltr'>οί</span> <span class='ocrx_word' id='word_1_931' title='bbox 3043 4972 3150 5023; x_wconf 75' lang='grc' dir='ltr'>υἱοὶ</span> <span class='ocrx_word' id='word_1_932' title='bbox 3182 4972 3348 5024; x_wconf 88' lang='grc' dir='ltr'>αὐτοῦ</span> <span class='ocrx_word' id='word_1_933' title='bbox 3383 4975 3773 5043; x_wconf 61' lang='grc' dir='ltr'>συνανάτροςοι</span> 
     </span>
    </p>
   </div>
   <div class='ocr_carea' id='block_1_112' title="bbox 2214 5061 3770 5135">
    <p class='ocr_par' dir='ltr' id='par_1_112' title="bbox 2214 5061 3770 5135">
     <span class='ocr_line' id='line_1_112' title="bbox 2214 5061 3770 5135; baseline 0.006 -25"><span class='ocrx_word' id='word_1_934' title='bbox 2214 5061 2310 5112; x_wconf 80' lang='grc' dir='ltr'>καὶ</span> <span class='ocrx_word' id='word_1_935' title='bbox 2344 5061 2491 5129; x_wconf 86' lang='grc' dir='ltr'>φίλοι</span> <span class='ocrx_word' id='word_1_936' title='bbox 2527 5062 2623 5113; x_wconf 73' lang='grc' dir='ltr'>καὶ</span> <span class='ocrx_word' id='word_1_937' title='bbox 2669 5062 2846 5115; x_wconf 88' lang='grc' dir='ltr'>δοῦλοι</span> <span class='ocrx_word' id='word_1_938' title='bbox 2894 5064 3060 5116; x_wconf 88' lang='grc' dir='ltr'>αὑτοῦ</span> <span class='ocrx_word' id='word_1_939' title='bbox 3108 5068 3202 5116; x_wconf 88' lang='lat'>110‘1</span> <span class='ocrx_word' id='word_1_940' title='bbox 3246 5064 3358 5132; x_wconf 79' lang='grc' dir='ltr'>ἐγὼ</span> <span class='ocrx_word' id='word_1_941' title='bbox 3409 5066 3530 5135; x_wconf 79' lang='grc' dir='ltr'>μετ’</span> <span class='ocrx_word' id='word_1_942' title='bbox 3556 5068 3770 5121; x_wconf 59' lang='grc' dir='ltr'>αὐτῶν</span> 
     </span>
    </p>
   </div>
   <div class='ocr_carea' id='block_1_113' title="bbox 2215 5148 3774 5228">
    <p class='ocr_par' dir='ltr' id='par_1_113' title="bbox 2215 5148 3774 5228">
     <span class='ocr_line' id='line_1_113' title="bbox 2215 5148 3774 5228; baseline 0.008 -26"><span class='ocrx_word' id='word_1_943' title='bbox 2215 5148 2336 5203; x_wconf 77' lang='grc' dir='ltr'>εἶτα</span> <span class='ocrx_word' id='word_1_944' title='bbox 2388 5153 2584 5221; x_wconf 79' lang='grc' dir='ltr'>ἔφερεν</span> <span class='ocrx_word' id='word_1_945' title='bbox 2616 5156 2645 5206; x_wconf 91' lang='lat'>6</span> <span class='ocrx_word' id='word_1_946' title='bbox 2678 5156 2869 5225; x_wconf 86' lang='lat'>110196;</span> <span class='ocrx_word' id='word_1_947' title='bbox 2923 5158 3019 5209; x_wconf 79' lang='grc' dir='ltr'>καὶ</span> <span class='ocrx_word' id='word_1_948' title='bbox 3075 5159 3345 5211; x_wconf 86' lang='grc' dir='ltr'>οίκείωσιν</span> <span class='ocrx_word' id='word_1_949' title='bbox 3379 5161 3513 5228; x_wconf 82' lang='grc' dir='ltr'>ἐμοῦ</span> <span class='ocrx_word' id='word_1_950' title='bbox 3551 5164 3630 5221; x_wconf 87' lang='grc' dir='ltr'>είς</span> <span class='ocrx_word' id='word_1_951' title='bbox 3688 5163 3774 5214; x_wconf 76' lang='grc' dir='ltr'>τὸν</span> 
     </span>
    </p>
   </div>
   <div class='ocr_carea' id='block_1_114' title="bbox 2218 5244 3773 5319">
    <p class='ocr_par' dir='ltr' id='par_1_114' title="bbox 2218 5244 3773 5319">
     <span class='ocr_line' id='line_1_114' title="bbox 2218 5244 3773 5319; baseline 0.006 -22"><span class='ocrx_word' id='word_1_952' title='bbox 2218 5244 2530 5315; x_wconf 82' lang='grc' dir='ltr'>μακαρίτην</span> <span class='ocrx_word' id='word_1_953' title='bbox 2588 5246 2680 5298; x_wconf 78' lang='grc' dir='ltr'>καὶ</span> <span class='ocrx_word' id='word_1_954' title='bbox 2732 5247 2979 5316; x_wconf 86' lang='grc' dir='ltr'>ἀοίδιμον</span> <span class='ocrx_word' id='word_1_955' title='bbox 3039 5251 3281 5319; x_wconf 80' lang='grc' dir='ltr'>πατέραν</span> <span class='ocrx_word' id='word_1_956' title='bbox 3316 5252 3519 5303; x_wconf 80' lang='grc' dir='ltr'>αὐτοῦ’</span> <span class='ocrx_word' id='word_1_957' title='bbox 3576 5254 3667 5305; x_wconf 77' lang='grc' dir='ltr'>καὶ</span> <span class='ocrx_word' id='word_1_958' title='bbox 3712 5254 3773 5307; x_wconf 72' lang='grc' dir='ltr'>τά</span> 
     </span>
    </p>
   </div>
   <div class='ocr_carea' id='block_1_115' title="bbox 2216 5338 3773 5413">
    <p class='ocr_par' dir='ltr' id='par_1_115' title="bbox 2216 5338 3773 5413">
     <span class='ocr_line' id='line_1_115' title="bbox 2216 5338 3773 5413; baseline 0.004 -24"><span class='ocrx_word' id='word_1_959' title='bbox 2216 5338 2447 5406; x_wconf 75' lang='grc' dir='ltr'>ἐχρηζεν</span> <span class='ocrx_word' id='word_1_960' title='bbox 2478 5338 2573 5391; x_wconf 77' lang='grc' dir='ltr'>ἀπ’</span> <span class='ocrx_word' id='word_1_961' title='bbox 2604 5341 2810 5391; x_wconf 83' lang='grc' dir='ltr'>ἐκεῖνον</span> <span class='ocrx_word' id='word_1_962' title='bbox 2861 5340 3032 5393; x_wconf 82' lang='grc' dir='ltr'>πολλὰ</span> <span class='ocrx_word' id='word_1_963' title='bbox 3073 5343 3166 5394; x_wconf 81' lang='grc' dir='ltr'>καὶ</span> <span class='ocrx_word' id='word_1_964' title='bbox 3211 5345 3503 5411; x_wconf 78' lang='grc' dir='ltr'>ἀναγκαῖα,</span> <span class='ocrx_word' id='word_1_965' title='bbox 3530 5344 3773 5413; x_wconf 69' lang='grc' dir='ltr'>εὕρισκεν</span> 
     </span>
    </p>
   </div>
   <div class='ocr_carea' id='block_1_116' title="bbox 2217 5429 3774 5504">
    <p class='ocr_par' dir='ltr' id='par_1_116' title="bbox 2217 5429 3774 5504">
     <span class='ocr_line' id='line_1_116' title="bbox 2217 5429 3774 5504; baseline 0.004 -22"><span class='ocrx_word' id='word_1_966' title='bbox 2217 5430 2355 5482; x_wconf 74' lang='grc' dir='ltr'>αὐτὰ</span> <span class='ocrx_word' id='word_1_967' title='bbox 2386 5429 2453 5481; x_wconf 88' lang='grc' dir='ltr'>δι’</span> <span class='ocrx_word' id='word_1_968' title='bbox 2488 5429 2621 5499; x_wconf 87' lang='grc' dir='ltr'>ἐμοῦ</span> <span class='ocrx_word' id='word_1_969' title='bbox 2646 5443 2660 5459; x_wconf 88' lang='grc'><strong>·</strong></span> <span class='ocrx_word' id='word_1_970' title='bbox 2695 5430 2884 5499; x_wconf 76' lang='grc' dir='ltr'>ἠγάπα</span> <span class='ocrx_word' id='word_1_971' title='bbox 2934 5435 3027 5486; x_wconf 81' lang='grc' dir='ltr'>καὶ</span> <span class='ocrx_word' id='word_1_972' title='bbox 3068 5434 3159 5485; x_wconf 85' lang='lat' dir='ltr'>16v</span> <span class='ocrx_word' id='word_1_973' title='bbox 3211 5436 3311 5503; x_wconf 74' lang='grc' dir='ltr'>ἐμὲ</span> <span class='ocrx_word' id='word_1_974' title='bbox 3356 5431 3472 5504; x_wconf 72' lang='grc' dir='ltr'>εἶχε</span> <span class='ocrx_word' id='word_1_975' title='bbox 3507 5438 3603 5489; x_wconf 67' lang='lat'>1101</span> <span class='ocrx_word' id='word_1_976' title='bbox 3639 5437 3774 5498; x_wconf 80' lang='grc' dir='ltr'>ἰδίως</span> 
     </span>
    </p>
   </div>
   <div class='ocr_carea' id='block_1_117' title="bbox 2218 5521 3773 5595">
    <p class='ocr_par' dir='ltr' id='par_1_117' title="bbox 2218 5521 3773 5595">
     <span class='ocr_line' id='line_1_117' title="bbox 2218 5521 3773 5595; baseline 0.004 -22"><span class='ocrx_word' id='word_1_977' title='bbox 2218 5524 2295 5583; x_wconf 87' lang='grc' dir='ltr'>είς</span> <span class='ocrx_word' id='word_1_978' title='bbox 2325 5522 2422 5591; x_wconf 80' lang='grc' dir='ltr'>τὴν</span> <span class='ocrx_word' id='word_1_979' title='bbox 2450 5521 2774 5593; x_wconf 77' lang='grc' dir='ltr'>δουλοσύνην</span> <span class='ocrx_word' id='word_1_980' title='bbox 2812 5542 2923 5578; x_wconf 92' lang='grc' dir='ltr'>του.</span> <span class='ocrx_word' id='word_1_981' title='bbox 2964 5526 3069 5578; x_wconf 72' lang='grc' dir='ltr'>Καὶ</span> <span class='ocrx_word' id='word_1_982' title='bbox 3125 5529 3415 5595; x_wconf 81' lang='grc' dir='ltr'>συνηθείας</span> <span class='ocrx_word' id='word_1_983' title='bbox 3446 5530 3544 5580; x_wconf 76' lang='grc' dir='ltr'>καὶ</span> <span class='ocrx_word' id='word_1_984' title='bbox 3574 5529 3773 5593; x_wconf 78' lang='grc' dir='ltr'>τάξεως</span> 
     </span>
    </p>
   </div>
   <div class='ocr_carea' id='block_1_118' title="bbox 2218 5611 3772 5687">
    <p class='ocr_par' dir='ltr' id='par_1_118' title="bbox 2218 5611 3772 5687">
     <span class='ocr_line' id='line_1_118' title="bbox 2218 5611 3772 5687; baseline 0.006 -25"><span class='ocrx_word' id='word_1_985' title='bbox 2218 5611 2380 5681; x_wconf 80' lang='grc' dir='ltr'>οῦσης</span> <span class='ocrx_word' id='word_1_986' title='bbox 2413 5613 2491 5675; x_wconf 87' lang='grc' dir='ltr'>είς</span> <span class='ocrx_word' id='word_1_987' title='bbox 2520 5614 2587 5665; x_wconf 84' lang='grc' dir='ltr'>τά</span> <span class='ocrx_word' id='word_1_988' title='bbox 2617 5614 2724 5667; x_wconf 87' lang='grc' dir='ltr'>τῶν</span> <span class='ocrx_word' id='word_1_989' title='bbox 2761 5615 3023 5684; x_wconf 88' lang='grc' dir='ltr'>βασιλέων</span> <span class='ocrx_word' id='word_1_990' title='bbox 3067 5618 3302 5683; x_wconf 82' lang='grc' dir='ltr'>όσπήτια</span> <span class='ocrx_word' id='word_1_991' title='bbox 3334 5618 3415 5670; x_wconf 84' lang='grc' dir='ltr'>ὅτι</span> <span class='ocrx_word' id='word_1_992' title='bbox 3446 5617 3542 5670; x_wconf 88' lang='grc' dir='ltr'>τοῦ</span> <span class='ocrx_word' id='word_1_993' title='bbox 3578 5617 3772 5687; x_wconf 71' lang='grc' dir='ltr'>πατρὸς</span> 
     </span>
    </p>
   </div>
   <div class='ocr_carea' id='block_1_119' title="bbox 2220 5703 3770 5776">
    <p class='ocr_par' dir='ltr' id='par_1_119' title="bbox 2220 5703 3770 5776">
     <span class='ocr_line' id='line_1_119' title="bbox 2220 5703 3770 5776; baseline 0.003 -20"><span class='ocrx_word' id='word_1_994' title='bbox 2220 5704 2267 5756; x_wconf 87' lang='grc' dir='ltr'>οἱ</span> <span class='ocrx_word' id='word_1_995' title='bbox 2300 5703 2589 5767; x_wconf 81' lang='grc' dir='ltr'>κελλιῶται</span> <span class='ocrx_word' id='word_1_996' title='bbox 2612 5708 2676 5759; x_wconf 81' lang='grc' dir='ltr'>να</span> <span class='ocrx_word' id='word_1_997' title='bbox 2707 5708 2928 5776; x_wconf 82' lang='grc' dir='ltr'>χωρῶσι</span> <span class='ocrx_word' id='word_1_998' title='bbox 2965 5712 3059 5763; x_wconf 76' lang='grc' dir='ltr'>καὶ</span> <span class='ocrx_word' id='word_1_999' title='bbox 3091 5712 3169 5773; x_wconf 87' lang='grc' dir='ltr'>είς</span> <span class='ocrx_word' id='word_1_1000' title='bbox 3201 5711 3265 5764; x_wconf 85' lang='grc' dir='ltr'>τά</span> <span class='ocrx_word' id='word_1_1001' title='bbox 3299 5708 3483 5764; x_wconf 79' lang='grc' dir='ltr'>κελλία</span> <span class='ocrx_word' id='word_1_1002' title='bbox 3506 5710 3618 5765; x_wconf 86' lang='grc' dir='ltr'>τῶν</span> <span class='ocrx_word' id='word_1_1003' title='bbox 3650 5708 3770 5764; x_wconf 68' lang='grc' dir='ltr'>υίῶν</span> 
     </span>
    </p>
   </div>
  </div>
