4022 6294
133 357 283 424 1041

1418 369 1510 429 CH
1524 370 1856 432 BONICON
1897 372 2039 432 MlN
2054 371 2166 432 US.

3259 353 3406 416 iui!

127 475 240 527 καὶ
295 475 801 540 καϐαλτκεύσαντες
835 476 977 546 μετὰ
1001 477 1261 549 πλείστης
1301 481 1383 532 ὅτι
1424 482 1598 550 χαρᾶς
1638 481 1732 534 καὶ
1759 475 1804 536 Α
1836 482 2033 550 γισμὸς
2065 480 2171 542 ἕως
2199 468 2263 530 οὗ
2313 476 2487 530 πολλὰ
2522 473 2792 534 κοπιάσας
2836 471 2929 523 καὶ
2982 467 3217 537 μεθύσκς
3251 465 3402 536 (πολ-

123 567 238 619 τοῦ
279 567 400 629 ἐνὸς
437 569 638 638 μέρους
663 569 754 621 καὶ
785 568 880 622 τοῦ
925 570 1086 623 ἀλλου
1116 570 1389 641 ἐσέϐημεν
1419 574 1500 634 είς
1531 573 1590 625 τὸ
1625 573 1725 626 κά-

130 673 313 724 στρον
343 659 437 712 καὶ
472 659 635 730 μέχρι
683 659 794 712 τῶν
838 663 918 724 εἰς
946 661 1037 715 τὸν
1073 663 1201 715 ναὸν
1245 663 1340 716 τοῦ
1376 664 1533 732 ἁγίου
1562 666 1728 719 Νικο-

130 749 280 802 λάου
345 753 624 821 όσπητίων
675 753 1012 823 ἀπήλθομεν,
1063 756 1163 824 τῆς
1227 757 1326 824 μὲν
1371 756 1492 809 ὁδοῦ
1545 759 1726 824 πάτης

131 843 616 912 κατεστρωμένης
645 845 867 898 πάντων
912 846 1120 900 ἀνθέων
1154 850 1249 900 καὶ
1294 849 1593 918 εὐκοσμίας
1634 853 1728 904 καὶ

133 932 262 986 ἀπὸ
307 934 376 987 τὰ
413 938 475 986 ἐκ
509 936 701 1002 δεξιῶν
753 939 851 990 καὶ
885 939 1192 1009 ἀριστερῶν
1224 941 1460 1010 ὁσπήτια
1508 942 1730 996 πάντων

139 1024 434 1094 ρεομένων
465 1025 554 1078 διὰ
590 1027 1060 1098 ροδοσταμμάτων
1089 1031 1186 1084 καὶ
1237 1031 1406 1100 ῥόδων
1441 1033 1534 1084 καὶ
1571 1049 1730 1104 τρια-

138 1116 541 1183 κονταφύλλων
563 1135 574 1147 ·
607 1117 758 1190 [150]
793 1119 902 1173 ἀπὸ
947 1121 994 1173 δ’
1023 1121 1232 1176 ἄνωθεν
1273 1123 1369 1176 τοῦ
1402 1124 1591 1179 Κουλᾶ
1641 1126 1729 1179 διὰ

144 1205 372 1257 σκευῶν
406 1209 498 1259 καὶ
526 1208 822 1280 τζαγγρῶν
854 1212 1042 1276 κακῶς
1082 1214 1442 1283 δεξιουμένων
1473 1219 1642 1288 ήμάς,
1682 1221 1730 1272 εί

140 1298 247 1349 καὶ
270 1298 424 1352 οὐδέν
452 1318 503 1355 τι
530 1303 772 1374 ἔϐλαψαν
795 1322 808 1336 ·
837 1308 887 1358 οί
914 1307 1020 1377 γὰρ
1050 1308 1143 1360 τοῦ
1173 1310 1571 1379 μητροπολίτου
1594 1328 1733 1382 κραο

140 1393 421 1459 στήσαντες
437 1395 527 1448 τὸν
548 1396 783 1462 Κουλᾶν,
809 1398 887 1452 ἐτι
909 1400 1072 1456 δὲκαὶ
1092 1404 1158 1454 τὰ
1180 1403 1478 1458 αύθεντικά
1501 1406 1734 1474 πλησίον

142 1483 324 1537 αὐτοῦ
349 1487 583 1556 ὁσπήτια
606 1489 701 1542 καὶ
737 1495 1170 1562 σιταρχήσαντες
1203 1497 1297 1548 καὶ
1320 1497 1734 1566 ἀφιερώσαντες
1775 1499 1779 1502 ’

146 1576 444 1646 κατέσχον,
488 1581 798 1646 ἐλπίζοντες
839 1584 921 1636 ὅτι
967 1585 1214 1650 ἐλθόντος
1251 1587 1344 1640 τοῦ
1398 1591 1735 1660 μητροπολί-

144 1685 274 1730 του,
316 1671 619 1726 διάοτούτου
665 1674 810 1739 ἕξειν
837 1677 1006 1730 πάλιν
1035 1678 1178 1748 ἅπερ
1220 1681 1311 1732 καὶ
1345 1683 1613 1750 πρότερον
1654 1677 1736 1735 εἴ·

146 1779 250 1829 χον
271 1777 287 1793 ⁸
313 1763 472 1832 ἡμῶν
501 1764 557 1819 δὲ
585 1767 678 1818 ἐπὶ
701 1766 800 1836 τὴν
826 1767 1017 1838 αὔριον
1047 1750 1422 1840 συναχθέντων
1454 1773 1509 1823 ἐν
1541 1771 1618 1840 τῷ
1640 1773 1734 1825 τοῦ

147 1855 318 1921 ἁγίου
353 1853 626 1912 Νικολάου
659 1859 772 1928 ναῷ
806 1862 898 1913 καὶ
931 1862 1131 1922 παντὸς
1153 1863 1248 1915 τοῦ
1275 1865 1371 1932 τῆς
1397 1863 1580 1932 χώρας
1605 1865 1734 1918 λαοῦ

147 1945 456 2001 δεδώκασιν
484 1950 648 2019 ὅρκον
677 1951 758 2002 ὅτι
790 1952 854 2004 νά
882 1945 982 2004 ὦσι
1014 1955 1194 2006 πιστοὶ
1223 1954 1399 2007 δοῦλοι
1429 1955 1522 2007 τοῦ
1547 1956 1738 2009 αὐθεν-

149 2038 252 2102 τδς
281 2040 440 2109 ήμῶν
468 2041 562 2094 τοῦ
585 2043 846 2096 δεσπότου
870 2061 884 2074 ⁸
917 2047 1013 2096 καὶ
1045 2045 1146 2111 ἐμὲ
1182 2048 1263 2107 είς
1289 2046 1532 2116 κεφαλὴν
1556 2048 1734 2101 αὐτῶν

151 2129 436 2199 ἐζήτησαν
460 2148 474 2164 ·
518 2133 762 2202 ἥκουσαν
788 2134 870 2198 δέ,
895 2136 975 2187 ὅτι
1017 2137 1112 2188 καὶ
1147 2135 1242 2188 δύο
1285 2138 1381 2189 καὶ
1415 2137 1576 2189 πλέον
1605 2138 1735 2190 τού-

153 2238 272 2274 των
322 2224 413 2274 τὸν
459 2225 869 2294 χρεωστοῦμεν,
905 2228 1000 2279 καὶ
1041 2226 1132 2280 διὰ
1173 2228 1271 2297 τήν
1317 2229 1473 2298 ὑμῶν
1522 2231 1736 2299 αἴτησιν

158 2311 304 2363 θέλω
333 2308 500 2380 ἦσθεν
528 2314 692 2377 αὐτὸς
722 2318 801 2379 είς
836 2317 1081 2386 κεφαλὴν
1118 2317 1292 2387 ὑμῶν.
1327 2320 1436 2373 Καὶ
1463 2323 1529 2390 τῇ
1571 2319 1619 2388 η’
1641 2320 1734 2373 τοῦ

174 2399 399 2452 Ἰουνίου
444 2404 610 2472 μηνὸς
645 2404 988 2473 περάσαντός
1021 2421 1122 2473 μου
1156 2406 1237 2468 είς
1269 2406 1358 2458 τὸν
1382 2406 1733 2471 Ναύπακτον,

164 2494 257 2546 ἵνα
298 2497 504 2566 ek.th
555 2497 778 2567 βασιλέα
813 2498 1034 2568 πρῶτον
1073 2500 1316 2564 ἀπέλθω,
1367 2501 1453 2553 ἶνα
1489 2503 1738 2562 κάκεῖνος

163 2587 236 2638 τὰ
272 2590 354 2651 είς
409 2589 507 2659 τὴν
549 2589 770 2662 Πάτραν
808 2592 1370 2664 παρακολουθήσαντα
1413 2595 1558 2665 μάθῃ
1587 2611 1598 2624 ·
1642 2590 1740 2646 εἴτ’

165 2682 264 2732 ἀπ’
293 2683 471 2735 ἐκεῖσε
512 2685 648 2754 μετά
690 2686 782 2740 καὶ
815 2687 1076 2758 ἄρχοντος
1126 2687 1296 2740 αὐτοῦ
1334 2689 1414 2749 είς
1456 2689 1546 2740 τὸν
1592 2687 1742 2755 ἀμη-

172 2772 276 2838 ρᾶν
300 2789 313 2804 ο
347 2775 444 2827 καὶ
494 2778 598 2845 γὰρ
639 2778 780 2831 κατά
830 2781 932 2850 τήν
960 2777 1002 2832 δ’
1035 2777 1131 2833 τοῦ
1179 2778 1344 2832 αὐτοῦ
1393 2779 1581 2848 μηνὸς,
1618 2783 1674 2833 ἐν

169 2862 477 2928 φθάσαντες
533 2868 830 2937 ἐμείναμεν
884 2869 942 2922 ἐν
995 2869 1073 2939 τῷ
1117 2868 1214 2922 τοῦ
1272 2869 1428 2935 ἁγίου
1491 2870 1738 2941 Ἀνδρέου

169 2955 306 3024 ναῷ,
345 2957 452 3010 ίδού
503 2958 599 3012 καὶ
639 2959 747 3011 ἀπὸ
791 2961 884 3014 τὸν
927 2960 1264 3013 Ναύπακτον
1317 2959 1596 3028 ἐπέρασαν
1648 2960 1742 3012 δύο

171 3047 431 3116 Τοῦρκοι,
468 3051 495 3103 ό
543 3051 642 3120 μὲν
685 3051 779 3104 τοῦ
814 3055 1031 3122 ἀμηρᾶ,
1090 3055 1118 3106 ό
1148 3052 1203 3106 δὲ
1252 3052 1346 3105 τοῦ
1393 3051 1738 3122 Τουραχάνη,

1830 574 1986 637 λάκις
2023 574 2117 625 καὶ
2167 570 2438 631 ἀκουσίως
2493 565 2779 636 ἐμέθυσα),
2810 561 3100 622 κάκείνους
3147 558 3404 610 τοσοῦτον

1831 668 1913 719 ὅτι
1943 663 2138 734 ἀπῆρά
2176 679 2298 724 τους
2330 662 2398 715 τὰ
2451 659 2677 728 χαρτία,
2724 657 2816 708 καὶ
2847 654 3131 719 ἀνέγνωσα
3176 651 3266 701 καὶ
3317 664 3408 713 με·

1831 757 2108 825 τέγραψα,
2145 757 2375 809 κάκεῖνα
2423 752 2586 806 πάλιν
2620 750 2900 801 ἐδούλωσα
2932 745 3020 797 καλ
3065 743 3258 811 ἀφῆκα
3285 756 3300 770 ο
3332 741 3408 798 ὡς

1830 849 1886 901 δὲ
1919 849 2133 916 ἔφθασα
2174 849 2252 907 είς
2283 847 2383 912 τὴν
2418 843 2593 907 πόλιν,
2648 840 2804 909 ἐδόθη
2845 856 2934 904 μοι
2983 832 3410 901 συναποκρισιά-

1837 957 1956 1009 ρης,
1991 938 2140 1010 [155]
2173 938 2401 1003 Μάρκος
2436 932 2818 998 Παλαιολόγος,
2847 933 2875 982 ό
2907 929 3148 995 Ἴαγρος,
3198 927 3224 975 ὁ
3254 919 3416 1004 ﬁrma:

1837 1049 1928 1100 ρον
1957 1047 2205 1097 πρωτοστ
2217 1029 2416 1098 ράτωρ,
2440 1025 2562 1077 τότε
2583 1024 2638 1076 δέ
2665 1018 3225 1091 πρωτοὸεστιαρίτης,
3247 1014 3409 1064 πλέω

1835 1121 2118 1182 ἀνατεθεὶς
2170 1116 2311 1172 εἶναι
2369 1119 2507 1170 κατά
2545 1119 2641 1185 τῆς
2700 1111 2946 1172 δουλείας
3000 1126 3121 1177 μου,
3181 1107 3212 1175 ἢ
3265 1105 3406 1170 ὑπὲρ

1836 1213 2008 1278 αὐτῆς
2030 1227 2045 1244 ’
2079 1211 2178 1263 οὐκ
2205 1205 2322 1262 οῖδα
2346 1209 2402 1261 δὲ
2429 1208 2559 1261 ἄλλο
2583 1223 2636 1258 τι
2672 1207 2868 1267 αἴτιον,
2916 1200 3033 1252 ἀλλ’
3065 1199 3096 1267 ή
3125 1197 3186 1249 τὸ
3205 1195 3407 1263 ,φθόνος

1837 1304 1933 1356 οὐκ
1953 1300 2059 1355 οἵδε
2087 1302 2362 1371 προτιμᾷν
2384 1300 2446 1351 τὸ
2475 1297 2797 1367 συμφέρον·⁸
2833 1291 3162 1349 ἀπελθόντες
3197 1287 3240 1339 δ’
3267 1285 3404 1353 ὁμοῦ

1837 1397 1916 1457 είς
1963 1394 2054 1446 τὸν
2086 1394 2330 1462 ἀμηρᾶν,
2383 1392 2680 1458 ἀπήραμεν
2723 1384 3045 1448 ἀπολογίαν,
3096 1381 3181 1432 ἵνα
3223 1378 3410 1432 δώσω.-

1843 1502 1939 1555 μεν
1986 1483 2154 1551 αὐτὴν
2189 1478 2270 1545 οἷς
2310 1478 2492 1551 εἶχον·
2547 1479 2982 1549 ἀπελογησάμην
3030 1469 3122 1527 οῦν
3166 1472 3244 1542 τῷ
3291 1471 3411 1522 τότε

1841 1575 2041 1644 πρώτῳ
2078 1575 2264 1647 βιζίρῃ
2303 1575 2397 1628 καὶ
2431 1574 2676 1643 ἄρχοντι,
2721 1570 2798 1640 τῷ
2829 1570 3067 1639 Μπραῒμ
3100 1569 3300 1636 Πασίᾳ,
3330 1567 3412 1618 ὅτι

1840 1669 1999 1720 τοῦτο
2035 1667 2144 1732 ἐγὼ
2169 1668 2259 1718 τὸν
2303 1666 2569 1735 αὐθέντην
2599 1683 2700 1735 μου
2732 1665 2886 1718 οὐδὲν
2915 1661 3099 1729 τολμῶ
3131 1661 3218 1712 ἵνα
3250 1657 3410 1719 εἴπω,

1841 1758 1957 1810 ἀλλ’
1994 1759 2119 1810 ἐπεὶ
2143 1759 2351 1820 ἐκεῖνος
2379 1757 2732 1824 ὁπωσδήποτε
2781 1755 3050 1826 ἀρχονταν
3080 1751 3246 1805 αὐτοῦ
3275 1749 3380 1801 ἀπέ
3398 1778 3412 1786 -

1841 1851 2018 1902 στειλε
2055 1851 2190 1918 πρὸς
2230 1849 2322 1904 τδν
2355 1849 2531 1917 μέγαν
2563 1849 2853 1917 αὐθέντην,
2897 1847 3004 1898 ίδού
3039 1845 3104 1908 ἂς
3137 1843 3296 1914 ὁρίσῃ
3322 1843 3413 1894 καὶ

1837 1939 1864 1991 ὁ
1902 1939 2167 2009 αὐθέντης
2201 1939 2436 1993 σκλάὃον
2462 1956 2553 1990 του
2586 1939 2682 1990 καὶ
2719 1937 2786 1998 ἃς
2817 1935 2947 2004 ἔλθῃ
2985 1932 3107 2002 μετ’
3129 1931 3288 2000 ἐμοῦ,
3322 1932 3414 1982 καὶ

1839 2027 1904 2090 ἂς
1937 2030 2064 2099 εἴπῃ
2097 2031 2224 2091 τοὺς
2259 2028 2520 2098 ὁρισμοὺς
2556 2026 2650 2079 τοῦ
2693 2023 2930 2096 μεγάλου
2977 2022 3274 2083 αύθεντόςο
3319 2019 3415 2071 καὶ

1838 2119 2059 2188 ἔστερξε
2096 2120 2254 2172 τοῦτο
2285 2120 2380 2172 καὶ
2412 2113 2566 2171 εἷπε·
2598 2118 2842 2188 Φρὸνιμα
2879 2116 2972 2168 καὶ
3003 2113 3149 2168 καλά
3182 2112 3373 2177 λέγετε
3398 2127 3410 2139 ·

1837 2213 1929 2265 τοῦ
1992 2214 2206 2282 Ἰἁγρου
2256 2212 2399 2274 ίδίως
2459 2210 2803 2270 σκώπτοντος
2850 2209 3009 2261 τοῦτο
3062 2209 3140 2270 είς
3187 2204 3286 2274 ἐμὲ
3339 2205 3412 2265 ῶς

1839 2308 2119 2378 ἄπρακτον
2157 2296 2266 2358 ’καὶ
2328 2304 2489 2375 μόνον
2547 2302 2876 2371 ἐπιζήμιον·
2915 2298 3026 2368 ἐγὼ
3077 2297 3214 2352 Θεοῦ
3266 2296 3416 2349 εὐδο-

1841 2401 2086 2464 κοῦντος,
2120 2398 2331 2468 ἔπραξα
2365 2395 2523 2449 τοῦτο
2547 2397 2638 2446 καὶ
2662 2391 2855 2463 ἀπῆρα
2891 2389 3412 2462 Ἀρχοντόσκλαὸον,

1843 2493 1937 2546 καὶ
1965 2488 2035 2562 ἦν
2078 2490 2233 2544 τοῦτο
2260 2489 2474 2558 πρῶτον
2503 2486 2677 2539 αἴτιον
2713 2482 2808 2537 τοῦ
2838 2483 3024 2536 λαϐεῖν
3055 2481 3153 2551 τὴν
3195 2480 3420 2548 διόρθω-

1843 2603 1928 2638 σιν
1963 2587 2021 2638 τὺ
2048 2587 2176 2653 περὶ
2209 2585 2305 2652 τῆς
2334 2584 2574 2653 Πάτρας.

2574 2677 2672 2728 υλ’.

1913 2768 2063 2840 [154]
2095 2768 2204 2821 Καὶ⁴
2258 2769 2334 2838 τῷ
2379 2769 2460 2838 λη’
2506 2768 2616 2821 ἔτει
2668 2769 2726 2820 ἐν
2777 2765 2909 2835 μηνὶ
2959 2759 3279 2828 Σεπτεϐρίῳ
3335 2759 3418 2818 είς

1842 2862 1968 2924 τοὺς
1997 2861 2316 2932 κρατικοὺς,
2357 2860 2600 2929 ἔπραξαν
2626 2858 2685 2911 τὸ
2720 2855 3058 2910 συνοικέσιον
3094 2850 3190 2904 τοῦ
3222 2848 3417 2902 αὐθεν-

1842 2954 2108 3007 τοπούλου
2143 2953 2334 3021 Θωμᾶ,
2381 2953 2431 3004 οἱ
2466 2950 2790 3017 αύτάδελεροι
2842 2945 3005 3001 αὐτοῦ
3038 2945 3086 2998 οἱ
3133 2944 3416 3005 δεσπόται,

1848 3043 1988 3113 μετὰ
2016 3043 2113 3110 τῆς
2148 3041 2418 3109 θυγατρὸς
2447 3040 2541 3092 τοῦ
2586 3041 2886 3109 πρίγκιπος
2929 3035 3129 3102 Ἀσάνη
3176 3030 3418 3098 Ζαχαρία

171 3140 426 3207 λέγοντες
456 3119 684 3212 ὁρισμὸν
715 3145 796 3197 ὅτι
981 3144 1203 3216 Πάτραν
1230 3146 1316 3198 ἵνα
1347 3146 1422 3215 μὴ
1450 3119 1745 3214 έτέάρέυμέν
1771 3165 1815 3225 C
1848 3134 1942 3188 τοῦ
2004 3133 2386 3202 Κεντηρίωνος
2411 3149 2424 3161 ·
2534 3130 2598 3200 δὴ
2643 3129 2773 3200 μηνὶ
2819 3127 2973 3194 κάγὼ
3015 3124 3179 3225 πάλιν
3223 3119 3421 3225 ἐπανέῐ

177 3233 348 3303 αὐτήν
374 3249 389 3264 ο
434 3234 482 3287 οἳ
509 3234 572 3304 δὴ
605 3235 768 3289 πάλιν
813 3235 1162 3307 ὑπέστρεψαν
1215 3237 1334 3306 μετ’
1375 3235 1511 3305 ἐμοῦ
1549 3235 1746 3288 ἀπολοο

173 3327 299 3395 ’τίαν
333 3327 610 3393 λαϐόντες,
641 3329 745 3392 ὅτι,
780 3331 901 3382 ἐπεὶ
927 3332 955 3383 ό
994 3329 1183 3398 παρὼν
1214 3330 1397 3399 ἀρχων
1443 3329 1576 3398 ἐμοῦ
1609 3327 1746 3380 ὑπά-

173 3435 262 3484 γει
295 3422 375 3483 είς
401 3419 492 3472 τόν
539 3420 766 3489 ἀδελφόν
829 3438 933 3491 μου
965 3422 1057 3476 τὸν
1096 3421 1268 3491 μέγαν
1305 3423 1547 3491 ἁμηρᾶν,
1589 3419 1742 3492 [151]

174 3514 252 3575 ὡς
284 3513 350 3566 ἂν
394 3513 576 3584 ὁρίσῃ,
627 3513 856 3584 θέλομεν
893 3515 1161 3585 ποιήσειν.
1207 3515 1296 3577 Ὠς
1335 3511 1427 3568 οῦν
1475 3513 1748 3584 περάσαν-

175 3621 267 3668 τες
299 3605 358 3658 ἐν
388 3604 466 3673 τῷ
498 3605 817 3675 Ναυπάκτῳ
865 3605 1184 3675 ἐμείναμεν,
1217 3603 1362 3674 πρωῒ
1414 3605 1629 3667 σκοτίας
1659 3602 1749 3656 οὐ·

179 3712 297 3764 σης,
335 3696 442 3749 ἰδοὺ
493 3697 670 3749 ἐκεῖσε
703 3697 805 3753 καὶ,
833 3697 860 3748 ό
903 3697 1150 3749 παλαιῶν
1186 3695 1417 3765 Πατρῶν
1471 3712 1750 3765 μητροπο-

176 3789 364 3858 λίτης,
427 3789 771 3858 Παντοῦλφος
823 3789 1219 3852 Μαλατέστας,
1279 3789 1416 3857 μετά
1477 3787 1748 3856 κατέργου

179 3878 557 3934 Καταλανικοῦ
587 3875 751 3950 ἦλθεν
776 3893 790 3910 ⁸
821 3878 1166 3947 διερχόμενος
1189 3877 1257 3944 γά
1268 3893 1297 3945 ρ
1324 3877 1400 3938 ὡς
1425 3876 1593 3944 ἔμαθε
1622 3875 1750 3944 περὶ

177 3973 245 4026 τὰ
271 3973 534 4042 νησύδρια
575 3972 644 4024 τὰ
681 3973 846 4040 μέσον
885 3970 988 4039 τῆς
1031 3964 1173 4033 ὁδοῦ,
1225 3970 1309 4020 ὄτι
1353 3967 1510 4036 ἐδόθη
1543 3967 1604 4020 τὺ
1655 3965 1752 4019 κά-

186 4083 342 4136 στρον
376 4065 513 4135 πρὸς
543 4064 633 4118 τὸν
679 4064 968 4132 δεσπότην,
1020 4061 1218 4115 ἐπίασε
1267 4060 1368 4131 τήν
1399 4060 1622 4130 λιϐέραν
1657 4058 1749 4112 τοῦ

189 4163 384 4230 μέρους
434 4159 530 4211 τοῦ
581 4157 939 4220 Ναυπάκτου,
988 4157 1074 4209 ἵνα
1104 4155 1322 4226 πρῶτον
1368 4153 1526 4208 τοῦτο
1571 4152 1752 4214 καλῶς

189 4251 331 4323 μάθῃ
351 4252 424 4314 ὡς
455 4252 673 4320 ἐγένετο
693 4252 948 4322 ’ἐδέησεν
967 4246 1060 4303 οὖν
1082 4251 1361 4317 ἐπιμεῖναι
1379 4248 1546 4316 κάμοὶ
1575 4249 1750 4301 ἐκεῖσε

182 4342 272 4395 καὶ
299 4342 398 4411 τὴν
443 4342 652 4411 αὐριον,
688 4341 775 4394 ἵνα
816 4341 1038 4411 πρῶτον
1089 4339 1314 4411 μηνύσω
1343 4337 1502 4391 τοῦτο
1547 4338 1625 4407 τῷ
1653 4339 1751 4390 αὐ-

185 4435 340 4506 θέντῃ
375 4452 504 4505 μου,
546 4437 686 4506 ὅπερ
735 4437 831 4489 καὶ
871 4435 1063 4504 γέγονε
1085 4450 1100 4466 ⁶
1132 4434 1227 4487 καὶ
1273 4432 1404 4503 παρ’
1435 4431 1568 4501 ἐμοῦ
1593 4431 1753 4484 τοῦτο

1853 3224 2060 3293 στρεψα
2105 3227 2186 3286 είς
2212 3225 2280 3276 τά
2305 3222 2586 3290 Τρίκκαλα
2615 3222 2754 3289 πρός
2805 3219 2894 3270 τὸν
2927 3215 3283 3286 Τουραχάνην
3326 3211 3422 3264 καὶ

1850 3316 1947 3384 τὴν
1979 3315 2106 3384 περὶ
2136 3315 2234 3382 τῆς
2287 3313 2506 3382 Πάτρας
2543 3310 2790 3365 δουλείαν
2819 3307 3045 3370 τελείως
3083 3304 3379 3371 διώρθωσα
3405 3317 3420 3330 ·

1850 3409 1946 3461 καὶ
1978 3407 2055 3475 τῷ
2087 3405 2234 3475 αύτῷ
2284 3407 2396 3457 ἔτει
2449 3407 2507 3457 ἐν
2543 3404 2674 3471 μηνὶ
2711 3399 3008 3471 Νοεμϐρίῳ
3038 3399 3071 3468 ή
3129 3395 3423 3467 βασίλισσα

1851 3498 1993 3568 κυρά
2036 3497 2289 3568 Θεοδὼρα
2320 3498 2400 3560 εἰς
2438 3493 2500 3548 τὸ
2534 3494 2838 3562 Στάμοιρον
2874 3489 3243 3559 εὑρισκομένη
3293 3485 3426 3537 ἀπέ-

1852 3592 2004 3656 θανε,
2031 3591 2408 3659 καταλείψασα
2438 3589 2618 3657 λύπην
2650 3587 2852 3653 πολλὴν
2889 3584 2983 3636 καὶ
3015 3583 3093 3643 είς
3134 3580 3223 3631 τὸν
3256 3577 3426 3644 ἄνδρα

1852 3685 2022 3754 αὐτῆς
2053 3686 2148 3736 καὶ
2175 3685 2255 3745 εἰς
2285 3682 2436 3751 ἡμᾶς
2466 3679 2592 3741 τοὺς
2624 3679 2856 3737 οἰκείους
2889 3671 3055 3726 αὐτοῦ
3088 3669 3175 3722 διὰ
3200 3667 3261 3719 τὸ
3284 3663 3423 3717 εἶναι

1853 3775 2022 3844 αὐτὴν
2069 3774 2383 3841 καλλίστην.
2432 3770 2637 3837 Ἐτάφη
2666 3769 2721 3820 δὲ
2761 3767 2924 3834 μέχρι
2974 3761 3118 3824 τινὸς
3162 3761 3242 3821 είς
3296 3758 3424 3826 μίαν

1851 3867 1960 3920 τῶν
2007 3863 2313 3934 ἐκκλησιῶν
2361 3864 2458 3931 τῆς
2502 3857 2884 3929 Γλαρέντζας·
2914 3855 3008 3908 καὶ
3063 3849 3200 3922 μετὰ
3252 3849 3425 3906 ταῦτα

1853 3960 2077 4029 ἀπῆγαν
2109 3957 2277 4028 αὐτὴν
2313 3956 2393 4017 είς
2421 3955 2519 4022 τὴν
2548 3955 2605 4004 ἐν
2635 3950 2714 4020 τῷ
2734 3947 3005 4018 Μυζηθρᾷ
3029 3944 3122 3999 τοῦ
3151 3944 3426 3998 Ζωοδὸτου

1858 4053 2047 4122 μονήν.
2096 4048 2209 4102 Καὶ
2235 4047 2314 4117 τῷ
2363 4044 2718 4113 ἰαννουαρίῳ
2751 4043 2883 4112 μηνὶ⁵
2927 4039 3018 4096 τοῦ
3062 4037 3228 4092 αὐτοῦ
3271 4034 3424 4095 ἔτους

1855 4143 2124 4215 εὐλογήθη
2151 4142 2247 4196 καὶ
2287 4143 2314 4194 ό
2363 4137 2793 4200 αὐθεντόπουλος
2824 4136 2931 4204 κύρ
2968 4133 3172 4202 Θωμᾶς
3221 4131 3301 4192 είς
3336 4129 3427 4180 τὸν

1853 4236 2154 4306 Μυζηθρᾶν
2197 4233 2368 4304 κυρὰν
2423 4231 2805 4300 Αίκατερήναν
2853 4228 2953 4297 τὴν
2999 4224 3278 4292 θυγατέρα
3329 4222 3426 4274 τοῦ

1856 4329 2112 4400 ῥηθέντος
2150 4327 2470 4398 πρίγκιπος.
2511 4324 2589 4392 Τῇ
2631 4322 2686 4375 δέ
2717 4326 2808 4385 κς¹
2841 4320 3089 4388 Μαρτίου
3127 4316 3224 4369 τοῦ
3257 4315 3428 4368 αὐτοῦ

1857 4399 2010 4480 ἐτους
2039 4420 2224 4488 ἡμέρᾳ
2256 4417 2349 4470 καὶ
2377 4415 2497 4485 ὥρᾳ
2525 4412 2658 4467 ὀποῦ
2704 4399 2772 4482 μέ
2809 4411 3044 4465 ἐπίασαν
3069 4411 3118 4462 οἱ
3151 4407 3426 4477 Πατρηνοὶ

185 4501 398 4594 πρῶτον
445 4501 688 4595 ἔμαθεν-⁸
721 4525 818 4578 καὶ
861 4501 1117 4593 δεύτερον
1163 4525 1248 4576 ἵνα
1297 4501 1410 4588 καὶ,
1443 4522 1528 4582 τίς
1560 4523 1587 4574 ὁ
1625 4520 1746 4573 ἐπί-
1780 4521 1826 4576 D
1855 4511 2232 4580 ἀπερχομένου
2270 4525 2374 4577 μου
2409 4509 2490 4570 εἰς
2528 4505 2589 4557 τό
2625 4505 2958 4558 δεσποτάτον
2997 4504 3072 4564 ὠς
3100 4501 3428 4595 ἀποκρινα·

173 4627 384 4679 ’σκοπος
441 4617 604 4670 αὐτοῦ
651 4615 714 4687 δὴ
767 4615 860 4669 τοῦ
915 4616 1358 4685 μητροπολίτου,
1407 4615 1468 4666 τὸ
1521 4613 1745 4666 δυνατὸν

189 4708 378 4776 μάθωο
435 4703 600 4776 μέσον
639 4707 697 4760 δὲ
748 4709 1046 4775 γενομένου
1093 4706 1189 4758 καὶ
1235 4705 1328 4757 τοῦ
1386 4703 1746 4776 Μπερνάρδου

187 4798 529 4870 Μαρτζέλλου
561 4799 776 4852 ἐκείνου
807 4797 1118 4852 καπετάνου
1148 4797 1503 4860 Ναυπάκτου,
1534 4796 1750 4863 είδομεν

189 4898 278 4945 καὶ
307 4892 568 4961 ἀλλήλους
591 4908 604 4921 ο
637 4890 697 4945 ὃν
736 4889 861 4943 ίδὼν
906 4889 1195 4958 ἐθαύμασα
1228 4889 1309 4942 ὅτι
1354 4888 1570 4958 διέφερε
1615 4889 1752 4942 πάν·

188 5004 290 5040 των
324 4985 628 5055 ἀνθρώπων
653 4986 731 5045 είς
757 4984 818 5037 τὸ
849 4983 1095 5054 δυσειδής
1139 4969 1280 5036 εἶναι
1303 4996 1321 5014 ⁸
1359 4980 1629 5046 ἐξετάζων
1659 4975 1752 5034 οὖν

191 5082 387 5142 ἐκεῖνος
421 5079 474 5130 τί
507 5077 770 5146 βούλομαι
811 5077 1040 5147 ποιῆσαι
1072 5078 1151 5139 εἰς
1181 5076 1272 5129 τὸν
1315 5075 1561 5144 ἀμηρᾶν,
1593 5071 1753 5139 κάγὼ

195 5173 414 5236 ἐκεῖνον,
449 5171 504 5223 τί
535 5171 678 5225 κατά
703 5171 800 5240 τῆς
829 5169 1072 5240 Πάτρας,
1097 5168 1285 5238 ἀπῆρα
1313 5168 1424 5234 ἐγὼ
1457 5165 1588 5236 παρ’
1615 5166 1754 5218 ἐκεί-

198 5279 304 5325 νου,
339 5261 402 5313 τὸ
433 5260 497 5330 δὴ
529 5260 846 5329 λεγόμενον,
883 5258 1244 5325 κουκουζέλα,
1281 5259 1491 5320 ἐκεῖνος
1534 5257 1592 5311 δὲ
1623 5258 1754 5328 παρ’

198 5353 323 5421 ἐμοῦ
388 5352 546 5423 βρύα.
583 5353 770 5422 Ὅμως
803 5350 1054 5416 δεδωκὼς
1100 5352 1128 5404 ὁ
1191 5350 1598 5421 μητροπολίτης
1642 5350 1757 5412 τοῖς

202 5441 448 5504 σκλάεοις
473 5443 671 5511 χαρτία
703 5442 840 5511 πρός
882 5458 940 5494 τε
970 5441 1063 5493 τὸν
1104 5441 1326 5512 ἀμηρᾶν
1363 5439 1459 5492 καὶ
1503 5438 1596 5490 τὸν
1626 5438 1760 5498 Tou-

206 5535 438 5604 ραχάνην
470 5533 636 5586 πολὺν
665 5533 927 5602 λογισμὸν
959 5531 1216 5584 ἐνέϐαλεν
1259 5532 1338 5593 είς
1368 5531 1484 5599 ἐμὲ,
1519 5531 1592 5600 μή
1627 5545 1758 5582 ποτε

205 5628 537 5695 ὑπισχνεῖται
594 5625 776 5678 δοῦναι
835 5624 1129 5678 καστέλλιά
1179 5640 1303 5676 τινα
1354 5625 1453 5691 τῆς
1504 5620 1759 5690 Πάτρας,

207 5715 347 5788 [152]
403 5720 562 5787 είπερ
608 5717 771 5770 αὐτὸν
818 5715 1083 5789 βοηθήσῃ,
1132 5715 1219 5768 ἵνα
1272 5715 1452 5784 ἐπάρῃ
1494 5712 1693 5782 αὐτὴν,
1726 5712 1760 5781 ἢ

209 5809 370 5870 πολλὰ
395 5827 517 5866 τινα
564 5810 826 5880 χρήματα
851 5823 866 5839 ⁸
902 5809 993 5862 καὶ
1030 5808 1129 5861 οὐκ
1164 5807 1400 5862 ἔπαυσεν
1435 5807 1462 5858 ό
1499 5805 1629 5871 ἐμὸς
1678 5803 1763 5857 λο-

1855 4605 1970 4675 ρίου
2005 4603 2233 4673 ζητήσει
2288 4601 2469 4654 αὐτῶν
2511 4598 2673 4651 ἕνεκα
2701 4597 2926 4667 εἰρήνης
2973 4595 3138 4664 μέσον
3186 4592 3278 4644 τοῦ
3307 4593 3429 4644 ἀνε-

1851 4696 1974 4766 ψιοῦ
2006 4695 2266 4748 δεσπότου
2293 4693 2386 4746 τοῦ
2423 4691 2700 4760 Καρόλλου
2736 4692 2832 4742 καὶ
2857 4684 3292 4754 γυναικαδέλφου
3332 4681 3427 4734 τοῦ

1853 4788 2111 4852 αὐθεντός
2141 4806 2265 4858 μου,
2302 4787 2396 4840 καὶ
2429 4785 2536 4836 τῶν
2570 4782 2820 4853 φυσικῶν
2861 4779 2994 4832 υἱῶν
3027 4777 3193 4830 αὐτοῦ
3231 4777 3295 4846 δὴ
3331 4774 3425 4826 τοῦ

1853 4855 2158 4952 Καρόλλου,
2188 4877 2351 4951 ἶ[155]
2394 4876 2662 4946 Ἑρκούλα
2692 4874 2786 4927 καὶ
2827 4855 3083 4925 Μενώνου
3109 4883 3123 4900 ·
3163 4867 3428 4936 ἐποίησαν

1854 4975 1962 5043 γὰρ
1992 4974 2248 5041 ἐνόρκους
2281 4969 2628 5038 συμφωνίας,
2659 4967 2762 5026 ὅτι,
2791 4964 2843 5016 εί
2866 4979 2920 5016 τι
2951 4962 3059 5030 ἀρα
3095 4961 3186 5013 καὶ
3220 4957 3429 5027 διακρίσ-

1855 5081 1937 5116 νει
1962 5067 1989 5116 ὁ
2018 5063 2246 5132 ζητήσει
2271 5061 2432 5129 ήμῶν
2463 5057 2678 5119 σταλεὶς
2701 5058 2882 5126 ἄρχων
2907 5051 3002 5106 τοῦ
3037 5051 3298 5103 δεσπότου
3324 5049 3428 5115 κὺρ
3532 5057 3538 5065 ‘

1857 5152 2270 5206 Κωνσταντίνου
2326 5151 2406 5213 είς
2466 5148 2534 5201 τά
2590 5148 2754 5218 μέσον
2815 5143 2972 5215 ήμῶν
3018 5140 3426 5208 διαφερόμενα,

1859 5246 2154 5316 στέρξομεν
2182 5245 2277 5298 καὶ
2323 5243 2609 5312 ἀμφότερα
2645 5240 2714 5292 τὰ
2759 5238 2900 5309 μέρη
2935 5236 3077 5290 κατά
3104 5233 3172 5287 τά
3203 5231 3432 5301 πλησίον

1860 5338 2127 5407 νησύδρια
2156 5339 2257 5405 τῆς
2290 5336 2452 5402 ἀγίας
2484 5333 2716 5404 Μαύρας
2737 5349 2749 5362 ·
2778 5332 2889 5398 ἀπή
2903 5329 3028 5400 ρασί
3073 5345 3140 5398 με
3169 5328 3216 5378 οί
3250 5328 3433 5377 Κατα-

1859 5429 2009 5482 λάνοι
2044 5429 2181 5499 μετά
2215 5427 2426 5480 πολλῶν
2453 5424 2548 5478 καὶ
2573 5424 2669 5478 ἀνθ
2680 5423 2876 5494 ρώπων
2911 5423 3007 5475 κα)⁸
3034 5419 3242 5473 σκευῶν
3269 5415 3431 5466 πολυ-

1861 5526 2043 5591 τίμιον
2073 5521 2202 5574 όντα
2258 5537 2349 5590 με,
2388 5521 2484 5572 καὶ
2527 5520 2905 5588 κρατήσαντες
2954 5513 3119 5583 μέχρι
3165 5508 3309 5566 τινὸς
3341 5505 3432 5556 κα’ι

1862 5611 2243 5680 ἀπαγαγόντες
2303 5609 2467 5679 μέχρι
2501 5607 2722 5675 καὶτῆς
2772 5603 3131 5671 Κεςαλωνίας
3158 5598 3233 5657 ὡς
3274 5592 3434 5656 δῆθεν

1867 5706 2202 5772 περάσοντες
2233 5705 2312 5766 είς
2343 5702 2412 5754 τὰ
2441 5701 2571 5769 περὶ
2603 5698 2701 5767 τὴν
2737 5699 2881 5750 Νέαν
2914 5694 3088 5751 πόλιν,
3119 5687 3270 5746 τέλος
3305 5685 3435 5754 ἐγὼ

1872 5804 2100 5870 ρίῖαμεν
2147 5802 2223 5863 είς
2272 5799 2374 5874 τὴν
2420 5795 2758 5866 Γλαρέντζαν
2788 5811 2800 5823 ο
2839 5793 2932 5846 καὶ
2985 5783 3294 5852 ἐπούλησαν
3345 5779 3439 5832 καὶ
