4022 6294
632 347 769 409 Ῑῦί3

1738 288 1741 291 Ι
1848 338 2167 403 GEORGII
2214 338 2638 401 PHRANTZB

3680 341 3781 408 ιοιι

632 465 735 532 ἐμέ
763 462 860 517 καὶ
891 463 1020 524 τοὺς
1068 461 1167 516 σὺν
1196 463 1344 531 ἐμοί·
1380 462 1439 515 ἐν
1479 455 1526 530 ᾧ
1553 461 1618 531 δὴ
1663 456 1898 529 Μαρτίῳ
1947 459 2079 527 μηνὶ
2107 454 2201 506 καὶ
2225 454 2281 516 Α
2304 454 2844 525 πορφυρογεννήτου,
2873 452 3016 524 κυρά
3045 453 3279 526 Κλεώπη
3303 468 3318 487 ⁶
3346 454 3438 509 καὶ
3480 455 3634 528 ἐτάφη
3662 459 3708 514 ἐν
3733 468 3781 535 τῇ

631 556 857 625 ἀμηρᾶς
888 555 915 606 ὁ
944 554 1348 624 Μουράτμπεῖς
1405 554 1505 623 τὴν
1539 552 1945 621 Θεσσαλονίκην
1985 547 2199 618 ἀπῆρεν

636 644 742 695 ἀπὸ
768 645 896 707 τοὺς
926 646 1247 709 Βενετικούς
1277 646 1494 715 πολέμῳ
1514 662 1529 677 ο
1557 648 1586 698 6
1607 646 1664 697 δέ
1686 644 1959 711 δεσπότης
1979 642 2074 694 καὶ
2099 641 2200 695 αὐ-

586 786 616 807 ,
636 733 827 803 θέντης
861 752 962 803 μου
991 735 1097 804 κύρ
1127 738 1554 799 Κωνοταντῖνος,
1583 737 1674 789 τὸν
1704 736 1881 788 Μάῖον
1909 730 2004 785 τοῦ
2032 728 2199 785 αὐτοῦ

2307 548 2401 602 τοῦ
2431 547 2702 603 Ζωοδότου
2738 550 2894 619 μονῇ.

3022 640 3148 695 υλδῖ

2376 738 2487 789 Kal
2519 735 2598 803 τῷ
2646 733 2734 802 μβ⁹
2777 733 2885 785 ἔτει
2924 732 3284 802 Ἰαννουαρίου
3334 734 3378 797 ζ’
3413 736 3564 789 πάλιν
3606 738 3786 805 ὁτι-ἦλθον

637 825 810 891 ἔτους,
860 826 950 879 τὸν
984 827 1184 881 κουλᾶν
1212 827 1312 895 τῆς
1354 828 1574 897 Πάτρας
1630 828 1847 896 ἀπῆρεν
1895 824 2003 877 ἀπὸ
2035 821 2198 891 λιμοῦ
2303 827 2725 896 ἀποκρισιάριος
2785 825 2865 885 εἷς
2913 843 2971 877 τε
3016 827 3107 878 τὸν
3146 825 3401 878 ἀντώνιον
3451 828 3539 878 καὶ
3587 828 3789 898 αὐθέντην

634 917 729 967 καὶ
760 916 859 983 τῆς
882 916 1050 986 ἄλλης
1079 918 1455 980 κακοπαθείας
1484 917 1591 970 τῶν
1620 915 2025 985 εὑρισκομένων
2048 915 2200 978 ἐντὸς

634 1010 797 1063 αὐτοῦ
823 1027 837 1040 ·
866 1013 959 1064 καὶ
1000 1013 1065 1080 τῇ
1106 1010 1173 1075 ιζ’
1234 1010 1457 1063 Ἰουλίου
1484 1010 1578 1063 τοῦ
1632 1008 1798 1061 αὑτοῦ
1834 1010 2007 1072 ἔτους,
2046 1006 2199 1078 [156]

642 1103 863 1171 ἀπῆραν
889 1106 937 1156 οί
968 1104 1276 1158 Καταλάνοι
1303 1104 1403 1173 τὴν
1440 1103 1801 1173 Γλαρέντζαν,
1832 1102 1899 1171 ἢν
1937 1101 2031 1154 κα)⁸
2060 1116 2203 1171 κρα-

638 1197 904 1262 τήσαντες
946 1197 1108 1266 μέχρι
1140 1196 1289 1255 τινδς
1319 1197 1485 1250 πάλιν
1523 1196 1832 1264 ἐπούλησαν
1867 1194 2072 1263 αὐτήν·
2107 1195 2204 1247 καὶ

636 1281 711 1349 τῷ
739 1282 1041 1353 Αὐγούστῳ
1068 1283 1201 1353 μηνὶ
1237 1285 1332 1338 τοῦ
1362 1285 1528 1339 αὐτοῦ
1567 1286 1721 1347 ἔτους
1756 1284 2205 1353 ἐπαναστρέψαν-

637 1390 726 1435 τες
759 1375 808 1427 οί
862 1376 970 1428 ἀπὸ
1001 1376 1098 1429 τοῦ
1147 1377 1413 1447 βασιλέως
1468 1380 1573 1445 κδρ
1632 1380 1883 1432 Ἰωάννου
1929 1378 2067 1446 πρὸς
2113 1378 2205 1431 τὸν

642 1460 828 1514 πάπαν
880 1463 1157 1532 Μαρτῖνον
1182 1467 1462 1536 πρέσϐεις,
1506 1470 1533 1521 ὃ
1571 1484 1630 1520 τε
1658 1468 1883 1537 Μάρκος
1929 1471 1957 1520 ὁ
1985 1469 2208 1537 Ἵαγρος

639 1554 733 1605 καὶ
761 1557 937 1622 μέγας
969 1560 1473 1631 στρατοπεδάρχης,
1508 1562 1601 1614 καὶ
1632 1563 1662 1613 ὁ
1688 1561 1859 1627 μέγας
1885 1560 2207 1630 πρωτυσύγ-

639 1645 795 1711 γελος
820 1649 909 1699 καὶ
936 1650 1241 1717 ἡγούμενος
1268 1652 1363 1719 τῆς
1383 1653 1689 1722 σεϐασμίας
1716 1652 2010 1723 βασιλικῆς
2037 1655 2209 1724 μονῆς

639 1738 733 1790 τοῦ
782 1742 1235 1813 Παντοκράτορος
1278 1736 1634 1815 ίερομὸναχος
1674 1746 1769 1800 καὶ
1815 1745 2207 1814 πνευματικὸς,

642 1830 931 1900 Μακάριος
980 1837 1007 1887 6
1049 1836 1277 1905 Μακρὸς
1327 1838 1749 1906 ὀνομαζόμενος,
1794 1838 1933 1908 ἀνὴρ
1987 1840 2209 1907 ἄριστος

644 1922 786 1973 κατά
827 1938 885 1973 τε
921 1922 1079 1990 λόγον
1134 1926 1229 1977 καὶ
1272 1926 1479 1997 ἀρετὴν
1531 1928 1625 1979 καὶ
1669 1927 1905 1989 σύνεσιν,
1952 1928 2209 1997 ἐποίησαν

643 2010 856 2080 ὁρισμῷ
890 2013 986 2067 τοῦ
1031 2016 1300 2083 βασιλέως
1345 2017 1612 2086 δεσπότην
1650 2018 1739 2071 τὸν
1783 2018 2210 2072 αὐθεντόπουλον

647 2103 753 2175 κύρ
783 2104 1005 2172 Θωμᾶν.

1350 2202 1486 2257 υλα⁹.
1992 2262 1995 2263 ,

714 2288 824 2342 Καὶ
869 2290 947 2360 τῷ
987 2291 1064 2344 λθ⁹
1118 2287 1229 2346 ἔτει
1283 2297 1415 2364 μηνὶ
1473 2296 1786 2368 Σεπτεϐρέῳ
1843 2296 2213 2367 εὐεργετήθην

645 2377 756 2446 ἐγὼ
802 2381 864 2434 τὸ
910 2382 1300 2449 κεφαλατίκιον
1345 2387 1445 2456 τῆς
1498 2388 1762 2457 Πάτρας·
1813 2388 1961 2460 [1571
2005 2389 2101 2442 καὶ
2136 2388 2214 2459 τῷ

646 2471 796 2539 αὐτῷ
826 2471 935 2525 ἔτει
970 2476 1025 2526 ἐν
1057 2478 1191 2543 μην)⁸
1233 2476 1554 2547 Ὀκτωϐρίῳ
1586 2480 1804 2547 ἀπῆρεν
1842 2480 1869 2530 6
1903 2480 2215 2548 Μπελαρμ-

646 2562 769 2625 πεῒς
798 2565 904 2617 τῶν
935 2564 1198 2635 Τούρκων
1236 2569 1264 2620 6
1301 2569 1527 2634 Συνάνις
1565 2572 1634 2624 τὰ
1677 2572 1956 2625 Ἰωάννινα
1990 2570 2086 2653 καὶ
2113 2570 2214 2641 τὴν
2254 2588 2255 2591 ‘

646 2661 825 2726 αὐτῶν
873 2665 1157 2731 περιοχὴν,
1214 2665 1307 2717 καὶ
1338 2667 1403 2734 τῇ
1454 2669 1547 2727 κς¹
1600 2665 1847 2734 Μαρτίου
1896 2666 1989 2717 τοῦ
2045 2663 2213 2717 αὑτοῦ

647 2750 801 2816 ἔτους
834 2755 891 2805 ἐν
920 2755 1104 2826 ἡμέρᾳ
1135 2757 1227 2808 καὶ
1257 2755 1376 2827 ὥρᾳ
1413 2760 1479 2827 τῇ
1510 2759 1674 2825 αὐτῇ,
1711 2758 1769 2809 ἐν
1863 2758 1954 2810 καὶ
1986 2758 2053 2811 τὰ
2081 2774 2213 2827 προ-

648 2845 911 2911 γεγονότα
979 2863 1070 2914 μοι
1126 2848 1454 2915 συνέϐησαν,
1509 2850 1778 2917 ἐδεξάμην
1807 2850 1993 2903 καὶτὸ
2040 2852 2215 2904 ἀπευ-

648 2938 834 2988 κταῖον
865 2937 989 3005 ἐμοὶ
1024 2938 1250 3006 μήνυμα
1294 2939 1362 2991 δι’
1388 2940 1617 3009 ὁρισμοῦ
1665 2943 1758 2994 τοῦ
1809 2942 2065 3003 αὐθεντός
2113 2959 2214 3007 μου

648 3027 756 3079 ἀπὸ
781 3028 878 3096 τὴν
900 3030 1215 3094 Βοστίτζαν,
1236 3032 1317 3083 ὅτι
1348 3034 1415 3098 τῇ
1445 3033 1537 3085 τοῦ
1564 3032 1923 3101 παρελθόντος
1947 3034 2189 3088 Ἰαννουα
2205 3064 2216 3074 ι

2305 919 2414 971 τῶν
2468 918 2732 985 Ἀθηνῶν.
2765 918 2860 970 καὶ
2890 920 2970 980 είς
2996 918 3087 971 τὸν
3118 919 3361 985 ἀμηρᾶν,
3398 917 3487 969 καὶ
3520 918 3593 979 είς
3630 919 3704 971 τὸν
3725 925 3789 987 βτ-

2307 1010 2457 1063 σιλέα
2472 1028 2484 1041 ·
2510 1011 2565 1062 ἐν
2592 1004 2635 1076 ᾧ
2655 1010 2716 1077 δὴ
2737 1008 3103 1077 Ἰαννουαρίῳ,
3124 1011 3190 1078 τῇ
3216 1007 3298 1060 κθ¹
3320 1007 3503 1067 αὐτοῦ,
3526 1011 3691 1071 νυκτδς
3704 1014 3785 1080 ὥρῃ

2308 1101 2356 1171 γ’
2384 1102 2731 1172 ἐπυρπόλησε
2759 1102 2852 1153 τὸν
2882 1102 2940 1153 ἐν
2974 1100 3301 1168 Βλαχέρναις
3330 1101 3409 1162 εἰς
3436 1101 3591 1166 δνομα
3613 1100 3790 1165 τῆςθεο.

2315 1196 2549 1264 μήτορος
2573 1194 2875 1261 περικαλλῆ
2908 1195 3003 1246 καὶ
3036 1194 3178 1246 θεῖον
3202 1194 3329 1270 ναὸν
3361 1194 3437 1254 είς
3461 1193 3551 1259 τὴν
3576 1196 3792 1249 Κώνσταν-

2310 1284 2618 1337 τινούπολιν
2643 1300 2659 1316 ⁶
2684 1286 2820 1353 ὅπερ
2853 1285 3170 1354 ἀκηκόαμεν
3196 1286 3371 1336 ἐκεῖσε
3402 1286 3721 1352 ἀπερχόμενοι
3742 1291 3792 1349 εἰς

2310 1380 2402 1432 τὸν
2436 1379 2681 1447 ποταμὸν
2710 1380 2802 1432 τὸν
2850 1380 3061 1432 Μέστον
3117 1378 3511 1448 ὀνομαζόμενον
3546 1381 3602 1446 τῇ
3643 1386 3683 1430 α’
3706 1382 3794 1433 Φεν-

2314 1471 2593 1551 ρουαρίου,
2625 1471 2744 1541 ὥρᾳ
2787 1472 2928 1539 μετά
2958 1471 3051 1523 τὸν
3090 1471 3380 1551 ἑσπερινόν
3409 1471 3504 1538 τῆς
3544 1471 3796 1539 δεσποτικῇ

2312 1563 2508 1633 ἑορτῆς
2552 1565 2653 1632 τῆς
2709 1562 3063 1632 ’Υπαπαντῆς
3093 1579 3107 1593 ·
3166 1564 3262 1615 καὶ
3321 1562 3662 1631 ἐλογισάμεθα
3710 1565 3797 1616 αὐτὴ

2312 1655 2527 1725 ψεῦδος,
2569 1655 2690 1708 ἐπεὶ
2721 1657 2748 1708 ὁ
2779 1654 3017 1726 εἰρηκὼς
3037 1656 3133 1707 οὐκ
3166 1653 3439 1721 ἐγνώσθη.
3466 1655 3552 1706 καί
3572 1654 3798 1719 διελθόντες

2314 1749 2395 1811 είς
2436 1748 2498 1800 τὸ
2527 1748 2839 1817 ἔμπροσθεν
2887 1748 3053 1817 μονὰς
3086 1747 3125 1799 ε’
3175 1748 3269 1801 καὶ
3320 1746 3474 1799 οὐδὲν
3522 1748 3636 1815 περὶ
3665 1748 3798 1801 τούτου

2314 1838 2669 1901 ἀκούσαντες,
2732 1841 2797 1907 τῇ
2848 1841 2926 1900 εξς
2978 1838 3069 1890 τὸν
3107 1837 3382 1891 Ῥεδεστδν
3433 1835 3484 1901 ς’
3538 1841 3655 1906 μονῇ
3692 1840 3802 1907 ήμῶν

2313 1930 2585 2001 ἐμάθομεν
2616 1930 2767 2002 [159]
2798 1930 2953 1983 τοῦτο
2990 1930 3251 2001 ἀκριϐῶς,
3282 1931 3432 1991 ὅπως
3454 1930 3544 1982 καὶ
3563 1932 3700 1983 ὁπότε
3723 1932 3804 1997 ἐγέ-

2313 2041 2431 2078 νετο
2452 2039 2465 2055 ο
2501 2027 2637 2095 ὅπερ
2667 2023 2994 2095 παράδοξον.

3030 2112 3158 2167 υλε’.

2386 2211 2495 2262 Και
2533 2209 2611 2269 είς
2647 2206 2748 2269 τὰς
2777 2205 2951 2275 ἀρχὰς
2978 2205 3073 2257 τοῦ
3100 2204 3291 2271 θέρους
3325 2202 3425 2256 τοῦ
3461 2202 3546 2273 μγ¹
3567 2205 3811 2269 6100;612:-

2314 2304 2442 2357 θανε
2470 2302 2564 2355 καὶ
2589 2304 2617 2355 6
2650 2302 2759 2353 τῶν
2787 2298 3031 2366 Ἀθηνῶν
3056 2300 3153 2353 κα)⁸
3176 2297 3374 2367 Θηϐῶν
3404 2299 3649 2368 αὐθέντης
3673 2300 3810 2367 κύριος

2325 2395 2610 2455 Ἀντώνιος
2662 2391 3081 2460 Ντελανζιόλης,
3123 2389 3219 2443 καὶ
3266 2390 3496 2460 ζητήσει
3528 2391 3621 2459 τῆς
3658 2392 3811 2443 ἐκείνου

2314 2486 2575 2556 γυναικὸς
2602 2485 2838 2554 ἐστάλην
2870 2483 2984 2551 ἐγὼ
3014 2484 3153 2553 μετὰ
3184 2483 3413 2553 ἐνόρκου
3445 2481 3812 2551 ἀργυροϐούλλου

2315 2579 2411 2632 καὶ
2441 2575 2657 2629 πολλῶν
2706 2576 3073 2646 στρατιωτῶν,
3111 2576 3196 2629 ῐνα
3237 2576 3543 2645 παραλάϐω
3584 2574 3671 2644 τὴν
3702 2575 3817 2640 Ἀθή-

2315 2684 2435 2733 ναν,
2486 2666 2579 2719 καὶ
2610 2665 2769 2718 ἀλλον
2809 2666 2889 2727 είς
2924 2666 3018 2718 τὸν
3064 2664 3289 2734 Μορέαν
3337 2665 3478 2733 αὐτῇ
3526 2662 3665 2716 δώσω
3695 2662 3816 2713 τόπον

2314 2760 2511 2813 ὁπόσον
2533 2758 2627 2810 καὶ
2650 2759 2834 2809 ὁποῖον
2860 2756 3118 2825 φαίνηταί
3152 2772 3243 2824 μοι
3271 2771 3285 2786 ο
3315 2755 3671 2824 προλαϐόντος
3692 2752 3737 2805 ὁέ
3754 2749 3817 2803 τοῦ

2317 2849 2641 2919 Τουραχάνη
2681 2849 2774 2900 καὶ
2820 2847 2922 2917 τὴν
2950 2847 3139 2916 Θήϐαν
3180 2846 3627 2908 ἀποκλείσαντος,
3671 2844 3728 2914 ἢν
3753 2843 3818 2895 καὶ

2317 2943 2499 3011 ἀπῆρε
2545 2942 2684 3011 μετά
2712 2957 2866 3003 τινας
2908 2940 3141 3009 ἡμέρας,
3172 2940 3461 3007 ἄπρακτος
3505 2939 3711 3007 ἐγύρισα
3746 2934 3820 2988 ἀπὸ

2317 3034 2380 3085 τὸ
2444 3032 2735 3101 Εξαμῐλιον
2754 3031 2941 3085 τούτου
2977 3030 3361 3101 παραγγελίαν
3394 3031 3605 3100 ἔχοντός
3635 3045 3736 3097 μου.
3757 3024 3821 3084 Εἰς

651 3119 770 3186 ρίου
805 3117 853 3179 ζ’
880 3120 1110 3189 τέθνηκε
1142 3122 1395 3190 λοιμώδει
1427 3124 1567 3193 νόσῳ
1598 3125 1625 3177 6
1653 3126 1872 3195 ἄριστος
1898 3126 2078 3192 κάμοῦ
2128 3126 2215 3193 φί-
2243 3127 2287 3190 C
2318 3123 2374 3177 δὲ
2409 3122 2474 3177 τὰ
2504 3122 2779 3191 Στυλάρια
2812 3122 3202 3190 εὑρισκομένου
3241 3122 3336 3175 τοῦ
3365 3122 3624 3173 δεσπότου
3649 3120 3729 3173 καὶ
3750 3118 3822 3170 οὐ·

650 3211 763 3273 λος,
796 3214 824 3264 ὁ
845 3214 1130 3283 Μακάριος
1153 3218 1243 3268 καὶ
1275 3216 1353 3268 ῶν
1380 3216 1477 3269 καὶ
1500 3218 1830 3288 καλούμενος
1848 3219 1875 3270 6
1902 3218 2149 3288 Μακρδς,
2185 3219 2214 3271 6

652 3306 781 3376 παρ’
798 3306 1057 3376 ὁφθαλμῷ
1076 3310 1174 3375 μὲν
1192 3311 1572 3380 πατριαρχικῷ
1595 3312 1928 3380 ὑπερηφάνῳ
1943 3314 2035 3363 καὶ
2048 3311 2222 3383 ἀπλή-

654 3415 766 3470 στῳ
796 3406 862 3471 τῇ
895 3403 1126 3472 ἀγροικῇ
1158 3402 1355 3472 καρδίᾳ
1376 3403 1669 3472 αίρετικδς,
1696 3405 1844 3472 παρὰ
1870 3406 1923 3457 δέ
1953 3404 2218 3473 ὀφθαλμῷ

655 3490 1150 3561 παντοκρατορικῷ
1187 3495 1474 3563 ἀκοιμήτῳ
1523 3495 1617 3546 καὶ
1646 3494 1875 3565 ἀληθείᾳ
1923 3495 2218 3566 δικαζούσῃ

654 3584 951 3650 ὁρθὸδοξος,
979 3585 1037 3647 ὃς
1071 3587 1164 3638 καὶ
1196 3587 1277 3648 είς
1327 3585 1421 3656 τὴν
1454 3588 2024 3640 Κωνσταντινούπολιν
2047 3589 2217 3639 ἐπαν-

655 3678 819 3745 ῆλθεν
872 3680 977 3732 ἀπὸ
1006 3680 1101 3733 τοῦ
1134 3680 1289 3748 ἀγίου
1318 3680 1500 3751 ὑρους,
1528 3680 1622 3733 καὶ
1643 3682 1741 3749 τὴν
1770 3680 1937 3750 μονὴν
1959 3680 2052 3732 τοῦ
2077 3681 2221 3733 Παν-

653 3770 986 3840 τοκράτορος
1012 3770 1172 3825 ἔλαϐε
1203 3772 1573 3842 παρακινήσει
1618 3775 1713 3824 καὶ
1751 3772 2043 3841 συνεργεία
2074 3772 2216 3842 ίδικῇ

659 3880 784 3933 μου,
841 3864 917 3925 ὡς
948 3864 1021 3921 οί,
1050 3864 1251 3927 πάντες
1299 3865 1621 3933 ἠπίσταντο,
1665 3865 1759 3916 καὶ
1804 3865 2059 3935 συνάρσει
2120 3865 2220 3933 μέν

655 3954 876 4026 πρῶτον
908 3954 1002 4010 τοῦ
1036 3958 1477 4026 παντοκράτορος
1507 3957 1664 4023 Θεοῦ,
1696 3958 1889 4011 ἔπειτα
1928 3958 1983 4010 δέ
2015 3956 2218 4027 σπουδῇ

588 4098 601 4103 -
657 4050 754 4102 καὶ
792 4050 1079 4120 ἐπιμελείᾳ
1130 4052 1265 4119 ἐμοῦ
1294 4069 1350 4105 τε
1397 4051 1671 4116 κάκείνου,
1726 4051 1832 4103 πᾶν
1871 4051 1924 4102 εἴ
1967 4067 2020 4102 τι
2056 4049 2222 4103 καλὸν

657 4142 752 4196 καὶ
798 4143 936 4212 πρὸς
986 4146 1247 4196 σύστασιν
1292 4144 1387 4196 καὶ
1439 4142 1740 4211 εὐκοσμίαν
1784 4145 1866 4205 είς
1898 4126 1996 4213 την
2048 4143 2221 4213 αὐτὴν

662 4237 831 4307 μονὴν
862 4237 1219 4306 προεχώρησε
1247 4253 1261 4267 ο
1296 4236 1391 4289 καὶ
1422 4236 1499 4305 τῷ
1549 4238 1693 4289 τέλει
1725 4235 1818 4289 τοῦ
1868 4235 2027 4305 ἔαρος
2056 4235 2221 4289 αὐτοῦ

656 4330 721 4399 δὴ
756 4328 848 4382 τοῦ
879 4331 1030 4391 ἔτους
1064 4325 1228 4398 ἦλθεν
1268 4329 1296 4380 6
1340 4328 1711 4400 Τουραχάνης,
1754 4330 1847 4383 καὶ
1884 4329 2221 4399 κατεχάλασε

658 4423 754 4475 καὶ
802 4420 883 4473 ετι
915 4420 976 4473 τὸ
1012 4418 1325 4487 Ἐξαμίλιον
1367 4418 1462 4471 καὶ
1513 4418 1802 4474 θανατικὸν
1834 4420 1916 4473 ὅτι
1962 4418 2096 4473 πολὺ
2140 4421 2221 4482 εἰς

655 4514 756 4584 τὴν
790 4513 1009 4583 Πάτραν
1042 4511 1281 4579 ἐγένετο.

1375 4603 1505 4673 υλβ¹.

728 4698 841 4751 Καὶ
871 4700 940 4769 τῇ
993 4696 1075 4751 λα’
1118 4697 1482 4769 Ἰαννουαρίου
1536 4696 1630 4751 τοῦ
1678 4704 1736 4766 μ’
1782 4698 1936 4761 ἔτους
1987 4696 2224 4767 ὁρισθεὶς

659 4789 903 4859 ἀπῆλθον
928 4790 1345 4861 ἀποκρισιάριος
1380 4790 1459 4852 είς
1489 4806 1549 4843 τε
1573 4788 1665 4843 τὸν
1695 4788 1920 4858 βασιλέα
1959 4788 2096 4859 (καὶ)
2128 4787 2223 4856 ἀφ’

660 4884 720 4937 οὗ
759 4884 852 4937 καὶ
880 4881 941 4936 τδ
974 4884 1067 4936 τοῦ
1098 4880 1599 4953 πρωτοϐεστιαρίου
1643 4882 1763 4935 τότε
1794 4880 2043 4950 ὁφφίκιον
2074 4878 2221 4952 [158]

659 4975 1029 5045 εὐεργετηθῶ,
1063 4975 1144 5037 είς
1169 4974 1262 5027 τὸν
1291 4975 1517 5043 ἀμηρᾶν
1543 4989 1557 5004 ·
1620 4974 1679 5025 ἐν
1708 4968 1752 5041 ᾧ
1795 4972 1906 5026 ἔτει
1939 4972 2083 5026 κατά
2132 4972 2224 5025 τὸν

659 5067 908 5134 Μάρτιον
952 5067 1098 5136 μῆνα
1137 5068 1288 5135 καὶή
1327 5066 1595 5137 ἐναλλαγὴ
1637 5066 1745 5119 τῶν
1783 5066 1961 5119 τόπων
1986 5065 2228 5134 ἀμφοτέ-

663 5176 772 5229 ρων
799 5160 910 5211 τῶν
938 5159 1181 5228 ἀδελφῶν
1215 5161 1310 5213 καὶ
1347 5158 1619 5212 δεσποτῶν
1654 5159 1761 5229 κύρ
1811 5157 2225 5211 Κωνσταντίνου

658 5251 753 5304 καὶ
783 5252 950 5320 κυροῦ
982 5251 1155 5319 Θωμᾶ
1189 5252 1426 5319 ἐγένετο,
1473 5252 1566 5305 καὶ
1595 5253 1622 5303 ὁ
1657 5252 1756 5320 μὲν
1794 5252 1973 5321 ἀπῆρε
2015 5251 2084 5302 τὰ
2113 5251 2228 5303 Κα-

659 5340 902 5410 λάϐρυτα
951 5341 1045 5394 καὶ
1076 5341 1251 5393 πάντα
1284 5341 1352 5395 τὰ
1384 5343 1564 5395 ἐκεῖσε
1590 5341 1684 5394 τοῦ
1726 5343 1833 5411 κύρ
1867 5342 2041 5409 Θωμᾶ
2064 5357 2078 5371 ο
2110 5342 2138 5391 ὁ
2169 5338 2226 5392 δὲ

661 5432 824 5486 πάλιν
850 5430 949 5503 τὴν
993 5430 1333 5499 Γλαρέντζαν
1364 5430 1457 5484 καὶ
1487 5430 1554 5483 τὰ
1601 5431 1729 5501 περὶ
1758 5430 1856 5500 τὴν
1901 5427 2226 5499 ’Δνδροῦσαν

659 5525 857 5577 πάντα.

1378 5614 1515 5681 υλγι.

732 5711 843 5763 Καὶ
867 5708 944 5778 τῷ
986 5714 1076 5776 μα’
1116 5706 1226 5759 ἔτει
1273 5706 1534 5773 τέθνηκεν
1566 5706 1598 5775 ή
1627 5704 1719 5758 τοῦ
1766 5704 2094 5758 Μαλατέστα
2130 5702 2229 5772 μέν

663 5801 933 5871 θυγάτηρ,
966 5797 1105 5872 γυνὴ
1128 5797 1186 5852 δὲ
1213 5796 1308 5851 τοῦ
1337 5795 1597 5849 δεσπότου
1619 5794 1809 5871 κυρίου
1830 5792 2107 5863 Θεοδώρου
2131 5790 2226 5844 τοῦ

2320 3214 2504 3277 θεντός
2538 3230 2665 3283 μου,
2700 3215 2796 3267 καὶ
2821 3215 2888 3266 τὰ
2919 3217 3017 3283 τῆς
3050 3214 3442 3281 πραγματείας
3466 3213 3687 3280 κάτεργα
3712 3207 3820 3281 [1601

2319 3305 2581 3360 Βενετικὰ
2638 3304 3020 3374 ἐκδεχομένου,
3074 3306 3162 3360 ἵνα
3219 3307 3398 3374 ἐμϐἀς
3447 3309 3528 3370 είς
3578 3307 3668 3374 τὴν
3712 3304 3822 3358 πόλιν

2320 3398 2553 3469 ἀπέλθῃ,
2591 3397 2701 3451 ἰδοὺ
2746 3398 2901 3464 κάγὼ
2948 3398 3231 3467 ἄπρακτος
3270 3399 3506 3465 ἔφθασα.
3553 3399 3653 3450 Καὶ
3696 3396 3822 3465 ἐμϐὰς

2323 3492 2479 3560 κάγὼ
2507 3489 2881 3561 ἀπερχόμεθα,
2912 3491 3007 3543 καὶ
3036 3491 3117 3553 είς
3145 3490 3243 3560 τὴν
3275 3490 3519 3560 Εὔριπον
3561 3490 3825 3559 φθάσαντες.

2320 3584 2492 3653 ἐφάνη
2541 3581 2728 3645 καλὸν,
2763 3582 2858 3634 καὶ
2893 3581 3124 3649 ἐστάλην
3170 3582 3251 3643 είς
3283 3584 3377 3635 τὸν
3426 3582 3750 3652 Τουραχάνην
3772 3580 3825 3638 εἰς

2321 3677 2421 3746 τὴν
2446 3676 2631 3743 Θήϐαν
2665 3675 3075 3745 εὑρισκόμενον,
3112 3676 3204 3728 καὶ
3223 3676 3322 3745 τὴν
3350 3676 3597 3728 δουλείαν
3625 3674 3710 3743 τὴν
3734 3670 3827 3738 περὶ

2320 3769 2422 3837 τῆς
2465 3767 2697 3835 Ἀθήνας
2731 3766 3092 3834 ἐδηλοποίησα
3126 3768 3275 3832 αὐτῷ
3300 3780 3311 3793 ·
3344 3768 3444 3819 καὶ
3475 3762 3828 3835 ἐπληῳφὸρησί

2326 3877 2416 3930 μοι
2452 3858 2571 3928 μεθ’
2604 3860 2790 3928 ὅρκου,
2826 3859 2907 3911 ὅτι
2939 3859 3037 3910 Διά
3074 3858 3172 3929 τὴν
3200 3858 3336 3928 πρὸς
3366 3859 3461 3913 τὸν
3486 3858 3729 3922 δεσπότην
3761 3853 3827 3907 καὶ

2324 3953 2384 4005 σέ
2436 3950 2773 4020 ἐγνωριμίαν
2808 3951 2903 4003 καὶ
2958 3950 3199 4019 ἀγάπην,
3247 3951 3433 4014 καλῶς
3474 3952 3568 4005 καὶ
3595 3948 3829 4020 προθύμως

2323 4043 2493 4115 ἧθελα
2522 4043 2906 4113 παραχωρὴσῃ
2937 4041 3022 4094 ἵνα
3053 4042 3270 4112 πραχθῇ
3299 4042 3480 4106 τοῦτο,
3514 4044 3576 4095 ἃν
3602 4040 3706 4109 είχα
3725 4037 3827 4100 ἐξεύο

2325 4151 2440 4203 ρειν
2471 4150 2523 4186 τι
2571 4132 2681 4200 πρὸ
2709 4131 2799 4184 τοῦ
2851 4130 3088 4195 ἐξελθεῖν
3144 4149 3208 4200 με
3234 4130 3341 4185 ἀπὸ
3369 4132 3433 4184 τὸ
3485 4132 3724 4200 ὁσπήτιὸν
3760 4146 3829 4197 μου

2325 4224 2418 4279 καὶ
2455 4222 2633 4276 ἐλθεῖν
2661 4222 2896 4276 ἐνταῦθα
2920 4239 2937 4256 ο
2972 4223 3093 4275 ἐπεὶ
3132 4222 3348 4293 ὁρισμῷ
3379 4223 3476 4276 τοῦ
3509 4224 3726 4292 μεγάλου
3765 4220 3830 4273 αὖ·

2328 4316 2510 4378 θεντδς
2540 4316 2694 4368 οὐδὲν
2724 4315 2959 4384 ἐποίησα
2995 4313 3154 4368 τοῦτο
3177 4327 3190 4343 ⁶
3222 4318 3315 4368 καὶ
3360 4316 3735 4385 εὑρισκομένου
3761 4329 3831 4377 μου

2328 4408 2409 4479 (ἐν
2438 4410 2502 4477 τῇ
2535 4406 2705 4477 οἰκίᾳ)
2730 4405 2872 4476 εἶχον
2898 4404 3066 4460 πολλὰ
3099 4408 3491 4475 σκεπάσματα,
3528 4409 3621 4460 νῦν
3646 4405 3695 4458 δέ
3718 4403 3833 4456 πλέον

2251 4490 2302 4548 Ῑ)
2331 4500 2625 4568 σκέπασμά
2649 4515 2700 4551 τι
2724 4499 2821 4552 οὐκ
2850 4498 2957 4568 ἔχω
2984 4512 2996 4528 ·
3036 4498 3459 4569 φιλοφρονηθεὶς
3507 4498 3563 4551 δέ
3595 4496 3833 4567 φιλοτίμως

2330 4590 2463 4657 παρ’
2514 4589 2723 4643 ἐκείνου
2773 4590 2868 4642 καὶ
2908 4590 3036 4650 τοὺς
3089 4590 3238 4652 υἱοὺς
3287 4590 3453 4642 αὐτοῦ
3517 4591 3749 4657 φέροντος
3782 4586 3834 4641 εἰς

2331 4683 2705 4756 προσκύνησιν
2735 4700 2838 4753 μου
2876 4684 2969 4736 καὶ
3009 4685 3346 4753 παραδόντος
3396 4662 3593 4748 αὐτούς
3630 4683 3743 4752 πρὸς
3768 4678 3832 4744 ἐμὲ

2331 4780 2426 4832 καὶ
2456 4777 2548 4830 τὸν
2579 4776 2846 4846 αὐθέντην
2874 4794 3000 4845 μου,
3030 4776 3089 4841 ἐξ
3112 4770 3187 4830 ὧν
3211 4774 3279 4849 ἦν
3307 4780 3401 4831 καὶ
3426 4781 3453 4832 6
3484 4780 3579 4831 νῦν
3609 4779 3751 4836 πολὺς
3772 4772 3834 4824 καὶ

2334 4868 2509 4937 μέγας
2555 4868 2823 4937 Ἀμάρης,
2862 4870 3240 4939 ἐπανέστρεψα
3272 4871 3529 4923 κάκεῖθεν
3576 4870 3832 4937 ἄπρακτος·

2333 4961 2425 5014 καὶ
2455 4960 2577 5014 ἐπεὶ
2606 4959 2971 5031 προλαϐόντες
3003 4961 3052 5013 οί
3083 4962 3142 5014 ἐν
3170 4961 3248 5031 τῷ
3271 4962 3498 5031 Εὐρίπῳ
3527 4952 3835 5024 ἐσήκωσαντδ

2328 5054 2611 5123 γεοφύριν,
2646 5054 2739 5106 καὶ
2772 5051 3045 5114 ἀκουσίως
3078 5052 3375 5121 ἐμείναμεν
3419 5052 3503 5112 εἰς
3536 5049 3633 5111 τάς
3658 5048 3746 5112 ἔξω
3771 5040 3836 5096 τοῦ

2328 5146 2600 5214 γεοφύρου
2622 5145 2850 5215 πέτρας,
2873 5144 3155 5197 διεϐιϐάσα
3165 5159 3264 5211 μεν
3292 5137 3387 5195 οῦν
3411 5142 3666 5210 τοιαύτην
3684 5138 3836 5190 νύκταν

2328 5241 2436 5293 ἀπό
2464 5256 2523 5291 τε
2558 5238 2781 5306 κρύους,
2812 5232 2894 5287 κίῖν
2922 5230 2989 5304 ἦν
3021 5234 3113 5287 τοῦ
3144 5232 3479 5301 Αὐγούστου,
3528 5234 3635 5287 ἀπό
3662 5247 3715 5284 τε
3752 5224 3838 5280 πεί·

2328 5348 2423 5392 νας
2474 5331 2582 5381 ἀπό
2608 5344 2668 5383 τε
2711 5327 3009 5397 ξηρότητος
3038 5324 3148 5377 τῶν
3197 5325 3435 5393 πετρῶν,
3486 5324 3598 5375 ἀπό
3624 5338 3680 5374 τε
3717 5315 3836 5385 φόὸου

2328 5425 2424 5477 καὶ
2454 5420 2704 5473 κλεπτῶν
2734 5418 2842 5470 τῶν
2875 5418 2981 5470 ἀπὸ
3006 5416 3100 5470 τοῦ
3136 5416 3390 5484 φωσάτου
3418 5414 3516 5468 τοῦ
3546 5410 3838 5482 Τουραχάνη.

2327 5516 2417 5568 διὰ
2447 5515 2513 5567 τά
2549 5515 2671 5579 ξένα
2706 5514 2894 5581 ἀλογα,
2932 5510 3084 5583 [ιω]
3112 5511 3147 5565 ἃ
3175 5512 3281 5565 ἀπὸ
3314 5512 3438 5573 τοὺς
3474 5512 3537 5562 ἐν
3570 5509 3645 5577 τῷ
3673 5506 3841 5569 κάπρῳ

2330 5607 2744 5675 ἐδανεισάμεθα,
2783 5607 2863 5659 ὅτι
2901 5604 3174 5675 παροιμία
3211 5605 3429 5672 ἐγένετο
3459 5603 3556 5655 ἐπὶ
3590 5597 3729 5665 κακῷ
3762 5592 3840 5649 τοῖς

2335 5697 2451 5767 μετ’
2504 5697 2639 5766 ἐμοῦ
2696 5695 2815 5748 τότε
2865 5691 3016 5748 οὖσιν
3072 5695 3153 5756 είς
3203 5695 3295 5747 τὸν
3332 5693 3629 5762 μετέπειτα
3673 5685 3838 5760 χρόνον.

2346 5790 2678 5853 Ἀναϐάντες
2729 5789 2821 5844 οὖν
2853 5790 2932 5851 είς
2983 5788 3050 5841 τὰ
3091 5786 3335 5857 κάτεργα
3383 5786 3474 5839 ἐπὶ
3525 5786 3625 5855 τὴν
3679 5777 3840 5847 οὐριονι
