4022 6294
202 346 356 413 λυὶῦ
425 349 427 351 ’

1456 338 1895 404 CHRONICON
1939 339 2079 402 MIN
2095 340 2211 402 US.

3322 327 3456 390 1046

190 465 273 533 τῇ
309 467 392 528 κγ’
430 457 520 538 ξοδ
553 455 886 526 Σεπτεϐρίου
924 454 1092 538 μηνὸς
1127 453 1220 508 τοῦ
1259 455 1343 524 μδ⁸
1376 454 1533 518 ἔτους
1567 455 1646 518 εἰς
1675 455 1774 524 τὴν
1807 458 1848 514 Α
1877 457 2199 527 ἀπήλθομεν
2254 453 2370 508 κατ’
2425 452 2615 522 αὐτῆς,
2664 449 2904 518 γεγονὼς
2939 447 2994 500 δὲ
3038 444 3267 510 λεγάτος
3308 443 3458 511 παρά

195 535 786 606 Κωνσταντινούπολιν
817 535 1160 614 ἐφθάσαμεν.

929 637 1070 700 υ).ς·’.

283 733 395 786 K01
425 734 492 802 τῇ
539 737 617 783 κε’
646 728 894 806 μαρτίου
939 727 1033 780 τοῦ
1088 727 1253 780 αὐτοῦ
1295 728 1446 789 ἔτους
1497 723 1660 797 ἦλθεν
1709 729 1788 790 εἰς

192 824 310 891 τὴν
342 823 497 876 πόλιν
526 821 622 874 1:01
646 823 680 891 ἡ
711 820 804 874 τοῦ
839 819 1301 890 Παρασπονδήλου
1334 819 1572 888 μεγάλου
1599 818 1788 878 δουκδς

196 913 496 981 θυγατέρα
552 911 698 979 Ζωὴ,
759 912 898 980 μετά
950 911 1222 979 κατέργου
1283 909 1566 980 βασιλικοῦ
1597 952 1609 973 ,
1653 910 1788 963 ὀποῦ

195 1008 417 1074 ἐστάλη
453 1007 592 1076 μετά
637 1004 1005 1070 Παλαιολόγου
1035 1003 1130 1056 τοῦ
1174 1004 1456 1074 Μανουὴλ,
1484 1005 1570 1056 ἵνα
1607 1002 1789 1072 φέρω·

199 1116 305 1152 σιν
343 1098 536 1166 αὐτήν·
569 1098 638 1167 ἢν
687 1097 751 1164 δὴ
797 1097 892 1150 καὶ
925 1096 1064 1164 μετά
1099 1113 1249 1158 τινας
1283 1094 1497 1164 ἡμέρας
1522 1094 1788 1164 εὐλογήθη

194 1186 390 1255 αὐτὴν
416 1188 444 1238 6
479 1183 748 1255 δεσπότης
783 1185 889 1253 κὺρ
921 1185 1233 1253 Δημήτριος
1258 1200 1272 1215 ·
1309 1183 1428 1253 μεθ’
1461 1183 1520 1237 οῦ
1556 1183 1622 1252 δὴ
1659 1199 1790 1236 κατ-

197 1281 384 1348 έργου
440 1274 605 1349 ἦλθεν
657 1279 739 1340 είς
795 1277 895 1346 τὴν
957 1277 1113 1331 πόλιν
1161 1277 1254 1330 1:01
1308 1279 1335 1330 6
1382 1276 1650 1342 δεσπότης
1684 1276 1790 1346 κὺρ

194 1371 514 1438 Θεόδωρος,
547 1369 634 1423 ίνα
671 1369 874 1431 ἐκεῖνος
906 1371 987 1430 εἰς
1024 1368 1122 1429 τὴν
1162 1369 1315 1421 πόλιν
1350 1368 1670 1438 εὑρίσκηται
1698 1371 1792 1423 1:01

195 1463 460 1532 διάδοχος
487 1462 562 1526 ὡς
594 1461 844 1532 δεύτερος
877 1460 1100 1530 ἀδελφὸς
1142 1463 1238 1530 τῆς
1265 1461 1547 1530 βασιλείας
1571 1477 1586 1491 ·
1621 1460 1650 1513 6
1697 1461 1790 1514 1:01

195 1555 232 1606 6
273 1553 531 1623 βασιλεὺς
556 1554 782 1622 ἔστεργε
812 1553 912 1622 μὲν
943 1554 1039 1606 1:01
1080 1554 1369 1617 ἀκουσίως,
1400 1553 1525 1606 ἐπεὶ
1555 1550 1650 1606 τὸν
1684 1553 1790 1623 κῦρ

197 1644 624 1699 Κωνσταντῖνον
654 1645 746 1700 τὸν
779 1645 1046 1714 αὐθέντην
1083 1661 1184 1714 μου
1237 1645 1499 1706 πολλάκις
1531 1661 1596 1714 με
1621 1643 1790 1712 ἐπλη-

201 1738 496 1808 ροφόρησε
527 1739 621 1789 καὶ
652 1738 890 1806 ένόρκως
919 1736 994 1799 ὡς
1045 1739 1102 1790 έν
1147 1736 1432 1806 μυστηρίῳ
1462 1735 1654 1805 ἠγάπα
1696 1735 1792 1794 1:01

198 1793 434 1898 ῆθέλέν,
487 1829 563 1891 ὡς
610 1793 776 1881 1:01
813 1793 1207 1896 λόγος-προῖῶν
1250 1793 1522 1894 δηλώσειί.
1551 1825 1705 1880 Ἐπεὶ
1737 1824 1795 1878 δὲ
1824 1793 1868 1848 Β

195 1917 392 1981 οὕτως
438 1918 973 1988 παρηκολούθησεν,
1026 1918 1360 1981 ἐσπούδαζεν
1416 1919 1502 1971 ἵνα
1563 1919 1642 1981 εἰς
1699 1920 1791 1969 τὸν

201 2008 434 2078 Μορέαν
455 2010 548 2062 1:01
570 2009 695 2073 τοὺς
722 2011 872 2076 τρεῖς
897 2007 1092 2071 ἄλλους
1120 2008 1384 2076 ἀδελφοὺς
1411 2007 1788 2078 ἔγκατοικίσῃ·

200 2105 233 2156 6
293 2102 429 2170 γοῦν
459 2101 722 2172 αὐθέντης
771 2117 875 2169 μου
923 2098 1086 2152 πάλιν
1123 2102 1151 2152 6
1197 2099 1467 2163 δεσπότης
1503 2099 1608 2167 κύρ
1635 2099 1792 2151 Κων-

203 2195 500 2255 σταντῖνος
529 2192 667 2262 μετὰ
696 2190 791 2244 τοῦ
825 2191 1063 2260 ἀδελφοῦ
1092 2191 1461 2263 αὐτοῦ-κυροῦ
1494 2191 1664 2260 Θωμᾶ
1693 2190 1790 2244 τοῦ

203 2286 483 2339 δεσπότου
513 2282 603 2354 (ἦν
637 2285 744 2355 γάρ
774 2286 854 2346 εἰς
879 2285 980 2354 τὴν
1007 2285 1164 2338 πόλιν
1189 2285 1308 2355 μεθ’
1331 2285 1488 2355 ήμῶν
1513 2289 1541 2339 6
1573 2285 1792 2355 πρῶτος

205 2372 406 2442 ἄρχων
434 2372 528 2425 τοῦ
557 2373 818 2442 όσπητίου
841 2373 1259 2436 ἔῃείνουῬαούλ
1286 2374 1508 2443 Μιχαὴλ
1533 2377 1561 2427 6
1598 2373 1792 2443 ’1σῆς),

206 2461 577 2528 ἐσπούδαζον,
629 2463 714 2517 ῖνα
763 2463 813 2516 οἰ
851 2462 943 2516 δύο
981 2463 1081 2530 μὲν
1118 2466 1216 2515 σὺν
1268 2463 1345 2533 τῷ
1405 2464 1614 2532 βασιλεῖ
1643 2465 1794 2533 εὑρί-

211 2571 468 2608 σκωνται
501 2555 581 2616 εἰς
617 2555 734 2623 τὴν
787 2554 942 2608 πόλιν
967 2595 982 2620 ,
1017 2553 1170 2625 [162]
1202 2554 1350 2610 οῦτοι
1375 2555 1430 2608 δὲ
1476 2557 1525 2608 οἰ
1553 2556 1646 2609 δύο
1693 2557 1795 2609 αὐ-

208 2649 406 2702 θένται
446 2651 523 2710 εἰς
544 2647 637 2703 τὸν
661 2649 904 2718 Μορέαν·
929 2648 1017 2702 διὰ
1038 2647 1240 2718 ταύτην
1263 2648 1326 2718 δὴ
1359 2648 1460 2718 τὴν
1490 2649 1672 2703 αἰτίαν
1699 2651 1797 2704 1:01

207 2740 309 2796 τὸν
367 2740 586 2794 Ἰούνιον
610 2741 705 2796 τοῦ
750 2740 916 2795 αὐτοῦ
943 2742 1093 2804 ἔτους
1126 2742 1276 2810 διέϐη
1306 2742 1414 2795 ἀπὸ
1458 2742 1558 2811 τῆς
1589 2742 1797 2806 πόλεως

210 2835 299 2895 είς
331 2831 427 2884 τὸν
478 2832 699 2902 Μορέαν
732 2833 758 2884 6
801 2831 1069 2902 δεσπότης
1107 2834 1214 2902 κύρ
1261 2833 1677 2896 Κωνσταντῖνος
1721 2834 1798 2897 ὡς

208 2924 407 2991 φυγὰς
451 2923 591 2993 μετά
620 2921 898 2976 Λαλιώτου
927 2923 1021 2974 καὶ
1048 2920 1158 2988 ἐγὼ
1192 2923 1426 2992 ἐστάλην
1456 2923 1588 2994 παρ’
1631 2924 1797 2978 αὐτοῦ

207 3018 296 3076 εἰς
343 3013 441 3066 τὸν
486 3013 712 3082 ἀμηρᾶν
760 3011 850 3065 διὰ
893 3011 1100 3081 ταύτην
1145 3013 1211 3082 δὴ
1257 3015 1358 3081 τὴν
1391 3015 1662 3084 δουλείαν,
1709 3017 1798 3071 ἵνα

205 3107 381 3161 αὐτόν
418 3104 559 3174 ὑπὲρ
596 3103 806 3158 ἑαυτῶν
837 3103 1024 3174 ἔχωσι·
1058 3105 1150 3158 καὶ
1187 3106 1432 3174 ἀπῆλθον
1484 3111 1580 3164 1:01
1615 3108 1798 3173 καλῶς
1829 3156 1872 3182 η
1905 3113 1984 3173 εἰς
2031 3111 2133 3182 τὴν
2167 3110 2329 3178 ἁγίαν
2375 3108 2576 3176 Σοφίαν
2610 3149 2626 3173 ,
2667 3106 2860 3160 ὁπόθεν
2915 3103 3212 3176 βούλεσθε·

1827 3156 1875 3219 ο

204 3197 557 3268 ᾠκονόμησα
603 3197 672 3248 τὰ
718 3195 1134 3266 ἀνατεθειμένα,
1188 3199 1280 3250 1:111
1323 3199 1411 3251 διὰ
1441 3200 1538 3268 τῆς
1570 3202 1798 3271 στερεᾶς

211 3295 300 3356 εἰς
331 3293 434 3344 τὸν
465 3291 688 3359 Μορέαν
718 3289 952 3358 ἔφθασα·
981 3290 1140 3362 εὖρον
1170 3291 1226 3344 δὲ
1251 3291 1377 3355 τούς
1414 3293 1675 3362 ἀδελφοὺς
1703 3297 1800 3349 1:01

211 3384 495 3444 αὐθέντας
527 3382 750 3452 ἔχοντας
804 3382 1025 3453 ὄχλησιν
1054 3384 1234 3453 μάχης
1271 3385 1537 3454 μεγάλης·
1566 3389 1659 3441 1:01
1689 3390 1798 3459 γὰρ

211 3473 459 3530 ὄπισθεν
489 3471 584 3546 τοθῦ
604 3471 807 3540 Κυρίου
843 3474 1262 3526 Κωνσταντίνου
1289 3476 1384 3527 καί
1404 3477 1663 3538 αὐθεντός
1696 3495 1795 3547 μου

216 3563 449 3624 σταλεὶς
489 3563 628 3631 μετά
669 3561 939 3630 κατέργου
974 3563 1068 3615 καὶ
1100 3564 1128 3615 6
1155 3564 1262 3634 1:69
1291 3565 1562 3635 Θεόδωρος
1598 3568 1798 3638 ἐμάχε-

212 3671 278 3706 το
312 3654 429 3713 τοῖς
463 3650 610 3704 δυσὶν
642 3650 888 3717 ἀδελφοῖς
930 3652 1119 3716 αὐτοῦ,
1154 3654 1230 3716 ὼς
1257 3656 1353 3706 1:01
1381 3657 1652 3723 φωσάτων
1677 3676 1800 3712 συν-

215 3743 510 3814 αχθέντων
538 3743 624 3794 ἐπ’
655 3744 987 3813 ἀμφοτέροις
1032 3746 1145 3806 τοῖς
1176 3745 1390 3812 μέρεσι,
1425 3749 1522 3800 1:01
1562 3750 1801 3820 πολέμου

213 3835 464 3910 μερικοῦ
499 3835 664 3903 μέσον
698 3837 876 3889 αὐτῶν
908 3836 1217 3904 γεγονότος.
1327 3861 1330 3864 ·

965 3930 1099 3993 υλζ’.

286 4024 383 4094 Τῷ
448 4029 531 4092 με’
592 4021 702 4075 ἔτει
751 4022 846 4074 1:01
895 4021 1335 4091 ἀποκρισιαρίων
1391 4022 1805 4078 ἀποσταλέντων

220 4118 381 4187 παρὰ
425 4114 527 4168 τοῦ
562 4114 852 4183 βασιλέως,
880 4108 1022 4183 ἦσαν
1069 4113 1126 4167 δὲ
1156 4114 1184 4165 6
1230 4115 1392 4177 1:016;
1417 4116 1658 4184 κάγαθὸς
1687 4119 1808 4170 Διο-

221 4211 412 4271 νύσιος
459 4210 838 4278 ἱερομόναχος,
870 4207 899 4258 6
929 4204 1280 4275 χρηματίσας
1333 4207 1429 4259 1:01
1476 4208 1806 4277 μητροπολί-

221 4320 323 4373 της
355 4300 612 4368 Σάρδεων
635 4339 650 4364 ,
683 4299 780 4350 1:01
808 4297 1126 4360 Δυσύπατος
1158 4297 1452 4366 Γεώργιος,
1488 4298 1586 4368 τὴν
1624 4301 1806 4369 μάχην

224 4393 336 4449 ἀπὺ
370 4392 578 4460 μέρους
633 4387 1058 4458 κατεπράῦναν·
1111 4388 1264 4450 τέλος
1309 4387 1367 4440 δὲ
1414 4389 1579 4441 πάλιν
1631 4388 1804 4442 ἄλλων

1887 551 1980 605 τοῦ
2014 551 2214 604 πάππα
2250 545 2508 612 Εὐγενίου
2536 542 2628 596 τοῦ
2661 539 2958 608 συγγενοῦς
2985 536 3170 598 αὐτοῦ,
3206 535 3299 586 1:01
3329 533 3458 602 παρ’

1889 642 2096 696 ἐκείνου
2137 641 2232 692 1:01
2276 634 2696 704 ἀπυκρισιάριος
2751 631 2831 692 εἰς
2892 627 2984 682 τὸν
3054 622 3302 691 βασιλέα.
3347 621 3458 673 K01

1888 736 1952 802 τῇ
1983 733 2061 785 κδ’
2089 731 2184 784 τοῦ
2215 727 2376 782 αὐτοῦ
2415 725 2580 795 μηνὸς
2606 720 2940 788 Σεπτεϐρίου
2973 715 3340 782 ὰπεσὼθημεν
3375 715 3456 770 εἰς

1888 828 1989 895 τὴν
2033 825 2221 879 πόλιν·
2252 820 2399 894 [176]
2434 821 2529 872 1:01
2569 819 2634 887 τῇ
2669 813 2750 879 κζ’
2794 810 3103 880 Νοεμϐρίου
3155 805 3248 858 τοῦ
3287 803 3456 856 αὐτοῦ

1889 920 2045 982 ἔτους
2074 917 2224 985 διέϐη
2269 917 2298 967 6
2328 911 2582 983 βασιλεὺς
2613 909 2716 975 κύρ
2762 905 3022 971 Ἰωάννης
3054 899 3193 970 μετὰ
3228 897 3325 950 τοῦ
3356 911 3461 947 πα-

1889 1013 2149 1080 τριάρχου
2183 1008 2275 1060 καί
2296 1003 2387 1058 τοῦ
2409 1002 2666 1059 δεσπότου
2705 999 2810 1066 κύρ
2840 994 3176 1064 Δημητρίου,
3203 989 3296 1042 1:01
3330 987 3465 1038 πολ--

1861 1102 1998 1155 ‘16»:
2029 1101 2304 1170 ἀρχόντων
2331 1098 2426 1164 τῆς
2461 1093 2613 1165 [1771
2647 1089 2952 1166 συγκλῄτου
2984 1086 3081 1138 καὶ
3129 1084 3225 1151 τῆς
3260 1081 3460 1142 ἔκκλη-

1892 1197 2011 1257 σίας
2067 1194 2161 1246 καὶ
2213 1191 2434 1244 πάντων
2484 1185 2668 1256 σχεδὸν
2730 1183 2866 1240 τῶν·
2899 1177 3314 1249 μητροπολιτῶν
3366 1174 3460 1226 1:01

1890 1285 2200 1340 ἐπισκόπων
2259 1283 2346 1336 διὰ
2415 1280 2511 1348 τὴν
2577 1275 2997 1346 μελετηθεῖσαν,
3030 1270 3105 1331 ὡς
3155 1268 3228 1336 μὴ
3262 1265 3459 1334 ὢφελε,

1893 1378 2128 1432 σύνοδον.
2170 1374 2279 1427 K01
2312 1372 2371 1424 06
2401 1371 2545 1436 λέγω
2579 1369 2737 1421 τοῦτο
2768 1365 2854 1420 διὰ
2888 1365 2956 1418 τὰ
3004 1363 3100 1427 τῆς
3137 1355 3466 1426 Ἐκκλησίας

1891 1469 2155 1537 δόγματα·
2199 1464 2372 1517 ταῦτα
2418 1461 2528 1534 γὰρ
2586 1459 2716 1530 παρ’
2761 1457 2939 1518 ἄλλοις
2991 1453 3251 1519 ἐδόθησαν
3282 1447 3465 1517 κρίνε-

1892 1561 2038 1615 σθαι·
2078 1558 2201 1627 ἐμοὶ
2231 1558 2273 1609 δ’
2298 1556 2458 1624 ἀρκεῖ
2493 1555 2526 1621 ὴ
2561 1552 2802 1620 πατρική
2851 1567 2952 1619 μου
2995 1545 3214 1615 διαδοχὴ
3243 1543 3342 1605 τῆς
3375 1541 3464 1592 πί-

1894 1669 2086 1715 στεως,
2124 1648 2220 1700 καὶ
2252 1649 2334 1700 6::
2360 1645 2618 1698 οὐδέποτε
2649 1643 2796 1713 παρά
2827 1657 2974 1702 τινος
2997 1639 3106 1691 τῶν
3135 1634 3230 1690 τοῦ
3267 1633 3464 1702 μέρους

1897 1749 2109 1801 ἐκείνου
2141 1745 2352 1814 ῆκουσα
2385 1743 2466 1794 6:1
2497 1739 2559 1792 :6
2588 1737 2748 1807 ἡμῶν
2782 1733 2972 1792 κακὸν,
3002 1729 3137 1785 ἀλλὰ
3175 1725 3342 1778 καλὸν
3370 1725 3464 1777 καὶ

1895 1840 2141 1909 ἀρχαῖον,
2172 1836 2268 1888 1:01
2312 1833 2374 1886 :6
2421 1830 2647 1886 έκείνων
2674 1828 2735 1879 οὐ
2765 1824 2953 1888 κακδν,
2981 1820 3118 1886 ἀλλὰ
3150 1817 3333 1871 καλόν·
3372 1816 3468 1909 καὶ

1895 1907 1960 1982 νά
1990 1929 2152 1990 εἴπω,
2185 1925 2260 1986 ὡς
2307 1927 2364 1976 ὲν
2397 1920 2828 1990 παραδείγματι,
2875 1916 2956 1967 6:1
3011 1913 3112 1980 τὴν
3149 1912 3322 1978 μέσην
3350 1907 3466 1960 ὁδὸν

1893 2019 1992 2086 τῆς
2021 2017 2252 2078 πόλεως,
2282 2013 2380 2081 τὴν
2432 2013 2693 2063 πλατεῖαν
2737 2008 2831 2060 καί
2883 2005 3221 2074 εὐρύχωρον,
3252 1997 3476 2067 διερχότ

1898 2107 2038 2177 μεθα
2071 2105 2302 2166 πολλοὺς
2334 2103 2563 2174 χρόνους
2614 2098 2753 2169 μετά
2791 2112 2979 2159 τινων,
3033 2095 3100 2147 δι’
3132 2087 3200 2160 ἦς
3243 2092 3471 2142 1110:011-

1895 2200 2076 2269 τῶμεν
2108 2199 2191 2261 εἰς
2223 2196 2320 2266 τὴν
2353 2195 2515 2262 ἁγίαν
2569 2191 2794 2259 Σοφίαν,
2828 2185 2946 2241 εἶτα
2983 2186 3121 2253 μετά
3152 2199 3304 2246 τινας
3350 2198 3472 2234 και-

1901 2291 2026 2361 ροὺς
2059 2289 2263 2360 εὑρέθη
2293 2286 2446 2356 παρά
2488 2301 2653 2338 τινων
2679 2283 2775 2335 1:01
2802 2279 2936 2348 άλλη
2959 2278 3078 2339 ὁδὸς
3117 2273 3470 2334 καταντῶσα,

1897 2383 1974 2445 ὡς
2007 2381 2246 2449 λέγουσι,
2288 2381 2385 2432 1:01
2415 2375 2556 2446 αὐτὴ
2585 2376 2721 2436 ἐκεῖ,
2761 2373 2854 2425 1:01
2902 2371 2966 2424 νά
3005 2367 3072 2439 μὲ
3113 2364 3472 2438 παροτρύνω-

1900 2491 2006 2538 σιν,
2032 2475 2115 2528 6::
2157 2471 2312 2525 Ἐλθέ
2352 2471 2447 2525 1:01
2472 2470 2559 2529 δ,ιά
2586 2468 2686 2536 τῆς
2706 2465 2829 2520 6606
2861 2463 3086 2532 ταύτης,
3119 2456 3186 2534 ἧς
3215 2459 3470 2530 εὕρομεν·

1898 2565 2152 2634 καὶγὰρ,
2182 2564 2230 2616 εἰ
2263 2561 2359 2614 1:01
2405 2562 2552 2613 ἔστιν
2587 2559 2745 2620 αῦτη,
2771 2555 2910 2610 61106
2937 2555 3173 2623 ἀπέρχῃ,
3206 2552 3344 2619 καλὴ
3380 2553 3476 2602 1:01

1899 2657 2125 2726 ἀρχαία,
2177 2655 2272 2708 καὶ
2331 2654 2467 2722 ἡμῖν
2511 2649 2751 2720 ἀρχῆθεν
2807 2649 2904 2701 σὺν
2951 2648 3080 2715 ὑμῖν
3131 2645 3349 2713 γνωστὴ
3381 2646 3475 2695 1:01

1900 2748 2248 2819 διερχομένη,
2301 2743 2439 2799 ἀλλά
2486 2744 2579 2796 1:01
2613 2743 2777 2810 αὕτη,
2811 2740 2877 2810 ῆν
2911 2739 3150 2809 εὕρομεν
3181 2737 3296 2798 νῦν,
3332 2735 3472 2801 καλή

1901 2839 2069 2893 ἔστιν.
2116 2835 2257 2905 Ἐγὼ
2286 2836 2343 2889 δὲ
2395 2836 2461 2889 νά
2510 2833 2691 2887 ἀκούω
2742 2831 2892 2902 παρὰ
2925 2831 3024 2900 μὲν
3052 2829 3182 2892 τῶν,
3222 2829 3306 2880 6::
3335 2825 3476 2895 καλή

1903 2935 2038 2999 ἔστι,
2082 2931 2234 3001 παρά
2282 2929 2339 2982 δὲ
2374 2928 2502 2994 τῶν,
2539 2927 2712 2981 6:106
2753 2925 2919 2994 καλὴ,
2952 2923 3035 2977 διὰ
3085 2924 3136 2976 τί
3187 2922 3253 2975 νὰ
3309 2919 3477 2992 μηδὲν

1903 3022 2067 3086 είπω,
2100 3021 2235 3075 Μετ’
2262 3019 2491 3090 εἰρήνης
2545 3018 2638 3070 1:01
2687 3017 2907 3085 ἀγάπης
2946 3011 3257 3083 ἀπέρχεσθε
3294 3010 3476 3071 καλῶς

3266 3099 3377 3168 ἐγὼ
3419 3100 3476 3152 δὲ

1906 3204 2066 3258 πάλιν
2098 3202 2238 3256 θέλω
2267 3200 2576 3272 διέρχεσθαι
2611 3201 2701 3253 διὰ
2747 3201 2848 3270 τῆς
2897 3197 3040 3260 ὁδοῦ,
3096 3197 3163 3263 ἣν
3212 3195 3308 3246 1:01
3355 3195 3476 3262 μεθ’

1904 3296 2058 3364 ὐμῶν
2095 3295 2262 3348 πολύν
2290 3309 2413 3346 τινα
2467 3293 2658 3364 χρόνον
2700 3291 3031 3362 διηρχόμην,
3066 3286 3219 3360 [178]
3251 3285 3350 3341 1:01
3383 3304 3466 3340 1:0-

1905 3388 2004 3460 λὴν
2035 3389 2206 3457 αὐτὴν
2237 3389 2331 3440 καὶ
2392 3391 2523 3454 παρ’
2584 3385 2737 3455 ὑμῶν
2785 3383 2883 3437 καὶ
2911 3383 3020 3436 τῶν
3055 3381 3338 3451 προγόνων
3372 3398 3477 3448 μου

1911 3480 2389 3550 μαρτυρουμένην.
2416 3479 2491 3532 Οὐ
2525 3477 2613 3530 διὰ
2636 3476 2841 3544 ταύτην
2869 3471 2963 3528 οὖν
2990 3473 3090 3543 τὴν
3115 3473 3294 3526 αἰτίαν
3324 3469 3476 3525 εἷπον

1906 3571 1983 3633 ὡς
2037 3569 2112 3640 μὴ
2167 3568 2398 3638 ὤφελεν·
2433 3569 2602 3638 ῆθελα
2635 3568 2742 3636 γὰρ
2798 3567 2862 3618 νὰ
2908 3561 3020 3632 εἶχε
3075 3566 3235 3632 γενῆν
3298 3563 3475 3624 καλᾶς

1905 3662 2095 3715 ἔνὼσει
2126 3662 2235 3714 τῶν
2283 3661 2593 3729 ἐκκλησιῶν
2643 3660 2739 3712 καὶ
2771 3659 2835 3712 νά
2849 3659 2934 3729 μὲ
2986 3658 3169 3709 ἔλιπεν
3198 3657 3226 3708 6
3257 3650 3337 3717 εἷς
3366 3656 3475 3706 τῶν

1903 3753 2198 3824 ὀφθαλμῶν
2233 3770 2355 3822 μου·
2387 3753 2524 3805 άλλὰ
2569 3753 2658 3804 διά
2712 3751 2802 3816 τίς
2839 3730 3009 3817 Εδτι
3043 3745 3111 3814 ἦν
3141 3750 3236 3803 καί
3267 3747 3405 3814 αῦτη
3441 3750 3473 3815 ἡ

1906 3806 2126 3906 σύνοδός
2165 3806 2377 3896 δοῦλεία
2409 3843 2558 3894 αἰτία
2608 3841 2706 3911 μία
2759 3806 2880 3894 11,01
2905 3806 3096 3910 πρώτη
3134 3839 3228 3891 καί
3261 3806 3581 3932 μεγάλης-’ἥ¹

1906 3935 1986 3998 εἰς
2015 3935 2074 3987 :6
2105 3937 2170 3989 νὰ
2215 3935 2436 4005 γένηται
2486 3937 2519 4003 ὴ
2576 3934 2718 3986 κατά
2747 3932 2848 4002 τῆς
2879 3933 3089 3994 πόλεως
3118 3931 3228 3984 τῶν
3259 3930 3474 3990 ἀσεϐῶν
3507 3930 3526 3940 ”“

1905 4026 2092 4094 ἔφοδος
2121 4027 2214 4078 1:01
2236 4025 2343 4078 ἀπὸ
2367 4024 2570 4095 ταύτην
2603 4023 2765 4077 πάλιν
2808 4023 2836 4092 ἡ
2869 4016 3157 4092 πολιορκία
3174 4021 3270 4075 1:01
3286 4012 3331 4089 ’ή
3358 4022 3476 4090 αἰχ·
3562 4061 3568 4072 .

1911 4118 2160 4187 μαλωσία
2197 4117 2295 4171 1:01
2346 4117 2572 4184 τοιαύτη
2605 4119 2699 4169 1:01
2735 4115 2975 4181 τοσαύτη
3005 4113 3264 4182 συμφορά
3297 4113 3473 4181 ήμῶν·

1907 4207 2005 4259 1:01
2032 4207 2303 4260 ἀκούσατε
2333 4207 2525 4274 λόγους
2555 4205 2774 4274 ἀληθεῖς
2791 4205 2901 4275 τὴν
2925 4201 3318 4272 αὐτοαλήθειαν
3349 4218 3470 4272 προ-

1909 4298 2209 4368 ϐαλομένου
2249 4316 2350 4368 μου
2407 4270 2743 4367 μαρτυρίαν.
2765 4270 2948 4350 ῐὲῗπεν
2992 4298 3020 4348 6
3053 4270 3294 4362 ἀοίδιμος
3327 4270 3472 4362 βασι·

1908 4390 2035 4453 λεὺς
2072 4390 2208 4460 πρὸς
2231 4390 2322 4443 τὸν
2355 4389 2470 4442 υἱὸν
2502 4389 2669 4442 αὐτοῦ
2692 4389 2785 4442 τὸν
2822 4387 3046 4458 βασιλέα
3075 4386 3182 4454 κύρ
3218 4385 3476 4452 Ἰωάννην

223 4483 502 4542 ἐλθόντων
549 4481 988 4552 ἀποκρισιαρίων
1046 4480 1140 4533 τοῦ
1198 4479 1458 4550 βασιλέως
1501 4481 1806 4552 Γρηγορίου
1837 4478 1886 4538 D
1916 4481 2077 4551 μόνος
2112 4483 2248 4552 πρὸς
2293 4482 2474 4552 μόνον,
2519 4481 2817 4550 ἱσταμένου
2867 4483 2962 4534 καὶ
2997 4478 3135 4548 ἐμοῦ
3188 4477 3352 4547 μόνου
3386 4478 3472 4544 ἔμ-

230 4572 594 4644 ίερομονάχου
635 4571 731 4623 καὶ
791 4570 1167 4640 πνευματικοῦ
1221 4572 1316 4622 τοῦ
1369 4573 1810 4641 χρηματίσαντος

232 4666 466 4734 ὕστερον
510 4661 609 4714 1:01
643 4663 981 4730 πατριάρχου
1019 4662 1682 4730 Κωνσταντινουπόλεως,
1712 4665 1810 4719 1:01

233 4753 404 4808 αὐτοῦ
433 4753 499 4821 δὴ
535 4751 699 4806 πάλιν
740 4751 1016 4820 Γεωργίου
1045 4750 1136 4803 τοῦ
1176 4752 1498 4806 Δυσυπάτου
1528 4756 1810 4810 συνεϐίϐα-

238 4865 360 4909 σαν,
394 4847 481 4899 ινα
522 4847 551 4897 6
608 4845 707 4911 μὲν
755 4843 1018 4913 αὐθέντης
1075 4860 1176 4912 μου
1233 4843 1498 4914 δεσπότης
1529 4848 1634 4917 κὺρ
1665 4848 1811 4903 Κων-

239 4939 520 5000 σταντῖνος
568 4935 779 5009 ἀπέλθῃ
814 4934 907 4988 καὶ
940 4934 1019 4988 ἔνι
1072 4936 1151 4997 εἰς
1188 4936 1280 4988 τὸν
1329 4936 1504 5000 πόλιν,
1542 4939 1570 4990 6
1609 4939 1667 4992 δὲ
1703 4942 1808 5013 κύρ

238 5031 518 5099 Θεόδωρος
573 5028 671 5099 καὶ
744 5028 849 5098 κύρ
901 5027 1104 5097 Θωμᾶς
1161 5029 1212 5080 οί
1260 5027 1518 5083 δεσπόται
1573 5033 1652 5096 είς
1717 5035 1808 5090 τὸν

235 5095 475 5192 Μορέαν.
604 5095 653 5164 ..

954 5215 1092 5284 υλη’.
1726 5258 1730 5260 ,

310 5305 463 5378 [165]
516 5308 627 5361 K01
666 5309 732 5378 τῇ
764 5315 804 5360 ε’
835 5308 1169 5378 Σεπτεϐρίου
1205 5312 1297 5364 τοῦ
1343 5329 1429 5379 μς·
1516 5311 1666 5374 ἔτους
1695 5311 1806 5364 διέ-

241 5398 418 5468 ϐημεν
447 5394 688 5466 0060171,;
714 5399 934 5468 Πάτρας
981 5400 1069 5452 διὰ
1098 5401 1199 5469 τῆς
1223 5404 1447 5470 στερεᾶς
1472 5403 1553 5464 είς
1580 5401 1671 5454 τὸν
1705 5399 1807 5454 E6-

247 5505 422 5557 ριπον,
461 5489 600 5556 μετά
647 5488 741 5541 τοῦ
795 5488 1052 5553 αὐθεντός
1084 5507 1186 5560 μου
1219 5491 1378 5559 λέγω,
1417 5495 1507 5544 καὶ
1535 5493 1803 5561 ὲσέϐημεν

245 5580 324 5640 εἰς
355 5578 620 5645 κάτεργον
651 5578 935 5632 Βενετικὺν
978 5581 1087 5632 ἀπὸ
1138 5581 1197 5633 τὸ
1227 5581 1518 5634 καστέλλον
1560 5582 1660 5650 τῆς
1695 5581 1802 5634 Εὐ-

185 5667 196 5672 “
252 5670 432 5739 ρίπου,
482 5668 579 5740 τὴν
629 5670 936 5740 Κάρυστον·
989 5663 1112 5738 ἐνῷ
1162 5671 1228 5742 δὴ
1267 5673 1523 5742 κατέργῳ
1555 5668 1623 5742 ῆν
1657 5673 1800 5725 1:016

248 5761 377 5816 ποτὲ
425 5759 520 5832 μὲν
580 5764 638 5820 έν
675 5765 742 5835 τῇ
801 5764 988 5834 Πάτρᾳ
1038 5764 1331 5828 Κανονικδς
1379 5765 1636 5836 Μάρκος,
1672 5764 1800 5816 ὅταν

1917 4574 2158 4644 προσθεν
2199 4573 2412 4636 αὐτῶν,
2449 4573 2783 4642 ἐμπεσόντος
2829 4572 2987 4640 λόγου
3036 4572 3160 4640 περί
3208 4572 3306 4640 τῆς
3359 4588 3477 4624 συν·
3540 4617 3544 4622 .

1917 4667 2060 4720 όδου·
2119 4668 2215 4720 Υἰέ
2254 4684 2379 4737 μου,
2412 4665 2645 4736 βεϐαίως
2683 4664 2777 4718 1:01
2816 4663 3027 4730 ἀληθῶς
3052 4662 3390 4730 ἐπιστάμεθα
3419 4665 3475 4716 έν
3603 4655 3608 4659 ’

1921 4761 2095 4829 μέσης
2126 4761 2224 4828 τῆς
2265 4758 2493 4828 καρδίας
2526 4754 2590 4827 δὴ
2630 4755 2739 4809 τῶν
2767 4755 3000 4816 ἀσεϐῶν,
3042 4755 3124 4806 ὅτι
3159 4753 3325 4806 πολλὰ
3355 4753 3476 4816 τοὺς
3579 4824 3582 4826 _

1918 4849 2094 4917 φοϐεῖ,
2133 4849 2207 4918 μὴ
2243 4849 2698 4917 συμφωνήσωμεν
2739 4846 2830 4899 1:01
2889 4844 3179 4915 ἔνωθῶμεν
3235 4845 3301 4914 μὲ
3358 4847 3475 4908 τούς

1915 4939 2222 5008 Φράγκους·
2267 4937 2498 5008 ἡγοῦντο
2539 4938 2648 5007 γὰρ
2708 4937 2790 4990 6::
2830 4977 2846 5003 ,
2899 4935 2965 4989 ἂν
3017 4935 3176 4989 τοῦτο
3233 4937 3480 5006 γένηται,

1917 5030 2062 5084 θέλει
2094 5030 2258 5098 γενῆν
2312 5030 2454 5100 μέγα
2498 5046 2551 5081 τι
2611 5031 2779 5081 κακὸν
2818 5030 2899 5091 εἰς
2949 5028 3150 5090 αὐτοὺς
3181 5027 3334 5097 παρὰ
3373 5028 3482 5082 τῶν

1914 5124 2016 5191 τῆς
2051 5125 2267 5186 Δύσεως
2313 5122 2656 5192 Χριστιανῶν
2682 5137 2697 5153 ·
2728 5120 2794 5173 δι’
2821 5122 2968 5190 ἡμᾶς
3006 5120 3193 5175 λοιπὸν
3237 5122 3299 5174 :6
3348 5123 3480 5190 περὶ

1853 5253 1858 5256 -
1914 5215 2014 5281 τῆς
2045 5214 2266 5267 συνόδου
2312 5212 2513 5280 μελέτα
2569 5211 2669 5280 μὲν
2712 5209 2844 5264 αὐτὸ
2895 5213 2990 5265 καὶ
3037 5213 3481 5276 ἀνακάτονε,καί

1918 5307 2136 5375 μάλισθ’
2167 5307 2295 5359 ὅταν
2337 5305 2466 5376 ἔχῃς
2511 5303 2701 5374 χρείαν
2749 5304 2874 5356 τινά
2924 5304 3159 5372 φοϐῆσαι
3189 5303 3314 5364 τοὺς
3359 5291 3494 5356 ἀσεῗ

1916 5399 2050 5460 ϐεῖς·
2083 5397 2145 5449 :6
2178 5397 2232 5450 δὲ
2276 5397 2340 5450 νά
2374 5396 2605 5467 ποιήσῃς
2637 5395 2829 5464 αὐτὴν,
2883 5394 3048 5464 μηδὲν
3104 5393 3482 5464 έπιχειρισθῇς

1915 5491 2066 5554 αὐτὸ,
2095 5490 2230 5542 διότι
2267 5488 2420 5542 οὐδὲν
2470 5489 2653 5558 βλέπω
2702 5488 2828 5550 τούς
2874 5488 3201 5557 ἡμετέρους,
3229 5487 3310 5538 6:1
3338 5487 3479 5536 εἰσὶν

1914 5580 2166 5650 ἀρμέδιοι
2201 5579 2334 5648 πρὸς
2368 5577 2430 5630 :6
2476 5577 2660 5646 εὐρεῖν
2696 5593 2818 5630 τινα
2868 5576 3066 5644 τρόπον
3114 5573 3357 5632 ένώσεως
3383 5572 3476 5624 καὶ

1913 5672 2141 5740 εἰρήνης
2193 5674 2286 5725 1:01
2330 5671 2583 5732 ὁμονοίας
2607 5706 2621 5730 ,
2652 5667 2799 5739 [I79]
2827 5667 2941 5719 ἀλλ’
2974 5667 3054 5718 6::
3088 5664 3150 5716 νὰ
3187 5663 3310 5724 τοὺς
3349 5665 3474 5714 ἐπι-

1916 5761 2184 5831 στρέψουν
2247 5761 2326 5824 είς
2368 5760 2426 5813 τὸ
2478 5759 2544 5811 νά
2573 5758 2736 5828 ἐσμὲν
2781 5756 2854 5818 ὡς
2908 5753 3164 5825 ἀρχῆθεν·
3199 5750 3393 5805 τούτου
3417 5751 3472 5804 δὲ
