4022 6294
350 341 484 411 1049

1566 356 2028 418 CHRONICON
2050 356 2316 418 MINUS-

3448 348 3582 412 107.0

350 467 442 538 ἔχῃ
469 470 568 538 τὴν
596 468 944 539 Σηλυμϐρίαν
969 471 1062 526 καὶ
1090 472 1181 526 τὸν
1215 474 1406 544 πρώην
1436 475 1597 528 τόπον
1623 475 1786 528 αὑτοῦ
1817 477 1913 544 τὴν
1945 499 1987 558 Α
2018 475 2132 528 λιον
2165 471 2382 527 κτισθὲν
2423 469 2576 540 παρά
2603 467 2695 522 106
2750 466 3002 529 αὐθεντός
3047 482 3146 534 μου
3191 462 3286 518 καὶ
3315 461 3578 558 δεσπότου

345 562 707 632 Μεσημϐρίαν
733 564 830 616 καὶ
854 565 922 618 τὰ
947 567 1081 620 ἄλλα
1106 567 1210 630 ἔως
1227 570 1332 620 τῶν
1352 569 1570 638 Δέρκων
1589 570 1697 638 (διὰ
1723 570 1803 635 16)
1822 571 1917 622 καὶ

345 654 424 715 είς
453 654 673 706 ἐλπίδαν
693 653 833 709 εῖναι
856 661 953 726 τῆς
975 658 1270 726 βασιλείας,
1287 660 1361 722 ὡς
1387 661 1576 730 ἠγάπα
1598 666 1623 714 6
1643 663 1912 730 βασιλεὺς,

344 745 523 795 ἐκεῖσε
569 745 986 815 εὑρισκόμενον·
1027 750 1055 803 6
1101 752 1164 822 δή
1211 755 1391 818 καλῶς
1442 758 1845 825 ἀποδεξάμενος
1887 761 1915 812 6

351 832 622 920 βασιλεὺς,
654 841 745 891 τὸν
775 842 1136 914 Ἰαννουάριον
1169 847 1306 913 μῆνα
1329 851 1406 911 είς
1429 852 1526 919 τήν
1554 852 1915 921 Μεσημϐρίαν

348 926 485 994 πρὸς
505 930 595 981 τὸν
627 931 894 1004 δεσπότην
927 937 1034 1007 κὺρ
1065 932 1379 1009 Δημήτριον
1406 943 1642 1009 ἀπῆλθον
1663 960 1677 974 ·
1707 946 1912 1007 ἐκεῖνος

352 1021 406 1073 δὲ
436 1024 674 1092 ἐνεργῶν
703 1029 771 1081 τά
803 1031 944 1083 κατά
1000 1032 1099 1100 τῆς
1159 1037 1366 1100 πόλεως
1426 1039 1625 1106 μᾶλλον
1687 1040 1758 1091 τά
1793 1038 1913 1091 κατ’

346 1113 558 1168 ἐκείνου
602 1119 900 1190 ἀπέπεμψέ
940 1142 1006 1193 με
1057 1127 1336 1196 ἄπρακτον
1358 1145 1371 1158 ·
1407 1133 1462 1182 ἐν
1492 1123 1536 1197 ᾧ
1567 1132 1698 1198 μηνὶ
1729 1131 1822 1182 καὶ
1855 1132 1913 1185 ἐν

347 1205 666 1280 ἀποπληξίᾳ
693 1213 840 1282 δεινῇ
875 1220 1190 1286 περιπεσὼν
1223 1221 1431 1282 Παῦλος
1468 1224 1494 1274 6
1530 1223 1762 1289 Ἀσάνης
1785 1224 1910 1276 ἐνα-

353 1299 591 1367 πέψυξεν
611 1317 624 1330 °
652 1304 785 1374 ἐμοῦ
809 1307 863 1359 δὲ
895 1310 1318 1379 ἐπιστρέψαντος
1347 1315 1426 1375 είς
1465 1314 1564 1381 τὴν
1605 1315 1780 1378 πόλιν,
1818 1316 1912 1368 καὶ

351 1395 755 1461 προσμένοντος
807 1399 1022 1468 ὁρισμῷ
1053 1401 1146 1453 τοῦ
1189 1402 1451 1470 βασιλέως
1496 1404 1632 1474 πρδς
1663 1407 1723 1457 16
1789 1407 1911 1457 ἐπι·

345 1483 578 1553 στρέψαι
613 1489 695 1549 είς
724 1489 817 1542 τὸν
835 1491 1100 1562 αὐθέντην
1133 1510 1257 1560 μου,
1287 1498 1352 1562 τῇ
1367 1494 1452 1563 κγ’
1475 1496 1569 1547 106
1599 1496 1910 1561 ’Λπριλλίου

348 1577 515 1642 μηνὸς
547 1579 641 1631 τοῦ
698 1581 862 1635 αὐτοῦ
894 1583 1074 1650 ἔτους,
1133 1587 1446 1655 ἐπηλάλησε
1479 1590 1616 1656 μετὰ
1652 1571 1910 1656 Τούρκων

343 1669 439 1720 καὶ
466 1669 761 1725 ἀπέκλεισε
784 1675 878 1727 καὶ
904 1676 1123 1746 ἔφθειρε
1154 1679 1222 1731 τὰ
1240 1679 1339 1747 τῆς
1369 1679 1578 1742 πόλεως
1604 1682 1630 1732 6
1647 1681 1912 1749 δεσπότης

345 1760 451 1830 κύρ
475 1763 809 1832 Δημήτριος,
842 1767 899 1818 ἐν
933 1759 977 1832 ᾧ
1000 1766 1063 1837 δὴ
1096 1769 1227 1837 μηνὶ
1266 1768 1360 1822 καὶ
1410 1771 1592 1840 ἡμέρᾳ
1643 1769 1910 1837 ἐγεννήθη

343 1853 491 1922 αὐτῷ
524 1857 619 1908 καὶ
646 1858 678 1926 ή
715 1857 960 1928 θυγάτηρ
1001 1860 1167 1913 αὐτοῦ
1196 1876 1211 1892 '
1243 1863 1335 1914 καὶ
1384 1861 1474 1915 τὸν
1504 1861 1728 1915 Ἰούλιον
1765 1862 1910 1930 μῆνα

339 1949 434 1998 τοῦ
463 1947 630 2001 αὐτοῦ
661 1948 817 2012 ἔτους
849 1949 1026 2022 [I95],
1062 1953 1362 2022 ἐρχομένου
1399 1953 1492 2006 τοῦ
1511 1954 1771 2016 αὐθεντός
1808 1972 1910 2023 μου

343 2039 439 2091 καὶ
461 2040 732 2094 δεσπότου
766 2045 872 2112 κύρ
922 2045 1341 2098 Κωνσταντίνου
1383 2046 1465 2107 είς
1525 2045 1778 2115 βοήθειαν
1807 2043 1912 2112 τῆς

341 2132 572 2196 πόλεως,
620 2136 713 2186 καὶ
743 2135 830 2188 διὰ
856 2136 956 2202 τῆς
1002 2137 1318 2205 Μιτυλήνης
1346 2136 1648 2198 διελθόντος
1677 2137 1774 2190 καὶ
1816 2137 1912 2188 λα-

214 2258 228 2270 .
337 2223 524 2286 ϐόντος
555 2225 650 2278 καὶ
671 2225 772 2296 τὴν
807 2227 971 2280 αὐτοῦ
1011 2230 1248 2295 γυναῖκα
1276 2228 1378 2298 τὴν
1440 2227 1780 2298 βασίλισσαν,
1828 2230 1910 2290 είς

229 2359 238 2362 -
334 2316 436 2382 τὴν
459 2317 678 2386 Λῆμνον
717 2315 851 2388 ἦλθε
870 2335 884 2348 ’
906 2320 1000 2373 καὶ
1030 2319 1347 2390 εὑρεθέντος
1377 2322 1556 2373 ἐκεῖσε
1593 2319 1908 2389 ἐπολεμήθη

339 2411 420 2468 είς
452 2407 544 2459 τὸν
579 2408 854 2476 Κότζηνον
902 2411 1114 2480 ἡμέρας
1176 2411 1378 2473 πολλὰς
1423 2412 1528 2463 ὑπὸ
1580 2410 1676 2463 τοῦ
1717 2411 1908 2463 στόλου

337 2499 537 2562 παντὲς
567 2500 674 2552 τῶν
706 2500 965 2570 Τούρκων
985 2516 998 2530 ·
1030 2501 1358 2566 ἀπελθόντος
1407 2502 1450 2554 δ’
1482 2504 1767 2570 ἀπράκτου
1814 2501 1908 2556 τοῦ

340 2590 531 2642 στόλου
565 2589 792 2660 βοηθείᾳ
820 2590 955 2643 Θεοῦ
981 2591 1012 2660 ἡ
1048 2590 1340 2661 βασίλισσα
1369 2591 1476 2644 ἀπὸ
1512 2593 1612 2660 τῆς
1641 2593 1908 2660 περιστά-

338 2695 476 2741 σεως
551 2680 905 2750 ἀσθενήσασα
963 2681 1056 2733 καὶ
1112 2681 1474 2752 ἐκτρωθείσα,
1541 2680 1634 2733 τὸν
1691 2680 1906 2749 Αὐγουο

336 2787 464 2824 στον
514 2773 609 2825 τοῦ
669 2773 834 2827 αὐτοῦ
891 2773 1044 2836 ἔτους
1110 2775 1190 2836 είς
1238 2775 1298 2828 τὸ
1332 2774 1779 2842 Παλαιόκαστρον
1812 2773 1907 2827 τοῦ

329 2864 502 2918 αὐτοῦ
555 2865 741 2932 νησίου
769 2866 870 2936 τῆς
892 2867 1116 2936 Λήμνου
1164 2868 1403 2921 ἀπέθανε
1435 2868 1532 2921 καὶ
1566 2867 1761 2938 ἐτάφη.

1063 2966 1212 3027 υμγὀ

399 3048 520 3101 Καὶ
552 3051 618 3120 τῇ
651 3045 714 3101 ιδ’
774 3049 870 3102 τοῦ
916 3049 1251 3120 Σεπτεϐρίου
1295 3054 1462 3120 μηνὸς
1493 3051 1585 3106 166
1642 3061 1722 3108 να⁹
1753 3053 1908 3117 ἔτους

329 3142 600 3212 ἐγεννήθη
635 3159 724 3212 μοι
752 3144 780 3195 6
811 3143 999 3212 ἔτερος
1026 3147 1141 3208 υίὸς
1169 3144 1411 3210 Ἀλέξιος
1437 3162 1450 3176 ⁸
1487 3148 1581 3201 καὶ
1608 3150 1700 3202 τὸν
1724 3149 1905 3217 Νοέμ-

2015 569 2093 637 τῷ
2125 566 2450 636 παρελθόντι
2485 562 2666 632 καιρῷ
2699 562 2792 614 τοῦ
2817 561 2998 630 ἔαρος.
3025 558 3334 618 Φθάσαντός
3369 574 3467 626 μου
3487 553 3581 609 οὖν

2018 661 2097 720 είς
2119 659 2210 710 τδν
2245 656 2569 726 Μυζηθρᾶν,
2602 655 2740 723 μετά
2770 671 2924 715 τινας
2957 653 3176 721 ἡμέρας
3236 651 3442 717 ὀλίγας,
3485 649 3579 700 τοῦ

2019 749 2381 819 καρδηναλίου
2414 749 2508 802 καὶ
2539 744 3065 816 βιζεκαγκελλαρίου
3099 744 3192 796 καὶ
3217 742 3450 808 λεγὰτου
3479 759 3580 794 κα-

2017 843 2235 896 θολικοῦ
2264 842 2356 894 τοῦ
2387 842 2544 895 πάπα
2583 839 2967 908 ἀπερχομένου
3021 836 3172 905 μετά
3194 834 3401 886 πολλῶν
3455 851 3584 884 κατ-

2017 939 2196 1006 έργων
2226 938 2304 997 είς
2339 935 2439 1004 τὴν
2465 935 2621 987 πόλιν
2650 934 2736 986 διὰ
2761 933 2861 1001 τὴν
2912 935 3056 984 κατά
3107 931 3214 981 τῶν
3245 927 3458 981 ἀσεϐῶν
3488 928 3582 980 τοῦ

2017 1030 2183 1100 ῥηγὸς
2214 1031 2315 1097 τῆς
2348 1028 2670 1097 Οὐγγαρίας
2696 1028 2993 1093 ἐξέλευσιν,
3033 1024 3188 1095 [I97]
3224 1024 3457 1090 ἐστάλην
3489 1023 3578 1072 καῖ

2015 1122 2128 1190 ἐγὼ
2156 1123 2318 1176 πάλιν
2353 1121 2774 1188 ἀποκρισιάριος
2822 1121 2955 1188 πρός
3005 1137 3060 1171 τε
3096 1119 3188 1170 τὸν
3232 1116 3455 1186 βασιλέα
3489 1114 3582 1166 καὶ

2015 1215 2153 1283 πρὸς
2179 1214 2272 1266 τὸν
2307 1213 2536 1281 άμηρᾶν
2575 1212 2670 1264 καὶ
2721 1211 2885 1263 αὐτὸν
2942 1210 3005 1273 δὴ
3045 1209 3136 1259 16v
3197 1208 3393 1274 ῥῆγαν.
3447 1205 3581 1256 ἀλλὰ
3677 1260 3680 1262 _

2013 1305 2076 1376 δὴ
2104 1305 2199 1358 καὶ
2229 1305 2365 1373 πρὸς
2394 1304 2484 1356 τὸν
2519 1303 2751 1368 λεγάτον
2809 1304 2905 1353 καὶ
2934 1301 3070 1369 πρὸς
3105 1302 3199 1351 16v
3252 1296 3582 1351 καπετάνιον

2025 1397 2306 1452 Ἀλωῖσιον
2343 1396 2556 1463 Λορδᾶν
2616 1394 2683 1446 δι’
2721 1395 3024 1461 ἀναγκαίας
3057 1390 3304 1451 δουλείας
3331 1389 3472 1458 ’πρδς
3520 1388 3580 1439 οὗ

2014 1488 2269 1558 προϐὡσι
2297 1487 2362 1540 τά
2399 1487 2734 1556 πράγματα·
2773 1488 2866 1538 καὶ
2925 1484 3286 1554 διερχομένου
3343 1499 3444 1549 μου
3485 1481 3581 1549 τὴν

2013 1581 2282 1651 Κόρινθον
2303 1583 2367 1650 τῇ
2402 1579 2446 1631 λ’
2469 1579 2584 1632 τοῦι
2603 1578 2943 1646 Αὐγούστου,
2974 1579 3060 1630 ἵνα
3092 1579 3172 1639 είς
3198 1576 3289 1628 τὸν
3342 1573 3581 1641 Εὔριπον

2012 1676 2079 1728 τὰ
2104 1676 2347 1742 κάτεργα
2370 1672 2468 1740 τῆς
2497 1673 2750 1741 ἀρμάτας
2780 1671 2992 1736 φθάσω,
3050 1663 3211 1736 εὗρον
3240 1667 3581 1731 θαπτόμενον

2012 1766 2106 1820 τὸν
2136 1767 2301 1820 καλὸν
2331 1765 2576 1832 κάγαθὸν
2611 1762 2878 1831 Κορίνθου
2911 1761 3156 1830 Μάρκον,
3186 1759 3243 1819 ὂς
3282 1759 3376 1810 καὶ
3410 1759 3466 1807 ἐν
3513 1757 3578 1823 τῇ

2012 1860 2148 1928 αὐλῇ
2180 1859 2336 1929 ήμῶν
2371 1856 2637 1926 ἐγεννήθη
2682 1856 2776 1907 καὶ
2810 1854 2928 1923 μεθ’
2964 1853 3124 1922 ήμῶν
3180 1850 3454 1918 ἀνετράφη
3488 1846 3580 1899 καὶ

2013 1952 2118 2004 ὐπὸ
2146 1950 2239 2003 τοῦ
2274 1949 2447 2002 κακοῦ
2480 1950 2579 2014 τῆς
2613 1947 2887 2015 μητρυιᾶς
2913 1944 3079 1996 αὐτοῦ
3105 1941 3276 1993 πολλά
3313 1940 3576 2006 πιεζόμε-

2012 2060 2100 2104 νος
2141 2042 2382 2110 μεγάλας
2413 2039 2717 2109 θεραπείας
2749 2038 2899 2103 παρὰ
2944 2037 3052 2088 τῶν
3091 2033 3439 2101 γεννητόρων
3473 2047 3576 2098 μου
3679 2068 3698 2085 ,

2011 2133 2271 2203 εὕρισκεν
2293 2150 2308 2164 ·
2342 2135 2460 2184 ἐκεῖ
2500 2131 2869 2198 ἀναγκασθεὶς
2897 2129 3001 2180 ἀπὸ
3024 2126 3118 2180 τοῦ
3169 2125 3363 2178 πολλοῦ
3405 2121 3577 2176 κακοῦ

2011 2225 2213 2291 ἔφυγεν
2242 2225 2352 2275 ἀπὸ
2381 2223 2472 2275 τὸν
2511 2223 2729 2291 πατέρα
2753 2219 2920 2274 αὐτοῦ
2944 2220 3037 2273 καὶ
3069 2221 3148 2280 είς
3176 2217 3274 2286 τὴν
3300 2215 3407 2267 τῶν
3444 2214 3579 2266 Ξαν-

2015 2317 2302 2372 θοπούλων
2340 2316 2510 2384 μονὴν
2569 2312 2821 2383 ἀπῆλθεο
2853 2315 2947 2365 καὶ
3007 2308 3250 2373 τοιοῦτος
3303 2308 3579 2379 χρήσιμος

2013 2409 2463 2478 ἀπεκατεστάθη.

2734 2515 2763 2550 υ
2772 2503 2876 2564 με’.

2079 2594 2299 2656 Φθάσας
2329 2592 2422 2646 06v
2445 2591 2556 2658 ἐγὼ
2590 2591 2670 2652 εἰς
2699 2591 2790 2642 τὸν
2832 2589 3094 2659 Εὐριπον,
3134 2587 3200 2641 τὰ
3229 2587 3283 2639 δέ
3333 2583 3580 2653 κάτεργα

2008 2688 2069 2740 οὐ
2103 2687 2334 2754 φθάσας,
2365 2685 2435 2739 δι’
2481 2685 2643 2739 ἄλλου
2709 2683 3012 2749 πλευσίμου
3068 2682 3149 2741 είς
3208 2678 3308 2746 τὴν
3355 2677 3580 2745 Λῆμνον

1981 2779 2328 2849 ἀπεσώθην,
2380 2778 2460 2840 είς
2494 2779 2593 2839 τὰς
2644 2776 2820 2845 ἀρχὰς
2871 2773 2964 2826 τοῦ
3015 2770 3327 2839 Νοεμϐρίου
3361 2768 3454 2821 τοῦ
3512 2764 3580 2834 ιγ’

2007 2873 2160 2934 ἔτους
2185 2888 2201 2904 ⁶
2227 2871 2307 2940 τῷ
2345 2870 2402 2923 δὲ
2443 2869 2594 2938 αὐτῷ
2633 2869 2765 2938 μηνὶ
2801 2865 2868 2920 ια’
2901 2866 2929 2918 ὁ
2981 2865 3083 2935 ῥὴξ
3112 2864 3212 2929 τῆς
3265 2860 3581 2928 Οὐγγαρίας

2008 2967 2290 3034 ἐσκοτώθη
2353 2967 2504 3034 παρὰ
2548 2964 2643 3017 τοῦ
2677 2963 2870 3032 ἀμηρᾶ
2901 2962 2983 3023 είς
3028 2962 3125 3021 τὴν
3160 2960 3375 3026 Βάρναν
3427 2952 3581 3026 [νου]

2007 3061 2102 3115 καὶ
2141 3063 2206 3129 τῇ
2235 3057 2300 3122 ιζ’
2317 3058 2408 3111 τοῦ
2443 3057 2661 3110 Ἰουλίου
2693 3055 2863 3124 μηνὸς
2897 3055 2990 3106 τοῦ
3045 3051 3212 3106 αὐτοῦ
3250 3050 3402 3110 ἔτους
3459 3051 3583 3114 ἐγε-

2007 3155 2156 3221 γόνει
2195 3151 2540 3220 παγκόσμιος
2569 3151 2788 3202 καύσων
2823 3147 2918 3199 καὶ
2949 3145 3098 3210 ἄξιος
3165 3145 3408 3212 μνήμης,
3446 3142 3502 3192 ἐν
3538 3132 3584 3206 ᾧ

331 3233 489 3304 ϐριον
530 3234 624 3286 τοῦ
651 3234 817 3288 αὐτοῦ
850 3236 1006 3300 ἔτους
1036 3233 1202 3307 ἦλθεν
1229 3239 1306 3301 είς
1337 3240 1437 3308 τὴν
1474 3241 1629 3294 πόλιν
1659 3244 1686 3294 6
1712 3242 1903 3295 δεσπόο
1929 3225 1972 3287 C
2006 3246 2070 3316 δὴ
2103 3246 2252 3313 θέρει
2283 3245 2377 3298 καὶ
2398 3245 2423 3295 6
2443 3243 2813 3312 πνευματικὸς
2834 3240 2942 3308 κὺρ
2974 3238 3276 3308 Γρηγὸριος
3307 3236 3584 3303 πατριάρ-

328 3343 431 3392 της
468 3325 564 3378 καὶ
594 3324 862 3394 αὐθέντης
897 3344 1000 3396 μου
1053 3327 1160 3398 κύρ
1209 3330 1617 3392 Κωνσταντῖνος
1641 3348 1653 3362 ·
1714 3335 1808 3384 καὶ
1838 3336 1904 3403 τῇ

328 3417 376 3471 α’
415 3418 672 3486 Μαρτίου
694 3419 888 3472 ἐλαϐεν
919 3421 1028 3474 ἀπὸ
1043 3422 1134 3473 τὸν
1153 3421 1375 3491 βασιλέα
1404 3424 1501 3494 τήν
1527 3426 1901 3495 Σηλυμϐρίαν,

332 3510 428 3584 καὶ
491 3510 813 3563 ἀπέστειλεν
850 3513 948 3580 ἐμὲ
987 3515 1200 3566 ἐκεῖσεν
1259 3515 1340 3577 είς
1381 3515 1644 3584 κεφαλήν,
1685 3517 1772 3570 ἵνα
1812 3517 1906 3569 καὶ

329 3603 442 3656 ἀπὸ
486 3601 577 3654 τὸν
606 3603 829 3673 ἀμηρᾶν
865 3603 959 3656 καὶ
1007 3607 1098 3672 τὸν
1141 3606 1412 3675 δεσπότην
1457 3609 1562 3674 κὺρ
1591 3609 1905 3675 Δημήτριον

326 3695 422 3748 καὶ
457 3695 622 3747 αὐτὸν
651 3694 716 3763 δὴ
745 3695 837 3746 τὸν
866 3695 1136 3748 δεδωκότα
1187 3695 1416 3766 βασιλέα
1456 3697 1771 3765 προστάξας
1802 3715 1907 3765 φυ-

321 3788 535 3842 λάττω.
571 3788 680 3840 Καὶ
711 3789 802 3840 τὸν
835 3788 1056 3841 Ἰούλιον
1079 3790 1172 3841 τοῦ
1201 3791 1370 3842 αὐτοῦ
1424 3791 1578 3852 ἔτους
1632 3787 1795 3862 ἦλθεν
1826 3794 1907 3852 εἰς

325 3881 426 3950 τὴν
462 3879 624 3932 πόλιν
649 3881 1073 3948 Φραγκόπουλος
1103 3881 1590 3952 όπρωτοστράτωρ
1615 3899 1627 3911 ·
1658 3885 1752 3934 καὶ
1790 3883 1908 3951 ὀρι-

330 3974 482 4036 σθεὶς
515 3970 676 4038 κάγὼ
710 3973 817 4025 ἀπὸ
852 3973 952 4043 τὴν
975 3973 1328 4042 Σηλυμϐρίαν
1359 3976 1439 4037 είς
1461 3975 1559 4044 τήν
1602 3976 1758 4028 πόλιν
1811 3972 1908 4046 ἦλ-

321 4067 448 4120 θον·
481 4067 581 4118 καὶ⁹
613 4065 927 4135 συμφωνίαι
955 4069 1271 4134 γεγόνασιν,
1319 4067 1400 4119 ὅτι
1455 4070 1482 4120 6
1509 4067 1608 4135 μὲν
1638 4069 1906 4137 δεσπότης

323 4159 422 4213 καὶ
445 4157 724 4226 αὐθέντης
768 4173 872 4226 μου
901 4158 984 4220 είς
1037 4158 1132 4210 16v
1162 4158 1381 4228 Μορέαν
1421 4159 1637 4232 ἀπέλθῃ
1690 4164 1782 4212 καὶ
1815 4162 1906 4212 τὸν

322 4252 492 4304 τόπον
533 4248 711 4302 πάντα
738 4247 834 4301 τοῦ
858 4247 1124 4302 δεσπότου
1154 4251 1220 4302 κὺ
1230 4266 1259 4318 ρ
1283 4249 1561 4320 Θεοδώρου
1586 4251 1746 4322 λάϐῃ,
1767 4254 1908 4304 ἐκεῖ·

323 4358 411 4404 νος
436 4340 505 4392 δὲ
532 4341 612 4402 είς
644 4339 744 4404 τὴν
773 4339 929 4392 πόλιν
951 4339 1104 4410 ἔλθῃ,
1133 4341 1225 4394 καὶ
1246 4342 1345 4411 τήν
1364 4342 1715 4414 Σηλυμϐρίαν
1739 4343 1904 4414 λάϐῃ.

322 4434 358 4488 ἃ
392 4433 458 4505 δὴ
484 4434 582 4486 καὶ
601 4433 842 4500 ἐγένετο.

1045 4548 1075 4583 υ
1085 4531 1186 4597 μδ¹.

401 4620 561 4694 [196]
609 4621 719 4674 Καὶ
769 4624 834 4693 τῇ
870 4630 902 4676 ι’
933 4622 1270 4696 Ὀκτωϐρίου
1305 4627 1397 4680 106
1440 4625 1518 4696 νβ’
1567 4627 1724 4688 ἔτους
1767 4625 1905 4694 μετὰ

328 4716 600 4786 καραϐίου
637 4714 950 4780 ἐξελθόντος
981 4717 1089 4772 ἀπὸ
1116 4718 1218 4787 τῆς
1271 4721 1478 4782 πόλεως
1509 4720 1604 4772 τοῦ
1646 4722 1904 4781 αὐθεντός

332 4827 434 4878 μου
460 4809 555 4861 καλ⁵
581 4807 867 4875 δεσπότου,
927 4809 1022 4862 καὶ⁵
1055 4810 1382 4875 ἀπελθόντος
1421 4814 1498 4873 είς
1530 4813 1621 4864 τὸν
1657 4812 1901 4880 Μορέ;.ν,

261 4882 264 4884 ’
332 4903 432 4952 καὶ
463 4898 628 4951 πάλιν
665 4899 805 4968 μετὰ
833 4898 999 4952 αὐτοῦ
1032 4901 1094 4968 δὴ
1118 4900 1212 4952 106
1261 4901 1530 4970 καραϐίου
1562 4903 1588 4954 6
1635 4897 1902 4969 δεσπότης

329 4989 437 5056 κὺρ
459 4985 739 5055 Θεόδωρος
761 4990 855 5040 τὸν
883 4989 1222 5057 Δεκέμϐριον
1255 4992 1399 5057 μῆνα
1442 4990 1532 5042 106
1559 4991 1726 5043 0.6106
1748 4990 1902 5053 ἔτους

329 5081 409 5142 είς
445 5079 542 5149 τήν
570 5079 725 5132 πόλιν
747 5081 1024 5135 ἀπέσωσε.
1059 5083 1169 5136 Καὶ
1211 5083 1301 5134 τὸν
1329 5083 1574 5151 Μάρτιον
1603 5083 1902 5151 παρέδωκα

331 5173 444 5240 ἐγὼ
466 5174 605 5239 πρὸς
629 5175 791 5228 αὐτὸν
811 5175 911 5246 τὴν
939 5176 1316 5246 Σηλυμϐρίαν,
1363 5177 1457 5228 καὶ
1483 5178 1754 5247 ἐμϐάντος
1798 5196 1899 5247 μου

329 5267 410 5328 είς
448 5267 717 5335 καράϐιον
745 5267 839 5320 τοῦ
864 5269 972 5321 ἀπὸ
1002 5270 1101 5338 τὴν
1147 5270 1376 5339 Κρήτην
1423 5270 1650 5324 ’Υαλινᾶ
1699 5272 1900 5325 Ἀντω-

328 5358 440 5410 νίου
478 5360 557 5420 είς
603 5361 701 5428 τὴν
749 5360 844 5412 106
877 5361 1117 5431 Εὐρίπου
1161 5362 1454 5432 Κάρυστον
1494 5363 1752 5430 ἐπαφῆκέ
1790 5380 1894 5432 με’

328 5450 423 5501 καὶ
455 5451 521 5519 τῇ
548 5457 597 5517 γ’
621 5449 714 5504 106
755 5451 982 5505 Ἰουνίου
1022 5454 1112 5505 διὰ
1147 5453 1246 5521 τῆς
1275 5457 1505 5520 στερεᾶς
1551 5455 1672 5510 ὁδοῦ
1704 5458 1783 5518 είς
1806 5457 1897 5510 τὸν

325 5539 634 5610 Μυςηθρᾶν
663 5543 897 5609 ἔφθασα,
937 5546 1108 5600 πολλὰ
1138 5546 1232 5599 106
1261 5547 1522 5600 δεσπότου
1559 5550 1730 5620 κυροῦ
1761 5551 1894 5602 Θεο-

323 5632 499 5702 δώρου
520 5632 814 5704 ζητοῦντός
851 5653 919 5706 με
956 5639 1050 5690 καὶ
1080 5639 1536 5710 παροτρύνοντος,
1570 5642 1656 5694 ἵνα
1679 5642 1773 5694 καὶ
1796 5644 1895 5713 τὴν

321 5723 678 5793 Σηλυμϐρίαν
708 5725 817 5797 ἔχω
832 5728 925 5780 καὶ
956 5727 1064 5780 τῶν
1097 5730 1328 5796 πρώτων
1362 5729 1528 5784 αὐτοῦ
1565 5732 1894 5800 ὑποχειρίων

320 5816 696 5891 εὑρίσκωμαι.
733 5819 1092 5892 Διερχόμενος
1135 5823 1189 5876 δὲ
1221 5822 1376 5892 εὖρον
1431 5825 1522 5880 καὶ
1575 5824 1634 5880 τὸ
1667 5824 1889 5895 Ἐξαμίο

2009 3356 2108 3408 χης
2137 3337 2415 3404 ἐγεγόνειο
2449 3337 2545 3388 καὶ
2574 3338 2642 3403 τῇ
2678 3332 2739 3388 ιε’
2766 3333 2862 3387 τοῦ
2895 3331 3208 3398 Αὐγούστου
3279 3328 3446 3415 μηνὸς
3479 3326 3577 3379 τοῦ

2008 3430 2177 3484 αὐτοῦ
2211 3430 2364 3490 ἔτους
2401 3430 2667 3496 ἐγεννήθη
2697 3445 2787 3496 μοι
2821 3428 2935 3490 υίὸς
2968 3423 3410 3494 Ἀνδρόνικος,δς
3451 3421 3583 3490 ἔζη·

2009 3542 2100 3578 σεν
2124 3523 2337 3592 ἡμέρας
2375 3522 2472 3574 καὶ
2506 3520 2670 3590 μόνον
2716 3519 2886 3575 ὀκτώ.

2276 3666 2292 3677 κ
2716 3614 2873 3677 υμς¹.

2079 3702 2190 3755 Καὶ
2217 3701 2295 3770 τῷ
2323 3701 2396 3754 νδ¹
2423 3701 2555 3765 ἔτει,
2601 3698 2926 3766 Δεκεμϐρίῳ
2965 3698 3095 3766 μηνὶ
3118 3697 3258 3766 πρὸς
3287 3695 3456 3758 τέλει,
3489 3693 3581 3746 ἐλ-

2008 3795 2192 3857 θόντος
2223 3812 2325 3862 μου
2354 3796 2438 3856 είς
2459 3795 2550 3844 τὸν
2604 3791 2825 3859 Μορέαν
2859 3791 2998 3859 μετὰ
3047 3791 3147 3858 τῆς
3193 3787 3582 3859 πραγματείας

2009 3885 2317 3939 Βενετικῶν
2350 3885 2658 3954 κατέργων.

2740 3977 2886 4045 υμςνο

2079 4067 2412 4137 Σεπτεϐρίου
2448 4068 2616 4121 αὐτοῦ
2655 4073 2728 4118 νε¹
2775 4067 2928 4129 ἔτους
2961 4067 3336 4138 εὐεργετήθην
3392 4067 3454 4122 16
3477 4085 3583 4121 «κε-

2009 4160 2332 4229 φαλατίκιον
2365 4159 2461 4214 τοῦ
2519 4159 2820 4228 Μυζηθρᾶ,
2868 4161 3005 4227 μετά
3054 4163 3148 4212 καὶ
3199 4163 3420 4215 πάντων
3471 4161 3582 4212 τῶν

2014 4255 2136 4322 περὶ
2170 4251 2322 4315 αὐτὸ,
2363 4251 2530 4322 ήγουν
2559 4250 2765 4314 Κουλᾶ,
2816 4249 3117 4318 Ἐϐραῖκῆς
3162 4251 3414 4320 Τρύπης,
3452 4252 3585 4314 Τξε-

2011 4345 2239 4414 ραμίου,
2304 4344 2602 4411 Παγκότων
2655 4344 2748 4397 καὶ
2815 4342 3258 4413 Σκλαϐοχωρίου,
3303 4345 3396 4395 καὶ
3444 4351 3581 4410 μετλ

2010 4437 2232 4490 πάντων
2258 4435 2367 4487 τῶν
2390 4434 2765 4502 είσοδημάτων
2782 4434 2984 4496 αὐτῶν,
3021 4435 3095 4496 ὡς
3117 4434 3218 4486 οὐκ
3246 4429 3395 4502 εἶχεν
3423 4434 3584 4494 ἄλλος

1937 4559 1979 4613 D
2010 4547 2092 4592 τις
2117 4528 2291 4591 οὕτως
2320 4526 2544 4580 πώποτε
2566 4528 2627 4579 16
2657 4526 2753 4580 106
2820 4528 3093 4598 Μυζηθρᾶ
3155 4527 3543 4595 κεφαλατίκιον
3569 4544 3582 4559 ο

2015 4617 2185 4686 ὦρισέ
2222 4618 2391 4684 μοιδέ
2419 4619 2512 4671 καλ⁵
2543 4617 2723 4683 τοῦτο,
2767 4619 2852 4672 ὅτι
2903 4617 3047 4684 Ἐγὼ
3100 4619 3312 4672 δέδωκά
3362 4635 3446 4669 σοι
3495 4619 3586 4668 τὸν

2015 4713 2322 4782 Μυζηθρᾶν
2351 4714 2431 4773 εἰς
2464 4710 2856 4779 κεφαλατίκιον
2896 4712 2987 4765 καὶ
3019 4711 3107 4763 διά
3139 4709 3238 4778 τὴν
3285 4710 3384 4779 σὴν
3413 4709 3586 4774 καλὴν

2013 4804 2343 4873 δουλοσύνην
2371 4805 2465 4857 καὶ
2494 4804 2591 4873 τὴν
2616 4805 2757 4873 ἐμὴν
2791 4803 2925 4874 πρὸς
2951 4805 3011 4856 σέ
3042 4802 3310 4872 ἀναδοχὴν
3337 4803 3431 4854 καὶ
3451 4804 3576 4867 ἀγά-

2013 4914 2145 4965 πην,
2182 4897 2274 4950 καὶ
2306 4898 2386 4949 ὅτι
2415 4897 2556 4949 θέλω
2584 4899 2650 4950 νά
2677 4897 2756 4950 ἔνι
2785 4896 2882 4950 καὶ
2915 4897 3075 4948 τοῦτο
3100 4895 3182 4960 ἓν,
3217 4896 3292 4958 ὡς
3318 4897 3350 4964 ή
3388 4896 3577 4964 Κόριν-

2017 4990 2107 5051 θος
2139 4990 2230 5040 καὶ
2267 4992 2298 5061 ή
2335 4990 2527 5056 Πάτρα
2554 5007 2567 5020 ·
2597 4987 2672 5042 ὧν
2701 4989 2797 5059 τὴν
2821 4989 2918 5058 μέν
2939 4989 3095 5058 ἔχειό
3131 4988 3585 5056 Καντακουξηνὺς

2023 5082 2302 5151 Ἰωάννης,
2336 5083 2434 5151 τὴν
2459 5083 2514 5134 δέ
2550 5082 2788 5146 Ἀλέξιος
2819 5084 2846 5134 6
2883 5084 3194 5152 Λάσκαριςθ
3229 5086 3324 5134 καὶ
3347 5082 3582 5150 γίνωσκε

2009 5175 2094 5228 ὅτι
2124 5174 2312 5243 ἕτερον
2356 5174 2664 5242 μεσάζοντα
2726 5175 2878 5227 οὐδὲν
2909 5175 3050 5228 θέλω
3094 5176 3346 5244 ποιήσειν
3408 5176 3582 5244 πάρεξ

2009 5267 2174 5320 αὐτὸν
2199 5267 2262 5336 δὴ
2295 5267 2385 5319 τὸν
2448 5268 2991 5338 Εὐδαιμονοῖωάννην
3019 5269 3078 5321 ὃν
3112 5269 3241 5337 ἔχω·
3287 5267 3407 5320 ἀλλ’
3465 5267 3580 5318 οὐδὲ

2007 5356 2246 5411 ἐνταῦθα
2281 5357 2422 5426 θέλω
2464 5359 2824 5426 εὐρίσκεσθεν
2880 5360 3012 5412 ἀεί’
3075 5358 3227 5430 [261]
3278 5358 3395 5426 ἀμὴ
3445 5358 3580 5410 θέλω

2005 5448 2319 5520 δίερχεσθεν
2349 5453 2440 5504 τὸν
2475 5454 2640 5504 τόπον
2683 5471 2786 5521 μου
2817 5453 2904 5506 διὰ
2939 5454 3113 5506 πολλὰ
3151 5451 3434 5518 ὠφέλιμαο
3489 5450 3579 5508 καὶ

2005 5545 2132 5598 ὅταν
2156 5545 2503 5615 εὑρίσκωμαι
2540 5547 2618 5608 είς
2652 5546 2747 5611 τὴν
2799 5547 3087 5615 Κόρινθον,
3128 5543 3269 5596 θέλω
3319 5540 3580 5608 πράττειν

2003 5637 2101 5715 τὰς
2125 5640 2266 5706 ἐμάς
2290 5639 2538 5701 δουλείας
2561 5640 2656 5692 καὶ
2678 5641 2778 5703 τὰς
2831 5643 2923 5693 τοῦ
2951 5641 3117 5693 τόπου
3157 5635 3372 5689 ἐκείνου
3436 5637 3579 5703 μετά

2007 5729 2100 5783 106
2149 5733 2610 5798 Καντακουζηνοῦ
2689 5733 2787 5786 καὶ
2835 5733 2929 5786 τοῦ
2987 5727 3526 5798 Εὐδαιμονοῖωάννου
3561 5745 3573 5756 ·

2002 5821 2129 5876 ὅταν
2160 5822 2214 5877 δὲ
2247 5823 2325 5887 εἰς
2358 5826 2455 5892 τὴν
2491 5823 2713 5892 Πάτραν
2751 5823 2980 5879 ἀπέλθω
3015 5821 3174 5876 πάλιν
3205 5818 3272 5888 μὲ
3302 5818 3392 5872 τὸν
3424 5818 3571 5871 Λάα-
