4022 6294
335 355 476 421 1053

1565 360 2011 422 CHRONICON
2043 361 2312 424 MINUS.

3448 355 3583 416 10.54

329 471 482 547 1910]
529 471 798 542 τέθνηκεν
849 473 884 542 ἡ
925 472 983 525 ἐν
1035 465 1285 543 μακαρίᾳ
1332 475 1397 544 τῇ
1449 473 1602 544 λήξει
1637 478 1904 548 γενομένη
1935 492 1986 542 Α
2019 479 2272 535 ἀπελθὼν
2305 478 2434 549 περὶ
2465 477 2526 530 16
2575 475 2821 546 Σαμαχὶν
2867 474 3197 544 ὲκρούσευσε
3245 474 3338 525 καὶ
3374 472 3580 525 eum:

331 563 574 630 ἀοίδιμος
626 563 721 615 καὶ
765 562 897 630 ἁγία
938 562 1218 625 δέσποινα,
1252 567 1284 632 ἡ
1336 564 1426 616 διὰ
1472 565 1568 616 τοῦ
1613 565 1757 618 θείου
1809 569 1902 618 καὶ

330 653 628 724 ἀγγελικοῦ
660 655 940 725 σχήματος
972 655 1445 724 μετονομασθεῖσα
1488 657 1770 724 ’Υπομονὴ
1809 676 1904 725 μο-

331 747 490 816 ναχὴ,
523 747 620 799 καὶ
650 747 826 814 ἐτάφη
867 749 949 809 είς
977 749 1077 812 τὴν
1110 750 1280 816 μονὴν
1322 747 1416 799 τοῦ
1451 749 1902 814 Ιίαντοκράτορος

333 837 564 904 πλησίον
597 838 716 893 τοῦ,
744 838 1054 908 μακαρίτου
1089 838 1186 891 καὶ
1216 837 1466 906 ἀοιδίμου
1497 837 1760 906 βασιλέως
1809 841 1903 889 καὶ

333 930 524 1000 ἀνδρὸς
556 930 750 1000 αὐτῆς.

1056 1029 1192 1076 υνα’.

409 1115 523 1167 Καὶ
569 1115 660 1166 16v
700 1111 1062 1183 Φευρουάριον
1109 1113 1202 1167 τοῦ
1249 1116 1325 1167 νθ¹
1363 1113 1516 1174 ἔτους
1562 1115 1837 1166 ἀπέθανεν
1877 1113 1905 1165 6

332 1204 555 1271 ἀμηρᾶς
601 1204 628 1254 6
674 1204 1008 1273 Μουράτης·
1043 1204 1140 1256 καὶ
1188 1204 1348 1256 τοῦτο
1403 1205 1502 1256 οὐκ
1567 1203 1904 1264 ἀκούσαντος

337 1311 438 1361 μου
470 1296 549 1354 εἰς
569 1295 668 1362 τὴν
697 1295 957 1364 ’Ῑόηρίαν,
981 1296 1052 1354 ὡς
1073 1291 1237 1365 ἦλθον
1261 1298 1340 1358 είς
1368 1297 1464 1365 τὴν
1490 1295 1903 1364 Τραπεζοῦντα,

333 1385 482 1452 λέγει
539 1403 628 1454 μοι
680 1388 707 1438 6
741 1385 994 1456 βασιλεῦς
1022 1399 1036 1424 ¹
1075 1388 1278 1456 Ἀρχον
1329 1388 1711 1456 ἁποκρισιάρι,
1752 1384 1902 1456 [ειη

334 1477 401 1529 νὰ
433 1478 491 1528 σέ
529 1477 669 1530 εἴπω
732 1476 830 1544 μὲν
863 1477 1004 1530 καλά
1051 1481 1322 1544 μαντάτα,
1363 1480 1525 1547 μόνον
1569 1480 1634 1530 νά
1668 1480 1772 1546 μᾶς
1805 1475 1906 1528 δώ-

337 1585 436 1637 σῃς
464 1569 530 1620 τὰ
561 1568 889 1636 συγχαρίκια
909 1581 922 1597 ³
953 1569 1047 1620 καὶ
1079 1570 1320 1633 ἀναστὰς
1372 1569 1760 1640 προσεκύνησα
1808 1571 1906 1621 αὑ-

335 1662 426 1713 τὸν
481 1661 684 1714 είπὼν·
720 1663 806 1716 Νά
862 1665 1063 1734 ποιήσῃ
1122 1667 1150 1717 6
1203 1665 1336 1729 Θεὸς
1391 1667 1746 1735 πολυχρόνιον
1806 1667 1906 1735 τὴν

338 1752 618 1823 βασιλείαν
673 1771 788 1817 σου,
815 1756 950 1808 ὀποῦ
982 1759 1116 1809 πᾶσι
1148 1757 1373 1824 τρόποις
1408 1759 1718 1827 εὐεργετεῖς
1749 1758 1904 1826 ἡμῖν,

2013 589 2106 642 μοι
2155 571 2342 641 χάριν,
2378 571 2472 623 καλ⁸
2515 569 2649 623 ἄλλα
2692 567 2834 625 τινὰ.
2867 567 2902 620 ἃ
2941 567 3036 619 καὶ
3072 565 3441 634 ἐχαρίσθημεν
3490 567 3583 618 καὶ

2010 661 2365 730 ἐκτησάμεθα
2397 659 2742 724 ἀλλοτρὸπως
2765 674 2778 688 ·
2811 656 3041 717 καθίσας
3076 655 3289 723 ἔγραψα
3322 657 3457 724 πρὸς
3492 657 3581 707 16v

2008 755 2275 822 αὐθέντην
2311 771 2410 820 μου
2439 752 2529 804 τὸν
2563 750 2811 820 βασιλέα,
2847 753 2946 802 ὅσα
2981 751 3074 801 καὶ
3104 752 3183 809 εἰς
3213 751 3311 817 τὴν
3339 749 3580 816 Ἰϐηρίαν

2008 846 2242 912 ἔπραξα,
2271 847 2364 897 καὶ
2397 847 2496 897 ὅσα
2551 848 2632 905 είς
2676 844 2774 912 τὴν
2813 844 3238 909 Τραπεζοῦνταν
3289 843 3584 894 ὑποπτεύω

2008 936 2091 988 ὅτι
2147 936 2324 1003 μέλλω
2383 935 2644 1000 πράξειν,
2702 935 2797 984 καὶ
2857 933 2957 998 τὴν
3014 933 3194 984 αἰτίαν
3248 931 3348 993 τῆς
3401 932 3580 982 ἐκεῖσε

2011 1026 2328 1090 προσμονῆς
2351 1040 2366 1055 ο
2397 1023 2608 1088 ἔγραψα
2649 1023 2705 1074 δὲ
2753 1023 2847 1073 καὶ
2883 1023 3076 1078 ἑτέραν
3119 1019 3417 1088 ἀναφορὰν,
3453 1020 3584 1090 περὶ

2009 1110 2083 1167 ὧν
2126 1116 2304 1180 μέλλω
2333 1104 2592 1184 δηλώσειν
2619 1133 2633 1147 ·
2668 1119 2758 1167 καὶ
2795 1116 2918 1174 δοὺς
2949 1115 3048 1174 τὰς
3102 1114 3321 1182 γραφὶς
3356 1115 3435 1165 ἐνὶ
3476 1113 3584 1164 τῶν

2014 1210 2110 1263 σὺν
2159 1211 2280 1270 ἐμοὶ
2327 1208 2772 1276 ἀρχοντοποὺλων
2819 1207 3033 1258 ἔστειλα
3081 1206 3246 1258 αὐτὸν
3278 1205 3582 1271 παραγγεί-

2011 1303 2125 1364 λας,
2164 1303 2244 1354 ὅτι
2295 1301 2406 1368 Τὴν
2459 1299 2558 1367 μὲν
2600 1301 2728 1366 μίαν
2771 1300 2859 1362 66;
2903 1300 2980 1362 τῷ
3014 1299 3250 1365 αὐθέντῃ
3298 1297 3455 1363 ἡμῶν
3489 1295 3585 1362 βα-

2014 1394 2169 1456 σιλεῖ,
2202 1393 2349 1445 ὼσὰν
2401 1393 2792 1462 προσκυνήσῃς
2841 1391 3010 1458 αὐτῷ,
3039 1392 3131 1443 καὶ
3185 1390 3272 1441 διά
3318 1389 3587 1454 στόματος

2012 1485 2188 1538 πάντα
2223 1485 2344 1538 καθ’
2390 1486 2538 1554 ἡμᾶς
2577 1485 2815 1551 ἁνάφερε
2840 1499 2854 1513 ·
2893 1483 3086 1533 ἔπειτα
3129 1480 3225 1548 τὴν
3271 1478 3464 1546 αῦριον
3497 1478 3584 1539 66;

2012 1579 2111 1646 τὴν
2163 1579 2378 1647 ἑτέραν.
2407 1577 2664 1644 Ἔγραψα
2717 1575 2772 1626 δέ
2827 1574 3038 1635 οὕτως·
3075 1573 3220 1640 Ἐγὼ
3261 1570 3466 1640 ἔμαθον
3493 1569 3584 1621 τὸν

2015 1670 2246 1724 θάνατον
2293 1667 2387 1721 τοῦ
2443 1668 2638 1737 ἀμηρᾶ
2671 1667 2885 1737 φθάσας
2915 1663 3149 1716 ἐνταῦθα
3186 1663 3268 1724 είς
3311 1661 3409 1726 τὴν
3439 1661 3588 1729 Τρα·

2015 1760 2284 1824 πεζοῦντα
2337 1760 2487 1831 [214]
2542 1758 2695 1828 παρὰ
2749 1758 2842 1811 τοῦ
2905 1755 3212 1826 βασιλέως·
3245 1752 3448 1820 ἔμαθον
3494 1745 3589 1802 οὖν

339 1845 433 1895 καὶ
463 1844 636 1906 θέλεις
661 1846 1046 1916 εὐεργετήσειν
1088 1849 1185 1900 καὶ
1211 1848 1307 1900 νῦν
1358 1849 1428 1902 τά
1461 1849 1600 1902 καλὰ
1633 1849 1904 1918 μαντάτα.
1941 1831 1984 1884 Β
2013 1853 2108 1905 καὶ
2157 1854 2255 1919 τῆς
2304 1853 2605 1917 ἐξαδέλφης
2650 1849 2814 1902 αὐτοῦ
2861 1849 2962 1916 τῆς
3020 1847 3339 1916 ἀμηρίσσης
3381 1847 3586 1896 ἐπανα-

351 1934 491 2004 Ἀμὴ
530 1936 694 2004 ἡμεῖς
743 1937 796 1989 τί
848 1937 998 2002 ἀξιον
1053 1939 1250 2008 ἔχομεν
1313 1940 1376 1993 νά
1419 1939 1790 2008 ἀποδώσωμεν
1837 1943 1905 2008 τῇ

339 2026 590 2098 βασιλείᾳ
643 2045 780 2096 σου;
838 2031 949 2084 Καὶ
1002 2029 1152 2098 λέγει
1212 2048 1304 2100 μοι
1376 2033 1467 2083 τὸν
1527 2032 1758 2084 θάνατον
1813 2031 1908 2085 τοῦ

337 2120 530 2190 ἀμηρά
550 2162 564 2184 ,
598 2123 692 2176 καὶ
736 2123 818 2176 ὅτι
851 2123 1067 2191 ἐγένετο
1098 2124 1191 2176 καὶ
1223 2126 1250 2176 ό
1281 2124 1400 2185 υίὸς
1428 2123 1594 2176 αὐτοῦ
1623 2124 1908 2191 αὐθέντης,

339 2212 435 2264 καὶ
481 2213 676 2267 δέδωκε
725 2215 894 2268 πολλά
941 2213 1034 2268 16v
1083 2215 1310 2286 βασιλέα
1363 2214 1455 2268 καὶ
1501 2215 1779 2284 ἔστερξεν,
1823 2218 1910 2269 ἵνα

342 2300 440 2373 εχῃ
479 2305 576 2356 καῖ⁹
605 2301 704 2373 τὴν
745 2305 988 2374 ἀγάπην,
1017 2306 1084 2375 ἢν
1127 2308 1265 2375 μετὰ
1294 2305 1390 2360 τοῦ
1419 2307 1624 2377 πατρός
1671 2324 1766 2359 του
1795 2305 1910 2376 εἶχε

342 2395 405 2442 16
447 2393 706 2462 ὁσπήτιον
750 2397 945 2451 ἐκεῖνο.
981 2397 1089 2447 Καὶ
1134 2397 1376 2460 ἀκούσας
1425 2399 1582 2452 τοῦτο
1636 2400 1912 2469 ἐγενόμην

345 2481 560 2549 ἄφωνος
597 2487 690 2538 καὶ⁸
730 2485 905 2548 οὑτως
939 2487 1241 2555 ὀδυνηθεὶς,
1269 2487 1461 2557 ὥσπερ
1511 2489 1576 2542 νά
1613 2489 1679 2558 μὲ
1725 2489 1912 2556 ἔλεγεν

346 2573 576 2629 θάνατον
605 2576 712 2629 τῶν
738 2578 891 2646 ἐμῶν
927 2579 1217 2648 φιλτάτων·
1247 2582 1344 2634 καὶ
1379 2582 1540 2652 μέχρι
1569 2584 1712 2646 τινὸς
1744 2599 1914 2650 κατη-

346 2671 544 2732 φιάσας
584 2667 757 2736 λέγω·
790 2670 1036 2725 Δέσποτά
1081 2689 1204 2736 μου,
1233 2672 1390 2725 τοῦτο
1431 2674 1493 2728 οὐ
1543 2676 1734 2744 χαρίεν
1775 2693 1914 2744 μαν-

347 2758 527 2820 τάτον,
565 2761 700 2813 ἀλλὰ
755 2762 849 2814 καὶ
893 2763 1150 2832 ὀδυνηρὸν
1193 2763 1333 2818 λίαν.
1387 2765 1494 2818 Καὶ
1545 2765 1730 2832 λέγει·
1767 2766 1911 2833 Πῶς,

348 2851 479 2904 καλέ
506 2869 520 2917 ;
551 2853 658 2904 Καὶ
706 2851 863 2906 εἷπον
885 2869 898 2883 ·
928 2855 1074 2906 Διότι
1102 2855 1309 2918 ἐκεῖνος
1335 2846 1426 2924 ’ἦν
1479 2857 1659 2927 γέρων
1705 2859 1799 2910 καὶ⁹
1853 2859 1913 2911 16

345 2943 487 2997 κατά
533 2946 633 3013 τῆς
679 2944 884 3008 πόλεως
932 2946 1321 3014 ἀπεπειράσθη
1369 2946 1541 3016 αὐτῷ,
1597 2949 1693 3000 καὶ
1752 2949 1914 3001 πλέον

342 3038 499 3090 οὐδὲν
529 3040 742 3110 ἢθελεν,
778 3041 938 3110 μόνον
965 3040 1061 3110 τὴν
1094 3041 1318 3108 ἀγάπην
1366 3042 1461 3093 καὶ
1505 3043 1760 3112 εἰρήνην·
1799 3045 1913 3112 ἀμὴ

342 3129 523 3197 οὗτος,
555 3133 688 3185 ὀποῦ
743 3135 962 3201 ἐγένετο
1015 3134 1109 3186 νῦν
1163 3135 1450 3204 αὐθέντης,
1505 3133 1583 3189 ἔνι
1647 3135 1764 3197 νέος
1820 3137 1984 3232 καὶΟ

342 3227 622 3299 παιδιόθεν
665 3227 858 3298 ἐχθρὸς
891 3226 999 3278 τῶν
1045 3227 1410 3294 Χριστιανῶν,
1459 3228 1522 3280 νὰ
1565 3227 1763 3300 ὑϐρίζῃ
1821 3227 1914 3279 καὶ

339 3321 406 3372 νά
429 3319 820 3387 ἐπαπειλῆται,
850 3321 930 3372 ὅτι
965 3318 1106 3371 θέλει
1142 3319 1391 3387 ποιήσειν
1440 3319 1507 3372 16
1540 3321 1633 3372 καὶ
1655 3322 1724 3373 τι
1772 3320 1915 3372 κατὰ

335 3413 450 3464 τῶν
483 3411 854 3480 Χριστιανῶν·
891 3411 985 3463 καὶ
1009 3413 1039 3481 ἡ
1070 3412 1248 3476 πόλις,
1272 3411 1430 3481 εἴπερ
1465 3412 1674 3476 ἄλλοτε,
1703 3412 1780 3466 ἐνι
1808 3413 1916 3464 6:6

333 3506 438 3574 τὴν
495 3505 782 3557 ἀσθένειαν
813 3503 908 3556 τοῦ
944 3505 1201 3565 αὶθεντός
1238 3522 1341 3572 μου
1391 3503 1485 3558 τοῦ
1519 3505 1785 3574 βασιλέως
1818 3504 1914 3556 τοῦ

330 3594 601 3665 γαμϐροῦ
637 3594 986 3664 ἠπορημένη,
1021 3593 1170 3665 [ειν]
1202 3595 1296 3647 καὶ
1327 3597 1489 3664 χρέος
1541 3597 1619 3656 είς
1651 3595 1718 3648 τὰ
1770 3598 1916 3647 είσο-

335 3690 564 3760 δὴματα
589 3687 805 3757 ἐκείνης
845 3673 1135 3752 πολὺ,’καὶ
1164 3687 1370 3756 ἀπορία
1397 3689 1476 3749 είς
1500 3670 1688 3740 ,πάντα
1711 3706 1724 3720 ο
1758 3689 1852 3740 καὶ
1888 3690 1916 3740 6

342 3782 609 3850 αὐθέντης
655 3797 756 3848 μου
791 3782 818 3832 6
845 3779 1102 3849 βασιλεὺς
1149 3780 1264 3842 νέος
1313 3779 1582 3850 αὐθέντης
1635 3781 1728 3832 καὶ
1771 3779 1916 3832 θέλει

344 3874 541 3943 καιρὸν
577 3872 850 3941 εἰρηνικὸν
885 3873 948 3924 νά
995 3873 1391 3941 ἐξοικονομήσῃ
1440 3872 1507 3924 τά
1549 3873 1787 3941 ἐκείνης,
1823 3874 1916 3922 καὶ

345 3965 412 4017 ἂν
438 3964 826 4035 παραχωρήσῃ
856 3965 882 4014 6
916 3962 1068 4027 Θεὸς,
1101 3962 1166 4014 νά
1199 3961 1393 4031 νικηθῇ
1440 3962 1547 4014 ἀπὸ
1581 3964 1680 4030 τῆς
1729 3963 1917 4031 νεότη-

341 4074 431 4119 τος
466 4056 639 4109 αὐτοῦ
694 4059 790 4107 καὶ
837 4055 1038 4116 κακίας
1088 4052 1183 4106 καὶ
1234 4055 1299 4106 νά
1351 4055 1572 4125 ὁρμήσῃ
1626 4054 1766 4106 κατὰ
1818 4057 1919 4123 τῆς

336 4149 576 4211 πόλεως,
606 4147 706 4200 οὑκ
749 4143 886 4209 οἶδα,
916 4147 965 4198 τί
996 4145 1062 4197 νά
1087 4145 1338 4213 γένηται.
1376 4145 1504 4210 Ναὶ,
1555 4144 1620 4198 ἂν
1650 4143 1797 4215 εἶχεν
1826 4147 1916 4198 εὐ-

331 4243 596 4312 δοκήσειν
629 4243 656 4293 6
689 4239 841 4302 Θεὸς,
867 4240 931 4293 νὰ
964 4238 1309 4306 ἀπέθνησκεν
1336 4232 1489 4299 οὗτος
1529 4239 1556 4289 6
1585 4237 1698 4301 υίὸς
1727 4237 1914 4304 αὐτοῦ,

332 4331 438 4386 ίδοὺ
473 4330 822 4398 εὑφρόσυνος
845 4329 987 4380 κατά
1011 4326 1272 4396 ἀλήθειαν
1301 4326 1533 4394 ἀγγελία
1559 4328 1571 4380 ι
1603 4329 1724 4378 ἐπεὶ
1755 4327 1916 4379 ἄλλον

333 4421 642 4492 οὑκ-·εἷχε,
697 4423 790 4475 καὶ
843 4421 952 4474 ἀπὸ
1003 4421 1102 4490 τῆς
1157 4419 1332 4489 λύπης
1386 4419 1544 4489 ἤθελε
1600 4420 1764 4486 γενῆν
1824 4422 1917 4472 καὶ

2014 1946 2251 2014 στροφὴν
2285 1946 2366 2001 εἰς
2417 1944 2513 2010 τὴν
2561 1943 2798 2011 πατρίδα
2844 1940 3098 1998 καὶτοὺς
3146 1939 3326 2004 γονεῖς
3374 1937 3594 2002 αὐτῆς·

2011 2035 2195 2087 λοιπὸν
2252 2033 2734 2100 συλλογισάμενος,
2785 2030 3034 2098 φαίνεταί
3081 2045 3170 2095 μοι
3222 2026 3444 2080 κάλλιον
3490 2026 3585 2076 καὶ

2011 2127 2287 2196 ὠφέλιμον
2323 2127 2403 2185 είς
2435 2125 2606 2178 πολλὰ
2632 2123 2695 2175 16
2727 2125 2904 2176 ἐκεῖσε
2947 2120 3079 2173 αὐτὸ
3109 2120 3172 2172 νᾶι
3211 2118 3381 2188 εὕρῃς
3419 2118 3486 2170 τά
3527 2117 3585 2168 16

2014 2217 2230 2287 πράξῃς
2284 2217 2430 2284 παρὸ
2477 2217 2584 2269 ἀπὸ
2629 2215 2697 2267 16
2747 2213 3020 2266 ἐνταῦθα·
3055 2213 3300 2276 τέσσαρα
3337 2210 3440 2278 γὰρ
3491 2207 3588 2261 καὶ

2017 2311 2176 2379 μόνον
2226 2311 2465 2378 εὑρίσκω
2517 2309 2582 2361 τά
2634 2310 3076 2376 προσιστάμενα·
3112 2303 3172 2357 16
3220 2305 3443 2354 ἔλαττον
3493 2301 3588 2353 τοῦ

2013 2400 2223 2466 γένους,
2271 2400 2329 2451 τὸ
2378 2402 2477 2470 τῆς
2513 2398 2846 2462 Ἐκκλησίας
2901 2396 2989 2448 διὰ
3019 2395 3117 2464 τὴν
3154 2395 3502 2460 συγγένειαν,
3531 2391 3592 2442 16

2014 2491 2095 2544 ὅτι
2138 2487 2284 2561 εἶχεν
2311 2491 2478 2560 ἄνδρα
2510 2490 2635 2560 (Τοῦ
2647 2489 2795 2560 ρκον)
2821 2490 2914 2542 καὶ
2943 2489 3204 2556 τέταρτον
3229 2489 3311 2540 ὅτι
3349 2485 3430 2538 ενι
3461 2483 3590 2552 χρό-

2015 2603 2106 2637 νου
2165 2584 2414 2645 πλείονος
2465 2585 2558 2636 καὶ
2618 2582 2697 2636 ἔνι
2751 2582 3034 2650 λογισμὸς,
3083 2583 3293 2649 μήποτε
3343 2577 3588 2636 ἐλθόντος

2017 2677 2210 2745 καιροῦ
2239 2677 2331 2728 τοῦ
2366 2678 2543 2728 τεκεῖν
2572 2677 2784 2728 παιδίον
2813 2673 3158 2742 κινδυνεύσῃ,
3183 2671 3258 2732 ὡς
3287 2671 3338 2723 οί
3366 2666 3583 2735 φυσικοὶ

2018 2769 2344 2838 γράφουσιν,
2379 2769 2461 2820 ὅτι
2504 2769 2579 2831 ὡς
2627 2769 2722 2820 ἐπὶ
2771 2767 2832 2820 16
2880 2767 3133 2819 πλεῖστον
3177 2762 3567 2828 ἐπισυμσαίνει

2017 2861 2216 2915 Λοιπὸν
2245 2862 2373 2928 περὶ
2403 2859 2496 2912 τοῦ
2525 2861 2742 2928 πρώτου
2772 2858 2936 2924 λέγω,
2968 2857 3050 2910 ὅτι
3081 2855 3234 2909 οὐδὲν
3279 2854 3358 2906 ἔνι
3406 2853 3590 2918 παρά-

2016 2954 2197 3019 δοξον·
2230 2955 2354 3007 ἐπεὶ
2394 2954 2548 3006 οὐδὲν
2577 2952 2658 3005 ἔνι
2708 2951 2991 3014 ἐλάττονος
3022 2951 3213 3018 γένους
3256 2948 3355 3016 τῆς
3396 2945 3592 3014 κυρίας

2020 3063 2122 3114 μου
2171 3045 2266 3099 καὶ
2314 3043 2560 3112 ἀοιδίμου
2611 3042 2817 3114 μητρός
2855 3060 2950 3095 σου
2978 3058 2992 3072 ·
3042 3039 3296 3108 περὶτοῦ
3335 3037 3592 3107 δευτέρου

2018 3140 2112 3190 καὶ
2146 3137 2211 3189 ἂν
2260 3136 2396 3200 ὅλως
2449 3134 2757 3204 ἐλπίζωμεν
2790 3137 2889 3199 ὅτι,
2928 3135 2988 3186 16
3031 3133 3132 3200 τῆς
3178 3129 3595 3201 Τραπεζοῦντος

2018 3230 2083 3282 ἂν
2136 3230 2384 3298 γένηται,
2421 3227 2572 3299 [215]
2609 3228 2750 3280 θέλει
2796 3228 3172 3296 συγχωρήσειν
3217 3223 3352 3276 αὐτὸ
3385 3224 3417 3290 ὴ
3461 3221 3593 3274 Ἐκ-

2016 3320 2234 3391 κλησία,
2268 3319 2532 3373 δοθέντων
2576 3319 2880 3388 χρημάτων
2915 3317 2996 3380 εῐς
3041 3333 3100 3370 τε
3148 3316 3247 3379 τὰς
3299 3314 3594 3383 ὲκκλησῖας

2017 3412 2110 3464 καὶ
2144 3413 2225 3472 είς
2272 3411 2400 3473 τοὺς
2436 3410 2708 3480 πτωχοὺς,
2741 3408 2922 3477 πολλῷ
2959 3408 3160 3478 μᾶλλον
3195 3407 3337 3459 θέλει
3383 3422 3596 3474 συγχω-

2019 3509 2205 3575 ρήσειν
2252 3506 2313 3558 16
2357 3504 2452 3558 τοῦ
2493 3504 2760 3556 δεσπότου
2813 3503 3067 3572 Σερὸίας,
3099 3501 3234 3554 ὀποῦ
3269 3499 3360 3552 τὸν
3410 3497 3598 3568 ἐντρέ-

2018 3614 2208 3649 πονται
2260 3599 2354 3649 καὶ⁵
2411 3595 2756 3664 χρεωστοῦσι
2812 3593 3083 3656 τοσαὺτας
3137 3594 3370 3661 χάριτας
3418 3591 3509 3641 καὶ
3556 3590 3592 3659 ὴ

2030 3685 2328 3755 Ἐκκλησία
2373 3687 2468 3737 καὶ
2515 3684 2862 3752 ίερομόναχοι
2917 3682 3013 3734 καὶ⁸
3050 3680 3276 3750 μοναχοὶ
3303 3679 3395 3729 καὶ
3428 3692 3593 3744 μονα-

2018 3778 2107 3846 χαὶ
2152 3779 2244 3828 καὶ
2299 3775 2522 3844 πτωχοί.
2554 3775 2686 3837 Περὶ
2739 3773 2793 3825 δὲ
2847 3770 2942 3823 τοῦ
2978 3771 3160 3841 τρίτου
3192 3769 3287 3822 καὶ
3323 3767 3476 3820 οὐδὲν
3514 3765 3594 3816 ἔνι

2018 3867 2365 3937 παράδοξον·
2429 3866 2552 3918 ἐπε)⁸
2614 3865 2707 3917 καὶ
2761 3865 2791 3934 ή
2854 3864 3111 3916 δέσποινα
3170 3864 3314 3932 κυρά
3364 3858 3598 3912 Εὐδοκία

2018 3960 2188 4028 ἄνδρα
2223 3961 2445 4028 προεῖχε
2481 3957 2747 4026 Τοῦρκον,
2789 3956 2884 4007 καὶ
2939 3954 3137 4022 μικροῦ
3171 3956 3263 4005 καὶ
3299 3951 3482 4018 ὀλίγου
3510 3951 3598 4002 τό-

2019 4069 2124 4104 που
2174 4049 2463 4116 αὐθέντην,
2497 4051 2593 4103 καί⁵
2642 4048 2834 4102 παιδία
2883 4045 3002 4116 μετ’
3039 4045 3249 4098 ἐκείνου
3295 4043 3601 4111 ἐποίησεν*

2020 4141 2232 4210 ἀπῆρεν
2265 4141 2321 4194 δὲ
2350 4141 2520 4209 αὐτὴν
2554 4141 2632 4202 είς
2663 4142 2932 4206 γυναῖκαν
2957 4140 2984 4190 ὁ
3019 4137 3248 4194 πάππος
3289 4152 3380 4185 σου
3402 4150 3416 4164 ·
3452 4131 3594 4199 αῦτη

2018 4232 2074 4285 δὲ
2099 4229 2166 4302 ἦν
2197 4233 2440 4285 τοιούτου
2479 4233 2716 4299 μεγάλου
2743 4231 2995 4292 αὑθεντὺς
3025 4230 3184 4298 γυνὴ,
3215 4229 3309 4281 καὶ
3337 4227 3459 4280 οὐδὲ
3490 4225 3602 4277 κᾶν-

1991 4326 2143 4394 .μετ’
2194 4324 2425 4386 ἐκείνου,
2473 4325 2548 4386 ὡς
2603 4322 2900 4392 ἠκούομεν,
2952 4322 3137 4392 ἔμεινε
3165 4337 3178 4350 ·
3233 4322 3362 4390 περὶ
3409 4319 3464 4371 δέ
3507 4317 3600 4368 τοῦ

2018 4419 2307 4486 τετάρτου,
2347 4418 2442 4470 καὶ
2496 4416 2657 4470 τοῦτο
2715 4417 2779 4480 ἃς
2836 4417 2914 4468 ἕνι
2971 4416 3050 4477 είς
3108 4415 3262 4478 Θεὸν,
3289 4415 3382 4466 καὶ
3415 4413 3489 4475 ὡς
3537 4411 3606 4463 ἂν

342 4516 743 4583 ἀσθενέστερος
774 4515 869 4566 καὶ
895 4513 1433 4582 όλιγοχρονιώτερος,
1462 4513 1556 4564 καὶ
1591 4512 1756 4580 μέσον
1789 4513 1912 4564 106-
1950 4513 1994 4569 D
2022 4510 2179 4561 τοῦτο
2231 4510 2532 4580 εὐδοκήσῃ·
2565 4510 2689 4562 ἐπεὶ
2727 4509 2782 4562 δὲ
2827 4510 2922 4560 καὶ
2977 4510 3056 4571 εἰς
3112 4507 3181 4560 τὰ
3232 4507 3366 4559 ἄλλα
3425 4506 3601 4556 πάντα

343 4623 436 4657 του
470 4603 667 4676 ἢθελεν
697 4604 1118 4673 ἀναῤῥωσθῆναι
1159 4604 1252 4655 καὶ
1297 4602 1356 4654 16
1396 4603 1658 4671 όσπήτιον
1700 4603 1915 4654 ἐκεῖνο·

347 4698 442 4750 καὶ
470 4694 836 4756 ἀποθανόντος
871 4693 1079 4745 ἐκείνου
1111 4693 1304 4761 ἤθελεν
1337 4695 1571 4760 ὑπάγειν
1603 4696 1686 4755 εἰς
1730 4693 1920 4764 προτί-

349 4805 516 4858 μησιν
559 4786 802 4856 μεγάλην
830 4800 843 4816 ·
891 4785 985 4838 καὶ
1015 4785 1162 4853 λέγει
1198 4801 1326 4852 μοι·
1365 4787 1436 4836 Σὺ
1491 4781 1622 4855 ἧσαι
1672 4787 1766 4838 καὶ
1811 4786 1920 4837 τῶν

349 4879 633 4947 φρονίμων
677 4876 770 4930 καὶ
802 4876 911 4928 τῶν
946 4875 1180 4945 πρώτων
1220 4876 1496 4946 ἀρχόντων
1529 4876 1622 4928 τοῦ
1653 4878 1917 4947 όσπητὶου

346 4973 580 5036 ἐκείνου,
639 4971 734 5024 καὶ
786 4969 962 5032 θέλεις
1017 4967 1308 5038 γινώσκειν
1359 4969 1512 5041 [215]
1569 4972 1662 5022 καὶ
1718 4973 1797 5032 εἰς
1851 4971 1920 5023 τὰ

347 5062 573 5115 τοιαῦτα
613 5061 856 5116 καλλίω·
894 5063 1042 5130 ὅμως
1093 5064 1120 5113 ὁ
1169 5060 1300 5122 Θεὸς
1345 5061 1571 5122 δυνατὸς
1615 5060 1714 5120 ἔνι,
1752 5063 1816 5113 νά
1859 5062 1920 5114 16

349 5154 550 5224 ποιήσῃ
583 5153 672 5206 διὰ
721 5152 906 5205 καλόν.
945 5152 1054 5204 Καὶ
1109 5147 1261 5203 εἷπον
1285 5168 1299 5183 ·
1357 5150 1545 5212 Οὕτως
1577 5153 1655 5202 ἔνι
1689 5151 1760 5214 ὡς
1807 5152 1921 5222 ὀρί-

348 5241 494 5306 ζεις·
523 5245 620 5297 καὶ
640 5244 934 5314 ἀπέμεινεν
962 5246 1041 5304 εἰς
1073 5243 1298 5294 ἐκεῖνον.
1333 5240 1476 5308 Ἐγὼ
1501 5241 1556 5298 δὲ
1592 5241 1668 5304 ὡς
1707 5243 1918 5314 ἤκουσα

317 5330 527 5393 ‘10610,
559 5334 652 5386 καὶ
692 5334 775 5386 ὅτι
816 5334 848 5401 ἡ
885 5332 1022 5402 γυνὴ
1067 5330 1162 5384 τοῦ
1205 5333 1420 5402 ἀμηρᾶ,
1477 5334 1510 5402 ἡ
1554 5333 1800 5402 θυγάτηρ
1838 5333 1922 5385 δε.

350 5425 550 5476 σπι-Στου
597 5426 848 5495 Σερσίας,
879 5426 1112 5494 ἐντίμως
1159 5425 1254 5477 καὶ
1288 5425 1467 5487 καλῶς
1511 5425 1922 5494 ἐπανέστρεψεν

344 5516 426 5575 είς
451 5515 576 5578 τοὺς
603 5519 779 5584 γονεῖς
814 5517 984 5585 αὐτῆς
1005 5533 1019 5546 ·
1061 5517 1181 5569 ἐπεὶ
1214 5516 1324 5585 ἐγὼ
1357 5516 1585 5584 ἔμελλον
1619 5519 1802 5583 μεῖναι
1839 5519 1921 5579 είς

342 5607 442 5672 τὴν
491 5606 894 5676 Τραπεζοῦντα,
933 5607 1024 5662 διὰ
1069 5608 1217 5660 αἴτια
1260 5609 1432 5662 πολλά
1458 5626 1472 5642 ·
1530 5608 1830 5676 πλεὺσιμον
1863 5609 1918 5661 δὲ

342 5696 563 5769 (εὑρὼν)
621 5703 996 5773 ἀπερχόμενον
1044 5703 1126 5764 εἰς
1171 5701 1268 5772 τὴν
1321 5703 1500 5767 πόλιν,
1537 5702 1788 5755 ἔστελλον
1831 5704 1923 5754 καὶ

346 5789 514 5860 ἀλογα
561 5795 659 5848 καὶ
706 5795 892 5849 παιδία
920 5793 1034 5862 660,
1083 5795 1238 5850 ᾶτινα
1285 5795 1313 5867 6
1365 5794 1620 5865 βασιλεὺς
1683 5793 1921 5866 Ἰϐηρίας

2023 4603 2168 4655 θέλει
2203 4599 2367 4664 ἦσθεν
2399 4601 2847 4671 συμφορώτερον,
2878 4602 2970 4654 καὶ
2999 4604 3048 4654 οἱ
3075 4601 3250 4668 γονεῖς
3287 4596 3602 4666 περιχαρῶς

2022 4694 2207 4747 θέλουν
2243 4694 2489 4758 δέξεσθαι
2530 4693 2711 4756 τοῦτο,
2748 4694 2920 4745 στεῖλέ
2943 4710 3065 4744 τινα
3097 4692 3127 4760 ἢ
3159 4692 3268 4742 τῶν
3301 4688 3396 4742 τοῦ
3431 4691 3603 4757 όσπη-

2021 4789 2137 4840 τίου
2176 4787 2326 4855 σουῆ
2364 4786 2472 4838 τῶν
2514 4785 2786 4854 μοναχὼν,
2820 4785 2914 4836 καὶ
2955 4784 3029 4836 ῐδε
3084 4782 3142 4834 16
3207 4783 3334 4851 περὶ
3386 4781 3599 4845 τούτου,

2022 4883 2117 4934 καὶ
2170 4881 2335 4950 μηδὲν
2389 4879 2620 4948 γένηται
2681 4878 2957 4948 ἀναϐολὴ,
3020 4877 3155 4929 ἀλλὰ
3209 4875 3387 4946 πρᾶξε
3447 4876 3598 4928 αὐτό.

2035 4973 2452 5028 Ἀποσωθέντων
2495 4969 2586 5026 οὖν
2640 4974 2748 5024 τῶν
2794 4971 3377 5043 γραμματοκομιστῶν
3427 4972 3481 5023 ἐν
3532 4972 3599 5040 τῇ

2023 5068 2176 5120 πόλει
2211 5068 2274 5136 τῇ
2320 5071 2406 5134 κη’
2456 5066 2654 5126 Μαΐου,
2689 5063 2783 5116 τοῦ
2833 5065 2886 5116 δὲ
2925 5064 3192 5131 βασιλέως
3248 5061 3398 5135 [⁸216]
3447 5063 3601 5122 ὄντος

2024 5163 2102 5221 είς
2130 5157 2563 5227 χοιροκυνήγιον,
2596 5155 2670 5218 ὡς
2702 5155 2962 5224 ἐλαλήθη,
2997 5157 3080 5207 ὅτι
3119 5150 3285 5225 ἦλθον
3314 5155 3362 5207 οί
3394 5155 3474 5214 είς
3500 5151 3611 5220 τὴν.

2037 5251 2297 5320 ’16ηρίαν,
2333 5249 2604 5320 σχολάσας
2654 5244 2818 5319 ἦλθεν
2867 5247 3098 5310 οἴκοθεν,
3137 5248 3346 5317 χαῖρων
3387 5246 3472 5298 διὰ
3505 5244 3605 5311 τὴν

2024 5347 2122 5416 τῆς
2155 5347 2380 5417 Σερὸίας
2411 5345 2680 5406 δουλείαν,
2715 5345 2790 5405 ὡς
2839 5343 3203 5412 παρακατιὼν
3237 5345 3264 5395 6
3316 5342 3470 5407 λόγος
3509 5339 3602 5405 δη·-

2025 5439 2223 5489 λὼσει·
2259 5437 2414 5506 ἔτυχε
2446 5436 2503 5487 δέ
2533 5437 2615 5487 ὅτι
2647 5435 2750 5506 τὴν
2783 5433 3051 5502 αὐτὴνδὴ
3098 5433 3196 5500 τῆς
3243 5437 3328 5499 κη’
3357 5430 3601 5496 ἑσπέραν

2027 5529 2273 5598 φαίνεταί
2304 5545 2392 5597 μοι
2426 5527 2546 5580 καθ’
2589 5523 2818 5590 ὕπνους,
2843 5529 2924 5577 ὃτι
2954 5525 3163 5593 ἔφθασα
3201 5524 3278 5581 εἰς
3310 5521 3410 5586 τὴν
3444 5519 3601 5571 πόλιν

2027 5621 2120 5673 καὶ
2164 5621 2419 5684 πεσόντος
2470 5637 2570 5688 μου
2623 5617 2978 5671 ἀσπάσασθαι
3019 5616 3143 5674 τούς
3198 5611 3460 5681 βασιλέως
3505 5611 3606 5662 πό-

2027 5708 2144 5773 δας,
2178 5709 2279 5760 οὐκ
2330 5708 2514 5776 ἀφῆκέ
2546 5725 2659 5776 μοι,
2686 5707 2798 5759 ἀλλ’
2829 5705 3102 5758 ἐπιλαὸὼν
3128 5701 3347 5771 ἐφίλησέ
3393 5718 3484 5769 μοι
3519 5704 3603 5765 είς

2026 5801 2154 5864 τους
2177 5799 2494 5872 ὀφθαλμούς
2521 5816 2535 5831 ·
2568 5802 2661 5853 καὶ
2696 5800 2926 5864 ἔξυπνος
2957 5796 3246 5869 γενόμενος
3287 5793 3430 5862 λέγω
3471 5795 3604 5860 τοὺς
