4022 6294
353 353 483 414 105⁸1

1581 350 1676 409 CII
1691 348 2022 410 RONICON
2072 348 2339 410 MINUS.

3476 346 3611 408 1058

344 475 566 541 δέξηται.
595 471 775 534 τοῦτο,
823 470 913 524 καὶ
945 471 1004 523 rb
1044 469 1534 539 συμπεφωνημένα
1587 469 1808 539 στέρξῃ,
1837 470 1923 522 ἵνα
1957 478 1999 529 Α
2026 468 2117 519 rbv
2147 465 2350 530 τάξουν
2390 464 2591 517 κάνένα
2615 465 2816 535 χωρίον
2839 463 3259 534 ἀργυροϐούλλῳ
3295 465 3326 536 ἢ
3354 465 3434 518 ὅτι
3471 467 3614 521 θέλει

346 567 534 636 χρείας
583 563 852 633 τυχούσης
903 563 1041 631 πρὸς
1087 563 1153 615 τὰ
1201 563 1386 615 ἴδωσιν
1425 563 1506 625 είς
1551 562 1646 614 τὸν
1674 563 1924 632 ἀμηρᾶν,

347 655 424 721 εἷς
462 660 525 710 ἐκ
552 657 659 710 τῶν
689 655 782 707 δύο
827 654 1036 722 ἀπέλθῃ
1072 655 1152 716 είς
1183 656 1310 716 τοὺς
1354 656 1455 723 τῆς
1491 655 1708 728 Δύσεως
1737 655 1926 705 αὐθέν-

346 768 484 813 τας·
528 751 621 802 καὶ
676 748 868 800 τούτου
913 748 1224 812 στσδθέντος,
1258 747 1430 814 ὁρίζει
1484 748 1618 816 πρός
1673 763 1742 814 με
1796 747 1926 816 μίαν

346 844 453 896 τῶν
505 842 760 910 ἡμερῶν·
794 841 1332 910 Πρωτοϐεστιαρίτα,
1363 843 1442 902 είς
1493 840 1553 892 rb
1604 840 1930 894 ἐϐουλευσά-

353 936 513 1005 μεθα,
552 934 615 985 σὺ
651 934 827 1001 λέγεις
860 933 928 984 νά
957 933 1197 1002 ἀπέλθῃς
1223 935 1302 995 εἰς
1330 934 1422 985 rbv
1452 933 1690 1003 Μορέαν,
1731 933 1824 984 καὶ
1853 932 1927 994 ὡς

350 1028 415 1082 ἂν
442 1027 798 1097 κατορθώσῃς
831 1027 892 1078 rb
945 1028 1126 1078 ἐκεῖσε
1151 1043 1162 1056 ·
1198 1029 1402 1086 ἐκεῖνος
1436 1027 1538 1091 μὲν
1582 1028 1647 1078 νά
1699 1027 1928 1096 ἔρχηται

353 1119 606 1181 ἐνταῦθα,
634 1113 743 1181 οἷος
791 1115 918 1191 ἂνῇ
957 1119 1066 1169 τῶν
1106 1118 1355 1186 ἀδελφῶν
1403 1136 1506 1186 μου
1559 1119 1692 1171 ὀποῦ
1725 1119 1926 1189 θελήσῃ

353 1213 532 1274 τοῦτο,
567 1212 630 1264 σὺ
665 1211 721 1264 δὲ
761 1213 826 1264 νά
872 1211 1114 1282 ἀπέλθῃς
1168 1215 1247 1274 είς
1288 1212 1384 1282 τὴν
1429 1214 1677 1280 Κύπρον,
1723 1211 1802 1272 είς
1831 1214 1930 1281 τὴν

356 1303 584 1371 ἀνεψιάν
622 1320 726 1372 μου
779 1302 876 1371 τὴν
928 1303 1197 1372 ρηγίναψ
1238 1306 1331 1357 καὶ
1371 1304 1666 1374 ἡμεῖςέδῶ
1703 1303 1930 1370 θέλομεν

357 1393 671 1462 ἑτοιμάσειν
700 1393 769 1445 τά
814 1393 951 1446 εἰσὶν
1005 1393 1215 1462 χρείας,
1262 1395 1411 1448 ώσάν
1462 1393 1623 1463 ἔλθῃς
1671 1394 1778 1448 ἀπὸ
1830 1394 1931 1462 τὴν

359 1485 607 1554 Κύπρον,
641 1485 707 1536 vi
750 1485 968 1556 ὑπάγῃς
1014 1486 1096 1546 είς
1144 1485 1242 1555 τὴν
1282 1484 1548 1553 Ἰϐηρίαν,
1584 1486 1671 1536 ἵνα
1720 1483 1932 1554 ὲπάρῃς

359 1579 456 1648 τὴν
491 1578 829 1647 μελλοκυράν
871 1595 984 1631 σου.
1031 1578 1322 1647 Ἀνέφερον
1365 1576 1410 1629 δ’
1443 1577 1593 1645 αὐτῷ
1617 1593 1631 1607 ·
1671 1578 1703 1645 ἡ
1744 1576 1932 1645 ἀγάπη

2029 560 2175 626 ἔχειν
2207 561 2418 621 ἐκεῖνος
2449 561 2545 612 καὶ
2579 559 2647 612 τά
2679 558 2868 610 παιδία
2906 556 3072 610 αὑτοῦ
3101 557 3270 615 οὕτως
3299 560 3392 611 καὶ
3419 559 3614 624 οὕτως,

2030 652 2195 711 εὐθὺς
2245 651 2392 704 θέλει
2441 650 2638 703 δώσειν
2685 650 2746 702 τὸ
2795 651 3069 717 πέμπτον,
3105 651 3243 719 ὅπερ
3283 650 3423 703 θέλει
3451 647 3616 720 ἧσθεν

2030 743 2111 804 είς
2155 742 2256 810 ἐμὲ
2305 742 2468 811 βαρύ.
2502 743 2595 802 Είς
2638 741 2700 792 τὸ
2749 742 2848 809 τῆς
2893 743 3122 808 Κύπρου
3177 743 3272 793 καὶ¹
3321 743 3614 795 ἐπίστασαι

2029 833 2122 885 τὸν
2151 832 2544 903 καλόγερον,ὄς
2583 849 2672 900 μοι
2701 831 3025 902 συνετύχενε
3059 833 3156 902 τὴν
3183 834 3332 886 δεῖνα
3359 836 3613 904 ήμέρανς

2032 923 2168 977 Εῐπέ
2205 941 2295 992 μοι
2336 915 2443 977 ἀπὸ
2472 925 2572 992 τὴν
2599 925 2828 993 ἀνεψιάν
2861 943 2982 992 μου,
3011 929 3092 978 ὅτι
3121 927 3162 979 Τ
3189 927 3342 979 ίττοτε
3370 928 3482 995 ἔχει
3508 928 3617 980 τῶν

1990 1086 1998 1096 ⁸
2034 1019 2373 1084 ἀναγκαίων,
2414 1016 2550 1070 ὀποῦ
2603 1019 2816 1086 ἤθελεν,
2843 1021 2873 1089 ἢ
2928 1021 2992 1070 ἂν
3024 1015 3090 1089 ἦν
3121 1019 3229 1070 τῶν
3259 1020 3522 1080 δυνατῶν,
3553 1023 3618 1073 νά

2037 1109 2104 1178 μέ
2125 1109 2184 1167 rb
2207 1109 2394 1174 ἔλεγεν
2417 1108 2506 1161 διά
2530 1111 2800 1176 στόματος
2826 1111 3001 1178 αὐτῆς
3026 1111 3079 1179 ἦ,
3104 1111 3209 1164 κᾶν
3230 1112 3295 1162 νά
3321 1113 3381 1163 rb
3411 1113 3516 1180 ἐμή
3529 1131 3616 1164 we.

2033 1201 2118 1253 διά
2149 1200 2346 1252 πιστοῦ
2377 1201 2470 1252 καὶ
2504 1202 2776 1270 φρονίμου
2809 1201 3110 1270 ἀνθρώπου
3144 1203 3415 1273 αύτῆ;,ἂν
3437 1200 3614 1272 ,εἶχεν

2035 1295 2157 1345 ἐπεὶ
2183 1293 2330 1390 δέδτδ
2355 1293 2452 1362 μὲν
2477 1293 2579 1345 οὐκ
2605 1293 2741 1362 ἔχει,
2759 1295 2817 1345 rb
2841 1295 2895 1346 δὲ
2923 1296 3002 1347 ἕνι
3029 1296 3313 1360 ἀδύνατον,
3337 1299 3400 1349 νά
3427 1298 3618 1348 στείλω
3669 1279 3678 1284 Α

2034 1384 2146 1451 ἐγὼ
2177 1383 2269 1436 τὺῦ
2309 1385 2366 1436 δν
2410 1402 2478 1451 με
2510 1383 2652 1438 θέλει
2683 1387 2865 1454 φανῆν
2894 1388 3155 1455 ἁρμόδιον
3199 1388 3266 1441 νά
3295 1389 3355 1440 rb
3382 1389 3614 1460 ἀκούσῃ.

2035 1477 2131 1539 Τίς
2162 1474 2255 1531 οῦν
2287 1477 2422 1546 πρὸς
2452 1478 2611 1531 τοῦτο
2641 1479 3071 1549 ἁρμοδιώτερος·
3099 1483 3178 1542 είς
3209 1483 3268 1532 rb
3300 1484 3505 1549 τρίτον,
3525 1485 3618 1534 καὶ

2036 1569 2193 1622 τοῦτο
2217 1570 2378 1636 λόγου
2409 1571 2471 1622 οὐ
2499 1572 2700 1623 δεῖταιο
2722 1572 2786 1623 σὺ
2813 1571 2921 1640 γὰρ
2951 1573 3086 1625 ὀποῦ
3120 1574 3210 1625 καὶ
3239 1572 3484 1642 ἔπραξας
3524 1575 3622 1626 καὶ

331 1671 456 1722 ’καὶ
498 1671 557 1723 rb
599 1671 759 1740 χρέος
792 1669 892 1739 τῆς
940 1669 1269 1738 δουλοσύνης
1325 1687 1426 1738 μου
1477 1670 1723 1732 ἀπαιτεῖ,
1751 1669 1834 1722 ὃτι
1869 1668 1935 1720 νὰ
2039 1663 2278 1730 ἐστησας
2327 1662 2422 1714 καὶ
2475 1659 2613 1722 εἶδες
2642 1663 2702 1714 rb
2739 1666 3032 1734 πρόσωπον
3056 1666 3150 1717 καὶ
3195 1667 3488 1734 συνέτυχες
3527 1667 3622 1718 καὶ

361 1766 500 1817 εἴπω
525 1765 604 1825 είς
640 1763 731 1817 rbv
758 1763 986 1832 ὁρισμόν
1015 1780 1109 1814 σου
1133 1780 1148 1794 ο
1187 1763 1304 1833 ἀμὴ
1351 1762 1512 1815 πάλιν
1541 1763 1813 1828 φοϐοῦμαι
1846 1761 1936 1812 διά
1980 1832 1990 1833 7
2041 1752 2522 1822 ἐπληροφορήθης,
2554 1754 2671 1816 πῶς
2698 1755 2942 1822 ἠμπορεῖ
2979 1755 3039 1807 ’τὸ
3066 1756 3222 1820 τέλος
3250 1757 3348 1824 τῆς
3379 1757 3623 1819 δουλείας

360 1859 461 1926 τὴν
493 1857 686 1924 δούλην
740 1857 834 1908 καὶ
897 1832 1301 1908 συντέκνισσάν
1349 1872 1468 1916 σου,
1513 1855 1586 1924 μή
1643 1871 1774 1905 ποτε
1807 1856 1938 1919 ἀγα·
1977 1832 2020 1886 Β
2046 1846 2111 1895 νά
2134 1845 2357 1912 γένηται
2382 1843 2731 1910 παρ’ἇλλους
2763 1845 2916 1915 [99-7]
2937 1847 3223 1916 Ἀνέφερον
3252 1850 3422 1916 αὐτῷ’
3452 1850 3624 1902 Τοῦτο
3653 1871 3657 1879 ·

276 1949 280 1954 ’
364 1947 635 2016 νακτήσῃ,
671 1947 763 1997 καὶ
802 1947 834 2014 ἦ
885 1946 1096 2016 ἀπέλθῃ
1150 1947 1245 1998 καὶ
1292 1946 1520 2013 γένηται
1575 1941 1946 2011 καλογραίαῆ

363 2037 546 2104 ἀφήσῃ
582 2052 646 2103 με
676 2033 826 2104 [224]
858 2035 950 2087 καὶ
994 2035 1174 2104 ἐπάρῃ
1207 2034 1368 2087 ἄλλον
1390 2051 1405 2064 ο
1445 2033 1574 2103 χθὲς
1605 2033 1713 2102 γὰρ
1757 2029 1944 2100 ἦλθον,

362 2130 596 2199 ποιήσας
628 2132 712 2189 εἰς
739 2130 836 2198 τὴν
880 2129 1122 2197 Ἰϐηρίαν
1153 2128 1346 2196 χρόνον
1370 2130 1468 2180 καὶ
1506 2127 1682 2198 μῆνας
1714 2133 1783 2180 ια’
1807 2141 1820 2156 ·
1855 2124 1951 2177 καὶ

365 2222 531 2275 πάλιν
559 2220 623 2272 νά
655 2219 876 2273 ἀπέλθω
905 2219 1021 2285 νῦν,
1055 2220 1263 2272 δίκαιον
1291 2218 1434 2272 θέλει
1459 2220 1604 2288 ἔχειν
1635 2219 1700 2271 νὰ
1738 2219 1948 2288 ποιήσῃ

365 2307 478 2363 οἷον
511 2316 573 2364 ἐκ
613 2311 720 2365 τῶν
747 2310 841 2363 δύο
873 2313 1097 2380 ποιήσῃ.
1136 2310 1246 2362 Καὶ
1290 2311 1531 2378 γελάσας
1570 2308 1744 2377 ὁρίζει
1769 2325 1784 2340 °
1812 2310 1951 2362 ἀλλά

368 2404 492 2455 εἰπὲ
533 2402 691 2470 αὐτῇ,
719 2404 801 2454 ὅτι
857 2401 1030 2452 ταῦτα
1073 2401 1169 2453 καὶ
1227 2401 1390 2469 μόνον
1422 2401 1488 2453 τὰ
1516 2399 1758 2462 ταξείδια
1790 2398 1854 2451 νά
1890 2398 1950 2450 σὲ

372 2492 708 2561 συγχωρήσῃ
743 2489 810 2542 νὰ
839 2491 1096 2559 ποιήσῃς,
1128 2489 1221 2541 καὶ
1252 2489 1317 2542 νά
1349 2488 1446 2558 τὴν
1483 2490 1696 2557 ποιήσω
1722 2487 1947 2552 ἔνορκον

371 2584 725 2652 πρόσταγμα,
762 2581 844 2632 ὅτι
902 2579 1064 2631 πλέον
1120 2580 1187 2631 νά
1237 2579 1402 2646 μηδέν
1449 2594 1508 2630 σε
1549 2577 1825 2646 ἐνοχλήσω
1860 2576 1948 2628 διά

368 2675 614 2728 τοιοῦτόν
643 2689 729 2726 τι·
761 2674 856 2724 καὶ
904 2671 1105 2739 μᾶλλον
1133 2669 1320 2722 καὶσὺ
1354 2669 1672 2732 ἐπίστασαι,
1708 2668 1761 2719 τί
1793 2667 1948 2719 ἐνθυ-

371 2765 628 2837 μούμεθα
659 2766 756 2816 καὶ
803 2762 1112 2831 ἀμφότεροι
1146 2761 1543 2829 συντυχένομεν
1571 2763 1664 2812 καὶ
1694 2759 1950 2830 βουλευό-

369 2859 518 2929 μεθα
546 2857 804 2926 ποιῆσαι·
834 2856 926 2908 καὶ
956 2855 1118 2907 τοῦτο
1151 2853 1373 2922 βεϐαιοῦ
1401 2853 1494 2904 καὶ
1519 2852 1688 2920 χωρὶς
1719 2853 1946 2921 ἐνόρκου

365 2951 820 3022 προστάγματος,
856 2950 940 3001 ὅτι
988 2949 1056 3000 τά
1103 2947 1190 2998 διά
1244 2945 1337 2998 σοῦ
1379 2943 1837 3016 ἀποκρισιαρίκια
1884 2946 1950 2999 νά

367 3047 639 3101 παύσουν.
676 3040 784 3096 Ἦν
818 3042 864 3095 δ’
909 3043 1048 3109 ὅπερ
1092 3039 1516 3108 συνετυχένομεν
1547 3039 1642 3090 καὶ
1673 3039 1951 3092 ἐϐουλευό-

371 3140 535 3210 μεθα,
573 3139 653 3190 ὅτι
693 3135 760 3188 νά
803 3133 1016 3204 μηνύσῃ
1070 3132 1164 3185 τὸν
1199 3133 1372 3200 μέγαν
1402 3131 1604 3185 δοῦκαν
1647 3132 1741 3184 τὸν
1769 3132 1947 3185 Νοτα-

372 3232 498 3298 ρᾶν,
528 3229 612 3279 ὅτι
642 3227 702 3279 rb
740 3224 1092 3293 μεσαστίκιον
1125 3223 1282 3276 οὐδὲν
1313 3224 1555 3293 ἠμπορεϊ
1586 3224 1652 3276 νά
1685 3224 1786 3295 ἔχῃ
1810 3239 1823 3254 ·
1856 3223 1950 3274 καὶ

366 3321 524 3373 οὐδὲν
556 3318 768 3388 τυχένει
812 3317 874 3369 vd:
917 3315 1060 3386 [τῆς]
1093 3314 1150 3368 rb
1184 3317 1484 3382 ἐπάρωμεν
1515 3315 1601 3368 διὰ
1647 3316 1749 3384 τὴν
1779 3316 1948 3385 τιμήν

365 3430 461 3465 του
487 3429 501 3443 ο
540 3411 657 3480 ἀμὴ
708 3409 775 3461 νά
818 3407 879 3460 rb
917 3408 1106 3479 ἀφήσῃ
1153 3410 1380 3469 ἐκεῖνος,
1411 3407 1477 3458 νά
1529 3408 1630 3478 ἔχῃ
1673 3408 1726 3460 δὲ
1759 3408 1851 3460 καὶ
1891 3411 1951 3460 rb

366 3506 644 3574 πρωτεῖον
691 3502 791 3570 τῆς
843 3500 1090 3561 στάσεως
1142 3501 1235 3552 καὶ
1281 3500 1379 3568 τῆς
1430 3499 1648 3568 βουλῆς,
1684 3500 1781 3553 καὶ
1822 3503 1953 3571 πρό-

365 3596 532 3650 σοδόν
589 3610 710 3645 τινα
750 3593 815 3644 δι’
861 3591 1024 3645 ἄλλου
1055 3593 1262 3659 τρόπου
1286 3609 1298 3622 ·
1332 3591 1455 3642 ἐπεὶ
1491 3591 1597 3661 ἔχω
1647 3593 1836 3661 χρείαν
1882 3592 1951 3644 νά

358 3687 592 3754 ποιήσω
621 3684 886 3752 ἄρχοντας
913 3681 1026 3744 δύο,
1059 3681 1135 3742 ὡς
1161 3683 1188 3733 ὁ
1221 3681 1478 3750 βασιλεὺς
1506 3682 1534 3733 6
1566 3681 1795 3749 ἀδελφός
1821 3698 1947 3750 μου,

355 3779 482 3847 οὐχὶ
539 3773 898 3844 μεσάζοντας,
931 3771 1018 3824 ἴνα
1067 3773 1172 3824 ἀπὸ
1219 3771 1319 3842 τὴν
1371 3771 1548 3840 ἀρχὴν
1587 3771 1686 3838 τῆς
1737 3771 1952 3840 ἡμέρας

361 3868 471 3926 ὣσι
510 3870 634 3938 μετ’
668 3866 804 3936 ἐμοῦ
852 3866 1017 3936 μέχρι
1047 3865 1251 3933 πολλῆς
1297 3862 1445 3934 ὥρας
1492 3868 1593 3934 τῆς
1619 3864 1813 3926 νυκτὸς
1857 3863 1952 3915 καὶ

362 3965 463 4024 τὰς
487 3958 738 4020 δουλείας
771 3973 873 4025 μου
910 3956 1157 4024 πράττω,
1193 3957 1330 4023 ὅπερ
1363 3956 1455 4006 καὶ
1499 3954 1722 4021 ἐγένετο
1750 3969 1762 3982 ’
1793 3951 1950 4024 [925]

360 4053 463 4108 καὶ
504 4050 758 4119 ἐμηνύθη
789 4051 815 4100 6
854 4048 1032 4116 μέγας
1062 4046 1186 4112 δοὺξ
1212 4046 1300 4099 διὰ
1328 4045 1421 4098 τοῦ
1459 4045 1756 4098 συντέκνου
1785 4045 1950 4097 αὑτοῦ

359 4147 550 4215 κάμοῦ
605 4141 962 4211 ίερομονάχου
996 4141 1091 4192 καὶ
1135 4137 1512 4207 πνευματικοῦ
1544 4137 1826 4206 Νεοφύτου
1857 4137 1950 4190 r05

354 4244 437 4303 εἰς
461 4240 556 4291 τὸν
599 4237 972 4304 Χαρσιανίτην
999 4247 1012 4260 ⁸
1045 4231 1073 4284 ὃ
1106 4232 1169 4302 δὴ
1196 4233 1290 4282 καὶ
1321 4231 1595 4298 ἔστερξεν,
1625 4230 1886 4290 ἑκουσίως
1919 4229 1950 4294 ἢ

351 4333 668 4391 ἀκουσίως,
704 4330 804 4380 οὐκ
837 4321 952 4377 οἶδα
979 4342 993 4356 ·
1049 4325 1142 4376 καὶ
1181 4323 1382 4382 μᾶλλον
1414 4323 1617 4381 ἔδειξεν
1647 4323 1732 4373 ὅτι
1764 4321 1952 4372 κάκεῖ-

356 4442 449 4486 νος
519 4419 780 4472 ἐϐούλετο
845 4417 1004 4470 τοῦτο
1066 4419 1312 4482 ποιῆσαι,
1376 4416 1469 4466 καὶ
1519 4415 1604 4466 ὅτι
1665 4412 1825 4481 μόνον
1887 4410 1952 4463 νά

363 4515 577 4582 ποιήσῃ
626 4510 751 4569 τοὺς
784 4507 935 4570 υἱοὺς
983 4508 1146 4558 αὑτοῦ
1184 4508 1263 4567 είς
1315 4506 1520 4574 τιμήνο
1569 4504 1662 4556 καὶ
1697 4503 1952 4570 ἐστάθην,
1993 4533 2034 4586 Β

361 4611 410 4659 εί
457 4606 551 4657 καὶ
584 4600 739 4652 οὐδὲν
782 4599 1065 4666 ἐτελέσθη,
1095 4598 1429 4650 ἐπελθοῦσαι
1461 4598 1517 4649 αί
1562 4597 1843 4665 συμφοραὶ
1875 4597 1955 4656 είς

362 4699 583 4755 πάντας
616 4681 756 4757 ὁμοῦ
779 4708 789 4722 ·
824 4692 917 4741 καὶ
955 4692 1177 4757 ὧρισεν,
1207 4691 1288 4741 ὅτι
1322 4687 1432 4752 ἐγὼ
1477 4689 1576 4757 μὲν
1617 4688 1755 4740 θέλω
1786 4683 1953 4755 ἦσθεν

364 4793 392 4842 6
435 4786 541 4851 εἷς,
576 4786 673 4838 καὶ
701 4783 783 4835 ὅτι
827 4781 1148 4849 στοχάζεται
1185 4782 1318 4850 πρὸς
1349 4781 1440 4833 τὸν
1478 4781 1740 4850 Γουδέλην
1789 4778 1956 4830 Νικό-

364 4883 526 4940 λαον,
572 4874 667 4926 καὶ
695 4872 759 4925 ἂν
811 4871 1015 4940 ἀρεστὴ
1062 4872 1139 4922 ἔνι
1186 4873 1218 4940 ἡ
1275 4873 1595 4940 συντροφία,
1632 4871 1699 4922 νά
1730 4870 1954 4936 γένηται

364 4973 466 5025 καὶ
532 4969 697 5036 μέσον
753 4963 910 5034 ἡμῶν
969 4963 1390 5032 συμπενθέριον,
1445 4965 1472 5014 6
1523 4962 1635 5023 υἱός
1699 4979 1802 5030 μου
1859 4961 1956 5030 τὴν

363 5061 584 5116 ἐκείνου
640 5056 968 5123 θυγατέραν.
1027 5056 1137 5109 Καὶ
1198 5053 1335 5122 αὕτη
1392 5054 1490 5124 μὲν
1541 5050 1609 5125 ἦν
1642 5056 1674 5119 ἡ
1717 5054 1956 5116 δουλεία,

363 5151 505 5208 ὀποῦ
535 5147 743 5215 ὥρισεν
774 5147 856 5199 ὅτι
882 5145 1084 5217 ήθελαν
1114 5145 1344 5198 παύσειν
1373 5148 1452 5207 είς
1483 5146 1582 5215 ἐμὲ
1611 5147 1681 5198 τά
1725 5149 1959 5214 ἀποκρι-

366 5242 631 5312 σιαρίκια
658 5256 673 5271 ο
705 5239 876 5309 ὥρισέ
919 5255 1010 5308 μοι
1057 5237 1114 5289 δὲ
1153 5239 1236 5290 ὅτι
1289 5237 1530 5306 πέμψειν
1559 5237 1730 5308 ἧθελα
1761 5240 1838 5299 είς
1871 5238 1958 5290 τὸν

364 5334 600 5405 Μορέαν
651 5333 745 5384 καὶ
798 5331 904 5384 ἀπὸ
958 5328 1185 5392 τούτους
1240 5331 1383 5399 τάχα
1410 5331 1535 5393 τοὺς
1572 5331 1954 5400 γεραιτέρους,

367 5427 512 5484 ἀλλά
564 5423 709 5477 θέλω
770 5425 838 5477 νά
893 5421 1050 5476 δώσω
1110 5424 1468 5493 οἰκειόχειρόν
1533 5443 1634 5493 μου
1694 5427 1958 5478 ἀνάθεσιν

365 5522 612 5589 ἔχουσαν
649 5514 922 5582 κεφάλαια
946 5511 987 5564 ε’
1014 5530 1026 5544 σ
1062 5513 1147 5566 ἵνα
1183 5511 1332 5583 [9.9.6]
1362 5515 1492 5586 εἴπῃ
1523 5514 1581 5565 rb
1629 5514 1846 5582 πρῶτον
1879 5517 1960 5576 εἰς

2052 1935 2506 2003 ὁμολογουμένως
2535 1935 2712 1998 οὕτως
2743 1937 2878 2005 ἔχει,
2911 1940 2986 2001 ὡς
3028 1941 3255 2008 ὁρίζεις,
3291 1944 3384 1994 καὶ
3416 1959 3624 2008 συγκα-

2051 2027 2334 2080 τατίθεταί
2366 2044 2428 2080 το
2463 2029 2556 2080 καὶ
2609 2031 2640 2098 ἡ
2676 2029 2839 2100 δούλη
2875 2047 2993 2093 σου,
3035 2034 3066 2100 ἡ
3120 2034 3418 2102 σύντροᾳός
3468 2053 3573 2104 μου
3604 2077 3620 2099 ,

2053 2118 2176 2168 ἐπεὶ
2210 2119 2302 2170 καὶ
2337 2115 2398 2170 rb
2425 2119 2657 2187 πρᾶγμα
2679 2119 2836 2172 τοῦτο
2869 2122 3113 2183 ἀπαιτεῖ,
3147 2124 3242 2176 καὶ
3272 2124 3466 2176 ὅτιδιά
3498 2124 3624 2178 τού-

2051 2226 2144 2261 του
2171 2209 2314 2261 θέλει
2340 2210 2484 2277 ἔχειν
2506 2210 2597 2262 καὶ
2626 2212 2769 2279 άπερ
2816 2229 2903 2280 μοι
2939 2212 3153 2279 ἔταξας,
3193 2215 3288 2266 καὶ
3333 2217 3500 2269 τόπον
3525 2218 3623 2269 καὶ

2051 2297 2218 2368 τιμὴν
2258 2299 2350 2349 καὶ
2381 2297 2650 2367 ἀναδοχὴν
2679 2300 2850 2351 πλείω
2882 2301 2992 2352 τῶν
3021 2301 3196 2355 ἄλλων
3226 2304 3620 2373 ἀρχοντισσῶνσ

2053 2387 2198 2458 ἀμὴν
2241 2388 2317 2451 είς
2354 2391 2424 2441 τά
2458 2390 2594 2444 ἀλλα
2625 2391 2778 2443 οὐδὲν
2810 2391 3026 2462 ὴξεύρω
3064 2395 3118 2446 τί
3148 2395 3212 2448 νά
3246 2396 3304 2447 σέ
3338 2399 3621 2469 ἀναςέρω.

2052 2482 2265 2549 Καιροῦ
2291 2482 2354 2549 δὴ
2379 2481 2530 2546 ὗντος
2569 2484 2662 2536 τοῦ
2691 2483 2916 2551 ἀρίστου
2960 2486 3207 2555 ἀπῆλθον
3256 2487 3364 2552 ἐγὼ
3416 2491 3622 2548 οῐκαδε.

2065 2574 2198 2625 Ἀπὸ
2221 2575 2276 2626 δέ
2301 2572 2393 2626 τοῦ
2426 2575 2706 2643 γεύματος
2736 2577 2986 2640 ἐλθόντος
3027 2579 3122 2631 τοῦ
3163 2581 3401 2649 μεγάλου
3433 2584 3624 2646 δουκὸς

2009 2739 2014 2744 1
2052 2663 2223 2734 ὥρισε
2252 2665 2390 2734 πρὸς
2413 2665 2597 2727 αὐτὸν,
2637 2667 2738 2720 ὅσα
2767 2669 2888 2736 μετ’
2919 2668 3052 2738 ἐμοῦ
3091 2672 3222 2742 περὶ
3249 2673 3354 2723 τῶν
3394 2673 3626 2745 ἀποκρι-

2056 2757 2560 2828 σιαρικίωνῶρισε,
2597 2759 2733 2826 πρὸς
2780 2761 2839 2812 τὸ
2888 2761 2953 2813 νά
2987 2763 3228 2825 ἀπέλθω,
3281 2767 3341 2816 οὐ
3393 2765 3499 2835 μὴν
3557 2766 3627 2819 τά

2053 2849 2224 2914 αἴτια,
2257 2852 2351 2902 καὶ
2377 2851 2687 2918 προσέθηκε
2720 2852 2814 2904 καὶ
2864 2853 3047 2916 τοῦτο,
3089 2854 3170 2906 ὅτι
3226 2855 3304 2908 ἔνι
3343 2858 3439 2909 καὶ
3470 2859 3626 2925 χρεία

2052 2942 2145 2994 καὶ
2175 2943 2336 3011 ἡμεῖς
2375 2942 2444 2994 νά
2473 2944 2563 2994 τὸν
2593 2944 2955 3012 τιμήσωμεν.
2989 2947 3081 3008 Εἰς
3111 2948 3219 3015 γάρ
3245 2950 3302 3000 rb
3344 2949 3625 3021 ὀφφίκιον,

2052 3031 2185 3084 ὀποῦ
2214 3031 2347 3100 ἔχει,
2401 3033 2564 3101 χάριν
2597 3033 2746 3102 ἡμᾶς
2775 3034 2933 3086 οὐδὲν
2981 3034 3117 3106 ἔχει,
3176 3039 3224 3089 εί
3259 3037 3334 3107 μὴ
3355 3040 3446 3090 rbv
3477 3040 3630 3109 βασι-

2052 3122 2149 3174 λέα
2184 3123 2276 3175 τὸν
2295 3123 2524 3191 ἀδελφόν
2566 3142 2691 3192 μου·
2720 3125 2907 3178 λοιπὸν
2959 3128 3031 3181 ίδέ
3083 3129 3248 3181 αὑτὸν
3289 3131 3426 3201 πρὸς
3468 3134 3629 3186 τοῦτο

2058 3218 2153 3270 καὶ
2173 3217 2508 3286 ἐγρήκησον,
2535 3222 2690 3271 ποῖον
2718 3220 2829 3273 τῶν
2846 3221 3122 3288 όφφικίων
3142 3224 3207 3277 νά
3231 3225 3505 3295 ὀρέγεται,
3535 3228 3631 3280 καὶ

2059 3308 2196 3379 πρὸς
2231 3303 2290 3362 οὗ
2335 3310 2684 3380 ἀκούσωμεν.
2717 3313 2990 3383 Συνέτυχέ
3023 3333 3116 3384 μοι
3164 3313 3289 3383 οὖν,
3340 3319 3436 3373 καὶ
3474 3317 3630 3373 εἷπον

2059 3403 2197 3470 πρὸς
2223 3402 2407 3467 αὑτὸν,
2434 3405 2516 3456 ὅτι
2547 3403 2661 3472 ἐγὼ
2691 3405 2750 3457 ἐν
2781 3404 2855 3475 νῷ
2884 3402 3032 3476 εἶχον
3060 3409 3140 3461 ὅτι
3179 3410 3246 3462 νά
3283 3410 3373 3463 rbv
3407 3413 3631 3482 ζητήσω

2059 3494 2124 3547 νά
2156 3493 2222 3562 μὲ
2253 3495 2587 3567 εύεργετήσῃ
2612 3497 2866 3566 όφφίκιον
2893 3501 3296 3569 μεγαλώτερον,
3333 3502 3470 3574 πλὴν
3493 3505 3628 3574 ὅπερ

2058 3587 2219 3647 ἄλλος
2253 3586 2378 3639 οὕτε
2418 3587 2529 3657 ἔχει
2554 3589 2673 3641 ἀλλ’
2711 3590 2830 3642 οὑδέ
2862 3592 2926 3644 νά
2957 3591 3018 3643 τὸ
3057 3592 3396 3664 εὐεργετήσῃ
3428 3595 3629 3660 ζῶντός

2064 3693 2190 3745 μου,
2223 3677 2358 3730 διότι
2391 3679 2486 3729 καὶ
2516 3678 2688 3740 οὕτως
2719 3697 2810 3747 μοι
2847 3681 3102 3747 φαίνεται
3136 3687 3346 3754 πρέπον
3378 3689 3473 3740 καὶ
3497 3689 3633 3756 ἠγά-

2061 3785 2218 3828 πουν,
2270 3769 2366 3820 καὶ
2413 3769 2508 3837 ἀφ’
2547 3762 2607 3821 οὗ
2641 3770 2881 3840 μάλιστα
2930 3775 3006 3836 είς
3059 3775 3158 3844 τὴν
3210 3777 3632 3847 Τραπεζοῦνταν

2061 3860 2306 3926 ἀπῆλθον
2332 3862 2423 3914 καὶ
2452 3861 2692 3915 τοσαῦτα
2721 3865 2900 3935 ὀνείδη
2923 3867 3015 3920 καὶ
3036 3869 3374 3939 κατηγορίας
3398 3871 3630 3941 ηκουσα.

2062 3952 2178 4013 πῶς
2211 3954 2289 4012 εἰς
2314 3952 2372 4003 τὸ
2394 3953 2525 4005 αὐτὸ
2559 3956 2653 4006 καὶ
2678 3953 2739 4006 ἐν
2762 3956 3017 4024 όφιρίκιον
3039 3961 3173 4012 εἰσὶν
3199 3961 3457 4030 ἄρχοντες
3479 3961 3632 4036 [2°28]

2059 4045 2207 4109 τρεῖς
2239 4043 2495 4096 ἐνταῦθα·
2539 4046 2634 4096 καὶ
2675 4045 2757 4098 ἐτι
2813 4047 3120 4120 ἐϐεϐαιώθη
3166 4053 3194 4104 6
3231 4051 3490 4122 λογισμός
3527 4072 3629 4124 μου

2062 4135 2140 4195 είς
2169 4135 2264 4202 τὴν
2291 4136 2472 4204 ὄρεξιν
2502 4137 2570 4206 ἢν
2593 4134 2758 4207 εἶχον·
2780 4139 2968 4193 λοιπὸν
3003 4142 3066 4205 ἃς
3105 4144 3171 4212 μέ
3202 4145 3542 4218 εὐεργετήσῃ
3573 4149 3633 4200 τὸ

2061 4223 2316 4290 ὀφερίκιον
2367 4225 2459 4277 τ(ιῦ
2517 4228 2756 4296 μεγάλου
2791 4232 3207 4286 κοντοσταύλου,
3259 4234 3491 4303 Ἀπῆλθε
3538 4235 3632 4288 καὶ

2061 4319 2294 4387 ἀνέφερε
2317 4319 2492 4372 ταῦτα
2526 4321 2604 4389 τῷ
2641 4322 2874 4390 βασιλεῖ,
2921 4325 3014 4377 καὶ
3057 4326 3231 4396 ὁρίζει
3281 4328 3414 4398 πρὸς
3446 4329 3628 4380 αὐτόν·
3732 4331 3742 4339 ’

2063 4409 2259 4472 Τοῦτο,
2295 4411 2554 4481 Nor-api,
2590 4414 2710 4466 τινὰ
2751 4416 2900 4468 οὐδὲν
2934 4417 2992 4468 rb
3017 4417 3155 4470 θέλω
3201 4417 3413 4485 δώσειν,
3447 4420 3580 4472 διότι
3608 4422 3636 4473 6

2062 4502 2279 4570 πρῶτός
2316 4520 2416 4569 μου
2454 4505 2719 4572 πενθερὸς
2755 4502 2825 4575 ἦν
2867 4508 3041 4575 μέγας
3093 4508 3509 4571 κοντὸσταυλος,
3543 4527 3636 4578 γε-

2061 4593 2232 4659 γονὼς
2256 4593 2410 4662 παρά
2441 4594 2532 4645 τοῦ
2567 4595 2822 4657 αύθεντὸς
2857 4614 2955 4665 μου
2985 4599 3076 4650 ’τοῦ
3108 4598 3372 4667 βασιλέως
3406 4599 3500 4651 τοῦ
3534 4619 3636 4652 πα-

2059 4686 2187 4753 τρός
2220 4704 2321 4755 μου
2347 4689 2428 4747 εἰς
2462 4689 2522 4738 rb
2559 4687 2871 4756 Ἒξαμίλιον
2901 4705 2915 4719 ·
2967 4691 3084 4760 άμὴ
3117 4691 3183 4742 νά
3229 4690 3318 4742 rbv
3350 4689 3504 4744 δώσω
3535 4710 3635 4761 με-

2060 4779 2265 4844 γαλώτε
2276 4797 2367 4847 ρον
2393 4780 2606 4843 τούτου,
2640 4782 2724 4832 ἵνα
2759 4781 2850 4834 τὸν
2873 4784 3080 4852 ποιήσοι
3116 4781 3288 4850 μέγαν
3317 4783 3633 4852 λογοθέτην,

2058 4872 2195 4939 ὅπερ
2229 4870 2305 4921 ἔνι
2328 4871 2583 4938 ὀρφὲκιον
2609 4875 2872 4943 τέταρτον
2901 4874 2996 4925 καὶ
3029 4874 3086 4926 rb
3113 4873 3207 4926 τοῦ
3241 4877 3479 4943 μεγάλου
3513 4893 3636 4929 κον-

2060 4965 2358 5015 τοσταύλου
2391 4964 2470 5016 ἔνι
2525 4965 2776 5034 ἕϐδομον.
2835 4968 3000 5032 Λέγει
3051 4966 3200 5035 αὐτῷ
3226 4972 3252 5020 ὁ
3289 4970 3460 5037 μέγας
3489 4970 3634 5034 δοὺξ.

2062 5057 2170 5107 Καὶ
2197 5055 2249 5105 τί
2276 5056 2341 5108 νά
2366 5058 2590 5123 γένηται
2631 5057 2766 5124 μετά
2799 5058 3163 5126 Παλαιολόγον
3197 5061 3284 5112 rbv
3310 5062 3633 5130 Μετοχίταν,

2060 5147 2193 5201 ὀποῦ
2223 5149 2480 5216 ἐποίησεν
2510 5149 2566 5218 (ἡ
2623 5149 2873 5217 βασιλεία
2933 5149 3048 5220 σου)
3086 5151 3176 5202 τὶν
3217 5151 3334 5203 υἱὸν
3367 5151 3460 5203 τοῦ
3495 5153 3636 5204 Καν-

2059 5239 2404 5306 τακουζηνοῦ
2438 5241 2663 5311 ζητήσει
2695 5239 2790 5292 τοῦ
2829 5240 3093 5294 δεσπότου
3142 5242 3233 5295 τοῦ
3279 5241 3505 5310 ἀδελφοῦ
3540 5260 3633 5295 σου

2059 5331 2145 5385 διὰ
2175 5333 2275 5404 τὴν
2331 5335 2654 5399 συγγένειαν
2683 5337 2782 5403 τῆς
2837 5335 3222 5405 συγγαμϐρίας
3275 5336 3368 5387 καὶ
3427 5335 3515 5387 διά
3545 5333 3635 5387 τὸν

2063 5423 2230 5475 αὑτοῦ
2267 5425 2479 5494 πατέρα
2521 5424 3010 5495 πρωτοστράτορα,
3044 5428 3136 5479 καὶ
3193 5427 3399 5486 ἐκεῖνος
3433 5425 3636 5492 ὑπάγει

2061 5517 2124 5569 νά
2155 5518 2300 5587 δώσῃ
2328 5517 2426 5587 τὴν
2479 5517 2660 5586 ψυχήν
2690 5534 2785 5569 του
2841 5518 2934 5569 τὸν
2987 5516 3256 5578 διάϐολον,
3291 5513 3358 5566 ἂν
3415 5516 3512 5567 καὶ
3541 5515 3639 5569 νῦν

370 5604 740 5675 συμϐίϐασιν,
775 5605 822 5656 εἰ
853 5605 899 5657 δ’
933 5605 1047 5668 οῦν,
1075 5603 1136 5656 τὸ
1159 5604 1410 5672 δεύτερον
1444 5605 1474 5672 ἢ
1507 5606 1568 5655 rb
1603 5606 1787 5674 τρίτον
1828 5605 1859 5666 ἢ
1902 5605 1961 5656 rb
2066 5611 2300 5678 ποιήσῃς
2332 5611 2440 5661 καὶ·
2471 5609 2561 5660 rbv
2596 5607 2883 5678 Φραντζῆν
2929 5607 3105 5676 μέγαν
3147 5605 3466 5674 λογοθέτην,
3499 5607 3638 5663 ὀποῦ

372 5693 714 5765 τέταρτονῆ
763 5694 822 5760 ἐξ
879 5695 1125 5764 ἀνάγκης
1171 5695 1230 5746 rb
1275 5696 1564 5763 πέμπτον·
1613 5695 1705 5746 καὶ
1753 5693 1961 5758 δοξάζω
2064 5699 2141 5750 ἔνι
2177 5702 2268 5750 καὶ
2321 5699 2452 5749 αὐτὸ
2485 5695 2700 5765 πρῶτον
2751 5697 2860 5750 ἀπὸ
2891 5695 2953 5747 rb
2985 5693 3079 5746 τοῦ
3116 5691 3353 5760 μεγάλου
3410 5708 3642 5760 στρατο-

371 5793 476 5860 Erl,
514 5782 630 5841 οἷον
661 5784 968 5840 ἀποστείλω
1005 5785 1132 5840 ἄνευ
1165 5785 1280 5851 σοῦ,
1309 5786 1451 5839 θέλει
1486 5787 1738 5855 ὑπάγειν,
1775 5787 1867 5838 καὶ
1896 5788 1960 5839 νά
2067 5789 2333 5858 tabam-tr
2366 5787 2417 5838 τε
2450 5788 2594 5839 θέλει
2629 5787 2835 5857 γενῆν;
2889 5784 3033 5854 ’Λμὴ
3063 5783 3150 5846 δὺς
3179 5781 3328 5852 αὐτῷ
3363 5781 3424 5836 rb
3468 5784 3646 5857 μέγα.
