4022 6294
332 390 463 453 1061

1547 398 1988 461 CHRONICON
2035 397 2306 463 MINUS.

3443 391 3581 460 1662

325 519 420 564 τος
458 497 567 566 τοῖς
596 502 901 575 δημάρχοις
932 505 1174 576 ἔγραψεν
1226 497 1308 572 εἷς
1340 510 1576 575 ἕκαστος
1613 511 1764 584 [2H]
1804 513 1906 585 τὴν
1938 517 1985 574 Α
2017 516 2223 585 σπότην
2254 512 2535 581 Γεὼργιον
2567 506 2896 570 ἀποσταλεὶς
2918 507 3102 576 ἄρχων
3131 507 3224 561 τοῦ
3253 507 3445 577 ἀμητη
3489 506 3581 559 ἵνα

325 595 645 664 δημαρχίαν
694 597 862 649 αὑτοῦ
914 599 1183 666 ἀκριϐῶς,
1228 602 1358 665 τοὺς
1406 604 1747 682 δυναμένους
1778 623 1908 659 στα-

329 688 492 756 θῆναι
521 690 581 740 ’ὲν
609 688 686 757 τῷ
716 691 853 741 κάστ
867 706 943 759 ρῳ
974 694 1272 761 κοσμικούς
1303 699 1398 747 καὶ
1426 696 1780 765 καλογέρους,
1812 699 1909 751 καὶ

325 779 380 832 τί
410 781 505 832 καὶ
537 781 588 833 τί
615 781 766 850 άρμα
795 781 932 851 πρὸς
958 783 1174 850 ἄμυναν
1206 787 1272 838 νά
1301 785 1398 856 ἔχῃ
1439 782 1520 849 είς
1551 788 1786 852 ἕκαστος
1812 792 1912 844 αὐ-

325 871 458 934 τῶν,
490 874 582 926 καὶ
622 875 890 944 φέροντες
930 873 1009 938 εἷς
1067 877 1298 940 ἕκαστος
1350 880 1459 932 τῶν
1489 881 1786 951 δημάρχων
1819 881 1908 936 δέ-

327 966 468 1019 δωκε
501 965 559 1018 τὸ
590 969 922 1036 κατάστιχον
952 969 1052 1036 τῆς
1095 969 1260 1023 αὐτοῦ
1292 973 1602 1042 δημαρχίας
1632 973 1710 1042 τῷ
1747 973 1907 1043 βασι-

327 1058 430 1110 λεῖ’
480 1056 605 1112 εἶτα
641 1062 816 1130 ὁρίζει
849 1062 986 1133 πρὸς
1014 1062 1137 1131 ὲμὲ⁶
1169 1062 1314 1132 Αὕτη
1345 1066 1376 1132 ἡ
1433 1065 1649 1118 δουλεία
1674 1068 1809 1136 πρὸς
1848 1067 1907 1120 σὲ

327 1151 509 1219 ἀφορᾷ
539 1156 634 1204 καὶ
661 1154 720 1204 οὐ
755 1154 893 1220 πρὸς
925 1154 1087 1207 ἄλλον
1110 1158 1232 1207 τινά
1266 1155 1353 1207 διά
1384 1156 1444 1208 τὸ
1481 1157 1813 1210 ἐπίστασθαί
1847 1175 1904 1210 σε

327 1243 423 1294 καὶ
454 1243 637 1305 καλῶς
671 1243 929 1314 ἀριθμεῖν
960 1247 1054 1298 καὶ
1084 1246 1265 1309 καλῶς
1304 1248 1606 1314 φυλάσσειν
1641 1252 1707 1303 τὰ
1738 1250 1907 1317 φυλα-

327 1335 432 1404 κῆς
463 1335 696 1403 δεόμενα
726 1337 821 1389 καὶ
851 1339 1168 1407 ἀπόκρυφα·
1206 1341 1302 1391 καὶ
1345 1341 1478 1392 λάϐε
1503 1341 1572 1392 τά
1600 1345 1906 1413 κατάστιχα

326 1430 423 1481 καὶ
457 1430 686 1489 καθίσας
709 1431 790 1490 εἰς
810 1430 871 1481 τὺ
901 1431 1164 1500 ὀσπήτιόν
1195 1447 1288 1483 σου
1307 1432 1601 1500 λογάριασε
1637 1436 1903 1503 ἀκριϐῶς,

324 1523 488 1573 πόσοι
515 1523 654 1575 εἰσὶν
677 1522 978 1591 ἄνθρωποι,
1014 1524 1106 1576 καὶ
1155 1525 1300 1578 πόσα
1342 1525 1583 1595 ἅρματα,
1613 1528 1707 1578 καὶ
1761 1531 1902 1581 πόσα

324 1615 613 1682 κοντάρια,
641 1615 732 1666 καὶ
763 1614 904 1667 πόσα
947 1617 1247 1684 σκουτάρια
1271 1655 1286 1679 ,
1334 1619 1430 1670 καὶ
1470 1618 1614 1670 πόσα
1651 1619 1902 1689 τοξάρια,

322 1707 425 1758 καὶ
453 1705 743 1770 ἐκτελέσας
766 1708 857 1758 τὸν
886 1708 1119 1776 ὁρισμὸν
1159 1707 1326 1760 αὐτοῦ
1359 1711 1544 1778 φέρων
1587 1710 1797 1763 δέδωκα
1828 1713 1905 1780 τῷ

321 1796 562 1868 αὐθέντῃ
591 1814 694 1866 μου
722 1798 811 1850 καὶ
846 1797 1062 1867 βασιλεῖ
1087 1800 1148 1851 τὺ
1188 1802 1514 1870 κατάστιχον
1545 1803 1682 1871 μετὰ
1725 1803 1901 1872 λύπης

2011 607 2238 674 γένηται
2279 607 2444 675 μέσος
2475 605 2556 665 εἰς
2583 601 2805 667 ἀγάπην
2833 599 2973 668 μετά
3016 599 3124 652 τῶν
3153 595 3484 666 Οὐγγαρῶν,
3515 593 3582 660 ἦν

2011 696 2434 765 ἀνατεθειμένος
2459 696 2487 747 6
2531 693 2672 761 μετά
2720 693 2814 744 106
2847 691 3255 760 άποκρισαρῖου
3287 690 3380 742 τοῦ
3407 689 3582 756 ἀπερ-

2010 789 2247 858 χομένου
2329 785 2726 858 γραμματικοῦ
2783 786 3109 856 Χριίστιανδς
3184 781 3338 847 παρά
3419 798 3580 832 τινων

2011 882 2276 953 Τούρκων
2301 881 2412 934 τῶν
2437 881 2536 949 τῆς
2573 880 2792 951 βουλῆς,
2829 879 2913 931 ἵνα
2947 879 3076 948 είπῃ
3105 876 3181 944 τῷ
3218 874 3456 943 δεσπότῃ
3485 873 3582 924 καὶ

2011 976 2214 1044 ποιήσῃ
2245 975 2449 1042 τρόπον
2484 972 2749 1038 ἀναϐολῆς
2781 973 2859 1034 εἰς
2916 969 3015 1037 τὴν
3059 969 3302 1034 ἀγάπην,
3353 966 3458 1026 ὅτι,
3515 964 3580 1015 ἂν

2009 1068 2236 1133 γένηται
2260 1066 2293 1136 ή
2330 1066 2467 1134 μετά
2496 1058 2605 1115 τῶν
2629 1062 2935 1131 Οὐγγαρῶν
2958 1061 3168 1128 ἀγάπη,
3193 1059 3355 1119 εὐθὺς
3375 1056 3580 1119 ὑπάγει

2008 1160 2036 1212 6
2092 1159 2315 1226 ἀμηρᾶς
2382 1157 2524 1210 κατά
2602 1157 2698 1222 τῆς
2768 1152 3435 1213 Κωνσταντινουπόλεως·
3483 1147 3579 1200 καὶ

2008 1251 2214 1308 ἐκεῖνος
2241 1249 2400 1309 λόγον
2418 1249 2517 1300 οὐκ
2541 1249 2697 1315 ὲποιή
2710 1265 2861 1306 σατο,
2896 1248 2994 1298 οὐκ
3020 1246 3220 1306 εἰδότος
3251 1244 3347 1296 τοῦ
3369 1243 3580 1304 ἀθλίου,

2009 1342 2111 1401 ὃτι,
2149 1342 2414 1424 ἂνωτκυχδν
2431 1342 2709 1412 ἀφαιρεθῇ
2743 1340 2958 1411 κεφαλὴ
3000 1339 3273 1409 σώματος,
3309 1339 3377 1391 τὰ
3441 1337 3580 1408 μέλη
3623 1372 3629 1386 .

2008 1435 2117 1487 εἰσὶ
2135 1411 2310 1502 νεκῇτά

2082 1528 2175 1590 Εἰς
2205 1527 2304 1598 τὴν
2335 1527 2588 1580 Βενετίαν
2622 1528 2719 1580 καὶ
2750 1527 2943 1596 βουλῆς
2996 1526 3297 1598 γενομένης
3330 1525 3578 1594 μεγάλης

2006 1622 2239 1690 ἀντέστη
2301 1621 2328 1673 6
2386 1622 2508 1686 δούξ
2566 1621 2949 1688 Φραντζέσκος
3000 1619 3310 1688 Φούσκαρις
3358 1619 3419 1671 οὐ
3459 1622 3574 1669 κατ’

2005 1713 2269 1779 ἄγνοιαν·
2339 1713 2435 1766 καὶ
2489 1713 2596 1781 γὰρ
2628 1714 2720 1766 καὶ
2760 1713 2786 1762 6
2831 1713 3088 1780 βασιλεὺς
3141 1716 3248 1779 κὺρ
3317 1710 3574 1777 Ἰωάννης

2007 1804 2172 1874 ῶρισέ
2234 1823 2362 1872 μας·
2402 1806 2536 1858 ἀλλά
2589 1807 2682 1858 καὶ
2728 1804 2882 1878 [5⁸24]
2937 1805 3174 1860 ἄλλοιοί
3219 1805 3423 1866 ἰδόντες
3480 1801 3576 1855 καὶ

322 1889 422 1941 καὶ
454 1887 915 1958 σκυθρωπότητος
961 1891 1041 1942 ὅτι
1082 1890 1289 1960 πολλῆς
1325 1893 1420 1945 καὶ
1440 1870 1622 1960 ἔμεινε
1659 1894 1817 1961 μόνον
1843 1870 1899 1946 έν
1933 1870 1974 1928 Β
2005 1870 2368 1964 ὁμιλήσαντες
2402 1896 2564 1949 αὐτὸν
2587 1870 2782 1964 (εἷπον)
2817 1870 2896 1948 ὅτι
2923 1891 3335 1963 φρονιμώτερον
3369 1891 3577 1959 ἀνθρω⁹

320 1979 685 2050 ἀποκρύφῳή
717 1981 954 2049 ποσότης
984 1982 1064 2043 εἰς
1087 1982 1294 2034 ἐκεῖνον
1331 1983 1423 2034 καὶ
1449 1983 1571 2050 ἐμέ,
1608 1981 1756 2053 [288]
1790 1984 1901 2036 Καὶ

321 2075 393 2141 τῇ
423 2073 504 2124 κθ¹
529 2073 709 2126 Μαΐου
730 2073 930 2143 ἡμέρᾳ,
951 2070 1000 2139 γ’
1029 2071 1148 2141 ὥρᾳ
1165 2073 1264 2142 τῆς
1287 2073 1500 2142 ἡμέρας
1523 2076 1686 2145 ἀρχῇ,
1715 2077 1899 2145 ἀπῆρε

319 2164 424 2234 τὴν
454 2164 610 2216 πόλιν
644 2165 670 2215 6
697 2164 944 2233 ἀμηρᾶς,
998 2164 1058 2215 ἐν
1157 2161 1277 2234 ὥρᾳ
1307 2164 1400 2216 καὶ
1441 2164 1639 2217 ἁλώσει
1670 2167 1768 2234 τῆς
1806 2168 1903 2220 πό-

318 2260 466 2313 λεως
490 2258 584 2311 καὶ
614 2260 642 2311 6
671 2259 989 2328 μακαρίτης
1019 2257 1287 2327 αὐθέντης
1339 2275 1441 2327 μου
1499 2260 1592 2312 καὶ
1643 2259 1900 2328 βασιλεὺς

319 2352 434 2420 κὺρ
465 2347 879 2412 Κῶνσταντῖνος
929 2350 1226 2411 σκοτωθεὶς
1274 2351 1547 2405 ἀπέθανεν
1593 2353 1729 2420 ἐμοῦ
1764 2354 1900 2420 πλη-

323 2442 445 2494 σίον
473 2442 638 2494 αὐτοῦ
663 2442 759 2512 οὐχ
782 2443 1097 2512 εὑρεθέντος
1120 2445 1186 2511 τῇ
1215 2443 1334 2513 ὥρᾳ
1352 2443 1564 2514 ἐκείνῃ,
1582 2446 1717 2497 ἀλλὰ
1737 2462 1902 2514 προσ-

317 2534 476 2600 τάξει
508 2535 718 2586 ὲκείνου
755 2537 835 2598 εἰς
867 2535 1158 2604 ἐπίσκεψιν
1206 2537 1368 2604 δῆθεν
1397 2537 1556 2590 ἄλλου
1584 2541 1782 2607 μέρους
1802 2539 1902 2608 τῆς

319 2623 559 2688 πόλεως’
595 2625 673 2679 ἰοὺ
700 2626 779 2677 ἰοὺ
796 2626 997 2694 κάμοὶ,
1029 2627 1128 2694 τῆς
1149 2627 1408 2695 προνοίας
1442 2628 1539 2678 οὐκ
1559 2623 1656 2680 οἷδ’
1679 2630 1758 2690 είς
1781 2629 1900 2680 τίνα

320 2734 394 2785 με
421 2717 618 2786 καιρὸν
650 2717 1054 2787 φυλαττούσηςί
1099 2715 1208 2770 Ἦν
1235 2717 1292 2770 δὲ
1329 2719 1359 2786 ἡ
1398 2720 1548 2771 πᾶσα
1589 2718 1701 2786 ζωὴ
1731 2719 1898 2772 αὐτοῦ

314 2810 383 2882 δὴ
416 2810 513 2862 τοῦ
559 2810 870 2880 μακαρίτου
927 2809 1194 2879 βασιλέως
1240 2811 1336 2863 καὶ
1393 2811 1672 2880 μάρτυρος
1716 2812 1900 2880 χρόνοι

314 2901 413 2971 μθ¹
441 2901 540 2954 καὶ
573 2901 744 2969 μῆνες
772 2899 820 2968 γ’
851 2901 946 2953 καὶ
976 2901 1180 2970 ἡμέραι
1215 2908 1286 2969 η’,
1324 2903 1416 2968 ἀφ’
1446 2895 1520 2956 ὧν
1548 2899 1616 2972 ἦν
1643 2904 1898 2973 βασιλεὺς

309 2995 557 3064 χρόνους
585 2994 649 3058 δ’,
689 2994 867 3064 μῆνας
913 2990 955 3044 δ’
988 2993 1081 3046 καὶ
1132 2993 1349 3063 ἡμέρας
1381 2993 1480 3058 κδ’,
1529 2995 1713 3062 ὄγδοος
1743 2996 1899 3064 βασι-

306 3090 439 3152 λεὺς
477 3086 574 3140 106
616 3087 807 3155 γένους
835 3087 1000 3140 αὐτοῦ
1032 3087 1140 3139 τῶν
1173 3087 1562 3156 Παλαιολόγων
1594 3091 1857 3161 ὑπάρχων
1879 3109 1894 3123 ·

2003 2001 2107 2036 πον
2138 1988 2218 2046 είς
2251 1987 2353 2044 τὴν
2393 1987 2626 2039 Ἰταλίαν
2650 1988 2748 2039 οὐκ
2773 1983 2913 2037 εἶδον
2936 2001 2950 2015 ο
2979 1984 3117 2036 ἀλλὰ
3140 1983 3231 2036 διὰ
3259 1983 3460 2034 κακίαν
3478 1982 3579 2034 καὶ

2005 2077 2200 2148 φθόνον
2220 2095 2233 2108 ·
2268 2080 2367 2132 οὐκ
2390 2074 2500 2132 οἵδε
2525 2079 2633 2150 γάρ
2659 2079 2687 2130 6
2723 2079 2918 2147 φθόνος
2960 2078 3239 2147 προτιμᾷν
3272 2070 3332 2129 16
3364 2074 3578 2144 συμφέ-

2006 2188 2137 2244 ρον*
2197 2169 2265 2244 ἦν
2299 2172 2355 2225 δὲ
2405 2174 2467 2225 τδ
2531 2173 2704 2226 αἰτιον
2751 2171 2912 2224 τοῦτο
2960 2170 3053 2223 τοῦ
3102 2170 3346 2222 Ἀλοῖσου
3392 2170 3574 2222 Διέδου

2003 2267 2215 2318 ἐκείνου
2245 2266 2414 2334 μέσου
2450 2267 2762 2333 γεγονότος,
2795 2267 2881 2318 ἵνα
2906 2267 2934 2318 6
2968 2265 3280 2334 μακαρίτης
3306 2262 3576 2331 αὐθέντης

2007 2376 2112 2426 μου
2150 2359 2254 2427 κὺρ
2286 2361 2692 2418 Κωνσταντίνος
2717 2357 2984 2426 δεσπότης
3006 2355 3080 2409 ὢν
3109 2358 3201 2409 καὶ
3235 2358 3314 2417 εἰς
3345 2355 3434 2408 τὸν
3462 2356 3574 2408 Μο-

2006 2449 2138 2518 ρέαν
2169 2449 2438 2517 αὐθέντης
2470 2448 2888 2518 εὑρισκόμενος,
2921 2447 3109 2518 ἐπάρῃ
3169 2447 3247 2506 εἰς
3305 2446 3575 2513 γυναῖκαν

2004 2542 2168 2596 αὐτοῦ
2188 2543 2250 2611 δὴ
2281 2542 2376 2594 τοῦ
2403 2541 2596 2605 δουκδς
2625 2543 2725 2612 τὴν
2760 2540 3074 2610 θυγατέρα-δ
3116 2545 3210 2593 καὶ
3257 2539 3396 2610 μετὰ
3442 2539 3574 2590 πολ-

2000 2633 2098 2704 λῆς
2120 2637 2368 2705 προικός.
2413 2636 2474 2689 Ὀ
2505 2635 2770 2705 αὐθέντης
2791 2652 2894 2706 μου
2915 2631 3009 2688 οὖν
3025 2635 3100 2687 ὀὐ
3130 2634 3217 2686 διά
3239 2633 3416 2695 10610,
3437 2632 3574 2686 ἀλλὰ

2003 2728 2091 2780 διὰ
2116 2729 2175 2779 τὸ
2198 2727 2456 2794 γενέσθαι
2499 2729 2663 2780 οἱονεὶ
2692 2729 2783 2781 καὶ
2814 2727 2978 2789 αὐτὸς
3023 2728 3120 2778 καὶ
3151 2727 3178 2779 6
3208 2725 3370 2787 τόπος
3406 2723 3571 2777 αὐτοῦ

2005 2819 2143 2890 μετά
2165 2818 2264 2887 τῆς
2295 2817 2549 2880 Βενετίας
2590 2819 2671 2882 ἓν,
2739 2817 3157 2872 συνεκατέὸαινε
3215 2815 3276 2868 τὸ
3325 2815 3571 2868 τοιοῦτον

2005 2915 2424 2985 συμπενθέριον,
2463 2913 2596 2980 ἐμοῦ
2634 2911 2795 2965 πλέον
2823 2911 2932 2963 τῶν
2963 2910 3138 2964 ἄλλων
3194 2907 3572 2970 συναινοῦντος

1998 3007 2158 3061 τοῦτο
2185 3007 2279 3060 καλ¹
2311 3005 2721 3074 ἀναγκάζοντος
2743 3020 2756 3034 ·
2792 3004 2886 3058 καὶ
2913 3003 3024 3056 ἰδοὺ
3059 2997 3127 3070 ἦν
3181 3000 3274 3053 ἵνα
3305 3003 3561 3068 γένηται.

2011 3100 2099 3163 Ὠς
2132 3101 2189 3153 δὲ
2221 3099 2480 3170 βασιλεὺς
2513 3099 2762 3166 ἐγεγόνει
2802 3097 2896 3151 καὶ
2918 3099 2998 3158 εἰς
3020 3097 3119 3168 τὴν
3147 3095 3302 3149 πόλιν
3327 3094 3566 3163 ἀπῆλθε,

300 3185 330 3235 ό
359 3182 484 3252 γὰρ
509 3181 728 3251 πρῶτος
755 3176 822 3251 ἦν
851 3179 1072 3249 Μιχαήλ
1093 3197 1104 3210 ·
1136 3181 1163 3232 6
1197 3180 1451 3248 δεύτερος
1512 3181 1850 3252 Ἀνδρόνικος
1879 3199 1892 3213 ⁸
1925 3200 1969 3260 c
2004 3187 2164 3241 10610
2190 3176 2263 3258 ἦν
2290 3189 2453 3242 πάλιν
2486 3190 2761 3242 ἀνοίκειον
2787 3203 2803 3218 ·
2835 3187 2920 3251 τίς
2949 3188 3061 3258 γὰρ
3095 3185 3203 3239 τῶν
3227 3187 3326 3255 τῆς
3359 3186 3571 3248 πόλεως

305 3279 335 3330 6
363 3274 562 3344 τρίτος
595 3273 840 3343 Μιχαὴλ·
879 3275 906 3326 6
960 3274 1220 3340 τέταρτος
1279 3273 1622 3343 Ἀνδρόνικος
1647 3292 1662 3305 ο
1690 3279 1717 3328 6
1751 3275 1898 3342 πέμ-

307 3386 447 3432 πτος
517 3366 798 3432 Ἰωάννης·
836 3366 862 3417 6
891 3364 1047 3427 ἕκτος
1077 3365 1356 3434 Μανουήλ·
1391 3365 1418 3416 6
1441 3364 1672 3434 ἕϐδομος
1716 3367 1899 3421 Ἰωάν-

311 3479 436 3531 νης,
474 3459 574 3513 καὶ
605 3461 631 3511 6
664 3457 850 3525 ὄγδοος
890 3459 1322 3532 Κωνσταντῖνος.
1350 3453 1556 3528 ἾΙρχον
1589 3460 1646 3512 δὲ
1680 3460 1774 3513 καὶ
1803 3461 1898 3530 βα-

309 3554 523 3606 σίλειον
555 3549 761 3616 ταύτην
800 3549 864 3618 δὴ
919 3549 1018 3618 τὴν
1063 3550 1646 3624 Κωνσταντινούπολιν
1680 3552 1741 3604 τὸ
1771 3554 1896 3606 τού-

307 3663 421 3699 των
452 3644 620 3711 γένος
653 3641 763 3694 τῶν
799 3641 1184 3708 Παλαιολόγων
1229 3643 1455 3712 χρόνους
1487 3644 1682 3696 ἑκατὸν
1715 3645 1898 3714 ἐνενή-

307 3749 480 3786 κοντα
501 3730 782 3798 τέσσαρας
799 3730 894 3781 καὶ
925 3729 1104 3798 μῆνας
1147 3731 1278 3784 δέκα
1309 3732 1404 3785 καὶ
1452 3733 1667 3802 ἡμέρας
1715 3734 1758 3785 δ’
1792 3751 1805 3765 ·
1833 3735 1898 3786 ἀ-

305 3825 438 3887 λούς
463 3817 570 3876 οὖν
627 3819 738 3890 ἐγὼ
787 3821 880 3873 καὶ
937 3822 1116 3874 πάντα
1148 3823 1214 3874 τά
1249 3822 1449 3892 δυχερῆ
1482 3824 1576 3875 καί¹
1622 3826 1768 3876 κακά
1798 3825 1897 3894 τῆς

307 3913 706 3986 αἰχμαλωσίας
753 3913 1074 3981 ὐπενεγκὼν
1115 3916 1142 3967 6
1175 3913 1380 3980 ἄθλιος,
1414 3914 1572 3977 τέλος
1627 3915 1894 3984 ἐξαγορα-

305 4012 484 4072 σθείς.

1015 4097 1142 4153 υνδ’.

381 4193 540 4270 [509]
568 4195 648 4264 Τῇ
672 4198 721 4246 α’
750 4191 1084 4260 Σεπτεόρίου
1113 4190 1206 4246 106
1248 4189 1326 4263 ξβ⁹
1358 4193 1513 4258 ἔτους
1537 4193 1618 4256 εἰς
1652 4194 1743 4247 τὸν
1769 4195 1894 4249 Μυ-

306 4291 524 4361 ζηθρᾶν
556 4288 842 4352 ἀπέσωσα,
863 4289 959 4356 τῆς
987 4287 1248 4355 γυναικός
1275 4303 1379 4355 μου
1412 4287 1506 4340 καὶ
1539 4287 1646 4340 τῶν
1664 4287 1892 4340 παιδίων

313 4403 418 4455 μου
455 4381 562 4435 ὑπὸ
590 4381 864 4450 γερόντων
899 4379 992 4430 καὶ
1026 4378 1211 4432 καλῶν
1257 4378 1517 4448 Τούρκων
1546 4379 1889 4443 ἁλωθέντων,

306 4478 401 4530 καὶ
426 4473 562 4544 παρ’
598 4473 778 4525 αὐτῶν
803 4471 963 4526 πάλιν
1001 4471 1317 4541 πραθέντων
1342 4473 1421 4535 εἰς
1439 4471 1530 4523 τὸν
1559 4471 1654 4524 τοῦ
1671 4472 1891 4542 Ἀμηρᾶ

2002 3282 2283 3352 ἀρχόντων
2316 3281 2347 3351 ἢ
2377 3281 2750 3352 ἀρχοντισσῶν
2771 3281 2968 3349 κυρίαν
2997 3280 3090 3332 καὶ
3123 3278 3416 3332 δέσποιναν
3468 3295 3570 3330 κα-

1999 3373 2256 3438 τεδέξατο
2291 3372 2579 3426 Βενετικοῢ
2635 3373 2968 3444 θυγατέροιν,
3031 3371 3242 3435 ἐνδόξου
3289 3372 3389 3439 μὲν
3440 3369 3568 3432 ἴσως

1997 3462 2096 3517 καί¹
2131 3464 2344 3527 δουκδς,
2381 3464 2518 3516 άλλά
2559 3463 2952 3534 προσκαίρως;
3011 3463 3041 3530 ἢ
3100 3461 3226 3521 τοὺς
3282 3459 3568 3528 γαμόρούς

1997 3557 2122 3618 τοὺς
2157 3556 2350 3617 ἄλλους
2378 3555 2544 3608 αὐτοῦ
2571 3555 2646 3618 ὡς
2707 3555 3102 3623 συγγάμὸρους
3135 3554 3168 3622 ἦ
3224 3554 3354 3616 τοὺς
3416 3553 3569 3616 υἱοὺς

1997 3650 2072 3710 ὡς
2106 3650 2572 3716 γυναικαδέλφους
2629 3649 2725 3701 106
2777 3641 3070 3715 βασιλέως;
3129 3646 3332 3699 Λοιπὶν
3373 3645 3565 3698 τούτου

1997 3736 2372 3805 γυρεύσαντος
2403 3737 2744 3807 ἀπεπέμφθη
2781 3737 2877 3789 καὶ
2926 3737 3147 3803 ἐγένετο
3192 3737 3218 3788 6
3277 3734 3566 3804 ἅνθρωπος

1997 3827 2214 3896 ἐχθρὸς,
2271 3828 2367 3879 καὶ
2427 3825 2601 3880 πολλὰ
2661 3827 2924 3880 εἰπόντων
2975 3826 3085 3879 τῶν
3147 3826 3423 3898 ἀρχόντων
3469 3827 3563 3880 τοῦ

2010 3923 2257 3977 Ἀλοῒσου
2321 3922 2538 3991 Χουρδᾶ
2597 3921 2693 3975 καὶ
2761 3920 2856 3974 τοῦ
2893 3920 3182 3974 Ἀντωνίου
3221 3921 3406 3974 Διέδου
3470 3922 3568 3976 καὶ

1998 4017 2176 4070 ἄλλων
2229 4015 2442 4067 πολλῶν
2499 4015 2595 4067 καὶ
2651 4013 3055 4079 ἀποδειξάντων
3095 4016 3203 4082 ὅτι,
3261 4015 3327 4066 ἂν
3376 4015 3561 4084 ἀλωθῇ

1996 4111 2030 4180 ἡ
2059 4107 2657 4170 Κωνσταντινούπολις,
2675 4109 2754 4169 εἰς
2781 4106 2981 4178 πολλὴν
3011 4107 3216 4178 ζημίαν
3236 4107 3379 4160 θέλει
3398 4103 3567 4178 ἦσθεν

1994 4205 2090 4255 καὶ
2123 4202 2220 4272 τῆς
2243 4200 2531 4262 αὐθεντίας
2584 4199 2786 4262 αὐτῶν,
2818 4201 2916 4253 οὐκ
2958 4200 3208 4269 ἴσχυσαν.
3281 4198 3432 4272 [525]
3500 4199 3567 4254 Ἦ

2007 4293 2308 4362 Ἐκκλησία
2337 4292 2436 4360 τῆς
2470 4290 2688 4361 Ῥώμης
2720 4293 2813 4345 καὶ
2835 4293 2889 4344 τί
2919 4291 3048 4361 περὶ
3079 4295 3272 4344 τούτου
3313 4293 3567 4361 ἐφρόντι-

1997 4401 2122 4452 σεν;
2157 4383 2493 4454 Εὑρεθέντος
2535 4383 2770 4454 καὶγὰρ
2818 4384 2914 4436 τοῦ
2969 4383 3350 4454 Καρδηναλίου
3393 4383 3563 4436 Ῥωσ-

1996 4477 2118 4539 σίας
2141 4479 2220 4539 εἰς
2253 4477 2352 4544 τὴν
2384 4476 2560 4539 πόλιν,
2602 4476 2764 4545 μέσος
2804 4473 2916 4543 ἐγὼ
2967 4475 3098 4542 παρ’
3133 4475 3300 4528 αὐτοῦ
3358 4475 3558 4543 γέγονα

315 4566 694 4639 μελαχούρην,
729 4565 898 4634 ἤγουν
953 4565 1174 4634 κόμητα
1204 4565 1313 4618 τῶν
1359 4563 1525 4618 αὐτοῦ
1561 4564 1796 4631 ἀλόγων,
1829 4563 1888 4627 ὃς
1919 4563 1966 4621 D
1993 4570 2072 4632 εἰς
2097 4569 2188 4621 τὸν
2219 4569 2466 4638 ἀοίδιμον
2491 4569 2588 4622 καί
2619 4570 2934 4638 μακαρίτην
2995 4569 3260 4638 αὐθέντην
3307 4586 3410 4638 μου
3464 4568 3560 4622 τὸν

310 4662 410 4715 καὶ
441 4657 646 4719 πολλάς
681 4657 775 4708 καὶ
807 4654 977 4717 καλὰς
1025 4657 1135 4708 τῶν
1193 4657 1570 4726 αρχοντισσῶν
1627 4657 1886 4725 ἠγόρασε,

312 4753 407 4807 καὶ
435 4748 608 4803 πολλὰ
643 4745 937 4815 ἐκέρδησεν
973 4747 1058 4799 ἐπ’
1083 4747 1276 4808 αὐταῖς
1293 4761 1309 4778 ο
1346 4746 1439 4799 τοῦ
1463 4747 1518 4799 δὲ
1540 4747 1770 4811 κάλλους
1795 4749 1888 4800 καὶ

308 4847 420 4898 τῶν
452 4842 632 4896 ἀλλων
662 4839 886 4907 ἀγαθῶν
920 4838 1032 4891 τῶν
1084 4837 1311 4891 παιδίων
1351 4856 1452 4907 μου
1482 4841 1544 4892 οὐ
1587 4840 1886 4909 δυναμένου

309 4934 608 5002 κρυϐῆναι,
645 4928 802 5002 [310]
837 4928 1104 4998 μαθόντος
1133 4928 1264 4998 περὶ
1315 4929 1492 4982 αὐτῶν
1541 4929 1636 4982 τοῦ
1671 4933 1885 5002 ἁμηρᾶ,

307 5027 522 5093 ἀπῆρεν
551 5021 692 5074 αὐτά
715 5020 840 5084 δοὺς
896 5019 1034 5088 πρὸς
1068 5019 1157 5072 τὸν
1199 5019 1540 5089 μελαχούρην
1589 5020 1776 5091 ἄσπρα
1804 5041 1888 5092 χι-

305 5116 497 5174 λιάδας
529 5111 757 5173 πολλάς.
782 5111 1144 5178 Ἐναπέμεινε
1181 5109 1238 5161 δὲ
1269 5111 1302 5178 ἠ
1335 5110 1494 5162 ἀθλία
1532 5112 1714 5182 μήτηρ
1749 5113 1884 5183 μόνη

309 5205 450 5272 μετὰ
492 5203 621 5271 μιᾶς
654 5201 750 5255 καὶ
777 5201 946 5272 μόνης
977 5201 1289 5272 ἀνατροφῆς
1318 5201 1509 5272 αὐτῆς,
1537 5203 1592 5254 αἱ
1639 5203 1696 5255 δὲ
1727 5204 1885 5258 ἄλλαι

301 5292 760 5364 διεμερίσθησαν.

371 5383 586 5453 Ἐρωτὴ
604 5401 713 5436 σειε
743 5384 791 5438 δ’
821 5383 889 5438 ἄν
921 5400 1029 5447 τις,
1067 5384 1162 5437 καὶ
1195 5386 1248 5438 τί
1297 5386 1542 5454 ἐγεγόνει
1591 5388 1745 5457 παρὰ
1787 5389 1880 5442 τοῦ

291 5474 561 5545 βασιλέως
615 5475 706 5528 τὸν
739 5474 829 5528 διὰ
862 5475 1033 5544 μέσου
1067 5475 1261 5544 καιρὸν
1293 5476 1391 5544 τῆς
1425 5476 1628 5547 μάχης,
1661 5478 1717 5530 ἐν
1749 5471 1792 5544 ᾧ
1817 5478 1882 5546 δὴ

289 5567 469 5637 χρόνῳ
499 5569 612 5620 καὶ
644 5566 823 5636 καιρῷ
862 5568 889 5619 6
922 5568 1150 5637 άμηρᾶς
1192 5569 1661 5638 παρεσκευάζετο,
1714 5573 1805 5624 καὶ
1830 5571 1882 5622 τί

303 5661 437 5729 πρὶς
469 5658 734 5727 βοήθειαν
769 5659 1036 5728 ἐποίησαν
1065 5661 1115 5712 οἰ
1161 5659 1360 5723 ἔξωθεν
1395 5659 1736 5732 Χριστιανοί.
1773 5665 1881 5716 Καὶ

305 5753 411 5802 τῶν
445 5752 544 5819 μὲν
575 5752 776 5814 ἔξωθεν
809 5752 1158 5819 Χριστιανῶν
1200 5753 1357 5820 δῆλόν
1411 5757 1560 5806 ἐστιν
1620 5754 1699 5808 ὅτι
1756 5757 1877 5808 οὐδέ

307 5843 353 5895 τί
390 5859 541 5897 ποτε·
575 5844 713 5898 ἀλλά
743 5845 944 5914 μᾶλλον
983 5845 1076 5899 καὶ
1107 5845 1186 5909 εἰς
1219 5846 1309 5898 τὸν
1355 5849 1454 5914 τῆς
1509 5846 1744 5920 Σερϐίας
1791 5850 1878 5899 δε-

1993 4659 2222 4743 βασιλέα
2268 4661 2354 4714 ἵνα
2387 4662 2614 4730 γένηται
2672 4661 3057 4730 πατριάρχης’
3093 4661 3183 4713 καὶ
3227 4658 3448 4731 (πάντα)
3494 4661 3561 4715 νά

1991 4757 2257 4824 γένωνται
2293 4755 2424 4824 παρ’
2462 4753 2629 4807 αὐτοῦ
2671 4752 2885 4806 καὶτοῦ
2917 4753 3040 4805 τότε
3071 4754 3247 4816 πάπα,
3281 4753 3314 4825 ἢ
3359 4755 3462 4806 κᾶν
3496 4753 3563 4806 ὲκ

1988 4843 2332 4912 δευτέρουνά
2364 4845 2712 4914 μνημονευθῇ
2758 4845 2785 4897 6
2828 4843 3041 4904 πάπας·
3094 4845 3192 4898 καὶ
3217 4843 3431 4897 πολλῶν
3473 4843 3563 4896 λό-

1943 4927 2222 5002 ’γωνκαὶ
2252 4932 2575 5002 βουλῆς-καὶ
2633 4933 2867 5004 μελέτης
2925 4933 3226 5004 γενομένης
3278 4931 3424 4997 ἔδοξε
3482 4923 3566 5002 τῷ

1989 5025 2222 5095 ἀοιδίμῳ
2246 5024 2478 5094 βασιλεῖ,
2515 5025 2598 5078 ὅτι
2622 5025 2684 5076 τὸ
2706 5024 2766 5078 ἓν
2795 5023 2862 5077 νά
2893 5023 3054 5095 λείψῃ
3087 5023 3390 5090 παντελῶς,
3421 5023 3562 5077 διότι

1988 5117 2335 5186 πατριάρχου
2400 5116 2697 5186 γενομένου
2739 5115 2818 5169 ἔνι
2880 5117 3038 5186 χρεία
3084 5115 3360 5178 παντελῶς
3409 5115 3443 5186 ἢ
3495 5116 3561 5168 νὰ

1987 5207 2281 5260 πείθωνται
2316 5207 2484 5286 αὐτῷ,
2517 5207 2549 5276 ἧ
2605 5206 2777 5278 ἔχθρα
2835 5207 2900 5261 νά
2945 5208 3170 5277 γένηται
3199 5211 3295 5260 καὶ
3325 5207 3562 5276 πόλεμος

1990 5299 2155 5369 μέσον
2183 5300 2350 5354 αὐτοῦ
2387 5301 2484 5355 καὶ
2523 5300 2633 5353 τῶν
2670 5300 2746 5371 μὴ
2778 5300 3119 5371 πειθομένων
3155 5299 3329 5368 αὐτῷ’
3363 5300 3458 5353 καὶ
3480 5299 3562 5361 εἰς

1984 5392 2229 5446 τοιοῦτον
2263 5393 2458 5464 καιρὸν
2492 5393 2629 5447 ὀποῦ
2663 5395 2771 5462 μᾶς
2817 5392 3143 5463 ἒπεμὸαἰνει
3175 5391 3376 5456 ἔξωθεν
3403 5389 3561 5441 πόλε-

1989 5503 2108 5556 μος,
2144 5487 2236 5538 καὶ
2266 5485 2484 5554 ἔχωμεν
2521 5483 2617 5537 καὶ
2646 5483 2848 5537 ἔσωθεν
2882 5483 3142 5552 πόλεμον,
3172 5482 3339 5533 πόσον
3363 5478 3551 5531 κακόνί

1983 5575 2078 5629 τοῦ
2113 5577 2168 5629 δὲ
2194 5575 2569 5645 μνημοσύνου,
2599 5576 2664 5640 ἃς
2692 5577 2919 5645 γένηται
2959 5575 3048 5628 διὰ
3104 5573 3201 5642 τὴν
3235 5570 3427 5622 ἐλπίδα
3457 5570 3558 5638 τῆς

1985 5668 2240 5738 βοηθείας
2269 5668 2425 5738 ἡμῶν
2462 5671 2540 5729 εἰς
2568 5669 2669 5734 τὴν
2701 5668 2947 5735 ἀνάγκην
2971 5683 2984 5696 ·
3013 5665 3106 5719 καὶ
3145 5664 3256 5715 ὅσοι
3294 5661 3558 5726 ποιήσουν

1983 5758 2140 5811 τοῦτο
2174 5762 2252 5822 εἰς
2283 5763 2379 5828 τὴν
2411 5759 2576 5825 ἁγίαν
2606 5760 2830 5829 Σοφίαν,
2859 5760 2907 5810 οἱ
2934 5757 3082 5810 ἄλλοι
3112 5755 3358 5806 θέλουσιν
3387 5746 3556 5820 ἦσθεν

1984 5851 2218 5906 ἀναίτιοι
2250 5853 2343 5906 καὶ
2387 5851 2674 5921 εἰρηνικοί.
