4022 6294
484 852 496 881 δ

565 338 706 405 ξθῦτ

1765 339 2092 406 GEORGII
2118 342 2546 407 PHRANTZrE

3675 351 3788 416 ιθδῖ

568 483 750 532 τερον,
788 461 882 517 καὶ
905 461 1135 533 ἀδελφὸν
1177 464 1270 518 καὶ
1301 464 1569 534 αὐθέντην
1615 465 1764 528 ἐντὸς
1815 466 1908 519 τοῦ
1952 466 2144 528 τόπου,
2175 466 2222 524 Α
2252 481 2388 528 σεως
2418 465 2516 518 καὶ
2568 461 2824 536 πράξεως
2854 461 3132 537 Γεὼργιος
3183 465 3215 521 6
3250 465 3476 534 Ῥαούλ,
3523 466 3670 544 [393]
3711 477 3786 530 καὶ

573 560 674 614 οὐκ
709 558 1113 627 ἐνθυμηθέντες
1149 561 1198 611 οἱ
1230 559 1432 622 ἄθλιοι,
1465 561 1592 612 οῦτε
1645 562 1736 614 τοῦ
1771 561 2033 627 ἀψευδοῦς
2086 561 2146 613 τὸ

535 651 773 718 ιλόγιον,
826 651 909 704 ὅτι
978 653 1126 704 πᾶσα
1177 652 1324 704 οίκία
1390 653 1712 722 μερισθεῖσα
1779 655 1900 706 καθ’
1943 655 2144 724 ἑαυτὴν

563 741 890 812 ἐρημοῦται,
927 742 1049 794 οὐτε
1082 744 1174 796 τὸν
1210 745 1554 815 παροιμιώδη
1578 747 1734 810 λόγον
1773 746 1890 808 τὸν,
1942 766 1959 797 ι
1998 744 2144 815 Πρὸς

562 837 687 897 τούς
717 835 811 888 δύο
869 834 980 887 οὐδ’
1028 835 1330 903 Ἡρακλῆς,
1370 855 1388 888 ι
1435 836 1550 889 ἀλλ’
1611 838 1992 906 ἐπανέστησαν
2049 837 2144 890 καὶ

564 924 702 993 πρὸς
730 925 877 993 τρεῖς
916 925 1009 977 καὶ
1041 925 1340 988 τοιούτους.
1399 925 1509 977 Καὶ
1537 924 1745 977 τούτων
1776 925 1951 988 οὕτως
2008 943 2142 994 προ-

564 1017 779 1069 σάντων
805 1016 1024 1086 πρῶτον
1073 1017 1173 1082 μὲν
1213 1016 1346 1079 Θεὸς
1371 1017 1630 1086 παρεῖδεν
1662 1016 1886 1078 αὐτοὺς,
1938 1018 2033 1069 καὶ
2090 1015 2144 1068 τί

563 1109 862 1177 ἔπραττον,
909 1109 1013 1160 οὐκ
1086 1107 1422 1175 ἐγίνωσκον·
1479 1106 1597 1160 ἀλλ’
1641 1107 1718 1171 ὡς
1770 1109 1899 1170 τοὺς
1953 1107 2144 1176 ίχθύας

562 1203 692 1261 τούς
729 1199 895 1266 μέσον
928 1198 1175 1267 σαγήνης
1203 1198 1383 1260 ὄντας,
1425 1198 1474 1249 οἳ
1504 1197 1796 1267 ἀγνοοῦσιν
1826 1198 1907 1249 ὄτι
1939 1197 2143 1259 πάντες

561 1290 702 1360 όμοῦ
732 1291 989 1343 ’έλκονται
1013 1291 1091 1352 είς
1122 1291 1253 1358 γῆν,
1289 1291 1489 1342 ἐκεῖνοι
1520 1288 1602 1351 δέ,
1642 1289 1748 1349 ἕως
1775 1287 1938 1340 τοῦτο
1979 1290 2144 1357 γένη-

561 1401 679 1446 ται,
739 1382 973 1435 διώκουν
1036 1383 1129 1435 καὶ
1183 1381 1475 1436 διώκονται
1526 1382 1621 1434 καὶ
1673 1381 1988 1434 ἁλίσκονται
2049 1380 2145 1433 καὶ

559 1477 883 1547 φθείρονται
941 1476 989 1528 οἱ
1046 1475 1331 1537 ἐλάττονες
1385 1473 1492 1527 ὑπὸ
1548 1472 1658 1525 τῶν
1719 1472 2142 1542 μεγαλωτέρων,

558 1569 706 1622 οὕτω
737 1569 830 1622 καὶ
860 1563 1010 1621 οῦτοι
1040 1585 1053 1599 ·
1087 1571 1114 1620 6
1145 1569 1245 1637 μὲν
1290 1567 1399 1637 γὰρ
1449 1565 1723 1636 δεσπότης
1775 1567 1881 1634 κύρ
1938 1566 2143 1633 Θωμᾶς

564 1662 880 1731 παρέπιπτε
912 1662 1006 1713 καὶ
1035 1660 1348 1728 ἐπολιόρκει
1379 1660 1448 1711 τὰ
1486 1657 1582 1710 τοῦ
1647 1658 1884 1726 ἀδελφοῦ
1946 1656 2141 1721 αὑτοῦ,

2248 556 2416 618 αὐτὸς
2445 558 2608 626 ἀφεὶς
2639 557 2738 610 καὶ
2767 557 3040 629 αὐθέντην
3073 558 3169 612 καὶ
3208 558 3278 612 τά
3311 558 3489 612 πλείω
3516 560 3623 614 τῶν
3647 563 3785 617 αὐτού

2247 643 2380 718 ἦλθε
2409 650 2505 702 καὶ
2534 649 2702 712 αὐτὸς
2737 650 2794 702 ἐν
2824 654 2892 721 τῇ
2938 649 3205 722 Μεθώνην
3231 652 3326 704 καὶ
3371 652 3676 722 καθήμενοι
3706 658 3790 727 ἀμ·

2249 741 2472 810 φότεροι
2509 742 2567 794 ἐν
2601 741 2785 811 λιμένι
2825 743 3273 812 ἐκαραδοκοῦμεν
3304 743 3432 796 καθ’
3456 742 3607 812 ὥραν
3632 748 3686 798 τὸ
3713 749 3790 816 τῆς

2247 829 2506 900 τοιαύτης
2533 831 2831 900 τρικυμίας
2872 831 3046 897 τέλος,
3081 832 3130 884 εί
3162 833 3255 885 καὶ
3287 831 3387 886 τοῦ
3441 831 3580 886 Θεοῦ
3614 852 3791 905 μακρο-

2247 922 2594 990 θυμήσαντος
2627 923 2967 992 ἐμάκρυνεν,
3001 922 3091 976 ἴνα
3132 925 3182 977 οί
3218 923 3479 977 ἀσύνετοι
3510 927 3637 979 ποτέ
3662 932 3794 998 συνή-

2249 1031 2385 1067 σωσι
2418 1016 2511 1068 καὶ
2532 1016 2582 1068 οί
2618 1017 2795 1086 μωροὶ
2826 1017 2961 1069 ποτὲ
2995 1018 3335 1086 φρονήσωσι,
3359 1018 3462 1070 καὶ
3493 1019 3706 1085 ὁμόνοια
3722 1024 3793 1073 καὶ

2249 1107 2446 1192 είρήγη
2468 1107 2700 1175 γένηται
2733 1113 2899 1176 μέσον
2929 1107 3134 1171 αὐτῶν,
3160 1110 3254 1161 καὶ
3284 1109 3380 1160 τοῦ
3434 1108 3573 1162 Θεοῦ
3618 1110 3793 1179 δεηθῶ-

2253 1216 2361 1265 σιν,
2397 1199 2476 1252 ἔτι
2508 1199 2562 1251 δὲ
2592 1201 2687 1252 καὶ
2723 1198 2818 1252 τοῦ
2850 1200 3067 1268 ἀμηρᾶ,
3110 1201 3208 1251 καὶ
3231 1199 3436 1269 ἐλεήσῃ
3495 1201 3594 1266 μὲν
3623 1202 3790 1265 αὐτοὺς

2245 1290 2320 1354 ὡς
2347 1291 2599 1360 ἐλεήμων
2637 1291 2792 1355 Θεὸς,
2824 1290 3114 1362 προστάξῃ
3146 1290 3203 1342 δὲ
3237 1290 3328 1343 καὶ
3357 1291 3454 1342 τὸν
3487 1291 3676 1358 δήμιον
3715 1296 3790 1346 αὑ·

2243 1381 2341 1434 τοῦ
2363 1382 2639 1452 Ἀμηρᾶν,
2672 1383 2768 1435 καὶ
2792 1382 2981 1453 ἀφήσῃ
3011 1381 3209 1444 αὐτοὺς
3236 1380 3405 1449 ζῆσαι
3439 1381 3655 1433 πλείονα
3693 1384 3794 1451 χρόο

2246 1490 2340 1526 νον
2365 1489 2378 1505 ⁸
2410 1475 2578 1528 τόπον
2610 1476 2721 1543 γὰρ
2751 1475 2846 1528 καὶ
2869 1473 3024 1538 τάξιν
3051 1473 3289 1544 ἔχεικαὶ
3337 1474 3507 1533 αὐτός
3553 1475 3629 1534 είς
3665 1473 3792 1536 Θεὸν,

2246 1565 2367 1618 οἵαν
2401 1567 2450 1617 οί
2482 1565 2652 1618 αὐτοῦ
2677 1565 2858 1635 δήμιοι
2883 1566 3020 1636 πρὸς
3081 1564 3268 1627 αὐτὸν,
3314 1563 3524 1627 οἵτινες
3561 1563 3793 1632 πληροῦσι

2250 1658 2352 1727 μὲν
2380 1660 2458 1728 τῷ
2492 1659 2762 1727 θελήματι
2790 1661 2891 1712 καὶ
2915 1662 2986 1729 τῇ
3021 1659 3327 1728 προστάξει
3361 1656 3554 1723 αὐτοῦ,
3606 1659 3702 1710 εἰσὶ
3749 1660 3792 1711 δὲ

566 1753 949 1822 Καλομμάταν
983 1754 1077 1807 καὶ
1109 1752 1478 1813 Μαντίνειαν,
1522 1751 1617 1804 καὶ
1666 1749 1968 1819 συνεργοὺς
2011 1744 2142 1817 εὗρε
2185 1822 2196 1824 _
2250 1753 2470 1819 μισητοὶ
2500 1751 2595 1804 καὶ
2640 1751 3030 1822 ἀποτρόπαιοι.
3153 1816 3163 1824 ε

563 1847 1033 1916 πρωτοστράτορα
1084 1845 1178 1896 τὸν
1242 1843 1465 1913 ἄριστον
1521 1842 2002 1912 πρωτοστράτορα
2046 1842 2136 1894 τὸν
2175 1822 2217 1880 Β
2317 1844 2427 1897 Καὶ
2456 1843 2666 1897 τούτων
2699 1844 2764 1914 δὴ
2794 1844 2905 1897 τῶν
2939 1822 3369 1914 προρρηθέντων
3403 1842 3597 1897 κακῶν
3628 1844 3700 1906 είς
3722 1844 3797 1896 τδν

563 1937 1012 1991 Σεϐαστόπουλον
1051 1937 1322 1991 Νικόλαον
1355 1937 1471 2003 (τὸν
1521 1933 1835 2004 Εὐδαίμονα
1885 1935 2143 2004 Ἰωάννην

564 2030 798 2096 Λέοντα)
840 2030 1150 2098 μεσάζοντα
1181 2028 1544 2097 σύγγαμῆρον
1569 2027 1667 2081 τοῦ
1693 2029 1926 2095 ἀδελφού
1947 2028 2140 2094 αὐτοῦ,

563 2123 658 2174 καὶ
697 2121 789 2174 τὸν
818 2122 1193 2191 περιπόθητον
1227 2119 1624 2188 γυναικοθεῖον,
1657 2120 1749 2172 τὸν
1811 2121 1974 2173 πλέον
2033 2121 2145 2172 Κυ-

559 2214 797 2283 δωνίδην
828 2213 860 2282 ἦ
893 2212 1347 2282 Τζαμπλάκωνα.
1392 2212 1451 2283 'Q
1481 2213 1536 2263 δὲ
1570 2210 1840 2281 δεσπότης
1895 2214 2002 2280 κύρ
2036 2215 2143 2281 Δη-

565 2280 800 2375 μήτριος
837 2280 1089 2359 πάλιν-τὺ
1117 2280 1444 2373 Λεοντάρινθ
1463 2303 1560 2357 καὶ
1609 2304 1676 2356 τὰ
1731 2280 1898 2356 αὐτοῦ
1934 2305 2030 2356 καὶ
2082 2280 2142 2356 τὸ

562 2395 784 2466 Πίδημα
844 2395 934 2448 διὰ
1015 2394 1112 2448 τοῦ
1174 2395 1544 2462 Παλαιολόγου
1632 2394 1930 2465 Γεωργίου,
1985 2393 2140 2466 [⁸591]

558 2490 940 2561 περιποθήτου
964 2489 1283 2558 ἐξαδὲλφου,
1319 2490 1413 2541 καὶ
1457 2488 1792 2556 μεσάζοντος
1819 2487 1911 2541 τοῦ
1937 2488 1991 2541 δε
2003 2489 2138 2541 σπό-

557 2597 656 2635 του
693 2583 799 2649 κύρ
827 2581 1005 2647 Θωμᾶ
1059 2581 1158 2632 καὶ
1219 2579 1315 2631 τοῦ
1359 2575 1618 2648 γαμϐροῦ
1653 2577 1817 2630 αὐτοῦ
1869 2577 2138 2648 Μποχάλη

558 2674 849 2744 Μανουὴλ,
885 2673 935 2725 εί
961 2675 1057 2726 καὶ
1091 2675 1118 2725 6
1148 2671 1247 2741 μὲν
1273 2669 1413 2739 τάχα
1467 2669 1649 2738 ἀπῆρε
1703 2669 1804 2738 τὴν
1839 2669 2141 2739 Καλομμά-

554 2785 659 2822 ταν
683 2767 783 2820 καὶ
832 2767 894 2818 τὸ
918 2763 1158 2833 Λεῦτρον
1188 2762 1452 2817 καὶνπολὺ
1495 2761 1590 2814 τοῦ
1657 2763 1756 2831 τῆς
1803 2763 1996 2832 Μάνης
2045 2763 2140 2827 ζυ-

554 2858 694 2925 γοῦ⁶
727 2858 822 2913 τοῦ
873 2857 931 2912 δέ
987 2857 1254 2908 δεσπότου
1293 2857 1400 2925 κύρ
1464 2855 1787 2925 Δημητρίου
1839 2855 2136 2925 ἐρχομένου

555 2950 797 3019 ἐμϐῆναι
829 2950 890 3002 ἐν
913 2947 992 3016 τῷ
1027 2945 1363 3016 Λεονταρίῳ,
1401 2945 1475 3008 ὡς
1508 2944 1680 3014 ἔμαθε
1714 2943 1875 2997 τοῦτο
1905 2946 1933 2996 6
1995 2945 2140 2998 ἁδελ-

555 3039 657 3106 φὸς
691 3037 884 3097 αὐτοῦ,
921 3036 1127 3106 έδραμε
1161 3037 1257 3088 καὶ
1316 3033 1609 3104 προλαϐὼν
1655 3034 1820 3102 ἐσέϐη
1875 3034 1932 3086 ἐν
1965 3035 2135 3104 αὐτῷ,

553 3133 654 3184 καὶ
689 3129 992 3197 ἀπέμεινεν
1014 3129 1304 3198 ἄπρακτος
1330 3129 1357 3180 6
1386 3126 1656 3195 δεσπότης
1686 3126 1794 3196 κύρ
1825 3129 2135 3197 Δημήτριος
2161 3154 2204 3216 C

551 3221 650 3274 τοῦ
710 3219 1082 3286 Παλαιολόγου
1146 3219 1242 3271 καὶ
1294 3217 1404 3270 τῶν
1456 3218 1802 3287 Μποχαλέων
1850 3217 2130 3285 φυγόντων

556 3313 737 3376 μόνων
770 3312 866 3363 καὶ
893 3308 1244 3362 ἀπελθόντων
1271 3310 1353 3372 είς
1382 3310 1570 3374 αὐτὸν,
1599 3311 1679 3372 είς
1707 3311 1802 3364 τὸν
1822 3310 2131 3379 Μυζηθρᾶν

552 3403 1079 3472 ¹ίπαναστριξιιμαντα,
1112 3402 1193 3455 ἔτι
1227 3403 1285 3456 δὲ
1320 3403 1412 3456 καὶ
1440 3402 1500 3454 τὸ
1531 3404 1793 3456 κάκιστον
1841 3404 1938 3456 καὶ
1990 3405 2131 3456 ἀνω-

554 3499 892 3566 φελέστατον
917 3497 1076 3563 γένος
1107 3496 1216 3547 τῶν
1292 3494 1646 3558 Ἀλϐανιτῶν,
1705 3496 1902 3565 καιροῦ
1967 3497 2130 3549 λαῦό-

561 3607 728 3658 μενον
759 3590 853 3652 τῆς
893 3587 1224 3656 ὑπολήψεως
1271 3589 1366 3640 καὶ
1392 3587 1788 3656 πλεονεκτικῆς
1832 3590 1924 3641 καὶ
1955 3590 2134 3656 ἁρπα-

553 3684 749 3752 κτικῆς
780 3681 960 3735 αὐτῶν
1013 3681 1242 3750 γνώμης
1277 3680 1569 3749 ἀρμοδίου,
1608 3680 1660 3731 τί
1718 3682 1818 3732 οὐκ
1862 3678 2127 3749 ἔπραξαν,

555 3776 590 3843 ἢ
622 3777 677 3828 τί
710 3774 810 3826 οὐκ
841 3774 1178 3843 εἰργάσαντο
1201 3771 1372 3824 κακόν
1395 3787 1409 3835 ;
1431 3770 1822 3834 Ἀπιστοῦντες
1885 3772 1991 3841 γάρ
2049 3773 2130 3833 δὶς

558 3867 656 3922 τοῦ
691 3865 970 3920 Σαΰόάτου
1019 3865 1128 3918 ἀπὸ
1182 3864 1273 3916 τὸν
1309 3864 1407 3917 ἕνα
1459 3863 1567 3916 τῶν
1621 3865 1899 3918 αὐθεντῶν
1933 3865 2013 3926 είς
2042 3866 2133 3918 τὸν

557 3960 649 4012 ᾶλ)
663 3976 722 4010 ον
755 3958 1092 4025 ἀπήρχοντοο
1127 3955 1475 4023 καὶκάστρα,
1500 3956 1621 4024 ὼςή
1650 3955 2128 4024 ἐκείνωνγλῶσσα,

558 4057 640 4118 είς
670 4053 1042 4122 κειραλατίκια
1064 4051 1331 4124 ἀπῄτουν,
1372 4051 1419 4102 εί
1462 4050 1510 4104 δ’
1537 4045 1652 4114 οὖν,
1704 4049 1783 4108 είς
1831 4050 1920 4101 τὸν
1973 4050 2132 4102 ἄλλον

558 4144 1039 4217 ἀπήρχοντο-ίκαὶ
1060 4145 1109 4195 οί
1143 4143 1295 4197 ἄλλοι
1335 4141 1472 4210 πρὸς
1521 4138 1613 4191 τὸν
1665 4138 1858 4208 ἕτερον
1887 4139 1994 4192 τῶν
2043 4140 2131 4192 δε-

562 4239 779 4290 σποτῶν
813 4235 1037 4304 ὁμοίως.
1072 4232 1174 4286 Διά
1216 4233 1384 4301 μέσου
1419 4227 1536 4296 οὖν,
1574 4231 1628 4284 εἷ
1651 4247 1703 4284 τι
1763 4232 1871 4301 ἄρα
1906 4232 1999 4284 καὶ
2037 4231 2130 4284 εὖ-

561 4345 753 4398 ρισκον
783 4327 896 4380 τῶν
925 4325 1130 4380 ἀθλίων
1161 4325 1303 4392 τάχα
1341 4323 1654 4393 Ῥωμαίων,
1723 4321 1861 4376 ἀλλὰ
1915 4323 1978 4390 δὴ
2038 4323 2132 4377 καὶ

569 4419 909 4474 ’Λλόανιτῶν
976 4419 1072 4471 καὶ
1113 4416 1394 4483 συγγενῶν
1453 4413 1714 4477 πολλάκις
1756 4417 1852 4470 καὶ
1914 4417 2132 4468 οἰκείων

2245 1935 2463 1991 ἅπαντα
2491 1935 2587 1988 τοῦ
2618 1935 2851 2005 Μορέως
2880 1935 3068 1990 ἀθλίου
3091 1936 3257 1988 τόπον
3281 1937 3614 2004 γινομένων,
3637 1934 3791 1986 ἐλθόν-

2244 2044 2336 2088 τος
2370 2028 2466 2081 καλ⁴
2495 2029 2786 2096 φωσσάτου
2822 2027 3055 2098 μερικοῦ
3099 2027 3322 2094 ἔξωθεν,
3357 2028 3700 2097 κατέδραμον
3719 2028 3790 2079 τὸν

2244 2121 2409 2171 τόπον
2447 2119 2684 2183 ἅπαντα,
2724 2118 2830 2185 ῖνα,
2856 2119 3000 2190 άπερ
3036 2121 3183 2172 κακά
3236 2119 3553 2189 παρέλιπον
3595 2119 3641 2169 οί
3668 2120 3792 2181 οίκή-

2244 2226 2404 2281 τορες
2436 2211 2532 2263 καὶ
2579 2210 2765 2281 κύριοι
2819 2209 3080 2264 αὐθένται
3125 2209 3219 2262 καὶ
3261 2209 3551 2278 ἄρχοντες,
3583 2209 3674 2261 οὐκ
3704 2208 3790 2260 ἀπὸ

2245 2302 2627 2370 προαιρέσεως
2680 2301 2796 2355 ἀλλ’
2822 2300 2930 2353 ἀπὺ
2969 2300 3274 2367 ἀδυναμίας
3319 2298 3612 2369 πράξωσιν
3646 2297 3791 2364 αὐτοὶ,

2242 2393 2337 2446 τοῦ
2367 2396 2467 2463 μὲν
2504 2394 2624 2458 ἐνὸς
2652 2393 2761 2446 τῶν
2785 2393 3066 2447 δεσποτῶν
3094 2393 3282 2463 ἐχθροὶ
3308 2392 3494 2455 ὄντες,
3528 2391 3617 2444 τοῦ
3643 2392 3683 2443 δ’
3711 2391 3788 2446 άλ-

2242 2484 2337 2538 λου
2371 2485 2514 2554 τάχα
2557 2486 2737 2552 φίλοιο
2763 2485 2822 2537 ὃν
2851 2484 2916 2554 δὴ
2949 2485 3220 2553 δεσπότην
3261 2483 3359 2537 καὶ
3395 2483 3594 2552 ἐχθρόν
3639 2482 3788 2535 αὐτῶν

2241 2578 2348 2646 κὺρ
2382 2578 2586 2646 Θωμᾶν
2617 2579 2698 2641 είς
2717 2578 2785 2630 τὰ.
2815 2577 2945 2648 περὶ
2969 2576 3028 2628 τὸ
3053 2575 3203 2648 [594]
3229 2576 3535 2646 Λεοντάριν
3572 2573 3789 2643 εὑρόντες

2239 2673 2336 2724 καὶ
2365 2670 2657 2735 διώξαντες
2692 2672 2787 2724 καὶ
2832 2669 3369 2739 αίχμαλωτίσαντες,
3401 2669 3596 2745 ἔπειτα
3625 2667 3790 2735 φέρον-

2240 2779 2332 2825 τες
2373 2761 2435 2815 τὺ
2461 2761 2886 2815 κατουνοτόπιον
2920 2761 3039 2831 ήτοι
3083 2762 3184 2823 τὰς
3214 2760 3406 2822 τένδας
3457 2758 3636 2812 αὐτῶν
3677 2756 3791 2826 πλη-

2243 2855 2356 2907 σίον
2416 2854 2524 2905 τῶν
2563 2851 2845 2920 όσπητίων
2894 2851 2990 2904 τοῦ
3047 2850 3378 2919 Λεονταρίου
3433 2849 3652 2918 ἔθηκαν,
3706 2841 3788 2898 εἶτ’

2240 2947 2551 3010 ἐξελθόντες
2592 2943 2842 3012 ἀπῆλθον
2877 2945 2957 3006 είς
3000 2943 3071 2996 τὰ
3105 2942 3235 3008 περὶ
3265 2941 3358 2993 τὸν
3391 2939 3685 3009 Μυζηθρᾶν
3714 2935 3790 2989 καὶ

2238 3041 2331 3092 τὸν
2366 3039 2520 3105 φίλον
2553 3037 2732 3091 αὐτῶν
2775 3035 3069 3105 δεσπότην,
3105 3036 3204 3088 καὶ
3253 3034 3346 3087 ἀπ’
3393 3035 3519 3086 ἐκεῖ
3561 3031 3790 3100 διέϐησαν

2238 3134 2459 3199 νικηταὶ
2501 3132 2596 3184 καὶ
2628 3131 2766 3198 μετὰ
2799 3127 2998 3182 πολλοῦ
3032 3127 3260 3198 κέρδους
3294 3126 3456 3188 ζώων
3502 3142 3558 3178 τε
3591 3124 3678 3177 καὶ
3710 3123 3788 3174 ἁν-

2241 3225 2496 3294 θρώπων.
2530 3223 2698 3285 Μόλις
2741 3217 2838 3275 οὖν
2887 3219 3020 3272 ποτὶ
3055 3219 3413 3289 ἐννοήσαντες
3468 3218 3518 3271 οί
3561 3216 3782 3270 αὐθένται

2241 3318 2336 3370 καὶ
2369 3315 2588 3382 ἀδελφοὶ
2620 3315 2682 3368 τὸ
2738 3313 2911 3366 κακὸν
2941 3310 3040 3380 τῆς
3086 3309 3298 3364 ἑαυτῶν
3331 3311 3538 3380 μάχης.
3590 3311 3676 3363 καὶ
3703 3325 3779 3359 συ-

2241 3408 2528 3476 ναχθέντες
2559 3409 2638 3468 είς
2671 3405 2733 3457 τὸ
2765 3403 3104 3472 Καστρίτζιν
3141 3403 3408 3472 ἐποίησαν
3444 3404 3584 3471 τάχα
3619 3403 3781 3470 ὅρκους

2241 3500 2464 3567 εἰρήνης
2501 3497 2717 3549 καὶτοῦ
2767 3496 2866 3565 τῆς
2896 3495 3331 3564 Λακεδαιμονίας
3366 3491 3780 3564 (μητροπολίτου)

2245 3591 2383 3661 μετά
2428 3590 2521 3642 τοῦ
2571 3590 2778 3642 σάκκου
2821 3588 2985 3645 αὐτοῦ
3038 3589 3553 3657 λειτουργήσαντος,
3611 3586 3778 3637 ὁπόταν

2239 3680 2365 3740 τοὺς
2418 3679 2786 3746 Χριστιανοὺς
2840 3681 2980 3749 μετά
3025 3678 3192 3744 φόϐου
3247 3677 3384 3730 Θεοῦ
3431 3681 3529 3731 καὶ
3581 3677 3779 3736 πίστεως

2239 3770 2562 3839 προσελθεῖν
2623 3769 2920 3823 ἐπιϐοῶσιν
2965 3771 3013 3822 οί
3069 3771 3259 3839 ἱερεῖς,
3311 3769 3692 3839 προσελθόντες
3738 3766 3777 3818 οί

2238 3862 2497 3915 αὐθένται
2551 3861 2648 3914 καὶ
2703 3860 2926 3929 ἀδελφοὶ
2956 3862 3048 3913 καὶ
3095 3860 3420 3928 ὀμόσαντες,
3467 3861 3687 3928 ἔμεινεν,
3715 3856 3776 3919 ὡς

2238 3953 2576 4023 ἠκούσαμεν,
2607 3953 2634 4006 6
2667 3952 2934 4022 δεσπότης
2960 3953 3066 4022 κύρ
3107 3954 3419 4023 Δημήτριος
3452 3953 3512 4005 ἐν
3537 3953 3640 4012 τοῖς
3668 3967 3775 4017 συμ-

2240 4061 2463 4112 πεφωνη
2476 4045 2658 4112 μένοις
2708 4045 2870 4112 μέχρι
2901 4043 3044 4106 τινός
3066 4058 3080 4072 ·
3130 4047 3225 4097 καὶ
3265 4043 3429 4096 πάλιν
3465 4039 3536 4113 ἦν
3566 4045 3591 4095 6
3622 4040 3772 4102 αὐτὸς,

2236 4136 2312 4198 ὡς
2357 4137 2572 4198 οὐδενὸς
2627 4135 2817 4188 καινοῦ
2867 4135 3194 4201 γεγονότοςο
3238 4133 3284 4186 ὣ
3331 4135 3430 4202 τῆς
3481 4135 3666 4202 ἀνοχῆς
3698 4129 3769 4181 καὶ

2241 4227 2626 4296 μακροθυμίας
2682 4243 2799 4288 σου,
2838 4225 3039 4294 Χριστέ
3078 4225 3322 4295 βασιλεῦ,
3374 4227 3470 4280 καὶ
3515 4228 3590 4287 είς
3637 4222 3768 4275 αὐτὸν

2238 4319 2336 4371 καί¹
2364 4320 2494 4382 τούς
2532 4319 2776 4380 αἰτίουςι
2825 4320 2919 4371 καὶ
2950 4318 3188 4388 ήρξαντο
3216 4318 3379 4370 πάλιν
3422 4320 3492 4372 τὰ
3533 4320 3664 4371 κακὰ
3694 4314 3768 4369 καὶ

2239 4409 2342 4475 ἐτι,
2378 4411 2487 4463 τῶν
2533 4410 2656 4479 χθές
2686 4411 2943 4463 τοιούτων
2991 4410 3233 4481 φρικτῶν
3284 4411 3468 4480 ὅρκων
3513 4412 3765 4465 λυθέντων.

560 4513 744 4565 αὐτῶν
769 4511 947 4564 πάντα
980 4509 1289 4576 διήρπαζον
1325 4507 1418 4560 καὶ
1467 4505 1730 4574 ἠφάνιζον
1755 4523 1770 4536 ⁸
1810 4508 2129 4574 ἐγένοντοδέ
2158 4500 2210 4560 D
2236 4503 2331 4555 καὶ
2379 4501 2644 4570 ἔπραττεν
2677 4504 2704 4553 6
2737 4502 2923 4564 καθεὶς
2972 4504 3111 4555 κατά
3143 4503 3236 4556 τοῦ
3269 4505 3458 4572 ἐτέρου
3488 4505 3546 4556 τὺ
3579 4504 3766 4571 ἠδύνατο

558 4602 788 4656 τοιαῦτα
824 4601 919 4655 καὶ
945 4598 1204 4661 τοσαῦτα,
1247 4599 1330 4651 ὅτι
1377 4598 1462 4659 τίς
1519 4597 1685 4663 ἀξίως
1731 4598 1870 4652 αὐτά
1936 4598 2136 4670 θρηνή-

558 4710 744 4758 σειεν;
795 4691 960 4746 Ἀλλά
980 4691 1044 4759 δὴ
1076 4691 1168 4744 καὶ
1201 4691 1355 4744 αὐτοὶ
1394 4689 1444 4742 οἱ
1506 4688 1765 4757 Τοῦρκοι,
1797 4690 1847 4741 οί
1909 4692 1990 4753 είς
2030 4691 2136 4760 τὴν

560 4784 833 4856 Κόρινθον
873 4781 1026 4856 [592]
1067 4783 1163 4835 καὶ
1191 4782 1291 4852 τὴν
1325 4781 1548 4850 Πάτραν
1575 4781 1984 4850 εὑρισκόμενοι,
2011 4800 2134 4837 και-

561 4880 656 4948 ρού
688 4878 989 4948 λαβόμενοι
1015 4878 1228 4930 δικαίου
1258 4876 1387 4937 τοὺς
1439 4875 1538 4945 μὲν
1574 4873 1978 4945 ήχμαλὼτιζον,
2007 4877 2134 4940 τοὺς

509 5039 512 5043 ,
557 4970 615 5022 δέ
650 4970 996 5033 ἀπέκτεινον,
1033 4971 1160 5031 τούς
1194 4968 1240 5022 δ’
1268 4967 1536 5028 αὐθέντας
1583 4968 1679 5021 καὶ
1707 4968 1835 5027 τοὺς
1859 4966 2134 5037 ἄρχοντας

558 5062 897 5129 κατεγέλων,
925 5061 1218 5131 βλέποντες
1253 5058 1381 5112 καθ’
1425 5058 1637 5111 ἑαυτῶν
1666 5059 1734 5111 τὰ
1759 5059 1889 5129 ξίφη
1927 5058 2131 5112 ὠθοῦν-

557 5170 678 5214 τας.
713 5152 1031 5222 Ταύταςδὴ
1068 5156 1165 5215 τας
1197 5152 1464 5220 ἐργασίας
1516 5149 1695 5218 κάμοῦ
1749 5149 2131 5220 ἐννοήσαντος,

557 5243 959 5312 εὑρισκομένου
995 5242 1097 5313 μοῦ
1135 5245 1212 5305 εἰς
1241 5243 1343 5311 τὴν
1391 5240 1708 5310 Ἀρκαδίαν,
1735 5241 1866 5294 ἔνθα
1911 5241 1976 5311 δὴ
2028 5242 2126 5293 καὶ

559 5336 914 5404 ἐπράττοντο,
953 5335 1044 5386 καὶ
1079 5334 1147 5386 τά
1193 5333 1375 5386 αὐτῶν
1425 5336 1872 5402 συμπεράσματα
1931 5335 2135 5403 σκοπή-

560 5445 780 5494 σαντος,
809 5427 916 5497 πρὸ
945 5426 1039 5480 τοῦ
1071 5427 1309 5492 ἐξελθεῖν
1331 5428 1423 5479 τὸν
1447 5427 1714 5496 δεσπότην
1743 5427 1849 5478 ἀπὸ
1877 5427 1976 5496 τῆς
2006 5428 2132 5497 ’Λρ-

558 5517 775 5583 καδίας,
809 5517 1034 5588 ἐξῆλθον
1064 5516 1222 5583 κάγὼ
1277 5517 1492 5577 πλάσας
1555 5516 1734 5578 αἰτίας
1794 5515 1970 5580 τινας,
2036 5517 2130 5569 καὶ

559 5610 805 5679 ἀπῆλθον
841 5614 922 5673 είς
945 5610 1042 5678 τὴν
1075 5609 1332 5672 Πίδασον,
1369 5611 1401 5679 ἢ
1433 5609 1528 5662 νῦν
1586 5608 1814 5677 Μεθώνη
1859 5608 2127 5669 καλεῖται,

558 5700 686 5768 περὶ
726 5701 786 5752 τὸ
833 5701 986 5763 τέλος
1044 5697 1138 5752 τοῦ
1192 5699 1536 5768 Δεκεμὸρίου
1604 5699 1771 5768 μηνὸς
1819 5699 1912 5750 τοῦ
1955 5697 2126 5750 αὐτοῦ

559 5789 733 5870 κτους.
785 5793 945 5850 Ἀλλὰ
972 5794 1035 5864 δὴ
1063 5793 1155 5848 καὶ
1175 5792 1204 5847 6
1228 5793 1497 5865 χρήσιμος
1522 5794 1708 5863 ἄρχων
1744 5792 1850 5847 ἀπό
1882 5808 1939 5845 τε
1981 5792 2124 5858 γνῶ-

2237 4595 2335 4656 τὰς
2364 4594 2610 4658 ἐλπίδας,
2659 4597 2686 4646 6
2724 4596 2822 4663 μὲν
2860 4595 2943 4658 είς
2969 4597 3069 4666 τὴν
3111 4595 3296 4663 φιλίαν
3347 4596 3444 4647 τοῦ
3489 4597 3669 4665 ἀμηρᾶ
3693 4595 3765 4645 καὶ

2238 4685 2518 4756 βοήθειαν,
2549 4687 2643 4740 καὶ
2673 4687 2772 4758 τὴν
2799 4689 3037 4754 ἀδικίαν,
3067 4687 3202 4741 όποῦ
3233 4689 3466 4759 ἠδικήθη
3495 4691 3567 4751 είς
3594 4705 3646 4740 τε
3669 4687 3765 4746 τοὺς

2238 4779 2581 4849 ὑποχειρίους
2628 4780 2794 4835 αὐτοῦ
2841 4782 2934 4834 καὶ
2974 4781 3040 4833 τὰ
3101 4781 3341 4852 κάστνρα,
3373 4780 3525 4853 [595]
3556 4782 3581 4833 6
3625 4780 3673 4832 δὲ
3701 4779 3762 4836 είς

2235 4871 2334 4940 τὴν
2363 4872 2650 4938 ἐπιορκίαν
2673 4871 2768 4926 τοῦ
2795 4873 2957 4929 ἀλλον
2983 4876 3075 4926 καὶ
3098 4877 3179 4937 εἰς
3211 4875 3270 4926 τὸ
3293 4875 3434 4928 κατά
3457 4874 3564 4927 τῶν
3586 4870 3761 4926 ἀσεϐῶν

2235 4965 2376 5033 τάχα
2409 4964 2701 5034 μάχεσθαι.

2970 5055 3075 5125 υξ⁹.

2305 5148 2526 5201 Τούτων
2553 5146 2652 5202 οὐν
2694 5147 2837 5201 οὕτω
2873 5149 3064 5213 κακῶς
3097 5149 3488 5221 πραττομένων
3514 5145 3651 5219 διέόη
3686 5147 3759 5200 καὶ

2233 5240 2261 5292 6
2291 5238 2498 5310 χειμὼν
2533 5238 2626 5292 τοῦ
2673 5239 2754 5308 ξη¹
2805 5238 2976 5306 ἔτους,
3010 5241 3102 5293 καὶ
3143 5241 3236 5292 τὸν
3269 5242 3447 5296 Μάῖον
3488 5241 3578 5295 τοῦ
3625 5235 3758 5292 αὐτοῦ

2217 5329 2385 5391 ¹ἔτους
2439 5329 2547 5381 ῐδιύ
2599 5331 2694 5382 καὶ
2734 5331 2762 5382 6
2808 5330 3030 5400 ἀμηρᾶς
3068 5327 3232 5402 ἦλθεν
3279 5332 3401 5385 κατ’
3450 5329 3754 5402 ἀμφοτέρων.

2244 5420 2595 5483 Ἀπελθόντος
2645 5420 2690 5473 δ’
2734 5420 2899 5474 αὐτοῦ
2940 5421 3000 5486 ἐξ
3031 5421 3192 5492 ὀρθοῦ
3227 5424 3306 5485 είς
3337 5424 3428 5476 τὸν
3479 5418 3755 5490 Μυζηθρᾶνο

2235 5512 2359 5564 ἐπεὶ
2394 5513 2507 5564 ἐκεῖ
2541 5513 2827 5581 εὑρίσκετο
2853 5515 2880 5566 6
2919 5514 3208 5581 δεσπότης,
3235 5515 3323 5568 διὰ
3351 5515 3410 5567 τὸ
3445 5509 3754 5585 εὑρίσκεσθαι

2235 5603 2327 5654 τὸν
2353 5603 2578 5672 ἀδελφὸν
2609 5604 2704 5656 καὶ
2751 5604 2945 5675 ἐχθρόν
2974 5605 3137 5658 αὐτοῦ
3167 5608 3245 5668 εἰς
3289 5606 3388 5674 τὴν
3419 5603 3756 5672 Καλομμάταν

2235 5696 2325 5749 καὶ
2353 5695 2482 5747 πολε
2492 5695 2738 5763 μίζοντος
2759 5695 2857 5766 τὴν
2884 5695 3235 5762 Μαντίνειαν,
3264 5697 3498 5766 κατῆλθε
3520 5696 3602 5748 καὶ
3625 5694 3754 5745 ἀκου-

2237 5789 2367 5851 σίως
2401 5787 2687 5856 ἑκουσίως,
2728 5787 2825 5842 καὶ
2855 5786 3127 5858 ἐδουλώθη
3168 5789 3249 5852 είς
3301 5785 3496 5842 αὐτόν·
3523 5783 3684 5839 λαϐὼν
3708 5777 3749 5828 δὲ
