4080 6672
461 421 523 482 l")
1284 428 1296 443 '
1580 430 1976 515 MANUELIS
2005 432 2525 493 CURYSOLOILE
3572 504 3584 509 _
3628 424 3692 495 lli

528 530 651 585 llaec
682 531 881 603 duplex
918 536 1090 605 patria
1134 537 1264 607 quid
1299 537 1402 592 sibi
1438 539 1585 602 velit,
1617 540 1858 609 explicat
1890 540 2261 612 Epitaphium,
2295 544 2439 610 quod
2467 541 2828 614 Chrysoloras
2872 552 3056 595 noster
3106 539 3159 595 in
3202 539 3687 601 Dominicanorum

458 622 803 677 monasterio
834 624 901 677 ad
929 640 1078 678 aram
1114 626 1164 679 in
1216 630 1347 680 urbe
1378 627 1692 683 Constantia
1734 639 2064 683 consecutus
2098 639 2183 683 est
2214 648 2227 681 :
2284 629 2496 682 Μαιηιεί
2531 630 2903 699 Chrysolorus,
2939 632 3089 683 utiles
3133 628 3689 697 Constantinopolita-

455 719 576 770 ηις,
608 721 673 761 ea;
708 718 909 764 vetusto
947 727 1133 781 genere
1164 712 1543 778 Romanarum,
1576 718 1667 783 qui
1694 730 1815 767 cum
1857 712 2210 769 Constantino
2247 714 2566 781 imperatam
2608 716 2926 785 migrarunt.
2967 714 3032 767 Et
3056 723 3182 784 post
3211 714 3460 785 quaedam
3494 732 3509 769 :

939 825 1115 898 {fama
1146 843 1282 898 meos
1307 829 1483 898 genuit
1526 829 1756 895 maiores
1798 843 1815 880 :
1854 844 1933 881 me
1964 829 2097 882 bona
2131 829 2288 883 tellus

952 895 1253 965 Byzantina
1292 895 1437 952 tulit.
1482 939 1496 953 .
1543 938 1555 952 .
1600 937 1613 953 .

529 1001 548 1054 l
580 1040 595 1055 .
638 1002 781 1065 Fuit,
817 1003 958 1056 utin
1013 1005 1114 1058 hoc
1148 1003 1437 1075 Epitaphio
1468 1007 1693 1072 dicitur,
1730 1007 2379 1078 Constantinopolitanus
2410 1001 2583 1062 miles.
2617 1007 2739 1072 Quo
2781 1006 3046 1062 vocabulo
3077 1008 3443 1077 scriptoribus
3467 1007 3684 1067 Latinis

455 1083 861 1145 recentioribus
914 1107 1088 1162 eques,
1123 1094 1173 1148 id
1202 1102 1309 1156 est,
1354 1096 1628 1149 interdum
1664 1098 1847 1162 miles,
1888 1098 1985 1167 qui
2034 1112 2144 1150 non
2177 1097 2439 1166 peditem,
2479 1096 2572 1150 sed
2601 1095 2837 1165 equitem
2870 1094 2981 1163 agit
3016 1111 3028 1147 :
3068 1095 3339 1149 interdum
3381 1096 3545 1150 etiam
3581 1113 3683 1151 no-

457 1177 605 1243 bilis,
653 1193 814 1248 quem
845 1178 1091 1249 dignitas
1124 1181 1399 1250 equestris
1445 1192 1628 1247 ornat,
1665 1183 1917 1239 denotari
1949 1183 2106 1239 solet.
2142 1183 2468 1239 Cuilielmus
2497 1182 2648 1237 Brito
2679 1181 2776 1237 lib;
2812 1197 2874 1236 ιιι
2910 1182 3269 1251 Philippides,
3306 1197 3476 1238 versu
3508 1182 3613 1238 εδδ
3634 1193 3689 1240 et

456 1265 610 1321 247:
681 1274 685 1278 '
1972 1292 1975 1295 ·

1073 1397 1083 1411 .
1123 1356 1266 1410 solus
1294 1354 1647 1412 Garluntlicus
1682 1359 1833 1411 heros

882 1476 917 1507 ,ι
949 1425 1135 1481 Servat
1165 1444 1279 1480 eam
1312 1426 1554 1500 [urbem]
1589 1440 1636 1482 et
1670 1432 1828 1497 pauci
1855 1430 2054 1498 pedites
2085 1444 2205 1481 cum
2238 1427 2406 1481 milite
2442 1444 2585 1484 raro.

524 1537 643 1593 Lib.
678 1556 753 1606 tv,
783 1557 939 1595 versu
965 1542 1066 1596 281
1101 1553 1155 1597 et
1185 1544 1546 1613 Sequentihus
1575 1562 1589 1597 :

952 1654 1055 1724 Sed
1091 1656 1239 1721 prius
1268 1671 1521 1724 expensas
1549 1656 1718 1708 tribus
1750 1657 1905 1709 anuis
1937 1656 2265 1723 sufﬁcientes

948 1722 1489 1805 {lilitibusatumerat
1517 1725 1814 1805 quingentis
1832 1727 1910 1805 tle
1949 1722 2164 1793 propria
2193 1741 2267 1787 re,

949 1794 1093 1846 Mille
1121 1797 1307 1864 quibus
1337 1794 1740 1865 deciespedites
1773 1797 2062 1865 adjungere
2085 1806 2258 1849 curat.

526 1877 644 1933 Lib.
676 1898 774 1946 vn,
806 1897 962 1936 versu
1001 1882 1030 1934 7
1065 1891 1119 1937 et
1148 1884 1508 1952 sequentibus
1547 1899 1562 1936 :

946 1990 1257 2046 Intermissa
1286 1993 1426 2047 brevi
1459 1992 1801 2062 languescunt
1831 1993 1972 2047 bella
2003 1996 2198 2064 quiete,

950 2063 1215 2132 erositis
1241 2066 1445 2118 rediens
1482 2066 1648 2117 armis
1676 2065 1743 2116 ad
1768 2067 1983 2132 propria
2017 2063 2190 2129 miles,

946 2131 1014 2185 Et
1043 2133 1275 2200 peditum
1306 2144 1495 2187 turmae
1526 2150 1622 2188 sua
1653 2149 1779 2186 rura
1820 2131 2041 2189 reuisere
2069 2136 2323 2205 gaudent.

532 2224 801 2281 Ilenricns
830 2226 1250 2297 Gundeliingius
1281 2229 1335 2282 in
1363 2229 1698 2299 Appendicc,
1742 2244 1905 2297 quam
1942 2229 2199 2285 Histortte
2228 2230 2528 2284 Austriaca!
2560 2229 2846 2300 subiunxit
2874 2227 3096 2301 [Petrus
3125 2228 3449 2285 Lambecius
3487 2230 3584 2286 lib.
3618 2247 3679 2297 tt,

454 2324 978 2371 commentariorum
1016 2316 1084 2371 de
1124 2318 1449 2371 bibliotheca
1479 2318 1725 2373 Caesarea
1763 2316 2189 2380 Vitulobouensi,
2213 2318 2344 2390 'cap.
2378 2320 2433 2385 6,
2467 2317 2807 2390 publicavit],
2838 2319 2906 2373 de
2930 2318 3206 2373 Comitum
3237 2317 3674 2388 Tyrolinensium

458 2402 809 2458 successione
846 2422 859 2457 :
895 2404 1001 2457 llla
1035 2404 1405 2476 [Mnlteschia,
1443 2405 1743 2460 Carinthiae
1772 2406 1905 2477 dus]
1934 2423 2049 2461 cum
2081 2407 2368 2463 baronibus
2391 2408 2498 2464 suis
2527 2406 2719 2459 habitis
2749 2405 2967 2460 occultis
2996 2406 3337 2467 tractatibus,
3367 2415 3417 2458 et
3447 2422 3675 2475 prteser-

458 2489 551 2541 tim
578 2498 696 2542 cum
729 2489 1045 2561 Engelmaro
1076 2493 1239 2545 milite
1270 2493 1473 2546 Athesis
1503 2492 1580 2563 [id
1614 2503 1698 2547 est
1726 2494 1950 2548 ditionis
1980 2496 2305 2569 Atltesina:],
2341 2499 2506 2566 ejecta
2533 2496 2760 2550 Baltemo
2793 2497 2858 2550 de
2902 2497 3158 2549 comitatu
3193 2495 3417 2566 Tyralis.
3450 2497 3681 2552 Ludovi-

456 2596 573 2632 cum
609 2580 964 2634 marchionem
1000 2580 1578 2651 Brantlenburgensem,
1612 2582 1862 2637 Ludovici
1913 2582 2109 2638 Bavari
2143 2587 2384 2652 praedicti
2414 2587 2466 2638 in
2501 2601 2669 2654 regem
2728 2584 2883 2638 electi
2914 2584 3109 2650 ﬁlium,
3141 2585 3207 2637 de
3237 2587 3384 2652 [acto
3410 2588 3464 2638 in
3489 2587 3679 2639 matri-

466 2667 698 2720 monium
727 2672 945 2736 actcpit.
983 2668 1135 2725 Paris
1165 2668 1478 2723 Latinitatis
1513 2671 1838 2727 auctoribus
1873 2673 2062 2726 militia
2093 2674 2407 2727 nominatur
2442 2674 2559 2742 ipsa
2591 2671 2931 2737 uobilitas,id
2966 2681 3068 2735 est,
3092 2674 3363 2742 equestris
3387 2674 3538 2727 ordo.
3577 2672 3676 2725 Er-

455 2753 763 2809 t-hinl'ridus
799 2755 1109 2809 Melicensis
1145 2757 1313 2809 abbas
1343 2758 1396 2809 in
1434 2759 1661 2811 historia
1694 2755 1881 2827 [quam
1916 2758 2109 2814 Petrus
2136 2760 2464 2815 Lambecius
2494 2760 2665 2815 edidit
2697 2760 2790 2813 lib.
2824 2774 2859 2813 ιι
2909 2759 3443 2814 Commentariorum
3477 2761 3544 2812 de
3587 2759 3674 2813 bi-

457 2842 731 2897 bliotheca
764 2843 1018 2898 Caesarea
1047 2842 1476 2912 Vindobonensi,
1502 2861 1622 2915 cap.
1662 2846 1745 2917 8.]
1777 2848 1844 2900 de
1867 2846 2187 2902 Colomanni
2214 2847 2479 2917 martyrio
2509 2856 2564 2899 et
2594 2844 2874 2899 miraculis
2900 2861 2914 2898 :
2951 2843 3125 2911 Hujus
3158 2855 3261 2897 tam
3292 2847 3540 2909 pra’rlari
3565 2858 3676 2899 stu-

455 2931 718 2998 pendique
752 2932 997 2984 miraculi
1024 2933 1167 3000 fama
1197 2932 1265 2984 ad
1296 2948 1451 2986 aures
1483 2932 1698 2987 llenrici
1720 2934 2037 2987 marchionis
2067 2936 2295 3001 pervenit
2334 2935 2636 2986 rumoribus
2672 2933 2838 2985 allata
2864 2948 2882 2984 :
2918 2932 3007 3000 qui
3036 2935 3211 2984 statim
3250 2933 3426 2985 missis
3456 2933 3678 2987 clerico-

459 3033 575 3068 rum
604 3019 877 3070 ordinibus
906 3028 953 3070 et
988 3019 1307 3089 quibusdam
1337 3021 1539 3073 militia:
1566 3037 1677 3074 sua:
1708 3023 2020 3089 primatibus
2053 3022 2322 3090 prter-epit,
2359 3033 2414 3074 ut
2452 3022 2504 3073 in
2532 3037 2684 3073 suam
2716 3020 2973 3073 civitatem
3006 3020 3287 3087 honoriﬁce
3326 3020 3675 3088 transferrent

459 3105 733 3158 miraculis
767 3107 1127 3174 gloriﬁcamus
1160 3123 1374 3176 corpus.
1410 3107 1591 3175 Quare
1622 3108 1984 3179 Chrysoloras
2020 3119 2225 3172 noster,
2255 3117 2313 3161 ut
2340 3123 2405 3162 ex
2445 3106 2829 3176 antiquisSima
2870 3103 3242 3158 Romanorum
3279 3107 3551 3175 prosapia,
3580 3112 3673 3176 qui

456 3214 471 3243 ι
493 3211 580 3245 lllll
614 3194 944 3256 imperatore
970 3195 1338 3249 Constantino
1371 3195 1566 3275 Magno
1616 3196 2130 3266 Constantinopolin
2169 3196 2562 3265 migraverunt,
2617 3195 2717 3247 luit
2749 3201 2931 3255 ortus,
2958 3193 3039 3245 sic
3076 3205 3200 3246 cum
3260 3193 3416 3247 tutles
3450 3193 3673 3256 dicitur,

454 3294 645 3348 eques,
683 3282 734 3334 id
772 3292 875 3340 est,
912 3281 1123 3336 ordinis
1149 3283 1426 3350 equestris
1463 3285 1627 3335 homo
1670 3283 1774 3336 dici
1805 3282 2133 3350 judicandus
2157 3291 2261 3337 est.
2295 3280 2533 3345 Accedit,
2561 3280 2708 3349 quod
2743 3294 2866 3335 eum
2928 3279 3097 3333 nobili
3128 3280 3290 3332 domo
3318 3291 3530 3346 natum,
3557 3282 3676 3349 qui-

455 3371 577 3422 dam
609 3369 811 3425 diserte
840 3380 1299 3424 commemorent.
1335 3369 1691 3425 Leonhardus
1718 3370 1934 3425 Brunus
1965 3373 2224 3425 Aretinus
2254 3370 2307 3422 in
2332 3368 2575 3433 Historia
2607 3384 2782 3421 rerum
2807 3365 3169 3433 Italicarum:
3197 3365 3545 3437 Cltrysolaras
3571 3367 3675 3437 Bg-

457 3456 725 3522 zantinus,
759 3458 837 3510 vir
868 3458 1011 3511 danti
1049 3459 1267 3514 nobilis.
1300 3460 1671 3515 llartmannus
1705 3459 2030 3514 Schedelius
2057 3460 2110 3510 in
2138 3457 2415 3511 Chronico
2448 3474 2461 3509 :
2497 3455 2715 3510 Manuel
2747 3455 3097 3525 Citrysoloras
3135 3452 3463 3523 Byzantinus
3493 3466 3670 3524 patria

457 3543 1107 3613 Caustantiuopolltanus,
1142 3549 1219 3602 vir
1250 3548 1393 3601 domi
1452 3547 1661 3600 nobilis.
1690 3546 1930 3602 Jacobus
1969 3545 2250 3615 Philippus
2280 3543 2537 3598 Forestus
2591 3541 2883 3611 Bergomas
2915 3544 2968 3595 in
3001 3539 3399 3595 Chronicotum
3443 3541 3674 3612 Supple-

457 3639 638 3684 menta
666 3646 681 3682 :
725 3628 983 3686 Emanuel
1014 3630 1362 3702 Chrysolaras
1397 3636 1612 3687 natione
1645 3633 1884 3697 (irruens,
1916 3635 2093 3701 patria
2129 3633 2484 3703 Byzantinus,
2514 3633 2594 3685 vir
2628 3630 2772 3683 domi
2801 3629 3012 3683 nobilis.

525 3716 614 3770 ιιι.
660 3715 920 3788 Tempus,
951 3734 1059 3789 quo
1090 3721 1447 3792 Cllrysnlm‘as
1496 3730 1680 3775 noster
1725 3722 1879 3783 vixit,
1907 3721 2069 3775 etiam
2102 3739 2131 3775 e
2157 3721 2491 3774 doctissimis
2519 3718 2650 3773 viris
2698 3718 2982 3772 nonnullos
3018 3720 3176 3787 l'ugtt.
3211 3720 3366 3784 Quod
3412 3718 3457 3772 si
3506 3716 3675 3771 Jaco-

454 3804 583 3859 buot
617 3803 924 3861 Pontauum
960 3810 1012 3863 in
1039 3809 1182 3864 notis
1210 3808 1276 3862 ad
1307 3807 1527 3879 Georgii
1560 3808 1820 3863 Phranue
1847 3802 2170 3874 chronicon,
2212 3809 2411 3863 librum
2435 3825 2476 3876 1,
2513 3820 2677 3879 caput
2711 3808 2797 3873 12,
2830 3809 3105 3873 audimus,
3139 3806 3283 3862 inter
3313 3808 3435 3871 bos,
3466 3810 3553 3872 qui
3591 3812 3675 3862 lu—

456 3907 601 3954 men,
635 3893 778 3959 quod
808 3884 1088 3947 Christum
1123 3894 1175 3949 in
1227 3905 1413 3950 monte
1439 3894 1824 3960 circumiulsit,
1860 3909 2134 3954 creatura.
2170 3910 2277 3950 non
2309 3896 2635 3958 increatnm,
2671 3895 3033 3960 aﬂirmarunt,
3066 3898 3168 3949 sub
3201 3888 3529 3964 imperatore
3560 3897 3672 3949 An-

455 3979 683 4031 dronico
708 3979 1014 4049 Palarologo
1042 3981 1282 4049 jnniore,
1309 3984 1402 4051 qui
1435 3984 1620 4036 statim
1672 3997 1789 4050 post
1823 3981 2115 4037 concilium
2138 3998 2200 4036 ea
2233 3986 2299 4037 de
2332 3985 2708 4037 controversia
2740 3984 3096 4046 celebratum,
3124 3999 3265 4036 anno
3284 3982 3347 4036 C.
3385 3984 3533 4045 1541,
3559 3982 3671 4036 vita

456 4067 711 4128 decessit.
741 4065 846 4123 fuit
874 4069 1127 4124 celebris.
1167 4072 1416 4126 Pbranza
1450 4072 1571 4127 loco
1603 4072 1771 4136 dicto,
1809 4074 2105 4142 interprete
2149 4070 2366 4123 laudato
2400 4056 2685 4122 Pontano:
2722 4069 2844 4122 Tum
2877 4086 3077 4134 quoque
3122 4070 3408 4123 monac/tus
3452 4070 3667 4137 quidam

456 4151 706 4219 Calaber,
734 4157 832 4219 ait,
862 4156 1036 4209 dictus
1072 4156 1419 4223 Barlaamus,
1452 4174 1517 4213 ea:
1547 4158 1712 4214 Italia
1746 4158 2239 4224 Constantinopolin
2272 4157 2428 4219 venit,
2466 4159 2558 4224 qui
2598 4158 2651 4209 in
2679 4158 2947 4226 dogmatis
2982 4156 3296 4214 Latinorum
3323 4160 3665 4221 exercitatus,

456 4252 504 4291 et
540 4240 612 4293 ad
647 4258 707 4294 ea
735 4242 1077 4310 defendenda
1107 4246 1337 4299 disertus
1368 4248 1654 4299 admodum
1687 4256 1734 4299 et
1782 4247 2025 4315 eloquens
2053 4244 2156 4297 sibi
2209 4242 2502 4296 videbatur.
2537 4242 2817 4296 Asserebat
2844 4244 3002 4307 idem,
3038 4246 3209 4299 lumen
3246 4246 3378 4299 illud
3407 4246 3462 4298 in
3501 4256 3673 4298 monte

460 4325 670 4380 Tlrabor
715 4339 952 4383 creatum
1004 4346 1139 4394 esse,
1178 4343 1494 4401 nostrosque
1521 4337 1588 4387 ad
1622 4335 2000 4403 disputandum
2037 4346 2189 4397 super
2224 4332 2320 4383 hoc
2372 4330 2639 4383 axiomate
2672 4335 3010 4399 provocabat.
3051 4331 3333 4402 Negotium
3387 4334 3672 4399 imperator

459 4412 830 4484 [Andronicus
858 4414 1197 4488 Polaeologus
1218 4416 1426 4491 ju‘nior]
1460 4418 1708 4490 Gregorio
1737 4420 1968 4473 Palama:
1995 4419 2136 4472 dedit
2160 4420 2250 4487 qui
2279 4427 2399 4470 tunc
2422 4415 2931 4472 Thessalonicensem
2961 4419 3251 4473 Ecclesium
3278 4420 3670 4472 moderabatur.

459 4502 591 4554 Cum
631 4505 722 4557 diu
758 4505 896 4558 inter
928 4521 982 4558 se
1011 4505 1212 4559 velitati
1242 4519 1434 4572 essent,
1465 4507 1836 4574 persuasibilia
1872 4506 2025 4560 verba
2057 4516 2105 4559 et
2140 4521 2304 4574 nugas
2338 4503 2553 4557 Calabri
2582 4502 2833 4558 Palantas
2882 4506 3019 4559 velut
3044 4522 3362 4559 aranearum
3396 4506 3527 4559 telas
3560 4507 3670 4557 dis-

460 4593 642 4644 cnssit.
676 4594 829 4658 Quod
855 4592 1051 4647 Joanni
1085 4595 1420 4665 Chrysalum
1446 4597 1629 4649 eadem
1660 4597 1926 4658 sentienti,
1956 4595 2266 4663 dicendique
2293 4609 2352 4645 ac
2376 4593 2684 4656 disputandi
2711 4593 2956 4647 similiter
2983 4593 3107 4646 bene
3133 4597 3318 4662 perito,
3357 4595 3569 4660 perinde
3590 4593 3670 4662 fe-

458 4680 550 4730 cit.
603 4681 682 4733 Ad
716 4682 831 4736 ha'c
857 4680 1155 4747 Pontanus,
1185 4682 1382 4737 Juauni
1419 4683 1776 4753 Cltrysolorie,
1814 4693 1925 4736 tum
1961 4680 2088 4744 alia,
2120 4695 2241 4749 quae
2293 4688 2483 4734 nostro
2521 4677 2758 4732 Manueli
2785 4680 3118 4749 Chrysalum
3149 4680 3499 4740 conveniunt.
3554 4689 3666 4732 tum

459 4769 621 4819 eaiam
657 4768 1028 4837 Epitaphium,
1066 4772 1225 4839 cujus
1245 4772 1583 4825 mentioncm
1613 4770 1640 4842 §
1671 4787 1685 4824 ι
1718 4771 1969 4832 fecimus,
2002 4769 2251 4823 attribuit
2280 4786 2294 4832 ;
2348 4767 2484 4831 sive,
2515 4769 2659 4836 quod
2698 4770 3031 4837 praenomina
3065 4782 3159 4835 per
3200 4765 3545 4821 oscitantiam
3577 4783 3672 4818 nc-

460 4856 705 4924 glexerit,
748 4858 862 4910 sive
896 4859 1037 4924 quod
1078 4855 1337 4912 Joannem
1370 4858 1665 4912 Manuelem
1711 4858 2085 4929 Cltrysaloram
2119 4863 2365 4908 nostrum
2399 4853 2567 4907 fuisse
2595 4853 2798 4907 dictum
2836 4868 3154 4921 persuasus,
3188 4867 3502 4920 praenomen
3535 4852 3673 4906 alti?

462 4960 580 4996 rum
615 4947 665 4998 in
703 4944 1012 5014 Epitaphio,
1041 4945 1275 4999 alterum
1309 4961 1339 5001 a
1368 4945 1615 5000 Pbranza
1649 4945 1911 4999 omissum
1938 4943 2357 4998 existimaverit.

532 5029 620 5085 IV.
655 5032 725 5085 At
759 5047 907 5097 vero,
964 5047 1138 5102 neque
1163 5031 1428 5088 Joannem
1463 5034 1763 5088 Manueletn
1813 5032 2201 5102 Chrysoloram
2236 5038 2481 5082 nostrum
2518 5028 2686 5083 fuisse
2718 5029 2925 5081 dictum
2958 5026 3282 5092 reperimus,
3314 5038 3369 5082 et
3407 5026 3671 5082 Joannem

463 5118 875 5187 Manuelemque
905 5118 1267 5189 Chrysoloras
1301 5119 1472 5186 fuisse
1519 5121 1789 5185 diversos,
1821 5120 2282 5189 ipsa'tetnporum
2318 5115 2522 5170 indicat
2554 5115 2815 5169 conditio.
2850 5115 2955 5169 Fac
3000 5117 3171 5182 enim,
3208 5115 3535 5182 imperatore
3564 5114 3677 5166 An-

463 5205 691 5261 dronico
744 5205 1047 5276 Palteologo
1072 5206 1289 5276 iuniore
1312 5208 1475 5262 vitam
1530 5208 1839 5271 claudente,
1875 5209 1924 5260 id
1960 5215 2063 5271 est,
2102 5218 2246 5257 anno
2278 5202 2340 5258 C.
2380 5203 2540 5265 13H,
2569 5201 2835 5256 Joannem
2868 5203 3255 5273 Chrysoloram
3283 5202 3353 5255 23
3380 5215 3673 5262 annorum,

464 5293 727 5361 quamvis
748 5303 859 5346 tum
892 5293 1202 5360 grandioris
1251 5296 1429 5348 aetatis
1462 5307 1790 5361 praesumere
1819 5307 1926 5347 non
1959 5302 2153 5361 prater
2180 5305 2401 5343 causam
2439 5291 2661 5359 possis:
2694 5291 3098 5345 Constantiensi
3135 5289 3391 5352 concilio,
3424 5289 3487 5341 ad
3525 5287 3673 5356 quod

464 5378 674 5432 Mannel
706 5380 1065 5450 Chrysoloras
1096 5391 1279 5435 noster
1310 5388 1675 5448 spectatorem
1704 5391 1929 5434 acturus
1961 5379 2213 5440 accessit,
2251 5375 2316 5429 ut'
2351 5376 2488 5431 intra
2539 5378 3114 5439 commcmorabimns,
3149 5376 3364 5430 initium
3401 5374 3672 5443 capiente,

464 5469 517 5519 td
550 5475 653 5529 est,
694 5482 823 5520 ann.
856 5465 917 5521 C.
954 5467 1110 5530 1414,
1143 5469 1515 5523 centenarium
1549 5482 1733 5521 senem
1765 5465 2005 5519 habebis.

534 5549 598 5606 ν.
618 5549 821 5624 Neque
849 5550 1083 5607 Jacobus
1114 5553 1394 5607 Pontanus
1425 5553 1621 5624 solum,
1647 5554 1812 5607 etiam
1848 5551 2122 5606 Gerardus
2154 5549 2392 5605 Joannes
2435 5556 2652 5604 vossius
2674 5549 2938 5604 Joannem
2972 5560 3135 5617 atque
3165 5545 3465 5601 Manuclcm
3503 5546 3678 5618 Chry-

464 5622 675 5692 sol0t'as
708 5637 1017 5693 confundit.
1053 5636 1292 5709 Uterque
1324 5622 1627 5693 Manuelem
1659 5638 2044 5707 Cltrysoloram
2075 5636 2357 5691 Francisci
2387 5636 2651 5705 l’hilclphi
2680 5651 2930 5690 sincerum
2969 5635 3139 5689 fuisse
3180 5638 3361 5688 docet.
3398 5634 3680 5711 l‘Ontanus

465 5727 584 5780 loco
612 5727 793 5780 dicto:
824 5724 956 5794 Ejus
989 5725 1276 5797 [Slanuclis
1303 5724 1665 5797 Chrysolorte]
1698 5741 1869 5794 gener,
1900 5739 2000 5776 non
2029 5724 2321 5791 discipulus
2354 5728 2525 5789 modo,
2560 5725 2662 5789 fuit
2698 5723 3008 5777 Frauciscus
3038 5722 3367 5787 Phile/phus,
3401 5723 3488 5774 cui
3519 5720 3683 5774 Theo-

464 5816 648 5867 doram
682 5816 848 5881 filiam
882 5828 1099 5882 nuptum
1156 5815 1316 5864 defit.
1349 5814 1572 5868 Vossius
1604 5816 1696 5867 lib.
1734 5831 1805 5879 Iv,
1850 5813 1919 5867 De
1953 5814 2219 5867 historicis
2268 5813 2487 5874 Grmcis,
2537 5826 2658 5880 cap.
2702 5811 2805 5865 l9:
2848 5808 3063 5864 Manurl
3105 5810 3457 5880 Cltrysoloras
3500 5806 3677 5861 Fran-

3687 6008 3711 6021 ἢ
