4080 6622
1496 420 1519 453 δ

381 474 447 539 I7
1626 477 1809 537 VITA
1850 474 1947 536 ET
1987 476 2331 538 samem.
3538 454 3606 539 ts

377 591 498 644 cisci
535 587 800 659 Philelphi
830 606 997 645 socer.
1033 590 1161 645 Tam
1186 605 1301 644 eum
1326 590 1535 653 laudat,
1560 607 1716 660 quant
1756 590 2085 659 Philelphum
2121 592 2383 659 vituperat
2414 589 2640 660 Poggius
2675 590 2847 658 prium
2873 591 2927 643 in
2965 589 3300 659 Philelphum
3328 591 3604 646 insectitu.

376 678 535 733 Certe
565 693 672 732 non
699 678 1024 740 Manut-lem,
1059 679 1151 733 sed
1183 677 1449 732 Joannem
1483 660 1871 748 Cltrysoloram
1908 678 2206 751 Francisco
2238 678 2526 747 Philelplto
2565 678 2729 732 (illam
2774 688 3076 747 stupratam
3112 680 3163 732 in
3196 679 3620 755 matrimonium

378 766 615 830 dedisse,
638 765 879 820 Joannes
904 766 1239 821 Franciscns
1269 765 1509 833 Poggius
1552 767 1727 834 prima
1763 767 1815 819 in
1849 765 2208 821 Franciscum
2236 766 2579 837 Pbilelphum
2617 768 2892 821 invectiva
2926 766 3117 828 refert,
3150 781 3311 835 quem
3355 766 3428 819 ibi
3458 782 3611 819 rom-

381 854 547 921 pellat
571 855 657 907 his
683 853 865 909 verbis
904 868 919 906 :
961 854 1155 907 Pulsus
1187 854 1313 907 olim
1338 853 1560 907 Patavio
1591 854 1836 922 turpiter,
1891 853 1978 906 ubi
2011 852 2374 923 Gasparinum
2411 854 2689 916 audiebas,
2726 862 2949 922 propter
2980 852 3351 914 adolescentis,
3392 868 3493 922 quo
3525 853 3614 905 de-

376 939 607 1004 peribas,
638 939 888 992 insanum
919 956 1175 1002 antorem,
1208 939 1729 1008 Constantinopolin,
1767 952 2019 1009 tanquam
2045 941 2099 994 in
2134 942 2363 1009 asylum.
2392 952 2581 1010 egenus
2609 952 2768 1008 atque
2798 943 2945 1007 inops
2981 942 3290 1010 confugisti.
3329 939 3535 993 Callide
3562 942 3616 993 id

378 1024 584 1094 quidem
638 1039 685 1078 et
744 1034 941 1089 astute,
998 1037 1055 1080 ut
1108 1028 1177 1079 ad
1203 1043 1264 1079 ea
1296 1026 1411 1080 loco
1444 1026 1645 1089 adires,
1688 1027 1757 1078 ad
1804 1042 1921 1095 qua:
1952 1028 2108 1081 citius
2143 1036 2350 1091 auctor,
2382 1044 2538 1097 quam
2568 1029 2713 1097 fortia
2750 1029 3026 1087 scelerum,
3068 1029 3375 1097 perveniret.
3419 1025 3511 1079 lbi»
3555 1029 3611 1078 in

378 1108 601 1162 Joannis
657 1111 990 1182 Chrysolorte
1047 1114 1340 1166 doctissimi
1400 1122 1558 1181 atque
1612 1113 1837 1182 insignis
1901 1114 2092 1180 equitis
2152 1115 2619 1183 familiaritatem,
2680 1116 2917 1169 discendi
2978 1116 3329 1189 cupiditatem
3398 1128 3507 1178 prte
3563 1121 3611 1164 te

378 1202 568 1266 ferens,
595 1200 902 1251 insinuasti.
936 1198 1041 1263 Qui
1081 1210 1174 1251 tua
1202 1200 1520 1252 uerbositate
1556 1209 1749 1262 motus,
1791 1199 1948 1252 simul
1973 1200 2307 1261 mendicitate
2342 1212 2634 1254 commotus
2677 1200 2838 1273 [nihil
2867 1204 3005 1256 enim
3033 1218 3116 1264 eo,
3148 1210 3340 1269 pra'ter
3374 1201 3608 1267 linguam

376 1286 586 1338 inanem
609 1295 659 1338 et
693 1294 859 1337 cutem
880 1287 1089 1337 aridam
1111 1284 1473 1356 deportatos],
1505 1294 1554 1338 te
1574 1286 1720 1338 domi
1747 1301 1859 1340 suis
1888 1287 2101 1354 recepit,
2126 1287 2342 1354 ignarus
2370 1289 2579 1355 futttri;
2609 1291 2868 1356 hospitem
2899 1291 3037 1341 enim
3061 1290 3332 1353 pudicum,
3364 1302 3467 1338 non
3505 1286 3611 1337 Pa-

378 1373 545 1427 ridem
578 1376 876 1428 adulterum
919 1391 975 1429 se
1019 1384 1353 1445 recepturum
1386 1374 1625 1442 putabat.
1665 1376 1729 1428 At
1760 1385 1816 1427 tn
1846 1391 1965 1428 cum
1994 1378 2250 1443 regiones,
2293 1392 2394 1428 non
2430 1392 2622 1437 mores,
2650 1378 3021 1438 'immutasses,
3052 1392 3115 1429 ne
3145 1379 3263 1444 quis
3302 1377 3449 1429 locus
3484 1381 3617 1426 esset

377 1477 578 1514 racuus
607 1462 895 1515 sceleribus
925 1464 1049 1523 tuis,
1080 1463 1194 1530 ejus
1232 1463 1483 1530 virginem
1514 1462 1684 1530 ﬁliam
1716 1464 1997 1530 stuprasti.
2032 1464 2136 1514 tuis
2166 1462 2645 1529 pollicitationibus
2668 1474 2716 1516 et
2755 1465 3031 1517 blanditiis
3063 1464 3356 1530 deceptam.
3397 1460 3529 1516 Cum
3566 1475 3621 1512 re

378 1550 469 1601 ille
500 1550 683 1611 miser,
717 1549 808 1617 qui
835 1558 1125 1616 serpentem
1169 1551 1311 1602 domi
1341 1551 1630 1611 nutrierat,
1665 1555 1916 1601 nuechum
1945 1549 2068 1615 [Ilias
2105 1549 2543 1615 deprehendisset,
2576 1551 2639 1602 de
2668 1559 2716 1603 te
2744 1550 3110 1615 interﬁciendo
3142 1548 3425 1601 consilium
3462 1550 3617 1608 cepit,

378 1653 497 1688 cum
528 1646 585 1689 tu
610 1637 906 1705 aufugisses
936 1635 1187 1705 supplicii
1219 1646 1381 1689 metu.
1417 1635 1522 1690 Sed
1550 1636 1678 1705 quid
1713 1645 1886 1704 ageret
1918 1637 1995 1689 vir
2039 1636 2156 1687 licet
2198 1638 2476 1702 prudens?
2506 1636 2668 1703 Inops
2701 1638 2909 1691 consilii
2938 1646 3093 1699 erat;
3130 1637 3301 1689 scelus
3332 1636 3619 1691 detectum.

378 1727 523 1792 virgo
552 1740 873 1791 compressa,
902 1727 997 1776 dos
1020 1726 1221 1777 amissa
1247 1724 1587 1793 uirginitatis.
1626 1721 1970 1776 Intercedunt
1998 1722 2180 1775 Italici
2206 1732 2546 1786 mercatores,
2574 1725 2879 1783 consulunt.
2918 1733 2971 1776 ut
2998 1739 3115 1776 eam
3144 1722 3493 1789 despondeat,
3523 1721 3620 1772 hoc

386 1811 620 1864 maxime
650 1820 807 1880 pacto
837 1810 1142 1863 obumbrari
1165 1799 1408 1876 putantes
1437 1808 1821 1877 turpitudinem
1853 1818 2169 1874 susceptam.
2218 1807 2405 1877 Itaque
2432 1810 2779 1880 Chrysoloras
2812 1825 3034 1865 παίει-ονε
3062 1809 3352 1877 confectus,
3380 1810 3620 1863 comnul—

382 1914 471 1948 sus
502 1898 767 1966 precibus,
798 1897 940 1950 malo
971 1907 1210 1967 coactus.
1249 1897 1423 1966 ﬁliam
1447 1897 1543 1950 tibi
1575 1895 1765 1965 nuptui
1798 1894 1943 1949 dedit
1976 1912 2008 1948 a
2040 1906 2087 1949 te
2110 1906 2441 1967 corruptam.
2465 1897 2544 1952 Ex
2568 1898 2769 1966 quibus
2794 1898 2956 1952 simul
2987 1907 3155 1966 patet.
3182 1895 3463 1949 Francisci
3492 1892 3624 1946 Phi-

385 1982 549 2049 lrlphi
588 1980 778 2052 [quem
807 1998 940 2037 ann.
970 1981 1032 2036 C.
1078 1982 1219 2038 1598
1249 1991 1437 2036 natum
1468 1997 1592 2038 esse
1631 1980 1874 2052 canstat]
1904 1996 2159 2036 socerum
2191 1981 2459 2038 Jomnem
2496 1983 2887 2054 Cltrysoloram
2911 2024 2927 2049 ,
2962 2000 3071 2037 non
3107 1984 3285 2045 illum,
3326 1980 3488 2050 cujus
3528 1997 3624 2034 sud

393 2086 492 2139 pra
525 2072 876 2136 memininus,
907 2087 1053 2125 anno
1080 2071 1288 2126 Christi
1329 2072 1457 2126 I5“
1496 2071 1731 2137 clarum,
1763 2072 1857 2125 sed
1891 2070 2060 2124 alium
2106 2071 2275 2124 multo
2307 2071 2583 2139 juniorem
2618 2071 2807 2126 (tuisse.

412 2181 418 2186 -
471 2155 550 2212 γι.
582 2157 850 2214 Indicium
884 2160 1085 2223 aetatis,
1119 2174 1225 2229 qua
1261 2168 1446 2214 noster
1475 2160 1840 2230 Cbrysoloras
1870 2158 1974 2213 fuit
2000 2168 2302 2227 superstes,
2336 2160 2636 2227 imperator
2656 2159 2899 2215 Joannes
2926 2159 3268 2228 Palteologus
3296 2157 3458 2211 nobis
3488 2170 3629 2225 pra--

399 2245 502 2299 bet.
530 2245 609 2299 Ad
638 2248 785 2300 hunc
815 2247 960 2300 enim
998 2247 1214 2316 longam
1255 2248 1347 2300 ille
1379 2247 1601 2316 scripsit
1626 2246 1941 2316 epistolam,
1974 2260 2083 2314 qua
2113 2245 2633 2316 Constantinopolin
2669 2264 2795 2301 cum
2828 2249 2998 2301 Roma
3031 2254 3333 2313 comparat.
3369 2243 3475 2296 Sed
3511 2242 3629 2297 duo

390 2332 609 2387 luerunt
632 2334 999 2403 imperatores
1025 2331 1270 2389 Joannes
1311 2332 1624 2399 Palaeoloai.
1660 2329 1838 2397 Prior,
1874 2331 2175 2387 Andronici
2208 2332 2498 2401 Palmulogi
2537 2334 2775 2403 junioris
2816 2334 2984 2395 Illius,
3031 2331 3302 2386 Mauuelis
3335 2330 3629 2399 Palmologi

384 2418 577 2485 inter,
607 2420 903 2489 imperium
938 2422 1043 2474 sub
1072 2420 1441 2475 Cantacuzeni
1483 2420 1653 2476 tutela
1679 2435 1815 2490 puer
1848 2419 2058 2488 accepit
2088 2435 2218 2475 ann.
2247 2418 2309 2476 (Σ.
2346 2422 2479 2474 1511
2510 2439 2524 2474 :
2564 2422 2729 2474 vitam
2760 2436 2889 2475 anu.
2918 2420 2980 2475 C.
3012 2418 3142 2473 1591
3179 2420 3396 2471 clausit.
3432 2415 3631 2472 Poste-

381 2507 521 2570 rior,
566 2507 835 2565 Manuelis
858 2509 1148 2580 Palazologi
1188 2510 1352 2574 ﬁlius,
1390 2511 1689 2579 imperator
1717 2525 1849 2564 ann.
1884 2510 1949 2564 C.
1983 2508 2121 2567 1419
2155 2519 2401 2573 creatus,
2434 2526 2465 2563 e
2497 2509 2634 2563 vivis
2666 2524 2799 2562 ana.
2845 2508 2983 2563 1448
3008 2507 3270 2563 excessit.

462 2594 577 2651 VII.
618 2595 948 2653 Posterioris
983 2596 1213 2653 Joannis
1239 2596 1526 2668 Palasologi
1562 2599 1900 2668 temporibus
1921 2597 2285 2669 Chrysoloras
2330 2608 2517 2662 noster
2542 2597 2762 2660 claruit,
2789 2596 2834 2649 si
2868 2597 3164 2651 nonnullos
3198 2613 3228 2653 e
3266 2597 3631 2665 scriptoribus

382 2685 789 2739 recentioribus
821 2685 1096 2739 audimus.
1126 2685 1277 2740 Inter
1308 2688 1406 2740 ltos
1437 2687 1792 2757 reperiuntur
1839 2686 2075 2742 Joannes
2110 2686 2378 2740 Henricus
2405 2686 2683 2739 Alstetlius
2707 2696 2759 2739 et
2792 2684 3070 2740 Gerardus
3098 2684 3341 2741 Joannes
3367 2683 3629 2740 Vossius.

380 2771 398 2825 I
424 2772 473 2825 le
510 2772 564 2824 in
594 2770 862 2826 Thesauro
891 2771 1297 2839 Chronologico,
1329 2774 1680 2842 cbrouologia
1710 2774 1797 2837 50,
1823 2789 1941 2843 qua:
1963 2774 2407 2842 philosophorum
2432 2781 2537 2837 est,
2558 2771 2625 2827 ad
2657 2786 2786 2825 ann.
2806 2771 2864 2826 C.
2902 2771 3038 2825 1440
3070 2788 3085 2824 :
3122 2770 3428 2826 Theodorus
3463 2771 3632 2830 Gaza.

380 2859 646 2930 Georgius
673 2860 1080 2929 Trapezuntius,
1114 2859 1374 2915 Entanuel
1400 2860 1770 2932 Chrysoloras.
1801 2870 1849 2919 et
1900 2850 2232 2914 Maturacius
2268 2860 2479 2928 ﬂorent.
2513 2858 2614 2913 llic
2641 2858 2736 2912 lib.
2773 2874 2823 2913 tv
2857 2857 2929 2913 De
2959 2859 3228 2913 historicis
3264 2856 3489 2923 Graecis,
3513 2874 3634 2927 cap.

383 2946 451 3000 19
494 2964 512 2999 :
549 2947 701 3001 Anno
744 2947 882 3000 HM)
917 2963 978 3000 ac
1005 2946 1245 3015 deinceps
1272 2947 1459 3015 ﬂoruit
1496 2947 1716 3002 Manuel
1751 2946 2129 3017 Chrysoloras.
3160 3017 3166 3023 _

454 3034 603 3091 .VIII.
632 3036 736 3090 Sed
776 3048 1003 3104 uterque
1034 3035 1254 3105 longius
1283 3051 1313 3089 a
1345 3051 1476 3091 vero
1508 3035 1835 3107 digreditur,
1871 3050 1997 3089 cum
2025 3034 2390 3107 Chrysoloras
2426 3044 2614 3090 noster
2641 3036 2777 3090 adeo
2799 3050 2905 3090 non
2938 3034 3066 3089 ann.
3100 3035 3163 3089 C.
3192 3035 3323 3089 1410
3347 3038 3633 3098 claruerit,

387 3136 450 3178 nt
493 3124 685 3178 multis
720 3126 878 3178 annis
909 3135 1036 3179 ante
1068 3135 1334 3189 mortuus,
1371 3140 1437 3179 ne
1466 3134 1580 3179 tum
1614 3124 1857 3196 quidem,
1880 3139 2003 3178 cum
2038 3122 2283 3179 Joannes
2310 3124 2650 3193 Palteologus
2680 3124 2867 3195 junior
2898 3124 3165 3192 imperare
3203 3125 3391 3194 cmpit,
3427 3125 3528 3179 hoc
3547 3133 3638 3188 pst

382 3228 529 3265 ωιη.
558 3208 623 3264 C.
658 3211 822 3276 1H9,
853 3211 907 3264 in
948 3211 1393 3278 viviscxstite'rit
1432 3212 1618 3267 :sicnt
1644 3226 1729 3274 ea,
1768 3227 1890 3281 quae
1918 3226 2043 3265 mox
2082 3210 2399 3276 sileremus,
2433 3214 2746 3267 ostendent.
2798 3218 2799 3221 ‘

454 3297 559 3353 IX.
603 3300 657 3352 In
693 3299 894 3353 litteris
931 3299 1093 3356 modo
1125 3299 1381 3363 laudatis,
1414 3300 1481 3353 ad
1509 3297 1774 3354 Joannem
1801 3298 2103 3368 Palarologu
2119 3316 2166 3352 tn
2206 3300 2591 3369 imperatorem
2629 3300 2880 3366 scriptis,
2914 3298 3275 3370 Chrysoloras
3309 3309 3515 3361 noster,
3542 3300 3635 3368 qui

382 3402 523 3443 ante
545 3378 919 3441 biennium'in
950 3385 1224 3440 Britannia
1257 3386 1490 3440 Londini
1523 3386 1723 3452 fuerat,
1762 3386 1820 3439 in
1850 3386 1983 3440 urbe
2018 3386 2187 3439 Roma
2219 3401 2277 3440 sc
2299 3387 2625 3441 commorari
2658 3397 2909 3442 testatur.
2944 3386 3016 3440 De
3038 3386 3251 3454 quibus,
3279 3387 3476 3455 inquit,
3515 3403 3641 3451 pro-

381 3478 557 3529 I:.rists
591 3476 661 3527 ad
687 3482 736 3527 te
762 3474 1089 3542 referendum
1121 3482 1259 3535 erat,
1293 3474 1486 3542 optime
1509 3478 1815 3540 imperator,
1848 3490 1910 3527 ea
1937 3472 2073 3526 aliis
2101 3473 2297 3528 litteris
2329 3475 2636 3543 perscripsi,
2673 3490 2804 3544 quas
2837 3491 2940 3528 una
2973 3490 3091 3527 cum
3123 3476 3261 3527 hisce
3289 3474 3357 3525 ad
3387 3484 3437 3527 te
3465 3472 3641 3539 perla-

384 3573 515 3614 tum
546 3562 615 3614 iri
644 3572 772 3629 puto
798 3576 816 3613 :
847 3561 974 3630 quin
1010 3561 1116 3613 imo
1150 3577 1267 3613 cum
1300 3563 1470 3614 multa
1504 3561 1711 3629 quidem
1737 3562 1850 3631 jam
1875 3570 1997 3614 ante
2024 3560 2145 3614 hinc
2179 3565 2246 3614 ad
2278 3573 2326 3616 te
2367 3563 2692 3628 scripserim,
2721 3571 2770 3616 et
2803 3580 2905 3616 non
2934 3579 3107 3631 pauca
3127 3564 3290 3615 etiam
3319 3564 3643 3631 nuperrimis

386 3654 597 3705 litteris
628 3666 645 3703 :
676 3651 877 3717 placuit
910 3662 1088 3702 tamen
1111 3651 1221 3703 lucc
1253 3650 1569 3719 subjungere
1600 3652 1913 3720 voluptatis,
1945 3664 2049 3703 non
2085 3649 2343 3703 utilitatis
2375 3652 2553 3720 gratia
2593 3665 2609 3703 :
2646 3666 2798 3718 quam
2835 3667 2937 3704 non
2987 3652 3233 3720 exiguum
3275 3666 3355 3703 me
3379 3652 3642 3719 percipere

385 3741 593 3802 sentio,
622 3738 748 3790 dum
779 3753 892 3790 mea
918 3739 1119 3806 scripta
1141 3753 1308 3790 sacrm
1333 3750 1437 3791 tua:
1468 3739 1742 3807 majestati
1770 3739 1955 3807 offero.
1983 3741 2260 3794 Materiam
2285 3757 2401 3795 vero
2423 3743 2697 3810 prtcsentis
2718 3742 3019 3810 scriptionis
3044 3756 3108 3794 et:
3130 3743 3233 3794 hac
3261 3741 3387 3794 urbe
3406 3743 3641 3809 capiam,

384 3841 558 3895 quam
594 3835 751 3876 antea
786 3824 994 3891 quidem
1022 3838 1087 3875 ea:
1115 3824 1342 3876 aliorum
1373 3826 1723 3879 relationibus
1752 3827 2111 3891 adntirabar;
2142 3829 2234 3881 sed
2266 3844 2404 3881 nunc
2441 3843 2507 3881 ea:
2533 3830 2650 3896 ipsa
2677 3830 2998 3897 inspectione
3023 3830 3189 3881 multo
3212 3845 3324 3881 eam
3348 3829 3514 3897 magis
3542 3829 3639 3879 atl-

389 3911 713 3965 mit'aﬂdam
738 3910 950 3979 Ϊυάίεον
986 3926 1147 3979 quam
1180 3926 1242 3963 ex
1282 3911 1370 3973 iis,
1403 3926 1517 3979 qua:
1552 3912 1616 3963 de
1642 3912 1737 3964 illa
1775 3924 2087 3980 narrantur,
2125 3914 2441 3981 simpliciter
2472 3916 2667 3984 aliquis
2698 3916 2979 3985 conjiciat.
3014 3914 3218 3968 Ibidem
3262 3924 3385 3982 post
3420 3915 3587 3967 multa
3624 3932 3640 3968 :

391 4001 524 4053 Duo
553 4008 729 4051 autem
764 3998 1076 4063 luminaria,
1116 3997 1195 4051 vel
1222 3997 1379 4062 soles,
1412 4006 1507 4049 aut
1534 3997 1687 4052 caelos
1722 4000 1950 4069 integros
1988 4000 2083 4055 Dei
2138 4003 2366 4072 gloriam
2395 4013 2727 4067 enarrantes,
2764 4002 2999 4067 Petrum,
3030 4002 3272 4071 inquam,
3296 4011 3346 4053 et
3389 3999 3641 4061 Paulum,

388 4101 631 4153 quorum
666 4086 903 4156 reliquiae
933 4087 1019 4139 hic
1041 4086 1158 4139 sitae
1184 4094 1335 4150 sunt,
1365 4095 1414 4139 et
1447 4086 1517 4137 ad
1545 4101 1767 4154 quorum
1794 4101 2133 4142 monumenta
2173 4090 2280 4144 luce
2311 4090 2506 4154 scribo,
2534 4091 2653 4157 quis
2695 4090 2853 4160 digne
2877 4089 3237 4144 admirabitur
3260 4090 3286 4142 ?
3315 4088 3441 4145 Post
3472 4090 3643 4142 multo

392 4176 666 4246 pauciora
701 4190 718 4230 :
757 4172 822 4226 Et
851 4175 1108 4228 memoria
1142 4173 1228 4225 hic
1254 4181 1426 4241 repeto
1456 4188 1701 4241 pompam
1744 4186 1791 4229 et
1821 4176 2052 4230 solemne
2087 4177 2304 4244 festum,
2341 4182 2479 4247 quod
2530 4178 2756 4232 Londini
2786 4181 2844 4232 in
2896 4179 3187 4234 Britannia
3244 4177 3412 4245 ipsius
3442 4177 3645 4231 externi

393 4263 574 4316 maris
608 4262 890 4329 oceanique
919 4261 1119 4326 insula,
1144 4270 1270 4314 ante
1299 4262 1588 4329 biennium,
1618 4278 1699 4316 me
1725 4280 1786 4317 ac
1811 4265 2066 4318 comitatu
2089 4280 2200 4319 meo
2231 4277 2487 4334 praesente
2507 4276 2557 4320 et
2584 4276 2871 4338 spectante,
2898 4254 2963 4320 ab
2992 4267 3107 4337 ejus
3139 4266 3245 4319 loci
3282 4265 3473 4321 incolis
3500 4264 3647 4317 hisce

393 4348 662 4418 apostolis
693 4349 1081 4417 gelebrabatur.

474 4436 553 4492 X.
630 4436 686 4492 In
724 4438 936 4492 Italiam
971 4455 1105 4494 vero
1125 4439 1488 4511 Cltrysoloras
1523 4448 1733 4510 noster,
1783 4441 1852 4497 ab
1882 4442 2213 4511 lmperatore
2248 4439 2458 4496 Joanne
2490 4439 2792 4510 Palasologo
2823 4440 2892 4511 de
2919 4437 3322 4508 conquirendis
3377 4435 3641 4491 adversus

396 4527 623 4580 Turcas
653 4526 875 4581 auxiliis
902 4527 967 4580 ad
996 4528 1226 4597 populos
1244 4508 1485 4599 Europa:
1516 4508 1737 4591 missus.
1774 4531 1924 4586 venit
2009 4537 2070 4582 ut
2125 4527 2322 4583 Paulus
2375 4526 2568 4583 Jovius
2600 4527 2653 4581 in
2682 4508 2974 4581 doctorum
3022 4528 3268 4579 virorum
3300 4522 3496 4593 eIOgiis
3527 4537 3650 4590 cap.

395 4617 474 4673 23
510 4615 735 4672 indicat.
758 4614 842 4669 -Js
873 4615 1166 4687 [Eutanuel
1195 4616 1611 4690 (lltrysolorasL
1640 4620 1741 4684 ait,
1768 4617 2032 4688 Byzantio
2062 4617 2284 4671 emissus
2303 4633 2336 4670 a
2363 4615 2571 4681 Joanne
2595 4617 2934 4683 imperatore,
2967 4625 3020 4666 ut
3057 4614 3220 4666 totius
3253 4610 3479 4677 Europa:
3506 4626 3648 4679 rcges

397 4704 683 4769 adeundo,
714 4705 958 4773 pereunti
993 4703 1214 4760 (inscia:
1253 4715 1520 4758 maturam
1557 4719 1705 4772 opem
1730 4707 2065 4774 imploraret.

476 4792 574 4845 XI.
615 4790 809 4846 Sedeat
848 4793 902 4845 in
936 4792 1089 4847 Italia
1113 4793 1332 4848 sibimet
1357 4793 1624 4863 ﬁgendam
1656 4808 1778 4849 esse
1804 4804 1979 4869 ratus,
2011 4794 2223 4850 litteras
2245 4793 2468 4849 Graecas
2491 4792 2852 4869 septingentis
2879 4792 3041 4846 annis
3071 4790 3373 4858 neglectus,
3411 4788 3651 4855 primum

400 4878 677 4941 Venetiis,
713 4896 835 4934 mox
868 4879 1183 4944 Florentiae,
1211 4862 1411 4948 postea
1441 4879 1650 4943 Romae.
1684 4862 1908 4935 tandem
1939 4880 2116 4937 Ticini
2150 4881 2378 4936 docebat
2412 4898 2428 4936 ι
2459 4862 2803 4933 Leonardum
2838 4878 3082 4931 Brnnum
3144 4876 3453 4939 Aretinum,
3484 4870 3655 4925 Fran-

402 4970 621 5023 eiscum
645 4964 971 5031 Barbarum,
999 4967 1357 5023 Franciscum
1382 4967 1752 5038 Philelpbum,
1782 4969 2081 5038 Baptistam
2103 4968 2432 5033 Guarinum,
2457 4965 2725 5021 Joannem
2754 4964 3107 5019 Franciscum
3138 4960 3401 5030 Popgium
3432 4970 3486 5012 et
3515 4960 3656 5015 alios

406 5054 651 5111 habebat
679 5055 998 5124 discipulos.
1024 5054 1265 5112 Joannes
1300 5055 1630 5112 Franciscus
1659 5054 1892 5127 Poggius
1929 5058 1983 5111 in
2011 5057 2363 5127 Cbrysolorae
2392 5056 2566 5111 nostri
2596 5056 2871 5108 tumulum
2904 5069 2928 5105 :.

700 5169 802 5223 Hic
827 5180 904 5224 est
935 5170 1198 5227 Emanuel
1226 5173 1382 5227 situs.
2267 5172 2456 5225 Atticis
2491 5178 2614 5223 ante
2647 5168 2950 5223 recoaditw.

694 5214 1382 5308 s;;.;;;..-';';i;;.r;'t7:.-;%:
2266 5214 2757 5294 ὶξὲῗιῖἓιιῖῖὶοέἇὲἱ
2768 5214 2878 5292 Iit}

697 5309 821 5385 Qui,
864 5313 989 5364 dum
1020 5328 1254 5385 quwrere
1281 5328 1427 5380 opem
1456 5314 1648 5385 patria
2279 5309 2445 5385 Yotis,
2472 5309 2751 5385 Emanuel,
2775 5309 2887 5385 solo

693 5381 903 5451 Affech
926 5376 1127 5451 studet,
1154 5381 1252 5435 huc
1283 5376 1365 5438 iit.
1456 5376 1468 5385 ’
1594 5376 1603 5379 ν
2265 5381 2661 5451 ansecutusin
2700 5376 2841 5431 Italo

697 5447 796 5505 Illis
831 5450 960 5504 belle
996 5453 1179 5505 cecidit
1208 5454 1311 5507 tuis
2265 5448 2337 5502 Ε
2345 5462 2547 5503 ternum
2573 5448 2730 5501 decus
2760 5465 2832 5505 es.
2858 5447 2953 5501 tibi

709 5520 876 5585 Votis,
904 5521 1115 5585 Italia;
1142 5524 1226 5576 hic
1263 5525 1361 5577 tibi
2266 5519 2441 5586 Quale
2477 5518 2683 5573 Gra'cia
2716 5534 2816 5570 non
2846 5518 3013 5581 dedit,

693 5589 913 5661 Linguae
945 5593 1174 5646 restituit
1202 5594 1359 5648 decus
2268 5590 2418 5643 Bello
2447 5590 2659 5658 perdita
2691 5587 2916 5643 Gra’cia.

494 5700 813 5756 Leonardus
851 5702 1066 5758 Brunus
1098 5704 1356 5761 Aretinus
1386 5706 1439 5760 in
1480 5705 1722 5761 Historia
1749 5723 1927 5760 rerum
1968 5704 2285 5760 Italicarum
2312 5701 2397 5757 sui
2424 5701 2686 5769 temporis
2725 5719 2739 5754 :
2770 5700 2985 5752 Litteris
3003 5711 3207 5766 quoque
3236 5710 3327 5765 per
3355 5693 3513 5762 hujus
3536 5691 3661 5745 belli

415 5789 867 5858 intercapedines,
900 5792 1149 5846 mirabile
1175 5788 1427 5860 quantum
1457 5793 1792 5863 perdtaliam
1824 5796 2107 5853 increvere,
2135 5792 2414 5845 accedente
2438 5800 2562 5842 tunc
2593 5789 2819 5857 primum
2856 5787 3152 5856 cognitione
3188 5784 3489 5837 litterarum
3513 5778 3661 5833 (irar-

419 5891 625 5943 carum,
663 5892 778 5946 quis
810 5879 1151 5951 septingentis
1185 5882 1305 5950 jam
1333 5883 1486 5936 annis
1520 5884 1661 5953 apud
1688 5891 1891 5936 nostros
1916 5880 2148 5934 homines
2182 5879 2452 5933 desierant
2482 5892 2591 5931 esse
2615 5878 2665 5931 in
2698 5892 2816 5930 usu.
2849 5874 3050 5928 Retulit
3081 5883 3255 5928 autem
3282 5869 3520 5924 ercam
3544 5868 3656 5920 dis»-
