4080 6642
430 443 500 512 19
1601 455 2010 518 MANUELIS
2033 421 2574 522 cHRYSOLORts
2619 541 2636 554 κ
3597 471 3666 535 20

420 566 677 636 ciplinam
704 567 775 622 ad
809 583 905 622 nos
929 565 1279 638 Chrysoloras
1305 570 1624 643 Byzantius,
1658 576 1736 630 uir
1757 577 1903 630 domi
1934 577 2146 642 nobilis,
2177 595 2240 633 ac
2269 579 2570 633 litterarum
2594 577 2899 636 Gracarum
2921 581 3292 647 peritissimus.
3334 580 3434 636 Hic
3453 584 3667 640 obsessa

420 674 450 704 u
482 653 663 708 Turcis
693 656 900 724 patria,
950 655 1182 710 Venetiae
1225 659 1362 711 mari
1387 659 1598 713 delatus
1631 663 1824 726 primo,
1870 678 1993 716 mox
2041 665 2228 717 audita
2278 668 2394 733 ejus
2429 668 2596 722 lauta.
2631 669 2882 720 invitatus
2919 670 3134 738 benigne
3185 685 3246 720 ac
3281 670 3602 736 postulatus,
3637 688 3665 725 ο

421 741 625 794 salario
663 743 875 810 publica
910 743 1133 812 a/feetus
1169 741 1500 801 Florentium
1535 751 1698 812 venit,
1731 749 1816 803 sui
1849 751 2056 817 copiam
2083 752 2365 821 juvenibus
2424 752 2778 807 exhibiturus.
2822 752 2932 824 Ego
2955 770 3046 822 per
3071 756 3125 808 id
3152 765 3352 824 tempus
3375 757 3494 825 juri
3520 757 3667 812 ciuili

420 844 636 895 operam
667 830 885 889 dabam.
919 847 1022 884 non
1051 833 1197 886 rutlis
1231 846 1408 888 tamen
1440 848 1753 890 caeterorum
1792 837 2113 894 studiorum.
2153 838 2297 892 Nam
2331 852 2381 893 et
2407 851 2600 894 natura
2624 839 2922 910 ﬂagrabam
2956 842 3358 910 disciplinarum
3383 861 3587 901 amore.
3609 855 3661 898 et

419 915 716 972 dialecticis
753 935 815 971 ac
853 919 1152 976 rhetoribus
1183 939 1285 975 non
1316 939 1520 993 segnem
1551 939 1761 991 operam
1786 926 2171 994 impenderam.
2204 924 2392 994 Itaque
2435 927 2492 980 in
2522 928 2747 980 adventu
2774 925 3112 996 Chrysolorte
3133 944 3322 998 anceps
3347 931 3554 996 quidem
3580 931 3665 998 fa-

417 1013 532 1056 ctus
557 1021 698 1067 sum,
725 1023 844 1060 cum
875 1018 924 1061 et
953 1011 1190 1063 studium
1213 1013 1359 1081 juris
1389 1016 1627 1068 deserere
1673 1015 2003 1084 ﬂagitiosum
2035 1015 2309 1078 ducerem,
2342 1024 2390 1066 et
2429 1023 2631 1067 tantam
2670 1015 3000 1068 occasionem
3032 1015 3330 1069 litterarum
3356 1016 3663 1071 Graecarum

416 1091 821 1148 ediscendarum
859 1099 1266 1165 praetermittere
1301 1100 1470 1155 scelus
1513 1103 1899 1170 quodammodo
1949 1103 2266 1156 arbitrarer.
2302 1101 2507 1156 Ibidem
2558 1102 2722 1170 paulo
2762 1111 2930 1171 post:
2977 1101 3078 1157 llis
3115 1104 3324 1156 tandem
3365 1105 3659 1157 rationibus

413 1191 766 1250 expugnatus.
805 1183 1138 1255 Chrysa/orae
1178 1204 1256 1241 me
1282 1189 1504 1254 tradidi,
1545 1199 1694 1244 tanta
1718 1191 1955 1244 discendi
1981 1188 2192 1250 ardore.
2227 1198 2284 1242 ut
2316 1204 2432 1256 qute
2461 1203 2554 1256 per
2579 1189 2716 1242 diem
2747 1188 2975 1258 vigilans
3000 1191 3362 1257 percepissem,
3397 1207 3460 1244 ea
3503 1201 3662 1245 noctu

413 1281 618 1334 quoque
656 1267 924 1323 dormiens
955 1273 1238 1340 agitarem.
1270 1274 1471 1328 Iterum
1509 1277 1702 1344 paucis
1734 1277 2114 1346 interpositis:
2167 1277 2322 1345 Apud
2371 1277 2510 1331 hunc
2544 1291 2638 1346 ego
2686 1279 3007 1347 magistrum
3041 1293 3202 1346 supra
3253 1277 3521 1332 biennium
3551 1280 3658 1348 fui,

413 1353 692 1408 institutus
715 1372 844 1410 sane
879 1359 1153 1426 probabili
1189 1369 1348 1424 atque
1377 1363 1575 1428 optima
1611 1363 1919 1432 disciplina.
1963 1365 2164 1420 Paulus
2191 1364 2382 1420 Jovius
2418 1366 2472 1420 in
2503 1366 2791 1420 doctorum
2839 1366 3078 1418 virorum
3133 1365 3351 1434 elogiis,
3381 1381 3503 1433 cap.
3532 1366 3602 1422 25
3639 1385 3655 1421 :

424 1435 649 1495 Venetiis
683 1443 936 1507 primunt,
971 1455 1019 1497 et
1052 1462 1175 1499 mox
1208 1446 1498 1502 Florentia
1555 1443 1836 1518 Romteque
1871 1466 1935 1503 ac
1967 1451 2179 1506 demum
2215 1452 2405 1518 Ticini,
2433 1461 2680 1506 evocante
2707 1451 2917 1506 Joanne
2940 1449 3184 1506 Galeatio
3215 1453 3473 1521 principe,
3501 1451 3658 1508 Crte-

411 1541 595 1577 curum
626 1527 925 1582 litterarum
957 1534 1195 1585 sturlium
1229 1536 1507 1597 excitavit,
1540 1546 1688 1590 tanta
1713 1538 2000 1603 felicitate,
2033 1551 2090 1592 ut
2129 1556 2194 1594 ea:
2218 1541 2334 1609 ejus
2364 1540 2546 1593 schola
2577 1555 2820 1599 summat,
2857 1554 2951 1590 nec
2985 1539 3104 1590 ideo
3147 1537 3444 1594 interitum
3476 1538 3656 1594 laudis

410 1614 622 1682 ingenia
672 1619 1010 1686 prodierint;
1055 1631 1114 1674 ut
1155 1625 1302 1692 queis
1333 1625 1481 1694 [uere
1525 1625 1839 1681 Leonardus
1890 1626 2162 1688 Aretutus,
2219 1626 2539 1681 Franciscus
2569 1625 2867 1690 Barbarus,
2913 1623 3250 1695 Philelphus,
3294 1624 3566 1680 Guarinus
3606 1635 3658 1678 et

409 1699 667 1770 Poggius.

480 1795 599 1853 XII.
642 1799 904 1870 Tempus,
933 1817 1042 1872 quo
1059 1804 1424 1878 Chrysoloras
1449 1819 1638 1866 noster
1667 1811 1720 1865 in
1745 1809 1900 1866 Italia
1933 1812 2150 1868 litteras
2169 1812 2393 1867 Graeas
2415 1808 2662 1880 proﬁteri
2689 1810 2941 1877 coeperit,
2979 1822 3087 1864 non
3115 1809 3378 1866 distincte
3401 1810 3655 1879 quidem,

302 1929 308 1933 .
407 1898 644 1943 attamen
673 1890 940 1958 indicant,
969 1896 1060 1963 qui
1093 1898 1198 1952 sub
1228 1897 1522 1966 Bonifacio
1546 1900 1614 1955 IX
1653 1899 1725 1973 [is
1753 1901 2061 1956 Romanum
2108 1897 2489 1968 pontiﬁcatum
2518 1911 2664 1949 anno
2693 1895 2898 1950 Christi
2927 1894 3065 1950 I589
3087 1908 3300 1956 uarius.
3329 1897 3658 1952 annoGhri-

405 1976 476 2029 sti
514 1976 651 2032 1101
686 1989 914 2035 mortem
939 1982 1100 2055 obiit]
1131 2000 1250 2039 eam
1282 2002 1396 2042 rem
1431 1990 1717 2057 accepisse
1749 1991 1995 2044 tradunt.
2027 1987 2175 2042 Inter
2202 1986 2302 2040 bos
2338 1983 2581 2054 Baptista
2609 1984 2667 2036 Pl
2682 1983 2831 2037 atina
2883 1984 2938 2036 in
2979 1982 3244 2038 Bonifacii
3301 1983 3372 2036 IX
3401 1984 3508 2037 vita
3541 2001 3557 2038 :
3586 1981 3657 2038 In

409 2066 576 2118 tantis
609 2075 792 2119 autem
823 2070 1001 2131 malis,
1037 2071 1227 2139 quibus
1271 2075 1539 2141 provincia
1565 2085 1749 2130 nostra
1805 2077 2186 2146 afflictabatur,
2223 2089 2386 2126 unum
2419 2081 2595 2125 tamen
2627 2071 2819 2122 bonum
2854 2071 2907 2123 in
2956 2069 3180 2124 Italiam
3213 2073 3487 2124 advectum
3547 2083 3650 2125 est.

404 2151 489 2204 Ad
525 2168 624 2206 nos
658 2154 798 2206 enim
823 2152 1175 2225 Chrysoloras
1212 2159 1513 2228 Byzantius
1543 2163 1751 2216 litteras
1788 2161 2006 2217 Gracas
2033 2164 2240 2224 attulit,
2274 2177 2393 2231 qua:
2419 2161 2578 2214 anuis
2603 2159 2718 2228 jam
2747 2159 3047 2228 quingentis
3087 2158 3203 2231 [alii
3253 2159 3651 2228 septingentis]

403 2239 459 2290 in
486 2237 614 2292 Itali
639 2243 1026 2298 conticuerunt.
1071 2243 1211 2300 Hinc
1243 2247 1440 2301 Grtecte
1472 2247 1782 2318 Latinisque
1807 2251 2002 2320 lingua:
2027 2250 2218 2305 scholae
2242 2260 2440 2303 exortae
2489 2260 2631 2302 sunt.
2667 2246 2925 2313 illaphael
2980 2245 3204 2301 Mall'eus
3257 2246 3650 2304 Volaterranos

405 2327 945 2386 tioniim-ntai-iornni
986 2335 1081 2388 lib.
1118 2351 1206 2389 ut
1236 2353 1250 2390 :
1295 2336 1416 2393 llos.
1441 2337 1628 2410 [Italos
1657 2355 1750 2408 per
1777 2338 2042 2395 Joannem
2075 2336 2477 2407 Ravennatem]
2505 2337 2578 2390 ita
2597 2336 2714 2404 jam
2745 2333 2951 2386 Latinis
2985 2332 3215 2402 legitime
3246 2333 3446 2387 litteris
3472 2335 3650 2387 imbu-

407 2429 482 2462 ms
521 2414 777 2470 Emanuel
801 2419 1148 2489 Chrysoloras
1173 2425 1354 2477 schola
1388 2443 1576 2480 rursus
1600 2429 1823 2496 excepit,
1858 2429 1948 2496 qui
1975 2437 2262 2498 prtereptor
2292 2424 2491 2478 Graeca:
2517 2425 2714 2491 linguis
2744 2419 3033 2490 Byzantius
3060 2437 3270 2490 genere,
3296 2421 3390 2474 sub
3425 2421 3652 2490 Bonifae

379 2504 484 2557 ~tria
520 2503 602 2557 IX
640 2508 692 2560 in
724 2505 944 2562 Italiaut
977 2522 1209 2577 venerat,
1240 2515 1578 2586 primumque
1629 2517 1883 2578 Venetiis,
1910 2518 2099 2572 deinde
2132 2513 2422 2568 Florentia:
2453 2514 2656 2565 docuit.

474 2615 617 2671 XIII.
649 2618 1045 2688 Quamobrem,
1083 2639 1207 2678 cum
1249 2624 1496 2682 Joannes
1541 2629 1883 2698 Palreologus
1913 2628 2121 2688 senior,
2145 2627 2198 2680 id
2229 2636 2335 2688 est,
2366 2623 2661 2679 Andronici
2695 2621 2980 2692 Palaeologi
3011 2623 3255 2691 iunioris
3283 2625 3448 2688 illius,
3493 2635 3642 2677 anno

398 2705 602 2760 Christi
640 2707 780 2762 I589
810 2709 1126 2780 Byzantinis
1157 2712 1533 2781 imperaverit,
1562 2731 1722 2779 quem
1760 2731 1887 2769 ann.
1922 2715 1984 2769 (1.
2013 2713 2141 2769 I391
2174 2723 2447 2767 mortuum
2472 2711 2786 2780 clironologi
2823 2712 3076 2766 meliores
3103 2711 3325 2766 tradunt
3348 2752 3364 2776 ,
3394 2711 3530 2766 nihil
3557 2724 3643 2764 rc-

403 2804 605 2862 pugnat
635 2796 1016 2867 chronologia,
1048 2802 1343 2869 quominus
1367 2802 1724 2873 Chrysoloras
1757 2813 1940 2858 noster
1973 2817 2001 2855 a
2027 2801 2236 2856 Joanne
2261 2800 2564 2870 Pala‘ologo
2588 2800 2803 2855 seniore
2831 2800 3119 2866 postremis
3147 2800 3244 2854 aevi
3278 2800 3361 2854 sui
3383 2797 3646 2867 tempori-

398 2882 502 2935 bus
528 2882 579 2934 in
611 2879 959 2940 Occidentem
988 2886 1053 2941 ad
1081 2887 1306 2956 auxilia,
1334 2904 1454 2959 qua:
1489 2889 1684 2946 Turcis
1717 2898 2145 2960 ooponereutur,
2179 2888 2484 2959 expetenda
2513 2887 2741 2952 missus,
2774 2887 2828 2941 in
2860 2886 3072 2942 Italiam
3120 2888 3223 2944 sub
3257 2886 3540 2942 Bonifacio
3571 2883 3646 2940 IX

399 2969 590 3024 venire
623 2973 885 3040 potuerit.

473 3081 616 3137 XIV.
684 3084 902 3142 Annum
937 3103 1095 3156 sane,
1126 3103 1240 3160 quo
1268 3092 1486 3147 Graecas
1511 3091 1728 3148 litteras
1765 3092 1818 3146 in
1852 3091 2064 3147 Italiam
2099 3093 2464 3163 Chrysoloras
2491 3087 2701 3154 retulit,
2731 3087 2995 3143 Bonifacii
3033 3087 3106 3144 IX
3157 3088 3397 3158 primum
3454 3085 3628 3141 fuisse

400 3167 603 3225 Paulus
637 3171 871 3245 Langius
900 3177 952 3230 iu
986 3176 1250 3233 Chronico
1276 3178 1530 3234 Citieensi
1553 3181 1766 3245 statuit,
1793 3196 1915 3234 cum
1953 3182 2020 3236 ad
2052 3196 2180 3236 ann.
2209 3181 2272 3235 C.
2308 3178 2444 3234 1589
2473 3175 2667 3234 scribit
2698 3191 2713 3230 :
2749 3173 2946 3228 Eodem
2976 3193 3114 3230 anno
3151 3174 3504 3247 Cltrysoloras
3532 3175 3642 3246 By-

398 3265 645 3320 zantinus
672 3267 1008 3336 disciplinam
1047 3269 1358 3325 Grtecarum
1397 3273 1704 3328 litterarum
1729 3273 1786 3326 in
1821 3269 2009 3326 Italiat

2024 3286 2042 3322 t
2081 3267 2286 3329 retulit,
2315 3282 2432 3335 quin
2466 3281 2560 3334 per
2589 3263 2944 3334 septingentos
2963 3262 3081 3329 jam
3114 3279 3283 3318 annos
3313 3261 3458 3330 apud
3486 3278 3635 3317 eam-

394 3353 512 3404 dem
551 3353 604 3406 ia
634 3370 733 3409 usu
767 3371 868 3410 non
895 3358 1134 3425 fuerunt.

466 3466 583 3524 XV.
623 3469 871 3536 Accedit,
899 3470 1048 3541 quod
1073 3473 1296 3530 obsessa
1326 3488 1427 3544 per
1455 3471 1674 3527 'I'urcas
1699 3471 1876 3542 Cpoli,
1915 3481 2098 3527 terras
2126 3469 2346 3525 Italicas
2404 3466 2701 3522 intravisse
2732 3465 3121 3537 Chrysoloram
3170 3474 3446 3526 nostrum,
3499 3479 3643 3534 prm-

394 3565 674 3624 c‘eptorem
707 3574 870 3614 suum
902 3558 1226 3616 Leonartlus
1264 3561 1480 3616 Brunus
1511 3561 1781 3616 Aretinus
1827 3561 1879 3614 in
1914 3559 2161 3614 Historia
2196 3573 2376 3611 rerum
2407 3555 2729 3609 Italicarum
2769 3554 2852 3609 sui
2892 3551 3156 3639 temporis
3189 3561 3396 3617 narret,
3429 3551 3528 3639 ubi
3566 3553 3639 3606 de

396 3645 564 3700 rebus
589 3653 715 3700 ante
748 3661 954 3702 annum
981 3648 1190 3704 Christi
1226 3649 1365 3704 “00
1397 3649 1569 3720 gestis
1599 3651 1709 3719 agit
1739 3665 1759 3706 :
1797 3662 1961 3718 quem
2003 3649 2181 3702 locum
2212 3644 2240 3715 ᾗ
2279 3643 2337 3697 11
2395 3642 2776 3713 produximus.
2813 3640 2977 3695 Certe
3011 3638 3294 3708 Βειὶπθιθε
3324 3638 3633 3694 “iam”!

395 3733 655 3801 princeps
682 3733 874 3803 Cpolin
910 3752 1004 3803 per
1033 3737 1306 3806 integrum
1344 3737 1675 3792 decennium
1714 3733 2098 3790 obsidionibus
2143 3731 2383 3793 vexavit,
2416 3742 2653 3797 quarum
2687 3727 2904 3782 initium
2949 3726 3220 3796 Georgius
3256 3726 3508 3782 Pbranza
3541 3741 3632 3780 re-

396 3823 501 3872 t‘ert
529 3819 597 3872 ad
627 3835 831 3874 annum
875 3822 1062 3876 mundi
1095 3821 1344 3878 Grmcum
1377 3823 1539 3889 6900,
1573 3823 1627 3877 in
1660 3837 1822 3892 quem
1856 3821 1984 3875 anni
2023 3818 2350 3880 Christiani,
2378 3827 2430 3871 et
2464 3815 2594 3870 I39l
2633 3814 2838 3878 exitus,
2874 3822 2930 3867 et
2960 3815 3100 3870 1592
3129 3814 3461 3884 principium
3494 3813 3634 3868 inci-

392 3905 491 3959 dit.
525 3906 592 3960 At
627 3908 788 3974 enim,
829 3910 906 3964 ait
936 3909 1033 3965 lib.
1068 3925 1086 3964 ι
1116 3909 1401 3976 Chronici,
1432 3925 1555 3980 cap.
1591 3909 1680 3974 19,
1706 3909 2004 3979 interprete
2026 3904 2232 3961 Iacobo
2265 3905 2538 3992 Pontano,
2573 3902 2777 3970 uidens,
2807 3899 3138 3992 [bajazetes]
3177 3900 3479 3956 Manuelem
3504 3899 3638 3972 [Ps-

395 3990 701 4062 Iaaoluguut,
735 4010 899 4064 quem
934 3995 1171 4051 Joannes
1205 3995 1541 4068 Palatinogus
1569 3999 1758 4052 multis
1785 4006 1911 4051 ante
1938 4008 2170 4050 mortem
2199 4007 2354 4049 suam
2391 3989 2553 4045 siluis
2575 3988 2960 4044 successorem
2989 3988 3394 4059 designaverat,
3422 3998 3635 4043 mortu-

392 4095 568 4149 usque
597 4095 975 4138 successorem
1011 4083 1223 4155 habuitj
1254 4097 1580 4151 ceterosque
1632 4086 1922 4153 principes,
1949 4087 2014 4138 de
2043 4083 2236 4153 quibus
2263 4097 2446 4150 supra,
2479 4079 2744 4133 conventis
2774 4093 2875 4131 non
2908 4078 3137 4141 stetisse,
3172 4089 3228 4130 ut
3267 4093 3322 4131 se
3345 4091 3632 4145 sequeren-

391 4178 500 4234 tur,
539 4178 586 4222 et
624 4170 812 4224 doctus
840 4171 909 4224 de
937 4173 1202 4236 amnibus,
1230 4188 1348 4239 qua:
1382 4173 1633 4226 adversus
1661 4188 1718 4226 se
1750 4171 2155 4233 deliberassent,
2187 4168 2382 4221 bellum
2417 4183 2572 4235 grave
2597 4167 2795 4220 indixit
2826 4180 2845 4218 :
2870 4175 2920 4218 et
2953 4181 3092 4218 anno
3123 4165 3310 4218 mundi
3339 4163 3480 4218 6900
3507 4163 3634 4218 urbi

394 4267 536 4308 terra
562 4259 822 4322 marique,
855 4259 1131 4314 obsidione
1153 4261 1391 4324 admota,
1427 4261 1747 4313 omnimodis
1770 4275 1883 4312 eam
1921 4259 2076 4324 longo
2117 4265 2346 4323 tempore
2381 4256 2721 4323 oppugnavit.
2767 4252 2902 4307 Cum
2934 4269 2993 4306 eo
3025 4270 3145 4306 cum
3174 4253 3414 4306 exercitu
3447 4268 3630 4322 perge-

391 4354 489 4407 ret,
529 4353 724 4398 terram
754 4345 1107 4416 Byzantinam
1137 4349 1477 4416 singulasque
1503 4347 1733 4417 regiones
1763 4345 2073 4415 gravissima
2108 4342 2354 4395 vastitate
2383 4341 2587 4410 afﬂixit,
2617 4341 3023 4409 suburbanaque
3067 4343 3245 4395 omnia
3274 4341 3519 4421 diripuit.
3561 4337 3630 4391 Et

388 4433 640 4500 quoniam
678 4434 822 4487 urbis
845 4435 1165 4504 oppugnatio
1194 4451 1383 4504 parum
1405 4434 1736 4502 procedebat,
1769 4449 2008 4488 reuersus
2033 4440 2110 4486 est
2140 4435 2376 4494 domum,
2398 4429 2725 4499 singulisque
2749 4430 2904 4483 annis
2931 4430 3075 4482 misit
3100 4431 3363 4483 exercitus
3393 4427 3630 4484 obsidio-

389 4523 606 4585 nentque
641 4521 791 4574 illam
822 4531 930 4576 toto
953 4522 1205 4576 decennio
1243 4523 1595 4577 continuavit.

461 4624 600 4680 XVI.
636 4625 778 4692 Quin
808 4627 921 4682 imo
946 4628 1132 4696 plures
1162 4627 1481 4698 scriptores.
1505 4643 1820 4698 quanquam
1864 4627 2118 4689 diversis,
2147 4636 2328 4680 tamen
2365 4626 2435 4680 iis
2485 4625 2668 4690 annis,
2722 4624 2928 4692 quibus
2974 4624 3294 4680 Bonifacius
3346 4627 3415 4681 IX
3466 4628 3625 4692 vixit,

385 4712 737 4783 Chrysolorte
770 4715 943 4770 nostri
970 4715 1056 4770 vel
1089 4717 1384 4769 adventum
1423 4719 1474 4770 in
1518 4715 1753 4783 Italiam,
1792 4715 1872 4768 vel
1900 4716 2194 4769 excitatam
2224 4714 2277 4766 in
2309 4729 2372 4767 ea
2407 4713 2651 4765 scholam
2685 4711 2928 4765 Graecam
2958 4711 3268 4768 ascribunt.
3324 4713 3498 4782 Ilujus
3525 4714 3628 4766 ini-

387 4800 523 4854 tium
565 4801 631 4855 ad
662 4817 865 4856 annum
897 4802 1098 4858 Christi
1127 4804 1263 4858 1597
1305 4804 1468 4874 refert
1495 4801 1736 4857 Joannes
1762 4801 2078 4856 Nussiensis
2107 4800 2202 4871 [ita
2238 4806 2465 4852 vocatur
2493 4813 2522 4851 a
2557 4797 2855 4851 Melcliiore
2904 4797 3168 4853 Goldasto
3197 4799 3253 4852 in
3282 4811 3626 4855 commenta-

384 4889 482 4944 tiis
500 4892 565 4943 de
589 4889 870 4955 Bnbemia,
897 4892 991 4945 lib.
1011 4907 1083 4952 tv,
1100 4907 1224 4961 cap.
1252 4893 1306 4957 ι,
1329 4891 1356 4962 ς
1379 4891 1469 4964 5'5]
1495 4893 1546 4945 in
1567 4906 1761 4960 magno
1781 4891 2053 4946 Chronico
2077 4885 2490 4954 Belgico:Anno
2516 4882 2884 4954 [millesimum
2918 4888 3357 4941 trecentesimum
3385 4902 3625 4955 nonage-

384 4977 586 5030 simum
657 4976 900 5050 sextum}
936 4981 1171 5047 sequenti
1197 4977 1545 5046 Cltrysoloras
1572 4979 1865 5049 Byzantius
1894 4974 2234 5043 disciplinant
2268 4971 2576 5027 Graecarum
2603 4969 2909 5024 litterarum
2943 4972 2994 5024 in
3023 4972 3248 5027 Italiam
3273 4974 3476 5039 retulit,
3508 4989 3627 5045 quia

386 5079 477 5130 per
505 5064 862 5133 septingentos
880 5064 999 5134 jam
1027 5081 1194 5120 annos
1225 5067 1368 5133 apud
1393 5077 1600 5121 nostros
1628 5069 1861 5120 homines
1890 5067 1944 5120 in
1978 5078 2076 5114 usu
2110 5075 2216 5114 non
2245 5059 2560 5111 habebatur.
2593 5055 2693 5111 Cui
2724 5061 3013 5113 sententias
3069 5062 3369 5116 subseribit
3419 5061 3623 5116 Sethus

382 5149 661 5204 Calvisius
686 5153 744 5204 in
773 5166 940 5220 opere
964 5151 1352 5218 chronologico
1380 5155 1444 5207 aJ
1473 5169 1607 5208 ann.
1636 5153 1700 5210 C.
1741 5154 1900 5209 1597.
1938 5152 2017 5206 Ad
2051 5164 2253 5203 annum
2286 5148 2487 5200 Christi
2525 5145 2664 5199 I598
2699 5148 2869 5204 refert
2921 5147 3160 5204 Jacobns
3194 5148 3480 5217 Philippus
3512 5147 3620 5200 Fo-

383 5247 564 5292 restns
602 5237 901 5303 Bergomas
924 5240 977 5292 in
1011 5239 1412 5296 Cltronieorum
1451 5240 1848 5311 Supplementa
1878 5241 1944 5295 ad
1971 5241 2115 5294 hunc
2146 5252 2346 5292 annum
2375 5255 2388 5290 :
2424 5235 2685 5292 Emaunel
2719 5239 3093 5310 Chrysoloras,
3133 5239 3346 5291 natione
3377 5237 3617 5304 Grmcus,

381 5326 559 5393 patria
590 5325 948 5395 Byzantinus,
975 5327 1054 5380 vir
1091 5329 1234 5382 domi
1277 5329 1489 5394 nobilis,
1517 5331 1606 5383 sed
1643 5331 1785 5384 omni
1822 5329 2060 5382 doctrina
2091 5336 2138 5379 et
2170 5326 2362 5379 virtute
2393 5326 2623 5380 nobilior
2653 5338 2812 5398 atque
2835 5328 3167 5396 pra-clarior,
3197 5327 3382 5380 iisdem
3415 5337 3617 5395 tempo-

382 5413 530 5466 ribus
569 5411 1162 5482 Constantinopolitano
1185 5419 1310 5470 urbe
1327 5435 1359 5472 a
1394 5416 1574 5472 Turcis
1611 5419 1889 5471 durissiute
1910 5425 2096 5468 vexata
2127 5422 2176 5466 et
2202 5414 2436 5479 obsessa,
2474 5429 2538 5467 ea:
2553 5431 2615 5468 ea
2639 5418 2941 5486 profugiens
2976 5414 3213 5468 Venetias
3235 5416 3393 5478 venit,
3420 5423 3473 5467 et
3500 5423 3621 5466 tan-

386 5516 546 5569 quam
575 5503 966 5556 eruditissimus
1002 5505 1192 5557 doctor
1220 5507 1429 5559 litteras
1463 5505 1678 5560 Gra'cas
1713 5505 1902 5558 ibidem
1948 5503 2131 5557 docere
2156 5502 2327 5568 erepit.
2359 5500 2436 5555 Ad
2480 5515 2681 5556 annum
2719 5503 2923 5559 Christi
2968 5503 3106 5559 I599
3133 5504 3299 5554 rule-rt
3328 5501 3618 5557 Matuta-us

382 5587 688 5642 I’aluierius
717 5587 1091 5655 Florentinus,
1130 5593 1433 5647 Eusebiani
1467 5595 1723 5649 ClirOnici
1758 5595 2127 5649 continuator.
2177 5590 2242 5641 ad
2276 5590 2422 5643 hunc
2456 5605 2655 5644 annum
2694 5609 2706 5644 :
2740 5589 3091 5660 Chrysoloras
3123 5588 3419 5658 Byzantius
3447 5589 3613 5643 disci-

378 5675 582 5738 plinam
601 5674 908 5728 Grrccarum
931 5677 1224 5732 litterarunt
1254 5682 1306 5734 in
1329 5680 1544 5734 Italiam
1576 5680 1778 5748 retulit,
1821 5697 1937 5750 quar
1967 5700 2062 5753 per
2099 5684 2449 5751 septingentos
2477 5682 2590 5749 jam
2611 5699 2778 5736 annos
2797 5683 2940 5751 apud
2959 5693 3165 5735 nostros
3186 5683 3421 5734 homines
3445 5683 3497 5734 in
3524 5695 3622 5733 usu

380 5777 482 5815 non
507 5762 820 5816 habebatur.
845 5761 984 5817 Huic
1007 5766 1246 5823 calculos
1265 5782 1396 5823 suos
1416 5768 1622 5824 addunt
1661 5769 2013 5827 Christianus
2033 5770 2289 5825 Massaus
2312 5771 2709 5826 Cltrmticorum
2733 5772 2871 5826 Iibro
2892 5787 3048 5831 mu,
3079 5771 3145 5824 ad
3175 5785 3304 5824 ann.
3339 5769 3403 5825 C.
3436 5767 3570 5824 1399
3599 5785 3616 5825 :

381 5848 619 5907 Joannes
650 5847 924 5908 Fuuccius
960 5851 1012 5907 in
1043 5852 1413 5926 Cbronologia
1445 5859 1510 5911 ad
1540 5872 1671 5911 aun.
1709 5856 1770 5911 (Σ.
1809 5857 1945 5914 1599
1979 5875 1990 5914 :
2026 5860 2377 5915 Ahrahamus
2414 5857 2786 5916 Bucbolccrus
2813 5859 2867 5914 in
2897 5857 3079 5915 Indice
3106 5856 3520 5928 chronologico.
3545 5855 3614 5911 ad
