4080 6594
375 473 439 538 21
1634 476 1816 537 VITA
1859 477 1954 535 ET
1995 476 2340 537 SCRIP’I‘A.
2639 542 2645 544 μ
3533 481 3603 544 22

375 607 501 643 anu.
533 590 596 644 Ο.
629 589 768 646 I399
802 609 814 644 :
844 591 1039 645 Petrus
1067 590 1371 660 Opmeerus
1413 588 1467 643 in
1525 587 1995 657 Chronographla,
2027 586 2092 642 ad
2126 603 2255 641 anu.
2286 587 2347 642 C.
2391 587 2526 642 1599
2565 605 2577 641 :
2607 588 2880 646 Aubertus
2926 589 3142 645 inraeus
3172 590 3225 644 in
3251 589 3511 647 Auctario
3535 593 3605 648 de

378 679 738 744 set-iptoribus
766 679 1176 741 ecclesiasticis,
1207 692 1331 746 cap.
1368 676 1492 730 4'50.

445 764 611 819 XVII.
643 765 926 830 Potentiae,
969 783 1074 834 qua
1097 765 1379 832 Bajazetes
1412 763 1717 817 Turcarum
1754 758 2020 834 tyrannus
2066 763 2285 821 Grascos
2319 755 2617 835 premebat,
2651 768 2828 839 impar
2858 768 3598 839 Constantinopolitanorum

373 853 676 921 imperatur
703 852 920 908 Manucl
953 854 1292 922 Palmologus
1323 850 1835 920 Constantinopolin
1866 851 2265 922 imperiumque
2299 852 2517 921 Joanui,
2561 853 2746 911 fratris
2778 856 3190 912 sui‘Andro‘nici
3225 856 3353 920 lilio,
3387 857 3477 910 cui
3503 857 3605 911 Bs-

369 941 575 1006 jasetes
605 942 1084 1011 patrocinabatur,
1119 939 1493 1009 relinquebat,
1529 949 1584 993 ct
1614 942 1666 992 itt
1693 939 1904 992 Italiam
1942 939 2250 1006 migrabat:
2283 942 2374 996 ubi
2408 949 2520 996 tum
2553 943 2690 998 alias
2722 945 2774 998 in
2807 945 2994 1008 urbes,
3034 953 3148 998 tum
3195 946 3359 999 etiam
3399 943 3604 998 Medio-

373 1029 556 1080 Ianum
590 1029 857 1082 veniebat.
905 1030 1085 1084 Ducas
1114 1027 1401 1082 Michaelis
1433 1041 1602 1096 nepos
1633 1028 1688 1080 in
1725 1025 1970 1080 llistoria
2003 1026 2334 1096 Byzantina,
2370 1044 2489 1098 cap.
2556 1031 2642 1096 IL,
2678 1031 2975 1102 interprete
3004 1032 3234 1086 Ismaele
3283 1031 3552 1086 Bullialdo
3586 1047 3600 1084 :

367 1113 491 1167 Jam
515 1115 608 1168 diu
634 1117 720 1169 ille
762 1114 1088 1188 [Bajazetes]
1111 1116 1298 1186 quibus
1325 1116 1531 1168 artibus
1563 1113 2059 1178 Constantinopolin
2095 1115 2383 1178 invaderet,
2417 1117 2596 1172 animo
2620 1120 2885 1172 versabat.
2915 1119 3034 1172 Non
3069 1120 3245 1172 omisit
3274 1121 3456 1185 itaque
3497 1133 3600 1170 no-

370 1219 487 1254 men
519 1204 795 1257 obtendere
823 1203 1076 1267 Joannis,
1106 1205 1196 1273 qui
1224 1201 1484 1258 Manuelis
1509 1219 1570 1257 ea:
1600 1203 1771 1272 fratre
1798 1207 2122 1271 nepos’erat,
2145 1202 2394 1272 jubetque
2448 1202 2750 1259 Manuslem
2790 1206 2918 1259 urbe
2950 1206 3153 1270 cedere,
3183 1215 3229 1258 et
3257 1205 3517 1258 Joannem
3548 1205 3604 1257 in

368 1287 518 1340 illam
554 1291 847 1351 introduci,
875 1291 945 1342 ad
968 1307 1121 1360 quem
1154 1301 1361 1344 natura:
1387 1293 1496 1360 lege
1517 1291 1793 1357 imperium
1823 1289 2122 1358 pertinebat
2149 1305 2167 1351 ;
2193 1291 2545 1358 pollicebatur
2571 1294 2789 1361 insuper
2836 1310 2950 1346 cum
2985 1294 3182 1347 civibus
3218 1292 3604 1346 Constantina-

364 1377 542 1443 poleos
569 1375 808 1445 deinceps
839 1394 894 1431 se
924 1377 1144 1445 paciﬁce
1165 1387 1432 1431 acturum.
1466 1377 1668 1430 Ibidem
1703 1377 1864 1442 paulo
1897 1384 2053 1443 post:
2090 1376 2310 1431 Manuel
2337 1379 2525 1432 deinde
2553 1395 2732 1432 coram
2760 1390 2894 1433 ctetu
2917 1380 3173 1434 nobilium
3201 1381 3604 1448 primorumque

361 1463 527 1530 plebis
560 1465 798 1517 oratione
828 1466 1036 1526 habita,
1069 1468 1332 1518 triremem
1365 1465 1667 1518 conscendit
1701 1480 1816 1516 cum
1849 1479 2012 1516 uxore
2050 1477 2099 1519 et
2134 1466 2338 1529 liberis,
2375 1467 2504 1518 urbe
2543 1467 2696 1520 cessit
2745 1476 2792 1520 et
2841 1470 3079 1531 imperio,
3113 1465 3418 1534 .Ioannique
3460 1481 3606 1517 sum-

363 1569 508 1605 mam
540 1571 714 1607 rerum
747 1555 988 1610 tradidit.
1016 1557 1210 1610 lterum
1234 1565 1540 1624 postpauca
1573 1575 1583 1607 :
1614 1554 1842 1608 Navium
1879 1569 2189 1624 magnarum
2217 1569 2372 1605 unam
2397 1553 2715 1617 conscendit,
2735 1563 2783 1605 et
2808 1553 3046 1606 Venetiae
3073 1555 3298 1622 appulit,
3326 1552 3604 1604 lustrari!-

359 1657 459 1710 gtte
478 1641 716 1711 deinceps
743 1641 1123 1709 Mediolanum,
1151 1643 1405 1704 Genuam,
1433 1642 1784 1704 Florentiam,
1807 1641 2134 1702 Ferrariam,
2161 1649 2424 1708 totamque
2450 1638 2670 1691 Italiam
2699 1641 3016 1707 peragravit.
3045 1639 3308 1707 Georgius
3332 1638 3599 1702 Phranza,

363 1732 459 1785 Iih.
501 1748 515 1785 ι
547 1730 834 1796 Chrpnici,
873 1749 995 1802 cap.
1026 1733 1097 1786 20
1123 1750 1136 1785 :
1174 1733 1429 1800 Tempore
1465 1734 1780 1801 procedente
1813 1732 2008 1798 cupido
2056 1732 2430 1798 imperatorem
2460 1731 2592 1792 cepit
2621 1730 2673 1780 in
2702 1727 2928 1781 Italiatn
2953 1729 3348 1796 proficiscendi,
3373 1738 3418 1781 et
3445 1729 3603 1780 auxi-

366 1821 425 1872 lii
465 1819 690 1892 [contra
732 1820 967 1893 Tttrcas]
1007 1822 1357 1891 implorandi.
1396 1821 1570 1876 Paulo
1610 1833 1776 1890 post:
1813 1821 2088 1879 Abiturus,
2118 1816 2381 1870 Joannem
2404 1831 2467 1868 ex
2499 1804 2667 1882 fratre
2695 1806 2927 1884 nepotem
2964 1814 3032 1868 ad
3071 1816 3244 1867 urbem
3284 1816 3485 1867 interea
3519 1831 3602 1866 re-

366 1908 610 1975 gendam,
646 1920 695 1960 et
725 1911 975 1978 impetum
1001 1911 1229 1963 hostium
1255 1910 1674 1976 propulsandum
1703 1909 1974 1978 relinquit.
2021 1905 2140 1975 Ipse
2179 1923 2296 1959 eum
2323 1905 2569 1971 despaena
2606 1904 2825 1974 conjuge
2853 1906 2905 1957 in
2938 1903 3350 1971 Peloponnesum
3374 1903 3600 1964 solvens,

372 1995 575 2060 Sparta
608 2013 727 2049 eam
758 1997 898 2064 apud
955 1998 1176 2066 fratrem
1211 1997 1545 2051 Theodorum
1580 1996 1816 2064 deponit,
1844 2004 1894 2048 et
1925 1986 1979 2048 in
2009 1993 2231 2047 Italiam
2259 2007 2415 2061 porro
2448 1992 2838 2061 navigationem
2869 1992 3008 2044 subit
3037 2006 3142 2055 ;tac
3165 1990 3392 2058 primum
3438 1987 3602 2042 Vene-

377 2085 466 2134 tiis
496 2085 754 2136 eat-scendit
786 2094 946 2150 :_post
984 2085 1053 2137 ad
1079 2085 1264 2138 durem
1297 2084 1776 2138 Mediolanensium
1799 2085 1993 2152 pergit,
2029 2098 2061 2136 a
2089 2097 2191 2150 quo
2238 2078 2764 2146 honoriﬁcentissime
2810 2077 3338 2147 splendidis-sinisque
3388 2077 3599 2131 habitus

378 2180 426 2221 et
461 2172 752 2224 muneribus
783 2173 957 2226 cultus
987 2182 1088 2229 est.
2040 2189 2042 2191 ’
3601 2183 3610 2192 ν

440 2255 624 2313 XVIII.
653 2258 735 2331 Ad
773 2258 1076 2314 bianuelem
1116 2258 1482 2328 Palaeologum
1515 2259 1903 2328 imperatorem
1942 2257 2328 2327 Chrysoloras,
2356 2254 2449 2323 qui
2486 2265 2599 2308 tum
2639 2255 2783 2322 apud
2815 2251 3162 2307 Florentiuos
3199 2253 3416 2322 agebat,
3450 2251 3592 2306 invi-

367 2351 510 2399 tatus
541 2346 905 2400 Mediolanum
942 2347 1419 2416 proﬁciscebatur.
1459 2346 1776 2400 Leonarilus
1809 2345 2312 2401 Brunus'Arctinus
2339 2343 2392 2396 in
2427 2341 2671 2395 Historia
2709 2357 2883 2395 rerum
2918 2340 3246 2394 Italicarum
3275 2340 3359 2395 sui
3395 2349 3603 2408 tempo-

362 2433 433 2485 ris
477 2450 491 2484 :
528 2435 682 2499 Apud
711 2435 850 2487 hunc
871 2451 964 2503 ego
992 2437 1314 2504 magistrum
1345 2435 1667 2507 [Manuelem
1704 2434 2116 2506 Chrysoloramj
2159 2449 2319 2504 supra
2349 2432 2750 2499 bienniumfui,‘
2771 2431 3046 2484 institutus
3069 2445 3197 2482 sane
3228 2428 3488 2495 probabili
3515 2438 3600 2480 at-

357 2538 454 2588 que
483 2524 681 2590 optima
707 2523 1012 2594 disciplina.
1051 2522 1286 2577 Tandem
1323 2528 1640 2593 imperatore
1672 2525 2022 2577 Constantino
2040 2525 2095 2576 in
2128 2523 2348 2576 Italiam
2374 2521 2612 2585 advecto,
2636 2530 3008 2588 revocanteque
3030 2520 3098 2570 ad
3119 2536 3172 2572 se
3193 2517 3595 2586 Cltrysolorum,

353 2605 485 2663 abiit
520 2610 610 2664 ille
630 2609 930 2676 Florentia,
964 2621 1013 2666 et
1048 2613 1404 2666 Mediolanum
1440 2613 1510 2664 ad
1543 2615 1913 2679 imperatorem
1946 2627 2103 2666 suum
2136 2627 2192 2664 se
2226 2611 2473 2664 contulit.

423 2696 576 2752 XIX.
613 2697 754 2774 Cum
787 2700 986 2774 quibus
1013 2715 1156 2769 aegre
1197 2698 1582 2754 conciliaveris
1618 2700 1840 2753 Paulum
1868 2698 2108 2760 Jovium,
2142 2699 2258 2767 qui,
2287 2705 2573 2766 postquam
2606 2695 2957 2748 Tamerlanes
2995 2693 3180 2764 [etiam
3214 2692 3462 2747 Tetuires
3486 2692 3593 2745 dici

353 2785 581 2857 solitus]
615 2771 977 2840 T'ai‘tarorum
1020 2803 1111 2841 rex
1144 2787 1451 2860 B..jszetem
1485 2787 1788 2841 Turcarum
1820 2786 2124 2854 principem
2157 2787 2359 2838 victum
2389 2785 2646 2852 cepisset,
2677 2783 3072 2852 Cbrysolorant
3117 2781 3170 2834 in
3199 2781 3347 2834 Italia
3379 2778 3597 2832 ercas

349 2877 576 2930 litteras
602 2875 837 2929 docendi
869 2876 1156 2930 consilium
1193 2877 1406 2944 etapisse
1440 2885 1624 2928 narrat
1656 2876 1710 2928 in
1763 2875 2050 2929 doctorum
2085 2874 2325 2926 virorum
2359 2872 2552 2940 elogiis
2586 2886 2710 2940 cap.
2749 2870 2818 2924 25
2856 2888 2868 2924 :
2897 2868 3150 2938 Ofﬁcium
3178 2869 3389 2936 quidem
3425 2865 3596 2938 [Ii-ga-

349 2962 436 3036 ιη,
492 2965 589 3023 ait.
625 2964 894 3016 laboriosa
920 2964 1348 3032 peregrinatione
1371 2963 1446 3016 ita
1471 2961 1723 3028 implevit,
1758 2970 1814 3014 ut
1845 2963 1896 3014 in
1933 2961 2096 3015 Italia
2126 2963 2454 3020 subsisteret,
2484 2958 2690 3012 ercia
2720 2959 2923 3012 scilicet
2953 2959 3199 3025 prwsenti
3229 2966 3364 3008 metu
3402 2956 3596 3007 libera—

351 3059 584 3116 ta,‘cum
619 3049 955 3104 Tamerlanes
997 3059 1169 3103 terror
1205 3049 1432 3104 Orientis
1468 3048 1776 3118 Bajazetem
1813 3047 2208 3104 Othomannum
2241 3067 2274 3102 a
2319 3047 2546 3102 terribili
2577 3047 2842 3100 celeritate
2888 3045 3116 3114 fulguris
3149 3060 3433 3114 cognomen
3468 3042 3595 3094 ade-

345 3151 527 3209 ptum.
562 3143 632 3193 ad
665 3140 888 3194 Stellam
921 3152 1147 3194 montem
1198 3142 1368 3194 vivum
1400 3140 1640 3206 cepisset.
1680 3138 1866 3206 Itaque
1894 3138 2244 3209 Citrysoloras
2277 3140 2394 3191 diro
2423 3133 2640 3190 Grtrcite
2670 3137 2814 3190 hoste
2836 3134 3042 3187 sublato
3074 3131 3229 3184 la'tus
3257 3129 3594 3202 [Gratcaruut

346 3232 666 3285 litterarum
695 3232 942 3284 studium
977 3227 1264 3300 excitavit]
1321 3228 1546 3284 Venetiis
1576 3230 1830 3297 primum,
1862 3236 1909 3281 et
1944 3243 2066 3280 mox
2094 3224 2406 3287 Florentite,
2435 3222 2715 3294 Rontwque
2745 3239 2806 3276 ac
2841 3222 3052 3274 demum
3085 3219 3276 3271 Ticini.
3311 3215 3598 3270 Tanti-ria-

347 3333 446 3374 nes
485 3319 632 3372 enim
665 3318 973 3386 Bajazetetn
1005 3319 1092 3373 die
1117 3317 1245 3372 Julii
1278 3316 1371 3380 28,
1396 3333 1540 3370 anno
1580 3317 1766 3371 tnuudi
1795 3315 1984 3369 Graeco
2015 3314 2175 3377 69I0,
2204 3313 2404 3368 Christi
2435 3314 2593 3375 I402,
2627 3311 2795 3380 cepit,
2833 3307 3291 3378 quemadmodum
3325 3304 3595 3370 Georgius

345 3404 605 3462 Phranza
637 3415 1052 3462 commemorat.
1105 3407 1237 3462 Nam
1266 3407 1357 3461 lib.
1391 3423 1405 3460 ι
1463 3407 1722 3463 Chronici
1752 3421 1876 3460 cum
1910 3403 2138 3457 dixisset
2167 3417 2283 3469 cap.
2318 3401 2377 3454 2|
2418 3417 2434 3454 τ
2463 3399 2702 3454 Manuele
2731 3401 2824 3452 hoc
2850 3398 3164 3464 imperante,
3200 3394 3322 3445 dum
3358 3395 3481 3445 urbs
3509 3391 3600 3441 ob-

345 3498 584 3560 sidetur,
615 3512 708 3564 ego
761 3494 816 3548 in
847 3496 1033 3549 'lucem
1103 3496 1272 3549 editus
1325 3513 1463 3560 sunt,
1513 3511 1650 3550 anno
1679 3504 1797 3562 post
1832 3481 2064 3545 homines
2099 3482 2246 3543 natos
2283 3488 2442 3553 6909,
2467 3477 2553 3541 die
2584 3488 2808 3557 Augusti
2834 3483 2902 3539 30
2936 3501 2952 3538 :
3011 3486 3094 3538 his
3131 3483 3331 3537 ibidem
3363 3497 3486 3550 cap.
3522 3478 3598 3532 Ἦ

344 3585 642 3655 subjungit
677 3600 692 3636 :
731 3583 986 3638 Vicesimo
1037 3592 1220 3636 octavo
1250 3580 1408 3648 Julii,
1464 3582 1696 3637 Temires
1729 3580 2206 3648 Massagetarum,
2250 3575 2535 3628 Persarum
2571 3586 2620 3629 et
2667 3573 3075 3643 Aquilonariunt
3125 3571 3445 3648 Scytharum
3479 3583 3594 3629 rex,

341 3676 606 3726 Amatam
637 3670 941 3737 Bajazetem
964 3686 1082 3723 cum
1115 3685 1277 3723 uxore
1305 3679 1352 3723 et
1377 3670 1492 3738 ﬁlio
1532 3671 1700 3731 Mose,
1733 3668 1953 3734 aliisque
1980 3665 2119 3718 aula:
2151 3665 2490 3732 optimatibus
2516 3682 2620 3718 non
2651 3663 2836 3731 paucis
2870 3663 3025 3731 cepit,
3081 3671 3355 3728 totumque
3387 3659 3596 3711 exerci-

342 3771 462 3816 tum
499 3759 649 3812 illius
673 3759 977 3829 dissipavit.
1016 3760 1097 3813 Ad
1133 3759 1390 3820 eumdem
1425 3773 1630 3811 annum
1668 3753 2013 3808 Tamerlanis
2052 3753 2190 3804 hanc
2219 3751 2510 3804 victoriam
2544 3751 2732 3824 [quam
2771 3751 2898 3805 aliis
2929 3751 3087 3805 anuis
3133 3749 3225 3802 alii
3259 3747 3594 3802 recentiores

340 3845 658 3918 ascribunt]
697 3846 864 3902 refert
891 3845 1134 3901 Joannes
1169 3830 1533 3900 Leunclavius
1559 3845 1612 3898 iu
1651 3845 1902 3898 Historia:
1937 3838 2381 3893 Husulmannica:
2414 3839 2554 3892 libro
2591 3855 2701 3893 \‘Il:
2741 3855 2862 3892 cum
2900 3853 3008 3906 quo
3067 3837 3416 3890 consentiunt
3449 3829 3595 3886 Pau-

339 3933 430 3990 Ius
470 3932 804 3999 lnterianus,
837 3932 1072 3990 Ubertus
1100 3931 1331 3995 Folieta,
1362 3931 1558 3986 Petrus
1595 3930 1847 3995 Bizarus,
1879 3927 2214 3998 Augustinus
2251 3925 2595 3980 Justinianus
2649 3929 2704 3981 in
2737 3925 2911 3980 Rebus
2946 3923 3330 3987 Genuensibus,
3365 3932 3420 3976 et
3439 3919 3598 3975 Jaco-

340 4022 450 4077 bus
485 4019 704 4076 Gordus
739 4021 794 4075 in
835 4034 1000 4090 opere
1026 4019 1438 4090 chronol0gico.
3075 4025 3078 4032 -
3214 4027 3216 4030 μ
3417 4033 3419 4035 .
3581 4027 3586 4032 -

411 4108 544 4162 XX.
577 4108 717 4162 Illud
745 4119 899 4164 extra
931 4108 1328 4162 dubitationem
1365 4104 1628 4177 positum,
1665 4112 1786 4174 post
1832 4103 2136 4171 Bajazetem
2172 4119 2201 4157 a
2238 4101 2562 4158 Tamerlaue
2595 4112 2840 4172 captum,
2877 4101 3068 4156 multis
3097 4098 3258 4154 annis
3292 4095 3595 4168 Chrysalo;

339 4212 463 4250 ram
504 4204 755 4250 nostrum
810 4196 953 4250 intra
995 4185 1201 4249 Italiam
1236 4193 1579 4264 professione
1627 4183 1931 4247 litterarum
1965 4189 2276 4245 Graecarum
2313 4191 2483 4245 fuisse
2521 4191 2790 4244 functum.
2835 4189 3197 4253 Constantine,
3232 4190 3346 4255 quo
3373 4201 3432 4240 se
3463 4195 3600 4239 con-

341 4289 577 4346 tulerat,
615 4294 673 4336 ut
723 4282 926 4336 ibidem
981 4281 1220 4346 concilii,
1254 4282 1399 4352 quod
1431 4281 1499 4334 de
1530 4281 1693 4333 trium
1735 4279 1898 4334 simul
1944 4279 2333 4333 assistentium
2401 4277 2719 4347 pontiﬁcum
2774 4275 3152 4330 Romanorum
3191 4273 3593 4328 controversiis

341 4371 484 4426 ann.
515 4371 578 4428 C.
608 4361 745 4424 Ii”
784 4360 1051 4426 celebrari
1084 4369 1268 4439 coepit,
1302 4377 1672 4438 spectatorem
1709 4377 1913 4436 ageret,
1963 4366 2110 4420 diem
2143 4381 2462 4436 supremum
2501 4383 2647 4421 anno
2684 4367 3034 4435 imperatoris
3092 4365 3357 4418 Manuelis
3394 4362 3602 4416 Palico-

339 4449 450 4526 Iogi
493 4458 587 4518 24,
615 4455 824 4512 Christi
847 4453 999 4510 IIIS
1023 4457 1182 4510 obiit.
1219 4454 1463 4522 Rap’hael
1492 4451 1718 4508 Malieus
1743 4453 2157 4508 'Volaterranns
2205 4457 2751 4509 commentarior'utu‘
2775 4455 2870 4507 lib.
2901 4469 2994 4507 ut
3029 4471 3042 4508 :
3076 4452 3352 4506 Postremo
3386 4452 3440 4503 in
3470 4465 3601 4503 con-

339 4549 534 4599 cilium
561 4543 965 4617 Constantiense
992 4553 1039 4596 et
1073 4544 1181 4622 ipse
1205 4543 1580 4612 profectusyin
1615 4543 1791 4594 eodem
1827 4541 1939 4593 loco
1972 4545 2267 4596 exstinctus
2294 4553 2386 4597 est.
2425 4542 2657 4597 Jacobus
2685 4543 2970 4610 Philippus
3001 4541 3262 4596 Forestus
3300 4540 3598 4607 Bergomas

337 4634 396 4688 in
431 4627 1256 4700 CltronicOrutn‘Supplcmeuto
1295 4629 1360 4682 ad
1391 4643 1518 4682 ann.
1554 4627 1618 4682 C.
1656 4628 1794 4683 I598
1827 4647 1841 4682 :
1883 4627 2117 4700 Indeque
2139 4633 2349 4684 curiam
2390 4629 2708 4684 Romanam
2737 4646 2857 4682 cum
2884 4639 3092 4682 secutus
3114 4630 3348 4698 fuisset,
3372 4638 3422 4679 et
3453 4626 3597 4694 apud

341 4710 743 4784 Constantiam,
775 4721 865 4774 ubi
893 4717 1134 4790 generale
1163 4717 1447 4772 concilium
1476 4717 1795 4781 celebratur,
1822 4723 2066 4772 accessit.
2103 4719 2305 4772 Ibidem
2342 4725 2502 4786 paulo
2528 4727 2651 4786 post
2676 4735 2692 4771 :
2719 4716 3050 4770 Constantia:
3080 4716 3293 4770 tandem
3320 4715 3594 4782 deﬁciens,

343 4830 374 4864 α
418 4811 622 4880 I’oggio
659 4807 970 4862 Florentino
1003 4805 1259 4874 discipulo
1292 4821 1386 4858 suo
1424 4805 1690 4874 melliﬂua
1722 4807 1962 4858 oratione
1999 4807 2371 4859 coltonestatus
2397 4816 2495 4858 est.
2519 4807 2652 4870 Quae
2683 4805 2908 4859 totidem
2959 4805 3145 4859 verbis
3179 4805 3231 4857 in
3269 4803 3594 4856 Chronicon

343 4909 512 4952 suum
554 4895 927 4950 IIartmannus
965 4893 1288 4948 Schedelius
1322 4895 1617 4945 transtulit.
1654 4892 1855 4946 Paulus
1883 4891 2074 4947 Jovius
2105 4895 2158 4946 in
2191 4895 2477 4947 doctorum
2507 4894 2752 4947 virorum
2784 4893 2980 4961 elogiis
3014 4907 3137 4960 cap.
3171 4891 3240 4944 25
3271 4909 3282 4942 :
3318 4889 3594 4943 Postremo

341 5005 467 5040 cum
503 4989 574 5040 ad
607 4986 896 5040 tollendam
930 4983 1439 5053 pseudopontiﬁcum
1470 4982 1884 5034 controversiam
1911 4982 2115 5034 indicta
2138 4981 2369 5050 synodus
2407 4981 2546 5033 tanti
2573 4981 2868 5048 spectaculi
2897 4979 3147 5044 cupidum
3177 4980 3471 5038 excivisset,
3505 4993 3598 5030 ex-
3693 5051 3696 5054 .

340 5087 626 5130 auctorata
663 5075 988 5128 Balthasare
1018 5073 1206 5137 Cassa,
1237 5070 1566 5125 Constantia:
1590 5072 1812 5124 interiit.
1843 5070 2120 5125 Posterior
2152 5083 2277 5137 pars
2309 5067 2606 5138 Iipitaphii,
2637 5067 2783 5137 quod
2819 5067 3168 5136 Chrysolora:
3199 5074 3389 5119 nostro
3424 5065 3476 5118 in
3506 5081 3598 5119 ur-

343 5163 413 5218 bu
448 5161 776 5217 Constantia
805 5162 1045 5230 positum
1077 5169 1182 5225 est,
1215 5158 1377 5228 cujus
1409 5167 1618 5228 partem
1672 5159 1912 5225 priorem
1951 5156 1977 5226 ᾗ
2007 5173 2020 5210 l
2057 5154 2111 5208 iu
2145 5153 2385 5216 medium
2417 5156 2620 5223 protuli
2654 5169 2668 5209 :
2709 5153 2796 5208 Vir
2830 5141 3194 5218 doctissimus,
3223 5152 3584 5221 prudentissi-

338 5255 484 5311 mus,
517 5251 748 5318 optimus
784 5251 872 5319 qui
908 5259 1140 5316 tempore
1193 5247 1451 5316 generalis
1489 5245 1703 5298 concilii
1755 5243 2182 5298 Constantiensis
2230 5246 2370 5298 diem
2429 5245 2582 5308 obiit,
2619 5259 2679 5297 ea
2711 5243 3129 5306 existimatione,
3164 5253 3218 5295 ut
3259 5242 3320 5293 ab
3356 5241 3602 5295 omnibus

338 5332 638 5393 sacerdolio
670 5338 859 5408 dignus
890 5336 1188 5390 haberetur.
1224 5333 1322 5388 Die
1343 5334 1415 5389 ‘25
1444 5334 1640 5402 Aprilis
1671 5332 1914 5385 conditus
1950 5346 2024 5385 est
2057 5348 2196 5385 anno
2233 5334 2388 5387 1415.
