4080 6638
449 511 520 576 ει
1533 592 1535 595 ι
1583 519 1740 578 MAN
1755 519 1981 580 usus
2016 521 2537 608 CHRYSOLORAS
3621 521 3700 588 at

878 821 1856 1001 MANUELIS
1946 845 3302 1004 CHRYSOLOR/E

1666 1131 2456 1247 EPISTOL/E.

453 1614 818 1686 Eruditissimi
861 1618 958 1670 viri
1027 1617 1287 1672 Manueh’s
1320 1618 1654 1686 Chrysolora:
1691 1621 1916 1686 epistola
1952 1623 2020 1673 ad

521 1684 781 1739 Joannem
802 1687 1191 1753 imperatorem,
1224 1706 1327 1757 qua
1371 1684 1554 1743 veteris
1585 1707 1644 1742 ac
1677 1684 1820 1744 ιιουαξ
1852 1689 2026 1744 Romae

523 1760 844 1821 ramparatio
872 1760 1187 1811 continetur.

528 1871 602 1924 De
653 1873 856 1940 quibus
931 1871 1198 1941 prolixius
1253 1873 1320 1928 ad
1379 1884 1431 1928 te
1485 1875 1823 1929 referendum
1884 1882 2024 1939 erat,

448 1961 652 2029 Optime
687 1962 1004 2032 imperator,
1031 1979 1092 2018 ea
1119 1965 1240 2019 aliis
1281 1965 1479 2020 litteris
1527 1966 1848 2041 perscripsi,
1884 1982 2022 2034 quas

450 2066 559 2112 una
606 2070 731 2108 cum
771 2055 920 2110 hisce
952 2056 1019 2109 ad
1053 2065 1106 2109 te
1147 2058 1412 2125 perlatum
1443 2057 1506 2110 iri
1541 2066 1708 2126 puto:
1744 2059 1874 2127 quin
1912 2059 2024 2112 imo

445 2158 572 2200 eum
594 2147 758 2200 multa
781 2147 1000 2216 quidem
1024 2147 1132 2216 jam
1155 2158 1277 2203 ante
1303 2150 1425 2202 hinc
1453 2151 1517 2202 ad
1541 2159 1591 2202 te
1611 2150 1946 2219 scripserim,
1973 2159 2026 2204 et

447 2250 555 2290 non
586 2251 756 2305 pauca
778 2239 941 2292 etiam
970 2240 1300 2308 nuperrimis
1350 2241 1567 2300 litteris,
1601 2241 1804 2308 placuit
1846 2251 2023 2293 tamen

447 2337 501 2382 et
532 2327 644 2384 haec
679 2330 1012 2400 subjungere
1039 2331 1356 2400 voluptatis,
1399 2347 1506 2387 non
1546 2333 1799 2386 utilitatis
1815 2334 2023 2403 gratia:

449 2432 612 2486 quam
648 2434 757 2474 non
790 2420 1042 2491 exiguam
1090 2435 1178 2475 me
1208 2423 1486 2492 percipere
1514 2423 1712 2487 sentio,
1746 2423 1873 2477 dum
1907 2437 2026 2478 mea

448 2512 652 2581 scripta
681 2527 854 2567 sacra:
887 2525 990 2568 tua:
1013 2513 1277 2583 Majestati
1334 2515 1525 2572 oﬂ'ero.
1577 2516 1856 2571 Materiam
1899 2531 2026 2572 vero

446 2604 730 2672 praesentis
755 2606 1068 2675 scriptionis
1098 2622 1164 2662 ex
1225 2609 1326 2662 bac
1379 2609 1516 2662 urbe
1588 2608 1825 2676 capiam,
1862 2623 2022 2680 quam

447 2703 606 2750 antea
663 2696 882 2766 quidem
933 2713 1000 2753 ex
1055 2698 1287 2754 aliorum
1349 2699 1708 2754 relationibus
1783 2699 2028 2753 admira-

447 2785 722 2843 bar:sed
775 2803 920 2844 nunc
963 2805 1030 2844 ex
1085 2790 1205 2858 ipsa
1262 2791 1600 2861 inspectione
1670 2791 1841 2844 multo
1902 2805 2022 2843 eam

2871 1509 2946 1562 A'.

2134 1621 2244 1675 Τοῦ
2279 1621 2643 1687 λογιωτάτου
2687 1619 2976 1689 Μανουὴλ
3012 1622 3375 1687 Χρυσολωριῑ
3403 1625 3698 1690 ἐπιστολὴ

2199 1692 2347 1766 πρὸς
2377 1692 2484 1766 τὸν
2542 1691 2824 1766 Ἰωάνγηκ
2849 1693 3138 1766 βασιλέα,
3166 1692 3260 1754 ⁵ἐν
3294 1691 3328 1766 ᾗ
3380 1695 3699 1763 σύγκρισις

2206 1760 2314 1827 τῆς
2345 1759 2606 1826 παλαιᾶς
2642 1761 2737 1813 καὶ
2760 1762 2901 1826 νέας
2940 1761 3188 1830 Ῥώμης.
3295 1759 3321 1766 ”
3384 1794 3414 1822 ι

2201 1877 2425 1945 Ἀριστε
2468 1875 2710 1944 βασιλεῦ,
2763 1875 2798 1928 ἃ
2835 1875 2932 1945 μὲν
2959 1877 3062 1929 ἔδει
3090 1876 3178 1930 διὰ
3229 1879 3437 1930 πολλῶν
3467 1879 3601 1948 πρὸς
3638 1877 3698 1930 τὸ

2129 1968 2222 2021 σὸν
2262 1968 2465 2038 κράτος
2517 1968 2849 2034 ἀνενεγκεῖν,
2895 1969 2952 2020 ἐν
2983 1969 3163 2029 ἄλλοις
3212 1970 3488 2038 γέγραφα,
3520 1969 3556 2023 ἃ
3604 1971 3698 2023 καὶ

2128 2059 2266 2110 αὐτὰ
2298 2056 2447 2118 εἰκὸς
2487 2056 2778 2123 ἀφίξεσθαι
2814 2057 2950 2124 μετὰ
2990 2056 3100 2108 τῶν
3134 2057 3441 2125 παρόντων,
3499 2056 3700 2125 μᾶλλον

2125 2149 2182 2201 δὲ
2210 2147 2378 2200 πολλὰ
2409 2147 2507 2216 μὲν
2535 2145 3070 2217 πρότερον-ἐντεῦθεν
3091 2147 3344 2214 γέγραφα
3373 2162 3387 2176 ·
3418 2146 3516 2198 οὐκ
3541 2145 3697 2211 ὀλίγα

2127 2242 2184 2294 δὲ
2213 2241 2378 2302 εὐθὺς
2425 2240 2531 2308 πρὸ
2585 2240 2810 2292 τούτων.
2853 2239 3037 2304 Ἔδοξε
3081 2241 3134 2292 δὲ
3185 2241 3334 2309 ὅμως
3378 2242 3474 2294 καὶ
3521 2240 3696 2293 ταῦτα

2130 2332 2446 2401 προσθεῖναι
2479 2331 2696 2402 ἡδονῆς,
2721 2333 2781 2383 ού
2822 2331 3009 2401 χρείας
3026 2331 3214 2383 ἕνεκεν
3239 2347 3256 2362 ⁵
3289 2332 3354 2401 ἢν
3388 2333 3449 2383 οὗ
3488 2332 3695 2400 μικρὰν

2128 2423 2246 2478 οἶδα
2295 2423 2676 2494 καρπούμενος
2706 2425 2770 2476 ἐκ
2809 2423 2902 2476 τοῦ
2950 2425 3076 2485 τοὺς
3121 2426 3287 2488 ἐμοὺς
3331 2423 3523 2490 λόγους
3560 2423 3696 2492 πρὸς

2127 2520 2226 2588 τὴν
2258 2517 2356 2583 σὴν
2403 2516 2657 2583 Θειότητα
2691 2515 3002 2585 ἀναφέρειν.
3037 2514 3210 2584 ’Υλην
3244 2515 3301 2567 δὲ
3345 2515 3455 2568 τῶν
3490 2515 3692 2583 παρόν-

2127 2627 2237 2662 των
2289 2610 2462 2675 λόγων
2495 2610 2603 2662 ἀπὸ
2653 2611 2751 2676 τῆς
2805 2609 3014 2670 πόλεως
3063 2610 3266 2676 ταύτης
3315 2607 3577 2678 λήψομαι,
3627 2605 3694 2676 ην

2131 2700 2398 2768 πρότερον
2454 2700 2551 2768 μὲν
2597 2699 2702 2755 ἀπὸ
2746 2699 2852 2750 τῶν
2908 2701 3305 2767 ἱστορουμένων
3354 2698 3482 2768 περὶ
3523 2698 3693 2767 αὐτῆς

2133 2790 2474 2860 ἐθαύμαζονο
2512 2789 2605 2842 νῦν
2641 2790 2697 2843 δὲ
2731 2790 2826 2842 ἀπ’
2869 2790 3040 2859 αὐτῆς
3077 2791 3169 2856 τῆς
3219 2789 3396 2858 ὅψεως
3442 2787 3696 2856 γενέσθαι

448 2878 624 2947 magis
647 2879 1021 2936 admirandam
1049 2852 1259 2952 judico,
1293 2852 1456 2952 quam
1481 2899 1544 2937 ex
1578 2883 1644 2937 iis
1671 2898 1792 2952 qua:
1831 2882 1897 2938 de
1929 2882 2022 2936 illa

2132 2852 2608 2951 θαυμασιωτέραν,
2643 2883 2674 2950 ἢ
2720 2882 2795 2943 ὡς
2827 2883 2892 2935 ἄν
2919 2852 3010 2944 τις
3048 2852 3235 2944 ἅπλῶς
3263 2852 3552 2935 ἐἰκάσειεν
3587 2881 3694 2933 ἀπὸ

447 2980 747 3026 narrantur
809 2973 1130 3042 simpliciter
1197 2974 1396 3044 aliquis
1439 2974 1717 3043 conjiciat.
1779 2975 1844 3027 Et
1894 2991 2028 3030 sane

451 3063 687 3116 maxima
716 3062 783 3118 de
809 3079 872 3119 ea
895 3063 1230 3128 referuntur,
1289 3081 1398 3121 non
1453 3066 1521 3121 ab
1582 3065 1650 3120 iis
1697 3065 1875 3121 solum
1933 3065 2028 3134 qui

450 3154 745 3208 vernacula
794 3155 976 3233 lingua
1055 3158 1206 3212 hisee
1227 3157 1293 3212 de
1350 3158 1518 3213 rebus
1570 3158 1838 3227 scripsere
1869 3197 1886 3223 ,
1935 3157 2026 3211 sed

452 3245 615 3299 etiam
655 3262 684 3300 a
713 3252 916 3303 nostris
963 3247 1135 3304 ferme
1193 3249 1474 3312 omnibus,
1538 3249 1779 3304 maxime
1810 3264 1841 3304 a
1896 3249 2028 3302 viris

458 3337 660 3404 doctis,
691 3341 780 3407 qui
812 3339 865 3392 in
907 3355 970 3394 ea
1010 3331 1206 3396 versati
1248 3341 1447 3398 fuere:
1485 3343 1554 3396 ita
1598 3353 1657 3396 ut
1688 3342 1776 3396 alii
1807 3341 2025 3411 quidem

449 3431 728 3485 orationes
761 3430 1026 3501 integras,
1057 3432 1148 3486 alii
1188 3433 1357 3488 libros
1394 3432 1462 3488 de
1494 3433 1615 3501 ejus
1663 3433 1934 3498 laudibus,
1968 3440 2029 3486 ut

451 3520 618 3583 nosti,
639 3521 979 3590 reliquerint.
1012 3523 1114 3576 Alii
1145 3533 1324 3578 autem
1358 3523 1545 3592 paucis
1575 3523 1756 3578 verbis
1790 3525 2024 3577 maxima

364 3604 378 3612 ’
449 3615 518 3670 de
539 3615 872 3671 eadixeruut
905 3633 920 3670 :
953 3618 1114 3686 quale
1142 3619 1316 3673 ethoc
1341 3616 1609 3688 Sophiste
1642 3619 1788 3673 illius
1809 3619 1902 3673 tibi
1935 3619 2028 3672 ad-

451 3705 671 3761 modum
693 3706 844 3761 chari
877 3707 1256 3774 etfamiliaris,
1288 3699 1506 3778 quodin
1540 3696 1769 3777 epistola
1792 3709 2025 3776 quadam

451 3797 904 3852 breviverborum
934 3800 1141 3853 ambitu
1176 3801 1471 3853 maximum
1489 3800 1555 3854 de
1583 3815 1645 3853 ea
1680 3800 2025 3868 pronuntiat,

454 3887 608 3944 hisce
632 3889 836 3953 verbis,
866 3890 911 3942 si
946 3898 1088 3944 recte
1119 3890 1363 3954 memini,
1399 3889 1453 3943 in
1485 3888 1755 3959 principio
1783 3887 2025 3956 epistola:

451 3993 587 4033 usus
617 3995 632 4032 :
665 3976 772 4033 Fac
802 3980 972 4034 nostri
1005 3980 1323 4034 memoriam
1353 3995 1562 4044 serves,
1591 3989 1880 4050 pOStquam
1916 3965 2027 4034 Ro-

448 4085 595 4125 mam
653 4071 974 4139 pervenisti,
1042 4083 1206 4141 atque
1242 4071 1552 4127 istiusmodi
1620 4071 1794 4138 vides,
1843 4072 2026 4141 qualia

448 4167 576 4214 ante
613 4174 722 4213 non
747 4161 997 4226 videras;
1029 4176 1137 4215 non
1171 4170 1372 4216 terram
1398 4161 1568 4224 illam,
1594 4163 1688 4217 sed
1721 4162 1843 4217 caeli
1863 4163 2028 4232 parti-

449 4251 624 4305 culam
661 4266 782 4307 esse
815 4253 1025 4308 tibimet
1080 4255 1182 4323 ipsi
1217 4256 1576 4324 persuadens.
1599 4252 1716 4307 Non
1740 4255 1884 4307 enim
1927 4255 2028 4308 mi-

459 4359 579 4397 rum
612 4354 697 4400 est
725 4360 825 4401 nos
885 4346 961 4400 tui
995 4346 1332 4400 meminisse.
1367 4345 1498 4400 Nam
1528 4346 1655 4399 dum
1711 4360 1926 4414 semper
1973 4346 2026 4398 in

449 4433 671 4496 iisdem,
702 4450 881 4505 neque
924 4435 1034 4490 ulla
1092 4437 1146 4490 ln
1178 4450 1238 4491 re
1279 4451 1418 4492 nova
1485 4451 1768 4492 versamur
1822 4435 2028 4490 amicos

449 4529 874 4596 respiceremus.

520 4616 699 4685 Atque
717 4616 835 4670 haec
861 4617 928 4671 ad
946 4615 1191 4672 Graecum
1211 4618 1293 4673 vel
1315 4618 1532 4689 Syrum,
1555 4618 1842 4688 civemque
1869 4632 2027 4672 suum

451 4709 719 4778 scripsit:
752 4723 947 4764 nomen
974 4712 1120 4764 enim
1155 4714 1334 4782 ipsum
1368 4727 1479 4766 non
1539 4714 1676 4767 satis
1727 4712 2026 4776 recordor;

453 4815 580 4852 cum
611 4809 796 4854 tamen
832 4801 1138 4857 Antiochiae
1168 4803 1627 4872 pulchritudinem
1661 4819 1783 4858 cum
1819 4803 1886 4858 ab
1908 4803 2029 4856 aliis

453 4893 665 4956 multis,
694 4902 807 4946 tum
831 4895 899 4947 ab
923 4895 1113 4950 eodem
1163 4907 1387 4952 auctore
1436 4897 1705 4952 celebrari
1753 4895 2028 4958 audimus,

453 5002 515 5037 ea
542 4985 792 5039 oratione
824 5000 928 5054 qua
975 4987 1162 5054 patriae
1210 5002 1322 5042 suae
1376 4980 1562 5042 laudes
1613 4996 2027 5046 commemorat,

453 5075 540 5126 cui
569 5072 639 5126 ab
664 5071 853 5127 eadem
887 5090 1083 5151 nomen
1143 5078 1426 5146 imposuit.
1457 5076 1597 5144 Quin
1624 5087 1678 5132 et
1717 5079 1858 5132 alius
1886 5078 2032 5146 ejus-

455 5167 577 5220 dem
634 5166 894 5232 civitatis,
935 5183 1086 5223 nunc
1146 5185 1276 5224 vero
1325 5170 1486 5224 etiam
1549 5171 1812 5225 caelorum
1872 5171 2028 5232 civis,

455 5258 616 5327 cujus
637 5273 697 5313 os
713 5268 875 5328 atque
907 5259 1088 5325 lingua
1137 5260 1204 5315 ab
1235 5275 1371 5314 auro
1401 5275 1704 5330 cOgnomen
1743 5275 2024 5330 accepere,

455 5352 692 5420 plurima
726 5353 928 5422 passim
960 5353 1027 5408 de
1059 5367 1120 5406 ea
1153 5353 1411 5422 praedicat
1442 5372 1456 5407 :
1499 5355 1583 5409 vel
1612 5355 1678 5408 ad
1707 5369 1894 5408 eorum
1927 5353 2031 5406 ali-

458 5458 621 5512 quem
653 5445 747 5513 qui
778 5443 964 5498 Asiam
1012 5458 1077 5499 eo
1133 5452 1374 5514 tempore
1423 5447 1773 5501 incolebant:
1833 5445 1885 5499 in
1925 5459 2030 5514 qua

461 5532 687 5588 lthodus
719 5540 848 5588 tunc
877 5543 997 5588 erat
1019 5541 1073 5588 et
1104 5533 1360 5605 Smyrna,
1395 5544 1450 5589 et
1481 5524 2033 5605 pulcherrima‘orbis

459 5637 727 5682 terrarum
761 5627 936 5697 signa.
971 5625 1102 5680 Erat
1125 5643 1346 5698 quoque
1387 5628 1438 5680 in
1489 5628 1677 5682 eadem
1738 5625 2028 5695 Ephesium

460 5721 643 5774 Dianae
670 5721 948 5789 templum,
991 5727 1046 5774 et
1075 5722 1323 5776 colossus
1369 5720 1638 5781 Rhodius,
1677 5727 1731 5772 et
1778 5719 1831 5772 in
1884 5716 2032 5769 Hali-

457 5823 719 5866 carnasso
754 5789 982 5864 Mausoli
1005 5811 1336 5880 sepulcrum,
1402 5825 1633 5880 quorum
1665 5810 1907 5862 omnium
1942 5817 2036 5861 aut

459 5902 850 5974 plerorumque
879 5904 1121 5976 reliquiae
1154 5915 1265 5960 tum
1299 5905 1475 5958 adhuc
1531 5903 2033 5973 coaspicichanzur,

2128 2974 2238 3025 τῶν
2271 2973 2584 3042 λεγομένων
2618 2975 2749 3043 περὶ
2791 2973 2962 3042 αὐτῆς
3008 2973 3199 3042 κρίνω.
3238 2973 3434 3026 Καίτοι
3477 2972 3695 3043 εἴρηται

2133 3065 2232 3134 μὲν
2287 3063 2506 3133 ἀληθῶς
2563 3065 2794 3134 μέγιστα
2829 3067 2957 3135 περὶ
2987 3065 3180 3134 αὐτῆς,
3212 3065 3273 3117 οὐ
3337 3064 3495 3132 μόνον
3548 3063 3695 3133 παρὰ

2130 3156 2238 3208 τῶν
2269 3159 2332 3223 τῇ
2369 3155 2582 3225 πατρίῳ
2621 3158 2772 3225 φωνῇ
2803 3157 2932 3225 περὶ
2966 3155 3173 3207 τούτων
3206 3153 3690 3222 συγγεγραφότων,

2127 3245 2244 3298 ἀλλ’
2283 3244 2384 3315 ἢδη
2435 3249 2529 3297 καὶ
2566 3245 2721 3315 παρὰ
2745 3245 2850 3297 τῶν
2903 3245 3190 3313 ἡμετέρων
3237 3243 3422 3312 σχεδὸν
3453 3244 3692 3308 πάντων,

2128 3337 2225 3391 καὶ
2277 3338 2386 3389 τῶν
2435 3335 2758 3405 ἐλλογίμων,
2805 3337 2920 3388 ὅσοι
2970 3336 3094 3388 κατ’
3140 3335 3312 3404 αὐτὴν
3361 3335 3691 3402 γεγόνασινο

2130 3430 2271 3482 ὥστε
2305 3431 2441 3492 τοὺς
2498 3430 2598 3498 μὲν
2646 3429 2832 3495 λόγους
2891 3429 3064 3492 ὅλους,
3103 3427 3226 3490 τοὺς
3267 3425 3323 3478 δὲ
3361 3423 3565 3495 βιϐλία,
3617 3424 3694 3485 ὡς

2128 3515 2306 3584 clo-0a,
2339 3518 2588 3589 ἐγκώμια
2615 3520 2784 3588 αὐτῆς
2809 3521 3151 3572 καταλιπεῖν.
3190 3518 3373 3570 Ἀλλοι
3398 3517 3454 3569 δὲ
3483 3517 3541 3568 έν
3567 3515 3699 3584 βρο-

2132 3613 2253 3680 χέσι
2291 3613 2520 3682 μέγιστα
2544 3614 2670 3681 περὶ
2695 3612 2863 3680 αὐτῆς
2895 3613 3214 3682 εἰρήκασινο
3249 3605 3359 3663 οἷον
3384 3610 3477 3662 καὶ
3510 3609 3570 3660 τὸ
3601 3607 3694 3659 τοῦ

2131 3704 2386 3771 σοφιστοῦ
2420 3705 2629 3756 ἐκείνου
2657 3704 2752 3756 τοῦ
2789 3704 2931 3756 πάνυ
2971 3703 3124 3773 φίλου
3156 3704 3250 3756 καὶ
3294 3702 3523 3765 οἰκείου,
3554 3701 3693 3766 ὅπερ

2129 3798 2189 3850 ἑν
2215 3797 2382 3866 ὀλίγῳ
2423 3797 2679 3866 μέγιστον
2733 3798 2940 3858 ἐκεῖνος
2991 3799 3047 3848 ἐν
3094 3795 3354 3865 ἐπιστολῇ
3392 3794 3526 3864 πρός
3575 3793 3697 3847 τινὰ

2129 3904 2264 3957 φησι
2297 3887 2423 3958 περὶ
2443 3887 2634 3956 αὐτῆς,
2666 3886 2810 3940 οὕτω
2843 3904 2958 3949 πως
2989 3887 3153 3949 εὐθὺς
3190 3888 3250 3939 ὲν
3281 3886 3422 3956 ἀρχῇ
3451 3886 3548 3954 τῆς
3577 3886 3697 3936 επι-

2129 3978 2345 4045 στολῆς,
2379 3981 2426 4030 εί
2479 3978 2660 4040 καλῶς
2698 3978 2984 4046 μέμνημαι
3030 3977 3140 4028 τῶν
3186 3978 3451 4046 ῥημάτων
3492 3975 3692 4039 αὐτῶν,

2127 4069 2301 4136 λέγων
2325 4086 2339 4100 ·
2373 4069 2514 4138 Ἀρα
2541 4070 2818 4138 μέμνησαι
2854 4068 3009 4136 ἡμῶν
3038 4069 3118 4130 εἰς
3156 4067 3378 4137 Ῥώμην
3406 4065 3693 4135 ἀπηρκὼς,

2131 4165 2224 4213 καὶ
2255 4161 2549 4229 θεώμενος,
2583 4159 2670 4212 οἷα
2692 4162 2753 4212 οὑ
2781 4161 3043 4231 πρότερον
3078 4160 3278 4213 πείθων
3307 4177 3364 4211 τε
3396 4160 3589 4211 σαυτὸν
3620 4157 3696 4220 ὡς

2131 4253 2231 4304 οὐκ
2265 4250 2381 4304 ἔστι
2429 4251 2498 4319 γῆ
2544 4249 2706 4320 αὕτη,
2749 4250 2863 4302 ἀλλ’
2897 4249 3127 4320 ούρανοῦ
3179 4251 3347 4320 μέρος
3397 4267 3469 4302 τι.
3519 4250 3695 4316 Ἡμεῖς

2135 4345 2232 4413 μὲν
2263 4343 2372 4411 γάρ
2421 4360 2514 4395 σου
2555 4341 2864 4412 μεμνῆσθαι
2898 4342 3207 4412 θαυμαστὸν
3251 4340 3420 4394 οὐδέν.
3465 4340 3552 4392 Ἐν
3584 4340 3692 4409 γὰρ

2132 4441 2240 4498 τοῖς
2275 4438 2458 4498 αὐτοῖς
2489 4438 2651 4504 ἡμεῖς
2697 4437 2789 4488 καὶ
2827 4435 3005 4488 οὐδενὶ
3036 4434 3206 4505 καινῷ
3253 4433 3690 4503 καταφρονοῐμεν

2133 4524 2198 4578 ἂν
2227 4525 2336 4578 τῶν
2364 4525 2554 4593 φίλων.

2203 4619 2394 4672 Καίτοι
2447 4617 2582 4687 πρὸς
2618 4618 2856 4689 Ἕλληνα
2910 4618 3081 4686 δήπου
3131 4617 3301 4671 ταῦτα
3352 4617 3611 4687 ἔγραφεν,
3655 4613 3688 4682 ἢ

2133 4711 2325 4780 Σύρον,
2351 4711 2444 4764 καὶ
2471 4709 2637 4764 αὐτοῦ
2668 4709 2898 4781 πολίτην
2919 4727 2933 4740 ο
2969 4713 3032 4764 οὐ
3062 4711 3346 4780 μέμνημαι
3373 4709 3481 4778 γὰρ
3512 4705 3696 4768 καλῶς

2131 4799 2223 4852 τοῦ
2259 4799 2526 4868 ὀνόματος
2574 4801 2816 4852 ἐκείνου·
2849 4799 3121 4869 ἀκούομεν
3158 4799 3214 4851 δὲ
3252 4799 3312 4850 τὸ
3346 4798 3446 4866 τῆς
3495 4797 3699 4848 Ἀντιο-

2133 4891 2283 4959 χείας
2330 4889 2526 4951 κάλλος
2567 4892 2718 4958 παρὰ
2751 4891 2956 4944 πολλῶν
2986 4909 3046 4944 τε
3076 4891 3268 4955 ἄλλων,
3307 4891 3399 4942 καὶ
3445 4885 3608 4941 αὐτοῦ
3637 4886 3695 4940 δὲ

2133 4982 2367 5044 ἐκείνου,
2401 4985 2458 5034 ὲν
2486 4977 2564 5043 οἷς
2585 4983 2677 5034 ἐπὶ
2704 4983 2799 5033 τοῦ
2830 4983 3119 5052 ὁμωνύμου
3144 4982 3318 5053 ταύτῃ
3346 4981 3502 5048 λόγου
3526 4978 3699 5047 ἐγκώ-

2136 5092 2235 5143 μια
2270 5077 2368 5144 τῆς
2407 5075 2659 5142 πατρίδος
2691 5075 2910 5143 γράφει.
2949 5075 3057 5127 Καὶ
3087 5075 3242 5135 ἄλλος
3283 5075 3338 5126 δὲ
3390 5074 3560 5140 αὐτῆς
3599 5088 3697 5124 πο-

2134 5166 2306 5234 λίτης,
2341 5165 2436 5217 νῦν
2468 5165 2523 5217 δὲ
2548 5166 2641 5218 καὶ
2667 5166 2775 5218 τῶν
2798 5165 3046 5235 οὐρανῶν
3078 5166 3320 5234 πολίτης,
3348 5165 3408 5215 οὐ
3439 5164 3498 5215 τὸ
3525 5164 3698 5230 στόμα

2133 5262 2228 5311 καὶ
2264 5260 2296 5327 ἡ
2331 5257 2546 5324 γλῶττα
2578 5258 2766 5327 ἔτυχον
2791 5257 2890 5322 τῆς
2920 5257 3028 5309 ἀπὸ
3058 5258 3149 5308 τοῦ
3185 5257 3386 5325 χρυσοῦ
3418 5271 3700 5324 προσηγο-

2137 5345 2280 5414 ρίας,
2315 5345 2544 5397 πλεῖστα
2594 5344 2863 5414 πολλαχοῦ
2900 5346 3048 5411 λέγει
3079 5349 3209 5413 περὶ
3250 5344 3421 5412 αὐτῆς
3445 5360 3459 5375 ο
3492 5342 3524 5412 ἢ
3561 5343 3697 5410 πρός

2135 5452 2254 5489 τινα
2283 5436 2391 5489 τῶν
2441 5435 2536 5507 τὴν
2577 5437 2763 5490 Ἀσίαν
2805 5436 2922 5488 τότε
2952 5436 3264 5501 οἰκούντων,
3298 5435 3383 5503 ἐφ’
3411 5429 3478 5505 ἦς
3516 5433 3700 5493 Ῥόδος

2137 5523 2204 5599 ἦν
2236 5530 2355 5581 τότε
2391 5530 2486 5581 καὶ
2533 5528 2778 5598 Σμύρνα,
2813 5531 3003 5582 καὶτὰ
3053 5527 3346 5595 ἀγάλματα
3387 5527 3484 5592 τῆς
3515 5525 3702 5578 οἰκου-

2143 5619 2332 5689 μένης.
2369 5619 2630 5686 Γεγόνασι
2660 5619 2719 5672 se
2760 5622 2816 5671 ἐν
2847 5620 3028 5688 ἐκείνῃ
3077 5619 3168 5669 καὶ
3197 5619 3224 5669 ό
3263 5618 3318 5668 ἐν
3365 5614 3576 5682 Ἐφέσῳ
3603 5616 3705 5682 τῆς

2153 5712 2465 5780 Ἀρτέμιδος
2496 5712 2642 5777 ναὸς,
2675 5713 2768 5764 καὶ
2799 5713 2826 5764 ὁ
2858 5714 2914 5765 ὲν
2939 5714 3003 5780 τῇ
3048 5711 3215 5779 Ῥόδῳ
3256 5709 3528 5773 κολοσσὸς,
3561 5705 3655 5758 καὶ
3679 5709 3706 5757 ό

2143 5805 2200 5856 ὲν
2243 5804 2654 5875 Ἁλικαρνασσῷ
2689 5803 2782 5857 τοῦ
2813 5803 3113 5858 Μαυσώλου
3147 5803 3336 5869 τάφος,
3382 5793 3456 5853 ὧν
3492 5799 3706 5851 πάντων

2147 5898 2180 5968 ἡ
2213 5914 2375 5951 τινων
2421 5895 2503 5950 ἔτι
2537 5895 2764 5966 λείψανα
2799 5896 3027 5966 ἑωρᾶτο.
3075 5895 3138 5947 El
3183 5893 3363 5963 βούλει
3414 5890 3493 5952 δὲ,
3529 5889 3708 5958 θῶμεν
