4080 6616
345 482 427 554 εδ
1407 516 1411 519 τ
1438 489 1707 551 EPISTO
1717 491 1807 549 LA
1848 492 1909 551 Α]

2013 491 2351 553 ῘΟΑΝΝΕΜ
2388 493 2537 557 IMP.
3522 496 3609 562 ’26
3674 538 3693 544 σ

340 591 555 652 ἒκείνον
584 597 646 665 ἐξ
676 599 956 668 Αἰγύπτου
978 599 1073 654 καὶ⁵
1092 601 1297 670 Λιϐύης
1332 597 1493 665 εἶναι,
1530 603 1614 672 ἐφ’
1649 600 1715 674 ἦς
1740 607 1905 658 ἀκοιο

2036 616 2130 660 aut
2168 607 2212 661 si
2249 607 2382 661 velis
2418 621 2483 659 ex
2506 605 2739 676 Egyplo
2772 605 2854 659 vel
2881 605 3045 677 Libya
3081 620 3205 661 eum
3241 606 3411 663 fuisse
3438 622 3609 677 pona-

342 706 453 755 μεν
493 688 592 759 τὴν
639 690 995 761 Ἀλεξάνδρου
1027 694 1206 758 πόλιν,
1262 695 1353 746 καὶ
1406 694 1516 747 τῶν
1570 695 1926 762 ὑμνουμένων

338 780 636 847 θεαμάτων
662 782 758 845 τάς
786 785 1197 855 ἑκατομπύλους
1225 784 1405 855 Θήϐας
1437 786 1654 848 ἐκείνας
1688 788 1782 839 καὶ
1819 805 1889 838 πυ
1909 816 1922 827 -

338 874 587 942 ραμίδας
628 875 996 944 γεγενῆσθαι·
1031 870 1105 929 ὧν
1156 878 1253 940 τὰς
1297 879 1451 940 σκιὰς
1502 879 1772 946 ἀκούομεν
1806 880 1923 931 ὀδόν

336 982 509 1017 τινων
541 967 763 1036 ἡμερῶν
791 968 866 1031 ὡς
903 970 1075 1022 εἰπεῖν
1110 965 1273 1033 εἶναι,
1300 970 1614 1040 ἀνίσχοντος
1642 971 1737 1023 τοῦ
1771 970 1922 1041 ἠλίου

336 1059 442 1110 καὶ
472 1059 731 1126 δυομένου
762 1078 775 1093 ·
807 1060 900 1112 καὶ
928 1054 1004 1112 ὧν
1037 1064 1136 1131 μιᾷ
1168 1063 1263 1115 καὶ
1301 1065 1365 1133 τῇ
1401 1065 1743 1134 σμικροτάτη
1771 1063 1925 1129 λέγε-

334 1164 435 1200 ται
464 1150 562 1215 τὴν
608 1151 831 1218 Μέμφιν
866 1152 1035 1224 αὐτὴν
1073 1153 1168 1206 καὶ
1208 1155 1332 1218 τοὺς
1377 1154 1688 1222 περιοίκους
1716 1155 1921 1218 πάντας

268 1234 273 1237 ’
332 1242 543 1303 τόπους
572 1242 631 1308 ἐξ
659 1243 885 1298 ἐκείνων
908 1245 1017 1298 τῶν
1049 1247 1257 1317 χρόνων
1284 1247 1364 1302 ἔτι
1405 1248 1499 1300 καὶ
1531 1249 1625 1302 νῦν
1653 1250 1791 1320 πρὸς
1816 1252 1921 1303 πᾶ-

336 1350 444 1385 σαν
482 1336 777 1406 οἰκοδομὴν
803 1339 899 1405 ἴσα,
948 1340 1043 1391 καὶ
1094 1340 1379 1408 λατομίαις
1426 1342 1687 1411 χρῆσθαι,
1717 1343 1809 1395 καὶ
1842 1343 1916 1411 μὴ

332 1425 683 1479 ἐπιλείπεινθ
737 1427 935 1495 μᾶλλον
981 1429 1037 1480 δὲ
1074 1429 1258 1493 πόλεις
1291 1431 1414 1493 ὅλας
1466 1433 1561 1485 καὶ
1617 1434 1915 1498 συνοικίας,

334 1518 414 1581 ῶς
456 1535 648 1585 φασιν,
683 1520 742 1583 ἐξ
790 1521 961 1589 αὐτῆς
998 1522 1429 1587 οἰκοδομοῦντες,
1475 1525 1627 1593 μόλις
1660 1526 1832 1597 βραχύ
1866 1542 1919 1581 τι

338 1611 505 1681 μέρος
531 1611 745 1680 ἐκείνης
770 1612 1132 1682 ἀνηλωκέναι.
1161 1616 1318 1677 Εἰκὸς
1335 1616 1389 1668 δὲ
1417 1611 1484 1686 ἦν
1508 1617 1736 1679 ἐκεῖνον,
1767 1618 1915 1698 ὅστις

338 1702 470 1752 ποτε
501 1696 591 1769 ἦν,
621 1702 857 1789 ,πλοέοντα
888 1707 966 1767 εἰς
1007 1705 1227 1773 Ῥώμην
1251 1708 1343 1760 καὶ
1366 1707 1453 1761 διὰ
1482 1708 1588 1761 τῶν
1618 1709 1794 1778 νήσων
1822 1696 1917 1763 καὶ

340 1794 444 1862 τῆς
485 1793 745 1857 Ἑλλάδος
774 1797 1073 1866 ἀναχθῆναι
1100 1816 1114 1830 ν
1153 1800 1247 1852 καὶ
1288 1801 1552 1870 πρότερον
1586 1800 1641 1853 δὲ
1680 1800 1825 1863 εἰκὸς
1850 1798 1918 1873 ἦν

344 1884 509 1936 αύτδν
539 1884 640 1955 τὴν
678 1886 904 1939 Ἐλλάδα
932 1888 1081 1954 ίδεῖν,
1119 1890 1212 1942 καὶ
1243 1889 1336 1942 τὸν
1374 1891 1474 1959 τῆς
1516 1891 1764 1954 Ἑλλάδος
1793 1893 1915 1945 τότε

346 1973 642 2044 ὀξθαλμδν,
693 1976 795 2041 τὰς
850 1978 1079 2049 Ἀθήνας
1118 1980 1280 2048 λέγω.
1319 1982 1390 2035 Ἦ
1424 2001 1542 2035 τινα
1590 1983 1695 2036 ἔδει
1732 1983 1916 2037 τοῦτον

353 2066 465 2117 τῶν
497 2067 595 2119 ἀπὸ
648 2072 746 2137 τῆς
787 2070 1036 2134 Ἑλλάδος
1085 2068 1260 2125 εἶναι’
1317 2074 1411 2126 καὶ
1454 2072 1642 2126 τοῦτον
1692 2075 1753 2127 ού
1808 2076 1916 2128 τῶν

361 2158 561 2210 ποὶλῶν
589 2160 681 2211 καὶ
714 2159 960 2214 ἀθεάτων
989 2164 1019 2227 ἢ
1052 2164 1302 2231 ἀνηκόων
1334 2165 1442 2217 τῶν
1473 2166 1755 2226 τοιούτων,
1780 2167 1914 2218 ἀλλὰ

356 2249 456 2300 τῶν
491 2251 957 2322 πεπαιδευμένων,
1006 2253 1141 2323 πρὸς
1186 2253 1297 2309 οἷον
1340 2258 1544 2308 ἐκεῖνόν
1587 2272 1645 2308 τε
1680 2255 1914 2326 γράφειν

344 2341 487 2405 εἰκὸς
514 2337 602 2412 ἦν,
631 2344 725 2397 καὶ
774 2346 936 2398 αὑτὸν
962 2349 1073 2410 τοῖς
1105 2349 1367 2411 τοιούτοις
1395 2349 1631 2418 θεάμασι
1672 2354 1763 2401 καὶ
1795 2351 1913 2411 ταῖς

338 2434 618 2496 τοιαύταις
671 2436 1006 2506 ἀποδημίαις
1063 2440 1297 2510 χαίρειν.
1344 2440 1410 2492 Τί
1463 2441 1644 2493 τοίνυν
1696 2441 1804 2510 ἄρα
1843 2436 1911 2510 ἦν

335 2525 536 2592 Emito,
562 2527 589 2579 δ
640 2527 829 2581 τοῦτον
872 2529 1124 2583 τοσοῦτον
1168 2531 1392 2601 ἔμελλεν
1440 2532 1740 2600 ἐκπλῆξαι;
1770 2532 1909 2586 ὥστε

333 2619 430 2688 τῆς
486 2620 744 2684 Ἑλλάδος
788 2622 882 2674 καὶ
911 2623 1020 2676 τῶν
1044 2623 1104 2677 ἐν
1150 2620 1286 2694 α’ύτῇ
1318 2624 1607 2693 θεαμάτων
1655 2625 1907 2677 ἐπιλαθὲ-

330 2717 479 2772 sliat.
522 2710 798 2780 θεώμενον
836 2709 923 2767 οἶα
950 2715 1009 2767 ού
1037 2716 1323 2785 πρότερον,
1358 2717 1450 2768 καὶ
1482 2716 1652 2784 αὐτῆς
1684 2715 1908 2769 καὶτῶν

304 2800 386 2853 ’ἐν
413 2802 562 2871 αὐτῇ
594 2801 763 2870 φίλων
812 2805 1221 2874 καταφρονῆσαι
1247 2823 1265 2840 ο
1298 2806 1508 2859 πείθειν
1542 2822 1601 2858 τε
1645 2806 1805 2859 αὑτὸν
1832 2806 1908 2869 ὡς

327 2892 426 2946 οὐκ
460 2893 585 2951 ἔστι
620 2894 693 2962 γῆ
728 2896 890 2966 αὐτὴ,
920 2896 1054 2950 ἀλλά
1085 2897 1314 2968 οὖρα.νοῦ
1358 2899 1527 2968 μέρος
1555 2915 1645 2964 τις
1679 2899 1906 2970 Εἴρηται

325 2979 443 3048 οὖν,
479 2986 623 3053 ὅπερ
650 2980 824 3050 εἷπον,
849 2987 978 3057 παρ’
1007 2989 1333 3058 ἀμφοτέρων
1357 2989 1467 3042 τῶν
1490 2988 1750 3056 γλωσσῶν
1780 2988 1905 3041 τού-

326 3093 435 3129 των
473 3078 720 3147 μέγιστα
750 3079 880 3149 περὶ¹
910 3081 1100 3149 αὐτῆς.
1133 3077 1299 3150 Οἶμαι
1327 3082 1383 3133 δὲ
1417 3084 1510 3137 καὶ
1543 3081 1665 3140 τοὺς
1697 3080 1905 3152 βαρϐά-

327 3178 459 3231 ρους
489 3164 714 3230 αύτοὺς,
742 3166 858 3231 ὅσοι
895 3166 969 3237 μὴ
989 3169 1334 3240 γραμμάτων
1356 3170 1633 3233 παντελῶς
1656 3171 1899 3241 ἄμοιροι,

2032 712 2199 749 nius:
2251 696 2304 750 in
2339 711 2445 765 qua
2496 695 2922 750 Alexandrinam
2994 695 3293 760 civitatem,
3356 707 3409 750 et
3471 696 3613 750 inter

2029 787 2327 838 celebriora
2360 787 2669 855 spectacula
2701 785 2917 839 Thebas
2970 786 3094 863 illas
3158 797 3376 841 centum
3439 790 3610 857 portis

2028 878 2259 947 iuclylas
2292 892 2354 930 ac
2419 878 2729 948 pyramides
2788 878 2957 932 fuisse
3017 879 3316 933 audimus:
3373 894 3607 948 quarum

2029 969 2252 1023 Umbras
2284 970 2399 1024 sole
2417 950 2695 1025 exolriente
2724 981 2774 1024 et
2818 971 3099 1026 occidente
3135 970 3248 1026 fere
3298 970 3366 1026 ad
3402 971 3609 1039 aliquot

2027 1061 2234 1116 dierum
2268 1064 2370 1116 iter
2415 1064 2600 1134 projici
2665 1066 2815 1118 aiunt
2847 1072 2966 1118 :'ct
2986 1079 3220 1134 quarum
3270 1078 3378 1119 una
3434 1078 3608 1137 eaque

2027 1156 2249 1209 minima
2290 1158 2463 1226 ipsam
2523 1157 2811 1224 Memphim
2841 1167 3005 1225 atque
3033 1157 3216 1211 omnia
3249 1157 3431 1211 vicina
3487 1158 3605 1211 loca

2018 1250 2128 1319 jam
2156 1250 2279 1303 inde
2305 1249 2372 1302 ab
2404 1248 2495 1302 illo
2521 1258 2761 1317 tempore
2793 1256 2846 1302 et
2879 1249 3058 1303 adhuc
3103 1257 3295 1302 nostra
3343 1258 3502 1302 aetate
3536 1248 3602 1300 ad

2023 1356 2405 1409 quamcunque
2436 1348 2768 1394 structuram
2820 1356 2925 1393 nou
2961 1355 3122 1394 secus
3176 1355 3240 1394 ac
3294 1340 3605 1407 lapidicinis

2021 1434 2099 1486 uti
2136 1432 2402 1496 referunt,
2437 1433 2506 1486 ita
2564 1416 2743 1487 tamen
2782 1442 2837 1485 ut
2870 1447 3147 1501 nunquam
3202 1431 3436 1495 deﬁciat,
3471 1431 3602 1500 quin

2025 1525 2135 1578 imo
2173 1526 2413 1591 integris,
2451 1535 2505 1578 nt
2535 1525 2706 1589 aiunt,
2761 1525 3073 1578 civitatibus
3115 1524 3355 1592 vicisque
3417 1537 3481 1578 ex
3536 1540 3604 1579 ea

2022 1618 2357 1676 exstructis.
2414 1616 2500 1669 vix
2563 1616 2814 1683 exiguam
2876 1615 2995 1683 ejus
3064 1614 3388 1682 particulam
3467 1628 3596 1667 cou-

2019 1724 2325 1777 sumpsere.
2381 1707 2689 1762 Verisimile
2751 1719 2933 1762 autem
2977 1718 3111 1772 crat,
3156 1706 3471 1777 quicunque
3503 1704 3617 1759 ded»

2019 1816 2170 1854 nium
2200 1799 2385 1864 fuerit,
2419 1801 2568 1855 illum
2615 1816 2736 1855 cum
2770 1799 3000 1854 Romam
3051 1800 3355 1867 navigaret.
3390 1796 3614 1853 insulas

2022 1907 2083 1945 ac.
2103 1892 2364 1947 Graeciam
2400 1878 2626 1947 obiisse.
2660 1891 2770 1947 Nec
2807 1908 2835 1947 a
2862 1907 2989 1947 vero
3036 1893 3293 1946 abhorret
3323 1906 3444 1942 cum
3486 1889 3597 1956 jam
3635 1899 3654 1916 ⁸

2019 1992 2176 2035 antea
2206 1983 2469 2038 Graeciam
2526 1983 2908 2051 perlustrasse.
2944 1990 2997 2036 et
3044 1982 3267 2037 Gracia!
3303 1991 3431 2033 tunc
3462 1989 3599 2033 teni-

2021 2076 2169 2143 paris
2193 2076 2445 2136 ocellum,
2485 2075 2745 2129 Athenas.
2783 2072 2876 2128 Vel
2912 2089 2974 2127 ex
3015 2075 3128 2142 ipsa
3153 2073 3358 2128 Griecia
3417 2074 3599 2123 oriun-

2017 2166 2145 2220 dum
2175 2181 2297 2220 esse
2325 2165 2610 2234 oportebat
2638 2182 2651 2227 ;
2677 2180 2852 2232 neque
2873 2165 3025 2216 illiini
3052 2164 3117 2216 de
3148 2164 3309 2232 vulgo
3335 2162 3597 2231 aliqui-ni,

2016 2255 2108 2323 qui
2172 2255 2483 2322 hujuSmodi
2561 2266 2661 2308 nec
2717 2253 2941 2307 vidisset
3008 2268 3103 2307 nee
3147 2254 3446 2305 audivisset
3495 2267 3596 2303 un-

2015 2361 2177 2414 quam
2212 2386 2226 2407 ,
2265 2350 2358 2401 sed
2415 2346 2703 2414 quemdam
2747 2361 2810 2399 ex
2858 2345 3274 2403 ernditiorihus,
3325 2358 3447 2395 cum
3485 2355 3596 2412 quo

2013 2437 2316 2491 litterarum
2401 2435 2794 2491 commercium
2867 2437 2915 2491 ei
2977 2436 3358 2498 intercederet,
3396 2442 3451 2487 et
3501 2429 3593 2502 qui

2014 2523 2130 2593 ipse
2162 2524 2431 2593 ejusmodi
2465 2526 2793 2593 spectaculis
2825 2535 2989 2594 atque
3042 2524 3329 2578 itinerilms
3354 2524 3595 2576 delecta-

2011 2627 2182 2669 retur.
2212 2615 2480 2681 Quidnam
2547 2632 2679 2686 ergo
2741 2616 2870 2669 illud
2924 2625 3040 2669 erat
3062 2616 3225 2683 .quod
3273 2616 3409 2667 adeo
3465 2631 3588 2667 eum

2013 2716 2193 2774 posset
2228 2706 2539 2774 percellere.
2569 2716 2626 2758 ut
2676 2706 2898 2760 Graecia:
2951 2722 3243 2774 rerumque
3270 2707 3321 2758 in
3354 2722 3415 2759 ea
3466 2707 3589 2758 visu

2012 2796 2299 2865 dignarum
2333 2797 2772 2859 oblivisceretur,
2830 2796 3024 2850 videns
3074 2796 3254 2865 qualia
3302 2805 3428 2849 ante
3483 2811 3590 2849 non

2007 2887 2238 2952 viderat,
2265 2896 2320 2941 et
2371 2887 2566 2955 ipsam,
2596 2896 2649 2940 et
2680 2888 2899 2942 relictos
2926 2888 2980 2941 in
3008 2902 3071 2941 ea
3096 2888 3304 2943 amicos
3338 2895 3589 2941 contem.

2007 2987 2163 3033 neret
2193 3018 2207 3038 ,
2248 2994 2310 3033 ac
2340 2979 2557 3034 sibimet
2610 2979 2963 3047 persuaderet
3007 2997 3115 3034 non
3163 2989 3360 3033 terram
3417 2979 3587 3041 illam,

2008 3070 2099 3125 sed
2125 3071 2245 3124 coeli
2273 3071 2595 3136 particulam
2625 3071 2919 3141 quamdam
2960 3086 3082 3125 esse
3113 3070 3136 3125 ί
3161 3086 3331 3141 quare
3359 3070 3410 3123 in
3437 3079 3589 3125 utra-

2006 3177 2134 3231 que,
2163 3170 2219 3214 iit
2247 3162 2378 3226 disi,
2437 3162 2638 3232 lingua,
2697 3163 2934 3216 maxima
2966 3162 3034 3217 de
3078 3177 3139 3216 ea
3199 3162 3410 3231 prodita
3470 3160 3589 3214 fite-

327 3253 568 3306 πλεῖστα
599 3257 727 3326 περὶ
755 3257 926 3328 αὐτῆς
956 3260 1098 3329 ἐχειν
1126 3263 1182 3313 ἐν
1216 3265 1577 3330 συγγραφαῖς.
1632 3262 1771 3316 Ἀλλ’
1796 3263 1905 3332 ἐγὼ

2013 3260 2156 3307 runt.
2204 3251 2345 3319 Quin
2373 3261 2425 3306 et
2458 3252 2727 3306 Barbaros
2772 3253 2941 3323 ipsos,
3000 3261 3352 3321 quotcunque
3383 3251 3590 3305 littera'

329 3341 497 3414 ᾤμην
521 3344 695 3400 ταῦτα
719 3347 847 3416 παρ’
880 3349 1104 3403 ἐκείνων
1133 3352 1268 3422 πρὸς
1298 3352 1602 3423 ὑπερϐολὴν
1627 3354 1906 3422 λέγεσθαι·

325 3437 420 3491 νῦν
453 3439 519 3491 δὲ
541 3439 654 3510 ὁρῶ
689 3443 856 3511 μηδὲν
886 3444 1022 3512 πρὸς
1056 3445 1361 3516 ύπερὸολὴν
1393 3448 1647 3518 είρῆσθαι
1680 3448 1909 3503 τοιαῦτά

324 3530 428 3581 είσι
459 3530 537 3582 τὰ
568 3532 843 3603 ὁρώμενα.
874 3535 1068 3589 Καίτοι
1101 3540 1377 3609 μεμένηκε
1412 3540 1512 3607 μὲν
1539 3540 1693 3593 οὐδὲν
1720 3539 1907 3610 σχεδὸν

326 3620 474 3691 σῶον
508 3622 565 3673 ἐν
594 3623 757 3694 αὐτῇ,
787 3625 896 3677 οὐδ’
926 3627 993 3679 ἀν
1041 3624 1224 3697 εὖροις
1250 3647 1302 3683 τι
1349 3629 1525 3685 ἀθῶον
1557 3632 1908 3687 παντάπασιν

323 3714 625 3784 ἐπηρείας,
668 3716 775 3769 τῶν
811 3718 909 3786 μὲν
951 3720 1275 3789 αὐτομάτων
1318 3722 1421 3774 ὑπὸ
1464 3724 1656 3792 χρόνου
1706 3728 1907 3797 κατερ-

323 3807 644 3875 ρυηκότων,
701 3808 810 3861 τῶν
842 3810 896 3860 δὲ
931 3812 1088 3879 χερσί
1133 3829 1291 3867 τινων
1325 3813 1719 3883 βεϐιασμένων.
1757 3818 1907 3885 Συμ-

323 3894 541 3961 εέϐηκε
581 3895 692 3964 γὰρ
718 3898 811 3950 καὶ
843 3898 1037 3971 ταύτῃ,
1066 3901 1203 3971 ὅπερ
1231 3901 1325 3955 καὶ
1351 3905 1416 3972 τῇ
1455 3904 1704 3975 ἡμετέρᾳ
1729 3905 1903 3969 πόλει,

323 3987 507 4054 αὐτὴν
543 3985 711 4055 ἑαυτῇ
740 3987 858 4039 ἀντὶ
891 3989 1168 4058 μετάλλων
1200 3992 1295 4045 καὶ
1319 3992 1596 4064 λατομιῶν
1623 3991 1785 4059 εἶναι,
1812 3998 1907 4049 καὶ

321 4076 465 4146 ὅπερ
516 4076 610 4128 ἐπὶ
652 4075 749 4129 τοῦ
795 4080 998 4141 παντὸς
1044 4080 1236 4135 τούτου
1287 4082 1540 4154 λέγομεν,
1590 4085 1761 4156 αὐτὴν
1816 4086 1906 4154 ὑφ’

323 4168 532 4238 ἑαυτῆς
564 4168 861 4238 τρέφεσθαι
902 4171 1000 4225 καὶ
1028 4170 1378 4228 ἀναλοῦσθαι.
1427 4174 1695 4244 Κέκμηκε
1745 4176 1803 4231 δὲ
1832 4174 1908 4241 ὡς

323 4263 509 4313 εἰπεῖν
538 4262 595 4313 ἐν
617 4262 752 4314 πᾶσι
770 4277 785 4294 ο
819 4262 1072 4329 φαίνεται
1096 4260 1150 4317 δὲ
1184 4265 1332 4335 ὅμως
1358 4266 1458 4320 καῖ
1487 4268 1545 4319 ὲν
1581 4268 1765 4332 αὐτοῖς
1793 4272 1906 4333 τοῖς

323 4353 598 4422 ἐρειπίοις
624 4354 717 4408 καὶ
750 4355 1026 4420 κολωνοῗς,
1055 4351 1144 4409 οἷα
1172 4357 1233 4423 ἐξ
1267 4358 1442 4428 ἀρχῆς
1473 4360 1693 4428 γέγονε,
1724 4361 1819 4414 καὶ
1844 4362 1907 4414 τὸ

324 4445 436 4497 τῶν
498 4444 825 4515 οίκοδομιῶν
885 4446 1118 4517 μέγεθος
1149 4450 1244 4502 καὶ
1272 4450 1511 4512 κάλλος.
1551 4451 1617 4503 Τί
1664 4453 1775 4522 γὰρ
1806 4453 1906 4513 οὐκ

324 4529 393 4602 ἣν
422 4535 538 4587 τῶν
567 4539 624 4588 ἐν
653 4537 792 4607 αὐτῇ
813 4539 1012 4605 καλόν;
1045 4539 1153 4594 Καὶ
1175 4541 1236 4592 ού
1262 4543 1421 4610 μόνον
1450 4543 1782 4611 συγκείμενα
1809 4543 1905 4596 καὶ

2012 3359 2131 3398 rum
2170 3359 2278 3397 non
2306 3343 2461 3412 plane
2507 3353 2761 3413 expertes
2789 3355 2938 3409 sunt,
3001 3343 3236 3413 plurima
3274 3344 3340 3397 de
3390 3343 3480 3398 illa
3532 3343 3588 3398 in

2009 3434 2227 3501 scriptis
2262 3434 2460 3487 habere
2495 3434 2771 3488 existimo.
2808 3433 2909 3488 Sed
2947 3450 3045 3503 ego
3098 3434 3191 3503 qui
3246 3434 3359 3487 hcce
3391 3432 3456 3486 ad
3489 3432 3590 3502 hy-

2008 3508 2266 3594 perbolen
2319 3524 2482 3580 abiis
2532 3525 2637 3580 diei
2700 3526 2982 3594 putabam,
3045 3539 3189 3580 nunc
3236 3524 3372 3578 nihil
3424 3536 3587 3594 supra

2008 3630 2171 3685 quam
2206 3630 2292 3671 res
2327 3616 2489 3671 habet
2517 3616 2623 3670 dici
2670 3617 2826 3671 video
2859 3634 2872 3669 :
2914 3618 3040 3669 talia
3080 3625 3206 3670 sunt
3238 3630 3300 3668 ea
3355 3629 3475 3683 qua:
3506 3613 3590 3665 vi—

2008 3706 2224 3760 dentur.
2260 3705 2407 3760 Licet
2450 3706 2582 3760 nihil
2648 3708 2816 3760 ferme
2854 3707 3121 3775 integrum
3176 3705 3492 3772 salvumque
3533 3703 3586 3755 in

2007 3813 2070 3852 ea
2098 3800 2460 3864 remanserit,
2503 3814 2601 3853 nec
2649 3799 2952 3869 quidquam
3004 3798 3230 3852 omnino
3270 3798 3340 3850 ab
3385 3796 3588 3864 injuria

2007 3889 2249 3942 immune
2270 3889 2509 3957 reperire
2534 3890 2692 3944 liceat
2721 3904 2881 3942 :cum
2910 3889 3016 3942 alia
3040 3889 3255 3958 quidem
3280 3902 3376 3942 sua
3395 3893 3588 3955 sponte

2008 3995 2119 4049 pra:
2149 3979 2409 4049 temperie
2429 3987 2699 4034 vetustate
2723 3978 2983 4047 collapsa,
3014 3978 3117 4031 alia
3148 3977 3417 4031 violentas
3447 3989 3582 4043 qiio-
3648 4026 3657 4049 1

2010 4070 2256 4124 rmndain
2292 4084 2487 4124 manus
2506 4081 2729 4139 experta
2784 4068 3006 4123 fuerint.
3048 4067 3181 4121 Nam
3215 4077 3270 4122 et
3302 4066 3426 4121 huic.
3463 4066 3585 4119 urhi
3640 4060 3647 4067 ’

2009 4160 2148 4215 idem
2166 4162 2308 4231 quod
2340 4171 2542 4216 nostrae
2559 4160 2782 4224 accidit,
2810 4171 2868 4215 ut
2902 4162 3014 4229 ipsa
3038 4159 3139 4214 sibi
3162 4158 3505 4213 metallorum
3526 4171 3589 4210 ac

2009 4253 2428 4323 lapicidinarum
2467 4254 2588 4308 loco
2610 4265 2754 4308 esset
2792 4269 2808 4307 :
2837 4261 2890 4305 et
2930 4252 3073 4320 quod
3102 4251 3169 4304 de
3197 4251 3453 4304 universo
3487 4248 3589 4303 hoc

2019 4347 2277 4410 dicimus,
2313 4346 2428 4415 ipsa
2455 4361 2482 4398 a
2514 4345 2691 4413 seipse
2726 4342 3028 4398 nutriretur
3053 4351 3107 4395 et
3151 4348 3585 4395 consumeretur.

2009 4438 2215 4493 Deiecit
2234 4448 2414 4492 autem
2439 4437 2606 4491 ferme
2628 4436 2682 4490 in
2698 4434 2982 4490 omnibus:
3005 4434 3363 4488 nihilominus
3379 4433 3431 4486 in
3455 4432 3589 4500 ipsis

2009 4532 2175 4587 etiam
2225 4531 2399 4585 ruinis
2428 4545 2492 4584 ac
2523 4529 2811 4584 ruderibus
2840 4536 3084 4597 apparet,
3115 4526 3295 4595 qualis
3323 4524 3589 4593 principio

328 4627 703 4694 συνεστηκότα
724 4622 792 4698 ἦν
818 4628 926 4701 ἄρα
953 4631 1116 4693 καλά,
1137 4632 1273 4686 ἀλλά
1295 4634 1386 4685 καὶ
1414 4633 1753 4706 διαιρεθέντα
1777 4636 1909 4691 καλὰ

2026 4626 2209 4692 fuerit,
2231 4634 2346 4678 tum
2376 4634 2772 4680 structurarum
2805 4624 3120 4694 magnitudo
3136 4631 3191 4677 et
3219 4620 3586 4692 pulchritudo.

328 4718 587 4784 φαίνεται
611 4732 628 4748 ·
667 4713 776 4771 οἷον
809 4719 1062 4788 σώματος
1086 4721 1208 4775 ὅλου
1241 4721 1431 4788 καλοῦ,
1456 4725 1578 4794 χεὶρ
1606 4723 1638 4794 ἢ
1684 4723 1838 4787 ποῦς,
1867 4723 1899 4794 ἢ

326 4809 545 4880 κεφαλὴ
566 4810 706 4879 καλή
728 4825 743 4841 ⁸
770 4813 862 4865 καὶ
882 4811 1120 4880 μεγάλου
1148 4811 1399 4883 σώματος
1424 4813 1657 4866 ἕκαστον
1674 4813 1781 4865 τῶν
1807 4829 1902 4881 με·

325 4898 433 4951 λῶν
463 4902 628 4968 μέγα.
654 4901 767 4955 Οὐκ
798 4902 950 4969 ὀλίγα
972 4901 1026 4954 δὲ
1048 4903 1225 4956 αὐτῶν
1249 4905 1440 4975 καὶτῷ
1471 4904 1708 4974 πλείστῳ
1740 4903 1901 4974 μέρει

330 4994 636 5060 μεμένηκε.
666 4993 777 5052 Καὶ
805 4994 973 5046 πολλὰ
1011 4994 1068 5046 δὲ
1101 4993 1208 5047 τῶν
1241 4996 1299 5047 ἐν
1327 4999 1393 5065 τῇ
1437 4996 1646 5050 Ἐλλάδι
1678 4994 1901 5064 γεγονό-

328 5100 461 5146 των,
501 5084 576 5146 ὼς
632 5083 839 5137 ἔνεστιν
891 5085 999 5138 ἀπὸ
1045 5087 1154 5138 τῶν
1206 5090 1263 5139 ἐν
1321 5089 1504 5148 αὐτοῖς
1557 5088 1901 5158 γραμμάτων

333 5174 486 5236 ἰδεῖν,
519 5176 579 5226 ἐν
629 5176 764 5245 αὐτῇ
795 5175 1068 5228 δείκνυται
1094 5191 1107 5206 ’
1142 5177 1315 5239 κίονες
1363 5179 1458 5230 καὶ
1495 5177 1633 5231 λίθοι
1662 5195 1900 5248 περιφα-

330 5267 466 5330 νεῖς,
500 5268 595 5320 καὶ
626 5270 817 5336 στῆλαι
853 5269 950 5321 καὶ
971 5268 1287 5338 ἀγάλματα,
1313 5269 1413 5321 καί
1437 5268 1771 5339 ἀνδριάντες,
1806 5269 1902 5323 καὶ

332 5357 639 5426 γράμματα
698 5359 929 5412 πλεῖστα
978 5358 1268 5428 Ἑλληνικὰ
1323 5359 1417 5429 τοῦ
1468 5359 1756 5414 καλλίστου
1804 5364 1900 5416 καὶ

334 5448 564 5515 ἀρχαίου
612 5448 807 5504 τύπου.
869 5450 1048 5505 Πολλά
1094 5453 1150 5507 δὲ
1181 5453 1273 5506 καὶ
1317 5453 1442 5522 τῇδε
1495 5454 1550 5505 ὲν
1587 5454 1721 5524 αὐτῇ
1770 5456 1899 5526 παρ’

346 5537 614 5609 Ἑλλήνων
644 5544 892 5612 γέγονεν,
913 5544 1001 5609 ’ὡς
1038 5544 1247 5612 ἔξεστιν
1282 5545 1390 5599 ἀπὸ
1430 5545 1538 5598 τῶν
1576 5542 1901 5616 ἐπιγραφῶν

338 5627 470 5681 ἰδεῖν
490 5648 503 5660 '
534 5631 627 5684 καὶ
658 5632 908 5714 φαίνεται
939 5634 1065 5697 τούς
1087 5651 1144 5689 τε
1178 5634 1398 5696 πολίτας
1425 5635 1615 5704 αὐτῆς,
1645 5635 1719 5697 ὡς
1749 5635 1900 5706 παρὰ

334 5720 446 5771 τῶν
492 5723 739 5794 ἱστοριῶν
787 5710 1083 5797 ἀκούομεν,
1132 5727 1336 5796 σφόδρα
1394 5729 1507 5790 τοῖς
1566 5725 1900 5795 Ἑλληνικοῖς

334 5809 582 5899 ἥδεσθαι,
637 5818 730 5870 καὶ
764 5803 1048 5882 πλείστους
1080 5819 1183 5873 τῶν
1214 5820 1498 5895 ἡμετέρων
1541 5818 1809 5891 Ἕλληνας
1844 5822 1900 5873 ἐν

340 5899 477 5971 αὐτῇ
505 5906 773 5971 γενέσθαι.

2008 4717 2148 4785 Quid
2193 4717 2338 4771 enim
2363 4718 2416 4770 in
2442 4730 2503 4770 ea
2529 4732 2636 4769 non
2670 4715 2956 4785 pulchrum
2997 4713 3143 4767 fuit?
3174 4711 3285 4765 Nec
3307 4708 3590 4765 solumiu-

2009 4819 2155 4879 tegra
2184 4818 2236 4863 et
2258 4809 2545 4876 conjuncta
2564 4807 2788 4876 pulchra
2810 4816 2982 4870 erant,
3002 4806 3096 4860 sed
3121 4804 3347 4871 disjecta
3373 4814 3590 4870 quoque

2009 4917 2072 4955 ae
2117 4901 2290 4955 divisa
2323 4900 2548 4968 pulchra
2580 4907 2866 4967 apparent.
2894 4894 3365 4964 Quemadmodum
3400 4893 3453 4944 iu
3506 4891 3588 4942 iii-

2009 5002 2162 5063 tegro
2183 5007 2417 5060 corpore
2459 4992 2688 5060 pulchro
2746 5004 2942 5044 manus
2987 4987 3072 5043 vel
3121 5002 3256 5057 pes,
3289 4984 3374 5038 vel
3425 4986 3590 5053 caput

2009 5085 2295 5154 pulchrum
2320 5092 2444 5148 est;
2482 5091 2536 5135 et
2567 5082 2617 5133 in
2659 5095 2858 5149 magno
2908 5092 3135 5147 corpore
3163 5075 3588 5145 unumquodque

2009 5176 2312 5231 membrum
2348 5188 2625 5242 magnum.
2671 5173 2774 5226 Sed
2826 5186 2932 5224 nou
2968 5183 3141 5238 pauca
3188 5170 3381 5222 horum
3425 5171 3585 5222 etiam

2008 5269 2245 5323 maxima
2273 5266 2357 5322 sui
2385 5274 2538 5336 parte
2584 5270 3004 5318 remanserunt:
3033 5269 3146 5316 tum
3204 5260 3372 5315 multa
3398 5274 3587 5314 eorum

2007 5376 2125 5429 quae
2157 5360 2211 5413 in
2247 5357 2458 5413 Griecia
2486 5356 2615 5411 olim
2642 5355 2926 5418 exstitere,
2958 5362 3018 5407 ut
3039 5369 3103 5409 ex
3132 5351 3587 5421 inscriptionibus

2008 5453 2194 5506 vidi-re
2248 5451 2398 5514 licet,
2459 5449 2515 5503 in
2548 5464 2612 5503 ea
2673 5449 2972 5503 visuntur:
3035 5448 3327 5509 columnae,
3368 5442 3582 5512 lapides

2006 5543 2213 5607 eximii,
2251 5553 2468 5607 statuae,
2538 5542 2718 5611 signa,
2752 5540 3037 5610 imagines,
3085 5539 3444 5607 pini-imaeque
3496 5535 3583 5586 in-

2007 5638 2333 5706 scriptiones
2378 5635 2600 5699 Graecae,
2648 5632 3030 5703 pulcherrimae
3079 5644 3143 5684 ac
3189 5628 3389 5682 veteris
3418 5633 3578 5679 uotae.

2007 5729 2173 5784 Multa
2196 5744 2414 5799 quoque
2438 5728 2526 5781 hic
2556 5728 2607 5780 in
2649 5726 2770 5794 ipsa
2818 5723 2954 5777 urbe
3015 5736 3045 5774 a
3075 5719 3280 5774 Graecis
3327 5716 3467 5770 facta
3498 5714 3582 5767 l‘u-

2007 5837 2118 5882 cre.
2154 5830 2215 5875 ut
2240 5837 2304 5874 ex
2338 5817 2788 5888 inscriptionibus
2811 5814 2995 5868 videre
3023 5818 3130 5865 est.
3164 5811 3227 5862 Et
3259 5807 3407 5862 cives
3435 5805 3577 5872 ejus,

2009 5928 2158 5967 nteit
2231 5913 2473 5967 hisloriis
2528 5906 2929 5979 cognoscimus,
2991 5903 3345 5957 vehementer
3412 5900 3577 5951 rebus

339 5993 535 6050 Grai-is
586 5998 754 6053 fuisse.
786 6001 1097 6068 delectatos,
1128 6004 1495 6074 plurimosque
1544 6011 1853 6059 nostrorum
1918 6005 2230 6061 Grrecorum
2288 6007 2338 6059 in
2400 6019 2461 6058 ea
2497 6002 2699 6054 vixiss.
2762 6007 3007 6064 apparet.
