4080 6658
1409 394 1438 423 ο

466 430 534 496 3!
1631 426 2029 489 MANUEIJS
2068 426 2598 488 (ilIRYSOLORl
3661 423 3732 489 32

535 538 642 594 Sed
671 537 772 593 ista
798 535 1016 607 quidem
1070 534 1442 605 practermitto.
1489 535 1608 589 Duo
1658 544 1839 588 autem
1891 534 2054 588 lumi-
2083 539 2123 592 Α

366 688 371 693 ,
466 630 645 692 naria,
688 628 770 681 vel
821 627 983 691 soles,
1029 634 1124 680 aut
1174 626 1342 681 cmlos
1399 625 1638 694 integros
1681 624 1773 678 Dei
1826 624 2053 696 gloriam

466 729 814 783 enarrantes,
848 719 1088 783 Petrum,
1136 714 1477 787 inquam,et
1523 717 1773 782 Paulum,
1824 731 2055 785 quorum

467 811 714 881 reliquize
754 812 840 865 hic
870 812 989 865 sitae
1022 819 1184 876 sunt;
1220 817 1275 865 et
1304 811 1371 863 ad
1420 824 1653 878 quorum
1705 817 2057 862 monumenta

471 902 587 956 base
623 901 829 968 scribo,
867 905 992 971 quis
1056 901 1217 972 digne
1261 900 1670 955 admirabitur?
1718 900 1849 970 quid
1874 900 1943 953 de
1974 910 2059 968 to-

430 1045 440 1054 .
469 996 580 1051 tius
606 995 760 1050 orbis
791 996 857 1049 ad
896 995 1141 1059 eosdem,
1198 993 1366 1048 veluti
1401 1008 1719 1048 communes
1790 992 2059 1063 quosdam

468 1083 776 1153 praefectos,
808 1086 1111 1151 ducesque,
1136 1091 1232 1138 aut
1256 1083 1517 1151 praesides
1557 1097 1827 1138 concursu
1851 1081 2064 1137 dicam?

474 1175 804 1230 Miraculum
854 1173 1096 1242 profecto
1125 1184 1210 1229 est
1253 1174 1440 1228 videre
1487 1175 1555 1227 ab
1605 1174 1892 1243 Hispania.
1948 1174 2064 1228 sive

476 1263 651 1319 Iberia
685 1275 738 1321 et
772 1265 967 1332 Gallia,
1033 1266 1345 1335 insulisque.
1380 1265 1729 1331 Britannicis,
1761 1278 1814 1320 et
1850 1267 1893 1320 si
1945 1281 2066 1332 quae

473 1357 707 1411 ulterius
735 1373 924 1412 versus
966 1358 1302 1412 occidentem
1343 1357 1426 1411 vel
1485 1357 1796 1426 aquilonem
1828 1356 2065 1411 distent:

476 1457 589 1501 tum
624 1447 785 1501 etiam
831 1463 897 1502 ex
947 1447 1264 1513 Germania,
1325 1447 1596 1501 Sarmatia
1651 1456 1705 1503 et
1764 1447 2067 1514 Pannonia,

473 1540 765 1595 nonnullos
810 1554 937 1595 vero
967 1540 1128 1595 etiam
1154 1554 1218 1593 ex
1280 1538 1489 1594 Graecia
1536 1548 1590 1592 et
1645 1539 1772 1593 Asia
1836 1547 1889 1592 et
1942 1539 2098 1614 qui-V

475 1632 798 1703 buscunque
836 1633 961 1686 aliis
1010 1648 1074 1686 ex
1113 1632 1249 1687 locis
1300 1631 1448 1701 (quis
1498 1633 1643 1687 enim
1708 1645 1899 1687 omnes
1936 1647 2073 1686 enu-
2110 1658 2111 1661 η

479 1739 692 1778 merare
717 1722 1005 1794 posse”),
1039 1739 1143 1778 non
1180 1724 1329 1779 viros
1367 1725 1545 1778 solum
1594 1723 1842 1793 cujusvis
1896 1722 2073 1777 aetatis

477 1824 535 1869 et
584 1805 966 1885 professionis,
1022 1815 1117 1870 sed
1160 1824 1213 1870 et
1243 1814 1473 1869 feminas
1501 1830 1599 1884 per
1630 1825 1737 1867 tam
1769 1812 2063 1882 longinqua

481 1906 699 1972 itinera,
759 1921 855 1975 per
881 1916 958 1962 tot
1029 1907 1274 1977 pericula
1307 1919 1361 1963 et
1431 1908 1684 1971 labores;
1738 1921 1833 1976 per
1870 1888 2065 1976 frigus,

482 1998 681 2065 lutum,
712 1998 1011 2067 pulverem;
1043 2009 1234 2053 aestum
1263 2007 1318 2052 et
1371 1997 1653 2051 molestias
1683 1997 1790 2051 huc
1845 1999 2071 2050 venien-

484 2102 586 2156 tes,
616 2100 676 2145 ut
713 2107 893 2147 arcam
948 2100 1001 2146 et
1034 2092 1298 2153 loculum,
1325 2100 1379 2146 et
1427 2090 1795 2145 conditorium
1851 2100 2073 2159 aposto-

486 2183 692 2247 lorum,
734 2184 894 2251 idque
919 2184 1135 2238 eminus
1164 2193 1216 2237 et
1247 2197 1342 2252 per
1372 2183 1613 2238 cortinas
1683 2198 1748 2238 ac
1796 2183 2070 2239 cancellos

490 2274 737 2328 adorcnt.
770 2272 839 2327 Ut
873 2274 1102 2343 pulveri,
1138 2289 1201 2328 ac
1230 2274 1369 2337 solo,
1412 2282 1463 2328 et
1494 2273 2075 2331 circumambientibus

490 2366 718 2434 lapideis
759 2367 1056 2436 ferreisque
1086 2366 1342 2438 claustris
1393 2366 1582 2422 faciem
1615 2377 1670 2421 et
1701 2367 1877 2436 capita
1914 2383 2079 2438 appo-

491 2466 707 2521 nentes.
736 2468 1043 2514 servatores
1101 2460 1489 2530 dominosque,
1542 2470 1617 2524 et,
1648 2469 1709 2514 ut
1772 2458 1908 2524 disi,
1936 2460 2079 2515 soles

490 2551 639 2606 orbis
667 2561 932 2606 terrarum
963 2566 1058 2606 eos
1103 2551 1419 2620 praedicent.
1459 2550 1526 2607 Ut
1552 2560 1675 2621 post
1706 2560 1786 2606 tot
1807 2566 1980 2607 annos
2008 2555 2079 2608 ob

494 2642 932 2709 praedicationem
986 2641 1250 2706 veritatis,
1289 2651 1345 2696 et
1373 2638 1660 2696 ab‘errore
1715 2655 1780 2696 ac
1838 2640 2081 2695 tenebris

492 2730 905 2809 conversionem
960 2732 1162 2802 gratias
1211 2740 1392 2803 agant,
1442 2732 1606 2799 idque
1633 2732 1687 2786 in
1735 2746 1795 2786 ea
1829 2728 1986 2796 urbe.
2025 2743 2083 2787 et

495 2819 550 2874 in
606 2820 698 2876 illo
724 2820 974 2889 imperio,
1012 2821 1101 2875 ubi
1134 2820 1235 2889 ipsi
1293 2821 1405 2877 haec
1458 2821 1813 2890 praedicantes
1851 2830 2082 2876 mortem

498 2912 796 2983 Oppeticre.
828 2913 917 2967 ubi
947 2928 978 2966 a
1014 2912 1260 2968 veritatis
1296 2914 1644 2987 [adversariis
1696 2923 1847 2970 tanta
1894 2932 2087 2987 super-

396 3076 399 3079 _
498 3008 670 3075 stitio,
699 3015 996 3078 tantusque
1023 3023 1178 3063 error
1218 3008 1566 3085 introductus
1597 3009 1717 3078 fuit,
1754 3021 1995 3080 quantus
2019 3027 2083 3067 ex

432 3140 439 3145 ρ
498 3102 683 3167 idolis,
733 3103 928 3157 statuis
1006 3101 1330 3171 templisque
1405 3101 1648 3171 ipsorum
1721 3102 2086 3159 demonstrari

2252 536 2413 590 Ἀλλὰ
2434 536 2607 591 ταῦτα
2641 535 2741 607 μὲν
2770 534 2845 590 ἰῶ
2870 551 2883 567 ·
2913 535 3040 595 τοὺς
3062 534 3118 587 δὲ
3139 533 3234 587 δύο
3264 532 3576 603 φωστῆρας.
3603 533 3636 604 ἢ
3667 535 3735 602 ἡ·

2159 627 2349 698 λιους”ἢ
2365 628 2637 698 οὐρανοὺς
2668 629 2844 691 ὅλους,
2867 628 2968 695 τὴν
2981 625 3075 680 τοῦ
3096 623 3232 679 Θεοῦ
3265 625 3424 689 δόξαν
3443 624 3736 694 διηγουμέ-

2160 735 2306 781 νους,
2334 720 2536 788 Πέτρον
2558 719 2703 789 φημὶ
2718 720 2810 772 καὶ
2832 718 3066 782 Παῦλον,
3088 712 3162 772 ὧν
3179 718 3248 770 τά
3264 716 3492 786 λείψανα
3502 715 3735 771 ἐνταῦθα

2161 815 2360 876 κτίται,
2395 813 2488 867 καὶ
2519 809 2594 865 ῶν
2625 814 2721 866 ἐπὶ
2767 816 2867 881 τῆς
2918 812 3138 882 μνήμης
3176 810 3350 866 ταῦτα
3390 811 3610 880 γράφω,
3649 808 3736 871 τίς

2165 905 2232 958 ἂν
2272 905 2439 969 ἀξίως
2467 905 2737 974 ἁγαθείης
2770 906 2824 958 τί
2853 905 2910 958 δὲ
2941 904 3040 974 τὴν
3077 905 3157 967 είς
3185 904 3409 965 τούτους
3442 901 3631 972 ὥσπερ
3655 902 3737 963 είς

2164 996 2381 1061 κοινούς
2410 1014 2565 1060 τινας
2602 999 2891 1067 σατράπας
2935 998 3029 1051 καὶ
3066 997 3363 1066 ἡγεμόνας,
3394 996 3426 1065 ἢ
3470 996 3733 1059 ὑπάτους,

2167 1090 2470 1159 συνδρομὴν
2518 1090 2700 1159 πάσης
2744 1091 2843 1159 τῆς
2897 1089 3257 1158 οίκουμένηςς
3309 1088 3510 1157 Θαῦμα
3568 1086 3739 1150 δντως

2166 1179 2312 1233 ἔστιν
2349 1182 2476 1234 ίδείν
2525 1182 2633 1234 ἀπὸ
2670 1180 2951 1244 Ἱσπανίας
2996 1180 3089 1233 καὶ
3126 1178 3386 1248 Ἰϐηρίας,
3429 1180 3523 1232 καὶ
3564 1178 3738 1230 Γαλα-

2167 1272 2308 1336 τίας,
2342 1270 2571 1324 καὶτῶν
2595 1270 2943 1341 Βρετανικῶν
2975 1270 3176 1341 νήσων,
3209 1270 3305 1323 καί⁵
3338 1268 3449 1321 τῶν
3485 1268 3566 1322 ἔτι
3590 1268 3743 1322 ’δυτι-

2169 1362 2425 1433 κωτέρων
2456 1364 2509 1416 εί
2552 1380 2695 1425 τινες
2726 1357 2837 1415 εἷεν
2869 1363 2901 1431 ἢ
2948 1363 3364 1432 ἀρτικωτέρων,
3403 1360 3484 1412 ἔτι
3533 1359 3589 1413 δὲ
3633 1360 3741 1412 ἀπδ

2171 1454 2486 1525 Γερμανίας
2517 1455 2611 1507 καὶ
2648 1453 2987 1522 Σαρματίας,
3024 1454 3120 1506 καὶ
3152 1450 3472 1513 Παννονίας,
3501 1451 3656 1512 τινάς
3683 1449 3742 1501 δὲ

2170 1548 2265 1599 καὶ
2296 1546 2403 1601 τῶν
2433 1546 2537 1600 ἀπὸ
2565 1545 2666 1615 τῆς
2690 1543 2944 1606 Ἑλλάδος
2974 1545 3070 1598 καὶ
3099 1545 3307 1606 Ἀσίας,
3334 1542 3431 1595 καὶ
3454 1541 3563 1595 τῶν
3594 1540 3746 1594 ὁθεν-

2173 1640 2268 1693 οῦν
2293 1640 2518 1693 άλλοθεν
2549 1640 2653 1703 (τίς
2681 1639 2789 1712 γὰρ
2819 1640 2886 1696 ἂν
2926 1635 3035 1702 οἷός
3081 1638 3131 1691 τ’
3160 1638 3246 1708 εῐη
3278 1637 3486 1699 πάντας
3513 1634 3743 1689 καταλέ-

2175 1732 2356 1800 γειν;)
2412 1733 2512 1784 οὐκ
2560 1732 2766 1802 ἄνδρας
2805 1732 2969 1800 μόνον
3023 1730 3203 1798 πάσης
3250 1728 3471 1799 ἡλικίας
3519 1743 3598 1792 τε,
3654 1726 3748 1778 καὶ

2108 1863 2149 1922 Β
2176 1824 2398 1894 τέχνης,
2448 1824 2582 1877 ἀλλά
2616 1824 2710 1877 καὶ
2734 1825 2998 1891 γυναῖκας
3040 1823 3139 1892 ἢδη
3192 1822 3280 1874 διὰ
3321 1818 3593 1874 τοσούτων
3638 1818 3739 1885 μὲν

2175 1914 2331 1982 ὁδῶν,
2370 1916 2639 1969 τοσούτων
2679 1916 2777 1969 καὶ
2806 1915 3088 1979 κινδύνων,
3118 1914 3207 1967 διὰ
3254 1912 3529 1966 τοσούτων
3557 1910 3615 1962 δὲ
3644 1909 3745 1961 πό·-

2177 2024 2308 2072 νων,
2349 2009 2441 2061 καί⁸
2466 2008 2693 2076 ψύχους,
2740 2008 2832 2060 καὶ
2879 2005 3077 2075 πηλοῦ,
3106 2007 3202 2059 καὶ
3239 2004 3463 2066 κόνεως,
3508 2002 3603 2054 καὶ
3629 2000 3752 2052 πνίο

2177 2102 2331 2167 γους,
2382 2099 2475 2152 καλ¹
2507 2098 2925 2165 ταλαιπωριῶν,
2975 2096 3149 2164 δεῦρο’
3185 2094 3618 2163 ἀφικνουμένας,
3665 2092 3754 2144 ἵνα

2176 2193 2275 2263 τὴν
2292 2192 2557 2261 λάρνακα,
2581 2193 2674 2243 καὶ
2690 2191 2787 2260 τὴν
2811 2189 3007 2260 θήκην,
3028 2190 3123 2241 καὶ
3140 2186 3238 2257 τὴν
3264 2186 3442 2255 σορὸν,
3462 2182 3754 2238 καὶταῦτα

2179 2281 2464 2352 πόρρωθεν
2500 2281 2593 2333 καὶ
2624 2279 2713 2332 διὰ
2764 2276 3278 2344 καταπετασμάτων
3319 2275 3414 2328 καὶ
3461 2271 3756 2339 κιγκλίδων

2180 2373 2290 2425 τῶν
2323 2371 2631 2425 ἀποστόλων
2668 2372 3122 2439 προσκυνήσωσιν
3143 2384 3157 2398 ⁸
3192 2367 3281 2420 ἶνα
3317 2365 3502 2428 θέντες
3535 2365 3627 2418 ἐπὶ
3656 2363 3758 2431 τῆς

2183 2465 2409 2528 κόνεως,
2444 2465 2537 2516 καὶ
2586 2461 2682 2515 τοῦ
2718 2461 2973 2529 ἐδάφους,
3019 2459 3249 2515 καὶτῶν
3279 2456 3758 2527 περιφραττόντων

2181 2555 2367 2621 λίθων,
2398 2558 2497 2611 καὶ
2531 2556 2767 2625 σιδήρων
2814 2553 2883 2607 τά
2934 2555 3186 2621 μέτωπα,
3219 2550 3314 2603 καὶ
3344 2549 3443 2608 τάς
3490 2545 3756 2612 κεφαλάς,

2186 2647 2436 2716 σωτῆρας
2468 2645 2693 2709 αὐτοὺς,
2725 2644 2820 2698 καὶ
2862 2643 3156 2708 δεσπότας,
3184 2640 3280 2695 καὶ
3312 2639 3522 2710 ἡλίους,
3564 2636 3758 2707 ὥσπερ

2185 2734 2364 2801 εἷπον,
2409 2737 2510 2806 τῆς
2550 2736 2880 2805 οἰκουμένης
2925 2732 3414 2800 ἀναφθέγξωνταιο
3477 2729 3565 2782 ἵνα
3618 2731 3756 2797 μετά

2186 2826 2427 2883 τοσαῦτα
2451 2825 2550 2894 ἔτη
2574 2825 2667 2878 τοῦ
2690 2823 3050 2894 κηρύγματος
3081 2823 3243 2894 χάριν
3270 2822 3454 2878 αὐτοῖς
3489 2821 3588 2889 τῆς
3616 2820 3750 2888 ἀληι-

2187 2918 2361 2981 θείας,
2395 2917 2490 2970 καὶ
2541 2915 2644 2984 τῆς
2688 2915 2800 2969 ,ἀπὸ
2825 2912 2930 2983 τῆς
2973 2911 3201 2982 πλάνης,
3251 2912 3347 2964 καί⁵
3395 2909 3489 2964 τοῦ
3533 2911 3757 2970 σκότους

2188 3001 2513 3077 ἀπαλλαγῆς
2547 3006 2950 3076 ὁμολογήσωσι,
2980 3005 3073 3069 καὶ
3097 3003 3271 3057 ταῦτα
3305 3002 3397 3054 ἐπὶ
3421 3001 3522 3069 τῆς
3550 3002 3761 3065 πόλεως

2191 3100 2426 3166 ἐκείνης,
2466 3098 2559 3150 καὶ
2594 3097 2694 3165 τῆς
2724 3096 2900 3165 ἀρχῆς
2935 3093 3171 3164 δκείνης,
3203 3094 3264 3146 ὲν
3364 3092 3534 3145 ταῦτα
3560 3093 3763 3146 ἐκεῖνοι

499 3202 700 3265 potest.
752 3189 903 3247 Unde
946 3189 1124 3248 edicta
1152 3201 1342 3247 contra
1372 3191 1714 3246 Christianos
1767 3207 1862 3260 per
1915 3202 2085 3247 totum

2192 3190 2443 3259 λέγοντες
2489 3188 2782 3242 ἀπέθανον.
2823 3186 2992 3241 Ἔνθα
3014 3185 3253 3254 τοσαύτη
3289 3184 3513 3253 γέγονεν
3558 3185 3592 3253 ἡ
3632 3184 3764 3253 περὶ

500 3282 691 3338 urbem
730 3280 1155 3358 ferebantur..et
1192 3268 1480 3336 carnifices
1537 3281 1592 3334 in
1621 3279 1840 3336 eosdem
1880 3280 2089 3336 immit-

504 3374 778 3430 tebantur.
826 3369 930 3427 Ubi
973 3372 1082 3426 alio
1120 3370 1336 3440 quidem
1378 3372 1433 3424 in
1476 3369 1601 3425 loco
1662 3368 1894 3425 Neronis
1936 3370 2087 3440 impii

503 3463 653 3520 illius
685 3462 993 3528 homicidae,
1032 3461 1162 3516 alibi
1208 3476 1336 3515 vero
1367 3459 1717 3524 Diocletiani,
1767 3460 1895 3514 alibi
1924 3459 2094 3515 Maxio

508 3558 676 3613 miani
712 3542 1119 3627 persecutorum
1155 3554 1410 3624 collapsa:
1432 3553 1545 3624 jam
1570 3536 1900 3622 dejecta‘que
1926 3552 2089 3618 aedes,

508 3655 564 3702 et
586 3646 815 3710 mutilat,
852 3659 917 3699 ac
943 3642 1268 3700 semifractze
1305 3654 1499 3698 statuae
1526 3642 1798 3699 visuntur.
1835 3639 1943 3697 Sed
1978 3641 2095 3695 haec

507 3740 728 3807 quidem
767 3747 1142 3803 monumenta,
1183 3737 1323 3791 licet
1355 3735 1769 3803 imperatorum,
1793 3743 1844 3789 et
1899 3736 1990 3803 qui
2022 3734 2096 3790 is-

510 3842 598 3888 tos
617 3831 912 3902 aliquando
954 3829 1218 3886 sistebant
1247 3828 1472 3897 judicio,
1506 3838 1558 3883 et
1589 3839 1645 3881 ut
1678 3828 1951 3897 mancipia
1983 3838 2091 3881 tra-

510 3926 757 3987 ctabant,
775 3924 980 3979 cursim
1008 3931 1368 3992 praetereunt:
1395 3931 1450 3979 et
1478 3922 1607 3991 quid
1633 3922 1757 3977 dico
1784 3917 2099 3989 praeterire?

512 4021 644 4090 quin
674 4020 853 4088 potius
911 4017 1124 4072 infeSIis
1148 4018 1389 4071 calcibus
1417 4023 1728 4084 proterunt.
1789 4023 1846 4068 et
1902 4014 2098 4082 pugnis

514 4111 738 4175 feriunt,
771 4107 1179 4179 atque,utdixi,
1229 4107 1503 4170 mutilaut,
1560 4115 1869 4174 conspuunt
1897 4115 1951 4158 et
1972 4105 2100 4156 sub.

515 4212 779 4258 vertunt:
807 4202 957 4256 bisce
996 4207 1179 4253 autem
1211 4196 1560 4266 pauperculis
1585 4206 1634 4249 et
1666 4195 1990 4264 peregrinis.
2017 4185 2100 4247 vel

517 4295 703 4365 potius
734 4288 910 4349 servis
940 4306 1004 4347 ac
1042 4291 1273 4345 subditis
1300 4290 1539 4355 illorum,
1571 4285 1914 4357 professione
1941 4284 2094 4338 vitae-

519 4402 627 4457 que
655 4385 929 4448 instituto.
956 4383 1254 4439 aulicorum
1310 4381 1612 4435 tectoribus
1643 4388 1696 4433 et
1728 4376 2102 4448 piscatoribus

522 4492 689 4545 quam
716 4478 955 4533 maximo
986 4474 1182 4545 gaudio
1236 4482 1290 4527 et
1330 4473 1633 4541 voluptate,
1674 4477 1765 4523 aut
1803 4467 1849 4522 si
1907 4467 2091 4531 malis,

521 4585 647 4626 cum
685 4569 1039 4640 percussione
1070 4567 1328 4638 pectoris,
1378 4574 1435 4618 ct
1461 4564 1769 4627 devotione,
1810 4559 2097 4631 lacrymis-

522 4680 632 4736 que
646 4665 818 4734 capita
850 4663 1114 4718 inclinant
1135 4670 1465 4721 servatores,
1483 4667 1561 4710 ut
1583 4655 1716 4717 dixi,
1744 4661 1798 4709 et
1823 4653 2107 4721 praesides,

524 4772 624 4814 nec
652 4755 993 4825 praesentium
1023 4762 1231 4808 tantum
1263 4761 1425 4820 atque
1452 4762 1788 4803 terrenarum
1822 4745 2104 4806 dominos.

527 4850 621 4906 sed
658 4857 713 4904 et
756 4848 1030 4904 ‘cmlorum
1075 4843 1342 4911 ianitores
1393 4855 1488 4896 eos
1547 4846 1821 4900 vocantes,
1876 4845 1928 4891 et
1978 4837 2108 4905 sibi,

527 4942 742 5000 amicis.
769 4946 826 4994 et
845 4930 1234 4994 familiaribus.
1278 4941 1443 5002 atque
1490 4930 1607 4985 orbi
1658 4930 1913 4983 universo
1966 4927 2116 4982 salu-

530 5043 639 5092 tem
673 5038 1050 5102 exposcentes.
1109 5026 1189 5082 illi
1220 5034 1402 5079 autem
1453 5023 1602 5077 edito
1638 5030 1695 5075 et
1730 5020 2025 5087 conspicuo
2059 5019 2113 5071 in

530 5123 653 5182 loco
676 5123 877 5194 lapillis
906 5108 1199 5183 tesselatis,
1227 5115 1312 5171 vel
1340 5111 1708 5169 marmoribus
1744 5109 2116 5174 coloribusve,

533 5218 667 5289 quin
690 5217 854 5272 etiam
883 5219 1106 5283 argento
1127 5223 1278 5264 mero
1307 5216 1470 5277 atque
1526 5219 1661 5258 auro
1711 5202 1778 5257 ad
1840 5202 2116 5277 antiquam

537 5286 773 5377 speciem
808 5301 1001 5372 majori
1027 5300 1197 5356 forma
1248 5296 1535 5368 magniﬁce
1590 5286 1855 5348 eﬂormati
1909 5291 2118 5359 scdent,

537 5409 799 5466 tauquam
829 5409 982 5460 reges
1020 5393 1099 5449 vel
1131 5390 1423 5461 principes,
1479 5394 1586 5441 ant
1645 5398 1964 5441 communes
2006 5399 2124 5437 om-

541 5493 694 5549 nium
726 5488 954 5553 domini,
982 5488 1162 5542 claves
1204 5482 1406 5553 ligandi
1448 5477 1801 5545 solvendique
1842 5477 2125 5546 potestatis

442 5629 446 5632 ‹
514 5582 855 5655 .symbolum
878 5586 1148 5653 gerentes.
1204 5566 1532 5645 signumque
1581 5570 1796 5625 virtutis
1828 5579 1884 5623 et
1944 5576 2129 5621 aucto-

516 5675 730 5739 .ritatis
757 5672 878 5743 ejus
935 5671 1030 5743 qui
1070 5675 1393 5742 potestatem
1441 5665 1591 5718 illam
1655 5660 1826 5717 dedit.
1855 5660 1917 5713 Et
1944 5656 2127 5728 pepuli

526 5764 771 5834 quidem
812 5761 1069 5825 Romani,
1102 5769 1225 5816 .aut
1270 5757 1401 5813 Julii
1454 5754 1709 5820 Cesaris,
1739 5753 1819 5808 vel
1871 5749 2125 5819 Attgusli,

559 5857 644 5913 vcl
677 5856 1056 5928 cujuscunque
1088 5854 1315 5909 alterius
1347 5857 1699 5905 monumenta
1740 5842 1902 5898 etiam
1946 5842 2033 5895 hic.
2069 5839 2121 5893 in

2193 3284 2301 3338 τῶν
2332 3282 2489 3337 ἀντία
2514 3282 2622 3334 τῶν
2652 3278 2867 3350 ἀληθῶν
2902 3276 3298 3345 δεισιδαιμονία
3346 3292 3405 3328 τε
3437 3276 3532 3328 καὶ
3565 3264 3763 3342 πλάνη,

2191 3377 2292 3447 ὅση
2323 3374 2473 3444 παρά
2526 3373 2637 3427 τῶν
2686 3372 2778 3425 ἐπὶ
2830 3370 3040 3431 τούτοις
3093 3365 3349 3431 εἰδώλων,
3399 3366 3493 3417 καὶ
3535 3365 3759 3428 ξοάνων,

2192 3470 2288 3522 καὶ
2318 3468 2461 3522 ναῶν
2513 3466 2738 3519 δύναται
2768 3462 3102 3525 δείκνυσθαι.
3144 3461 3308 3514 Ὅθεν
3356 3460 3423 3510 τὰ
3464 3456 3609 3511 κατά
3656 3456 3766 3509 τῶν

2195 3557 2540 3630 Χριστιανῶν
2607 3553 2928 3624 ἁπανταχοῦ
2973 3555 3073 3622 τῆς
3127 3552 3457 3622 οἰκουμένης
3517 3549 3767 3618 δόγματα

2178 3652 2479 3722 νὲφέροντο,
2532 3650 2625 3703 καὶ
2661 3649 2711 3702 οἱ
2747 3647 2891 3701 κατά
2933 3646 3141 3699 τούτων
3189 3646 3377 3714 δήμιοι
3437 3644 3767 3711 ἐπέμποντο.

2198 3743 2376 3797 ’θπου
2406 3735 2506 3797 ὧδε
2555 3740 2656 3810 μὲν
2686 3738 2942 3807 Νέρωνος
2986 3737 3082 3789 τοῦ
3116 3736 3371 3809 σφαγέως
3410 3734 3647 3796 ἐκείνου,
3682 3732 3773 3784 καὶ

2198 3836 2439 3898 ἀνοσίου,
2495 3830 2728 3887 ἐνταῦθα
2760 3830 2816 3884 δὲ
2865 3827 3282 3897 Διοκλητιανοῦ,
3306 3826 3524 3893 ,ἐκείνῳ
3560 3824 3616 3876 δὲ
3651 3824 3774 3876 Μα-

2199 3926 2456 3998 ξιμιανοῦ
2505 3927 2614 3980 τῶν
2667 3922 2914 3979 διωκτῶν
2966 3919 3465 3980 καταπεπτωκότες
3519 3916 3620 3987 ἤδη
3681 3914 3779 3967 καὶ

2200 4020 2649 4086 κατασκαφέντες
2707 4015 2944 4083 θάλαμοι
2970 4054 2985 4077 ,
3052 4013 3148 4065 καὶ
3199 4010 3614 4079 λελωϐημέναι,
3679 4008 3779 4059 καὶ

2141 4152 2161 4165 .
2203 4113 2536 4183 ἠμιρῤαγεῖς
2562 4108 2760 4174 στῆλαι
2790 4106 3050 4175 ὁρῶνται.
3093 4104 3257 4167 ΪΔλλά
3281 4101 3487 4162 ταύτας
3526 4101 3647 4167 μὲν,
3680 4100 3780 4152 καὶ

2202 4204 2379 4258 ταῦτα
2431 4200 2713 4271 βασιλέων
2739 4197 3065 4265 γενομένας,
3108 4195 3206 4247 καί⁵
3247 4192 3446 4254 αὐτούς
3493 4207 3625 4244 ποτε
3675 4206 3782 4242 πα-

2209 4294 2670 4367 ραστησαμένων,
2702 4291 2798 4344 καὶ
2834 4289 3305 4358 δουλευσαμένων,
3338 4283 3776 4356 παρατρέχουσιο

2207 4387 2385 4443 καὶλτί
2418 4385 2578 4453 ιλέγω
2633 4382 3083 4451 παρατρέχουσις
3134 4378 3338 4447 μᾶλλον
3396 4377 3497 4446 μὲν
3543 4371 3636 4427 οῦν
3682 4371 3785 4436 λὰξ

2207 4478 2536 4538 ὲνάλλονται,
2567 4478 2659 4528 καὶ
2692 4473 2800 4537 πὺξ
2831 4473 3076 4532 παίουσι,
3119 4468 3214 4522 xli
3252 4463 3781 4535 περιρρηγνύουσιν,

2146 4553 2176 4611 ῗ
2212 4571 2406 4640 ὥσπερ
2457 4566 2633 4629 εἷπον,
2666 4564 2759 4618 καὶ
2787 4559 3184 4623 καταπτύουσι,
3230 4558 3322 4612 καὶ
3375 4553 3743 4632 ἀνατρέπουσι
3767 4567 3783 4582 ο

2212 4663 2427 4723 τούτοις
2456 4660 2513 4714 ὁὶ
2548 4659 2793 4719 πένουσι,
2831 4657 2925 4708 καὶ
2953 4653 3294 4713 ἀλλοδαποῖς,
3335 4650 3538 4719 μᾶλλον
3567 4646 3622 4699 δὲ
3659 4644 3786 4698 δού-

2214 4754 2348 4817 λοις,
2389 4754 2484 4805 καὶ
2533 4747 2801 4820 ὑπηκόοις
2832 4748 3080 4810 ἐκείνων,
3111 4739 3534 4812 τὴνπολιτείαν
3585 4738 3679 4808 καί
3728 4734 3789 4787 τὸ

2217 4845 2368 4906 ἔθνος
2389 4839 2725 4911 γενομένοις,
2751 4837 3097 4908 σκηνοποιοίς
3124 4834 3218 4886 καὶ
3247 4829 3484 4893 ἁλιεῦσι,
3513 4826 3633 4896 μεθ’
3656 4826 3790 4893 ὅσης

2219 4932 2285 4985 ἀν
2312 4931 2457 4983 εἴποι
2486 4945 2568 4991 τις
2595 4926 2839 4995 τέρψεως
2866 4922 2960 4978 κοιλ¹
2992 4921 3206 4991 ἡδονῆς,
3236 4921 3283 4972 εί
3321 4919 3378 4970 δὲ
3416 4916 3597 4987 βούλει
3632 4929 3792 4980 στερ-

2219 5021 2502 5084 νοτυπίας.
2535 5018 2631 5075 καὶ
2664 5016 2975 5078 εὐλαϐείας,
3016 5013 3113 5065 καὶ
3140 5009 3394 5078 δακρύων
3426 5006 3668 5059 κλίνουσι
3692 5005 3791 5070 τὰς

2221 5112 2486 5181 κεφαλὰς,
2515 5109 2795 5178 σωτῆρας,
2826 5108 2966 5176 ὅπερ
2995 5101 3179 5166 εἷπον,
3206 5103 3299 5155 καὶ
3331 5098 3668 5168 προστάτας,

2221 5179 2429 5256 ούγτῶν
2479 5198 2765 5268 παρόντων
2794 5196 2889 5249 καί⁵
2928 5192 3133 5261 γηΐνων
3181 5189 3403 5256 κυρίους
3443 5184 3625 5253 μόνον,
3656 5179 3797 5232 ἀλλά

2224 5296 2320 5347 καὶ
2359 5291 2470 5345 τῶν
2499 5288 2748 5357 οὐρανῶν
2786 5286 3073 5356 πυλωροὺς
3119 5275 3573 5344 ἀνακαλούμενοι,
3609 5273 3797 5333 αὐτοῖς

2224 5406 2306 5449 τε,
2338 5386 2433 5440 καὶ
2462 5384 2661 5454 φίλοις,
2697 5380 2793 5435 καὶ
2818 5377 3063 5437 οἰκείοις,
3090 5374 3186 5427 καὶ
3216 5373 3281 5441 τῇ
3313 5365 3610 5434 οἰκουμένῃ
3646 5364 3799 5434 πάσῃ

2229 5478 2356 5550 παρ’
2390 5475 2571 5530 αὐτῶν
2601 5472 2886 5542 εὐχόμενοι
2917 5466 3212 5537 σωτηρίαν.
3252 5462 3317 5516 Οἱ
3351 5459 3406 5511 δὲ
3442 5459 3707 5526 κάθηνται
3733 5456 3800 5550 ὲκ

2232 5545 2520 5641 περιωπῆς
2569 5565 2774 5620 ἀνωθεν
2835 5559 3062 5631 μεγάλοι
3119 5552 3432 5625 μεγαλωστὶ
3492 5545 3799 5641 ψηφίσινῇ

2228 5638 2397 5722 λίθοις
2433 5659 2467 5728 ἢ
2495 5657 2804 5729 χρώμασιν,
2837 5655 2918 5706 ἔτι
2947 5653 3003 5704 δὲ
3031 5648 3259 5719 ἀργύρῳ
3306 5643 3452 5712 μόνῳ
3482 5645 3576 5696 καὶ
3610 5638 3800 5711 χρυσῷ

2233 5757 2315 5818 είς
2349 5754 2410 5806 τὸ
2438 5752 2666 5822 ἀρχαῖον
2703 5743 2843 5809 εἶδος
2894 5739 3293 5810 τετυπωμένοι,
3323 5735 3510 5803 ῶσπερ
3556 5730 3801 5802 βασιλεῖς

2235 5864 2402 5913 τινες,
2437 5845 2469 5917 ἢ
2505 5841 2794 5913 ἡγεμόνες,
2824 5837 2857 5908 ἦ
2908 5834 3076 5890 κοινοὶ
3107 5831 3323 5884 πάντων
3349 5826 3602 5880 δεσπόται
3653 5823 3803 5885 κλεῖς
