4080 6594
508 320 585 386 35
1674 317 2072 379 MANUELIS
2104 315 2633 377 CllIlYSOLORrE
3690 317 3760 378 36

506 434 780 503 Quocirca
812 444 921 487 non
951 440 1083 489 tunc
1110 433 1289 488 solum
1329 432 1563 502 apostoli
1588 447 1754 501 super
1787 431 2079 486 duodecim

2189 434 2567 501 προῖεμένους.
2608 432 2719 484 Καὶ
2751 430 2852 483 οὐκ
2882 428 2989 500 ἄρα
3020 428 3113 482 ἐπὶ¹
3138 427 3350 482 δώδεκα
3378 427 3539 499 μόνον
3557 429 3767 502 θρόνων

442 574 445 579 .
506 531 743 583 thronos
766 526 1056 589 aedebunt,
1081 526 1236 595 juxta
1254 523 1458 580 Christi
1478 524 1927 593 promissionem,
1942 522 2089 590 judi-

450 612 454 621 “
509 626 700 675 cantes
728 616 1016 670 duodecim
1052 617 1231 671 tribus
1264 616 1429 671 Israel
1465 616 1597 671 :sed
1630 623 1686 669 et
1712 614 1815 667 hoc
1838 622 2086 682 tempore

512 710 590 764 illi
620 711 675 762 in
696 706 883 761 multis
915 708 1133 761 thronis
1173 708 1421 777 judicum
1474 708 1647 760 instar
1675 707 1890 768 sedent,
1943 704 2090 773 judi-

509 812 700 856 cantes
735 801 922 855 orbem
976 808 1295 854 terrarum:
1346 814 1447 853 nec
1482 798 1660 852 solum
1708 799 1761 852 in
1819 796 2089 866 primitlva

510 886 777 949 Ecclesia,
804 887 895 940 sed
920 902 1062 940 nunc
1080 902 1298 956 quoque
1317 903 1413 941 sua
1435 888 1635 956 cuique
1654 889 1833 956 lingua
1850 886 2091 953 loquun-

510 989 621 1041 tur,
676 981 829 1032 itaut
890 978 1124 1046 intelligi
1158 989 1382 1046 queant.
1411 980 1555 1044 Quin
1584 980 1751 1033 etiam
1783 980 2001 1033 decreta
2038 988 2092 1031 et

511 1069 939 1123 constitutiones
1018 1081 1335 1124 sanctorum
1403 1072 1778 1140 apestolornm
1843 1086 2090 1139 quaqua-

507 1176 752 1223 versum,
771 1163 977 1224 utdixi,
1001 1162 1147 1217 foras
1188 1163 1455 1231 prodeunt
1480 1180 1494 1216 :
1516 1171 1570 1215 et
1595 1163 1701 1215 huc
1730 1162 2092 1230 undequaqne

507 1266 619 1305 non
654 1252 831 1305 solum
860 1253 1157 1305 multorum
1195 1252 1434 1316 dierum,
1462 1254 1553 1307 sed
1588 1264 1642 1306 et
1677 1253 1947 1305 mensium
2006 1252 2094 1304 iti-

509 1359 643 1399 nere
694 1344 977 1398 conﬂuunt
1034 1346 1253 1399 nemine
1307 1354 1699 1415 persequente,
1760 1352 2093 1398 accusantes

509 1437 856 1505 semetipsos,
879 1437 1024 1505 quod
1044 1436 1197 1492 Plato
1218 1437 1271 1489 in
1302 1437 1501 1506 Gorgia
1531 1451 1648 1499 eos,
1688 1434 1932 1504 quijusti
1968 1449 2095 1488 eva-

508 1526 635 1581 dere
668 1529 917 1596 cupiunt,
948 1528 1127 1582 facere
1152 1520 1418 1597 praecipit,
1452 1538 1517 1582 ut
1544 1526 1815 1581 sententia
1848 1528 2082 1581 istorum

509 1631 727 1688 recepta
772 1621 1073 1689 injunctam
1131 1635 1347 1689 ptenam
1402 1635 1569 1688 opere
1618 1620 1895 1689 expleant.
1948 1616 2093 1672 Nihil

508 1712 656 1765 enim
700 1714 769 1767 de
814 1713 879 1766 iis
924 1713 1188 1780 dico,qui
1244 1727 1311 1766 ex
1352 1719 1626 1781 praecepto
1667 1710 1801 1769 inde
1848 1710 1917 1763 ab
1968 1710 2095 1761 ulti-

507 1803 615 1856 mis
642 1812 802 1855 terrae
851 1801 1054 1855 finibus
1109 1800 1193 1856 vel
1246 1800 1391 1855 ultro
1431 1809 1757 1864 accurrunt,
1808 1798 1893 1853 vel
1937 1796 2090 1852 inviti

506 1894 929 1963 pertrahuntur.
959 1892 1094 1959 Quis
1126 1907 1259 1946 vero
1292 1906 1403 1945 non
1430 1890 1815 1961 Obstupescat,
1846 1890 1976 1944 dum
2035 1888 2088 1942 in

507 1988 728 2058 publico
747 1985 1085 2042 consistorio
1111 2000 1306 2055 papam
1335 2000 1600 2056 responsa
1622 1984 1852 2040 dantem
1889 1990 1943 2036 et
1967 1995 2091 2036 ora-

506 2079 630 2134 cuia
659 2078 973 2133 fundentem
1010 2079 1162 2133 audit
1185 2081 1208 2131 1
1233 2080 1355 2149 quis
1383 2093 1490 2132 non
1517 2074 1962 2131 admireturdum
1988 2076 2089 2127 ista

504 2169 697 2224 videt?
724 2168 829 2223 Sed
857 2170 984 2239 quid
1018 2170 1173 2238 plura
1195 2172 1265 2225 de
1298 2170 1384 2224 his
1407 2169 1591 2225 dicere
1615 2166 1850 2222 attinet?
1875 2166 1928 2219 Id
1962 2180 2091 2219 vero

506 2260 651 2328 quod
693 2259 761 2313 de
799 2262 1171 2328 apostolorum
1219 2260 1469 2328 reliquiis
1506 2260 1774 2321 dicebam,
1820 2267 2088 2328 quantum

506 2351 639 2405 huic
685 2350 806 2404 urbi
844 2350 1160 2415 conferant,
1196 2353 1386 2405 videre
1422 2352 1548 2405 licet
1570 2367 1634 2404 ex
1667 2348 2091 2415 Commentariis

502 2441 855 2512 Cbrysotomi
886 2442 938 2495 in
967 2443 1264 2512 Epistulam
1299 2442 1451 2496 Pauli
1487 2442 1555 2496 ad
1583 2442 1850 2509 hosipsos
1886 2439 2091 2494 Roma-

510 2548 634 2596 nos,
664 2534 712 2587 si
743 2542 890 2587 recte
921 2534 1171 2598 memini,
1200 2535 1303 2588 sub
1333 2534 1520 2598 ﬁnem,
1556 2534 1646 2587 ubi
1672 2534 1753 2586 vir
1775 2546 1885 2587 non
1911 2530 2087 2585 solum

506 2643 625 2692 ore,
660 2628 753 2681 sed
782 2635 835 2680 et
858 2626 1045 2680 animo
1079 2641 1205 2681 vere
1233 2643 1457 2691 aureus,
1489 2633 1668 2679 totum
1697 2637 2008 2679 sermonem
2037 2628 2091 2675 et

504 2733 737 2774 aureum
764 2718 896 2770 illud
927 2721 1190 2788 scriptum
1217 2702 1575 2782 concludens,
1601 2717 1767 2772 veluti
1792 2716 1978 2770 divino
2008 2716 2090 2767 lu-

507 2822 635 2863 rore
662 2810 995 2873 concitatus,
1039 2810 1121 2864 bis
1158 2819 1308 2865 terve
1337 2820 1391 2864 et
1424 2808 1928 2879 smpiusexclamat,
1983 2807 2089 2860 Cn-

512 2913 695 2970 pcrem
730 2899 911 2953 videre
944 2900 1129 2953 urbem
1165 2902 1339 2964 illam,
1362 2900 1590 2955 Romam
1612 2901 1826 2954 scilicet
1858 2939 1871 2965 ,
1906 2899 2087 2968 inqua

511 2990 627 3045 baac
655 3000 711 3045 et
735 2991 840 3044 alia
867 2990 946 3062 de.
966 2991 1233 3059 apostolis
1246 3006 1651 3060 corporumque
1676 3006 1869 3045 eorum
1905 2992 2089 3059 sepul-

2190 527 2311 578 τότι
2335 526 2384 577 οἱ
2411 522 2699 578 ἀπόστολοι
2723 522 3065 588 καθίσονται,
3104 522 3244 574 κατὰ
3274 522 3373 590 τὴν
3406 523 3764 589 ἐπαγγελίαν,

2191 619 2473 687 κρίνοντες
2512 617 2610 678 τὰς
2639 615 2851 668 δώδεκα
2880 614 3056 681 φυλὰς
3083 612 3175 664 τοῦ
3219 614 3438 683 Ἰσραήλ
3458 630 3471 642 ·
3503 616 3640 667 ἀλλὰ
3674 619 3768 669 ml.

2192 708 2285 759 νῦν
2314 700 2460 759 οὗτοι
2490 706 2761 775 κάθηνται
2790 706 2881 758 ἐπὶ
2907 704 3121 757 πολλῶν
3144 703 3367 774 θρόνων,
3394 704 3589 773 ὥσπερ
3622 710 3770 768 τινὲς

2191 800 2463 856 δικασταὶ,
2491 797 2771 867 κρίνοντες
2797 798 2894 864 τὴν
2914 797 3268 865 οἰκουμένην.
3301 798 3414 851 Καὶ
3440 798 3539 849 οὐκ
3562 798 3653 851 ἐπὶ
3671 803 3768 867 τῆς

2193 892 2432 960 ἀρχαίας
2467 889 2797 957 Ἐκκλησίας
2836 888 3019 957 μόνον,
3052 887 3186 940 ἀλλὰ
3228 888 3325 939 καὶ
3353 888 3449 940 νῦν
3479 889 3618 942 κατὰ
3668 891 3769 958 τὴν

2194 984 2371 1036 αὐτῶν
2405 982 2590 1051 φωνὴν
2620 982 2753 1034 πᾶσι
2781 982 2975 1032 συνετά
3013 978 3363 1047 φθέγγονται.
3398 981 3506 1032 Kal.
3551 980 3656 1045 ἔξω
3684 998 3765 1043 τε,

2194 1076 2265 1138 ὡς
2293 1071 2471 1136 εἷπον,
2504 1072 2815 1141 πανταχόσε
2840 1072 2906 1124 τὰ
2938 1070 3045 1123 τῶν
3075 1070 3393 1127 ἀποστόλων
3435 1071 3767 1141 ψηφίσματα

2194 1169 2286 1220 καὶ
2335 1168 2682 1233 Θεσπίσματα
2714 1166 2994 1235 διαφοιτᾷ.
3049 1164 3156 1216 Καὶ
3207 1163 3367 1234 δεῦρο
3424 1165 3767 1234 πανταχόθεν

2193 1255 2443 1325 ἔρχονται
2492 1253 2706 1306 πολλῶν
2740 1252 2985 1324 ἡμερῶν,
3036 1252 3137 1322 ήδη
3170 1252 3228 1306 δὲ
3262 1256 3357 1305 καὶ
3410 1255 3596 1323 μηνῶν
3644 1254 3765 1306 ὁδῖν

2197 1346 2427 1417 μηδενὸς
2456 1345 2748 1406 διώκοντος
2805 1345 3027 1406 αὐτοὺς,
3080 1344 3443 1413 κατεροῦντες
3501 1343 3597 1413 μιν
3640 1344 3769 1397 ἐαυ-

2190 1436 2325 1499 τῶν,
2358 1436 2386 1489 ὃ
2420 1436 2641 1489 Πλάτων
2674 1437 2733 1487 ἐν
2758 1434 2963 1504 Γοργίᾳ
2990 1436 3101 1497 τοῖς
3135 1433 3486 1503 βουλομένοις
3512 1435 3605 1487 καὶ
3639 1434 3771 1504 μέλ-

2192 1528 2349 1580 λουσι
2372 1526 2602 1589 δικαίοις
2626 1522 2769 1579 εἶναι
2800 1527 3075 1595 παραινεῖ,
3106 1524 3385 1596 δεξόμενοι
3414 1526 3514 1589 τὰς
3539 1526 3771 1595 ἐκείνων

2194 1618 2523 1687 ἀποφάσεις,
2570 1617 2666 1670 καὶ
2716 1616 3108 1686 πληρώσαντες
3146 1617 3247 1679 τὰς
3298 1617 3603 1683 ἐπιτιμίας.
3663 1618 3771 1670 Ίεέῶ

2196 1708 2306 1778 γὰρ
2330 1709 2457 1772 τοὺς
2486 1708 2551 1761 ἐκ
2575 1707 2898 1779 προσταγῆς
2923 1707 3207 1779 πόρρωθεν
3230 1708 3337 1762 ἀπὸ
3362 1708 3474 1762 τῶν
3498 1709 3772 1779 ἐσχατιῶν

2126 1765 2167 1820 Β
2318 1765 2648 1871 οἰκουμένης
2678 1765 2978 1872 τρέίοντας
3084 1782 3421 1871 ’ἀγομένουᾳ
3463 1765 3640 1864 Τιξδθ
3664 1802 3770 1855 οὐκ

2191 1891 2257 1947 ἂν
2286 1892 2593 1963 ἐκπλαγείη
2619 1890 2716 1945 τοῦ
2747 1891 2950 1945 πάππα
2979 1892 3194 1946 ἀκούων
3222 1894 3281 1945 ἐν
3308 1891 3474 1963 κοινῷ
3503 1892 3772 1963 συνεδρίῳ

2191 1984 2626 2056 Χρηματιξοντος
2661 1984 2758 2038 καὶ
2779 1983 3237 2054 χρησμῳδοῦντος
3262 2001 3277 2049 ;
3302 1984 3386 2047 τίς
3414 1985 3515 2037 οὐκ
3544 1984 3610 2038 ἂν
3637 1984 3771 2039 θαυ-

2195 2076 2387 2144 μάσειε
2436 2073 2611 2128 ταῦτα
2664 2074 2849 2144 opm;
2896 2073 3059 2129 Ἀλλὰ
3120 2077 3246 2143 περὶ
3293 2076 3498 2128 τούτων
3552 2077 3610 2128 τί
3660 2074 3769 2144 χρὴ

2192 2169 2362 2221 πλείω
2392 2167 2608 2235 λέγειν;
2651 2167 2716 2218 '0
2744 2167 2798 2219 δὲ
2839 2164 3050 2235 ἔλεγον,
3083 2166 3207 2219 ὅσον
3235 2166 3349 2219 ἐστὶ
3376 2168 3445 2219 τὰ
3485 2165 3596 2219 τῶν
3632 2166 3772 2218 ἀπο⁴

2195 2261 2400 2313 στόλων
2431 2260 2661 2328 λείψανα
2685 2262 2752 2328 τῇ
2786 2259 2940 2311 πόλει
2980 2262 3176 2328 ταύτῃ,
3213 2260 3484 2329 πάρεστιν
3516 2258 3622 2309 ἀπὸ
3667 2259 3771 2318 τῆς

2206 2352 2554 2422 Ἐξηγήσεως
2580 2349 2676 2403 τοῦ
2701 2350 3089 2419 Χρυσοστόμου
3127 2350 3183 2402 ἐν
3209 2349 3286 2417 τῷ
3320 2348 3463 2402 τέλει
3498 2349 3595 2417 τῆς
3632 2349 3769 2415 πρὸς

2182 2444 2390 2504 αὐτοὺς
2429 2444 2653 2504 τούτους
2692 2442 2820 2504 τοὺς
2857 2440 3186 2508 Ῥωμαίους,
3237 2442 3283 2491 εί
3316 2438 3497 2501 καλῶς
3548 2439 3768 2507 μέμνη-

2195 2552 2317 2604 μαι,
2352 2534 2565 2585 Παύλου
2604 2531 2929 2601 Ἐπιστολῆς
2971 2531 3118 2592 ίδεῖν,
3154 2533 3211 2584 ἐν
3239 2526 3282 2598 ᾧ
3309 2531 3400 2583 τὸν
3431 2530 3551 2583 ὅλον
3582 2529 3767 2597 λόγον,

2192 2628 2286 2677 καὶ
2318 2624 2374 2675 τὸ
2414 2623 2651 2693 χρυσοῦν
2686 2623 3025 2691 σύγγραμμα
3057 2624 3232 2673 ἐκεῖνο
3264 2625 3293 2675 ὁ
3326 2621 3561 2692 χρυσοῦς
3593 2620 3768 2683 ὅντως

2191 2715 2340 2768 οὖντὸ
2375 2716 2547 2781 στόμα
2583 2714 2764 2783 μόνον,
2800 2714 2936 2766 άλλά
2968 2714 3062 2765 καὶ
3091 2714 3190 2779 τὴν
3219 2712 3401 2782 ψυχὴν
3431 2713 3573 2783 ἀνὴρ
3614 2713 3765 2763 ἐκεῖ·

2192 2824 2279 2869 νος
2318 2804 2654 2870 καταπαύει,
2693 2806 2756 2857 ἐν
2814 2801 2897 2866 οἷς
2948 2802 3138 2872 ὥσπερ
3197 2803 3489 2855 ἐνθουσιῶν
3544 2805 3626 2864 δὶς
3667 2807 3765 2854 καὶ

2190 2900 2312 2968 τρὶς
2335 2896 2429 2951 και
2463 2895 2725 2957 πολλάκις
2748 2895 2922 2962 λέγει,
2941 2894 3277 2963 Ἐϐουλόμην
3302 2893 3403 2961 τὴν
3436 2892 3593 2945 πόλιν
3620 2872 3766 2945 ικὲιο

2194 3006 2293 3057 νην
2324 2988 2477 3054 ἰδεῖν,
2511 2989 2611 3056 τὴν
2650 2975 2871 3054 Ῥώμην
2898 2985 3094 3051 λέγων,
3135 2985 3193 3037 ἐν
3283 2982 3352 3034 τὰ
3385 2981 3480 3035 καὶ
3512 2981 3601 3045 τὰ,
3631 2982 3764 3048 περὶ

509 3090 638 3173 tura
662 3092 715 3136 et
742 3081 1028 3150 praesentia
1062 3083 1375 3136 referuntur
1402 3102 1415 3138 :
1444 3099 1698 3150 cuperem
1740 3083 1866 3136 illos
1898 3083 2084 3150 pedes,

2193 3080 2301 3133 τῶν
2334 3078 2655 3133 ἀποστόλων
2712 3077 2937 3145 καὶτῆς
2986 3074 3096 3130 τῶν
3154 3075 3424 3147 σωμάτων
3482 3073 3663 3127 αὐτῶν
3702 3076 3765 3125 ἐν

508 3167 768 3243 cuperem
804 3187 1019 3237 uanus,
1063 3189 1317 3241 cuperem
1369 3176 1545 3244 capita
1579 3176 1788 3229 videre.
1825 3174 1935 3228 Nec
1966 3190 2086 3229 ces-

2189 3173 2326 3243 αύτῇ
2372 3173 2549 3240 ταφῆς
2599 3170 2692 3224 καὶ
2761 3170 3071 3239 παρουσίας
3131 3169 3378 3238 φάσκων.
3429 3167 3762 3236 Ἐϐουλόμην

511 3273 619 3330 sat,
657 3263 831 3317 instar
874 3277 1065 3317 eorum
1121 3266 1212 3333 qni
1260 3264 1547 3333 impotenti
1588 3280 1775 3319 amore
1815 3266 2085 3329 laborant,

2189 3265 2314 3325 τοὺς
2346 3261 2510 3323 πόδας
2536 3261 2811 3325 ἐκείνους,
2847 3258 3153 3329 ἐϐουλόμην
3179 3258 3278 3322 τὰς
3301 3261 3509 3329 χεῖρας,
3543 3257 3763 3310 ἐϐουλό-

509 3356 725 3427 singula
782 3356 1021 3409 membra
1073 3372 1402 3422 recensere,
1452 3366 1507 3413 et
1553 3357 1859 3413 sexcenties
1893 3358 2084 3413 eadem

2192 3353 2551 3424 μηνιέκείνας
2600 3353 2697 3415 τὰς
2753 3352 3001 3420 κεφαλὰς
3051 3351 3203 3405 ιδεῖν.
3235 3351 3343 3405 Καὶ
3390 3350 3450 3403 οὐ
3502 3348 3758 3413 παύεται,

507 3451 714 3505 dicere.
2188 3447 2377 3518 ὥσπερ
2411 3448 2458 3499 οἱ
2487 3445 2815 3514 δυσέρωτες,
2841 3445 2985 3497 κατὰ
3043 3443 3181 3514 μέλη
3212 3441 3446 3511 διεξιὼν,
3496 3443 3595 3495 καὶ
3652 3459 3760 3511 μυ-

2192 3538 2371 3610 ριάκις
2397 3534 2575 3591 ἐαυτὰ
2604 3537 2810 3602 λέγων.

588 3626 696 3682 Sed
729 3627 844 3681 hazc
863 3626 1085 3697 quidem
1121 3641 1266 3678 nunc
1297 3623 1466 3677 missa
1516 3621 1786 3677 faciamtts
1838 3639 1853 3688 ;
1909 3636 2087 3692 neque

2270 3630 2432 3684 Ἀλλὰ
2466 3629 2640 3683 ταῦτα
2677 3629 2774 3699 μὲν
2807 3627 2987 3699 ἐῶμεν
3024 3629 3126 3699 ἤδη
3149 3644 3164 3659 ο
3192 3627 3318 3681 οὔτε
3345 3631 3456 3699 γὰρ
3488 3630 3611 3683 κατ’
3641 3629 3762 3683 ἐπι-

508 3707 658 3779 enim
691 3721 998 3775 litterarum
1029 3718 1226 3770 modus
1271 3724 1383 3768 tam
1439 3714 1710 3784 prolixum
1772 3729 2082 3768 sermonem

2191 3720 2383 3791 στολὴν
2411 3721 2653 3774 τοσαῦτα
2682 3721 2887 3790 λέγειν,
2918 3723 3014 3775 καὶ
3061 3721 3162 3773 ὅσα
3191 3721 3257 3774 ἂν
3310 3723 3585 3791 εῐποιμεν,
3609 3722 3760 3775 οὐδὲν

486 3811 787 3868 admittit:
825 3818 884 3865 et
913 3808 1316 3879 qualiacunque
1353 3806 1569 3861 tandem
1598 3806 1919 3868 dixerimus,
1954 3804 2088 3858 nihil

2190 3818 2255 3870 ἂν
2280 3818 2408 3886 περὶ
2444 3812 2647 3868 τούτων
2669 3816 2864 3886 εἴημεν
2896 3815 3029 3883 πρὸς
3062 3815 3220 3879 ἀξίαν
3252 3817 3558 3886 εἰρηκότεςο
3584 3817 3761 3879 ἄλλως

508 3908 576 3962 de
608 3906 677 3959 iis
703 3918 802 3975 pro
838 3901 1105 3971 dignitate
1134 3899 1343 3954 dixisse
1391 3897 1699 3953 videbimur
1734 3914 1748 3950 :
1785 3905 1899 3951 tum
1952 3912 2084 3952 vero

2189 3927 2245 3963 τε
2280 3909 2535 3980 ἠρξάμην
2575 3909 2678 3976 μὲν
2704 3909 2779 3971 ὡς
2802 3908 2963 3976 ὀλίγα
2999 3908 3162 3976 ἐρῶν,
3200 3908 3392 3961 ἔλαθον
3436 3909 3493 3960 δὲ
3523 3908 3760 3979 ἐμαυτὸν

509 4012 686 4067 pauca
734 3996 1000 4048 duntaxat
1047 3991 1315 4059 principio
1359 3990 1611 4043 dicturus
1645 4005 1795 4043 eram
1824 4008 1837 4044 :
1865 3990 1957 4043 sed
1974 4004 2085 4043 non

2191 4002 2397 4072 σφόδρα
2422 4000 2590 4061 ἐκϐὰς
2612 3998 2706 4051 τοῦ
2735 4001 2956 4069 μέτρου.
2984 3994 3088 4054 Οἷα
3107 3999 3162 4053 δέ
3185 3999 3455 4069 ἐπιθήκην
3477 4000 3589 4053 τῶν
3610 4000 3761 4068 ἐμῶν

510 4087 797 4143 observavi
838 4074 921 4137 mé
970 4083 1184 4152 longius
1215 4082 1436 4135 modum
1464 4081 1793 4135 excessisse.
1831 4080 1955 4135 Hazc
1986 4098 2086 4135 au-

2189 4090 2532 4160 γραμμάτων
2569 4089 2727 4143 τοῦτο
2763 4089 3101 4160 ποιούμενος,
3136 4090 3405 4162 θυμηδίας
3450 4092 3597 4153 τινὸς
3659 4093 3761 4160 χά-

511 4189 618 4233 tem
652 4176 796 4229 velut
827 4173 1180 4243 appendicem
1237 4170 1547 4224 litterarum
1603 4184 1851 4223 mearum
1917 4170 2086 4225 animi

2192 4198 2299 4251 ριν,
2326 4181 2498 4233 ταῦτα
2537 4180 2844 4251 ἐϐουλήθην
2890 4183 3131 4253 γράψαι·
3173 4183 3511 4251 μάλισθ’ότι
3554 4182 3612 4234 ἐν
3644 4186 3761 4245 τοῖς

509 4264 1016 4335 oblectandigratia
1050 4262 1297 4318 scribere
1340 4260 1533 4315 volui:
1592 4261 1897 4330 praesertim
1954 4275 2081 4318 cum

2189 4274 2302 4335 σοῖς
2337 4272 2475 4342 πρὸς
2504 4273 2603 4342 ἐμὲ
2639 4273 2934 4344 γράμμασι
2969 4276 3107 4343 πρὸς
3136 4278 3248 4338 τοῖς
3276 4274 3458 4338 ἄλλοις
3487 4274 3760 4327 καὶτοῦτο

512 4363 567 4416 in
596 4360 703 4414 tuis
732 4362 798 4412 ad
834 4372 916 4410 me
943 4354 1137 4409 litteris
1169 4353 1220 4406 id
1250 4367 1471 4423 quoque
1519 4352 1661 4405 inter
1694 4352 1801 4406 alia
1843 4354 2082 4423 positum

2189 4355 2342 4433 εὗρον
2386 4366 2728 4434 ἐγκείμενον,
2759 4365 2833 4428 ὡς
2881 4365 3039 4433 όλίγα
3071 4366 3397 4419 ἐπιστέλλω.
3447 4364 3674 4419 Σπεύδω
3701 4366 3760 4418 δὲ

511 4449 833 4520 rcpererim,
865 4446 1011 4517 quod
1039 4460 1231 4516 parum
1266 4444 1528 4499 scribam.
1557 4441 1735 4500 Hasce
1763 4452 1950 4499 autem
1984 4445 2081 4498 lit-

2189 4423 2359 4512 :aiira
2395 4423 2602 4522 δοῦναι,
2654 4423 2728 4528 μη
2761 4423 2871 4529 πρὸ
2905 4423 3000 4527 τῆς
3032 4460 3111 4523 εἰς
3152 4459 3400 4512 Βενετίαν
3428 4458 3608 4511 αὐτῶν
3636 4460 3761 4525 ἀφί-

512 4550 661 4597 teras
690 4540 822 4595 dare
846 4537 1085 4600 festino,
1136 4552 1206 4591 nc
1252 4542 1544 4606 antequam
1586 4532 1842 4590 Venetias
1897 4550 2085 4604 perve-

514 4634 693 4699 niant,
719 4633 842 4702 ejus
873 4630 1117 4686 civitatis
1140 4627 1525 4698 triremcsjam
1556 4626 1933 4683 discesserint.
1978 4628 2082 4682 Sed

514 4722 759 4792 profecto
786 4723 838 4777 in
859 4720 1167 4789 bujusmodi
1196 4734 1259 4774 re
1285 4719 1337 4773 id
1372 4719 1531 4789 longe
1571 4718 1952 4773 difﬁcillimum
1979 4727 2084 4779 est,

512 4825 663 4872 recte
688 4815 950 4884 incipere,
974 4823 1029 4867 et
1056 4817 1191 4867 bene
1220 4812 1380 4865 linire
1409 4829 1423 4877 ;
1452 4826 1576 4865 nam
1608 4822 1714 4865 tota
1766 4826 1855 4867 res
1903 4818 2088 4868 extre-4

513 4907 801 4963 mitatibus
821 4906 1098 4969 deﬁnitur,
1115 4913 1170 4957 et
1186 4902 1413 4957 formam
1434 4901 1564 4957 inde
1588 4902 1815 4973 accipit.
1835 4902 1901 4958 Et
1931 4905 2083 4959 multi

514 5009 573 5054 ut
592 4998 844 5055 nesciunt
872 4995 1443 5065 undeincipiendum,
1472 4997 1544 5050 ita
1578 5010 1755 5065 neque
1814 4997 1907 5050 ubi
1958 5000 2084 5054 tlnis

513 5092 878 5161 imponendos
900 5091 989 5153 sit,
1026 5103 1187 5157 quos,
1216 5097 1503 5157 postquam
1529 5090 1821 5158 ccepcrint,
1870 5105 2087 5159 semper

514 5180 660 5248 loqui
687 5192 971 5233 necessum
995 5186 1101 5232 est.
1126 5177 1237 5245 Ego
1252 5187 1433 5230 autem
1454 5184 1605 5231 tanto
1623 5179 1886 5246 temporis
1908 5181 2088 5250 Spatio

512 5271 617 5324 isto
644 5268 805 5324 modo
835 5268 977 5337 apud
1009 5266 1391 5321 celsitudinem
1423 5274 1569 5321 tuam
1603 5266 1754 5333 silui,
1791 5276 1851 5322 ut
1907 5284 2087 5340 coepta

515 5360 602 5414 vix
662 5358 883 5414 tandem
930 5357 1136 5411 iterum
1200 5355 1454 5411 oratione
1520 5360 1630 5412 cito
1688 5359 1936 5417 desinere
1995 5380 2088 5418 ne-

511 5468 730 5523 queam.
771 5450 876 5507 Sed
922 5461 982 5505 ut
1031 5450 1084 5505 in
1140 5449 1430 5520 praeteritis
1462 5450 1792 5507 intermissa:
1826 5454 2088 5513 orationis

511 5544 752 5610 silentio,
787 5542 863 5598 ita
915 5557 1062 5596 nunc
1112 5542 1428 5611 loquacitati
1486 5559 1619 5599 mea:
1666 5544 1941 5616 ignosces.
1982 5548 2086 5603 Sed

508 5649 634 5689 cum
664 5634 976 5702 huiusmodi
1010 5635 1171 5689 rebus
1197 5634 1338 5703 apud
1370 5643 1421 5690 te
1449 5636 1708 5706 expositis
1739 5636 1863 5692 finis
1904 5655 2090 5694 neces-

510 5725 656 5783 sario
681 5726 961 5783 faciendus
1019 5727 1112 5795 sit,
1146 5726 1274 5782 nolo
1329 5736 1507 5782 tamen
1566 5739 1849 5799 propterea
1882 5741 2082 5786 nostra:

2186 4552 2322 4619 ξεως
2351 4552 2408 4605 αί
2430 4554 2675 4620 τριήρεις
2703 4554 2802 4621 τῆς
2829 4551 3037 4614 πόλεως
3074 4550 3290 4618 ἐκείνης
3319 4550 3597 4619 φθάσωσιν
3630 4551 3761 4604 dva-

2186 4645 2421 4714 χθεῐσαι.
2461 4642 2605 4695 Ἀλλ’
2631 4642 2799 4704 ὅντως
2829 4644 2886 4694 ὲν
2917 4643 3079 4695 παντὶ⁸
3110 4641 3398 4712 πράγματι
3436 4643 3612 4695 ἐκεῖνό
3643 4644 3758 4694 ἐστι

2190 4734 2388 4804 μᾶλλον
2423 4733 2704 4791 δύσκολον.
2732 4733 2949 4795 οἰκείως
2981 4750 3040 4785 τε
3067 4732 3360 4803 ἄρξασθαι,
3389 4733 3482 4785 καὶ
3521 4732 3757 4794 δεόντως

2188 4822 2533 4892 τελευτῆσαι.
2566 4824 2678 4877 Καὶ
2706 4823 2768 4875 τὸ
2803 4823 2923 4875 ὅλον
2955 4822 3013 4875 δὲ
3046 4823 3231 4886 ἁπλῶς
3268 4824 3382 4886 τοῖς
3427 4823 3614 4893 ἄκροις
3643 4824 3759 4891 ὀρί-

2187 4913 2339 4978 ζεται
2364 4915 2457 4967 καὶ
2497 4913 2714 4983 μορφὴν
2746 4914 3033 4985 λαμϐάνει.
3066 4915 3177 4969 Καὶ
3200 4914 3386 4967 πολλοὶ⁵
3416 4913 3609 4981 ῶσπερ
3632 4912 3757 4966 ὅθεν

2184 5007 2265 5059 δεῖ
2295 5005 2568 5076 ἄρξασθαι
2615 5007 2718 5059 οὐκ
2750 5007 2954 5073 ἴσασιν,
2988 5008 3161 5071 οὕτως
3185 5008 3296 5061 οὐδ’
3327 5009 3473 5061 ὅπου
3498 5008 3579 5060 δεῖ
3604 5005 3758 5067 τέλος

2186 5097 2472 5152 ἐπιθεῖναι.
2520 5099 2761 5167 ’Δνάγκη
2805 5099 2869 5168 δὴ
2910 5098 3132 5161 τούτους
3160 5098 3499 5170 ἀρξαμένους
3538 5098 3627 5149 ἀεὶ
3666 5096 3760 5148 λαο

2187 5188 2319 5241 λεῖν.
2365 5188 2511 5256 Ἐγὼ
2529 5190 2584 5242 δὲ
2608 5191 2700 5242 καὶ
2722 5188 2975 5243 τοσοῦτον
3005 5192 3197 5258 χρόνον
3229 5190 3322 5242 τὸν
3343 5190 3545 5259 τρόπον
3571 5186 3759 5240 τοῦτον

2189 5281 2323 5351 πρὸς
2356 5281 2419 5332 τὸ
2446 5281 2538 5333 σὸν
2574 5279 2705 5349 ὕψος
2734 5278 3048 5348 ἐσιώπησα,
3074 5279 3235 5339 ὥστε,
3256 5280 3409 5347 μόλις
3443 5279 3583 5332 ποτὲ
3602 5277 3757 5339 αὖθις

2187 5373 2491 5441 ἀρξάμενος
2522 5374 2586 5425 οὐ
2617 5371 2854 5441 δύναμαι
2891 5373 3103 5442 ταχέως
3150 5371 3335 5436 λῆξαι.
3370 5368 3671 5440 Συγγνὼσῃ
3699 5367 3755 5418 δέ

2191 5480 2291 5532 μου
2316 5462 2506 5532 ῶσπερ
2530 5464 2587 5515 ἐν
2611 5466 2722 5525 τοῖς
2749 5462 2988 5531 φθάσασι
3022 5465 3087 5533 τῇ
3122 5463 3264 5515 κατὰ
3292 5460 3386 5511 τὸν
3420 5459 3619 5528 τρόπον
3637 5458 3758 5508 τοῦο

2186 5570 2279 5605 τον
2309 5554 2471 5624 μέχρι
2496 5553 2640 5615 τινὸς
2669 5554 2761 5606 τοῦ
2786 5552 2970 5621 λέγειν
3008 5556 3213 5623 σιωπῇ,
3243 5552 3387 5605 οὕτω
3432 5549 3528 5605 νῦν
3561 5551 3627 5619 τῇ
3656 5563 3759 5600 πο-

2187 5642 2649 5712 λυλογίᾳ.”Αλλως
2679 5630 2745 5695 θ
2762 5643 2858 5696 καὶ
2884 5644 3010 5713 περλ⁵
3038 5644 3297 5697 τοιούτων
3321 5643 3455 5713 πρὸς
3483 5640 3541 5693 σὲ
3570 5639 3757 5706 levav-

2190 5752 2279 5796 τος
2307 5736 2521 5805 ἀνάγκη
2550 5751 2608 5801 γε
2666 5737 2771 5803 μὴν
2802 5736 2951 5799 τέλος
2985 5736 3274 5789 ἐπιθεῖναι.
3304 5735 3376 5789 Οὐ
3405 5733 3667 5805 βούλομαι
3696 5730 3757 5787 ἃ
