4080 6586
419 345 490 408 45
1501 343 1868 407 EPISTOLA
1903 344 2006 405 AD
2036 337 2399 406 JOANNEM
2442 342 2596 404 IMP.
3627 339 3700 404 46

411 464 620 538 χρείας.
687 465 840 535 Ὀσῳ
904 464 1012 535 γὰρ
1068 480 1234 537 ηττον
1293 464 1558 534 μεγέθους
1613 464 1813 534 τειχῶν
1877 465 1993 518 τότε

2103 463 2194 517 ille
2221 471 2276 517 et
2298 461 2505 531 reliqua
2531 459 2684 516 urbis
2711 459 3076 527 munimenta,
3122 474 3243 532 quzc
3266 459 3403 526 dixi,
3431 461 3592 516 validi
3633 479 3702 520 ac

413 561 602 622 ἔδεττο,
647 559 887 628 τοσούτῳ
914 559 1086 613 πλείω
1107 597 1123 624 ,
1165 559 1247 613 ἐτι
1279 560 1338 614 δὲ
1389 559 1561 630 μείζω
1593 563 1769 616 ταῦτα
1805 577 1996 626 περιε-

413 651 631 711 ϐάλετο,
667 650 890 718 οίομὲνη
929 650 1086 701 πόλιν
1120 666 1179 702 τε
1229 648 1466 720 πρώτως
1499 650 1608 703 ἀπὸ
1642 650 1754 702 τῶν
1788 650 1998 720 πειχῶν

414 741 725 810 φαίνεσθαι,
759 741 852 794 καὶ
910 741 1218 809 καλεῖσθαι,
1267 743 1364 796 καὶ
1398 741 1535 811 πρὸς
1565 743 1656 794 τὸν
1690 744 1908 796 ἅπαντα
1940 743 1996 796 δὲ

413 832 630 902 χρόνον,
655 830 718 883 ού
751 831 888 900 πρὸς
912 832 1012 901 τὴν
1044 833 1331 901 παροῦσαν
1363 833 1778 902 μόωνιὴλικίαν
1818 831 1994 886 ταῦτα

414 900 700 990 γίνῖσθαι·
747 920 833 990 ἐφ’
879 915 940 973 οὗ
971 900 1153 974 πολλὰ
1202 921 1321 974 κατ’
1356 900 1677 991 ἀνθρώπους
1730 921 1993 974 δύνασθαι

418 1012 727 1080 συμϐῆναιο
769 1013 866 1064 καὶ
918 1010 1026 1063 τῶν
1075 1014 1356 1080 μεγίστων
1401 1009 1504 1074 μὲν
1550 1004 1691 1062 εἶναι
1720 1009 1811 1061 τὸν
1841 1010 1995 1077 παρά

414 1103 526 1156 τῶν
557 1103 770 1157 πολλῶν
804 1103 1021 1172 φθόνον,
1055 1105 1318 1172 μεγίστας
1347 1103 1405 1156 δὲ
1448 1099 1587 1157 εἶναι
1623 1102 1719 1156 καὶ
1746 1103 1846 1166 τάς
1892 1119 1992 1174 με·

412 1194 648 1257 ταόολάς
672 1210 686 1224 ·
719 1194 862 1248 ὥστε
895 1195 956 1248 ού
987 1197 1149 1265 μόνον
1174 1197 1274 1264 τῆς
1301 1195 1584 1265 δυνάμεως
1618 1195 1726 1248 τῶν
1753 1210 1990 1262 πεποιη-

413 1286 613 1346 κότων.
665 1287 801 1339 ἀλλὰ
835 1286 932 1339 καὶ
976 1289 1076 1357 τῆς
1125 1289 1208 1350 είς
1265 1287 1328 1340 τὸ
1363 1287 1558 1354 μέλλον
1586 1285 1847 1356 προνοίας
1895 1288 1991 1340 καὶ

414 1377 732 1445 φρονήσεως
794 1377 974 1432 αὐτῶν
1037 1378 1202 1450 μέχρι
1249 1378 1447 1432 πολλοῦ
1511 1379 1758 1450 σύμϐολα
1802 1378 1998 1450 διαμέ-

415 1484 554 1522 νειν.

2107 554 2474 624 potentissimi
2505 551 2722 622 impcrii
2753 563 3020 622 tempore,
3075 561 3137 607 ut
3151 563 3342 608 caetera
3371 553 3696 610 admiranda

2106 661 2267 715 opera
2301 646 2448 700 illius
2502 645 2678 711 urbis,
2730 645 2913 714 potius
2943 646 3008 698 ad
3052 645 3696 717 magniﬁcentiamquant

2106 755 2262 792 usum
2291 748 2566 792 exstructa
2613 737 2837 793 fuerint.
2871 736 3088 804 Quanto
3122 739 3269 793 enim
3299 740 3484 795 minus
3511 755 3702 794 muro-

2104 846 2226 885 rum
2261 832 2636 901 magnitudine
2671 841 2797 884 tnuc
2832 831 3128 900 indigebat,
3174 845 3240 886 eo
3272 841 3326 886 et
3356 834 3608 902 pluribus
3641 842 3699 889 et

2104 922 2407 993 majoribus
2441 924 2618 977 cincta
2649 922 2772 977 fuit.
2815 924 3026 992 Quippe
3044 939 3167 977 cum
3201 924 3486 981 crederent
3507 925 3697 980 urbem

2114 1017 2353 1082 primum
2374 1032 2439 1069 ex
2462 1019 2630 1070 mttris
2661 1032 2944 1086 apparere,
2980 1032 3286 1088 nomenque
3309 1019 3434 1073 inde
3449 1019 3700 1090 accipere

2096 1114 2151 1159 ct
2173 1109 2338 1160 hosce
2358 1121 2464 1160 non
2515 1111 2764 1176 praesenti
2813 1117 3020 1162 tantum
3056 1109 3224 1175 atati,
3273 1110 3367 1165 sed
3419 1111 3486 1166 ad
3538 1126 3702 1166 omne

2099 1195 2346 1250 futurum
2402 1208 2617 1266 tempus
2663 1200 2909 1253 exstrui:
2958 1201 3113 1271 cujus
3171 1215 3464 1272 progressu
3524 1205 3696 1258 multa

2098 1287 2414 1343 hominibus
2437 1289 2656 1343 evenire
2681 1291 2924 1358 possint;
2950 1291 3003 1344 in
3023 1291 3222 1360 quibus
3241 1292 3533 1348 multorum
3561 1295 3702 1347 invi-

2106 1380 2194 1433 dia
2244 1380 2330 1434 vel
2356 1379 2690 1449 praecipuum
2722 1382 2902 1436 locum
2935 1383 3164 1448 obtinet,
3193 1392 3305 1438 tum
3327 1385 3493 1439 etiam
3518 1389 3694 1441 maxi-

2105 1486 2225 1526 mas
2270 1486 2455 1526 ret-um
2488 1473 2818 1527 mutationes
2856 1476 3198 1544 contingere,
3235 1475 3306 1529 ita
3341 1485 3401 1530 ut
3441 1477 3554 1532 haec
3585 1495 3694 1534 non

414 1559 593 1615 solum
638 1560 896 1632 potentia:
916 1561 1407 1631 eonditorum;sed
1432 1563 1598 1619 etiam
1624 1563 1982 1635 providentia:
2006 1563 2072 1618 de
2102 1563 2300 1619 futuris
2323 1574 2376 1618 et
2399 1564 2703 1634 prudentia:
2723 1575 3044 1637 argumenta
3069 1583 3234 1638 quam
3261 1569 3567 1627 diutissime
3608 1587 3705 1627 su-

415 1665 728 1721 pcressent.

497 1747 640 1802 Ἀλλ’
673 1747 796 1801 οὐδὲ
838 1749 1119 1818 μνήματα,
1151 1748 1186 1820 ἢ
1219 1748 1453 1819 τάφους,
1503 1749 1537 1820 ἢ
1590 1749 1874 1821 στήλας,ῆ
1910 1751 2005 1804 ἀνι

2184 1744 2340 1814 Quod
2373 1745 2421 1800 si
2452 1755 2830 1812 monumenta,
2873 1748 3144 1816 sepulcra.
3185 1748 3472 1804 columnas
3496 1757 3550 1803 et
3584 1758 3701 1805 sta-

415 1843 692 1913 δριάντας,
729 1843 824 1895 ιπὶ
847 1843 946 1912 τῆς
976 1844 1256 1914 ἡμετέρας
1290 1843 1500 1907 πόλεως
1523 1843 1740 1920 δνταςῆ
1771 1844 1993 1912 γενομέ-

2105 1849 2227 1894 tuas
2276 1850 2479 1895 nostra:
2519 1839 2674 1894 urbis
2724 1854 3159 1896 commemorare
3206 1841 3423 1906 vellem,
3448 1857 3568 1912 qua:
3613 1842 3697 1896 vel

423 1951 554 1995 νσυς
576 1933 901 2003 βουλόμενος
933 1933 1001 1986 ἂν
1037 1935 1215 1988 εἰπεῖν
1243 1934 1488 2004 ἠπόρουν
1521 1934 1674 1996 ίσως·
1708 1933 1824 1986 ἀλλ’
1848 1934 2004 1988 ιλάτο

427 2041 505 2076 τω
529 2024 621 2092 μιν
646 2025 779 2087 ῐσως
803 2023 1032 2093 εμελλον
1055 2023 1167 2076 τῶν
1199 2023 1351 2094 παρά
1394 2023 1610 2088 τούτοις
1639 2024 1763 2092 λέγε
1774 2042 1843 2087 ιν,
1867 2025 2004 2078 καλε

429 2116 522 2169 λίυ
543 2117 600 2170 δὲ
626 2115 745 2170 ἔνια
769 2117 864 2169 καὶ
891 2115 1338 2187 περιφανέστερα
1383 2114 1565 2184 πολλῷ
1608 2116 1718 2170 τῶν
1757 2117 1905 2187 τῇδε.
1934 2117 1999 2168 Τί

426 2208 525 2276 γὰρ
541 2208 570 2260 ό
591 2207 690 2261 τοῦ
714 2207 937 2261 κτίστου
963 2207 1064 2278 μὶν
1086 2208 1186 2261 καὶ
1208 2205 1496 2278 πολιούχου
1518 2205 1786 2275 βασιλέως
1805 2209 1999 2275 τάφος,

420 2299 512 2352 καὶ
535 2301 588 2352 οί
615 2299 722 2352 τῶν
757 2299 934 2354 ἄλλων
955 2299 1066 2352 τῶν
1092 2299 1224 2370 περὶ
1277 2298 1345 2352 αὖ
1357 2299 1441 2352 τὸν
1470 2300 1563 2354 ἐπὶ
1589 2298 1686 2352 τοῦ
1717 2298 2000 2368 βασιλικοῦ

413 2391 790 2461 πολυανδρίου,
823 2391 854 2444 δ
894 2392 1058 2462 μόνον
1099 2391 1286 2462 θαῦμα
1319 2387 1389 2462 ἦν
1442 2391 1594 2455 ίδεῖν,
1653 2390 1840 2445 πολλοὶ⁵
1898 2392 1999 2461 μὲν

413 2483 600 2553 κύκλῳ
619 2484 920 2554 σωζόμενοι
937 2485 1176 2556 περὶτδν
1197 2485 1325 2538 ναὸν
1344 2483 1455 2537 τῶν
1486 2484 1846 2548 ’Δποστόλων,
1870 2485 2012 2539 πολ--

411 2574 493 2630 λοι
512 2575 570 2629 δὲ
607 2575 710 2646 ἤδη
733 2578 828 2630 καὶ
849 2576 1211 2643 ἀπολωλότες,
1229 2576 1325 2646 καὶ
1361 2577 1512 2630 ἄλλοι
1548 2577 1606 2630 δὲ
1635 2577 1874 2648 ἀλλαχοῦ
1895 2578 1999 2648 τῆς

410 2669 621 2732 πόλεως
652 2671 746 2723 ἐπὶ
773 2671 880 2722 τῶν
928 2668 1221 2738 πῳνάωνς
1279 2670 1348 2722 Τί
1377 2671 1433 2723 δὲ
1485 2673 1517 2742 ἡ
1569 2669 1665 2724 τοῦ
1701 2672 2016 2741 νομοθέτου·

415 2763 680 2830 βασιλέως
711 2762 923 2833 στήλης
956 2763 1067 2816 Καὶ
1095 2763 1230 2833 περὶ
1251 2761 1447 2816 τοῦτον
1475 2762 1532 2816 δὲ
1569 2760 1638 2816 αὖ
1666 2763 1829 2816 ἄλλαι
1860 2766 1992 2834 στῆο
2038 2771 2053 2787 ·

410 2855 501 2908 λαι
527 2856 841 2924 γεγόνασιν,
875 2856 924 2910 εί
957 2856 1266 2926 μέμνημαι,
1297 2854 1433 2926 πρὸς
1479 2855 1748 2919 ἀνατολὰς
1800 2855 1996 2908 πολλαὶ

413 2952 609 3004 κιόνων
641 2951 896 3018 ἐξαισίων
929 2952 1252 3022 ἀνεχόντων.
1281 2949 1410 3007 Ὀτι
1456 2949 1512 3004 δι
1544 2951 1640 3004 καὶ
1663 2951 1812 3006 ἄλλοι
1843 2952 2002 3006 πλεῖ-ς

417 3056 530 3096 στοι
559 3043 652 3094 ἐπὶ
683 3042 784 3107 τῆς
815 3043 1021 3106 πόλεως
1040 3042 1275 3097 τοιοῦτοι
1318 3043 1641 3114 ἀνδριάντες
1683 3039 1848 3116 ἦσαν,
1879 3043 1988 3097 δείο

2107 1946 2252 1986 nunc
2285 1943 2534 1995 exstant,
2561 1933 2646 1986 vel
2677 1932 2808 1986 olint
2844 1932 3019 1999 fuere,
3051 1934 3307 1989 fortassis
3333 1949 3432 1988 nec
3461 1935 3548 1990 hic
3578 1950 3699 1988 ma~

2108 2026 2276 2080 teries
2333 2024 2466 2080 mihi
2517 2023 2814 2090 deﬁceret;
2851 2026 2945 2080 sed
2997 2027 3248 2095 quamvis
3285 2042 3513 2082 numero
3554 2025 3696 2081 forte

2107 2117 2389 2187 pauciora,
2425 2133 2590 2189 quam
2614 2117 2704 2172 hic
2729 2118 2862 2182 sint,
2883 2126 3120 2172 attamen
3150 2121 3409 2173 nonnulla
3440 2120 3506 2176 iis
3535 2120 3697 2189 longe

2105 2209 2416 2277 pulchriora
2485 2217 2538 2264 et
2614 2208 2990 2278 splendidiora
3055 2223 3504 2264 commemorem.
3561 2207 3696 2264 Nam

2108 2302 2240 2369 qttid
2284 2301 2518 2356 Caesaris
2548 2301 2698 2355 illius
2747 2302 3085 2370 sepulcrum,
3143 2315 3306 2370 quem
3351 2301 3694 2357 conditorem

2102 2406 2170 2446 ac
2200 2393 2484 2447 tutelaretu
2520 2408 2583 2447 ca
2612 2393 2745 2447 urbs
2763 2394 3015 2461 agnoscit
3040 2394 3063 2446 ?
3087 2394 3216 2463 qttid
3250 2395 3425 2448 vicina
3459 2395 3699 2464 reliquo-

2103 2502 2222 2539 tum
2246 2499 2595 2541 monumenta
2619 2501 2686 2540 eo
2720 2487 2843 2540 loco
2864 2486 2955 2540 ubi
2977 2485 3370 2556 imperatorum
3397 2489 3698 2556 sepulturas

2103 2580 2356 2634 dsuntur
2385 2577 2410 2631 τ
2435 2579 2617 2633 resvel
2645 2580 2765 2633 solo
2788 2579 2909 2632 visu
2943 2577 3296 2633 admiranda:
3316 2593 3550 2648 quorum
3581 2596 3694 2635 non

2100 2688 2271 2742 pauca
2292 2672 2471 2727 adhuc
2489 2687 2548 2726 su
2558 2681 2782 2742 pet'suttt
2801 2672 2943 2726 circa
2962 2675 3131 2726 aedem
3157 2671 3259 2727 SS.
3278 2672 3692 2742 Apostolorum;

2099 2766 2269 2820 multa
2293 2781 2514 2836 quoque
2556 2764 2668 2834 jam
2701 2764 3047 2831 interierunt;
3079 2764 3184 2819 alia
3214 2765 3377 2820 etiam
3402 2766 3602 2837 passim
3633 2766 3692 2821 in

2100 2859 2429 2928 templorum
2465 2859 2749 2913 vestibulis
2780 2865 3019 2912 exstant.
3068 2857 3211 2924 Quid
3246 2869 3592 2914 vero-statua
3624 2859 3693 2914 il-

2098 2949 2204 3005 lius
2230 2949 2582 3020 imperatoris
2611 2949 2707 3018 qui
2731 2950 2910 3020 legum
2935 2959 3132 3006 auctor
3156 2949 3261 3006 fuit
3285 2952 3492 3022 iquam
3526 2954 3696 3009 vicis-

2096 3043 2199 3100 sim
2224 3045 2408 3098 multa:
2430 3044 2551 3098 aliae
2569 3052 2764 3099 statum
2788 3043 2858 3096 ab
2875 3053 3024 3106 ortu,
3043 3043 3087 3098 si
3121 3053 3268 3100 recte
3289 3045 3538 3109 memini,
3569 3063 3692 3101 ma-

413 3153 603 3188 κνυται
634 3136 744 3194 ἀπὸ
765 3135 876 3188 τῶν
901 3135 1247 3203 φαινομένων
1273 3136 1488 3206 βάσεων
1528 3135 1727 3199 αὐτῶν,
1756 3138 1852 3191 καὶ
1880 3137 1990 3190 τῶν

2100 3139 2263 3193 simis
2287 3138 2560 3193 columnis
2593 3137 2867 3208 imposita!
2917 3137 3160 3208 undique
3207 3137 3520 3208 cingebant.
3577 3140 3688 3195 Sed

413 3227 469 3279 ἐν
499 3227 689 3289 αὐτοῖς
727 3227 1171 3297 ἐπιγραμμάτων
1198 3242 1214 3259 ο
1256 3222 1330 3282 ὧν
1364 3228 1524 3282 ἀλλαι
1581 3230 1680 3297 μὲν
1729 3229 1990 3300 ἀλλαχοῦ,

413 3319 665 3374 πλεῖσται
717 3319 772 3372 δὲ
824 3315 966 3390 ἦσαν
1002 3323 1064 3374 ὲν
1122 3319 1629 3390 Ἰπποδρόμῳοκαὶ
1684 3321 1851 3386 ἄλλας
1894 3321 1992 3374 καὶ

415 3411 675 3474 πλείστας
706 3408 847 3464 εἶδον
877 3410 1041 3474 αὐτὸς
1093 3412 1380 3483 πρότερον,
1429 3411 1496 3476 ἃς
1522 3413 1618 3466 νῦν
1665 3409 1787 3467 οῖδα
1824 3415 1992 3483 ἀφαι-

415 3503 687 3570 ρεθείσας.
721 3503 842 3556 Εἰσὶ
869 3503 926 3556 δὲ
968 3503 1016 3555 οἶ
1044 3503 1264 3569 λέγουσι
1294 3506 1388 3557 καὶ
1419 3506 1512 3557 τὸν
1556 3505 1654 3557 ἐπὶ
1676 3504 1772 3557 τοῦ
1803 3503 1988 3574 Ξηροῦ

407 3595 572 3664 λόφου
607 3595 784 3658 κίονα,
841 3597 936 3648 καὶ
991 3596 1083 3649 τὸν
1130 3596 1360 3666 ἀντικρὺ
1392 3597 1588 3651 τούτου
1639 3596 1778 3666 πρὸς
1832 3597 1988 3667 ἥλιον

410 3689 703 3758 ἀνίσχοντα
725 3688 822 3740 ἐπὶ
849 3687 941 3740 τοῦ
967 3689 1158 3759 ἐτέρου
1195 3689 1383 3759 λόφου,
1421 3689 1531 3743 ἀπὸ
1556 3691 1761 3758 ταύρου
1793 3691 1991 3758 κεκλη-

410 3781 595 3848 μένον,
623 3779 813 3850 βάσεις
835 3781 1197 3850 σφυρηλάτων
1235 3782 1494 3852 ἀργυρῶν
1530 3783 1866 3853 ἀνδριάντων
1893 3800 1988 3848 γε-

408 3871 698 3941 γενῆσθαι,
719 3873 813 3926 τὸν
848 3873 946 3940 μὲν
960 3873 1054 3926 τοῦ
1079 3874 1348 3943 μείζονος,
1370 3875 1462 3927 τὸν
1487 3875 1544 3928 δὲ
1564 3873 1657 3927 τοῦ
1683 3874 1990 3937 ἐλάττονος,

407 3962 547 4017 οὕτω
574 3964 687 4033 γὰρ
712 3965 979 4033 λέγονται,
1006 3968 1118 4019 τοῖν
1134 3966 1440 4020 Θεοδοσίοιν
1459 3981 1474 3998 ⁸
1501 3966 1598 4030 οὓς
1631 3968 1796 4021 πόσον
1818 3968 1989 4038 ἐχρῆν

409 4059 662 4125 γενέσθαι
699 4058 993 4127 μεγάλους,
1024 4060 1119 4112 καὶ
1150 4059 1392 4129 τιμίους,
1428 4061 1521 4113 καὶ
1548 4061 1772 4125 καλοὺς,
1797 4061 1988 4129 φαίνει

407 4168 497 4205 ται
529 4152 642 4205 ἀπὸ
669 4151 763 4205 τοῦ
803 4151 1054 4214 κάλλους,
1091 4151 1188 4204 καὶ
1215 4150 1310 4205 τοῦ
1339 4151 1534 4220 ὕψους,
1561 4154 1654 4206 καὶ
1698 4151 1800 4220 τῆς
1843 4152 1988 4222 λαμ-

410 4242 702 4314 πρότητος,
738 4243 835 4296 καὶ
863 4243 960 4312 τῆς
991 4241 1342 4305 πολυτελείας
1374 4241 1484 4296 τῶν
1517 4243 1821 4314 κρηπίδων.
1846 4243 1992 4298 Ταῦο

407 4349 474 4385 τα
503 4334 558 4387 δὲ
611 4333 948 4402 ἀνθυμηθεὶς
999 4330 1281 4402 ἐμνήσθην
1334 4333 1541 4400 μεταξὺ
1608 4335 1704 4386 καὶ
1752 4333 1852 4404 τῆς
1897 4336 1994 4389 ἐπὶ

406 4428 505 4496 τῆς
534 4425 708 4495 αὐτῆς
736 4424 858 4479 ὁδοῦ
886 4441 948 4478 τε
992 4424 1088 4478 καὶ
1115 4423 1380 4493 γραμμῆς
1445 4425 1580 4494 πρὸς
1621 4425 1836 4494 δυσμὰς
1895 4444 1990 4494 γε-

2101 3239 2156 3286 et
2175 3231 2316 3285 alias
2331 3230 2497 3301 hujus
2517 3231 2733 3300 generis
2761 3238 2973 3285 statuas
2991 3231 3427 3301 quamplurimas
3466 3247 3565 3302 per
3591 3249 3689 3286 ur-

2102 3324 2224 3379 bem
2253 3324 2536 3378 exstitisse
2570 3323 2738 3377 bases
2766 3323 3010 3391 ipsarum
3043 3331 3096 3376 ct
3130 3323 3535 3391 inscriptimics,
3565 3339 3690 3392 qttze

2102 3415 2283 3469 adhuc
2314 3415 2590 3479 visuntur,
2619 3417 2954 3469 ostendunt:
2979 3429 3212 3484 quarum
3237 3415 3358 3469 ειίευ
3379 3415 3504 3469 aliis
3533 3416 3588 3469 in
3611 3417 3690 3470 lo-

2100 3505 2202 3569 cis,
2234 3506 2326 3560 sed
2356 3501 2606 3574 plurima:
2637 3505 2691 3557 itt
2717 3501 3091 3572 llippodromo
3122 3505 3434 3558 exstabant.
3461 3504 3605 3570 Quin
3631 3513 3688 3558 et

2103 3596 2220 3664 ipse
2257 3596 2390 3649 olim
2419 3597 2618 3650 trinitas
2646 3595 2782 3650 alias
2815 3594 2948 3660 \idi,
2970 3610 3110 3664 quas
3139 3611 3284 3649 nunc
3315 3597 3525 3652 ablatas
3546 3597 3686 3654 scio.

2101 3685 2212 3741 Nec
2244 3685 2447 3742 desunt
2478 3688 2572 3758 qui
2602 3686 2914 3742 columnam
2958 3703 3080 3756 qum
3120 3689 3171 3740 itt
3200 3689 3338 3742 colle
3369 3689 3690 3759 Xeroloplto

2099 3786 2302 3841 exstat,
2361 3789 2423 3834 ut
2451 3791 2505 3834 et
2538 3780 2792 3842 alteram,
2823 3793 2946 3848 quae
2975 3779 3338 3834 exadversum
3371 3781 3436 3835 ad
3509 3785 3680 3838 solem

2097 3869 2388 3935 orientem,
2419 3870 2475 3924 in
2505 3871 2645 3925 colle
2673 3872 2766 3940 qui
2794 3885 2824 3924 a
2849 3869 3032 3924 Tauro
3056 3886 3256 3926 nomen
3283 3871 3462 3939 habet,
3485 3875 3686 3934 ductas

2100 3977 2164 4016 ex
2211 3973 2439 4034 argento
2483 3973 2695 4019 statuas
2729 3964 3059 4018 sustinuisse
3095 3963 3411 4021 aliirmant:
3444 3983 3682 4038 quarum

2099 4053 2323 4124 quidem
2342 4055 2513 4110 altera
2534 4054 2782 4126 majoris,
2801 4055 2975 4110 altera
2994 4055 3228 4112 minoris
3244 4058 3538 4115 Theodosii
3559 4061 3683 4118 fue-

2103 4147 2195 4212 rit,
2214 4147 2367 4202 ltisce
2384 4146 2528 4202 enim
2548 4147 2862 4202 nominibus
2879 4146 3040 4220 vulgo
3056 4146 3686 4220 distinguuntur.Quau-

2100 4249 2184 4294 tas
2227 4249 2429 4302 autem,
2462 4255 2629 4310 quam
2661 4240 2953 4308 pretiosas,
2982 4250 3038 4296 et
3089 4257 3253 4312 quam
3289 4243 3558 4314 pulchras;
3584 4261 3680 4302 eas

2101 4333 2275 4390 fuisse
2303 4341 2578 4404 Oporteat,
2600 4332 2650 4387 id
2669 4347 2798 4388 vero
2818 4349 2883 4388 ex
2911 4334 3121 4389 basium
3153 4336 3580 4404 pulchritudine,
3603 4343 3686 4395 al-

2103 4425 2356 4492 titudine,
2383 4424 2676 4495 splendore
2695 4433 2749 4478 et
2769 4424 3173 4492 magniﬁcentia
3193 4438 3440 4495 apparet.
3467 4426 3674 4486 Verum

407 4518 638 4588 νομένης
691 4516 824 4571 ποτε
880 4515 1057 4584 πύλης
1105 4515 1206 4586 τῆς
1263 4515 1491 4580 πόλεως,
1527 4516 1772 4597 πύργους
1833 4517 1989 4580 ὅλους

2100 4517 2232 4570 mihi
2259 4517 2374 4572 hate
2396 4533 2520 4572 cum
2549 4516 2733 4570 animo
2763 4517 3060 4572 revolventi
3108 4519 3325 4573 interitu
3357 4521 3412 4575 in
3471 4539 3685 4579 meme-

407 4610 439 4681 ἢ
469 4610 707 4681 φρούρια
731 4610 990 4674 είσιό-ιτα,
1022 4609 1182 4679 είπερ
1209 4605 1320 4663 οἷόν
1349 4627 1408 4663 τε
1439 4606 1510 4681 ἦν
1547 4613 1838 4677 κινεῖσθαι,
1891 4615 1988 4666 καὶ

405 4704 641 4767 ὁλκάδας
669 4703 854 4766 αὐτοῖς
901 4702 1090 4770 λέφεσι
1147 4702 1242 4754 καὶ
1295 4703 1461 4767 ίστοῑς
1490 4705 1800 4774 δυναμένης
1832 4705 1988 4770 δέξα-

410 4796 556 4859 σθαι,
591 4796 690 4847 καὶ
727 4795 825 4861 τῆς
851 4794 994 4863 ὑπὲρ
1022 4795 1191 4864 αὐτῆς
1217 4795 1544 4865 λαμπούσης
1569 4799 1731 4859 στοᾶς
1767 4798 1986 4868 πόρῤωο

409 4890 500 4940 θεν
530 4890 626 4941 καὶ
654 4887 747 4940 τοῦ
801 4887 1068 4955 μεγίθους
1101 4887 1210 4940 τῶν
1239 4889 1297 4940 εν
1329 4884 1483 4958 αὐτῇ
1527 4891 1876 4960 μαρμάρωνο
1904 4890 1984 4940 ἔτι

405 4982 460 5034 δὲ
486 4977 575 5031 τοῦ
607 4979 715 5048 πρὸ
750 4977 921 5046 αὐτῆς
961 4977 1162 5041 κίονος,
1195 4977 1253 5040 ὃς
1281 4979 1381 5032 καὶ
1409 4978 1572 5042 αὐτὸς
1601 4980 1807 5048 στήλην
1837 4981 1987 5032 ἀνεῖ-

407 5082 490 5139 χε.
517 5070 632 5123 Καὶ
654 5071 682 5121 ὁ
714 5069 808 5119 ἐπὶ
844 5067 936 5120 τοῦ
963 5069 1154 5138 ἑτέρου
1185 5069 1241 5121 δὲ
1270 5069 1456 5137 λόφου,
1487 5069 1582 5122 τοῦ
1612 5070 1753 5138 ὑπὲρ
1785 5072 1882 5140 τῆς
1909 5072 1988 5122 οἰο

406 5163 530 5224 χίας
555 5161 625 5230 ἦν
659 5161 755 5211 νῦν
795 5162 988 5222 οίκεῖς,
1039 5159 1174 5211 κίων
1206 5160 1350 5212 οὕτω
1391 5160 1752 5230 καλούμενος,
1788 5163 1883 5214 καὶ
1934 5160 1986 5214 οἱ

406 5253 502 5305 ἐπὶ
530 5251 627 5304 τοῦ
657 5252 1013 5321 στρατηγίου,
1050 5254 1144 5303 καὶ
1171 5253 1199 5304 ό
1221 5253 1314 5306 ἐπὶ
1334 5251 1402 5304 τὰ
1421 5253 1572 5316 δεξιά
1605 5252 1701 5305 τοῦ
1727 5252 1858 5306 ναοῦ
1877 5254 1984 5305 τῶν

417 5342 783 5405 ’Δποστόλων,
811 5344 905 5394 καὶ
934 5341 1118 5394 πολλοὶ
1149 5340 1352 5410 ἕτεροι,
1387 5343 1577 5410 βάσεις
1602 5345 1770 5411 ἀξίων
1793 5346 1984 5408 αὑταῖς

406 5435 741 5506 ἀνδριάντων
767 5431 931 5506 ἦσαν.
965 5435 1032 5487 Τί
1060 5434 1172 5504 γάρ
1209 5436 1276 5488 ἂν
1302 5434 1520 5504 λέγοιμι
1549 5438 1678 5506 περὶ
1705 5436 1800 5490 τοῦ
1846 5440 1984 5506 πρὸς

403 5529 482 5580 ἔω
517 5529 610 5582 ἰπὶ
637 5528 740 5597 τῆς
774 5527 948 5595 αὐτῆς
991 5527 1256 5590 πλατείας
1305 5526 1462 5590 αὖθις
1519 5530 1600 5591 είς
1639 5527 1775 5598 ὕψος
1817 5533 1986 5600 μήκι-

408 5636 535 5672 στον
568 5619 814 5689 αἴροντος
865 5619 956 5671 τὸν
1001 5622 1236 5687 σταυρὸν
1292 5619 1584 5690 πορφύρου
1633 5621 1831 5683 κίονος.
1888 5623 1983 5674 ἐπὶ

404 5713 504 5778 τῆς
533 5711 705 5780 αὐλῆς
728 5711 840 5782 τῶν,
863 5709 955 5762 τοῦ
985 5709 1226 5779 μεγάλου
1255 5712 1667 5764 Κωνσταντίνου
1697 5711 1989 5781 βασιλείων

408 5799 576 5857 αὑτοῦ
599 5801 910 5871 πηξαμένου
940 5800 1035 5854 καὶ
1063 5801 1367 5872 ἱδρυμένου,
1390 5803 1599 5866 πάντας
1619 5806 1717 5874 μὲν
1741 5806 1984 5869 ἀνδριάν-

2096 4608 2236 4662 riam
2266 4607 2414 4662 venit
2438 4619 2596 4677 porta
2615 4609 2793 4672 urbis,
2823 4623 2946 4676 qua:
2977 4609 3031 4662 in
3058 4610 3246 4664 eadem
3277 4611 3382 4675 via,
3414 4622 3467 4668 et
3497 4615 3551 4669 in
3577 4631 3638 4670 ea
3661 4645 3680 4660 -

2095 4696 2220 4752 dein
2250 4699 2396 4752 linea
2415 4713 2609 4753 versus
2632 4713 2886 4754 occasum
2913 4703 3189 4770 quondam
3215 4705 3464 4760 exstabat
3489 4725 3506 4772 ;
3535 4710 3675 4765 adeo

2095 4790 2300 4861 ampla,
2319 4799 2380 4844 ut
2402 4798 2586 4846 turres
2611 4793 2855 4860 integras
2876 4801 2930 4846 et
2945 4804 3146 4862 rastra,
3167 4796 3210 4848 si
3230 4801 3435 4852 moveri
3467 4802 3678 4869 potuis-

2096 4889 2219 4935 sent
2247 4897 2347 4935 suo
2379 4881 2526 4945 luco,
2551 4897 2830 4952 navesque
2859 4886 3143 4939 onerarias
3174 4895 3675 4952 cuutgarmamentis

2096 4983 2151 5026 et
2177 4973 2335 5028 malis
2359 4973 2604 5043 recipere
2635 4976 2857 5043 posset:
2888 4985 3002 5029 tum
3043 4978 3204 5030 etiam
3241 4979 3479 5046 porticus
3507 4988 3673 5052 supra

2095 5080 2214 5118 eam
2238 5067 2396 5134 longe
2415 5067 2631 5134 lateque
2649 5067 3022 5135 resplendeus,
3040 5077 3094 5120 et
3113 5083 3446 5124 marmorum
3470 5073 3522 5126 in
3549 5075 3672 5142 ipsa

2097 5157 2308 5224 porticu
2361 5158 2722 5226 magnitudo:
2761 5167 2818 5210 ut
2850 5166 2904 5210 et
2951 5158 3205 5214 columna
3258 5171 3385 5215 ante
3436 5174 3671 5230 portam,

2093 5266 2216 5320 quae
2249 5259 2306 5304 et
2357 5251 2473 5318 ipsa
2507 5259 2746 5302 statuam
2805 5250 2936 5303 olim
2979 5252 3241 5306 sustinuit
3272 5292 3287 5306 .
3316 5255 3456 5320 Quin
3503 5259 3671 5311 etiam

2094 5341 2200 5409 pila
2223 5343 2275 5394 in
2305 5342 2476 5395 altero
2497 5340 2654 5406 colle,
2684 5342 2777 5410 qui
2820 5341 3028 5396 aedibus
3059 5344 3188 5409 tuis,
3215 5346 3270 5398 in
3306 5345 3675 5413 quibusnunc

2097 5435 2331 5498 habitas,
2387 5435 2637 5488 imminet
2672 5451 2687 5487 :
2718 5442 2778 5486 ut
2817 5443 2872 5487 et
2910 5435 2995 5488 ila:
3032 5451 3154 5504 qua:
3178 5436 3233 5490 in
3270 5441 3529 5507 strategio
3570 5454 3676 5495 ex-

2093 5535 2280 5589 stant;
2312 5535 2426 5578 tum
2460 5541 2579 5594 qute
2608 5527 2674 5579 ad
2697 5527 2974 5582 dexteram
3006 5529 3106 5583 SS.
3131 5531 3520 5599 Apostolorum
3544 5534 3674 5586 visi-

2095 5628 2208 5684 tur,
2251 5619 2547 5685 multzeque
2594 5617 2714 5672 alia:
2745 5620 2922 5687 dignae
2955 5621 3403 5676 convenientibus
3467 5626 3667 5678 statuis

2095 5714 2250 5768 bases
2284 5711 2457 5765 fuere.
2486 5711 2588 5765 Sed
2623 5711 2753 5779 quid
2787 5727 2888 5780 ego
2914 5711 2980 5764 de
3010 5713 3384 5780 porphyretica
3415 5713 3664 5769 columna
3769 5752 3776 5758 -

2091 5817 2543 5870 commemorem,
2573 5817 2693 5870 qua:
2728 5815 2916 5855 versus
2942 5802 3204 5856 orientem
3243 5804 3296 5855 itt
3343 5810 3530 5858 eadem
3576 5821 3676 5858 re-
