4080 6592
376 430 439 489 51
1557 437 1957 499 MANUELIS
1996 437 2526 501 CHRYSOLOR/E
3574 439 3649 508 52

375 542 497 610 ipse
534 541 864 610 aspcctuvcl
916 541 1081 598 etiam
1131 543 1249 600 sola
1307 545 1689 601 recordatione
1741 558 1975 602 mentem

2079 550 2253 620 ἀρχῆς
2279 551 2494 618 γέγονε,
2523 554 2722 625 σπονδῇ
2756 555 3092 624 πανταχόθεν
3124 554 3228 606 τῶν
3253 553 3391 607 κατὰ
3432 556 3665 623 καιροὺς

375 647 674 704 vocemque
709 633 840 701 illis,
869 636 960 704 qui
1003 635 1082 690 vel
1133 636 1340 702 animo,
1383 641 1463 694 vel
1521 639 1697 694 oculis
1727 649 1978 694 contem-

378 725 622 794 plantur,
654 726 897 784 adimere
929 728 1101 798 possit
1130 731 1627 799 :qnemadmodum
1662 732 1697 785 ii
1720 733 1979 788 caecutire

373 819 572 885 solent,
614 818 706 889 qui
735 820 904 874 solem
941 821 1024 876 vel
1058 822 1220 876 aliam
1260 839 1373 878 rem
1399 823 1634 878 lucidam
1670 825 1974 880 intuentur.

372 911 512 974 Ouin
544 913 708 970 etiam
751 914 818 970 de
849 914 1096 985 reliquiis
1151 926 1492 981 sanctorum.
1530 919 1768 973 etrebus
1799 919 1974 975 sacris

2082 640 2350 711 ἀοιδίμων
2390 643 2657 713 βασιλέων
2705 645 2875 699 ταῦτα
2917 640 3358 714 συλλεξαμὲνων,
3395 644 3666 698 πλείστων

2082 731 2140 786 δὲ
2166 729 2323 799 αὖθις
2366 737 2595 800 ἐκεῖθεν,
2641 736 2832 808 ὥσπερ
2865 739 2974 791 ἀπὸ
3021 739 3210 807 κοινῆς
3259 737 3444 808 πηγῆς
3493 753 3667 802 τινος,

2083 831 2394 898 πανταχόσε
2426 831 2803 898 διαδοθέντων,
2852 833 3024 886 πολλὰ
3062 833 3140 886 ἔτι
3171 835 3267 886 καὶ
3298 832 3392 886 νῦν
3424 830 3670 902 μεμένη-

2083 939 2201 986 κεν,
2236 923 2412 986 οὐδεὶς
2441 924 2602 992 ὅλως,
2629 922 2807 996 οῗμαι,
2835 927 3042 995 ἀγνοεῖ.

373 1009 520 1067 illius
548 1009 721 1073 urbis,
755 1025 876 1080 qua:
905 1010 1123 1080 quidem
1155 1010 1407 1082 plurimae
1434 1028 1464 1068 a
1498 1012 1765 1083 principio
1802 1012 2041 1078 luerunt,
2077 1028 2143 1070 eo
2174 1017 2320 1084 quod
2352 1033 2568 1072 summo
2625 1034 2843 1090 semper
2891 1034 3018 1074 cum
3051 1019 3235 1075 studio
3287 1018 3356 1073 ab
3388 1017 3668 1088 augustis-

373 1103 530 1156 simis
587 1103 1012 1173 imperatoribus
1066 1106 1437 1178 undequaque
1475 1107 1880 1178 colligerentur,
1916 1108 2008 1163 sed
2045 1109 2297 1178 plurimis
2365 1112 2490 1166 inde
2545 1123 2804 1182 tanquam
2833 1129 2862 1168 a
2909 1112 3188 1168 communi
3237 1110 3475 1180 quodam
3518 1109 3669 1162 fonte

373 1193 441 1251 3d
479 1195 581 1252 alia
608 1197 724 1252 loca
753 1198 1471 1256 transmissisnihilominus
1495 1201 1662 1256 ctiam
1701 1217 1845 1256 nunc
1903 1203 2088 1258 multa:
2116 1214 2434 1273 supersunt,
2493 1205 2766 1260 neminem
2817 1207 3043 1261 omnino
3099 1205 3349 1275 ignorare
3383 1202 3666 1262 existimo.
3754 1250 3755 1253 η

445 1288 714 1344 Caeterum
771 1307 915 1347 nunc
943 1292 1074 1346 illud
1115 1292 1180 1346 de
1206 1302 1436 1362 utraque
1489 1295 1625 1348 urbe
1679 1297 1880 1358 dicam,
1932 1308 1979 1349 SI

373 1380 498 1452 quis
527 1382 876 1452 antiquorum
927 1384 1143 1438 illorum
1175 1399 1337 1452 opera
1399 1395 1624 1455 spectet,
1661 1396 1768 1441 tam
1796 1387 1847 1439 in
1877 1385 1981 1440 hac

286 1510 292 1516 -
373 1486 540 1541 quam
574 1473 626 1527 in
661 1487 849 1529 nostra
895 1477 1052 1540 urbe,
1088 1475 1238 1530 illum
1294 1483 1350 1530 et
1387 1478 1717 1546 voluptatem
1747 1486 1800 1532 et
1832 1476 1980 1530 utili-

376 1574 546 1622 tatem
578 1567 704 1622 inde
745 1578 1150 1638 percepturum.
1191 1567 1286 1625 Est
1322 1570 1466 1625 enim
1493 1571 1638 1639 quod
1667 1569 1977 1624 mortalium

374 1674 541 1730 opera
573 1661 884 1726 admireris,
909 1671 995 1717 est
1029 1662 1276 1717 vicissim
1323 1679 1421 1718 cur
1445 1673 1766 1718 contemnas
1797 1672 1852 1716 et
1881 1675 1980 1732 pro

376 1751 546 1806 nihilo
571 1753 772 1808 habeas
801 1770 817 1810 :
851 1771 974 1808 nam
1015 1755 1060 1809 si
1092 1754 1216 1824 quis
1238 1770 1302 1810 ea
1363 1766 1641 1824 spectans,
1678 1755 1832 1810 urbis
1865 1754 1975 1810 lto-

377 1859 481 1898 mte
526 1845 810 1914 imperium
843 1857 896 1901 et
963 1847 1286 1917 potentiam,
1332 1857 1444 1902 tum
1483 1847 1646 1902 etiam
1693 1847 1975 1902 hominum

2157 1297 2303 1351 Ἀλλ’
2338 1299 2519 1352 ἐκεῖνο
2543 1297 2730 1352 λοιπὸν
2763 1298 2830 1352 ἂν
2864 1299 3079 1366 εἴποιμι
3128 1299 3258 1369 περὶ
3309 1297 3666 1368 ἀμφοτέρωνο

2088 1389 2171 1443 ὅτι
2194 1389 2348 1459 παρὰ
2368 1389 2470 1459 τῆς
2503 1389 2717 1453 πόλεως
2749 1389 3201 1461 ταύτης,’ὦσπερ
3245 1388 3342 1444 καὶ
3378 1388 3530 1455 παρὰ
3561 1383 3668 1452 τῆς

2089 1483 2386 1552 ἡμετέρας,
2413 1481 2532 1536 ἔστι
2569 1484 2671 1552 μὲν
2700 1481 2895 1553 τέρψιν
2951 1481 3266 1536 σκοποῦντα
3299 1481 3368 1534 τὰ
3416 1479 3527 1532 τῶν
3553 1494 3666 1530 πα-

2086 1574 2259 1630 λαιῶν
2299 1575 2550 1642 ἐκείνων,
2577 1575 2698 1629 ἔστι
2727 1575 2784 1629 δὲ
2841 1576 2937 1629 καὶ
2962 1574 3235 1643 ὠφέλειαν
3302 1569 3664 1641 κομίσασθαι.

2089 1669 2199 1723 Καὶ
2233 1667 2351 1722 ἔστι
2405 1669 2504 1739 μὲν
2537 1669 2817 1737 θαυμάσαι
2866 1668 2935 1723 τὰ
2978 1667 3086 1722 τῶν
3139 1664 3446 1736 ἀνθρώπων
3501 1662 3664 1731 ἔργα,

2083 1759 2278 1814 ἔστιδὲ
2301 1757 2367 1815 αὖ
2399 1763 2492 1815 καὶ
2527 1761 2954 1832 καταφρονῆσαι
2991 1760 3224 1825 τούτων,
3277 1760 3372 1812 καὶ
3401 1758 3464 1810 τὸ
3491 1755 3664 1827 μηδεν

2086 1852 2226 1906 αὐτὰ
2257 1852 2606 1920 λογίσασθαι.
2667 1853 2730 1905 Et
2759 1852 2869 1922 γάρ
2903 1869 2988 1914 τις
3029 1849 3204 1904 ταῦτα
3229 1847 3374 1919 ὀρῶν
3422 1845 3667 1913 ἔνθυμηο

378 1937 596 1993 illorum
628 1939 975 2009 dignitatem,
1014 1955 1178 2010 opera
1205 1956 1270 1996 ac
1297 1942 1481 1996 studia
1528 1941 1872 2005 consideret,
1911 1954 1975 1994 ac

2081 1943 2200 2014 θείη
2228 1942 2326 2014 τὴν
2371 1943 2674 2014 ἡγεμονίαν
2697 1944 2797 2012 τῆς
2849 1941 3092 2011 Ῥώμης,
3132 1939 3225 1993 καὶ
3267 1938 3368 2008 τὴν
3402 1935 3662 2002 δύναμιν,

377 2029 576 2084 deinde
601 2029 801 2106 videat,
821 2047 981 2098 quem
1003 2033 1160 2085 linem
1179 2030 1283 2086 ista
1306 2030 1489 2086 omnia
1517 2031 1731 2085 tandem
1765 2031 1974 2086 habue-

378 2121 490 2174 rint
517 2137 531 2175 :
563 2120 636 2174 ita
663 2131 721 2174 ut
753 2137 861 2176 non
884 2123 1062 2176 solum
1096 2122 1220 2192 ipsi,
1244 2139 1431 2178 verum
1465 2123 1627 2178 etiam
1653 2123 1896 2193 potentia
1921 2130 1978 2177 et

375 2211 690 2284 imperium,
706 2223 869 2284 atque
891 2217 1017 2284 ipsse
1039 2217 1288 2271 civitates
1306 2217 1691 2286 prOpemodum
1709 2217 1984 2271 emorian.

379 2315 472 2360 tur
525 2309 698 2376 (nam,
738 2319 795 2361 ut
818 2308 904 2362 ille
946 2312 1040 2372 ait,
1077 2310 1237 2365 etiam
1291 2311 1540 2365 civitates
1591 2311 1980 2378 moriuntur);

291 2411 294 2414 ‘
379 2415 492 2470 quo
558 2402 773 2456 tandem
835 2403 954 2457 loco
985 2403 1074 2459 ille
1118 2418 1206 2458 res
1262 2403 1533 2458 humanas
1607 2403 1983 2473 reputaverit?

377 2493 653 2562 quomodo
724 2493 814 2548 ille
879 2494 959 2549 vel
1035 2494 1295 2550 secundis
1362 2495 1675 2562 extolletur,
1733 2494 1817 2551 vel
1885 2495 1983 2550 de-

377 2583 648 2654 primetur
702 2583 988 2639 adversis?
1049 2595 1144 2640 aut
1195 2600 1297 2654 qua
1351 2601 1412 2642 re
1475 2601 1806 2656 tnagnOpere
1865 2585 1983 2657 glo-

378 2675 653 2730 riabitur?
733 2679 816 2733 vel
877 2679 1004 2746 quid
1074 2679 1294 2734 tandem
1354 2695 1419 2734 cx
1494 2680 1657 2756 rebus
1724 2679 1981 2734 humanis

378 2769 563 2840 magni
583 2769 746 2824 faciet
765 2769 789 2824 7
805 2770 1017 2840 Saepius
1031 2786 1131 2841 ego
1159 2771 1288 2826 dum
1310 2753 1666 2841 triumphales
1687 2770 1850 2825 hasce
1869 2769 1982 2824 vias

378 2869 620 2925 transeo,
650 2875 806 2931 reges
836 2877 898 2916 ac
949 2864 1220 2932 principes
1259 2874 1599 2933 caeterosque
1635 2879 1700 2918 ex
1723 2861 1978 2917 Armenia

379 2962 476 3008 aut
507 2951 749 3020 Perside,
781 2953 866 3009 vel
891 2971 952 3009 cx
985 2955 1106 3009 aliis
1135 2957 1515 3012 remotissimis
1546 2957 1860 3028 regionibus
1891 2971 1982 3010 ca-

367 3051 566 3120 -ptivos
620 3049 800 3105 istbac
864 3050 1135 3107 deductos
1195 3051 1380 3106 animo
1446 3055 1726 3106 recordor.
1789 3051 1979 3120 COgito

379 3142 700 3220 etiamvbelli
740 3143 910 3199 duces
957 3144 1023 3198 de
1088 3143 1224 3214 ipsis
1284 3145 1705 3213 triumphantes,
1759 3151 1814 3198 et
1851 3143 1978 3212 quis

378 3235 597 3291 animus
632 3236 700 3290 iis
754 3236 935 3302 luerit,
983 3253 1150 3305 quam
1213 3237 1542 3308 voluptatem
1591 3237 1980 3306 perceperint:

378 3341 603 3388 econtra
652 3347 760 3400 quo
788 3331 973 3386 animo
1030 3329 1232 3386 fuerint
1288 3307 1398 3386 isti.
1453 3330 1645 3400 Cat-ito
1705 3307 2044 3386 astantemc

379 3435 435 3480 et
472 3421 862 3480 circumfusam
887 3422 1034 3478 illius
1095 3423 1249 3479 urbis
1316 3423 1740 3488 multitudinem,
1788 3434 1842 3478 et
1885 3422 1981 3478 de-

278 3545 282 3552 ·
381 3529 545 3588 super
576 3531 645 3572 ex
709 3515 918 3572 aedibus
979 3518 1342 3587 spectantium
1401 3519 1664 3572 turbam:
1736 3514 1801 3570 ad
1861 3516 1978 3570 haec

379 3619 682 3664 roncentus
717 3609 1232 3674 instrumentorum,
1290 3608 1592 3674 fremitum,
1628 3607 1978 3663 acclamatio.

381 3714 479 3755 nes
509 3706 566 3754 et
592 3697 841 3769 plausus,
878 3707 934 3753 et
981 3697 1176 3752 borum
1238 3700 1458 3769 quidem
1521 3697 1591 3753 de
1655 3697 1884 3752 victoria
1921 3696 1975 3751 in

381 3801 496 3846 tam
525 3791 840 3862 longinquis
885 3789 1198 3859 regionibus
1249 3800 1403 3860 parta
1454 3791 1810 3861 voluptatem,
1844 3805 1976 3845 con-

382 3893 466 3946 tra
498 3897 626 3938 vero
657 3884 872 3937 illorum
905 3894 1069 3952 atque
1093 3885 1399 3938 amicorum
1422 3884 1476 3938 in
1507 3884 1684 3954 patria
1714 3883 1783 3938 de
1815 3881 1975 3938 clade

380 3993 447 4034 ac
491 3977 586 4032 tali
645 3975 959 4046 spectaculo
994 3974 1264 4043 dolorem,
1295 3986 1349 4032 et
1401 3977 1696 4044 diversam,
1745 3987 1805 4033 ut
1861 3986 1973 4030 tum

381 4070 710 4127 credebatur
777 4068 1061 4137 utriusque
1117 4067 1290 4138 partis
1343 4071 1752 4124 conditionem:
1811 4078 1976 4133 atque

382 4172 445 4220 ut
474 4164 528 4219 lii
561 4163 854 4217 miserrimi
921 4175 976 4218 et
1033 4162 1320 4226 infelices,
1377 4163 1455 4216 illi
1506 4160 1768 4215 feliceset
1831 4156 1976 4212 beati

382 4268 492 4312 tam
539 4257 666 4314 aliis
728 4275 892 4328 quant
947 4256 1313 4323 sibimetipsis
1375 4255 1720 4309 videbantur.
1772 4251 1973 4306 Verum

381 4367 532 4406 nunc
573 4353 758 4407 omnia
807 4352 910 4406 ista
950 4352 1142 4420 paria:
1179 4349 1362 4404 omnia
1393 4349 1446 4403 in
1504 4347 1782 4417 pulverem
1814 4346 1976 4400 reda-

381 4456 469 4502 Cta
496 4465 509 4502 :
539 4460 716 4515 neque
745 4445 922 4517 magis
952 4443 1191 4514 Pompeii
1219 4454 1274 4499 et
1308 4443 1521 4498 Luculli
1563 4455 1728 4512 quam
1763 4440 1976 4496 Mithri-

379 4539 531 4594 datis
560 4548 657 4594 aut
689 4537 942 4609 Tigranis
990 4537 1266 4593 fortunam
1310 4536 1549 4592 noveris.
1603 4534 1746 4602 Quin
1808 4537 1972 4590 etiam

2088 2036 2183 2089 atati.
2237 2036 2338 2106 τὴν
2363 2035 2524 2100 ἀξίαν
2573 2036 2682 2088 τῶν
2729 2034 2941 2105 ἀνδρῶν
2981 2033 3232 2096 ἐκείνων,
3273 2029 3367 2082 καὶ
3407 2029 3472 2082 τὰ
3501 2026 3664 2096 ἔργα».

2081 2129 2179 2184 καὶ
2231 2129 2330 2194 τὰς
2371 2128 2629 2192 σπονδάςο
2663 2123 2787 2180 είτα
2839 2125 2988 2197 ὁρῴη
3043 2125 3219 2178 ταῦτα
3269 2123 3448 2176 πάντα
3507 2122 3586 2180 εἰς
3626 2117 3665 2172 ἃ.

2082 2222 2544 2290 τετελευτήκασιν
2565 2263 2582 2287 ,
2614 2221 2756 2274 ὥστε
2787 2219 2852 2274 ού
2905 2220 3068 2288 μόνον
3115 2217 3336 2279 αὐτοὺς,
3393 2212 3531 2268 ἀλλά
3565 2211 3665 2264 καὶ

2083 2316 2183 2386 τὴν
2206 2314 2552 2379 δυναστείαν,
2581 2316 2677 2366 καὶ
2705 2313 3030 2382 ἠγεμονίαν,
3061 2311 3159 2362 καὶ
3204 2309 3302 2370 τὰς
3352 2305 3534 2367 πόλεις
3565 2302 3666 2356 αῠο

2081 2410 2180 2472 τὰς
2218 2407 2404 2477 σχεδὸν
2432 2407 2726 2461 ἀποθανεῖν
2767 2405 3098 2476 (θνήσκουσι
3133 2402 3263 2473 γὰρ,
3285 2399 3359 2464 ὦς
3387 2417 3492 2452 που
3514 2397 3666 2464 λέγει

2081 2518 2186 2566 τις,
2242 2501 2336 2553 καὶ
2386 2498 2614 2565 master
2648 2493 2714 2552 τί
2752 2497 2938 2552 λοιπὸν
2977 2496 3044 2550 ἂν
3106 2495 3388 2562 λογίσαιτο
3426 2492 3494 2545 τὰ
3551 2491 3666 2544 τῶν

2091 2591 2437 2662 ἀνθρώπωνς
2476 2592 2591 2653 πῶς
2626 2591 2670 2642 δ’
2698 2589 2764 2643 ἂν
2791 2588 3040 2659 εὐτυχῶν
3071 2587 3368 2656 ἐπαρθείη,
3401 2584 3661 2654 ἢδνστυ-

2083 2688 2192 2757 χῶν
2222 2685 2592 2755 ταπεινωθείη
2617 2703 2630 2749 ;
2662 2685 2754 2737 ἐπὶ
2800 2684 2909 2737 τίνι
2930 2680 2976 2734 δ’
3006 2682 3074 2735 ἂν
3107 2680 3252 2750 μέγα
3280 2679 3616 2748 φρονήσαιτο
3641 2693 3658 2740 ;

2080 2777 2134 2831 τί
2160 2777 2205 2828 δ’
2228 2776 2294 2830 av
2333 2775 2446 2829 τῶν
2484 2774 2851 2845 ἀνθρωπίνων
2875 2771 3014 2835 ὅλως
3065 2771 3196 2840 περὶ
3247 2768 3445 2822 πολλοῦ
3496 2767 3663 2836 ποιή-

2079 2887 2238 2924 σαιτο
2263 2885 2278 2935 ;
2309 2868 2579 2930 Πολλάκις
2609 2866 2738 2931 τοὺς
2766 2864 3136 2936 θριαμϐικοὺς
3173 2863 3405 2931 δρόμους
3435 2860 3662 2919 τούτονς

2079 2961 2274 3025 ἐπιὼν,
2323 2959 2644 3030 διανοοῦμαι
2705 2958 2805 3028 μὲν
2837 2958 2965 3020 τοὺς
3003 2956 3092 3010 διὰ
3150 2952 3355 3007 τούτων
3384 2951 3664 3021 ἠγμένους

2079 3052 2421 3123 ἄρχοντας
2473 3051 2768 3112 δυνάστας,
2802 3049 2896 3102 καὶ
2925 3048 3053 3111 τοὺς
3108 3047 3306 3109 ἄλλους
3373 3041 3662 3114 αίχμαλὼ-

2079 3163 2232 3208 τους,
2265 3144 2530 3206 πολλάκις
2563 3143 2674 3196 ἀπὸ
2717 3140 3085 3212 ’Δρμενίωνῆ
3130 3137 3380 3210 Περσῶν,
3414 3139 3447 3207 ἧ
3495 3153 3661 3190 τινων
3745 3179 3748 3182 .

2081 3237 2259 3291 ἄλλων
2298 3237 2509 3306 σφόδρα
2579 3235 3010 3304 ἀφεστηκότων⁸
3059 3231 3381 3301 διανοοῦμαι
3423 3230 3477 3283 δὲ
3527 3229 3663 3290 τοὺς

2081 3330 2524 3403 θριαμϐεύοντας
2549 3330 2641 3382 ἰπὶ,
2685 3326 2898 3390 τούτοις
2955 3325 3324 3396 στρατηγοὺς,
3381 3325 3478 3378 καὶ
3533 3321 3663 3376 τινα

2083 3427 2184 3496 μὲν
2211 3424 2442 3492 καρδίαν
2486 3420 2634 3492 είκον
2677 3415 2825 3475 οὗτοι
2877 3418 2969 3472 καὶ
3009 3418 3226 3491 ἡδονὴν,
3278 3421 3400 3472 τίνα
3445 3417 3502 3470 δὲ
3551 3415 3660 3486 4r.)-

2079 3521 2184 3590 χὴν
2227 3520 2451 3572 ἐκεῖνοι.
2497 3519 2878 3590 Ἐνθυμοῦμαι
2903 3519 2960 3573 δὲ
3014 3517 3074 3571 τὸ
3103 3511 3406 3586 περιεστὼς
3434 3512 3530 3565 καὶ
3557 3525 3661 3563 πει

2083 3613 2450 3684 ρικεχυμὲνον
2486 3613 2702 3676 τούτοις
2737 3611 2839 3681 τῆς
2870 3611 3080 3676 πόλεως
3111 3608 3338 3678 πλῆθος,
3390 3604 3484 3657 καὶ
3531 3603 3661 3663 τοὺς

2081 3705 2395 3775 θεωμένους
2451 3703 2664 3761 ἄνωθεν
2728 3706 2836 3759 ἀπὸ
2864 3706 2973 3758 τῶν
3024 3702 3236 3768 οίκιῶν,
3294 3699 3386 3752 καὶ
3417 3697 3518 3766 τὴν
3550 3694 3659 3747 τῶν

2075 3797 2330 3868 ὀργάνων
2361 3797 2709 3868 συμφωνίαν,
2746 3798 2844 3850 καὶ
2878 3797 2971 3850 τὸν
2999 3793 3188 3866 θροῦν,
3216 3792 3312 3846 καὶ
3352 3791 3452 3852 τὰς
3481 3789 3656 3856 εύφηδ

2082 3889 2236 3960 μίας,
2278 3890 2528 3952 καὶτοὺς
2561 3891 2823 3960 κρότουςο
2855 3888 2950 3942 καὶ
3003 3889 3105 3952 τὴν
3156 3884 3365 3938 τούτων
3430 3883 3529 3954 μὲν
3565 3879 3659 3933 ἐπὶ

2077 3985 2145 4052 τῇ
2201 3981 2352 4051 νίκῃ,
2391 3983 2485 4035 καὶ
2529 3981 2704 4044 οὕτως
2737 3979 3018 4050 ὑπερορίῳ
3056 3977 3275 4048 ἡδονὴν,
3335 3977 3563 4029 ἐκείνων
3601 3974 3658 4026 δὲ

2079 4074 2174 4126 καὶ
2203 4074 2312 4125 τῶν
2341 4075 2560 4126 οἰκείων
2585 4072 2768 4126 αὐτῶν
2799 4073 2940 4126 οἶκοι
2967 4072 3069 4140 τὴν
3120 4071 3216 4124 ἐπὶ
3250 4071 3313 4140 τῇ
3362 4069 3505 4139 ἥττῃ
3561 4067 3658 4120 καὶ

2078 4168 2146 4236 τῇ
2179 4165 2406 4236 τοιαύτῃ
2437 4169 2630 4236 πομπῇ
2671 4164 2873 4234 λύπην,
2905 4163 3000 4218 καὶ
3050 4164 3153 4234 τὴν
3204 4160 3572 4232 νομιζομένην
3599 4161 3658 4212 ἐν

2078 4259 2293 4323 τούτοις
2329 4261 2452 4313 τότε
2482 4257 2753 4329 διαφοράν
2781 4273 2796 4288 ο
2828 4260 2927 4313 καὶ
2960 4258 3112 4318 ὅπως
3135 4250 3290 4309 οὗτοι
3325 4255 3424 4324 μὲν
3460 4254 3657 4324 τρισά-

2080 4351 2217 4405 θλιοι
2245 4352 2337 4404 καὶ
2365 4349 2784 4419 κακοδαίμονες,
2831 4351 3030 4403 ἐκείνοι
3084 4349 3141 4403 δὲ
3177 4349 3496 4418 εὐδαίμονες
3543 4346 3657 4401 κκαὶ

2081 4446 2344 4518 μακάριοι
2383 4446 2498 4507 τοῖς
2539 4443 2722 4507 ἄλλοις
2759 4444 2856 4496 καὶ
2889 4445 3106 4505 ἑαυτοῖς
3165 4442 3407 4496 ἐδόκουν.
3453 4439 3569 4494 Νῦν
3599 4439 3656 4493 δὲ

2078 4539 2259 4594 πάντα
2289 4540 2477 4592 ἐκεῖνα
2507 4537 2568 4590 ὲν
2601 4537 2830 4606 ἰσότητι,
2861 4537 3040 4589 πάντα
3079 4535 3135 4589 δὲ
3169 4535 3226 4589 ὲν
3258 4535 3442 4588 κόνει·
3477 4533 3571 4586 καὶ
3593 4533 3654 4585 οὐ

381 4633 583 4688 domus
605 4633 757 4702 ipsa,
797 4641 851 4688 et
870 4639 1090 4697 statua,
1125 4639 1288 4700 atque
1312 4613 1542 4685 aedilicia
1573 4629 1628 4683 in
1687 4629 1964 4698 pulverem

2080 4631 2282 4703 μᾶλλον
2307 4631 2376 4682 ἂν
2409 4629 2597 4699 γνοίης
2624 4630 2723 4698 τὴν
2745 4627 2836 4681 τοῦ
2865 4627 3182 4698 Πομπηΐου,
3221 4627 3254 4700 ἢ
3287 4625 3652 4691 Λουκούλλου,

382 4725 640 4782 redacta:
676 4741 799 4795 quae
826 4725 880 4779 in
921 4733 1138 4779 tantum
1196 4725 1380 4779 adhuc
1439 4727 1873 4792 supereminent,
1915 4726 1969 4777 in

380 4826 649 4887 quantum
681 4817 864 4876 tellus.
906 4830 1015 4886 qua
1039 4816 1234 4869 obruta
1274 4822 1550 4883 teguntur,
1608 4827 1714 4867 non
1770 4813 1971 4881 ubique

380 4907 608 4977 aequalis
636 4916 741 4970 est,
776 4906 869 4962 sed
901 4906 956 4961 in
984 4905 1254 4960 tumulum
1300 4905 1586 4959 attollitur.
1615 4903 1810 4959 Multas
1833 4919 1972 4973 quo-

380 5014 491 5071 que
521 5009 735 5056 statuas
775 4999 969 5054 borum
1002 4997 1247 5053 felicium
1275 5012 1340 5051 ac
1391 4995 1674 5051 beatorum
1701 4995 1968 5049 victorum

382 5107 494 5148 una
523 5107 648 5148 cum
679 5091 900 5162 tropaeis
929 5107 993 5146 ac
1025 5091 1228 5146 laureis
1269 5091 1322 5144 in
1389 5103 1548 5144 coeno
1574 5098 1628 5143 ct
1667 5088 1781 5143 luto
1820 5087 1970 5156 deje-

383 5195 508 5242 ctas
536 5201 602 5241 ac
633 5184 954 5255 provolutas
982 5200 1210 5240 cernere
1237 5185 1389 5250 licet,
1409 5183 1547 5237 alias
1569 5190 1879 5251 compactas
1905 5195 1970 5236 ac

381 5279 647 5344 divulsas,
693 5293 799 5331 non
839 5291 1040 5344 paucas
1087 5278 1257 5332 ca!cis
1318 5278 1568 5347 Oper-isve
1618 5276 1850 5340 tectorii,
1883 5275 1969 5329 vel

383 5371 546 5427 ctiam
578 5370 815 5440 lapidum
848 5369 1022 5425 vicem
1071 5370 1300 5424 aliorum
1346 5369 1792 5424 aediﬁcationibus
1823 5384 1968 5424 nunc

384 5472 641 5532 praestare
701 5461 912 5516 videas.
965 5460 1034 5515 At
1071 5461 1228 5531 queis
1257 5449 1446 5515 melio‘r
1467 5475 1589 5518 sors
1614 5463 1832 5533 obtigit,
1860 5461 1968 5516 illae

382 5556 658 5626 ili-perdita
699 5555 1058 5626 primogettia,
1097 5562 1154 5607 ut
1181 5551 1502 5608 Aristoteles
1526 5562 1702 5616 vocat.
1725 5553 1964 5622 lapidum

387 5647 587 5713 forma,
617 5662 820 5719 equum
839 5646 1228 5701 conscensuris
1263 5645 1490 5716 gradum
1521 5660 1613 5699 seu
1640 5646 1960 5708 scaltellum,

385 5741 470 5796 vel
531 5744 672 5796 muri
699 5743 1068 5812 crepidinem,
1099 5741 1181 5796 vel
1232 5740 1496 5798 asiniaut
1535 5741 1688 5796 bovis
1725 5755 1966 5810 priest-pe

383 5834 630 5890 elliciunt
649 5850 666 5900 ;
685 5834 927 5902 disjectas
954 5835 1296 5905 plerumque,
1323 5844 1381 5888 ut
1402 5835 1537 5899 dixi,
1570 5843 1622 5888 et
1645 5834 1961 5887 confracta.

374 5926 538 5997 Alias
573 5927 744 6002 spina:
775 5938 826 5986 et
861 5940 1068 5997 sentes,
1141 5929 1223 5985 vel
1277 5930 1500 5987 arbusta
1549 5929 1788 6000 undique
1837 5943 1964 5984 cna-

2074 4722 2230 4795 ητὴν
2257 4721 2617 4792 Μιθριδάτου,
2667 4719 3010 4792 ἢΤιγράνου
3065 4719 3262 4789 τύχην.
3314 4719 3424 4772 Καὶ
3486 4719 3653 4773 αὐταὶ

2073 4815 2131 4869 δὲ
2184 4815 2452 4881 αίοίκίαι,
2496 4815 2591 4868 καὶ
2625 4815 2680 4868 αἱ
2730 4814 2947 4883 στῆλαι,
3000 4813 3096 4866 καὶ
3142 4814 3198 4866 αί
3261 4812 3546 4883 οἰκοδομαλ.
3596 4814 3656 4865 ὲν

2075 4908 2222 4962 κόνει
2275 4908 2427 4979 παρὰ
2455 4906 2712 4960 τοσοῦτον
2744 4906 3114 4979 ὑπερέχουσαι
3151 4908 3287 4978 παρ’
3329 4907 3456 4960 ὅσον
3507 4909 3538 4975 ἡ
3571 4907 3656 4958 δε-

2075 4995 2286 5066 ξαμένη
2327 4995 2501 5049 ταῦτα
2555 4996 2627 5064 γῆ
2659 4995 2761 5047 οὑκ
2817 4995 3086 5060 ίσόπεδος,
3124 4997 3243 5049 ἀλλ’
3291 4999 3651 5065 ἀνεστηκυῖα.

2074 5092 2182 5144 Καὶ
2208 5091 2438 5155 πολλοὺς
2466 5087 2575 5144 τῶν
2605 5089 2947 5160 ἀνδριάντων
2981 5091 3090 5143 τῶν
3121 5091 3466 5159 εὐδαιμόνων
3507 5093 3654 5144 ὲκεί-

2073 5204 2181 5239 νων
2227 5187 2322 5241 καὶ
2359 5186 2649 5257 μακαρίων
2699 5185 2940 5256 νικητῶν
2994 5188 3180 5249 αὐτοῖς
3224 5185 3514 5258 τροπαίοις
3557 5185 3654 5238 καὶ

2073 5279 2358 5349 στεφάνοις
2389 5280 2538 5333 ἔστιν
2571 5281 2703 5334 ίδεῐν
2735 5283 2795 5335 ἐν
2822 5282 3096 5353 βορϐόρῳ,
3124 5281 3221 5334 καὶ
3251 5279 3410 5352 πηλῷ
3462 5279 3652 5335 καλιν-

2070 5371 2387 5440 δουμένους,
2426 5375 2520 5429 καὶ
2581 5376 2996 5447 ἐρριμμένους*
3056 5376 3253 5436 ἄλλους
3296 5375 3352 5429 δὲ
3397 5377 3653 5446 ἠκρωτη-

2073 5464 2403 5534 ριασμένους
2444 5467 2537 5520 καὶ
2558 5466 3027 5540 διεσπαρμένουςο
3071 5469 3171 5522 οὐκ
3202 5465 3421 5536 ὀλίγους
3469 5467 3526 5520 δὲ
3559 5467 3646 5521 τί-

2067 5573 2249 5620 τανον,
2279 5557 2312 5629 ἢ
2345 5557 2556 5625 κονίαν,
2600 5559 2634 5630 ἢ
2686 5559 2798 5612 τῶν
2849 5559 3179 5628 οἰκοδομιῶν
3240 5559 3417 5621 ἄλλως
3461 5558 3649 5618 λίθους

2071 5652 2405 5718 γενομένους
2429 5666 2446 5683 ο
2498 5651 2612 5704 ὅσοι
2652 5650 2709 5705 δὲ
2768 5651 3038 5722 βελτίονος
3091 5651 3262 5723 τύχης
3302 5653 3516 5724 ἔτυχον,
3551 5652 3650 5721 τὴν

2071 5741 2216 5795 κατά
2246 5742 2634 5814 Ἀριστοτέλην
2679 5746 3062 5815 πρωτὰρχειον
3112 5746 3223 5798 τῶν
3277 5745 3442 5798 λίθων
3493 5747 3649 5798 εὐτυ·

2067 5834 2192 5905 χίαν
2233 5834 2634 5900 ἀποϐαλόντας,
2681 5837 2854 5890 ἵππου
2909 5838 3216 5910 ἐπίϐαθρον
3263 5839 3403 5909 πρὸς
3443 5839 3647 5892 ἀναϐα-

2072 5933 2176 5999 σιν,
2209 5928 2238 6000 ἢ
2273 5931 2512 6002 κρηπῖδα
2547 5932 2753 6003 τοίχου,
2785 5930 2815 6001 ἧ
2853 5931 2975 5985 ὄνου
3007 5933 3238 6004 φάτνην,
3275 5933 3307 6004 ἢ
3345 5933 3464 6004 βοὸς
3511 5934 3646 5993 πλη-
