  <div class='ocr_page' id='page_1' title='image "/cluster/home/n/w/nwhite01/storage/ocr_20150623/156/hvd.32044019208438/041.png"; bbox 0 0 4080 6602; ppageno 0'>
   <div class='ocr_carea' id='block_1_1' title="bbox 550 450 3819 546">
    <p class='ocr_par' dir='ltr' id='par_1_1' title="bbox 550 450 3819 546">
     <span class='ocr_line' id='line_1_1' title="bbox 550 450 3819 546; baseline 0.007 -25"><span class='ocrx_word' id='word_1_1' title='bbox 550 455 628 523; x_wconf 75' lang='lat'><strong>59</strong></span> <span class='ocrx_word' id='word_1_2' title='bbox 1846 450 2176 535; x_wconf 34' lang='lat' dir='ltr'><strong>Jo‘ANMs</strong></span> <span class='ocrx_word' id='word_1_3' title='bbox 2209 474 2491 538; x_wconf 68' lang='lat' dir='ltr'><strong>CANANI</strong></span> <span class='ocrx_word' id='word_1_4' title='bbox 3746 460 3819 546; x_wconf 57' lang='lat' dir='ltr'><strong>eo</strong></span> 
     </span>
    </p>
   </div>
   <div class='ocr_carea' id='block_1_2' title="bbox 551 572 2167 663">
    <p class='ocr_par' dir='ltr' id='par_1_2' title="bbox 551 572 2133 657">
     <span class='ocr_line' id='line_1_2' title="bbox 551 572 2133 657; baseline 0.011 -31"><span class='ocrx_word' id='word_1_5' title='bbox 551 589 677 641; x_wconf 70' lang='lat' dir='ltr'><strong>qua:</strong></span> <span class='ocrx_word' id='word_1_6' title='bbox 705 572 823 628; x_wconf 86' lang='lat' dir='ltr'><strong>istis</strong></span> <span class='ocrx_word' id='word_1_7' title='bbox 888 577 1132 644; x_wconf 83' lang='lat' dir='ltr'><strong>opposita</strong></span> <span class='ocrx_word' id='word_1_8' title='bbox 1157 588 1307 641; x_wconf 83' lang='lat' dir='ltr'><strong>sunt,</strong></span> <span class='ocrx_word' id='word_1_9' title='bbox 1339 580 1392 635; x_wconf 91' lang='lat' dir='ltr'><strong>in</strong></span> <span class='ocrx_word' id='word_1_10' title='bbox 1427 582 1595 636; x_wconf 87' lang='lat' dir='ltr'><strong>cruda</strong></span> <span class='ocrx_word' id='word_1_11' title='bbox 1634 585 1861 640; x_wconf 84' lang='lat' dir='ltr'><strong>materia</strong></span> <span class='ocrx_word' id='word_1_12' title='bbox 1899 587 2133 657; x_wconf 73' lang='lat' dir='ltr'><strong>emngit.</strong></span> 
     </span>
    </p>
   </div>
   <div class='ocr_carea' id='block_1_3' title="bbox 2233 572 3825 663">
    <p class='ocr_par' dir='ltr' id='par_1_3' title="bbox 2249 592 3825 663">
     <span class='ocr_line' id='line_1_3' title="bbox 2249 592 3825 663; baseline 0.001 -18"><span class='ocrx_word' id='word_1_13' title='bbox 2249 593 2511 646; x_wconf 83' lang='grc' dir='ltr'>ταστικοῦ</span> <span class='ocrx_word' id='word_1_14' title='bbox 2557 592 2657 658; x_wconf 83' lang='grc' dir='ltr'>τῆς</span> <span class='ocrx_word' id='word_1_15' title='bbox 2699 592 2882 663; x_wconf 79' lang='grc' dir='ltr'>ψυχῆς</span> <span class='ocrx_word' id='word_1_16' title='bbox 2911 594 3080 647; x_wconf 89' lang='grc' dir='ltr'>τύπον</span> <span class='ocrx_word' id='word_1_17' title='bbox 3109 594 3457 647; x_wconf 76' lang='grc' dir='ltr'><strong>ἀποδέδωκεν</strong></span> <span class='ocrx_word' id='word_1_18' title='bbox 3488 592 3578 645; x_wconf 70' lang='grc' dir='ltr'><strong>ἐπὶ</strong></span> <span class='ocrx_word' id='word_1_19' title='bbox 3608 592 3703 646; x_wconf 87' lang='grc' dir='ltr'><strong>τοῦ</strong></span> <span class='ocrx_word' id='word_1_20' title='bbox 3737 592 3825 646; x_wconf 80' lang='grc' dir='ltr'>λῖ-</span> 
     </span>
    </p>
   </div>
   <div class='ocr_carea' id='block_1_4' title="bbox 553 666 2140 745">
    <p class='ocr_par' dir='ltr' id='par_1_4' title="bbox 553 666 2140 745">
     <span class='ocr_line' id='line_1_4' title="bbox 553 666 2140 745; baseline 0.009 -26"><span class='ocrx_word' id='word_1_21' title='bbox 553 666 671 722; x_wconf 82' lang='lat' dir='ltr'><strong>lloc</strong></span> <span class='ocrx_word' id='word_1_22' title='bbox 701 668 865 736; x_wconf 77' lang='lat' dir='ltr'><strong>igitur</strong></span> <span class='ocrx_word' id='word_1_23' title='bbox 906 670 1254 737; x_wconf 81' lang='lat' dir='ltr'><strong>potissimum</strong></span> <span class='ocrx_word' id='word_1_24' title='bbox 1287 674 1339 726; x_wconf 89' lang='lat' dir='ltr'><strong>in</strong></span> <span class='ocrx_word' id='word_1_25' title='bbox 1375 675 1493 728; x_wconf 84' lang='lat' dir='ltr'><strong>istis</strong></span> <span class='ocrx_word' id='word_1_26' title='bbox 1525 678 1783 745; x_wconf 78' lang='lat' dir='ltr'><strong>operibus</strong></span> <span class='ocrx_word' id='word_1_27' title='bbox 1817 680 2014 733; x_wconf 86' lang='lat' dir='ltr'><strong>mirum</strong></span> <span class='ocrx_word' id='word_1_28' title='bbox 2044 698 2140 734; x_wconf 84' lang='lat' dir='ltr'><strong>no-</strong></span> 
     </span>
    </p>
   </div>
   <div class='ocr_carea' id='block_1_5' title="bbox 552 757 2137 834">
    <p class='ocr_par' dir='ltr' id='par_1_5' title="bbox 552 757 2137 834">
     <span class='ocr_line' id='line_1_5' title="bbox 552 757 2137 834; baseline 0.011 -23"><span class='ocrx_word' id='word_1_29' title='bbox 552 757 641 813; x_wconf 84' lang='lat' dir='ltr'><strong>bis</strong></span> <span class='ocrx_word' id='word_1_30' title='bbox 696 759 909 813; x_wconf 73' lang='lat' dir='ltr'><strong>videtur</strong></span> <span class='ocrx_word' id='word_1_31' title='bbox 946 776 962 824; x_wconf 84' lang='lat'><strong>;</strong></span> <span class='ocrx_word' id='word_1_32' title='bbox 1002 774 1053 815; x_wconf 88' lang='lat' dir='ltr'><strong>et</strong></span> <span class='ocrx_word' id='word_1_33' title='bbox 1094 779 1224 819; x_wconf 86' lang='lat' dir='ltr'><strong>sane</strong></span> <span class='ocrx_word' id='word_1_34' title='bbox 1263 766 1308 819; x_wconf 92' lang='lat' dir='ltr'><strong>si</strong></span> <span class='ocrx_word' id='word_1_35' title='bbox 1341 766 1468 834; x_wconf 88' lang='lat' dir='ltr'><strong>quis</strong></span> <span class='ocrx_word' id='word_1_36' title='bbox 1510 767 1563 821; x_wconf 82' lang='lat' dir='ltr'><strong>in</strong></span> <span class='ocrx_word' id='word_1_37' title='bbox 1598 769 1762 826; x_wconf 82' lang='lat' dir='ltr'><strong>rebus</strong></span> <span class='ocrx_word' id='word_1_38' title='bbox 1831 772 1937 825; x_wconf 89' lang='lat' dir='ltr'><strong>illis</strong></span> <span class='ocrx_word' id='word_1_39' title='bbox 1979 783 2137 827; x_wconf 87' lang='lat' dir='ltr'><strong>natu-</strong></span> 
     </span>
    </p>
   </div>
   <div class='ocr_carea' id='block_1_6' title="bbox 563 852 2134 935">
    <p class='ocr_par' dir='ltr' id='par_1_6' title="bbox 563 852 2134 935">
     <span class='ocr_line' id='line_1_6' title="bbox 563 852 2134 935; baseline 0.011 -31"><span class='ocrx_word' id='word_1_40' title='bbox 563 852 770 908; x_wconf 88' lang='lat' dir='ltr'><strong>ralibus</strong></span> <span class='ocrx_word' id='word_1_41' title='bbox 831 854 1214 923; x_wconf 84' lang='lat' dir='ltr'><strong>plasmatorem</strong></span> <span class='ocrx_word' id='word_1_42' title='bbox 1247 869 1301 921; x_wconf 86' lang='lat' dir='ltr'><strong>et</strong></span> <span class='ocrx_word' id='word_1_43' title='bbox 1335 875 1497 928; x_wconf 82' lang='lat' dir='ltr'><strong>opera</strong></span> <span class='ocrx_word' id='word_1_44' title='bbox 1522 862 1639 929; x_wconf 85' lang='lat' dir='ltr'><strong>ipsa</strong></span> <span class='ocrx_word' id='word_1_45' title='bbox 1677 864 1901 931; x_wconf 74' lang='lat' dir='ltr'><strong>pulchra</strong></span> <span class='ocrx_word' id='word_1_46' title='bbox 1932 866 2134 935; x_wconf 77' lang='lat' dir='ltr'><strong>ingenii</strong></span> 
     </span>
    </p>
   </div>
   <div class='ocr_carea' id='block_1_7' title="bbox 555 944 2142 1025">
    <p class='ocr_par' dir='ltr' id='par_1_7' title="bbox 555 944 2142 1025">
     <span class='ocr_line' id='line_1_7' title="bbox 555 944 2142 1025; baseline 0.011 -30"><span class='ocrx_word' id='word_1_47' title='bbox 555 944 780 997; x_wconf 81' lang='lat' dir='ltr'><strong>humani</strong></span> <span class='ocrx_word' id='word_1_48' title='bbox 836 946 1017 999; x_wconf 81' lang='lat' dir='ltr'><strong>aciem</strong></span> <span class='ocrx_word' id='word_1_49' title='bbox 1053 953 1387 1015; x_wconf 88' lang='lat' dir='ltr'><strong>attestantia,</strong></span> <span class='ocrx_word' id='word_1_50' title='bbox 1426 955 1908 1025; x_wconf 85' lang='lat' dir='ltr'><strong>contemplabitur,</strong></span> <span class='ocrx_word' id='word_1_51' title='bbox 1968 960 2142 1012; x_wconf 71' lang='lat' dir='ltr'><strong>maxi-</strong></span> 
     </span>
    </p>
   </div>
   <div class='ocr_carea' id='block_1_8' title="bbox 557 1040 2134 1120">
    <p class='ocr_par' dir='ltr' id='par_1_8' title="bbox 557 1040 2134 1120">
     <span class='ocr_line' id='line_1_8' title="bbox 557 1040 2134 1120; baseline 0.011 -33"><span class='ocrx_word' id='word_1_52' title='bbox 557 1051 783 1104; x_wconf 86' lang='lat' dir='ltr'><strong>mopere</strong></span> <span class='ocrx_word' id='word_1_53' title='bbox 836 1040 1259 1108; x_wconf 78' lang='lat' dir='ltr'><strong>stnpehit.Talia</strong></span> <span class='ocrx_word' id='word_1_54' title='bbox 1311 1046 1454 1098; x_wconf 84' lang='lat' dir='ltr'><strong>enim</strong></span> <span class='ocrx_word' id='word_1_55' title='bbox 1493 1062 1616 1101; x_wconf 87' lang='lat' dir='ltr'><strong>cum</strong></span> <span class='ocrx_word' id='word_1_56' title='bbox 1664 1051 1858 1103; x_wconf 86' lang='lat' dir='ltr'><strong>ardore</strong></span> <span class='ocrx_word' id='word_1_57' title='bbox 1883 1052 2134 1120; x_wconf 86' lang='lat' dir='ltr'><strong>amplecti</strong></span> 
     </span>
    </p>
   </div>
   <div class='ocr_carea' id='block_1_9' title="bbox 554 1131 2138 1202">
    <p class='ocr_par' dir='ltr' id='par_1_9' title="bbox 554 1131 2138 1202">
     <span class='ocr_line' id='line_1_9' title="bbox 554 1131 2138 1202; baseline 0.011 -22"><span class='ocrx_word' id='word_1_58' title='bbox 554 1143 684 1183; x_wconf 86' lang='lat' dir='ltr'><strong>vera</strong></span> <span class='ocrx_word' id='word_1_59' title='bbox 728 1141 809 1184; x_wconf 84' lang='lat' dir='ltr'><strong>cst</strong></span> <span class='ocrx_word' id='word_1_60' title='bbox 858 1131 1203 1202; x_wconf 79' lang='lat' dir='ltr'><strong>philosophia</strong></span> <span class='ocrx_word' id='word_1_61' title='bbox 1248 1135 1411 1198; x_wconf 72' lang='lat' dir='ltr'><strong>:hmc</strong></span> <span class='ocrx_word' id='word_1_62' title='bbox 1472 1138 1616 1197; x_wconf 86' lang='lat' dir='ltr'><strong>enim</strong></span> <span class='ocrx_word' id='word_1_63' title='bbox 1673 1143 1974 1197; x_wconf 89' lang='lat' dir='ltr'><strong>secundum</strong></span> <span class='ocrx_word' id='word_1_64' title='bbox 2026 1145 2138 1199; x_wconf 78' lang='lat' dir='ltr'><strong>vir-</strong></span> 
     </span>
    </p>
   </div>
   <div class='ocr_carea' id='block_1_10' title="bbox 553 1224 2135 1295">
    <p class='ocr_par' dir='ltr' id='par_1_10' title="bbox 553 1224 2135 1295">
     <span class='ocr_line' id='line_1_10' title="bbox 553 1224 2135 1295; baseline 0.013 -23"><span class='ocrx_word' id='word_1_65' title='bbox 553 1229 725 1273; x_wconf 89' lang='lat' dir='ltr'><strong>tutem</strong></span> <span class='ocrx_word' id='word_1_66' title='bbox 757 1230 811 1275; x_wconf 88' lang='lat' dir='ltr'><strong>et</strong></span> <span class='ocrx_word' id='word_1_67' title='bbox 856 1224 1180 1291; x_wconf 80' lang='lat' dir='ltr'><strong>sapientiam</strong></span> <span class='ocrx_word' id='word_1_68' title='bbox 1214 1228 1445 1295; x_wconf 88' lang='lat' dir='ltr'><strong>primum</strong></span> <span class='ocrx_word' id='word_1_69' title='bbox 1479 1231 1659 1285; x_wconf 89' lang='lat' dir='ltr'><strong>locum</strong></span> <span class='ocrx_word' id='word_1_70' title='bbox 1698 1242 1900 1289; x_wconf 87' lang='lat' dir='ltr'><strong>tenent.</strong></span> <span class='ocrx_word' id='word_1_71' title='bbox 1924 1235 2135 1292; x_wconf 77' lang='lat' dir='ltr'><strong>Talium</strong></span> 
     </span>
    </p>
   </div>
   <div class='ocr_carea' id='block_1_11' title="bbox 551 1324 2135 1395">
    <p class='ocr_par' dir='ltr' id='par_1_11' title="bbox 551 1324 2135 1395">
     <span class='ocr_line' id='line_1_11' title="bbox 551 1324 2135 1395; baseline 0.011 -29"><span class='ocrx_word' id='word_1_72' title='bbox 551 1324 806 1381; x_wconf 55' lang='lat' dir='ltr'><strong>aspectus</strong></span> <span class='ocrx_word' id='word_1_73' title='bbox 869 1331 969 1370; x_wconf 85' lang='lat' dir='ltr'><strong>nos</strong></span> <span class='ocrx_word' id='word_1_74' title='bbox 1029 1332 1328 1386; x_wconf 78' lang='lat' dir='ltr'><strong>permovet,</strong></span> <span class='ocrx_word' id='word_1_75' title='bbox 1374 1332 1427 1375; x_wconf 91' lang='lat' dir='ltr'><strong>et</strong></span> <span class='ocrx_word' id='word_1_76' title='bbox 1491 1324 1804 1393; x_wconf 87' lang='lat' dir='ltr'><strong>hujusntodi</strong></span> <span class='ocrx_word' id='word_1_77' title='bbox 1868 1331 2135 1395; x_wconf 82' lang='lat' dir='ltr'><strong>exempla,</strong></span> 
     </span>
    </p>
   </div>
   <div class='ocr_carea' id='block_1_12' title="bbox 550 1407 2139 1492">
    <p class='ocr_par' dir='ltr' id='par_1_12' title="bbox 550 1407 2139 1492">
     <span class='ocr_line' id='line_1_12' title="bbox 550 1407 2139 1492; baseline 0.013 -36"><span class='ocrx_word' id='word_1_78' title='bbox 550 1407 773 1473; x_wconf 83' lang='lat' dir='ltr'><strong>quando</strong></span> <span class='ocrx_word' id='word_1_79' title='bbox 806 1408 1017 1474; x_wconf 85' lang='lat' dir='ltr'><strong>integra</strong></span> <span class='ocrx_word' id='word_1_80' title='bbox 1052 1419 1107 1465; x_wconf 91' lang='lat' dir='ltr'><strong>et</strong></span> <span class='ocrx_word' id='word_1_81' title='bbox 1163 1415 1464 1468; x_wconf 82' lang='lat' dir='ltr'><strong>secundum</strong></span> <span class='ocrx_word' id='word_1_82' title='bbox 1500 1418 1761 1472; x_wconf 88' lang='lat' dir='ltr'><strong>rationem</strong></span> <span class='ocrx_word' id='word_1_83' title='bbox 1790 1431 1936 1485; x_wconf 82' lang='lat' dir='ltr'><strong>sunt,</strong></span> <span class='ocrx_word' id='word_1_84' title='bbox 1965 1423 2139 1492; x_wconf 81' lang='lat' dir='ltr'><strong>magis</strong></span> 
     </span>
    </p>
   </div>
   <div class='ocr_carea' id='block_1_13' title="bbox 550 1502 2137 1579">
    <p class='ocr_par' dir='ltr' id='par_1_13' title="bbox 550 1502 2137 1579">
     <span class='ocr_line' id='line_1_13' title="bbox 550 1502 2137 1579; baseline 0.013 -30"><span class='ocrx_word' id='word_1_85' title='bbox 550 1512 715 1566; x_wconf 85' lang='lat' dir='ltr'><strong>quam</strong></span> <span class='ocrx_word' id='word_1_86' title='bbox 750 1514 940 1555; x_wconf 85' lang='lat' dir='ltr'><strong>rerum</strong></span> <span class='ocrx_word' id='word_1_87' title='bbox 972 1502 1305 1557; x_wconf 78' lang='lat' dir='ltr'><strong>naturalium</strong></span> <span class='ocrx_word' id='word_1_88' title='bbox 1335 1519 1514 1561; x_wconf 66' lang='lat' dir='ltr'><strong>causa:</strong></span> <span class='ocrx_word' id='word_1_89' title='bbox 1537 1508 1604 1561; x_wconf 90' lang='lat' dir='ltr'><strong>ad</strong></span> <span class='ocrx_word' id='word_1_90' title='bbox 1631 1518 1863 1563; x_wconf 86' lang='lat' dir='ltr'><strong>mentem</strong></span> <span class='ocrx_word' id='word_1_91' title='bbox 1893 1512 2137 1579; x_wconf 79' lang='lat' dir='ltr'><strong>aliquam</strong></span> 
     </span>
    </p>
   </div>
   <div class='ocr_carea' id='block_1_14' title="bbox 549 1591 2137 1662">
    <p class='ocr_par' dir='ltr' id='par_1_14' title="bbox 549 1591 2137 1662">
     <span class='ocr_line' id='line_1_14' title="bbox 549 1591 2137 1662; baseline 0.013 -20"><span class='ocrx_word' id='word_1_92' title='bbox 549 1591 874 1644; x_wconf 85' lang='lat' dir='ltr'><strong>creatricem</strong></span> <span class='ocrx_word' id='word_1_93' title='bbox 937 1592 1130 1647; x_wconf 82' lang='lat' dir='ltr'><strong>referri</strong></span> <span class='ocrx_word' id='word_1_94' title='bbox 1185 1595 1402 1651; x_wconf 89' lang='lat' dir='ltr'><strong>debent.</strong></span> <span class='ocrx_word' id='word_1_95' title='bbox 1438 1597 1501 1653; x_wconf 88' lang='lat' dir='ltr'><strong>Et</strong></span> <span class='ocrx_word' id='word_1_96' title='bbox 1551 1599 1594 1654; x_wconf 87' lang='lat' dir='ltr'><strong>si</strong></span> <span class='ocrx_word' id='word_1_97' title='bbox 1651 1601 1703 1655; x_wconf 85' lang='lat' dir='ltr'><strong>in</strong></span> <span class='ocrx_word' id='word_1_98' title='bbox 1762 1602 1846 1657; x_wconf 89' lang='lat' dir='ltr'><strong>his</strong></span> <span class='ocrx_word' id='word_1_99' title='bbox 1894 1608 2137 1662; x_wconf 76' lang='lat' dir='ltr'><strong>auctoris</strong></span> 
     </span>
    </p>
   </div>
   <div class='ocr_carea' id='block_1_15' title="bbox 520 1682 2135 1763">
    <p class='ocr_par' dir='ltr' id='par_1_15' title="bbox 520 1682 2135 1763">
     <span class='ocr_line' id='line_1_15' title="bbox 520 1682 2135 1763; baseline 0.012 -28"><span class='ocrx_word' id='word_1_100' title='bbox 520 1682 867 1738; x_wconf 78' lang='lat' dir='ltr'><strong>.excellentia</strong></span> <span class='ocrx_word' id='word_1_101' title='bbox 904 1685 1397 1759; x_wconf 80' lang='lat' dir='ltr'><strong>manifestatur,qni</strong></span> <span class='ocrx_word' id='word_1_102' title='bbox 1431 1692 1655 1746; x_wconf 82' lang='lat' dir='ltr'><strong>materia</strong></span> <span class='ocrx_word' id='word_1_103' title='bbox 1723 1699 2135 1763; x_wconf 67' lang='lat' dir='ltr'><strong>praeexsistente</strong></span> 
     </span>
    </p>
   </div>
   <div class='ocr_carea' id='block_1_16' title="bbox 547 1774 2136 1854">
    <p class='ocr_par' dir='ltr' id='par_1_16' title="bbox 547 1774 2136 1854">
     <span class='ocr_line' id='line_1_16' title="bbox 547 1774 2136 1854; baseline 0.014 -29"><span class='ocrx_word' id='word_1_104' title='bbox 547 1774 826 1840; x_wconf 91' lang='lat' dir='ltr'><strong>quomodo</strong></span> <span class='ocrx_word' id='word_1_105' title='bbox 857 1775 988 1830; x_wconf 88' lang='lat' dir='ltr'><strong>libet</strong></span> <span class='ocrx_word' id='word_1_106' title='bbox 1016 1778 1186 1832; x_wconf 87' lang='lat' dir='ltr'><strong>utitur</strong></span> <span class='ocrx_word' id='word_1_107' title='bbox 1229 1796 1245 1846; x_wconf 86' lang='lat'><strong>;</strong></span> <span class='ocrx_word' id='word_1_108' title='bbox 1280 1791 1489 1849; x_wconf 87' lang='lat' dir='ltr'><strong>quanto</strong></span> <span class='ocrx_word' id='word_1_109' title='bbox 1527 1786 1702 1854; x_wconf 80' lang='lat' dir='ltr'><strong>magis</strong></span> <span class='ocrx_word' id='word_1_110' title='bbox 1735 1786 1933 1844; x_wconf 75' lang='lat' dir='ltr'><strong>divina:</strong></span> <span class='ocrx_word' id='word_1_111' title='bbox 1989 1792 2136 1847; x_wconf 89' lang='lat' dir='ltr'><strong>illius</strong></span> 
     </span>
    </p>
   </div>
   <div class='ocr_carea' id='block_1_17' title="bbox 2241 684 3817 757">
    <p class='ocr_par' dir='ltr' id='par_1_17' title="bbox 2241 684 3817 757">
     <span class='ocr_line' id='line_1_17' title="bbox 2241 684 3817 757; baseline 0.001 -19"><span class='ocrx_word' id='word_1_112' title='bbox 2241 686 2358 751; x_wconf 89' lang='grc' dir='ltr'>θου,</span> <span class='ocrx_word' id='word_1_113' title='bbox 2390 686 2420 746; x_wconf 79' lang='grc' dir='ltr'>ἢ</span> <span class='ocrx_word' id='word_1_114' title='bbox 2447 684 2542 738; x_wconf 87' lang='grc' dir='ltr'><strong>τοῦ</strong></span> <span class='ocrx_word' id='word_1_115' title='bbox 2574 684 2755 752; x_wconf 77' lang='grc' dir='ltr'>ξύλον,</span> <span class='ocrx_word' id='word_1_116' title='bbox 2801 687 2834 756; x_wconf 82' lang='grc' dir='ltr'><strong>ἦ</strong></span> <span class='ocrx_word' id='word_1_117' title='bbox 2866 686 2962 740; x_wconf 87' lang='grc' dir='ltr'><strong>τοῦ</strong></span> <span class='ocrx_word' id='word_1_118' title='bbox 2991 687 3218 756; x_wconf 79' lang='grc' dir='ltr'><strong>χαλκοῦ,</strong></span> <span class='ocrx_word' id='word_1_119' title='bbox 3248 685 3282 756; x_wconf 76' lang='grc' dir='ltr'>ἢ</span> <span class='ocrx_word' id='word_1_120' title='bbox 3321 687 3430 740; x_wconf 85' lang='grc' dir='ltr'><strong>τῶν</strong></span> <span class='ocrx_word' id='word_1_121' title='bbox 3470 688 3778 757; x_wconf 78' lang='grc' dir='ltr'><strong>χρωμάτων</strong></span> <span class='ocrx_word' id='word_1_122' title='bbox 3801 704 3817 721; x_wconf 77' lang='grc' dir='ltr'><strong><em>ο</em></strong></span> 
     </span>
    </p>
   </div>
   <div class='ocr_carea' id='block_1_18' title="bbox 2241 778 3819 850">
    <p class='ocr_par' dir='ltr' id='par_1_18' title="bbox 2241 778 3819 850">
     <span class='ocr_line' id='line_1_18' title="bbox 2241 778 3819 850; baseline 0.001 -16"><span class='ocrx_word' id='word_1_123' title='bbox 2241 782 2335 834; x_wconf 76' lang='grc' dir='ltr'>καὶ</span> <span class='ocrx_word' id='word_1_124' title='bbox 2380 778 2572 849; x_wconf 82' lang='grc' dir='ltr'>ὥσπερ</span> <span class='ocrx_word' id='word_1_125' title='bbox 2621 781 2653 850; x_wconf 79' lang='grc' dir='ltr'><strong>ἡ</strong></span> <span class='ocrx_word' id='word_1_126' title='bbox 2701 781 2936 834; x_wconf 78' lang='grc' dir='ltr'><strong>ἑκάστου</strong></span> <span class='ocrx_word' id='word_1_127' title='bbox 2968 779 3116 850; x_wconf 77' lang='grc' dir='ltr'>ψυχὴ</span> <span class='ocrx_word' id='word_1_128' title='bbox 3164 780 3225 832; x_wconf 81' lang='grc' dir='ltr'>τὸ</span> <span class='ocrx_word' id='word_1_129' title='bbox 3273 779 3445 847; x_wconf 80' lang='grc' dir='ltr'>αὐτῆς</span> <span class='ocrx_word' id='word_1_130' title='bbox 3503 781 3669 848; x_wconf 84' lang='grc' dir='ltr'>σῶμα</span> <span class='ocrx_word' id='word_1_131' title='bbox 3714 783 3819 835; x_wconf 78' lang='grc' dir='ltr'>οὐκ</span> 
     </span>
    </p>
   </div>
   <div class='ocr_carea' id='block_1_19' title="bbox 2239 870 3819 942">
    <p class='ocr_par' dir='ltr' id='par_1_19' title="bbox 2239 870 3819 942">
     <span class='ocr_line' id='line_1_19' title="bbox 2239 870 3819 942; baseline -0.001 -18"><span class='ocrx_word' id='word_1_132' title='bbox 2239 873 2428 940; x_wconf 79' lang='grc' dir='ltr'><strong>ὀλίγας</strong></span> <span class='ocrx_word' id='word_1_133' title='bbox 2455 871 2841 942; x_wconf 79' lang='grc' dir='ltr'><strong>μαλακότητας</strong></span> <span class='ocrx_word' id='word_1_134' title='bbox 2864 871 2987 941; x_wconf 72' lang='grc' dir='ltr'>ἕχον</span> <span class='ocrx_word' id='word_1_135' title='bbox 3010 870 3341 939; x_wconf 81' lang='grc' dir='ltr'><strong>διατίθησιν,</strong></span> <span class='ocrx_word' id='word_1_136' title='bbox 3364 870 3505 924; x_wconf 86' lang='grc' dir='ltr'>ὥστε</span> <span class='ocrx_word' id='word_1_137' title='bbox 3532 871 3819 941; x_wconf 79' lang='grc' dir='ltr'>τὴναὺτῆς</span> 
     </span>
    </p>
   </div>
   <div class='ocr_carea' id='block_1_20' title="bbox 2240 962 3816 1036">
    <p class='ocr_par' dir='ltr' id='par_1_20' title="bbox 2240 962 3816 1036">
     <span class='ocr_line' id='line_1_20' title="bbox 2240 962 3816 1036; baseline -0.001 -18"><span class='ocrx_word' id='word_1_138' title='bbox 2240 965 2502 1028; x_wconf 80' lang='grc' dir='ltr'>διάθεσιν,</span> <span class='ocrx_word' id='word_1_139' title='bbox 2529 966 2727 1036; x_wconf 81' lang='grc' dir='ltr'><strong>λύπην,</strong></span> <span class='ocrx_word' id='word_1_140' title='bbox 2755 967 2786 1033; x_wconf 82' lang='grc' dir='ltr'>ἢ</span> <span class='ocrx_word' id='word_1_141' title='bbox 2821 965 3017 1033; x_wconf 74' lang='grc' dir='ltr'>χαρὰν,</span> <span class='ocrx_word' id='word_1_142' title='bbox 3038 965 3073 1035; x_wconf 77' lang='grc' dir='ltr'>ἢ</span> <span class='ocrx_word' id='word_1_143' title='bbox 3097 963 3269 1033; x_wconf 76' lang='grc' dir='ltr'>θυμὸν</span> <span class='ocrx_word' id='word_1_144' title='bbox 3299 964 3356 1015; x_wconf 81' lang='grc' dir='ltr'>ἐν</span> <span class='ocrx_word' id='word_1_145' title='bbox 3384 963 3532 1033; x_wconf 81' lang='grc' dir='ltr'>αὐτῷ</span> <span class='ocrx_word' id='word_1_146' title='bbox 3560 962 3816 1033; x_wconf 79' lang='grc' dir='ltr'>ὁρᾶσθαί·</span> 
     </span>
    </p>
   </div>
   <div class='ocr_carea' id='block_1_21' title="bbox 2239 1055 3821 1129">
    <p class='ocr_par' dir='ltr' id='par_1_21' title="bbox 2239 1055 3821 1129">
     <span class='ocr_line' id='line_1_21' title="bbox 2239 1055 3821 1129; baseline -0.001 -19"><span class='ocrx_word' id='word_1_147' title='bbox 2239 1055 2383 1110; x_wconf 82' lang='grc' dir='ltr'>οὕτω</span> <span class='ocrx_word' id='word_1_148' title='bbox 2437 1057 2539 1129; x_wconf 77' lang='grc' dir='ltr'>τὴν</span> <span class='ocrx_word' id='word_1_149' title='bbox 2592 1056 2687 1110; x_wconf 87' lang='grc' dir='ltr'><strong>τοῦ</strong></span> <span class='ocrx_word' id='word_1_150' title='bbox 2736 1055 2887 1110; x_wconf 80' lang='grc' dir='ltr'>λίθου</span> <span class='ocrx_word' id='word_1_151' title='bbox 2941 1055 3104 1125; x_wconf 80' lang='grc' dir='ltr'>φύσιν</span> <span class='ocrx_word' id='word_1_152' title='bbox 3158 1055 3333 1119; x_wconf 76' lang='grc' dir='ltr'>οὕτως</span> <span class='ocrx_word' id='word_1_153' title='bbox 3386 1055 3678 1108; x_wconf 80' lang='grc' dir='ltr'><strong>ἀντίτυπον</strong></span> <span class='ocrx_word' id='word_1_154' title='bbox 3724 1057 3821 1109; x_wconf 75' lang='grc' dir='ltr'>καὶ</span> 
     </span>
    </p>
   </div>
   <div class='ocr_carea' id='block_1_22' title="bbox 2242 1148 3819 1220">
    <p class='ocr_par' dir='ltr' id='par_1_22' title="bbox 2242 1148 3819 1220">
     <span class='ocr_line' id='line_1_22' title="bbox 2242 1148 3819 1220; baseline 0 -18"><span class='ocrx_word' id='word_1_155' title='bbox 2242 1150 2513 1219; x_wconf 76' lang='grc' dir='ltr'><strong>σκληρὰν,</strong></span> <span class='ocrx_word' id='word_1_156' title='bbox 2544 1150 2577 1219; x_wconf 78' lang='grc' dir='ltr'>ἢ</span> <span class='ocrx_word' id='word_1_157' title='bbox 2626 1150 2747 1203; x_wconf 84' lang='grc' dir='ltr'><strong>τοῦ</strong></span> <span class='ocrx_word' id='word_1_158' title='bbox 2776 1149 2983 1219; x_wconf 86' lang='grc' dir='ltr'>χαλκοῦ</span> <span class='ocrx_word' id='word_1_159' title='bbox 3018 1149 3051 1220; x_wconf 81' lang='grc' dir='ltr'>ἢ</span> <span class='ocrx_word' id='word_1_160' title='bbox 3098 1148 3208 1201; x_wconf 83' lang='grc' dir='ltr'><strong>τῶν</strong></span> <span class='ocrx_word' id='word_1_161' title='bbox 3240 1150 3551 1219; x_wconf 73' lang='grc' dir='ltr'><strong>χρωμάτων</strong></span> <span class='ocrx_word' id='word_1_162' title='bbox 3580 1148 3682 1219; x_wconf 82' lang='grc' dir='ltr'>τὴν</span> <span class='ocrx_word' id='word_1_163' title='bbox 3706 1150 3819 1203; x_wconf 85' lang='grc' dir='ltr'><strong>τῶν</strong></span> 
     </span>
    </p>
   </div>
   <div class='ocr_carea' id='block_1_23' title="bbox 2242 1242 3821 1313">
    <p class='ocr_par' dir='ltr' id='par_1_23' title="bbox 2242 1242 3821 1313">
     <span class='ocr_line' id='line_1_23' title="bbox 2242 1242 3821 1313; baseline 0 -18"><span class='ocrx_word' id='word_1_164' title='bbox 2242 1242 2542 1310; x_wconf 77' lang='grc' dir='ltr'>ἀλλοτρίων</span> <span class='ocrx_word' id='word_1_165' title='bbox 2570 1260 2648 1308; x_wconf 88' lang='grc' dir='ltr'><strong>τε,</strong></span> <span class='ocrx_word' id='word_1_166' title='bbox 2669 1244 2764 1297; x_wconf 76' lang='grc' dir='ltr'>καὶ</span> <span class='ocrx_word' id='word_1_167' title='bbox 2790 1243 2896 1307; x_wconf 74' lang='grc' dir='ltr'><strong>ἐξω</strong></span> <span class='ocrx_word' id='word_1_168' title='bbox 2916 1243 3003 1296; x_wconf 84' lang='grc' dir='ltr'><strong>διὰ</strong></span> <span class='ocrx_word' id='word_1_169' title='bbox 3030 1243 3130 1313; x_wconf 84' lang='grc' dir='ltr'>τῆς</span> <span class='ocrx_word' id='word_1_170' title='bbox 3154 1243 3475 1312; x_wconf 84' lang='grc' dir='ltr'>ὁμοιότητος</span> <span class='ocrx_word' id='word_1_171' title='bbox 3505 1245 3597 1295; x_wconf 78' lang='grc' dir='ltr'>καὶ</span> <span class='ocrx_word' id='word_1_172' title='bbox 3623 1243 3821 1313; x_wconf 79' lang='grc' dir='ltr'>τέχνης</span> 
     </span>
    </p>
   </div>
   <div class='ocr_carea' id='block_1_24' title="bbox 2240 1334 3823 1405">
    <p class='ocr_par' dir='ltr' id='par_1_24' title="bbox 2240 1334 3823 1405">
     <span class='ocr_line' id='line_1_24' title="bbox 2240 1334 3823 1405; baseline 0.007 -19"><span class='ocrx_word' id='word_1_173' title='bbox 2240 1334 2568 1405; x_wconf 78' lang='grc' dir='ltr'><strong>διατίθησιν,</strong></span> <span class='ocrx_word' id='word_1_174' title='bbox 2612 1335 2755 1389; x_wconf 85' lang='grc' dir='ltr'>ὥστε</span> <span class='ocrx_word' id='word_1_175' title='bbox 2809 1338 2867 1389; x_wconf 79' lang='grc' dir='ltr'>ὲν</span> <span class='ocrx_word' id='word_1_176' title='bbox 2918 1335 3133 1398; x_wconf 82' lang='grc' dir='ltr'><strong>τούτοις</strong></span> <span class='ocrx_word' id='word_1_177' title='bbox 3186 1336 3253 1389; x_wconf 78' lang='grc' dir='ltr'>τὰ</span> <span class='ocrx_word' id='word_1_178' title='bbox 3301 1335 3447 1403; x_wconf 88' lang='grc' dir='ltr'><strong>πάθη</strong></span> <span class='ocrx_word' id='word_1_179' title='bbox 3496 1334 3598 1403; x_wconf 84' lang='grc' dir='ltr'>τῆς</span> <span class='ocrx_word' id='word_1_180' title='bbox 3643 1334 3823 1403; x_wconf 74' lang='grc' dir='ltr'>ψυχῆς</span> 
     </span>
    </p>
   </div>
   <div class='ocr_carea' id='block_1_25' title="bbox 2238 1422 3823 1494">
    <p class='ocr_par' dir='ltr' id='par_1_25' title="bbox 2238 1422 3823 1494">
     <span class='ocr_line' id='line_1_25' title="bbox 2238 1422 3823 1494; baseline 0 -18"><span class='ocrx_word' id='word_1_181' title='bbox 2238 1424 2490 1494; x_wconf 81' lang='grc' dir='ltr'>ὁρᾶσθαι.</span> <span class='ocrx_word' id='word_1_182' title='bbox 2541 1426 2652 1479; x_wconf 75' lang='grc' dir='ltr'><strong>Καὶ</strong></span> <span class='ocrx_word' id='word_1_183' title='bbox 2705 1425 2733 1478; x_wconf 83' lang='grc' dir='ltr'><strong>δ</strong></span> <span class='ocrx_word' id='word_1_184' title='bbox 2771 1426 2933 1478; x_wconf 82' lang='grc' dir='ltr'>πλέον</span> <span class='ocrx_word' id='word_1_185' title='bbox 2982 1423 3048 1478; x_wconf 84' lang='grc' dir='ltr'>οὐ</span> <span class='ocrx_word' id='word_1_186' title='bbox 3101 1423 3277 1492; x_wconf 86' lang='grc' dir='ltr'>γελῶν</span> <span class='ocrx_word' id='word_1_187' title='bbox 3324 1424 3510 1489; x_wconf 80' lang='grc' dir='ltr'>αὐτὸς,</span> <span class='ocrx_word' id='word_1_188' title='bbox 3546 1422 3662 1475; x_wconf 84' lang='grc' dir='ltr'>ἀλλ’</span> <span class='ocrx_word' id='word_1_189' title='bbox 3700 1424 3823 1476; x_wconf 63' lang='grc' dir='ltr'>οὐδὲ</span> 
     </span>
    </p>
   </div>
   <div class='ocr_carea' id='block_1_26' title="bbox 2238 1515 3822 1586">
    <p class='ocr_par' dir='ltr' id='par_1_26' title="bbox 2238 1515 3822 1586">
     <span class='ocr_line' id='line_1_26' title="bbox 2238 1515 3822 1586; baseline -0.004 -17"><span class='ocrx_word' id='word_1_190' title='bbox 2238 1518 2450 1586; x_wconf 87' lang='grc' dir='ltr'>χαίρων</span> <span class='ocrx_word' id='word_1_191' title='bbox 2477 1517 2615 1579; x_wconf 82' lang='grc' dir='ltr'>ὅλως</span> <span class='ocrx_word' id='word_1_192' title='bbox 2642 1518 2798 1582; x_wconf 74' lang='grc' dir='ltr'>ἴσως,</span> <span class='ocrx_word' id='word_1_193' title='bbox 2840 1517 2963 1569; x_wconf 78' lang='grc' dir='ltr'>οὐδὲ</span> <span class='ocrx_word' id='word_1_194' title='bbox 3006 1515 3386 1585; x_wconf 75' lang='grc' dir='ltr'>ὀργιζόμενος,</span> <span class='ocrx_word' id='word_1_195' title='bbox 3422 1516 3544 1568; x_wconf 73' lang='grc' dir='ltr'>οὐδὲ</span> <span class='ocrx_word' id='word_1_196' title='bbox 3574 1515 3822 1578; x_wconf 81' lang='grc' dir='ltr'>πενθῶν,</span> 
     </span>
    </p>
   </div>
   <div class='ocr_carea' id='block_1_27' title="bbox 2238 1605 3824 1678">
    <p class='ocr_par' dir='ltr' id='par_1_27' title="bbox 2238 1605 3824 1678">
     <span class='ocr_line' id='line_1_27' title="bbox 2238 1605 3824 1678; baseline -0.003 -18"><span class='ocrx_word' id='word_1_197' title='bbox 2238 1608 2358 1660; x_wconf 66' lang='grc' dir='ltr'>οὐδὲ</span> <span class='ocrx_word' id='word_1_198' title='bbox 2385 1608 2788 1676; x_wconf 74' lang='grc' dir='ltr'>διατιθέμενος,</span> <span class='ocrx_word' id='word_1_199' title='bbox 2824 1606 2857 1678; x_wconf 78' lang='grc' dir='ltr'>ἢ</span> <span class='ocrx_word' id='word_1_200' title='bbox 2907 1609 3003 1660; x_wconf 74' lang='grc' dir='ltr'>καὶ</span> <span class='ocrx_word' id='word_1_201' title='bbox 3040 1610 3209 1661; x_wconf 53' lang='grc' dir='ltr'>κατὰν-</span> <span class='ocrx_word' id='word_1_202' title='bbox 3232 1607 3301 1660; x_wconf 86' lang='grc' dir='ltr'>τὰ</span> <span class='ocrx_word' id='word_1_203' title='bbox 3344 1606 3565 1660; x_wconf 75' lang='grc' dir='ltr'>ἐναντία</span> <span class='ocrx_word' id='word_1_204' title='bbox 3604 1605 3824 1668; x_wconf 77' lang='grc' dir='ltr'>τούτοις</span> 
     </span>
    </p>
   </div>
   <div class='ocr_carea' id='block_1_28' title="bbox 2234 1685 3822 1769">
    <p class='ocr_par' dir='ltr' id='par_1_28' title="bbox 2234 1685 3822 1769">
     <span class='ocr_line' id='line_1_28' title="bbox 2234 1685 3822 1769; baseline -0.002 -17"><span class='ocrx_word' id='word_1_205' title='bbox 2234 1700 2635 1769; x_wconf 74' lang='grc' dir='ltr'>διατιθέμενος,</span> <span class='ocrx_word' id='word_1_206' title='bbox 2667 1700 2840 1754; x_wconf 91' lang='grc' dir='ltr'>ταῦτα</span> <span class='ocrx_word' id='word_1_207' title='bbox 2870 1703 2927 1754; x_wconf 80' lang='grc' dir='ltr'>ὲν</span> <span class='ocrx_word' id='word_1_208' title='bbox 2957 1702 3070 1763; x_wconf 87' lang='grc' dir='ltr'>ταῖς</span> <span class='ocrx_word' id='word_1_209' title='bbox 3096 1698 3248 1762; x_wconf 82' lang='grc' dir='ltr'>ὕλαις</span> <span class='ocrx_word' id='word_1_210' title='bbox 3280 1700 3607 1769; x_wconf 81' lang='grc' dir='ltr'>ἀπομάττει.</span> <span class='ocrx_word' id='word_1_211' title='bbox 3641 1685 3822 1750; x_wconf 65' lang='grc' dir='ltr'>Τοῦτό</span> 
     </span>
    </p>
   </div>
   <div class='ocr_carea' id='block_1_29' title="bbox 2237 1790 3827 1861">
    <p class='ocr_par' dir='ltr' id='par_1_29' title="bbox 2237 1790 3827 1861">
     <span class='ocr_line' id='line_1_29' title="bbox 2237 1790 3827 1861; baseline -0.001 -16"><span class='ocrx_word' id='word_1_212' title='bbox 2237 1793 2356 1846; x_wconf 64' lang='grc' dir='ltr'>ἐστι</span> <span class='ocrx_word' id='word_1_213' title='bbox 2389 1792 2592 1856; x_wconf 79' lang='grc' dir='ltr'>τοίνυν,</span> <span class='ocrx_word' id='word_1_214' title='bbox 2630 1794 2767 1860; x_wconf 82' lang='grc' dir='ltr'>ὅπερ</span> <span class='ocrx_word' id='word_1_215' title='bbox 2812 1792 3068 1861; x_wconf 75' lang='grc' dir='ltr'>ἀγάμεθα</span> <span class='ocrx_word' id='word_1_216' title='bbox 3103 1793 3161 1844; x_wconf 84' lang='grc' dir='ltr'>ὲν</span> <span class='ocrx_word' id='word_1_217' title='bbox 3188 1790 3428 1857; x_wconf 85' lang='grc' dir='ltr'>τούτοις,</span> <span class='ocrx_word' id='word_1_218' title='bbox 3478 1792 3603 1845; x_wconf 76' lang='grc' dir='ltr'>ἐπεὶ</span> <span class='ocrx_word' id='word_1_219' title='bbox 3638 1792 3734 1843; x_wconf 77' lang='grc' dir='ltr'>καὶ</span> <span class='ocrx_word' id='word_1_220' title='bbox 3767 1794 3827 1844; x_wconf 81' lang='grc' dir='ltr'>ὲν</span> 
     </span>
    </p>
   </div>
   <div class='ocr_carea' id='block_1_30' title="bbox 548 1870 2167 1954">
    <p class='ocr_par' dir='ltr' id='par_1_30' title="bbox 548 1870 2133 1951">
     <span class='ocr_line' id='line_1_30' title="bbox 548 1870 2133 1951; baseline 0.015 -32"><span class='ocrx_word' id='word_1_221' title='bbox 548 1870 751 1921; x_wconf 84' lang='lat' dir='ltr'><strong>mentis</strong></span> <span class='ocrx_word' id='word_1_222' title='bbox 785 1870 1095 1937; x_wconf 66' lang='lat' dir='ltr'><strong>praestantia</strong></span> <span class='ocrx_word' id='word_1_223' title='bbox 1125 1873 1303 1928; x_wconf 85' lang='lat' dir='ltr'><strong>elucet</strong></span> <span class='ocrx_word' id='word_1_224' title='bbox 1341 1891 1464 1942; x_wconf 81' lang='lat' dir='ltr'><strong>quae</strong></span> <span class='ocrx_word' id='word_1_225' title='bbox 1526 1879 1807 1933; x_wconf 82' lang='lat' dir='ltr'><strong>materiam</strong></span> <span class='ocrx_word' id='word_1_226' title='bbox 1850 1882 2020 1951; x_wconf 86' lang='lat' dir='ltr'><strong>ipsam</strong></span> <span class='ocrx_word' id='word_1_227' title='bbox 2077 1897 2133 1942; x_wconf 82' lang='lat' dir='ltr'><strong>et</strong></span> 
     </span>
    </p>
   </div>
   <div class='ocr_carea' id='block_1_31' title="bbox 2233 1870 3824 1954">
    <p class='ocr_par' dir='ltr' id='par_1_31' title="bbox 2238 1883 3824 1954">
     <span class='ocr_line' id='line_1_31' title="bbox 2238 1883 3824 1954; baseline -0.001 -15"><span class='ocrx_word' id='word_1_228' title='bbox 2238 1886 2471 1948; x_wconf 75' lang='grc' dir='ltr'>ἐκείνοις</span> <span class='ocrx_word' id='word_1_229' title='bbox 2496 1889 2609 1948; x_wconf 90' lang='grc' dir='ltr'>τοῖς</span> <span class='ocrx_word' id='word_1_230' title='bbox 2639 1887 2890 1953; x_wconf 75' lang='grc' dir='ltr'>φυσικοῖς</span> <span class='ocrx_word' id='word_1_231' title='bbox 2916 1885 3082 1954; x_wconf 83' lang='grc' dir='ltr'>λέγω,</span> <span class='ocrx_word' id='word_1_232' title='bbox 3111 1885 3167 1938; x_wconf 82' lang='grc' dir='ltr'><strong>εί</strong></span> <span class='ocrx_word' id='word_1_233' title='bbox 3192 1902 3276 1947; x_wconf 91' lang='grc' dir='ltr'><strong>τις</strong></span> <span class='ocrx_word' id='word_1_234' title='bbox 3305 1884 3398 1937; x_wconf 79' lang='grc' dir='ltr'>τὸν</span> <span class='ocrx_word' id='word_1_235' title='bbox 3424 1883 3824 1950; x_wconf 78' lang='grc' dir='ltr'>διαπλάσαντα,</span> 
     </span>
    </p>
   </div>
   <div class='ocr_carea' id='block_1_32' title="bbox 547 1947 2167 2049">
    <p class='ocr_par' dir='ltr' id='par_1_32' title="bbox 547 1958 2135 2033">
     <span class='ocr_line' id='line_1_32' title="bbox 547 1958 2135 2033; baseline 0.016 -25"><span class='ocrx_word' id='word_1_236' title='bbox 547 1971 732 2010; x_wconf 86' lang='lat' dir='ltr'><strong>rerum</strong></span> <span class='ocrx_word' id='word_1_237' title='bbox 771 1958 974 2016; x_wconf 82' lang='lat' dir='ltr'><strong>formas</strong></span> <span class='ocrx_word' id='word_1_238' title='bbox 1005 1964 1257 2031; x_wconf 73' lang='lat' dir='ltr'><strong>producit</strong></span> <span class='ocrx_word' id='word_1_239' title='bbox 1287 1975 1343 2021; x_wconf 83' lang='lat' dir='ltr'><strong>et</strong></span> <span class='ocrx_word' id='word_1_240' title='bbox 1376 1966 1505 2023; x_wconf 78' lang='lat' dir='ltr'><strong>facit</strong></span> <span class='ocrx_word' id='word_1_241' title='bbox 1546 1982 1603 2027; x_wconf 90' lang='lat' dir='ltr'><strong>ut</strong></span> <span class='ocrx_word' id='word_1_242' title='bbox 1643 1988 1799 2029; x_wconf 88' lang='lat' dir='ltr'><strong>meus</strong></span> <span class='ocrx_word' id='word_1_243' title='bbox 1831 1988 2015 2031; x_wconf 88' lang='lat' dir='ltr'><strong>nostra</strong></span> <span class='ocrx_word' id='word_1_244' title='bbox 2048 1994 2135 2033; x_wconf 59' lang='lat' dir='ltr'><strong>rer</strong></span> 
     </span>
    </p>
   </div>
   <div class='ocr_carea' id='block_1_33' title="bbox 2233 1947 3825 2049">
    <p class='ocr_par' dir='ltr' id='par_1_33' title="bbox 2240 1947 3825 2049">
     <span class='ocr_line' id='line_1_33' title="bbox 2240 1947 3825 2049; baseline 0 -18"><span class='ocrx_word' id='word_1_245' title='bbox 2240 1980 2336 2032; x_wconf 78' lang='grc' dir='ltr'>καὶ</span> <span class='ocrx_word' id='word_1_246' title='bbox 2364 1947 2691 2049; x_wconf 74' lang='grc' dir='ltr'>καθημέραν</span> <span class='ocrx_word' id='word_1_247' title='bbox 2737 1947 3157 2045; x_wconf 76' lang='grc' dir='ltr'>διαπλάττοντα,</span> <span class='ocrx_word' id='word_1_248' title='bbox 3192 1978 3288 2032; x_wconf 82' lang='grc' dir='ltr'>καὶ</span> <span class='ocrx_word' id='word_1_249' title='bbox 3332 1976 3473 2032; x_wconf 77' lang='grc' dir='ltr'>αὖτά</span> <span class='ocrx_word' id='word_1_250' title='bbox 3516 1977 3572 2029; x_wconf 82' lang='grc' dir='ltr'>δὲ</span> <span class='ocrx_word' id='word_1_251' title='bbox 3611 1978 3679 2030; x_wconf 84' lang='grc' dir='ltr'><strong>τὰ</strong></span> <span class='ocrx_word' id='word_1_252' title='bbox 3710 1947 3825 2031; x_wconf 82' lang='grc' dir='ltr'><strong>τῶν</strong></span> 
     </span>
    </p>
   </div>
   <div class='ocr_carea' id='block_1_34' title="bbox 551 2049 2137 2124">
    <p class='ocr_par' dir='ltr' id='par_1_34' title="bbox 551 2049 2137 2124">
     <span class='ocr_line' id='line_1_34' title="bbox 551 2049 2137 2124; baseline 0.013 -24"><span class='ocrx_word' id='word_1_253' title='bbox 551 2061 670 2101; x_wconf 85' lang='lat' dir='ltr'><strong>rum</strong></span> <span class='ocrx_word' id='word_1_254' title='bbox 709 2049 914 2105; x_wconf 80' lang='lat' dir='ltr'><strong>formas</strong></span> <span class='ocrx_word' id='word_1_255' title='bbox 944 2052 1160 2124; x_wconf 80' lang='lat' dir='ltr'><strong>ellingat</strong></span> <span class='ocrx_word' id='word_1_256' title='bbox 1182 2065 1236 2111; x_wconf 86' lang='lat' dir='ltr'><strong>et</strong></span> <span class='ocrx_word' id='word_1_257' title='bbox 1262 2057 1346 2112; x_wconf 87' lang='lat' dir='ltr'><strong>sie</strong></span> <span class='ocrx_word' id='word_1_258' title='bbox 1376 2068 1631 2117; x_wconf 78' lang='lat' dir='ltr'><strong>externas</strong></span> <span class='ocrx_word' id='word_1_259' title='bbox 1663 2064 1825 2119; x_wconf 80' lang='lat' dir='ltr'><strong>faciat</strong></span> <span class='ocrx_word' id='word_1_260' title='bbox 1853 2065 1876 2119; x_wconf 75' lang='grc' dir='ltr'><em>ἳ</em></span> <span class='ocrx_word' id='word_1_261' title='bbox 1906 2065 2010 2120; x_wconf 88' lang='lat' dir='ltr'><strong>Sed</strong></span> <span class='ocrx_word' id='word_1_262' title='bbox 2039 2084 2137 2121; x_wconf 86' lang='lat' dir='ltr'><strong>cur</strong></span> 
     </span>
    </p>
   </div>
   <div class='ocr_carea' id='block_1_35' title="bbox 548 2141 2137 2227">
    <p class='ocr_par' dir='ltr' id='par_1_35' title="bbox 548 2141 2137 2227">
     <span class='ocr_line' id='line_1_35' title="bbox 548 2141 2137 2227; baseline 0.018 -39"><span class='ocrx_word' id='word_1_263' title='bbox 548 2143 766 2193; x_wconf 74' lang='lat' dir='ltr'><strong>tandem</strong></span> <span class='ocrx_word' id='word_1_264' title='bbox 796 2141 909 2196; x_wconf 64' lang='lat' dir='ltr'><strong>haec</strong></span> <span class='ocrx_word' id='word_1_265' title='bbox 935 2144 1033 2199; x_wconf 86' lang='lat' dir='ltr'><strong>tibi</strong></span> <span class='ocrx_word' id='word_1_266' title='bbox 1076 2148 1196 2201; x_wconf 83' lang='lat' dir='ltr'><strong>dico</strong></span> <span class='ocrx_word' id='word_1_267' title='bbox 1238 2148 1331 2218; x_wconf 91' lang='lat' dir='ltr'><strong>qui</strong></span> <span class='ocrx_word' id='word_1_268' title='bbox 1366 2152 1477 2204; x_wconf 69' lang='lat' dir='ltr'><strong>inser</strong></span> <span class='ocrx_word' id='word_1_269' title='bbox 1512 2155 1705 2211; x_wconf 74' lang='lat' dir='ltr'><strong>melius</strong></span> <span class='ocrx_word' id='word_1_270' title='bbox 1748 2172 1835 2209; x_wconf 84' lang='lat' dir='ltr'><strong>me</strong></span> <span class='ocrx_word' id='word_1_271' title='bbox 1876 2159 1995 2227; x_wconf 92' lang='lat' dir='ltr'><strong>ipso</strong></span> <span class='ocrx_word' id='word_1_272' title='bbox 2035 2176 2137 2215; x_wconf 88' lang='lat' dir='ltr'><strong>no-</strong></span> 
     </span>
    </p>
   </div>
   <div class='ocr_carea' id='block_1_36' title="bbox 551 2230 2136 2322">
    <p class='ocr_par' dir='ltr' id='par_1_36' title="bbox 551 2230 2136 2322">
     <span class='ocr_line' id='line_1_36' title="bbox 551 2230 2136 2322; baseline 0.018 -42"><span class='ocrx_word' id='word_1_273' title='bbox 551 2230 670 2283; x_wconf 82' lang='lat' dir='ltr'><strong>visti</strong></span> <span class='ocrx_word' id='word_1_274' title='bbox 705 2234 728 2284; x_wconf 73' lang='grc' dir='ltr'><strong><em>τ</em></strong></span> <span class='ocrx_word' id='word_1_275' title='bbox 755 2230 885 2296; x_wconf 78' lang='lat' dir='ltr'><strong>Sed,</strong></span> <span class='ocrx_word' id='word_1_276' title='bbox 908 2246 967 2289; x_wconf 92' lang='lat' dir='ltr'><strong>ut</strong></span> <span class='ocrx_word' id='word_1_277' title='bbox 1003 2237 1114 2305; x_wconf 85' lang='lat' dir='ltr'><strong>jam</strong></span> <span class='ocrx_word' id='word_1_278' title='bbox 1148 2239 1282 2306; x_wconf 78' lang='lat' dir='ltr'><strong>dixi,</strong></span> <span class='ocrx_word' id='word_1_279' title='bbox 1314 2245 1498 2299; x_wconf 74' lang='lat' dir='ltr'><strong>hzecce</strong></span> <span class='ocrx_word' id='word_1_280' title='bbox 1527 2246 1657 2301; x_wconf 84' lang='lat' dir='ltr'><strong>urbs</strong></span> <span class='ocrx_word' id='word_1_281' title='bbox 1682 2248 1878 2305; x_wconf 80' lang='lat' dir='ltr'><strong>talibus</strong></span> <span class='ocrx_word' id='word_1_282' title='bbox 1904 2251 2136 2322; x_wconf 86' lang='lat' dir='ltr'><strong>aliisque</strong></span> 
     </span>
    </p>
   </div>
   <div class='ocr_carea' id='block_1_37' title="bbox 544 2318 2128 2411">
    <p class='ocr_par' dir='ltr' id='par_1_37' title="bbox 544 2318 2128 2411">
     <span class='ocr_line' id='line_1_37' title="bbox 544 2318 2128 2411; baseline 0.018 -41"><span class='ocrx_word' id='word_1_283' title='bbox 544 2318 916 2381; x_wconf 80' lang='lat' dir='ltr'><strong>divinioribus</strong></span> <span class='ocrx_word' id='word_1_284' title='bbox 978 2332 1246 2400; x_wconf 78' lang='lat' dir='ltr'><strong>exemplis</strong></span> <span class='ocrx_word' id='word_1_285' title='bbox 1304 2338 1546 2389; x_wconf 84' lang='lat' dir='ltr'><strong>animum</strong></span> <span class='ocrx_word' id='word_1_286' title='bbox 1616 2354 1836 2394; x_wconf 85' lang='lat' dir='ltr'><strong>movere</strong></span> <span class='ocrx_word' id='word_1_287' title='bbox 1889 2354 2060 2410; x_wconf 84' lang='lat' dir='ltr'><strong>potest</strong></span> <span class='ocrx_word' id='word_1_288' title='bbox 2111 2362 2128 2411; x_wconf 87' lang='lat'><strong>;</strong></span> 
     </span>
    </p>
   </div>
   <div class='ocr_carea' id='block_1_38' title="bbox 545 2416 2126 2502">
    <p class='ocr_par' dir='ltr' id='par_1_38' title="bbox 545 2416 2126 2502">
     <span class='ocr_line' id='line_1_38' title="bbox 545 2416 2126 2502; baseline 0.016 -36"><span class='ocrx_word' id='word_1_289' title='bbox 545 2420 599 2467; x_wconf 83' lang='lat' dir='ltr'><strong>et</strong></span> <span class='ocrx_word' id='word_1_290' title='bbox 642 2416 819 2481; x_wconf 86' lang='lat' dir='ltr'><strong>quoad</strong></span> <span class='ocrx_word' id='word_1_291' title='bbox 853 2434 1062 2475; x_wconf 87' lang='lat' dir='ltr'><strong>morum</strong></span> <span class='ocrx_word' id='word_1_292' title='bbox 1090 2423 1466 2494; x_wconf 78' lang='lat' dir='ltr'><strong>disciplinam,</strong></span> <span class='ocrx_word' id='word_1_293' title='bbox 1521 2430 1771 2486; x_wconf 80' lang='lat' dir='ltr'><strong>videmus</strong></span> <span class='ocrx_word' id='word_1_294' title='bbox 1806 2434 1952 2502; x_wconf 85' lang='lat' dir='ltr'><strong>quod</strong></span> <span class='ocrx_word' id='word_1_295' title='bbox 1976 2437 2126 2491; x_wconf 80' lang='lat' dir='ltr'><strong>viro-</strong></span> 
     </span>
    </p>
   </div>
   <div class='ocr_carea' id='block_1_39' title="bbox 545 2519 2128 2597">
    <p class='ocr_par' dir='ltr' id='par_1_39' title="bbox 545 2519 2128 2597">
     <span class='ocr_line' id='line_1_39' title="bbox 545 2519 2128 2597; baseline 0.017 -40"><span class='ocrx_word' id='word_1_296' title='bbox 545 2519 670 2559; x_wconf 85' lang='lat' dir='ltr'><strong>rum</strong></span> <span class='ocrx_word' id='word_1_297' title='bbox 709 2520 1103 2577; x_wconf 87' lang='lat' dir='ltr'><strong>spectatorum,</strong></span> <span class='ocrx_word' id='word_1_298' title='bbox 1136 2524 1195 2568; x_wconf 91' lang='lat' dir='ltr'><strong>ut</strong></span> <span class='ocrx_word' id='word_1_299' title='bbox 1232 2528 1359 2587; x_wconf 85' lang='lat' dir='ltr'><strong>puta</strong></span> <span class='ocrx_word' id='word_1_300' title='bbox 1409 2523 1855 2589; x_wconf 83' lang='lat' dir='ltr'><strong>architectorum,</strong></span> <span class='ocrx_word' id='word_1_301' title='bbox 1893 2529 2128 2597; x_wconf 63' lang='lat' dir='ltr'><strong>lt&#39;apeziv</strong></span> 
     </span>
    </p>
   </div>
   <div class='ocr_carea' id='block_1_40' title="bbox 542 2604 2127 2682">
    <p class='ocr_par' dir='ltr' id='par_1_40' title="bbox 542 2604 2127 2682">
     <span class='ocr_line' id='line_1_40' title="bbox 542 2604 2127 2682; baseline 0.018 -32"><span class='ocrx_word' id='word_1_302' title='bbox 542 2605 744 2665; x_wconf 81' lang='lat' dir='ltr'><strong>tarum,</strong></span> <span class='ocrx_word' id='word_1_303' title='bbox 791 2604 1245 2674; x_wconf 70' lang='lat' dir='ltr'><strong>gubernatorum,</strong></span> <span class='ocrx_word' id='word_1_304' title='bbox 1297 2612 1718 2682; x_wconf 72' lang='lat' dir='ltr'><strong>magistratuum</strong></span> <span class='ocrx_word' id='word_1_305' title='bbox 1783 2620 2023 2676; x_wconf 86' lang='lat' dir='ltr'><strong>studium</strong></span> <span class='ocrx_word' id='word_1_306' title='bbox 2069 2630 2127 2677; x_wconf 82' lang='lat' dir='ltr'><strong>et</strong></span> 
     </span>
    </p>
   </div>
   <div class='ocr_carea' id='block_1_41' title="bbox 543 2691 2124 2778">
    <p class='ocr_par' dir='ltr' id='par_1_41' title="bbox 543 2691 2124 2778">
     <span class='ocr_line' id='line_1_41' title="bbox 543 2691 2124 2778; baseline 0.02 -37"><span class='ocrx_word' id='word_1_307' title='bbox 543 2691 772 2747; x_wconf 87' lang='lat' dir='ltr'><strong>ambitio</strong></span> <span class='ocrx_word' id='word_1_308' title='bbox 824 2701 1192 2767; x_wconf 84' lang='lat' dir='ltr'><strong>prosperrime</strong></span> <span class='ocrx_word' id='word_1_309' title='bbox 1250 2708 1578 2774; x_wconf 88' lang='lat' dir='ltr'><strong>procedunt,</strong></span> <span class='ocrx_word' id='word_1_310' title='bbox 1631 2721 1907 2778; x_wconf 85' lang='lat' dir='ltr'><strong>postremo</strong></span> <span class='ocrx_word' id='word_1_311' title='bbox 1943 2723 2124 2771; x_wconf 87' lang='lat' dir='ltr'><strong>tamen</strong></span> 
     </span>
    </p>
   </div>
   <div class='ocr_carea' id='block_1_42' title="bbox 542 2784 2128 2869">
    <p class='ocr_par' dir='ltr' id='par_1_42' title="bbox 542 2784 2128 2869">
     <span class='ocr_line' id='line_1_42' title="bbox 542 2784 2128 2869; baseline 0.013 -25"><span class='ocrx_word' id='word_1_312' title='bbox 542 2784 600 2844; x_wconf 73' lang='lat' dir='ltr'><strong>in</strong></span> <span class='ocrx_word' id='word_1_313' title='bbox 639 2790 775 2844; x_wconf 89' lang='lat' dir='ltr'><strong>nihil</strong></span> <span class='ocrx_word' id='word_1_314' title='bbox 823 2794 1048 2855; x_wconf 84' lang='lat' dir='ltr'><strong>abeunt,</strong></span> <span class='ocrx_word' id='word_1_315' title='bbox 1082 2796 1189 2849; x_wconf 87' lang='lat' dir='ltr'><strong>nisi</strong></span> <span class='ocrx_word' id='word_1_316' title='bbox 1240 2796 1383 2856; x_wconf 87' lang='lat' dir='ltr'><strong>Deus</strong></span> <span class='ocrx_word' id='word_1_317' title='bbox 1430 2816 1525 2869; x_wconf 84' lang='lat' dir='ltr'><strong>per</strong></span> <span class='ocrx_word' id='word_1_318' title='bbox 1560 2803 1719 2858; x_wconf 83' lang='lat' dir='ltr'><strong>ﬁdem</strong></span> <span class='ocrx_word' id='word_1_319' title='bbox 1755 2804 1983 2860; x_wconf 86' lang='lat' dir='ltr'><strong>aliorum</strong></span> <span class='ocrx_word' id='word_1_320' title='bbox 2029 2823 2128 2865; x_wconf 86' lang='lat' dir='ltr'><strong>nos</strong></span> 
     </span>
    </p>
   </div>
   <div class='ocr_carea' id='block_1_43' title="bbox 541 2880 2126 2965">
    <p class='ocr_par' dir='ltr' id='par_1_43' title="bbox 541 2880 2126 2965">
     <span class='ocr_line' id='line_1_43' title="bbox 541 2880 2126 2965; baseline 0.016 -33"><span class='ocrx_word' id='word_1_321' title='bbox 541 2880 613 2936; x_wconf 86' lang='lat' dir='ltr'><strong>ad</strong></span> <span class='ocrx_word' id='word_1_322' title='bbox 644 2898 822 2938; x_wconf 86' lang='lat' dir='ltr'><strong>rerum</strong></span> <span class='ocrx_word' id='word_1_323' title='bbox 846 2894 1050 2939; x_wconf 89' lang='lat' dir='ltr'><strong>statum</strong></span> <span class='ocrx_word' id='word_1_324' title='bbox 1078 2888 1358 2945; x_wconf 88' lang='lat' dir='ltr'><strong>meliorem</strong></span> <span class='ocrx_word' id='word_1_325' title='bbox 1385 2894 1646 2948; x_wconf 81' lang='lat' dir='ltr'><strong>conducit</strong></span> <span class='ocrx_word' id='word_1_326' title='bbox 1691 2911 1876 2965; x_wconf 80' lang='lat' dir='ltr'><strong>quem,</strong></span> <span class='ocrx_word' id='word_1_327' title='bbox 1903 2899 1949 2953; x_wconf 88' lang='lat' dir='ltr'><strong>si</strong></span> <span class='ocrx_word' id='word_1_328' title='bbox 1976 2914 2126 2957; x_wconf 67' lang='lat' dir='ltr'><strong>sane:</strong></span> 
     </span>
    </p>
   </div>
   <div class='ocr_carea' id='block_1_44' title="bbox 547 2976 2127 3062">
    <p class='ocr_par' dir='ltr' id='par_1_44' title="bbox 547 2976 2127 3062">
     <span class='ocr_line' id='line_1_44' title="bbox 547 2976 2127 3062; baseline 0.013 -35"><span class='ocrx_word' id='word_1_329' title='bbox 547 2976 748 3030; x_wconf 79' lang='lat' dir='ltr'><strong>tuentis</strong></span> <span class='ocrx_word' id='word_1_330' title='bbox 784 2991 1005 3044; x_wconf 88' lang='lat' dir='ltr'><strong>sumus,</strong></span> <span class='ocrx_word' id='word_1_331' title='bbox 1033 2980 1205 3050; x_wconf 77' lang='lat' dir='ltr'><strong>magis</strong></span> <span class='ocrx_word' id='word_1_332' title='bbox 1232 2982 1492 3039; x_wconf 82' lang='lat' dir='ltr'><strong>admirari</strong></span> <span class='ocrx_word' id='word_1_333' title='bbox 1518 2995 1573 3039; x_wconf 91' lang='lat' dir='ltr'><strong>et</strong></span> <span class='ocrx_word' id='word_1_334' title='bbox 1602 2988 1785 3058; x_wconf 75' lang='lat' dir='ltr'><strong>magni</strong></span> <span class='ocrx_word' id='word_1_335' title='bbox 1817 2988 1999 3046; x_wconf 75' lang='lat' dir='ltr'><strong>facere</strong></span> <span class='ocrx_word' id='word_1_336' title='bbox 2028 3006 2127 3062; x_wconf 89' lang='lat' dir='ltr'><strong>po-</strong></span> 
     </span>
    </p>
   </div>
   <div class='ocr_carea' id='block_1_45' title="bbox 540 3067 985 3127">
    <p class='ocr_par' dir='ltr' id='par_1_45' title="bbox 540 3067 985 3127">
     <span class='ocr_line' id='line_1_45' title="bbox 540 3067 985 3127; baseline 0.016 -8"><span class='ocrx_word' id='word_1_337' title='bbox 540 3067 792 3124; x_wconf 79' lang='lat' dir='ltr'><strong>terimus.</strong></span> <span class='ocrx_word' id='word_1_338' title='bbox 833 3067 874 3123; x_wconf 89' lang='lat' dir='ltr'><strong>V</strong></span> <span class='ocrx_word' id='word_1_339' title='bbox 895 3071 985 3127; x_wconf 83' lang='lat' dir='ltr'><strong>de.</strong></span> 
     </span>
    </p>
   </div>
   <div class='ocr_carea' id='block_1_46' title="bbox 2241 2071 3823 2143">
    <p class='ocr_par' dir='ltr' id='par_1_46' title="bbox 2241 2071 3823 2143">
     <span class='ocr_line' id='line_1_46' title="bbox 2241 2071 3823 2143; baseline 0.002 -21"><span class='ocrx_word' id='word_1_340' title='bbox 2241 2074 2587 2142; x_wconf 82' lang='grc' dir='ltr'>πραγμάτων</span> <span class='ocrx_word' id='word_1_341' title='bbox 2617 2072 2737 2143; x_wconf 82' lang='grc' dir='ltr'>εῖδη</span> <span class='ocrx_word' id='word_1_342' title='bbox 2770 2073 3173 2143; x_wconf 82' lang='grc' dir='ltr'>παραγαγόντα</span> <span class='ocrx_word' id='word_1_343' title='bbox 3197 2071 3347 2136; x_wconf 87' lang='grc' dir='ltr'>νοῦν,</span> <span class='ocrx_word' id='word_1_344' title='bbox 3385 2072 3570 2126; x_wconf 70' lang='grc' dir='ltr'>καὶτὸ</span> <span class='ocrx_word' id='word_1_345' title='bbox 3596 2071 3823 2125; x_wconf 70' lang='grc' dir='ltr'>ἐκείνων</span> 
     </span>
    </p>
   </div>
   <div class='ocr_carea' id='block_1_47' title="bbox 2237 2163 3823 2234">
    <p class='ocr_par' dir='ltr' id='par_1_47' title="bbox 2237 2163 3823 2234">
     <span class='ocr_line' id='line_1_47' title="bbox 2237 2163 3823 2234; baseline -0.004 -15"><span class='ocrx_word' id='word_1_346' title='bbox 2237 2165 2458 2229; x_wconf 83' lang='grc' dir='ltr'>κάλλος,</span> <span class='ocrx_word' id='word_1_347' title='bbox 2490 2165 2611 2218; x_wconf 79' lang='grc' dir='ltr'>ὅθεν</span> <span class='ocrx_word' id='word_1_348' title='bbox 2632 2166 2699 2218; x_wconf 72' lang='grc' dir='ltr'><strong>τὰ</strong></span> <span class='ocrx_word' id='word_1_349' title='bbox 2731 2166 2954 2219; x_wconf 85' lang='grc' dir='ltr'>τοιαῦτα</span> <span class='ocrx_word' id='word_1_350' title='bbox 2984 2164 3159 2234; x_wconf 81' lang='grc' dir='ltr'>κάλλη</span> <span class='ocrx_word' id='word_1_351' title='bbox 3185 2163 3461 2234; x_wconf 75' lang='grc' dir='ltr'>προήχθη,</span> <span class='ocrx_word' id='word_1_352' title='bbox 3487 2164 3706 2232; x_wconf 88' lang='grc' dir='ltr'>θεωροῖ,</span> <span class='ocrx_word' id='word_1_353' title='bbox 3740 2165 3823 2222; x_wconf 72' lang='grc' dir='ltr'><strong>εἰς</strong></span> 
     </span>
    </p>
   </div>
   <div class='ocr_carea' id='block_1_48' title="bbox 2238 2254 3823 2329">
    <p class='ocr_par' dir='ltr' id='par_1_48' title="bbox 2238 2254 3823 2329">
     <span class='ocr_line' id='line_1_48' title="bbox 2238 2254 3823 2329; baseline -0.003 -19"><span class='ocrx_word' id='word_1_354' title='bbox 2238 2257 2549 2329; x_wconf 77' lang='grc' dir='ltr'>ὑπερϐολὴν</span> <span class='ocrx_word' id='word_1_355' title='bbox 2578 2260 2802 2325; x_wconf 81' lang='grc' dir='ltr'>ἀγαται.</span> <span class='ocrx_word' id='word_1_356' title='bbox 2847 2257 2953 2310; x_wconf 77' lang='grc' dir='ltr'><strong>Καὶ</strong></span> <span class='ocrx_word' id='word_1_357' title='bbox 2984 2257 3144 2310; x_wconf 89' lang='grc' dir='ltr'>τοῦτο</span> <span class='ocrx_word' id='word_1_358' title='bbox 3175 2257 3392 2325; x_wconf 80' lang='grc' dir='ltr'>ἀληθῶς</span> <span class='ocrx_word' id='word_1_359' title='bbox 3419 2259 3538 2308; x_wconf 73' lang='grc' dir='ltr'>ἐστι</span> <span class='ocrx_word' id='word_1_360' title='bbox 3570 2255 3630 2306; x_wconf 76' lang='grc' dir='ltr'>τὸ</span> <span class='ocrx_word' id='word_1_361' title='bbox 3661 2254 3823 2321; x_wconf 79' lang='grc' dir='ltr'>φιλο-</span> 
     </span>
    </p>
   </div>
   <div class='ocr_carea' id='block_1_49' title="bbox 2228 2342 3816 2423">
    <p class='ocr_par' dir='ltr' id='par_1_49' title="bbox 2228 2342 3816 2423">
     <span class='ocr_line' id='line_1_49' title="bbox 2228 2342 3816 2423; baseline -0.004 -22"><span class='ocrx_word' id='word_1_362' title='bbox 2228 2351 2444 2416; x_wconf 78' lang='grc' dir='ltr'>σοφεῖν,</span> <span class='ocrx_word' id='word_1_363' title='bbox 2478 2349 2570 2401; x_wconf 81' lang='grc' dir='ltr'>καὶ</span> <span class='ocrx_word' id='word_1_364' title='bbox 2603 2349 2634 2417; x_wconf 81' lang='grc' dir='ltr'>ἡ</span> <span class='ocrx_word' id='word_1_365' title='bbox 2662 2347 2886 2419; x_wconf 86' lang='grc' dir='ltr'>τοιαύτη</span> <span class='ocrx_word' id='word_1_366' title='bbox 2930 2347 3153 2418; x_wconf 82' lang='grc' dir='ltr'>θεωρία,</span> <span class='ocrx_word' id='word_1_367' title='bbox 3194 2346 3289 2398; x_wconf 73' lang='grc' dir='ltr'>καὶ</span> <span class='ocrx_word' id='word_1_368' title='bbox 3317 2347 3343 2399; x_wconf 86' lang='grc' dir='ltr'>ὁ</span> <span class='ocrx_word' id='word_1_369' title='bbox 3375 2344 3612 2423; x_wconf 51' lang='lat' dir='ltr'><strong>“comite;</strong></span> <span class='ocrx_word' id='word_1_370' title='bbox 3642 2342 3816 2412; x_wconf 73' lang='grc' dir='ltr'>ἔρως,</span> 
     </span>
    </p>
   </div>
   <div class='ocr_carea' id='block_1_50' title="bbox 2229 2436 3819 2511">
    <p class='ocr_par' dir='ltr' id='par_1_50' title="bbox 2229 2436 3819 2511">
     <span class='ocr_line' id='line_1_50' title="bbox 2229 2436 3819 2511; baseline -0.003 -17"><span class='ocrx_word' id='word_1_371' title='bbox 2229 2444 2368 2511; x_wconf 82' lang='grc' dir='ltr'>πρὸς</span> <span class='ocrx_word' id='word_1_372' title='bbox 2414 2440 2494 2511; x_wconf 84' lang='grc' dir='ltr'><strong>τῷ</strong></span> <span class='ocrx_word' id='word_1_373' title='bbox 2536 2441 2736 2509; x_wconf 83' lang='grc' dir='ltr'>σεμνὸς</span> <span class='ocrx_word' id='word_1_374' title='bbox 2786 2441 2880 2495; x_wconf 73' lang='grc' dir='ltr'>καὶ</span> <span class='ocrx_word' id='word_1_375' title='bbox 2917 2438 3154 2509; x_wconf 78' lang='grc' dir='ltr'>σώφρων</span> <span class='ocrx_word' id='word_1_376' title='bbox 3195 2438 3335 2492; x_wconf 74' lang='grc' dir='ltr'>εἶναι</span> <span class='ocrx_word' id='word_1_377' title='bbox 3389 2436 3655 2491; x_wconf 76' lang='grc' dir='ltr'>ἐπέκεινά</span> <span class='ocrx_word' id='word_1_378' title='bbox 3700 2438 3819 2489; x_wconf 81' lang='grc' dir='ltr'>ἐστι</span> 
     </span>
    </p>
   </div>
   <div class='ocr_carea' id='block_1_51' title="bbox 2188 2529 3821 2615">
    <p class='ocr_par' dir='ltr' id='par_1_51' title="bbox 2188 2529 3821 2615">
     <span class='ocr_line' id='line_1_51' title="bbox 2188 2529 3821 2615; baseline -0.003 -29"><span class='ocrx_word' id='word_1_379' title='bbox 2188 2558 2194 2569; x_wconf 84' lang='lat'><strong>~</strong></span> <span class='ocrx_word' id='word_1_380' title='bbox 2230 2535 2413 2605; x_wconf 84' lang='grc' dir='ltr'>πάσης</span> <span class='ocrx_word' id='word_1_381' title='bbox 2446 2533 2662 2604; x_wconf 77' lang='grc' dir='ltr'>ἡδονῆς.</span> <span class='ocrx_word' id='word_1_382' title='bbox 2714 2531 3171 2601; x_wconf 77' lang='grc' dir='ltr'>Ἀναγκαζόμεθα</span> <span class='ocrx_word' id='word_1_383' title='bbox 3215 2531 3270 2585; x_wconf 72' lang='grc' dir='ltr'>δὲ</span> <span class='ocrx_word' id='word_1_384' title='bbox 3315 2530 3441 2615; x_wconf 40' lang='grc' dir='ltr'>ἀπὸ.</span> <span class='ocrx_word' id='word_1_385' title='bbox 3458 2533 3559 2599; x_wconf 80' lang='grc' dir='ltr'>τῆς</span> <span class='ocrx_word' id='word_1_386' title='bbox 3601 2529 3821 2583; x_wconf 82' lang='grc' dir='ltr'>τούτων</span> 
     </span>
    </p>
   </div>
   <div class='ocr_carea' id='block_1_52' title="bbox 2227 2620 3820 2695">
    <p class='ocr_par' dir='ltr' id='par_1_52' title="bbox 2227 2620 3820 2695">
     <span class='ocr_line' id='line_1_52' title="bbox 2227 2620 3820 2695; baseline -0.003 -16"><span class='ocrx_word' id='word_1_387' title='bbox 2227 2626 2428 2695; x_wconf 75' lang='grc' dir='ltr'>ὅψεως,</span> <span class='ocrx_word' id='word_1_388' title='bbox 2482 2628 2576 2679; x_wconf 77' lang='grc' dir='ltr'>καὶ</span> <span class='ocrx_word' id='word_1_389' title='bbox 2607 2625 2799 2695; x_wconf 86' lang='grc' dir='ltr'>ὥσπερ</span> <span class='ocrx_word' id='word_1_390' title='bbox 2829 2627 2938 2680; x_wconf 85' lang='grc' dir='ltr'><strong>τῶν</strong></span> <span class='ocrx_word' id='word_1_391' title='bbox 2986 2625 3357 2695; x_wconf 74' lang='grc' dir='ltr'>ὁμοιωμάτων</span> <span class='ocrx_word' id='word_1_392' title='bbox 3408 2623 3637 2687; x_wconf 84' lang='grc' dir='ltr'>τούτων,</span> <span class='ocrx_word' id='word_1_393' title='bbox 3670 2620 3820 2675; x_wconf 77' lang='grc' dir='ltr'>οὕτω</span> 
     </span>
    </p>
   </div>
   <div class='ocr_carea' id='block_1_53' title="bbox 2230 2714 3821 2789">
    <p class='ocr_par' dir='ltr' id='par_1_53' title="bbox 2230 2714 3821 2789">
     <span class='ocr_line' id='line_1_53' title="bbox 2230 2714 3821 2789; baseline -0.003 -19"><span class='ocrx_word' id='word_1_394' title='bbox 2230 2717 2414 2788; x_wconf 87' lang='grc' dir='ltr'>πολλῷ</span> <span class='ocrx_word' id='word_1_395' title='bbox 2447 2718 2651 2789; x_wconf 81' lang='grc' dir='ltr'>μᾶλλον</span> <span class='ocrx_word' id='word_1_396' title='bbox 2687 2719 2795 2771; x_wconf 88' lang='grc' dir='ltr'><strong>τῶν</strong></span> <span class='ocrx_word' id='word_1_397' title='bbox 2830 2718 3080 2787; x_wconf 83' lang='grc' dir='ltr'>φυσικῶν</span> <span class='ocrx_word' id='word_1_398' title='bbox 3100 2756 3113 2779; x_wconf 91' lang='grc'><strong>,</strong></span> <span class='ocrx_word' id='word_1_399' title='bbox 3150 2717 3295 2769; x_wconf 78' lang='grc' dir='ltr'>οὕτω</span> <span class='ocrx_word' id='word_1_400' title='bbox 3325 2715 3508 2770; x_wconf 83' lang='grc' dir='ltr'>καλῶν</span> <span class='ocrx_word' id='word_1_401' title='bbox 3538 2716 3633 2766; x_wconf 81' lang='grc' dir='ltr'>καὶ</span> <span class='ocrx_word' id='word_1_402' title='bbox 3671 2714 3821 2766; x_wconf 77' lang='grc' dir='ltr'>κατὰ</span> 
     </span>
    </p>
   </div>
   <div class='ocr_carea' id='block_1_54' title="bbox 2235 2806 3819 2879">
    <p class='ocr_par' dir='ltr' id='par_1_54' title="bbox 2235 2806 3819 2879">
     <span class='ocr_line' id='line_1_54' title="bbox 2235 2806 3819 2879; baseline -0.003 -16"><span class='ocrx_word' id='word_1_403' title='bbox 2235 2810 2395 2879; x_wconf 78' lang='grc' dir='ltr'>λόγον</span> <span class='ocrx_word' id='word_1_404' title='bbox 2450 2810 2643 2875; x_wconf 71' lang='grc' dir='ltr'>ὄντων,</span> <span class='ocrx_word' id='word_1_405' title='bbox 2703 2810 2829 2865; x_wconf 88' lang='grc' dir='ltr'>νοῦν</span> <span class='ocrx_word' id='word_1_406' title='bbox 2862 2810 3177 2865; x_wconf 80' lang='grc' dir='ltr'>ἀποδιδόναι</span> <span class='ocrx_word' id='word_1_407' title='bbox 3210 2808 3572 2878; x_wconf 86' lang='grc' dir='ltr'>δημιουργόν.</span> <span class='ocrx_word' id='word_1_408' title='bbox 3625 2806 3737 2858; x_wconf 78' lang='grc' dir='ltr'><strong>Καὶ</strong></span> <span class='ocrx_word' id='word_1_409' title='bbox 3769 2807 3819 2859; x_wconf 81' lang='grc' dir='ltr'><strong>εί</strong></span> 
     </span>
    </p>
   </div>
   <div class='ocr_carea' id='block_1_55' title="bbox 2232 2899 3822 2975">
    <p class='ocr_par' dir='ltr' id='par_1_55' title="bbox 2232 2899 3822 2975">
     <span class='ocr_line' id='line_1_55' title="bbox 2232 2899 3822 2975; baseline -0.007 -16"><span class='ocrx_word' id='word_1_410' title='bbox 2232 2907 2291 2959; x_wconf 76' lang='grc' dir='ltr'>ὲν</span> <span class='ocrx_word' id='word_1_411' title='bbox 2321 2905 2532 2967; x_wconf 86' lang='grc' dir='ltr'>τούτοις</span> <span class='ocrx_word' id='word_1_412' title='bbox 2563 2905 2595 2975; x_wconf 89' lang='grc' dir='ltr'><strong>ή</strong></span> <span class='ocrx_word' id='word_1_413' title='bbox 2626 2905 2875 2972; x_wconf 78' lang='grc' dir='ltr'>εὐγένεια</span> <span class='ocrx_word' id='word_1_414' title='bbox 2919 2904 3013 2957; x_wconf 88' lang='grc' dir='ltr'><strong>τοῦ</strong></span> <span class='ocrx_word' id='word_1_415' title='bbox 3048 2902 3412 2971; x_wconf 77' lang='grc' dir='ltr'>πεποιηκότος</span> <span class='ocrx_word' id='word_1_416' title='bbox 3439 2900 3581 2952; x_wconf 75' lang='grc' dir='ltr'>αὐτὰ</span> <span class='ocrx_word' id='word_1_417' title='bbox 3626 2899 3822 2965; x_wconf 78' lang='grc' dir='ltr'>φαίνε-</span> 
     </span>
    </p>
   </div>
   <div class='ocr_carea' id='block_1_56' title="bbox 2227 2989 3822 3064">
    <p class='ocr_par' dir='ltr' id='par_1_56' title="bbox 2227 2989 3822 3064">
     <span class='ocr_line' id='line_1_56' title="bbox 2227 2989 3822 3064; baseline -0.004 -15"><span class='ocrx_word' id='word_1_418' title='bbox 2227 3012 2341 3060; x_wconf 86' lang='grc' dir='ltr'>ται,</span> <span class='ocrx_word' id='word_1_419' title='bbox 2370 2997 2467 3048; x_wconf 58' lang='grc' dir='ltr'><strong>καὶ¹</strong></span> <span class='ocrx_word' id='word_1_420' title='bbox 2499 2994 2679 3048; x_wconf 89' lang='grc' dir='ltr'>ταῦτα</span> <span class='ocrx_word' id='word_1_421' title='bbox 2709 2994 3016 3064; x_wconf 82' lang='grc' dir='ltr'>ἀλλοτρίοις</span> <span class='ocrx_word' id='word_1_422' title='bbox 3043 2993 3481 3062; x_wconf 85' lang='grc' dir='ltr'>παραδείγμασι,</span> <span class='ocrx_word' id='word_1_423' title='bbox 3535 2994 3625 3043; x_wconf 69' lang='grc' dir='ltr'>καὶ</span> <span class='ocrx_word' id='word_1_424' title='bbox 3656 2989 3822 3042; x_wconf 75' lang='grc' dir='ltr'>ἁλλο-</span> 
     </span>
    </p>
   </div>
   <div class='ocr_carea' id='block_1_57' title="bbox 2228 3084 3824 3161">
    <p class='ocr_par' dir='ltr' id='par_1_57' title="bbox 2228 3084 3824 3161">
     <span class='ocr_line' id='line_1_57' title="bbox 2228 3084 3824 3161; baseline -0.002 -19"><span class='ocrx_word' id='word_1_425' title='bbox 2228 3089 2382 3160; x_wconf 82' lang='grc' dir='ltr'>τρίᾳ,</span> <span class='ocrx_word' id='word_1_426' title='bbox 2418 3089 2515 3142; x_wconf 67' lang='grc' dir='ltr'><strong>καλ⁸</strong></span> <span class='ocrx_word' id='word_1_427' title='bbox 2573 3087 3009 3161; x_wconf 78' lang='grc' dir='ltr'>προϋπαρχούσῃ</span> <span class='ocrx_word' id='word_1_428' title='bbox 3066 3085 3167 3157; x_wconf 76' lang='grc' dir='ltr'><strong>ὕλῃ</strong></span> <span class='ocrx_word' id='word_1_429' title='bbox 3218 3086 3588 3155; x_wconf 80' lang='grc' dir='ltr'>κεχρημένου,</span> <span class='ocrx_word' id='word_1_430' title='bbox 3658 3084 3824 3153; x_wconf 70' lang='grc' dir='ltr'>πόσαι)</span> 
     </span>
    </p>
   </div>
   <div class='ocr_carea' id='block_1_58' title="bbox 536 3165 3821 3257">
    <p class='ocr_par' dir='ltr' id='par_1_58' title="bbox 536 3165 3821 3257">
     <span class='ocr_line' id='line_1_58' title="bbox 536 3165 3821 3257; baseline 0.005 -40"><span class='ocrx_word' id='word_1_431' title='bbox 536 3165 747 3233; x_wconf 78' lang='grc' dir='ltr'>μᾶλλον</span> <span class='ocrx_word' id='word_1_432' title='bbox 776 3168 809 3237; x_wconf 63' lang='lat' dir='ltr'><strong>tl)</strong></span> <span class='ocrx_word' id='word_1_433' title='bbox 841 3167 1092 3236; x_wconf 66' lang='grc' dir='ltr'>εὐγένεια</span> <span class='ocrx_word' id='word_1_434' title='bbox 1120 3170 1218 3225; x_wconf 88' lang='grc' dir='ltr'><strong>τοῦ</strong></span> <span class='ocrx_word' id='word_1_435' title='bbox 1252 3172 1344 3227; x_wconf 90' lang='grc' dir='ltr'><strong>νοῦ</strong></span> <span class='ocrx_word' id='word_1_436' title='bbox 1376 3175 1593 3230; x_wconf 66' lang='grc' dir='ltr'>ἐκείνου</span> <span class='ocrx_word' id='word_1_437' title='bbox 1633 3176 2024 3249; x_wconf 87' lang='grc' dir='ltr'>διαδείκνυται,</span> <span class='ocrx_word' id='word_1_438' title='bbox 2052 3184 2115 3237; x_wconf 80' lang='grc' dir='ltr'><strong>οῦ</strong></span> <span class='ocrx_word' id='word_1_439' title='bbox 2146 3187 2251 3239; x_wconf 70' lang='grc' dir='ltr'>,καὶ</span> <span class='ocrx_word' id='word_1_440' title='bbox 2285 3186 2456 3256; x_wconf 83' lang='grc' dir='ltr'>αὐτὴν</span> <span class='ocrx_word' id='word_1_441' title='bbox 2495 3186 2595 3257; x_wconf 79' lang='grc' dir='ltr'>τὴν</span> <span class='ocrx_word' id='word_1_442' title='bbox 2646 3184 2781 3253; x_wconf 79' lang='grc' dir='ltr'>ὕλην</span> <span class='ocrx_word' id='word_1_443' title='bbox 2817 3185 2914 3239; x_wconf 78' lang='grc' dir='ltr'>καὶ</span> <span class='ocrx_word' id='word_1_444' title='bbox 2960 3184 3027 3237; x_wconf 75' lang='grc' dir='ltr'><strong>τὰ</strong></span> <span class='ocrx_word' id='word_1_445' title='bbox 3102 3184 3216 3251; x_wconf 87' lang='grc' dir='ltr'>είδη</span> <span class='ocrx_word' id='word_1_446' title='bbox 3275 3182 3642 3252; x_wconf 80' lang='grc' dir='ltr'>παράγοντος,</span> <span class='ocrx_word' id='word_1_447' title='bbox 3714 3180 3821 3234; x_wconf 78' lang='grc' dir='ltr'>καὶ</span> 
     </span>
    </p>
   </div>
   <div class='ocr_carea' id='block_1_59' title="bbox 531 3258 3820 3348">
    <p class='ocr_par' dir='ltr' id='par_1_59' title="bbox 531 3258 3820 3348">
     <span class='ocr_line' id='line_1_59' title="bbox 531 3258 3820 3348; baseline 0.005 -38"><span class='ocrx_word' id='word_1_448' title='bbox 531 3258 701 3312; x_wconf 84' lang='grc' dir='ltr'>αὐτὸν</span> <span class='ocrx_word' id='word_1_449' title='bbox 726 3260 784 3313; x_wconf 76' lang='grc' dir='ltr'>δὲ</span> <span class='ocrx_word' id='word_1_450' title='bbox 816 3261 910 3315; x_wconf 86' lang='grc' dir='ltr'><strong>τὸν</strong></span> <span class='ocrx_word' id='word_1_451' title='bbox 939 3264 1212 3334; x_wconf 77' lang='grc' dir='ltr'>ἡμέτερον</span> <span class='ocrx_word' id='word_1_452' title='bbox 1240 3268 1388 3333; x_wconf 80' lang='grc' dir='ltr'>νοῦν,</span> <span class='ocrx_word' id='word_1_453' title='bbox 1419 3268 1559 3322; x_wconf 85' lang='grc' dir='ltr'>ὥστε</span> <span class='ocrx_word' id='word_1_454' title='bbox 1600 3271 1673 3324; x_wconf 88' lang='grc' dir='ltr'><strong>τά</strong></span> <span class='ocrx_word' id='word_1_455' title='bbox 1702 3272 1811 3327; x_wconf 87' lang='grc' dir='ltr'><strong>τῶν</strong></span> <span class='ocrx_word' id='word_1_456' title='bbox 1843 3278 2191 3346; x_wconf 82' lang='grc' dir='ltr'>πραγμάτων</span> <span class='ocrx_word' id='word_1_457' title='bbox 2225 3279 2343 3348; x_wconf 84' lang='grc' dir='ltr'>εἴδη</span> <span class='ocrx_word' id='word_1_458' title='bbox 2408 3278 2845 3348; x_wconf 78' lang='grc' dir='ltr'>ἀπομάττεσθαι,</span> <span class='ocrx_word' id='word_1_459' title='bbox 2903 3278 3000 3331; x_wconf 75' lang='grc' dir='ltr'>καὶ</span> <span class='ocrx_word' id='word_1_460' title='bbox 3032 3278 3099 3330; x_wconf 76' lang='grc' dir='ltr'><strong>τὰ</strong></span> <span class='ocrx_word' id='word_1_461' title='bbox 3165 3277 3391 3330; x_wconf 86' lang='grc' dir='ltr'>τοιαῦτα</span> <span class='ocrx_word' id='word_1_462' title='bbox 3461 3276 3637 3326; x_wconf 83' lang='grc' dir='ltr'>ποιεῖν</span> <span class='ocrx_word' id='word_1_463' title='bbox 3704 3274 3820 3340; x_wconf 72' lang='grc' dir='ltr'><strong>ἔξω</strong></span> 
     </span>
    </p>
   </div>
   <div class='ocr_carea' id='block_1_60' title="bbox 535 3353 3821 3445">
    <p class='ocr_par' dir='ltr' id='par_1_60' title="bbox 535 3353 3821 3445">
     <span class='ocr_line' id='line_1_60' title="bbox 535 3353 3821 3445; baseline 0.007 -38"><span class='ocrx_word' id='word_1_464' title='bbox 535 3353 802 3410; x_wconf 84' lang='grc' dir='ltr'>δύνασθαι</span> <span class='ocrx_word' id='word_1_465' title='bbox 832 3361 1234 3429; x_wconf 76' lang='grc' dir='ltr'>πεποιηκότοςς</span> <span class='ocrx_word' id='word_1_466' title='bbox 1277 3361 1437 3419; x_wconf 60' lang='lat' dir='ltr'><strong>una:</strong></span> <span class='ocrx_word' id='word_1_467' title='bbox 1485 3366 1658 3421; x_wconf 86' lang='grc' dir='ltr'>ταῦτα</span> <span class='ocrx_word' id='word_1_468' title='bbox 1690 3369 1745 3421; x_wconf 86' lang='grc' dir='ltr'><strong>τί</strong></span> <span class='ocrx_word' id='word_1_469' title='bbox 1779 3371 1842 3421; x_wconf 70' lang='grc' dir='ltr'><strong>ἂν</strong></span> <span class='ocrx_word' id='word_1_470' title='bbox 1883 3371 2019 3441; x_wconf 84' lang='grc' dir='ltr'>πρὸς</span> <span class='ocrx_word' id='word_1_471' title='bbox 2051 3372 2113 3426; x_wconf 73' lang='grc' dir='ltr'>σὲ</span> <span class='ocrx_word' id='word_1_472' title='bbox 2149 3371 2388 3443; x_wconf 80' lang='grc' dir='ltr'>λέγοιμι,</span> <span class='ocrx_word' id='word_1_473' title='bbox 2432 3374 2641 3445; x_wconf 78' lang='grc' dir='ltr'>βέλτιον</span> <span class='ocrx_word' id='word_1_474' title='bbox 2678 3374 2812 3443; x_wconf 76' lang='grc' dir='ltr'>ἐμοῦ</span> <span class='ocrx_word' id='word_1_475' title='bbox 2845 3375 3062 3441; x_wconf 74' lang='grc' dir='ltr'>εἰδότας</span> <span class='ocrx_word' id='word_1_476' title='bbox 3101 3373 3167 3426; x_wconf 82' lang='grc' dir='ltr'>Ὀ</span> <span class='ocrx_word' id='word_1_477' title='bbox 3196 3374 3254 3425; x_wconf 79' lang='grc' dir='ltr'>δὲ</span> <span class='ocrx_word' id='word_1_478' title='bbox 3294 3372 3509 3440; x_wconf 77' lang='grc' dir='ltr'>ἔλεγον,</span> <span class='ocrx_word' id='word_1_479' title='bbox 3573 3371 3634 3423; x_wconf 76' lang='grc' dir='ltr'>τὸ</span> <span class='ocrx_word' id='word_1_480' title='bbox 3707 3371 3821 3430; x_wconf 74' lang='grc' dir='ltr'>μὲν</span> 
     </span>
    </p>
   </div>
   <div class='ocr_carea' id='block_1_61' title="bbox 533 3450 3819 3545">
    <p class='ocr_par' dir='ltr' id='par_1_61' title="bbox 533 3450 3819 3545">
     <span class='ocr_line' id='line_1_61' title="bbox 533 3450 3819 3545; baseline 0.007 -43"><span class='ocrx_word' id='word_1_481' title='bbox 533 3450 597 3504; x_wconf 64' lang='grc' dir='ltr'>ἐν</span> <span class='ocrx_word' id='word_1_482' title='bbox 624 3452 759 3521; x_wconf 75' lang='grc' dir='ltr'>ἡμῖν</span> <span class='ocrx_word' id='word_1_483' title='bbox 790 3452 1126 3525; x_wconf 79' lang='grc' dir='ltr'>θεωρητικὸν</span> <span class='ocrx_word' id='word_1_484' title='bbox 1154 3457 1244 3512; x_wconf 82' lang='grc' dir='ltr'><strong>διά</strong></span> <span class='ocrx_word' id='word_1_485' title='bbox 1270 3460 1532 3515; x_wconf 90' lang='grc' dir='ltr'>τοιούτων</span> <span class='ocrx_word' id='word_1_486' title='bbox 1563 3465 1657 3518; x_wconf 78' lang='grc' dir='ltr'>καὶ</span> <span class='ocrx_word' id='word_1_487' title='bbox 1690 3465 1905 3521; x_wconf 86' lang='grc' dir='ltr'>πολλῶν</span> <span class='ocrx_word' id='word_1_488' title='bbox 1967 3469 2146 3524; x_wconf 78' lang='grc' dir='ltr'>ἄλλων</span> <span class='ocrx_word' id='word_1_489' title='bbox 2186 3469 2478 3543; x_wconf 80' lang='grc' dir='ltr'>θειοτέρων</span> <span class='ocrx_word' id='word_1_490' title='bbox 2529 3472 2563 3544; x_wconf 77' lang='grc' dir='ltr'><strong>ἡ</strong></span> <span class='ocrx_word' id='word_1_491' title='bbox 2619 3472 2780 3534; x_wconf 88' lang='grc' dir='ltr'>πόλις</span> <span class='ocrx_word' id='word_1_492' title='bbox 2818 3472 2959 3545; x_wconf 71' lang='grc' dir='ltr'>αὕτη</span> <span class='ocrx_word' id='word_1_493' title='bbox 3010 3474 3181 3526; x_wconf 82' lang='grc' dir='ltr'>κινεῖν</span> <span class='ocrx_word' id='word_1_494' title='bbox 3236 3470 3485 3524; x_wconf 88' lang='grc' dir='ltr'>δύναται.</span> <span class='ocrx_word' id='word_1_495' title='bbox 3536 3468 3611 3523; x_wconf 85' lang='grc' dir='ltr'>Τὸ</span> <span class='ocrx_word' id='word_1_496' title='bbox 3645 3469 3701 3521; x_wconf 81' lang='grc' dir='ltr'><em>δέ</em></span> <span class='ocrx_word' id='word_1_497' title='bbox 3745 3486 3819 3538; x_wconf 80' lang='grc' dir='ltr'><strong>γε</strong></span> 
     </span>
    </p>
   </div>
   <div class='ocr_carea' id='block_1_62' title="bbox 531 3543 3816 3637">
    <p class='ocr_par' dir='ltr' id='par_1_62' title="bbox 531 3543 3816 3637">
     <span class='ocr_line' id='line_1_62' title="bbox 531 3543 3816 3637; baseline 0.006 -41"><span class='ocrx_word' id='word_1_498' title='bbox 531 3543 727 3614; x_wconf 72' lang='grc' dir='ltr'>ἠθικὸν</span> <span class='ocrx_word' id='word_1_499' title='bbox 755 3546 977 3619; x_wconf 65' lang='lat' dir='ltr'><strong>opem,</strong></span> <span class='ocrx_word' id='word_1_500' title='bbox 1004 3550 1085 3603; x_wconf 83' lang='grc' dir='ltr'><strong>δτι</strong></span> <span class='ocrx_word' id='word_1_501' title='bbox 1112 3551 1145 3621; x_wconf 80' lang='grc' dir='ltr'>ἠ</span> <span class='ocrx_word' id='word_1_502' title='bbox 1172 3558 1302 3622; x_wconf 78' lang='grc' dir='ltr'>περὶ</span> <span class='ocrx_word' id='word_1_503' title='bbox 1326 3555 1395 3609; x_wconf 85' lang='grc' dir='ltr'><strong>τά</strong></span> <span class='ocrx_word' id='word_1_504' title='bbox 1419 3556 1521 3619; x_wconf 72' lang='grc' dir='ltr'><strong>ἔξω</strong></span> <span class='ocrx_word' id='word_1_505' title='bbox 1554 3557 1727 3612; x_wconf 89' lang='grc' dir='ltr'>ταῦτα</span> <span class='ocrx_word' id='word_1_506' title='bbox 1747 3558 1857 3613; x_wconf 83' lang='grc' dir='ltr'>τῶν</span> <span class='ocrx_word' id='word_1_507' title='bbox 1886 3561 2101 3632; x_wconf 80' lang='grc' dir='ltr'>ἀνδρῶν</span> <span class='ocrx_word' id='word_1_508' title='bbox 2141 3563 2371 3618; x_wconf 79' lang='grc' dir='ltr'>ἐκείνων</span> <span class='ocrx_word' id='word_1_509' title='bbox 2400 3543 2608 3636; x_wconf 84' lang='grc' dir='ltr'>σπουδὴ</span> <span class='ocrx_word' id='word_1_510' title='bbox 2637 3567 2732 3620; x_wconf 75' lang='grc' dir='ltr'>καὶ</span> <span class='ocrx_word' id='word_1_511' title='bbox 2759 3543 3066 3637; x_wconf 78' lang='grc' dir='ltr'>φιλοτιμία,</span> <span class='ocrx_word' id='word_1_512' title='bbox 3100 3566 3145 3618; x_wconf 80' lang='grc' dir='ltr'><strong>εί</strong></span> <span class='ocrx_word' id='word_1_513' title='bbox 3212 3565 3270 3617; x_wconf 80' lang='grc' dir='ltr'>ἐν</span> <span class='ocrx_word' id='word_1_514' title='bbox 3339 3562 3816 3632; x_wconf 67' lang='grc' dir='ltr'>οἰκοδομήμασιν,</span> 
     </span>
    </p>
   </div>
   <div class='ocr_carea' id='block_1_63' title="bbox 528 3639 3817 3731">
    <p class='ocr_par' dir='ltr' id='par_1_63' title="bbox 528 3639 3817 3731">
     <span class='ocr_line' id='line_1_63' title="bbox 528 3639 3817 3731; baseline 0.004 -38"><span class='ocrx_word' id='word_1_515' title='bbox 528 3639 739 3694; x_wconf 61' lang='lat' dir='ltr'><strong>cits-tv</strong></span> <span class='ocrx_word' id='word_1_516' title='bbox 782 3641 1021 3714; x_wconf 81' lang='grc' dir='ltr'>πλούτῳ,</span> <span class='ocrx_word' id='word_1_517' title='bbox 1055 3646 1165 3698; x_wconf 69' lang='grc' dir='ltr'>εἴτε</span> <span class='ocrx_word' id='word_1_518' title='bbox 1215 3650 1271 3700; x_wconf 77' lang='grc' dir='ltr'>ὲν</span> <span class='ocrx_word' id='word_1_519' title='bbox 1306 3650 1598 3722; x_wconf 80' lang='grc' dir='ltr'>ἡγεμονίᾳ,</span> <span class='ocrx_word' id='word_1_520' title='bbox 1648 3654 1759 3705; x_wconf 71' lang='grc' dir='ltr'>εἴτε</span> <span class='ocrx_word' id='word_1_521' title='bbox 1831 3656 1890 3706; x_wconf 79' lang='grc' dir='ltr'>ὲν</span> <span class='ocrx_word' id='word_1_522' title='bbox 1954 3656 2176 3724; x_wconf 84' lang='grc' dir='ltr'>ἀρχαῖς,</span> <span class='ocrx_word' id='word_1_523' title='bbox 2216 3660 2296 3721; x_wconf 78' lang='grc' dir='ltr'><strong>είς</strong></span> <span class='ocrx_word' id='word_1_524' title='bbox 2327 3658 2626 3729; x_wconf 75' lang='grc' dir='ltr'>τοῦσχατον</span> <span class='ocrx_word' id='word_1_525' title='bbox 2654 3661 2838 3731; x_wconf 84' lang='grc' dir='ltr'>πάσης</span> <span class='ocrx_word' id='word_1_526' title='bbox 2889 3658 3237 3728; x_wconf 66' lang='grc' dir='ltr'>εὐδαιμονίας</span> <span class='ocrx_word' id='word_1_527' title='bbox 3276 3654 3666 3727; x_wconf 86' lang='grc' dir='ltr'>προελθοῦσαι,</span> <span class='ocrx_word' id='word_1_528' title='bbox 3711 3653 3817 3707; x_wconf 83' lang='grc' dir='ltr'><strong>τὲ-</strong></span> 
     </span>
    </p>
   </div>
   <div class='ocr_carea' id='block_1_64' title="bbox 532 3733 3816 3825">
    <p class='ocr_par' dir='ltr' id='par_1_64' title="bbox 532 3733 3816 3825">
     <span class='ocr_line' id='line_1_64' title="bbox 532 3733 3816 3825; baseline 0.008 -39"><span class='ocrx_word' id='word_1_529' title='bbox 532 3733 645 3798; x_wconf 88' lang='grc' dir='ltr'>λος,</span> <span class='ocrx_word' id='word_1_530' title='bbox 674 3734 866 3807; x_wconf 79' lang='grc' dir='ltr'>ὥσπερ</span> <span class='ocrx_word' id='word_1_531' title='bbox 900 3739 947 3791; x_wconf 77' lang='lat' dir='ltr'><strong>si</strong></span> <span class='ocrx_word' id='word_1_532' title='bbox 983 3739 1118 3809; x_wconf 80' lang='grc' dir='ltr'>μηδὲ</span> <span class='ocrx_word' id='word_1_533' title='bbox 1139 3740 1385 3807; x_wconf 79' lang='grc' dir='ltr'>ἐγεγόνει</span> <span class='ocrx_word' id='word_1_534' title='bbox 1419 3742 1516 3811; x_wconf 84' lang='grc' dir='ltr'>τὴν</span> <span class='ocrx_word' id='word_1_535' title='bbox 1545 3745 1720 3815; x_wconf 81' lang='grc' dir='ltr'>ἀρχὴν</span> <span class='ocrx_word' id='word_1_536' title='bbox 1747 3748 1826 3811; x_wconf 85' lang='grc' dir='ltr'><strong>εἱς</strong></span> <span class='ocrx_word' id='word_1_537' title='bbox 1846 3748 1906 3801; x_wconf 79' lang='grc' dir='ltr'>τὸ</span> <span class='ocrx_word' id='word_1_538' title='bbox 1937 3751 2105 3819; x_wconf 77' lang='grc' dir='ltr'>μηδὲν</span> <span class='ocrx_word' id='word_1_539' title='bbox 2142 3751 2316 3817; x_wconf 79' lang='grc' dir='ltr'>ὄντως</span> <span class='ocrx_word' id='word_1_540' title='bbox 2369 3752 2652 3825; x_wconf 76' lang='grc' dir='ltr'>ἀπερρύη,</span> <span class='ocrx_word' id='word_1_541' title='bbox 2709 3753 3027 3823; x_wconf 67' lang='grc' dir='ltr'>ἐγείραντος</span> <span class='ocrx_word' id='word_1_542' title='bbox 3084 3750 3173 3804; x_wconf 76' lang='grc' dir='ltr'>διὰ</span> <span class='ocrx_word' id='word_1_543' title='bbox 3220 3750 3319 3820; x_wconf 82' lang='grc' dir='ltr'>τῆς</span> <span class='ocrx_word' id='word_1_544' title='bbox 3387 3747 3630 3810; x_wconf 81' lang='grc' dir='ltr'>πίστεως</span> <span class='ocrx_word' id='word_1_545' title='bbox 3697 3746 3816 3803; x_wconf 74' lang='grc' dir='ltr'><strong>ἀπὸ</strong></span> 
     </span>
    </p>
   </div>
   <div class='ocr_carea' id='block_1_65' title="bbox 533 3826 3815 3920">
    <p class='ocr_par' dir='ltr' id='par_1_65' title="bbox 533 3826 3815 3920">
     <span class='ocr_line' id='line_1_65' title="bbox 533 3826 3815 3920; baseline 0.004 -42"><span class='ocrx_word' id='word_1_546' title='bbox 533 3826 740 3882; x_wconf 88' lang='grc' dir='ltr'>τούτων</span> <span class='ocrx_word' id='word_1_547' title='bbox 780 3830 916 3885; x_wconf 79' lang='grc' dir='ltr'>ἄλλα</span> <span class='ocrx_word' id='word_1_548' title='bbox 966 3833 1060 3886; x_wconf 89' lang='grc' dir='ltr'><strong>τοῦ</strong></span> <span class='ocrx_word' id='word_1_549' title='bbox 1106 3834 1243 3887; x_wconf 85' lang='grc' dir='ltr'>Θεοῦ</span> <span class='ocrx_word' id='word_1_550' title='bbox 1284 3838 1425 3908; x_wconf 78' lang='grc' dir='ltr'>ἅπερ</span> <span class='ocrx_word' id='word_1_551' title='bbox 1456 3838 1635 3905; x_wconf 75' lang='grc' dir='ltr'>ἔδοξεν</span> <span class='ocrx_word' id='word_1_552' title='bbox 1678 3842 1747 3896; x_wconf 83' lang='grc' dir='ltr'>ἂν</span> <span class='ocrx_word' id='word_1_553' title='bbox 1786 3843 1865 3908; x_wconf 80' lang='grc' dir='ltr'>τῷ</span> <span class='ocrx_word' id='word_1_554' title='bbox 1914 3844 2098 3916; x_wconf 81' lang='grc' dir='ltr'>πολλῷ</span> <span class='ocrx_word' id='word_1_555' title='bbox 2176 3847 2411 3915; x_wconf 87' lang='grc' dir='ltr'>καλλίω,</span> <span class='ocrx_word' id='word_1_556' title='bbox 2446 3850 2542 3903; x_wconf 71' lang='grc' dir='ltr'>καὶ</span> <span class='ocrx_word' id='word_1_557' title='bbox 2574 3847 2608 3905; x_wconf 73' lang='grc' dir='ltr'><strong>ἀ</strong></span> <span class='ocrx_word' id='word_1_558' title='bbox 2670 3848 2957 3920; x_wconf 76' lang='grc' dir='ltr'>δυνάμεθα</span> <span class='ocrx_word' id='word_1_559' title='bbox 2989 3845 3118 3901; x_wconf 91' lang='grc' dir='ltr'>νοῦν</span> <span class='ocrx_word' id='word_1_560' title='bbox 3151 3845 3369 3915; x_wconf 74' lang='grc' dir='ltr'>ἔχοντες</span> <span class='ocrx_word' id='word_1_561' title='bbox 3414 3843 3621 3913; x_wconf 78' lang='grc' dir='ltr'>μᾶλλον</span> <span class='ocrx_word' id='word_1_562' title='bbox 3675 3841 3815 3896; x_wconf 77' lang='lat' dir='ltr'><strong>Gau-</strong></span> 
     </span>
    </p>
   </div>
   <div class='ocr_carea' id='block_1_66' title="bbox 545 3923 2041 4005">
    <p class='ocr_par' dir='ltr' id='par_1_66' title="bbox 545 3923 2041 4005">
     <span class='ocr_line' id='line_1_66' title="bbox 545 3923 2041 4005; baseline 0.011 -29"><span class='ocrx_word' id='word_1_563' title='bbox 545 3923 740 3993; x_wconf 74' lang='grc' dir='ltr'>μάζειν</span> <span class='ocrx_word' id='word_1_564' title='bbox 765 3941 823 3977; x_wconf 90' lang='grc' dir='ltr'><strong>τε</strong></span> <span class='ocrx_word' id='word_1_565' title='bbox 855 3925 950 3980; x_wconf 78' lang='grc' dir='ltr'><strong>καί</strong></span> <span class='ocrx_word' id='word_1_566' title='bbox 977 3928 1112 3999; x_wconf 66' lang='grc' dir='ltr'><strong>περὶ⁸</strong></span> <span class='ocrx_word' id='word_1_567' title='bbox 1150 3928 1398 3995; x_wconf 87' lang='grc' dir='ltr'>πλείονος</span> <span class='ocrx_word' id='word_1_568' title='bbox 1431 3936 1730 3991; x_wconf 80' lang='grc' dir='ltr'>ποιεῖσθαι.</span> <span class='ocrx_word' id='word_1_569' title='bbox 1774 3936 2041 4005; x_wconf 78' lang='grc' dir='ltr'>Ὑγίαινε.</span> 
     </span>
    </p>
   </div>
   <div class='ocr_carea' id='block_1_67' title="bbox 548 4131 3792 4177">
    <p class='ocr_par' dir='ltr' id='par_1_67' title="bbox 548 4131 3792 4177">
     <span class='ocr_line' id='line_1_67' title="bbox 548 4131 3792 4177; baseline 0.006 -6"><span class='ocrx_word' id='word_1_570' title='bbox 548 4131 3792 4177; x_wconf 44' lang='lat' dir='ltr'><strong>ww</strong></span> 
     </span>
    </p>
   </div>
   <div class='ocr_carea' id='block_1_68' title="bbox 552 4157 2807 4194">
    <p class='ocr_par' dir='ltr' id='par_1_68' title="bbox 853 4157 2807 4173">
     <span class='ocr_line' id='line_1_68' title="bbox 853 4157 2807 4173; baseline 0.006 -15"><span class='ocrx_word' id='word_1_571' title='bbox 853 4157 2807 4173; x_wconf 58' lang='lat'>,,____________________</span> 
     </span>
    </p>
   </div>
   <div class='ocr_carea' id='block_1_69' title="bbox 1769 4321 2554 4377">
    <p class='ocr_par' dir='ltr' id='par_1_69' title="bbox 1769 4321 2554 4377">
     <span class='ocr_line' id='line_1_69' title="bbox 1769 4321 2554 4377; baseline 0.01 -10"><span class='ocrx_word' id='word_1_572' title='bbox 1769 4321 1940 4372; x_wconf 74' lang='lat' dir='ltr'><strong>ANNO</strong></span> <span class='ocrx_word' id='word_1_573' title='bbox 1986 4325 2213 4377; x_wconf 77' lang='lat' dir='ltr'><strong>DOMINI</strong></span> <span class='ocrx_word' id='word_1_574' title='bbox 2263 4326 2554 4375; x_wconf 75' lang='lat' dir='ltr'><strong>MCDXXII.</strong></span> 
     </span>
    </p>
   </div>
   <div class='ocr_carea' id='block_1_70' title="bbox 1052 4498 3224 4696">
    <p class='ocr_par' dir='ltr' id='par_1_70' title="bbox 1052 4498 3224 4696">
     <span class='ocr_line' id='line_1_70' title="bbox 1052 4498 3224 4696; baseline 0.002 -12"><span class='ocrx_word' id='word_1_575' title='bbox 1052 4498 2029 4693; x_wconf 86' lang='lat' dir='ltr'><strong>JOANNES</strong></span> <span class='ocrx_word' id='word_1_576' title='bbox 2155 4511 2883 4696; x_wconf 87' lang='lat' dir='ltr'><strong>CANAN</strong></span> <span class='ocrx_word' id='word_1_577' title='bbox 2904 4513 3224 4696; x_wconf 88' lang='lat' dir='ltr'><strong>US.</strong></span> 
     </span>
    </p>
   </div>
   <div class='ocr_carea' id='block_1_71' title="bbox 1820 4989 2470 5105">
    <p class='ocr_par' dir='ltr' id='par_1_71' title="bbox 1820 4989 2470 5105">
     <span class='ocr_line' id='line_1_71' title="bbox 1820 4989 2470 5105; baseline -0.008 0"><span class='ocrx_word' id='word_1_578' title='bbox 1820 4989 2470 5105; x_wconf 85' lang='lat' dir='ltr'><strong>NOTITIA.</strong></span> 
     </span>
    </p>
   </div>
   <div class='ocr_carea' id='block_1_72' title="bbox 1317 5211 2979 5282">
    <p class='ocr_par' dir='ltr' id='par_1_72' title="bbox 1317 5211 2979 5282">
     <span class='ocr_line' id='line_1_72' title="bbox 1317 5211 2979 5282; baseline 0.004 -21"><span class='ocrx_word' id='word_1_579' title='bbox 1317 5211 1401 5274; x_wconf 80' lang='grc' dir='ltr'><strong>(Η.</strong></span> <span class='ocrx_word' id='word_1_580' title='bbox 1432 5212 1635 5263; x_wconf 88' lang='lat' dir='ltr'><strong>Warton</strong></span> <span class='ocrx_word' id='word_1_581' title='bbox 1664 5217 1716 5265; x_wconf 83' lang='lat' dir='ltr'><strong>in</strong></span> <span class='ocrx_word' id='word_1_582' title='bbox 1743 5215 1991 5280; x_wconf 84' lang='lat' dir='ltr'><strong>supplem.</strong></span> <span class='ocrx_word' id='word_1_583' title='bbox 2028 5217 2087 5267; x_wconf 85' lang='lat' dir='ltr'><strong>ad</strong></span> <span class='ocrx_word' id='word_1_584' title='bbox 2113 5217 2242 5270; x_wconf 75' lang='lat' dir='ltr'><strong>Cave</strong></span> <span class='ocrx_word' id='word_1_585' title='bbox 2285 5215 2350 5267; x_wconf 81' lang='lat' dir='ltr'><strong>De</strong></span> <span class='ocrx_word' id='word_1_586' title='bbox 2372 5216 2544 5282; x_wconf 82' lang='lat' dir='ltr'><strong>script.</strong></span> <span class='ocrx_word' id='word_1_587' title='bbox 2575 5219 2746 5271; x_wconf 79' lang='lat' dir='ltr'><strong>eccles.</strong></span> <span class='ocrx_word' id='word_1_588' title='bbox 2782 5232 2834 5281; x_wconf 76' lang='grc' dir='ltr'><strong>ι).</strong></span> <span class='ocrx_word' id='word_1_589' title='bbox 2872 5219 2979 5280; x_wconf 76' lang='lat' dir='ltr'><strong>8i.)</strong></span> 
     </span>
    </p>
   </div>
   <div class='ocr_carea' id='block_1_73' title="bbox 586 5485 3781 5594">
    <p class='ocr_par' dir='ltr' id='par_1_73' title="bbox 586 5498 3781 5594">
     <span class='ocr_line' id='line_1_73' title="bbox 586 5498 3781 5594; baseline 0.003 -28"><span class='ocrx_word' id='word_1_590' title='bbox 586 5506 831 5567; x_wconf 71' lang='lat' dir='ltr'><strong>Joannes</strong></span> <span class='ocrx_word' id='word_1_591' title='bbox 859 5509 1138 5577; x_wconf 83' lang='lat' dir='ltr'><strong>Cananus,</strong></span> <span class='ocrx_word' id='word_1_592' title='bbox 1176 5513 1401 5569; x_wconf 87' lang='lat' dir='ltr'><strong>natione</strong></span> <span class='ocrx_word' id='word_1_593' title='bbox 1450 5513 1693 5579; x_wconf 65' lang='lat' dir='ltr'><strong>Graecus,</strong></span> <span class='ocrx_word' id='word_1_594' title='bbox 1723 5515 2022 5572; x_wconf 85' lang='lat' dir='ltr'><strong>historicus</strong></span> <span class='ocrx_word' id='word_1_595' title='bbox 2052 5498 2408 5588; x_wconf 79' lang='lat' dir='ltr'><strong>Byzantinus,</strong></span> <span class='ocrx_word' id='word_1_596' title='bbox 2443 5518 2639 5575; x_wconf 88' lang='lat' dir='ltr'><strong>claruit</strong></span> <span class='ocrx_word' id='word_1_597' title='bbox 2669 5535 2814 5576; x_wconf 88' lang='lat' dir='ltr'><strong>anno</strong></span> <span class='ocrx_word' id='word_1_598' title='bbox 2842 5522 3011 5580; x_wconf 68' lang='lat'><strong>1422.</strong></span> <span class='ocrx_word' id='word_1_599' title='bbox 3053 5522 3285 5594; x_wconf 88' lang='lat' dir='ltr'><strong>Scripsit</strong></span> <span class='ocrx_word' id='word_1_600' title='bbox 3328 5521 3616 5579; x_wconf 87' lang='lat' dir='ltr'><strong>historiam</strong></span> <span class='ocrx_word' id='word_1_601' title='bbox 3672 5522 3781 5577; x_wconf 83' lang='lat' dir='ltr'><strong>ob-</strong></span> 
     </span>
    </p>
   </div>
   <div class='ocr_carea' id='block_1_74' title="bbox 513 5609 3774 5688">
    <p class='ocr_par' dir='ltr' id='par_1_74' title="bbox 513 5609 3774 5688">
     <span class='ocr_line' id='line_1_74' title="bbox 513 5609 3774 5688; baseline 0.002 -22"><span class='ocrx_word' id='word_1_602' title='bbox 513 5610 746 5667; x_wconf 87' lang='lat' dir='ltr'><strong>sidionis</strong></span> <span class='ocrx_word' id='word_1_603' title='bbox 774 5609 929 5668; x_wconf 84' lang='lat' dir='ltr'><strong>urbis</strong></span> <span class='ocrx_word' id='word_1_604' title='bbox 970 5610 1153 5681; x_wconf 90' lang='lat' dir='ltr'><strong>Cpolis</strong></span> <span class='ocrx_word' id='word_1_605' title='bbox 1188 5611 1255 5667; x_wconf 91' lang='lat' dir='ltr'><strong>ab</strong></span> <span class='ocrx_word' id='word_1_606' title='bbox 1283 5611 1548 5668; x_wconf 81' lang='lat' dir='ltr'><strong>Amurato</strong></span> <span class='ocrx_word' id='word_1_607' title='bbox 1572 5610 1633 5680; x_wconf 91' lang='lat' dir='ltr'><strong>ll,</strong></span> <span class='ocrx_word' id='word_1_608' title='bbox 1670 5611 1976 5669; x_wconf 86' lang='lat' dir='ltr'><strong>Turcorum</strong></span> <span class='ocrx_word' id='word_1_609' title='bbox 2008 5629 2155 5683; x_wconf 83' lang='lat' dir='ltr'><strong>rege,</strong></span> <span class='ocrx_word' id='word_1_610' title='bbox 2186 5630 2331 5670; x_wconf 91' lang='lat' dir='ltr'><strong>anno</strong></span> <span class='ocrx_word' id='word_1_611' title='bbox 2380 5616 2535 5682; x_wconf 71' lang='lat' dir='ltr'><strong>H22,</strong></span> <span class='ocrx_word' id='word_1_612' title='bbox 2569 5618 2657 5672; x_wconf 90' lang='lat' dir='ltr'><strong>die</strong></span> <span class='ocrx_word' id='word_1_613' title='bbox 2692 5619 2756 5672; x_wconf 87' lang='lat' dir='ltr'><strong>l0</strong></span> <span class='ocrx_word' id='word_1_614' title='bbox 2787 5616 2935 5674; x_wconf 78' lang='lat' dir='ltr'><strong>Junii</strong></span> <span class='ocrx_word' id='word_1_615' title='bbox 2967 5620 3257 5685; x_wconf 66' lang='lat' dir='ltr'><strong>inchoatae,</strong></span> <span class='ocrx_word' id='word_1_616' title='bbox 3325 5620 3415 5676; x_wconf 89' lang='lat' dir='ltr'><strong>die</strong></span> <span class='ocrx_word' id='word_1_617' title='bbox 3446 5620 3515 5674; x_wconf 65' lang='grc' dir='ltr'>Ξῖ</span> <span class='ocrx_word' id='word_1_618' title='bbox 3540 5619 3774 5688; x_wconf 77' lang='lat' dir='ltr'><strong>Augusti</strong></span> 
     </span>
    </p>
   </div>
   <div class='ocr_carea' id='block_1_75' title="bbox 513 5703 3775 5795">
    <p class='ocr_par' dir='ltr' id='par_1_75' title="bbox 513 5703 3775 5795">
     <span class='ocr_line' id='line_1_75' title="bbox 513 5703 3775 5795; baseline 0.003 -36"><span class='ocrx_word' id='word_1_619' title='bbox 513 5703 729 5761; x_wconf 72' lang='lat' dir='ltr'><strong>solutae.</strong></span> <span class='ocrx_word' id='word_1_620' title='bbox 762 5703 955 5763; x_wconf 84' lang='lat' dir='ltr'><strong>Exstat</strong></span> <span class='ocrx_word' id='word_1_621' title='bbox 976 5705 1214 5764; x_wconf 83' lang='lat' dir='ltr'><strong>llistoria</strong></span> <span class='ocrx_word' id='word_1_622' title='bbox 1244 5708 1348 5765; x_wconf 91' lang='lat' dir='ltr'><strong>ista</strong></span> <span class='ocrx_word' id='word_1_623' title='bbox 1381 5724 1463 5779; x_wconf 83' lang='lat' dir='ltr'><strong>gr.</strong></span> <span class='ocrx_word' id='word_1_624' title='bbox 1492 5709 1584 5763; x_wconf 85' lang='lat' dir='ltr'><strong>lat.</strong></span> <span class='ocrx_word' id='word_1_625' title='bbox 1623 5708 1927 5779; x_wconf 85' lang='lat' dir='ltr'><strong>interprete</strong></span> <span class='ocrx_word' id='word_1_626' title='bbox 1961 5707 2142 5768; x_wconf 86' lang='lat' dir='ltr'><strong>Leone</strong></span> <span class='ocrx_word' id='word_1_627' title='bbox 2171 5712 2395 5780; x_wconf 87' lang='lat' dir='ltr'><strong>Allatio,</strong></span> <span class='ocrx_word' id='word_1_628' title='bbox 2420 5711 2486 5768; x_wconf 88' lang='lat' dir='ltr'><strong>ad</strong></span> <span class='ocrx_word' id='word_1_629' title='bbox 2512 5712 2720 5770; x_wconf 86' lang='lat' dir='ltr'><strong>calcem</strong></span> <span class='ocrx_word' id='word_1_630' title='bbox 2752 5712 2973 5786; x_wconf 78' lang='lat' dir='ltr'><strong>Georgii</strong></span> <span class='ocrx_word' id='word_1_631' title='bbox 3002 5715 3347 5785; x_wconf 61' lang='lat' dir='ltr'><strong>AcrOpolitw.</strong></span> <span class='ocrx_word' id='word_1_632' title='bbox 3391 5715 3564 5772; x_wconf 84' lang='lat' dir='ltr'><strong>Paris.</strong></span> <span class='ocrx_word' id='word_1_633' title='bbox 3611 5714 3775 5795; x_wconf 66' lang='grc'><strong>1651,</strong></span> 
     </span>
    </p>
   </div>
   <div class='ocr_carea' id='block_1_76' title="bbox 514 5801 615 5861">
    <p class='ocr_par' dir='ltr' id='par_1_76' title="bbox 514 5801 615 5861">
     <span class='ocr_line' id='line_1_76' title="bbox 514 5801 615 5861; baseline -0.04 0"><span class='ocrx_word' id='word_1_634' title='bbox 514 5801 615 5861; x_wconf 74' lang='lat' dir='ltr'><strong>fol.</strong></span> 
     </span>
    </p>
   </div>
  </div>
