4080 6592
612 350 688 414 6'!

1938 341 2269 405 JOANNIS
2307 342 2594 403 CANANI
2914 379 2929 393 .
3098 408 3106 421 ί
3868 332 3928 399 cs

608 463 843 531 πόλεως,
892 469 987 523 καὶ
1034 466 1151 538 ἆμα
1182 468 1346 533 εὐθὺς
1387 467 1494 522 τῶν
1527 464 1791 537 Τούρκων
1828 464 1898 520 τὰ
1942 464 2336 536 στρατεύματα
2364 463 2614 532 θρασέως
2644 458 2791 516 κατὰ
2847 457 2961 514 τῶν
2991 458 3300 530 Ῥωμαίων
3376 453 3782 526 ἐμϐάλλουσιν
3845 461 3931 512 καὶ

608 554 673 609 ἐκ
696 556 791 610 τοῦ
830 558 1181 627 χαλάσματος
1206 559 1416 612 ἐκείνου
1448 556 1737 622 διώξουσιν
1776 556 1870 609 καὶ
1924 554 2023 624 τὴν
2059 555 2214 608 πόλιν
2294 554 2688 624 κρατήσουσιν.
2728 552 2916 606 ’Δλλοι
2952 553 3084 617 τοὺς
3132 550 3421 620 ἀγωγοὺς
3476 550 3765 620 ἐγύρευον
3814 553 3933 616 τοὺς

611 652 848 707 ἔκπαλαι
883 652 945 706 τὸ
979 653 1135 723 νερὸν
1158 653 1241 715 είς
1270 655 1366 716 τὰς
1400 653 1632 720 στέρνας
1665 650 1766 718 τῆς
1810 650 2023 711 πόλεως
2054 650 2281 719 ἔφερον.
2308 649 2461 712 ὅπως
2492 648 2617 702 τινά
2648 645 2709 715 ἐξ
2752 648 2937 702 αὐτῶν
3007 644 3395 717 ἐπιτύχωσιν,

494 744 499 754 ’
607 746 721 798 τῶν
759 744 1049 815 Ῥωμαίων
1080 744 1172 797 διὰ
1215 744 1311 798 τοῦ
1359 744 1586 813 ἀγωγοῦ
1618 743 1781 805 ἐντὸς
1803 740 2189 812 γενέσθαιτῆς
2227 740 2440 805 πόλεως
2470 741 2690 807 νυκτὸς,
2762 740 3371 814 ἀπαραπροσδοκήτως
3425 738 3661 811 ταύτην
3735 744 3936 813 κρατή-

613 854 801 891 σουσιν
840 840 935 892 καὶ
964 839 1490 909 αἰχμαλωτίσουσιν.

3480 644 3591 698 καὶ
3666 644 3931 719 λαθραίως

686 938 833 992 Misit
912 948 1175 1005 praxterea
1228 937 1297 993 ad
1339 952 1534 992 omnes
1588 936 1896 993 Turcarutn
1945 935 2200 1006 princeps

2375 934 2523 1005 Πλὴν
2551 934 2647 988 καὶ
2676 935 2930 1004 κήρυκας
2958 932 3323 1000 ἐξαπέστειλε
3364 932 3746 1001 πανταχόθεν
3774 932 3801 984 ὁ
3854 932 3934 985 δε-

611 1044 939 1101 praecnnem,
972 1031 1066 1099 qui
1101 1032 1170 1083 ita
1197 1030 1505 1084 declararet
1535 1039 1589 1084 et
1613 1029 1976 1098 jurejurando
2006 1028 2196 1082 ﬁrma-

614 1137 695 1178 ret
727 1141 743 1179 ι
782 1142 802 1176 ι
840 1122 1006 1178 Urbis
1041 1124 1266 1183 divitias
1291 1137 1486 1177 omnes
1512 1133 1564 1176 et
1596 1123 1916 1177 universum
1934 1122 2198 1192 pupulum

613 1220 831 1271 aineras
861 1217 1096 1284 prtedam
1133 1216 1491 1285 rapinamquc
1519 1214 1880 1270 Musulntanis
1924 1214 2199 1270 concedit:

610 1306 677 1359 ad
724 1306 1007 1374 pulchram
1055 1306 1241 1374 itaque
1285 1306 1520 1374 praedam
1556 1307 1766 1360 alacres
1792 1306 2100 1361 accedite.»
2137 1303 2202 1359 Et

613 1397 729 1451 hac
780 1398 1002 1468 quidem
1052 1398 1138 1452 ille
1164 1414 1230 1453 eo
1257 1400 1513 1461 consilio,
1555 1410 1609 1453 et
1641 1398 1806 1456 simul
1844 1413 2039 1455 omnes
2085 1396 2208 1451 Mu-

609 1492 982 1548 sulmanorum
1042 1495 1342 1560 exercitus,
1376 1494 1519 1563 quod
1574 1506 1630 1549 et
1676 1495 1880 1549 iactum
1923 1502 2029 1557 est,
2070 1507 2204 1548 con-

609 1596 921 1640 currerent.
959 1583 1207 1655 Namque
1240 1594 1301 1639 ut
1341 1586 1570 1641 nuntius
1600 1586 1692 1641 ille
1721 1587 1789 1640 ad
1826 1586 2199 1641 Mnsulmano-

612 1696 731 1733 rum
764 1681 1018 1734 nationes
1066 1680 1265 1735 allatus
1302 1690 1404 1743 est,
1436 1681 1676 1750 reginam
1713 1681 1933 1734 urbium
1971 1679 2026 1733 in
2058 1695 2203 1749 prm-

612 1777 741 1825 dam
768 1786 893 1826 esse
943 1773 1134 1826 datan?
1158 1781 1211 1826 et
1244 1758 1592 1835 servitutem,
1651 1772 1765 1826 fere
1824 1788 1891 1827 ex
1945 1773 2201 1827 universa

611 1874 759 1917 terra
819 1872 875 1917 et
934 1861 1411 1917 Musulmannrum
1482 1864 1799 1919 nationibus
1854 1865 1921 1918 ad
1987 1864 2200 1921 lucrum

608 1954 954 2024 propositum
1000 1953 1352 2014 advolarunt,
1399 1969 1507 2007 non
1535 1965 1743 2008 tantum
1787 1955 2021 2010 bellandi
2070 1972 2209 2025 pne-

610 2049 888 2118 dandique
941 2051 1120 2119 gnari,
1149 2050 1243 2106 sed
1294 2061 1349 2105 et
1381 2052 1646 2120 inexperti
1688 2053 1941 2123 aliusque
1992 2054 2206 2123 generis

612 2156 681 2196 ac.
723 2143 955 2198 artilicii.
994 2144 1264 2211 homines,
1300 2145 1466 2199 veluti
1501 2156 1855 2211 mercatores,
1886 2148 2206 2213 numularii,

611 2236 985 2304 unguentarii,
1022 2223 1357 2301 calceolarii,
1410 2238 1505 2293 sed
1563 2252 1628 2292 ex
1660 2238 1858 2293 Turcis
1912 2240 2077 2294 etiam
2111 2240 2202 2309 qni

611 2342 673 2382 se
709 2327 968 2382 solitariae
1002 2327 1123 2382 vita:
1156 2330 1551 2383 astrinxerant.
1626 2328 1709 2383 0b
1740 2329 1970 2384 similem
2015 2345 2205 2385 omnes

613 2435 838 2476 causam
898 2434 1282 2488 accurrerunt,
1321 2422 1526 2478 milites
1570 2423 1848 2493 praedandi
1874 2439 2063 2491 causa,
2110 2426 2203 2480 alii

613 2522 674 2567 ut
726 2513 962 2584 pra-dam
1014 2516 1266 2570 servituti
1327 2516 1622 2580 addictam,
1672 2516 1761 2571 alii
1798 2517 2073 2581 mulieres,
2103 2517 2194 2573 alii

614 2604 779 2672 viros,
812 2606 901 2660 alii
954 2621 1179 2675 pueros,
1238 2607 1330 2662 alii
1386 2606 1664 2673 animalia,
1713 2608 1804 2663 alii
1884 2608 2208 2676 supellecti-

613 2699 722 2753 lem
749 2700 1118 2765 rcdimerent;
1149 2701 1381 2757 solitarii
1416 2701 1682 2757 moniales
1708 2711 1927 2758 nostras
1955 2703 2199 2772 praedam

612 2792 976 2861 npinamqtte
1009 2792 1113 2847 sibi
1156 2792 1387 2847 concedi
1419 2808 1449 2845 a
1480 2790 1786 2847 Turcarum
1822 2793 2066 2863 principe
2108 2794 2211 2848 im-

612 2888 913 2954 petrarent.
966 2886 1081 2940 Hac
1111 2887 1523 2955 exspectatione
1548 2901 1611 2941 ex
1634 2888 1892 2942 universo
1935 2896 2208 2942 terrarum

621 2976 758 3031 orbe
793 2978 1082 3031 innumera
1143 2992 1315 3048 prope
1385 2978 1857 3034 Musulmanornm
1908 2980 2204 3035 multitudo

614 3066 845 3124 collecta
876 3076 980 3131 est,
1008 3076 1066 3122 ut
1098 3070 1413 3138 quicunque
1467 3070 1654 3139 copias
1714 3069 1997 3125 aﬂlnentes
2032 3072 2215 3127 intue-

616 3171 792 3225 retur,
818 3163 1245 3233 obstnpescrret.
1270 3161 1406 3216 Tum
1431 3171 1486 3217 et
1512 3164 1836 3233 sagittarum
1878 3163 2211 3219 abundantia

616 3262 770 3309 tanta
811 3258 1085 3311 cumulata
1111 3264 1213 3318 est,
1240 3265 1298 3308 ut
1346 3269 1515 3325 prope
1562 3254 1895 3310 incredibilis
1919 3255 1984 3309 de
2008 3270 2070 3308 ea
2120 3271 2213 3309 ru-

617 3360 739 3399 mor
770 3345 928 3401 nobis
957 3344 1257 3409 videretur,
1284 3348 1459 3402 donec
1489 3354 1731 3417 tempore
1759 3346 1888 3403 belli
1921 3348 1972 3402 id
2000 3352 2211 3418 experti

616 3436 976 3493 credidimus.
1005 3438 1121 3493 Hoc
1137 3453 1268 3492 vero
1288 3438 1448 3492 modo
1472 3453 1535 3493 ea
1561 3439 1897 3493 abundantia
1920 3449 2211 3509 procurata

617 3533 729 3578 est.
763 3523 1005 3595 Singulae
1036 3525 1232 3580 domus
1279 3525 1654 3595 cujuscunque
1685 3527 1943 3588 hominis,
1985 3528 2078 3598 qui
2107 3526 2213 3583 sub

2304 1027 2509 1096 σπότης
2567 1025 2678 1079 τῶν
2728 1026 3014 1096 Τούρκων,
3062 1025 3160 1079 καὶ
3199 1022 3575 1093 διελὰλησαν
3612 1022 3820 1088 οὕτως,
3847 1022 3935 1076 κιὶ

2304 1114 2458 1173 εἷπον
2490 1120 2732 1189 ἐνόρκως
2762 1120 2846 1174 ὅτι
2874 1119 2975 1187 τῆς
3008 1117 3218 1180 πόλεώς
3252 1134 3323 1171 τε
3386 1118 3496 1172 τὸν
3544 1115 3794 1169 πλοῦτον
3845 1115 3935 1168 καὶ

2303 1213 2396 1265 τὸν
2424 1213 2556 1267 λαὸν
2582 1213 2804 1268 ᾶπαντα
2842 1216 2870 1265 ὁ
2896 1215 3123 1284 ἀμηρᾶς
3156 1213 3237 1276 είς
3304 1212 3622 1281 διακομᾶν
3667 1209 3928 1279 παραδίδη

2306 1304 2401 1357 καί
2432 1304 2663 1376 κοῦρσος
2691 1307 2805 1368 τοῖς
2831 1304 3320 1372 Μουσουλμάνοις,
3384 1305 3495 1358 καὶ
3542 1303 3797 1372 φθάσετε
3857 1304 3931 1363 είς

2304 1396 2367 1449 τὸ
2388 1397 2602 1467 κέρδος.
2631 1397 2819 1452 Ταῦτα
2865 1398 2966 1467 μὲν
3018 1394 3164 1461 εἷπε,
3223 1395 3379 1467 μετά
3434 1394 3846 1464 τεχνάσματος
3877 1392 3927 1445 δὲ

2303 1490 2550 1544 τοιούτου
2572 1492 2723 1553 ὅπως
2748 1492 2815 1545 νά
2846 1490 3155 1561 συναχθῶσι
3183 1491 3252 1545 τά
3282 1490 3728 1561 στρατεύματα
3757 1488 3925 1541 πάντα

2305 1581 2413 1635 τῶν
2448 1582 2918 1652 Μουσουλμάνων.
2954 1584 3137 1637 ὁποῖον
3164 1581 3261 1636 καὶ
3318 1583 3575 1652 ἐγένετο
3630 1583 3785 1637 τότε.
3849 1581 3926 1642 Ὠς

2304 1672 2417 1744 γὰρ
2448 1674 2678 1745 ὲξεκιῖθη
2708 1676 2740 1743 ἡ
2771 1676 2932 1745 φήμη
2968 1677 3049 1740 εἰς
3076 1677 3145 1729 τά
3177 1674 3307 1745 ἔθνη
3369 1675 3498 1729 τῶν
3562 1673 3927 1741 Μουσουλμά·

2305 1783 2414 1820 νων
2459 1766 2577 1829 πῶς
2636 1766 2982 1838 ὲπαραδόθην
3017 1768 3052 1838 η
3104 1767 3259 1829 πόλις
3300 1768 3393 1831 είς
3439 1766 3778 1835 διαγουμάν
3839 1764 3923 1818 καὶ

2305 1858 2714 1929 αἰχμαλωσίαν,
2749 1859 2937 1930 σχεδὸν
2966 1859 3031 1914 ἐκ
3057 1860 3240 1929 πάσης
3263 1860 3377 1928 γῆς
3405 1860 3514 1913 καὶ
3551 1860 3756 1928 γενεᾶς
3791 1858 3922 1912 Μου-

2310 1951 2636 2020 σοολμάνων
2693 1952 2939 2020 ἔφθασαν
3002 1952 3142 2023 πρὸς
3194 1952 3256 2004 τὸ
3298 1952 3518 2021 κέρδος
3561 1952 3648 2023 μὴ
3680 1948 3919 2018 μόνοννοί

2309 2046 2678 2115 ἐπιστήμονες
2707 2047 2785 2108 είς
2808 2044 2878 2098 τὰ
2906 2045 3119 2115 κούρση
3149 2044 3248 2098 καὶ
3273 2047 3417 2106 τοὺς
3453 2044 3772 2115 πολέμους,
3794 2042 3916 2095 ἀλλά

2311 2136 2405 2190 καὶ
2423 2138 2473 2188 oi
2499 2136 2939 2205 ἀνεπιστήμονες
2972 2136 3068 2190 καὶ
3100 2134 3382 2205 σαρλίδες,
3418 2135 3701 2189 τουτέστι
3753 2148 3917 2202 πραγ-

2315 2228 2603 2299 ματεῦται,
2656 2229 3048 2291 καταλλάκται,
3114 2228 3352 2299 μυροψοὶ
3424 2229 3534 2283 καὶ
3598 2228 3911 2296 τζαγκάροι,

2309 2321 2445 2373 ἀλλὰ
2477 2321 2573 2374 καὶ
2629 2321 2890 2393 Τουρκῶν
2935 2321 3123 2376 πολλοὶ
3157 2323 3492 2391 καλογέροι.
3560 2321 3699 2375 ’Υπ“
3751 2318 3907 2377 αἰτίας

2309 2412 2569 2483 τοιαύτης
2592 2413 2975 2484 ἔσυνήχθησαν
3007 2414 3232 2478 πάντες,
3286 2414 3340 2468 oi
3405 2413 3520 2484 μὲν
3580 2410 3897 2481 στρατιῶται

2309 2501 2397 2555 διὰ
2420 2503 2481 2556 τὸ
2515 2501 2770 2573 κοῦρσος,
2790 2505 2838 2556 οἱ
2894 2503 2952 2557 δὲ
3017 2504 3273 2574 σαρλίδις
3318 2504 3417 2557 ἵνα
3484 2503 3819 2575 ἁγοράσουν
3850 2498 3903 2551 sit

2311 2596 2683 2666 κουρσιμαῑα,
2726 2596 2899 2666 ήγουν
2943 2596 3069 2659 τοὺς
3098 2596 3535 2666 αἰχμαλώτους,
3575 2597 3676 2650 καὶ
3726 2596 3776 2649 oi
3824 2592 3910 2660 μὲν

2310 2688 2411 2752 τάς
2432 2690 2718 2757 γυναῖκας,
2757 2690 2907 2743 ἄλλοι
2938 2690 3064 2753 τοὺς
3117 2689 3340 2757 ἀνδρας,
3382 2690 3556 2745 ἄλλοι
3611 2691 3688 2744 τὰ
3723 2687 3905 2760 βρέφη.

2312 2781 2409 2835 καὶ
2464 2782 2619 2837 ἄλλοι
2662 2783 2729 2837 τὰ
2761 2782 2900 2848 ζῶα,
2930 2785 3026 2838 καὶ
3074 2783 3228 2838 ἄλλοι
3259 2784 3330 2838 τά
3388 2785 3744 2855 πράγματα.
3783 2781 3827 2834 oi
3856 2777 3905 2830 δὲ

2312 2875 2942 2947 Τουρκοκαλογέροιτάς
2976 2875 3313 2947 καλογραίας
3354 2877 3538 2946 ήμῶν
3590 2875 3786 2946 κέρδος
3826 2870 3909 2923 καὶ

2311 2968 2547 3039 κοῦρσος
2596 2970 2922 3039 εὐεργεσίαν
2977 2970 3043 3025 va
3080 2970 3238 3041 ἔχουν
3288 2972 3457 3041 παρὰ
3498 2970 3599 3025 τοῦ
3658 2967 3905 3023 δεσπότου

2312 3063 2425 3117 τῶν
2476 3062 2761 3133 Τούρκων.
2821 3064 2923 3115 Διὰ
2980 3062 3111 3132 γοῦν
3170 3064 3269 3130 τὴν
3330 3064 3695 3132 προσδοκίαν
3720 3060 3905 3125 ταύτην

2316 3154 2698 3225 ὲσυνάχθησαν
2737 3157 2800 3208 ἐκ
2824 3156 3005 3224 πάσης
3034 3157 3134 3223 τῆς
3160 3155 3262 3223 γῆς
3308 3156 3782 3226 Μουσουλμάνων
3822 3154 3907 3203 dvo

2316 3248 2604 3315 αρίθμητα
2642 3248 2845 3317 πλήθη,
2912 3249 3057 3302 ὥστε
3090 3248 3560 3317 ὲκατεθαύμαζον
3612 3251 3815 3309 πάντες
3862 3243 3905 3295 οἱ

2317 3339 2652 3411 θεωροῦντες
2684 3341 2787 3411 τὴν
2816 3342 3143 3412 πλησμονὴν
3175 3341 3269 3395 τοῦ
3296 3346 3601 3412 φωσάτου.
3668 3344 3797 3395 Τότε
3847 3336 3904 3404 δή

2317 3434 2410 3488 καὶ
2440 3435 2701 3503 σαγίττας
2738 3436 2975 3505 συνῆξαν
3003 3437 3259 3490 τοσοῦτον
3290 3438 3688 3510 ἀναρίθμητον
3709 3432 3906 3501 πλῆθος
3949 3435 3955 3441 ’

2316 3528 2457 3581 ὥστε
2489 3529 2922 3598 ὲδυσπιστοῦμεν
2961 3528 3024 3581 τὸ
3061 3530 3284 3599 πρῶτον
3320 3529 3421 3601 τὴν
3448 3532 3652 3602 φήμην
3701 3529 3796 3582 τοῦ
3824 3524 3904 3576 λό·

618 3625 886 3686 pntestate
942 3623 997 3671 ct
1055 3616 1272 3672 ditione
1332 3608 1641 3673 Turcarttm
1678 3629 1858 3685 erant,
1891 3621 2008 3676 sive
2070 3620 2118 3676 is
2155 3620 2204 3675 in

2319 3638 2420 3688 γου
2449 3622 2555 3685 ἓως
2588 3620 2685 3675 τοῦ
2721 3621 2964 3692 πολέμου
3008 3622 3110 3691 τήν
3139 3623 3308 3692 ὥραν.
3372 3622 3442 3677 Ἠ
3487 3624 3548 3678 δὲ
3621 3615 3903 3687 συναγωγὴ

616 3710 841 3764 Oriente
873 3709 987 3765 sive
1021 3706 1319 3765 Occidente
1360 3710 1657 3778 habitaret,
1691 3713 1923 3782 sagittas
1972 3727 2202 3768 arcuum

621 3819 731 3857 non
780 3802 967 3859 minus
1029 3802 1219 3859 decem
1277 3803 1343 3858 ad
1408 3802 1599 3875 viginti
1645 3806 1805 3859 etiam
1844 3804 2123 3874 praebuit;
2155 3816 2209 3861 et

618 3897 803 3967 plures
838 3898 1003 3951 etiam
1049 3896 1285 3962 his,cnm
1340 3897 1587 3966 prmlium
1634 3898 1888 3962 iniretur,
1925 3900 2203 3965 volarunt,

617 3998 758 4054 quas
777 3983 1079 4039 Turcarum
1107 3986 1587 4040 armamentarium
1622 3997 1675 4039 et
1708 3988 1980 4042 exercitus
2010 3989 2209 4058 phare-

618 4087 716 4132 tra:
739 4078 1108 4133 continebant.
1137 4078 1485 4133 Convehebat
1513 4096 1617 4133 una
1653 4096 1839 4135 secum
1867 4097 1930 4136 eo
1959 4091 2203 4152 tempore

620 4171 969 4239 imperatoris
995 4178 1249 4226 oratores
1291 4170 1439 4224 ferro
1475 4171 1698 4226 miseris
1744 4174 1923 4230 modis
1981 4190 2205 4244 compe-

620 4264 787 4327 ditos,
848 4276 990 4330 quos
1025 4260 1144 4330 ipse
1175 4275 1276 4331 pro
1310 4261 1546 4317 ineunda
1598 4276 1733 4331 pace
1767 4279 1832 4318 ac
1868 4262 2073 4321 findere
2112 4281 2208 4334 po-

626 4352 950 4407 stulaverat.
996 4352 1102 4407 Sed
1140 4362 1253 4407 tum
1296 4352 1463 4407 veluti
1502 4354 1769 4409 barbarus
1798 4354 2026 4411 immitis
2044 4369 2207 4428 atque

624 4446 1016 4501 imtnisericors
1045 4445 1280 4502 vinculis
1307 4444 1500 4501 ferreis
1530 4446 1780 4503 astrictos
1818 4448 1871 4503 in
1898 4451 2204 4507 custodiam

619 4539 866 4600 dederat,
903 4538 1268 4609 innoxiosqne
1328 4548 1591 4610 tanquam
1636 4542 1836 4597 noxios
1868 4543 2208 4598 condemna—

619 4639 792 4697 verat,
824 4632 1021 4701 quibus
1048 4633 1212 4687 etiam
1247 4642 1479 4688 mortem
1518 4634 1893 4699 minitabatur,
1938 4637 2205 4703 {causatus

622 4723 836 4779 insulse
871 4725 1161 4780 admodum
1200 4743 1217 4793 ;
1255 4727 1438 4781 aiebat
1500 4727 1770 4797 siquidem
1808 4742 1825 4783 :
1863 4747 1881 4781 ι
1908 4727 2081 4785 Graeci
2117 4746 2205 4786 me

622 4815 973 4884 impudenter
1006 4824 1173 4885 atque
1208 4815 1570 4872 irreverenter
1619 4819 1840 4875 allocuti
1890 4830 2041 4887 sunt,
2073 4836 2203 4891 prn-

620 4915 920 4977 ptereaque
953 4921 1048 4963 eos
1084 4909 1137 4962 in
1174 4922 1453 4963 carcerem
1497 4920 1551 4965 et
1583 4911 1798 4966 vincula
1837 4913 2067 4984 conjeci.
2110 4932 2129 4967 ι

657 5185 667 5189 ’
694 5184 829 5241 Tum
856 5202 1019 5257 porro
1047 5189 1268 5259 quidam
1300 5204 1364 5245 ex
1384 5189 1743 5246 Musulmanis
1762 5206 1995 5262 procero
2027 5208 2198 5263 gran-

620 5280 785 5350 dique
840 5298 1090 5350 corpore,
1122 5293 1175 5336 et
1222 5283 1362 5353 apud
1426 5284 1546 5338 illos
1609 5284 1892 5351 terribilis,
1953 5286 2097 5356 quod
2133 5287 2199 5340 de

623 5373 878 5441 progenie
938 5384 993 5427 et
1026 5373 1095 5428 de
1154 5376 1404 5446 prosapia
1459 5376 1783 5432 Mabometis
1827 5386 1990 5433 esset.
2042 5376 2199 5433 llunc

622 5456 697 5519 illi
741 5466 905 5520 veluti
961 5466 1323 5536 patriarcham
1373 5470 1626 5525 colebant
1660 5482 1714 5526 et
1754 5472 1922 5527 veluti
1960 5474 2199 5542 prophe-

620 5566 732 5610 tam
793 5562 1209 5625 venerabantur,
1274 5561 1652 5632 aaqualemque
1711 5564 1784 5619 illi
1859 5566 2068 5622 cultum
2137 5580 2201 5618 ac

621 5648 935 5729 Mahomcto
965 5652 1319 5720 praestabant.
1358 5654 1456 5708 Hic
1492 5664 1641 5709 tanta
1686 5658 1829 5727 apud
1864 5672 1960 5713 eos
2006 5667 2201 5713 aucto-

618 5742 781 5797 ritate
840 5744 1096 5813 p‘ullebat,
1146 5756 1207 5801 ut
1286 5764 1486 5827 autem:
1550 5749 1855 5805 Turcarum
1936 5752 2199 5822 principis

619 5833 787 5891 liiiam
822 5836 1089 5910 virginem
1141 5852 1338 5912 praeter
1386 5841 1533 5901 illius
1587 5844 1913 5901 sententiam
1979 5853 2193 5915 raptam

2318 3713 2525 3767 τούτων
2564 3713 2784 3781 ἐγένετο
2804 3715 2979 3776 οὕτως
3012 3731 3025 3746 ·
3062 3715 3218 3768 Πᾶσα
3250 3715 3400 3769 οἰὶιία
3430 3716 3647 3778 παντὸς
3701 3707 3902 3780 ἀνθρώο

2318 3824 2423 3861 που
2448 3806 2546 3862 τοῦ
2579 3808 2976 3880 εὑρισκομένου
3006 3811 3087 3873 είς
3112 3809 3214 3879 τὴν
3236 3809 3573 3864 δεσποτείαν
3598 3810 3712 3861 τῶν
3744 3804 3903 3869 Τοὐρο

2318 3918 2431 3955 κων
2452 3901 2721 3971 ἀνατολῆς
2751 3902 2843 3955 καὶ
2868 3902 3077 3965 δύσεως
3100 3902 3287 3973 ’πάσης
3306 3903 3514 3977 δέδωκε
3539 3904 3756 3957 τούτων
3784 3895 3903 3951 ἐκά-

2318 4010 2418 4060 στη
2446 3994 2555 4049 ἀπὸ
2588 3996 2723 4048 δέκα
2748 3995 2856 4058 ἓως
2885 3995 3060 4049 εἴκοσι
3088 3994 3349 4063 σαγίττας
3379 3995 3495 4048 τῶν
3519 3996 3717 4064 τόξων.
3748 3987 3899 4045 Ἀλλὰ

2317 4089 2411 4140 καί¹
2440 4087 2697 4150 πλείονας
2750 4088 2961 4141 τούτων
3010 4089 3300 4154 ἐτόξευσαν
3354 4087 3452 4141 τοῦ
3503 4090 3754 4157 πολέμου
3807 4083 3900 4149 τὴν

2317 4179 2488 4251 ὥραν,
2518 4181 2710 4243 ὁποίας
2736 4180 2796 4234 τὸ
2826 4181 3321 4253 ἀρματοφυλάκιον
3348 4181 3464 4254 εἶχε
3500 4184 3602 4238 τοῦ
3623 4198 3633 4208 ’
3655 4179 3897 4250 Τούρκονυ

2316 4274 2411 4326 καὶ
2441 4272 2509 4326 τά
2538 4273 2822 4343 ταρφάσια
2850 4273 2944 4329 τοῦ
2967 4276 3245 4345 φωσάτου.
3284 4271 3411 4344 Εἶχε
3442 4279 3540 4331 καὶ
3574 4277 3703 4347 μετ’
3737 4267 3895 4327 αὐτοῦ

2315 4370 2439 4422 τότε
2476 4368 3075 4440 σιδηροδεσμουμένους
3124 4372 3251 4434 τοὺς
3298 4372 3763 4444 ἀποκρισιαρίους
3808 4365 3894 4419 τοῦ

2318 4462 2607 4532 βασιλέως,
2634 4464 2857 4525 ὁποίους
2882 4465 3043 4525 αὐτὸς
3069 4447 3175 4535 ﬁt!)
3187 4480 3316 4518 σατο
3353 4466 3565 4535 μᾶλλον
3593 4465 3685 4518 ἵνα
3709 4459 3893 4531 πέμψῃ

2316 4556 2447 4625 περὶ
2468 4556 2692 4625 εἰρήνης
2720 4573 2778 4610 τε
2806 4558 2900 4610 καὶ
2924 4558 3169 4627 ἀγάπης.
3204 4558 3372 4621 Αὐτὸς
3400 4557 3457 4611 δὲ
3507 4559 3585 4621 ὡς
3621 4555 3891 4628 βάρϐαρος

2314 4646 2464 4716 ὠμὸς
2490 4649 2586 4701 καὶ
2615 4648 2991 4717 ἀπάνθρωπος
3025 4648 3223 4719 σίδηρα
3245 4650 3340 4702 καὶ
3386 4650 3640 4717 φυλακὰς
3699 4644 3890 4702 αὐτοὺς

2316 4740 2667 4809 κατεδίκασε,
2693 4741 2787 4795 καὶ
2820 4741 2950 4803 τοὺς
2968 4742 3244 4804 ἀναιτίους
3266 4743 3341 4805 ὡς
3360 4742 3647 4804 ὑπαιτίους
3676 4737 3885 4811 ἠπείλει

2315 4834 2397 4894 είς
2458 4833 2713 4899 θάνατον,
2753 4833 3195 4903 προϐαλλόμενος
3235 4835 3293 4888 δδ
3348 4835 3491 4906 τάχα
3543 4837 3639 4891 καὶ
3690 4831 3886 4889 αἰτίαν.

2316 4925 2451 4978 ἀλλά
2476 4925 2695 4994 ψυχράν
2721 4941 2735 4956 ο
2762 4926 2915 4995 ἔλεγε
2951 4926 3083 4996 γάρ’
3106 4927 3253 4981 Διότι
3290 4945 3356 4996 με
3388 4930 3438 4981 οἱ
3489 4929 3753 4998 Ῥωμαῖοι
3801 4923 3889 4974 ἀν-

2230 4996 2283 5056 Ῐ)
2312 5016 2620 5085 αισχύντως
2657 5017 2967 5089 συνέτυχον,
3001 5018 3090 5071 διὰ
3116 5016 3276 5072 τοῦτο
3307 5020 3504 5083 αὐτοὺς
3528 4996 3613 5085 εις
3646 5014 3886 5088 φυλακὴν

2310 5108 2670 5162 κατεδίκασα.

2392 5202 2553 5255 Ἀλλὰ
2589 5203 2682 5256 καὶ
2720 5205 2842 5257 τότε
2873 5218 2957 5267 τις
2983 5204 3091 5257 τῶν
3122 5204 3570 5275 Μουσουλμάνων
3596 5202 3794 5273 ὑψηλός
3824 5211 3882 5249 τε

2311 5293 2407 5346 καὶ
2431 5294 2604 5363 μέγας
2634 5295 2729 5349 καὶ
2766 5294 2993 5365 φοϐερὸς
3032 5296 3163 5366 παρ’
3195 5298 3449 5362 ὲκείνοιῖ,
3474 5296 3550 5361 ὡς
3576 5298 3657 5349 ὄτι
3688 5296 3747 5346 ἐκ
3775 5307 3879 5344 σει-

2312 5385 2414 5455 ρᾶς
2448 5404 2507 5438 τε
2538 5387 2630 5439 καὶ
2666 5386 2859 5454 γένους
2881 5384 2975 5439 τοῦ
3000 5387 3331 5459 Μουχουμὲτ
3357 5390 3649 5459 κατήγετο.
3684 5383 3876 5438 Τοῦτον

2311 5477 2407 5553 καί
2427 5478 2501 5538 ὡς
2541 5478 2893 5549 πατριάρχην
2923 5477 3087 5531 αὑτὸν
3113 5478 3426 5548 ὲτιμοῦσαν,
3486 5483 3580 5535 καὶ
3625 5478 3700 5542 ὡς
3750 5489 3876 5546 ϊςρο⁸

2313 5570 2493 5638 φήτην
2514 5570 2677 5621 αὐτὸν
2706 5572 3097 5641 προσεκύνουν,
3126 5570 3225 5623 καὶ
3259 5570 3511 5627 ἐσέϐοντο
3570 5571 3755 5627 τοῦτον
3802 5565 3874 5624 ὡς

2313 5660 2475 5713 αὑτὸν
2494 5660 2585 5713 τὸν
2618 5662 2888 5731 Μωάμεθ.
2920 5660 3190 5718 Τοσοῦτον
3216 5666 3310 5717 καὶ
3338 5666 3581 5730 τοιοῦτος
3635 5664 3875 5734 μέγιστος

2310 5750 2379 5826 ἦν
2404 5756 2608 5819 ἐκεῖνος
2640 5758 2723 5810 ὅτι
2752 5754 2853 5827 τὴν
2887 5757 3165 5829 θυγατέρα
3189 5759 3283 5813 τοῦ
3318 5763 3514 5833 ἀμηρᾶ
3559 5759 3653 5815 καὶ
3687 5753 3873 5809 eam.

2308 5868 2434 5903 του·
2468 5848 2575 5903 τῶν
2632 5850 3079 5921 Μουσουλμάνων
3131 5854 3407 5924 παρθένον
3458 5854 3623 5908 οὖσαν
3670 5850 3863 5920 ἥρπαξ’
