4080 6612
518 322 603 386 71»
1810 320 2116 383 JOANNI!

2220 319 2453 381 ΑΝΑΝΙ
2608 345 2612 349 θ
3755 323 3820 389 72

589 436 835 512 Singulis
881 452 1099 510 qunque
1135 438 1330 496 diebus
1376 454 1447 496 ac
1467 400 1744 507 noctibus,
1799 439 1911 497 imo
1948 441 2098 495 horis

2284 438 2445 492 Ἀλλὰ
2482 439 2576 492 καὶ
2601 436 2723 491 καθ’
2764 436 2981 509 ἡμέραν
3009 440 3105 492 καὶ
3141 437 3324 492 νύκτα
3390 438 3501 501 τὰς
3550 438 3809 510 παλάμας

518 530 764 601 linguam
798 528 1066 584 adversus
1103 548 1203 585 nos
1236 530 1400 603 veluti
1457 531 1715 601 utrinque
1765 540 2101 601 praeacntum

2216 529 2494 600 ἐκρότουν.
2527 529 2742 584 καὶτοῦ
2769 531 3066 601 Μηρσαῖτη
3118 531 3218 602 τὴν
3275 531 3485 601 φωνὴν
3547 532 3815 602 ἀνέμενον

518 638 707 676 ensem
764 621 1066 692 agitabant,
1115 602 1496 678 voccseﬂ‘eras
1558 632 1723 693 atque
1773 622 2105 679 inhumanas

2216 594 2540 691 εἷος-ἀγγέλου
2590 594 2993 693 ἀληθεστάτων,
3041 594 3117 686 ως
3172 594 3813 693 ίναναίχμαλωτίσουσι
3892 642 3915 657 ’

520 717 871 785 impudenter
924 716 1297 785 iniuriosaque
1349 715 1692 783 emittentes,
1747 733 1854 773 non
1891 726 2101 773 tantum

2216 715 2333 780 τοὺς
2384 716 2716 787 Ῥωμαίους.
2764 716 2931 770 Ἀλλὰ
2952 716 3051 770 καὶ
3072 715 3195 770 καθ’
3226 716 3463 787 ἡμέραν
3496 716 3602 770 καὶ
3642 717 3811 771 νύκτα

519 806 887 875 patriarcham
916 816 969 862 et
1023 798 1432 875 imperatorem,
1466 808 1558 863 sed
1622 809 1781 864 Iidem
1812 810 1975 866 etiam
2007 826 2109 866 no-

2216 809 2306 864 καὶ
2334 807 2483 879 ὥραν
2514 808 2615 880 τὴν
2646 808 2907 876 γλῶσσαν
2939 808 3124 862 αὐτῶν
3154 808 3280 863 καθ’
3316 809 3495 878 ἡμῶν
3523 808 3607 871 ὡς
3636 807 3814 863 δίστο-

517 909 687 954 stratn
718 899 979 954 audacter
1002 899 1434 969 iluprOpet-antes
1462 909 1512 953 et
1561 899 1926 956 inverecunde
1962 902 2108 956 blas-

519 994 860 1060 phemant's.
903 1011 920 1045 t
960 992 1065 1049 Uhi
1094 1003 1175 1046 est
1201 992 1345 1048 Dctts
1389 994 1619 1048 vester?
1679 993 1722 1051 Ο
1775 994 2106 1050 tenebricosi

522 1085 753 1141 Romani
778 1086 790 1138 l
817 1084 916 1141 Ubi
936 1084 1188 1139 Christus
1211 1086 1424 1140 vester?
1449 1085 1547 1141 Ubi
1567 1096 1694 1140 sunt
1712 1086 1886 1141 sancti
1914 1088 2104 1153 vestri,

521 1180 613 1249 qui
636 1180 788 1234 vobis
811 1195 966 1248 opem
996 1180 1278 1233 tulerunt?
1298 1180 1431 1233 Cras
1457 1180 1591 1233 urbe
1619 1180 1912 1249 potiemur,
1931 1189 1985 1236 et
2013 1197 2108 1238 vos

525 1287 715 1326 servos
744 1275 1100 1338 captivosque
1125 1272 1463 1326 ahduremus
1491 1289 1505 1326 :
1539 1272 1803 1328 uxoribus
1836 1275 2034 1328 vestris
2056 1284 2110 1329 et

523 1363 649 1416 ﬁliis
675 1363 893 1423 vestris.
933 1365 1088 1419 vobis
1114 1365 1570 1433 inspectantibus.
1622 1367 1727 1419 vim
1757 1365 2057 1421 inl'eremus
2091 1382 2105 1418 :

531 1468 743 1510 venras
776 1457 1040 1511 moniah-s
1076 1474 1196 1511 rum
1229 1455 1531 1513 Turcarum
1558 1459 1838 1515 monachis
1871 1460 2111 1529 despon-

531 1546 794 1603 sahinms.
826 1545 929 1600 Per
961 1546 1118 1601 fidem
1152 1557 1396 1603 nostram
1428 1565 1551 1604 vere
1584 1550 1696 1604 haec
1721 1551 1981 1621 propheta
2012 1566 2113 1627 nq-

521 1652 633 1690 ster
664 1640 944 1707 pr:rdit-al.
970 1659 987 1689 ι
1016 1639 1137 1693 Haec
1163 1652 1347 1695 autem
1379 1652 1633 1712 tanquam
1661 1645 1817 1698 firma
1845 1654 2111 1714 certaque

524 1732 678 1800 impii
714 1732 997 1796 trnehant,
1040 1733 1276 1802 ideoque
1309 1734 1488 1805 jurgia
1523 1736 1611 1789 illa
1644 1736 1810 1805 impia
1845 1738 1898 1791 in
1938 1736 2106 1793 Deum

2211 918 2313 971 μον
2346 902 2503 970 ξίφος
2540 900 2824 971 ὴκὸνιζαν,
2851 902 2946 955 καὶ
2967 901 3153 970 φωνὰς
3180 900 3429 969 ἀγρίους
3463 901 3567 953 καὶ
3616 901 3816 970 ἀνημέο

2214 1011 2336 1064 ρους
2389 995 2580 1063 ἔλεγον
2643 995 2877 1057 ἀναιδῶς
2936 996 3031 1047 καὶ
3076 993 3448 1064 ὑϐριστικῶς.
3489 991 3591 1062 Μὴ
3651 992 3811 1061 μόνον

2208 1086 2349 1139 κατὰ
2376 1087 2733 1158 πατριαρχῶν
2756 1103 2816 1141 τε
2851 1088 2945 1139 καὶ
2976 1085 3240 1156 βασιλέως
3287 1084 3683 1159 αίσχροτάτας
3705 1101 3811 1151 φω-

2208 1179 2303 1239 νὰς
2330 1178 2677 1247 ἀνέπεμπον.
2714 1178 2851 1232 ἀλλὰ
2875 1177 3139 1231 καὶκατὰ
3175 1177 3275 1245 τῆς
3324 1177 3594 1237 πίστεως
3650 1176 3810 1244 ἡμῶν

2209 1268 2499 1337 τολμηρῶς
2529 1268 2889 1334 ὀνειδίζοντες
2920 1268 3015 1321 καὶ
3039 1266 3279 1329 ἀναιδῶς
3328 1265 3813 1336 βλασφημοῦντες

2211 1362 2421 1430 ἔλεγον.
2462 1380 2480 1413 ι
2520 1361 2632 1415 Ποῦ
2676 1365 2703 1416 ὁ
2728 1362 2859 1425 Θεός
2905 1379 3026 1427 σας,
3060 1354 3106 1414 ὧ
3145 1361 3424 1413 σκοτεινοὶ
3502 1359 3814 1427 Ῥωμαῐοι;

2210 1452 2315 1507 ποῦ
2352 1457 2378 1506 ὁ
2406 1454 2646 1525 Χριστός
2684 1471 2824 1519 σας;
2859 1452 2965 1507 ποῦ
2995 1449 3140 1508 εἶναι
3164 1455 3218 1508 οἱ
3242 1454 3398 1522 ἆγιοί
3431 1471 3543 1518 σας
3588 1456 3657 1508 νὰ
3716 1454 3813 1517 σὰς

2212 1547 2558 1617 βοηθήσουν;
2594 1544 2800 1617 Αὔριον
2822 1547 2923 1616 τὴν
2945 1546 3104 1600 πόλιν
3144 1546 3494 1616 ὲπέρνομεν,
3549 1548 3649 1601 καὶ
3689 1549 3813 1607 {sic
3900 1542 3903 1547 ’

2211 1639 2597 1710 αἰχμαλώτους
2625 1644 2719 1693 καὶ
2748 1638 3265 1709 σκλάὸουςέχομεν.
3288 1640 3515 1704 καὶτὰς
3547 1640 3811 1709 γυναῖκάς

2214 1750 2316 1795 σας
2345 1737 2440 1785 καὶ
2478 1732 2547 1785 τὰ
2578 1732 2766 1787 παιδία
2804 1749 2905 1796 σας
2939 1731 3258 1803 εμπροσθεν
3308 1734 3482 1802 ὑμῶν
3525 1734 3813 1803 ἀτιμάσω·

521 1841 556 1878 n
584 1833 770 1876 astrum
803 1825 1173 1881 rliundehant.
1225 1826 1358 1882 Cum
1390 1830 1606 1884 tandem
1673 1838 1944 1899 postrema
1980 1831 2105 1887 belli

2216 1841 2339 1894 μεν,
2368 1824 2586 1887 καὶτὰς
2614 1825 2957 1895 καλογραίας
3007 1841 3108 1889 σας
3136 1824 3207 1895 μὶ
3234 1826 3369 1889 τοὺς
3427 1823 3813 1896 Τουρκοκαλο-

520 1915 740 1972 Turcici
766 1917 881 1973 dies
904 1918 1150 1984 advenit,
1192 1936 1356 1989 quam
1406 1921 1516 1976 illis
1547 1937 1776 1993 magnus
1812 1924 2116 1991 praevatici-

521 2018 684 2064 natus
715 2011 891 2065 fuerat
920 2011 1179 2066 Mersaita
1218 2012 1524 2068 Turcarum
1556 2027 1733 2079 vates,
1758 2015 1901 2070 dixit
1929 2016 2117 2087 capia-1

522 2116 649 2155 runt
677 2102 893 2156 ductori
930 2103 1520 2172 Musulmanorumque
1549 2106 1783 2174 principi
1817 2120 1832 2160 :
1857 2125 1877 2159 ι
1908 2105 1988 2163 Ne
2017 2107 2111 2162 diu

523 2209 708 2268 moras
738 2196 1036 2259 traherent,
1073 2195 1168 2250 sed
1201 2196 1531 2265 quantocius
1556 2197 1773 2266 juberet
1800 2199 2112 2265 ordinibus,

524 2292 583 2338 ttt
611 2298 672 2339 se
701 2294 914 2338 arment
947 2292 1002 2339 ct
1030 2285 1310 2339 machinas
1360 2299 1551 2343 omnes
1587 2295 1643 2341 et
1670 2287 1737 2342 ad
1774 2287 1972 2341 bellum
2013 2303 2108 2343 ne-

522 2376 763 2433 cessaria
808 2380 1104 2443 instruant,
1142 2390 1196 2432 ttt
1227 2388 1475 2448 prompta
1531 2381 1647 2434 sint
1674 2396 1691 2434 :
1722 2390 1905 2448 postea
1944 2396 2111 2450 prope

522 2472 710 2523 urbem
745 2470 809 2523 ad
880 2471 967 2525 teli
994 2470 1201 2542 jactum
1259 2471 1633 2526 conferantur.
1697 2472 1925 2541 Signum
1966 2483 2110 2539 esto,

528 2562 671 2626 quod
706 2562 895 2627 jnbro.
929 2563 1067 2616 Cum
1128 2579 1213 2617 me
1248 2579 1415 2632 super
1442 2580 1645 2634 equum
1687 2566 1857 2619 altum
1916 2565 2111 2621 sedere

524 2652 649 2722 etin
670 2651 889 2707 ticxtet‘a
920 2669 1035 2708 mea
1062 2656 1266 2709 nudum
1294 2671 1484 2710 ensem
1511 2657 1890 2725 conspicietis,
1916 2662 2110 2726 terque

526 2758 715 2805 vocem
750 2761 923 2799 meatu
962 2762 1085 2800 cum
1118 2747 1357 2801 clamore
1383 2757 1439 2802 et
1466 2747 1697 2817 strepitu
1721 2757 1774 2803 et
1822 2747 2024 2816 impetu
2055 2756 2110 2801 et

524 2837 882 2906 applausibus
910 2850 967 2893 et
996 2843 1219 2910 organis
1243 2843 1550 2907 audieritis,
1582 2844 1633 2897 in
1684 2841 1903 2897 (ἔνερθε
1937 2841 2108 2911 impe-

529 2938 643 3003 tum
676 2929 868 2995 facite;
900 2942 952 2985 et
986 2932 1131 2986 ultro
1162 2934 1315 2990 urbis
1353 2937 1553 2991 minoia
1598 2944 1880 2997 corrttent,
1917 2946 1971 2991 et
2011 2952 2107 2992 vos

522 3022 678 3083 nullo
709 3022 962 3078 obstante
988 3024 1216 3096 ingressi
1251 3026 1487 3095 praedam
1537 3029 1731 3099 agite.»
1772 3028 1837 3083 Et
1854 3032 1953 3085 has
1980 3030 2105 3099 qui-

522 3111 653 3165 dem
676 3129 850 3181 nugas
910 3115 1164 3172 Mersaita
1232 3128 1492 3188 tanquam
1560 3131 1741 3176 certas
1774 3136 1839 3176 ac
1881 3121 2107 3177 stabiles

528 3179 892 3263 Ilusulnfauis
954 3224 1054 3279 pro
1103 3179 1369 3267 concione
1421 3213 1719 3283 garriebat,
1771 3214 1972 3285 quippe
2014 3179 2179 3285 quic

539 3301 834 3355 Mahometi
869 3304 1128 3359 vaticinia
1155 3315 1208 3360 et
1234 3306 1452 3362 llasulis
1473 3305 1768 3362 Maltometi
1796 3308 1963 3362 libros
1985 3324 2115 3378 pos-

527 3390 754 3445 sideret.
802 3392 866 3448 Et
893 3394 1007 3450 lucc
1063 3396 1151 3451 ille
1186 3406 1283 3463 ;at
1312 3400 1594 3469 copiarum
1625 3398 1818 3454 ductor
1853 3400 2114 3470 princeps

529 3483 999 3542 Musulntanorum
1037 3488 1268 3559 imperio
1297 3489 1531 3544 audiens
1559 3490 1844 3547 ordinibus
1859 3490 2116 3547 omnibus

529 3573 796 3643 praecipit,
825 3584 884 3630 ut
913 3591 1033 3631 sese
1060 3588 1275 3633 arment
1295 3586 1349 3633 et
1369 3590 1691 3650 apparatum
1723 3595 1939 3636 omnem
1961 3579 2120 3636 belli-

528 3686 544 3715 ι
566 3682 657 3721 utn
686 3667 938 3724 manibus
962 3678 1223 3725 tractent.
1238 3668 1435 3725 Subito
1452 3672 1624 3742 copia:
1642 3670 2115 3728 Musultnanorum

528 3771 585 3817 et
604 3760 844 3817 universi
866 3764 1141 3817 exercitus
1161 3762 1316 3831 iussa
1341 3774 1743 3834 exsequuntur,
1761 3773 1815 3819 et
1838 3779 2116 3819 armorum

529 3870 694 3915 omne
711 3870 883 3925 genus
905 3863 960 3910 et
980 3865 1276 3926 apparatus
1304 3856 1721 3926 copiosissimos
1747 3864 1803 3911 et
1829 3857 2120 3915 machinas

531 3948 726 4002 ordine
749 3949 1082 4018 disponunt:
1107 3948 1199 4003 alii
1217 3948 1394 4004 scalas
1415 3947 1689 4014 ferebant,
1706 3949 1886 4004 scalas
1913 3951 2119 4017 varias,

538 4030 789 4109 magnas,
818 4054 1037 4108 parvas,
1070 4040 1163 4094 alii
1193 4040 1435 4109 stipites,
1458 4040 1550 4094 alii
1584 4041 1787 4104 trabes,
1815 4041 1905 4095 alii
1938 4041 2120 4111 ignem

532 4150 657 4190 cum
690 4131 1013 4196 mazaladis,
1046 4132 1139 4186 alii
1158 4134 1456 4203 sclopetos,
1480 4133 1926 4187 aliiarmamenta
1946 4133 2121 4188 ferrea

534 4226 801 4295 ingentia,
821 4225 1004 4279 omnia
1045 4223 1190 4278 ferro
1216 4224 1709 4294 circutusepta,alii
1739 4225 2122 4293 plocotas,alii

535 4319 770 4389 pavetia,
831 4318 925 4372 alii
954 4316 1162 4374 ferreos
1177 4332 1348 4374 uncos
1374 4327 1607 4372 etomne
1637 4316 1886 4372 bellicum
1916 4317 2119 4372 instru-

536 4392 806 4483 mentum,
845 4419 1123 4464 armatura
1152 4408 1392 4478 undique
1420 4408 1616 4463 tnuniti
1644 4408 1826 4463 valida
1860 4417 1915 4463 et
1941 4407 2119 4463 terrea

532 4515 587 4577 ct
618 4501 932 4573 ingentibus
980 4501 1170 4572 galeis.
1224 4500 1453 4556 Militum
1506 4516 1771 4556 numerus
1802 4500 1855 4555 in
1906 4509 2115 4556 tantum
2151 4524 2195 4581 ι)

531 4605 803 4658 creverat,
832 4606 893 4650 ut
943 4595 1012 4650 ab
1068 4609 1177 4650 uno
1242 4603 1491 4651 extremo
1550 4604 1720 4664 porta
1760 4592 2005 4665 Chrysis;
2047 4594 2114 4651 ad

534 4692 681 4747 aliud
714 4688 1023 4761 Xyloporta:
1052 4689 1236 4743 omnia
1282 4696 1600 4758 occuparet.
1662 4687 1813 4743 Bello
1875 4687 2119 4759 prml‘ecti

532 4784 843 4839 Turcarum
891 4780 1191 4850 phalanges
1252 4779 1548 4834 ordinatim
1629 4793 1799 4849 prope
1851 4790 2116 4847 castrum,

534 4885 593 4945 ut
622 4875 1094 4945 pseudoproplteta
1116 4872 1448 4927 vaticinatus
1473 4870 1671 4935 fuerat,
1700 4871 2115 4940 disposuerunt.

536 4967 858 5037 Sagittarios
886 4966 1008 5021 illos
1053 4964 1481 5021 innumerabiles
1502 4971 1876 5033 praeceperunt
1923 4978 2116 5019 omnes

536 5057 697 5120 simul
730 5059 958 5126 sagittas
998 5056 1261 5125 ejaculari
1313 5070 1476 5124 supra
1537 5069 1778 5108 casuum
1807 5065 1859 5107 ct
1916 5068 2118 5123 pronu-

537 5151 787 5221 gnacttla,
833 5160 893 5204 ut
923 5151 1229 5204 vulneratis
1260 5150 1565 5219 occisisque
1597 5149 1879 5204 nonnullis
1898 5148 2119 5203 Graeco-

540 5260 685 5307 runt,
719 5245 811 5299 alii
844 5257 954 5314 pra.
984 5254 1129 5296 metu
1160 5243 1214 5298 in
1245 5243 1427 5313 fugam
1447 5258 1507 5298 se
1559 5250 1834 5297 verterent
1889 5250 1945 5298 et
1978 5255 2115 5296 mm-

538 5338 628 5393 nia
660 5338 1043 5395 destituerem.
1078 5334 1216 5391 Hinc
1265 5338 1498 5392 facultas
1547 5335 1657 5392 illis
1707 5334 1872 5390 fuerit
1924 5348 2119 5389 ascen-

536 5430 697 5487 dendi
727 5430 875 5485 nullo
924 5428 1254 5499 impediente
1304 5431 1608 5501 urbemque
1659 5427 1929 5499 capiendi.
1964 5426 2120 5481 Grae-

538 5540 728 5584 corum
759 5522 977 5579 interitu
1004 5522 1294 5576 multitudo
1330 5531 1683 5591 prospectans
1704 5505 1891 5575 bellica
1912 5519 2120 5575 Turca-

537 5633 656 5672 rum
691 5616 933 5671 facinora
964 5624 1018 5669 et
1059 5624 1376 5685 apparatus,
1435 5629 1644 5669 necnon
1697 5629 1764 5668 ex
1812 5610 2117 5666 innumeris

542 5710 860 5766 nationibus
890 5711 1164 5765 exercitus
1181 5706 1598 5768 abundantiam,
1617 5704 1972 5759 Tartarorutn
2013 5703 2115 5755 im-

544 5813 729 5873 petum
762 5811 818 5858 et
847 5801 1322 5864 Musulmanorum
1368 5798 1680 5871 audaciam,
1713 5803 1768 5851 ct
1790 5810 1909 5867 qua:
1938 5795 2106 5865 paulo

2214 1919 2411 1988 γέρους
2435 1919 2502 1972 νὰ.
2524 1918 2955 1988 παντρέψωμεν.
2988 1919 3086 1973 Μὰ
3120 1918 3219 1989 τὴν
3262 1920 3462 1973 πίστιν
3517 1936 3635 1988 μας
3682 1917 3809 1987 ait.

2214 2009 2335 2062 θεια
2373 2012 2402 2062 ὁ
2428 2012 2713 2079 προφήτης
2751 2028 2858 2079 μας
2907 2008 3039 2079 ἐτζη
3080 2009 3252 2078 λέγει.
3296 2028 3315 2062 ι
3388 2011 3595 2065 Ταῦτα
3626 2010 3683 2063 δὲ
3736 2010 3806 2072 ὡς

2216 2095 2408 2165 βέϐαια
2431 2098 2525 2152 καὶ
2561 2097 2977 2169 ὁμολογούμενα
3006 2100 3058 2152 οἱ
3089 2099 3314 2164 ἀσεσεϊς
3341 2101 3567 2171 είχασι,
3610 2102 3709 2156 καὶ
3726 2099 3815 2154 διὰ

2212 2187 2372 2240 τοῦτο
2401 2191 2491 2242 τὸν
2513 2189 2648 2243 Θεὸν
2672 2191 2828 2259 ἡμῶν
2872 2191 3139 2257 δνείδιζον
3178 2192 3401 2257 ἀσεϐῶς
3454 2193 3661 2249 ταῦτα.
3725 2192 3805 2255 Ὠς

2211 2280 2275 2349 δὴ
2308 2280 2546 2350 ἔφθασεν
2576 2283 2608 2353 ἡ
2637 2283 2821 2335 τελεία
2851 2284 3037 2354 ἡμέρα
3067 2283 3164 2338 τοῦ
3188 2284 3443 2355 πολέμου
3483 2287 3603 2339 τῶν
3643 2285 3807 2352 Toup-

2213 2391 2349 2439 κων,
2395 2374 2592 2429 ὁποίαν
2649 2374 2788 2444 παρ’
2837 2376 3116 2439 ἑκείνοιςὸ
3179 2378 3359 2447 μέγας
3424 2378 3803 2450 προεθέσπισε

2211 2464 2548 2537 Ἀίηρσαῖτης
2602 2465 2631 2519 ὁ
2684 2464 2975 2537 προφήτης
3028 2467 3282 2539 ἐκείνων,
3341 2464 3477 2526 είπε
3540 2471 3687 2540 πρὸς
3719 2472 3805 2523 τὸν

2214 2556 2563 2627 στρατάρχην
2586 2557 2681 2612 καὶ
2706 2557 2977 2629 δεσπότην
3008 2560 3119 2613 τῶν
3149 2560 3639 2630 Μουσουλμάνων·
3666 2581 3684 2613 ι
3717 2560 3800 2629 Μὴ

2213 2648 2447 2719 βράδυνε
2483 2650 2575 2703 ἐπὶ
2608 2650 2795 2717 πλέον,
2826 2651 2965 2706 ἀλλὰ
3003 2652 3218 2723 ταχέως
3247 2654 3349 2717 τὰς
3383 2656 3585 2721 τάξεις
3648 2653 3801 2719 τάξον

2211 2730 2660 2813 καθοπλισθῆναι,
2678 2746 2768 2797 καὶ
2783 2745 2893 2797 πᾶν
2914 2744 3367 2814 μηχανικώτατον
3384 2749 3486 2802 καὶ
3506 2744 3803 2818 πολεμικώ-

2209 2852 2373 2889 τατον
2409 2836 2573 2905 ἔργον
2596 2834 2815 2907 ἔχοντες
2835 2836 2893 2901 ἐξ
2913 2829 3157 2907 ἑτοίμου,
3178 2838 3273 2891 καὶ
3292 2838 3394 2892 σὺν
3413 2840 3638 2903 τούτοις
3659 2837 3799 2909 γενέ·-

2211 2931 2323 2982 σθω
2338 2930 2436 2998 τῆς
2451 2930 2660 2994 πόλεώς
2677 2945 2737 2983 τε
2760 2928 2985 3000 πλησίον
3015 2930 3140 2985 ὅσον
3157 2931 3314 2999 τόξου
3335 2932 3510 3004 βολὴν
3532 2936 3615 2997 είς
3636 2932 3698 2987 τὸ
3712 2931 3801 2984 κά-

2212 3037 2399 3090 στρον.
2423 3023 2529 3074 Καὶ
2552 3020 2718 3092 σύνθη
2729 3038 2836 3092 μαι
2858 3017 2981 3076 εἷπε
3002 3041 3021 3073 ι
3041 3024 3369 3094 προστάσσω
3389 3026 3797 3082 τοιόνδε.’οταν

2210 3108 2294 3177 ἐφ’
2330 3108 2499 3162 ἵππου
2542 3110 2752 3181 ὑψηλοῦ
2788 3129 2857 3183 με
2890 3114 3208 3183 καθήμενον
3243 3114 3576 3186 θεωρήσητε
3626 3115 3719 3169 καὶ
3746 3115 3799 3165 ἐν

2213 3200 2366 3272 δεξιᾴ
2402 3204 2470 3272 τῇ
2518 3203 2665 3273 χειρί
2700 3220 2805 3273 μου
2860 3205 3079 3274 σπάθην
3109 3207 3796 3279 γεγυμνωμένηνθεασητε

2215 3295 2312 3347 καὶ
2358 3294 2481 3363 τρὶς
2509 3295 2610 3365 τῆς
2646 3294 2834 3366 φωνῆς
2868 3313 2973 3365 μου
2996 3297 3294 3371 ἀκούσητε,
3331 3304 3479 3368 μετὰ
3530 3299 3664 3371 βοῆς
3709 3298 3799 3351 καὶ

2217 3387 2470 3458 κραυγῆς
2505 3388 2602 3442 καὶ
2635 3389 2816 3460 ὁρμῆς
2848 3392 2945 3444 καὶ
2974 3392 3188 3462 κρότων
3221 3392 3317 3446 καὶ
3356 3394 3619 3465 ὀργάνων
3662 3390 3797 3446 κατὰ
3841 3403 3854 3417 ·

2215 3480 2325 3533 τῶν
2360 3481 2651 3551 Ῥωμαίων
2678 3484 2985 3547 είσόάλετε.
3018 3488 3115 3541 καὶ
3140 3487 3474 3557 αὐτομάτως
3506 3489 3797 3544 πεσοῦνται

2215 3570 2282 3624 τὰ
2321 3572 2476 3643 τείχη
2500 3572 2598 3644 τῆς
2627 3574 2860 3643 πόλεως,
2885 3576 2977 3629 καὶ
3011 3578 3311 3641 ἀκωλύτως
3346 3581 3616 3646 γενέσθαι
3643 3579 3788 3640 ἐντὸς

2217 3666 2313 3717 καὶ
2333 3663 2538 3736 ταύτην
2568 3666 3045 3735 αἰχμαλωτίσατε.
3083 3688 3102 3722 ι
3132 3671 3244 3723 Καὶ
3289 3671 3504 3735 ταύτας
3552 3673 3655 3742 μὲν
3701 3670 3797 3730 τὰς

2218 3754 2546 3828 ληρολογίας
2575 3758 2603 3811 ὀ
2627 3759 2960 3830 Μηρσαίτης
2994 3760 3071 3823 ὡς
3103 3761 3332 3832 βεϐαίας
3359 3760 3653 3832 ὁμολογῶν
3683 3763 3793 3820 τοῖς

2218 3847 2673 3918 Μουσουλμάνοις
2709 3848 3046 3922 δημηγορῶν
3114 3853 3322 3921 ἔλεγεν.
3394 3855 3476 3919 ὡς
3520 3857 3659 3927 ἔχων
3703 3854 3792 3914 τὰς

2221 3940 2563 4014 προφητείας
2596 3943 2659 3996 ὲκ
2709 3941 2804 3997 τοῦ
2859 3944 3109 4013 Μωὰμεθ
3157 3949 3251 4000 καὶ
3298 3947 3533 4003 Ῥασοὺλ
3584 3949 3793 4015 Μαχου·

2223 4026 2362 4105 μέτη
2388 4036 2485 4099 τὰς
2511 4036 2750 4106 βίϐλους.
2777 4039 2889 4092 Καὶ
2921 4040 3084 4103 αὐτὸς
3122 4042 3221 4111 μὲν
3255 4038 3377 4097 εἷπε
3409 4044 3612 4098 ταῦτα’
3666 4046 3693 4097 ὁ
3739 4038 3793 4093 δὲ

2223 4127 2575 4196 στρατάρχης
2604 4128 2701 4181 καὶ
2718 4128 2989 4201 δεσπότης
3013 4132 3122 4184 τῶν
3161 4130 3425 4204 Τούριιων
3477 4137 3539 4190 τὸ
3604 4133 3790 4187 κελευ-

2225 4217 2353 4273 σθὲν
2390 4218 2755 4289 ἐκπληρώσας
2791 4220 3223 4292 καὶ-προστάξας
3261 4226 3361 4290 τὰς
3398 4226 3587 4291 τάξεις
3653 4223 3791 4279 ἁπά-

2223 4329 2319 4377 σας
2340 4313 2795 4384 καθοπλισθῆναι,
2826 4318 2919 4369 καὶ
2949 4317 3135 4370 πᾶσαν
3164 4319 3263 4389 τὴν
3293 4319 3658 4390 παρασκευὴν
3697 4314 3788 4369 τοῦ

2221 4405 2461 4475 πολέμου
2484 4405 2744 4475 φέροντες
2762 4408 2867 4461 ἀνὰ
2900 4412 3110 4479 χεῖρας,
3151 4410 3315 4474 εὐθὺς
3346 4413 3417 4464 τὰ
3471 4412 3654 4481 πλήθη
3688 4407 3790 4460 τῶν

2223 4497 2666 4567 Μουσουλμάνων
2684 4503 2777 4553 καὶ
2800 4500 2869 4553 τὰ
2900 4499 3285 4572 στρατεύματα
3321 4504 3499 4556 πάντα
3532 4504 3592 4555 τὸ
3624 4516 3787 4571 προσ·

2220 4588 2423 4659 ταχθὲν
2482 4591 2858 4660 ἐκπληροῦσι,
2938 4592 3035 4645 καὶ
3084 4594 3152 4661 μὲ
3214 4594 3353 4647 ὅπλα
3400 4596 3631 4649 παντοῖα
3698 4589 3787 4642 καὶ

2222 4680 2580 4749 παρασκευὰς
2632 4683 2731 4743 τὰς
2769 4680 3038 4752 μεγίστας
3097 4683 3190 4735 καὶ
3237 4683 3305 4735 τὰ
3372 4682 3788 4755 μηχανικώτατα

2221 4768 2360 4841 ἔργα
2413 4772 2730 4841 ὲσράπαξαν
2776 4774 2918 4827 κατὰ
2961 4772 3135 4838 τάξιν.
3186 4775 3295 4828 Καὶ
3356 4776 3407 4829 οί
3461 4778 3561 4844 μὲν
3592 4774 3787 4829 σκὰλαὶ

2222 4862 2439 4933 ἔφερον,
2472 4865 2567 4916 καὶ
2605 4862 2812 4926 σκάλας
2852 4865 3134 4928 παντοίας.
3167 4867 3371 4937 μικρὰς
3398 4868 3492 4921 καὶ
3523 4863 3780 4934 μεγάλας,

2222 4953 2371 5008 ἄλλοι
2389 4953 2445 5006 δὲ
2476 4952 2725 5021 τζόκους,
2764 4956 2861 5007 καί⁵
2886 4954 3068 5026 ἕτεροι
3102 4959 3326 5023 συστὰς,
3359 4959 3455 5013 καὶ
3494 4958 3644 5012 ἄλλοι
3679 4952 3783 5018 πῦρ

2225 5045 2365 5114 μετὰ
2400 5044 2753 5114 μαζαλάδων,
2782 5045 2960 5115 ἕτεροι
2981 5048 3036 5101 δὲ
3062 5048 3373 5113 σκλὼπους,
3403 5050 3557 5104 ἄλλοι
3604 5048 3657 5100 δὲ
3700 5061 3779 5095 σι·

2221 5137 2364 5207 δηρᾶ
2392 5136 2614 5207 μάχιμα
2648 5136 2790 5190 ὅπλα
2845 5138 3245 5211 δρεπανηφόρα
3306 5143 3446 5212 μετὰ
3487 5136 3781 5207 κονταρίων

2222 5230 2485 5300 μακρέων
2540 5229 2609 5283 τὰ
2675 5231 3128 5303 ἐπονομαζόμενα
3182 5235 3440 5303 φάλκας,
3493 5236 3666 5304 ἕτεροι
3724 5227 3778 5279 δὲ

2224 5327 2526 5395 σκουτάρια
2566 5325 2764 5397 στερεὰ
2799 5327 2893 5379 καὶ
2946 5326 3183 5395 μεγάλα,
3216 5327 3405 5381 καὶτὰ
3436 5327 3613 5380 πάντα
3651 5318 3782 5391 μετᾶ

2224 5416 2486 5486 σιδήριον,
2513 5415 2612 5469 καὶ
2642 5415 2912 5480 πλοκοτὰς
2950 5417 3007 5470 δὲ
3046 5418 3221 5482 ἄλλοι,
3251 5417 3347 5471 καὶ
3383 5415 3647 5479 παόἐτζια
3696 5408 3783 5464 ἄλ-

2219 5508 2329 5574 λοι,
2365 5508 2515 5561 ἄλλοι
2550 5506 2607 5561 δὲ
2636 5507 2887 5579 ὰγγύρας
2929 5509 3210 5580 σιδηρέας,
3248 5510 3343 5563 καὶ
3386 5508 3518 5563 ἄλλο
3562 5504 3779 5570 πολεμιδ

2223 5602 2319 5654 κὸν
2374 5601 2536 5672 ἔργον
2586 5600 2785 5672 ἔφερον
2839 5602 2942 5655 ἀνα
2987 5606 3201 5673 χεῖρας.
3266 5603 3375 5655 Καὶ
3413 5602 3777 5667 κατάφρακτοι

2225 5700 2427 5760 πάντες
2456 5694 2596 5764 μετὰ
2626 5693 2856 5764 ἰσχυρᾶς
2908 5694 3003 5746 καὶ
3040 5694 3268 5765 σιδηρᾶς
3330 5693 3631 5751 πανοπλίας
3692 5682 3778 5734 καὶ

2223 5780 2657 5859 περικεφαλαίας
2690 5788 2979 5857 μεγίστας.
3019 5789 3128 5842 Καὶ
3164 5787 3417 5844 τοσοῦτον
3452 5785 3656 5854 ὑπῆρχε
3687 5773 3777 5844 ﬁl;
