4080 6592
329 450 408 516 ’13
918 406 934 422 Ι
1314 457 1708 520 NARRA'IIU
1754 455 1852 517 DE
1881 456 1941 515 Cl

2048 456 2096 515 .1
2141 428 2620 518 OPPUGNATA.
2938 443 2952 451 ’
3541 455 3612 517 ἰι

333 572 604 638 στρατιᾶς
646 572 861 644 ἐκείνης
894 576 959 629 τὸ
994 575 1195 646 πλῆθος
1227 576 1312 628 ὅτι
1363 575 1472 630 ἀπὸ
1515 575 1576 630 τὸ
1631 575 1690 626 ἓν
1754 575 1924 644 ἄκρον

2048 586 2156 632 inte
2189 576 2308 632 ausi
2341 574 2578 639 fuerant,
2609 588 2731 628 cum
2766 572 2905 629 inter
2963 573 3115 631 urbis
3163 575 3340 631 fossas
3391 573 3614 631 Graacos

334 658 440 727 τῆς
474 659 684 716 πόλεως
718 661 818 730 τῆς
863 663 1111 733 Χρυσίας
1168 663 1296 734 ἄχρι
1357 665 1449 716 καὶ
1507 665 1568 717 τὸ
1628 665 1816 732 ἕτερον
1867 662 1925 713 τὸ

334 748 515 810 ἄκρον
551 751 648 818 τῆς
672 749 1022 824 Ξυλοπόρτης
1054 756 1297 825 ἐκράτει.
1327 757 1389 808 Ui
1413 757 1468 809 δὲ
1503 755 1802 825 στρατηγοὶ
1830 752 1924 806 τοῦ

337 843 600 908 φωσάτου
626 845 724 908 τὰς
746 848 1036 913 συντάξεις
1063 849 1171 902 τῶν
1212 848 1474 916 Τούρκων
1506 849 1747 917 ἔστησαν
1783 846 1925 902 κατὰ

317 933 504 1034 ἢἰεςίιξιν
534 935 758 1003 πλησίον
783 938 877 990 τοῦ
923 939 1187 1009 κάστρου,
1223 940 1298 1003 ὡς
1345 939 1635 994 ἐθέσπισεν
1671 943 1700 992 ὁ
1737 938 1929 1007 ψευδο-

340 1028 660 1094 προφήτης.
687 1028 825 1092 Τοὺς
871 1029 928 1081 δὲ
968 1031 1188 1095 τοξότας
1225 1033 1468 1094 ἐκείνους
1517 1034 1644 1094 τοὺς
1709 1029 1931 1096 ἀναριθ-

345 1121 560 1188 μήτους
593 1121 705 1173 τῶν
744 1123 1014 1192 Τούρκων
1058 1125 1352 1179 ἐκέλευσαν
1401 1127 1612 1187 πάντας
1659 1122 1797 1193 ὁμοῦ
1844 1140 1932 1176 το-

338 1211 529 1274 ξεύειν
569 1213 754 1265 ἐπάνω
788 1213 882 1266 τοῦ
917 1215 1161 1284 κάστρου
1203 1217 1300 1268 καὶ
1330 1216 1441 1268 τῶν
1494 1213 1926 1284 προμαχιονίων,

338 1302 420 1364 ὡς
449 1304 534 1354 ἶνα
559 1303 838 1357 λαῦὡσουν
865 1307 955 1358 καὶ
987 1308 1285 1373 φονεύσουν
1305 1310 1453 1370 τινὰς
1478 1307 1586 1359 τῶν
1616 1306 1927 1372 Ῥωμαίων,

339 1396 442 1446 καὶ
483 1395 802 1463 φοϐηθῶσιν
843 1397 893 1448 οἱ
927 1398 1078 1451 ἄλλοι
1116 1401 1212 1452 καὶ
1263 1400 1515 1467 φύγωσιν
1575 1401 1639 1450 ἐκ
1680 1397 1775 1450 τοῦ
1823 1395 1933 1448 τείο

338 1504 502 1556 χους,
525 1488 624 1540 καὶ
656 1489 765 1541 ἀπὸ
795 1491 989 1542 τούτου
1013 1491 1201 1545 ἄδειαν
1241 1491 1440 1560 εῦρουν
1459 1492 1553 1543 καὶ
1583 1490 1858 1543 ἀναϐῶσιν
1882 1489 1931 1539 oi

339 1579 773 1650 Μόυσουλμάνοι
825 1584 1012 1636 ἐπάνω
1067 1585 1508 1652 ἀνεμποδίστως,
1561 1584 1657 1637 καὶ
1718 1584 1934 1653 κρατη-

340 1674 609 1739 σωσιτὴν
641 1674 814 1726 πόλιν.
885 1675 946 1727 Ὀ
991 1675 1046 1728 δὲ
1092 1677 1218 1739 λαὸς
1279 1677 1386 1729 τῶν
1454 1677 1742 1746 Ῥωμαίων
1791 1680 1934 1748 ὁρῶν

341 1764 416 1816 τὰ
450 1760 733 1833 πολεμεκὰ
766 1767 862 1818 καὶ
885 1769 1104 1836 μάχιμα
1154 1770 1293 1838 ἔργα
1341 1770 1450 1823 τῶν
1507 1770 1791 1839 Τούρκων,
1839 1773 1936 1825 καὶ

344 1856 450 1923 τὴν
485 1854 804 1926 πλησμονὴν
835 1858 930 1910 τοῦ
966 1859 1222 1926 φωσάτου
1253 1860 1458 1927 γενεῶν
1514 1859 1621 1912 τῶν
1661 1861 1931 1930 ἀπείρων,

2035 667 2364 722 occidissent
2415 677 2470 722 et
2501 675 2627 720 ante
2701 673 2884 733 portas
2939 665 3101 732 alios,
3173 681 3369 736 magno
3423 665 3618 720 timore

2037 756 2260 823 arrepti,
2295 756 2495 824 potiori
2553 771 2618 811 ex
2658 763 2812 825 parte
2861 754 3042 826 fugam
3076 755 3617 827 praemeditabantur.

2035 846 2089 906 Ο
2126 857 2500 920 tempestatem
2542 850 2686 904 illam
2746 850 3190 905 amarissimam!
3225 849 3268 905 Ο
3326 865 3617 904 uimrorem

2037 941 2439 997 intolerabilem
2474 943 2488 994 l
2525 940 2569 995 O
2624 942 2916 995 maximam
2966 941 3408 1011 desperationem
3441 943 3454 996 l
3487 941 3623 1008 Quis

2037 1034 2126 1088 die
2165 1033 2255 1087 illo
2283 1047 2388 1086 non
2431 1031 2688 1086 horruit?
2739 1033 2872 1100 Quis
2926 1048 3037 1086 non
3098 1033 3323 1087 tremuit
3348 1047 3410 1086 ca
3465 1031 3622 1095 bora,

2037 1125 2230 1180 videns
2261 1123 2479 1180 Graecos
2508 1133 2660 1178 tanto
2705 1124 2896 1178 timore
2947 1139 3265 1188 concussos,
3317 1123 3625 1178 Musulma-

2040 1232 2144 1271 nos
2182 1224 2330 1270 tanta
2361 1216 2688 1270 confidentia
2727 1217 3086 1286 praemunitos
3125 1215 3241 1271 ?Et
3290 1217 3438 1286 quis,
3500 1217 3627 1270 licet

2040 1308 2464 1376 imperterritus,
2497 1323 2608 1361 non
2637 1309 2855 1378 expavit
2887 1308 2908 1361 ?
2954 1308 3114 1374 Quis,
3151 1307 3276 1364 licet
3305 1323 3624 1379 generosus,

2042 1414 2152 1450 non
2182 1399 2469 1452 exhorruit
2491 1397 2514 1450 ?
2537 1397 2655 1452 Non
2688 1409 2940 1462 mortem,
2968 1398 3212 1469 inquam,
3247 1414 3368 1467 quae
3395 1407 3628 1453 natura-

2043 1489 2111 1544 lis
2130 1499 2238 1553 est,
2263 1489 2356 1544 sed
2387 1504 2597 1559 magna
2647 1491 2872 1560 hujusce
2899 1492 3051 1545 urbis
3105 1491 3405 1554 excidium,
3468 1506 3630 1559 gene-

2042 1583 2118 1636 ris
2153 1585 2496 1648 servitutem,
2529 1583 2822 1638 mulierum
2888 1584 3398 1648 debonestamenta,
3445 1593 3630 1637 casta-

2042 1691 2164 1728 rum
2196 1675 2542 1743 violationes,
2579 1693 2878 1747 puerorum
2932 1677 3438 1739 cirrumcisioncm,
3491 1685 3630 1728 tem-

1993 1820 2000 1824 .
2043 1768 2259 1835 piorum
2312 1769 2550 1832 ruinam,
2597 1778 2914 1824 sanctarum
2978 1768 3278 1838 imaginum
3320 1767 3628 1828 irrisioues,

2045 1859 2268 1912 maximi
2297 1857 2393 1913 Dei
2435 1858 2773 1929 Sapientiam
2802 1859 2868 1912 ad
2905 1857 3213 1912 Mahometi.
3252 1857 3490 1923 laudem,
3521 1855 3633 1910 dac-

351 1951 455 2002 καὶ
481 1951 578 2018 τὴν
615 1951 794 2019 ὁρμὴν
815 1951 921 2004 τῶν
950 1953 1254 2024 Ταρτάρων
1287 1955 1383 2008 καὶ
1427 1953 1537 2007 τῶν
1570 1929 1939 2024 Μουσουλμά-

2048 1965 2270 2004 monum
2314 1950 2500 2005 sedem
2521 1959 2576 2006 et
2630 1949 2923 2020 profanum
2980 1949 3200 2006 Rasulis
3233 1958 3286 2003 et
3331 1947 3628 2003 Matiometi

355 2058 468 2094 νων
497 2043 592 2112 τὴν
615 2043 848 2112 τόλμην,
873 2044 1053 2098 καὶτὰ
1079 2045 1188 2114 πρὸ
1223 2045 1408 2113 ὀλίγου
1459 2047 1799 2115 πραχθέντα,
1856 2048 1938 2100 ὅτι

364 2131 512 2192 ἐντὸς
539 2133 615 2195 είς
643 2134 744 2194 τὰς
789 2133 980 2195 σούδας
1013 2134 1346 2188 ἀπέκτειναν
1391 2137 1440 2188 oi
1492 2133 1730 2206 Τοῦρκοι
1806 2136 1940 2190 Ῥω-

369 2226 557 2292 μαίους
583 2229 676 2280 καὶ
707 2227 902 2292 ἄλλους
932 2229 1246 2300 ἔμπροσθεν
1274 2233 1352 2294 είς
1377 2231 1739 2300 τὰς-πόρτας,
1795 2235 1936 2288 ἐδει-

356 2318 547 2370 λίασαν
582 2321 755 2386 μέγα,
789 2321 883 2374 καὶ
918 2322 1105 2392 σχεδὸν
1153 2323 1289 2392 πρὸς
1331 2327 1512 2394 φυγὴν
1568 2325 1617 2376 oi
1690 2324 1939 2386 πλείονες

351 2409 654 2479 ἐθεώρουν.
689 2411 752 2462 Ὦ
769 2410 919 2480 ὧρας
948 2413 1050 2481 τῆς
1083 2414 1420 2484 πικροτάτης
1457 2416 1698 2482 ἐκείνης,
1755 2415 1800 2468 ὢ
1845 2417 1938 2468 λύ-

351 2515 463 2569 πης
494 2501 592 2568 τῆς
619 2503 917 2571 ἀφορήτου,
945 2503 992 2555 ὦ
1023 2503 1358 2568 ἁπελπισίας
1393 2507 1662 2576 μεγίστης
1684 2507 1696 2560 !
1721 2507 1814 2571 Τίς
1839 2507 1938 2559 οὐκ

347 2592 545 2660 ἔφριξε
580 2594 680 2659 τὴν
703 2596 916 2663 ἡμέραν
941 2597 1159 2666 ἐκείνην
1183 2612 1199 2661 ;
1226 2596 1310 2659 τίς
1357 2600 1458 2651 ούκ
1512 2600 1781 2670 ἐτρόμαξε
1840 2600 1938 2670 τὴν

343 2684 511 2752 ὥραν
551 2685 764 2754 ταύτην
797 2685 940 2754 ὁρῶν
976 2687 1104 2748 τοὺς
1163 2689 1475 2757 Ῥωμαίους
1523 2691 1604 2751 είς
1662 2689 1936 2758 τοσαύτην

343 2777 564 2829 δειλίαν
595 2780 691 2828 καὶ
718 2779 843 2837 τοὺς
873 2778 1341 2846 Μουσουλμάνους
1377 2783 1460 2844 είς
1495 2781 1695 2852 θάρσος
1745 2782 1938 2835 τοσοῦ-

345 2886 478 2933 τον;
510 2869 620 2919 Καὶ
641 2869 720 2931 τίς
765 2869 872 2920 τῶν
904 2871 1346 2940 ἁκαταπλήκτων
1373 2874 1492 2925 τότε
1519 2874 1578 2924 οὑ
1613 2873 1940 2943 κατεπλήγη

346 2959 450 3012 καὶ
512 2961 615 3012 τῶν
650 2961 916 3031 ἀνδρείων
948 2963 1049 3014 οὑκ
1085 2963 1354 3032 ἐφοϐήθη,
1383 2965 1505 3032 οὐχὶ
1555 2966 1647 3018 τὸν
1709 2965 1938 3020 θάνατον

288 3121 298 3130 ἢ
345 3052 524 3118 λέγω,
554 3054 786 3121 φυσικὸς
817 3054 926 3123 γὰρ
947 3055 1205 3124 ὑπάρχει,
1225 3055 1362 3109 ἀλλὰ
1389 3058 1490 3124 τῆς
1519 3059 1938 3128 μεγαλοπόλεως

347 3143 563 3212 ταύτης
598 3145 702 3213 τὴν
737 3144 941 3197 ἅλωσιν
980 3145 1076 3200 καὶ
1108 3146 1206 3216 τὴν
1256 3149 1638 3217 αἰχμαλωσίαν
1695 3151 1792 3204 τοῦ
1848 3151 1938 3220 γέ-

2041 2042 2252 2097 cultum
2276 2041 2604 2097 destinatam
2638 2059 2654 2108 ;
2688 2043 2834 2112 quod
2869 2057 2996 2097 vero
3035 2040 3192 2112 pejus
3224 2048 3280 2096 et
3308 2040 3481 2111 magis
3529 2053 3630 2093 no-

2041 2135 2216 2199 xium,
2267 2143 2322 2188 et
2382 2135 2618 2203 pessima
2689 2142 2868 2190 morte
2942 2133 3174 2188 infinitis
3226 2130 3627 2202 propemodum

2041 2226 2224 2282 modis
2269 2226 2690 2291 exsecrabilius,
2717 2225 2821 2296 pia:
2858 2224 3298 2280 Christianorum
3359 2221 3484 2278 fidei
3513 2223 3631 2276 rui-

2041 2335 2167 2372 nam
2194 2330 2358 2388 atque
2402 2318 2838 2373 immutationem
2862 2317 2917 2370 in
2961 2315 3439 2371 Musulmanorum
3499 2313 3633 2369 reli-

2039 2413 2259 2481 gionem
2290 2419 2345 2464 et
2409 2409 2702 2465 Mahometi
2778 2409 3275 2465 circumcisionem.
3303 2405 3347 2461 Ο
3392 2405 3633 2460 maxime

2040 2501 2188 2555 illam
2220 2499 2407 2554 boram
2439 2499 2829 2569 deplorandam
2861 2499 2875 2553 ί
2908 2496 2952 2553 0
2982 2498 3278 2566 procellam
3309 2495 3634 2552 ineluctabi-

2042 2591 2145 2648 lem
2173 2591 2186 2644 l
2220 2589 2354 2656 Quis
2395 2590 2692 2661 ejulatibus
2718 2589 3050 2658 nostrispion
3079 2587 3474 2658 illacrymavit?
3499 2586 3633 2651 Quae

2043 2684 2195 2739 auris
2215 2683 2557 2740 auditionem
2587 2681 2839 2748 sufferre,
2863 2681 2985 2749 quis
3003 2681 3199 2735 oculus
3221 2688 3506 2750 aspectum
3535 2694 3635 2747 po-

2042 2777 2145 2830 tuit
2170 2775 2273 2829 ?In
2305 2783 2385 2829 tot
2411 2774 2555 2829 enim
2603 2782 2656 2828 et
2683 2771 2848 2827 tantis
2876 2769 3194 2824 infortuniis
3221 2769 3403 2822 nullus
3434 2765 3634 2831 adfuit,

2042 2868 2136 2939 qui
2152 2866 2438 2937 a‘djuvaret
2459 2865 2832 2922 autexcitaret
2859 2876 2951 2919 aut
2969 2865 3374 2926 cohortaretur,
3390 2861 3637 2933 quamle-

2041 2962 2264 3033 quidem
2289 2975 2431 3014 unus
2449 2973 2518 3013 ex
2541 2957 2966 3028 imperatoribus
2985 2956 3034 3008 vi
3061 2955 3237 3010 morbi
3262 2967 3560 3024 oppressus
3581 2959 3637 3003 et

2041 3063 2323 3110 senectute
2337 3053 2621 3108 confectus
2641 3065 2819 3120 neque
2834 3065 2986 3104 arma
3007 3064 3222 3104 sumere
3238 3061 3416 3116 neque
3432 3059 3637 3115 equum

2045 3147 2342 3204 ascendere
2377 3154 2612 3216 poterat,
2659 3143 2756 3198 sed
2794 3144 2936 3196 intra
2977 3143 3238 3212 palatium
3269 3140 3435 3194 vitam
3465 3152 3640 3208 agens

352 3252 506 3298 νους,
534 3237 642 3289 τῶν
694 3239 976 3305 γυναικῶν
1027 3240 1124 3303 τὰς
1180 3242 1429 3311 ἀτιμίας,
1468 3244 1576 3296 τῶν
1641 3247 1936 3316 σωφρόνων

2048 3257 2144 3310 pro
2178 3239 2385 3292 viribus
2411 3252 2524 3291 rem
2582 3236 2825 3305 gerebat,
2864 3234 3004 3288 alius
3049 3243 3296 3286 armatus
3334 3245 3479 3300 equo
3508 3244 3644 3283 con--

351 3326 457 3389 τὰς
481 3329 892 3396 αἰσχρουργίας,
929 3330 1027 3400 τὴν
1058 3332 1363 3403 περιτομὴν
1393 3335 1484 3385 τὸν
1515 3333 1759 3404 βρεφῶν,
1818 3337 1924 3388 τῶν

2034 3346 2232 3393 scenso
2249 3338 2404 3400 porta
2427 3327 2603 3385 sancti
2629 3327 2859 3382 Romani
2883 3325 3015 3380 exiit
3037 3339 3311 3395 propeque
3330 3339 3451 3379 eam
3467 3321 3640 3390 stetit.

353 3413 961 3486 ναῶντὴνὰπώλειαν,
994 3423 1104 3477 τῶν
1135 3427 1310 3493 ἁγίων
1366 3426 1590 3480 εἰκόνων
1641 3431 1768 3491 τοὺς
1833 3427 2216 3502 ἐμπαιγμοὺς.
2282 3423 2375 3477 τοῦ
2454 3422 2716 3493 μεγίστου
2782 3420 2921 3474 Θεοῦ
2994 3420 3094 3490 τὴν
3140 3421 3335 3490 σοφίαν
3387 3419 3641 3490 ὑμνητή·

359 3531 480 3580 ριον
507 3516 604 3566 τοῦ
637 3515 884 3584 Μωάμεθ
919 3518 1014 3568 καὶ
1049 3520 1476 3589 κατοικητήριον
1516 3519 1626 3573 τῶν
1661 3521 1940 3590 δαιμόνων
2012 3528 2106 3580 καὶ
2174 3520 2482 3594 μασγήδιον
2540 3519 3017 3584 ἀποκαταστῆσαι
3079 3516 3175 3570 τοῦ
3244 3516 3476 3570 Ῥασουλ
3542 3516 3641 3569 καὶ

357 3609 639 3677 Μωάμεθ.
669 3609 740 3659 Τὸ
773 3608 829 3660 δὲ
869 3613 1052 3678 χεῖρον
1092 3612 1188 3662 καὶ⁵
1255 3611 1522 3682 βλαῦερὺν
1583 3615 1678 3666 καὶ
1753 3617 2155 3685 μυριοπλάσιον
2195 3614 2288 3668 τοῦ
2317 3611 2582 3665 κακίστου
2622 3609 2858 3662 θανάτου
2911 3610 3174 3663 κάκιστον
3229 3613 3294 3680 τῇ
3353 3609 3641 3678 μεταθέσει

356 3702 458 3755 καὶ
496 3700 744 3769 ἀπωλείᾳ
773 3701 876 3770 τῆς
906 3702 1165 3764 εὐσεϐοῦς
1199 3704 1436 3768 πίστεως
1463 3703 1572 3756 τῶν
1599 3707 1945 3778 Χριστιανῶν
1986 3711 2124 3778 πρὸς
2166 3709 2277 3761 τῶν
2306 3703 2757 3773 Μουσουλμάνων
2825 3702 2886 3755 τὸ
2957 3703 3129 3765 σέϐας
3189 3704 3286 3755 καὶ
3332 3703 3431 3771 τὴν
3484 3718 3643 3772 περι-

355 3794 538 3863 τομὴν
567 3792 660 3846 τοῦ
701 3792 973 3862 Μωάμεθ.
1021 3793 1083 3844 Ὢ
1133 3793 1336 3863 θρήνου
1398 3797 1659 3865 μεγιστου
1716 3799 1868 3862 ἄξιος
1909 3801 1942 3870 ἡ
1985 3800 2104 3870 ὥρα
2178 3799 2384 3867 ἐκείνη,
2417 3796 2462 3849 ὦ
2508 3795 2806 3865 τρικυμίας
2863 3793 3284 3862 ἀκατασχέτουι
3338 3795 3435 3854 Τίς
3485 3794 3642 3864 ἡμῶν

354 3886 460 3948 τὰς
490 3889 741 3951 οίαωγὰς
771 3885 832 3938 ού
877 3886 1248 3956 συνεπένθησε
1272 3887 1393 3939 τότε
1429 3890 1556 3951 ςτίς
1609 3889 1748 3960 ἀκοὴ
1786 3891 1945 3960 φέρει
1983 3892 2044 3944 τὸ
2079 3891 2356 3959 ἄκουσμα.
2391 3888 2520 3940 ποία
2543 3886 2666 3955 ὄψις
2690 3887 2750 3938 τὸ
2791 3887 3013 3955 ⁴θέαμα;
3063 3886 3170 3938 Καὶ
3216 3886 3324 3955 γὰρ
3391 3889 3473 3948 είς
3540 3887 3643 3949 τὰς

357 3981 629 4039 τοσαύτας
661 3979 757 4030 καὶ
783 3978 1116 4048 τηλικαύτας
1141 3980 1384 4045 άνάγκας
1404 3981 1595 4034 οὐδένα
1618 3981 1964 4054 βοηθοῦνταῆ
1993 3985 2261 4054 διεγεῖραι
2282 3982 2622 4054 παροτρῦναι
2655 3981 2814 4050 ἡμεῖς
2841 3979 3083 4049 εἴχομεν,
3109 3979 3232 4032 ἐπεὶ
3258 3981 3286 4032 ὁ
3314 3979 3413 4048 μὲν
3436 3975 3514 4043 εἷς
3539 3979 3642 4050 βα-

363 4074 555 4136 σιλεὺς
583 4073 1068 4143 κατατρυχόμενος
1099 4074 1349 4144 ὑπῆρχεν
1384 4077 1449 4129 ἐκ
1505 4077 1666 4130 νόσου
1710 4079 1804 4130 καὶ
1855 4082 2082 4150 γήρους,
2139 4053 2235 4134 καὶ
2297 4053 2533 4148 ἡδύνατο
2595 4075 2922 4144 δπλισθῆναι
2995 4076 3028 4145 ἢ
3091 4074 3362 4145 ἀναϐῆναι
3414 4077 3501 4144 ἐφ’
3553 4076 3645 4128 ἴπ-

366 4180 496 4230 ςτου,
539 4165 677 4217 ἀλλά
718 4163 871 4228 ἐντὸς
902 4165 998 4218 τοῦ
1052 4167 1322 4220 παλατίου
1373 4163 1694 4238 εὑρίσκετον
1733 4172 1829 4224 καὶ
1893 4173 1952 4224 τὸ
1991 4173 2137 4226 κατὰ
2172 4171 2405 4240 δύναμιν
2441 4171 2737 4241 ἔπραττεν.
2785 4169 2845 4220 '0
2877 4167 2922 4220 δ’
2983 4167 3140 4230 ἄλλος
3187 4167 3357 4238 άνέση
3418 4169 3509 4240 ἐφ’
3547 4171 3641 4225 ῐπ-

362 4271 474 4306 που
509 4253 961 4324 καθωπλισμένος
999 4255 1075 4320 ὡς
1098 4255 1228 4320 ἔδει,
1257 4258 1352 4311 καὶ
1382 4259 1481 4328 τὴν
1529 4260 1706 4331 πύλην
1757 4262 1951 4332 ἐξῆλθε

370 4353 605 4423 πόρτης.

452 4445 544 4506 Ὧς
576 4445 633 4495 δὲ
660 4441 894 4510 ἔφθασεν
921 4446 955 4514 ἡ
991 4443 1110 4514 ῶρα
1138 4447 1302 4522 ὁποία
1334 4449 1400 4516 ἢν
1445 4450 1474 4500 ὁ
1509 4449 1668 4514 ἄθεος
1723 4452 1952 4520 ἀνέμενε

368 4529 746 4604 Μηρσαῐιηέ,
804 4536 1032 4604 ῆγουνή
1095 4536 1197 4605 μία
1256 4538 1516 4602 ἐκάζοθεν
1551 4543 1614 4593 ἐκ
1673 4543 1733 4594 τὸ
1785 4545 1952 4612 μέσον

2041 4261 2326 4334 Ῥωμανοῦ
2395 4261 2491 4314 τοῦ
2519 4261 2702 4330 ἁγίου,
2735 4261 2830 4314 καὶ
2858 4261 2989 4333 ἐστη
3024 4261 3206 4315 ἐκεῖσε
3260 4260 3490 4333 πλησίον
3539 4263 3641 4333 τῆς

2137 4445 2238 4502 Ubi
2265 4446 2495 4501 accessit
2515 4444 2645 4500 liora
2680 4460 2842 4513 quam
2878 4445 3076 4513 impius
3104 4445 3454 4514 exspectabat
3493 4443 3640 4499 Mer-

2063 4541 2222 4601 saita,
2257 4556 2376 4607 qum
2421 4548 2540 4592 erat
2572 4553 2678 4592 una
2711 4547 2832 4606 post
2864 4536 3171 4599 meridiem,
3211 4553 3413 4606 equum
3471 4537 3638 4592 alium

367 4631 610 4697 ἡμέρας,
655 4629 857 4698 ἀνέδην
916 4628 1001 4694 ἐφ’
1051 4629 1220 4682 ἵππου
1279 4631 1484 4702 ὑψηλοῦ
1550 4636 1644 4687 καὶ
1690 4636 1941 4706 μεγάλου

2062 4634 2449 4701 ingentemque
2487 4629 2736 4684 ascendit
2770 4647 2785 4696 ;
2815 4639 2868 4682 et
2904 4645 3027 4684 cum
3081 4643 3149 4684 eo
3185 4629 3469 4700 quingenti
3502 4646 3642 4698 quos

366 4725 466 4772 καὶ
496 4724 543 4772 oi
579 4723 707 4791 περὶ
734 4723 947 4774 ἐκεῖνον
997 4723 1346 4775 πεντακόσιοι
1405 4726 1598 4794 ἄνδρες
1641 4729 1766 4790 τοὺς
1826 4728 1952 4797 ἐφε-

306 4881 311 4885 .
380 4829 475 4882 ρεν
531 4813 1106 4883 Τουρκοκαλογέρους,
1152 4813 1226 4876 ὡς
1293 4816 1379 4868 ἵνα
1424 4815 1623 4885 ἔχωσιν
1651 4812 1952 4890 οῦτοικέρο

367 4905 462 4963 6ος
502 4903 593 4954 καὶ
621 4903 854 4971 κοῦρσος
877 4909 977 4966 τὰς
1031 4905 1375 4973 καλογραίας
1415 4907 1511 4975 τῆς
1557 4907 1785 4973 πόλεως,
1830 4912 1954 4962 ἁνε-

368 4996 586 5062 6ὁησαν
621 4993 790 5061 ῦμνον
819 4998 884 5064 τῇ
919 4998 1165 5064 Περσικῇ
1197 4997 1464 5067 διαλέκτῳ
1492 5001 1626 5066 προς
1654 5001 1745 5052 τὸν
1791 5002 1956 5055 Mani-

373 5087 480 5153 μεθ
518 5087 610 5138 καὶ
640 5087 916 5155 εὐφημίας
951 5088 1084 5154 πρὸς
1113 5089 1466 5159 ινῐηρσαῖτην.
1486 5092 1596 5144 Καὶ
1624 5093 1742 5161 τρὶς
1763 5095 1955 5162 ἐποιή-

374 5195 543 5229 σαντο
567 5177 746 5243 τοῦτο,
800 5179 906 5243 ⁸(ἕως
961 5182 1048 5232 ὅτε
1092 5182 1250 5242 αὐτὸς
1287 5182 1414 5252 ἔλθῃ
1447 5184 1581 5252 πρὸς
1615 5185 1714 5254 τὴν
1751 5185 1954 5255 μάχηνο

377 5268 532 5338 Πλὴν
565 5272 656 5322 καὶ
689 5271 1022 5339 σκουτάρ;ον
1058 5271 1359 5334 ἐῦάσταζον
1401 5273 1736 5344 ἔμπροσθεν’
1763 5277 1955 5330 τούτου

381 5363 644 5432 μέγιστον
681 5362 833 5431 παρὰ
866 5363 1053 5430 φύσιν,
1089 5363 1164 5425 ὠς
1197 5364 1285 5416 ἴνα
1313 5363 1668 5432 θαυμάζωσιν
1703 5368 1810 5420 ἀπὸ
1837 5369 1958 5420 τού-

376 5468 477 5503 του
512 5454 580 5505 τὰ
613 5454 1069 5524 μωροθαύμαστα
1098 5455 1227 5524 ἔθνη
1259 5456 1372 5508 τῶν
1401 5457 1850 5527 Μουσουλμάνων
1867 5461 1958 5513 τὸν

379 5543 716 5612 Μηρσαῖτην
755 5548 984 5601 ἐκεῖνον.
1025 5549 1196 5610 Αὐτὸς
1247 5549 1303 5600 δὲ
1365 5549 1494 5602 ὅταν
1548 5552 1776 5620 πλησίον
1829 5548 1957 5622 ἦ).οε

379 5635 520 5702 πρὸς
551 5636 649 5696 τὰς
673 5639 956 5702 συντάξεις
1007 5639 1117 5689 τῶν
1169 5639 1638 5708 Μουσουλμάνων,
1695 5643 1958 5711 ἀνεϐόησε

384 5727 557 5794 μέγα,
590 5727 882 5792 «Ῥασουλ,
927 5729 1160 5782 Ῥασοὺλ
1195 5731 1555 5802 Μαχουμέτη.
1595 5751 1612 5783 ι
1666 5735 1771 5785 Καὶ
1818 5750 1959 5801 γυμ-

383 5816 565 5879 νώσας
592 5820 652 5870 τὸ
680 5819 834 5888 ξίφος
867 5823 961 5874 καὶ
995 5821 1214 5893 ῶθήσας
1247 5825 1338 5875 τὸν
1372 5825 1560 5886 ῖππον,
1600 5826 1692 5876 καὶ
1750 5827 1959 5893 κράξας

387 5913 526 5981 πρὸς
545 5913 639 5976 τὰς
661 5915 946 5979 συντάξεις
963 5915 1023 5966 τὸ
1047 5935 1063 5965 ι
1087 5915 1226 5983 ὰλὰχ
1254 5916 1469 5986 ταγκρῦ
1497 5917 1720 5971 Ῥασοϋλ
1748 5916 1957 5988 Μαίον-

715 6004 986 6075 l'arnon.
1027 6015 1144 6072 Gn.
1193 6009 1366 6072 CLVI

2061 4737 2249 4776 secum
2280 4719 2582 4774 adduxerat
2617 4717 2920 4773 Turcarum
2953 4721 3228 4782 monachi,
3291 4731 3350 4774 ut
3398 4721 3638 4790 praedam

2064 4814 2422 4881 rapinamque
2446 4809 2687 4865 civitatis
2731 4810 3000 4864 moniales
3035 4810 3158 4864 sibi-
3194 4809 3484 4874 baberent,
3519 4809 3599 4864 Ma
3629 4841 3636 4848 -

2063 4903 2267 4956 bometi
2303 4903 2494 4956 laudes
2540 4911 2622 4956 ter
2684 4899 2902 4955 Persica
2937 4901 3170 4955 dialeCto
3204 4903 3641 4966 conclamarunt,

2065 5014 2274 5052 necnon
2321 4996 2497 5051 fausta
2523 4995 2791 5049 Mersaitze
2824 4995 3027 5064 precati
3089 5004 3237 5048 sunt.
3303 4994 3366 5048 Et
3398 5005 3478 5048 ter
3516 4996 3640 5055 hoc,

2065 5102 2360 5160 antequam
2394 5091 2510 5158 ipse
2541 5089 2591 5142 in
2619 5104 2854 5158 pugnam
2891 5087 3231 5156 procederet,
3269 5096 3595 5158 peregerunt
3625 5106 3639 5139 :

2066 5193 2118 5237 et
2148 5191 2273 5236 ante
2302 5182 2476 5250 ipsum
2504 5191 2721 5234 scutum
2773 5181 3073 5233 maximum
3127 5191 3180 5234 et
3227 5190 3426 5249 praeter
3483 5196 3641 5234 usum

2067 5275 2373 5345 gestabant,
2409 5283 2465 5326 ut
2493 5272 2619 5325 inde
2669 5270 2940 5325 Mersaitac
2984 5287 3252 5340 nugarum
3296 5273 3644 5327 admiratori-

2068 5365 2170 5418 bus
2221 5364 2585 5417 Musulmanis
2646 5362 2910 5430 majorem
2958 5362 3378 5417 admirationem
3412 5366 3643 5418 cierent.

2067 5457 2185 5524 Ipse
2219 5472 2382 5524 porro
2405 5455 2471 5508 ad
2513 5455 2988 5508 Musulmanorum
3026 5455 3248 5509 ordines
3280 5458 3526 5526 proxime
3554 5475 3646 5508 ar—

2069 5551 2292 5611 cedens,
2334 5564 2464 5600 voce
2519 5563 2710 5616 magna
2743 5548 2998 5602 clamavit
3036 5565 3048 5601 :
3093 5567 3111 5598 ι
3142 5549 3310 5603 liasul
3337 5550 3497 5603 llasul
3535 5531 3647 5604 ΜΑ-
3693 5565 3698 5570 ’

2071 5643 2310 5694 homete.
2357 5657 2374 5689 ι
2437 5639 2501 5691 Et
2539 5640 2745 5694 nudato
2795 5641 2977 5709 gladio
3019 5656 3270 5709 equoque
3322 5643 3536 5694 concito
3577 5654 3643 5696 at

2072 5733 2366 5786 instructas
2401 5732 2696 5801 phalanges
2753 5735 2991 5787 intonuit
3026 5752 3038 5786 :
3083 5753 3098 5784 ι
3147 5735 3439 5800 Alatancry
3476 5732 3644 5786 liasul

2071 5824 2396 5880 Mabumele.
2438 5845 2456 5875 ι
2497 5825 2670 5879 Simul
2696 5843 2820 5880 cum
2850 5842 2915 5880 eo
2943 5826 3408 5880 Musulmanorum
3458 5829 3644 5896 mnin-

2073 5920 2203 5972 tudo
2259 5918 2640 5987 conclamavit,
2679 5929 2910 5999 .ctizum
2963 5919 3166 5989 impetu
3224 5928 3272 5970 ct
3309 5917 3544 5988 sti'cpitq
3592 5924 3644 5970 ct
