4080 6654
483 448 564 516 ⁷75
1803 450 2069 522 JOANN!

2171 451 2309 523 CAN
2317 451 2451 524 ΑΝἸ
3675 456 3755 528 76

479 567 776 636 plausibus
792 577 846 623 et
867 570 1090 641 organis
1115 575 1168 625 et
1197 571 1472 627 sexcentis
1496 570 1617 627 aliis
1647 571 1982 628 clamoribus
2012 584 2065 629 et

2173 577 2370 646 μέτη.»
2406 576 2813 644 συνανεϐόησαν
2861 575 2974 644 ἅμα
3011 575 3104 628 καὶ
3155 565 3262 628 τῶν
3295 575 3755 646 Μουσουλμάνων

495 656 749 710 tubarum
775 657 958 711 sonitu
991 657 1060 713 ad
1101 674 1287 714 muros
1313 658 1469 714 urbis
1520 673 1843 730 pervenere,
1887 677 1918 716 a
1960 661 2072 733 Xy-

496 753 706 818 loporta
739 749 806 804 ad
843 749 1129 822 Clirysiam
1155 766 1262 805 una
1297 752 1598 819 eademque
1618 752 1767 806 illius
1791 753 1894 807 diei
1913 754 2070 818 hora,

478 852 548 898 ‘et
582 853 691 895 tum
728 843 921 896 bellica
962 845 1324 897 instrumenta
1363 843 1616 898 manibus
1638 843 1866 898 advecta
1932 859 2070 900 mm-

494 931 657 985 nibus
696 943 987 1000 apponere,
1017 931 1193 987 scalas
1219 933 1535 1001 appingere,
1561 943 1802 987 castrum
1833 950 2068 990 ascensu

493 1031 1040 1092 pertentare,‘turres
1091 1023 1410 1093 perforare;
1467 1040 1568 1080 nec
1598 1023 1700 1078 fuit
1730 1028 1822 1097 qui
1874 1041 2066 1081 eorum

493 1115 754 1184 impetum
783 1115 1132 1180 amoliretur,
1160 1115 1370 1170 Graecis
1396 1117 1652 1172 omnibus
1681 1119 1885 1188 ingenti
1919 1130 2065 1172 metu

490 1220 555 1258 ac
595 1215 832 1260 tremore
871 1208 1171 1274 oppressis.
1225 1205 1360 1271 Quis
1387 1208 1532 1261 enim
1592 1222 1654 1262 ea
1695 1209 1823 1262 hora
1858 1225 2065 1266 vacuus

494 1299 690 1354 timore
733 1301 830 1356 fuit
890 1301 1078 1368 ?Quis
1130 1313 1352 1371 aspectu
1390 1303 1485 1358 illo
1545 1305 1729 1357 animo
1779 1308 2066 1374 perculsus

482 1407 598 1446 non
629 1403 710 1448 est
732 1393 759 1447 ?
791 1392 920 1458 Quae
943 1394 1090 1448 auris
1133 1395 1469 1448 auditionem
1503 1396 1783 1462 sustinuit,
1816 1397 1940 1466 quis
1985 1398 2066 1450 vi-

487 1484 697 1540 sionem
737 1486 930 1540 oculus
959 1485 1280 1540 ?Momento
1319 1502 1560 1556 namque
1590 1488 1849 1556 temporis
1895 1487 2066 1556 sagit-

487 1589 664 1631 tarum
712 1578 988 1649 myriades
1045 1578 1098 1632 in
1142 1577 1432 1634 Romanos
1485 1580 1748 1633 adversos
1805 1579 2065 1649 proiectae

486 1680 639 1724 extra
683 1670 936 1740 intraque
992 1685 1183 1724 muros
1253 1671 1401 1726 urbis
1455 1671 1795 1734 ceciderunt,
1839 1671 2066 1726 crebrae

489 1759 706 1812 adeout
731 1774 914 1813 aerem
945 1759 1312 1828 cooperirent,
1347 1759 1527 1813 lumen
1552 1761 1688 1814 solis
1737 1759 2064 1813 obtenebra-

487 1864 626 1916 rent,
657 1867 863 1920 nosque
889 1851 944 1906 in
977 1861 1180 1904 metum
1207 1851 1547 1906 adducerent
1576 1861 1636 1906 et
1666 1851 1866 1906 animis
1886 1851 2063 1907 disso-

2172 670 2240 722 τὰ
2277 668 2479 740 πλήθη,
2513 671 2609 722 καὶ
2633 667 2772 738 μετὰ
2794 669 2973 738 ὁρμῆς
3005 666 3104 720 καὶ
3124 667 3378 737 κραυγῆς
3406 670 3502 722 καὶ
3531 668 3756 737 κρότων

2170 763 2265 814 καὶ
2294 761 2544 830 ὀργάνων
2568 762 2662 813 καὶ
2716 763 2928 830 μυρίων
2977 759 3153 814 ἄλλων
3191 759 3590 828 ἀλαλαγμάτων
3646 762 3754 813 καὶ

2171 852 2491 920 σαλπίγγων
2524 851 2768 921 ἔφθασαν
2801 855 2882 915 είς
2909 853 2979 906 τὰ
3009 853 3162 921 τείχη
3190 851 3285 904 τοῦ
3340 853 3583 922 κάστρου
3636 852 3756 904 ἀπὸ

2167 947 2266 1013 τῆς
2291 943 2644 1014 Ξυλοπὸρτης
2685 944 2789 1007 ἕως
2823 947 2914 998 καὶ
2954 945 3054 1013 τῆς
3102 944 3371 1014 Χρυσίας,
3432 945 3534 1012 τὴν
3570 946 3755 1014 αὐτὴν

2169 1037 2432 1104 λέγωκαὶ
2467 1037 2599 1107 μίαν
2633 1038 2785 1108 ὤραν
2814 1039 2914 1106 τῆς
2952 1038 3168 1108 ἡμέρας
3195 1039 3435 1106 ἐκείνης.
3477 1037 3585 1090 Καὶ
3630 1039 3754 1090 πᾶν

2168 1130 2467 1200 πολεμικὸν
2495 1130 2728 1200 ὄργανον
2755 1132 2960 1199 ἐφερον
2991 1128 3095 1182 ἀνὰ
3135 1133 3349 1199 χεῖρας,
3401 1131 3500 1182 καὶ
3537 1129 3758 1197 ἡκοὺμ-

2167 1221 2344 1291 ϐησαν
2371 1224 2452 1284 είς
2476 1223 2545 1275 τὰ
2574 1221 2750 1291 τείχη,
2777 1222 2982 1289 ἔθηκαν
3025 1219 3254 1283 σκάλας,
3315 1217 3608 1272 ἅνέϐαιναν
3664 1219 3755 1279 ε’ίς

2165 1311 2230 1364 τὸ
2261 1312 2516 1382 κάστρον,
2546 1312 2892 1383 ἐτρυποῦσαν
2917 1312 3046 1370 τοὺς
3079 1312 3351 1378 πύγρους.
3406 1311 3514 1362 Καὶ
3568 1311 3754 1370 οὐδεὶς

2167 1403 2404 1471 εὑρέθην
2433 1407 2460 1456 ὁ
2491 1404 2792 1473 ἐμποδίσας
2823 1402 3067 1464 ἐκείνους
3100 1405 3164 1455 ἐκ
3203 1401 3298 1454 τοῦ
3352 1403 3611 1471 μεγίστου
3651 1401 3755 1467 φό-

2169 1496 2262 1548 ϐου
2281 1498 2376 1550 καὶ
2391 1495 2592 1559 δειλίας
2622 1494 2817 1557 ὁποίας
2850 1493 3044 1547 ἔλαϐον
3075 1495 3124 1547 οξ
3177 1490 3460 1562 Ῥωμαῖοι.
3487 1494 3584 1554 Τίς
3640 1492 3758 1558 γὰρ

2164 1591 2266 1641 οὐκ
2317 1589 2583 1658 ἐτρόμαξε
2637 1589 2739 1658 τὴν
2797 1588 2946 1658 ὥραν
2981 1588 3240 1656 ἐκείνην;
3293 1587 3376 1647 τίς
3423 1587 3522 1639 οὐκ
3551 1586 3755 1653 ἔφριξε

2165 1681 2372 1749 ταύτην
2404 1683 2507 1748 τὴν
2538 1681 2705 1746 θέανς
2735 1679 2816 1742 τίς
2848 1679 2988 1750 ἀκοὴ
3021 1680 3256 1748 φέρειτὺ
3290 1679 3567 1746 ἄκουσμα,
3614 1680 3756 1730 ποία

2165 1772 2288 1840 ὄψις
2321 1771 2381 1824 τὸ
2411 1771 2626 1840 (illatua;
2659 1772 2766 1822 Καὶ
2795 1771 2904 1840 γάρ
2936 1773 2994 1822 ἐν
3019 1771 3116 1838 μιᾷ
3139 1768 3335 1838 καιροῦ
3359 1771 3498 1839 ῥοπῇ
3543 1769 3757 1837 μυριάδι

2165 1863 2263 1927 δας
2287 1863 2477 1934 βελῶν,
2499 1864 2750 1915 τουτέστι
2781 1863 3074 1930 σαγίττσς,
3099 1862 3390 1925 ἐτόξευσαν
3421 1860 3608 1913 ἐπάνω
3635 1860 3751 1912 τῶν

488 1944 621 1997 tutis
685 1944 1043 1998 deterrerent.
1123 1943 1348 1998 Interim
1411 1958 1448 1997 e
1506 1954 1803 2014 conspectu
1869 1959 2061 1998 eorum

2183 1953 2492 2023 Ῥωμαίων,
2516 1954 2612 2006 καὶ
2635 1954 2831 2006 ἔπεσον
2864 1954 2945 2016 είς
2979 1953 3048 2005 τὰ
3077 1954 3234 2022 τείχη
3269 1952 3367 2022 τῆς
3401 1955 3613 2014 πόλεως
3645 1955 3754 2005 καὶ

488 2038 769 2106 paululum
797 2038 1178 2104 Subducimur,
1215 2053 1322 2091 nun
1353 2039 1515 2106 longo
1556 2044 1825 2106 tempore,
1853 2049 1908 2090 et
1939 2047 2064 2107 post

488 2133 895 2204 prapngnacula
941 2132 1303 2199 contegimur.
1334 2128 1412 2186 υι
1466 2129 1658 2184 Turcaa
1708 2131 1911 2184 nudum
1969 2145 2062 2185 ca-

487 2225 990 2282 strumliominibus
1025 2238 1382 2292 conspexere,
1415 2223 1677 2292 suspicati
1715 2237 1840 2277 esse
1871 2233 2063 2278 custo-

488 2319 648 2373 dibus
680 2317 1020 2380 destitutum,
1054 2316 1259 2386 ingenti
1314 2330 1437 2368 cum
1469 2316 1699 2369 audacia
1761 2314 2060 2378 irruentes,

478 2409 542 2462 ιιιί
577 2408 795 2477 quidem
832 2423 956 2460 eum
984 2406 1149 2459 scalis
1184 2415 1426 2460 castrum
1457 2406 1782 2468 ascendere,
1826 2404 2064 2457 aliicu'm

486 2501 726 2564 ancoris,
761 2513 899 2570 quas
959 2497 1130 2554 falcas
1191 2500 1450 2563 diximus,
1493 2499 1586 2552 alii
1641 2497 1807 2568 systis
1883 2505 2065 2550 turres

488 2594 787 2662 perforare,
821 2605 874 2647 et
913 2607 1074 2646 omne
1101 2591 1276 2646 audax
1330 2607 1393 2646 ac
1449 2605 1779 2661 generosum
1842 2587 2067 2642 facinus

487 2687 637 2756 impii
664 2687 736 2740 illi
764 2687 829 2739 ad
859 2698 1120 2739 terrorem
1151 2684 1525 2738 incutiendum
1551 2681 1777 2737 audere.
1823 2679 1947 2734 Ilaec
1979 2681 2066 2734 in-

484 2779 672 2838 felices
702 2777 944 2832 Romani
979 2777 1157 2830 intuiti
1186 2784 1240 2829 et
1273 2775 1511 2828 fortunis
1545 2775 1661 2829 suis
1687 2773 1870 2837 diiiisi,
1901 2772 1954 2825 in
2007 2783 2067 2825 se

489 2873 1030 2938 reversi,.comperto
1061 2869 1267 2922 nullum
1299 2869 1399 2922 sibi
1437 2866 1658 2922 aliunde
1695 2865 1867 2921 affore
1901 2865 2066 2920 auxi-

485 2967 642 3029 lium,
675 2979 848 3032 neque
896 2961 988 3029 qui
1034 2963 1287 3030 populum
1321 2962 1600 3014 tremenda
1646 2961 1735 3014 illa
1803 2963 1934 3015 liora
1990 2965 2060 3016 ad

476 3072 719 3128 'pugnam
786 3053 1095 3108 Turcarum
1161 3055 1427 3106 excitaret
1494 3062 1548 3106 et
1603 3063 1974 3122 promoveret,
2033 3069 2064 3108 e

489 3151 714 3206 latebris
744 3165 801 3203 se
831 3147 1164 3210 eduxerunt,
1214 3147 1278 3198 ad
1319 3146 1486 3199 robur
1529 3153 1583 3198 et
1629 3145 1916 3198 audaciam
1941 3147 2066 3199 ani-

480 3256 725 3299 'mantes.
761 3240 1006 3311 Namque
1033 3240 1124 3304 qui
1184 3249 1342 3293 antea
1381 3247 1537 3292 erant
1571 3237 1769 3299 timidi,
1830 3237 2065 3306 fugitivi,

2165 2047 2336 2111 ἐντὸς,
2369 2046 2511 2100 ὥστε
2552 2047 2645 2099 καὶ
2674 2048 2766 2098 τὸν
2796 2046 2992 2116 αἰθέρα
3032 2044 3312 2112 ἐκάλυψαν
3357 2046 3452 2097 καὶ
3505 2044 3638 2096 αὐτὸ
3692 2044 3755 2096 τὸ

2165 2138 2282 2206 φῶς
2307 2139 2400 2190 τοῦ
2437 2139 2590 2204 ἡλίου
2617 2138 2953 2200 ἐσκέπασαν,
2980 2139 3076 2189 καὶ
3120 2138 3268 2207 ἡμᾶς
3313 2136 3523 2198 πάντας
3577 2135 3754 2202 φόϐος

2163 2229 2440 2299 ἐκράτησε
2471 2230 2567 2282 καὶ
2589 2228 2765 2280 δειλία
2795 2226 3086 2298 ἐξέπληξε,
3121 2229 3218 2282 καὶ
3263 2229 3464 2296 μικρὸν
3504 2228 3760 2296 ἀπεκρὺο

2163 2319 2366 2390 ϐημεν.
2411 2319 2553 2372 Ἀλλ’
2582 2321 2642 2372 οὗ
2684 2321 2926 2390 μακρὰν.
2977 2319 3093 2373 ἀλλ’
3118 2320 3347 2373 ὄπισθεν
3378 2320 3485 2371 τῶν
3523 2335 3755 2388 προμα-

2165 2412 2385 2482 χιονίων
2417 2411 2749 2482 ἐστάθημεν.
2802 2411 2891 2474 ’θς
2936 2413 2994 2465 δὲ
3055 2413 3104 2465 oi
3145 2413 3378 2482 Τοῦρκοι
3429 2415 3639 2480 γυμνὸν
3699 2413 3756 2465 τὸ

2167 2507 2407 2574 κάστρον
2443 2506 2554 2557 ἀπὸ
2609 2503 2933 2575 ἀνθρώπους
2970 2504 3176 2566 ἰδόντες
3219 2505 3492 2556 ὑπέλαϐον
3539 2505 3760 2572 ἀφυλάυ

2166 2613 2309 2658 κτως
2333 2592 2494 2663 εἶναι,
2528 2598 2624 2648 καὶ
2658 2598 2801 2665 μετά
2822 2597 3061 2666 θράσους
3093 2598 3358 2666 μεγίστου
3417 2597 3540 2648 καθ’
3589 2599 3758 2665 ημῶν

2167 2689 2751 2751 εἰσϐάλλουσιπάντες.
2787 2691 2893 2742 Καὶ
2934 2691 2983 2741 oi
3048 2690 3148 2758 μὲν
3193 2690 3334 2758 μετά
3386 2689 3604 2741 σκαλῶν
3654 2691 3756 2740 ἀν·

2167 2781 2385 2835 ἐϐαινον
2415 2784 2495 2842 είς
2528 2782 2589 2834 τὸ
2622 2783 2880 2850 κάπρον,
2920 2784 2966 2834 οἱ
2999 2782 3055 2834 δέ
3091 2785 3184 2834 καὶ
3214 2783 3280 2850 μὲ
3337 2783 3436 2844 τὰς
3492 2782 3755 2853 ἀγγὺρας

2168 2879 2264 2930 καὶ
2289 2876 2387 2939 τὰς
2432 2875 2648 2944 φάλκας
2681 2876 2918 2938 ἐκείνας.
2954 2875 3139 2928 ’Ἄλλοι
3176 2875 3234 2928 δὲ
3280 2876 3624 2946 ἐτρυποῦσαν
3687 2881 3757 2946 μὲ

2169 2969 2369 3031 συστὰς
2391 2969 2519 3030 τοὺς
2551 2967 2816 3036 πύγρους.
2851 2968 3003 3021 ἄλλοι
3040 2968 3370 3037 ἐχαλούσανε
3399 2969 3465 3037 μὲ
3513 2969 3755 3032 τςόκους

2167 3061 2228 3111 τὸ
2259 3061 2515 3128 κάστρον,
2547 3060 2700 3112 ἄλλοι
2736 3060 2950 3129 ἐκαψαν
2978 3061 3077 3123 τὰς
3114 3061 3324 3131 πόρτας
3349 3060 3444 3114 τοῦ
3480 3061 3586 3127 ἔξω
3645 3066 3756 3116 κάρ

2172 3166 2359 3219 στρου,
2388 3127 2484 3204 καὶ
2524 3151 2635 3202 πᾶν
2658 3127 2932 3221 τολμηρὸν
2992 3153 3088 3204 καὶ
3141 3127 3391 3221 ἀνδρεῖον
3428 3154 3478 3205 oi
3530 3151 3758 3213 ἀσεϐεῖς

2172 3240 2453 3294 ἐποιοῦντο
2505 3243 2640 3311 πρὸς
2684 3240 3029 3311 κατάπληξιν
3064 3243 3164 3311 τὴν
3208 3242 3508 3311 ἡμετέραν.
3562 3242 3758 3296 Ταῦτα

482 3338 730 3392 hostium
761 3335 1138 3389 invasionibus
1175 3332 1420 3396 obnoxii,
1468 3341 1690 3400 repente
1745 3332 1981 3385 audaces
2013 3339 2067 3384 et

2171 3333 2410 3404 ὁρῶντες
2457 3336 2506 3387 οἱ
2539 3304 2827 3403 δυστυχεῖς
2871 3304 2966 3388 καί
3012 3304 3417 3403 ἀπελπισμένσι
3484 3332 3758 3403 Ῥωμαῗλ

493 3429 742 3497 generosi
828 3437 882 3481 et
967 3425 1176 3480 robusti
1239 3425 1557 3486 bellatores,
1618 3431 1670 3475 et
1700 3423 1976 3492 plagarum
2015 3433 2070 3476 et

484 3523 910 3575 'inlmuestorum
981 3518 1268 3570 vulnerum
1324 3523 1377 3568 et
1437 3515 1632 3567 mortis
1690 3529 1852 3566 omne
1897 3529 2069 3583 genus

492 3619 903 3679 contemptores
948 3607 1079 3662 facti
1111 3617 1240 3661 sunt
1271 3625 1283 3672 ;
1317 3615 1370 3660 et
1400 3605 1776 3660 sanctissimae
1829 3603 2069 3675 Virginis

491 3721 595 3775 ope
641 3705 878 3759 audaces
905 3702 1103 3771 impios
1131 3699 1423 3754 denudatis
1449 3697 1672 3751 ensibus
1697 3695 1953 3766 saxisque
1982 3697 2068 3749 in-

492 3799 720 3854 vadunt.
750 3797 814 3851 Et
851 3797 1017 3852 veluti
1051 3798 1204 3849 fumo
1225 3792 1574 3847 examinibus
1593 3790 1899 3859 dissipatis,
1927 3804 2068 3844 unus

489 3901 618 3963 post
659 3892 823 3946 alium
852 3890 1187 3953 concitatur,
1219 3897 1275 3940 et
1313 3885 1674 3940 sexusnmnis
1693 3883 1979 3950 consurgit
2017 3893 2072 3936 et

494 3994 653 4046 aetas,
681 3983 894 4052 singuli
930 3998 1054 4037 cum
1095 3982 1265 4033 armis
1297 3980 1498 4046 quibus
1525 3985 1799 4046 poterant,
1842 3975 2072 4028 aliisinc

495 4077 801 4142 armis,'alii
825 4090 948 4129 cum
977 4074 1200 4127 ensibus
1222 4082 1273 4124 et
1296 4070 1624 4130 bustis.Alii,
1649 4069 1847 4135 quibus
1870 4067 2071 4122 similia

495 4174 552 4226 in
581 4180 832 4239 promptu
860 4181 966 4220 non
1002 4174 1182 4229 erant,
1208 4163 1408 4217 tabulis
1439 4166 1491 4214 in
1527 4161 1728 4230 quibus
1754 4161 1937 4213 cibum
1977 4173 2072 4212 su-

498 4263 739 4324 mebant,
776 4273 824 4314 et
876 4258 1002 4313 dolii
1063 4256 1338 4326 tympanis
1391 4254 1618 4308 furubus
1677 4253 1913 4323 alligatis
1973 4268 2074 4324 pro

498 4354 672 4412 seutis
712 4350 1029 4405 utebantur.
1066 4348 1300 4414 Quidam
1340 4347 1459 4401 sine
1491 4347 1576 4401 bis
1609 4347 1665 4402 in
1702 4346 1904 4401 bellum
1949 4361 2076 4415 pro-

496 4461 741 4508 cessere,
777 4456 832 4498 et
865 4443 1138 4513 lapidibus
1173 4440 1802 4494 solumrnodoandacter
1834 4455 1898 4493 ac
1937 4438 2073 4493 viri-

496 4538 647 4600 liter,
705 4550 861 4603 atque
905 4549 968 4587 ac
1015 4534 1061 4586 si
1113 4542 1389 4586 armatura
1448 4531 1598 4584 varia
1628 4542 1812 4585 essent
1852 4530 2074 4597 muniti,

2171 3427 2250 3488 ei;
2280 3427 2507 3487 ἑαυτοὺς
2554 3427 2881 3496 ἐπανῆλθον,
2937 3426 3036 3479 καὶ
3085 3425 3590 3497 περιεργασθέντες
3631 3427 3759 3488 πῶς

2172 3520 2360 3583 πόθεν,
2391 3520 2692 3588 ἀλλαχόθεν
2721 3523 2915 3589 χεῖραν
2946 3519 3048 3572 οὐκ
3080 3520 3299 3589 ἔχοντες
3328 3518 3582 3588 βοηθείας
3626 3514 3760 3569 οὔτε

2171 3615 2294 3666 τινά
2341 3613 2480 3682 πρὸς
2540 3613 2601 3664 τὸ
2626 3613 2896 3685 διεγεῖραι
2954 3613 3050 3666 καὶ
3094 3609 3434 3682 παροτρῢναι
3471 3610 3562 3662 τὸν
3619 3608 3760 3663 λαὸν

2173 3703 2309 3773 πρὸς
2368 3704 2476 3755 τῶν
2511 3703 2773 3771 Τούρκων
2825 3703 2925 3772 τὴν
2971 3702 3157 3772 μάχην
3215 3700 3316 3770 τὴν
3379 3699 3756 3768 φρικτοτάτην

2171 3795 2321 3865 ὥραν
2355 3795 2596 3864 ἐκείνην.
2639 3797 2749 3849 Καὶ
2789 3795 3172 3863 ἐξενεγκόντες
3199 3793 3349 3846 οὗτοι
3379 3794 3611 3855 ἑαυτοὺς
3640 3792 3758 3844 διε·

2173 3891 2606 3966 γείρονταιπρδς
2647 3891 2900 3959 ἀνδρείαν
2933 3889 3030 3943 καὶ
3081 3889 3313 3959 τόλμην.
3375 3886 3484 3940 Καὶ
3531 3887 3644 3956 γὰρ
3701 3887 3755 3939 oi

2173 3983 2338 4036 δειλοὶ
2373 3984 2432 4036 τδ
2456 3986 2722 4053 πρότερον
2752 3986 2845 4036 καὶ
2890 3983 3052 4050 φυγοὶ
3081 3983 3175 4034 καὶ
3233 3977 3757 4050 κατατρυπούμενοι

2173 4077 2328 4144 ἄφνω
2358 4074 2622 4145 τολμηροὶ
2643 4073 2951 4144 εὑρέθησαν
2986 4073 3080 4126 καὶ
3125 4075 3366 4142 γενναῖοι
3421 4070 3758 4137 πολεμισταὶ

2176 4169 2270 4220 καὶ
2317 4167 2554 4235 ἀνδρεῖοι
2591 4166 2689 4218 καὶ
2737 4163 3143 4234 περιφρονηταὶ
3197 4163 3306 4215 τῶν
3376 4161 3604 4230 πληγῶν
3653 4157 3759 4215 καὶ

2174 4256 2364 4310 δεινῶν
2381 4254 2725 4324 λαϐωμάτων
2761 4254 2857 4306 καὶ
2894 4253 3005 4306 τῶν
3029 4253 3304 4306 παντοίων
3336 4251 3607 4303 θανάτων.
3641 4249 3758 4302 Καὶ

2174 4349 2272 4417 τῆς
2301 4347 2574 4416 παναγίας
2604 4350 2671 4417 τῇ
2717 4347 2946 4418 βοηθείᾳ
2971 4351 3034 4417 τῇ
3059 4347 3236 4418 τόλμῃ
3297 4343 3604 4416 ρωσθέντες
3656 4344 3756 4412 ὁρ-

2180 4439 2322 4510 μῶσι
2345 4440 2598 4508 ξιφήρεις
2629 4440 2773 4491 κατὰ
2793 4439 2902 4490 τῶν
2927 4438 3142 4491 ἀσεϐῶν
3181 4441 3276 4489 {at
3307 4435 3373 4505 μὲ
3409 4434 3614 4499 λίθους,
3651 4432 3754 4486 καὶ

2177 4531 2254 4593 ὡς
2286 4530 2494 4584 καπνοῦ
2528 4531 2852 4600 κινήσαντες
2883 4527 3093 4598 σμῆνος
3128 4527 3290 4589 ἄλλος
3321 4525 3414 4578 ὑπ’
3439 4525 3587 4594 ἄλλῳ
3639 4524 3756 4578 διε-

499 4643 625 4684 eum
662 4629 912 4682 bostibus
943 4625 1251 4681 certabant.
1273 4624 1363 4678 Sic
1391 4638 1532 4676 unus
1563 4638 1685 4676 eum
1723 4624 1832 4677 alio
1857 4633 1912 4678 et
1934 4625 2069 4677 inter

2179 4622 2452 4692 γείρεται,
2487 4623 2582 4674 καὶ
2623 4623 2907 4676 ἀνίσταται
2927 4621 3084 4688 γένος
3114 4619 3262 4674 ἂπαν
3288 4618 3384 4672 καὶ
3415 4616 3602 4688 ἡλικία
3642 4618 3754 4668 πᾶ-

497 4737 558 4776 se
585 4719 786 4791 singuli
843 4719 1092 4773 animose
1155 4715 1582 4781 contendebant,
1613 4725 1669 4769 et
1707 4715 1774 4770 ad
1836 4727 2071 4784 pugnam

499 4813 1043 4870 vehementissimam
1100 4810 1486 4865 hortabantur.
1525 4829 1543 4861 ι
1586 4811 1745 4880 Agite
1791 4823 1823 4862 ο
1855 4809 2019 4863 amici
2053 4809 2068 4862 ί

497 4907 754 4964 ofratrcs
796 4907 809 4960 ι
849 4920 882 4960 o
936 4903 1086 4958 cives
1123 4904 1136 4958 !
1196 4913 1470 4957 certemus
1503 4901 1686 4957 hodie.
1722 4899 2074 4956 Vindicemus

501 5003 662 5058 nobis
711 5001 866 5070 ipsis,
941 4996 1228 5061 uxoribus,
1257 4995 1384 5051 filiis
1455 4993 1739 5064 sanguinis
1792 4994 1988 5062 patriae
2013 5002 2072 5048 et

507 5109 720 5161 magna:
769 5091 995 5161 hujusce
1037 5091 1210 5152 urbis,
1248 5100 1303 5143 et
1359 5087 1506 5158 quod
1559 5086 1733 5155 magis
1785 5097 1893 5150 est,
1931 5101 2078 5140 verae

499 5185 940 5241 Christianorum
975 5182 1094 5236 fidei
1133 5181 1458 5236 libertatem.
1501 5175 1724 5233 Nosmet
1758 5193 1856 5247 pro
1917 5177 2076 5232 nobis

503 5277 636 5347 ipsis
664 5275 718 5330 in
756 5273 1058 5344 perieulum
1089 5273 1451 5326 adducamus.
1475 5270 1557 5323 An
1584 5269 1631 5323 si
1666 5283 1813 5322 nunc
1836 5276 2072 5321 ntortem

504 5385 611 5422 nun
641 5367 879 5426 obinurs,
913 5366 1020 5419 vita
1052 5364 1106 5419 in
1135 5373 1411 5430 posterum
1447 5377 1553 5415 non
1585 5360 1800 5414 deficiet
1827 5358 1850 5410 τ
1877 5356 2074 5412 Facia-

504 5474 628 5514 mus
654 5467 713 5512 ut
743 5457 859 5512 meo
887 5456 1187 5512 necessitas
1246 5452 1470 5508 honoris
1520 5451 1763 5508 studium
1791 5450 2075 5503 videatur:

502 5565 794 5607 eui-ramus
862 5551 914 5603 in
1005 5549 1130 5603 belli
1223 5546 1542 5608 discrimen,
1616 5541 2075 5612 quemadmodum

504 5653 772 5716 tnartyres
791 5644 855 5697 ad
885 5653 1243 5713 tyrannorum
1275 5637 1449 5695 stadia
1471 5637 1856 5692 convolarunt.
1894 5652 1912 5687 ι
1954 5633 2081 5690 Haec

505 5735 738 5790 ιιὶριιιιὰο
766 5735 907 5790 alius
941 5734 1108 5787 alium
1151 5731 1456 5795 adhortari,
1501 5727 1838 5783 contendere
1863 5741 2077 5795 omnes,

505 5825 805 5890 decertare,
826 5824 1286 5896 quemadmodum
1303 5819 1603 5877 exsaturati
1624 5827 1678 5873 et
1697 5819 1826 5874 vino
1852 5818 2076 5884 madidi,

504 5928 560 5975 et
585 5935 656 5974 ex
705 5919 1012 5991 composito
1055 5915 1216 5974 simul
1273 5914 1340 5970 ab
1373 5927 1482 5969 uno
1541 5920 1791 5967 extremo
1838 5909 2076 5968 civitatis

2180 4731 2271 4778 σα,
2301 4713 2394 4766 καὶ
2425 4713 2658 4775 ἕκαστος
2689 4707 2904 4782 μεθ’ὧν
2939 4711 3175 4780 ἠδύνατο
3197 4710 3401 4776 ὅπλων,
3457 4709 3640 4780 ἕτεροι
3695 4711 3752 4762 δὲ

2177 4808 2274 4860 καὶ
2303 4807 2435 4860 ἄνευ
2470 4806 2581 4859 τῶν
2610 4805 2814 4870 ὃπλων,
2851 4805 3005 4858 ἄλλοι
3039 4802 3180 4874 μετὰ
3209 4802 3381 4872 ξιφῶν
3408 4818 3468 4854 τε
3499 4803 3592 4855 καὶ
3625 4819 3756 4855 κον-

2176 4901 2403 4970 ταρίων.
2431 4899 2655 4969 Ἕτεροι
2681 4897 2738 4950 δὲ
2759 4898 2880 4951 οὑδέ
2911 4897 2969 4965 ἐξ
3001 4897 3185 4952 αὐτῶν
3215 4895 3582 4966 εὐποροῦσαν,
3613 4896 3756 4948 ἀλλὰ

2175 4994 2274 5055 τὰς
2297 4992 2503 5054 ταύλας
2550 4990 2686 5046 ὀποῦ
2740 4991 2992 5062 ἐτρώγαν
3047 4992 3144 5045 καλ⁸
3183 4991 3253 5045 τὰ
3309 4988 3596 5057 ⁸(ζυμττιίινια
3641 4990 3754 5042 τῶν

2180 5084 2445 5156 βουτζίων
2511 5085 2710 5154 ἔδησαν
2742 5084 2810 5154 μὲ
2866 5083 3098 5154 σχοινία,
3147 5085 3243 5136 καὶ
3294 5083 3598 5146 ἐϐάσταζαν
3629 5082 3754 5135 ἀντὶ

2180 5175 2540 5245 σκουταρίων.
2565 5176 2721 5239 Τινὲς
2742 5177 2797 5229 δέ
2831 5176 2954 5230 οὐδὲ
2990 5179 3116 5244 μετ’
3143 5176 3324 5229 αὐτῶν
3349 5180 3431 5239 είς
3459 5177 3552 5230 τὸν
3590 5175 3754 5229 πόλε-

2181 5285 2282 5338 μον
2312 5265 2497 5338 ἦλθον,
2531 5267 2671 5321 ἀλλά
2698 5269 2766 5338 μὲ
2806 5268 2990 5331 λίθους
3016 5270 3111 5321 καὶ
3134 5267 3295 5337 μόνον
3332 5269 3606 5337 ἐμάχοντο
3627 5269 3743 5320 τολο

2183 5360 2374 5430 μηρῶς
2404 5361 2500 5412 καὶ
2527 5360 2812 5428 ἀνδρείως,
2849 5359 2925 5422 ὡς
2981 5361 3365 5429 κατάφρακτοι
3428 5360 3567 5430 μετὰ.
3627 5375 3755 5411 παν-

2178 5454 2340 5506 τοίων
2370 5453 2478 5506 τῶν
2507 5453 2712 5508 ὃπλων.
2747 5453 2855 5506 Καὶ
2889 5453 3077 5522 ἕτερος
3097 5454 3306 5522 ἕτερον,
3342 5453 3438 5505 καὶ
3465 5451 3626 5514 ἄλλος
3654 5451 3752 5505 ἆλ-

2179 5543 2292 5611 λον,
2331 5546 2426 5600 καὶ
2456 5547 2593 5618 πρὸς
2624 5547 2870 5618 ἀλλήλων
2895 5548 3146 5617 ἀλλήλοις
3177 5547 3437 5616 ἀνδρείως
3490 5547 3586 5598 καὶ
3619 5545 3755 5616 θαρ-

2183 5635 2392 5697 σαλέως
2443 5638 2800 5708 ἠγωνίζοντο,
2851 5640 2946 5692 καὶ
2997 5639 3442 5709 ἐπαροτρύναντο
3472 5639 3610 5706 πρὸς
3656 5641 3753 5702 τὴν

2183 5728 2560 5799 σφοδροτάτην
2594 5730 2778 5800 μάχην
2799 5730 3035 5800 ἐκείνην,
3069 5731 3244 5797 λέγων
3312 5748 3332 5782 ι
3362 5729 3470 5783 Ναὶ
3501 5723 3546 5782 ὧ
3568 5729 3709 5796 φίλοι
3735 5728 3749 5780 ι

2182 5813 2228 5873 ὧ
2261 5819 2479 5889 ἀδελφοί
2514 5823 2526 5874 l
2555 5814 2601 5877 ὦ
2624 5821 3073 5894 συμπατριῶται,
3123 5821 3529 5891 ἀγωνισώμεθα
3583 5821 3753 5887 σήμε-

2184 5930 2302 5987 ρον,
2339 5913 2752 5986 σπουδάσωμεν,
2783 5914 3332 5989 προκινδυνεύεωμεν
3354 5915 3585 5978 ἑαυτοὺς
3614 5912 3748 5982 ὑπὲρ
