4080 6624
559 491 631 557 79
1596 491 1646 557 J.
1685 492 1966 553 CANANI
2002 491 2100 551 DE
2139 484 2354 550 CPOLI
2391 488 2866 550 OPPUGNATA.
3757 477 3821 546 8'0
3983 376 3985 468 ἐ

568 625 633 680 pe
672 616 914 668 castrum
956 616 1133 676 erant,
1179 609 1325 679 ipsos
1345 607 1550 664 Graecis
1571 609 1878 678 reliquisse,
1907 607 2142 676 quaelon-

2261 608 2327 660 τά
2364 606 2638 675 πολεμικὰ
2677 606 2771 658 καὶ
2795 604 3008 672 μάχιμα
3049 599 3258 654 τούτων
3283 598 3425 652 ὅπλα
3453 598 3520 652 τά
3554 601 3650 669 μὲν
3696 601 3811 672 πλη.

566 703 688 770 gius
701 703 948 766 aberant,
976 701 1364 756 inﬂammasso.
1387 699 1449 753 Et
1465 714 1596 752 sane
1619 700 1722 753 hoc
1751 699 2048 767 prodigium
2071 697 2152 750 vi-

569 808 690 847 sum
710 800 794 848 est
813 801 867 847 et
894 792 1216 846 inusitatum
1237 791 1470 845 facinus.
1494 789 1739 855 Quanam
1756 791 1902 844 enim
1921 789 2151 852 ratione,

572 882 668 952 qui
685 891 840 936 antea
861 883 1094 950 superbe
1115 897 1171 936 se
1187 881 1480 936 efferebant
1492 881 1908 950 jactahantque,
1933 890 2155 949 repente
2194 893 2196 895 ‘

547 975 746 1028 "moesti
791 984 956 1043 atque
985 974 1204 1028 inutiles
1235 973 1430 1028 redditi
1453 974 1621 1028 sunt?
1654 972 1720 1025 Et
1747 973 2023 1041 quomodo
2057 975 2151 1040 qui

565 1074 728 1122 antea
757 1065 1002 1134 impense
1031 1081 1155 1120 cum
1175 1066 1379 1121 Gmcis
1416 1064 1612 1119 bellum
1650 1065 1969 1134 cupiebant,
1995 1064 2145 1118 inex-

562 1165 801 1226 spectata
821 1158 947 1228 fuga
971 1173 1030 1214 se
1048 1158 1244 1212 abillis
1261 1158 1636 1212 subduxerunt
1654 1156 1675 1208 ?
1693 1156 1988 1210 Enimvero
2011 1169 2149 1224 Opus

566 1249 672 1305 hoc
704 1251 887 1304 divina
919 1253 1125 1304 virtute
1177 1265 1350 1319 eaque
1381 1247 1644 1303 invisibili
1667 1262 1990 1304 concessum
2039 1257 2146 1302 est.

563 1343 633 1396 Et
673 1342 846 1397 Graeci
880 1342 932 1397 id
961 1341 1142 1396 intuiti
1209 1342 1410 1395 mirum
1461 1340 1938 1409 obstupescebant,
1992 1349 2047 1395 et
2076 1343 2146 1395 ob

563 1430 805 1487 hostium
833 1432 1015 1502 fugam
1068 1432 1394 1488 exsiliebant
1434 1430 1653 1502 gaudio,
1699 1430 1755 1484 in
1789 1432 2148 1502 laetitiamque

560 1521 718 1579 cﬂ'usi
754 1523 1045 1578 dicebant:
1090 1541 1110 1576 ι
1155 1521 1200 1578 Ο
1232 1539 1463 1579 suavem
1497 1526 1641 1582 hanc
1667 1525 1810 1579 diem
1842 1537 1896 1580 et
1921 1527 2140 1579 horam!

561 1621 597 1663 0
639 1608 1064 1666 admirandam!
1113 1626 1148 1667 o
1191 1615 1525 1684 insperatam
1570 1615 2056 1673 immutationem!
2110 1630 2144 1668 0

567 1699 1000 1770 inexspectatam
1061 1704 1304 1760 latitiam
1333 1705 1347 1758 l
1382 1721 1415 1760 o
1447 1709 1787 1765 claritatem!
1821 1724 1852 1763 ο
1898 1708 2146 1776 volupta-

433 1813 458 1820 ν
563 1797 697 1856 tem,
729 1807 852 1862 qua
877 1794 1054 1850 verbis
1075 1795 1307 1866 exprimi
1335 1801 1547 1869 nequit,
1572 1817 1678 1872 qua
1705 1802 1970 1872 quidquid
1991 1803 2142 1854 dixe-

560 1882 638 1938 ris
669 1884 851 1941 minus
902 1887 1044 1944 erit!
1079 1907 1098 1941 ι
1143 1891 1241 1946 His
1270 1893 1500 1951 vocibus
1533 1896 1607 1950 illi
1665 1897 1850 1951 multis
1874 1895 2141 1951 certamio

561 1974 725 2032 nibus
786 1979 1030 2036 celebres
1085 1984 1314 2040 Romani
1372 1987 1537 2043 simul
1590 1990 1760 2044 lauari
1793 2029 1809 2053 ,
1867 1990 2142 2059 prosilire,

563 2064 771 2121 alacres
801 2069 1010 2138 palmas
1038 2074 1277 2140 pulsare,
1303 2086 1358 2130 et
1379 2077 1582 2133 diserte
1611 2080 1720 2134 Deo
1737 2082 1937 2150 gratias
1962 2095 2142 2149 agere,

561 2155 818 2214 laudibus
865 2163 1271 2218 sanctissimam
1307 2165 1581 2237 Virginem
1648 2171 1932 2236 extollere,
1965 2179 2018 2225 et
2075 2191 2143 2230 ex

561 2247 746 2302 animo
772 2251 1138 2320 gloriﬁcantes
1163 2256 1378 2312 dicere:
1416 2278 1434 2310 ι
1466 2259 1579 2316 Hoc
1609 2262 1824 2332 hymnis
1845 2265 2135 2323 abundans

565 2341 1094 2412 nominatissimum,
1140 2356 1530 2418 memoratum,
1582 2353 1881 2424 egregium,
1917 2355 2144 2411 inusita-

553 2440 699 2496 tum,
765 2434 1145 2494 admirandum
1204 2438 1529 2496 miraculum
1585 2459 1711 2500 vere
1763 2455 1819 2500 et
1859 2447 1979 2503 sine
2030 2450 2138 2503 ulla

558 2521 899 2579 dubitatione
927 2529 1288 2585 sanctissimae
1318 2529 1556 2603 Virginis
1582 2544 1688 2593 est.
1721 2554 1741 2588 ι
1775 2536 1839 2592 Et
1891 2541 2136 2594 testimoo

559 2611 649 2666 nia
683 2615 840 2670 nobis
873 2616 939 2671 de
966 2617 1070 2674 hoc
1095 2629 1392 2690 suppetunt
1424 2625 1642 2680 testium
1691 2627 1841 2681 omni
1868 2632 2143 2699 exceptio-

557 2716 652 2770 ne,
699 2714 758 2760 ut
797 2707 900 2776 piae
934 2711 1079 2780 leges
1113 2713 1492 2780 prmscribunt,
1526 2717 1797 2786 majorum
1840 2738 1853 2773 :
1882 2723 2138 2776 testimo-

559 2798 650 2852 nia
675 2799 822 2854 enim
852 2817 974 2871 qua:
1005 2805 1276 2860 habentur
1321 2807 1390 2862 ab
1421 2808 1698 2878 hostibus,
1751 2812 1858 2869 fide
1891 2815 2142 2885 digniora

560 2899 711 2947 sunt.
739 2892 878 2950 Cum
909 2911 1038 2952 vero
1066 2899 1250 2955 hostes
1305 2909 1470 2972 atque
1503 2905 1802 2962 adversarii
1833 2913 2009 2965 nostri
2039 2912 2142 2966 hoc

555 2985 879 3041 testimonio
913 3004 1016 3044 suo
1060 2994 1550 3061 constabiliverint,
1584 3000 1754 3054 multo
1796 3003 2141 3060 verissimum

560 3084 645 3131 est
675 3078 780 3136 hoc
803 3082 1167 3140 sanctissimae
1219 3086 1455 3158 Virginis
1505 3091 1853 3150 miraculum.
1887 3095 2142 3169 Namque

559 3168 814 3227 Dlersaita
830 3181 883 3228 et
898 3176 1206 3244 patriarcha
1223 3179 1299 3249 (l)
1319 3180 1619 3238 Turcarum
1640 3184 1941 3244 allirmabat
1954 3168 2147 3260 propn.

2262 696 2376 748 σίον
2407 695 2500 748 τοῦ
2527 697 2764 764 κάστρου
2791 698 2903 757 τοῖς
2940 692 3236 763 Ῥωμαίοις
3293 693 3526 753 ἄκοντες
3579 695 3812 749 καταλεί-

2258 789 2480 856 ψαντες,
2511 789 2578 841 τά
2616 789 2672 842 δὲ
2699 789 3016 858 μακρότερα
3044 786 3296 856 εὑρόντες
3341 785 3428 853 τῷ
3479 787 3616 857 πυρὶ⁹
3665 790 3812 859 παρέ-

2257 881 2455 934 δωκαν.
2489 880 2596 932 Καὶ
2637 882 2805 948 τέρας
2839 879 2992 943 ἔδοξε
3021 877 3180 931 τοῦτο
3211 877 3302 930 καὶ
3344 876 3592 940 ἐξαίσιον
3647 877 3814 946 ἔργον,

2257 973 2376 1034 πῶς
2420 973 2471 1025 οί
2531 969 2838 1040 ἐπηρμένοι
2885 971 2981 1024 καὶ
3039 970 3408 1040 γαυριωμένοι
3442 970 3508 1022 τὸ
3566 973 3814 1040 πρότερον

2257 1065 2412 1130 ἄφνω
2443 1066 2709 1132 κατηφεῖς
2737 1062 3043 1132 εὑρέθησαν
3073 1062 3166 1115 καὶ
3193 1062 3426 1131 ἀχρεῖοι,
3475 1063 3576 1114 καὶ
3618 1063 3728 1123 πῶς
3771 1063 3814 1116 οἳ

2254 1156 2522 1227 πρότερον
2572 1155 2883 1220 ἐπεθύμουν
2922 1153 3014 1206 τὸν
3056 1154 3293 1221 πόλεμον
3354 1156 3467 1208 τῶν
3512 1154 3805 1224 Ῥωμαίων,

2251 1248 2838 1318 ἀπαραπροσδοκήτως
2867 1248 2928 1300 τὸ
2963 1245 3155 1300 λοιπὸν
3182 1247 3386 1316 ἔφυγον
3437 1247 3548 1300 ἀπὸ
3601 1248 3810 1303 τούτων.

2251 1341 2361 1394 Καὶ
2388 1339 2498 1410 γάρ
2536 1339 2752 1410 ἀληθῶς
2785 1339 2944 1393 τοῦτο
2973 1340 3139 1410 ἔργον
3173 1341 3425 1412 ἀοράτως
3481 1342 3732 1412 ἐπέμφθη
3758 1345 3812 1395 ἐκ

2248 1434 2535 1496 δυνάμεως
2565 1431 2737 1495 Θείας.
2773 1433 2884 1486 Καὶ
2913 1433 2962 1485 οί
3003 1431 3274 1501 Ῥωμαῖοι
3306 1434 3471 1486 τοῦτο
3505 1435 3702 1497 ἰδόντες
3719 1435 3816 1486 διε-

2250 1526 2554 1595 πλήττοντο
2581 1525 2679 1594 μέν
2723 1526 2784 1577 τὸ
2819 1523 3024 1594 θαῦμα,
3059 1525 3281 1595 ἔχαιρον
3306 1525 3361 1580 δέ
3390 1527 3494 1594 τὴν
3525 1528 3714 1596 ’φυγήν
3758 1545 3811 1579 τε

2247 1616 2355 1669 τῶν
2385 1616 2668 1685 πολεμίων
2701 1617 2950 1679 ἐκείνων,
2986 1617 3083 1669 καὶ
3141 1617 3429 1688 χαίροντες
3489 1619 3672 1687 ελεγον
3699 1633 3712 1647 ·
3758 1620 3814 1671 Ὠ

2246 1710 2562 1779 γλυκύτητα
2591 1710 2806 1779 ἡμέρας
2828 1709 3036 1779 ταύτης
3058 1712 3154 1764 καὶ
3182 1709 3354 1780 ῶρας,
3403 1710 3450 1763 ὣ
3484 1711 3812 1780 μεταλλαγῆς

2247 1802 2558 1873 θαυμασίας
2585 1805 2680 1856 καὶ
2729 1801 3037 1870 ἐναλλαγῆς
3104 1801 3456 1868 ἀνελπίστου,
3511 1803 3557 1855 ὢ
3610 1797 3810 1872 ἀπαρα-

2247 1895 2622 1965 προσδοκήτου
2653 1893 2976 1964 ἐλευθερίας
3013 1893 3102 1946 καὶ
3143 1895 3516 1965 εὐφροσύνης,
3575 1893 3620 1948 ὣ
3667 1895 3810 1947 εὐθυ-

2252 1988 2380 2057 μίας
2411 1985 2779 2056 ἀνικλαλήτου
2825 1986 2919 2037 καὶ
2948 1985 3141 2054 ἡδονῆς
3182 1984 3613 2053 ἀνεκφράστουί
3657 2004 3674 2037 ι
3713 1984 3810 2040 Καὶ

2247 2079 2356 2148 γάρ
2407 2079 2577 2130 ταῦτα
2637 2076 2748 2129 τῶν
2805 2076 3126 2130 πολυάθλων
3195 2075 3491 2146 Ῥωμαίων
3558 2077 3808 2146 λεγόντων

2245 2168 2466 2238 ἔχαιρον
2491 2168 2606 2238 ἅμα
2637 2168 2733 2222 καὶ
2769 2169 3104 2236 σκιρτῶντες
3145 2169 3446 2238 εὐθύμουν,
3510 2170 3610 2232 τὰς
3655 2169 3808 2223 παλά-

2249 2277 2356 2330 μας
2393 2259 2669 2330 ἐκρότουν,
2704 2261 2796 2314 καὶ
2828 2260 3043 2330 τρανῶς
3097 2261 3191 2313 τὸν
3248 2261 3387 2314 Θεὸν
3438 2263 3804 2333 εὐχαρίστουν,

2245 2352 2341 2407 καὶ
2372 2353 2470 2424 τὴν
2499 2355 2772 2421 παναγίαν
2798 2353 3120 2420 ἀνέπεμπον
3145 2347 3372 2424 ὕμνους,
3411 2356 3508 2408 καὶ
3552 2356 3616 2407 ἐκ
3647 2353 3807 2425 ψυχῆς

2244 2443 2562 2513 δοξάζοντες
2610 2445 2801 2513 ἔλεγον
2837 2462 2853 2478 ο
2921 2463 2940 2496 ¢
2972 2445 3143 2499 Τοῦτο
3196 2445 3257 2498 τὸ
3295 2445 3683 2518 πολυύμνητον
3727 2444 3805 2497 καὶ
3851 2433 3856 2438 ’

2245 2535 2688 2607 πολυθρύλλητον
2712 2538 2806 2589 καὶ
2839 2533 3079 2602 ἐξαίσιον
3103 2536 3197 2590 καὶ
3236 2535 3526 2606 ἐξαίρετον
3565 2537 3660 2590 καὶ
3691 2531 3807 2588 θαυο

2247 2629 2444 2697 μάσιον
2475 2628 2570 2680 καὶ
2596 2624 2876 2694 Θαύματος
2938 2624 3090 2689 ἀξιον
3150 2625 3336 2695 Θαῦμα
3394 2629 3499 2695 τῆς
3547 2623 3808 2691 Παναγίας

2243 2720 2458 2788 ἀληθῶς
2515 2719 2611 2772 καὶ
2679 2717 3066 2788 ἀναμφιϐόλως
3127 2717 3403 2788 ὑπῆρχεν,
3459 2717 3536 2780 ὡς
3580 2716 3672 2769 καὶ
3723 2713 3806 2774 τὰς

2248 2810 2558 2881 μαρτυρίας
2585 2810 2782 2880 ἔχομεν
2815 2810 2971 2880 παρά
3006 2809 3321 2882 ’μαρτύρων
3361 2810 3804 2882 άπαραγράπτων

2247 2904 2388 2959 κατὰ
2413 2905 2542 2968 τοὺς
2574 2905 2916 2974 φιλευσεϐείς
2947 2906 3168 2974 νόμους.
3231 2905 3546 2969 Φάσκοντες
3593 2905 3698 2974 γάρ
3755 2897 3804 2953 αι

2246 2996 2396 3066 παρά
2419 2997 2526 3050 τῶν
2556 2997 2770 3068 ἐχθρῶν
2799 2998 3100 3068 μαρτυρίαι
3147 2997 3597 3069 ἀξιοπιστότεραί
3658 2997 3802 3049 είσιν.
3855 2993 3859 2996 ’

2258 3086 2478 3156 Ἐπειδὴ
2505 3088 2561 3140 δέ
2582 3088 2632 3139 oi
2669 3089 2856 3158 ἐχθροὶ
2903 3091 2999 3142 καὶ
3047 3088 3298 3158 πολέμιοι
3354 3090 3522 3157 ήμῶν
3582 3081 3805 3142 δέδωκεν

2251 3179 2560 3250 μαρτυρίαν
2620 3180 2903 3250 τοιαύτην,
2952 3182 3096 3234 πάνυ
3125 3183 3273 3236 ἐστὶν
3327 3181 3699 3251 ἀληθέστατον
3752 3175 3805 3228 τὸ

559 3263 718 3319 sitam
739 3272 866 3320 tunc
907 3267 1014 3324 illis
1031 3267 1200 3325 luisse
1217 3272 1489 3330 civitatem
1510 3277 1573 3332 ad
1593 3283 1851 3347 pradam,
1877 3284 2138 3352 quemad-

2247 3270 2428 3340 θαῦμα
2454 3271 2553 3341 τῆς
2583 3273 2876 3340 παναγίας.
2915 3272 3145 3342 Ἔλεγεν
3190 3273 3299 3343 γὰρ
3347 3274 3376 3326 ὁ
3408 3272 3751 3344 Μηρσαῖτης,
3778 3265 3804 3318 ὁ

562 3356 783 3411 modum
817 3360 916 3420 viri
951 3361 1094 3417 docti
1128 3364 1306 3421 Persa:
1330 3376 1489 3423 aetate
1507 3368 1796 3428 Ilahometi
1825 3377 2137 3434 calculave-

561 3456 708 3514 rant,
737 3449 1169 3524 invenerantque
1207 3457 1310 3512 hoc
1335 3472 1478 3514 anno
1529 3474 1714 3517 mense
1748 3463 1967 3536 dieique
2000 3467 2139 3522 hora

561 3541 753 3596 urbem
783 3557 813 3596 a
832 3543 994 3600 nobis
1011 3545 1385 3602 debellandam
1411 3564 1564 3617 esse;
1597 3560 1649 3606 et
1668 3553 1910 3609 futurum
1949 3557 2001 3611 id
2029 3571 2146 3615 erat

558 3635 787 3689 omnino
807 3646 1078 3692 astrorum
1111 3639 1161 3692 vi
1191 3650 1245 3694 et
1275 3651 1716 3700 astronomorum
1741 3647 2014 3713 artillcio;
2047 3651 2141 3705 sed

562 3724 848 3782 mulierem
883 3728 1029 3783 illam
1059 3729 1313 3787 violaceis
1346 3735 1588 3789 vestibus
1619 3736 1876 3790 amictam
1936 3754 2032 3806 per
2053 3755 2145 3794 ca-

523 3855 526 3860 -
560 3824 736 3872 strum
748 3819 1183 3878 obambulantem
1197 3833 1426 3893 etsuper
1439 3829 1841 3897 propugnacula
1858 3831 2146 3900 intrepide,

561 3907 690 3964 dum
709 3925 888 3981 pugna
919 3912 1107 3973 initur,
1130 3917 1236 3968 vim
1257 3926 1527 3971 astrorum
1555 3918 1835 3975 obtudisse
1847 3933 1899 3976 et
1915 3924 2144 3979 astrolo—

563 4014 757 4070 gorum
787 4002 1049 4068 artificia;
1087 4009 1342 4072 quamvis
1375 4008 1464 4061 illa
1492 4022 1600 4062 non
1631 4024 1659 4062 a
1693 4019 1833 4065 terra
1867 4027 2046 4081 neque
2071 4027 2139 4068 ex

564 4093 905 4159 hominibus,
948 4096 1043 4150 sed
1070 4111 1100 4150 e
1132 4096 1271 4151 caelo
1296 4107 1349 4151 et
1399 4097 1656 4154 invisibili
1710 4110 1978 4169 potestate
2031 4104 2142 4158 vim

565 4181 868 4238 obtinebat.
911 4183 1175 4239 Similiter
1201 4187 1477 4241 exercitus
1531 4187 1772 4244 universi
1831 4191 2137 4248 Turcarum

561 4274 920 4345 jurejurando
979 4273 1246 4360 glersaitze
1320 4278 1526 4332 dictum
1583 4281 2026 4349 confirmabant,
2086 4295 2141 4340 et

565 4366 824 4421 omnibus
874 4367 1171 4422 narrabant
1213 4383 1408 4439 pugna:
1469 4371 1624 4436 hora,
1669 4382 1958 4443 postquam
2014 4392 2138 4431 cum

565 4456 795 4511 audacia
824 4465 878 4511 et
910 4458 1133 4527 impetu,
1162 4459 1254 4529 qui
1285 4461 1524 4515 coerceri
1545 4477 1650 4516 non
1670 4471 1903 4531 poterat,
1926 4466 1992 4521 ad
2015 4483 2139 4522 mu-

566 4563 662 4606 ros
694 4550 860 4606 castri
887 4559 1268 4619 pervenerant,
1307 4561 1366 4606 ut
1411 4553 1770 4610 ascenderent
1809 4555 2137 4628 Gracosque

563 4640 818 4710 fugarent
848 4641 1150 4712 urbemque
1201 4645 1700 4714 caperent,vidisse
1751 4662 1812 4702 se
1847 4650 2132 4706 mulierem

565 4734 1080 4798 violaceisfvestibus
1095 4734 1364 4797 indutam,
1382 4735 1818 4794 deambulantem
1834 4754 1896 4796 su
1904 4756 2000 4811 per
2010 4757 2136 4812 pro-

565 4828 874 4897 pugnacula
904 4827 1197 4882 exterioris
1225 4829 1426 4892 castri;
1457 4844 1562 4898 qua
1595 4831 1706 4885 visa
1759 4832 1944 4887 statim
1975 4843 2138 4888 tene-

570 4921 683 4976 bris
713 4919 948 4992 procella
969 4919 1172 4975 timore
1200 4934 1263 4975 ac
1292 4930 1530 4976 tremore
1556 4937 1838 4994 correptos
1861 4938 2054 4980 omnes
2083 4925 2139 4980 in

569 5011 754 5081 fugam
775 5029 836 5069 se
857 5021 912 5068 et
933 5026 1040 5068 non
1071 5011 1137 5068 ad
1164 5011 1365 5068 bellum
1391 5013 1625 5082 dedisse,
1653 5025 1707 5072 et
1737 5018 1788 5071 vi
1817 5015 2140 5088 inﬂuxuque

570 5104 721 5159 illius
739 5105 978 5160 mulieris
1003 5105 1346 5160 formidinem
1374 5105 1479 5162 sibi
1511 5107 1808 5164 immissam
1863 5118 1918 5164 et
1949 5110 2138 5165 urbem

574 5196 886 5251 liberatam.
916 5194 1042 5251 Haec
1091 5207 1274 5250 autem
1302 5208 1522 5266 peraCta
1555 5210 1686 5254 sunt
1707 5214 1856 5254 anno
1888 5215 2139 5272 nongen-

571 5287 767 5342 tesimo
797 5283 1071 5341 tricesimo
1099 5301 1266 5358 supra
1293 5288 1476 5344 sexies
1526 5288 1902 5356 millesimum,
1935 5291 2142 5348 mensis

642 5507 719 5574 (l)
744 5504 916 5571 Quem
941 5503 1101 5576 h_odie
1125 5503 1406 5574 Manilium
1426 5505 1601 5560 solent
1622 5520 1959 5576 nuncupare;
1994 5505 2138 5562 hunc

565 5573 928 5650 patriarcham
959 5573 1254 5650 Turcarum
1273 5584 1431 5650 vocat
1445 5575 1608 5650 etiam
1631 5573 1942 5650 supra,'_col.
1966 5576 2032 5650 (i7
2053 5575 2099 5650 υ
2120 5596 2133 5631 :

566 5645 741 5712 Ἀύτὸς
765 5647 821 5700 δέ
852 5648 880 5700 ὁ
925 5645 1182 5713 μέγιστος
1211 5647 1307 5700 καὶ
1346 5645 1512 5707 πολὺς
1547 5646 1678 5713 παρ’
1719 5647 1950 5706 ἐκείνοις
1981 5648 2009 5697 ὁ
2049 5647 2138 5698 es.

567 5719 732 5788 γενὴς
761 5715 1131 5788 πατριάρχης,
1172 5716 1242 5788 ὃν
1265 5713 1827 5788 εἶχονπροωρατικδν
1859 5716 1954 5788 καὶ
2000 5732 2136 5788 προ-

567 5784 744 5858 eam
762 5784 999 5858 τοῠνομα
1026 5784 1350 5855 ἣίηρσαῖτης
1374 5787 1438 5855 τῇ
1463 5785 1534 5836 Πε
1545 5784 1704 5858 ρσικῇ
1727 5784 1990 5852 διαλέκτῳ
2010 5785 2133 5858 _Saa—_

569 5854 870 5928 pius—idem
919 5857 1180 5909 Cananus
1238 5854 1500 5928 memorat
1563 5854 1866 5928 Turcarttm
1934 5855 2156 5928 καλογὲ-

525 5979 528 5982 .
569 5924 701 5995 ρους
719 5925 833 5982 sive
863 5927 1180 5986 monachos,
1207 5924 1370 5978 etiam
1396 5938 1502 5979 uno
1516 5925 1734 5980 nomine
1756 5924 2133 5984 Τουρκοκαλο-

2249 3365 2600 3435 πατριάρχης
2631 3364 2741 3418 τῶν
2798 3365 3081 3436 Τούρκων,
3111 3368 3193 3420 ὅτι
3241 3368 3275 3436 ἠ
3330 3367 3491 3429 πόλις
3537 3364 3805 3434 ἐπρῦκειτο

2247 3459 2380 3528 παρ’
2426 3458 2586 3528 ἡμῶν
2614 3458 3154 3528 αίχμαλωτισθῆναι,
3177 3457 3252 3521 ὠς
3284 3460 3332 3511 οἱ
3358 3461 3518 3530 σοφοὶ
3551 3459 3648 3524 τῆς
3681 3454 3805 3522 Περ·

2251 3552 2370 3614 σίας
2439 3551 2519 3614 εἰς
2558 3550 2650 3606 τὸν
2720 3550 2914 3620 καιρὸν
2965 3549 3058 3604 τοῦ
3096 3551 3344 3620 Μωάμεθ
3388 3551 3805 3621 ἐψηφοφόρησαν

2247 3643 2376 3711 περὶ
2399 3641 2616 3704 τούτου,
2648 3644 2740 3694 καὶ
2771 3641 2930 3711 εὗρον
2963 3642 3046 3696 ὅτι
3079 3644 3159 3705 είς
3177 3643 3238 3695 τὸ
3265 3644 3386 3704 ἔτος
3420 3642 3634 3697 καὶτὸν
3669 3639 3804 3709 μῆνα

2246 3734 2340 3787 καὶ
2383 3733 2482 3802 τὴν
2542 3733 2756 3803 ἡμέραν
2805 3734 3014 3802 ταύτης
3071 3734 3172 3796 τῆς
3217 3733 3367 3802 ὥρας
3414 3736 3448 3803 η
3503 3735 3655 3794 πόλις
3686 3723 3806 3795 παρ’

2246 3825 2402 3893 ἡμῶν
2425 3824 2709 3893 πρόκειται
2739 3823 3099 3892 κρατηθῆναι.
3133 3823 3239 3876 Καὶ
3275 3821 3470 3890 ἔμελλε
3518 3821 3673 3874 τοῦτο
3703 3832 3806 3884 ,γε-

2244 3915 2435 3970 νέσθαι
2486 3914 2626 3968 κατά
2671 3915 2769 3983 τὴν
2811 3915 3042 3985 δύναμιν
3109 3916 3219 3968 τῶν
3269 3915 3524 3984 ἀστέρων
3583 3913 3673 3965 καὶ
3717 3907 3806 3974 τὴν

2246 4008 2442 4077 τέχνην
2471 4006 2580 4060 τῶν
2601 4004 2972 4076 ἀστρονόμων,
3021 4004 3162 4075 Ἀμὴ
3211 4007 3242 4075 ή
3272 4007 3508 4072 γυναῖκα
3565 4001 3741 4065 ἐκείνη
3777 3994 3806 4062 ἡ

2244 4097 2372 4162 ὀξέα
2401 4097 2646 4166 φοροῦσα
2697 4096 2791 4148 καὶ
2845 4095 3230 4165 περιπατοῦσα
3286 4095 3383 4148 τοῦ
3439 4095 3679 4164 κάστρου
3723 4086 3807 4141 καὶ

2243 4190 2354 4242 τῶν
2401 4188 2813 4259 προμαχιονίων
2867 4189 3055 4242 ἐπάνω
3091 4188 3307 4255 ἀφόϐως
3325 4189 3419 4241 τοῦ
3445 4187 3686 4254 πολέμου
3714 4179 3806 4248 τὴν

2242 4280 2413 4352 ῶραν,
2441 4279 2627 4350 ἐκείνη
2661 4279 2972 4350 ἀντέπραξε
3000 4280 3097 4343 τὰς
3134 4280 3392 4345 δυνάμεις
3449 4279 3561 4332 τῶν
3596 4276 3804 4342 ἄστρων

2241 4377 2337 4429 καὶ
2362 4375 2462 4444 τὴν
2489 4373 2685 4444 τέχνην
2707 4373 2816 4426 τῶν
2849 4373 3220 4440 ἀστρολόγων.
3252 4372 3398 4441 Πλὴν
3431 4372 3534 4426 οὐκ
3571 4367 3676 4423 ἀπὸ
3709 4363 3804 4431 γῆς

2240 4465 2364 4518 οὐδὲ
2395 4463 2454 4529 ἐξ
2484 4463 2791 4532 ἀνθρώπων
2823 4463 2920 4533 τὴν
2950 4463 3184 4529 δύναμιν
3229 4459 3396 4530 εἶχεν,
3439 4461 3555 4515 ἀλλ’
3602 4458 3662 4522 ἐξ
3716 4452 3803 4507 oi:-

2245 4556 2405 4628 ρανοῦ
2431 4555 2532 4609 καὶ
2550 4555 2788 4623 ἀοράτου
2814 4554 3117 4624 δυνάμεως.
3163 4553 3400 4623 Ὁμοίως
3431 4554 3526 4608 καὶ
3549 4552 3615 4604 τὰ
3645 4561 3802 4614 στρα-

2238 4648 2487 4718 τεύματα
2513 4647 2690 4700 πάντα
2722 4647 2831 4699 τῶν
2885 4646 3146 4715 Τούρκων
3189 4644 3662 4714 ἐσυνεμαρτύρουν
3711 4639 3796 4689 ἐν·

2241 4741 2422 4811 όρκως
2451 4739 2541 4794 τὸν
2575 4739 2905 4810 Μηρσαΐτην
2930 4740 3161 4798 ἐκεῖνον.
3203 4735 3299 4790 καὶ
3323 4734 3639 4805 ἐδιηγούντο
3667 4727 3796 4798 πρὸς

2243 4837 2455 4898 πάντας
2486 4834 2568 4887 ὅτι
2588 4832 2684 4886 τοῦ
2717 4833 2958 4901 πολέμου
2988 4832 3088 4903 τὴν
3112 4832 3290 4903 ὤραν,
3319 4833 3451 4884 ὅταν
3478 4831 3544 4899 μὲ
3575 4827 3803 4896 Θράσους

2245 4927 2342 4980 καὶ
2367 4927 2546 4996 ὁρμῆς
2575 4924 2886 4994 ἁκρατήτου
2917 4923 3161 4993 ἔφθασαν
3191 4925 3271 4987 εἰς
3299 4925 3370 4976 τὰ
3398 4923 3551 4992 τείχη
3584 4916 3677 4972 τοῦ
3708 4913 3803 4966 κά-

2247 5033 2432 5089 στρου,
2465 5017 2552 5071 ῐνα
2578 5016 2853 5071 ἀναϐῶσιν
2881 5017 3064 5072 ἐπάνω
3089 5016 3188 5070 καὶ⁵
3215 5015 3452 5083 διώξωσι
3497 5015 3625 5074 τοὺς
3680 5007 3804 5058 Ῥω·

2251 5109 2444 5178 μαίους
2470 5105 2566 5160 καὶ
2587 5105 2685 5176 τὴν
2715 5105 2874 5159 πόλιν
2897 5105 3363 5176 αἰχμαλωτίσουν,
3385 5105 3506 5158 τότε
3546 5096 3684 5154 είδον
3710 5110 3803 5160 γυσ

2248 5200 2410 5254 ναῐκα
2432 5197 2558 5263 ὀξέα
2580 5197 2752 5268 ροὖκα
2775 5197 3051 5268 φοροῦσαν
3075 5198 3170 5250 καὶ
3193 5214 3260 5249 πε
3271 5193 3598 5267 ριτατοῦσαν
3624 5184 3802 5240 ἐπάνω

2246 5290 2356 5342 τῶν
2386 5289 2794 5361 προμαχιονίων
2816 5288 2912 5344 τοῦ
2955 5288 3060 5353 ἔξω
3109 5288 3375 5359 κάστρου.
3441 5286 3553 5341 Καὶ
3606 5276 3802 5343 ταύτην

2247 5511 2464 5579 γέρους.
2489 5507 2753 5579 Similiter
2787 5505 3083 5574 Chaliphas
3114 5504 3422 5579 Turcarum
3477 5505 3801 5579 Urspe‘rgell-

2244 5565 2328 5634 sis
2353 5565 2586 5648 appellat
2621 5577 2795 5648 f’apas
2824 5588 2882 5648 et
2916 5565 3234 5648 apostolicos
3262 5592 3374 5648 aug
3403 5565 3614 5648 gentis;
3641 5565 3800 5648 Vni‘ci-j-

2243 5651 2346 5705 sim
2377 5635 2476 5704 fuit
2499 5649 2586 5704 cui
2622 5635 2760 5718 Papa
2782 5635 3056 5718 diceretur
3082 5646 3123 5699 il
3157 5645 3299 5718 (ἔναξε
3327 5635 3496 5718 Τιᾶοο
3533 5643 3614 5696 dei
3629 5635 3800 5718 “Clarii

2240 5721 2428 5785 stiani,
2449 5727 2502 5790 et
2531 5705 2853 5790 Mahoinetjs
2887 5716 2952 5770 ΙΙΙ
2993 5719 3209 5790 legatus
3250 5715 3588 5790 Διιειοηίηυψ³
3623 5705 3800 5790 gauli?

2243 5791 2384 5854 regis
2411 5776 2744 5852 ministrum,
2792 5776 3074 5851 Magnum"
3094 5787 3351 5839 l’izr'rium
3384 5781 3690 5856 appellavit,
3743 5776 3798 5825 υῑ

2235 5860 2402 5916 refert
2424 5859 2560 5914 Tan.
2593 5857 2767 5914 Faber
2787 5857 2856 5913 ad
2885 5855 3187 5928 Longinum
3217 5873 3342 5929 pag.
3371 5857 3460 5912 17.
