4080 6602
328 377 402 443 81
1221 415 1224 418 θ
1529 392 1856 455 MANUEL
1888 394 2425 464 PAL/EOLOGUS.
3521 411 3593 476 82

324 497 564 593 ἰδόντες,
594 499 792 593 ακότος
813 501 906 555 καὶ
933 502 1067 575 ζάλη
1103 504 1196 558 καὶ
1226 504 1432 577 τρόμος
1453 507 1546 561 καὶ
1567 508 1734 577 φόϐος
1761 509 1917 577 ἄφνω

1990 513 2250 584 {Augusti
2286 516 2547 572 vicesima
2573 526 2792 590 quarta,
2818 519 2954 576 feria
3013 523 3272 593 secunda,
3326 525 3462 581 liora
3494 526 3601 592 diei

323 590 416 682 είς
447 591 544 654 τὰς
577 590 756 662 ψυχὰς
784 594 1006 665 εἰσῆλθε
1035 597 1147 652 τῶν
1188 597 1431 666 πάντων,
1479 600 1574 655 καὶ
1604 601 1745 672 πρὸς
1807 619 1910 668 φυ-

2017 610 2279 674 septima.
2316 608 2395 664 Ex
2435 609 2634 667 Turcis
2669 613 2890 682 quidam
2917 614 3186 670 vulnerati
3202 590 3266 670 et
3309 618 3435 672 caesi
3478 590 3607 673 sunt

322 681 440 749 γὴν
465 682 726 752 ἔσλεψαν,
749 686 845 739 καὶ
873 689 954 751 είς
978 689 1218 760 πόλεμον
1273 690 1398 755 οὐδὲ
1419 692 1593 764 ιὸλως,
1663 693 1763 754 καὶ
1804 694 1913 752 ἀπὸ

2017 712 2184 766 supra
2215 699 2364 755 mille
2396 717 2411 767 ;
2441 681 2758 769 exnostris,
2783 715 2840 760 ut
2868 715 3058 760 verum
3091 705 3283 768 fatear,
3338 707 3607 762 vulnerati

323 772 622 870 δυναμεώς
652 792 711 828 τε
740 777 836 829 καὶ
857 777 1074 850 τέχνης.
1114 782 1226 852 Τῆς
1263 784 1524 851 γυναικὸς
1552 785 1662 855 γὰρ
1693 785 1914 856 ἐκείνης

2015 799 2144 846 sunt
2170 791 2356 847 minus.
2381 802 2623 862 centum,
2658 796 2973 868 mortuique
3023 813 3131 854 non
3188 799 3374 869 plures
3436 816 3599 870 quam

324 864 534 960 ἔλαϐον
564 866 664 936 τὴν
695 868 922 935 δειλίαν,
950 873 1047 926 καὶ
1073 874 1430 946 ἠλευθερώθη
1459 877 1492 946 ἡ
1524 878 1700 941 πόλις.
1756 877 1911 945 Ἐγέ-

2015 880 2256 950 triginta.
2281 883 2350 946 Et
2372 885 2624 960 gaudete,
2646 901 2679 941 ο
2711 864 2904 958 amicil
2938 889 3172 960 gaudete
3188 864 3308 944 tum
3338 891 3409 946 ob
3455 864 3606 946 libe-

328 971 465 1006 νετο
501 955 556 1009 δὲ
590 957 762 1013 ταῦτα
793 963 943 1016 κατὰ
956 965 1053 1020 τὸν
1080 965 1275 1036 καιρὸν
1302 967 1398 1022 τοῦ
1447 967 1913 1039 ἑξακισχιλιοστοῦ

2017 973 2285 1028 rationem
2315 976 2491 1043 urbis,
2521 958 2632 1033 tum
2664 979 2735 1035 ob
2769 955 3200 1050 generositatem
3249 983 3598 1052 imperterri-

329 1045 755 1105 ἑννακοσιοστοῦ
772 1058 1099 1124 τριακοστοῦ
1114 1058 1302 1127 ἔτους,
1309 1061 1480 1131 μηνὸς
1491 1061 1805 1130 Αὐγούστου
1820 1063 1920 1128 κδ’,

2027 1071 2138 1119 tam
2171 1065 2565 1137 Romanorum,
2591 1079 2703 1125 tum
2730 1072 2803 1127 ob
2829 1072 3008 1128 modis
3032 1073 3292 1129 omnibus
3327 1075 3607 1129 admiran-

333 1136 538 1245 ἦξιέρίξ
557 1140 805 1245 δξξτίρᾳ,
838 1145 957 1236 ὥρᾳ
986 1149 1086 1217 τῆς
1115 1150 1330 1220 ἡμέρας
1375 1151 1604 1224 ἐῦδόμῃ.
1628 1154 1740 1207 Καὶ
1766 1155 1923 1226 παρὰ

2025 1158 2154 1212 dum
2190 1160 2582 1230 sanctissimae
2610 1161 2857 1233 Virginis
2884 1165 3232 1228 miraculum.
3283 1165 3434 1222 Hanc
3489 1168 3608 1220 lau-

337 1229 449 1330 μιν
470 1231 578 1286 τῶν
591 1235 694 1288 Τού
704 1252 850 1306 ρκων
875 1233 1229 1314 ὲλαδώθησαν
1247 1245 1344 1298 καὶ
1366 1243 1634 1298 ἀπέθανον
1658 1246 1918 1300 ἐπέκεινα

2023 1252 2170 1317 date,
2194 1252 2322 1308 huic
2352 1254 2578 1330 gloriam
2603 1229 2790 1324 dicite,
2822 1229 2876 1312 et
2898 1257 3132 1329 hymnos
3161 1260 3363 1327 gratias
3385 1271 3608 1328 agentes

336 1323 481 1420 ιιιᾶς
509 1325 767 1420 χιλιάδος,
791 1332 854 1387 ἐκ
881 1332 936 1386 δὲ
967 1333 1075 1386 τῶν
1119 1336 1416 1408 ἡμετέρων
1464 1337 1603 1407 μετὰ
1652 1337 1917 1409 ἀληθείας

2023 1345 2280 1412 οοηίίςίιο,
2303 1361 2402 1417 pro
2452 1347 2692 1404 maximo
2746 1332 2968 1408 nostrae.
3001 1332 3345 1420 liberationis
3415 1366 3604 1420 opere,

332 1416 705 1488 ιλαὸὡθησαν
743 1422 842 1490 μὲν
894 1425 1184 1491 ἐλάττονες
1213 1427 1324 1482 ἀπὸ
1359 1427 1582 1494 ἑκατὸν,
1643 1429 1920 1485 ἀπέθανον

2018 1449 2181 1505 quam
2213 1437 2494 1492 consecuti
2528 1453 2720 1495 sumus
2756 1455 2786 1495 a
2815 1441 3057 1512 gloriosa
3107 1417 3436 1512 semperque
3478 1439 3604 1494 Vir-

332 1509 402 1560 δὲ
432 1509 493 1561 οὐ
529 1510 773 1574 πλείονες
799 1514 909 1569 τῶν
941 1519 1255 1587 τριάκοντα.
1288 1522 1398 1576 Καὶ
1437 1521 1684 1592 χαίρετε,
1719 1515 1766 1576 ὧ
1817 1523 1910 1592 φί-

2019 1524 2143 1592 gine
2167 1534 2337 1581 matre
2359 1525 2576 1582 Domini
2607 1537 2663 1584 et
2694 1528 2786 1584 Dei
2815 1509 2870 1584 et
2901 1529 3202 1586 Salvatoris
3230 1509 3246 1512 _
3267 1509 3396 1584 Jesu
3447 1527 3607 1581 Chri-

331 1599 447 1663 λοι,
477 1603 700 1672 χαίρετε
729 1605 791 1658 τὸ
819 1606 920 1676 μὲν
949 1607 1046 1678 τὴν
1074 1609 1388 1683 ἐλευθερίαν
1430 1614 1532 1683 τῆς
1571 1614 1801 1680 πόλεως,
1843 1615 1903 1668 τὸ

2058 1655 2072 1680 ,
2105 1617 2194 1670 cui
2229 1619 2300 1672 sit
2337 1618 2508 1689 gloria
2535 1619 2589 1674 in
2619 1622 2843 1676 saecula.
2872 1622 3068 1678 Amen.
3661 1686 3669 1698 κ

332 1695 402 1748 δὲ
431 1696 542 1750 τῶν
558 1695 850 1767 Ῥωμαῖων
872 1705 935 1755 τὸ
967 1708 1213 1771 γενναῖον
1242 1707 1339 1760 καὶ
1372 1708 1818 1780 ἀκατάπληκτον,
1859 1711 1920 1764 τὸ
1942 1711 2002 1764 δὲ
2025 1711 2086 1764 τὸ
2120 1712 2552 1784 πανθαύμαστον
2577 1716 2764 1789 θαῦμα
2791 1718 2892 1788 τῆς
2924 1720 3228 1788 Παναγίας,
3256 1719 3350 1772 καὶ
3397 1717 3608 1784 ταύτην

334 1789 649 1886 ὑξινήσατε,
689 1793 1100 1864 δοξολογήσατε,
1153 1801 1246 1854 καὶ
1303 1801 1503 1872 ὕμνους
1532 1803 1994 1875 εὐχαριστηρίους
2032 1806 2399 1878 ἀναπέμψατε
2429 1813 2510 1874 είς
2579 1811 2640 1866 τδ
2713 1812 2974 1883 μέγιστον
3039 1814 3200 1886 ἔργον
3257 1813 3357 1881 τῆς
3389 1811 3609 1865 ἐλευθε-

338 1880 487 1952 ρίας,
531 1880 602 1955 ἦς
649 1889 1094 1960 εὐεργετήθημεν
1139 1895 1294 1964 παρὰ
1334 1896 1436 1965 τῆς
1487 1897 1695 1962 ἐνδόξου
1722 1900 1816 1951 καὶ
1843 1899 2208 1968 ἁειπαρθένου
2234 1902 2457 1972 Μητρὸς
2483 1901 2577 1958 τοῦ
2610 1880 2846 1976 Κυρίου,
2881 1907 2979 1960 καὶ
3011 1880 3172 1972 Θέοδ,
3206 1880 3322 1959 και
3345 1902 3604 1971 Σωτῆρος

335 1977 499 2045 ἡμῶν
572 1979 752 2048 Ἰησοῦ
812 1983 1091 2053 Χριστοῦέ
1133 1986 1290 2057 Αὺτῷ
1351 1989 1390 2057 ἡ
1429 1989 1558 2055 δόξα
1611 1992 1693 2054 είς
1735 1991 1862 2053 τοὺς
1902 1991 2136 2056 αἰῶνας.
2181 1994 2381 2065 Ἀμήν.
3089 1987 3100 2000 ’

368 2147 3606 2202 W

1579 2325 1750 2371 ANNO
1805 2326 2034 2371 DOMINI
2095 2328 2375 2373 MCDXXV.

837 2433 1592 2730 lliNllllL
1847 2495 3139 2731 Pliilloiolllls

1318 3010 1820 3103 NOTITIA
1933 3011 2632 3103 HISTORICA.

1045 3204 1222 3269 (Henr.
1247 3202 1471 3254 Warton.
1507 3203 1556 3252 in
1589 3201 1838 3266 supplem.
1891 3203 1950 3252 ad
1992 3205 2117 3255 Cave
2147 3205 2214 3254 De
2237 3204 2409 3268 script.
2432 3203 2605 3256 eccles.
2633 3206 2756 3269 'pag.
2799 3206 2902 3269 52.)

415 3503 627 3560 Hanuel
655 3505 698 3560 ll
726 3503 1090 3576 Palazologus,
1134 3502 1360 3561 Joannis
1390 3503 1431 3558 V
1459 3503 1743 3576 Palteologi
1797 3506 1927 3574 imp.
1961 3503 2104 3561 illius
2124 3516 2254 3561 natu
2283 3507 2501 3576 tertius,
2525 3506 2817 3578 imperium
2848 3522 2973 3564 rara
2999 3519 3127 3579 erga
3151 3515 3362 3578 patrem
3389 3509 3599 3580 pietate

335 3600 566 3656 meruit.
600 3598 735 3653 Cum
769 3595 1004 3652 Joannes
1027 3598 1170 3651 enim
1201 3607 1354 3666 pater
1377 3613 1523 3653 anno
1558 3597 1780 3653 circiter
1811 3598 1970 3660 1⁸580,
2005 3597 2263 3668 praefecto
2297 3599 2772 3672 Constantinopoli
2804 3600 3122 3658 Andronico
3155 3601 3269 3658 (ilio
3297 3611 3429 3658 natu
3467 3617 3589 3658 nia-

335 3694 516 3759 ximo,
549 3695 602 3748 in
635 3691 985 3748 Occidentem
1018 3690 1478 3763 proficisceretur,
1513 3700 1570 3748 ut
1601 3692 1846 3748 subsidia
1878 3709 1904 3745 a
1935 3692 2262 3749 Christianis
2297 3694 2642 3765 principibus
2675 3695 2939 3754 adversus
2969 3695 3412 3766 ingravescentes
3455 3693 3597 3754 Tur-

335 3801 537 3842 corum
570 3788 714 3842 vires
763 3785 1134 3855 conquireret,
1166 3793 1222 3840 et
1253 3785 1397 3840 inter
1423 3785 1760 3841 redeundum
1798 3784 2038 3841 Venetiis
2069 3801 2100 3840 a
2129 3788 2526 3844 mercatoribus
2567 3788 2638 3844 ob
2673 3788 2986 3844 usurariam
3016 3789 3306 3857 pecuniam
3341 3787 3590 3842 nondum

337 3885 656 3941 exsolutam
687 3884 1045 3951 detineretur,
1079 3883 1450 3948 Andronicus,
1491 3883 1559 3939 de
1590 3885 1818 3954 imperio
1855 3899 2102 3949 securus,
2139 3886 2309 3955 patris
2349 3886 2719 3955 captivitatem
2747 3885 2800 3939 in
2831 3885 2956 3940 sinu
2987 3885 3144 3940 risit:
3186 3884 3404 3940 Manuel
3451 3900 3603 3950 vero,

337 3978 646 4035 corrasisae
666 3978 988 4048 praefectura
1012 3993 1108 4033 sua
1139 3977 1615 4034 Tliessalonicensi
1644 3976 1908 4048 pecuniis,
1943 3975 2199 4034 Venetias
2225 3979 2558 4048 properavit,
2587 3987 2644 4033 et
2668 3979 2957 4048 expunctis
2985 3985 3350 4033 mercatorum
3398 3977 3601 4032 tabulis

337 4084 557 4146 patrem
590 4074 840 4130 redemit.
895 4073 1191 4130 Andronici
1233 4074 1439 4130 scelere
1490 4074 1890 4141 incarceratus,
1923 4074 2186 4130 Manuclis
2237 4075 2435 4144 pietate
2484 4075 2750 4132 liberatus
2787 4073 3028 4131 Joannes
3058 4074 3192 4144 imp.
3225 4113 3241 4139 ,
3273 4073 3426 4129 illum
3467 4089 3594 4130 cum

338 4170 558 4226 Joanne
591 4169 1115 4233 tilioexbaeredavit,
1147 4168 1312 4222 istum
1347 4167 1557 4237 imperii
1593 4180 1969 4223 successorem
2029 4167 2132 4222 sibi
2169 4176 2388 4223 mortuo
2425 4166 2758 4238 designavit,
2799 4170 3009 4224 socium
3067 4169 3172 4225 sibi
3217 4170 3345 4226 vivo
3405 4170 3606 4225 ascivit

342 4281 496 4322 anno
520 4267 734 4322 circiter
754 4265 913 4322 1584.
950 4264 1315 4329 Andronicus,
1340 4265 1610 4334 ejusmodi
1636 4265 1932 4333 ignominia
1967 4263 2020 4318 in
2052 4265 2259 4319 rabiem
2288 4274 2463 4329 actus,
2497 4267 2562 4320 ad
2589 4265 2894 4335 Bajazetem
2926 4267 3232 4322 Turcorum
3257 4281 3440 4336 regem
3471 4281 3605 4322 con-

289 4410 293 4414 ,
343 4358 526 4430 fugit;
552 4368 606 4416 et
625 4360 798 4430 copiis
828 4358 976 4414 illius
999 4358 1363 4413 auxiliaribus
1392 4358 1631 4427 adjutus,
1666 4356 2195 4427 Consmntinopolim
2219 4368 2515 4430 expugnat,
2545 4367 2753 4428 patrem
2793 4360 3130 4431 fratremque
3161 4361 3369 4416 carceri
3397 4360 3604 4416 manci-

343 4466 464 4529 pat,
497 4466 551 4512 et
579 4456 864 4526 imperium
893 4437 1362 4512 iuvaditCExacto
1400 4454 1454 4507 in
1477 4467 1698 4509 carcere
1730 4452 1964 4508 triennio
1987 4452 2235 4509 Joannes.
2263 4463 2318 4508 et
2343 4454 2554 4509 Mannel
2600 4455 2740 4510 filius
2767 4456 2904 4512 salvi
2935 4455 3202 4522 evadunt,
3227 4465 3283 4511 et
3326 4455 3598 4527 Bajazetis

343 4553 591 4623 tyranni,
619 4552 936 4608 Andronico
963 4551 1287 4622 jamdudum
1332 4549 1647 4605 infensioris
1687 4549 1836 4613 facti,
1875 4548 2058 4606 favore
2075 4559 2132 4605 et
2157 4551 2376 4607 auxiliis
2401 4551 2512 4617 usi,
2548 4553 2832 4620 imperium
2865 4563 3217 4623 recuperarit,
3247 4561 3302 4608 et
3325 4552 3605 4608 Androni-

344 4667 477 4709 cum
509 4651 564 4705 in
597 4663 872 4705 carcerem
909 4656 1231 4720 perpetuum
1267 4647 1646 4703 abducendum
1665 4645 1862 4701 Turcis
1885 4646 2256 4704 committunt.
2280 4649 2439 4702 Amm
2474 4648 2606 4704 1591
2638 4647 2900 4704 defuncto
2927 4647 3141 4704 Joanne
3171 4657 3347 4720 patre,
3385 4646 3605 4704 Manuel

345 4745 504 4802 solus
540 4743 800 4812 deinceps
832 4756 1062 4814 regnare
1093 4740 1292 4812 coepit:
1324 4754 1560 4810 cumque
1591 4739 1804 4810 imperii
1828 4739 2166 4809 majestatem
2199 4740 2464 4796 adversus
2496 4740 2768 4810 Bajazetis
2790 4739 3052 4796 ferociam
3077 4748 3396 4796 constanter
3419 4750 3607 4794 tuere-

348 4848 462 4905 tur,
489 4837 840 4895 decennalem
869 4837 1056 4894 statim
1091 4837 1253 4908 regiaa
1275 4834 1428 4890 urbis
1457 4832 1800 4890 obsidionem
1827 4828 2022 4904 passus
2048 4841 2151 4889 est.
2184 4833 2302 4904 Ipse
2332 4834 2487 4888 urbis
2515 4849 2646 4890 cura
2675 4833 3103 4902 defensioneque
3134 4831 3359 4897 Joanni,
3383 4833 3602 4886 Andro-

253 4940 260 4944 ’
349 4936 460 4993 nici
485 4934 676 4991 fratris
706 4934 837 4999 lilio,
863 4931 1186 5000 commissa,
1213 4931 1270 4987 in
1290 4930 1641 4987 Occidentem
1670 4936 1900 5001 paterno
1924 4930 2175 4999 exemplo
2205 4930 2446 4986 subsidia
2479 4945 2509 4985 a
2540 4929 2749 4987 Latinis
2779 4931 3175 5001 impetraturus
3207 4927 3428 4998 navigat
3453 4943 3468 4993 ;
3505 4940 3605 4995 pa-

349 5041 510 5087 terno
538 5029 704 5084 etiam
733 5017 1035 5083 infortunio
1065 5040 1218 5082 usus.
1240 5027 1535 5096 Postquam
1562 5023 1710 5080 enim
1747 5022 1980 5088 Italiam.
2004 5023 2260 5090 Galliam,
2293 5023 2566 5095 Angliam,
2596 5023 2946 5080 Germaniam
2978 5033 3031 5078 et
3063 5020 3404 5078 Pannoniam
3435 5033 3601 5089 pera-

351 5134 586 5197 grasset,
636 5124 1168 5196 Constantinopolim
1215 5123 1438 5179 demum
1481 5137 1539 5178 re
1557 5119 1756 5176 infecta
1807 5120 1989 5176 rediit.
2027 5121 2340 5190 Desperatis
2373 5121 2488 5177 fere
2527 5122 2693 5177 rebus
2723 5117 3350 5190 Constantinopolitanis
3382 5116 3608 5172 aliunde

349 5220 526 5278 eluxit
554 5219 728 5275 salus.
756 5217 1079 5275 Tamerlane
1105 5217 1252 5274 enim
1285 5215 1644 5272 Tartarorum
1678 5215 1922 5286 principe
1961 5214 2028 5270 ad
2062 5216 2347 5286 suppetias
2375 5214 2610 5271 Manueli
2657 5214 2911 5270 ferendas
2947 5229 3072 5270 cum
3105 5213 3311 5284 ingenti
3346 5209 3597 5268 exercitu

347 5313 661 5378 advolante,
693 5312 968 5381 Bajazetes
990 5325 1136 5367 anno
1164 5310 1296 5367 1401
1331 5310 1673 5367 obsidionem
1704 5309 1889 5375 solvit,
1911 5317 1968 5366 et
1987 5310 2286 5366 commisso
2316 5324 2463 5368 anno
2489 5310 2740 5380 sequenti
2764 5324 2888 5364 cum
2926 5308 3176 5366 Tartaris
3211 5306 3398 5378 praelio
3425 5305 3608 5362 vinci—

350 5418 444 5464 tur
475 5422 539 5464 ac
566 5409 813 5477 captivus
845 5407 1151 5463 abducitur.
1181 5405 1394 5463 Manuel
1424 5406 1700 5462 exstincto
1730 5414 1962 5476 tyranno
1995 5413 2314 5476 perpetuam
2346 5420 2468 5462 cum
2497 5404 2805 5461 Mabometo
2846 5403 2968 5474 ejus
2993 5402 3108 5460 lilio
3143 5417 3333 5474 pacem
3363 5400 3528 5457 iniit:
3553 5409 3610 5455 et

350 5503 644 5574 imperium
670 5502 926 5572 deinceps
956 5517 1184 5559 securus
1225 5503 1418 5558 tenuit.
1459 5498 1627 5564 Obiit.
1659 5499 1739 5554 uti
1775 5499 1989 5565 volunt,
2030 5513 2176 5553 anno
2209 5497 2365 5567 1418,
2421 5497 2620 5554 rectius
2653 5512 2785 5555 vero
2814 5496 2972 5563 1425,
3004 5501 3292 5566 postquam
3324 5494 3479 5551 senio
3511 5493 3606 5549 de-

352 5595 485 5652 bilis
514 5596 725 5667 imperii
753 5595 1056 5666 lampadem
1088 5595 1286 5652 Joanni
1317 5595 1426 5650 tilio
1454 5609 1596 5651 anno
1627 5594 1762 5650 1419
1796 5590 2135 5648 tradidisset.

1959 5775 2022 5788 .-
