4080 6682
258 1091 296 1164 Ξ

759 366 762 369 ¹
828 364 920 382 “om
967 375 972 380 .

378 389 471 464 '93
697 377 708 383 “
856 377 920 382 ί’“
967 377 972 380 ⁷
1249 409 1529 472 onmo
1569 409 1656 472 IN
1698 408 2242 477 nonurrroxsu
2287 409 2388 472 ss.
2435 406 2812 470 numne.
2903 478 2908 482 ν
3558 391 3630 457 94

403 502 568 566 dixit,
602 502 902 559 laudationi
941 503 1198 574 imposuit
1233 505 1564 562 coronidem.
1627 505 1755 562 Htec
1821 507 1961 562 enim
1985 511 2036 567 A
2077 507 2327 578 produxit
2357 509 2600 562 enlbilo.
2640 508 2718 561 Tu
2755 524 2882 563 vero
2919 524 3038 563 cum
3067 510 3173 565 illis
3220 511 3286 566 de
3339 513 3620 567 nobilitate

398 607 592 646 revera
618 601 702 648 est
733 609 944 649 summa
984 597 1358 650 encomiorum
1385 636 1400 658 ,
1449 611 1803 667 quaecumque
1851 611 1960 652 non
2001 610 2018 631 ’

399 682 573 734 modo
595 683 776 753 lingua
813 687 1116 748 hominum.
1157 687 1250 742 sed
1282 689 1525 756 ipsorum
1557 705 1776 760 quoque
1810 691 1876 746 de
1909 699 1959 746 te

399 771 648 838 proferat
674 776 1010 840 angelorum.
1049 775 1191 842 Quid
1222 779 1368 833 enim
1404 779 1470 832 ad
1500 780 1715 834 laudem
1745 762 1959 834 tantum

399 863 572 924 valet.
594 876 854 932 quantum
886 882 1130 924 asserere
1153 870 1327 939 ipsam
1361 879 1414 924 te
1451 871 1762 926 Divinitatis
1806 871 1955 926 llam-

396 969 552 1007 mam
579 959 884 1027 suscepisse
917 968 1112 1023 utero,
1167 970 1222 1016 et
1274 963 1582 1031 purissimae
1632 964 1779 1018 illius
1828 963 1964 1017 lucis

393 1060 570 1116 srtpra
597 1064 782 1105 omnes
805 1063 1084 1110 creaturas
1119 1064 1420 1123 compotem
1468 1055 1664 1110 factam
1689 1096 1704 1118 ,
1752 1056 1957 1109 nullum

273 1147 326 1221 δ’
397 1146 586 1192 tamen
642 1139 765 1195 inde
816 1142 1202 1224 detrimentum
1250 1148 1505 1216 passam?
1555 1147 1692 1213 Quid
1745 1149 1959 1200 tamlem

395 1230 587 1292 fuerit.
616 1235 757 1300 quod
790 1234 946 1304 longe
973 1236 1201 1292 inferius
1235 1252 1340 1290 non
1373 1239 1483 1292 sit?
1518 1239 1698 1302 Quare
1729 1238 1964 1306 appella-

389 1320 551 1372 tione
580 1323 680 1376 hac
720 1325 874 1390 quasi
905 1327 1143 1393 generali
1167 1327 1400 1393 quodam
1435 1327 1619 1388 titulo,
1645 1342 1768 1381 eum
1796 1327 1960 1380 animi

389 1415 646 1468 studium
679 1425 732 1472 et
757 1418 1090 1472 voluntatem
1125 1420 1258 1473 satis
1295 1419 1754 1474 declaraverimus
1782 1459 1798 1484 ,
1836 1433 1962 1486 spe-

387 1507 633 1559 cialibus
679 1524 786 1563 non
836 1508 1167 1562 abutendum
1223 1511 1590 1565 arbitramur:
1658 1511 1758 1563 hoc
1817 1509 1961 1562 enim

388 1598 560 1663 plane
589 1609 735 1654 esset
789 1601 1192 1666 existimantis,
1238 1602 1508 1670 perveniri
1559 1601 1748 1654 saltem
1799 1615 1962 1668 posse

385 1700 566 1754 prope
597 1689 672 1748 id,
711 1693 854 1758 quod
894 1691 1177 1753 condecet,
1217 1706 1339 1745 cum
1364 1707 1466 1746 nec
1507 1692 1619 1746 ﬁeri
1651 1690 1842 1759 possit,
1862 1704 1961 1744 nec

385 1790 418 1828 a
449 1779 652 1830 mentis
691 1795 836 1833 sanae
868 1781 980 1835 viro
1009 1781 1219 1850 sperari
1241 1823 1253 1842 ,
1289 1782 1514 1852 perimle
1567 1797 1630 1836 ac
1662 1781 1707 1836 si
1739 1783 1860 1851 quis
1889 1780 1955 1834 ad

2078 608 2288 656 natura
2319 615 2654 670 nequaquam
2684 603 2974 656 certaveris
2995 643 3008 664 ,
3041 618 3247 657 memor
3285 604 3401 672 ejus
3421 645 3441 664 ,
3475 607 3621 673 quod

2074 705 2107 747 ι
2146 699 2240 744 tuo
2263 707 2462 760 proavo
2482 693 2680 746 dictum
2709 701 2793 748 est
2820 694 2888 748 de
2937 694 3218 749 Salvatore
3259 704 3467 759 nostro,
3497 709 3622 749 cmn

2075 779 2246 838 solam
2295 783 2348 836 in
2387 798 2453 837 eo
2497 785 2797 838 mortalem.
2827 794 3031 853 partem
3062 786 3431 840 consideraret
3465 804 3477 840 :
3520 785 3625 838 Mi-

2072 875 2229 927 nut'm'
2247 892 2360 928 eum
2383 877 2540 940 paulo
2565 878 2732 930 minus
2759 877 2824 930 ab
2851 877 3046 946 angelis
3071 876 3257 944 (Hebr.
3281 894 3341 939 ll,
3364 879 3395 929 7
3412 878 3452 944 l,
3491 892 3628 941 quo-

2071 978 2192 1017 rum
2226 965 2292 1016 ab
2324 965 2479 1019 initio
2505 953 2700 1020 natura
2730 967 2945 1020 condita
2997 967 3095 1019 fttit
3143 968 3487 1020 immortalis.
3516 967 3629 1020 Cac-

2074 1063 2244 1107 terum
2293 1055 2434 1122 quod
2485 1057 2675 1110 attinet
2727 1057 2790 1110 ad
2844 1057 3068 1124 gloriam
3129 1069 3182 1110 et
3235 1058 3574 1126 splendorem
3607 1098 3624 1121 ,

2070 1157 2228 1210 quem
2262 1143 2426 1197 habes
2458 1145 2509 1198 in
2551 1147 2684 1206 Deo.
2713 1161 3094 1215 summumque
3117 1147 3170 1200 in
3203 1157 3255 1200 te
3280 1147 3625 1209 miraculum,

2069 1231 2194 1286 licet
2233 1234 2632 1291 modestissima
2665 1238 2739 1291 sis
2771 1279 2786 1302 ,
2843 1239 2950 1291 illis
2983 1253 3320 1306 nequaquam
3347 1237 3577 1292 cesseris
3607 1252 3623 1289 :

2071 1339 2194 1377 nam
2230 1325 2273 1378 si
2299 1328 2423 1394 quis
2448 1328 2542 1380 tibi
2577 1329 2824 1383 conferre
2842 1330 2970 1384 velit
3009 1331 3346 1384 substantias
3377 1329 3626 1393 corporis

2069 1427 2336 1482 expertes,
2376 1417 2606 1472 inveniet
2640 1420 2731 1487 (ut
2763 1420 2962 1474 Paulus
2991 1420 3204 1489 inquit)
3244 1435 3339 1474 eas
3365 1435 3488 1474 esse
3533 1419 3631 1472 ad-

2073 1504 2500 1560 ministratorios
2525 1507 2764 1573 spiritus.
2797 1510 2888 1575 qui
2916 1509 2980 1561 ad
3009 1509 3364 1562 ministerium
3395 1509 3628 1560 mittun-

2072 1604 2183 1658 tur,
2203 1603 2421 1662 propter
2441 1611 2554 1655 eos.
2578 1597 2670 1665 qui
2699 1598 3060 1652 ham-ditatem
3087 1600 3296 1666 capient
3334 1600 3557 1653 salutis:
3579 1607 3632 1652 te

2072 1694 2252 1740 autem
2282 1729 2299 1752 ,
2340 1703 2372 1739 o
2399 1686 2562 1757 Virgo
2590 1728 2605 1754 ,
2657 1689 3040 1757 primitiarum,
3076 1697 3127 1743 et
3166 1688 3631 1742 reconciliationis

2074 1781 2180 1833 vim
2224 1781 2555 1836 obtinentem
2580 1781 2720 1849 apud
2749 1795 2896 1844 eum,
2938 1780 3029 1848 qui
3057 1779 3308 1847 primitiae
3343 1787 3398 1832 et
3438 1792 3629 1830 recon-

388 1871 842 1937 rcstinguendam
873 1875 1400 1928 vehementissimam
1443 1875 1612 1936 sitim,
1665 1888 1769 1938 qua
1838 1887 1958 1925 ma.
1989 1853 2036 1912 B
2075 1869 2282 1923 ciliatio
2306 1881 2388 1924 est
2424 1871 2567 1938 apud
2599 1887 2758 1924 suum
2806 1869 3019 1923 Patrem
3079 1871 3316 1922 humano
3356 1867 3626 1922 infensum

388 1958 540 2013 xime
589 1971 948 2029 premeretur,
984 1964 1336 2032 persuaderet
1363 1965 1488 2027 sibi,
1514 1980 1674 2033 posse
1705 1964 1960 2018 facillime

392 2064 593 2117 aquam
626 2067 842 2106 omnem
901 2055 1193 2108 exhaurire
1211 2056 1526 2124 potabilem,
1550 2067 1606 2109 et
1625 2055 1852 2123 proinde
1875 2055 1962 2107 in-

400 2148 584 2203 tegros
612 2140 916 2207 Euphrates
960 2153 1016 2197 et
1049 2145 1235 2212 Tigres
1277 2145 1668 2214 aggrederetur
1720 2144 1958 2197 ebibere.

405 2225 536 2280 Nam
567 2245 660 2283 nec
700 2230 791 2283 ille
818 2233 1016 2287 mentis
1050 2248 1274 2302 compos
1327 2235 1622 2288 haberetur
1653 2249 1681 2286 a
1705 2235 1964 2303 sapienti-

400 2318 521 2380 bus,
551 2335 648 2373 nec
675 2321 774 2388 ipsi
808 2323 851 2375 si
887 2323 1365 2377 vehementissimo
1397 2340 1521 2393 erga
1547 2333 1602 2377 te
1632 2325 1955 2378 insanientis

393 2409 563 2462 animi
603 2411 785 2465 studio
819 2414 1086 2480 compulsi
1128 2415 1370 2468 laborem
1397 2415 1727 2473 subiremus.
1765 2414 1854 2482 qui
1887 2412 1954 2466 ad

393 2501 558 2554 finem
586 2503 806 2570 perduci
841 2521 944 2558 non
973 2515 1168 2572 potest,
1207 2508 1385 2561 conati
1415 2507 1663 2560 videlicet
1697 2507 1954 2576 hymnum

390 2595 506 2644 tuis
542 2593 747 2647 meritis
782 2597 1216 2662 'respondentem
1265 2597 1478 2650 offerre.
1512 2595 1644 2648 Nam
1691 2598 1831 2649 sicut
1869 2611 1957 2648 ve-

384 2682 579 2736 cordia
607 2695 749 2739 esset
783 2687 1037 2740 arbitrari
1088 2688 1382 2744 lucidiores
1422 2689 1534 2742 fieri
1579 2689 1759 2741 radios
1815 2688 1926 2741 mul

385 2783 574 2826 tarum
610 2791 710 2844 ope
736 2778 1104 2842 lucernarum,
1137 2789 1228 2831 aut
1260 2782 1585 2834 immensum
1606 2781 1708 2834 hoc
1735 2780 1955 2845 pelagus

387 2863 570 2916 unius
621 2874 787 2931 gutta:
819 2867 1126 2935 adiectione
1155 2868 1359 2936 augeri.
1391 2869 1645 2921 similiter
1675 2878 1727 2920 et
1765 2868 1953 2921 conari

385 2951 647 3006 laudibus
678 2963 747 3012 te.
780 2951 966 3023 Virgo,
1002 2957 1263 3010 extollere
1293 2973 1387 3010 vas
1417 2957 1684 3010 donorum
1710 2959 1950 3009 omnium

383 3043 705 3096 divinorum
740 3045 981 3111 plenum,
1012 3057 1268 3113 tantaque
1296 3047 1640 3100 sublimatam
1667 3048 1950 3116 dignitate.

385 3144 455 3187 ut
483 3149 598 3187 eam
629 3137 712 3189 vel
741 3135 938 3205 lingere
967 3139 1114 3191 nulla
1143 3153 1296 3192 mens
1327 3141 1533 3205 possit:
1567 3140 1834 3207 siquidem
1866 3140 1948 3192 in-

2074 1961 2279 2029 generi,
2305 1962 2373 2014 ob
2410 1962 2660 2029 injuriam
2687 1961 3164 2031 praevaricationis.
3221 1960 3284 2013 Ut
3312 1961 3454 2014 enim
3491 1959 3628 2027 ipse,

2072 2051 2198 2119 quia
2234 2033 2424 2115 Filius,
2461 2052 2600 2119 apud
2632 2053 2938 2107 Genitorem
2975 2052 3302 2120 propitiatio,
3349 2061 3402 2104 tu
3431 2050 3633 2118 pariter

2074 2141 2214 2209 apud
2250 2142 2427 2210 ipsum
2481 2152 2668 2210 utpote
2706 2141 2974 2196 Geuitrix.
3017 2141 3233 2207 Quanto
3285 2143 3447 2208 igitur
3494 2154 3631 2208 przc-

2075 2234 2308 2287 stantius
2339 2233 2436 2286 hoc
2464 2249 2544 2287 εει
2573 2235 2788 2286 illorum
2824 2234 3019 2298 ollicio,
3051 2242 3202 2286 tanto
3233 2241 3288 2284 tn
3321 2233 3448 2284 illis.
3479 2231 3628 2295 Qua-

2074 2329 2300 2388 propter
2329 2321 2532 2385 optimo
2560 2321 2791 2374 consilio
2822 2329 3054 2374 mentem
3088 2337 3149 2374 ac
3191 2322 3428 2385 linguam
3460 2319 3632 2372 conti-

2075 2424 2203 2462 nere
2230 2409 2469 2472 decrevi,
2501 2426 2622 2478 quia
2655 2413 2718 2463 ad
2741 2411 3032 2466 nectendas
3067 2412 3252 2465 laudes
3274 2412 3518 2480 prosilire
3538 2426 3633 2462 ea-

2073 2511 2220 2563 vent,
2250 2509 2303 2552 et
2339 2498 2516 2554 favent
2540 2502 2604 2553 ad
2637 2501 2736 2554 hoc
2771 2502 2899 2554 mihi
2943 2503 3263 2566 luculenter,
3302 2502 3392 2568 qui
3427 2516 3454 2552 a
3483 2500 3632 2566 prin-

2075 2589 2215 2659 cipio
2245 2606 2421 2658 usque
2451 2591 2627 2645 adhuc
2662 2592 2903 2660 egregias
2953 2592 3049 2644 tibi
3099 2599 3492 2645 contexuerunt
3517 2605 3630 2650 cn-

2075 2683 2373 2737 comiorum
2399 2697 2651 2737 ceronas.
2679 2672 2856 2736 Taceo
2898 2683 3206 2750 angelorum
3255 2683 3498 2743 ordines,
3534 2681 3628 2747 qui
3681 2729 3694 2742 ,

2077 2773 2207 2827 mihi
2241 2773 2493 2827 videntur
2533 2773 2979 2842 prteclarissimus
3025 2773 3118 2825 tibi
3177 2773 3405 2842 hymnos
3449 2773 3628 2822 tacitis

2074 2865 2366 2918 concinere
2391 2865 2656 2926 vocibus'.
2710 2864 3098 2932 stupendisque
3147 2861 3468 2929 praeconiis,
3510 2875 3630 2927 qua:

2073 2954 2382 3033 mortalium
2409 2970 2559 3008 mens
2586 2969 2779 3022 capere
2802 2970 2906 3008 non
2934 2962 3114 3022 queat.
3142 2952 3459 3005 inferiorum
3481 2967 3630 3002 lltt'n-

2075 3047 2273 3101 tionem
2304 3045 2514 3101 faciam.
2537 3047 2762 3112 Quinam
2787 3062 2916 3100 vero
2946 3046 3062 3098 illi?
3086 3044 3384 3108 Pronhetm,
3407 3055 3630 3111 aposto-

2073 3140 2248 3194 lorum
2299 3149 2494 3202 cretus,
2536 3138 2846 3208 pontificum
2901 3149 3127 3190 catervae
3154 3177 3166 3198 ,
3208 3145 3486 3188 oratorum
3537 3149 3628 3187 so-

387 3227 1928 3299 circumscriptnm,nulliscontentumspatiis,inaccessi
1990 3235 2034 3298 C
2075 3233 2484 3301 pltistarumque
2515 3230 2754 3297 ipsorum
2787 3229 2839 3282 in
2887 3243 2944 3282 re
2989 3228 3288 3295 theologica
3338 3225 3629 3279 celeberri-

387 3316 557 3370 bilem
592 3317 693 3385 ipsi
727 3319 888 3370 etiam
923 3327 1131 3374 natura:
1157 3320 1422 3389 spirituali
1455 3361 1469 3381 ,
1527 3331 1812 3389 postquam
1845 3315 1955 3376 cir-

389 3407 737 3476 cumscripto
801 3418 894 3461 tuo
922 3418 1073 3463 utero
1101 3412 1270 3465 voluit
1293 3412 1694 3476 circumscribi,
1725 3412 1953 3467 circum-

390 3499 654 3566 scriptum
701 3501 914 3553 emt-ere
945 3501 1193 3569 potuisti,
1227 3511 1281 3555 et
1323 3503 1501 3570 spatio
1533 3511 1870 3566 contentum,
1901 3512 1957 3560 et

391 3591 772 3646 accessibilem
821 3591 917 3644 tibi
979 3594 1278 3646 secundum
1347 3594 1700 3664 hypostasim.
1748 3595 1954 3660 Captus

387 3681 537 3734 enim
569 3691 654 3736 est
690 3682 788 3752 (ut
818 3684 889 3734 ita
916 3684 1091 3736 dicam
1120 3686 1136 3744 )
1170 3685 1363 3738 animae
1395 3697 1500 3739 tua!
1527 3686 1953 3753 pulchritudine,

389 3776 485 3844 qui
512 3791 621 3829 non
681 3775 928 3842 subiacet
979 3776 1261 3830 all'ectihus
1306 3777 1468 3830 animi
1497 3820 1510 3839 ,
1571 3787 1623 3829 et
1664 3781 1955 3834 conclusus

388 3867 572 3933 spatio
598 3873 681 3921 est
712 3867 764 3918 in
801 3876 874 3929 te,
901 3869 990 3934 qui
1020 3868 1186 3922 nullis
1218 3868 1518 3921 includitur
1551 3871 1798 3923 terminis
1827 3912 1840 3934 ,
1875 3881 1955 3924 te-

390 3973 502 4026 que
527 3973 750 4012 suorum
783 3959 1048 4012 donorum
1084 3959 1212 4014 fecit
1236 3961 1578 4022 thesaurum,
1613 3970 1666 4012 et
1710 3976 1950 4028 promam

391 4046 649 4100 condam.
680 4047 788 4100 lloc
812 4059 863 4102 te
893 4049 1233 4118 mysterium.
1266 4060 1324 4104 ιιι
1351 4066 1471 4116 quae
1495 4051 1663 4104 nullis
1686 4058 1951 4103 arctatum

395 4135 645 4188 terminis
677 4145 831 4188 utero
861 4138 1176 4204 suscepisti,
1209 4148 1261 4191 et
1294 4139 1585 4192 Cherubim
1622 4141 1744 4192 iecit
1777 4140 1952 4194 hono-

397 4222 730 4288 rabiliorem,
757 4233 810 4277 et
841 4223 1124 4294 Seraphim
1159 4220 1531 4294 gloriosiorcm
1561 4269 1574 4290 ,
1619 4231 1698 4282 vel
1731 4244 1956 4297 compa-

398 4316 608 4370 ratione
640 4316 758 4384 ipsa
796 4317 938 4370 haud
974 4317 1136 4370 facili.
1167 4317 1298 4370 Nam
1341 4331 1600 4386 quantum
1652 4322 1792 4373 inter
1844 4323 1955 4389 glo-

400 4405 532 4458 riam
569 4417 743 4468 tuam,
769 4422 1153 4476 summumque
1177 4413 1493 4477 angelorum
1525 4412 1764 4464 ordinem
1787 4413 1954 4465 inter-

401 4496 496 4558 sit,
526 4496 680 4550 solus
713 4497 925 4549 noverit
952 4497 1114 4559 Deus,
1142 4509 1356 4567 captum
1386 4515 1511 4552 vero
1556 4502 1844 4553 humanum
1874 4502 1956 4555 fu-

399 4586 475 4651 git
501 4583 746 4648 omnino,
773 4584 907 4638 adeo
938 4586 1187 4654 superior
1223 4602 1281 4640 es
1321 4588 1571 4640 universa
1608 4600 1799 4640 natura
1842 4589 1956 4654 spi-

2079 3338 2329 3386 morum,
2375 3329 2428 3372 et
2474 3321 2526 3372 in
2580 3319 2726 3372 omni
2762 3319 3026 3372 doctrina:
3063 3334 3258 3387 genere
3302 3318 3627 3371 eximiorutn

2077 3424 2184 3468 tam
2216 3422 2438 3477 nostra,
2470 3428 2627 3480 quam
2663 3420 3044 3476 extranea:;et
3087 3412 3131 3464 si
3165 3418 3390 3463 venuste
3448 3409 3632 3462 dicen-

2077 3507 2201 3560 dum
2242 3513 2322 3558 est
2359 3502 2607 3570 aliquid,l
2635 3502 2980 3556 confessores
3013 3516 3122 3554 sua:
3171 3501 3290 3553 vitae
3317 3500 3588 3554 curriculo
3613 3539 3629 3562 ,

2079 3608 2340 3666 martyres
2369 3593 2462 3662 per
2489 3607 2573 3650 ea.
2603 3608 2722 3661 qttze
2749 3591 2887 3658 passi
2919 3600 3065 3654 sunt,
3097 3605 3259 3644 voces
3289 3605 3352 3644 ex
3385 3604 3478 3645 Ore
3511 3589 3630 3641 illo-

2081 3705 2196 3740 rum
2233 3683 2483 3752 profectu:
2525 3682 2700 3735 adhuc
2729 3683 2809 3735 lac
2845 3682 3150 3733 rcdolentes
3181 3680 3482 3734 clamabant
3522 3675 3632 3729 11οο

2080 3790 2287 3831 summ:
2315 3777 2431 3843 ipse
2461 3775 2602 3828 inter
2651 3781 2807 3825 natos
2841 3771 3125 3823 mulierum
3157 3770 3328 3836 major
3351 3809 3365 3830 ,
3400 3770 3489 3837 qui
3524 3769 3631 3821 sa!-

2077 3872 2224 3923 tibus
2254 3867 2604 3920 Conditorem
2635 3862 2946 3922 celebravit,
2973 3862 3148 3913 adhuc
3191 3861 3398 3928 positus
3432 3860 3482 3912 in
3513 3874 3630 3910 tua-

2079 3963 2178 4014 tris
2204 3968 2378 4020 utero.
2407 3971 2530 4009 cum
2562 3955 2734 4008 ollicio
2767 3954 2962 4020 linguae
3008 3953 3083 4002 ιιιὶ
3134 3966 3241 4003 non
3295 3957 3476 4017 posset
3505 3988 3520 4010 ,
3575 3957 3628 4000 et

2079 4049 2386 4106 summatim
2420 4047 2672 4115 quisquis
2730 4043 2869 4098 Filio
2915 4053 3007 4096 tuo
3059 4039 3334 4109 quidpiam
3385 4039 3622 4096 obtulit.

2079 4142 2204 4194 dtttn
2239 4141 2312 4192 illi
2341 4139 2565 4207 gloriam
2595 4136 2882 4198 tribueret,
2916 4142 2968 4188 te
2997 4147 3212 4202 quoque
3241 4131 3427 4200 gloriae
3459 4130 3627 4192 parti-

2079 4234 2247 4301 cipem
2267 4228 2592 4292 declarabat,
2613 4223 3079 4295 quandoquidem
3106 4224 3170 4276 ad
3197 4229 3448 4293 parentes
3463 4220 3624 4274 etiam

2081 4321 2356 4377 referenda
2393 4326 2521 4374 sunt
2551 4333 2672 4386 qua:
2699 4317 2808 4370 nati
2841 4316 3058 4369 habent.

2146 4413 2306 4466 Certe
2337 4411 2540 4464 multos
2560 4418 2612 4462 et
2635 4408 2881 4476 egregios
2907 4407 2961 4460 in
2998 4404 3211 4458 dicendi
3258 4403 3516 4458 facultate
3547 4406 3628 4457 vi-

2078 4506 2269 4559 demus
2301 4509 2573 4568 qttotquot
2618 4501 2670 4554 in
2724 4509 2938 4552 tuarum
2992 4497 3210 4550 laudum
3256 4496 3480 4564 pelagus
3505 4511 3629 4550 sese

2077 4597 2361 4658 dederunt,
2390 4593 2504 4660 qui,
2547 4599 2600 4646 et
2647 4593 2848 4659 Optima
2900 4588 3251 4642 dicendorum
3294 4587 3626 4649 inventione,

400 4676 624 4726 rituum.
658 4672 834 4728 Taceo
861 4675 1002 4728 enim
1035 4691 1206 4743 genus
1240 4685 1486 4729 nostrum
1537 4679 1760 4730 mortale
1789 4719 1802 4736 .
1831 4692 1954 4729 cum
1999 4678 2042 4737 D
2074 4696 2127 4740 ει
2191 4687 2464 4738 luculenta
2530 4682 2843 4734 narratione.
2867 4719 2882 4743 ,
2933 4691 3257 4746 summoque
3314 4677 3524 4741 ordine,
3574 4685 3628 4730 et

399 4766 509 4820 Deo
531 4768 607 4819 sis
658 4767 925 4832 proxima,
969 4766 1206 4834 nihilque
1235 4768 1612 4821 intermedium
1644 4767 1791 4822 sinas
1818 4769 1958 4823 inter

399 4868 452 4910 te
481 4866 742 4924 tuumque
777 4855 970 4909 Filium
1001 4897 1014 4920 ,
1040 4857 1183 4924 quod
1212 4857 1679 4911 demonstratione
1718 4859 1820 4909 ulla
1873 4859 1958 4912 in-

398 4947 582 5014 digere
617 4961 723 4998 non
753 4947 1008 4998 arbitror.
1035 4944 1166 4998 Nam
1196 4946 1239 4999 si
1283 4955 1337 4996 ttt
1372 4961 1475 4997 una
1524 4959 1648 4997 cum
1707 4945 1842 4997 Filio
1893 4961 1952 5000 es

401 5035 527 5104 (qui
554 5036 701 5088 enim
733 5035 960 5104 aliter?)
990 5036 1077 5087 ille
1103 5051 1230 5088 vero
1274 5049 1396 5088 cum
1445 5034 1602 5088 Patre
1626 5075 1640 5095 ,
1696 5044 1750 5088 et
1796 5036 1959 5088 Para-

399 5121 564 5189 clyto,
595 5119 764 5187 liquet
793 5136 910 5173 esse
940 5120 1035 5172 tibi
1070 5120 1242 5172 locum
1275 5121 1415 5186 apud
1447 5121 1587 5182 illos,
1614 5135 1723 5189 quo
1778 5121 1958 5174 nnlius

400 5210 471 5262 sit
498 5210 752 5278 dignior;
785 5225 952 5276 quare
978 5219 1030 5262 et
1056 5209 1314 5262 inetl'abili
1347 5210 1559 5262 illorum
1611 5214 1794 5279 gloria:
1838 5221 1960 5264 tan-

403 5307 510 5350 tam
538 5299 706 5351 habes
737 5298 1091 5355 vicinitatem.
1123 5309 1382 5366 quantam
1418 5315 1515 5351 nec
1549 5301 1818 5352 maximus
1846 5315 1959 5355 ca:-

404 5384 618 5441 lestiuin
649 5388 910 5439 mentium
944 5388 1100 5440 ordo.
1128 5386 1277 5439 Hanc
1309 5403 1468 5456 porro
1496 5396 1741 5441 assecuta
1776 5402 1836 5442 es
1862 5427 1877 5452 ,
1925 5403 1958 5442 o

406 5478 773 5536 immaculata.
806 5491 1026 5546 prOpter
1077 5477 1370 5530 voluntatis
1421 5488 1526 5530 tuae
1575 5478 1911 5544 propositum
1940 5519 1954 5540 ,

405 5569 711 5635 quinetiam
752 5569 990 5622 ostendit
1020 5580 1264 5622 naturam
1295 5576 1485 5636 suapte
1529 5576 1720 5637 Sponte
1763 5570 1960 5638 perha-

409 5657 564 5708 bilem
597 5657 662 5710 ad
698 5673 885 5712 revera
917 5660 1134 5713 bonum.
1170 5658 1427 5713 Naturam
1459 5660 1605 5714 enim
1646 5677 1769 5718 esse
1802 5680 1963 5733 ange-

412 5748 477 5803 lis
506 5751 834 5818 superiorem
872 5739 959 5805 'illi
1006 5751 1108 5806 soli
1165 5752 1455 5816 convenit,
1508 5755 1600 5822 qui
1651 5755 1960 5810 universum

2076 4779 2378 4833 admirabili
2409 4781 2626 4838 ornatu,
2663 4782 2739 4827 tot
2781 4781 3035 4838 tantaque
3055 4781 3464 4840 congesserunt,
3498 4781 3630 4838 quot

2076 4870 2156 4922 vel
2191 4876 2429 4922 amente
2515 4867 2746 4919 inveniri
2815 4874 3064 4932 poterant
3123 4862 3350 4915 ittttnttni
3407 4873 3629 4930 peccato

2075 4959 2417 5018 obscurante,
2460 4956 2540 5009 vel
2586 4955 2826 5008 enarrari
2870 4968 2897 5004 a
2933 4953 3112 5020 lingua
3157 4959 3476 5004 cunctarum
3537 4966 3628 5020 pe-

2077 5051 2175 5102 rita
2208 5049 2619 5115 disciplinarum
2653 5049 2890 5099 climata.

2145 5140 2248 5193 Sed
2285 5141 2475 5190 horum
2505 5139 2882 5191 universorum
2919 5134 3168 5204 quamvis
3208 5141 3356 5186 tanta
3386 5133 3623 5202 polleant

2073 5232 2122 5283 vi
2147 5229 2382 5291 dicendi,
2411 5228 2546 5282 adeo
2569 5237 2694 5281 sunt
2729 5226 2985 5280 inferiora
3028 5238 3118 5279 tuo
3158 5225 3372 5286 merito,
3413 5236 3620 5280 tantum

2074 5329 2132 5372 ttt
2172 5321 2392 5381 distent,
2421 5329 2681 5386 quantum
2721 5332 2750 5369 a
2780 5327 2854 5382 te,
2880 5333 3000 5386 quae
3025 5315 3287 5375 laudaris.
3312 5319 3403 5386 qui
3439 5316 3626 5370 laudes

2073 5409 2323 5469 oﬂ‘erunt.
2365 5410 2485 5461 licet
2517 5409 2674 5460 etiam
2711 5408 2954 5461 collectis
2988 5409 3229 5461 omnium
3274 5406 3628 5476 perfectioni-

2077 5503 2177 5557 bus
2209 5517 2312 5554 ttna
2341 5501 2465 5571 quis
2505 5499 2964 5554 absolutissimam
2991 5497 3280 5553 conficeret
3301 5500 3624 5554 orationem.

2077 5587 2220 5644 Adeo
2254 5591 2384 5644 nihil
2424 5588 2666 5644 invenire
2699 5600 2782 5644 est
2823 5591 2930 5648 tuis
2964 5590 3215 5644 laudibus
3245 5589 3581 5643 offerendum
3609 5604 3625 5651 ;

2077 5680 2217 5747 quod
2253 5681 2420 5750 possit
2477 5697 2641 5750 prope
2675 5681 2936 5736 accedere
2980 5683 3046 5734 ad
3089 5681 3138 5733 id
3164 5680 3306 5749 quod
3341 5689 3394 5734 te
3420 5679 3622 5735 conde-

2077 5777 2178 5821 cet.
2208 5766 2441 5838 Namqne
2475 5771 2664 5824 anima:
2698 5779 2802 5825 tua:
2849 5770 3026 5841 fulgor
3067 5784 3229 5837 supra
3283 5769 3490 5822 solares
3530 5783 3616 5820 ra-
