4080 6762
472 353 538 414 95
1662 358 2060 420 MANL'ELIS
2095 354 2537 417 PALAZOLOGI

3630 345 3718 408 96

471 461 592 513 dios
617 501 631 522 ,
665 467 718 514 et
751 461 862 516 fere
917 462 1121 516 nullum
1157 461 1363 516 habens
1403 461 1580 526 linem,
1615 464 1728 517 sive
1775 462 2011 516 laudem.
2050 456 2095 514 A
2135 458 2336 520 dicam.
2364 457 2904 536 insertasbabcbunt
2944 458 3118 527 ipsius
3154 459 3368 522 laudes,
3419 459 3520 514 etsi
3556 461 3704 513 nihil

467 553 580 605 sive
617 553 886 622 plausum,
920 555 1034 610 sive
1069 555 1396 615 encomium.
1431 564 1590 624 atque
1617 563 1677 608 ttt
1705 569 1814 608 uno
1845 553 2011 608 verbo

464 640 664 702 dicam,
725 642 988 711 quidquid
1054 643 1121 696 ad
1179 646 1634 700 cohonestandam
1691 644 2011 698 adhibemus

466 732 678 797 plenam
724 733 914 801 gratiis
964 734 1222 798 animam,
1263 735 1423 803 longo
1465 735 2014 804 superatintervallo,

464 832 517 872 et
565 822 802 875 laborem
869 839 1082 879 omnem
1117 826 1352 879 ostendit
1412 827 1648 879 inanem.
1689 825 1768 878 Ad
1801 831 2008 878 tantum

463 927 592 978 ergo
644 913 982 968 celsitudinis
1001 917 1542 985 zmagnitudinisque
1604 923 1826 977 evecta,
1883 913 2010 981 quid

465 1019 564 1056 nos
595 1004 788 1058 aﬂ‘erre
854 1007 1180 1074 poterimus,
1243 1009 1387 1076 quod
1447 1008 1520 1062 sit
1552 1023 1660 1061 non
1696 1005 2017 1074 indignum?

464 1093 641 1146 Vitam
672 1095 816 1149 enim
854 1098 1025 1165 prima
1060 1099 1200 1152 inter
1229 1099 1478 1153 homines
1507 1097 2013 1153 innocentissimam

463 1184 644 1247 egisti,
704 1193 1048 1255 mentemque
1109 1187 1342 1241 habuisti
1383 1188 1535 1242 omni
1576 1201 1806 1255 prorsus
1855 1186 2015 1252 culpa

465 1289 710 1339 vacuam,
746 1284 801 1330 et
856 1292 1055 1346 corpus
1105 1278 1179 1333 illi
1231 1289 1697 1339 consentaneum,
1755 1284 2017 1345 tantaque

465 1365 700 1434 Spiritus
756 1366 1074 1430 radiatione,
1134 1369 1326 1437 gloria,
1387 1377 1441 1422 et
1491 1369 1778 1436 splendore
1825 1376 2014 1420 ornata

465 1456 636 1518 fuisti,
681 1466 738 1510 ut
765 1457 844 1510 vel
881 1458 1026 1524 ipsas
1056 1459 1402 1524 superaveris
1438 1458 1545 1512 Deo
1584 1457 2010 1526 pretiosissimas

461 1558 766 1610 creaturas,
804 1549 985 1616 idque,
1033 1558 1090 1601 ut
1123 1549 1328 1602 dictum
1353 1558 1456 1610 est,
1492 1549 1810 1617 longissimo
1839 1548 2012 1600 inter-

459 1639 628 1694 vallo.
692 1639 770 1692 Ad
838 1639 966 1706 quid
1025 1654 1124 1708 ego
1173 1654 1373 1703 moror,
1439 1653 1664 1706 remque
1696 1645 1864 1690 totam
1899 1651 2011 1690 uno

460 1733 624 1784 verbo
659 1745 765 1783 non
798 1727 1170 1796 complector?
1204 1728 1314 1784 Vas
1350 1728 1488 1783 facta
1530 1744 1588 1783 es
1616 1737 1798 1798 aptum
1839 1726 2015 1782 susci-

2135 549 2240 604 dici
2269 556 2468 619 potest,
2531 550 2672 619 quod
2708 550 2925 619 dignam
2967 552 3249 606 contineat
3281 551 3651 606 laudationem
3682 568 3708 615 ;

2136 655 2243 694 non
2304 639 2450 696 enim
2504 641 2769 710 permittit
2821 644 2922 695 hoc
2978 644 3297 711 magnitudo
3342 644 3557 712 gratim,
3591 658 3708 710 qua

2136 730 2324 800 pollet.
2357 729 2491 795 Quis
2543 730 2688 785 enim
2729 733 2905 800 dignis
2938 733 3082 786 illam
3129 733 3386 788 laudibus
3434 734 3704 796 celebret,

2136 835 2257 892 quae
2304 823 2430 878 cmli
2469 823 2752 878 absidibus
2806 825 3096 887 excelsior,
3152 827 3321 879 radiis
3361 829 3572 897 purior.
3611 841 3706 879 res

2133 924 2217 968 est
2240 915 2482 970 omnium
2538 917 2935 986 pretiosissima
2998 917 3147 972 Deo?
3182 919 3287 972 Nec
3337 921 3380 972 si
3413 917 3706 985 utriusque

2133 1005 2348 1075 generis
2387 1005 2638 1075 quisquis
2675 1007 3013 1079 angelorum,
3059 1008 3308 1075 inquam.
3336 1017 3385 1061 et
3415 1008 3704 1059 hominum

2133 1096 2321 1150 decem
2357 1111 2478 1161 ora,
2505 1097 2694 1154 decem
2720 1100 2930 1168 linguas
2961 1099 3204 1161 haberet.
3239 1108 3332 1152 aut
3364 1100 3553 1151 eadem
3604 1098 3706 1151 de-

2133 1185 2246 1242 cies
2299 1187 2496 1243 millies
2542 1189 2916 1258 multiplicata.
2983 1189 3046 1242 Et
3103 1191 3452 1260 hyperbolice
3476 1189 3702 1258 quidem

2136 1276 2301 1344 hujus
2378 1291 2565 1333 ansam
2647 1277 2944 1333 locutionis
3019 1280 3149 1332 mihi
3175 1279 3325 1332 dedit
3405 1278 3702 1330 Homerus.

2134 1367 2387 1422 Arbitror
2413 1377 2616 1432 tamen,
2645 1371 2789 1436 quod
2821 1386 2940 1425 sum
2994 1372 3265 1432 dicturus,
3297 1371 3553 1437 majorem
3577 1384 3709 1422 esse

2134 1459 2487 1530 hyperbolen,
2519 1475 2624 1516 non
2658 1470 2836 1516 tamen
2870 1476 2897 1515 a
2930 1463 3156 1517 veritate
3203 1462 3441 1516 alienum
3465 1477 3478 1524 ;
3502 1474 3623 1512 nam
3650 1458 3704 1512 si

2135 1553 2388 1606 universa
2441 1553 2760 1622 angelorum
2797 1554 3112 1616 multitudo.
3141 1562 3195 1610 ct
3234 1553 3550 1608 universum
3593 1551 3704 1604 ho-

2136 1643 2342 1695 minum
2391 1658 2562 1710 genus
2613 1645 2666 1699 in
2730 1660 2895 1700 unam
2955 1646 3178 1700 omnino
3221 1647 3434 1700 coirent
3475 1659 3610 1704 rem,
3641 1651 3706 1696 et

2133 1731 2360 1797 proinde
2396 1749 2563 1786 unum
2609 1749 2671 1790 os
2718 1746 2770 1789 et
2827 1751 2989 1790 unam
3023 1751 3212 1790 omnes
3265 1733 3705 1804 Iinguamiiabe-

461 1823 657 1889 piendo
688 1821 1136 1876 consubstantiali
1187 1819 1328 1873 Patri
1381 1819 1654 1874 comteruo
1693 1820 1768 1871 illi
1813 1817 2009 1880 Verbo,
2049 1824 2095 1883 B
2134 1832 2275 1885 rent,
2303 1838 2366 1878 ac
2393 1834 2562 1879 totum
2596 1829 2698 1880 hoc
2729 1827 2933 1881 animal
2991 1836 3335 1898 compactum
3393 1827 3705 1880 resolvere-

459 1912 604 1975 quod
635 1927 698 1964 ex
734 1911 892 1964 Patre
923 1910 1144 1977 quidem
1183 1910 1299 1964 sine
1327 1919 1588 1976 tempore,
1623 1924 1686 1964 ex
1719 1919 1771 1963 te
1799 1925 1927 1972 vero
1955 1909 2009 1962 in

461 2007 722 2066 tempore.
753 2012 803 2054 et
829 2015 890 2053 ex
933 2008 1166 2067 utroque
1199 1998 1398 2067 prodiit
1454 1998 1572 2052 sine
1629 1999 1734 2051 ulla
1773 1999 2010 2052 laésione.

461 2084 645 2152 Itaque
683 2102 779 2139 nec
804 2088 910 2140 Deo
931 2103 1070 2155 opus
1093 2094 1252 2140 erunt
1271 2094 1450 2140 nostra
1467 2087 1728 2141 encomia.
1755 2085 2009 2152 Quinam,

459 2177 714 2230 etunde?
744 2177 849 2231 Nec
879 2178 976 2230 tibi
1011 2177 1130 2244 ejus
1149 2175 1324 2239 Matri,
1362 2185 1416 2230 et
1445 2177 1520 2230 illi
1556 2177 1772 2245 quidem
1803 2192 1867 2231 eo
1885 2178 2016 2246 quia

462 2277 710 2331 naturam
773 2270 930 2322 habet
982 2271 1410 2338 superemiuere,
1483 2270 1629 2338 quod
1694 2267 2008 2338 aliquando,

459 2358 682 2412 eaducis
711 2359 873 2413 etiam
916 2361 1104 2424 rebus,
1155 2370 1207 2415 et
1241 2377 1360 2428 qua:
1402 2362 1543 2428 apud
1577 2375 1676 2415 nos
1730 2368 1876 2421 sunt,
1913 2359 2011 2413 tri-

461 2453 624 2503 huere
651 2451 1054 2505 consuevimus.
1090 2449 1224 2505 Cum
1259 2451 1348 2505 Dei
1391 2461 1581 2506 natura
1638 2451 1894 2504 inﬁnities
1926 2451 2010 2503 in—

461 2541 608 2601 ﬁnita
670 2556 883 2594 omnem
940 2549 1174 2596 mentem
1239 2542 1384 2595 omni
1431 2551 1652 2608 stupore
1698 2541 1918 2606 repleat,
1954 2546 2010 2593 et

457 2647 616 2686 otune
667 2632 932 2684 bonorum
994 2647 1166 2703 genus
1227 2641 1377 2686 tanta
1429 2633 1656 2688 excellat
1715 2631 2009 2691 afﬂuentia.

460 2731 719 2787 quantum
777 2722 961 2774 animo
1022 2723 1480 2792 comprehendere
1529 2738 1636 2776 non
1694 2722 1849 2786 licet;
1887 2736 2009 2774 nam

460 2813 548 2864 illa
609 2813 758 2864 nullo
817 2812 1004 2865 ﬁnitur
1043 2814 1293 2873 termino,
1321 2828 1421 2866 nec
1462 2812 1602 2864 enim
1639 2819 1834 2880 potest,
1870 2813 2012 2865 sicut

457 2915 511 2956 et
537 2905 768 2974 seipsam
810 2919 1028 2973 negare.
1063 2906 1231 2973 Cujus
1255 2906 1395 2958 enim
1421 2903 1684 2957 terminus
1721 2913 1802 2958 est
1843 2902 2011 2956 inter-

461 2998 812 3059 minabilitas,
879 3005 933 3049 et
983 2996 1126 3063 quod
1178 2995 1461 3048 manifeste
1524 2995 1718 3054 scitur,
1772 3001 1854 3047 est
1886 3009 2009 3048 esse

459 3089 753 3149 occultum,
811 3103 914 3153 qua
965 3087 1175 3139 ratione
1235 3087 1355 3152 quis
1412 3086 1582 3153 possit
1629 3085 1747 3152 ejus
1783 3085 2008 3138 delinire

2133 1925 2222 1970 tur
2252 1917 2306 1970 in
2333 1934 2494 1973 unam
2533 1921 2811 1977 Stenturis
2838 1937 3046 1985 vocem,
3077 1923 3191 1976 sive
3231 1922 3394 1974 etiam
3445 1919 3533 1973 illa
3575 1921 3704 1973 sine

2129 2009 2484 2074 proportione
2535 2011 2933 2072 rlamosiorem.
2993 2019 3046 2065 et
3096 2013 3208 2064 hrec
3255 2009 3365 2063 illis
3395 2009 3587 2061 darent
3626 2006 3699 2059 ad

2131 2099 2498 2168 peragendum
2550 2100 2638 2154 Dei
2687 2101 2839 2154 Matri
2893 2103 3172 2169 hymnum.
3229 2101 3340 2154 ﬁeri
3386 2115 3490 2152 non
3538 2113 3703 2166 posse

2130 2195 2281 2252 pulo,
2347 2189 2432 2241 illa
2489 2191 2732 2261 dignum.
2793 2202 2885 2246 aut
2925 2193 3090 2262 digno
3138 2193 3446 2262 proximum
3481 2193 3702 2244 :satius

2129 2292 2258 2347 ergo
2287 2290 2371 2331 est
2435 2284 2714 2348 praeterire
2779 2285 3020 2348 silentio,
3071 2300 3232 2354 quam
3271 2285 3410 2338 velle
3438 2297 3699 2336 sermone

2129 2367 2288 2438 longo
2342 2371 2484 2424 illam
2541 2373 2842 2439 eelt-brare,
2906 2393 3026 2444 quze
3063 2385 3169 2430 tam
3198 2376 3504 2430 illustribus
3536 2375 3702 2430 fartis

2133 2461 2392 2530 gloriosa,
2426 2473 2534 2518 tam
2588 2467 2946 2531 admirandis,
2985 2483 3048 2523 ac
3109 2483 3275 2539 supra
3311 2469 3559 2524 ordinem
3597 2483 3699 2520 na.

2133 2559 2269 2606 turze
2325 2555 2520 2620 elusit,
2574 2561 2797 2626 perinde
2851 2575 2913 2614 ac
2980 2561 3024 2616 si
3087 2563 3210 2630 quis
3267 2575 3368 2629 ope
3418 2561 3698 2615 scalarum

2130 2646 2291 2702 vellet
2315 2651 2510 2704 cmlum
2529 2655 2926 2710 conscendere.
2951 2654 3014 2709 Et
3036 2657 3146 2710 hate
3164 2655 3381 2724 quidem
3405 2655 3697 2718 hactenus.

2131 2739 2287 2804 Quod
2338 2751 2527 2805 restat.
2582 2753 2640 2798 dt
2669 2746 2974 2812 ostendam,
3040 2762 3199 2802 unam
3228 2763 3291 2802 ex
3317 2747 3577 2800 omnibus
3602 2745 3698 2799 Dei

2132 2829 2356 2886 Matrem
2387 2834 2588 2889 obiisse
2620 2835 2966 2901 gaudentem.
2993 2848 3048 2890 ut
3073 2837 3408 2892 exordiendo
3431 2838 3697 2898 diximus,

2133 2920 2236 2974 hoc
2292 2934 2442 2978 certe
2497 2925 2770 2982 succedet.
2828 2925 2942 2992 ipsa
2976 2940 3139 2988 supra
3188 2926 3332 2979 vires
3363 2930 3578 2977 nostras
3615 2921 3696 2973 fa-

2131 3019 2293 3066 vente
2346 3011 2649 3075 laboribus,
2702 3014 2862 3082 cujus
2911 3015 3115 3070 auxilio
3144 3014 3265 3069 freti
3298 3015 3421 3067 illos
3449 3013 3694 3078 suscepi-

2133 3115 2273 3154 mus.
2311 3103 2420 3156 Hoc
2450 3112 2630 3158 autem
2669 3116 2726 3158 ut
2758 3107 3046 3170 probetur.
3087 3121 3193 3159 non
3238 3121 3378 3173 opus
3402 3119 3524 3159 esse
3550 3103 3696 3156 arbi-

460 3180 858 3234 suhstantiam?
915 3179 1116 3232 Rerum
1176 3193 1301 3231 vero
1334 3178 1385 3229 in
1413 3185 1464 3230 te
1484 3177 1946 3266 aulmirandarum,
1978 3190 2012 3229 o
2050 3191 2091 3252 ο
2131 3200 2247 3246 που
2292 3193 2612 3263 ammgibus
2666 3204 2719 3249 ει
2768 3195 3126 3266 labyrimhis;
3181 3195 3276 3250 sed
3319 3203 3497 3250 vestra
3528 3207 3697 3247 causa

459 3269 644 3339 Virgo.
679 3285 844 3323 causa
894 3281 978 3323 est
1034 3269 1324 3322 voluntatis
1376 3267 1734 3336 propositum.
1769 3265 1900 3318 Nam
1940 3279 2007 3320 ex

458 3363 783 3417 rectitudine
807 3361 1024 3422 mentis,
1056 3370 1110 3415 et
1137 3361 1411 3430 probitate
1453 3375 1662 3414 morum
1713 3359 1789 3421 lit,
1823 3370 1882 3413 ut
1915 3373 2008 3412 su-

460 3473 617 3526 peres
672 3458 777 3511 vim
809 3457 1203 3519 enromiorum,
1243 3471 1348 3509 non
1406 3455 1550 3524 quod
1594 3454 1692 3509 ﬂos
1726 3461 1930 3508 natura:
1956 3460 2011 3508 et

461 3549 652 3606 honor,
681 3563 745 3600 ac
775 3548 960 3610 decus,
996 3554 1049 3600 et
1075 3556 1264 3600 caetera
1299 3546 1348 3598 id
1385 3561 1555 3614 genus
1594 3546 1774 3598 omnia
1804 3553 1856 3598 ct
1888 3543 2014 3612 jure

459 3639 675 3706 quidem
733 3637 959 3707 optimo,
1013 3651 1246 3701 namque
1271 3637 1342 3690 ob
1401 3643 1608 3690 naturae
1637 3635 2008 3690 excellentiam

460 3730 702 3782 habemla
731 3728 1014 3782 Conditori
1046 3727 1242 3796 gratia,
1297 3727 1367 3780 ob
1398 3727 1562 3779 animi
1612 3742 1737 3781 vero
1761 3724 2013 3795 proposi-

461 3831 571 3873 tum
603 3819 902 3874 laudandus
933 3819 1023 3888 qui
1057 3822 1137 3872 sle
1164 3817 1353 3872 voluit.
1402 3815 1653 3870 Omittam
1686 3817 1852 3886 igitur
1890 3818 2009 3871 lau-

458 3907 964 3967 dationemgmeliori
993 3920 1121 3960 sane
1150 3906 1380 3960 consilio
1402 3922 1415 3957 :
1437 3904 1688 3958 vi‘dentur
1709 3908 1852 3958 enim
1879 3905 2010 3959 mihi

457 3998 656 4052 dicturi
721 4012 932 4058 omnes,
980 3995 1182 4064 Optime
1239 3995 1427 4048 laudes
1466 4007 1496 4046 a
1549 4009 1633 4046 me
1680 3994 2008 4058 elaboratas,

458 4088 602 4156 quod
634 4087 846 4140 animus
893 4087 1057 4138 fuerit
1102 4100 1169 4137 ne
1203 4088 1467 4152 attingere
1514 4083 1856 4144 ferelaudes.
1885 4084 2011 4139 licet

459 4190 575 4232 uta
607 4194 772 4246 scopo
822 4192 1012 4245 parum
1075 4175 1437 4237 deﬂecterem,
1495 4175 2008 4230 vehementissimus

459 4273 535 4323 tui
572 4283 722 4321 amor
752 4267 1014 4321 olfecerit.
1040 4265 1148 4319 Nec
1194 4267 1412 4327 mirum,
1441 4279 1564 4317 cum
1609 4275 1661 4318 et
1715 4265 2009 4317 inanimata

459 4363 575 4430 ipsa
611 4370 803 4430 sponte
839 4373 937 4413 sua
992 4366 1310 4411 moveantur
1342 4357 1394 4409 in
1426 4364 1546 4411 tuas
1580 4357 1786 4411 laudes.
1814 4357 1942 4420 Sed,
1973 4371 2007 4411 ο

458 4465 636 4508 costus
672 4453 786 4513 Dei,
824 4459 878 4505 et
933 4450 1240 4516 [estivitatis
1289 4465 1501 4510 amans,
1535 4463 1658 4502 nam
1710 4448 1948 4503 secundo
1973 4463 2004 4502 a

2132 3283 2321 3339 isthmc
2339 3285 2618 3339 dicemus:
2642 3285 2731 3340 Dei
2755 3285 2933 3348 Matri,
2951 3304 3071 3355 quze
3089 3289 3386 3355 ipsummet
3405 3285 3692 3355 gaudium,

2136 3373 2240 3428 hoc
2278 3385 2361 3430 est
2385 3373 2620 3431 Verbum
2654 3377 2774 3433 sine
2795 3387 3039 3446 tempore
3057 3379 3454 3434 contubernale
3476 3394 3697 3448 semper

2131 3465 2388 3530 habebat,
2414 3467 2542 3536 quid
2581 3469 2834 3523 morienti
2875 3476 3060 3538 posset
3101 3471 3287 3526 acerbi
3343 3470 3695 3535 contingere,

2133 3563 2227 3609 aut
2247 3571 2356 3624 qua
2386 3557 2435 3612 vi
2465 3572 2550 3612 res
2573 3559 2678 3612 ulla
2702 3561 2924 3614 omnino
2941 3561 3195 3629 gaudium
3225 3561 3348 3628 ejus
3370 3570 3694 3630 perpetuum

2135 3653 2191 3700 et
2215 3647 2334 3701 sine
2361 3646 2771 3704 intermissione
2807 3649 3422 3720 potuissetinfringere?
3447 3651 3699 3704 Profecto

2132 3737 2279 3791 enim
2322 3738 2414 3790 illa
2430 3739 2771 3807 relinquebat
2794 3740 3062 3804 abeundo,
3092 3742 3292 3810 quibus
3325 3757 3430 3796 non
3448 3743 3699 3795 eratalli-

2135 3832 2258 3894 gata
2283 3826 2539 3890 vivendo,
2565 3829 2673 3882 imo
2697 3843 2827 3882 vero
2842 3830 3040 3897 quibus
3071 3831 3414 3892 tristabatur,
3439 3831 3566 3884 dum
3597 3847 3697 3900 pro

2135 3917 2449 3972 conditione
2513 3926 2721 3974 natura:
2748 3921 2814 3975 iis
2854 3922 2929 3973 uti
2966 3929 3270 3988 cogeretur.
3320 3921 3696 3992 .lligratiouem

2136 4024 2266 4077 ergo
2325 4010 2634 4078 exoptabat.
2684 4009 2854 4075 Quam
2887 4025 3018 4080 ergo
3045 4011 3188 4066 diem
3239 4015 3380 4067 votis
3441 4013 3699 4067 omnibus

2133 4108 2395 4166 perpetuo
2428 4099 2828 4168 cupiebat,qua
2858 4100 3070 4154 ratione
3103 4101 3481 4156 advenientem
3510 4103 3691 4156 liben-

2135 4192 2346 4247 tissime
2385 4208 2489 4244 non
2524 4195 2848 4260 excepisset,
2904 4211 2997 4262 per
3028 4210 3188 4264 quam
3229 4196 3414 4258 ﬁebat,
3457 4207 3516 4249 ut
3549 4212 3697 4249 sem-

2135 4295 2227 4346 per
2281 4297 2403 4333 cum
2436 4279 2572 4333 Filio
2603 4282 2806 4336 victura
2841 4295 3005 4349 esset,
3045 4301 3166 4337 cum
3218 4279 3356 4336 Filio
3393 4286 3696 4354 eodemque

2133 4371 2244 4425 Deo
2283 4388 2346 4425 ac
2385 4373 2720 4427 (Intulitore?
2751 4376 2917 4438 Cedo,
2958 4375 3396 4443 persuademus?
3435 4377 3694 4429 arbitror.

2131 4461 2270 4525 Quid
2299 4462 2482 4514 enim?
2517 4464 2624 4516 haec
2653 4480 2832 4517 annon
2866 4467 3193 4519 concludant
3222 4468 3569 4520 necessario?
3602 4485 3699 4519 an-

459 4546 634 4614 primo
665 4543 882 4614 pendet,
909 4544 1084 4596 ethoc
1116 4541 1390 4610 prtesefert
1433 4541 1587 4604 illud,
1624 4540 1691 4594 ad
1721 4556 1816 4595 vos
1851 4541 2006 4595 dcin-
2048 4542 2096 4602 Π
2133 4565 2240 4604 non
2261 4551 2595 4606 veritatisint
2620 4569 2862 4608 consona
2887 4555 2994 4608 ?i|li
3027 4565 3139 4609 toto
3159 4557 3280 4609 vitae
3301 4565 3542 4624 tempore
3563 4558 3694 4610 nihil

459 4653 586 4705 ceps
609 4636 858 4689 conversi
910 4634 1184 4687 solvcmus
1210 4633 1450 4686 debitum
1485 4633 1658 4695 vobis,
1689 4641 1741 4686 et
1776 4631 2006 4701 Virgini.

463 4728 578 4780 Dixi
638 4735 815 4780 autem
872 4725 1077 4778 meliori
1126 4723 1345 4777 consilio
1385 4724 1450 4776 de
1486 4722 1774 4786 industria,
1800 4738 1868 4776 ne
1902 4722 2010 4776 for-

460 4826 607 4872 tasse
639 4817 914 4869 videamur
943 4817 995 4868 iu
1026 4829 1318 4885 progressu
1345 4815 1612 4867 sermonis
1658 4813 1790 4866 velle
1821 4827 2010 4866 rursus

459 4907 702 4960 encomia
750 4917 990 4970 nectere,
1041 4922 1166 4959 eum
1221 4907 1310 4958 illa
1348 4921 1455 4958 non
1489 4904 1748 4958 adhibere
1776 4903 2010 4972 amplius

458 4999 880 5053 decreverimus.
921 4999 1030 5052 lloc
1062 5013 1221 5067 porro
1250 4998 1467 5050 evenire
1495 4995 1750 5048 omnibus
1787 5009 2008 5047 necesse

457 5099 561 5151 Cal,
603 5091 694 5158 qui
731 5091 962 5158 aliquem
1008 5089 1074 5141 de
1123 5088 1211 5141 illa
1249 5102 1554 5160 sermonem
1587 5085 1788 5137 habere
1821 5084 2009 5136 volue-

461 5173 590 5224 rint.
629 5173 865 5224 Alterum
892 5169 1034 5225 enim
1068 5187 1096 5224 c
1130 5171 1339 5224 duobus
1361 5171 1461 5224 erit
1484 5169 1724 5232 omnino,
1752 5175 1844 5220 aut
1877 5166 2012 5220 nihil

458 5264 643 5316 dicere
669 5263 734 5316 de
758 5261 998 5331 Virgine,
1023 5271 1117 5316 aut
1143 5263 1188 5315 si
1221 5262 1372 5315 diras
1411 5260 1651 5313 laudare.
1677 5256 1833 5311 Nulla
1863 5257 2008 5311 enim

461 5357 672 5411 ratione
710 5355 824 5407 lieri
857 5365 1056 5422 potest.
1100 5367 1156 5408 ut
1180 5354 1417 5422 loquaris
1445 5352 1511 5405 de
1540 5352 1628 5404 illa
1663 5359 1718 5404 et
1752 5350 1868 5402 laus
1901 5361 2008 5401 non

460 5449 552 5507 sit,
629 5445 772 5514 quod
835 5445 1111 5514 loqueris,
1183 5441 1619 5513 quandoquidem
1670 5449 1724 5492 et
1792 5439 1904 5507 ipsa
1957 5445 2013 5490 et

460 5537 722 5607 quidquid
751 5546 962 5606 spectat
1000 5537 1064 5589 ad
1092 5537 1283 5604 ipsam,
1306 5530 1786 5587 erlubratissimam
1813 5528 2016 5582 habent

461 5629 710 5697 gloriam.
757 5628 936 5693 Quare
983 5628 1181 5696 dignus
1244 5627 1398 5694 plane
1432 5623 1585 5676 venia
1616 5636 1755 5684 srtm,
1790 5617 1833 5672 si
1867 5619 2014 5671 ince-

461 5729 612 5786 ptutn
646 5720 821 5786 primo
842 5722 1074 5778 consilio
1121 5732 1426 5774 sermonem
1471 5711 1862 5782 prosequendo,
1893 5724 2010 5779 quas

2125 4643 2381 4711 contigit,
2414 4644 2480 4697 de
2515 4659 2623 4711 quo
2656 4653 2804 4698 esset
2835 4645 3150 4706 dolendum.
3193 4663 3292 4700 cur
3319 4663 3446 4716 ergo
3485 4648 3695 4702 doluis-

2124 4740 2210 4786 set
2261 4735 2570 4801 advenisse,
2595 4751 2702 4803 quo
2723 4746 2950 4789 venturo
2974 4736 3319 4792 vehementer
3362 4739 3648 4791 lmtabatur
3672 4739 3697 4790 ?

2123 4839 2360 4892 quorum
2416 4827 2558 4879 enim
2612 4827 2851 4894 jucunda
2905 4835 2991 4881 est
3019 4830 3374 4897 exspectatio,
3405 4829 3697 4897 jucundis-

2126 4914 2262 4968 sima
2301 4923 2385 4970 est
2417 4932 2644 4985 prorsus
2687 4918 2992 4983 prasentia.
3026 4916 3180 4983 Quod
3215 4933 3342 4972 vero
3371 4930 3453 4973 est
3481 4921 3693 4989 perspi-

2125 5020 2228 5059 cue
2275 5008 2756 5076 iucundissimum,
2813 5009 3044 5078 probare
3075 5011 3219 5076 quod
3251 5025 3358 5064 non
3412 5011 3482 5065 sit
3522 5012 3694 5066 mole-

2129 5107 2303 5162 stum,
2329 5099 2555 5153 omnino
2611 5109 2694 5152 est
2727 5115 3148 5167 supervacuum.
3187 5099 3305 5154 Una
3351 5115 3437 5155 res
3487 5101 3692 5155 beatam

2132 5187 2278 5243 illius
2330 5189 2566 5242 animam
2627 5189 2855 5244 viventis
2913 5190 3160 5258 pupugit,
3197 5205 3305 5244 non
3352 5190 3521 5245 fuisse
3569 5205 3690 5242 eum

2136 5277 2420 5332 Salvatore
2452 5280 2612 5334 simul
2640 5295 2804 5334 carne
2833 5295 3048 5350 passam
3086 5290 3139 5334 et
3169 5289 3461 5347 mortuam,
3487 5298 3549 5335 ex
3584 5297 3695 5349 quo

2137 5368 2320 5430 lle-bat,
2368 5382 2426 5424 ut
2465 5371 2574 5422 vita
2626 5370 2728 5438 ipsi
2786 5371 3004 5437 longior
3047 5386 3153 5425 non
3188 5373 3503 5439 permittens
3527 5385 3692 5439 quam

2139 5461 2371 5530 primum
2398 5462 2476 5516 ire
2505 5461 2568 5515 ad
2604 5461 2776 5525 illum,
2809 5462 3098 5517 haberetur
3144 5461 3500 5516 intolerabilis
3525 5463 3694 5516 tnulto

2139 5552 2334 5619 magis,
2393 5568 2555 5620 quam
2615 5553 2772 5607 nobis
2822 5569 3006 5614 mors;
3039 5554 3111 5606 ita
3149 5553 3313 5621 igitur
3343 5552 3593 5606 affectant
3626 5568 3694 5606 ne

2139 5645 2325 5699 dolore
2378 5659 2598 5699 vacuam
2654 5646 2918 5712 migrasse
2967 5645 3172 5714 liquet;
3217 5644 3320 5698 nisi
3374 5645 3498 5712 quis
3549 5644 3696 5698 dicat

2141 5736 2278 5790 illud
2332 5735 2743 5798 luisse-dolori,
2800 5738 2943 5806 quod
3005 5750 3100 5790 nec
3143 5733 3311 5788 Filius
3351 5733 3688 5798 detrectavit,
