4080 6666
390 507 461 573 97

1274 505 1552 567 ORATIO
1593 507 1674 568 IN
1712 507 2255 572 DORMITIONEM
2297 509 2396 569 SS.
2441 505 2809 568 DEIPAR/E.
3576 527 3642 588 98

399 619 664 673 nimirum
715 629 925 670 summe
978 616 1254 670 unitorum
1286 614 1732 681 disiunctionem,
1780 627 1972 666 ammte
2019 603 2065 659 A
2094 611 2233 666 sicut
2291 623 2342 666 et
2384 616 2696 681 illusiones,
2757 629 2812 674 et
2863 635 3102 686 crucem,
3140 633 3192 678 et
3245 638 3468 683 mortem
3504 634 3649 700 ejus.

396 713 530 766 dico
576 719 630 762 et
695 709 986 778 corporis;
1027 707 1132 760 hoc
1157 717 1337 760 autem
1370 721 1495 760 cum
1529 716 1728 758 natura
1784 718 1997 778 neces-4

393 802 612 857 sarium
669 800 762 862 sit,
815 799 1056 854 dolorem
1120 799 1276 853 affert
1323 813 1432 852 non
1456 798 1779 852 diuturnum
1813 814 1826 850 :
1863 811 1971 849 non

394 893 548 946 enim
601 892 734 944 adeo
767 889 1122 960 praeteritum,
1158 904 1319 959 quam
1382 889 1580 943 absens
1621 896 1669 940 et
1725 886 1970 940 futurum

394 991 613 1046 terret;
653 979 763 1034 fere
812 983 954 1034 enim
984 979 1171 1049 eiiugit
1218 982 1428 1032 instans
1467 988 1522 1032 et
1569 975 1972 1047 quodammodo

397 1086 628 1126 sensum
679 1071 812 1123 latet
860 1079 1136 1123 momento
1167 1069 1442 1129 eveniens,
1470 1076 1522 1122 et
1547 1075 1843 1134 antequam
1881 1063 1974 1116 fiat

396 1177 640 1230 prmsens
663 1161 843 1212 avolat
873 1175 888 1212 :
923 1159 1352 1220 licet'aliirmare,
1384 1156 1698 1211 volentibus
1725 1164 1971 1223 tempore

397 1269 513 1305 non
542 1252 868 1314 mensurari,
899 1255 1032 1305 adeo
1063 1252 1212 1304 velox
1239 1261 1340 1304 est.
1369 1251 1509 1314 Quin
1541 1249 1703 1301 etiam
1732 1249 1968 1300 humana

393 1345 586 1396 omnia
626 1343 773 1409 justa
809 1343 1209 1412 quodammodo
1266 1351 1418 1404 sunt,
1469 1357 1568 1395 nec
1617 1339 1855 1408 reperire
1885 1346 1969 1391 est

391 1435 738 1502 voluptatem
785 1435 894 1487 ulla
947 1434 1002 1486 in
1049 1449 1107 1487 re
1141 1435 1260 1488 sine
1298 1431 1542 1492 tristitia,
1580 1438 1634 1484 et
1666 1438 1876 1490 contra,
1911 1435 1970 1480 ut

391 1527 624 1594 sapiens
654 1526 872 1593 quidam
909 1539 974 1579 ex
1004 1525 1244 1594 antiquis
1279 1523 1590 1578 dixitzNon
1625 1530 1710 1576 est
1737 1521 1790 1574 in
1827 1532 1965 1587 quo-

389 1633 564 1686 quam
622 1618 862 1683 reperire
914 1617 1081 1671 vitam
1137 1617 1257 1671 sine
1295 1616 1542 1671 tristitia.
1577 1614 1810 1669 Dixisset
1840 1624 1968 1664 vero

388 1720 449 1764 et
491 1711 821 1778 oppositum,
871 1709 917 1763 si
972 1723 1108 1774 opus
1167 1707 1362 1762 fuisset
1400 1726 1414 1761 :
1449 1706 1565 1760 Non
1615 1716 1698 1759 est
1737 1705 1790 1804 in

390 1816 562 1869 quam
583 1801 819 1868 reperire
867 1801 1034 1853 vitam
1081 1799 1375 1866 volup=atis
1421 1805 1718 1866 expertem.
1751 1793 1889 1859 Quid
1921 1793 1964 1845 si

388 1891 688 1960 praevaleat
712 1891 855 1960 quod
882 1890 1074 1952 vincit,
1098 1891 1323 1944 omnino
1348 1903 1573 1944 necesse
1599 1895 1682 1941 est
1707 1885 1961 1945 inferius,

393 1995 450 2038 et
489 1984 726 2037 debilius
762 1984 945 2038 statim
981 1983 1140 2052 plane
1183 1981 1340 2036 cedat
1390 1979 1600 2034 fortiori
1641 1985 1804 2045 atque
1853 1988 1966 2027 ma-

382 2075 526 2143 ‘jori.
551 2076 689 2129 Cum
725 2075 842 2129 hac
875 2075 949 2129 ita
979 2077 1111 2137 sint,
1143 2074 1335 2143 quidni
1379 2071 1668 2127 dicendum
1717 2067 1960 2122 dolorem

407 2178 538 2220 tunc
562 2167 624 2221 ab
653 2165 747 2220 illa
785 2166 1090 2219 vehementi
1145 2165 1353 2228 laetitia,
1390 2177 1497 2232 qua
1529 2161 1616 2215 Dei
1647 2159 1815 2214 Mater
1838 2171 1963 2226 per-

405 2259 726 2313 fundebatur
762 2258 872 2311 vita
919 2257 1211 2320 excedens,
1244 2257 1411 2310 fuisse
1445 2251 1801 2322 absorptum?
1826 2248 1961 2302 Nam

399 2352 447 2407 si
497 2367 616 2420 quae
669 2365 696 2404 a
740 2349 879 2404 Filio
927 2349 1161 2418 reposita
1205 2348 1307 2404 sibi
1364 2355 1522 2402 erant
1573 2346 1628 2398 in
1675 2341 1813 2396 caelo
1842 2347 1963 2409 post

395 2448 564 2498 vitam
615 2445 757 2498 hanc
799 2441 1049 2504 fruenda,
1118 2441 1322 2494 habens
1381 2444 1644 2507 perpetuo
1691 2445 1960 2489 summam

394 2538 726 2604 voluptatem
802 2532 1186 2604 percipiebat:
1246 2545 1346 2584 cur
1393 2524 1787 2598 praeferendum
1851 2537 1961 2576 non

388 2637 544 2685 esset
595 2627 852 2681 omnibus
891 2625 1034 2695 quod
1096 2623 1242 2685 fecit,
1294 2629 1353 2675 ut
1385 2619 1564 2686 reipsa
1615 2615 1722 2669 frui
1774 2613 1963 2666 liceret

389 2721 503 2775 illis
545 2734 640 2788 per
669 2733 830 2771 omne
877 2715 1090 2770 aevum?
1120 2713 1234 2768 Ποε
1262 2725 1428 2766 unum
1470 2708 1546 2807 illi
1575 2713 1693 2762 erat
1718 2703 1961 2807 cordize

387 2812 563 2866 rebus
593 2809 848 2862 immanis
873 2807 1002 2861 hinc
1034 2805 1334 2867 discedere,
1365 2801 1508 2871 quod
1545 2813 1668 2854 cum
1699 2798 1768 2852 ab
1802 2797 1960 2848 initio

385 2902 648 2956 innatum
677 2897 1007 2972 desiderium
1037 2903 1179 2952 esset
1202 2909 1299 2965 per
1324 2903 1492 2948 totam
1519 2891 1684 2943 vitam
1719 2901 1866 2950 vere,
1894 2898 1958 2938 ac
2038 2952 2041 2956 ~

385 3007 666 3065 germanae
719 2988 1083 3060 sublimisque
1134 2985 1490 3058 phil050phize
1534 2996 1700 3079 sensu
1753 2978 1958 3079 indesi-

385 3094 589 3140 nenter
611 3084 889 3151 irrigatum
914 3081 1144 3150 vigebat,
1189 3086 1378 3148 utpote
1411 3075 1554 3146 quod
1587 3071 1814 3127 fruenda
1844 3071 1958 3137 spi-

387 3177 610 3230 ritualia
662 3191 719 3230 se
757 3174 892 3242 ipsis
931 3172 1201 3234 tradebat,
1258 3183 1363 3224 non
1423 3165 1783 3221 obumbrante
1836 3174 1955 3213 am-

386 3269 536 3338 plius
569 3267 874 3321 intuentem
925 3265 1166 3318 animum
1197 3273 1458 3330 corporea
1490 3257 1651 3311 mole.
1673 3253 1822 3307 Adeo
1860 3263 1958 3338 cor

2093 709 2446 762 Coniidenter
2477 708 2622 761 enim
2654 706 2978 763 ailirmarem
2997 726 3150 778 mque
3174 730 3238 769 ac
3259 718 3476 784 quidvis
3504 723 3652 776 aliud

2094 817 2199 856 non
2233 803 2414 854 minus
2443 801 2678 854 animam
2707 802 2826 870 ejus
2854 818 3016 870 quam
3047 802 3167 859 Filii
3193 809 3480 876 pertulisse
3499 813 3650 867 dolo-

2094 907 2181 944 res
2207 931 2220 955 ,
2263 891 2482 958 quando
2515 891 2760 963 divinum
2805 893 2933 946 illud
2970 909 3170 964 corpus
3208 913 3237 952 a
3282 901 3504 957 nefariis
3545 905 3651 959 illis

2095 993 2147 1038 et
2183 983 2548 1050 sanguinariis
2605 985 2868 1051 figebatur
2895 987 3253 1055 vulneribus;
3287 1002 3337 1044 et
3377 993 3499 1060 jure
3531 999 3654 1066 qui-

2091 1075 2234 1137 dem,
2260 1089 2383 1127 cum
2412 1073 2482 1128 ob
2506 1082 2727 1128 caeteras
2752 1091 2943 1131 omnes
2981 1093 3198 1146 causas,
3227 1090 3341 1135 tum
3366 1085 3436 1138 ob
3466 1086 3609 1140 illam
3632 1131 3648 1154 ,

2092 1179 2213 1216 nam
2239 1165 2383 1217 sicut
2417 1179 2484 1218 eo
2521 1166 2709 1221 mundi
2743 1168 3041 1238 principem
3073 1187 3100 1224 a
3132 1174 3435 1242 principatu
3467 1189 3654 1232 extur-

2092 1255 2252 1306 bante
2281 1255 2571 1324 gaudebat,
2612 1257 2688 1310 ita
2722 1267 2774 1308 et
2806 1260 3040 1326 patiente
3089 1263 3394 1330 patiebatur
3441 1269 3563 1335 jure
3595 1277 3652 1322 ut

2092 1341 2262 1397 Mater
2290 1345 2532 1398 omnium
2563 1348 2671 1400 nati
2695 1338 3091 1415 amantissima,
3123 1354 3265 1407 sicut
3294 1364 3349 1409 et
3379 1357 3649 1426 virginum

2089 1433 2490 1489 ﬂorentissima.
2545 1436 2780 1492 Pertulit
2814 1439 2979 1507 igitur
3026 1443 3339 1500 charissimi
3387 1432 3651 1518 corpora-

2087 1526 2194 1578 lem
2229 1526 2651 1593 disiunctionem
2681 1529 2747 1583 ad
2777 1539 3014 1601 tempus,
3061 1551 3167 1589 non
3205 1537 3326 1592 sine
3356 1540 3643 1611 lacrymis:

2087 1615 2356 1684 gaudebat
2388 1624 2568 1670 tamen
2594 1633 2701 1670 una
2732 1635 2852 1672 cum
2877 1622 2969 1676 illo
2999 1635 3302 1681 revertente
3332 1630 3385 1683 in
3425 1634 3646 1700 caelum,

2086 1713 2139 1757 et
2173 1719 2293 1757 cum
2324 1706 2413 1758 illo
2440 1707 2650 1761 vivebat
2686 1709 2881 1778 spiritu
2925 1715 3400 1785 conjunctissima,
3459 1731 3648 1792 utpote

2086 1793 2275 1860 Mater,
2324 1796 2466 1850 sicut
2495 1809 2548 1852 et
2594 1799 2682 1854 ille
2713 1817 2833 1854 cum
2865 1803 3018 1872 ipsa;
3045 1808 3172 1873 quin
3209 1811 3369 1864 etiam
3394 1813 3553 1867 simul
3583 1829 3647 1869 ac

2086 1893 2212 1938 nata
2242 1885 2363 1947 fuit,
2397 1886 2625 1940 dixerim
2670 1905 2885 1958 quoque
2921 1894 3252 1966 simulatque
3285 1913 3546 1972 concepta
3583 1904 3643 1960 Β.

2002 1975 2047 2033 Β
2089 1971 2275 2044 Virgo,
2305 1990 2402 2029 sua
2433 1977 2580 2031 illam
2615 1983 2786 2047 gratia
2821 1984 3096 2053 implebat,
3145 1990 3237 2058 qui
3277 1991 3381 2046 sibi
3407 1993 3646 2050 futuram

2082 2066 2454 2134 praestituerat
2499 2067 2746 2135 Matrem,
2773 2073 2884 2129 imo
2918 2092 3047 2131 vero
3074 2094 3197 2134 cum
3236 2082 3324 2136 illa
3357 2095 3475 2140 erat
3507 2087 3643 2155 ipse.

2085 2164 2374 2223 antequam
2403 2169 2547 2213 esset
2572 2172 2692 2214 nata
2717 2179 2732 2229 ;
2757 2163 2958 2218 factum
2993 2170 3192 2238 quippe
3220 2181 3274 2227 et
3303 2189 3642 2244 compactmn

2080 2252 2166 2296 est
2189 2244 2264 2297 illi
2297 2260 2498 2315 corpus
2519 2254 2857 2318 temporibus
2884 2257 3022 2322 suis,
3061 2269 3118 2312 ut
3149 2261 3387 2331 loquitur
3417 2266 3640 2334 Paulus,

2083 2331 2152 2387 de
2177 2336 2536 2405 sanguinibus
2572 2340 2958 2412 immaculata},
2990 2365 3266 2422 nunquam
3308 2365 3484 2412 tamen
3530 2375 3638 2415 non

2081 2421 2184 2476 fuit
2221 2425 2297 2479 illi
2331 2428 2675 2496 coniunctus,
2713 2435 2894 2488 statim
2925 2446 3089 2505 atque
3126 2421 3179 2495 in
3215 2447 3418 2502 sterilis
3449 2451 3641 2505 matris

2083 2522 2240 2568 utero
2268 2519 2430 2586 cmpit
2461 2535 2601 2575 esse.
2645 2522 2757 2576 Cur
2785 2526 2927 2579 enim
2961 2528 3118 2584 aliter
3150 2533 3220 2586 sit
3254 2538 3640 2593 sentiendum?

2083 2618 2208 2658 nam
2243 2607 2288 2660 si
2323 2609 2580 2663 eximium
2615 2610 2876 2671 Joannem
2903 2619 3114 2676 scimus
3147 2623 3200 2677 in
3239 2634 3394 2681 utero
3419 2630 3636 2698 plenum

2077 2705 2269 2749 sancto
2317 2698 2519 2766 Spiritu
2582 2703 2774 2768 fuisse,
2805 2721 2905 2761 cur
2934 2710 3074 2765 idem
3103 2713 3170 2768 de
3202 2718 3493 2782 purissima
3519 2721 3639 2776 Vir-

2076 2784 2202 2851 gine
2240 2803 2346 2840 non
2409 2791 2481 2841 sit
2529 2794 2728 2848 merito
2773 2796 3189 2858 afﬁmtandum?
3228 2807 3341 2863 Hoc
3384 2811 3485 2866 sibi
3521 2816 3638 2870 vult

2081 2873 2213 2928 illud
2271 2877 2561 2947 Gabrielis,
2596 2883 2851 2942 Dominus
2909 2902 3073 2946 tecum
3105 2911 3124 2949 :
3147 2901 3290 2965 quod
3330 2901 3447 2970 ipse
3479 2906 3637 2962 docet

2075 2964 2457 3037 distinguendo
2489 2983 2700 3044 tempus
2733 2978 2787 3032 in
2819 2982 2961 3036 hunc
2994 2986 3215 3042 modum
3247 3007 3260 3043 :
3293 3009 3418 3047 nam
3443 2998 3634 3055 volens

2075 3052 2460 3126 Conceptionis
2495 3067 2713 3120 modum
2742 3070 3077 3130 intemerata:
3110 3078 3316 3150 Virgini
3352 3085 3636 3146 declarare

2075 3144 2456 3219 interroganti,
2499 3162 2740 3227 tempore
2777 3178 2908 3218 usus
2954 3178 3038 3221 est
3073 3185 3182 3224 non
3220 3179 3495 3242 prmseuti,
3541 3182 3636 3237 sed

2075 3235 2284 3307 futuro,
2307 3249 2362 3295 et
2379 3256 2626 3300 sanctum
2648 3251 2865 3317 quidem
2889 3254 3146 3324 Spiritum
3176 3235 3635 3331 superventurum

386 3327 512 3427 eius
554 3359 656 3412 hoc
701 3355 976 3411 desiderio
1002 3353 1340 3414 tabescebat,
1365 3359 1419 3406 ut
1456 3347 1659 3402 aboleri
1697 3360 1803 3399 non
1837 3356 1957 3411 pos-

2072 3327 2126 3382 in
2173 3330 2344 3399 ipsam
2372 3373 2386 3397 ,
2422 3336 2680 3394 Altissimi
2707 3357 2832 3398 vero
2862 3347 3115 3404 virtutem
3163 3354 3631 3428 obumbraturam,

388 3458 476 3503 set
503 3466 517 3512 ;
548 3459 726 3500 ortum
759 3460 920 3516 porro
950 3443 1082 3496 illud
1112 3457 1179 3496 eo
1217 3451 1460 3510 tempore
1489 3452 1598 3507 quo
1635 3433 1802 3537 Natus
1835 3432 1956 3499 ejus

385 3541 459 3593 ad
521 3539 732 3592 Patrem
778 3536 1124 3598 ascenderat,
1179 3532 1455 3586 cmlestem
1515 3530 1658 3582 illam
1716 3530 1951 3578 animam

385 3643 665 3697 nunquam
690 3625 952 3681 deseruit.
975 3623 1087 3678 lloc
1111 3624 1274 3678 etiam
1298 3621 1402 3675 fuit
1433 3634 1570 3689 pons
1591 3618 1656 3671 ad
1679 3617 1955 3670 immorta-

385 3723 493 3775 lem
542 3720 708 3773 vitam
768 3728 822 3772 et
862 3715 1328 3785 incorruptionem
1381 3713 1481 3778 illi,
1527 3726 1648 3780 quae
1688 3708 1788 3762 fuit
1817 3717 1954 3774 pons

384 3812 633 3868 liberatis
659 3826 688 3863 a
750 3808 1120 3878 corruptione.
1173 3805 1297 3860 llaec
1333 3805 1437 3859 fuit
1487 3803 1632 3858 scala
1664 3799 1727 3852 ad
1753 3797 1952 3852 Filium

381 3905 548 3959 scala:
577 3901 989 3958 ascendentium
1023 3915 1145 3954 cum
1171 3897 1348 3952 salute
1369 3895 1434 3950 ad
1463 3910 1609 3956 eum,
1631 3893 1722 3961 qui
1754 3892 1952 3946 omium

383 3996 549 4051 habet
578 3995 784 4057 sedem,
825 4001 880 4046 et
929 4005 1088 4061 quem
1121 3988 1287 4057 Virgo
1349 3986 1574 4055 peperit,
1615 3993 1668 4038 et
1709 3981 1950 4051 quicum

381 4085 570 4137 animo
627 4097 841 4150 semper
874 4079 1218 4142 versabatur,
1269 4078 1412 4146 quod
1443 4086 1498 4167 et
1529 4075 1646 4144 ipse
1674 4083 1950 4167 nunquam

383 4189 494 4227 non
543 4171 758 4240 agebat,
817 4184 942 4224 nam
985 4177 1109 4238 post
1162 4165 1283 4235 eius
1335 4157 1494 4220 etiam
1558 4175 1849 4217 ascensum
1883 4157 1952 4211 ad

380 4265 561 4318 Patris
598 4252 805 4324 sinum,
840 4262 983 4315 unde
1014 4266 1236 4314 venerat
1258 4257 1322 4311 ad
1344 4271 1466 4318 nos.
1503 4254 1692 4308 Matris
1725 4250 1951 4321 spiritus

383 4352 454 4405 ab
483 4367 550 4404 eo
584 4365 858 4418 nunquam
915 4348 1174 4411 distabat,
1227 4348 1272 4402 si
1303 4347 1447 4401 enim
1492 4346 1582 4398 ubi
1635 4343 1948 4402 thesaurus,

385 4443 458 4497 ibi
499 4451 552 4496 et
587 4457 706 4503 cor,
738 4451 795 4494 ut
835 4439 984 4493 illius
1031 4448 1114 4494 est
1144 4436 1433 4501 sententia,
1480 4436 1570 4503 qui
1601 4432 1837 4502 Virginis
1867 4438 1952 4488 est

383 4535 704 4594 thesaurus,
766 4539 820 4584 et
876 4530 1166 4599 pretiosior
1223 4527 1439 4581 cunctis
1491 4523 1789 4586 thesauris,
1841 4534 1950 4589 qua

343 4631 350 4638 '
384 4625 598 4676 ratione
627 4635 736 4674 non
766 4627 912 4674 esset
954 4619 1030 4672 illi
1055 4617 1388 4685 coniunctus
1421 4615 1673 4668 Parentis
1699 4611 1946 4681 spiritus,

2071 3419 2175 3486 ipsi
2209 3423 2535 3490 prmdieehat
2567 3448 2580 3484 :
2608 3431 2895 3489 salutando
2929 3449 3106 3494 autem
3129 3441 3402 3512 Virginem
3432 3419 3629 3518 aiebat,

2073 3509 2200 3574 Ave,
2237 3522 2292 3567 et
2320 3518 2488 3583 gratia
2517 3521 2728 3588 plenam
2771 3529 3070 3595 appellans,
3111 3543 3163 3586 et
3204 3509 3541 3594 benedictam
3574 3509 3632 3597 in

2073 3601 2410 3669 mulieribus,
2440 3611 2758 3679 prardicans,
2803 3629 3056 3688 tanquam
3089 3639 3253 3693 super
3279 3630 3412 3682 alias
3432 3632 3628 3688 bonam

2069 3705 2135 3744 ex
2166 3691 2256 3752 iis.
2283 3711 2403 3761 quae
2434 3701 2532 3766 ipsi
2563 3702 2776 3759 inerant
2806 3709 3015 3763 laudem
3051 3728 3322 3783 pangens;
3354 3735 3457 3772 non
3483 3721 3628 3775 enim

2068 3781 2237 3846 gratia
2263 3784 2471 3850 plenam
2504 3792 2658 3858 quasi
2709 3793 2972 3860 futuram,
3030 3802 3124 3854 sed
3172 3781 3232 3858 ut
3277 3809 3626 3864 exsistentem

2067 3873 2216 3936 quod
2272 3883 2405 3938 erat,
2467 3883 2775 3947 appellavit,
2830 3896 2884 3940 et
2942 3890 3282 3948 benediclam
3349 3899 3622 3966 salutavit,

2068 3963 2221 4027 quasi
2269 3965 2473 4022 diceret
2502 3969 2673 4025 :Cum
2704 3976 2875 4043 gratia
2916 3979 2992 4035 sis
3035 3983 3210 4049 plena,
3247 4000 3280 4038 ο
3305 3987 3486 4057 Virgo,
3519 3963 3626 4045 Do;

2067 4053 2243 4106 minus
2304 4065 2511 4123 tecum;
2576 4063 2700 4129 quia
2747 4082 2874 4122 vero
2921 4070 3070 4124 illum
3123 4073 3368 4130 habesin
3420 4082 3622 4150 anima,

2066 4141 2334 4198 benedicta
2381 4164 2436 4201 es
2488 4150 2541 4203 in
2575 4154 2904 4215 mulieribus.
2949 4161 3013 4215 Et
3044 4161 3157 4217 inec
3200 4167 3418 4229 quidem
3453 4171 3523 4224 ita
3563 4141 3623 4228 se

2065 4226 2304 4286 habent:
2331 4250 2453 4304 qua:
2494 4244 2622 4294 vero
2669 4258 2975 4313 sequuntur
3014 4251 3080 4304 ad
3121 4253 3303 4310 futura
3350 4271 3618 4327 spectant,

2068 4331 2121 4372 et
2143 4323 2433 4380 subsecuta
2449 4341 2576 4384 sunt
2599 4347 2920 4392 consensum
2949 4343 3095 4409 prius
3125 4347 3392 4412 pmbertte
3416 4352 3621 4408 illibata

2063 4407 2284 4480 Virgine
2335 4419 2702 4486 gratissimum
2765 4427 2872 4483 Deo
2927 4448 3124 4490 munus
3173 4447 3226 4492 et
3265 4457 3371 4508 quo
3408 4445 3615 4500 nullum

2065 4503 2245 4604 potius
2274 4508 2455 4563 oﬂerri
2489 4522 2701 4580 poterat
2728 4534 2743 4582 ;
2776 4521 2906 4587 quid
2939 4525 3082 4578 enim
3110 4528 3184 4584 illi
3211 4503 3476 4600 aequetur,
3509 4552 3618 4604 quo

2061 4587 2205 4646 Deus
2241 4593 2488 4663 indiguit,
2547 4610 2604 4654 ut
2633 4617 2700 4657 eo
2745 4614 3007 4675 uteretur,
3042 4617 3196 4681 quasi
3241 4587 3609 4690 fundamento,

382 4729 505 4780 quae
535 4712 688 4763 illum
730 4723 896 4777 supra
927 4681 1288 4777 capacitatem
1324 4705 1522 4760 mentis
1553 4702 1782 4772 peperit,
1808 4701 1950 4754 sicut
1979 4711 2026 4770 D
2059 4689 2114 4780 ξεί
2170 4681 2286 4738 δθδί
2331 4691 2594 4780 Ψῖδίθΐίίο
2652 4709 2749 4763 De?
2770 4700 2911 4766 QUOd
2948 4715 3206 4760 renovata
3249 4713 3427 4765 omnia
3468 4716 3611 4767 mul-

381 4812 437 4856 et
495 4803 720 4870 spiritus
749 4802 871 4870 ejus
905 4815 1027 4855 cum
1071 4800 1182 4863 illa,
1231 4806 1288 4851 ut
1330 4813 1428 4853 nec
1467 4805 1711 4864 tempore
1740 4793 1944 4862 disjun—

380 4905 621 4963 geretur,
655 4907 755 4946 nec
787 4891 896 4945 ulla
931 4891 980 4943 vi
1017 4906 1178 4946 casus
1205 4885 1653 4945 abstraheretur?
1685 4885 1748 4939 Et
1778 4885 1822 4939 si
1857 4883 1945 4938 ubi

381 4987 521 5050 ipse.
545 4984 656 5039 illic
684 4985 854 5039 eritet
890 4985 1160 5047 minister,
1193 4985 1468 5054 quomodo
1496 4996 1603 5035 non
1633 4978 1944 5034 necessario

380 5077 597 5131 Mater?
625 5076 891 5131 Caeterum
931 5078 1123 5131 relicta
1158 5076 1259 5130 fuit
1285 5076 1338 5130 in
1376 5083 1542 5140 terra,
1571 5083 1627 5128 et
1675 5087 1800 5125 cum
1829 5069 1944 5124 suis

381 5181 490 5220 non
545 5177 632 5221 est
656 5166 876 5234 abrepta
930 5165 1254 5228 visceribus,
1314 5180 1436 5218 cum
1487 5161 1802 5218 ascenderet
1849 5171 1945 5225 per

321 5299 324 5301 λ
379 5259 602 5321 nubem,
666 5273 736 5312 ne
779 5257 1208 5312 subducentibus
1241 5271 1362 5311 sese
1406 5263 1628 5324 repente
1679 5251 1942 5307 ambobus

379 5350 777 5418 discipulorum
832 5349 1040 5412 oculis,
1102 5347 1178 5404 illi
1242 5355 1527 5402 manerent
1581 5343 1939 5401 semimortui.

380 5439 568 5508 Nuper
595 5438 740 5493 enim
787 5440 1109 5507 compactis,
1141 5447 1195 5493 et
1225 5438 1581 5506 imperfectis,
1607 5437 1748 5506 quod
1775 5438 1934 5506 perti-

375 5532 530 5584 ciens
551 5530 788 5600 Spiritus
817 5530 1052 5584 nondum
1079 5531 1132 5584 in
1156 5546 1251 5586 eos
1278 5531 1606 5594 advenisset,
1637 5530 1683 5584 si
1713 5538 1940 5596 utroque

377 5622 551 5676 orbati
591 5621 847 5687 fuissent,
881 5623 952 5677 ob
999 5623 1075 5678 rei
1098 5624 1388 5678 novitatem
1419 5623 1532 5676 vita
1563 5622 1667 5677 illis
1697 5622 1937 5676 acerbis-

377 5714 515 5767 sima
544 5714 658 5768 visa
699 5724 868 5778 esset,
917 5724 981 5769 et
1002 5715 1233 5771 fortasse
1261 5716 1382 5771 sine
1408 5715 1603 5770 solatio
1653 5721 1934 5767 manentes

377 5805 537 5857 etiam
573 5804 796 5860 omnino
821 5805 1237 5876 desperassent;
1270 5816 1325 5862 at
1355 5809 1444 5863 illa
1483 5807 1784 5862 discessum
1807 5803 1931 5858 Filii

339 5940 342 5942 η
377 5896 655 5965 aegerrime
687 5911 871 5967 passa,
929 5905 990 5954 ut
1016 5899 1244 5970 putatis,
1305 5899 1378 5956 ita
1416 5900 1565 5956 illum
1602 5908 1782 5955 tamen
1808 5898 1932 5971 tuht

2059 4776 2222 4839 toque
2272 4776 2465 4832 melius
2519 4779 2842 4850 instaurata,
2887 4804 3048 4857 quam
3076 4795 3200 4848 olim
3245 4801 3612 4869 essent?qu:e

2044 4862 2403 4928 perspicuum
2443 4877 2526 4922 est
2561 4870 2632 4923 ita
2679 4887 2817 4939 esse,
2857 4882 3110 4945 quoniam
3165 4884 3327 4939 simul
3379 4903 3441 4941 ac
3495 4890 3608 4956 ipsa

2057 4962 2178 5003 sese
2209 4964 2400 5020 sponte
2434 4958 2650 5025 obtulit,
2675 4953 2728 5016 et
2758 4979 3009 5036 prompto
3034 4973 3214 5026 animo
3239 4974 3352 5028 lieri
3381 4953 3608 5046 Optavit,

2054 5041 2198 5106 quod
2245 5043 2353 5099 Deo
2385 5048 2640 5114 placitum
2688 5066 2824 5119 erat,
2881 5058 3032 5123 Ecce,
3087 5061 3361 5130 inquiens,
3415 5041 3610 5123 ancilla

2056 5129 2294 5198 Domini,
2329 5137 2424 5203 ﬁat
2457 5140 2584 5194 mihi
2610 5147 2895 5200 secundum
2923 5151 3127 5204 verbum
3153 5162 3322 5220 tuum,
3354 5155 3608 5224 benepla-

2054 5221 2165 5274 cito
2230 5224 2404 5283 Patris
2452 5245 2780 5301 cooperante
2832 5238 3060 5308 Spiritu,
3123 5221 3608 5306 consubstantialis

2053 5311 2180 5378 illis,
2209 5327 2532 5384 cozeternus,
2571 5334 2625 5378 et
2655 5337 3170 5397 contemporaneus,
3204 5333 3344 5390 Deus
3373 5336 3606 5392 Verbum

2053 5417 2376 5476 conceptum
2409 5411 2459 5464 in
2490 5423 2641 5467 utero
2675 5414 2910 5486 Virginis
2950 5436 3056 5474 non
3093 5433 3328 5490 experte
3361 5429 3602 5495 nuptias,

2056 5496 2224 5552 induit
2279 5501 2419 5554 hanc
2470 5515 2712 5561 nostram
2740 5510 3096 5564 substantiam
3141 5514 3258 5566 sine
3289 5518 3448 5569 sorde
3477 5533 3604 5586 pro-

2057 5587 2236 5652 diens,
2267 5606 2388 5658 quae
2421 5607 2544 5648 cum
2593 5608 2869 5666 assumpta
2922 5611 3137 5666 natura,
3169 5603 3306 5657 duas
3335 5620 3440 5658 non
3472 5621 3603 5658 con-

2049 5678 2285 5736 fuudens
2315 5692 2538 5740 naturas
2561 5701 2855 5755 ereantem,
2887 5700 2941 5745 et
2961 5703 3216 5757 creatam,
3257 5710 3421 5747 unum
3459 5701 3603 5762 quod

2051 5773 2276 5838 exstitit,
2329 5779 2627 5833 secundum
2672 5782 2999 5851 hypostasim
3036 5785 3292 5840 deiﬁcans
3336 5788 3477 5854 quod
3513 5803 3604 5841 as-

2057 5867 2308 5936 sumpsit,
2339 5883 2542 5939 perque
2587 5873 2715 5926 illud
2759 5873 2974 5930 salvans
3021 5875 3325 5931 universam
3368 5892 3600 5932 massam
