4080 6652
483 416 577 503 ρει
1639 431 2034 497 MANUELIS
2075 435 2517 497 PAL£OLOGI

3614 421 3718 485 100

495 552 647 608 velut
696 552 751 608 in
816 552 1106 608 fermento.
1151 550 1197 606 0
1252 551 1680 621 magnitudinem
1710 554 1963 623 puritatis
1994 557 2050 610 in
2082 548 2125 608 Α
2155 559 2282 607 nata
2332 560 2450 604 erat
2475 562 2574 602 vas
2606 546 2824 616 plenum
2853 538 3269 602 benedictionis,
3304 536 3371 591 de
3400 550 3505 605 qua
3535 537 3714 603 prima

497 643 591 700 Dei
634 644 825 707 Matre,
869 644 941 699 ob
977 658 1139 713 quam
1172 642 1399 698 Creator
1441 644 1562 711 ejus
1594 643 1915 710 dedignatus
1944 660 2053 700 non

493 744 600 797 est,
642 736 694 788 in
727 743 936 799 ventre,
972 749 1135 803 quem
1193 732 1533 796 condiderat,
1576 730 1807 793 formari
1834 736 1848 787 ι
1878 732 1924 788 0
1960 749 2055 803 ge-

497 841 755 881 nerosum
785 840 1003 879 sensum
1044 824 1098 878 in
1133 825 1307 892 puella
1335 823 1471 877 adeo
1495 832 1678 879 tenera
1702 825 1716 878 !
1742 825 1786 879 Ο
1815 826 2052 878 animum

498 917 553 970 in
588 916 836 969 muliebri
864 930 1095 984 corpore
1126 915 1517 973 immutabilem
1551 915 1564 968 ι
1597 912 1737 979 Quid
1767 917 1912 969 enim
1942 917 2055 970 sin-

498 1007 700 1069 cerius,
729 1006 936 1072 purius,
961 1007 1277 1074 generosius
1301 1006 1479 1060 anima
1512 1006 1887 1061 salutationem
1917 1007 2057 1061 hanc

501 1099 766 1152 arbitrata
829 1113 936 1149 non
989 1096 1408 1161 fraudulentam,
1471 1097 1564 1151 sed
1632 1098 1885 1151 credente
1940 1097 2055 1150 fieri

502 1196 665 1250 posse
720 1182 986 1236 materiali
1018 1191 1207 1237 ventre
1259 1183 1464 1250 suscipi
1503 1192 1675 1238 totum
1708 1184 1891 1253 fulgur
1922 1184 2060 1238 divi-

505 1273 714 1333 nitatis,
750 1273 1049 1340 eodemque
1104 1284 1347 1342 tempore
1380 1272 1614 1329 Verbum
1646 1276 1765 1328 sine
1795 1276 2059 1343 temporis

504 1363 773 1431 principio
795 1364 848 1417 in
866 1365 988 1419 sinu
1018 1364 1193 1418 Patris
1224 1364 1490 1433 principio
1525 1364 1767 1417 carentis
1799 1364 2060 1418 exsistere

504 1464 669 1520 atque
705 1454 760 1508 in
794 1455 955 1523 hujus
985 1455 1268 1524 temporali
1302 1464 1455 1508 utero
1477 1454 1714 1524 gestari?
1742 1452 1968 1519 Horum,
1999 1465 2059 1508 ut

505 1560 623 1598 mea
656 1544 758 1598 fert
787 1546 994 1613 opinio,
1026 1561 1190 1600 causa
1230 1555 1313 1599 est
1347 1545 1673 1614 assignanda
1706 1545 1797 1598 Dei
1832 1543 2062 1598 Genitri-

505 1635 589 1688 cis
643 1637 999 1699 conscientia,
1056 1651 1178 1704 quae
1232 1644 1441 1689 tantum
1498 1635 1741 1689 animum
1795 1636 2061 1701 addebat;

510 1726 625 1779 ﬁeri
650 1704 794 1781 enim
834 1744 938 1780 non
976 1735 1207 1797 poterat,
1240 1742 1301 1780 ea
1327 1728 1613 1795 puritatem
1643 1743 1748 1781 non
1786 1735 2062 1793 servante,

507 1826 559 1871 et
606 1820 982 1873 accredentem
1025 1833 1132 1872 non
1170 1818 1446 1887 praebente
1477 1819 1903 1884 animositatem,
1949 1836 2065 1874 ma-

2156 657 2354 712 parens
2398 641 2677 696 exciderat
2728 646 2783 693 et
2818 651 2982 707 quam
3017 634 3116 702 ipsi
3156 631 3371 686 Gabriel
3417 643 3447 682 a
3499 642 3721 682 summo

2158 732 2270 787 Deo
2330 730 2673 786 nuntiaverat
2713 743 2839 784 esse
2905 725 3132 780 omnino
3177 721 3393 792 qualem
3453 718 3718 771 diximus.

2158 824 2359 891 Quidni
2390 823 2539 877 enim
2564 837 2732 884 eam,
2764 835 2885 889 quae
2917 816 3002 872 sui
3037 824 3227 886 partus
3258 811 3495 866 novitate
3524 809 3725 863 salutis

2157 913 2241 969 sui
2296 911 2514 981 generis
2575 911 2823 963 ministra
2875 906 2996 970 fuit,
3036 919 3160 959 cum
3192 903 3351 973 plane
3395 900 3723 970 prmlinitum

2159 1013 2308 1058 esset
2362 1011 2489 1057 ante
2539 1001 2866 1070 productum
2919 998 3063 1051 hunc
3111 994 3397 1057 mundum,
3427 1001 3725 1056 antequam

2164 1106 2351 1153 essent
2406 1096 2637 1163 angelici
2700 1094 2943 1155 ordines,
3011 1091 3118 1144 hoc
3166 1100 3409 1156 tempore
3469 1075 3726 1153 impleri?

2159 1190 2525 1244 Conveniebat
2558 1188 2744 1252 etiam,
2791 1187 3049 1245 arbitror,
3089 1184 3301 1238 Patrem
3351 1191 3569 1247 quoque
3598 1170 3732 1228 Fili!

2161 1288 2438 1349 perpetuae.
2492 1276 2731 1347 Virginis
2783 1274 3214 1328 incarnationem
3273 1269 3359 1325 sui
3420 1278 3485 1322 ac
3532 1265 3732 1320 Matris

2164 1366 2442 1435 linigeniti
2498 1382 2599 1422 suo
2664 1369 3057 1433 comprobante
3123 1358 3482 1428 bencplacito,
3545 1358 3731 1427 ipsum

2163 1469 2424 1529 praeterea
2460 1459 2553 1527 qui
2613 1457 3045 1513 incarnationem
3092 1454 3264 1508 obivit
3303 1446 3538 1504 Verbum
3574 1446 3736 1516 genio

2163 1549 2300 1603 toris
2333 1550 2486 1619 puris
2516 1548 2720 1603 editum
2754 1547 2822 1600 de
2868 1544 3192 1607 visceribus,
3231 1556 3438 1595 necnon
3495 1537 3737 1593 sanctis-

2166 1640 2364 1693 simum
2384 1648 2439 1692 et
2467 1638 2823 1707 perfectionis
2856 1637 3168 1704 largitorem
3202 1632 3485 1700 Spiritum,
3511 1631 3733 1699 beatam

2168 1730 2416 1784 videlicet
2437 1728 2784 1792 Trinitatem,
2827 1727 3050 1783 conscia
3081 1715 3246 1779 etiam
3280 1722 3502 1790 Virgine
3533 1734 3734 1773 assen-

2168 1835 2401 1890 sumque
2438 1820 2713 1889 praebente
2740 1818 3058 1887 mysterium
3082 1814 3340 1884 perlicere
3364 1809 3738 1877 benignitatis,

505 1924 669 1976 gnum
734 1908 836 1963 hoc
893 1923 1054 1976 opus,
1112 1917 1165 1962 et
1218 1923 1542 1974 generosum
1583 1910 1651 1963 ab
1682 1925 1745 1964 ea
1781 1911 2060 1978 praestari:
2090 1912 2138 1973 B
2167 1922 2223 1967 et
2257 1913 2483 1982 justitia-
2530 1911 2773 1981 plenum,
2822 1919 2884 1962 ut
2921 1918 2975 1963 et
3021 1909 3243 1962 libertas
3293 1903 3503 1958 arbitrii
3555 1902 3739 1954 locum

502 2015 673 2065 quare
701 2007 756 2054 et
787 2001 946 2053 verba
978 2001 1111 2063 ipsa,
1164 2000 1363 2067 quibus
1398 2014 1493 2052 usa
1524 2007 1607 2054 est
1648 2002 1928 2068 perspicue
1970 2017 2067 2059 os-

505 2092 760 2152 tendunt,
810 2091 980 2158 ipsam
1027 2105 1087 2146 se
1147 2106 1253 2143 non
1287 2090 1561 2159 indignam
1600 2100 1749 2145 tanto
1790 2092 2066 2158 iudicasse

509 2183 796 2245 beneﬂcio,
838 2192 898 2237 ut
946 2182 1133 2240 Mater.
1192 2183 1435 2250 inquam,
1473 2182 1595 2250 ejus
1644 2184 1792 2237 fieret
1822 2186 1912 2253 qui
1944 2194 2065 2239 stu-

511 2272 747 2341 pendum
781 2272 883 2326 hoc
930 2287 1071 2339 opus
1103 2272 1372 2339 patrahat.
1402 2270 1542 2336 Non,
1578 2285 1690 2324 non
1732 2273 1803 2325 sit
1837 2271 2064 2338 Manum,

509 2377 616 2414 non
655 2360 883 2423 Danieli,
907 2375 1218 2428 quanquam
1242 2361 1308 2412 de
1333 2360 1546 2415 visione
1566 2375 1754 2414 eorum
1777 2361 1907 2429 qttid
1936 2377 2068 2416 sen-

509 2452 755 2506 tiendum
788 2452 996 2512 nescio,
1030 2452 1074 2506 si
1120 2460 1372 2506 accurate
1406 2453 1803 2516 consideretur,
1834 2466 1925 2508 aut
1956 2469 2067 2523 quo

509 2543 728 2597 tandem
756 2543 915 2595 tnodo
936 2542 1001 2595 ad
1035 2542 1157 2596 illos
1187 2544 1482 2596 accesserit
1508 2544 1597 2610 qui
1619 2546 1888 2612 apparuit.
1909 2542 2070 2599 Certe

509 2651 617 2689 non
663 2635 958 2686 obscurum
991 2642 1095 2695 est,
1128 2632 1228 2701 ipsi
1278 2644 1439 2700 atque
1464 2632 1569 2687 illis
1595 2648 1700 2685 non
1724 2647 1877 2701 aeque
1906 2647 2073 2701 appa-

508 2725 685 2778 ruisse
721 2724 963 2777 ltabitutn
1000 2734 1053 2777 et
1094 2722 1436 2789 splendorem
1468 2722 1793 2790 angelicum,
1829 2724 1986 2777 sicuti
2020 2732 2075 2777 et

509 2818 839 2882 colloquium
872 2829 994 2867 cum
1020 2814 1078 2867 Β.
1105 2814 1325 2877 Virgine
1350 2828 1456 2867 non
1479 2814 1722 2877 ejusdem
1743 2823 1858 2867 erat
1897 2814 2073 2869 bono-

513 2907 610 2965 ris.
641 2905 799 2969 cujus
833 2916 886 2957 et
912 2920 1189 2959 sermones
1219 2905 1385 2958 habiti
1425 2919 1550 2958 cum
1598 2905 1729 2969 illis;
1780 2904 2069 2974 siquidem.

517 2997 734 3057 isdisit,
770 2995 1057 3061 Periimus,
1085 2996 1248 3048 Deum
1266 2996 1524 3059 vidimus,
1560 2995 1787 3049 alterum
1812 3011 1941 3050 vero
1961 2996 2077 3051 fere

516 3086 715 3141 deft-cit
767 3086 1003 3146 animus,
1044 3094 1365 3154 penetrante
1396 3086 1653 3138 nimirum
1699 3086 1895 3139 timore
1918 3085 2073 3141 dere-

518 3190 677 3247 pente
722 3178 775 3230 in
809 3193 1005 3231 sensus
1047 3177 1284 3239 intimos,
1309 3186 1362 3230 et
1393 3177 1496 3229 nisi
1531 3178 1600 3230 ab
1627 3187 1861 3244 utroque
1894 3191 2076 3231 reces-

2174 2005 2421 2067 haberet,
2449 2015 2504 2059 et
2533 2004 2676 2057 nulla
2710 2017 2940 2072 prorsus
2978 2000 3337 2055 intercederet
3366 1995 3641 2053 violentia.
3661 2007 3741 2047 ex

2171 2112 2281 2165 quo
2322 2111 2422 2151 nec
2447 2110 2677 2164 serpens
2711 2095 2970 2164 antiquus
3002 2100 3260 2146 essm-tus
3290 2086 3583 2142 calumniis
3610 2097 3743 2153 pos-

2172 2199 2259 2243 set
2294 2190 2394 2243 hoc
2418 2188 2760 2250 insimulare,
2796 2201 2861 2240 ac
2899 2186 3063 2240 veluti
3092 2191 3274 2238 notam
3310 2179 3601 2250 quamdam
3629 2178 3742 2231 im-

2173 2284 2399 2353 pingere
2438 2278 2783 2353 benignitati,
2826 2289 2881 2334 et
2910 2278 3142 2348 justitia:
3185 2274 3299 2337 Dei,
3334 2272 3477 2342 quod
3515 2279 3740 2338 operata

2173 2384 2320 2427 esset
2352 2373 2666 2442 mysterium
2702 2372 2838 2425 citra
2873 2382 3201 2424 consensum
3235 2360 3591 2418 immaculata:
3614 2359 3745 2414 Vir-

2174 2467 2354 2535 ginis;
2397 2465 2660 2521 clamaret
2688 2465 2856 2526 enim,
2883 2460 3177 2516 convenire
3208 2460 3313 2511 Deo
3341 2452 3542 2510 nemini
3570 2453 3738 2507 bene.

2176 2557 2357 2611 facere
2413 2557 2641 2617 nolenti,
2689 2570 2788 2609 nec
2836 2553 2978 2606 dona
3015 2566 3109 2620 per
3160 2550 3266 2602 vim
3289 2545 3539 2602 conferre
3570 2558 3584 2608 ;
3619 2556 3749 2596 esse

2174 2650 2320 2704 enim
2351 2662 2579 2718 prorsus
2623 2649 2735 2700 luce
2791 2646 2865 2700 illi
2919 2643 3139 2697 inimica
3192 2647 3247 2694 et
3293 2638 3505 2690 odiosa.
3540 2632 3745 2688 Verum

2177 2742 2378 2797 dixerit
2408 2740 2549 2794 forte
2580 2740 2851 2808 quispiam
2884 2736 2967 2790 vir
3009 2735 3181 2791 scitus
3211 2730 3436 2785 alterius
3477 2727 3591 2780 haec
3619 2740 3748 2779 esse

2181 2836 2509 2892 festivitatis.
2578 2831 2993 2902 Respondemus
3044 2844 3058 2880 :
3108 2824 3347 2880 Alterius
3405 2820 3668 2890 quidem,
3710 2833 3750 2870 ο

2181 2931 2374 2991 amice,
2408 2943 2515 2982 non
2538 2936 2717 2980 tamen
2742 2926 2950 2987 alienae,
2989 2919 3085 2975 sed
3106 2918 3357 2972 maxime:
3393 2913 3518 2967 huic
3544 2910 3749 2974 aliinis,

2181 3037 2305 3078 nam
2330 3036 2590 3076 connexae
2623 3026 2754 3074 sunt
2785 3017 2927 3070 inter
2956 3028 3016 3068 se
3053 3010 3309 3071 invicem,
3334 3015 3387 3061 et
3410 3006 3580 3058 altera
3609 3019 3744 3072 pen-

2180 3114 2273 3171 det
2299 3115 2367 3168 ab
2380 3114 2550 3168 altera
2576 3111 2854 3181 cujusdam
2888 3107 3061 3161 instar
3095 3112 3295 3157 catena:
3322 3114 3508 3154 revera
3534 3113 3745 3152 aureae:

2181 3208 2382 3278 quippe
2395 3220 2514 3275 qua:
2538 3205 2741 3274 pariter
2763 3201 3110 3257 celebrantur
3128 3195 3443 3271 adgloriam
3470 3191 3742 3259 gloriosae.

518 3270 680 3323 sisset
712 3270 874 3321 citius
912 3268 1087 3321 visum
1125 3267 1254 3321 illud
1297 3268 1605 3329 insolitum,
1646 3266 1881 3322 fortasse
1911 3267 2074 3321 vitant
2111 3270 2154 3332 ο
2183 3266 2332 3353 ﬁo;
2359 3266 2490 3366 "'80
2538 3266 2600 3349 λη
2636 3293 2885 3349 indomiti
2927 3290 3053 3360 equi
3101 3268 3326 3349 facim".
3378 3283 3628 3352 (“vagam
3664 3292 3753 3334 cu

522 3368 748 3427 uterque
794 3358 1060 3412 citissime
1093 3357 1459 3411 terminasset.
1516 3354 1649 3410 Nam
1706 3367 1762 3409 et
1786 3362 1975 3412 omnes
2019 3356 2076 3411 in

521 3451 837 3503 universum
890 3456 1163 3516 quotquot
1206 3446 1513 3501 visionibus
1551 3446 1755 3515 dignati
1806 3457 1951 3510 sunt,
1989 3461 2077 3501 ea-

524 3540 645 3592 dem
668 3540 810 3606 passi
844 3547 992 3607 sunt,
1022 3553 1142 3603 quae
1171 3546 1223 3591 et
1253 3537 1341 3592 isti
1363 3553 1379 3602 ;
1404 3547 1457 3590 at
1489 3536 1650 3603 Virgo
1672 3537 1881 3590 turbata
1905 3537 2079 3606 primo

520 3631 573 3685 in
610 3645 885 3692 sermone,
914 3630 1088 3696 inquit
1119 3645 1134 3681 :
1166 3643 1273 3680 non
1313 3628 1456 3681 enim
1497 3636 1555 3680 ιιι
1589 3628 1665 3680 illi
1695 3627 1766 3681 ob
1795 3639 2076 3696 aspectum

520 3720 721 3786 angeli,
766 3719 923 3786 idque
957 3731 1010 3773 ut
1039 3735 1106 3772 ne
1140 3719 1435 3779 videretur,
1471 3726 1673 3785 quanta
1705 3733 1790 3772 res
1822 3705 1967 3774 esset
1993 3735 2079 3774 sa-

522 3812 734 3871 lutatio,
759 3812 1041 3879 ignorare;
1075 3824 1197 3862 mox
1241 3824 1359 3862 sese
1386 3807 1582 3862 obtulit
1614 3806 1801 3876 Opillei
1835 3809 1939 3863 fide
1967 3808 2068 3862 sin-

521 3903 802 3957 cerissima
850 3902 1087 3969 plenam,
1150 3909 1209 3954 ut
1240 3900 1538 3953 materialis
1582 3908 1768 3953 venter
1809 3899 2088 3968 exciperet

523 3992 697 4061 ignem
731 3990 1163 4044 iuunaterialetn.
1194 3987 1464 4053 Quantum
1495 4003 1620 4042 vero
1656 3989 1758 4041 hoc
1787 4000 1892 4051 est,
1933 3988 2080 4058 quod

523 4096 633 4136 non
688 4080 826 4134 Deus
871 4090 992 4149 agat
1039 4095 1159 4147 quae
1209 4093 1372 4147 supra
1436 4088 1682 4132 naturam
1724 4088 1778 4133 et
1818 4080 2077 4134 rationem

521 4182 673 4233 sunt,
716 4186 910 4236 magna
961 4184 1049 4223 res
1101 4177 1207 4233 est,
1256 4183 1378 4222 nam
1417 4178 1472 4222 et
1503 4184 1683 4233 rerum
1730 4178 1974 4223 naturam
2027 4178 2081 4223 et

526 4261 790 4315 rationem
822 4261 935 4329 ipse
962 4259 1226 4313 condidit.
1249 4260 1317 4312 At
1347 4257 1622 4327 Virginem
1660 4274 1717 4313 se
1747 4259 2076 4313 conﬁdenter

526 4350 795 4404 obtulisse
833 4350 992 4405 talem
1030 4350 1333 4404 ministram
1359 4359 1411 4404 et
1458 4350 1637 4404 verbis
1665 4349 1933 4405 Gabrielis
1981 4351 2077 4404 ba-

528 4442 712 4495 huisse
731 4442 926 4529 ﬂdent,’
944 4455 1028 4495 res
1048 4450 1132 4495 est
1162 4439 1319 4508 plane
1338 4441 1580 4493 omnium
1608 4441 1860 4494 maxima.
1889 4440 2071 4496 Osten-

526 4529 605 4583 dit
623 4530 781 4597 igitur
806 4544 863 4584 se
881 4527 1051 4597 ipsam
1075 4527 1181 4582 Deo
1205 4528 1568 4598 gratissimam
1587 4529 1767 4597 Virgo,
1787 4530 1911 4583 dum
1937 4530 2080 4600 quod

529 4619 745 4687 utrique
782 4629 1101 4673 naturarum
1146 4633 1303 4686 posse
1326 4619 1644 4686 contingere
1695 4618 1911 4674 dillicile
1963 4634 2073 4674 cre-
2114 4627 2163 4687 1)

525 4710 640 4764 ditu
668 4718 772 4772 est,
851 4710 964 4779 ipsa
1023 4710 1089 4764 de
1136 4724 1195 4764 se
1237 4711 1406 4765 credit
1447 4722 1511 4763 ac
1556 4709 1622 4763 de
1654 4707 1784 4774 Deo,
1817 4711 2082 4765 creaturis

526 4804 901 4868 excelsiorem,
950 4817 1074 4857 cum
1139 4810 1316 4854 tamen
1365 4811 1614 4854 creatura
1671 4811 1815 4856 esset
1858 4810 1911 4854 et
1943 4802 2080 4869 ipsa.

528 4894 716 4962 Itaque
763 4908 889 4948 cum
923 4893 1094 4947 multa
1120 4902 1175 4945 et
1205 4906 1394 4958 magna
1430 4892 1561 4956 sint,
1592 4907 1711 4958 quae
1743 4892 1830 4945 Ι)ρί
1860 4889 2080 4945 Matrem

529 4985 676 5040 illam
713 4983 980 5047 fecerunt,
1004 4982 1209 5035 nullum
1243 4992 1326 5036 est
1364 4983 1490 5036 huic
1513 4983 1771 5035 oblationi
1799 4982 2083 5051 praeferen-

528 5075 697 5129 dum:
731 5074 875 5142 quod
927 5073 1054 5128 inde
1100 5073 1301 5141 liquet;
1338 5088 1463 5126 nam
1505 5088 1679 5141 neque
1725 5072 2084 5141 archangelus

532 5166 796 5227 ascendit,
851 5178 953 5217 nec
1007 5162 1149 5218 Deus
1200 5163 1486 5217 descendit
1532 5171 1590 5216 ut
1641 5162 1918 5232 praeﬁxum
1960 5172 2084 5214 ante

532 5254 731 5306 stt-cuia
792 5252 1108 5319 mysterium
1157 5252 1225 5305 ad
1284 5251 1444 5309 finem
1487 5267 1584 5319 pro
1637 5252 1810 5305 salute
1842 5252 2082 5304 omnium

533 5346 876 5414 perduceret,
930 5343 1034 5397 nisi
1088 5354 1373 5413 postquam
1415 5341 1734 5395 admiranda
1789 5341 1879 5395 illa
1923 5340 2084 5394 verba

532 5452 597 5490 ex
638 5436 756 5505 ejus
788 5450 884 5489 ore
922 5434 1129 5503 prolata
1163 5441 1313 5494 sunt,
1340 5444 1391 5485 et
1419 5432 1544 5501 jure
1570 5433 1789 5497 quidem
1829 5433 2033 5499 cptitno
2068 5447 2081 5483 :

533 5525 814 5594 optulch
857 5526 999 5578 enim
1063 5523 1408 5590 purissimam
1465 5518 1763 5589 Virginem,
1812 5522 1971 5588 cujus
2034 5528 2090 5574 et

533 5618 713 5672 anima
743 5626 796 5669 et
847 5630 1046 5683 corpus
1068 5614 1217 5667 omni
1258 5612 1376 5665 labe
1412 5613 1696 5675 carebant,
1732 5626 1851 5680 quae
1879 5627 1984 5665 una
2018 5611 2088 5665 ab

534 5708 683 5762 omni
716 5708 1018 5760 aeternitate
1060 5704 1200 5757 inter
1244 5702 1491 5757 homines
1534 5703 1820 5756 sublimior
1855 5701 2083 5765 exstitit,

536 5801 702 5855 veteri
744 5798 1052 5864 maledicm,
1084 5808 1137 5851 ct
1165 5797 1404 5851 humano
1429 5793 1608 5865 generi
1647 5809 1844 5863 coa'vo,
1878 5804 1935 5850 ut
1965 5808 2085 5864 qua

2184 3388 2380 3453 oratio,
2421 3400 2532 3456 quo
2565 3401 2673 3439 non
2721 3381 2975 3444 debebat,
3008 3379 3102 3433 sed
3138 3377 3264 3430 illuc
3296 3373 3631 3440 tendit,.quo
3668 3368 3752 3422 di-

2185 3481 2382 3552 rigitur
2411 3486 2429 3532 :
2463 3493 2586 3531 nam
2651 3474 2753 3530 etsi
2798 3475 2914 3527 visa
2944 3480 3026 3526 est
3057 3466 3288 3538 digredi,
3324 3475 3506 3518 tamen
3547 3463 3601 3516 in
3642 3461 3751 3515 illis

2186 3582 2324 3635 erat,
2352 3586 2446 3641 per
2483 3583 2605 3638 quae
2632 3566 2986 3627 inferebatur,
3016 3561 3161 3631 quod
3192 3558 3534 3617 volebamus,
3564 3562 3621 3608 et
3642 3554 3751 3605 hoc

2189 3666 2264 3718 ita
2291 3678 2412 3718 esse
2443 3658 2753 3716 ostendam.
2789 3656 2929 3721 Quid
2956 3654 3125 3724 igitur
3151 3667 3217 3707 ex
3250 3649 3336 3705 his
3366 3641 3753 3702 concluditur?

2192 3755 2373 3817 Illum,
2405 3768 2565 3824 quem
2619 3752 2780 3807 beata
2813 3747 2981 3815 Virgo
3016 3746 3137 3801 sine
3184 3743 3302 3798 viro
3352 3738 3582 3810 peperit,
3622 3751 3753 3790 con-

2184 3850 2436 3916 junctum
2471 3845 2547 3898 illi
2605 3856 2818 3912 semper
2853 3839 3022 3894 fuisse
3056 3836 3278 3917 (intime.
3311 3833 3379 3887 Et
3420 3829 3552 3900 quid
3584 3826 3754 3882 inde?

2190 3941 2347 4007 Quod
2382 3938 2717 4007 ipsissitmtm
2770 3930 3052 4003 gaudium,
3077 3925 3300 3985 Filium,
3332 3924 3577 3991 inquam,
3611 3932 3754 4007 sem-
3806 3942 3812 3947 ε

2192 4048 2287 4103 per
2320 4029 2714 4084 inhabitantetn
2757 4023 2812 4077 in
2862 4036 2920 4075 se
2974 4018 3183 4074 habens
3213 4027 3373 4070 suum
3407 4024 3531 4065 cum
3555 4006 3756 4078 gaudio

2192 4099 2442 4193 spiritum
2477 4118 2732 4172 manibus
2766 4112 2887 4182 ejus
2917 4105 3336 4166 commendavit.
3372 4101 3437 4155 Et
3462 4100 3507 4155 si
3534 4099 3647 4153 haec
3681 4099 3757 4152 ita

2192 4191 2251 4270 se
2285 4215 2507 4272 habent,
2539 4211 2592 4264 id
2624 4208 2769 4278 quod
2804 4219 2996 4259 omnes
3034 4210 3164 4271 puto
3189 4197 3575 4254 aliirmaturos,
3610 4191 3755 4259 digni

2195 4321 2396 4362 smnus
2447 4304 2627 4362 venia,
2692 4298 2837 4369 quod
2871 4295 3048 4350 simile
3078 4290 3207 4361 quid
3247 4289 3405 4344 nobis
3442 4283 3758 4354 contigerit,

2195 4407 2359 4465 atque
2386 4395 2486 4457 illi,
2519 4393 2610 4465 qui
2645 4391 2784 4446 forte
2813 4389 2866 4441 in
2901 4394 3111 4454 pratum
3136 4380 3380 4449 cujusvis
3420 4378 3635 4448 generis
3665 4372 3763 4427 ﬂo-

2194 4489 2347 4544 ribus
2387 4493 2640 4542 orttatum
2683 4480 2982 4552 profectus,
3015 4477 3144 4529 dum
3176 4475 3336 4527 vellet
3371 4485 3537 4525 unum
3563 4468 3759 4538 legere,

2195 4581 2264 4636 ab
2286 4580 2392 4635 alio
2416 4580 2630 4632 illectus
2663 4575 2815 4627 illum
2854 4568 3149 4636 decerpsit,
3191 4565 3367 4618 victus
3400 4562 3659 4616 nimirum
3690 4559 3763 4610 ab

2195 4674 2316 4744 ejus
2362 4666 2771 4740 pulchritudine
2794 4672 2847 4717 et
2880 4660 3204 4729 fragrantia.
3237 4657 3364 4710 Scio
3402 4661 3627 4706 da'uros
3658 4665 3720 4703 ve
3746 4679 3761 4687 -

2196 4769 2343 4823 niam
2375 4778 2559 4832 aequos
2595 4759 2894 4820 auditores,
2933 4754 2977 4808 si
3012 4767 3205 4822 parum
3274 4747 3506 4818 digressi
3568 4757 3763 4799 sumus

2197 4855 2477 4914 ainateria
2510 4848 2796 4922 praesentis
2855 4844 3213 4903 celebritatis.
3254 4848 3310 4896 et
3365 4841 3433 4892 iis
3490 4835 3762 4897 dicendis,

2199 4964 2321 5020 qua:
2372 4946 2438 5000 ad
2508 4957 2672 4996 unam
2714 4940 2886 5008 ipsam
2955 4935 3248 5004 pertinent.
3299 4928 3489 4998 itaque
3524 4923 3767 4987 reverta-

2200 5054 2325 5097 mur
2352 5039 2418 5091 ad
2460 5040 2669 5095 nostra;
2699 5039 2753 5084 et
2787 5042 2912 5083 cum
2935 5026 3049 5095 jam
3092 5020 3502 5092 probaverimus
3533 5030 3767 5071 consen-

2202 5143 2421 5188 taneum
2452 5134 2507 5181 et
2536 5123 2866 5180 conveniens
2907 5120 3098 5180 fuisse,
3125 5125 3356 5168 mortem
3395 5109 3604 5180 Virgini
3638 5108 3767 5164 nul-

2200 5227 2312 5280 lum
2367 5220 2618 5275 attulisse
2652 5216 2918 5277 dolorem,
2960 5211 3063 5265 hoc
3102 5210 3245 5264 idem
3263 5207 3459 5267 etiam,
3488 5203 3535 5259 si
3565 5202 3767 5272 placet,

2200 5313 2575 5373 necessarium
2606 5307 2987 5363 ostendamus.

2272 5402 2409 5458 Cum
2441 5400 2587 5454 enim
2616 5410 2804 5448 verum
2847 5390 3101 5460 gaudium
3132 5385 3226 5440 Dei
3263 5382 3417 5438 Matri
3458 5389 3606 5437 esset
3626 5393 3768 5434 cono

2201 5497 2471 5569 junctum,
2511 5502 2619 5560 quo
2652 5485 2794 5557 malo
2824 5490 3010 5554 posset
3054 5479 3200 5532 illam
3237 5475 3448 5529 allicere
3480 5472 3638 5526 dolor
3666 5484 3767 5524 vo-

2205 5561 2381 5642 catam
2413 5597 2440 5634 a
2461 5579 2599 5635 Filio
2616 5577 2682 5631 ad
2712 5576 2875 5630 vitam
2901 5570 3264 5627 immortalem
3299 5567 3395 5619 illo
3422 5561 3771 5632 migrationis

2208 5673 2407 5732 modo?
2428 5687 2553 5727 nam
2570 5679 2625 5735 et
2641 5670 2755 5736 ipsa
2786 5678 2972 5721 revera
2990 5661 3327 5732 ipsissimum
3343 5664 3463 5712 erat
3485 5653 3767 5724 gaudium;

2208 5781 2318 5823 non
2363 5763 2526 5819 modo
2581 5760 2708 5831 quia
2747 5775 2779 5813 e
2808 5754 3022 5812 cunctis
3068 5750 3389 5807 mulieribus
3426 5747 3539 5801 sola
3582 5743 3774 5813 effugit

2208 5828 2613 5915 damnationem
2656 5849 2727 5905 ob
2776 5854 3057 5915 peccatum
3096 5847 3148 5896 ct
3195 5846 3408 5910 partum
3461 5834 3515 5887 in
3570 5828 3776 5885 dolori-
