4080 6596
286 459 382 521 14ῖ1

1131 454 1413 515 unum
1454 451 1535 512 ιιι
1580 443 2125 511 nonsummum
2169 445 2271 506 ss.
2316 427 2690 504 narrans.

3451 436 3552 501 10?

270 570 409 634 bus,
439 568 534 625 sed
571 567 700 636 quia
732 566 901 620 Mater
931 563 1093 618 etiam
1121 561 1330 616 exstitit
1355 555 1616 627 ipslssimi
1646 555 1846 624 gaudii.
1891 547 1934 604 Α
1978 558 2070 607 tur
2096 549 2120 604 ἲ
2149 550 2303 616 Quod
2348 549 2394 603 si
2449 549 2532 599 vel
2589 546 2794 614 optimo
2848 547 3276 613 temperamento
3337 550 3550 595 natura:

278 663 450 714 Dolor
480 674 611 728 ergo
663 655 845 712 omnis
875 652 1074 708 abfuit.
1113 651 1266 718 Quod
1306 651 1352 706 si
1386 649 1613 704 omnino
1651 649 1848 716 placet,

261 763 408 807 esto
474 751 634 804 dolor
676 747 995 807 accesserit,
1051 744 1145 798 sed
1180 743 1364 797 statim
1395 741 1557 795 etiam
1603 737 1871 799 recessit,’

273 847 397 911 vix,
427 853 487 898 ut
510 845 582 896 ita
615 843 817 900 dicam.
843 854 955 894 suae
977 837 1279 908 praesentiae
1306 847 1529 888 sensum
1571 830 1840 900 praebens.

269 935 556 1002 Quoniam
576 946 705 1000 ergo
718 931 906 985 dolore
942 942 1114 981 vacua
1133 935 1251 979 erat
1274 924 1465 992 Virgo,
1506 923 1850 990 perspicuum

278 1037 395 1090 est,
427 1025 849 1081 sincerissimam
878 1022 1121 1077 adfuisse
1146 1021 1407 1074 lartitiam.
1446 1017 1638 1070 Certus
1673 1024 1852 1068 autem

283 1133 639 1182 sum,omnes
661 1116 793 1171 mihi
818 1114 1072 1170 assentiri
1091 1111 1420 1171 ratiOuibus,
1443 1110 1642 1179 quibus
1669 1119 1856 1160 verum

282 1210 813 1268 demonstravimus,
849 1221 1168 1274 persuasus,
1212 1203 1348 1257 nihil
1385 1201 1691 1271 purissima:
1744 1197 1862 1250 Vir-

283 1303 405 1372 gini
438 1301 730 1370 Optabilius
766 1299 958 1359 fuisse,
993 1311 1152 1365 quam
1185 1311 1251 1350 ex
1278 1295 1379 1348 hac
1416 1293 1522 1345 vita
1553 1291 1813 1344 decedere
1842 1305 1859 1354 ;

286 1392 432 1446 adeo
453 1397 602 1459 grata
635 1398 753 1442 erat
788 1389 862 1441 illi
894 1400 1061 1446 mors,
1090 1399 1196 1451 qua
1232 1397 1331 1436 nos
1355 1381 1638 1434 tristamur
1663 1387 1710 1430 et
1740 1376 1864 1442 jure

285 1487 516 1556 quidem
546 1485 774 1550 optimo.
807 1480 943 1534 Nam
997 1481 1124 1549 quia
1152 1479 1297 1532 nulla
1331 1487 1450 1528 erat
1482 1475 1586 1526 alia
1641 1472 1723 1522 via
1757 1483 1863 1538 quia

285 1584 485 1646 posset
523 1575 674 1628 abire.
695 1574 758 1626 ad
791 1571 1010 1633 Filium,
1039 1571 1144 1624 nisi
1184 1569 1312 1621 hinc
1343 1563 1716 1632 demigrandi),
1740 1575 1863 1613 cum

289 1668 424 1723 Filii
480 1665 937 1721 consuetudinem
1003 1667 1308 1728 exoptarct,
1355 1665 1622 1725 quantum
1686 1650 1867 1706 verbis

289 1759 605 1828 exprimere
648 1771 812 1809 nemo
841 1765 1027 1821 queat,
1070 1751 1389 1806 necessario
1447 1747 1576 1801 illud
1653 1757 1868 1813 quoque

289 1851 734 1918 exoptabat,per
759 1847 902 1914 quod
937 1845 1153 1912 assequi
1189 1851 1420 1912 poterat,
1453 1838 1594 1906 quod
1628 1844 1687 1888 ut
1717 1849 1868 1889 sum-

294 1959 428 1998 mus
462 1941 584 1994 finis
617 1938 1020 2010 optatissimum
1045 1944 1161 1989 erat
1193 1949 1207 1998 ;
1244 1933 1347 1985 hoc
1375 1941 1551 1983 autem
1581 1941 1740 1980 nemo
1765 1923 1867 1976 mi-
1899 1921 1947 1979 B

292 2044 491 2096 retur;
527 2046 635 2084 non
669 2031 818 2084 enim
851 2028 1008 2095 quasi
1043 2025 1202 2079 linem
1235 2023 1457 2091 optabat
1494 2017 1703 2085 seiungi
1745 2018 1870 2068 anl-

301 2140 448 2178 mam
469 2139 497 2174 a
523 2137 774 2190 corpore.
794 2120 1038 2186 Quorum
1062 2118 1205 2171 lhoc
1226 2115 1368 2169 enim
1399 2112 1416 2164 l
1424 2112 1590 2164 uisset
1616 2110 1872 2162 aberrare

312 2231 342 2269 a
369 2214 588 2268 veritate
622 2228 636 2264 :
677 2211 768 2264 illa
800 2224 928 2263 vero
968 2207 1036 2261 ab
1065 2206 1210 2260 omni
1244 2211 1468 2272 peccato
1503 2211 1719 2267 semper
1769 2194 1897 2248 fuit

309 2306 570 2360 immunis
607 2326 618 2359 :
653 2305 759 2358 sed.
795 2300 1068 2370 cupiebat,
1115 2295 1361 2359 ardebat,
1402 2291 1694 2358 exoptabat
1725 2301 1875 2340 mor-

301 2408 436 2462 tem,
466 2397 624 2466 quasi
656 2395 964 2449 vehiculum
997 2389 1291 2460 quoddam,
1326 2396 1420 2440 aut
1444 2383 1739 2452 navigium.
1763 2391 1876 2448 quo

298 2490 583 2543 transvehi
623 2496 808 2556 posset
839 2485 903 2538 ad
951 2481 1260 2536 immortale
1313 2491 1563 2546 regnum,
1593 2482 1648 2529 et
1683 2473 1874 2533 vitam,

298 2579 508 2634 Filium
544 2593 606 2632 ac
631 2577 820 2636 Deum.
852 2575 915 2627 ad
940 2588 1100 2643 quem
1119 2571 1302 2625 omnia
1328 2565 1599 2622 desideria
1627 2561 1877 2624 tendunt,

300 2671 451 2724 ultra
475 2685 638 2738 quem
669 2683 778 2721 non
813 2666 939 2718 licet
971 2661 1222 2733 progredi
1251 2665 1344 2713 aut
1373 2656 1673 2727 quidquam
1697 2654 1876 2708 velle:

302 2777 424 2816 non
451 2762 598 2814 enim
624 2769 808 2828 potest
837 2771 957 2811 esse
985 2755 1211 2810 satietas
1242 2751 1358 2816 Dei,
1390 2759 1443 2805 et
1471 2749 1737 2803 bonorum
1761 2744 1882 2799 illo-

298 2869 456 2916 rum,
491 2853 622 2907 utin
658 2853 760 2905 hac
787 2850 894 2902 vita
924 2846 1196 2914 contingit
1220 2840 1562 2906 necessario,
1588 2837 1642 2891 in
1668 2851 1772 2906 qua
1795 2849 1882 2890 res

299 2944 486 2999 ﬂuxas
518 2956 785 3003 amamus,
817 2949 869 2994 et
902 2955 1010 2993 non
1043 2936 1208 2990 ﬂuxis
1234 2929 1683 3004 praeferimusdit
1711 2928 1881 2992 enim,

301 3047 371 3092 ut
419 3053 543 3090 cum
580 3036 743 3090 rebus
773 3031 1070 3086 ﬂuentibus
1099 3027 1427 3083 desiderium
1457 3036 1676 3092 quoque
1710 3015 1882 3073 animi

301 3129 550 3192 vacillet,
577 3143 701 3182 cum
731 3124 1029 3195 praesertim
1083 3119 1214 3173 illud
1249 3119 1357 3172 cito
1385 3114 1635 3184 capiatur
1663 3112 1886 3166 satieta-

302 3231 386 3275 te.
436 3218 594 3272 Nulla
643 3219 811 3286 igitur
862 3229 950 3269 res
1001 3218 1214 3282 poterat
1265 3208 1433 3261 solari
1481 3204 1600 3273 ejus
1645 3202 1882 3256 animam

1980 641 2220 712 praeditis
2261 641 2390 693 dum
2458 647 2628 688 morte
2679 635 2991 694 solvuntur,
3026 632 3245 700 aliquod
3281 632 3548 685 molestia!

1984 733 2273 800 vestigium
2303 727 2628 784 brevissimo
2669 735 2913 790 tempore
2944 725 3152 785 subest,
3197 739 3301 776 ιιοιι
3327 731 3408 775 est
3449 721 3553 775 mi-

1988 824 2212 878 randum
2238 839 2251 874 :
2273 822 2434 875 homo
2469 818 2613 874 enim
2650 815 2811 886 Virgo
2835 825 2976 877 erat,
3007 823 3056 869 et
3085 815 3370 882 oportebat
3407 813 3552 864 illam

1991 925 2197 969 natura:
2235 920 2629 980 congruentem
2677 925 2800 963 esse
2830 948 2846 970 ,
2898 923 3004 962 nou
3055 905 3422 958 adversariam
3478 902 3553 954 illi

1990 1007 2182 1067 videri,
2213 1003 2358 1072 quod
2394 1003 2591 1057 fuisset-
2613 1010 2667 1057 et
2695 1017 2876 1055 secum
2908 1013 3167 1068 pugnare.
3205 994 3424 1048 Naturae
3456 994 3559 1060 igi-

1991 1106 2080 1150 tur
2124 1097 2369 1152 dchitum
2415 1095 2599 1148 divina
2650 1092 2813 1159 Virgo
2854 1091 3071 1161 peuitus
3123 1105 3228 1139 nou
3288 1094 3558 1145 aversata,

1989 1203 2114 1242 cum
2143 1187 2186 1242 si
2219 1188 2374 1241 aliter
2404 1185 2606 1239 factum
2637 1195 2804 1248 esset,
2842 1198 2928 1237 res
2963 1181 3298 1235 absurditate
3332 1193 3436 1231 nou
3467 1191 3559 1228 ra-

1991 1287 2155 1338 reret,
2197 1287 2381 1332 secuta
2425 1277 2584 1344 plane
2617 1286 2699 1329 est
2733 1289 2912 1328 rerum
2948 1283 3195 1325 naturam
3225 1278 3276 1323 et
3310 1269 3562 1333 aliquan-

1992 1371 2190 1433 tulum,
2253 1370 2328 1422 uti
2373 1369 2482 1436 jam
2549 1369 2810 1427 diximus,
2861 1365 3171 1417 molestiam
3223 1362 3385 1426 repit.
3449 1358 3560 1414 Nec

1996 1472 2176 1516 tamen
2211 1477 2275 1514 ex
2314 1461 2416 1513 hoc
2445 1458 2630 1512 videor
2672 1459 2808 1510 meis
2838 1456 2972 1522 ipsis
3005 1451 3349 1507 sermonibus
3371 1449 3564 1502 adver-

1997 1555 2126 1612 sari,
2156 1552 2311 1618 quasi
2347 1552 2621 1604 contraria
2667 1548 3084 1611 allirmautibus,
3118 1562 3224 1598 non
3259 1545 3402 1597 enim
3436 1559 3563 1608 pos-

1995 1655 2123 1697 sunt
2174 1644 2309 1695 velle
2367 1641 2745 1709 impossibilia.
2795 1637 2899 1692 Sed
2955 1636 3234 1690 exrirdiuni
3287 1634 3561 1686 sermonis

1994 1735 2121 1797 mei,
2150 1744 2201 1787 et
2224 1734 2468 1803 quaedam
2495 1733 2675 1786 addita
2708 1729 3047 1799 postmodum
3077 1727 3305 1780 exordio
3333 1740 3562 1790 Corona,

1999 1827 2269 1879 luculenta
2309 1825 2438 1878 mihi
2485 1825 2729 1879 drfrnsio
2760 1831 2908 1876 sunt.
2961 1820 3168 1874 Etenim
3210 1817 3422 1886 probari
3457 1831 3563 1869 non

1995 1924 2236 1984 poterat,
2270 1917 2672 1970 immaculatam
2710 1916 2987 1983 Virginem
3042 1911 3189 1965 omni
3237 1911 3424 1963 dolore
3473 1925 3566 1964 ca-

1995 2010 2194 2072 ruisse,
2219 2008 2311 2062 sed
2355 2025 2451 2078 pro
2485 2018 2689 2061 naturae.
2727 2006 2936 2074 legibus
2980 2012 3254 2056 momento
3307 1999 3568 2067 temporis

1998 2100 2307 2156 communis
2336 2101 2496 2166 hujus
2520 2099 2713 2152 mortis
2741 2097 3047 2166 percepisse
3083 2095 3350 2154 dolorem,
3375 2105 3564 2144 verum

2005 2204 2152 2247 tanta
2184 2193 2488 2247 aﬂluentem
2517 2193 2698 2245 laetitia
2723 2202 2776 2242 ιιι
2805 2204 3030 2258 prorsus
3051 2188 3116 2240 ab
3139 2202 3202 2241 ea
3230 2201 3430 2240 mmror
3451 2198 3572 2236 om-

2001 2285 2090 2340 nis
2143 2285 2413 2356 eﬂ‘ugerit,
2460 2286 2627 2339 cessit
2667 2284 2811 2336 enim
2859 2296 2918 2336 se
2956 2281 3189 2335 fortiori.
3243 2279 3322 2333 lla
3365 2287 3414 2328 et
3448 2275 3570 2338 eius

2002 2375 2200 2440 Filius,
2249 2384 2531 2445 assumpta
2580 2385 2781 2428 nostra!
2831 2375 3015 2427 carnis
3055 2387 3254 2433 massa,
3305 2371 3475 2422 noluit
3505 2370 3573 2423 iis

2001 2483 2210 2530 carere,
2264 2484 2384 2535 qua:
2410 2469 2591 2521 carnis
2615 2476 2742 2521 sunt
2787 2465 3161 2534 propria,sine
3184 2465 3384 2531 quibus
3409 2463 3572 2516 homo

2003 2558 2056 2612 in
2082 2559 2196 2611 suis
2226 2558 2568 2611 naturalibus
2611 2572 2734 2612 esse
2764 2556 3001 2623 perfecte
3037 2571 3142 2608 non
3177 2564 3358 2623 potest
3401 2572 3414 2606 :
3466 2552 3569 2605 tri-

2003 2658 2178 2703 status
2211 2657 2314 2711 est,
2346 2649 2535 2703 dolore
2581 2648 2832 2708 allectus,
2871 2662 2976 2698 nun
3023 2645 3197 2697 solum
3227 2644 3279 2698 in
3317 2659 3480 2697 cruce
3518 2651 3573 2696 et

2003 2739 2283 2804 Passione,
2301 2740 2393 2792 sed
2409 2741 2570 2793 etiam
2586 2738 2804 2806 quando
2820 2736 3056 2789 Lazarus
3078 2743 3322 2787 mortuus
3337 2743 3413 2787 est
3427 2775 3441 2796 ,
3457 2735 3574 2798 lege

2004 2841 2207 2886 nostra:
2237 2841 2446 2885 naturze
2469 2832 2736 2900 lacrymas
2766 2830 3028 2882 emisitex
3053 2828 3229 2881 oculis
3255 2842 3346 2880 :ex
3382 2827 3576 2879 itinere

2006 2925 2333 2994 defatigatus
2364 2933 2470 2986 est,
2499 2924 2731 2993 ciboque
2754 2922 3006 2989 iudig-iit,
3033 2929 3085 2974 et
3115 2935 3308 2975 somno
3333 2934 3396 2972 ac
3421 2926 3574 2985 potu,

2011 3033 2075 3072 ac
2133 3018 2448 3073 summatim
2505 3017 2593 3078 iis.
2645 3016 2842 3082 quibus
2882 3011 3577 3068 ﬂuxanostracontinetur

2007 3111 2140 3171 vita,
2173 3125 2396 3178 qumque
2433 3109 2487 3162 in
2522 3123 2580 3161 se
2628 3123 2827 3174 corpus
2871 3124 2978 3161 non
3015 3106 3226 3171 recipit.
3268 3105 3370 3157 nisi
3425 3106 3578 3171 prius

2008 3216 2074 3255 ex
2106 3216 2292 3256 eorum
2339 3199 2628 3268 indigentia
2661 3199 3032 3253 rondolescat.
3071 3197 3219 3249 Adeo
3265 3195 3369 3249 fuit
3407 3194 3577 3250 nostri

305 3327 530 3368 summo
550 3308 824 3364 desiderio
846 3299 1314 3362 a2stuantem,nisi
1341 3314 1405 3352 ex
1433 3297 1535 3350 hac
1557 3295 1665 3348 vita
1693 3292 1884 3347 deces-
1930 3281 1973 3344 C
2011 3307 2200 3346 amans
2259 3292 2511 3345 Salvator
2545 3308 2560 3354 ;
2619 3307 2726 3345 non
2775 3291 2918 3345 enim
2969 3290 3153 3343 carnis
3193 3301 3244 3341 et
3294 3289 3579 3353 sanguinis

306 3407 419 3460 sio.
469 3403 609 3469 Quid
646 3402 692 3455 si
727 3399 795 3452 VB.
833 3397 1030 3450 Paulus
1077 3393 1339 3461 cupiebat
1390 3387 1643 3449 dissolvi,
1681 3393 1733 3436 et
1763 3395 1888 3436 esse

305 3513 437 3551 curn
468 3494 693 3548 Christo
721 3492 746 3544 ’ἒ
785 3489 872 3544 c'ui
915 3488 1078 3541 etiam
1116 3482 1282 3536 David
1324 3495 1385 3534 ac
1432 3478 1651 3532 Simeon
1698 3487 1888 3544 preces

308 3584 595 3643 fundendo
641 3577 998 3649 congruentia
1047 3572 1214 3627 locuti
1253 3570 1508 3624 videntur
1556 3584 1578 3620 .·
1631 3565 1722 3618 ille
1761 3561 1890 3615 dum

305 3682 394 3736 ait
434 3696 447 3733 :
483 3677 631 3731 Educ
673 3675 736 3726 de
766 3670 1006 3725 custodia
1049 3667 1283 3720 animam
1314 3677 1520 3725 meam;
1556 3667 1628 3721 et,
1669 3652 1892 3720 Quando

306 3770 517 3824 veniam
540 3775 590 3819 et
617 3763 879 3832 apparebo
899 3767 1020 3812 ante
1051 3756 1236 3821 {aciem
1262 3752 1354 3805 Dei
1375 3754 1398 3806 .9
1416 3747 1592 3816 (Paal.
1621 3751 1764 3806 C\Ll,
1795 3741 1849 3812 8)
1874 3756 1890 3806 ;

309 3861 410 3915 hic
456 3867 636 3910 autem
665 3868 790 3907 cum
825 3851 963 3906 dixit
999 3864 1013 3900 :
1055 3845 1213 3900 Nunc
1247 3841 1478 3895 dimittis
1506 3852 1710 3892 servum
1747 3843 1896 3886 tuum

311 3948 475 4019 (Luc.
511 3961 570 4010 ιι,
593 3944 685 4014 29)
716 3960 732 4010 ;
777 3941 976 4010 quibus
1016 3937 1207 4003 utique
1237 3931 1470 3986 vocibus
1517 3927 1600 3980 usi
1641 3925 1893 3985 fuissent,

313 4018 582 4100 arbitror,
627 4038 672 4091 si
730 4049 871 4103 opus
924 4029 1138 4092 luisset,
1167 4025 1243 4081 illi
1279 4023 1443 4078 etiam
1474 4018 1566 4087 qui
1599 4031 1757 4072 suum
1799 4025 1900 4082 pro

311 4137 542 4192 Christo
571 4129 881 4187 eﬂ‘uderunt
903 4123 1248 4194 sanguinem,
1270 4128 1324 4173 et
1352 4116 1568 4170 dolores
1593 4107 1898 4165 intoleran-

314 4231 427 4284 dos
471 4226 785 4281 sustinuere
819 4238 834 4274 ε
866 4226 920 4274 et
962 4218 1036 4270 illi
1088 4213 1317 4284 pariter,
1361 4207 1453 4276 qui
1505 4206 1559 4259 in
1595 4199 1902 4274 spiritualia

321 4319 629 4376 certamina
687 4311 1111 4371 descenderunt,
1165 4302 1545 4358 confessorum
1593 4302 1788 4352 coetus,
1849 4299 1905 4345 et

321 4411 555 4466 omnino
579 4407 780 4474 quibus
803 4401 882 4455 uti
911 4411 1117 4466 scopus
1147 4390 1488 4464 propositum
1518 4393 1625 4448 est,
1654 4383 1801 4453 quod
1822 4388 1907 4436 est

322 4472 622 4568 optimum,
647 4503 703 4548 et
737 4493 912 4545 solum
951 4487 1079 4541 illud
1112 4486 1385 4554 spectant.
1420 4477 1476 4532 Si
1504 4477 1668 4545 igitur
1698 4474 1811 4527 haec
1831 4472 1906 4525 ita

323 4564 391 4649 se
421 4591 640 4650 habent,
688 4583 989 4646 auditores,
1046 4593 1154 4649 qua
1190 4576 1408 4631 ratione
1463 4570 1558 4626 Dei
1620 4569 1790 4623 Mater
1822 4564 1908 4620 di-

2013 3384 2287 3453 particeps
2309 3383 2484 3437 factus
2515 3392 2804 3437 contentus
2838 3381 2959 3445 fuit,
2987 3391 3040 3434 et
3070 3380 3282 3432 collatis
3311 3381 3362 3430 iu
3388 3394 3580 3433 ouiues

2013 3477 2316 3538 beneficiis,
2352 3492 2458 3529 non
2508 3475 2735 3529 ulterius
2781 3473 3056 3543 progredi,
3097 3472 3191 3526 sr-d
3244 3471 3402 3540 quasi
3463 3470 3578 3522 fieri

2019 3583 2125 3621 non
2163 3574 2370 3633 posset,
2414 3567 2612 3620 salvari
2659 3567 2955 3626 hominem,
2994 3565 3110 3632 ipso
3156 3579 3262 3617 non
3322 3565 3581 3630 patiente,

2013 3660 2329 3715 Passiouem
2394 3669 2446 3714 et
2505 3667 2740 3712 mortem
2803 3657 3030 3723 optavit,
3088 3667 3196 3708 tam
3257 3653 3580 3707 exuberanti

2016 3749 2209 3804 affectu
2243 3757 2438 3802 utnon
2477 3749 2649 3817 possit
2706 3747 2940 3814 exprimi
2977 3763 2990 3810 ;
3029 3755 3082 3799 et
3121 3753 3356 3798 testatur
3401 3744 3530 3796 illud
3566 3755 3581 3796 :

2017 3837 2288 3907 Baptismo
2315 3837 2479 3891 habeo
2507 3837 2790 3903 baptizari,
2821 3846 2872 3889 et
2922 3835 3180 3900 quomodo
3213 3843 3456 3886 coarctor
3492 3850 3584 3885 us-

2016 3945 2113 3998 que
2147 3927 2269 4001 dum
2296 3927 2601 3995 perﬁciatur
2631 3925 2783 3994 (Luc.
2818 3942 2914 3989 xu,
2945 3924 3059 3993 50).
3088 3925 3269 3990 Quare
3295 3933 3349 3978 et
3374 3926 3587 3977 contri-

2019 4028 2196 4075 status
2217 4017 2334 4086 est,
2367 4020 2701 4086 doloresque
2732 4029 2988 4085 expertus
3028 4018 3082 4072 in
3109 4033 3294 4074 cruce.
3323 4015 3587 4071 Caeterum

2022 4113 2228 4167 doloris
2259 4120 2472 4183 tempus
2501 4112 2906 4172 brevissimum,
2938 4118 2995 4163 ut
3017 4110 3213 4163 merito
3244 4109 3434 4163 uedici
3461 4110 3589 4178 qui-

2025 4207 2142 4261 dem
2209 4205 2438 4258 fortasse
2496 4213 2711 4272 tempus
2746 4203 2967 4269 possit;
3013 4201 3107 4255 sed
3161 4200 3344 4271 gaudii
3378 4211 3592 4267 tempus

2022 4296 2194 4351 dolori
2227 4296 2571 4350 succedentis
2594 4306 2646 4350 et
2668 4295 2943 4349 ineffabile
2972 4307 3055 4349 est
3083 4303 3138 4348 ct
3163 4293 3588 4348 interminabile.

2024 4388 2177 4454 Quod
2208 4388 2252 4443 si
2273 4391 2384 4443 haec
2413 4389 2478 4443 de
2496 4387 2779 4443 Salvatore
2809 4388 2953 4442 dicta
2976 4402 3099 4441 vera
3120 4393 3268 4450 sunt,
3287 4401 3466 4439 annon
3488 4385 3594 4438 erit

2026 4482 2206 4534 minus
2231 4480 2328 4548 pia:
2351 4479 2548 4533 mentis
2567 4479 2633 4532 de
2656 4478 2823 4533 Matre
2844 4479 2961 4547 ejus
2986 4479 3196 4531 diversa
3216 4475 3457 4530 sentire?
3485 4473 3595 4528 De-

2027 4573 2193 4626 cebat
2228 4585 2358 4624 sane
2386 4567 2478 4622 Dei
2521 4567 2642 4622 Filii
2677 4568 2900 4622 Matrem
2937 4566 3072 4620 Filio
3102 4575 3156 4621 et
3186 4566 3436 4619 manibus
3471 4562 3594 4628 ejus

321 4684 504 4739 cenda
535 4696 641 4734 non
671 4679 743 4730 sit
764 4678 925 4745 longe
954 4672 1194 4726 maximo
1222 4667 1416 4720 aﬂ'ectu
1449 4665 1502 4717 in
1526 4664 1626 4714 hoc
1653 4656 1908 4713 laudabili
1935 4648 1986 4708 D
2028 4677 2148 4714 cum
2199 4659 2383 4714 laetitia
2442 4660 2829 4713 commendare
2876 4658 3154 4726 spiritum,
3205 4655 3346 4710 sicut
3377 4655 3491 4722 ipse
3534 4652 3589 4706 in

322 4773 598 4828 desiderio
615 4770 902 4839 plusquam
921 4763 1011 4817 alii
1028 4762 1200 4816 fuisse
1221 4759 1244 4812 τ
1265 4759 1424 4813 Certe
1447 4755 1499 4807 in
1515 4751 1796 4806 illisetiam
1815 4761 1910 4800 ve-

325 4838 777 4920 hementissimus
809 4856 910 4910 fuit
941 4855 1046 4907 iste
1077 4851 1333 4913 affectus;
1363 4861 1461 4900 nec
1486 4843 1630 4896 aliud
1655 4838 1911 4909 Optabam

322 4954 580 5026 quam,si
614 4951 746 5021 quid
774 4949 1110 5018 praecipuum
1147 4949 1287 5003 erat,
1319 4937 1748 5000 conferebatque
1771 4945 1905 4984 sua-

329 5023 428 5119 pte
466 5055 663 5098 natura
697 5042 762 5096 ad
794 5041 918 5102 hoc,
956 5045 1017 5091 ut
1053 5042 1241 5089 essent
1271 5045 1396 5086 cum
1421 5028 1678 5104 £hristo.
1706 5023 1908 5076 Verum

328 5112 444 5194 illis
476 5135 639 5203 Virgo
660 5141 814 5188 tanto
841 5125 1204 5184 excellentius
1238 5120 1467 5190 optavit,
1498 5123 1765 5184 quantum
1793 5112 1909 5164 dis-

321 5217 719 5287 criminisest
785 5224 930 5278 inter
988 5219 1166 5288 ipsam
1211 5222 1267 5268 et
1333 5211 1499 5265 illos:
1549 5221 1662 5261 tum
1700 5205 1910 5256 ratione

323 5319 640 5380 sanctitatis
688 5325 745 5370 et
813 5313 1079 5365 virtutum
1149 5304 1363 5360 ciliciis.
1422 5307 1910 5368 quantamcunque

321 5416 457 5485 quis
503 5411 684 5464 animo
729 5402 1025 5476 praziixerit
1063 5400 1230 5467 hujus
1273 5395 1349 5449 rei
1405 5403 1742 5452 mensuram,
1792 5393 1907 5438 tum

325 5509 545 5559 ratione
577 5495 989 5566 coniunctionis
1017 5506 1140 5544 cum
1175 5487 1444 5548 Deo,cum
1489 5484 1533 5535 is
1567 5492 1718 5535 satus
1741 5477 1910 5545 ipsius

323 5593 605 5651 exstiterit
644 5607 660 5655 ;
705 5603 811 5657 qua
845 5584 1062 5654 quidem
1112 5580 1167 5633 in
1203 5593 1260 5632 re
1289 5575 1494 5631 nullam
1542 5581 1626 5625 est
1670 5567 1912 5622 invenire

325 5699 672 5743 mensuram.
718 5681 854 5736 Cum
913 5676 1082 5745 igitur
1127 5681 1281 5724 tanto
1327 5664 1602 5720 desiderio
1656 5660 1912 5730 ﬂagraret

328 5765 680 5845 Inigrationis
702 5787 732 5826 e
760 5778 906 5824 terra
939 5769 991 5819 in
1035 5762 1259 5825 caelum,
1292 5757 1383 5810 ubi
1423 5767 1637 5824 tempus
1669 5751 1910 5811 advenit.

331 5844 484 5934 quod
509 5865 732 5932 optabat
771 5869 1058 5932 perpetuo,
1088 5852 1279 5920 quidni
1313 5848 1577 5918 gauderet
1619 5846 1674 5900 ct
1708 5844 1910 5898 laetare-

2030 4766 2222 4804 manus
2252 4749 2452 4805 Patris.
2488 4751 2628 4815 Quin
2651 4750 2780 4803 illud
2814 4750 2975 4802 etiam
3011 4748 3236 4802 decebat
3259 4746 3410 4799 Matri
3443 4745 3593 4812 plus-

2029 4858 2188 4912 quam
2221 4843 2429 4896 ueteris
2456 4843 2710 4896 omnibus
2740 4841 2794 4894 in
2819 4843 3014 4909 quavis
3046 4841 3281 4894 humana
3307 4854 3365 4893 re
3391 4853 3593 4891 conve-

2033 4935 2147 4988 nire
2165 4950 2288 4988 cum
2307 4933 2466 4988 Filio.
2487 4917 2602 4988 Etsi
2637 4942 2796 4987 natus
2827 4933 2946 5001 ejus
2973 4948 3068 5000 pro
3099 4930 3295 4999 gaudio
3323 4929 3426 4984 sibi
3466 4945 3594 4998 pro-

2036 5029 2231 5094 posito,
2261 5036 2318 5081 ut
2345 5027 2545 5082 Paulus
2586 5027 2682 5092 ait,
2708 5041 2806 5093 ego
2838 5040 2966 5078 vero
3000 5025 3232 5077 dixerim
3263 5037 3361 5091 pro
3396 5019 3596 5089 gaudio

2035 5129 2165 5175 tunc
2180 5129 2465 5188 praesente,
2484 5120 2742 5174 sustinuit
2758 5133 3000 5181 crucem,
3018 5115 3338 5170 confusione
3353 5123 3598 5186 contem-

2038 5223 2125 5282 pta
2162 5213 2348 5283 (Hebr.
2383 5229 2479 5276 xu,
2514 5212 2592 5277 2),
2621 5221 2674 5265 et
2699 5210 2844 5263 ιιιιιιιί
2883 5209 3068 5261 dolore
3099 5216 3300 5270 amato,
3329 5213 3386 5258 ut
3438 5205 3599 5273 paulo

2039 5316 2162 5358 ante
2191 5317 2468 5358 Ostensum
2505 5314 2630 5366 est;
2676 5318 2773 5372 par
2815 5312 2964 5355 certe
2999 5301 3100 5352 erit
3129 5310 3182 5352 et
3217 5312 3454 5365 aequum,
3491 5297 3637 5348 imo.

2040 5398 2202 5448 etiam
2240 5396 2526 5465 pIuSquam
2557 5411 2654 5464 par
2691 5394 2793 5447 erit
2843 5393 3063 5444 Matrem
3093 5405 3307 5457 quoque
3331 5389 3451 5454 ejus
3483 5401 3601 5437 Ino-

2042 5485 2266 5535 rientcm
2315 5499 2412 5550 pro
2458 5498 2552 5551 spe
2596 5484 2896 5552 proposita,
2942 5495 3062 5548 qum
3099 5480 3257 5548 plane
3298 5477 3459 5528 dubia
3495 5489 3601 5525 non

2046 5582 2184 5635 erat,
2215 5574 2419 5626 nullum
2449 5574 2558 5626 fere
2581 5574 2820 5644 dolorem
2855 5573 3114 5626 sensisse.
3153 5569 3272 5621 Ilaec
3299 5581 3459 5634 porro
3482 5577 3602 5615 esse

2048 5665 2243 5716 rationi
2277 5679 2536 5727 consona,
2585 5679 2684 5718 nec
2730 5663 3026 5716 abhorrere
3073 5675 3102 5712 a
3152 5674 3312 5712 sensu
3351 5655 3601 5722 pietatem

2047 5753 2228 5808 colere
2253 5755 2576 5820 Volettliuni,
2600 5764 2882 5808 ostensum
2912 5767 3031 5806 esse
3060 5751 3296 5802 arbitror
3324 5763 3387 5799 cx
3421 5743 3603 5796 dictis.

2051 5842 2246 5902 Verum
2278 5856 2336 5901 ut
2365 5847 2720 5901 immorantes
2775 5853 3086 5914 pergratum
3120 5841 3384 5896 faciamus
3415 5835 3479 5890 iis
3513 5833 3607 5897 qui
