4080 6614
610 438 711 504 103

1790 440 1842 500 Μ
1868 438 2183 500 \NUELlS
2226 439 2307 498 PA
2320 438 2663 499 LEOLOGI

3746 455 3857 521 liti

599 542 829 597 libenter
861 540 1110 607 audiunt,
1134 541 1250 597 haec
1280 541 1507 609 insuper
1529 541 1804 597 addimus.
1844 541 2021 611 Atque
2051 550 2164 599 nti~
2202 539 2246 591 Δ
2293 546 2600 598 mortalium
2647 548 2865 602 timidar.
2889 549 3013 606 llaec
3041 560 3097 607 et
3128 554 3329 609 similia
3370 556 3659 615 universos
3696 570 3865 629 plane

599 649 725 689 nam
756 648 877 703 quae
904 633 1135 688 dicenda
1164 643 1291 689 sunt
1336 649 1445 688 non
1501 644 1559 688 ut
1588 634 1770 689 inania
1799 636 2164 704 excipiantur,

529 718 535 724 ’
599 727 693 781 sed
731 729 905 795 primo
946 727 1161 797 quidem
1190 727 1256 781 ad
1290 726 1574 782 utilitatem
1601 736 1860 790 vestram,
1896 744 2001 798 qua
2034 728 2165 791 mihi

600 818 735 873 nihil
763 820 1066 889 antiquius,
1107 835 1230 874 cum
1261 819 1328 874 iis
1365 820 1718 874 vehementer
1760 834 1865 890 ego
1904 819 2164 883 delecter,

598 926 698 979 per
749 927 868 979 quae
910 928 1005 966 vos
1055 912 1282 980 possitis
1340 927 1465 967 esse
1525 912 1730 968 felices.
1786 912 1991 967 Deinde
2051 914 2163 966 sint

586 1000 759 1063 ‘etiam
792 1011 919 1069 opto
938 1017 1045 1054 nou
1080 1002 1377 1071 injucunda
1412 1013 1467 1056 ut
1490 1017 1690 1071 spero;
1723 1002 2164 1073 quandoquidem

598 1096 654 1142 et
696 1089 840 1144 illam
884 1090 971 1143 cui
1004 1089 1309 1146 oﬂ‘eruntur
1339 1091 1453 1146 haec
1500 1092 1619 1147 loco
1652 1092 1918 1158 muneris,
1948 1093 2077 1147 licet
2100 1092 2167 1146 ab

597 1180 718 1247 ejus
758 1174 1029 1252 dignitate
1074 1183 1367 1252 plurimum
1395 1185 1621 1250 distent,
1651 1195 1706 1240 et
1734 1201 1916 1239 rerum
1948 1196 2166 1241 nostra-

596 1287 717 1327 rum
748 1274 882 1328 nihil
918 1290 1145 1344 prorsus
1179 1277 1434 1346 indigeat,
1468 1286 1522 1330 at
1546 1276 1774 1332 libenter
1799 1285 1980 1332 tamen
2009 1292 2165 1332 acce-

595 1375 810 1434 pturam
839 1368 955 1421 scio
986 1368 1128 1435 quod
1156 1384 1183 1420 a
1211 1369 1474 1425 benevolo
1501 1368 1705 1423 famulo
1725 1370 2003 1424 oneratur.
2026 1368 2165 1424 Puto

593 1465 776 1510 autem
810 1458 1183 1512 confitendum
1209 1474 1334 1515 esse
1363 1475 1463 1515 nos
1494 1476 1522 1514 a
1557 1476 1721 1530 scopo
1750 1474 1854 1515 non
1879 1461 2164 1517 aberratu-

590 1566 706 1616 ros,
764 1552 976 1607 favente
1030 1553 1124 1608 Dei
1172 1553 1467 1619 Genitrice,
1512 1572 1610 1626 per
1640 1556 1822 1627 quam
1872 1557 2161 1613 imbecillis

591 1641 909 1697 ditlicillima
947 1643 1200 1698 facillima
1227 1645 1380 1699 ﬁunt.
1414 1645 1547 1699 Dico
1574 1645 1740 1716 igitur
1765 1646 1865 1702 tria
1890 1662 2012 1703 esse
2035 1662 2161 1716 pro-

591 1743 711 1803 pter
755 1751 876 1803 quae
915 1751 1107 1792 omnes
1167 1749 1395 1791 mortem
1453 1737 1866 1806 pertimescunt.
1921 1735 2159 1792 Primum

595 1827 844 1897 quidem,
874 1830 1017 1898 quod
1052 1846 1158 1883 non
1192 1840 1275 1885 est
1304 1830 1460 1885 valde
1493 1832 1835 1887 manifestum
1875 1830 2163 1886 conscien-

2292 643 2521 698 terrent,
2552 645 2607 690 et
2667 652 2922 706 pavorem
2959 642 3233 699 inv-utinnt
3286 649 3485 705 animis
3512 665 3625 703 non
3661 668 3859 706 eorum

2272 733 2509 779 tantum
2547 728 2639 795 qui
2672 743 2851 783 rerum
2888 734 3237 800 praesentium
3269 736 3545 794 illecebris
3574 741 3860 796 detiniun-

2292 824 2402 877 tur,
2440 818 2532 885 qui
2569 833 2668 872 nec
2705 820 2882 876 vivere
2914 824 3131 888 vellent,
3159 827 3213 880 ni
3245 828 3348 887 sibi
3380 829 3537 885 liceat
3568 832 3861 904 indulgere

2291 909 2474 976 genio,
2506 911 2602 964 sed
2631 913 2820 966 virtuti
2848 929 3065 984 quoque
3091 917 3419 982 deditorum,
3454 923 3547 990 qui
3588 925 3864 994 concupi-

2286 999 2546 1053 scentiam
2602 1011 2655 1055 et
2707 1004 2840 1056 iram
2898 1006 3128 1061 rationis
3184 1007 3340 1064 freno
3411 1026 3596 1080 regere
3638 1015 3856 1069 volunt.

2289 1086 2449 1141 Subit
2478 1091 2620 1142 enim
2650 1093 2971 1147 omnibuset
3001 1096 3281 1152 horrorem
3305 1100 3500 1168 injicit,
3530 1116 3639 1157 non
3666 1111 3857 1159 tamen

2285 1178 2402 1246 pari
2461 1180 2700 1234 modulo.
2762 1182 3040 1252 Siquidem
3095 1188 3162 1241 ad
3218 1190 3488 1258 cujusque
3541 1193 3707 1247 vitam
3738 1194 3859 1250 hac

2290 1271 2592 1326 variantur.
2650 1273 2835 1342 Itaque
2881 1285 2936 1331 et
2966 1294 3061 1334 eos
3103 1282 3197 1349 qui
3238 1293 3429 1339 sancte
3477 1285 3757 1352 vixerunt,
3800 1299 3857 1340 et.

2283 1359 2373 1428 qui
2392 1375 2570 1424 secus,
2602 1363 3008 1424 incertitudinis
3038 1367 3275 1426 formido
3292 1373 3556 1439 adoritur,
3583 1377 3650 1430 ad
3677 1376 3858 1446 justi-

2284 1447 2419 1502 tiam
2443 1452 2799 1520 respicientes
2827 1456 3141 1523 humanam,
3163 1462 3288 1530 quia
3308 1479 3410 1518 non
3435 1464 3854 1535 justiﬁcabitur,

2280 1536 2478 1606 inquit,
2522 1542 2577 1594 in
2614 1557 2897 1613 conspectu
2934 1558 3024 1602 tuo
3049 1554 3218 1606 omnis
3249 1556 3421 1609 virens
3446 1558 3641 1626 (Paul.
3673 1575 3855 1624 CXLII,

2277 1626 2361 1698 2).
2409 1631 2469 1685 Si
2527 1635 2672 1688 enim
2730 1635 2792 1689 Β.
2850 1640 3077 1703 Paulus,
3142 1648 3339 1701 caelum
3376 1649 3468 1703 ille
3512 1654 3855 1722 contingens

2278 1720 2520 1786 animus,
2556 1739 2651 1780 vas
2681 1728 2989 1796 electionis,
3031 1735 3166 1789 nihil
3197 1739 3302 1792 sibi
3331 1740 3550 1808 quidem
3577 1747 3849 1800 conscius

2274 1816 2380 1872 est,
2408 1809 2504 1863 sed
2530 1827 2638 1865 non
2675 1814 2728 1866 itt
2763 1815 2865 1870 hoc
2892 1818 3228 1886 justiticatus
3256 1835 3357 1888 est,
3390 1836 3446 1880 ut
3481 1828 3572 1882 ille
3594 1830 3712 1898 ipse
3741 1834 3847 1896 ait,

596 1919 687 1975 tia:
713 1920 845 1990 quid
881 1921 1125 1975 futurum
1161 1922 1233 1977 sit
1264 1923 1316 1977 in
1351 1924 1516 1978 altera
1548 1925 1657 1977 vita
1692 1923 1911 1994 quando
1940 1923 2146 1977 univer-

2274 1898 2421 1966 quis,
2464 1915 2676 1969 quaeso,
2696 1905 2861 1973 alius,
2882 1913 2923 1962 si
2953 1911 3150 1980 sapiat,
3169 1915 3237 1968 de
3265 1917 3445 1970 anima
3463 1914 3559 1974 sua
3578 1925 3844 1988 conﬁdat,

592 2026 715 2066 sum
743 2028 916 2083 genus
954 2022 1202 2069 nostrum
1239 2025 1425 2085 surget
1457 2031 1485 2069 a
1519 2015 1628 2072 Deo
1655 2016 2031 2086 iudicandum,
2053 2015 2161 2071 nisi

591 2106 681 2160 cui
730 2106 997 2163 divinitus
1050 2107 1213 2163 fuerit
1275 2110 1594 2165 revelatum.
1650 2108 1965 2164 Secundum
2009 2110 2156 2180 quod

588 2197 858 2254 discessio
887 2198 979 2255 fiat
1013 2200 1082 2254 ab
1111 2201 1259 2256 omni
1291 2217 1487 2272 genere
1528 2202 1847 2273 voluptatis,
1883 2213 1938 2259 et
1957 2218 2161 2273 cogna-

586 2290 756 2354 tione,
787 2303 843 2346 et
874 2293 1155 2356 amicis,et
1184 2294 1407 2365 antiqua
1438 2295 1850 2360 consuetudine.
1881 2305 1935 2354 et
1966 2297 2160 2366 hujus-

584 2382 756 2437 modi.
786 2380 1030 2440 Tertium
1072 2401 1363 2442 commune
1402 2389 1527 2469 hoc,
1550 2389 1694 2457 quod
1724 2387 1905 2444 anima
1933 2404 2156 2460 separa-

587 2483 677 2530 tur
723 2489 752 2529 a
820 2491 1074 2547 corpore,
1136 2494 1199 2533 ex
1253 2495 1363 2549 quo
1408 2482 1500 2544 'lit,
1566 2487 1626 2534 ut
1686 2490 2030 2551 compactum
2085 2498 2152 2537 ex

582 2565 869 2623 elementis
915 2584 1114 2638 corpus
1161 2581 1564 2642 corrumpatur,
1618 2574 1765 2643 quod
1830 2576 2154 2632 naturaliter

581 2660 767 2713 omnia
811 2659 1047 2731 fugiunt.
1086 2663 1223 2718 Cum
1266 2679 1396 2734 ergo
1432 2664 1531 2719 tria
1565 2664 1678 2720 base
1712 2664 1825 2720 sint
1869 2681 1991 2735 quae
2020 2681 2153 2736 sup-

581 2753 863 2821 ponimus,
916 2753 1119 2823 quibus
1187 2756 1628 2812 concludendum
1669 2766 1754 2813 est
1808 2758 1952 2828 quod
2003 2759 2148 2825 volo,

580 2841 978 2897 exordiendum
1014 2860 1045 2899 a
1072 2846 1254 2902 medio
1283 2847 1470 2903 statui.
1500 2845 1644 2903 Sane
1668 2847 1736 2903 iis
1768 2848 1861 2918 qui
1894 2857 2151 2905 tenentur

579 2934 708 2990 vitae
747 2934 1018 2991 desiderio
1043 2948 1265 3008 prepter
1293 2941 1584 3010 praesentia
1633 2951 1869 3008 tantum,
1902 2945 1995 3013 qui
2034 2943 2150 3000 haec

580 3025 745 3080 etiam
778 3027 934 3096 quasi
982 3028 1139 3084 (litem
1170 3030 1418 3085 ultimum
1450 3038 1757 3098 sectantur,
1800 3034 2147 3091 intoleranda

579 3130 665 3174 est
687 3121 882 3177 merito
909 3137 1079 3185 mors,
1111 3130 1167 3176 ut
1190 3139 1310 3193 qua:
1331 3124 1456 3182 illos
1483 3143 1511 3179 a
1536 3129 1813 3183 consortio
1829 3144 2010 3184 rerum
2041 3130 2146 3185 sibi

578 3210 944 3278 pretiosarum
1009 3213 1283 3283 sejungat,
1340 3216 1542 3285 quibus
1595 3217 1760 3272 veluti
1820 3218 2035 3285 pueris,
2091 3225 2146 3274 et

578 3314 845 3368 generoso
888 3303 1070 3358 animo
1120 3305 1430 3362 nolentibus
1484 3308 1584 3373 uti,
1635 3309 1729 3364 sed
1774 3309 1896 3364 ficta
1939 3310 2053 3366 inec
2089 3318 2145 3365 et
2180 3313 2223 3374 C

578 3389 903 3447 umbratica.
924 3394 1335 3461 praeferentibus
1360 3399 1577 3453 veritati
1602 3407 1656 3455 et
1676 3400 1962 3457 stabilitati
1995 3415 2144 3459 mors

570 3480 697 3549 jure
728 3482 1050 3539 terriculum
1075 3496 1178 3547 est,
1211 3496 1265 3541 et
1294 3488 1610 3545 detestanda
1638 3491 1808 3562 magis
1841 3507 2002 3561 quam
2034 3506 2143 3549 ete-

576 3570 729 3627 teris.
780 3570 847 3626 Ut
899 3575 1046 3630 enim
1079 3577 1252 3632 allecti
1285 3595 1476 3634 sumus
1505 3581 1570 3634 ad
1596 3585 1906 3650 praesentia,
1964 3584 2039 3639 ita
2086 3592 2142 3641 et

573 3672 922 3731 separantem
952 3666 1020 3721 ab
1052 3666 1160 3723 illis
1191 3679 1422 3724 mortem
1475 3671 1792 3728 toleramus.
1824 3671 1956 3728 Nam
1990 3673 2040 3729 si
2067 3674 2144 3729 vi-

571 3751 752 3807 riliter
782 3755 1113 3825 proclivitati
1155 3758 1221 3813 ad
1258 3758 1440 3815 intima
1472 3761 1812 3828 resistamus,
1848 3764 2020 3818 levior
2046 3779 2145 3820 no-

570 3844 657 3901 bis
686 3846 905 3903 videtur
938 3865 1088 3906 mors
1119 3866 1216 3920 spe
1246 3852 1384 3906 bona
1421 3853 1616 3924 plenis.
1659 3853 1812 3921 Quod
1852 3855 1899 3909 si
1932 3856 1996 3911 ad
2038 3870 2140 3926 po-

569 3935 711 3991 tiora
745 3952 942 4009 segnes
979 3940 1245 3997 fuerimus
1270 3983 1284 4004 ,
1333 3942 1483 3997 illam
1523 3960 1630 3999 non
1670 3945 2015 4001 mediocriter
2041 3963 2139 4003 ex-

569 4026 964 4086 borrescimus.
1011 4032 1179 4088 Porro
1234 4034 1302 4090 iis
1353 4035 1445 4105 qui
1489 4038 1702 4107 turpius
1751 4037 2137 4110 indigniusque

568 4128 810 4189 aguntur
838 4122 908 4178 ab
941 4122 1248 4188 affectibus,
1288 4142 1448 4195 quam
1494 4128 1784 4198 mancipia,
1818 4133 2138 4187 naturaliter

567 4211 784 4267 ratione
809 4212 1075 4282 subjectis
1104 4231 1252 4271 mors
1281 4226 1338 4271 et
1369 4225 1473 4282 est,
1505 4226 1557 4272 et
1591 4219 1804 4273 videtur
1831 4220 1990 4291 longe
2008 4237 2134 4293 gra-

567 4300 688 4355 vior
714 4315 778 4356 ac
804 4302 1125 4371 molestior;
1152 4306 1221 4360 ita
1252 4315 1330 4371 nt,
1363 4322 1674 4378 quanquam
1704 4323 1791 4366 res
1822 4309 1969 4367 dictu
1999 4313 2134 4367 mira

565 4397 674 4454 est,
704 4404 826 4444 cum
861 4393 1031 4449 multo
1076 4395 1270 4464 majori
1312 4397 1515 4452 adnixu
1551 4401 1885 4471 voluptatem
1922 4412 2135 4472 specta-

567 4490 711 4540 mus,
753 4479 1007 4549 quodque
1033 4482 1246 4537 videtur
1270 4486 1703 4553 celeberrimum,
1728 4492 1991 4548 rationem
2017 4509 2130 4550 non

566 4576 860 4635 sequentes
890 4570 1319 4635 ducem,fiatuus
1352 4584 1506 4642 tunc,
1533 4588 1592 4632 ut
1622 4578 1696 4633 ita
1730 4579 1929 4649 dicam,
1957 4584 2132 4652 magis

565 4660 825 4715 mortales
856 4676 1020 4731 quam
1049 4680 1264 4721 sumus.
1294 4667 1431 4722 Cum
1462 4685 1591 4723 vero
1616 4670 1903 4729 honestum
1936 4689 1998 4729 ac
2030 4677 2129 4731 bo-
2165 4678 2219 4739 D

566 4762 696 4800 num
728 4758 1043 4817 spectamus
1076 4751 1169 4805 fiat
1198 4755 1618 4823 .quodammodo
1652 4758 1704 4812 in
1740 4759 1899 4816 nobis
1925 4770 2129 4816 morta-

563 4836 716 4893 litas;
743 4836 982 4895 Tantum
1016 4842 1184 4911 pollet
1209 4844 1261 4897 in
1283 4845 1441 4903 nobis
1477 4847 1689 4903 arbitrii
1720 4850 1823 4906 vis.
1862 4850 2008 4908 Satis
2039 4854 2125 4908 di-

562 4938 709 4984 ctum
740 4931 976 4987 arbitror
1003 4933 1070 4989 de
1089 4944 1286 5001 morte,
1316 4938 1442 4993 licet
1470 4942 1806 5010 propositum
1828 4944 1985 5001 nobis
2016 4960 2124 4999 non

562 5027 708 5071 esset
736 5017 804 5074 de
834 5036 893 5075 ea
920 5021 1314 5093 philosophari,
1347 5030 1642 5096 quomodo,
1666 5040 1718 5086 et
1748 5035 2121 5102 quamobrem,

561 5115 616 5160 et
644 5109 844 5176 quibus
877 5113 1140 5181 magis,et
1164 5117 1363 5185 quibus
1390 5120 1590 5184 minus,
1616 5123 1814 5191 quibus
1844 5124 2004 5178 etiam
2038 5126 2121 5178 in~

561 5198 842 5254 toleranda
879 5203 970 5267 sit,
1001 5219 1064 5259 ac
1086 5207 1402 5264 terriculum
1428 5213 1581 5267 valde
1607 5215 1913 5268 molestum.
1952 5214 2115 5269 (Ia-te-

559 5306 680 5345 rum
712 5293 998 5350 reddenda:
1038 5300 1263 5355 rationis
1294 5311 1555 5359 anteactae
1588 5304 1709 5360 vita:
1741 5306 1906 5361 timor
1927 5348 1941 5372 ,
1972 5308 2116 5377 quod

560 5383 738 5451 primo
768 5384 889 5440 loco
926 5387 1184 5455 diximus,
1226 5402 1280 5447 et
1308 5396 1500 5462 judicii
1533 5397 1669 5462 dies,
1700 5408 1753 5453 et
1787 5400 2113 5455 horrendum

557 5476 821 5540 tribunal,
865 5490 919 5533 et
964 5483 1234 5539 satellites
1273 5487 1383 5555 regi
1418 5497 1473 5543 et
1501 5488 1673 5557 judici
1734 5500 1974 5548 astantes
2019 5495 2111 5561 qui

559 5568 742 5621 Statim
794 5569 937 5637 quod
971 5571 1058 5626 ille
1088 5574 1407 5644 (agitaverit
1450 5580 1797 5634 exsecutione
1836 5583 2112 5646 maudent,

557 5670 610 5711 et
637 5658 909 5729 insopitus
943 5664 1034 5718 ille
1069 5667 1295 5728 verutis,
1331 5678 1385 5721 et
1418 5670 1741 5726 tenebrosus
1784 5673 1944 5742 ignis,
1971 5685 2022 5729 et
2047 5673 2112 5727 ad

559 5746 675 5803 hinc
706 5751 1036 5806 lllCCl‘lllllth
1062 5757 1364 5811 sementim.
1398 5751 1527 5824 οηὶξς
1555 5761 1691 5814 enim
1729 5765 1966 5832 cognorit
2000 5781 2100 5817 sen-

558 5853 675 5891 sum
704 5837 952 5894 Domini?
983 5841 1029 5908 (Ι
1061 5842 1183 5897 Cor.
1213 5844 1400 5914 ",16),
1445 5857 1495 5900 ct
1527 5847 1897 5917 Cogitationes,
1918 5850 2114 5919 inquit,

2271 1990 2494 2056 quando
2518 1991 2771 2049 Salvator
2794 2000 3003 2054 sedebit
3030 2004 3096 2056 ad
3109 2007 3465 2072 iudicandum
3489 2013 3845 2081 aequissimus

2271 2087 2326 2133 et
2374 2080 2582 2137 nullius
2621 2085 2959 2156 deceptionis
2989 2109 3183 2163 capax,
3229 2101 3494 2154 rationum
3516 2080 3741 2173 exigens
3773 2110 3845 2161 ab

2274 2182 2631 2241 unoquoque,
2675 2191 2785 2231 non
2819 2195 3009 2235 eorum
3048 2192 3259 2243 tantum
3292 2204 3416 2258 qua:
3446 2193 3555 2262 egit
3589 2203 3643 2249 et
3671 2196 3839 2263 dixit,

2273 2266 2333 2314 et
2362 2262 2640 2331 cogitavit,
2674 2268 2771 2322 sed
2801 2269 2962 2324 etiam
3013 2290 3136 2343 quae
3183 2291 3366 2347 agere,
3422 2292 3477 2337 et
3512 2285 3714 2351 dicere,
3783 2301 3837 2344 et

2279 2350 2524 2419 cogitare
2555 2354 2830 2412 debebat?
2860 2360 2905 2416 0
2936 2365 3172 2431 qualiter
3200 2376 3331 2425 tunc
3358 2350 3708 2433 meisitniles
3735 2388 3833 2434 tre-

2269 2452 2421 2495 more
2444 2456 2753 2510 pavescent.
2787 2451 2990 2518 quibus
3020 2456 3166 2511 nulla
3201 2473 3332 2515 cura
3365 2464 3463 2518 fuit
3488 2465 3600 2520 haec
3634 2471 3819 2527 obser-

2252 2544 2420 2597 vare,
2440 2549 2560 2588 .nec
2593 2537 2750 2592 libuit
2782 2540 3011 2612 (utinam
3032 2548 3173 2603 haud
3201 2552 3274 2605 ita
3304 2555 3468 2623 esset)
3506 2556 3573 2609 ad
3600 2559 3829 2615 Creato-

2266 2619 2358 2677 ris.
2376 2622 2704 2682 voluntatem
2729 2645 2791 2684 se
2816 2638 3271 2695 accommodare?
3298 2641 3403 2706 Qui
3448 2619 3648 2715 ijudex,
3702 2667 3829 2707 enm

2244 2713 2506 2782 .sederit,
2568 2732 2678 2772 non
2727 2719 2949 2779 habebit
3004 2740 3142 2795 opus
3202 2736 3612 2793 accusatoribus
3632 2713 3662 2807 ἓ,
3717 2757 3830 2798 non

2265 2803 2495 2873 libellis,
2525 2822 2634 2863 non
2666 2813 2921 2882 testibus,
2942 2817 3036 2873 sed
3062 2830 3210 2889 gesta
3239 2838 3269 2878 a
3292 2826 3455 2882 nobis
3483 2803 3681 2888 melius
3706 2834 3830 2905 ipse

2239 2897 2436 2961 .nuvit,
2469 2914 2631 2969 quam
2670 2903 2772 2972 ipsi
2818 2921 2940 2963 nos.
2995 2908 3108 2966 Hae
3142 2913 3305 2984 igitur
3352 2932 3645 2976 causarum
3677 2897 3828 2983 serie

2262 2988 2516 3058 obquas
2561 2993 2873 3053 horribilior
2906 3000 3061 3056 nobis
3089 3016 3146 3058 et
3183 3006 3365 3078 seipsa
3393 3012 3607 3081 videtur
3648 3031 3821 3085 mors,

2264 3080 2487 3133 Omnino
2513 3084 2760 3150 superior
2780 3100 2897 3142 erat
2916 3092 3309 3157 gloriosissima
3330 3080 3603 3162 Creatoris
3629 3105 3821 3164 Mater.

2260 3166 2395 3223 Nam
2453 3187 2630 3242 neque
2685 3176 2891 3232 incerta
2940 3181 3132 3248 judicii
3179 3191 3470 3258 sententia,
3508 3209 3607 3264 per
3654 3214 3820 3268 quam

2261 3273 2393 3314 sane
2447 3263 2758 3331 pandentur
2815 3272 3161 3329 tenebrarum
3218 3263 3521 3346 praesentis,
3560 3263 3821 3348 vanitatis

2260 3349 2496 3414 occulta,
2541 3363 2754 3422 poterat
2787 3356 2905 3425 ejus
2941 3360 3299 3430 cogitationes
3343 3369 3583 3439 turbare,
3640 3391 3819 3446 neque

2258 3451 2322 3494 ex
2352 3438 2452 3495 hac
2474 3443 2583 3497 vita
2611 3443 2879 3516 migratio.
2909 3448 2975 3504 Et
2986 3449 3109 3522 jure
3140 3455 3358 3526 quidem
3388 3438 3592 3530 Optimo
3617 3482 3632 3520 :
3660 3438 3819 3521 suin-

2257 3546 2402 3587 mam
2435 3537 2636 3606 quippe
2666 3540 2741 3594 illi
2773 3546 3139 3601 constantiam
3168 3564 3230 3605 ac
3266 3552 3513 3610 tiduciam
3541 3558 3817 3627 praebebat

2257 3636 2555 3683 consuetus
2585 3630 2654 3684 ab
2698 3632 2921 3690 ineunte
2957 3648 3119 3695 astate
3152 3656 3415 3703 ascensus
3447 3649 3514 3703 ad
3558 3650 3726 3709 Deum
3759 3662 3818 3708 et

2236 3721 2588 3787 .proveniens
2636 3724 2760 3779 Inde
2788 3728 2987 3795 gratia,
3020 3730 3135 3786 sive
3165 3733 3457 3794 deificatio.
3493 3740 3670 3806 Quare
3705 3762 3815 3802 non

2254 3818 2383 3863 erat”
2406 3810 3001 3875 formidandaferenda
3032 3831 3469 3886 tuncsententia
3503 3849 3610 3902 qua
3655 3836 3813 3891 dant-

2253 3910 2453 3967 nantur
2483 3906 2571 3971 qui
2618 3910 2998 3965 contumeliosi
3033 3923 3161 3967 sunt
3192 3917 3248 3970 in
3281 3917 3455 3981 legem
3485 3919 3609 3976 Filii
3663 3925 3810 3994 ejus,

2251 4003 2352 4044 nec
2399 4005 2542 4061 aegre
2597 3994 2819 4051 ferenda
2864 4000 3110 4057 decessio
3159 4004 3229 4061 ob
3262 4009 3590 4069 caducarum
3620 4031 3810 4071 rerum

2251 4080 2706 4149 deperditioneui.
2743 4085 2909 4143 Beata
2952 4093 3095 4147 enim
3136 4095 3297 4168 Virgo
3328 4099 3506 4158 adhuc
3533 4105 3697 4160 etiam
3727 4110 3811 4161 vi-

2250 4185 2383 4225 vens
2432 4187 2530 4242 pro
2579 4175 2752 4231 nihilo
2784 4179 3021 4237 ducebat
3063 4197 3118 4240 et
3161 4186 3322 4245 inane
3374 4191 3609 4250 habebat
3658 4201 3811 4267 quod

2252 4266 2485 4324 tenendo
2515 4283 2627 4324 non
2663 4278 2905 4340 tenetur,
2931 4284 2985 4330 et
3031 4279 3285 4352 elabitur,
3321 4285 3456 4343 dum.
3484 4302 3646 4344 manu
3674 4266 3810 4361 pre~

2244 4355 2480 4415 hensum
2508 4369 2595 4417 est
2624 4378 2640 4428 ;
2678 4365 2812 4421 tales
2864 4382 2991 4423 vero
3027 4381 3154 4425 sunt
3193 4388 3281 4428 res
3315 4377 3477 4444 hujus
3508 4383 3711 4448 saeculi,
3746 4394 3809 4439 ut

2246 4450 2542 4508 abstineret
2600 4465 2762 4524 atque
2816 4459 2885 4512 ab
2938 4461 3018 4515 eis
3078 4465 3301 4519 omnino
3355 4468 3643 4540 refugeret,
3695 4476 3802 4529 nisi

2242 4549 2508 4609 quantum
2546 4548 2845 4604 necessitas
2867 4564 3105 4621 cogeret,
3138 4572 3206 4610 ne
3232 4557 3480 4615 interiret
3512 4577 3730 4634 corpus,
3752 4569 3804 4623 si

2243 4642 2573 4701 negarentur
2603 4636 2679 4689 illi
2718 4653 2815 4706 per
2845 4657 2964 4709 qua:
2990 4656 3328 4702 sustentatur
3357 4667 3372 4703 :
3409 4655 3553 4720 quod
3582 4663 3634 4708 et
3659 4672 3804 4713 nova

2240 4728 2299 4776 et
2322 4723 2546 4793 antiqua
2571 4729 2772 4795 pariter
2795 4730 2915 4800 lege
2952 4735 3177 4790 vetitum
3209 4746 3315 4803 est,
3353 4750 3407 4793 et
3452 4745 3594 4812 apud
3624 4745 3802 4814 pluri-

2241 4826 2373 4869 mas;
2407 4817 2570 4869 etiam
2610 4817 2966 4877 barbarorum
3007 4827 3275 4883 nationes.
3325 4827 3514 4902 Itaque
3544 4837 3801 4893 omnibus

2241 4919 2364 4973 qua:
2392 4921 2613 4962 sensum
2647 4910 2882 4968 illiciunt
2916 4922 2973 4969 et
3008 4917 3289 4988 decipiunt
3318 4933 3544 4991 aspectu
3577 4942 3703 4994 suo,
3729 4942 3798 4983 ac

2240 4998 2386 5068 mani
2409 5000 2511 5054 hac
2530 5000 2700 5081 gloria
2724 5005 2975 5065 tenebras
3001 5009 3195 5065 anima:
3218 5009 3523 5082 etl'undunt,
3547 5019 3800 5087 superior

2226 5101 2376 5145 erat.
2411 5091 2866 5163 Quidquidenim
2903 5115 3017 5155 non
3058 5111 3179 5157 erat
3211 5104 3407 5161 anima:
3433 5105 3665 5174 fructus,
3693 5112 3798 5165 ali-

2240 5183 2422 5237 monia
2476 5187 2712 5254 virtutis,
2783 5199 2876 5244 aut
2918 5207 3027 5247 non
3062 5194 3305 5251 faciebat
3353 5197 3424 5253 ad
3485 5199 3791 5271 profectum

2239 5272 2576 5341 spiritualem
2600 5315 2616 5342 ,
2659 5279 2860 5335 nullius
2893 5281 3055 5350 plane
3092 5286 3364 5340 momenti
3409 5289 3796 5346 sacratissima:

2243 5360 2471 5431 Virgini,
2525 5374 2579 5419 ct
2633 5367 2870 5422 alienum
2922 5370 3226 5427 habebatur
3283 5390 3347 5431 ac
3413 5376 3683 5434 ludicrum
3737 5397 3795 5436 et

2239 5455 2443 5523 puerile
2482 5457 2758 5521 solatium,
2806 5462 3020 5526 utnbra,
3070 5466 3362 5530 somnium,
3408 5466 3612 5535 fumus,
3652 5481 3705 5524 et
3743 5475 3791 5526 si

2237 5545 2363 5612 quid
2390 5546 2476 5600 his
2510 5547 2682 5602 levius
2715 5549 2861 5604 dicat
2894 5544 3186 5621 quispiam.
3217 5552 3282 5607 Et
3309 5568 3594 5625 prapterea
3627 5557 3792 5630 Virgo

2239 5632 2355 5688 haec
2396 5636 2808 5705 gloriosissima,
2842 5641 2968 5695 dum
3004 5651 3148 5697 esset
3189 5643 3242 5697 in
3276 5644 3403 5709 vita,
3440 5656 3647 5701 tantum
3693 5656 3790 5704 ab-

2238 5726 2499 5783 horrebat
2532 5731 2601 5784 ab
2634 5731 2700 5785 iis
2749 5748 2845 5801 per
2876 5750 2997 5802 quae
3041 5751 3143 5791 nos
3177 5737 3483 5803 vincimur,
3519 5750 3785 5809 quantuni

2238 5823 2434 5876 mortbi
2476 5825 2584 5875 vita
2623 5824 2751 5878 olim
2792 5825 3050 5882 dctunCti.
3089 5827 3371 5896 Quomodo
3402 5847 3531 5902 ergo
3559 5833 3787 5890 moleste
