4080 6672
515 364 621 429 105

1369 365 1656 454 ORATIO
1695 366 1768 424 lN
1810 365 2358 429 DOIUll'l‘IJNEM
2401 371 2504 427 SS.
2542 369 2918 436 DEIPARRE.
3395 382 3398 386 ί
3678 367 3778 437 103

511 492 678 536 terret
705 484 991 539 decessum
1013 487 1079 540 ab
1103 486 1170 542 iis
1197 503 1426 556 quorum
1456 491 1605 546 nullo
1637 494 1922 550 tenebatur
1944 497 2075 553 alie-
2117 492 2164 552 A
2219 506 2278 550 ut
2305 508 2466 551 suum
2491 502 2707 548 uterum
2733 491 3039 546 exhibuerit
3062 491 3238 545 lotum
3269 492 3528 549 universa
3549 494 3777 566 ittlplt'tt-

508 577 644 628 ctu?
676 585 771 629 aut
796 591 897 629 cur
933 584 1225 648 angeretur
1252 581 1318 634 ab
1352 582 1431 636 eis
1461 584 1680 652 quibus,
1713 602 1835 641 cum
1869 599 2075 658 posset,

511 682 622 718 twn
641 667 1037 733 oblectabatur,
1069 670 1165 724 sed
1201 673 1378 726 valere
1407 673 1640 739 dicebat,
1674 681 1996 748 voluptates,
2024 695 2078 738 et

508 753 637 808 falsi
670 757 905 810 nominis
933 757 1249 826 gloriam,et
1277 763 1420 830 quod
1458 763 1729 821 hominem
1765 771 2074 830 hominibus

504 845 728 898 videtur
755 848 982 903 reddere
1009 849 1408 917 sublimiorem,
1443 871 1566 910 cum
1605 874 1668 913 ex
1708 860 1823 916 luto
1883 867 2075 920 eodem

507 943 564 990 et
609 951 789 993 massa
840 947 1155 1008 compactos
1189 943 1308 997 sit?
1337 943 1551 1002 Diceret
1586 947 1660 1002 illi
1702 951 2073 1026 theologorum

507 1040 802 1094 supremus
823 1041 946 1098 post
975 1031 1287 1101 theologum
1329 1038 1552 1091 tonitrui
1586 1039 1754 1095 ﬁlium
1782 1043 2074 1116 Gregorius

508 1115 914 1184 Nazianzenus,
951 1130 1004 1176 et
1057 1122 1431 1182 blandimenta
1466 1134 1878 1190 consuetudinis
1908 1139 2072 1192 etiam

509 1223 575 1261 ex
606 1225 662 1262 re
684 1214 896 1278 nostra,
923 1221 976 1267 et
1008 1215 1196 1270 haberi
1231 1233 1259 1270 a
1290 1220 1446 1276 nobis
1481 1221 1534 1274 in
1564 1227 1760 1292 pretio,
1796 1227 1888 1296 qui
1919 1243 2070 1283 ama-

505 1313 634 1352 mus
673 1313 726 1355 et
756 1303 1117 1368 admiramur,
1170 1308 1437 1380 quidquid
1490 1313 1742 1368 deorsum
1792 1316 1987 1383 fertur,
2018 1329 2071 1375 et

505 1389 679 1456 serpit
709 1389 889 1445 instar
921 1393 1133 1447 colubri
1168 1410 1182 1446 :
1216 1404 1270 1448 at
1298 1398 1498 1466 quibus
1525 1401 1766 1456 studium
1799 1413 1880 1458 est
1907 1408 2072 1475 spiri-

503 1482 670 1530 tualia
725 1495 972 1549 querere
1029 1493 1083 1537 et
1131 1487 1412 1552 sublimia,
1477 1501 1642 1560 caput
1686 1510 1808 1564 quae
1853 1499 2072 1569 erigunt

501 1584 750 1634 sursum,
809 1573 940 1628 iliud
989 1575 1056 1629 ad
1111 1576 1371 1632 inferiora
1420 1580 1638 1641 ﬂectere
1687 1601 1912 1644 exosum
1961 1600 2068 1647 est.

503 1660 663 1714 Dolet
713 1664 878 1733 igitur
929 1669 1247 1736 repentibus
1300 1671 1451 1727 humi
1502 1690 1681 1731 rerum
1738 1683 2066 1739 caducarum

501 1753 752 1808 amissio.
781 1754 886 1821 Qui
917 1761 1118 1814 etenim
1153 1760 1337 1817 futura
1370 1781 1478 1820 non
1521 1769 1889 1840 negligebant,
1932 1790 2068 1845 quo-

2216 587 2308 652 tis,
2342 596 2396 639 et
2417 585 2567 638 nullo
2591 581 2993 650 circumscripti
3033 582 3175 636 loco.
3224 584 3471 638 Arbitrer
3495 587 3640 638 enim
3671 588 3775 639 im~

2216 689 2460 730 mensam
2498 673 2693 728 animae
2718 671 2836 740 ejus
2866 671 3330 741 pulchritudinem
3359 689 3388 729 e
3418 676 3617 729 virtute
3647 689 3774 745 pro-

2214 765 2522 820 venientem
2582 776 2692 816 non
2749 761 2919 816 fuisse
2956 761 3314 830 posteriorem
3366 776 3609 828 causam,
3674 777 3775 819 cur

2211 871 2275 910 ex
2307 870 2370 912 ea
2401 854 2546 910 Deus
2583 867 2806 908 carnem
2847 859 3179 907 assumeret.
3213 849 3470 917 Quinimo
3498 854 3634 922 ipse,
3677 856 3769 924 qui

2213 945 2538 999 incarnatus
2605 953 2709 1009 est,
2775 942 3110 996 voluntatem
3163 942 3284 1011 ejus
3325 943 3557 1000 ducendi
3604 944 3769 997 vitam

2214 1031 2324 1086 Deo
2353 1032 2676 1100 placentem,
2725 1030 3106 1098 mandatisque
3137 1019 3256 1098 ejus
3290 1028 3640 1084 inhaerentem
3669 1047 3768 1084 an-

2210 1121 2450 1188 teposuit
2475 1121 2687 1175 muneri
2716 1119 2963 1188 gestandi
2987 1120 3141 1173 illum
3163 1121 3218 1172 in
3242 1128 3432 1174 ventre
3451 1131 3504 1173 et
3529 1120 3766 1174 iactandi

2207 1211 2493 1264 uberibus.
2522 1208 2657 1262 Nam
2706 1223 2828 1262 cum
2857 1208 2948 1261 illa
3008 1216 3227 1278 propter
3261 1209 3374 1262 haec
3398 1209 3554 1262 beata
3585 1211 3769 1263 etcla-

2208 1311 2467 1367 maretur,
2522 1301 2657 1371 ipse,
2707 1299 2983 1364 Quinimo,
3045 1299 3242 1369 inquit,
3291 1300 3443 1354 beata
3493 1305 3597 1367 est,
3641 1304 3764 1368 quia

2205 1395 2429 1447 verbum
2463 1392 2557 1448 Dei
2603 1392 2774 1459 audit,
2824 1392 3048 1446 etillud
3077 1391 3351 1447 custodit:
3401 1407 3466 1446 ex
3513 1408 3621 1463 quo
3650 1395 3766 1463 pla-

2201 1499 2328 1537 num
2353 1482 2609 1538 omnibus
2639 1482 2789 1548 fecit,
2821 1490 3004 1536 utrum
3033 1498 3100 1538 ex
3127 1483 3343 1538 duobus
3362 1483 3760 1553 praeferendum

2199 1575 2293 1639 sit,
2328 1583 2381 1628 et
2415 1573 2774 1644 beatiusjure
2803 1573 3136 1640 habendum,
3162 1583 3353 1645 partus
3386 1577 3660 1641 videlicet,
3694 1593 3760 1630 an

2199 1662 2398 1717 virtus.
2442 1663 2611 1718 Nemo
2633 1664 2779 1718 enim
2830 1664 2966 1718 adeo
2997 1664 3311 1733 desipuerit,
3346 1672 3408 1719 ut
3427 1680 3549 1719 cum
3580 1667 3762 1735 puris-4

2196 1751 2335 1806 sima
2385 1753 2547 1824 Virgo
2601 1754 2761 1808 beata
2815 1753 2887 1809 ob
2934 1763 3149 1823 partum
3178 1747 3562 1821 aﬁirmaretur,
3593 1755 3756 1808 alium

499 1844 663 1897 modo
717 1852 1010 1914 praesentia
1058 1858 1524 1920 spernerem?“
1577 1861 1665 1915 cui
1727 1841 2066 1924 ιρηοηοὶηω
2113 1869 2161 1930 Β
2195 1841 2479 1930 existimet
2532 1841 2831 1896 beatiorem
2874 1857 2904 1895 a
2957 1844 3239 1898 Salvatore
3288 1842 3488 1896 dictum
3536 1852 3756 1913 propter

493 1947 630 1987 cura
683 1941 1129 2007 postponebatur,
1169 1954 1317 2001 certe
1360 1948 1581 2021 abjuugi
1638 1954 1800 2009 etiam
1856 1958 1923 2012 ab
1959 1959 2066 2017 illis

495 2027 648 2077 nulla
675 2038 790 2081 erat
818 2031 1156 2088 sollicitudo.

571 2111 755 2178 Quare
781 2116 1019 2173 tristitia:
1067 2123 1224 2178 nobis
1266 2134 1317 2180 et
1353 2131 1607 2187 terricula
1641 2148 1833 2209 suapte
1867 2153 2062 2204 natura

491 2205 773 2270 accidunt,
819 2215 872 2260 et
933 2211 1334 2278 quodammodo
1395 2223 1649 2293 utrinque
1729 2205 2058 2305 appetimur,

491 2303 609 2348 tum
643 2299 994 2362 praesentium
1055 2304 1375 2374 amissione,
1421 2322 1479 2367 ut
1509 2299 1777 2386 diximus,
1804 2299 1933 2380 itum
1965 2299 2060 2400 pa:-

493 2400 624 2439 rore
652 2389 990 2457 futurorum,
1022 2401 1080 2448 ut
1108 2395 1220 2463 jam
1247 2403 1590 2462 ostendimus
1619 2421 1633 2460 :
1659 2426 1887 2480 quorum
1921 2389 2057 2476 neu-

492 2487 581 2531 tro
619 2480 775 2535 beata
824 2476 988 2554 Virgo
1021 2487 1187 2556 petita
1235 2499 1335 2546 est.
1367 2476 1834 2564 Oportebat'enim
1862 2510 2058 2578 migra-

490 2575 701 2621 tionem
757 2586 971 2642 quoque
1025 2577 1146 2645 ejus
1180 2593 1302 2635 esse
1350 2593 1563 2641 natura:
1606 2575 1964 2662 superiorem,
2004 2610 2056 2654 ct

489 2669 695 2714 nostra:
734 2677 842 2716 non
907 2666 1201 2723 aSsimilem
1237 2687 1251 2723 :
1285 2682 1408 2728 cum
1456 2676 1510 2732 in
1553 2694 1616 2734 ea
1663 2685 1921 2756 quidquid
1955 2690 2056 2746 fuit

489 2760 684 2801 natura
713 2752 1006 2810 sublimius
1051 2755 1236 2815 fuerit.
1275 2759 1351 2815 Ita
1385 2765 1564 2834 plane.
1597 2752 1864 2831 (Steterunt
1901 2781 2054 2837 dolo-

490 2853 608 2891 rem
634 2841 807 2905 illum,
837 2844 928 2910 qui
955 2844 1222 2912 profunde
1259 2854 1494 2910 animam
1545 2862 1762 2934 attingit
1793 2869 1845 2920 in
1882 2883 2055 2930 morte

488 2931 660 2998 (quod
709 2934 930 2988 tertium
963 2944 1015 2991 et
1049 2948 1388 3007 postremum
1442 2952 1548 3020 est)
1581 2931 1922 3015 communem
1957 2965 2053 3020 ha-

487 3113 1068 3186 nnortalium‘genere;
1099 3119 1224 3176 licet
1250 3139 1360 3179 non
1389 3142 1541 3197 atque
1586 3147 1649 3188 ac
1677 3141 1858 3193 cleteri
1883 3141 2052 3200 fuerit

2196 1941 2397 1986 mores.
2439 1929 2637 1985 Verum
2679 1931 2910 2001 probata
2957 1931 3207 1987 mulieris
3253 1941 3404 1998 voce,
3453 1935 3755 2003 agnitione,

2194 2020 2572 2075 benevolentia
2602 2028 2654 2074 et
2687 2021 2956 2089 probitate
2982 2035 3079 2089 per
3104 2022 3267 2074 verba
3308 2021 3419 2085 illa,
3473 2022 3750 2089 Quinimo,

2191 2110 2398 2164 dictqu
2449 2111 2572 2180 ejus
2621 2111 3040 2179 sapientissimae
3085 2112 3492 2182 comprobavit;
3555 2115 3754 2168 deinde

2191 2200 2439 2270 sequenti
2496 2215 2752 2256 sermone
2782 2202 2937 2270 quasi
2971 2201 3194 2255 Matrem
3248 2216 3369 2255 cum
3409 2201 3578 2258 Matre
3615 2219 3749 2256 con-

2192 2288 2399 2353 ferens,
2436 2291 2623 2344 verbis
2664 2289 2773 2344 illis
2825 2304 2960 2345 usus
3006 2299 3089 2344 est
3129 2278 3249 2360 qua:
3283 2292 3504 2361 dignum
3535 2301 3652 2346 erat
3683 2298 3750 2346 ali

2191 2396 2298 2433 uno
2347 2384 2468 2449 ejus
2513 2397 2609 2436 ore
2660 2380 2914 2451 proferri.
2963 2379 3100 2436 Dum
3148 2382 3292 2436 enim
3339 2384 3564 2437 docebat
3601 2386 3746 2438 illam

2187 2470 2491 2538 mulierem,
2522 2486 2714 2527 omnes
2748 2472 2802 2526 in
2824 2473 3198 2528 sublimiorem
3219 2474 3481 2528 evellebat
3504 2488 3743 2528 sensum.

2185 2561 2439 2616 Arbitror
2461 2570 2670 2630 autem,
2702 2563 2749 2616 si
2775 2577 2912 2632 opus
2939 2573 3084 2618 esset
3109 2564 3433 2619 clarioribus
3463 2567 3639 2620 verbis
3656 2581 3746 2620 cx-

2185 2649 2408 2716 planare
2466 2651 2816 2713 sententiam,
2872 2653 2943 2706 ita
2977 2652 3125 2706 illum
3166 2653 3389 2717 dixisse,
3440 2655 3532 2725 qui
3583 2657 3742 2709 horiio

2186 2745 2299 2797 ﬁeri
2331 2746 2503 2798 voluit
2531 2763 2544 2798 :
2576 2743 2620 2800 Ο
2654 2746 2872 2813 mulier,
2911 2762 3032 2816 quae
3060 2749 3272 2802 beatam
3305 2751 3589 2820 praedicas,
3616 2770 3742 2807 vero

2183 2833 2396 2888 beatam
2427 2836 2716 2904 oportebat
2771 2836 2995 2892 Matrem
3048 2854 3170 2894 esse
3215 2842 3346 2896 mihi
3381 2843 3548 2908 illam,
3580 2847 3740 2916 cujus

2179 2923 2363 2976 anima
2414 2923 2717 2978 incredibili
2763 2926 3168 2994 pulchritudine
3213 2941 3359 2985 esset
3408 2946 3623 2997 ornata,
3682 2947 3736 2989 et.

2178 3011 2394 3080 qualem
2450 3014 2599 3066 nulla
2653 3030 2891 3086 unquam
2946 3017 3187 3074 habuere
3241 3029 3504 3088 tempora.
3548 3023 3734 3094 itaque

2178 3103 2382 3172 praevio
2427 3105 2481 3157 in
2515 3105 2630 3174 ipsa
2663 3121 2879 3161 summo
2929 3110 3169 3164 candore
3190 3111 3260 3165 ob
3288 3114 3541 3168 eximiam
3571 3118 3737 3171 animi

484 3205 639 3260 mum
679 3219 924 3279 experta.
961 3213 1031 3268 At
1075 3217 1204 3286 quid
1261 3235 1359 3291 ego
1385 3194 1582 3280 θώων
1602 3194 2053 3299 αηυληωιὲέᾙᾶ
2090 3203 2134 3266 C
2177 3194 2574 3262 integritatem,
2599 3197 3106 3269 sublimitatemque
3139 3216 3202 3256 ac
3233 3205 3578 3274 modestiam,
3612 3209 3741 3264 sub-
3779 3211 3815 3240 ‘

486 3297 656 3357 mille.
685 3297 777 3352 ubi
807 3301 956 3354 nulla
981 3317 1261 3371 mensura,
1293 3312 1440 3365 nulla
1461 3297 1691 3384 prorsus
1725 3321 1841 3379 ﬁeri
1869 3335 2051 3396 potest

484 3391 828 3456 comparatio
860 3391 883 3443 ?
916 3401 1073 3448 tanto
1107 3400 1248 3452 enim
1283 3401 1566 3461 intervallo
1601 3410 1804 3467 distant
1834 3391 2048 3478 avnobis

482 3494 608 3548 qua:
679 3491 931 3551 spectant
979 3487 1044 3541 ad
1102 3489 1399 3562 Virginem,
1432 3512 1642 3568 quanto
1689 3507 1923 3576 amplius
1967 3525 2049 3570 est

483 3575 626 3630 bulla
673 3579 896 3634 caelum.
961 3581 1080 3637 Non
1111 3603 1242 3656 ergo
1304 3591 1451 3646 illam
1491 3609 1660 3661 mors,
1711 3575 1812 3656 etsi
1855 3618 2047 3662 omnes

484 3666 735 3724 homines
785 3687 910 3726 cum
975 3672 1164 3732 dolore
1219 3680 1381 3743 tollit.
1443 3686 1552 3739 alio
1599 3690 1758 3745 modo
1799 3698 2042 3763 sustulit,

479 3773 642 3825 quam
673 3775 784 3830 quo
813 3765 1075 3833 diximus,
1125 3769 1384 3828 nimirum
1428 3777 1576 3832 sicut
1618 3780 1817 3838 Filium
1845 3803 1861 3853 ;
1893 3797 1945 3842 et
1974 3793 2044 3844 ad

482 3849 586 3903 hoc
632 3860 868 3918 tantum,
923 3865 982 3909 ut
1028 3859 1191 3914 homo
1217 3878 1336 3919 esse
1376 3866 1806 3936 dignosceretur.
1841 3849 1945 3931 Sed
1978 3885 2044 3935 de

480 3941 568 3995 his
598 3944 760 4009 satis,
819 3947 962 4015 quod
1003 3951 1197 4006 attinet
1237 3953 1302 4006 ad
1335 3960 1732 4023 separationem
1769 3969 1964 4024 animae
1990 3983 2044 4027 et

445 4031 756 4102 'corporis‘
791 4036 1120 4096 beatissima:
1182 4044 1458 4115 Virginis;
1498 4066 1622 4106 natu
1671 4059 1879 4114 cmlesti
1921 4063 2040 4133 ejus

476 4127 674 4182 animte
701 4143 941 4199 superna
976 4148 1039 4188 ac
1069 4136 1250 4192 divina
1273 4149 1589 4216 pervaganti
1619 4153 1768 4206 omni
1797 4127 2040 4226 tempore

476 4232 626 4274 mors
677 4222 919 4320 jucunda
950 4228 1134 4296 potius
1165 4235 1246 4300 (ut
1273 4235 1543 4306 principio
1574 4247 1845 4303 sermonis
1876 4222 2036 4320 dixi),

473 4321 636 4375 quam
670 4311 896 4366 molesta
916 4320 1108 4383 procul
1130 4320 1299 4376 dubio
1322 4338 1602 4393 censetur,
1633 4344 1689 4387 ut
1721 4350 1883 4405 quam
1910 4311 2036 4397 illuc

473 4400 905 4498 transmittebat,
929 4421 1037 4474 quo
1059 4410 1214 4466 abire
1234 4416 1508 4498 cupiebat,
1543 4423 1610 4476 ad
1631 4400 1786 4480 suum
1813 4428 2033 4498 Filium,

470 4488 538 4542 ad
576 4490 697 4559 ejus
748 4493 984 4562 Patrem,
1025 4501 1091 4554 ad
1132 4496 1474 4564 Paracl'etum
1516 4511 1800 4586 Spiritum,
1848 4488 2035 4578 sacro;

473 4591 717 4637 sanctam
748 4584 919 4654 ipsam
948 4587 1271 4649 Trinitatem
1304 4600 1446 4667 apud
1477 4618 1638 4671 quam
1667 4618 1751 4663 est
1775 4584 1900 4668 vera
1936 4615 1989 4669 lu

473 4671 894 4744 inaccessibilis,
946 4679 1263 4742 indellcieas
1313 4692 1558 4762 voluptas
1601 4699 1720 4754 sine
1757 4707 2026 4772 satietate,

471 4775 672 4817 corona
717 4767 1214 4842 immarcescibilis,
1247 4778 1352 4834 vita
1384 4794 1608 4851 aeterna,
1651 4791 1902 4857 beatitas,
1936 4767 2026 4854 ubi

469 4854 627 4922 plene
656 4857 846 4913 liceret
877 4860 956 4914 illi
990 4867 1314 4938 participem
1359 4888 1482 4929 esse
1521 4881 1675 4948 regni
1709 4891 1763 4936 et
1801 4854 2024 4944 honoris

468 4943 587 5000 Filii
627 4950 1003 5038 excellentiori
1032 4958 1212 5024 modo,
1241 4971 1425 5032 utpote
1465 4943 1646 5037 Matri,
1675 4990 1836 5044 quam
1861 4980 2021 5049 potiri

464 5041 694 5105 possint,
720 5044 814 5111 qui
855 5046 1074 5104 virtutis
1115 5054 1334 5108 nomine
1373 5059 1576 5125 primas
1636 5041 1878 5126 omnium
1939 5073 2022 5127 fe-

464 5140 604 5186 rout.
656 5135 795 5198 Quid
852 5136 975 5192 illos
1023 5139 1170 5205 dico,
1217 5147 1654 5219 quandoquidem
1711 5165 1765 5210 et
1812 5170 2020 5218 mentes

464 5221 820 5321 incorporeas
850 5241 950 5282 sua
988 5229 1158 5298 gloria
1215 5233 1376 5305 longe
1408 5244 1728 5310 superavit?
1756 5248 1834 5304 Eo
1856 5267 2018 5321 porro

463 5311 854 5377 magnitudinis
907 5328 1096 5375 evecta
1155 5332 1260 5388 est,
1313 5337 1370 5378 ut
1408 5344 1574 5400 supra
1617 5311 1876 5404 diximus,
1910 5345 2017 5399 imo

463 5415 587 5455 vero
640 5413 698 5456 ut
739 5407 922 5462 nullus
971 5413 1246 5481 explicare
1274 5419 1412 5474 valet
1445 5437 1646 5488 sermo.
1693 5445 1798 5486 non
1836 5439 2012 5492 solum

461 5494 583 5560 quia
626 5499 838 5565 peperit
887 5501 1118 5557 salutem
1149 5517 1202 5562 et
1233 5509 1660 5582 redemptionem
1689 5532 1742 5577 et
1774 5533 2016 5583 sanctiu-

459 5585 725 5641 cationem
765 5594 1067 5648 animarum
1118 5607 1170 5652 et
1201 5616 1490 5672 corporum
1531 5620 1865 5683 nostrorum,
1913 5623 2008 5675 sed

459 5688 582 5740 quia
610 5683 773 5767 etiam
810 5683 1044 5750 puritate
1091 5703 1253 5758 supra
1287 5699 1502 5753 modum
1553 5712 1606 5756 et
1657 5705 2007 5767 inenarrabili

459 5776 582 5833 erga
605 5766 769 5822 Deum
804 5773 998 5829 affectu
1027 5782 1262 5836 animam
1282 5797 1334 5839 et
1362 5803 1561 5859 corpus
1585 5795 1710 5850 talia
1748 5800 2002 5869 reddidit,

775 5862 1042 5926 I’ATROI.
1083 5871 1193 5934 Gn.
1293 5881 1504 5946 CLVI,
1641 5887 1645 5890 ’

2175 3296 2424 3342 secutum
2475 3299 2580 3355 est,
2617 3297 2675 3344 ut
2713 3304 2835 3344 mea
2862 3290 3019 3346 ﬁeret
3044 3293 3232 3360 Mater,
3267 3293 3579 3366 factumque
3631 3311 3734 3363 est,

2176 3386 2234 3432 ut
2263 3378 2328 3432 ad
2389 3380 2565 3434 lucem
2593 3420 2608 3445 ,
2657 3381 2944 3452 quae-ejus
2987 3385 3222 3439 animam
3264 3385 3618 3453 iuhabitabat,
3654 3407 3739 3445 me

2173 3469 2347 3525 lucem
2376 3470 2599 3542 insuper
2616 3475 2922 3542 acquireret
2947 3477 3188 3530 onmium
3216 3478 3476 3532 luminum
3508 3484 3735 3536 creatri-

2169 3575 2312 3615 cem.
2350 3563 2551 3636 Amant
2582 3567 2727 3619 enim
2754 3569 2960 3634 omnia,
2996 3584 3117 3636 qua:
3156 3570 3412 3627 aﬂinitate
3443 3575 3732 3644 conjuncta

2169 3665 2318 3721 sunt,
2347 3660 2608 3715 accedere
2637 3661 2705 3716 ad
2741 3661 2942 3718 alIinia.
2978 3664 3055 3720 Ita
3087 3681 3242 3722 sane.
3279 3665 3413 3720 Cum
3441 3683 3573 3722 vero
3598 3683 3730 3722 exe-

2165 3749 2334 3818 gisset
2401 3753 2720 3819 necessitas,
2779 3765 2838 3808 ut
2897 3757 3255 3826 impassibilis
3297 3769 3350 3812 et
3408 3759 3733 3814 innnortalis

2167 3839 2480 3907 passibilem
2521 3853 2577 3896 et
2625 3846 2910 3900 mortalem
2948 3857 3254 3902 assumeret
3286 3865 3525 3914 carnem,
3563 3863 3618 3905 ut
3659 3858 3728 3921 (si

2165 3929 2550 3996 explicandum
2583 3933 2716 3986 mihi
2748 3943 2835 3989 est
2860 3951 2970 3988 non
3002 3937 3176 4003 magis
3213 3941 3560 3996 sermonibus
3601 3941 3722 3996 Tri-

2163 4016 2351 4071 nitatis
2386 4019 2487 4074 hac
2519 4021 2587 4074 de
2641 4038 2700 4084 re
2742 4025 3033 4079 consilium
3086 4027 3394 4096 antiquum,
3441 4044 3628 4084 Verum
3672 4042 3726 4085 et
3805 4094 3807 4096 η

2167 4102 2489 4176 maximum)
2539 4119 2795 4182 suscepta
2852 4115 3134 4178 Passione,
3177 4125 3228 4169 et
3265 4126 3460 4183 morte,
3503 4130 3554 4172 et
3587 4135 3724 4187 qua-
3807 4119 3814 4128 ’

2161 4201 2284 4252 dam
2317 4203 2564 4272 corporis
2588 4213 2802 4273 gustata
2844 4206 3220 4275 corruptione,
3251 4222 3440 4263 omnes
3473 4208 3720 4266 homines
3805 4204 3811 4250 Ϊ

2162 4290 2210 4342 si
2249 4292 2470 4357 vellent,
2498 4304 2528 4346 a
2562 4294 2914 4362 passionibus
2959 4306 3012 4349 et
3043 4305 3217 4351 morte
3270 4305 3325 4350 et
3371 4299 3719 4367 corruptione
3799 4296 3805 4301 ’

2158 4379 2465 4436 liberaret:
2510 4398 2616 4437 non
2656 4387 2800 4438 enim
2861 4394 2982 4439 erat
3027 4385 3300 4440 aﬂerenda
3342 4389 3445 4452 vis,
3491 4390 3587 4444 sed
3620 4408 3716 4445 τυ-
3803 4417 3805 4419 ί

2157 4472 2397 4526 lentibus
2447 4473 2779 4528 conferenda
2819 4477 3009 4532 salus:
3048 4477 3198 4532 dedit
3247 4489 3564 4548 potestatem
3605 4483 3714 4551 (in-

2155 4561 2294 4630 quit)
2347 4562 2621 4631 praecipuo
2654 4564 2886 4620 dilectus
2919 4565 2998 4619 illi
3035 4581 3220 4621 amore
3253 4569 3318 4622 iis
3356 4569 3449 4638 qui
3485 4571 3715 4624 credunt

1997 4620 2116 4730 εί)
2155 4620 2213 4706 ιὶι
2243 4620 2389 4717 eis,
2417 4620 2558 4709 sutis
2629 4653 2721 4708 Dei
2781 4655 2918 4711 ﬁeri.
2971 4657 3152 4722 Quare
3183 4620 3447 4712 signa;
3492 4620 3711 4730 Quasi;

2157 4751 2270 4796 tum
2301 4744 2372 4798 ob
2401 4745 2690 4800 consilium
2719 4745 2867 4801 istud
2915 4763 3013 4817 pro
3044 4749 3203 4802 nobis
3227 4750 3300 4803 illi
3335 4761 3667 4805 coaeternum
3694 4769 3710 4805 :

2153 4848 2331 4904 neque
2365 4837 2508 4889 enim
2549 4835 2711 4892 habet
2745 4837 3074 4908 principium
3109 4842 3368 4910 temporis
3395 4839 3489 4895 Dei
3530 4843 3714 4897 censi-

2150 4925 2307 4990 lium,
2336 4927 2431 4981 sed
2466 4929 2534 4982 ab
2583 4929 2730 4982 omni
2771 4932 3074 4985 mternitate
3100 4946 3388 4987 commune
3418 4943 3504 4987 est
3533 4936 3708 4990 tribus

2151 5017 2711 5084 consubstantialibus
2778 5023 3050 5090 personis,
3115 5038 3238 5092 qtun
3281 5025 3706 5094 proprietatibus

2149 5106 2563 5178 distinguuntur
2589 5128 2602 5164 :
2646 5118 2757 5164 tutu
2792 5113 2919 5180 quia
2948 5113 3081 5166 illud
3107 5127 3208 5166 suo
3238 5120 3481 5182 tempore
3509 5115 3703 5183 imple-

2151 5198 2246 5264 vit,
2274 5201 2496 5269 agendae
2523 5209 2650 5254 sunt
2676 5203 2895 5270 gratiae;
2928 5202 3250 5256 beatissima:
3269 5213 3447 5260 autem
3473 5205 3701 5275 Virgini,

2150 5296 2264 5343 tum
2293 5293 2363 5344 ob
2393 5289 2608 5344 virtutis
2636 5292 2832 5355 oliicia,
2870 5304 2980 5346 tum
3017 5292 3087 5346 ob
3124 5291 3250 5348 inde
3294 5296 3699 5364 provenieutem

2151 5381 2270 5435 vita
2321 5382 2872 5449 commendationem,
2921 5397 3139 5453 propter
3181 5401 3342 5455 quam
3391 5386 3484 5440 Dei
3530 5387 3702 5442 Mater

2142 5481 2229 5524 est
2279 5470 2441 5524 facta.
2506 5470 2609 5526 Sed
2636 5474 2745 5541 jam
2805 5483 3018 5545 tempus
3059 5477 3295 5531 arbitror
3336 5481 3695 5532 contrahendi

2141 5560 2494 5626 desiderium,
2550 5578 2616 5618 ne
2677 5564 2842 5619 simul
2885 5581 3008 5620 cum
3067 5569 3391 5624 intmorandi
3437 5571 3695 5624 aviditate

2144 5655 2494 5720 protrahatur
2549 5671 2656 5710 non
2706 5658 2964 5715 deliciens
3018 5663 3218 5715 oratio.
3263 5663 3517 5716 Eveuirct
3546 5665 3690 5716 enim

2142 5743 2301 5801 nobis
2337 5747 2463 5800 dum
2493 5747 2812 5805 satisfacere
2837 5752 2909 5804 illi
2943 5768 3225 5819 conamur,
3248 5753 3391 5823 quod
3422 5762 3472 5808 ct
3503 5767 3690 5823 pueris

3228 5889 3262 5948 is
