4080 6610
586 454 687 521 103

1766 449 1817 508 Ill
1836 448 1983 508 λΝο
1997 443 2160 506 ELIS
2202 445 2283 504 ΡΛ
2296 440 2640 503 L£OLOGI

3724 450 3831 517 1M

575 559 805 613 libenter
838 554 1087 620 audiunt,
1110 554 1227 609 haec
1256 553 1483 620 insuper
1505 551 1781 606 addimus.
1822 548 1998 618 Atque
2028 555 2141 605 uti~
2182 544 2221 597 Δ
2270 550 2577 602 mortalium
2623 549 2841 603 timida'.
2866 550 2989 606 [iam
3017 560 3072 607 et
3105 552 3306 608 similia
3347 553 3633 610 universos
3672 566 3839 625 plane

576 665 701 705 nam
733 663 853 718 qua:
881 648 1111 703 dicenda
1141 655 1268 701 sunt
1313 660 1422 699 non
1478 654 1536 698 ιιι
1565 643 1747 698 inania
1776 643 2141 712 excipiantur,

507 737 513 742 ’
576 744 670 797 sed
708 744 881 811 primo
923 740 1138 811 quidem
1168 739 1234 793 ad
1268 738 1553 794 utilitatem
1578 745 1837 798 vestram,
1874 751 1979 805 qua
2012 734 2142 796 mihi

577 834 713 889 nihil
741 833 1045 903 antiquius,
1085 848 1209 887 cum
1240 831 1307 886 iis
1342 831 1696 885 vehementer
1738 843 1843 898 ego
1883 826 2142 889 delecter,

577 942 677 996 per
727 942 846 995 qua:
889 942 985 980 vos
1034 925 1261 994 possitis
1319 938 1445 978 esse
1504 921 1710 977 felices.
1765 920 1970 975 Deinde
2030 920 2143 973 sint

565 1016 739 1081 ,etiam
771 1025 899 1085 opto
919 1030 1024 1069 non
1059 1014 1356 1084 injucunda
1391 1023 1446 1067 ut
1469 1027 1670 1080 Spero;
1703 1009 2144 1081 quandoquidem

578 1113 634 1159 et
676 1105 821 1159 illam
864 1104 951 1157 cui
985 1102 1290 1158 oﬂ’eruntur
1320 1102 1433 1157 htec
1480 1102 1599 1157 loco
1632 1099 1899 1164 muneris,
1928 1100 2057 1154 licet
2080 1098 2147 1152 ab

578 1197 699 1265 ejus
739 1188 1010 1267 dignitate
1055 1196 1348 1266 plurimum
1376 1196 1603 1259 distent,
1632 1203 1686 1248 et
1715 1209 1897 1247 rerum
1929 1202 2147 1247 nostra-

578 1304 699 1343 rum
730 1290 864 1343 nihil
900 1304 1127 1358 prorsus
1160 1288 1416 1357 indigeat,
1450 1296 1504 1340 at
1527 1285 1756 1340 libenter
1780 1293 1962 1339 tamen
1990 1297 2146 1338 acce-

577 1392 793 1450 pturam
822 1382 939 1435 scio
969 1381 1111 1449 quod
1139 1397 1166 1433 a
1195 1380 1456 1435 benevolo
1484 1378 1688 1432 famulo
1707 1377 1985 1432 olleratur.
2008 1374 2146 1430 Puto

577 1481 759 1527 autem
794 1471 1166 1526 confitendum
1193 1486 1317 1526 esse
1347 1486 1446 1525 nos
1477 1486 1505 1524 a
1540 1484 1704 1539 scopo
1732 1484 1836 1523 non
1862 1468 2147 1523 aberratu-

576 1582 691 1632 ros,
749 1567 961 1621 favente
1014 1566 1108 1621 Dei
1156 1565 1451 1629 Geuitrice,
1497 1566 1805 1636 perquam
1856 1564 2145 1619 imbecillis

577 1658 894 1713 difficillima
933 1656 1186 1713 facillima
1212 1657 1365 1711 fiunt.
1400 1655 1532 1709 Dico
1559 1655 1724 1726 igitur
1749 1654 1850 1709 tria
1874 1668 1996 1710 esse
2019 1667 2146 1723 pro-

577 1760 696 1820 pter
741 1766 862 1818 quae
901 1764 1093 1805 omnes
1153 1760 1380 1803 mortem
1438 1747 1851 1816 pertimescunt.
1906 1742 2144 1798 Primum

582 1843 830 1913 quidem,
861 1844 1004 1913 quod
1039 1859 1144 1896 non
1179 1852 1262 1897 est
1291 1841 1446 1895 valde
1479 1841 1821 1895 manifestum
1861 1836 2149 1893 conscien-

2269 648 2498 702 terrent,
2530 648 2585 693 et
2643 655 2898 708 pavorem
2936 643 3210 698 incutiunt
3264 646 3463 701 animis
3490 662 3601 700 non
3636 663 3832 702 eorum

2273 737 2487 784 tantum
2524 730 2617 798 qui
2649 745 2829 785 rerum
2865 734 3215 801 praesentium
3246 735 3523 791 illecebris
3552 737 3834 792 deliniuno

2271 828 2381 881 tur,
2418 821 2510 889 qui
2547 836 2647 875 nec
2683 822 2860 877 vivere
2892 824 3109 887 vellent,
3138 826 3190 879 ni
3223 826 3326 887 sibi
3358 827 3515 882 liceat
3547 828 3833 899 indulgere

2269 913 2453 980 genio,
2485 913 2581 967 sed
2610 914 2798 968 virtuti
2827 929 3044 984 quoque
3070 915 3399 979 deditorum,
3433 920 3526 988 qui
3568 920 3836 989 concupi-

2266 1003 2526 1056 scentiam
2564 1014 2634 1057 et
2686 1006 2819 1058 iram
2876 1005 3107 1061 rationis
3163 1006 3319 1062 freno
3390 1023 3577 1078 regere
3617 1010 3830 1064 volunt.

2270 1090 2429 1145 Subit
2458 1094 2600 1146 enim
2632 1094 2952 1151 omnibuset
2981 1096 3261 1151 horrorem
3285 1098 3481 1166 injicit,
3510 1113 3618 1152 non
3647 1107 3830 1153 tamen

2267 1181 2383 1250 pari
2443 1182 2681 1237 modulo.
2743 1183 3021 1253 Siquidem
3076 1186 3142 1240 ad
3199 1188 3470 1256 cujusque
3523 1189 3688 1243 vitam
3715 1190 3832 1245 hate

2272 1275 2574 1328 variantur.
2631 1275 2816 1344 Itaque
2863 1285 2917 1331 et
2947 1294 3042 1333 eos
3083 1281 3178 1348 qui
3220 1290 3411 1336 sancte
3459 1281 3732 1347 vixerunt,
3774 1292 3831 1335 ct

2265 1362 2552 1432 quisecus,
2584 1365 2989 1423 incertitudinis
3021 1366 3257 1424 formido
3274 1371 3539 1436 adoritur,
3566 1373 3632 1426 ad
3660 1371 3833 1442 justi-

2241 1452 2401 1523 .tiam
2426 1455 2781 1522 respicientes
2810 1458 3123 1521 humanam,
3145 1461 3270 1528 quia
3290 1476 3393 1516 non
3418 1461 3830 1531 justiﬁcabitur,

2264 1541 2461 1610 inquit,
2505 1545 2559 1596 in
2597 1558 2879 1614 conspectu
2917 1558 3006 1602 tuo
3033 1552 3200 1606 omnis
3232 1554 3404 1606 vivens
3430 1554 3625 1623 (Psal.
3656 1570 3832 1619 cxur,

2261 1630 2344 1702 2).
2393 1634 2453 1688 Si
2511 1637 2656 1690 enim
2714 1637 2776 1690 Β.
2833 1640 3060 1703 Paulus,
3125 1646 3323 1699 coelum
3360 1646 3452 1700 ille
3497 1649 3833 1717 contingens

2263 1725 2505 1789 animus,
2540 1742 2635 1782 vas
2664 1730 2973 1797 electionis,
3016 1734 3150 1788 nihil
3181 1737 3287 1791 sibi
3316 1738 3535 1806 quidem
3561 1741 3828 1794 conscius

2260 1821 2365 1875 est,
2394 1812 2489 1866 sed
2515 1829 2623 1867 non
2659 1815 2712 1868 iu
2747 1816 2850 1871 hoc
2877 1819 3213 1886 justilicatus
3241 1832 3342 1885 cst,
3375 1832 3432 1877 ut
3467 1824 3557 1878 ille
3580 1826 3698 1894 ipse
3722 1828 3827 1890 ait,

583 1902 674 1991 tia:
700 1935 832 2006 quid
869 1902 1112 1989 futurum
1147 1934 1219 1990 sit
1250 1935 1303 1989 in
1337 1935 1503 1988 altera
1534 1934 1643 1986 vita
1679 1930 1897 2002 quando
1927 1928 2141 1984 univer-

2261 1902 2408 1970 quis,
2450 1918 2661 1971 quaeso,
2681 1906 2846 1974 alius,
2868 1913 2908 1963 si
2938 1911 3135 1979 sapiat,
3154 1913 3223 1967 de
3251 1914 3431 1967 anima
3449 1911 3545 1970 sita
3564 1920 3825 1982 conlidat,

580 2042 703 2082 sum
730 2042 904 2098 genus
942 2034 1189 2082 nostrum
1226 2035 1412 2096 surget
1444 2040 1472 2079 a
1505 2024 1615 2081 Deo
1642 2023 2017 2094 indicandum,
2040 2020 2147 2076 nisi

580 2121 670 2176 cui
719 2121 985 2176 divinitus
1038 2120 1200 2176 fuerit
1263 2121 1582 2176 revelatum.
1638 2117 1953 2173 Secundum
1997 2115 2144 2186 quod

577 2214 847 2270 discessio
876 2212 968 2269 ﬁat
1001 2213 1070 2267 ab
1100 2212 1247 2268 omni
1280 2227 1475 2283 genere
1517 2210 1835 2281 voluptatis,
1871 2219 1926 2265 et
1945 2224 2149 2279 cogna-

576 2305 746 2370 tione,
777 2317 832 2360 et
864 2306 1145 2369 amicis,et
1172 2306 1396 2375 antiqua
1427 2303 1839 2366 consuetudine,
1870 2311 1924 2361 et
1954 2303 2149 2371 hujus-

575 2398 746 2452 modi.
776 2396 1021 2454 Tertium
1062 2413 1353 2455 commune
1392 2399 1517 2478 hoc,
1539 2397 1684 2467 quod
1714 2394 1895 2451 anima
1923 2411 2145 2465 separa-

579 2499 668 2547 tur
713 2504 743 2543 a
811 2505 1064 2561 corpore,
1127 2507 1189 2546 ex
1243 2506 1353 2561 quo
1397 2491 1491 2554 'llt,
1557 2496 1617 2543 ut
1677 2497 2020 2558 compactum
2075 2503 2142 2542 ex

573 2581 860 2637 elementis
906 2597 1105 2652 corpus
1152 2592 1555 2652 corrumpatur,
1608 2581 1756 2652 quod
1821 2581 2144 2637 naturaliter

574 2676 760 2729 omnia
803 2673 1039 2745 fugiunt.
1078 2675 1215 2731 Cum
1258 2690 1388 2745 ergo
1423 2674 1523 2729 tria
1556 2674 1670 2728 haec
1703 2672 1817 2728 sint
1861 2687 1982 2742 quae
2011 2686 2145 2741 sup-

573 2768 856 2837 ponimus,
908 2766 1111 2837 quibus
1180 2765 1620 2823 concludendum
1661 2774 1746 2821 est
1800 2764 1943 2835 quod
1995 2764 2140 2829 volo,

573 2856 972 2912 exordiendum
1006 2873 1037 2912 a
1065 2857 1246 2914 medio
1275 2857 1463 2914 statui.
1493 2854 1637 2912 Sane
1660 2855 1728 2911 iis
1761 2854 1854 2925 qui
1887 2862 2143 2911 tenentur

573 2951 703 3005 vita:
740 2950 1011 3005 desiderio
1036 2960 1258 3021 pmpter
1286 2951 1577 3020 praesentia
1627 2960 1862 3015 tantum,
1895 2951 1989 3019 qui
2026 2948 2144 3005 ha:c

574 3042 740 3096 etiam
773 3041 928 3111 quasi
976 3041 1133 3098 linem
1164 3042 1412 3097 ultimum
1445 3048 1751 3107 sectantur,
1793 3040 2142 3096 intoleranda

575 3146 660 3191 est
682 3136 877 3191 merito
903 3151 1074 3199 mors,
1106 3143 1162 3189 ut
1184 3152 1304 3206 qua:
1326 3136 1450 3193 illos
1478 3153 1505 3189 a
1530 3137 1807 3192 consortio
1824 3150 2004 3191 rerum
2035 3135 2139 3191 sibi

573 3226 939 3295 pretiosarum
1004 3227 1278 3296 scjungat,
1335 3226 1538 3296 quibus
1590 3225 1755 3280 veluti
1814 3226 2030 3294 pueris,
2085 3231 2141 3279 et

574 3330 841 3384 generoso
884 3317 1066 3371 animo
1116 3317 1425 3373 nolentibus
1479 3318 1580 3382 uti,
1631 3318 1725 3373 sed
1770 3317 1891 3372 ficta
1935 3317 2048 3373 haec
2085 3324 2141 3371 et
2175 3318 2218 3379 C

575 3406 900 3462 umbratica.
920 3407 1331 3476 praeferentibus
1357 3410 1573 3465 veritati
1598 3416 1652 3465 et
1672 3407 1957 3465 stabilitati
1991 3422 2140 3465 mon

481 3573 485 3577 _
568 3497 694 3566 jure
726 3497 1048 3565 terriculum
1073 3509 1175 3560 est,
1208 3508 1262 3553 et
1291 3499 1606 3555 detestanda
1636 3499 1805 3571 magis
1838 3514 1999 3569 quam
2030 3513 2140 3555 cae-

575 3587 727 3643 teris.
779 3586 846 3642 Ut
897 3589 1044 3644 enim
1077 3590 1250 3645 allecti
1283 3606 1474 3646 sumus
1502 3590 1568 3644 ad
1594 3593 1903 3660 praesentia,
1961 3591 2036 3645 ita
2083 3598 2139 3647 et

570 3687 921 3747 separantem
951 3680 1019 3735 ab
1050 3680 1159 3735 illis
1188 3691 1421 3735 mortem
1473 3681 1790 3736 toleramus.
1822 3678 1954 3736 Nam
1988 3681 2038 3736 si
2064 3680 2142 3736 vi-

571 3767 751 3822 riliter
782 3770 1112 3840 proclivitati
1154 3770 1220 3825 ad
1257 3770 1439 3826 intima
1471 3771 1811 3837 resistamus,
1846 3772 2017 3825 levior
2045 3786 2143 3827 no-

570 3861 658 3917 bis
686 3861 904 3917 videtur
937 3878 1088 3918 mors
1119 3878 1215 3932 spe
1246 3864 1384 3917 bona
1420 3863 1616 3934 plenis.
1658 3862 1812 3930 Quod
1851 3862 1897 3917 si
1931 3863 1995 3918 ad
2038 3877 2138 3933 po-

569 3952 710 4006 tiora
747 3967 943 4023 segnes
979 3954 1245 4009 fuerimus
1270 3994 1285 4016 .
1333 3953 1483 4008 illam
1523 3970 1630 4008 non
1670 3953 2015 4009 mediocriter
2041 3970 2138 4009 ex-

570 4043 965 4101 borrescimus.
1012 4045 1181 4101 Porro
1235 4047 1303 4101 iis
1354 4045 1446 4116 qui
1489 4046 1703 4117 turpius
1753 4045 2138 4117 indigniusque

570 4145 811 4207 aguntur
840 4137 909 4193 ab
943 4136 1249 4201 affectibus,
1289 4154 1450 4207 quam
1496 4138 1785 4208 mancipia,
1818 4140 2138 4195 naturaliter

569 4228 786 4283 ratione
811 4228 1077 4297 subjectis
1106 4244 1254 4284 mors
1283 4238 1340 4283 et
1371 4236 1475 4294 est,
1506 4237 1559 4284 et
1593 4229 1806 4284 videtur
1833 4228 1991 4301 longe
2009 4244 2136 4301 gra-

569 4318 690 4373 vior
717 4333 781 4372 ac
806 4317 1128 4386 molestior;
1155 4319 1224 4372 ita
1254 4327 1333 4384 ut,
1366 4334 1676 4390 quanquam
1706 4332 1793 4376 res
1823 4319 1971 4376 dictu
2000 4321 2137 4374 mira

568 4415 677 4472 est,
706 4421 829 4461 cum
864 4408 1034 4463 multo
1079 4409 1273 4478 majori
1315 4410 1517 4464 adnixu
1553 4411 1887 4481 voluptatem
1924 4419 2138 4481 specta-

570 4509 714 4557 mus,
756 4495 1010 4565 quodque
1037 4497 1250 4551 videtur
1273 4499 1706 4564 celeberrimum,
1732 4502 1994 4556 rationem
2020 4516 2133 4556 non

570 4593 864 4653 sequentes
894 4587 1323 4651 ducem,liamus
1356 4598 1509 4655 tunc,
1537 4600 1596 4645 ut
1625 4589 1699 4644 ita
1734 4589 1932 4657 dicam,
1960 4591 2135 4659 magis

570 4677 829 4732 mortales
860 4694 1025 4749 quam
1053 4695 1268 4736 sumus.
1298 4680 1435 4736 Cum
1466 4697 1596 4736 vero
1620 4681 1907 4738 honestum
1941 4697 2003 4736 ac
2034 4683 2134 4738 bo-
2170 4684 2223 4745 D

571 4781 701 4819 num
733 4776 1048 4834 spectamus
1081 4766 1173 4821 fiat
1202 4769 1623 4837 ,quodammodo
1657 4769 1709 4822 in
1746 4768 1904 4823 nobis
1931 4777 2134 4822 morta-

569 4855 722 4911 litas;
749 4854 988 4912 Tantum
1022 4858 1189 4927 pollet
1214 4859 1266 4913 in
1289 4858 1447 4916 nobis
1482 4859 1695 4916 arbitrii
1726 4860 1830 4915 vis.
1869 4860 2015 4916 Satis
2045 4861 2131 4914 di-

568 4958 716 5003 ctum
746 4949 983 5005 arbitror
1008 4949 1075 5005 de
1093 4960 1291 5016 morte,
1322 4952 1448 5006 licet
1476 4952 1813 5022 propositum
1834 4952 1991 5008 nobis
2022 4966 2130 5006 non

569 5045 715 5090 esset
742 5037 811 5092 de
841 5053 900 5092 ea
926 5038 1320 5109 philoSOphari,
1353 5042 1649 5109 quomodo,
1673 5051 1726 5096 et
1756 5043 2128 5110 quamobrem,

568 5135 623 5180 et
651 5127 851 5195 quibus
885 5130 1148 5198 magis,et
1171 5132 1370 5201 quibus
1398 5133 1599 5195 minus,
1624 5132 1822 5201 quibus
1852 5133 2012 5186 etiam
2047 5133 2129 5186 in~

568 5217 849 5273 toleranda
887 5221 978 5286 sit,
1008 5236 1072 5276 ac
1094 5223 1410 5277 terriculum
1436 5224 1590 5277 valde
1615 5224 1922 5277 molestum.
1960 5222 2124 5277 Caete-

567 5327 688 5365 rum
720 5312 1005 5368 reddenda:
1045 5316 1272 5370 rationis
1303 5324 1564 5371 anteacta:
1598 5315 1718 5370 vitae
1750 5316 1915 5369 timor
1936 5356 1951 5380 ,
1982 5315 2126 5385 quod

567 5404 746 5472 primo
777 5404 898 5460 loco
935 5405 1193 5470 diximus,
1235 5416 1290 5461 et
1318 5408 1510 5476 jndicii
1543 5408 1679 5474 dies,
1709 5418 1764 5464 et
1797 5408 2123 5463 horrendum

566 5496 831 5559 tribunal,
874 5508 929 5551 et
974 5500 1244 5553 satellites
1282 5500 1393 5569 regi
1428 5509 1483 5556 et
1512 5500 1683 5570 iudici
1744 5509 1984 5555 astantes
2030 5502 2122 5570 qui

569 5588 752 5642 Statim
804 5588 949 5657 quod
981 5588 1069 5643 ille
1098 5589 1418 5658 cogitaverit
1461 5591 1808 5645 exsecutione
1846 5591 2123 5654 mandent,

567 5691 621 5733 et
647 5678 920 5747 iusopitus
954 5681 1045 5734 ille
1081 5680 1306 5742 vermis,
1343 5691 1396 5735 et
1429 5683 1752 5737 tenebrosus
1796 5683 1956 5752 ignis,
1983 5693 2034 5736 et
2060 5682 2123 5735 ad

570 5768 686 5824 haec
718 5770 1048 5823 inccrtitudo
1074 5771 1376 5825 sententia‘.
1410 5762 1539 5838 Quis
1567 5773 1703 5825 enim
1741 5774 1979 5842 cognorit
2013 5789 2112 5826 seu.

570 5873 688 5911 sum
716 5857 965 5911 Domini?
995 5857 1042 5925 (I
1073 5859 1195 5913 Cor.
1226 5858 1413 5928 “,16),
1458 5871 1508 5914 ct
1540 5859 2127 5930 Cogitationes,inquit,

2258 1994 2480 2060 quando
2504 1994 2757 2050 Salvator
2780 2000 2989 2054 sedebit
3016 2004 3083 2056 ad
3095 2005 3452 2071 iudicandum
3475 2008 3829 2077 aequissimus

2259 2092 2314 2136 et
2361 2084 2568 2140 nullius
2607 2086 2946 2158 deceptionis
2975 2109 3170 2162 capax,
3216 2098 3480 2152 rationum
3503 2101 3726 2169 exigens
3755 2104 3829 2156 ab

2262 2186 2618 2244 unoquoque,
2663 2192 2773 2232 non
2806 2196 2996 2235 eorum
3035 2191 3246 2243 tantum
3268 2202 3403 2255 qua:
3433 2189 3544 2259 egit
3577 2198 3631 2245 et
3659 2191 3824 2256 dixit,

2262 2270 2321 2318 et
2350 2266 2629 2334 cogitavit,
2662 2269 2759 2323 sed
2789 2269 2950 2324 etiam
3001 2289 3124 2342 quae
3171 2289 3354 2345 agere,
3411 2288 3465 2333 et
3501 2281 3704 2347 dicere,
3767 2294 3825 2338 ct

2267 2354 2512 2422 cogitare
2544 2357 2819 2413 debebat?
2849 2361 2893 2416 0
2924 2364 3159 2431 qualiter
3188 2374 3319 2422 tune
3347 2369 3697 2428 meisimiles
3723 2383 3822 2428 tre-

2258 2456 2411 2498 more
2434 2459 2742 2513 pavescent.
2776 2451 2979 2518 quibus
3009 2455 3155 2509 nulla
3190 2471 3322 2512 cura
3353 2460 3459 2515 fuit.
3478 2461 3590 2516 haec
3623 2466 3809 2521 obser-

2258 2548 2409 2600 vare,
2430 2551 2561 2591 .nee
2583 2539 2740 2594 libuit
2771 2541 3001 2612 (utinam
3023 2547 3162 2601 haud
3191 2550 3264 2603 ita
3294 2552 3458 2620 esset)
3496 2552 3562 2606 ad
3591 2554 3817 2610 Creato-

2257 2624 2349 2681 ris.
2367 2625 2695 2685 voluntatem
2719 2645 2780 2685 se
2806 2636 3261 2692 accommodare?
3288 2638 3393 2704 Qui
3446 2641 3638 2710 judex,
3693 2661 3817 2700 cum

2235 2716 2497 2785 .sederit,
2560 2734 2670 2774 non
2719 2720 2941 2780 habebit
2995 2739 3133 2794 opus
3193 2733 3603 2789 accusatoribus
3632 2775 3651 2801 ,
3709 2752 3819 2791 non

2258 2807 2490 2876 libellis,
2516 2824 2626 2866 non
2656 2814 2913 2882 testibus,
2933 2816 3028 2872 sed
3054 2828 3202 2888 gesta
3230 2836 3261 2876 a
3286 2823 3447 2879 nobis
3476 2826 3672 2882 melius
3698 2829 3818 2899 ipse

2232 2901 2429 2964 .novit,
2462 2916 2624 2971 quam
2663 2905 2765 2974 ipsi
2810 2922 2932 2963 nos.
2987 2908 3101 2965 Hac
3134 2911 3297 2982 igitur
3345 2929 3636 2971 causarum
3669 2923 3818 2976 serie

2254 2992 2509 3061 obqnas
2553 2995 2866 3054 horribilior
2899 3000 3053 3056 nobis
3082 3014 3138 3057 et
3176 3004 3357 3075 seipsa
3385 3009 3600 3077 videtur
3640 3026 3813 3079 mors,

2257 3083 2481 3136 Omnino
2507 3086 2754 3153 superior
2773 3100 2891 3142 erat
2910 3091 3302 3157 gloriosissima
3323 3096 3596 3157 Creatoris
3622 3100 3814 3159 Mater.

2254 3170 2389 3227 Nam
2448 3190 2624 3244 neque
2680 3177 2885 3233 incerta
2934 3180 3127 3249 judicii
3173 3188 3464 3255 sententia,
3502 3205 3601 3260 per
3646 3209 3814 3263 quam

2255 3278 2388 3318 sane
2442 3266 2753 3333 pandentur
2810 3271 3156 3328 tenebrarum
3213 3281 3496 3343 praesentis
3555 3286 3815 3342 vanitatis

2255 3353 2492 3418 occulta,
2536 3350 2750 3424 puterat
2783 3357 2901 3426 ejus
2936 3359 3294 3428 cogitationes
3338 3366 3578 3435 turbare,
3635 3386 3815 3442 neque

2254 3455 2318 3499 ex
2348 3442 2448 3499 hac
2470 3445 2579 3500 vita
2606 3445 2876 3518 migratio.
2906 3448 2972 3503 Et
2982 3449 3105 3521 jure
3135 3452 3354 3524 quidem
3384 3459 3588 3526 Optimo
3614 3477 3629 3515 :
3655 3476 3814 3516 sum-

2254 3551 2399 3591 mam
2432 3540 2633 3609 quippe
2663 3542 2739 3594 illi
2770 3545 3136 3599 constantiam
3164 3562 3227 3603 ac
3263 3549 3510 3606 fiduciam
3538 3553 3814 3622 prabebat

2254 3639 2552 3686 consuetus
2582 3631 2651 3686 ab
2694 3634 2919 3691 ineunte
2955 3646 3115 3693 astate
3150 3654 3412 3699 ascensus
3444 3645 3511 3698 ad
3556 3645 3724 3703 Deum
3756 3656 3815 3702 et

2232 3725 2586 3792 .proveniens
2633 3725 2758 3780 inde
2786 3727 2985 3796 gratia,
3018 3729 3133 3785 sive
3163 3731 3454 3790 deiﬁcatio.
3491 3735 3669 3802 Quare
3703 3757 3812 3797 non

2253 3822 2382 3868 erat
2405 3814 3000 3875 formidandaferenda
3030 3831 3161 3876 tunc
3198 3828 3466 3883 sententia
3501 3844 3609 3898 qua
3655 3830 3811 3886 dam-

2252 3915 2452 3959 nantur
2482 3908 2571 3974 qui
2617 3910 2997 3965 contumeliosi
3033 3921 3161 3965 sunt
3191 3915 3247 3968 in
3281 3914 3453 3978 legem
3484 3915 3608 3972 Filii
3663 3920 3809 3990 ejus,

2251 4009 2352 4049 nec
2399 4009 2543 4064 aagre
2597 3996 2820 4052 ferenda
2863 4001 3110 4056 decessio
3159 4002 3229 4059 ob
3262 4006 3590 4062 caducarum
3621 4026 3809 4067 rerum

2251 4085 2707 4154 deperditionem.
2743 4087 2909 4147 Beata
2953 4093 3096 4146 enim
3136 4093 3298 4166 Virgo
3328 4096 3507 4154 adhuc
3534 4100 3699 4156 etiam
3729 4104 3811 4156 vi-

2251 4190 2384 4230 vens
2433 4191 2532 4245 pro
2580 4178 2753 4232 nihilo
2784 4180 3022 4237 ducebat
3064 4196 3120 4239 et
3162 4184 3323 4242 inane
3375 4188 3611 4245 habebat
3660 4195 3811 4262 quod

2254 4270 2487 4327 tenendo
2518 4286 2628 4326 non
2665 4281 2907 4340 tenetur,
2932 4284 2987 4330 et
3033 4277 3287 4349 elabitur,
3322 4282 3449 4337 dum
3485 4299 3650 4340 manu
3677 4301 3811 4356 pre-

2246 4360 2485 4420 hensum
2511 4371 2597 4419 est
2626 4380 2642 4430 ;
2680 4367 2813 4422 tales
2865 4382 2994 4423 vero
3029 4380 3157 4424 sunt
3195 4386 3283 4425 res
3316 4373 3479 4441 hujus
3510 4379 3714 4444 saeculi,
3748 4389 3811 4433 ut

2249 4455 2544 4511 abstineret
2602 4467 2765 4526 atque
2819 4459 2888 4513 ah
2941 4461 3021 4515 eis
3081 4463 3304 4517 omnino
3359 4465 3647 4537 refugeret,
3698 4470 3805 4524 nisi

2243 4553 2511 4614 quantum
2550 4549 2849 4604 necessitas
2871 4563 3110 4621 cogeret,
3141 4569 3210 4608 ne
3236 4554 3483 4611 interiret
3516 4573 3736 4629 corpus,
3757 4564 3808 4618 si

2248 4645 2577 4705 negarentur
2607 4638 2684 4691 illi
2722 4655 2819 4708 per
2850 4658 2968 4710 qua:
2995 4654 3332 4699 sustentatur
3362 4664 3376 4701 :
3413 4650 3556 4716 quod
3586 4658 3640 4704 ct
3664 4668 3807 4708 nova

2244 4733 2304 4781 et
2327 4727 2551 4797 antiqua
2576 4730 2777 4798 pariter
2800 4731 2921 4801 lege
2957 4734 3181 4789 vetituut
3214 4744 3320 4800 est,
3358 4747 3413 4791 et
3450 4741 3599 4808 apud
3629 4740 3808 4810 pluri-

2248 4831 2377 4872 mas;
2412 4820 2576 4873 etiam
2617 4820 2972 4878 barbarorum
3012 4826 3280 4881 nati-ones.
3331 4825 3519 4899 Itaque
3550 4832 3806 4888 omnibus

2247 4924 2371 4979 qua:
2399 4925 2619 4965 sensum
2654 4912 2888 4969 illiciunt
2922 4923 2978 4969 et
3014 4916 3296 4986 decipiunt
3324 4929 3550 4989 aspectu
3583 4936 3710 4989 suo,
3735 4938 3803 4978 ac

2247 5003 2394 5071 mani
2416 5004 2518 5058 bac
2537 5004 2707 5083 gloria
2730 5006 2981 5063 tenebras
3008 5008 3203 5063 anima:
3225 5007 3529 5078 eﬂ'uudunt,
3553 5014 3808 5083 superior

2232 5106 2384 5151 erat.
2419 5096 2697 5166 Quidquid
2729 5098 2872 5153 enim
2911 5115 3024 5154 non
3065 5110 3184 5155 erat
3218 5101 3415 5157 anima:
3441 5102 3672 5170 fructus,
3701 5106 3808 5160 a|i~

2249 5188 2430 5242 monia
2484 5190 2720 5257 virtutis,
2791 5200 2884 5245 aut
2926 5207 3035 5247 non
3070 5192 3314 5250 faciebat
3362 5194 3433 5249 ad
3493 5195 3802 5267 profectum

2249 5277 2625 5346 spiritualem,
2668 5280 2868 5336 nullius
2902 5281 3064 5350 plane
3108 5284 3373 5338 momenti
3418 5285 3807 5341 sacratissima:

2252 5366 2481 5436 Virgini,
2534 5378 2588 5423 et
2642 5370 2880 5424 alienum
2932 5370 3236 5427 habebatur
3292 5388 3356 5428 ac
3424 5374 3693 5430 ludicrum
3747 5393 3807 5431 et

2249 5460 2454 5530 puerile
2491 5461 2768 5524 solatium,
2816 5462 3030 5527 utnbra,
3080 5464 3372 5528 somnium,
3418 5465 3622 5531 fumus,
3662 5470 3717 5519 et
3755 5470 3805 5521 si

2249 5550 2374 5618 qu:d
2401 5550 2486 5604 his
2521 5551 2693 5605 levius
2726 5551 2871 5606 dicat
2905 5542 3197 5621 quispiam.
3228 5551 3293 5606 Et
3319 5565 3603 5622 prapterea
3638 5553 3806 5626 Virgo

2250 5638 2366 5694 haec
2408 5640 2820 5708 gloriosissima,
2853 5642 2979 5696 dum
3015 5650 3159 5698 esset
3200 5642 3253 5696 in
3287 5643 3415 5707 vita,
3452 5652 3658 5697 tantum
3705 5652 3806 5700 ab-

2250 5732 2512 5788 horrebat
2544 5734 2613 5788 ab
2647 5735 2713 5787 iis
2762 5750 2856 5803 per
2888 5750 3009 5804 qua:
3053 5751 3154 5791 nos
3188 5736 3495 5801 vincimur,
3531 5746 3801 5806 quanto...

2251 5829 2447 5883 mortbi
2489 5828 2598 5880 vita
2636 5827 2763 5882 olim
2804 5826 3064 5883 defunCti.
3102 5827 3384 5896 Quomodo
3415 5844 3543 5899 ergo
3572 5829 3803 5886 moleste
