4080 6672
506 372 611 437 105

1360 374 1646 464 ORATIO
1686 376 1759 434 IN
1801 375 2348 440 DOIUll'l‘IalNEM
2391 382 2494 439 SS.
2533 379 2908 447 ΟΕΙΡΑΒΑΞ.

3668 379 3768 449 103

501 500 669 543 terret
697 491 982 547 decessum
1003 495 1070 548 ab
1093 495 1160 550 iis
1187 512 1417 566 quorum
1447 501 1595 555 nullo
1626 503 1911 560 tenebatur
1933 507 2064 563 ad’e-
2106 503 2154 562 Α
2209 516 2267 561 ιιι
2295 519 2457 562 suum
2481 513 2696 558 uterum
2723 503 3028 558 exhibuerit
3052 503 3228 558 locum
3259 505 3519 562 universa
3540 507 3767 578 implen-

496 585 634 636 ctu?
666 593 762 637 aut
787 599 888 637 cur
924 591 1216 657 angeretur
1242 591 1308 644 ab
1342 591 1421 646 eis
1451 594 1669 660 quibus,
1703 612 1825 651 cum
1859 609 2064 668 posset,

501 689 613 726 non
631 674 1028 741 oblectabatur,
1060 679 1156 733 sed
1190 682 1368 735 valere
1396 681 1629 748 dicebat,
1663 690 1986 758 voluptates,
2014 705 2068 749 et

497 760 628 816 t‘alsi
661 765 895 818 nominis
923 765 1238 834 gloriam,et
1267 773 1410 839 quod
1447 773 1719 831 hominem
1755 781 2064 840 hominibus

493 852 718 905 videtur
746 856 972 911 reddere
999 857 1397 926 sublimiorem,
1432 881 1556 920 cum
1595 883 1658 923 ex
1698 870 1813 925 luto
1873 876 2063 930 eodem

495 950 553 997 et
599 957 779 1000 massa
829 955 1145 1016 com‘pactus
1179 951 1297 1005 sit?
1326 953 1540 1036 Diceret
1575 957 1650 1012 illi
1691 961 2062 1036 theologorum

495 1047 791 1101 supremus
812 1049 935 1106 post
965 1040 1276 1109 theologum
1318 1046 1541 1100 tonitrui
1575 1049 1743 1104 illium
1771 1053 2063 1125 Gregorius

495 1122 904 1192 Nazianzenus,
941 1138 994 1184 et
1046 1131 1420 1190 blandimenta
1455 1143 1867 1200 consuetudinis
1884 1122 2062 1202 etiam

497 1231 563 1268 ex
595 1232 650 1270 re
674 1223 885 1285 nostra,
913 1229 966 1275 et
997 1223 1185 1278 haberi
1219 1241 1248 1279 a
1279 1228 1436 1284 nobis
1469 1229 1523 1283 in
1553 1237 1748 1301 pretio,
1785 1237 1877 1306 qui
1907 1253 2059 1293 ama-

493 1320 622 1360 mus
662 1320 715 1363 et
746 1311 1105 1377 admiramur,
1158 1316 1426 1388 quidquid
1479 1322 1730 1377 deorsum
1781 1325 1976 1392 fertur,
2007 1340 2060 1385 et

493 1397 668 1462 serpit
698 1397 877 1452 instar
911 1401 1122 1455 colubri
1156 1419 1170 1455 :
1204 1413 1259 1457 at
1287 1407 1487 1474 quibus
1514 1411 1755 1466 studium
1787 1423 1868 1468 est
1895 1417 2061 1485 spiri-

491 1489 658 1537 tuatia
715 1503 961 1556 quaerere
1017 1501 1072 1545 et
1119 1495 1400 1562 sublimia,
1465 1511 1631 1569 caput
1675 1519 1797 1573 quae
1841 1508 2060 1579 erigunt

489 1591 737 1640 sursum,
797 1581 929 1636 iliud
976 1584 1045 1637 ad
1099 1584 1359 1640 inferiora
1408 1589 1626 1650 ﬂectere
1675 1609 1901 1653 exosum
1950 1610 2056 1657 cst.

491 1667 650 1722 Dolet
703 1671 867 1741 igitur
917 1677 1236 1744 repentibus
1288 1680 1440 1736 humi
1490 1699 1669 1740 rerum
1727 1675 2055 1748 caducarum

488 1759 740 1816 amissio.
770 1761 874 1829 Qui
905 1769 1106 1822 etenim
1141 1769 1325 1825 futura
1359 1789 1466 1828 non
1509 1778 1877 1850 negligebant,
1921 1799 2056 1854 quo-

2205 597 2298 662 tis,
2332 607 2386 650 et
2407 595 2556 649 nullo
2580 593 2984 662 circumscripti
3023 594 3165 648 loco.
3214 597 3461 650 Arbitror
3485 600 3630 651 enim
3661 602 3765 651 im-

2206 700 2450 751 mensam
2487 685 2683 738 animae
2708 682 2827 752 ejus
2855 683 3320 753 pulchritudinem
3349 701 3378 741 e
3408 688 3607 742 virtute
3637 698 3764 758 pro-

2203 777 2512 830 veuientem
2571 788 2681 828 non
2739 773 2909 828 fuisse
2945 773 3304 842 posteriorem
3355 788 3598 840 causam,
3664 789 3764 832 cur

2201 881 2264 920 ex
2296 881 2360 923 ea
2391 865 2535 920 Deus
2573 879 2796 920 carnem
2837 871 3168 919 assumeret.
3203 861 3460 930 Quinimo
3487 867 3623 934 ipse,
3667 870 3759 936 qui

2203 955 2527 1010 incarnatus
2593 963 2698 1020 est,
2765 954 3099 1008 voluntatem
3153 955 3274 1023 ejus
3315 955 3546 1012 ducendi
3593 957 3758 1009 vitam

2204 1041 2313 1097 Deo
2341 1043 2665 1112 placentem,
2714 1042 3096 1110 mandatisque
3126 1039 3245 1110 ejus
3279 1041 3630 1097 inhaerentem
3659 1059 3757 1096 an-

2199 1132 2440 1199 teposuit
2464 1132 2676 1186 muneri
2705 1131 2952 1200 gestandi
2977 1131 3130 1185 illum
3153 1133 3206 1184 in
3232 1140 3420 1186 ventre
3439 1143 3493 1185 et
3517 1132 3755 1186 laetandi

2195 1222 2482 1275 uberibus.
2511 1218 2646 1273 Nam
2695 1235 2817 1273 cum
2846 1220 2937 1272 illa
2997 1228 3216 1290 propter
3249 1221 3362 1274 haec
3387 1221 3544 1274 beata
3573 1223 3758 1276 excla-

2197 1323 2455 1377 nraretur,
2510 1312 2646 1382 ipse,
2696 1310 2971 1376 Quinimo,
3033 1311 3231 1381 inquit,
3279 1312 3432 1366 beata
3481 1317 3585 1379 est,
3630 1316 3753 1381 quia

2194 1405 2418 1458 verbum
2451 1403 2545 1459 Dei
2591 1403 2762 1471 audit,
2813 1412 2866 1457 et
2905 1404 3037 1458 illud
3065 1401 3339 1458 custodit:
3389 1419 3454 1458 ex
3501 1420 3610 1475 quo
3639 1408 3755 1476 pla-

2190 1509 2317 1547 num
2342 1493 2597 1550 omnibus
2628 1493 2776 1559 fecit,
2809 1501 2992 1548 utrum
3021 1510 3088 1549 ex
3115 1495 3331 1550 duobus
3350 1495 3748 1566 praeferendum

2187 1585 2281 1650 sit,
2317 1593 2369 1639 et
2403 1584 2618 1641 beatius
2635 1585 2762 1655 jure
2791 1584 3125 1652 habendum,
3150 1595 3340 1657 partus
3374 1588 3648 1653 videlicet,
3682 1605 3748 1643 an

2187 1671 2385 1728 virtus.
2431 1673 2599 1729 Nemo
2621 1661 2767 1729 enim
2817 1675 2953 1730 adeo
2985 1676 3298 1744 desipuerit,
3334 1683 3396 1731 ut
3415 1692 3536 1731 cum
3568 1679 3749 1747 purisa

2184 1761 2323 1816 sima
2373 1763 2535 1835 Virgo
2589 1765 2749 1818 beata
2803 1764 2875 1820 ob
2922 1774 3136 1834 partum
3166 1758 3550 1833 adirmaretur,
3580 1767 3743 1820 alimu

485 1851 652 1904 modo
705 1861 997 1921 praesentia
1046 1872 1365 1929 ερει-ηετρηι
1394 1866 1416 1919 ξ)
1445 1867 1512 1922 Al
1565 1871 1653 1924 cui
1715 1851 2054 1934 lerrcno},,m
2102 1879 2148 1941 Β
2183 1851 2468 1941 existimet
2520 1852 2818 1907 beatiorem
2861 1868 2892 1906 a
2945 1855 3227 1909 Salvatore
3276 1854 3476 1908 dictum
3523 1865 3744 1926 propter

480 1954 618 1995 cura
671 1949 1116 2015 postponebatur,
1157 1962 1305 2010 certe
1348 1957 1569 2030 abjungi
1625 1963 1788 2018 etiam
1844 1967 1910 2022 ab
1947 1968 2053 2027 illis

482 2034 636 2084 trulla
661 2045 777 2089 erat
805 2039 1144 2097 sollicitudo.

557 2119 742 2185 Quare
768 2124 1007 2181 tristitia:
1055 2131 1212 2187 nobis
1253 2143 1308 2198 et,
1340 2139 1595 2196 terricula
1629 2157 1820 2219 suapte
1854 2162 2049 2214 natura

479 2212 760 2278 accidunt,
806 2223 860 2268 et
920 2219 1322 2286 quodammodo
1382 2232 1636 2302 utrinque
1716 2212 2045 2315 appetirnur,

480 2309 596 2354 tum
630 2307 981 2369 pra-sentiunt
1043 2312 1362 2383 amissione,
1409 2331 1466 2376 ut
1496 2307 1765 2396 diximus,
1790 2307 1920 2390 'tum
1953 2307 2048 2410 pa;

480 2408 610 2446 rore
639 2396 977 2464 futurorum,
1010 2410 1066 2456 ut
1095 2403 1208 2472 jam
1235 2411 1576 2471 ostendimus
1605 2430 1620 2469 :
1645 2435 1874 2489 quorum
1907 2396 2044 2485 neu-

479 2494 567 2538 tro
605 2487 762 2542 beata
811 2484 974 2562 Virgo
1008 2496 1174 2563 petita
1221 2507 1322 2556 est.
1353 2484 1820 2572 Oportebat-enim
1848 2519 2044 2588 migra-

477 2581 688 2628 tionem
742 2593 958 2650 quoque
1013 2584 1132 2653 ejus
1167 2601 1290 2643 esse
1337 2601 1550 2650 natura:
1592 2581 1953 2672 superiorem:
1991 2621 2043 2664 ct

476 2676 682 2720 nostra:
720 2684 828 2722 non
894 2673 1189 2730 aSsimilem
1224 2695 1238 2731 :
1272 2691 1395 2736 cum
1443 2685 1497 2740 in
1539 2703 1602 2743 ea
1649 2694 1907 2765 quidquid
1941 2701 2043 2756 fuit

475 2767 671 2808 natura
699 2759 992 2818 sublimius
1037 2763 1222 2823 fuerit.
1263 2767 1338 2824 Ita
1371 2774 1551 2842 plane.
1583 2759 1849 2840 (Steterunt
1887 2791 2040 2846 dolo-

475 2860 594 2898 rem
620 2848 792 2913 illum,
823 2851 914 2918 qui
941 2852 1209 2920 profunde
1246 2861 1480 2918 animant
1531 2871 1747 2942 attingit
1779 2879 1830 2930 in
1867 2892 2040 2939 morte

473 2938 647 3006 (quod
695 2941 916 2996 tertium
949 2951 1002 2999 et
1035 2956 1374 3015 postremum
1428 2959 1534 3028 est)
1567 2938 1908 3025 communem
1943 2938 2038 3030 ira;

474 3029 608 3083 bere
629 3046 736 3084 non
766 3031 1056 3104 dedignata
1105 3049 1192 3094 est
1225 3043 1379 3099 beata
1423 3048 1586 3122 Virgo
1625 3069 1748 3110 cum
1783 3029 2038 3122 universo

471 3120 1053 3194 mortalium'genere;
1085 3127 1210 3184 licet
1236 3147 1345 3187 non
1375 3120 1539 3205 atque
1572 3155 1634 3196 ac
1663 3149 1843 3202 cieteri
1868 3120 2036 3210 fuerit

2183 1953 2384 1996 mores.
2426 1939 2625 1995 Verum
2666 1942 2897 2012 probata
2945 1943 3194 1998 mulieris
3240 1953 3392 2010 voce,
3440 1947 3742 2015 agnitione,

2181 2030 2559 2086 benevolentia
2589 2039 2640 2084 et
2674 2032 2944 2099 probitate
2969 2047 3066 2101 per
3091 2034 3254 2086 verba
3295 2034 3406 2098 illa,
3461 2033 3738 2102 Quinimu,

2179 2120 2386 2174 dictum
2437 2121 2558 2190 ejus
2607 2123 3028 2189 sapientissimae
3072 2124 3479 2194 comprobavit;
3542 2126 3740 2182 deinde

2178 2210 2426 2280 sequenti
2483 2226 2739 2266 sermone
2769 2213 2924 2282 quasi
2959 2211 3180 2266 Matrem
3235 2228 3356 2266 cum
3395 2212 3565 2269 Matre
3601 2230 3736 2270 con-

2179 2298 2386 2363 terens,
2423 2301 2609 2355 verbis
2651 2301 2760 2354 illis
2811 2315 2947 2356 usus
2993 2310 3077 2356 est
3117 2291 3236 2371 quae
3270 2304 3491 2372 dignutn
3521 2314 3638 2358 erat
3670 2311 3736 2359 ab

2177 2405 2284 2444 uno
2334 2394 2455 2460 ejus
2501 2408 2596 2446 ore
2647 2391 2900 2462 proferri.
2949 2390 3086 2447 Dum
3135 2394 3280 2448 enim
3325 2395 3551 2449 docebat
3588 2398 3733 2450 illam

2174 2481 2477 2549 mulierem,
2509 2497 2700 2538 omnes
2734 2483 2789 2536 in
2811 2484 3184 2539 sublimiorem
3205 2486 3467 2540 evehebat
3490 2499 3729 2540 sensum.

2172 2572 2426 2624 Arbitror
2447 2581 2656 2640 autem,
2689 2573 2735 2628 si
2761 2588 2898 2643 opus
2926 2585 3071 2629 esset
3096 2576 3419 2631 clarioribus
3449 2579 3625 2632 verbis
3643 2594 3733 2632 es-

2173 2660 2394 2726 planare
2452 2663 2802 2724 sententiam,
2858 2664 2930 2718 ita
2964 2663 3112 2716 illum
3152 2665 3375 2728 dixisse,
3426 2667 3519 2736 qui
3569 2669 3728 2721 homo

2172 2754 2286 2808 fieri
2317 2756 2490 2810 voluit
2518 2773 2530 2809 :
2562 2753 2606 2811 Ο
2641 2758 2858 2824 mulier,
2898 2773 3018 2827 qua:
3047 2759 3258 2814 beatam
3291 2763 3575 2831 praedicas,
3602 2782 3728 2820 vt-re

2168 2843 2381 2897 beatam
2413 2847 2703 2914 oportebat
2757 2847 2980 2903 Matrem
3034 2865 3156 2905 esse
3201 2853 3332 2908 mihi
3367 2855 3534 2920 illam,
3566 2859 3726 2927 cujus

2165 2933 2348 2986 anima
2399 2934 2703 2989 incredibili
2750 2937 3154 3006 pulchritudine
3199 2953 3344 2996 esset
3394 2958 3609 3009 ornata,
3668 2958 3722 3001 et

2164 3021 2380 3090 qualem
2436 3024 2585 3077 nulla
2639 3040 2877 3096 unquam
2932 3028 3172 3086 habuere
3227 3040 3490 3100 tempora.
3533 3035 3720 3107 Itaque

2164 3113 2366 3181 praevio
2413 3115 2467 3168 in
2501 3115 2616 3184 ipsa
2649 3132 2864 3172 summo
2915 3121 3154 3175 candore
3175 3122 3246 3176 ob
3273 3125 3526 3179 eximiam
3557 3131 3723 3183 animi

468 3213 624 3268 mum
664 3227 910 3286 “per”.
946 3221 1017 3276 At
1061 3226 1190 3293 quid
1247 3242 1345 3299 ego
1371 3203 1568 3288 λώιον
1588 3203 2038 3308 αηωηηηεῖἆ
2075 3212 2120 3276 ρ
2163 3203 2559 3272 integritatem,
2585 3208 3091 3280 sublimitatemque
3125 3227 3186 3268 ac
3218 3216 3564 3286 modestiam,
3597 3222 3726 3276 sub-
3764 3223 3801 3254 ‘

471 3305 641 3365 mine,
670 3304 762 3360 ubi
793 3309 942 3362 nulla
967 3325 1247 3378 mensura,
1279 3320 1426 3373 nulla
1447 3304 1676 3392 prorsus
1711 3330 1826 3388 ﬁeri
1854 3345 2036 3405 potest

468 3398 813 3463 comparatio
845 3398 868 3450 ?
902 3408 1058 3456 tanto
1092 3408 1234 3460 enim
1269 3409 1552 3470 intervallo
1586 3419 1788 3476 distant
1819 3398 2033 3488 a—nobis

465 3501 592 3555 qua
663 3498 916 3558 spectant
964 3495 1029 3549 ad
1088 3497 1384 3569 Virginem,
1417 3521 1628 3575 quanto
1674 3517 1908 3586 atuplius
1951 3535 2034 3579 est

466 3582 612 3636 bulla
658 3587 882 3642 caelum.
946 3588 1065 3646 Non
1096 3611 1227 3663 ergo
1289 3598 1436 3653 illam
1475 3618 1646 3669 mors,
1697 3611 1797 3666 etsi
1841 3627 2031 3672 omnes

467 3673 720 3731 homines
771 3694 895 3734 cum
959 3680 1149 3739 dolore
1204 3688 1365 3751 tollit,
1429 3695 1536 3747 alio
1583 3699 1743 3754 ruodo
1784 3707 2027 3772 sustulit,

460 3780 627 3832 quam
657 3783 768 3838 quo
799 3772 1059 3840 diximus,
1109 3777 1370 3835 nimirum
1413 3785 1560 3840 sicut
1603 3788 1801 3847 Filium
1829 3813 1846 3862 ;
1877 3807 1930 3851 et
1959 3803 2029 3854 ad

464 3857 570 3910 hoc
617 3867 853 3926 tantum,
908 3872 966 3917 ut
1012 3866 1175 3922 homo
1201 3885 1320 3927 esse
1361 3874 1791 3944 dignosceretur.
1826 3857 1929 3941 Sed
1963 3895 2029 3944 de

463 3949 551 4003 his
582 3951 744 4017 satis,
803 3955 947 4023 quod
987 3958 1180 4014 attinet
1222 3961 1286 4015 ad
1319 3969 1717 4032 separationem
1753 3978 1948 4033 animae
1975 3992 2028 4036 ct

459 4038 741 4109 corporis‘
776 4043 1104 4104 beatissima
1166 4053 1442 4123 Virginis;
1482 4075 1606 4114 nam
1655 4067 1862 4122 caelesti
1905 4073 2025 4141 ejus

459 4135 658 4189 anima:
685 4151 924 4206 superna
959 4156 1023 4196 ac
1052 4143 1234 4200 divina
1257 4157 1574 4224 pervaganti
1604 4161 1752 4214 omni
1781 4173 2024 4235 tempore

458 4239 609 4281 mors
661 4229 902 4296 jucunda
933 4236 1117 4304 potius
1149 4243 1229 4308 (ut
1257 4243 1527 4315 principio
1558 4256 1829 4312 sermonis
1860 4229 2020 4328 dixi),

454 4329 619 4383 quam
653 4319 880 4374 molesta
900 4327 1091 4390 procul
1114 4328 1282 4384 dubio
1305 4347 1585 4402 censetur,
1617 4353 1673 4395 ut
1705 4359 1866 4414 quam
1895 4319 2020 4406 illuc

453 4407 888 4507 transmittebat,
912 4429 1020 4482 quo
1042 4419 1196 4474 abire
1217 4425 1491 4507 cupiebat,
1527 4431 1593 4485 ad
1615 4407 1770 4489 suum
1796 4437 2017 4507 Filium,

451 4496 520 4550 ad
559 4498 681 4567 ejus
731 4501 966 4593 l’atrem,
1007 4509 1074 4562 ad
1115 4504 1457 4572 Paracl’etum
1499 4519 1783 4593 Spiritum,
1831 4496 2018 4587 sacro;

453 4597 700 4644 sanetam
731 4592 902 4662 ipsam
931 4595 1254 4656 Trinitatem
1287 4609 1428 4675 apud
1460 4626 1621 4679 quam
1651 4627 1734 4671 est
1759 4592 1884 4676 vera
1920 4623 2013 4680 lux

452 4679 878 4753 inaccessibilis,
929 4687 1246 4749 indeﬂciens
1295 4701 1541 4770 voluptas
1584 4707 1703 4763 sine
1741 4715 2009 4781 satietate,

449 4783 655 4825 corona
699 4773 1197 4850 immarcescibilis,
1229 4786 1334 4841 vita
1367 4803 1590 4860 aeterna,
1633 4799 1884 4866 beatitas,
1919 4773 2009 4864 ubi

447 4862 610 4930 plene
639 4865 829 4921 liceret
859 4868 938 4922 illi
973 4875 1296 4946 participem
1342 4896 1465 4937 esse
1503 4889 1658 4957 regni
1692 4899 1745 4945 et
1785 4862 2008 4953 honoris

446 4952 569 5008 Filii
609 4957 985 5046 excellentiori
1013 4967 1194 5032 modo,
1223 4979 1408 5040 utpote
1447 4952 1629 5046 Matri,
1658 4999 1819 5052 quam
1845 4989 2004 5058 potiri

442 5049 678 5113 possint,
703 5052 796 5118 qui
839 5055 1055 5112 virtutis
1097 5063 1317 5117 nomine
1355 5067 1559 5134 primas
1618 5049 1862 5135 omnium
1923 5081 2004 5136 fe-

443 5148 586 5193 runt.
640 5141 778 5206 Quid
835 5144 957 5200 illos
1003 5147 1152 5214 dico,
1199 5155 1636 5227 quandoquidem
1693 5174 1747 5219 et
1795 5179 2003 5228 mentes

443 5230 800 5298 incorporeas
832 5249 932 5290 sua
969 5237 1140 5306 gloria
1195 5242 1358 5314 longe
1390 5253 1711 5319 superavit?
1738 5257 1817 5313 Eo
1839 5275 2001 5330 porro

443 5320 836 5386 magnitudinis
889 5337 1076 5384 evecta
1136 5341 1242 5396 est,
1295 5345 1352 5387 ut
1391 5353 1556 5408 supra
1599 5320 1859 5413 diximus,
1893 5353 1999 5408 imo

442 5423 570 5463 vero
623 5422 680 5465 ut
722 5417 903 5470 nullus
953 5421 1228 5489 explicare
1256 5428 1394 5482 valet
1427 5445 1628 5496 sermo.
1675 5453 1780 5494 non
1818 5448 1994 5500 solum

441 5502 565 5568 quia
608 5507 819 5572 peperit
868 5509 1099 5566 salutem
1130 5525 1184 5570 et
1215 5519 1641 5590 redemptionem
1671 5541 1724 5585 et
1756 5541 1999 5592 sanctiu-

440 5593 707 5649 catioucm
747 5603 1048 5657 animarum
1099 5615 1152 5660 et
1182 5624 1472 5680 corporum
1512 5629 1847 5692 nostroruru,
1895 5633 1990 5684 sccl

440 5683 564 5747 quia
595 5687 754 5740 etiam
791 5691 1026 5758 puritate
1073 5711 1234 5767 supra
1269 5707 1484 5762 modum
1534 5721 1587 5765 et
1639 5683 1988 5776 inenarrabili

440 5784 564 5841 erga
587 5774 750 5830 Deum
785 5781 978 5837 aifectu
1008 5791 1244 5845 animam
1264 5805 1317 5847 et
1344 5811 1542 5867 corpus
1566 5804 1692 5858 talia
1730 5809 1984 5878 reddidit,

756 5870 1174 5943 l’t'rnor.Gu.
1275 5889 1486 5954 CLV].
1622 5897 1626 5900 ’

2160 3306 2409 3352 secutum
2461 3309 2566 3366 est,
2603 3308 2660 3354 ut
2699 3315 2820 3355 mea
2852 3301 3005 3357 ﬁeret
3029 3303 3217 3372 Mater,
3252 3304 3564 3378 factumque
3616 3323 3719 3375 cst,

2161 3396 2219 3443 nt
2248 3389 2314 3442 ad
2374 3390 2550 3444 lucem
2579 3431 2593 3456 ,
2643 3393 2929 3463 quat-ejus
2972 3395 3208 3450 animam
3249 3396 3604 3465 inhabitabat,
3639 3419 3724 3457 me

2157 3479 2332 3535 lucem
2361 3481 2584 3552 insuper
2601 3485 2906 3552 acquireret
2931 3488 3173 3541 omnium
3199 3489 3462 3544 luminum
3493 3495 3720 3548 creatri-

2155 3585 2298 3625 cem.
2335 3573 2536 3634 Amant
2566 3578 2712 3630 enim
2739 3580 2944 3645 omnia,
2981 3595 3102 3648 qua:
3140 3582 3397 3639 aﬂiuitate
3428 3587 3717 3656 conjuncta

2153 3675 2303 3731 sunt,
2332 3671 2592 3726 accedere
2622 3672 2689 3726 ad
2726 3672 2928 3729 atlinia.
2963 3675 3039 3731 Ita
3071 3692 3226 3732 sane.
3264 3677 3398 3732 Cum
3426 3694 3557 3734 vero
3583 3695 3714 3734 exe-

2149 3758 2318 3827 gisset
2385 3764 2704 3829 necessitas,
2763 3776 2823 3819 ut
2882 3768 3238 3837 impassibilis
3281 3779 3335 3824 et
3391 3771 3717 3826 immortalis

2152 3850 2464 3917 passibilem
2505 3862 2561 3907 et
2609 3857 2895 3910 mortalem
2933 3869 3238 3914 assumeret
3270 3876 3510 3925 carnem,
3547 3873 3602 3916 ut
3643 3871 3712 3932 (st

2148 3939 2534 4006 explicandum
2567 3943 2700 3996 mihi
2733 3953 2819 3999 est
2844 3961 2954 4000 non
2987 3949 3159 4014 magis
3196 3952 3544 4006 sermonibus
3585 3952 3706 4007 Tri-

2147 4026 2334 4081 nitatis
2369 4028 2471 4083 hac
2503 4031 2570 4084 de
2625 4048 2684 4094 re
2726 4036 3017 4090 consilium
3069 4039 3377 4108 antiquum,
3424 4056 3612 4096 verum
3656 4053 3710 4097 et

2151 4111 2473 4186 maximum)
2523 4128 2780 4192 Suscepta
2836 4126 3118 4189 Passione,
3159 4136 3211 4181 et
3248 4137 3443 4194 morte,
3486 4142 3538 4184 et
3571 4147 3706 4199 qua-
3791 4129 3800 4178 ’τ

2145 4210 2268 4262 dam
2300 4213 2547 4282 corporis
2572 4223 2786 4284 gustata
2828 4217 3203 4286 corruptione,
3234 4233 3424 4274 omnes
3455 4220 3704 4278 homines
3785 4217 3795 4262 Ῑ

2146 4299 2194 4351 si
2232 4301 2454 4367 vellent,
2481 4317 2512 4357 a
2545 4305 2898 4372 passionibus
2943 4316 2995 4360 et
3027 4316 3200 4362 morte
3253 4317 3308 4362 et
3353 4311 3702 4378 corruptione
3782 4308 3788 4314 ’

2142 4389 2399 4446 liberaret
2434 4408 2448 4446 :
2493 4409 2600 4448 non
2639 4397 2784 4448 enirrt
2844 4404 2964 4450 erat
3011 4396 3284 4451 afferenda
3325 4399 3428 4464 vis,
3475 4402 3569 4455 sed
3603 4419 3699 4456 vu-

2140 4481 2380 4537 lentibus
2430 4483 2762 4539 conferenda
2801 4488 2992 4542 salus:
3031 4488 3181 4544 dedit
3230 4500 3547 4560 potestatem
3588 4494 3698 4562 (itt-

2139 4570 2278 4639 quit)
2330 4572 2604 4641 prtecipuo
2637 4574 2870 4630 dilectus
2901 4576 2980 4630 illi
3018 4591 3203 4631 amore
3235 4580 3302 4634 iis
3339 4581 3432 4650 qui
3467 4582 3698 4637 credunt

2048 4629 2099 4688 Ι)
2139 4629 2541 4726 iiteutti,ﬁlios
2612 4663 2704 4718 Dei
2765 4629 2900 4721 ﬁeri.
2954 4629 3432 4732 Quare'lv‘rinitati
3473 4629 3694 4742 ita};

2140 4760 2254 4806 tum
2285 4753 2355 4808 ob
2383 4755 2672 4810 consilium
2703 4756 2849 4811 istud
2897 4773 2995 4828 pro
3027 4760 3186 4814 nobis
3209 4761 3284 4814 illi
3317 4773 3648 4816 coaeternutu
3676 4781 3692 4816 ς

2136 4857 2314 4914 neque
2349 4847 2490 4898 enim
2532 4845 2693 4902 habet
2727 4847 3057 4918 principium
3092 4852 3351 4921 temporis
3379 4850 3472 4906 Dei
3512 4855 3695 4908 consi-

2133 4935 2290 4999 lium,
2319 4936 2413 4991 sed
2449 4938 2516 4991 ab
2566 4939 2713 4992 omni
2754 4942 3057 4996 arternitate
3083 4957 3370 4998 commune
3401 4953 3486 4998 est
3515 4947 3690 5000 tribus

2134 5027 2693 5085 consubstantialibus
2761 5033 3032 5101 personis,
3097 5048 3220 5102 qua:
3263 5036 3688 5104 proprietatibus

2132 5116 2544 5187 distinguuntur
2571 5138 2584 5173 :
2628 5128 2739 5174 tum
2775 5123 2901 5190 quia
2930 5123 3062 5176 illud
3089 5137 3190 5177 suo
3221 5131 3463 5192 tempore
3491 5125 3684 5194 imple-

2133 5207 2229 5273 vit,
2257 5210 2478 5278 agendre
2504 5219 2632 5264 sunt
2657 5213 2877 5280 gratiae;
2910 5212 3232 5267 beatissima:
3251 5224 3429 5272 autem
3455 5216 3682 5287 Virgini,

2132 5305 2247 5352 tum
2275 5302 2345 5354 ob
2375 5299 2591 5354 virtutis
2618 5301 2814 5365 ollicia,
2852 5314 2961 5355 tum
2998 5302 3068 5357 ob
3106 5301 3232 5359 inde
3276 5308 3680 5375 provettientetu

2133 5390 2252 5445 vita
2303 5391 2854 5459 commendationem,
2903 5407 3121 5464 propter
3163 5411 3324 5466 quam
3373 5397 3466 5452 Dei
3511 5399 3682 5454 Mater

2123 5491 2211 5533 est
2260 5479 2423 5534 facta.
2488 5479 2590 5536 Sed
2618 5484 2727 5551 jam
2786 5493 3000 5556 tempus
3041 5487 3276 5542 arbitror
3318 5493 3677 5545 contrahendi

2123 5569 2476 5636 desiderium,
2532 5588 2598 5628 ne
2659 5574 2824 5630 simul
2867 5591 2990 5631 cum
3050 5581 3373 5635 immorandi
3420 5584 3677 5636 aviditate

2125 5664 2476 5730 protrahatur
2530 5665 2644 5721 non
2688 5669 2946 5726 delicieus
3000 5675 3200 5727 oratio.
3246 5675 3499 5728 Eveniret
3528 5678 3671 5728 enim

2123 5753 2283 5811 nobis
2319 5757 2445 5811 dum
2475 5758 2794 5817 satisfacere
2819 5764 2891 5816 illi
2926 5780 3206 5831 conamur,
3230 5765 3373 5834 quod
3404 5774 3454 5820 ct
3485 5780 3671 5835 pueris

3209 5901 3243 5960 is
