4080 6512
1688 179 1713 203 ς

424 283 520 344 107
638 360 642 364 Ι
831 244 839 252 ’
1582 275 1973 335 MANUELlS

2096 275 2458 337 .LEOLOGI

3545 284 3659 356 ’108

420 396 510 463 qui
539 410 686 448 suam
721 393 772 447 in
798 409 951 447 muro
979 395 1221 448 umbram
1251 396 1498 449 nituntur
1537 405 1964 466 apprehendere.
2011 396 2051 448 Α
2101 394 2257 463 dixit,
2294 397 2338 451 si
2363 396 2613 452 conferre
2639 396 2787 453 licet.
2824 396 2879 452 Si
2914 398 3129 466 quidem
3160 400 3233 455 illi
3269 414 3413 457 mors
3438 411 3650 471 prmstr

492 472 837 553 Quapropter
880 486 1161 552 suspensis
1194 486 1467 553 prioribus
1497 488 1663 539 animi
1718 490 1991 559 sensibus,

418 575 488 630 ad
532 587 745 647 portum
810 575 1011 629 silentii
1049 590 1353 630 sermonem
1400 586 1646 633 nostrum
1700 580 1965 634 deducere

415 667 525 735 jam
561 668 996 732 aunitemur,nec
1025 668 1311 721 audiemus
1344 670 1577 737 amplius
1599 670 1767 723 animi
1792 681 1966 725 motus

419 757 732 818 suadentes,
800 765 857 807 ut
904 759 1270 810 enromiorum
1324 757 1561 827 Virginis
1600 761 1822 815 satietas
1871 776 1967 816 nos

421 848 619 913 capiat.
660 846 1041 912 Deponendunt
1065 848 1231 916 igitur
1262 848 1391 901 illttd
1429 850 1783 913 desiderium,
1826 851 1968 919 quod

421 939 624 988 uullutn
659 936 850 991 aderre
897 937 1147 991 solatium
1188 948 1380 1007 potest,
1419 946 1469 993 et
1494 941 1731 995 studium
1753 943 1969 997 assidue

420 1040 597 1095 auget.
658 1029 999 1083 Gaudeamus
1058 1029 1285 1092 affatim,
1317 1047 1349 1084 ο
1397 1042 1596 1097 coetus,
1627 1031 1755 1095 Deo,
1809 1034 1969 1092 addo.

418 1121 581 1171 etiam
634 1120 764 1172 mihi
807 1120 1151 1183 charissitne,
1210 1132 1262 1173 et
1305 1123 1639 1190 gratulemur
1684 1123 1774 1177 Dei
1813 1122 1968 1176 Matri

419 1212 483 1263 ad
515 1208 707 1263 Filium
742 1229 864 1263 eum
905 1214 1083 1264 laetitia
1113 1214 1463 1266 commcanti.
1488 1214 1705 1283 Tragici
1735 1221 1789 1269 et
1824 1215 1972 1282 lugu-

418 1303 530 1353 bris
570 1302 703 1354 nihil
736 1301 1073 1367 admittatur,
1108 1318 1205 1357 nec
1243 1303 1404 1357 ullius
1441 1305 1624 1357 vultus
1662 1303 1972 1372 praeseferat

419 1392 655 1444 tristitiae
673 1392 983 1461 vestigium,
1003 1393 1092 1446 sed
1110 1394 1287 1446 omnia
1305 1408 1491 1462 puram
1512 1396 1817 1462 exprimant
1834 1394 1972 1448 Ιπιί-

419 1478 578 1537 tiatu.
629 1477 979 1542 hilaritatem,
1032 1480 1448 1550 jucunditatem,
1505 1490 1556 1533 et
1601 1481 1790 1552 ingens
1840 1498 1973 1551 gau-

418 1552 587 1618 dium.
650 1564 873 1635 Oportet
907 1569 1051 1620 enim
1091 1568 1379 1622 benevolos
1416 1570 1650 1625 famulos
1684 1586 1805 1623 cum
1864 1570 1972 1625 Do-

424 1656 566 1708 Inina
600 1659 866 1722 gaudente
891 1661 1148 1727 gaudere,
1184 1660 1441 1712 utetiam
1476 1660 1636 1713 simul
1668 1662 1896 1725 tristari,
1927 1662 1972 1716 si

424 1750 753 1802 tristat'etur.
789 1748 987 1813 Quidni
1018 1750 1162 1803 enim
1208 1750 1329 1816 jure
1363 1751 1565 1817 optimo
1610 1752 1972 1806 exsiliendum

421 1839 514 1901 sit,
564 1846 617 1891 et
665 1840 1069 1903 exsultandum,
1126 1840 1392 1909 hilarique
1431 1842 1604 1907 vultu,
1636 1850 1688 1896 et
1718 1842 1974 1911 tripudiis
2014 1852 2056 1907 Β

421 1926 727 1981 canendum
776 1926 995 1982 abeunti
1057 1925 1288 1997 Virgini,
1346 1944 1450 1983 una
1499 1945 1621 1984 cum
1672 1931 1879 2000 angelis
1922 1941 1975 1985 et

423 2020 771 2085 martyribus,
820 2029 873 2075 et
918 2019 1295 2075 confessorum
1360 2022 1586 2077 choris?
1630 2021 1980 2092 Quandoqui-

421 2115 540 2167 dem
562 2114 703 2182 quod
731 2116 945 2168 caeteris
965 2113 1217 2168 omnibus
1240 2113 1575 2168 intolerabile
1597 2114 1725 2167 fecit
1754 2122 1971 2178 natura,

424 2207 525 2259 hoc
579 2205 1031 2259 vehementissimi
1090 2206 1341 2259 materies
1407 2205 1587 2274 gaudii
1638 2214 1692 2261 et
1730 2205 1972 2260 oblecta-

424 2295 589 2348 menti
635 2309 798 2363 supra
848 2295 1066 2347 modum
1125 2294 1205 2363 (ut
1264 2295 1599 2349 exordiendo
1634 2291 1971 2360 dicebamus)

425 2385 837 2453 gloriosissima!
891 2383 1099 2454 Virgini
1155 2386 1404 2450 exstitit;
1455 2387 1723 2441 exstincta
1762 2386 1844 2457 (ut
1902 2386 1973 2439 ita

421 2478 621 2541 dicam)
688 2476 901 2551 ﬂamma
966 2478 1213 2531 diuturni
1284 2477 1567 2544 desiderii,
1634 2478 1973 2549 migrationis

423 2566 710 2637 (inquam)
754 2580 817 2619 ex
886 2567 986 2620 hac
1037 2567 1167 2620 vita.
1228 2568 1492 2636 Cupiebat
1541 2568 1685 2621 enim
1748 2562 1974 2623 dissoivi

420 2668 472 2711 et
501 2674 620 2713 esse
660 2674 782 2713 cum
816 2657 1057 2725 Christo,
1093 2660 1265 2729 magis
1291 2675 1454 2729 quam
1493 2660 1712 2727 Paulus,
1747 2661 1838 2730 qui
1871 2660 1973 2715 hoc

2102 488 2188 549 tit,
2221 495 2279 539 ut
2305 487 2481 541 oculis
2524 487 2718 541 animas
2749 487 3120 543 desideratum
3158 493 3259 544 sibi
3305 491 3511 547 videret
3546 493 3655 547 imo-

2100 564 2425 633 naortatibtis
2497 578 2858 632 immortalem
2925 578 3083 650 longe
3135 583 3352 650 quidem
3414 582 3654 646 felicius,

2097 683 2257 737 quam
2287 668 2413 721 dum
2474 669 2617 722 ulnis
2666 677 2902 741 gestaret
2936 671 3112 734 illum,
3145 680 3199 725 et
3225 672 3365 726 lacte
3398 675 3655 728 nutriret.

2098 759 2211 812 Non
2235 768 2443 812 tantum
2469 760 2631 828 igitur
2662 761 2994 827 gratulemur
3028 762 3279 829 gaudenti
3302 760 3505 831 Vtrgini
3536 765 3655 817 ine-

2096 850 2368 903 narrabile
2416 850 2691 917 gaudium,
2757 849 2850 903 sed
2908 850 3037 903 illud
3102 852 3649 923 quoqueaddamus.

2099 940 2154 991 In
2192 939 2387 992 caelum
2429 940 2541 1005 ipsa
2574 947 2733 992 eunte
2758 938 2918 992 simul
2951 950 2999 994 et
3031 954 3128 993 nos
3155 941 3511 994 ascendamus
3539 942 3654 993 ala-

2099 1028 2263 1080 criter
2293 1036 2557 1096 quotquot
2606 1028 2833 1081 ardente
2866 1028 2987 1095 ejus
3023 1028 3299 1082 desiderio
3337 1028 3651 1098 flagramus,

2097 1124 2147 1168 ct
2209 1116 2323 1169 tieri
2368 1115 2468 1169 hoc
2522 1116 2737 1184 poterit,
2791 1115 2835 1170 si
2874 1126 3098 1186 purgata
3146 1124 3323 1171 mente
3357 1127 3410 1172 et
3441 1118 3653 1181 ratione

2092 1188 2163 1258 ad
2194 1206 2369 1259 lucem
2423 1206 2541 1274 ejus
2571 1207 3001 1275 contemplativa:
3044 1206 3239 1261 animae
3274 1209 3346 1268 vi.
3386 1216 3650 1277 quantum

2098 1293 2180 1348 fas
2228 1306 2331 1361 est,
2378 1310 2543 1364 prope
2594 1294 2938 1350 accedamus.
2996 1294 3149 1363 Quod
3182 1296 3227 1351 si
3271 1298 3445 1352 taliter
3474 1296 3652 1353 aﬂ‘eeti

2097 1384 2323 1449 erimus,
2375 1384 2588 1453 rejectis
2649 1384 3024 1450 tenebricosis,
3056 1385 3175 1451 puri
3212 1400 3333 1439 cum
3370 1401 3499 1454 pura
3531 1402 3655 1455 per-

2100 1484 2259 1545 petuo
2283 1476 2509 1538 erimus,
2541 1490 2743 1544 perque
2777 1476 2947 1543 ipsam
2990 1489 3113 1527 cum
3143 1478 3263 1541 ejus
3298 1473 3437 1528 Filio
3459 1492 3521 1529 ac
3548 1476 3652 1529 Pa—

2099 1573 2182 1619 tre
2230 1572 2284 1617 et
2341 1564 2543 1630 Spiritu
2598 1575 2812 1628 sancto,
2854 1563 3121 1617 Trinitate
3169 1564 3515 1631 beatissima;
3570 1566 3654 1621 fas

2098 1653 2301 1723 quippe
2333 1669 2440 1706 non
2492 1662 2575 1708 est
2610 1652 2826 1720 impuro
2857 1660 2909 1705 et
2944 1666 3048 1704 non
3088 1661 3312 1721 purgato
3342 1669 3533 1723 purum
3573 1663 3654 1708 at-

2100 1750 2333 1814 tingere.
2374 1744 2541 1797 Porro
2570 1745 2856 1798 tenebrosa
2881 1743 3193 1812 rejiciemus
3216 1752 3271 1797 et
3298 1744 3535 1817 sordida,
3568 1746 3653 1798 lu-

2102 1838 2318 1905 cidique
2364 1837 2568 1890 erimus
2620 1843 2673 1890 et
2727 1834 2868 1904 puri,
2904 1836 2971 1897 si,
3006 1843 3063 1888 ut
3101 1835 3423 1904 compendio
3451 1836 3651 1904 dicam,

2101 1926 2438 1981 declinantes
2467 1926 2535 1979 ab
2567 1926 2711 1978 Omni
2742 1920 2882 1977 malo
2918 1926 3001 1993 (ut
3037 1928 3211 1996 inquit
3245 1926 3431 1995 David)
3465 1926 3652 1981 feceri-

2102 2032 2223 2072 mus
2253 2032 2414 2070 ontne
2460 2016 2679 2080 bonum,
2708 2024 2764 2067 ut
2796 2031 2889 2082 per
2918 2016 3032 2069 haec
3077 2018 3223 2069 velut
3274 2018 3655 2075 instrumenta,

2097 2119 2151 2165 et
2180 2110 2233 2163 in
2276 2107 2529 2177 presenti
2577 2107 2684 2160 vita
2730 2105 2967 2160 favorem
3008 2106 3124 2176 ejus
3170 2116 3221 2159 et
3266 2108 3492 2175 gratiam
3542 2120 3649 2159 me-

2096 2220 2350 2267 reamur,
2394 2212 2448 2257 et
2494 2202 2829 2259 cmiestium.
2871 2200 3065 2255 ﬁamus
3119 2200 3386 2254 bonorum
3433 2214 3642 2267 compo-

2096 2302 2179 2351 tes
2227 2294 2482 2349 tnaternis
2516 2293 2764 2362 precibus
2794 2290 3031 2362 Virginis
3078 2293 3468 2361 potentissimae
3509 2290 3650 2361 apud

2096 2384 2316 2447 Filium,
2348 2399 2507 2454 quem
2539 2384 2694 2438 decet
2724 2383 2903 2438 omnis
2929 2384 3124 2452 gloria,
3164 2383 3338 2435 honor
3367 2389 3420 2435 et
3461 2380 3651 2435 adora-

2102 2476 2178 2530 tio
2208 2491 2329 2529 cum
2364 2476 2602 2545 ingenito
2648 2474 2767 2543 ejus
2798 2475 2977 2538 Patre,
3018 2489 3081 2528 ac
3122 2474 3471 2528 sanctissimo
3510 2473 3651 2527 bono

2097 2577 2151 2625 et
2206 2566 2422 2622 viviﬁco
2470 2567 2675 2635 Spiritu
2730 2580 2875 2621 nunc
2926 2577 2977 2620 et
3012 2580 3226 2634 semper
3260 2574 3314 2619 et
3360 2566 3413 2618 in
3455 2565 3650 2621 saecula

2095 2662 2439 2718 steculorum.
2474 2662 2667 2715 Amen.

602 3112 649 3120 ί
898 3050 1300 3200 MAN
1318 3040 1883 3204 UELIS
2001 3041 3179 3199 PAL/EOLOGI‘

1264 3328 1670 3423 CANON
1778 3328 2621 3417 DEPRECATORI
2653 3329 2782 3415 US

622 3538 723 3597 AD
770 3531 1728 3598 SANCTISSIMAMDOMINAM
1772 3502 2359 3592 DEIPARAM'PRO
2396 3528 2957 3595 PR/ESENTIBUS
3012 3534 3443 3599 PERICULIS.

1096 3861 1211 3917 Ode
1249 3863 1291 3917 Ι.

2786 3864 2897 3919 Ode
2920 3867 2982 3922 ii.

484 3950 676 4005 Omnis
699 3952 833 4007 ordo
863 3962 1026 4023 atque
1054 3963 1188 4011 an“
1210 3956 1477 4023 ﬁdelium,
1508 3959 1574 4015 ad
1606 3958 1832 4017 Matrem
1862 3960 1979 4027 De"
2021 3952 2063 4009 ο
2167 3944 2435 4011 Quoniam
2459 3949 3089 4026 multiscalamitatibus,
3110 3970 3461 4033 utnunquam
3478 3980 3663 4037 antea,

414 4042 661 4097 omnium
732 4047 1119 4110 moderatoris,
1153 4063 1315 4103 voces
1371 4052 1663 4117 tollamus,
1722 4054 1981 4123 populum

414 4140 568 4186 tuum
594 4132 760 4188 libera
788 4150 817 4189 a
845 4138 1270 4203 calamitatibus,
1308 4150 1525 4211 tuaeque
1558 4143 1769 4195 civitati
1806 4145 1982 4198 victo-

414 4223 550 4279 riam
582 4225 850 4281 adversus
890 4229 1076 4283 hostes
1109 4231 1367 4285 concede.
1534 4296 1535 4299 η

488 4310 675 4377 Vides,
712 4313 898 4386 Virgo,
933 4315 1248 4387 Cltaganum
1285 4321 1449 4373 alium
1479 4320 1690 4375 hostem
1747 4321 1984 4393 graviter

414 4414 749 4471 prementem
783 4407 1155 4463 [nereditatem
1196 4418 1344 4463 tuam
1378 4427 1393 4463 :
1427 4419 1485 4465 ut
1518 4427 1666 4478 eum,
1708 4415 1801 4483 qui
1838 4415 1984 4469 hunc

413 4496 594 4564 ipsum
635 4501 951 4566 progenuit,
999 4500 1072 4553 ita
1120 4502 1287 4554 istum
1326 4508 1382 4555 et
1417 4500 1564 4556 illius
1593 4504 1827 4560 asseclas
1856 4503 1981 4565 fun-

412 4587 561 4640 ditus
590 4588 723 4642 dele.
1027 4592 1031 4595 ’

480 4677 654 4745 Quam
698 4681 881 4736 multis
915 4683 1158 4740 molestis
1204 4701 1267 4740 ac
1310 4686 1467 4743 duris
1510 4688 1743 4758 populus
1773 4696 1921 4750 tuus,
1950 4704 1983 4742 0

413 4772 639 4825 omnino
680 4772 1053 4843 iuculpabilis,
1084 4776 1318 4834 alliictus
1350 4788 1454 4843 est,
1499 4790 1553 4835 et
1582 4783 1689 4837 nisi
1721 4784 1984 4837 velociter

411 4860 523 4927 ipsa
556 4864 813 4931 precibus
854 4872 963 4921 tuis
1023 4882 1335 4935 succurras,
1384 4873 1766 4938 pessumihunt
1799 4874 1983 4926 omnia

408 4953 733 5021 gravissima
757 4956 997 5025 jactura.

480 5042 524 5097 0
562 5042 747 5114 Virgo,
778 5062 895 5116 qua:
925 5051 1047 5107 cmli
1084 5060 1369 5123 terraeque,
1412 5065 1464 5109 et
1498 5056 1740 5109 omnium
1775 5058 1981 5125 quain

410 5133 492 5189 eis
514 5146 643 5190 sunt
669 5135 1020 5196 Conditorem
1048 5145 1340 5215 omnisque
1369 5148 1555 5201 carnis
1576 5147 1980 5203 moderatorem

2096 4050 2305 4101 omnes,
2339 4052 2370 4090 o
2398 4048 2627 4107 augusta
2656 4041 2860 4108 Puella,
2893 4050 3194 4114 premimur
3230 4045 3459 4123 populus
3500 4069 3660 4127 tuus;

2098 4132 2154 4177 tu
2200 4142 2346 4179 nunc
2404 4128 2650 4184 studiose
2701 4143 2827 4188 ante
2861 4134 3025 4191 ﬁnem
3076 4146 3416 4209 prazvenieus
3446 4163 3475 4200 a
3506 4152 3662 4208 malis

2098 4231 2200 4272 nos
2232 4219 2400 4286 eripe.
2666 4286 2671 4295 ⁸

2168 4310 2295 4365 Sola
2333 4312 2423 4367 Dei
2462 4313 2838 4370 misericordia
2868 4333 2964 4386 per
2997 4328 3121 4377 tuas
3154 4312 3591 4394 intercessiones,
3626 4348 3660 4384 ο

2096 4398 2277 4471 Virgo,
2304 4400 2579 4456 conlidere
2611 4405 2767 4459 nobis
2799 4408 2976 4470 datur.
3016 4414 3215 4468 etenim
3266 4418 3375 4469 vita
3418 4418 3469 4471 in
3500 4424 3659 4475 malis

2095 4502 2364 4557 versatur,
2411 4503 2469 4546 ιιι
2522 4493 2709 4549 famuli
2744 4498 2927 4554 ﬁdeles
2972 4516 3095 4571 spes
3147 4515 3367 4562 nostras
3397 4523 3660 4580 assequa-

2094 4599 2237 4649 mur,
2275 4600 2305 4636 υ
2339 4586 2491 4637 omni
2529 4585 2686 4641 laude
2727 4586 3072 4656 dignissima.

2162 4672 2263 4733 Tu,
2298 4690 2328 4726 υ
2360 4675 2674 4743 purissima,
2720 4674 2914 4734 Portus
2946 4683 3105 4737 nobis
3150 4700 3210 4741 es
3245 4698 3300 4741 et
3338 4689 3656 4760 Propugna-

2089 4767 2296 4828 culum,
2337 4768 2388 4818 iu
2423 4776 2475 4819 te
2506 4782 2628 4835 spes
2658 4778 2876 4825 nostras
2910 4774 2997 4840 pie
3026 4776 3424 4834 collocautibus
3458 4796 3471 4831 :
3509 4796 3656 4834 nunc

2090 4860 2256 4924 igitur
2312 4858 2435 4911 talis
2523 4872 2742 4927 appare,
2797 4863 3119 4929 gravissima
3168 4865 3391 4935 jactatis
3450 4881 3655 4940 tempo-

2088 4958 2251 5004 state.
3112 4974 3121 4985 '

2161 5040 2391 5107 Praases,
2449 5051 2506 5096 et
2554 5050 2768 5111 tegmen
2809 5045 2969 5112 forte,
3018 5061 3071 5104 et
3120 5053 3515 5108 munimentum
3562 5070 3652 5128 ap-

2089 5148 2248 5203 pares
2306 5141 2386 5198 tu,
2432 5133 2682 5202 Detpara,
2717 5139 2973 5194 omnibus
3025 5140 3092 5193 ad
3134 5150 3185 5195 te
3239 5148 3652 5201 accurrentibus

412 5226 716 5281 secundum
753 5244 975 5286 carnem
1003 5238 1281 5304 peperisti,
1314 5238 1455 5307 apud
1486 5239 1660 5307 ipsum
1700 5255 1797 5309 pro
1824 5240 1982 5296 nobis
2015 5248 2054 5303 ι)
2089 5226 2200 5279 ei“)
2234 5226 2365 5279 an"
2404 5239 2585 5295 οΡυω·

415 5317 746 5375 tiducialiter
780 5320 1083 5379 intercede.

484 5407 527 5464 Ο
565 5408 751 5481 Virgo,
784 5429 903 5481 qua:
934 5416 1099 5469 Deum
1124 5419 1471 5473 iuctiabiiiter
1496 5424 1771 5493 peperisti,
1803 5422 1984 5476 Advo-

410 5512 586 5556 catam
618 5519 781 5571 agens
812 5507 952 5576 apud
974 5525 1097 5562 eunt
1132 5526 1229 5580 pro
1260 5512 1349 5575 iis,
1375 5530 1605 5582 quorum
1630 5516 1830 5585 gratia,
1865 5514 1983 5585 ipse

412 5602 889 5654 commiseratione
917 5612 1121 5665 motus,
1160 5607 1408 5660 mortalis
1432 5606 1605 5663 iactus
1639 5616 1745 5673 cst,
1793 5617 1979 5662 votum

410 5694 741 5761 asscqueris.
772 5693 897 5748 ideo
932 5712 1030 5751 nec
1062 5701 1293 5754 mort-tis

644 5784 661 5805 κ

2750 5318 2864 5375 Ode
2894 5320 2983 5377 Ill.

2158 5407 2362 5463 Natura
2390 5418 2575 5464 nostra
2598 5410 2850 5479 primaeva
2878 5414 3336 5482 praevaricatione
3361 5418 3649 5476 vulnerata

2087 5510 2193 5557 est.
2243 5499 2604 5556 Nihilominus
2639 5502 2779 5558 Deus
2806 5504 2916 5571 ille,
2948 5505 3037 5558 cui
3091 5516 3169 5572 tu,
3223 5507 3427 5573 Puella,
3480 5510 3649 5566 Mater

2089 5608 2169 5657 es,
2222 5593 2393 5645 multa
2436 5592 2865 5649 misericorditer
2903 5609 3097 5664 passus
3131 5608 3184 5651 et
3213 5601 3508 5655 cruciﬁxus
3538 5603 3646 5672 jam

2089 5692 2247 5737 antea
2302 5686 2476 5754 ipsam
2514 5701 2544 5739 a
2580 5686 2936 5757 corruptione
2995 5697 3049 5742 et
3111 5688 3328 5745 inferno
3377 5692 3645 5750 liberavit.
