  <div class='ocr_page' id='page_1' title='image "/cluster/home/n/w/nwhite01/storage/ocr_20150623/156/hvd.32044019208438/068.png"; bbox 0 0 4080 6592; ppageno 0'>
   <div class='ocr_carea' id='block_1_1' title="bbox 467 375 571 443">
    <p class='ocr_par' dir='ltr' id='par_1_1' title="bbox 467 375 571 443">
     <span class='ocr_line' id='line_1_1' title="bbox 467 375 571 443; baseline 0.01 -2"><span class='ocrx_word' id='word_1_1' title='bbox 467 375 571 443; x_wconf 73' lang='lat'><strong>109</strong></span> 
     </span>
    </p>
   </div>
   <div class='ocr_carea' id='block_1_2' title="bbox 1567 335 2584 436">
    <p class='ocr_par' dir='ltr' id='par_1_2' title="bbox 1567 335 2584 436">
     <span class='ocr_line' id='line_1_2' title="bbox 1567 335 2584 436; baseline -0.001 -2"><span class='ocrx_word' id='word_1_2' title='bbox 1567 335 1578 344; x_wconf 66' lang='grc'><em>’</em></span> <span class='ocrx_word' id='word_1_3' title='bbox 1629 374 1882 436; x_wconf 78' lang='lat' dir='ltr'><strong>CANON</strong></span> <span class='ocrx_word' id='word_1_4' title='bbox 1929 375 2584 436; x_wconf 64' lang='lat' dir='ltr'><strong>nnrnsmromus.</strong></span> 
     </span>
    </p>
   </div>
   <div class='ocr_carea' id='block_1_3' title="bbox 3629 373 3732 434">
    <p class='ocr_par' dir='ltr' id='par_1_3' title="bbox 3629 373 3732 434">
     <span class='ocr_line' id='line_1_3' title="bbox 3629 373 3732 434; baseline -0.029 -1"><span class='ocrx_word' id='word_1_5' title='bbox 3629 373 3732 434; x_wconf 80' lang='grc' dir='ltr'><strong>ιιυ</strong></span> 
     </span>
    </p>
   </div>
   <div class='ocr_carea' id='block_1_4' title="bbox 469 468 3728 574">
    <p class='ocr_par' dir='ltr' id='par_1_4' title="bbox 469 468 3728 574">
     <span class='ocr_line' id='line_1_4' title="bbox 469 468 3728 574; baseline 0.003 -26"><span class='ocrx_word' id='word_1_6' title='bbox 469 499 658 553; x_wconf 73' lang='lat' dir='ltr'><strong>Eidem</strong></span> <span class='ocrx_word' id='word_1_7' title='bbox 687 507 818 566; x_wconf 79' lang='lat' dir='ltr'><strong>ergo</strong></span> <span class='ocrx_word' id='word_1_8' title='bbox 863 512 1005 552; x_wconf 87' lang='lat' dir='ltr'><strong>nunc</strong></span> <span class='ocrx_word' id='word_1_9' title='bbox 1046 499 1312 568; x_wconf 71' lang='lat' dir='ltr'><strong>supplies,</strong></span> <span class='ocrx_word' id='word_1_10' title='bbox 1344 504 1403 556; x_wconf 69' lang='lat' dir='ltr'><strong>ut</strong></span> <span class='ocrx_word' id='word_1_11' title='bbox 1464 495 1656 552; x_wconf 76' lang='lat' dir='ltr'><strong>liberet</strong></span> <span class='ocrx_word' id='word_1_12' title='bbox 1689 503 1756 551; x_wconf 88' lang='lat' dir='ltr'><strong>ah</strong></span> <span class='ocrx_word' id='word_1_13' title='bbox 1789 501 2034 557; x_wconf 77' lang='lat' dir='ltr'><strong>hostibus</strong></span> <span class='ocrx_word' id='word_1_14' title='bbox 2081 497 2123 554; x_wconf 79' lang='grc' dir='ltr'>Α</span> <span class='ocrx_word' id='word_1_15' title='bbox 2161 496 2438 551; x_wconf 76' lang='lat' dir='ltr'><strong>niultoties</strong></span> <span class='ocrx_word' id='word_1_16' title='bbox 2475 495 2638 550; x_wconf 88' lang='lat' dir='ltr'><strong>Deum</strong></span> <span class='ocrx_word' id='word_1_17' title='bbox 2693 468 3175 560; x_wconf 81' lang='lat' dir='ltr'><strong>conimoverimus,</strong></span> <span class='ocrx_word' id='word_1_18' title='bbox 3239 509 3471 574; x_wconf 85' lang='lat' dir='ltr'><strong>quantas</strong></span> <span class='ocrx_word' id='word_1_19' title='bbox 3535 516 3728 572; x_wconf 65' lang='lat' dir='ltr'><strong>paruas</strong></span> 
     </span>
    </p>
   </div>
   <div class='ocr_carea' id='block_1_5' title="bbox 467 586 1111 645">
    <p class='ocr_par' dir='ltr' id='par_1_5' title="bbox 467 586 1111 645">
     <span class='ocr_line' id='line_1_5' title="bbox 467 586 1111 645; baseline 0.003 -5"><span class='ocrx_word' id='word_1_20' title='bbox 467 597 521 642; x_wconf 92' lang='lat' dir='ltr'><strong>te</strong></span> <span class='ocrx_word' id='word_1_21' title='bbox 551 586 780 643; x_wconf 87' lang='lat' dir='ltr'><strong>ﬁdeliter</strong></span> <span class='ocrx_word' id='word_1_22' title='bbox 808 588 1111 645; x_wconf 73' lang='lat' dir='ltr'><strong>laudantes.</strong></span> 
     </span>
    </p>
   </div>
   <div class='ocr_carea' id='block_1_6' title="bbox 1134 677 1798 742">
    <p class='ocr_par' dir='ltr' id='par_1_6' title="bbox 1134 677 1798 742">
     <span class='ocr_line' id='line_1_6' title="bbox 1134 677 1798 742; baseline -0.002 -9"><span class='ocrx_word' id='word_1_23' title='bbox 1134 677 1249 734; x_wconf 88' lang='lat' dir='ltr'><strong>Ode</strong></span> <span class='ocrx_word' id='word_1_24' title='bbox 1281 679 1371 732; x_wconf 84' lang='lat' dir='ltr'><strong>IV.</strong></span> <span class='ocrx_word' id='word_1_25' title='bbox 1784 730 1798 742; x_wconf 78' lang='grc'><strong><em>,</em></strong></span> 
     </span>
    </p>
   </div>
   <div class='ocr_carea' id='block_1_7' title="bbox 543 771 2033 842">
    <p class='ocr_par' dir='ltr' id='par_1_7' title="bbox 543 771 2033 842">
     <span class='ocr_line' id='line_1_7' title="bbox 543 771 2033 842; baseline 0 -13"><span class='ocrx_word' id='word_1_26' title='bbox 543 773 827 830; x_wconf 64' lang='lat' dir='ltr'><strong>Sescentis</strong></span> <span class='ocrx_word' id='word_1_27' title='bbox 859 771 1143 827; x_wconf 86' lang='lat' dir='ltr'><strong>erroribus</strong></span> <span class='ocrx_word' id='word_1_28' title='bbox 1175 772 1363 826; x_wconf 91' lang='lat' dir='ltr'><strong>lassati</strong></span> <span class='ocrx_word' id='word_1_29' title='bbox 1412 773 1465 826; x_wconf 92' lang='lat' dir='ltr'><strong>in</strong></span> <span class='ocrx_word' id='word_1_30' title='bbox 1493 774 1662 827; x_wconf 88' lang='lat' dir='ltr'><strong>altuin</strong></span> <span class='ocrx_word' id='word_1_31' title='bbox 1699 785 1867 842; x_wconf 89' lang='lat' dir='ltr'><strong>caput</strong></span> <span class='ocrx_word' id='word_1_32' title='bbox 1897 774 2033 830; x_wconf 87' lang='lat' dir='ltr'><strong>sub-</strong></span> 
     </span>
    </p>
   </div>
   <div class='ocr_carea' id='block_1_8' title="bbox 469 861 2030 933">
    <p class='ocr_par' dir='ltr' id='par_1_8' title="bbox 469 861 2030 933">
     <span class='ocr_line' id='line_1_8' title="bbox 469 861 2030 933; baseline -0.001 -13"><span class='ocrx_word' id='word_1_33' title='bbox 469 867 651 920; x_wconf 83' lang='lat' dir='ltr'><strong>levare</strong></span> <span class='ocrx_word' id='word_1_34' title='bbox 669 865 890 919; x_wconf 86' lang='lat' dir='ltr'><strong>omnino</strong></span> <span class='ocrx_word' id='word_1_35' title='bbox 907 879 1016 918; x_wconf 92' lang='lat' dir='ltr'><strong>non</strong></span> <span class='ocrx_word' id='word_1_36' title='bbox 1040 876 1356 932; x_wconf 73' lang='lat' dir='ltr'><strong>possumus.</strong></span> <span class='ocrx_word' id='word_1_37' title='bbox 1381 861 1462 916; x_wconf 83' lang='lat' dir='ltr'><strong>Tu</strong></span> <span class='ocrx_word' id='word_1_38' title='bbox 1486 878 1636 933; x_wconf 89' lang='lat' dir='ltr'><strong>ergo,</strong></span> <span class='ocrx_word' id='word_1_39' title='bbox 1659 879 1693 918; x_wconf 94' lang='lat' dir='ltr'><strong>o</strong></span> <span class='ocrx_word' id='word_1_40' title='bbox 1715 866 2030 933; x_wconf 84' lang='lat' dir='ltr'><strong>purissima,</strong></span> 
     </span>
    </p>
   </div>
   <div class='ocr_carea' id='block_1_9' title="bbox 471 955 1502 1026">
    <p class='ocr_par' dir='ltr' id='par_1_9' title="bbox 471 955 1502 1026">
     <span class='ocr_line' id='line_1_9' title="bbox 471 955 1502 1026; baseline -0.002 -13"><span class='ocrx_word' id='word_1_41' title='bbox 471 960 582 1013; x_wconf 85' lang='lat' dir='ltr'><strong>Deo</strong></span> <span class='ocrx_word' id='word_1_42' title='bbox 603 961 873 1013; x_wconf 90' lang='lat' dir='ltr'><strong>ferventer</strong></span> <span class='ocrx_word' id='word_1_43' title='bbox 909 956 1155 1026; x_wconf 80' lang='lat' dir='ltr'><strong>supplice</strong></span> <span class='ocrx_word' id='word_1_44' title='bbox 1187 968 1284 1026; x_wconf 93' lang='lat' dir='ltr'><strong>pro</strong></span> <span class='ocrx_word' id='word_1_45' title='bbox 1321 955 1502 1011; x_wconf 87' lang='lat' dir='ltr'><strong>nobis.</strong></span> 
     </span>
    </p>
   </div>
   <div class='ocr_carea' id='block_1_10' title="bbox 540 1047 2028 1114">
    <p class='ocr_par' dir='ltr' id='par_1_10' title="bbox 540 1047 2028 1114">
     <span class='ocr_line' id='line_1_10' title="bbox 540 1047 2028 1114; baseline 0 -11"><span class='ocrx_word' id='word_1_46' title='bbox 540 1051 725 1104; x_wconf 66' lang='lat' dir='ltr'><strong>Castus</strong></span> <span class='ocrx_word' id='word_1_47' title='bbox 765 1055 818 1103; x_wconf 92' lang='lat' dir='ltr'><strong>te</strong></span> <span class='ocrx_word' id='word_1_48' title='bbox 864 1047 1230 1114; x_wconf 75' lang='lat' dir='ltr'><strong>laudantium,</strong></span> <span class='ocrx_word' id='word_1_49' title='bbox 1257 1061 1289 1102; x_wconf 86' lang='grc' dir='ltr'>ο</span> <span class='ocrx_word' id='word_1_50' title='bbox 1325 1047 1708 1114; x_wconf 86' lang='lat' dir='ltr'><strong>mundissima,</strong></span> <span class='ocrx_word' id='word_1_51' title='bbox 1751 1049 1819 1102; x_wconf 90' lang='lat' dir='ltr'><strong>ad</strong></span> <span class='ocrx_word' id='word_1_52' title='bbox 1875 1059 2028 1103; x_wconf 89' lang='lat' dir='ltr'><strong>tuum</strong></span> 
     </span>
    </p>
   </div>
   <div class='ocr_carea' id='block_1_11' title="bbox 463 1138 2028 1218">
    <p class='ocr_par' dir='ltr' id='par_1_11' title="bbox 463 1138 2028 1218">
     <span class='ocr_line' id='line_1_11' title="bbox 463 1138 2028 1218; baseline -0.001 -24"><span class='ocrx_word' id='word_1_53' title='bbox 463 1140 732 1210; x_wconf 81' lang='lat' dir='ltr'><strong>templum</strong></span> <span class='ocrx_word' id='word_1_54' title='bbox 767 1138 1000 1218; x_wconf 71' lang='lat' dir='ltr'><strong>ﬁdeliter</strong></span> <span class='ocrx_word' id='word_1_55' title='bbox 1028 1146 1404 1201; x_wconf 87' lang='lat' dir='ltr'><strong>accurrentes,</strong></span> <span class='ocrx_word' id='word_1_56' title='bbox 1435 1146 1602 1209; x_wconf 87' lang='lat' dir='ltr'><strong>atque</strong></span> <span class='ocrx_word' id='word_1_57' title='bbox 1658 1139 2028 1210; x_wconf 75' lang='lat' dir='ltr'><strong>ingruentium</strong></span> 
     </span>
    </p>
   </div>
   <div class='ocr_carea' id='block_1_12' title="bbox 465 1227 2030 1303">
    <p class='ocr_par' dir='ltr' id='par_1_12' title="bbox 465 1227 2030 1303">
     <span class='ocr_line' id='line_1_12' title="bbox 465 1227 2030 1303; baseline 0.002 -18"><span class='ocrx_word' id='word_1_58' title='bbox 465 1233 840 1286; x_wconf 78' lang='lat' dir='ltr'><strong>calamitatum</strong></span> <span class='ocrx_word' id='word_1_59' title='bbox 909 1229 1383 1300; x_wconf 87' lang='lat' dir='ltr'><strong>propulsationem</strong></span> <span class='ocrx_word' id='word_1_60' title='bbox 1425 1227 1842 1299; x_wconf 77' lang='lat' dir='ltr'><strong>exposcentes,</strong></span> <span class='ocrx_word' id='word_1_61' title='bbox 1905 1248 2030 1303; x_wconf 76' lang='lat' dir='ltr'><strong>spes</strong></span> 
     </span>
    </p>
   </div>
   <div class='ocr_carea' id='block_1_13' title="bbox 465 1330 1016 1389">
    <p class='ocr_par' dir='ltr' id='par_1_13' title="bbox 465 1330 1016 1389">
     <span class='ocr_line' id='line_1_13' title="bbox 465 1330 1016 1389; baseline 0.002 -13"><span class='ocrx_word' id='word_1_62' title='bbox 465 1334 601 1376; x_wconf 82' lang='lat' dir='ltr'><strong>suas</strong></span> <span class='ocrx_word' id='word_1_63' title='bbox 631 1330 1016 1389; x_wconf 88' lang='lat' dir='ltr'><strong>assequantur.</strong></span> 
     </span>
    </p>
   </div>
   <div class='ocr_carea' id='block_1_14' title="bbox 401 1408 2026 1483">
    <p class='ocr_par' dir='ltr' id='par_1_14' title="bbox 401 1408 2026 1483">
     <span class='ocr_line' id='line_1_14' title="bbox 401 1408 2026 1483; baseline 0.001 -17"><span class='ocrx_word' id='word_1_64' title='bbox 401 1408 410 1415; x_wconf 85' lang='grc'><em>’</em></span> <span class='ocrx_word' id='word_1_65' title='bbox 541 1413 885 1483; x_wconf 81' lang='lat' dir='ltr'><strong>lmpossibiie</strong></span> <span class='ocrx_word' id='word_1_66' title='bbox 910 1426 1014 1478; x_wconf 87' lang='lat' dir='ltr'><strong>est,</strong></span> <span class='ocrx_word' id='word_1_67' title='bbox 1042 1429 1075 1470; x_wconf 91' lang='grc' dir='ltr'><strong>ο</strong></span> <span class='ocrx_word' id='word_1_68' title='bbox 1119 1414 1494 1476; x_wconf 88' lang='lat' dir='ltr'><strong>immaculata,</strong></span> <span class='ocrx_word' id='word_1_69' title='bbox 1527 1413 1844 1483; x_wconf 63' lang='lat' dir='ltr'><strong>praesidium</strong></span> <span class='ocrx_word' id='word_1_70' title='bbox 1872 1422 2026 1468; x_wconf 91' lang='lat' dir='ltr'><strong>tuum</strong></span> 
     </span>
    </p>
   </div>
   <div class='ocr_carea' id='block_1_15' title="bbox 466 1503 2023 1569">
    <p class='ocr_par' dir='ltr' id='par_1_15' title="bbox 466 1503 2023 1569">
     <span class='ocr_line' id='line_1_15' title="bbox 466 1503 2023 1569; baseline 0.001 -10"><span class='ocrx_word' id='word_1_71' title='bbox 466 1505 808 1566; x_wconf 83' lang='lat' dir='ltr'><strong>invocantes,</strong></span> <span class='ocrx_word' id='word_1_72' title='bbox 836 1505 990 1558; x_wconf 88' lang='lat' dir='ltr'><strong>irrito</strong></span> <span class='ocrx_word' id='word_1_73' title='bbox 1030 1514 1156 1560; x_wconf 89' lang='lat' dir='ltr'><strong>voto</strong></span> <span class='ocrx_word' id='word_1_74' title='bbox 1188 1503 1482 1558; x_wconf 77' lang='lat' dir='ltr'><strong>frustratos</strong></span> <span class='ocrx_word' id='word_1_75' title='bbox 1499 1505 1719 1560; x_wconf 76' lang='lat' dir='ltr'><strong>reverti.</strong></span> <span class='ocrx_word' id='word_1_76' title='bbox 1745 1504 2023 1569; x_wconf 84' lang='lat' dir='ltr'><strong>Quamob-</strong></span> 
     </span>
    </p>
   </div>
   <div class='ocr_carea' id='block_1_16' title="bbox 469 1594 2041 1667">
    <p class='ocr_par' dir='ltr' id='par_1_16' title="bbox 469 1594 2041 1667">
     <span class='ocr_line' id='line_1_16' title="bbox 469 1594 2041 1667; baseline -0.004 -17"><span class='ocrx_word' id='word_1_77' title='bbox 469 1612 587 1650; x_wconf 86' lang='lat' dir='ltr'><strong>rem</strong></span> <span class='ocrx_word' id='word_1_78' title='bbox 622 1603 749 1654; x_wconf 83' lang='lat' dir='ltr'><strong>ante</strong></span> <span class='ocrx_word' id='word_1_79' title='bbox 771 1604 825 1653; x_wconf 91' lang='lat' dir='ltr'><strong>te</strong></span> <span class='ocrx_word' id='word_1_80' title='bbox 859 1599 1230 1667; x_wconf 88' lang='lat' dir='ltr'><strong>procidentes,</strong></span> <span class='ocrx_word' id='word_1_81' title='bbox 1271 1599 1326 1650; x_wconf 88' lang='lat' dir='ltr'><strong>te</strong></span> <span class='ocrx_word' id='word_1_82' title='bbox 1358 1594 1544 1648; x_wconf 84' lang='lat' dir='ltr'><strong>ﬁdeles</strong></span> <span class='ocrx_word' id='word_1_83' title='bbox 1575 1607 1850 1665; x_wconf 83' lang='lat' dir='ltr'><strong>rogamus,</strong></span> <span class='ocrx_word' id='word_1_84' title='bbox 1889 1604 1945 1645; x_wconf 93' lang='lat' dir='ltr'><strong>ut</strong></span> <span class='ocrx_word' id='word_1_85' title='bbox 1975 1594 2041 1644; x_wconf 90' lang='lat' dir='ltr'><strong>ab</strong></span> 
     </span>
    </p>
   </div>
   <div class='ocr_carea' id='block_1_17' title="bbox 464 1687 1343 1746">
    <p class='ocr_par' dir='ltr' id='par_1_17' title="bbox 464 1687 1343 1746">
     <span class='ocr_line' id='line_1_17' title="bbox 464 1687 1343 1746; baseline 0.001 -5"><span class='ocrx_word' id='word_1_86' title='bbox 464 1687 720 1744; x_wconf 83' lang='lat' dir='ltr'><strong>hostibus</strong></span> <span class='ocrx_word' id='word_1_87' title='bbox 751 1688 959 1746; x_wconf 81' lang='lat' dir='ltr'><strong>nostris</strong></span> <span class='ocrx_word' id='word_1_88' title='bbox 990 1689 1343 1744; x_wconf 85' lang='lat' dir='ltr'><strong>redimamur.</strong></span> 
     </span>
    </p>
   </div>
   <div class='ocr_carea' id='block_1_18' title="bbox 2161 585 3197 658">
    <p class='ocr_par' dir='ltr' id='par_1_18' title="bbox 2161 585 3197 658">
     <span class='ocr_line' id='line_1_18' title="bbox 2161 585 3197 658; baseline 0.002 -17"><span class='ocrx_word' id='word_1_89' title='bbox 2161 592 2290 642; x_wconf 83' lang='lat' dir='ltr'><strong>dare</strong></span> <span class='ocrx_word' id='word_1_90' title='bbox 2333 588 2574 658; x_wconf 87' lang='lat' dir='ltr'><strong>oportetl</strong></span> <span class='ocrx_word' id='word_1_91' title='bbox 2615 585 2720 642; x_wconf 87' lang='lat' dir='ltr'><strong>Sed</strong></span> <span class='ocrx_word' id='word_1_92' title='bbox 2749 589 2953 643; x_wconf 80' lang='lat' dir='ltr'><strong>liberes</strong></span> <span class='ocrx_word' id='word_1_93' title='bbox 2984 597 3040 642; x_wconf 92' lang='lat' dir='ltr'><strong>tu</strong></span> <span class='ocrx_word' id='word_1_94' title='bbox 3074 605 3197 644; x_wconf 90' lang='lat' dir='ltr'><strong>nos.</strong></span> 
     </span>
    </p>
   </div>
   <div class='ocr_carea' id='block_1_19' title="bbox 2233 675 3724 750">
    <p class='ocr_par' dir='ltr' id='par_1_19' title="bbox 2233 675 3724 750">
     <span class='ocr_line' id='line_1_19' title="bbox 2233 675 3724 750; baseline 0.007 -21"><span class='ocrx_word' id='word_1_95' title='bbox 2233 675 2341 732; x_wconf 82' lang='lat' dir='ltr'><strong>Nec</strong></span> <span class='ocrx_word' id='word_1_96' title='bbox 2380 679 2662 748; x_wconf 80' lang='lat' dir='ltr'><strong>propheta,</strong></span> <span class='ocrx_word' id='word_1_97' title='bbox 2697 693 2798 732; x_wconf 89' lang='lat' dir='ltr'><strong>nec</strong></span> <span class='ocrx_word' id='word_1_98' title='bbox 2853 681 3262 750; x_wconf 80' lang='lat' dir='ltr'><strong>princeps,&#39;nec</strong></span> <span class='ocrx_word' id='word_1_99' title='bbox 3303 684 3410 738; x_wconf 78' lang='lat' dir='ltr'><strong>dua</strong></span> <span class='ocrx_word' id='word_1_100' title='bbox 3465 686 3724 742; x_wconf 77' lang='lat' dir='ltr'><strong>auxiliari</strong></span> 
     </span>
    </p>
   </div>
   <div class='ocr_carea' id='block_1_20' title="bbox 2163 769 3726 845">
    <p class='ocr_par' dir='ltr' id='par_1_20' title="bbox 2163 769 3726 845">
     <span class='ocr_line' id='line_1_20' title="bbox 2163 769 3726 845; baseline 0.006 -23"><span class='ocrx_word' id='word_1_101' title='bbox 2163 770 2318 824; x_wconf 85' lang='lat' dir='ltr'><strong>nobis</strong></span> <span class='ocrx_word' id='word_1_102' title='bbox 2347 769 2508 824; x_wconf 89' lang='lat' dir='ltr'><strong>hodie</strong></span> <span class='ocrx_word' id='word_1_103' title='bbox 2539 778 2738 839; x_wconf 88' lang='lat' dir='ltr'><strong>potest,</strong></span> <span class='ocrx_word' id='word_1_104' title='bbox 2772 785 2872 824; x_wconf 92' lang='lat' dir='ltr'><strong>nec</strong></span> <span class='ocrx_word' id='word_1_105' title='bbox 2908 772 3051 828; x_wconf 90' lang='lat' dir='ltr'><strong>ullus</strong></span> <span class='ocrx_word' id='word_1_106' title='bbox 3077 781 3183 838; x_wconf 84' lang='lat' dir='ltr'><strong>est,</strong></span> <span class='ocrx_word' id='word_1_107' title='bbox 3221 775 3313 845; x_wconf 90' lang='lat' dir='ltr'><strong>qui</strong></span> <span class='ocrx_word' id='word_1_108' title='bbox 3352 769 3606 832; x_wconf 77' lang='lat' dir='ltr'><strong>cohibeat</strong></span> <span class='ocrx_word' id='word_1_109' title='bbox 3637 793 3726 834; x_wconf 84' lang='lat' dir='ltr'><strong>res</strong></span> 
     </span>
    </p>
   </div>
   <div class='ocr_carea' id='block_1_21' title="bbox 2161 861 3721 926">
    <p class='ocr_par' dir='ltr' id='par_1_21' title="bbox 2161 861 3721 926">
     <span class='ocr_line' id='line_1_21' title="bbox 2161 861 3721 926; baseline 0.006 -13"><span class='ocrx_word' id='word_1_110' title='bbox 2161 862 2445 924; x_wconf 79' lang='lat' dir='ltr'><strong>adversas,</strong></span> <span class='ocrx_word' id='word_1_111' title='bbox 2469 876 2663 915; x_wconf 89' lang='lat' dir='ltr'><strong>omnes</strong></span> <span class='ocrx_word' id='word_1_112' title='bbox 2700 862 2847 916; x_wconf 88' lang='lat' dir='ltr'><strong>enim</strong></span> <span class='ocrx_word' id='word_1_113' title='bbox 2881 861 2990 918; x_wconf 90' lang='lat' dir='ltr'><strong>Deo</strong></span> <span class='ocrx_word' id='word_1_114' title='bbox 3036 874 3164 920; x_wconf 85' lang='lat' dir='ltr'><strong>sunt</strong></span> <span class='ocrx_word' id='word_1_115' title='bbox 3197 867 3420 921; x_wconf 79' lang='lat' dir='ltr'><strong>obnoxii</strong></span> <span class='ocrx_word' id='word_1_116' title='bbox 3454 868 3721 926; x_wconf 87' lang='lat' dir='ltr'><strong>criminis.</strong></span> 
     </span>
    </p>
   </div>
   <div class='ocr_carea' id='block_1_22' title="bbox 2159 954 3723 1028">
    <p class='ocr_par' dir='ltr' id='par_1_22' title="bbox 2159 954 3723 1028">
     <span class='ocr_line' id='line_1_22' title="bbox 2159 954 3723 1028; baseline 0.006 -23"><span class='ocrx_word' id='word_1_117' title='bbox 2159 954 2204 1005; x_wconf 83' lang='grc' dir='ltr'>υ</span> <span class='ocrx_word' id='word_1_118' title='bbox 2229 967 2392 1023; x_wconf 87' lang='lat' dir='ltr'><strong>quam</strong></span> <span class='ocrx_word' id='word_1_119' title='bbox 2423 969 2618 1026; x_wconf 85' lang='lat' dir='ltr'><strong>graves</strong></span> <span class='ocrx_word' id='word_1_120' title='bbox 2652 968 2840 1024; x_wconf 67' lang='lat' dir='ltr'><strong>painas</strong></span> <span class='ocrx_word' id='word_1_121' title='bbox 2872 967 3189 1024; x_wconf 80' lang='lat' dir='ltr'><strong>exspectare</strong></span> <span class='ocrx_word' id='word_1_122' title='bbox 3220 972 3434 1028; x_wconf 64' lang='lat' dir='ltr'><strong>aequum</strong></span> <span class='ocrx_word' id='word_1_123' title='bbox 3467 968 3575 1026; x_wconf 88' lang='lat' dir='ltr'><strong>est,</strong></span> <span class='ocrx_word' id='word_1_124' title='bbox 3618 962 3723 1016; x_wconf 73' lang='lat' dir='ltr'><strong>nisi</strong></span> 
     </span>
    </p>
   </div>
   <div class='ocr_carea' id='block_1_23' title="bbox 2160 1044 3020 1114">
    <p class='ocr_par' dir='ltr' id='par_1_23' title="bbox 2160 1044 3020 1114">
     <span class='ocr_line' id='line_1_23' title="bbox 2160 1044 3020 1114; baseline 0.005 -17"><span class='ocrx_word' id='word_1_125' title='bbox 2160 1053 2241 1108; x_wconf 86' lang='lat' dir='ltr'><strong>tu,</strong></span> <span class='ocrx_word' id='word_1_126' title='bbox 2279 1059 2310 1095; x_wconf 94' lang='lat' dir='ltr'><strong>o</strong></span> <span class='ocrx_word' id='word_1_127' title='bbox 2343 1044 2655 1112; x_wconf 89' lang='lat' dir='ltr'><strong>purissima,</strong></span> <span class='ocrx_word' id='word_1_128' title='bbox 2697 1045 2977 1114; x_wconf 66' lang='lat' dir='ltr'><strong>praeripias</strong></span> <span class='ocrx_word' id='word_1_129' title='bbox 3006 1047 3020 1100; x_wconf 88' lang='lat'><strong>!</strong></span> 
     </span>
    </p>
   </div>
   <div class='ocr_carea' id='block_1_24' title="bbox 2231 1131 3719 1210">
    <p class='ocr_par' dir='ltr' id='par_1_24' title="bbox 2231 1131 3719 1210">
     <span class='ocr_line' id='line_1_24' title="bbox 2231 1131 3719 1210; baseline 0.007 -26"><span class='ocrx_word' id='word_1_130' title='bbox 2231 1131 2454 1202; x_wconf 80' lang='lat' dir='ltr'><strong>Mystice</strong></span> <span class='ocrx_word' id='word_1_131' title='bbox 2481 1147 2580 1186; x_wconf 89' lang='lat' dir='ltr'><strong>nos</strong></span> <span class='ocrx_word' id='word_1_132' title='bbox 2605 1132 2870 1201; x_wconf 87' lang='lat' dir='ltr'><strong>baptisma</strong></span> <span class='ocrx_word' id='word_1_133' title='bbox 2921 1149 2951 1188; x_wconf 90' lang='lat' dir='ltr'><strong>e</strong></span> <span class='ocrx_word' id='word_1_134' title='bbox 3005 1135 3178 1191; x_wconf 85' lang='lat' dir='ltr'><strong>servis</strong></span> <span class='ocrx_word' id='word_1_135' title='bbox 3209 1137 3367 1194; x_wconf 88' lang='lat' dir='ltr'><strong>malis</strong></span> <span class='ocrx_word' id='word_1_136' title='bbox 3394 1137 3486 1193; x_wconf 86' lang='lat' dir='ltr'><strong>Dei</strong></span> <span class='ocrx_word' id='word_1_137' title='bbox 3520 1154 3719 1210; x_wconf 81' lang='lat' dir='ltr'><strong>pueros</strong></span> 
     </span>
    </p>
   </div>
   <div class='ocr_carea' id='block_1_25' title="bbox 2158 1222 3718 1291">
    <p class='ocr_par' dir='ltr' id='par_1_25' title="bbox 2158 1222 3718 1291">
     <span class='ocr_line' id='line_1_25' title="bbox 2158 1222 3718 1291; baseline 0.005 -16"><span class='ocrx_word' id='word_1_138' title='bbox 2158 1222 2359 1287; x_wconf 75' lang='lat' dir='ltr'><strong>effecit,</strong></span> <span class='ocrx_word' id='word_1_139' title='bbox 2394 1231 2673 1291; x_wconf 85' lang='lat' dir='ltr'><strong>peccatum</strong></span> <span class='ocrx_word' id='word_1_140' title='bbox 2706 1233 2889 1278; x_wconf 89' lang='lat' dir='ltr'><strong>tamen</strong></span> <span class='ocrx_word' id='word_1_141' title='bbox 2927 1224 3183 1280; x_wconf 87' lang='lat' dir='ltr'><strong>ﬁduciam</strong></span> <span class='ocrx_word' id='word_1_142' title='bbox 3216 1243 3317 1284; x_wconf 87' lang='lat' dir='ltr'><strong>nos</strong></span> <span class='ocrx_word' id='word_1_143' title='bbox 3348 1228 3552 1284; x_wconf 85' lang='lat' dir='ltr'><strong>habere</strong></span> <span class='ocrx_word' id='word_1_144' title='bbox 3607 1245 3718 1285; x_wconf 90' lang='lat' dir='ltr'><strong>non</strong></span> 
     </span>
    </p>
   </div>
   <div class='ocr_carea' id='block_1_26' title="bbox 2159 1314 3721 1385">
    <p class='ocr_par' dir='ltr' id='par_1_26' title="bbox 2159 1314 3721 1385">
     <span class='ocr_line' id='line_1_26' title="bbox 2159 1314 3721 1385; baseline 0.005 -17"><span class='ocrx_word' id='word_1_145' title='bbox 2159 1315 2314 1371; x_wconf 88' lang='lat' dir='ltr'><strong>sinit.</strong></span> <span class='ocrx_word' id='word_1_146' title='bbox 2352 1314 2668 1385; x_wconf 80' lang='lat' dir='ltr'><strong>Propterea,</strong></span> <span class='ocrx_word' id='word_1_147' title='bbox 2701 1330 2734 1369; x_wconf 90' lang='grc' dir='ltr'>ο</span> <span class='ocrx_word' id='word_1_148' title='bbox 2761 1317 3135 1383; x_wconf 89' lang='lat' dir='ltr'><strong>sanctissima,</strong></span> <span class='ocrx_word' id='word_1_149' title='bbox 3171 1320 3542 1376; x_wconf 79' lang='lat' dir='ltr'><strong>calamitatum</strong></span> <span class='ocrx_word' id='word_1_150' title='bbox 3577 1326 3721 1376; x_wconf 88' lang='lat' dir='ltr'><strong>mul-</strong></span> 
     </span>
    </p>
   </div>
   <div class='ocr_carea' id='block_1_27' title="bbox 2161 1406 3684 1467">
    <p class='ocr_par' dir='ltr' id='par_1_27' title="bbox 2161 1406 3684 1467">
     <span class='ocr_line' id='line_1_27' title="bbox 2161 1406 3684 1467; baseline 0.005 -10"><span class='ocrx_word' id='word_1_151' title='bbox 2161 1406 2392 1459; x_wconf 91' lang='lat' dir='ltr'><strong>titudine</strong></span> <span class='ocrx_word' id='word_1_152' title='bbox 2422 1407 2792 1460; x_wconf 90' lang='lat' dir='ltr'><strong>circumdatos</strong></span> <span class='ocrx_word' id='word_1_153' title='bbox 2827 1407 3321 1466; x_wconf 84' lang='lat' dir='ltr'><strong>intercessionibus</strong></span> <span class='ocrx_word' id='word_1_154' title='bbox 3349 1412 3458 1467; x_wconf 91' lang='lat' dir='ltr'><strong>tuis</strong></span> <span class='ocrx_word' id='word_1_155' title='bbox 3495 1412 3684 1467; x_wconf 89' lang='lat' dir='ltr'><strong>libera.</strong></span> 
     </span>
    </p>
   </div>
   <div class='ocr_carea' id='block_1_28' title="bbox 2232 1493 3722 1574">
    <p class='ocr_par' dir='ltr' id='par_1_28' title="bbox 2232 1493 3722 1574">
     <span class='ocr_line' id='line_1_28' title="bbox 2232 1493 3722 1574; baseline 0.007 -26"><span class='ocrx_word' id='word_1_156' title='bbox 2232 1493 2584 1565; x_wconf 80' lang='lat' dir='ltr'><strong>Nequaquam</strong></span> <span class='ocrx_word' id='word_1_157' title='bbox 2613 1506 2879 1568; x_wconf 77' lang='lat' dir='ltr'><strong>praecepta</strong></span> <span class='ocrx_word' id='word_1_158' title='bbox 2903 1499 3016 1563; x_wconf 85' lang='lat' dir='ltr'><strong>Dei,</strong></span> <span class='ocrx_word' id='word_1_159' title='bbox 3037 1502 3280 1557; x_wconf 91' lang='lat' dir='ltr'><strong>omnium</strong></span> <span class='ocrx_word' id='word_1_160' title='bbox 3301 1501 3589 1574; x_wconf 81' lang='lat' dir='ltr'><strong>Principis,</strong></span> <span class='ocrx_word' id='word_1_161' title='bbox 3607 1519 3722 1559; x_wconf 83' lang='lat' dir='ltr'><strong>ser-</strong></span> 
     </span>
    </p>
   </div>
   <div class='ocr_carea' id='block_1_29' title="bbox 2159 1586 3724 1660">
    <p class='ocr_par' dir='ltr' id='par_1_29' title="bbox 2159 1586 3724 1660">
     <span class='ocr_line' id='line_1_29' title="bbox 2159 1586 3724 1660; baseline 0.003 -21"><span class='ocrx_word' id='word_1_162' title='bbox 2159 1586 2430 1649; x_wconf 85' lang='lat' dir='ltr'><strong>vavimus,</strong></span> <span class='ocrx_word' id='word_1_163' title='bbox 2459 1601 2492 1641; x_wconf 91' lang='grc' dir='ltr'>ο</span> <span class='ocrx_word' id='word_1_164' title='bbox 2521 1587 2816 1655; x_wconf 87' lang='lat' dir='ltr'><strong>purissima</strong></span> <span class='ocrx_word' id='word_1_165' title='bbox 2844 1603 2859 1653; x_wconf 90' lang='lat'><strong>;</strong></span> <span class='ocrx_word' id='word_1_166' title='bbox 2897 1589 3140 1660; x_wconf 88' lang='lat' dir='ltr'><strong>undique</strong></span> <span class='ocrx_word' id='word_1_167' title='bbox 3189 1591 3355 1660; x_wconf 87' lang='lat' dir='ltr'><strong>igitur</strong></span> <span class='ocrx_word' id='word_1_168' title='bbox 3387 1601 3583 1646; x_wconf 89' lang='lat' dir='ltr'><strong>contra</strong></span> <span class='ocrx_word' id='word_1_169' title='bbox 3618 1607 3724 1648; x_wconf 79' lang='lat' dir='ltr'><strong>nos</strong></span> 
     </span>
    </p>
   </div>
   <div class='ocr_carea' id='block_1_30' title="bbox 2162 1675 3721 1739">
    <p class='ocr_par' dir='ltr' id='par_1_30' title="bbox 2162 1675 3721 1739">
     <span class='ocr_line' id='line_1_30' title="bbox 2162 1675 3721 1739; baseline 0.005 -9"><span class='ocrx_word' id='word_1_170' title='bbox 2162 1675 2267 1730; x_wconf 88' lang='lat' dir='ltr'><strong>hoc</strong></span> <span class='ocrx_word' id='word_1_171' title='bbox 2306 1675 2696 1733; x_wconf 87' lang='lat' dir='ltr'><strong>adversitatum</strong></span> <span class='ocrx_word' id='word_1_172' title='bbox 2759 1677 3034 1737; x_wconf 27' lang='lat' dir='ltr'><strong>flammam.</strong></span> <span class='ocrx_word' id='word_1_173' title='bbox 3073 1682 3443 1736; x_wconf 75' lang='lat' dir='ltr'><strong>vehementem</strong></span> <span class='ocrx_word' id='word_1_174' title='bbox 3496 1684 3721 1739; x_wconf 71' lang='lat' dir='ltr'><strong>excitat.</strong></span> 
     </span>
    </p>
   </div>
   <div class='ocr_carea' id='block_1_31' title="bbox 539 1765 2063 1848">
    <p class='ocr_par' dir='ltr' id='par_1_31' title="bbox 539 1770 2043 1848">
     <span class='ocr_line' id='line_1_31' title="bbox 539 1770 2043 1848; baseline -0.004 -19"><span class='ocrx_word' id='word_1_175' title='bbox 539 1775 799 1832; x_wconf 81' lang='lat' dir='ltr'><strong>Plurimis</strong></span> <span class='ocrx_word' id='word_1_176' title='bbox 851 1777 1043 1848; x_wconf 85' lang='lat' dir='ltr'><strong>gratiis</strong></span> <span class='ocrx_word' id='word_1_177' title='bbox 1097 1777 1210 1832; x_wconf 90' lang='lat' dir='ltr'><strong>tuis</strong></span> <span class='ocrx_word' id='word_1_178' title='bbox 1259 1782 1419 1830; x_wconf 89' lang='lat' dir='ltr'><strong>antea</strong></span> <span class='ocrx_word' id='word_1_179' title='bbox 1480 1771 1664 1843; x_wconf 88' lang='lat' dir='ltr'><strong>potiti,</strong></span> <span class='ocrx_word' id='word_1_180' title='bbox 1706 1786 1738 1826; x_wconf 90' lang='grc' dir='ltr'>ο</span> <span class='ocrx_word' id='word_1_181' title='bbox 1792 1770 2043 1840; x_wconf 86' lang='lat' dir='ltr'><strong>Deipara.</strong></span> 
     </span>
    </p>
   </div>
   <div class='ocr_carea' id='block_1_32' title="bbox 2168 1765 3730 1848">
    <p class='ocr_par' dir='ltr' id='par_1_32' title="bbox 2168 1765 3730 1844">
     <span class='ocr_line' id='line_1_32' title="bbox 2168 1765 3730 1844; baseline -0.012 -6"><span class='ocrx_word' id='word_1_182' title='bbox 2168 1781 2274 1838; x_wconf 83' lang='lat' dir='ltr'><strong>Sed</strong></span> <span class='ocrx_word' id='word_1_183' title='bbox 2312 1781 2423 1836; x_wconf 84' lang='lat' dir='ltr'><strong>tuis</strong></span> <span class='ocrx_word' id='word_1_184' title='bbox 2476 1778 2544 1834; x_wconf 87' lang='lat' dir='ltr'><strong>ad</strong></span> <span class='ocrx_word' id='word_1_185' title='bbox 2586 1777 2783 1834; x_wconf 79' lang='lat' dir='ltr'><strong>Filium</strong></span> <span class='ocrx_word' id='word_1_186' title='bbox 2815 1784 2968 1831; x_wconf 91' lang='lat' dir='ltr'><strong>tuum</strong></span> <span class='ocrx_word' id='word_1_187' title='bbox 3023 1773 3276 1844; x_wconf 88' lang='lat' dir='ltr'><strong>precibus</strong></span> <span class='ocrx_word' id='word_1_188' title='bbox 3329 1770 3476 1825; x_wconf 89' lang='lat' dir='ltr'><strong>illam</strong></span> <span class='ocrx_word' id='word_1_189' title='bbox 3520 1765 3730 1822; x_wconf 80' lang='lat' dir='ltr'><strong>exstin-</strong></span> 
     </span>
    </p>
   </div>
   <div class='ocr_carea' id='block_1_33' title="bbox 461 1861 2046 1938">
    <p class='ocr_par' dir='ltr' id='par_1_33' title="bbox 461 1861 2046 1938">
     <span class='ocr_line' id='line_1_33' title="bbox 461 1861 2046 1938; baseline -0.005 -16"><span class='ocrx_word' id='word_1_190' title='bbox 461 1868 582 1923; x_wconf 71' lang='lat' dir='ltr'><strong>Ave</strong></span> <span class='ocrx_word' id='word_1_191' title='bbox 608 1869 708 1925; x_wconf 90' lang='lat' dir='ltr'><strong>tibi</strong></span> <span class='ocrx_word' id='word_1_192' title='bbox 729 1870 1104 1926; x_wconf 87' lang='lat' dir='ltr'><strong>acclamamus</strong></span> <span class='ocrx_word' id='word_1_193' title='bbox 1171 1879 1333 1938; x_wconf 88' lang='lat' dir='ltr'><strong>teque</strong></span> <span class='ocrx_word' id='word_1_194' title='bbox 1361 1866 1743 1928; x_wconf 85' lang='lat' dir='ltr'><strong>obsecramus,</strong></span> <span class='ocrx_word' id='word_1_195' title='bbox 1774 1876 1810 1916; x_wconf 93' lang='lat' dir='ltr'><strong>o</strong></span> <span class='ocrx_word' id='word_1_196' title='bbox 1837 1861 2046 1932; x_wconf 85' lang='lat' dir='ltr'><strong>glorio-</strong></span> 
     </span>
    </p>
   </div>
   <div class='ocr_carea' id='block_1_34' title="bbox 465 1955 2046 2027">
    <p class='ocr_par' dir='ltr' id='par_1_34' title="bbox 465 1955 2046 2027">
     <span class='ocr_line' id='line_1_34' title="bbox 465 1955 2046 2027; baseline -0.006 -13"><span class='ocrx_word' id='word_1_197' title='bbox 465 1960 716 2027; x_wconf 84' lang='lat' dir='ltr'><strong>sissima,</strong></span> <span class='ocrx_word' id='word_1_198' title='bbox 747 1971 810 2015; x_wconf 91' lang='lat' dir='ltr'><strong>ut</strong></span> <span class='ocrx_word' id='word_1_199' title='bbox 858 1959 1130 2015; x_wconf 84' lang='lat' dir='ltr'><strong>adversus</strong></span> <span class='ocrx_word' id='word_1_200' title='bbox 1164 1961 1353 2015; x_wconf 87' lang='lat' dir='ltr'><strong>hostes</strong></span> <span class='ocrx_word' id='word_1_201' title='bbox 1395 1967 1450 2012; x_wconf 86' lang='lat' dir='ltr'><strong>te</strong></span> <span class='ocrx_word' id='word_1_202' title='bbox 1487 1955 1904 2018; x_wconf 87' lang='lat' dir='ltr'><strong>inhonorantes,</strong></span> <span class='ocrx_word' id='word_1_203' title='bbox 1935 1955 2046 2005; x_wconf 87' lang='lat' dir='ltr'><strong>tuis</strong></span> 
     </span>
    </p>
   </div>
   <div class='ocr_carea' id='block_1_35' title="bbox 465 2051 1066 2124">
    <p class='ocr_par' dir='ltr' id='par_1_35' title="bbox 465 2051 1066 2124">
     <span class='ocr_line' id='line_1_35' title="bbox 465 2051 1066 2124; baseline -0.008 -16"><span class='ocrx_word' id='word_1_204' title='bbox 465 2051 758 2108; x_wconf 70' lang='lat' dir='ltr'><strong>Victoriam</strong></span> <span class='ocrx_word' id='word_1_205' title='bbox 793 2052 1066 2124; x_wconf 87' lang='lat' dir='ltr'><strong>largiaris.</strong></span> 
     </span>
    </p>
   </div>
   <div class='ocr_carea' id='block_1_36' title="bbox 729 2159 1366 2218">
    <p class='ocr_par' dir='ltr' id='par_1_36' title="bbox 729 2159 1366 2218">
     <span class='ocr_line' id='line_1_36' title="bbox 729 2159 1366 2218; baseline -0.003 0"><span class='ocrx_word' id='word_1_206' title='bbox 729 2161 732 2165; x_wconf 82' lang='grc'><strong>’</strong></span> <span class='ocrx_word' id='word_1_207' title='bbox 1157 2162 1272 2218; x_wconf 92' lang='lat' dir='ltr'><strong>Ode</strong></span> <span class='ocrx_word' id='word_1_208' title='bbox 1302 2159 1366 2217; x_wconf 68' lang='lat' dir='ltr'><strong>V.</strong></span> 
     </span>
    </p>
   </div>
   <div class='ocr_carea' id='block_1_37' title="bbox 547 2250 2052 2326">
    <p class='ocr_par' dir='ltr' id='par_1_37' title="bbox 547 2250 2052 2326">
     <span class='ocr_line' id='line_1_37' title="bbox 547 2250 2052 2326; baseline -0.005 -16"><span class='ocrx_word' id='word_1_209' title='bbox 547 2253 790 2326; x_wconf 83' lang='lat' dir='ltr'><strong>Spiritus</strong></span> <span class='ocrx_word' id='word_1_210' title='bbox 820 2254 1043 2325; x_wconf 86' lang='lat' dir='ltr'><strong>quidem</strong></span> <span class='ocrx_word' id='word_1_211' title='bbox 1066 2253 1220 2309; x_wconf 90' lang='lat' dir='ltr'><strong>carni</strong></span> <span class='ocrx_word' id='word_1_212' title='bbox 1257 2253 1438 2317; x_wconf 71' lang='lat' dir='ltr'><strong>malae,</strong></span> <span class='ocrx_word' id='word_1_213' title='bbox 1471 2266 1603 2308; x_wconf 87' lang='lat' dir='ltr'><strong>caro</strong></span> <span class='ocrx_word' id='word_1_214' title='bbox 1627 2259 1808 2306; x_wconf 83' lang='lat' dir='ltr'><strong>autem</strong></span> <span class='ocrx_word' id='word_1_215' title='bbox 1841 2250 2052 2320; x_wconf 84' lang='lat' dir='ltr'><strong>passio-</strong></span> 
     </span>
    </p>
   </div>
   <div class='ocr_carea' id='block_1_38' title="bbox 473 2341 2046 2415">
    <p class='ocr_par' dir='ltr' id='par_1_38' title="bbox 473 2341 2046 2415">
     <span class='ocr_line' id='line_1_38' title="bbox 473 2341 2046 2415; baseline -0.005 -15"><span class='ocrx_word' id='word_1_216' title='bbox 473 2348 662 2412; x_wconf 85' lang='lat' dir='ltr'><strong>nibus,</strong></span> <span class='ocrx_word' id='word_1_217' title='bbox 693 2346 799 2402; x_wconf 85' lang='lat' dir='ltr'><strong>heu</strong></span> <span class='ocrx_word' id='word_1_218' title='bbox 823 2346 980 2407; x_wconf 84' lang='lat' dir='ltr'><strong>mihi.</strong></span> <span class='ocrx_word' id='word_1_219' title='bbox 1004 2345 1240 2415; x_wconf 80' lang='lat' dir='ltr'><strong>turpiter</strong></span> <span class='ocrx_word' id='word_1_220' title='bbox 1260 2344 1510 2412; x_wconf 87' lang='lat' dir='ltr'><strong>subjecta</strong></span> <span class='ocrx_word' id='word_1_221' title='bbox 1531 2354 1636 2406; x_wconf 91' lang='lat' dir='ltr'><strong>est,</strong></span> <span class='ocrx_word' id='word_1_222' title='bbox 1659 2358 1692 2397; x_wconf 93' lang='lat' dir='ltr'><strong>o</strong></span> <span class='ocrx_word' id='word_1_223' title='bbox 1711 2341 2006 2413; x_wconf 89' lang='lat' dir='ltr'><strong>purissima</strong></span> <span class='ocrx_word' id='word_1_224' title='bbox 2032 2356 2046 2392; x_wconf 90' lang='lat'><strong>:</strong></span> 
     </span>
    </p>
   </div>
   <div class='ocr_carea' id='block_1_39' title="bbox 474 2432 2056 2507">
    <p class='ocr_par' dir='ltr' id='par_1_39' title="bbox 474 2432 2056 2507">
     <span class='ocr_line' id='line_1_39' title="bbox 474 2432 2056 2507; baseline -0.003 -17"><span class='ocrx_word' id='word_1_225' title='bbox 474 2438 835 2507; x_wconf 81' lang='lat' dir='ltr'><strong>quamobrem</strong></span> <span class='ocrx_word' id='word_1_226' title='bbox 867 2451 970 2492; x_wconf 88' lang='lat' dir='ltr'><strong>nos</strong></span> <span class='ocrx_word' id='word_1_227' title='bbox 999 2437 1054 2491; x_wconf 92' lang='lat' dir='ltr'><strong>in</strong></span> <span class='ocrx_word' id='word_1_228' title='bbox 1092 2437 1360 2491; x_wconf 89' lang='lat' dir='ltr'><strong>malorum</strong></span> <span class='ocrx_word' id='word_1_229' title='bbox 1395 2437 1695 2490; x_wconf 88' lang='lat' dir='ltr'><strong>multorum</strong></span> <span class='ocrx_word' id='word_1_230' title='bbox 1730 2432 2056 2489; x_wconf 88' lang='lat' dir='ltr'><strong>discrimine</strong></span> 
     </span>
    </p>
   </div>
   <div class='ocr_carea' id='block_1_40' title="bbox 475 2523 2058 2596">
    <p class='ocr_par' dir='ltr' id='par_1_40' title="bbox 475 2523 2058 2596">
     <span class='ocr_line' id='line_1_40' title="bbox 475 2523 2058 2596; baseline -0.003 -14"><span class='ocrx_word' id='word_1_231' title='bbox 475 2531 814 2584; x_wconf 87' lang='lat' dir='ltr'><strong>constitutos</strong></span> <span class='ocrx_word' id='word_1_232' title='bbox 888 2529 1085 2596; x_wconf 87' lang='lat' dir='ltr'><strong>libera,</strong></span> <span class='ocrx_word' id='word_1_233' title='bbox 1135 2528 1229 2584; x_wconf 86' lang='lat' dir='ltr'><strong>Dei</strong></span> <span class='ocrx_word' id='word_1_234' title='bbox 1294 2525 1491 2590; x_wconf 83' lang='lat' dir='ltr'><strong>Mater,</strong></span> <span class='ocrx_word' id='word_1_235' title='bbox 1563 2523 2058 2581; x_wconf 82' lang='lat' dir='ltr'><strong>intercessionibus</strong></span> 
     </span>
    </p>
   </div>
   <div class='ocr_carea' id='block_1_41' title="bbox 477 2621 612 2675">
    <p class='ocr_par' dir='ltr' id='par_1_41' title="bbox 477 2621 612 2675">
     <span class='ocr_line' id='line_1_41' title="bbox 477 2621 612 2675; baseline 0.007 -2"><span class='ocrx_word' id='word_1_236' title='bbox 477 2621 612 2675; x_wconf 88' lang='lat' dir='ltr'><strong>tuis.</strong></span> 
     </span>
    </p>
   </div>
   <div class='ocr_carea' id='block_1_42' title="bbox 551 2713 2059 2785">
    <p class='ocr_par' dir='ltr' id='par_1_42' title="bbox 551 2713 2059 2785">
     <span class='ocr_line' id='line_1_42' title="bbox 551 2713 2059 2785; baseline -0.001 -17"><span class='ocrx_word' id='word_1_237' title='bbox 551 2713 766 2783; x_wconf 86' lang='lat' dir='ltr'><strong>Corpus</strong></span> <span class='ocrx_word' id='word_1_238' title='bbox 796 2714 1036 2778; x_wconf 82' lang='lat' dir='ltr'><strong>peccatis</strong></span> <span class='ocrx_word' id='word_1_239' title='bbox 1087 2713 1307 2785; x_wconf 90' lang='lat' dir='ltr'><strong>plenum</strong></span> <span class='ocrx_word' id='word_1_240' title='bbox 1365 2723 1473 2777; x_wconf 86' lang='lat' dir='ltr'><strong>est.</strong></span> <span class='ocrx_word' id='word_1_241' title='bbox 1517 2715 1696 2769; x_wconf 89' lang='lat' dir='ltr'><strong>anima</strong></span> <span class='ocrx_word' id='word_1_242' title='bbox 1737 2728 1866 2770; x_wconf 90' lang='lat' dir='ltr'><strong>vero</strong></span> <span class='ocrx_word' id='word_1_243' title='bbox 1899 2714 2059 2768; x_wconf 87' lang='lat' dir='ltr'><strong>malis</strong></span> 
     </span>
    </p>
   </div>
   <div class='ocr_carea' id='block_1_43' title="bbox 480 2804 2060 2876">
    <p class='ocr_par' dir='ltr' id='par_1_43' title="bbox 480 2804 2060 2876">
     <span class='ocr_line' id='line_1_43' title="bbox 480 2804 2060 2876; baseline 0.001 -20"><span class='ocrx_word' id='word_1_244' title='bbox 480 2804 683 2874; x_wconf 78' lang='lat' dir='ltr'><strong>gaudet</strong></span> <span class='ocrx_word' id='word_1_245' title='bbox 722 2821 738 2858; x_wconf 88' lang='lat'><strong>:</strong></span> <span class='ocrx_word' id='word_1_246' title='bbox 781 2819 986 2869; x_wconf 88' lang='lat' dir='ltr'><strong>sermo,</strong></span> <span class='ocrx_word' id='word_1_247' title='bbox 1037 2821 1156 2869; x_wconf 89' lang='lat' dir='ltr'><strong>cor,</strong></span> <span class='ocrx_word' id='word_1_248' title='bbox 1193 2820 1350 2861; x_wconf 87' lang='lat' dir='ltr'><strong>mens</strong></span> <span class='ocrx_word' id='word_1_249' title='bbox 1383 2806 1449 2860; x_wconf 90' lang='lat' dir='ltr'><strong>ad</strong></span> <span class='ocrx_word' id='word_1_250' title='bbox 1497 2805 1683 2876; x_wconf 85' lang='lat' dir='ltr'><strong>pejora</strong></span> <span class='ocrx_word' id='word_1_251' title='bbox 1724 2805 1972 2870; x_wconf 76' lang='lat' dir='ltr'><strong>inclinat,</strong></span> <span class='ocrx_word' id='word_1_252' title='bbox 2004 2811 2060 2860; x_wconf 83' lang='lat' dir='ltr'><strong>et</strong></span> 
     </span>
    </p>
   </div>
   <div class='ocr_carea' id='block_1_44' title="bbox 485 2891 2056 2959">
    <p class='ocr_par' dir='ltr' id='par_1_44' title="bbox 485 2891 2056 2959">
     <span class='ocr_line' id='line_1_44' title="bbox 485 2891 2056 2959; baseline 0.001 -15"><span class='ocrx_word' id='word_1_253' title='bbox 485 2892 719 2945; x_wconf 91' lang='lat' dir='ltr'><strong>nuncin</strong></span> <span class='ocrx_word' id='word_1_254' title='bbox 768 2891 937 2946; x_wconf 87' lang='lat' dir='ltr'><strong>rebus</strong></span> <span class='ocrx_word' id='word_1_255' title='bbox 987 2892 1328 2947; x_wconf 85' lang='lat' dir='ltr'><strong>calamitosis</strong></span> <span class='ocrx_word' id='word_1_256' title='bbox 1388 2905 1693 2954; x_wconf 87' lang='lat' dir='ltr'><strong>versamur,</strong></span> <span class='ocrx_word' id='word_1_257' title='bbox 1727 2901 1784 2946; x_wconf 92' lang='lat' dir='ltr'><strong>tu</strong></span> <span class='ocrx_word' id='word_1_258' title='bbox 1824 2906 1976 2959; x_wconf 82' lang='lat' dir='ltr'><strong>vero,</strong></span> <span class='ocrx_word' id='word_1_259' title='bbox 2022 2906 2056 2945; x_wconf 93' lang='lat' dir='ltr'><strong>o</strong></span> 
     </span>
    </p>
   </div>
   <div class='ocr_carea' id='block_1_45' title="bbox 487 2982 1490 3053">
    <p class='ocr_par' dir='ltr' id='par_1_45' title="bbox 487 2982 1490 3053">
     <span class='ocr_line' id='line_1_45' title="bbox 487 2982 1490 3053; baseline 0.002 -17"><span class='ocrx_word' id='word_1_260' title='bbox 487 2982 674 3053; x_wconf 80' lang='lat' dir='ltr'><strong>Virgo,</strong></span> <span class='ocrx_word' id='word_1_261' title='bbox 700 2983 771 3038; x_wconf 90' lang='lat' dir='ltr'><strong>ab</strong></span> <span class='ocrx_word' id='word_1_262' title='bbox 808 2984 894 3038; x_wconf 87' lang='lat' dir='ltr'><strong>his</strong></span> <span class='ocrx_word' id='word_1_263' title='bbox 920 2984 1093 3040; x_wconf 87' lang='lat' dir='ltr'><strong>libera</strong></span> <span class='ocrx_word' id='word_1_264' title='bbox 1122 2999 1313 3040; x_wconf 90' lang='lat' dir='ltr'><strong>servos</strong></span> <span class='ocrx_word' id='word_1_265' title='bbox 1344 2993 1490 3039; x_wconf 90' lang='lat' dir='ltr'><strong>tuos.</strong></span> 
     </span>
    </p>
   </div>
   <div class='ocr_carea' id='block_1_46' title="bbox 2164 1888 2318 1946">
    <p class='ocr_par' dir='ltr' id='par_1_46' title="bbox 2164 1888 2318 1946">
     <span class='ocr_line' id='line_1_46' title="bbox 2164 1888 2318 1946; baseline 0.006 -18"><span class='ocrx_word' id='word_1_266' title='bbox 2164 1888 2318 1946; x_wconf 86' lang='lat' dir='ltr'><strong>guas.</strong></span> 
     </span>
    </p>
   </div>
   <div class='ocr_carea' id='block_1_47' title="bbox 2809 1976 3100 2034">
    <p class='ocr_par' dir='ltr' id='par_1_47' title="bbox 2809 1976 3100 2034">
     <span class='ocr_line' id='line_1_47' title="bbox 2809 1976 3100 2034; baseline -0.014 0"><span class='ocrx_word' id='word_1_267' title='bbox 2809 1981 2922 2034; x_wconf 88' lang='lat' dir='ltr'><strong>Ode</strong></span> <span class='ocrx_word' id='word_1_268' title='bbox 2963 1976 3100 2031; x_wconf 75' lang='lat' dir='ltr'><strong>Vill.</strong></span> 
     </span>
    </p>
   </div>
   <div class='ocr_carea' id='block_1_48' title="bbox 2235 2083 3730 2164">
    <p class='ocr_par' dir='ltr' id='par_1_48' title="bbox 2235 2083 3730 2164">
     <span class='ocr_line' id='line_1_48' title="bbox 2235 2083 3730 2164; baseline -0.014 -9"><span class='ocrx_word' id='word_1_269' title='bbox 2235 2099 2572 2155; x_wconf 85' lang='lat' dir='ltr'><strong>Salvatorem</strong></span> <span class='ocrx_word' id='word_1_270' title='bbox 2632 2094 2818 2150; x_wconf 91' lang='lat' dir='ltr'><strong>mundi</strong></span> <span class='ocrx_word' id='word_1_271' title='bbox 2849 2092 3130 2164; x_wconf 88' lang='lat' dir='ltr'><strong>peperisti,</strong></span> <span class='ocrx_word' id='word_1_272' title='bbox 3163 2105 3196 2146; x_wconf 84' lang='grc' dir='ltr'>ο</span> <span class='ocrx_word' id='word_1_273' title='bbox 3225 2088 3477 2151; x_wconf 87' lang='lat' dir='ltr'><strong>Domina,</strong></span> <span class='ocrx_word' id='word_1_274' title='bbox 3526 2083 3730 2139; x_wconf 89' lang='lat' dir='ltr'><strong>bonum</strong></span> 
     </span>
    </p>
   </div>
   <div class='ocr_carea' id='block_1_49' title="bbox 2165 2175 3728 2258">
    <p class='ocr_par' dir='ltr' id='par_1_49' title="bbox 2165 2175 3728 2258">
     <span class='ocr_line' id='line_1_49' title="bbox 2165 2175 3728 2258; baseline -0.013 -12"><span class='ocrx_word' id='word_1_275' title='bbox 2165 2207 2230 2248; x_wconf 90' lang='lat' dir='ltr'><strong>ae</strong></span> <span class='ocrx_word' id='word_1_276' title='bbox 2288 2191 2594 2249; x_wconf 90' lang='lat' dir='ltr'><strong>beneﬁcum</strong></span> <span class='ocrx_word' id='word_1_277' title='bbox 2645 2197 2697 2242; x_wconf 91' lang='lat' dir='ltr'><strong>te</strong></span> <span class='ocrx_word' id='word_1_278' title='bbox 2750 2184 3204 2258; x_wconf 76' lang='lat' dir='ltr'><strong>glorificautibus.</strong></span> <span class='ocrx_word' id='word_1_279' title='bbox 3251 2180 3405 2234; x_wconf 83' lang='lat' dir='ltr'><strong>lluuc</strong></span> <span class='ocrx_word' id='word_1_280' title='bbox 3442 2191 3574 2248; x_wconf 90' lang='lat' dir='ltr'><strong>ergo</strong></span> <span class='ocrx_word' id='word_1_281' title='bbox 3616 2175 3728 2244; x_wconf 88' lang='lat' dir='ltr'><strong>jam</strong></span> 
     </span>
    </p>
   </div>
   <div class='ocr_carea' id='block_1_50' title="bbox 2166 2267 3729 2346">
    <p class='ocr_par' dir='ltr' id='par_1_50' title="bbox 2166 2267 3729 2346">
     <span class='ocr_line' id='line_1_50' title="bbox 2166 2267 3729 2346; baseline -0.014 -6"><span class='ocrx_word' id='word_1_282' title='bbox 2166 2301 2329 2340; x_wconf 92' lang='lat' dir='ltr'><strong>manu</strong></span> <span class='ocrx_word' id='word_1_283' title='bbox 2351 2298 2538 2346; x_wconf 79' lang='lat' dir='ltr'><strong>exora,</strong></span> <span class='ocrx_word' id='word_1_284' title='bbox 2572 2289 2630 2335; x_wconf 91' lang='lat' dir='ltr'><strong>ut</strong></span> <span class='ocrx_word' id='word_1_285' title='bbox 2661 2278 2729 2333; x_wconf 88' lang='lat' dir='ltr'><strong>ab</strong></span> <span class='ocrx_word' id='word_1_286' title='bbox 2754 2277 3007 2332; x_wconf 88' lang='lat' dir='ltr'><strong>hostibus</strong></span> <span class='ocrx_word' id='word_1_287' title='bbox 3029 2275 3221 2330; x_wconf 87' lang='lat' dir='ltr'><strong>liberet</strong></span> <span class='ocrx_word' id='word_1_288' title='bbox 3245 2281 3392 2334; x_wconf 89' lang='lat' dir='ltr'><strong>tuos,</strong></span> <span class='ocrx_word' id='word_1_289' title='bbox 3412 2270 3540 2324; x_wconf 87' lang='lat' dir='ltr'><strong>dum</strong></span> <span class='ocrx_word' id='word_1_290' title='bbox 3560 2267 3729 2322; x_wconf 77' lang='lat' dir='ltr'><strong>multi</strong></span> 
     </span>
    </p>
   </div>
   <div class='ocr_carea' id='block_1_51' title="bbox 2160 2376 3088 2434">
    <p class='ocr_par' dir='ltr' id='par_1_51' title="bbox 2160 2376 3088 2434">
     <span class='ocr_line' id='line_1_51' title="bbox 2160 2376 3088 2434; baseline -0.015 0"><span class='ocrx_word' id='word_1_291' title='bbox 2160 2387 2378 2434; x_wconf 76' lang='lat' dir='ltr'><strong>exstant</strong></span> <span class='ocrx_word' id='word_1_292' title='bbox 2412 2376 2616 2431; x_wconf 89' lang='lat' dir='ltr'><strong>ﬁdeles.</strong></span> <span class='ocrx_word' id='word_1_293' title='bbox 3085 2387 3088 2389; x_wconf 53' lang='grc' dir='ltr'>λ</span> 
     </span>
    </p>
   </div>
   <div class='ocr_carea' id='block_1_52' title="bbox 2235 2447 3731 2532">
    <p class='ocr_par' dir='ltr' id='par_1_52' title="bbox 2235 2447 3731 2532">
     <span class='ocr_line' id='line_1_52' title="bbox 2235 2447 3731 2532; baseline -0.015 -8"><span class='ocrx_word' id='word_1_294' title='bbox 2235 2469 2408 2524; x_wconf 89' lang='lat' dir='ltr'><strong>Filius</strong></span> <span class='ocrx_word' id='word_1_295' title='bbox 2459 2478 2608 2532; x_wconf 88' lang='lat' dir='ltr'><strong>tuus,</strong></span> <span class='ocrx_word' id='word_1_296' title='bbox 2642 2481 2676 2520; x_wconf 94' lang='lat' dir='ltr'><strong>o</strong></span> <span class='ocrx_word' id='word_1_297' title='bbox 2722 2462 2911 2532; x_wconf 79' lang='lat' dir='ltr'><strong>Virgo,</strong></span> <span class='ocrx_word' id='word_1_298' title='bbox 2948 2455 3196 2513; x_wconf 73' lang='lat' dir='ltr'><strong>liberavit</strong></span> <span class='ocrx_word' id='word_1_299' title='bbox 3224 2463 3361 2508; x_wconf 72' lang='lat' dir='ltr'><strong>&#39;tres</strong></span> <span class='ocrx_word' id='word_1_300' title='bbox 3412 2464 3612 2520; x_wconf 85' lang='lat' dir='ltr'><strong>pueros</strong></span> <span class='ocrx_word' id='word_1_301' title='bbox 3665 2447 3731 2501; x_wconf 88' lang='lat' dir='ltr'><strong>ab</strong></span> 
     </span>
    </p>
   </div>
   <div class='ocr_carea' id='block_1_53' title="bbox 2165 2537 3734 2636">
    <p class='ocr_par' dir='ltr' id='par_1_53' title="bbox 2165 2537 3734 2636">
     <span class='ocr_line' id='line_1_53' title="bbox 2165 2537 3734 2636; baseline -0.018 -19"><span class='ocrx_word' id='word_1_302' title='bbox 2165 2563 2290 2636; x_wconf 88' lang='lat' dir='ltr'><strong>igne</strong></span> <span class='ocrx_word' id='word_1_303' title='bbox 2317 2558 2696 2620; x_wconf 80' lang='lat' dir='ltr'><strong>voracissima,</strong></span> <span class='ocrx_word' id='word_1_304' title='bbox 2721 2552 2904 2608; x_wconf 89' lang='lat' dir='ltr'><strong>omnia</strong></span> <span class='ocrx_word' id='word_1_305' title='bbox 2927 2548 3130 2618; x_wconf 88' lang='lat' dir='ltr'><strong>quippe</strong></span> <span class='ocrx_word' id='word_1_306' title='bbox 3146 2541 3556 2636; x_wconf 65' lang='lat' dir='ltr'><strong>potest._llujus</strong></span> <span class='ocrx_word' id='word_1_307' title='bbox 3587 2537 3734 2636; x_wconf 82' lang='lat' dir='ltr'><strong>ejus-</strong></span> 
     </span>
    </p>
   </div>
   <div class='ocr_carea' id='block_1_54' title="bbox 2163 2629 3732 2706">
    <p class='ocr_par' dir='ltr' id='par_1_54' title="bbox 2163 2629 3732 2706">
     <span class='ocr_line' id='line_1_54' title="bbox 2163 2629 3732 2706; baseline -0.017 0"><span class='ocrx_word' id='word_1_308' title='bbox 2163 2629 2287 2706; x_wconf 75' lang='lat' dir='ltr'><strong>dem</strong></span> <span class='ocrx_word' id='word_1_309' title='bbox 2315 2663 2481 2704; x_wconf 88' lang='lat' dir='ltr'><strong>manu</strong></span> <span class='ocrx_word' id='word_1_310' title='bbox 2508 2646 2678 2701; x_wconf 89' lang='lat' dir='ltr'><strong>libera</strong></span> <span class='ocrx_word' id='word_1_311' title='bbox 2707 2657 2807 2698; x_wconf 89' lang='lat' dir='ltr'><strong>nos</strong></span> <span class='ocrx_word' id='word_1_312' title='bbox 2833 2653 3047 2703; x_wconf 89' lang='lat' dir='ltr'><strong>omnes,</strong></span> <span class='ocrx_word' id='word_1_313' title='bbox 3077 2651 3109 2690; x_wconf 91' lang='grc' dir='ltr'><strong>ο</strong></span> <span class='ocrx_word' id='word_1_314' title='bbox 3128 2635 3340 2706; x_wconf 87' lang='lat' dir='ltr'><strong>Sponsa</strong></span> <span class='ocrx_word' id='word_1_315' title='bbox 3358 2631 3478 2699; x_wconf 88' lang='lat' dir='ltr'><strong>Dei,</strong></span> <span class='ocrx_word' id='word_1_316' title='bbox 3501 2645 3531 2684; x_wconf 91' lang='lat' dir='ltr'><strong>a</strong></span> <span class='ocrx_word' id='word_1_317' title='bbox 3553 2629 3732 2700; x_wconf 89' lang='lat' dir='ltr'><strong>gentis</strong></span> 
     </span>
    </p>
   </div>
   <div class='ocr_carea' id='block_1_55' title="bbox 2167 2738 2832 2797">
    <p class='ocr_par' dir='ltr' id='par_1_55' title="bbox 2167 2738 2832 2797">
     <span class='ocr_line' id='line_1_55' title="bbox 2167 2738 2832 2797; baseline -0.014 0"><span class='ocrx_word' id='word_1_318' title='bbox 2167 2741 2583 2797; x_wconf 69' lang='lat' dir='ltr'><strong>immanissima:</strong></span> <span class='ocrx_word' id='word_1_319' title='bbox 2625 2738 2832 2790; x_wconf 90' lang='lat' dir='ltr'><strong>furore.</strong></span> 
     </span>
    </p>
   </div>
   <div class='ocr_carea' id='block_1_56' title="bbox 2237 2814 3731 2901">
    <p class='ocr_par' dir='ltr' id='par_1_56' title="bbox 2237 2814 3731 2901">
     <span class='ocr_line' id='line_1_56' title="bbox 2237 2814 3731 2901; baseline -0.015 -13"><span class='ocrx_word' id='word_1_320' title='bbox 2237 2834 2380 2888; x_wconf 88' lang='lat' dir='ltr'><strong>Deus</strong></span> <span class='ocrx_word' id='word_1_321' title='bbox 2425 2846 2521 2901; x_wconf 86' lang='lat' dir='ltr'><strong>per</strong></span> <span class='ocrx_word' id='word_1_322' title='bbox 2567 2829 2856 2900; x_wconf 77' lang='lat' dir='ltr'><strong>plurimam</strong></span> <span class='ocrx_word' id='word_1_323' title='bbox 2922 2817 3356 2876; x_wconf 86' lang='lat' dir='ltr'><strong>misericordiam</strong></span> <span class='ocrx_word' id='word_1_324' title='bbox 3411 2814 3731 2869; x_wconf 84' lang='lat' dir='ltr'><strong>incarnatus</strong></span> 
     </span>
    </p>
   </div>
   <div class='ocr_carea' id='block_1_57' title="bbox 2167 2903 3732 2985">
    <p class='ocr_par' dir='ltr' id='par_1_57' title="bbox 2167 2903 3732 2985">
     <span class='ocr_line' id='line_1_57' title="bbox 2167 2903 3732 2985; baseline -0.017 -3"><span class='ocrx_word' id='word_1_325' title='bbox 2167 2933 2250 2982; x_wconf 90' lang='lat' dir='ltr'><strong>est</strong></span> <span class='ocrx_word' id='word_1_326' title='bbox 2281 2940 2344 2980; x_wconf 79' lang='lat' dir='ltr'><strong>ex</strong></span> <span class='ocrx_word' id='word_1_327' title='bbox 2376 2932 2450 2985; x_wconf 81' lang='lat' dir='ltr'><strong>te,</strong></span> <span class='ocrx_word' id='word_1_328' title='bbox 2477 2938 2509 2978; x_wconf 94' lang='lat' dir='ltr'><strong>o</strong></span> <span class='ocrx_word' id='word_1_329' title='bbox 2559 2919 2743 2974; x_wconf 82' lang='lat' dir='ltr'><strong>Puella</strong></span> <span class='ocrx_word' id='word_1_330' title='bbox 2769 2916 3056 2971; x_wconf 83' lang='lat' dir='ltr'><strong>universos</strong></span> <span class='ocrx_word' id='word_1_331' title='bbox 3083 2911 3296 2966; x_wconf 85' lang='lat' dir='ltr'><strong>salvare</strong></span> <span class='ocrx_word' id='word_1_332' title='bbox 3335 2907 3547 2961; x_wconf 88' lang='lat' dir='ltr'><strong>volens.</strong></span> <span class='ocrx_word' id='word_1_333' title='bbox 3574 2903 3732 2958; x_wconf 77' lang='lat' dir='ltr'><strong>ilum:</strong></span> 
     </span>
    </p>
   </div>
   <div class='ocr_carea' id='block_1_58' title="bbox 2166 2996 3732 3086">
    <p class='ocr_par' dir='ltr' id='par_1_58' title="bbox 2166 2996 3732 3086">
     <span class='ocr_line' id='line_1_58' title="bbox 2166 2996 3732 3086; baseline -0.014 -15"><span class='ocrx_word' id='word_1_334' title='bbox 2166 3033 2322 3080; x_wconf 87' lang='lat' dir='ltr'><strong>vero,</strong></span> <span class='ocrx_word' id='word_1_335' title='bbox 2356 3030 2389 3070; x_wconf 91' lang='grc' dir='ltr'><strong>ο</strong></span> <span class='ocrx_word' id='word_1_336' title='bbox 2409 3013 2721 3086; x_wconf 84' lang='lat' dir='ltr'><strong>purissima,</strong></span> <span class='ocrx_word' id='word_1_337' title='bbox 2755 3007 3035 3063; x_wconf 87' lang='lat' dir='ltr'><strong>erroribus</strong></span> <span class='ocrx_word' id='word_1_338' title='bbox 3066 3002 3270 3058; x_wconf 89' lang='lat' dir='ltr'><strong>nostris</strong></span> <span class='ocrx_word' id='word_1_339' title='bbox 3289 2999 3581 3071; x_wconf 90' lang='lat' dir='ltr'><strong>propitium</strong></span> <span class='ocrx_word' id='word_1_340' title='bbox 3607 2996 3732 3052; x_wconf 84' lang='lat' dir='ltr'><strong>red-</strong></span> 
     </span>
    </p>
   </div>
   <div class='ocr_carea' id='block_1_59' title="bbox 556 3073 3733 3176">
    <p class='ocr_par' dir='ltr' id='par_1_59' title="bbox 556 3073 3733 3176">
     <span class='ocr_line' id='line_1_59' title="bbox 556 3073 3733 3176; baseline -0.008 -11"><span class='ocrx_word' id='word_1_341' title='bbox 556 3073 860 3176; x_wconf 46' lang='lat' dir='ltr'><strong>,Pm&#39;e&#39;fia‘</strong></span> <span class='ocrx_word' id='word_1_342' title='bbox 905 3091 1029 3140; x_wconf 74' lang='lat' dir='ltr'><strong>n0&quot;</strong></span> <span class='ocrx_word' id='word_1_343' title='bbox 1058 3090 1100 3176; x_wconf 55' lang='grc' dir='ltr'><em>Β</em></span> <span class='ocrx_word' id='word_1_344' title='bbox 1129 3076 1271 3176; x_wconf 46' lang='lat' dir='ltr'><strong>hom</strong></span> <span class='ocrx_word' id='word_1_345' title='bbox 1310 3075 1564 3176; x_wconf 34' lang='lat' dir='ltr'><strong>nemina}</strong></span> <span class='ocrx_word' id='word_1_346' title='bbox 1627 3081 1885 3176; x_wconf 47' lang='lat' dir='ltr'><strong>°,°“-&quot;‘ff““</strong></span> <span class='ocrx_word' id='word_1_347' title='bbox 1933 3075 2053 3130; x_wconf 63' lang='lat' dir='ltr'><strong>Fim</strong></span> <span class='ocrx_word' id='word_1_348' title='bbox 2087 3088 2128 3144; x_wconf 63' lang='grc' dir='ltr'>ϐ</span> <span class='ocrx_word' id='word_1_349' title='bbox 2165 3073 2508 3176; x_wconf 41' lang='lat' dir='ltr'><strong>dere&#39;posse,</strong></span> <span class='ocrx_word' id='word_1_350' title='bbox 2540 3100 2926 3158; x_wconf 87' lang='lat' dir='ltr'><strong>conﬁdentiam</strong></span> <span class='ocrx_word' id='word_1_351' title='bbox 2968 3096 3133 3152; x_wconf 89' lang='lat' dir='ltr'><strong>habes</strong></span> <span class='ocrx_word' id='word_1_352' title='bbox 3162 3111 3175 3146; x_wconf 87' lang='lat'><strong>:</strong></span> <span class='ocrx_word' id='word_1_353' title='bbox 3205 3092 3446 3148; x_wconf 86' lang='lat' dir='ltr'><strong>accelera</strong></span> <span class='ocrx_word' id='word_1_354' title='bbox 3483 3089 3668 3162; x_wconf 80' lang='lat' dir='ltr'><strong>igitur,</strong></span> <span class='ocrx_word' id='word_1_355' title='bbox 3700 3104 3733 3139; x_wconf 89' lang='grc' dir='ltr'><strong>ο</strong></span> 
     </span>
    </p>
   </div>
   <div class='ocr_carea' id='block_1_60' title="bbox 485 3165 2065 3238">
    <p class='ocr_par' dir='ltr' id='par_1_60' title="bbox 485 3165 2065 3238">
     <span class='ocr_line' id='line_1_60' title="bbox 485 3165 2065 3238; baseline 0 -18"><span class='ocrx_word' id='word_1_356' title='bbox 485 3165 567 3222; x_wconf 83' lang='grc' dir='ltr'><strong>ιιιί</strong></span> <span class='ocrx_word' id='word_1_357' title='bbox 628 3167 988 3238; x_wconf 88' lang='lat' dir='ltr'><strong>omniumque</strong></span> <span class='ocrx_word' id='word_1_358' title='bbox 1057 3167 1426 3224; x_wconf 87' lang='lat' dir='ltr'><strong>Dominatoris</strong></span> <span class='ocrx_word' id='word_1_359' title='bbox 1477 3169 1878 3233; x_wconf 85' lang='lat' dir='ltr'><strong>misericordia,</strong></span> <span class='ocrx_word' id='word_1_360' title='bbox 1941 3184 2065 3238; x_wconf 63' lang='lat' dir='ltr'><strong>qua:</strong></span> 
     </span>
    </p>
   </div>
   <div class='ocr_carea' id='block_1_61' title="bbox 489 3257 2099 3328">
    <p class='ocr_par' dir='ltr' id='par_1_61' title="bbox 489 3257 2099 3328">
     <span class='ocr_line' id='line_1_61' title="bbox 489 3257 2099 3328; baseline -0.004 -14"><span class='ocrx_word' id='word_1_361' title='bbox 489 3257 720 3315; x_wconf 86' lang='lat' dir='ltr'><strong>molesta</strong></span> <span class='ocrx_word' id='word_1_362' title='bbox 775 3259 960 3313; x_wconf 83' lang='lat' dir='ltr'><strong>omnia</strong></span> <span class='ocrx_word' id='word_1_363' title='bbox 1014 3259 1175 3314; x_wconf 90' lang='lat' dir='ltr'><strong>nobis</strong></span> <span class='ocrx_word' id='word_1_364' title='bbox 1214 3259 1478 3314; x_wconf 86' lang='lat' dir='ltr'><strong>instantia</strong></span> <span class='ocrx_word' id='word_1_365' title='bbox 1518 3258 1777 3328; x_wconf 77' lang='lat' dir='ltr'><strong>depellat,</strong></span> <span class='ocrx_word' id='word_1_366' title='bbox 1809 3271 1861 3312; x_wconf 88' lang='lat' dir='ltr'><strong>et</strong></span> <span class='ocrx_word' id='word_1_367' title='bbox 1892 3258 2099 3326; x_wconf 32' lang='lat' dir='ltr'><strong>libera,</strong></span> 
     </span>
    </p>
   </div>
   <div class='ocr_carea' id='block_1_62' title="bbox 493 3348 2019 3420">
    <p class='ocr_par' dir='ltr' id='par_1_62' title="bbox 493 3348 2019 3420">
     <span class='ocr_line' id='line_1_62' title="bbox 493 3348 2019 3420; baseline 0.001 -17"><span class='ocrx_word' id='word_1_368' title='bbox 493 3363 591 3404; x_wconf 89' lang='lat' dir='ltr'><strong>nos</strong></span> <span class='ocrx_word' id='word_1_369' title='bbox 630 3350 701 3404; x_wconf 93' lang='lat' dir='ltr'><strong>ab</strong></span> <span class='ocrx_word' id='word_1_370' title='bbox 740 3349 1051 3414; x_wconf 87' lang='lat' dir='ltr'><strong>erroribus,</strong></span> <span class='ocrx_word' id='word_1_371' title='bbox 1086 3349 1582 3404; x_wconf 87' lang='lat' dir='ltr'><strong>intercessionibus</strong></span> <span class='ocrx_word' id='word_1_372' title='bbox 1613 3348 1750 3406; x_wconf 89' lang='lat' dir='ltr'><strong>tuis.</strong></span> <span class='ocrx_word' id='word_1_373' title='bbox 2007 3408 2019 3420; x_wconf 63' lang='grc'><em>,</em></span> 
     </span>
    </p>
   </div>
   <div class='ocr_carea' id='block_1_63' title="bbox 563 3435 2064 3507">
    <p class='ocr_par' dir='ltr' id='par_1_63' title="bbox 563 3435 2064 3507">
     <span class='ocr_line' id='line_1_63' title="bbox 563 3435 2064 3507; baseline -0.001 -15"><span class='ocrx_word' id='word_1_374' title='bbox 563 3437 671 3493; x_wconf 77' lang='lat' dir='ltr'><strong>Res</strong></span> <span class='ocrx_word' id='word_1_375' title='bbox 699 3453 895 3507; x_wconf 84' lang='lat' dir='ltr'><strong>graves</strong></span> <span class='ocrx_word' id='word_1_376' title='bbox 927 3437 1277 3492; x_wconf 74' lang='lat' dir='ltr'><strong>multifariam</strong></span> <span class='ocrx_word' id='word_1_377' title='bbox 1307 3451 1456 3491; x_wconf 90' lang='lat' dir='ltr'><strong>nunc</strong></span> <span class='ocrx_word' id='word_1_378' title='bbox 1507 3437 1670 3492; x_wconf 87' lang='lat' dir='ltr'><strong>nobis</strong></span> <span class='ocrx_word' id='word_1_379' title='bbox 1726 3435 2064 3506; x_wconf 86' lang='lat' dir='ltr'><strong>impendent.</strong></span> 
     </span>
    </p>
   </div>
   <div class='ocr_carea' id='block_1_64' title="bbox 499 3528 2070 3601">
    <p class='ocr_par' dir='ltr' id='par_1_64' title="bbox 499 3528 2070 3601">
     <span class='ocr_line' id='line_1_64' title="bbox 499 3528 2070 3601; baseline -0.001 -19"><span class='ocrx_word' id='word_1_380' title='bbox 499 3529 602 3582; x_wconf 86' lang='lat' dir='ltr'><strong>llas</strong></span> <span class='ocrx_word' id='word_1_381' title='bbox 631 3540 687 3583; x_wconf 90' lang='lat' dir='ltr'><strong>tu</strong></span> <span class='ocrx_word' id='word_1_382' title='bbox 721 3532 854 3593; x_wconf 73' lang='lat' dir='ltr'><strong>cito,</strong></span> <span class='ocrx_word' id='word_1_383' title='bbox 879 3544 912 3584; x_wconf 90' lang='grc' dir='ltr'>ο</span> <span class='ocrx_word' id='word_1_384' title='bbox 949 3529 1160 3594; x_wconf 89' lang='lat' dir='ltr'><strong>Puella,</strong></span> <span class='ocrx_word' id='word_1_385' title='bbox 1193 3529 1402 3601; x_wconf 85' lang='lat' dir='ltr'><strong>dissipa</strong></span> <span class='ocrx_word' id='word_1_386' title='bbox 1433 3529 1486 3583; x_wconf 93' lang='lat' dir='ltr'><strong>in</strong></span> <span class='ocrx_word' id='word_1_387' title='bbox 1525 3544 1730 3584; x_wconf 89' lang='lat' dir='ltr'><strong>morem</strong></span> <span class='ocrx_word' id='word_1_388' title='bbox 1762 3528 1920 3592; x_wconf 91' lang='lat' dir='ltr'><strong>fumi,</strong></span> <span class='ocrx_word' id='word_1_389' title='bbox 1947 3543 2070 3582; x_wconf 85' lang='lat' dir='ltr'><strong>ven-</strong></span> 
     </span>
    </p>
   </div>
   <div class='ocr_carea' id='block_1_65' title="bbox 498 3620 2072 3692">
    <p class='ocr_par' dir='ltr' id='par_1_65' title="bbox 498 3620 2072 3692">
     <span class='ocr_line' id='line_1_65' title="bbox 498 3620 2072 3692; baseline -0.001 -17"><span class='ocrx_word' id='word_1_390' title='bbox 498 3625 536 3675; x_wconf 89' lang='lat' dir='ltr'><strong>ti</strong></span> <span class='ocrx_word' id='word_1_391' title='bbox 601 3622 942 3678; x_wconf 73' lang='lat' dir='ltr'><strong>vehementis</strong></span> <span class='ocrx_word' id='word_1_392' title='bbox 1025 3622 1292 3692; x_wconf 90' lang='lat' dir='ltr'><strong>impetum</strong></span> <span class='ocrx_word' id='word_1_393' title='bbox 1366 3622 1520 3677; x_wconf 91' lang='lat' dir='ltr'><strong>nullo</strong></span> <span class='ocrx_word' id='word_1_394' title='bbox 1575 3621 1738 3676; x_wconf 86' lang='lat' dir='ltr'><strong>modo</strong></span> <span class='ocrx_word' id='word_1_395' title='bbox 1795 3620 2072 3674; x_wconf 90' lang='lat' dir='ltr'><strong>sustinere</strong></span> 
     </span>
    </p>
   </div>
   <div class='ocr_carea' id='block_1_66' title="bbox 499 3715 751 3771">
    <p class='ocr_par' dir='ltr' id='par_1_66' title="bbox 499 3715 751 3771">
     <span class='ocr_line' id='line_1_66' title="bbox 499 3715 751 3771; baseline 0.016 -4"><span class='ocrx_word' id='word_1_396' title='bbox 499 3715 751 3771; x_wconf 80' lang='lat' dir='ltr'><strong>valentis.</strong></span> 
     </span>
    </p>
   </div>
   <div class='ocr_carea' id='block_1_67' title="bbox 1167 3806 1414 3864">
    <p class='ocr_par' dir='ltr' id='par_1_67' title="bbox 1167 3806 1414 3864">
     <span class='ocr_line' id='line_1_67' title="bbox 1167 3806 1414 3864; baseline 0.008 -2"><span class='ocrx_word' id='word_1_397' title='bbox 1167 3806 1283 3863; x_wconf 88' lang='lat' dir='ltr'><strong>Ode</strong></span> <span class='ocrx_word' id='word_1_398' title='bbox 1322 3806 1414 3864; x_wconf 76' lang='lat' dir='ltr'><strong>Vl.</strong></span> 
     </span>
    </p>
   </div>
   <div class='ocr_carea' id='block_1_68' title="bbox 571 3919 2074 3992">
    <p class='ocr_par' dir='ltr' id='par_1_68' title="bbox 571 3919 2074 3992">
     <span class='ocr_line' id='line_1_68' title="bbox 571 3919 2074 3992; baseline -0.001 -17"><span class='ocrx_word' id='word_1_399' title='bbox 571 3919 708 3977; x_wconf 67' lang='lat' dir='ltr'><strong>Vita:</strong></span> <span class='ocrx_word' id='word_1_400' title='bbox 741 3922 1061 3985; x_wconf 86' lang='lat' dir='ltr'><strong>commotio,</strong></span> <span class='ocrx_word' id='word_1_401' title='bbox 1088 3935 1122 3977; x_wconf 90' lang='grc' dir='ltr'><strong>ο</strong></span> <span class='ocrx_word' id='word_1_402' title='bbox 1153 3919 1340 3992; x_wconf 82' lang='lat' dir='ltr'><strong>Virgo,</strong></span> <span class='ocrx_word' id='word_1_403' title='bbox 1375 3921 1612 3976; x_wconf 89' lang='lat' dir='ltr'><strong>animam</strong></span> <span class='ocrx_word' id='word_1_404' title='bbox 1635 3921 1846 3988; x_wconf 86' lang='lat' dir='ltr'><strong>turbat,</strong></span> <span class='ocrx_word' id='word_1_405' title='bbox 1877 3922 2074 3977; x_wconf 83' lang='lat' dir='ltr'><strong>turba-</strong></span> 
     </span>
    </p>
   </div>
   <div class='ocr_carea' id='block_1_69' title="bbox 503 4011 2072 4083">
    <p class='ocr_par' dir='ltr' id='par_1_69' title="bbox 503 4011 2072 4083">
     <span class='ocr_line' id='line_1_69' title="bbox 503 4011 2072 4083; baseline -0.001 -17"><span class='ocrx_word' id='word_1_406' title='bbox 503 4016 677 4068; x_wconf 70' lang='lat' dir='ltr'><strong>tiones</strong></span> <span class='ocrx_word' id='word_1_407' title='bbox 705 4027 1102 4083; x_wconf 86' lang='lat' dir='ltr'><strong>usquequaque</strong></span> <span class='ocrx_word' id='word_1_408' title='bbox 1159 4013 1407 4068; x_wconf 89' lang='lat' dir='ltr'><strong>inferunt</strong></span> <span class='ocrx_word' id='word_1_409' title='bbox 1452 4011 1696 4068; x_wconf 56' lang='lat' dir='ltr'><strong>,diﬁicilia</strong></span> <span class='ocrx_word' id='word_1_410' title='bbox 1754 4013 1911 4069; x_wconf 92' lang='lat' dir='ltr'><strong>nobis</strong></span> <span class='ocrx_word' id='word_1_411' title='bbox 1970 4013 2072 4068; x_wconf 85' lang='lat' dir='ltr'><strong>hoc</strong></span> 
     </span>
    </p>
   </div>
   <div class='ocr_carea' id='block_1_70' title="bbox 441 4102 2070 4174">
    <p class='ocr_par' dir='ltr' id='par_1_70' title="bbox 441 4102 2070 4174">
     <span class='ocr_line' id='line_1_70' title="bbox 441 4102 2070 4174; baseline 0.002 -19"><span class='ocrx_word' id='word_1_412' title='bbox 441 4123 460 4141; x_wconf 74' lang='grc' dir='ltr'><strong>ο</strong></span> <span class='ocrx_word' id='word_1_413' title='bbox 504 4113 766 4172; x_wconf 85' lang='lat' dir='ltr'><strong>tempore,</strong></span> <span class='ocrx_word' id='word_1_414' title='bbox 801 4102 916 4158; x_wconf 70' lang='lat' dir='ltr'><strong>haec</strong></span> <span class='ocrx_word' id='word_1_415' title='bbox 942 4103 1273 4174; x_wconf 88' lang='lat' dir='ltr'><strong>quantocius</strong></span> <span class='ocrx_word' id='word_1_416' title='bbox 1306 4103 1564 4174; x_wconf 91' lang='lat' dir='ltr'><strong>precibus</strong></span> <span class='ocrx_word' id='word_1_417' title='bbox 1616 4105 1726 4160; x_wconf 88' lang='lat' dir='ltr'><strong>tuis</strong></span> <span class='ocrx_word' id='word_1_418' title='bbox 1790 4103 2070 4174; x_wconf 89' lang='lat' dir='ltr'><strong>propulsa.</strong></span> 
     </span>
    </p>
   </div>
   <div class='ocr_carea' id='block_1_71' title="bbox 504 4193 2075 4272">
    <p class='ocr_par' dir='ltr' id='par_1_71' title="bbox 504 4193 2075 4272">
     <span class='ocr_line' id='line_1_71' title="bbox 504 4193 2075 4272; baseline 0.001 -24"><span class='ocrx_word' id='word_1_419' title='bbox 504 4193 701 4248; x_wconf 54' lang='lat' dir='ltr'><strong>Rerum</strong></span> <span class='ocrx_word' id='word_1_420' title='bbox 734 4194 1086 4272; x_wconf 80' lang='lat' dir='ltr'><strong>molestarum</strong></span> <span class='ocrx_word' id='word_1_421' title='bbox 1121 4194 1321 4249; x_wconf 87' lang='lat' dir='ltr'><strong>ﬁuctus</strong></span> <span class='ocrx_word' id='word_1_422' title='bbox 1377 4195 1558 4249; x_wconf 81' lang='lat' dir='ltr'><strong>navim</strong></span> <span class='ocrx_word' id='word_1_423' title='bbox 1586 4193 1734 4248; x_wconf 88' lang='lat' dir='ltr'><strong>illam</strong></span> <span class='ocrx_word' id='word_1_424' title='bbox 1761 4196 2075 4265; x_wconf 84' lang='lat' dir='ltr'><strong>demergere</strong></span> 
     </span>
    </p>
   </div>
   <div class='ocr_carea' id='block_1_72' title="bbox 503 4283 2074 4354">
    <p class='ocr_par' dir='ltr' id='par_1_72' title="bbox 503 4283 2074 4354">
     <span class='ocr_line' id='line_1_72' title="bbox 503 4283 2074 4354; baseline 0.001 -18"><span class='ocrx_word' id='word_1_425' title='bbox 503 4286 802 4348; x_wconf 87' lang='lat' dir='ltr'><strong>minantur,</strong></span> <span class='ocrx_word' id='word_1_426' title='bbox 852 4289 1009 4354; x_wconf 90' lang='lat' dir='ltr'><strong>cujus</strong></span> <span class='ocrx_word' id='word_1_427' title='bbox 1060 4292 1138 4347; x_wconf 90' lang='lat' dir='ltr'><strong>tu,</strong></span> <span class='ocrx_word' id='word_1_428' title='bbox 1171 4283 1266 4339; x_wconf 90' lang='lat' dir='ltr'><strong>Dei</strong></span> <span class='ocrx_word' id='word_1_429' title='bbox 1299 4283 1493 4346; x_wconf 79' lang='lat' dir='ltr'><strong>Mater.</strong></span> <span class='ocrx_word' id='word_1_430' title='bbox 1530 4298 1690 4338; x_wconf 91' lang='lat' dir='ltr'><strong>manu</strong></span> <span class='ocrx_word' id='word_1_431' title='bbox 1729 4294 1818 4339; x_wconf 90' lang='lat' dir='ltr'><strong>tua</strong></span> <span class='ocrx_word' id='word_1_432' title='bbox 1869 4285 2074 4354; x_wconf 78' lang='lat' dir='ltr'><strong>guber-</strong></span> 
     </span>
    </p>
   </div>
   <div class='ocr_carea' id='block_1_73' title="bbox 503 4376 2140 4466">
    <p class='ocr_par' dir='ltr' id='par_1_73' title="bbox 503 4376 2140 4466">
     <span class='ocr_line' id='line_1_73' title="bbox 503 4376 2140 4466; baseline 0.002 -38"><span class='ocrx_word' id='word_1_433' title='bbox 503 4377 697 4430; x_wconf 79' lang='lat' dir='ltr'><strong>nacula</strong></span> <span class='ocrx_word' id='word_1_434' title='bbox 735 4377 1064 4442; x_wconf 86' lang='lat' dir='ltr'><strong>moderaris,</strong></span> <span class='ocrx_word' id='word_1_435' title='bbox 1095 4376 1196 4432; x_wconf 88' lang='lat' dir='ltr'><strong>hos</strong></span> <span class='ocrx_word' id='word_1_436' title='bbox 1227 4377 1393 4448; x_wconf 87' lang='lat' dir='ltr'><strong>igitur</strong></span> <span class='ocrx_word' id='word_1_437' title='bbox 1423 4383 1629 4441; x_wconf 87' lang='lat' dir='ltr'><strong>sterne,</strong></span> <span class='ocrx_word' id='word_1_438' title='bbox 1657 4383 1713 4431; x_wconf 89' lang='lat' dir='ltr'><strong>et</strong></span> <span class='ocrx_word' id='word_1_439' title='bbox 1761 4379 2069 4448; x_wconf 52' lang='lat' dir='ltr'><strong>tranquilli.</strong></span> <span class='ocrx_word' id='word_1_440' title='bbox 2101 4413 2140 4466; x_wconf 66' lang='grc' dir='ltr'><strong>η</strong></span> 
     </span>
    </p>
   </div>
   <div class='ocr_carea' id='block_1_74' title="bbox 506 4469 2062 4536">
    <p class='ocr_par' dir='ltr' id='par_1_74' title="bbox 506 4469 2062 4536">
     <span class='ocr_line' id='line_1_74' title="bbox 506 4469 2062 4536; baseline 0.002 -17"><span class='ocrx_word' id='word_1_441' title='bbox 506 4476 669 4520; x_wconf 79' lang='lat' dir='ltr'><strong>tatem</strong></span> <span class='ocrx_word' id='word_1_442' title='bbox 691 4469 948 4536; x_wconf 83' lang='lat' dir='ltr'><strong>precibus</strong></span> <span class='ocrx_word' id='word_1_443' title='bbox 977 4469 1089 4534; x_wconf 86' lang='lat' dir='ltr'><strong>tuis</strong></span> <span class='ocrx_word' id='word_1_444' title='bbox 1123 4469 1392 4522; x_wconf 89' lang='lat' dir='ltr'><strong>concede.</strong></span> <span class='ocrx_word' id='word_1_445' title='bbox 2053 4517 2062 4522; x_wconf 92' lang='lat'><strong>-</strong></span> 
     </span>
    </p>
   </div>
   <div class='ocr_carea' id='block_1_75' title="bbox 571 4549 2071 4630">
    <p class='ocr_par' dir='ltr' id='par_1_75' title="bbox 571 4549 2071 4630">
     <span class='ocr_line' id='line_1_75' title="bbox 571 4549 2071 4630; baseline 0.001 -20"><span class='ocrx_word' id='word_1_446' title='bbox 571 4556 756 4613; x_wconf 70' lang='lat' dir='ltr'><strong>Multis</strong></span> <span class='ocrx_word' id='word_1_447' title='bbox 821 4558 1081 4630; x_wconf 86' lang='lat' dir='ltr'><strong>lacrymis</strong></span> <span class='ocrx_word' id='word_1_448' title='bbox 1139 4573 1278 4629; x_wconf 87' lang='lat' dir='ltr'><strong>opus</strong></span> <span class='ocrx_word' id='word_1_449' title='bbox 1327 4555 1708 4628; x_wconf 80' lang='lat' dir='ltr'><strong>est,oVirgo,</strong></span> <span class='ocrx_word' id='word_1_450' title='bbox 1760 4549 1921 4614; x_wconf 83' lang='lat' dir='ltr'><strong>nobis</strong></span> <span class='ocrx_word' id='word_1_451' title='bbox 1978 4560 2071 4628; x_wconf 89' lang='lat' dir='ltr'><strong>qui</strong></span> 
     </span>
    </p>
   </div>
   <div class='ocr_carea' id='block_1_76' title="bbox 506 4648 2071 4720">
    <p class='ocr_par' dir='ltr' id='par_1_76' title="bbox 506 4648 2071 4720">
     <span class='ocr_line' id='line_1_76' title="bbox 506 4648 2071 4720; baseline -0.001 -16"><span class='ocrx_word' id='word_1_452' title='bbox 506 4648 709 4704; x_wconf 82' lang='lat' dir='ltr'><strong>Christi</strong></span> <span class='ocrx_word' id='word_1_453' title='bbox 745 4659 1013 4719; x_wconf 66' lang='lat' dir='ltr'><strong>praecepta</strong></span> <span class='ocrx_word' id='word_1_454' title='bbox 1051 4651 1326 4720; x_wconf 86' lang='lat' dir='ltr'><strong>aspernati</strong></span> <span class='ocrx_word' id='word_1_455' title='bbox 1380 4666 1595 4711; x_wconf 86' lang='lat' dir='ltr'><strong>sumus.</strong></span> <span class='ocrx_word' id='word_1_456' title='bbox 1651 4658 1876 4719; x_wconf 88' lang='lat' dir='ltr'><strong>propter</strong></span> <span class='ocrx_word' id='word_1_457' title='bbox 1927 4651 2071 4719; x_wconf 88' lang='lat' dir='ltr'><strong>quod</strong></span> 
     </span>
    </p>
   </div>
   <div class='ocr_carea' id='block_1_77' title="bbox 507 4739 2081 4808">
    <p class='ocr_par' dir='ltr' id='par_1_77' title="bbox 507 4739 2081 4808">
     <span class='ocr_line' id='line_1_77' title="bbox 507 4739 2081 4808; baseline 0.001 -14"><span class='ocrx_word' id='word_1_458' title='bbox 507 4755 627 4794; x_wconf 86' lang='lat' dir='ltr'><strong>cuin</strong></span> <span class='ocrx_word' id='word_1_459' title='bbox 681 4739 848 4794; x_wconf 87' lang='lat' dir='ltr'><strong>rebus</strong></span> <span class='ocrx_word' id='word_1_460' title='bbox 903 4740 1149 4794; x_wconf 86' lang='lat' dir='ltr'><strong>sinistris</strong></span> <span class='ocrx_word' id='word_1_461' title='bbox 1193 4740 1484 4808; x_wconf 87' lang='lat' dir='ltr'><strong>luctamur,</strong></span> <span class='ocrx_word' id='word_1_462' title='bbox 1517 4741 1588 4797; x_wconf 88' lang='lat' dir='ltr'><strong>ab</strong></span> <span class='ocrx_word' id='word_1_463' title='bbox 1621 4740 1705 4795; x_wconf 90' lang='lat' dir='ltr'><strong>his</strong></span> <span class='ocrx_word' id='word_1_464' title='bbox 1737 4754 1840 4795; x_wconf 88' lang='lat' dir='ltr'><strong>nos</strong></span> <span class='ocrx_word' id='word_1_465' title='bbox 1874 4741 2081 4795; x_wconf 86' lang='lat' dir='ltr'><strong>redime</strong></span> 
     </span>
    </p>
   </div>
   <div class='ocr_carea' id='block_1_78' title="bbox 509 4831 1684 4901">
    <p class='ocr_par' dir='ltr' id='par_1_78' title="bbox 509 4831 1684 4901">
     <span class='ocr_line' id='line_1_78' title="bbox 509 4831 1684 4901; baseline 0.004 -18"><span class='ocrx_word' id='word_1_466' title='bbox 509 4831 574 4884; x_wconf 88' lang='lat' dir='ltr'><strong>ad</strong></span> <span class='ocrx_word' id='word_1_467' title='bbox 605 4834 866 4901; x_wconf 87' lang='lat' dir='ltr'><strong>optimam</strong></span> <span class='ocrx_word' id='word_1_468' title='bbox 887 4831 1027 4901; x_wconf 64' lang='lat' dir='ltr'><strong>vita:</strong></span> <span class='ocrx_word' id='word_1_469' title='bbox 1063 4832 1335 4886; x_wconf 89' lang='lat' dir='ltr'><strong>rationem</strong></span> <span class='ocrx_word' id='word_1_470' title='bbox 1363 4833 1684 4888; x_wconf 83' lang='lat' dir='ltr'><strong>traducens.</strong></span> 
     </span>
    </p>
   </div>
   <div class='ocr_carea' id='block_1_79' title="bbox 577 4922 2085 4988">
    <p class='ocr_par' dir='ltr' id='par_1_79' title="bbox 577 4922 2085 4988">
     <span class='ocr_line' id='line_1_79' title="bbox 577 4922 2085 4988; baseline -0.001 -10"><span class='ocrx_word' id='word_1_471' title='bbox 577 4922 635 4978; x_wconf 87' lang='lat' dir='ltr'><strong>Si</strong></span> <span class='ocrx_word' id='word_1_472' title='bbox 669 4932 816 4988; x_wconf 88' lang='lat' dir='ltr'><strong>tuos,</strong></span> <span class='ocrx_word' id='word_1_473' title='bbox 852 4937 888 4978; x_wconf 86' lang='grc' dir='ltr'>ο</span> <span class='ocrx_word' id='word_1_474' title='bbox 921 4923 1300 4988; x_wconf 84' lang='lat' dir='ltr'><strong>sanctissima,</strong></span> <span class='ocrx_word' id='word_1_475' title='bbox 1342 4938 1498 4980; x_wconf 87' lang='lat' dir='ltr'><strong>nunc</strong></span> <span class='ocrx_word' id='word_1_476' title='bbox 1523 4924 1594 4978; x_wconf 88' lang='lat' dir='ltr'><strong>ab</strong></span> <span class='ocrx_word' id='word_1_477' title='bbox 1634 4922 1888 4980; x_wconf 82' lang='lat' dir='ltr'><strong>hostibus</strong></span> <span class='ocrx_word' id='word_1_478' title='bbox 1949 4923 2085 4978; x_wconf 81' lang='lat' dir='ltr'><strong>libe-</strong></span> 
     </span>
    </p>
   </div>
   <div class='ocr_carea' id='block_1_80' title="bbox 511 5013 2082 5084">
    <p class='ocr_par' dir='ltr' id='par_1_80' title="bbox 511 5013 2082 5084">
     <span class='ocr_line' id='line_1_80' title="bbox 511 5013 2082 5084; baseline 0.003 -18"><span class='ocrx_word' id='word_1_479' title='bbox 511 5015 738 5078; x_wconf 83' lang='lat' dir='ltr'><strong>ravcris,</strong></span> <span class='ocrx_word' id='word_1_480' title='bbox 787 5013 922 5067; x_wconf 89' lang='lat' dir='ltr'><strong>nihil</strong></span> <span class='ocrx_word' id='word_1_481' title='bbox 977 5013 1082 5069; x_wconf 89' lang='lat' dir='ltr'><strong>erit</strong></span> <span class='ocrx_word' id='word_1_482' title='bbox 1145 5014 1320 5080; x_wconf 87' lang='lat' dir='ltr'><strong>novi;</strong></span> <span class='ocrx_word' id='word_1_483' title='bbox 1363 5015 1540 5084; x_wconf 88' lang='lat' dir='ltr'><strong>magis</strong></span> <span class='ocrx_word' id='word_1_484' title='bbox 1591 5021 1771 5070; x_wconf 90' lang='lat' dir='ltr'><strong>autem</strong></span> <span class='ocrx_word' id='word_1_485' title='bbox 1833 5016 1940 5070; x_wconf 91' lang='lat' dir='ltr'><strong>erit</strong></span> <span class='ocrx_word' id='word_1_486' title='bbox 1990 5024 2082 5070; x_wconf 86' lang='lat' dir='ltr'><strong>tua</strong></span> 
     </span>
    </p>
   </div>
   <div class='ocr_carea' id='block_1_81' title="bbox 514 5085 2082 5178">
    <p class='ocr_par' dir='ltr' id='par_1_81' title="bbox 514 5085 2082 5178">
     <span class='ocr_line' id='line_1_81' title="bbox 514 5085 2082 5178; baseline 0.003 -21"><span class='ocrx_word' id='word_1_487' title='bbox 514 5085 664 5160; x_wconf 57' lang='lat' dir='ltr'><strong>vetus</strong></span> <span class='ocrx_word' id='word_1_488' title='bbox 687 5105 1054 5171; x_wconf 87' lang='lat' dir='ltr'><strong>consuetudo,</strong></span> <span class='ocrx_word' id='word_1_489' title='bbox 1083 5121 1116 5160; x_wconf 93' lang='grc' dir='ltr'>ο</span> <span class='ocrx_word' id='word_1_490' title='bbox 1145 5115 1330 5161; x_wconf 76' lang='lat' dir='ltr'><strong>vertex</strong></span> <span class='ocrx_word' id='word_1_491' title='bbox 1369 5105 1662 5174; x_wconf 86' lang='lat' dir='ltr'><strong>bonitatis;</strong></span> <span class='ocrx_word' id='word_1_492' title='bbox 1690 5107 1758 5161; x_wconf 89' lang='lat' dir='ltr'><strong>ab</strong></span> <span class='ocrx_word' id='word_1_493' title='bbox 1780 5106 1867 5162; x_wconf 87' lang='lat' dir='ltr'><strong>his</strong></span> <span class='ocrx_word' id='word_1_494' title='bbox 1896 5107 2082 5178; x_wconf 87' lang='lat' dir='ltr'><strong>itaque</strong></span> 
     </span>
    </p>
   </div>
   <div class='ocr_carea' id='block_1_82' title="bbox 515 5198 1421 5270">
    <p class='ocr_par' dir='ltr' id='par_1_82' title="bbox 515 5198 1421 5270">
     <span class='ocr_line' id='line_1_82' title="bbox 515 5198 1421 5270; baseline 0.002 -18"><span class='ocrx_word' id='word_1_495' title='bbox 515 5208 569 5252; x_wconf 88' lang='lat' dir='ltr'><strong>ut</strong></span> <span class='ocrx_word' id='word_1_496' title='bbox 595 5199 896 5254; x_wconf 83' lang='lat' dir='ltr'><strong>liberemur</strong></span> <span class='ocrx_word' id='word_1_497' title='bbox 915 5198 1172 5254; x_wconf 85' lang='lat' dir='ltr'><strong>celeriter</strong></span> <span class='ocrx_word' id='word_1_498' title='bbox 1199 5198 1421 5270; x_wconf 86' lang='lat' dir='ltr'><strong>largire.</strong></span> 
     </span>
    </p>
   </div>
   <div class='ocr_carea' id='block_1_83' title="bbox 1165 5311 1425 5369">
    <p class='ocr_par' dir='ltr' id='par_1_83' title="bbox 1165 5311 1425 5369">
     <span class='ocr_line' id='line_1_83' title="bbox 1165 5311 1425 5369; baseline -0.012 0"><span class='ocrx_word' id='word_1_499' title='bbox 1165 5311 1282 5369; x_wconf 82' lang='lat' dir='ltr'><strong>Ode</strong></span> <span class='ocrx_word' id='word_1_500' title='bbox 1314 5311 1425 5367; x_wconf 80' lang='lat' dir='ltr'><strong>Vll.</strong></span> 
     </span>
    </p>
   </div>
   <div class='ocr_carea' id='block_1_84' title="bbox 2167 3201 2477 3255">
    <p class='ocr_par' dir='ltr' id='par_1_84' title="bbox 2167 3201 2477 3255">
     <span class='ocr_line' id='line_1_84' title="bbox 2167 3201 2477 3255; baseline -0.013 0"><span class='ocrx_word' id='word_1_501' title='bbox 2167 3201 2260 3255; x_wconf 83' lang='lat' dir='ltr'><strong>Dei</strong></span> <span class='ocrx_word' id='word_1_502' title='bbox 2285 3201 2477 3254; x_wconf 85' lang='lat' dir='ltr'><strong>Mater.</strong></span> 
     </span>
    </p>
   </div>
   <div class='ocr_carea' id='block_1_85' title="bbox 2241 3273 3733 3359">
    <p class='ocr_par' dir='ltr' id='par_1_85' title="bbox 2241 3273 3733 3359">
     <span class='ocr_line' id='line_1_85' title="bbox 2241 3273 3733 3359; baseline -0.015 -15"><span class='ocrx_word' id='word_1_503' title='bbox 2241 3290 2334 3345; x_wconf 92' lang='lat' dir='ltr'><strong>llle</strong></span> <span class='ocrx_word' id='word_1_504' title='bbox 2368 3303 2528 3359; x_wconf 89' lang='lat' dir='ltr'><strong>quem</strong></span> <span class='ocrx_word' id='word_1_505' title='bbox 2580 3285 2838 3355; x_wconf 88' lang='lat' dir='ltr'><strong>genuisti,</strong></span> <span class='ocrx_word' id='word_1_506' title='bbox 2893 3281 3069 3350; x_wconf 82' lang='lat' dir='ltr'><strong>magis</strong></span> <span class='ocrx_word' id='word_1_507' title='bbox 3110 3279 3306 3348; x_wconf 88' lang='lat' dir='ltr'><strong>gaudet</strong></span> <span class='ocrx_word' id='word_1_508' title='bbox 3352 3273 3558 3330; x_wconf 87' lang='lat' dir='ltr'><strong>donare</strong></span> <span class='ocrx_word' id='word_1_509' title='bbox 3609 3286 3733 3343; x_wconf 79' lang='lat' dir='ltr'><strong>gra-</strong></span> 
     </span>
    </p>
   </div>
   <div class='ocr_carea' id='block_1_86' title="bbox 2167 3362 3734 3450">
    <p class='ocr_par' dir='ltr' id='par_1_86' title="bbox 2167 3362 3734 3450">
     <span class='ocr_line' id='line_1_86' title="bbox 2167 3362 3734 3450; baseline -0.014 -15"><span class='ocrx_word' id='word_1_510' title='bbox 2167 3383 2299 3435; x_wconf 91' lang='lat' dir='ltr'><strong>tiam</strong></span> <span class='ocrx_word' id='word_1_511' title='bbox 2333 3393 2497 3450; x_wconf 88' lang='lat' dir='ltr'><strong>quam</strong></span> <span class='ocrx_word' id='word_1_512' title='bbox 2547 3377 2608 3438; x_wconf 91' lang='lat' dir='ltr'><strong>ii,</strong></span> <span class='ocrx_word' id='word_1_513' title='bbox 2661 3375 2863 3446; x_wconf 87' lang='lat' dir='ltr'><strong>quibus</strong></span> <span class='ocrx_word' id='word_1_514' title='bbox 2926 3373 3042 3440; x_wconf 91' lang='lat' dir='ltr'><strong>ipsa</strong></span> <span class='ocrx_word' id='word_1_515' title='bbox 3081 3369 3263 3434; x_wconf 89' lang='lat' dir='ltr'><strong>datur,</strong></span> <span class='ocrx_word' id='word_1_516' title='bbox 3289 3366 3564 3438; x_wconf 81' lang='lat' dir='ltr'><strong>gaudeant</strong></span> <span class='ocrx_word' id='word_1_517' title='bbox 3591 3362 3734 3415; x_wconf 78' lang='lat' dir='ltr'><strong>acci-</strong></span> 
     </span>
    </p>
   </div>
   <div class='ocr_carea' id='block_1_87' title="bbox 2170 3453 3736 3543">
    <p class='ocr_par' dir='ltr' id='par_1_87' title="bbox 2170 3453 3736 3543">
     <span class='ocr_line' id='line_1_87' title="bbox 2170 3453 3736 3543; baseline -0.015 -15"><span class='ocrx_word' id='word_1_518' title='bbox 2170 3488 2316 3543; x_wconf 90' lang='lat' dir='ltr'><strong>pere.</strong></span> <span class='ocrx_word' id='word_1_519' title='bbox 2355 3467 2595 3524; x_wconf 89' lang='lat' dir='ltr'><strong>Proinde</strong></span> <span class='ocrx_word' id='word_1_520' title='bbox 2621 3476 2676 3520; x_wconf 92' lang='lat' dir='ltr'><strong>tu</strong></span> <span class='ocrx_word' id='word_1_521' title='bbox 2726 3465 2874 3536; x_wconf 85' lang='lat' dir='ltr'><strong>apud</strong></span> <span class='ocrx_word' id='word_1_522' title='bbox 2912 3463 3066 3516; x_wconf 91' lang='lat' dir='ltr'><strong>illum</strong></span> <span class='ocrx_word' id='word_1_523' title='bbox 3106 3473 3202 3530; x_wconf 89' lang='lat' dir='ltr'><strong>pro</strong></span> <span class='ocrx_word' id='word_1_524' title='bbox 3253 3459 3415 3512; x_wconf 89' lang='lat' dir='ltr'><strong>nobis</strong></span> <span class='ocrx_word' id='word_1_525' title='bbox 3467 3453 3736 3543; x_wconf 80' lang='lat' dir='ltr'><strong>legatione</strong></span> 
     </span>
    </p>
   </div>
   <div class='ocr_carea' id='block_1_88' title="bbox 2169 3542 3733 3636">
    <p class='ocr_par' dir='ltr' id='par_1_88' title="bbox 2169 3542 3733 3636">
     <span class='ocr_line' id='line_1_88' title="bbox 2169 3542 3733 3636; baseline -0.017 -16"><span class='ocrx_word' id='word_1_526' title='bbox 2169 3542 2399 3636; x_wconf 80' lang='lat' dir='ltr'><strong>fungens</strong></span> <span class='ocrx_word' id='word_1_527' title='bbox 2454 3562 2709 3615; x_wconf 84' lang='lat' dir='ltr'><strong>universa</strong></span> <span class='ocrx_word' id='word_1_528' title='bbox 2765 3553 3048 3625; x_wconf 85' lang='lat' dir='ltr'><strong>expedias.</strong></span> <span class='ocrx_word' id='word_1_529' title='bbox 3104 3548 3273 3618; x_wconf 84' lang='lat' dir='ltr'><strong>Perge</strong></span> <span class='ocrx_word' id='word_1_530' title='bbox 3305 3547 3511 3615; x_wconf 87' lang='lat' dir='ltr'><strong>itaque,</strong></span> <span class='ocrx_word' id='word_1_531' title='bbox 3543 3559 3576 3598; x_wconf 95' lang='lat' dir='ltr'><strong>o</strong></span> <span class='ocrx_word' id='word_1_532' title='bbox 3608 3542 3733 3596; x_wconf 82' lang='lat' dir='ltr'><strong>Dei-</strong></span> 
     </span>
    </p>
   </div>
   <div class='ocr_carea' id='block_1_89' title="bbox 2169 3673 2318 3728">
    <p class='ocr_par' dir='ltr' id='par_1_89' title="bbox 2169 3673 2318 3728">
     <span class='ocr_line' id='line_1_89' title="bbox 2169 3673 2318 3728; baseline -0.02 -19"><span class='ocrx_word' id='word_1_533' title='bbox 2169 3673 2318 3728; x_wconf 82' lang='lat' dir='ltr'><strong>para.</strong></span> 
     </span>
    </p>
   </div>
   <div class='ocr_carea' id='block_1_90' title="bbox 2833 3754 3067 3812">
    <p class='ocr_par' dir='ltr' id='par_1_90' title="bbox 2833 3754 3067 3812">
     <span class='ocr_line' id='line_1_90' title="bbox 2833 3754 3067 3812; baseline -0.021 0"><span class='ocrx_word' id='word_1_534' title='bbox 2833 3758 2945 3812; x_wconf 84' lang='lat' dir='ltr'><strong>Ode</strong></span> <span class='ocrx_word' id='word_1_535' title='bbox 2977 3754 3067 3810; x_wconf 80' lang='lat' dir='ltr'><strong>IX.</strong></span> 
     </span>
    </p>
   </div>
   <div class='ocr_carea' id='block_1_91' title="bbox 2242 3859 3732 3946">
    <p class='ocr_par' dir='ltr' id='par_1_91' title="bbox 2242 3859 3732 3946">
     <span class='ocr_line' id='line_1_91' title="bbox 2242 3859 3732 3946; baseline -0.017 -12"><span class='ocrx_word' id='word_1_536' title='bbox 2242 3882 2432 3944; x_wconf 87' lang='lat' dir='ltr'><strong>Deum,</strong></span> <span class='ocrx_word' id='word_1_537' title='bbox 2455 3894 2489 3932; x_wconf 93' lang='grc' dir='ltr'><strong>ο</strong></span> <span class='ocrx_word' id='word_1_538' title='bbox 2518 3875 2707 3946; x_wconf 76' lang='lat' dir='ltr'><strong>Virgo,</strong></span> <span class='ocrx_word' id='word_1_539' title='bbox 2737 3871 3041 3927; x_wconf 90' lang='lat' dir='ltr'><strong>secundum</strong></span> <span class='ocrx_word' id='word_1_540' title='bbox 3095 3880 3316 3920; x_wconf 85' lang='lat' dir='ltr'><strong>carnem</strong></span> <span class='ocrx_word' id='word_1_541' title='bbox 3351 3859 3610 3932; x_wconf 81' lang='lat' dir='ltr'><strong>genuisti,</strong></span> <span class='ocrx_word' id='word_1_542' title='bbox 3639 3860 3732 3928; x_wconf 75' lang='lat' dir='ltr'><strong>Qui</strong></span> 
     </span>
    </p>
   </div>
   <div class='ocr_carea' id='block_1_92' title="bbox 2170 3952 3737 4040">
    <p class='ocr_par' dir='ltr' id='par_1_92' title="bbox 2170 3952 3737 4040">
     <span class='ocr_line' id='line_1_92' title="bbox 2170 3952 3737 4040; baseline -0.018 -11"><span class='ocrx_word' id='word_1_543' title='bbox 2170 3976 2334 4030; x_wconf 86' lang='lat' dir='ltr'><strong>etiam</strong></span> <span class='ocrx_word' id='word_1_544' title='bbox 2377 3984 2476 4040; x_wconf 93' lang='lat' dir='ltr'><strong>pro</strong></span> <span class='ocrx_word' id='word_1_545' title='bbox 2508 3968 2666 4022; x_wconf 90' lang='lat' dir='ltr'><strong>nobis</strong></span> <span class='ocrx_word' id='word_1_546' title='bbox 2690 3960 3000 4018; x_wconf 84' lang='lat' dir='ltr'><strong>voluntarie</strong></span> <span class='ocrx_word' id='word_1_547' title='bbox 3028 3972 3222 4029; x_wconf 86' lang='lat' dir='ltr'><strong>passus</strong></span> <span class='ocrx_word' id='word_1_548' title='bbox 3257 3961 3361 4008; x_wconf 89' lang='lat' dir='ltr'><strong>est.</strong></span> <span class='ocrx_word' id='word_1_549' title='bbox 3390 3952 3526 4006; x_wconf 89' lang='lat' dir='ltr'><strong>Cum</strong></span> <span class='ocrx_word' id='word_1_550' title='bbox 3568 3952 3737 4006; x_wconf 87' lang='lat' dir='ltr'><strong>susti-</strong></span> 
     </span>
    </p>
   </div>
   <div class='ocr_carea' id='block_1_93' title="bbox 2174 4045 3737 4122">
    <p class='ocr_par' dir='ltr' id='par_1_93' title="bbox 2174 4045 3737 4122">
     <span class='ocr_line' id='line_1_93' title="bbox 2174 4045 3737 4122; baseline -0.017 0"><span class='ocrx_word' id='word_1_551' title='bbox 2174 4069 2385 4122; x_wconf 86' lang='lat' dir='ltr'><strong>nuisset</strong></span> <span class='ocrx_word' id='word_1_552' title='bbox 2443 4068 2622 4114; x_wconf 90' lang='lat' dir='ltr'><strong>autem</strong></span> <span class='ocrx_word' id='word_1_553' title='bbox 2654 4063 2905 4118; x_wconf 86' lang='lat' dir='ltr'><strong>mortem,</strong></span> <span class='ocrx_word' id='word_1_554' title='bbox 2953 4051 3147 4106; x_wconf 87' lang='lat' dir='ltr'><strong>mortis</strong></span> <span class='ocrx_word' id='word_1_555' title='bbox 3176 4046 3412 4103; x_wconf 87' lang='lat' dir='ltr'><strong>vinculis</strong></span> <span class='ocrx_word' id='word_1_556' title='bbox 3437 4060 3533 4100; x_wconf 84' lang='lat' dir='ltr'><strong>eos</strong></span> <span class='ocrx_word' id='word_1_557' title='bbox 3555 4045 3737 4098; x_wconf 81' lang='lat' dir='ltr'><strong>absol~</strong></span> 
     </span>
    </p>
   </div>
   <div class='ocr_carea' id='block_1_94' title="bbox 2172 4138 3733 4226">
    <p class='ocr_par' dir='ltr' id='par_1_94' title="bbox 2172 4138 3733 4226">
     <span class='ocr_line' id='line_1_94' title="bbox 2172 4138 3733 4226; baseline -0.013 -13"><span class='ocrx_word' id='word_1_558' title='bbox 2172 4166 2248 4213; x_wconf 84' lang='lat' dir='ltr'><strong>vit</strong></span> <span class='ocrx_word' id='word_1_559' title='bbox 2275 4159 2364 4226; x_wconf 83' lang='lat' dir='ltr'><strong>qui</strong></span> <span class='ocrx_word' id='word_1_560' title='bbox 2390 4162 2547 4209; x_wconf 88' lang='lat' dir='ltr'><strong>erant</strong></span> <span class='ocrx_word' id='word_1_561' title='bbox 2577 4151 2635 4206; x_wconf 91' lang='lat' dir='ltr'><strong>in</strong></span> <span class='ocrx_word' id='word_1_562' title='bbox 2667 4147 2904 4203; x_wconf 85' lang='lat' dir='ltr'><strong>inferno.</strong></span> <span class='ocrx_word' id='word_1_563' title='bbox 2946 4143 3086 4197; x_wconf 84' lang='lat' dir='ltr'><strong>lluic</strong></span> <span class='ocrx_word' id='word_1_564' title='bbox 3123 4142 3290 4212; x_wconf 89' lang='lat' dir='ltr'><strong>igitur</strong></span> <span class='ocrx_word' id='word_1_565' title='bbox 3322 4139 3573 4208; x_wconf 86' lang='lat' dir='ltr'><strong>supplica</strong></span> <span class='ocrx_word' id='word_1_566' title='bbox 3610 4145 3669 4190; x_wconf 88' lang='lat' dir='ltr'><strong>ut</strong></span> <span class='ocrx_word' id='word_1_567' title='bbox 3699 4138 3733 4192; x_wconf 88' lang='lat' dir='ltr'><strong>ii</strong></span> 
     </span>
    </p>
   </div>
   <div class='ocr_carea' id='block_1_95' title="bbox 2173 4229 3676 4321">
    <p class='ocr_par' dir='ltr' id='par_1_95' title="bbox 2173 4229 3676 4321">
     <span class='ocr_line' id='line_1_95' title="bbox 2173 4229 3676 4321; baseline -0.015 -17"><span class='ocrx_word' id='word_1_568' title='bbox 2173 4250 2264 4321; x_wconf 89' lang='lat' dir='ltr'><strong>qui</strong></span> <span class='ocrx_word' id='word_1_569' title='bbox 2295 4259 2347 4304; x_wconf 88' lang='lat' dir='ltr'><strong>te</strong></span> <span class='ocrx_word' id='word_1_570' title='bbox 2377 4245 2620 4307; x_wconf 89' lang='lat' dir='ltr'><strong>laudant,</strong></span> <span class='ocrx_word' id='word_1_571' title='bbox 2653 4255 2680 4292; x_wconf 90' lang='lat' dir='ltr'><strong>a</strong></span> <span class='ocrx_word' id='word_1_572' title='bbox 2716 4238 2880 4318; x_wconf 85' lang='lat' dir='ltr'><strong>rebus</strong></span> <span class='ocrx_word' id='word_1_573' title='bbox 2906 4232 3398 4321; x_wconf 76' lang='lat' dir='ltr'><strong>sinistrisvaleant</strong></span> <span class='ocrx_word' id='word_1_574' title='bbox 3448 4229 3676 4283; x_wconf 80' lang='lat' dir='ltr'><strong>exsolvi.</strong></span> 
     </span>
    </p>
   </div>
   <div class='ocr_carea' id='block_1_96' title="bbox 2243 4309 3737 4400">
    <p class='ocr_par' dir='ltr' id='par_1_96' title="bbox 2243 4309 3737 4400">
     <span class='ocr_line' id='line_1_96' title="bbox 2243 4309 3737 4400; baseline -0.017 -8"><span class='ocrx_word' id='word_1_575' title='bbox 2243 4336 2533 4391; x_wconf 85' lang='lat' dir='ltr'><strong>Hominum</strong></span> <span class='ocrx_word' id='word_1_576' title='bbox 2576 4343 2747 4400; x_wconf 89' lang='lat' dir='ltr'><strong>genus</strong></span> <span class='ocrx_word' id='word_1_577' title='bbox 2797 4314 2907 4380; x_wconf 79' lang='lat' dir='ltr'><strong>Deo</strong></span> <span class='ocrx_word' id='word_1_578' title='bbox 2964 4309 3230 4395; x_wconf 60' lang='lat' dir='ltr'><strong>peccavit,</strong></span> <span class='ocrx_word' id='word_1_579' title='bbox 3263 4327 3317 4373; x_wconf 88' lang='lat' dir='ltr'><strong>et</strong></span> <span class='ocrx_word' id='word_1_580' title='bbox 3365 4333 3539 4388; x_wconf 90' lang='lat' dir='ltr'><strong>usque</strong></span> <span class='ocrx_word' id='word_1_581' title='bbox 3588 4331 3737 4371; x_wconf 81' lang='lat' dir='ltr'><strong>nunc.</strong></span> 
     </span>
    </p>
   </div>
   <div class='ocr_carea' id='block_1_97' title="bbox 2176 4408 3737 4497">
    <p class='ocr_par' dir='ltr' id='par_1_97' title="bbox 2176 4408 3737 4497">
     <span class='ocr_line' id='line_1_97' title="bbox 2176 4408 3737 4497; baseline -0.013 -18"><span class='ocrx_word' id='word_1_582' title='bbox 2176 4428 2499 4497; x_wconf 70' lang='lat' dir='ltr'><strong>procedunt,</strong></span> <span class='ocrx_word' id='word_1_583' title='bbox 2542 4433 2574 4474; x_wconf 93' lang='grc' dir='ltr'>ο</span> <span class='ocrx_word' id='word_1_584' title='bbox 2605 4414 3108 4476; x_wconf 84' lang='lat' dir='ltr'><strong>iutemeratissima,</strong></span> <span class='ocrx_word' id='word_1_585' title='bbox 3143 4410 3238 4465; x_wconf 90' lang='lat' dir='ltr'><strong>sed</strong></span> <span class='ocrx_word' id='word_1_586' title='bbox 3272 4425 3378 4464; x_wconf 87' lang='lat' dir='ltr'><strong>non</strong></span> <span class='ocrx_word' id='word_1_587' title='bbox 3401 4417 3530 4463; x_wconf 91' lang='lat' dir='ltr'><strong>sunt</strong></span> <span class='ocrx_word' id='word_1_588' title='bbox 3560 4408 3737 4461; x_wconf 86' lang='lat' dir='ltr'><strong>homi-</strong></span> 
     </span>
    </p>
   </div>
   <div class='ocr_carea' id='block_1_98' title="bbox 2178 4497 3735 4574">
    <p class='ocr_par' dir='ltr' id='par_1_98' title="bbox 2178 4497 3735 4574">
     <span class='ocr_line' id='line_1_98' title="bbox 2178 4497 3735 4574; baseline -0.013 -6"><span class='ocrx_word' id='word_1_589' title='bbox 2178 4528 2307 4569; x_wconf 91' lang='lat' dir='ltr'><strong>num</strong></span> <span class='ocrx_word' id='word_1_590' title='bbox 2334 4523 2549 4567; x_wconf 86' lang='lat' dir='ltr'><strong>errores</strong></span> <span class='ocrx_word' id='word_1_591' title='bbox 2591 4501 2924 4574; x_wconf 87' lang='lat' dir='ltr'><strong>hujusmodi,</strong></span> <span class='ocrx_word' id='word_1_592' title='bbox 2957 4515 3095 4570; x_wconf 88' lang='lat' dir='ltr'><strong>quos</strong></span> <span class='ocrx_word' id='word_1_593' title='bbox 3130 4497 3224 4552; x_wconf 87' lang='lat' dir='ltr'><strong>Dei</strong></span> <span class='ocrx_word' id='word_1_594' title='bbox 3274 4498 3498 4568; x_wconf 85' lang='lat' dir='ltr'><strong>sanguis</strong></span> <span class='ocrx_word' id='word_1_595' title='bbox 3544 4511 3735 4550; x_wconf 87' lang='lat' dir='ltr'><strong>eorum</strong></span> 
     </span>
    </p>
   </div>
   <div class='ocr_carea' id='block_1_99' title="bbox 2176 4587 3734 4676">
    <p class='ocr_par' dir='ltr' id='par_1_99' title="bbox 2176 4587 3734 4676">
     <span class='ocr_line' id='line_1_99' title="bbox 2176 4587 3734 4676; baseline -0.015 -17"><span class='ocrx_word' id='word_1_596' title='bbox 2176 4607 2348 4676; x_wconf 85' lang='lat' dir='ltr'><strong>gratia</strong></span> <span class='ocrx_word' id='word_1_597' title='bbox 2366 4602 2575 4657; x_wconf 81' lang='lat' dir='ltr'><strong>eﬁ&#39;usus</strong></span> <span class='ocrx_word' id='word_1_598' title='bbox 2595 4596 2858 4653; x_wconf 88' lang='lat' dir='ltr'><strong>mundare</strong></span> <span class='ocrx_word' id='word_1_599' title='bbox 2875 4608 2982 4648; x_wconf 92' lang='lat' dir='ltr'><strong>non</strong></span> <span class='ocrx_word' id='word_1_600' title='bbox 3010 4599 3215 4662; x_wconf 87' lang='lat' dir='ltr'><strong>posset.</strong></span> <span class='ocrx_word' id='word_1_601' title='bbox 3239 4589 3365 4645; x_wconf 84' lang='lat' dir='ltr'><strong>ideo</strong></span> <span class='ocrx_word' id='word_1_602' title='bbox 3390 4602 3538 4643; x_wconf 89' lang='lat' dir='ltr'><strong>nune</strong></span> <span class='ocrx_word' id='word_1_603' title='bbox 3558 4587 3734 4656; x_wconf 86' lang='lat' dir='ltr'><strong>ipsum</strong></span> 
     </span>
    </p>
   </div>
   <div class='ocr_carea' id='block_1_100' title="bbox 2177 4689 3039 4768">
    <p class='ocr_par' dir='ltr' id='par_1_100' title="bbox 2177 4689 3039 4768">
     <span class='ocr_line' id='line_1_100' title="bbox 2177 4689 3039 4768; baseline -0.014 -17"><span class='ocrx_word' id='word_1_604' title='bbox 2177 4713 2274 4768; x_wconf 88' lang='lat' dir='ltr'><strong>pro</strong></span> <span class='ocrx_word' id='word_1_605' title='bbox 2306 4695 2483 4760; x_wconf 87' lang='lat' dir='ltr'><strong>nobis,</strong></span> <span class='ocrx_word' id='word_1_606' title='bbox 2509 4708 2542 4746; x_wconf 90' lang='grc' dir='ltr'><strong>ο</strong></span> <span class='ocrx_word' id='word_1_607' title='bbox 2566 4689 2816 4752; x_wconf 90' lang='lat' dir='ltr'><strong>Domina,</strong></span> <span class='ocrx_word' id='word_1_608' title='bbox 2854 4699 3039 4741; x_wconf 82' lang='lat' dir='ltr'><strong>exora.</strong></span> 
     </span>
    </p>
   </div>
   <div class='ocr_carea' id='block_1_101' title="bbox 2246 4773 3736 4853">
    <p class='ocr_par' dir='ltr' id='par_1_101' title="bbox 2246 4773 3736 4853">
     <span class='ocr_line' id='line_1_101' title="bbox 2246 4773 3736 4853; baseline -0.012 -11"><span class='ocrx_word' id='word_1_609' title='bbox 2246 4787 2429 4843; x_wconf 88' lang='lat' dir='ltr'><strong>llostis</strong></span> <span class='ocrx_word' id='word_1_610' title='bbox 2465 4783 2679 4853; x_wconf 81' lang='lat' dir='ltr'><strong>tyranni</strong></span> <span class='ocrx_word' id='word_1_611' title='bbox 2740 4778 2947 4848; x_wconf 88' lang='lat' dir='ltr'><strong>antiqui</strong></span> <span class='ocrx_word' id='word_1_612' title='bbox 3000 4775 3292 4847; x_wconf 88' lang='lat' dir='ltr'><strong>potentiam</strong></span> <span class='ocrx_word' id='word_1_613' title='bbox 3345 4773 3650 4844; x_wconf 90' lang='lat' dir='ltr'><strong>disperdas,</strong></span> <span class='ocrx_word' id='word_1_614' title='bbox 3701 4787 3736 4824; x_wconf 84' lang='grc' dir='ltr'><strong>ο</strong></span> 
     </span>
    </p>
   </div>
   <div class='ocr_carea' id='block_1_102' title="bbox 2179 4864 3728 4954">
    <p class='ocr_par' dir='ltr' id='par_1_102' title="bbox 2179 4864 3728 4954">
     <span class='ocr_line' id='line_1_102' title="bbox 2179 4864 3728 4954; baseline -0.015 -18"><span class='ocrx_word' id='word_1_615' title='bbox 2179 4883 2495 4954; x_wconf 81' lang='lat' dir='ltr'><strong>purissima,</strong></span> <span class='ocrx_word' id='word_1_616' title='bbox 2523 4877 2672 4932; x_wconf 87' lang='lat' dir='ltr'><strong>velut</strong></span> <span class='ocrx_word' id='word_1_617' title='bbox 2706 4875 2924 4928; x_wconf 90' lang='lat' dir='ltr'><strong>mollem</strong></span> <span class='ocrx_word' id='word_1_618' title='bbox 2951 4880 3004 4926; x_wconf 91' lang='lat' dir='ltr'><strong>et</strong></span> <span class='ocrx_word' id='word_1_619' title='bbox 3030 4883 3282 4925; x_wconf 86' lang='lat' dir='ltr'><strong>enervem</strong></span> <span class='ocrx_word' id='word_1_620' title='bbox 3318 4864 3728 4954; x_wconf 84' lang='lat' dir='ltr'><strong>intercessioni-</strong></span> 
     </span>
    </p>
   </div>
   <div class='ocr_carea' id='block_1_103' title="bbox 2179 4953 3732 5035">
    <p class='ocr_par' dir='ltr' id='par_1_103' title="bbox 2179 4953 3732 5035">
     <span class='ocr_line' id='line_1_103' title="bbox 2179 4953 3732 5035; baseline -0.015 -9"><span class='ocrx_word' id='word_1_621' title='bbox 2179 4953 2277 5028; x_wconf 80' lang='lat' dir='ltr'><strong>lzus</strong></span> <span class='ocrx_word' id='word_1_622' title='bbox 2313 4969 2447 5034; x_wconf 87' lang='lat' dir='ltr'><strong>tuis,</strong></span> <span class='ocrx_word' id='word_1_623' title='bbox 2481 4977 2644 5035; x_wconf 87' lang='lat' dir='ltr'><strong>atque</strong></span> <span class='ocrx_word' id='word_1_624' title='bbox 2688 4963 2838 5016; x_wconf 88' lang='lat' dir='ltr'><strong>illius</strong></span> <span class='ocrx_word' id='word_1_625' title='bbox 2871 4960 3072 5014; x_wconf 86' lang='lat' dir='ltr'><strong>fastum</strong></span> <span class='ocrx_word' id='word_1_626' title='bbox 3126 4957 3180 5009; x_wconf 90' lang='lat' dir='ltr'><strong>in</strong></span> <span class='ocrx_word' id='word_1_627' title='bbox 3229 4955 3399 5007; x_wconf 89' lang='lat' dir='ltr'><strong>altum</strong></span> <span class='ocrx_word' id='word_1_628' title='bbox 3461 4953 3732 5008; x_wconf 83' lang='lat' dir='ltr'><strong>sublatum</strong></span> 
     </span>
    </p>
   </div>
   <div class='ocr_carea' id='block_1_104' title="bbox 2174 5041 3734 5134">
    <p class='ocr_par' dir='ltr' id='par_1_104' title="bbox 2174 5041 3734 5134">
     <span class='ocr_line' id='line_1_104' title="bbox 2174 5041 3734 5134; baseline -0.014 -17"><span class='ocrx_word' id='word_1_629' title='bbox 2174 5062 2420 5134; x_wconf 69' lang='lat' dir='ltr'><strong>dejieias,</strong></span> <span class='ocrx_word' id='word_1_630' title='bbox 2455 5071 2489 5111; x_wconf 86' lang='grc' dir='ltr'><strong>ο</strong></span> <span class='ocrx_word' id='word_1_631' title='bbox 2535 5053 2717 5124; x_wconf 84' lang='lat' dir='ltr'><strong>Virgo,</strong></span> <span class='ocrx_word' id='word_1_632' title='bbox 2759 5059 2994 5118; x_wconf 87' lang='lat' dir='ltr'><strong>tuosque</strong></span> <span class='ocrx_word' id='word_1_633' title='bbox 3039 5059 3226 5100; x_wconf 88' lang='lat' dir='ltr'><strong>servos</strong></span> <span class='ocrx_word' id='word_1_634' title='bbox 3252 5058 3376 5098; x_wconf 90' lang='lat' dir='ltr'><strong>cum</strong></span> <span class='ocrx_word' id='word_1_635' title='bbox 3413 5041 3578 5096; x_wconf 89' lang='lat' dir='ltr'><strong>rebus</strong></span> <span class='ocrx_word' id='word_1_636' title='bbox 3612 5057 3734 5112; x_wconf 80' lang='lat' dir='ltr'><strong>gra-</strong></span> 
     </span>
    </p>
   </div>
   <div class='ocr_carea' id='block_1_105' title="bbox 2178 5131 3485 5205">
    <p class='ocr_par' dir='ltr' id='par_1_105' title="bbox 2178 5131 3485 5205">
     <span class='ocr_line' id='line_1_105' title="bbox 2178 5131 3485 5205; baseline -0.017 0"><span class='ocrx_word' id='word_1_637' title='bbox 2178 5131 2656 5205; x_wconf 84' lang='lat' dir='ltr'><strong>vibusinnumeris</strong></span> <span class='ocrx_word' id='word_1_638' title='bbox 2688 5141 2956 5192; x_wconf 89' lang='lat' dir='ltr'><strong>luctantes</strong></span> <span class='ocrx_word' id='word_1_639' title='bbox 2987 5133 3248 5192; x_wconf 86' lang='lat' dir='ltr'><strong>velociter</strong></span> <span class='ocrx_word' id='word_1_640' title='bbox 3287 5131 3485 5185; x_wconf 86' lang='lat' dir='ltr'><strong>invise.</strong></span> 
     </span>
    </p>
   </div>
   <div class='ocr_carea' id='block_1_106' title="bbox 2248 5218 3730 5307">
    <p class='ocr_par' dir='ltr' id='par_1_106' title="bbox 2248 5218 3730 5307">
     <span class='ocr_line' id='line_1_106' title="bbox 2248 5218 3730 5307; baseline -0.017 -12"><span class='ocrx_word' id='word_1_641' title='bbox 2248 5240 2352 5294; x_wconf 79' lang='lat' dir='ltr'><strong>Eos</strong></span> <span class='ocrx_word' id='word_1_642' title='bbox 2377 5237 2470 5307; x_wconf 92' lang='lat' dir='ltr'><strong>qui</strong></span> <span class='ocrx_word' id='word_1_643' title='bbox 2501 5248 2601 5290; x_wconf 90' lang='lat' dir='ltr'><strong>nos</strong></span> <span class='ocrx_word' id='word_1_644' title='bbox 2638 5232 2740 5286; x_wconf 90' lang='lat' dir='ltr'><strong>hoc</strong></span> <span class='ocrx_word' id='word_1_645' title='bbox 2789 5237 3031 5296; x_wconf 88' lang='lat' dir='ltr'><strong>tempore</strong></span> <span class='ocrx_word' id='word_1_646' title='bbox 3080 5230 3306 5288; x_wconf 88' lang='lat' dir='ltr'><strong>terrent,</strong></span> <span class='ocrx_word' id='word_1_647' title='bbox 3341 5238 3374 5277; x_wconf 94' lang='lat' dir='ltr'><strong>o</strong></span> <span class='ocrx_word' id='word_1_648' title='bbox 3415 5218 3730 5292; x_wconf 82' lang='lat' dir='ltr'><strong>purissima.</strong></span> 
     </span>
    </p>
   </div>
   <div class='ocr_carea' id='block_1_107' title="bbox 2176 5313 3729 5402">
    <p class='ocr_par' dir='ltr' id='par_1_107' title="bbox 2176 5313 3729 5402">
     <span class='ocr_line' id='line_1_107' title="bbox 2176 5313 3729 5402; baseline -0.015 -15"><span class='ocrx_word' id='word_1_649' title='bbox 2176 5346 2232 5387; x_wconf 90' lang='lat' dir='ltr'><strong>tu</strong></span> <span class='ocrx_word' id='word_1_650' title='bbox 2259 5333 2503 5402; x_wconf 79' lang='lat' dir='ltr'><strong>trepidos</strong></span> <span class='ocrx_word' id='word_1_651' title='bbox 2532 5342 2595 5380; x_wconf 85' lang='lat' dir='ltr'><strong>ac</strong></span> <span class='ocrx_word' id='word_1_652' title='bbox 2635 5322 2856 5378; x_wconf 87' lang='lat' dir='ltr'><strong>timidos</strong></span> <span class='ocrx_word' id='word_1_653' title='bbox 2889 5321 2944 5373; x_wconf 93' lang='lat' dir='ltr'><strong>in</strong></span> <span class='ocrx_word' id='word_1_654' title='bbox 2980 5319 3163 5390; x_wconf 88' lang='lat' dir='ltr'><strong>fugam</strong></span> <span class='ocrx_word' id='word_1_655' title='bbox 3208 5317 3420 5386; x_wconf 89' lang='lat' dir='ltr'><strong>conjiee</strong></span> <span class='ocrx_word' id='word_1_656' title='bbox 3449 5323 3505 5369; x_wconf 88' lang='lat' dir='ltr'><strong>et</strong></span> <span class='ocrx_word' id='word_1_657' title='bbox 3536 5313 3729 5367; x_wconf 85' lang='lat' dir='ltr'><strong>borum</strong></span> 
     </span>
    </p>
   </div>
   <div class='ocr_carea' id='block_1_108' title="bbox 584 5407 3730 5496">
    <p class='ocr_par' dir='ltr' id='par_1_108' title="bbox 584 5407 3730 5496">
     <span class='ocr_line' id='line_1_108' title="bbox 584 5407 3730 5496; baseline -0.006 -16"><span class='ocrx_word' id='word_1_658' title='bbox 584 5422 767 5480; x_wconf 85' lang='lat' dir='ltr'><strong>Unum</strong></span> <span class='ocrx_word' id='word_1_659' title='bbox 794 5424 1072 5494; x_wconf 88' lang='lat' dir='ltr'><strong>quoddam</strong></span> <span class='ocrx_word' id='word_1_660' title='bbox 1097 5432 1430 5496; x_wconf 63' lang='lat' dir='ltr'><strong>praceptum</strong></span> <span class='ocrx_word' id='word_1_661' title='bbox 1463 5433 1846 5495; x_wconf 84' lang='lat' dir='ltr'><strong>transgressus</strong></span> <span class='ocrx_word' id='word_1_662' title='bbox 1875 5433 1986 5487; x_wconf 88' lang='lat' dir='ltr'><strong>est,</strong></span> <span class='ocrx_word' id='word_1_663' title='bbox 2011 5441 2088 5479; x_wconf 71' lang='lat' dir='ltr'><strong>vae</strong></span> <span class='ocrx_word' id='word_1_664' title='bbox 2180 5435 2495 5494; x_wconf 85' lang='lat' dir='ltr'><strong>prosperum</strong></span> <span class='ocrx_word' id='word_1_665' title='bbox 2527 5431 2747 5472; x_wconf 86' lang='lat' dir='ltr'><strong>cursum</strong></span> <span class='ocrx_word' id='word_1_666' title='bbox 2783 5413 2899 5496; x_wconf 82' lang='lat' dir='ltr'><strong>ipsa</strong></span> <span class='ocrx_word' id='word_1_667' title='bbox 2953 5425 3159 5466; x_wconf 88' lang='lat' dir='ltr'><strong>reseca.</strong></span> <span class='ocrx_word' id='word_1_668' title='bbox 3201 5407 3277 5463; x_wconf 88' lang='lat' dir='ltr'><strong>Da</strong></span> <span class='ocrx_word' id='word_1_669' title='bbox 3318 5417 3499 5463; x_wconf 87' lang='lat' dir='ltr'><strong>autem</strong></span> <span class='ocrx_word' id='word_1_670' title='bbox 3531 5407 3730 5476; x_wconf 83' lang='lat' dir='ltr'><strong>populo</strong></span> 
     </span>
    </p>
   </div>
   <div class='ocr_carea' id='block_1_109' title="bbox 517 5515 2086 5587">
    <p class='ocr_par' dir='ltr' id='par_1_109' title="bbox 517 5515 2086 5587">
     <span class='ocr_line' id='line_1_109' title="bbox 517 5515 2086 5587; baseline -0.001 -17"><span class='ocrx_word' id='word_1_671' title='bbox 517 5515 703 5582; x_wconf 81' lang='lat' dir='ltr'><strong>nobis,</strong></span> <span class='ocrx_word' id='word_1_672' title='bbox 741 5531 774 5573; x_wconf 95' lang='lat' dir='ltr'><strong>o</strong></span> <span class='ocrx_word' id='word_1_673' title='bbox 805 5515 1056 5580; x_wconf 87' lang='lat' dir='ltr'><strong>Domina,</strong></span> <span class='ocrx_word' id='word_1_674' title='bbox 1092 5517 1304 5587; x_wconf 89' lang='lat' dir='ltr'><strong>primus</strong></span> <span class='ocrx_word' id='word_1_675' title='bbox 1353 5526 1508 5586; x_wconf 87' lang='lat' dir='ltr'><strong>pater</strong></span> <span class='ocrx_word' id='word_1_676' title='bbox 1532 5515 1728 5580; x_wconf 82' lang='lat' dir='ltr'><strong>Adam.</strong></span> <span class='ocrx_word' id='word_1_677' title='bbox 1756 5524 1813 5570; x_wconf 91' lang='lat' dir='ltr'><strong>et</strong></span> <span class='ocrx_word' id='word_1_678' title='bbox 1838 5515 1964 5569; x_wconf 89' lang='lat' dir='ltr'><strong>facti</strong></span> <span class='ocrx_word' id='word_1_679' title='bbox 1999 5516 2086 5571; x_wconf 87' lang='lat' dir='ltr'><strong>sui</strong></span> 
     </span>
    </p>
   </div>
   <div class='ocr_carea' id='block_1_110' title="bbox 521 5606 2083 5692">
    <p class='ocr_par' dir='ltr' id='par_1_110' title="bbox 521 5606 2083 5692">
     <span class='ocr_line' id='line_1_110' title="bbox 521 5606 2083 5692; baseline -0.003 -28"><span class='ocrx_word' id='word_1_680' title='bbox 521 5623 733 5677; x_wconf 64' lang='lat' dir='ltr'><strong>penam</strong></span> <span class='ocrx_word' id='word_1_681' title='bbox 801 5609 988 5665; x_wconf 83' lang='lat' dir='ltr'><strong>statim</strong></span> <span class='ocrx_word' id='word_1_682' title='bbox 1044 5607 1193 5662; x_wconf 87' lang='lat' dir='ltr'><strong>dedit</strong></span> <span class='ocrx_word' id='word_1_683' title='bbox 1253 5607 1384 5662; x_wconf 86' lang='lat' dir='ltr'><strong>Deo.</strong></span> <span class='ocrx_word' id='word_1_684' title='bbox 1443 5606 1580 5663; x_wconf 90' lang='lat' dir='ltr'><strong>Cum</strong></span> <span class='ocrx_word' id='word_1_685' title='bbox 1648 5620 1776 5662; x_wconf 89' lang='lat' dir='ltr'><strong>vero</strong></span> <span class='ocrx_word' id='word_1_686' title='bbox 1837 5606 1903 5692; x_wconf 84' lang='lat' dir='ltr'><strong>ad</strong></span> <span class='ocrx_word' id='word_1_687' title='bbox 1950 5607 2083 5661; x_wconf 88' lang='lat' dir='ltr'><strong>iram</strong></span> 
     </span>
    </p>
   </div>
   <div class='ocr_carea' id='block_1_111' title="bbox 2178 5494 3729 5577">
    <p class='ocr_par' dir='ltr' id='par_1_111' title="bbox 2178 5494 3729 5577">
     <span class='ocr_line' id='line_1_111' title="bbox 2178 5494 3729 5577; baseline -0.01 -10"><span class='ocrx_word' id='word_1_688' title='bbox 2178 5524 2296 5577; x_wconf 90' lang='lat' dir='ltr'><strong>tuo,</strong></span> <span class='ocrx_word' id='word_1_689' title='bbox 2344 5522 2401 5566; x_wconf 88' lang='lat' dir='ltr'><strong>ut</strong></span> <span class='ocrx_word' id='word_1_690' title='bbox 2433 5519 2674 5566; x_wconf 88' lang='lat' dir='ltr'><strong>statuere</strong></span> <span class='ocrx_word' id='word_1_691' title='bbox 2723 5494 2896 5576; x_wconf 84' lang='lat' dir='ltr'><strong>possit</strong></span> <span class='ocrx_word' id='word_1_692' title='bbox 2953 5518 3019 5558; x_wconf 81' lang='lat' dir='ltr'><strong>ex</strong></span> <span class='ocrx_word' id='word_1_693' title='bbox 3071 5503 3205 5571; x_wconf 86' lang='lat' dir='ltr'><strong>ipsis</strong></span> <span class='ocrx_word' id='word_1_694' title='bbox 3252 5511 3472 5570; x_wconf 82' lang='lat' dir='ltr'><strong>trOpa-a,</strong></span> <span class='ocrx_word' id='word_1_695' title='bbox 3513 5508 3570 5553; x_wconf 88' lang='lat' dir='ltr'><strong>ut</strong></span> <span class='ocrx_word' id='word_1_696' title='bbox 3599 5498 3729 5552; x_wconf 84' lang='lat' dir='ltr'><strong>oliui</strong></span> 
     </span>
    </p>
   </div>
   <div class='ocr_carea' id='block_1_112' title="bbox 2190 5598 3269 5670">
    <p class='ocr_par' dir='ltr' id='par_1_112' title="bbox 2190 5598 3269 5670">
     <span class='ocr_line' id='line_1_112' title="bbox 2190 5598 3269 5670; baseline -0.003 -16"><span class='ocrx_word' id='word_1_697' title='bbox 2190 5599 2493 5670; x_wconf 81' lang='lat' dir='ltr'><strong>majoribus</strong></span> <span class='ocrx_word' id='word_1_698' title='bbox 2555 5600 2758 5654; x_wconf 89' lang='lat' dir='ltr'><strong>nostris</strong></span> <span class='ocrx_word' id='word_1_699' title='bbox 2783 5607 3025 5654; x_wconf 74' lang='lat' dir='ltr'><strong>Statuerc</strong></span> <span class='ocrx_word' id='word_1_700' title='bbox 3050 5598 3269 5655; x_wconf 84' lang='lat' dir='ltr'><strong>dedisti.</strong></span> 
     </span>
    </p>
   </div>
   <div class='ocr_carea' id='block_1_113' title="bbox 1960 5787 2329 5811">
    <p class='ocr_par' dir='ltr' id='par_1_113' title="bbox 1960 5787 2329 5811">
     <span class='ocr_line' id='line_1_113' title="bbox 1960 5787 2329 5811; baseline 0 -5"><span class='ocrx_word' id='word_1_701' title='bbox 1960 5787 2329 5811; x_wconf 52' lang='lat' dir='ltr'><strong>m</strong></span> 
     </span>
    </p>
   </div>
  </div>
