4080 6668
398 430 502 494 17

1546 434 1813 497 MANUE
1827 435 1942 495 ωδ
1988 431 2075 492 ΡΛ
2091 434 2436 497 ι.;νῙΞΟΙ.ΟΟ[

3551 442 3660 504 ιεε

400 557 482 600 ter
514 544 842 605 charissimc
870 565 885 604 :
924 559 976 605 et
1000 548 1124 606 illos
1151 551 1373 616 docere,
1406 552 1497 623 qui
1529 552 1714 622 priore
1755 552 1810 606 in
1847 566 1972 605 seu-

2093 550 2394 619 περίεργον·
2421 549 2515 603 καὶ
2538 549 2597 603 τὺ
2617 549 2897 604 διδάσκειν
2916 550 3178 619 ἒχείνους,
3201 552 3252 606 οἶ
3276 556 3390 617 ταῖς
3410 556 3518 624 πρό
3532 561 3589 611 :0
3604 579 3662 610 ,ν

400 638 593 705 tentia,
620 641 786 695 etiam
814 651 1108 712 postquam
1144 644 1400 699 falsitatis
1428 646 1682 700 convicta
1706 653 1810 709 est,
1844 659 1976 711 per-

403 738 646 794 manent,
670 734 1051 790 vanissimum.
1092 736 1247 791 Unde
1279 737 1537 792 stolidum
1571 739 1976 807 quodammodo

400 821 575 876 videri
606 825 803 893 possit,
835 840 961 880 cum
998 828 1335 897 quibuslibet
1365 830 1430 884 de
1455 828 1756 885 Turcarum
1789 832 1978 886 inﬁde-

399 912 554 967 litate
580 914 665 967 Vel
690 914 833 970 falso
886 917 1164 972 nominata
1214 919 1317 974 fide
1354 921 1617 991 colloqui.
1658 921 1897 987 Etenim,
1929 921 1975 977 si

401 1001 527 1069 quis
554 1000 620 1056 de
650 1002 753 1057 ista
795 1018 921 1059 cum
955 1005 1059 1076 piis
1103 1015 1249 1077 agat,
1273 1022 1397 1064 cum
1434 1009 1504 1065 iis
1528 1009 1732 1078 quibus
1753 1026 1980 1081 persua-

401 1107 522 1146 sum
559 1102 644 1149 est
693 1094 1042 1165 colloquetur
1098 1115 1114 1153 :
1166 1100 1248 1152 sin
1285 1114 1418 1155 vero
1452 1116 1577 1156 cum
1627 1101 1811 1171 impiis
1845 1102 1975 1171 illis,

403 1198 508 1239 non
540 1186 922 1254 persuadebis,
956 1189 1170 1245 etiamsi
1201 1193 1567 1261 persuaseris,
1603 1202 1663 1249 ut
1694 1196 1769 1247 ait
1795 1195 1980 1251 Comi-

401 1290 524 1330 cus.
556 1273 691 1331 Nam
718 1279 915 1344 errori,
949 1281 1035 1335 cui
1072 1296 1193 1337 sese
1229 1282 1474 1340 volentes
1500 1285 1602 1353 ipsi
1627 1286 2005 1355 dediderunt,

403 1369 708 1435 δείδιθι-(νηί,
733 1380 793 1427 ut
836 1374 1014 1445 polypi
1055 1378 1248 1446 petris.
1278 1378 1331 1434 Id
1358 1396 1483 1435 cum
1510 1396 1573 1436 ex
1611 1384 1799 1440 multis
1836 1400 1980 1441 sem-
2042 1376 2047 1381 ’

404 1478 504 1531 per
536 1463 838 1531 audissem,
872 1482 1046 1536 nuper
1073 1468 1188 1539 ipsa
1211 1484 1394 1524 rerum
1423 1474 1759 1543 experientia
1793 1476 1980 1534 videre

406 1554 539 1607 mihi
575 1556 825 1628 contigit.
878 1557 1013 1611 Cum
1052 1559 1221 1627 enim,
1262 1562 1407 1631 quod
1458 1565 1623 1619 rebus
1670 1568 1876 1625 nostris
1906 1570 1979 1625 ita

406 1648 717 1704 conducere
789 1651 966 1719 magis
1024 1652 1333 1718 videbatur,
1393 1657 1658 1712 auxilium
1715 1662 1979 1719 adversus

405 1735 637 1806 Scythas
666 1739 741 1793 illi
762 1739 984 1808 ferrem,
1004 1744 1095 1813 qui
1115 1746 1403 1814 acquisitis
1430 1755 1543 1802 tum
1570 1759 1761 1805 nostro
1792 1752 1980 1809 labore

2077 642 2311 705 έννοίαις
2351 641 2654 710 ὲμμένουσι
2681 644 2775 696 καὶ
2813 645 2950 713 μετὰ
2994 645 3053 697 τὸ
3090 646 3290 709 ταύτας
3324 648 3660 718 ἐλεγχθῆναι

2075 734 2311 802 ψευδεῖς,
2345 735 2468 788 λίαν
2501 736 2753 803 μάταιον.
2774 737 2940 789 Ὅθεν
2962 738 3267 791 κινδυνεύει
3296 758 3408 801 πως
3435 743 3662 795 ἀϐέλτε-

2081 841 2173 893 ρον
2207 822 2345 878 εἷναι
2387 826 2586 889 δοκεῖν,
2618 827 2946 882 οἱστισινοῦν
2990 829 3336 897 διαλέγεσθαι
3388 834 3515 900 περὶ
3556 837 3660 901 τῆς

2075 920 2185 971 τῶν
2243 918 2510 990 Τούρκων
2555 920 2816 984 ἀπιστίας
2881 922 2915 992 ἢ
2971 922 3331 992 ψευδωνύμου
3388 928 3657 989 πίστεως.

2079 1008 2363 1081 Εἴτεεγὰρ
2413 1011 2665 1065 εὐσεϐέσι
2713 1029 2798 1074 τις
2854 1015 2984 1084 περὶ
3025 1021 3253 1085 ταυτησὶ
3311 1016 3657 1085 διαλέγοιτο,

2080 1104 2472 1173 πεπεισμένοις
2493 1103 2561 1157 ἂν
2582 1104 2903 1174 διαλέγοιτο·
2924 1107 3031 1159 εἴτε
3054 1108 3294 1160 τουτοισὶ
3314 1111 3427 1171 τοῖς
3451 1109 3655 1176 ἀθέοις,

2077 1188 2138 1242 ού
2175 1191 2405 1255 πείσεις,
2449 1192 2557 1244 οὐδ’
2594 1194 2663 1261 ἢν
2716 1195 2934 1265 πείσῃς,
2978 1198 3142 1264 φησιν
3173 1198 3202 1250 ὁ
3252 1198 3509 1266 κωμικός
3548 1200 3653 1271 (ι).

2084 1281 2337 1348 Ἐχονται
2381 1282 2487 1353 γὰρ
2533 1283 2632 1353 τῆς
2671 1284 2905 1354 ἀπάτης,
3013 1288 3154 1357 σφᾶς
3202 1288 3397 1351 αὐτοὺς
3434 1291 3659 1354 ἑκόντες

2079 1372 2353 1437 ἐξέδοσαν,
2403 1375 2652 1446 καθάπερ
2687 1378 2736 1430 οἱ
2788 1378 3089 1443 πολύποδες
3142 1380 3250 1433 τῶν
3303 1382 3518 1451 πετρῶν
3551 1382 3658 1449 (Ξ).

2079 1466 2253 1519 Τοῦτο
2277 1465 2333 1521 δὲ
2376 1466 2588 1521 πολλῶν
2624 1468 2723 1537 μὲν
2749 1470 2833 1521 ἀεὶ
2861 1469 3128 1536 λεγόντων
3158 1473 3394 1543 ἀκήκοα,
3425 1473 3660 1545 ἔναγχος

2078 1554 2135 1608 δέ
2187 1573 2278 1624 μοι
2328 1556 2523 1626 ξυνέϐη
2575 1558 2669 1610 καὶ
2708 1559 2878 1629 πείρᾳ
2927 1560 3077 1614 ἰδεῖν.
3104 1562 3234 1615 Ὅτε
3287 1564 3395 1630 γὰρ
3428 1564 3660 1633 ἄμεινον

2082 1642 2219 1698 εἶναι
2250 1646 2432 1712 δόξαν,
2459 1648 2603 1702 κατά
2644 1648 2754 1703 τῶν
2801 1650 3026 1703 Σκυθῶν
3066 1653 3409 1724 συνεμάχουν
3447 1655 3523 1724 τῷ
3560 1657 3660 1707 καὶ

2081 1737 2268 1799 αὐτοῖς
2313 1737 2377 1809 δὴ
2425 1741 2637 1801 τούτοις
2689 1740 2813 1794 καθ’
2844 1742 2999 1812 ἡμῶν
3047 1742 3143 1795 νῦν
3196 1745 3487 1814 χρωμένῳ,
3524 1745 3561 1798 ἃ
3593 1747 3659 1799 «ea

404 1837 462 1879 et
518 1831 765 1897 periculo
801 1833 998 1902 opibus
1032 1845 1224 1890 contra
1265 1852 1362 1893 nos
1414 1855 1563 1895 nunc
1597 1844 1769 1897 utitur
1800 1863 1815 1898 ε
1853 1855 1982 1901 tunc

2093 1830 2389 1898 τηνικαῦτα
2414 1832 2596 1895 πόνοις
2624 1834 2912 1903 ἡμετέροις
2936 1836 3030 1887 καὶ
3059 1835 3326 1899 κινδύνοις
3352 1840 3661 1907 προσεκτή-

407 1918 575 1988 igitur
627 1928 858 1993 Ancyra:
906 1928 957 1981 in
1016 1927 1150 1983 urbe
1179 1929 1309 1983 olim
1344 1932 1563 2001 quidem
1616 1936 1807 2000 nobili,
1837 1952 1983 1995 nunc

2093 1936 2239 1976 σατο⁶
2271 1922 2393 1975 τότε
2424 1923 2605 1976 τοίνυν
2634 1926 2694 1977 ἐν
2731 1926 2996 1997 Ἀγκύρᾳ,
3023 1931 3087 1997 τῇ
3124 1945 3251 1981 ποτε
3293 1930 3391 1999 μὲν
3424 1931 3658 1997 εὐγενεῖ,

407 2028 538 2068 vero
578 2031 685 2069 non
726 2018 877 2082 item,
918 2022 1119 2092 quippe
1161 2038 1284 2093 qua:
1340 2024 1413 2078 sit
1476 2025 1772 2095 impietatis
1806 2029 1980 2096 dives,

406 2107 499 2164 ubi
530 2110 737 2167 diutius
788 2115 1121 2170 commorari
1170 2116 1486 2187 Oportebat,
1547 2134 1713 2175 senex
1763 2137 1848 2175 me
1887 2122 1986 2177 ho-

408 2200 578 2267 spitio
602 2205 838 2272 excepit,
865 2207 959 2273 qui
988 2209 1237 2275 quamvis
1266 2210 1378 2279 ipse
1396 2212 1557 2265 etiam
1587 2230 1775 2269 recens
1800 2232 1989 2272 acces-

408 2292 574 2348 sisset
603 2295 823 2366 (quippe
862 2298 1140 2370 Babylone
1179 2309 1293 2355 tum
1363 2309 1607 2374 venerat)
1643 2346 1659 2371 ,
1685 2298 1879 2377 magna
1908 2319 1987 2364 ta.

410 2400 534 2438 men
569 2385 622 2440 in
657 2388 858 2457 Oppido
909 2399 1025 2447 crat
1058 2392 1341 2462 dignitate.
1402 2395 1539 2450 Nam
1583 2401 1891 2466 pendebant
1918 2419 1986 2458 ex

408 2477 529 2546 ejus
550 2494 646 2534 ore
670 2481 987 2553 quicunque
1027 2483 1241 2554 judiees
1306 2497 1486 2552 erant,
1523 2497 1577 2545 et
1617 2491 1859 2557 ipsorum
1900 2510 1990 2549 sa-

408 2572 629 2640 picntim
659 2576 929 2645 magistri.
960 2579 1010 2633 ls
1045 2578 1315 2638 Muderris
1352 2585 1697 2639 vocabatur:
1738 2587 1845 2644 hoc
1887 2606 1988 2642 uo-

410 2682 533 2721 men
574 2678 658 2724 est
706 2671 1065 2739 prasidentix
1093 2686 1147 2729 et
1200 2674 1453 2731 honoris.
1490 2680 1704 2749 Itaque,
1738 2697 1835 2750 per
1875 2683 1991 2737 hie-

412 2775 555 2813 mem
583 2761 756 2816 otium
780 2772 997 2827 nactus,
1024 2764 1078 2818 in
1112 2766 1337 2820 multam
1362 2784 1503 2836 saepe
1531 2782 1742 2826 noctem
1774 2789 1898 2826 cum
1926 2789 1991 2830 eo

410 2857 765 2926 colloquebar
794 2860 978 2930 :quod
1008 2870 1065 2916 ut
1098 2859 1332 2918 facerem
1363 2864 1479 2934 ipse
1514 2882 1598 2920 nte
1631 2868 1873 2937 rogabat,
1894 2886 1992 2923 an-

413 2948 594 3003 diendi
624 2951 926 3006 studiosus.
952 2954 1086 3007 Erat
1125 2966 1305 3012 autem
1339 2960 1421 3011 vir
1446 2959 1643 3027 bonus,
1678 2973 1738 3014 ut
1768 2964 1994 3017 videba-

414 3049 540 3094 tur:
582 3056 682 3096 ncc
704 3043 850 3096 enim
890 3047 1244 3100 contentione
1295 3050 1585 3116 gaudebat,
1621 3052 1716 3106 sed
1756 3069 1881 3108 vera
1911 3055 1993 3107 di-

414 3133 581 3197 centi,
613 3134 830 3190 etiamsi
879 3152 987 3191 non
1042 3138 1113 3193 ita
1145 3139 1302 3195 facile
1336 3144 1483 3209 (nam
1516 3144 1823 3212 anticipate
1877 3146 1993 3215 opi-

2085 2013 2181 2067 νῦν
2211 2013 2257 2066 δ’
2287 2016 2389 2068 οὐκ
2438 2015 2539 2080 ἔτι,
2574 2017 2827 2070 ἀσέϐειαν
2879 2018 3207 2090 πλουτούσῃ,
3242 2021 3441 2087 δεῆσαν
3480 2022 3660 2074 αὑτοῦ

2084 2107 2367 2179 διατρίψαι
2419 2109 2611 2179 χρόνον
2664 2110 2723 2161 οὗ
2776 2110 2918 2162 πάνυ
2975 2109 3203 2181 βραχὺν,
3253 2112 3443 2183 ἔτυχον
3497 2114 3663 2176 αὐτὸς

2088 2199 2355 2265 ξενισθεὶς
2399 2202 2551 2270 παρὰ
2593 2202 2813 2271 γέροντί
2846 2220 2975 2267 τινι,
3020 2204 3236 2273 νεήλυδι
3271 2205 3373 2269 μὲν
3421 2206 3507 2272 (ἐκ
3551 2206 3665 2273 γὰρ

2088 2292 2407 2356 Βαϐυλῶνος
2442 2293 2563 2347 τότε
2594 2293 2815 2363 ἀφῖκτο)
2854 2294 3017 2365 τιμῆς
3048 2295 3093 2346 δ’
3125 2296 3202 2365 (5)
3239 2296 3404 2347 αὑτοῦ
3434 2313 3667 2364 serum-

2088 2381 2208 2433 κότι
2239 2379 2339 2449 τῆς
2388 2380 2657 2451 μείζονος.
2694 2383 2896 2435 Τούτου
2946 2384 3053 2453 γάρ
3098 2385 3196 2453 τῆς
3225 2385 3471 2456 γλώττης
3503 2384 3669 2456 ἐξήρο

2088 2489 2273 2541 τηντο,
2306 2474 2421 2526 ὅσοι
2460 2474 2734 2539 δικασταὶ,
2772 2478 2862 2528 καὶ
2898 2477 3013 2529 ὅσοι
3046 2476 3147 2544 τῆς
3187 2478 3306 2531 κατ’
3339 2479 3534 2540 αὐτοὺς
3570 2497 3669 2531 σο-

2092 2566 2219 2631 φίας
2250 2565 2583 2623 διδάσκαλοι.
2617 2568 2965 2638 Μουτερίζης
3003 2565 3157 2633 οὗτος
3195 2572 3664 2641 προσηγορεύετο·

2090 2657 2264 2724 ϐνομα
2295 2658 2349 2710 δὲ
2380 2656 2541 2711 τοῦτο
2574 2659 2675 2727 τῆς
2709 2661 3003 2729 προεδρίας
3042 2680 3099 2713 τε
3134 2663 3228 2715 καί⁸
3258 2666 3443 2731 τιμῆς.
3476 2664 3668 2734 Τούτῳ

2092 2746 2402 2813 τοιγαροῦν,
2432 2750 2700 2816 χειμῶνος
2745 2750 2945 2820 σχολῆς
2978 2752 3294 2821 λαϐόμενος,
3328 2754 3514 2825 πόρρω
3558 2772 3665 2808 που

2092 2840 2305 2891 νυκτῶν
2350 2840 2608 2899 πολλάκις
2651 2841 2992 2913 διελεγόμην·
3024 2844 3193 2897 ἐδεῖτο
3233 2846 3340 2915 γάρ
3374 2864 3476 2915 μου
3506 2846 3666 2899 τοῦτο

2096 2932 2289 2992 ποιεῖν,
2321 2932 2579 3002 φιλήκοος
2613 2932 2705 2987 ὢν.
2739 2933 2929 3005 Ἐᾠκει
2967 2936 3011 2989 δ’
3038 2936 3144 3005 ἄρα
3180 2937 3505 3007 εὐγνώμονι·
3542 2939 3667 2992 οὐδὲ

2095 3023 2204 3091 γὰρ
2232 3022 2447 3092 ἔχαιρεν
2473 3024 2636 3093 ἔριδι,
2664 3025 2779 3080 ἀλλ’
2809 3029 2856 3079 εί
2888 3028 2981 3081 καὶ
3015 3028 3088 3097 μὴ
3118 3027 3319 3099 ῥᾳδίως
3344 3028 3667 3099 ἀληθεύοντι

2099 3114 2347 3167 ἐπείθετο
2373 3117 2451 3185 (σί
2485 3118 2594 3187 γὰρ
2628 3118 2924 3192 προλήψεις
2951 3120 3124 3173 δειναὶ
3149 3120 3403 3194 κατέχειν
3433 3123 3490 3174 ὲν
3524 3121 3667 3179 ἀπα-

413 3226 611 3281 nioncs
642 3227 838 3281 mirum
869 3237 1137 3297 quantum
1171 3231 1225 3286 in
1254 3233 1509 3289 omnibus
1539 3236 1826 3306 resistunt)
1856 3280 1868 3303 ,
1902 3255 1987 3294 as-

2099 3207 2225 3276 σιν),
2261 3207 2510 3276 ἐπείθετο
2534 3208 2581 3263 δ’
2603 3204 2718 3264 οὖν.

413 3315 753 3371 sentiebatur
774 3325 975 3373 tamen.

486 3409 539 3462 ‘2.
583 3409 716 3464 Illud
752 3424 881 3466 vero
913 3409 1279 3469 admiratione
1312 3425 1399 3470 est
1427 3416 1671 3486 dignum,
1696 3421 1861 3488 quod,
1889 3424 1989 3477 etsi

417 3500 581 3558 dictis
605 3503 940 3566 assentiens,
968 3507 1166 3573 partim
1202 3517 1414 3574 sponte,
1442 3510 1640 3579 partim
1668 3512 1895 3580 invitus,
1920 3518 1993 3570 ob

414 3609 479 3648 ea
515 3610 637 3662 qua;
666 3594 1021 3664 interroganti
1055 3599 1445 3665 respondebat,
1475 3582 1707 3656 ulterius
1736 3606 1989 3675 progredi

420 3686 606 3740 nollet.
639 3685 775 3741 Nam
816 3702 1006 3741 eorum
1046 3688 1294 3757 quidem,
1332 3706 1452 3759 qua:
1494 3690 1847 3759 dicebantur,
1879 3712 1994 3751 ma-

418 3793 523 3844 gna
555 3792 678 3832 eum
707 3777 923 3832 tenebat
941 3778 1254 3844 admiratio,
1279 3781 1513 3850 plusque
1536 3785 1788 3853 capiebat
1806 3787 1991 3857 gaudii

421 3887 545 3926 vera
568 3871 989 3940 discens,quam
1013 3868 1189 3928 victus
1218 3872 1492 3929 maeroris.
1522 3874 1625 3930 Sed
1656 3892 1778 3945 quae
1803 3879 1992 3934 mirari

420 3964 771 4034 dignabatur,
809 3962 1061 4032 amplecti
1088 3977 1148 4017 ea
1174 3979 1281 4017 non
1315 3966 1616 4020 sustinebat
1643 3985 1656 4021 :
1680 3968 1997 4038 religiones-

420 4074 528 4127 que
561 4072 689 4113 suas
737 4071 847 4110 non
890 4054 1046 4109 valde
1083 4055 1370 4111 videbatur
1399 4059 1684 4125 admirari,
1726 4069 1779 4115 et
1812 4070 1993 4117 tamen

423 4152 627 4205 malum
664 4150 928 4205 daemonis
964 4150 1273 4221 depositum
1310 4151 1669 4206 nihilominus
1717 4155 1997 4208 custodire

424 4240 955 4306 Studebat.Etenim,
988 4242 1208 4312 opinor,
1241 4241 1690 4296 absurdissimam
1725 4256 1847 4297 esse
1879 4258 1993 4295 rem

426 4334 672 4405 putabat,
709 4332 763 4388 in
800 4342 946 4388 tanta
993 4342 1271 4390 senectute
1303 4344 1617 4404 naturaeque
1650 4334 1997 4389 decrementa

424 4443 455 4480 a
488 4426 661 4495 prima
683 4423 961 4494 impietate
994 4424 1324 4481 desciscere.
1348 4424 1489 4491 Quin
1524 4426 1687 4479 etiam
1715 4425 1759 4480 si
1783 4441 1996 4481 sermo-

2173 3409 2239 3479 β’.
2277 3412 2343 3464 Ὀ
2369 3411 2427 3464 δὲ
2456 3411 2760 3481 θαυμάζειν
2800 3411 2972 3479 ἀξιον,
3005 3413 3110 3480 ὅτι,
3136 3416 3338 3487 καίπερ
3363 3417 3477 3479 τοῖς
3508 3416 3667 3485 λεγο-

2103 3503 2284 3572 μένοις
2329 3503 2630 3571 ὁμολογών,
2683 3504 2759 3572 πῆ
2814 3504 2914 3573 μὲν
2948 3502 3110 3571 ἑκὼν,
3152 3505 3230 3576 πῆ
3275 3505 3331 3561 δὲ
3372 3506 3543 3571 ἄκων,
3581 3502 3669 3572 οἷς

2101 3593 2456 3663 ἐρωτώμενος
2494 3595 2845 3664 άπεκρῖνετο,
2893 3596 3205 3666 περαιτέρω
3243 3596 3523 3665 προελθεῖν
3567 3599 3669 3652 οὐκ

2100 3684 2377 3741 ἐϐούλετο.
2415 3686 2575 3738 Ἀλλά
2622 3687 2790 3749 πολὺς
2824 3686 2925 3754 μὲν
2971 3682 3038 3757 ἦν
3074 3688 3366 3757 θαυμάζων
3410 3690 3479 3742 τὰ
3512 3690 3672 3758 λεγό-

2103 3795 2264 3845 μενα,
2291 3779 2386 3831 καὶ
2416 3779 2620 3846 μᾶλλον
2648 3779 2809 3846 ἥδετο
2841 3778 3133 3848 μανθάνων
3154 3780 3389 3849 τάληθῆ,
3416 3781 3449 3851 ἢ
3477 3782 3671 3851 ἠνιᾶτο

2101 3872 2433 3941 ἡττώμενος.
2460 3874 2527 3926 "A
2559 3875 2602 3926 δ’
2633 3870 2725 3927 οὖν
2761 3872 3062 3941 θαυμάζειν
3092 3873 3265 3943 ἠξίου,
3301 3876 3510 3937 τούτοις
3543 3894 3672 3930 συν-

2099 3964 2342 4018 τίθεσθαι
2362 3966 2463 4018 οὐκ
2485 3965 2749 4035 ἠνείχετο·
2771 3964 2886 4017 ἀλλ’
2905 3966 3115 4032 ἑωρᾶτο
3141 3966 3241 4035 μὲν
3261 3966 3394 4019 αὐτὸ
3418 3968 3477 4020 τὸ
3504 3969 3671 4031 σέϐας

2100 4060 2162 4112 οὗ
2194 4060 2334 4113 πάνυ
2359 4058 2675 4127 θαυμάζων,
2702 4056 2852 4110 οὐδὲν
2871 4058 2916 4110 δ’
2938 4056 3030 4111 οὖν
3052 4058 3200 4126 ὅμως
3224 4052 3383 4130 ἧττον
3411 4060 3503 4113 καὶ
3528 4062 3672 4130 μετά

2100 4148 2262 4200 τοῦτο
2291 4150 2389 4214 τὴν
2424 4148 2601 4213 κακὴν
2639 4146 2734 4200 τοῦ
2773 4147 2987 4202 Σατανᾶ
3023 4150 3315 4218 φυλάττειν
3351 4169 3674 4221 παρακατα-

2104 4238 2279 4308 θήκην
2312 4237 2630 4301 ἐσπούδαζε.
2659 4237 2778 4290 Τῶν
2808 4240 3178 4293 ἀτοπωτάτων
3203 4241 3332 4310 γάρ,
3363 4241 3438 4303 ὡς
3466 4241 3667 4309 ἔοικεν,

2104 4330 2348 4397 ενόμιζεν
2380 4323 2543 4391 εἶναι,
2577 4331 2624 4382 εί
2658 4330 2716 4382 ἐν
2765 4329 2906 4383 οὕτω
2939 4330 3229 4400 βαθυτάτῳ
3258 4332 3335 4401 τῷ
3384 4332 3530 4403 γήρα
3575 4334 3673 4386 καὶ

2102 4424 2170 4490 τῇ
2203 4421 2300 4490 τῆς
2327 4411 2541 4492 φύσεως
2573 4424 2840 4493 παρακμῇ
2878 4424 2942 4475 ἐκ
2973 4421 3051 4492 (4)
3089 4425 3185 4494 τῆς
3215 4423 3440 4493 πρώτης
3480 4425 3672 4488 άθεῖας

430 4519 516 4571 nis
593 4517 763 4573 nostri
816 4517 977 4572 finem
1030 4516 1100 4572 ab
1135 4517 1255 4587 ipso
1292 4518 1477 4574 statim
1520 4517 1705 4583 initio,
1752 4518 1992 4587 ipsisque

2104 4516 2351 4585 ἐκσταίη.
2381 4515 2489 4569 Καὶ
2529 4517 2579 4569 εί
2609 4516 2689 4569 δεῖ
2730 4534 2797 4585 με
2829 4517 2891 4569 τὸ
2938 4518 3109 4585 τέλος,
3141 4519 3225 4587 ἐφ’
3252 4511 3297 4585 ᾧ
3325 4521 3388 4587 δὴ
3421 4508 3529 4588 τῆς
3556 4520 3677 4574 δια-

428 4610 764 4676 carceribus,
790 4622 847 4665 ut
874 4609 1046 4675 aiunt,
1066 4611 1247 4679 eloqui
1280 4619 1517 4680 oportet,
1550 4625 1660 4665 non
1691 4620 1862 4675 tanto,
1882 4612 1992 4680 Opi-

2102 4609 2300 4676 λέξεως
2326 4608 2537 4679 ἔληξεν,
2587 4609 2748 4669 εὐθὺς
2797 4611 2860 4662 ὲκ
2904 4608 3207 4679 προοιμίων
3236 4611 3537 4680 ἀρχόμενον
3578 4612 3676 4665 καὶ

430 4722 551 4773 nor,
574 4704 788 4760 tuenda:
804 4703 1085 4774 religionis
1099 4704 1384 4760 tenebatur
1395 4703 1688 4768 desiderio,
1709 4712 1996 4773 postquam

431 4798 644 4862 saltem,
675 4812 794 4866 quae
827 4794 1039 4859 didicit,
1071 4794 1375 4860 didicisset,
1415 4802 1622 4863 quanto
1653 4788 1997 4857 divitiarum,

432 4890 862 4960 deliciarttmque
890 4899 945 4945 et
966 4888 1363 4959 praestigiarum
1406 4887 1530 4943 inde
1553 4886 1856 4953 ﬂuentium,
1878 4887 2002 4942 vin-

432 4985 560 5040 culo
590 4983 1085 5053 constringehatur.
1112 4981 1323 5048 Quibus
1354 4981 1521 5036 rebus
1550 4982 1846 5037 accedebat
1877 4994 1999 5038 mo-

440 5078 574 5131 lesta
604 5076 695 5132 illa
722 5074 1073 5139 verecundia,
1104 5088 1268 5147 quam
1301 5086 1402 5140 ego
1430 5073 1831 5143 intempestiva:
1872 5091 2006 5131 con-

435 5167 696 5222 tentionis
738 5177 965 5221 matrem
1019 5164 1369 5234 potissimum
1413 5161 1676 5228 dixerim,
1744 5180 2009 5237 vanmque

442 5259 628 5327 gloria
654 5258 921 5327 deceptio,
955 5271 1062 5327 qna
1104 5255 1239 5309 nihil
1263 5263 1346 5310 est
1386 5254 1621 5310 validius
1652 5256 1716 5309 ad
1748 5270 2010 5326 superan-

442 5350 573 5403 dum
607 5349 850 5403 animum
874 5362 981 5401 non
1008 5357 1154 5402 recte
1185 5345 1565 5416 philosophari
1590 5345 1881 5403 scientem.
1917 5348 2013 5405 His

446 5443 585 5497 addc
628 5455 833 5507 mores,
866 5439 1070 5512 quibus
1097 5449 1217 5495 erat
1254 5439 1575 5503 innutritus,
1616 5448 1672 5494 et
1702 5437 2007 5506 fortunam,

522 5606 601 5673 (Ι)
630 5604 967 5674 Aristophau.
1000 5603 1166 5669 Plut.,
1188 5612 1293 5658 act.
1312 5602 1489 5665 ll,sc.
1516 5602 1706 5674 κω,
1719 5601 1847 5674 600,
1873 5604 2005 5658 edit.

452 5677 677 5731 Bruurk.
716 5677 931 5742 Argent.
964 5676 1123 5740 1785,
1146 5674 1313 5744 ἰηέδη
1343 5684 1385 5744 t.
1408 5675 1448 5727 ί.
1480 5690 1600 5744 pag.
1633 5673 1759 5727 259.

520 5748 597 5809 (‘2)
640 5745 847 5799 xElian.
882 5744 1004 5797 Var.
1040 5744 1181 5799 Hist.
1205 5743 1300 5797 lib.
1334 5743 1381 5807 1,
1407 5760 1449 5795 c.
1510 5743 1563 5796 l.’
1594 5744 1715 5797 edit.
1752 5744 1959 5799 Gronov
1994 5783 2007 5805 ,

456 5819 621 5883 Ιιιιψί.
657 5815 778 5869 Rat.
809 5816 966 5872 1751,
1001 5816 1121 5869 ιηι
1150 5855 1164 5874 ,
1188 5830 1309 5880 pars
1349 5814 1397 5872 Ι,
1431 5830 1481 5881 p.
1511 5816 1559 5869 4.

529 5891 603 5959 ιδ)
637 5889 713 5942 (In
735 5890 768 5940 ἲ.
802 5886 964 5941 Coisl.
999 5886 1192 5940 omittit
1227 5886 1255 5939 δ

2104 4702 2213 4754 ἀπὸ
2251 4701 2514 4771 γραμμῆς
2552 4701 2627 4769 (ὅ)
2662 4701 2710 4768 (ὅ
2756 4701 2942 4770 φασιν)
2992 4700 3249 4765 ἐξειπεῖν·
3281 4703 3349 4761 ού
3395 4701 3674 4769 τοσοῦτον,

2105 4789 2283 4862 οἶμαι,
2339 4793 2437 4862 τῆς
2495 4794 2790 4861 θρησκείας
2824 4780 2980 4855 οὗτος
3037 4794 3376 4846 ἀντεποιεῖτο
3416 4794 3556 4863 μετὰ
3614 4795 3678 4846 τὸ

2111 4885 2327 4956 μαθεῖν,
2361 4884 2395 4939 ἆ
2428 4884 2504 4954 (6)
2543 4884 2885 4953 μεμάθηκεν,
2926 4884 3052 4937 ὅσον
3090 4885 3370 4953 ὲδεσμεῖτο
3401 4886 3478 4955 τῷ
3508 4885 3675 4939 πλού-

2104 4995 2205 5048 τῳ,
2234 4976 2328 5030 καὶ
2368 4979 2485 5040 ταῖς
2513 4975 2619 5029 ἀπὸ
2657 4976 2847 5029 τούτου
2891 4977 3121 5046 τρυφαῖς
3160 4977 3254 5028 καὶ
3291 4977 3675 5044 μαγγανείαις.

2110 5069 2327 5140 Προσῆν
2349 5068 2408 5122 δὲ
2450 5069 2544 5121 καὶ
2584 5068 2645 5121 τὸ
2674 5069 2980 5138 πρόσαντες
3004 5067 3106 5135 τῆς
3144 5066 3430 5137 αἰσχύνης,
3456 5067 3523 5137 ἢν
3562 5068 3677 5135 ἐγὼ

2111 5161 2277 5231 φαίην
2310 5159 2374 5213 ἂν
2408 5159 2641 5229 μάλιστα
2679 5159 2897 5212 πάντων
2928 5153 3067 5211 εἶναι
3098 5156 3271 5228 ἔριδος
3302 5159 3533 5226 ἀκαίρου
3569 5175 3677 5227 μη-

2110 5249 2268 5320 τέρα·
2298 5249 2390 5303 καὶ
2418 5249 2451 5319 ὴ
2485 5247 2594 5300 ἀπὸ
2625 5248 2724 5315 τῆς
2757 5245 2990 5315 ματαίας
3013 5244 3171 5314 δόξης
3197 5244 3403 5315 ἀπάτη.
3432 5239 3499 5314 ἦς
3522 5244 3677 5297 οὐδὲν

2110 5342 2412 5411 δεινότερον
2466 5338 2851 5410 περιγενέσθαι
2897 5336 3078 5407 ψυχῆς
3114 5338 3190 5407 μὴ
3241 5336 3422 5397 καλῶς
3474 5335 3677 5397 εἰδυίας

2116 5437 2450 5508 φιλοσοφεῖν.
2482 5435 2590 5489 Καὶ
2618 5434 2755 5505 πρός
2784 5449 2847 5503 γε
2882 5431 2983 5502 μὲν
3002 5429 3064 5485 τδ
3093 5429 3389 5501 σύντροφον
3419 5428 3562 5492 ἔθος,
3582 5428 3677 5481 καὶ

2192 5603 2269 5671 (4)
2313 5602 2409 5656 Ἐκ
2440 5602 2590 5656 deest
2622 5599 2749 5671 ingC
2780 5599 2834 5653 d.
2870 5614 2984 5671 reg.

2154 5665 2629 5796 .(lfiiflrorerbior.
2665 5669 2875 5724 Erasm.
2918 5666 3149 5724 Chiliad.
3173 5666 3215 5730 1,
3250 5665 3404 5722 Cent.
3449 5680 3524 5733 vr,
3556 5683 3678 5733 pro.

2154 5760 2255 5796 σιντ.
2283 5765 2316 5795 .›
2361 5783 2373 5795 .

2119 5746 2255 5799 t'Erl'.
2283 5746 2373 5796 57.

2193 5814 2267 5883 (6)
2312 5814 2377 5865 ’Λ
2414 5812 2559 5865 deest
2593 5811 2643 5863 in
2672 5808 2895 5863 (ἶιεὶδίὶιι.
