4080 6592
340 376 450 439 129

1397 379 1713 442 DIALOGI
1749 378 1910 440 CUM
1949 378 2225 440 MOIIAM
2241 376 2507 442 ETANO.

3391 421 3397 427 -
3492 377 3598 451 1ἶο

334 495 426 555 τὸ,
458 493 518 546 τὸ
550 490 708 561 γένος
737 492 934 562 ἐκείνῳ
963 492 1065 562 μιν
1097 492 1366 563 εὐτυχεῖν,
1402 495 1535 564 ἡμῖν
1572 494 1628 546 δε
1663 495 1755 547 νύν
1788 492 1918 546 δυσ·

2024 509 2127 564 qua
2160 495 2337 563 gentis
2366 495 2516 549 illius
2549 493 2800 548 homines
2823 509 3079 564 prospera
3107 505 3476 564 utuntur,nos
3502 507 3598 553 ad.

339 589 602 657 πραγετνο
627 586 666 641 ἃ
688 585 754 656 δὴ
785 581 966 641 πᾶντα
1006 585 1108 656 τὴν
1152 585 1366 638 ἐκείνου
1393 586 1619 654 γνώμην
1649 583 1921 640 ἀνθεῖλκε.
1964 653 1968 656 _

337 683 555 751 Χεῖρας
583 681 694 750 γὰρ
725 682 821 735 καὶ
849 680 1016 742 πόδας
1048 679 1147 750 (ῶς
1179 680 1247 732 ἂν
1287 679 1432 731 εἴποι
1461 678 1570 745 τις)
1612 677 1921 746 δεδεμένος,

335 776 462 836 τοῖς
495 773 834 844 είρημένοις,
861 761 936 826 ῶν
969 771 1068 841 μὲν
1092 768 1214 824 λίαν
1236 771 1508 838 κατέγνω,
1532 769 1744 830 τούτοις
1766 763 1925 832 αὖθις

337 865 628 935 ἐνέμενεν·
655 863 693 918 ἀ
720 865 766 916 δ’
788 863 976 935 έπῄνει
999 863 1118 924 πῶς
1143 864 1244 916 οῐει
1274 863 1374 931 (Ι),
1400 862 1496 915 καὶ
1523 861 1614 918 διὰ
1643 860 1924 932 θαύματος

336 952 473 1025 ⁴ἦγε,
509 959 604 1009 καὶ
638 955 740 1022 τῆς
789 953 1026 1025 ἀληθοῦς
1066 953 1286 1025 μερίδος
1339 938 1463 1017 τοῖς
1501 953 1648 1017 ὅλοις
1682 951 1922 1023 νομίζων

341 1050 628 1117 ἐφαίνετο,
659 1046 748 1100 ἔπ’
776 1045 917 1100 αύτά
966 1044 1213 1116 βαδίζειν
1245 1046 1398 1115 ὅμως
1447 1047 1547 1116 οὐχ
1580 1042 1693 1109 οίός
1721 1045 1770 1100 τ’
1799 1043 1870 1118 ἦν
1895 1047 1924 1100 δ

343 1140 598 1210 σχέτλιος
627 1137 830 1210 γέρων.
865 1138 960 1202 Ὠς
992 1137 1104 1210 γάρ
1138 1137 1308 1201 ἔοικε,
1342 1139 1636 1210 κακοδοξίᾳ
1670 1140 1925 1206 καθάπαξ

339 1231 696 1303 αἰχμάλωτος
747 1229 1009 1299 γεγονὼς,
1069 1232 1168 1302 οὐχ
1221 1231 1258 1286 ἀ
1318 1231 1603 1302 προείλετο
1661 1233 1924 1304 πράττειν

341 1326 541 1395 κύριος
564 1319 652 1394 ἦν·
683 1324 731 1377 εί
766 1322 819 1376 δὲ
852 1321 1061 1392 βούλει,
1098 1323 1199 1394 τῆς
1231 1322 1467 1392 ἀληθοῦς
1502 1323 1816 1395 ἐλευθερίας
1846 1324 1923 1396 μὴ

337 1415 704 1484 γεγευμένος,
736 1413 846 1466 οὐδ’
877 1414 1002 1467 ὅσον
1028 1407 1098 1486 ἦν
1127 1413 1450 1482 γιγνόμενον
1483 1415 1584 1486 (2),
1613 1415 1723 1468 οὐδ’
1755 1416 1924 1485 ἐγγὺς

341 1507 534 1559 ποθῶν
570 1505 774 1576 ταύτην
803 1500 892 1576 ἦν.
919 1505 1105 1569 Ὅθεν,
1135 1507 1274 1576 ὅπερ
1317 1507 1487 1579 ἔφθην
1516 1506 1711 1571 εἰπὼν,
1745 1510 1928 1563 κινδυ-

339 1598 496 1651 νεύει
530 1599 726 1667 μικροῦ
774 1596 886 1650 δεῖν
917 1597 1112 1668 εύηθες
1158 1594 1300 1652 εἶναι
1346 1599 1545 1663 δοκεῖν,
1581 1599 1924 1668 διαλέγεσθαι

342 1693 483 1761 περὶ
512 1693 610 1759 τῆς
642 1689 753 1742 τῶν
789 1688 1051 1768 Τούρκων
1078 1688 1338 1752 ἀσεϐείας
1367 1689 1462 1743 καὶ
1481 1691 1590 1744 τῶν
1617 1689 1749 1760 παρ’
1781 1689 1925 1743 εκεί-

339 1801 459 1845 νοις
507 1779 822 1852 δογμάτων,
857 1775 935 1836 ῶν
987 1780 1050 1835 τὸ
1105 1782 1358 1850 κρεῖττον
1404 1780 1489 1836 δτι
1545 1796 1654 1852 περ
1706 1780 1922 1850 γέλωτα

341 1877 655 1945 παρασχεῖν
691 1873 853 1928 ίκανά
889 1875 1003 1938 τοῖς
1037 1873 1350 1929 ἀκούουσιν.
1551 1877 1554 1882 ’

935 1987 1339 2044 ΠΡΟΟΙΜΙΟΝ.

417 2083 488 2139 α’.
523 2083 596 2137 Te
627 2082 730 2153 μιν
758 2077 854 2138 οὖν
877 2080 978 2153 τὴν
1002 2081 1369 2151 παραπλῆγας
1414 2067 1660 2152 Μωάμεθ
1701 2080 1919 2150 ἐξελέγ-

338 2194 464 2246 γειν
499 2175 703 2243 μανίαν
731 2172 972 2242 σπουδὴν
1004 2173 1154 2243 ἡμᾶς
1192 2171 1288 2225 νῦν
1317 2171 1615 2239 ποιεῖσθαι,
1650 2173 1788 2237 ὅλως
1829 2190 1920 2243 μοι

336 2269 498 2321 δοκεί
526 2266 822 2336 περίεργον
861 2260 1026 2331 εἶναι,
1060 2264 1248 2336 ἐπειδὴ
1297 2264 1395 2318 καὶ
1445 2266 1546 2318 οὐκ
1599 2265 1770 2334 ὀλίγοι
1800 2282 1923 2319 του-

337 2363 462 2414 τονὶ
515 2358 610 2413 τὸν
664 2358 881 2414 δίαυλον
933 2358 1181 2429 ἔφθησαν
1225 2358 1511 2429 ὴνυκότεςο
1539 2360 1598 2413 έν
1650 2355 1732 2424 οἷς
1770 2360 1866 2414 καὶ
1893 2360 1922 2412 ὁ

340 2454 627 2517 θειότατος
656 2452 882 2515 πάππος
913 2453 1068 2528 ᾐμίν,
1101 2452 1129 2504 ὀ
1163 2453 1533 2524 παντάριστος
1565 2454 1659 2507 καὶ
1707 2452 1922 2525 θαυμά-

343 2563 460 2610 σιος
489 2543 768 2615 βασιλεύς·
803 2543 861 2608 δς
891 2543 1172 2608 εὐσεϐείας
1195 2543 1271 2598 ὣν
1299 2543 1499 2610 κανὼν,
1535 2545 1631 2598 καὶ
1655 2545 1764 2600 τῶν
1791 2546 1923 2599 ταύ-

336 2655 442 2708 της
469 2639 637 2692 ἕνεκα
668 2639 849 2691 πόνων
876 2636 1071 2708 μηδενὶ
1096 2636 1208 2690 τῶν
1230 2636 1518 2708 πρωτείων
1548 2628 1918 2710 παραχδρῶν,

337 2732 516 2785 πολλὰ
567 2731 670 2801 μὲν
717 2732 817 2786 καὶ
871 2731 1011 2786 ἀλλα
1039 2730 1132 2784 τὸν
1168 2729 1383 2784 ἐκείνου
1415 2730 1577 2802 ζῆλον
1627 2733 1761 2801 ἡμῖν
1793 2723 1922 2803 περὶ

335 2825 442 2893 τὴν
465 2823 636 2895 ὀρθὴν
665 2822 853 2877 πίστιν
873 2822 1148 2894 λαμπρῶς
1176 2821 1623 2893 ἀνακηρύττοντα
1654 2823 1920 2892 συνεγρά-

336 2917 507 2985 ψατοο
537 2917 750 2982 τούτοις
777 2917 836 2971 δὲ
866 2916 1179 2988 προσέθηκε
1204 2914 1473 2970 τελευτῶν
1498 2917 1595 2970 καὶ
1618 2908 1664 2989 ᾧ
1685 2917 1786 2986 τὴν
1811 2917 1922 2970 τῶν

336 3014 656 3082 εἰρημένων
700 3012 1093 3084 ’Δχαιμενιδῶν
1123 3011 1386 3083 λατρείαν
1421 3009 1588 3082 λῆρον
1623 3010 1921 3082 ἀποφαίνει

340 3105 518 3173 σαφῆ.
549 3103 770 3176 Ἐπειδὴ
797 3105 855 3157 δέ
891 3121 950 3157 σε
975 3103 1146 3175 ᾔδειν,
1178 3102 1272 3156 τὸν
1309 3103 1384 3166 ῶς
1415 3101 1636 3174 ἀληθῶς
1664 3103 1916 3172 ἀδελφὸν,

2025 601 2182 640 versa
2213 603 2226 640 :
2280 601 2399 654 qua:
2431 597 2585 641 certe
2615 587 2798 641 omnia
2825 592 2943 655 ejus
2975 589 3215 642 animum
3265 591 3333 645 ad
3381 592 3600 648 diversa

2025 677 2398 736 retrahebant.
2422 677 2703 749 Siquidem
2724 679 2980 734 manibus
2998 681 3335 752 pedibusque
3357 683 3603 755 (utqu's-
3650 709 3652 712 ν

2027 769 2170 840 piam
2207 769 2441 840 dixerct)
2489 771 2727 835 vinctus,
2761 787 2824 826 ex
2855 772 3016 827 dictis
3045 788 3168 843 qum
3189 775 3407 844 quidem
3440 778 3602 832 valde
3651 775 3653 777 ’

2022 863 2338 926 damnabat,
2359 863 2551 919 iisdem
2580 863 2938 920 nihilominus
2959 865 3259 921 inhaerebat
3284 884 3297 922 :
3321 883 3442 938 quac
3472 885 3601 924 veru

2025 953 2164 1008 mire
2209 953 2468 1010 laudabat
2517 955 3024 1026 admirabaturque,
3066 958 3434 1029 omnibusque
3472 977 3596 1015 vera

2024 1058 2086 1099 ea
2119 1058 2243 1100 esse
2267 1044 2523 1100 arbitrari
2552 1035 2864 1113 \‘Kiebatur,
2895 1047 2961 1100 ad
2994 1061 3056 1102 ea
3105 1056 3285 1103 tamen
3331 1051 3598 1106 accedere

2025 1134 2194 1190 miser
2223 1135 2312 1190 ille
2330 1148 2498 1191 senex
2523 1150 2632 1190 non
2657 1137 2855 1206 putuit.
2886 1136 3046 1205 Nam,
3084 1147 3142 1191 ut
3169 1137 3461 1194 verisimile
3491 1153 3595 1206 est,

2024 1240 2206 1297 prava:
2237 1227 2481 1297 opinioni
2515 1227 2684 1283 semel
2717 1228 3084 1297 mancipatus,
3112 1228 3234 1294 ejus
3256 1230 3401 1300 quod
3435 1230 3599 1286 vellet

2026 1319 2258 1374 faciendi
2301 1330 2624 1389 potestatem
2671 1335 2780 1374 non
2819 1320 3091 1375 habebat:
3142 1333 3255 1386 aut,
3299 1323 3346 1378 si
3399 1324 3595 1389 mavis,

2025 1425 2207 1465 veram
2237 1411 2542 1467 libertatem
2569 1427 2692 1467 cum
2725 1427 3003 1483 nunquam
3035 1424 3328 1482 gustasset,
3367 1415 3596 1470 nmltum

2025 1503 2216 1557 aberat
2248 1512 2305 1557 ut
2327 1511 2446 1558 eam
2478 1513 2740 1574 quantum
2767 1520 2866 1574 par
2887 1517 3005 1559 erat
3036 1507 3388 1562 desideraret.
3421 1507 3596 1575 Unde,

2023 1595 2170 1662 quod
2195 1593 2308 1663 jam
2335 1593 2468 1658 dixi,
2487 1609 2679 1664 parutn
2707 1594 2845 1650 forte
2870 1596 3028 1651 abest
3055 1598 3184 1666 quin
3206 1597 3448 1667 ineptum
3475 1615 3600 1655 esse

2027 1686 2294 1750 videatur,
2331 1686 2400 1741 de
2445 1687 2753 1742 Turcarum
2803 1689 3082 1756 impietate
3117 1690 3443 1760 illorumque
3479 1694 3600 1760 opi-

2028 1776 2283 1830 nionibus
2316 1777 2574 1847 colloqui,
2629 1793 2754 1848 quae
2804 1779 2937 1833 nihil
2973 1779 3175 1835 habent
3222 1785 3591 1852 prtestautius,

2023 1881 2187 1936 quam
2209 1867 2355 1937 quod
2377 1869 2548 1924 risum
2575 1870 2924 1925 audientibus
2951 1871 3158 1940 possint
3189 1874 3455 1944 prteberc.

2615 1977 3005 2037 ΡῐιΑειτΑτιο.

2095 2069 2146 2125 1.
2186 2068 2374 2140 Itaque
2409 2069 2594 2124 vesani
2631 2069 2953 2128 Mabomctis
2996 2073 3237 2128 furorem
3273 2075 3600 2146 redarguere

2025 2177 2170 2217 nunc
2203 2165 2418 2228 conari,
2453 2177 2919 2234 supervacaneum
2949 2181 3173 2234 prorsus
3199 2183 3322 2224 esse
3361 2169 3492 2224 mibi
3521 2173 3598 2224 ri-

2023 2253 2206 2317 detur,
2230 2253 2488 2323 quoniam
2527 2253 2630 2309 hoc
2661 2255 2898 2310 stadium
2925 2256 3037 2325 jam
3087 2266 3244 2313 antea
3287 2276 3396 2316 non
3439 2264 3598 2334 pauci

2023 2345 2432 2402 decurrerunt:
2479 2347 2535 2400 in
2569 2346 2770 2416 quibus
2813 2347 3034 2405 divinus
3067 2350 3148 2405 vir
3198 2367 3334 2409 avus
3387 2363 3598 2418 noster,

2022 2439 2264 2510 optimus
2293 2448 2348 2494 et
2371 2439 2714 2497 admirabilis
2743 2437 3038 2510 Imperator
3064 2441 3179 2518 (3):
3214 2447 3310 2517 qui
3338 2464 3462 2504 eum
3487 2450 3601 2519 pie-

2026 2533 2155 2589 tatis
2199 2533 2347 2587 esset
2371 2531 2580 2600 regula,
2613 2541 2666 2588 et
2696 2533 2752 2588 in
2786 2537 3056 2602 susceptis
3087 2552 3186 2606 pro
3227 2553 3290 2592 ea
3315 2539 3599 2595 laboribus

2025 2627 2231 2697 primas
2271 2625 2477 2681 nemini
2530 2629 2880 2690 concederet,
2922 2640 3036 2683 tuan
3072 2630 3175 2684 alia
3229 2633 3425 2697 multa,
3474 2650 3599 2702 quae

2024 2717 2226 2774 ardens
2261 2717 2410 2774 illius
2443 2731 2574 2786 erga
2611 2727 2820 2774 rectam
2853 2719 3012 2774 [idem
3043 2721 3284 2776 studium
3321 2722 3600 2780 luculente

2025 2808 2188 2864 nobis
2227 2808 2533 2875 declarant,
2586 2810 2962 2881 conscripsit:
3019 2820 3132 2866 tum
3190 2812 3320 2867 illud
3371 2813 3596 2870 demum

2023 2915 2164 2972 opus
2209 2900 2296 2956 his
2333 2901 2606 2970 adjunxit,
2659 2916 2769 2973 quo
2806 2902 3316 2960 Achaemenidarum
3367 2907 3596 2962 istorum

2024 2992 2313 3064 religiones
2351 2993 2498 3048 aliud
2525 2993 2658 3048 nihil
2684 3008 2804 3050 esse
2841 2993 2944 3049 nisi
2979 3010 3156 3053 meras
3181 3013 3353 3068 nugas
3371 2999 3597 3054 evidcno

2025 3085 2238 3141 tissime
2271 3086 2631 3143 demonstrat.
2677 3085 2782 3142 Sed
2833 3088 2958 3158 quia
2991 3104 3204 3156 noram,
3243 3099 3294 3146 te
3325 3107 3451 3146 vere
3484 3091 3599 3146 fra-

335 3193 552 3263 ταύτην
575 3192 639 3262 δὴ
672 3192 773 3263 τὴν
805 3193 915 3246 τῶν
948 3191 1258 3264 είρημένων
1283 3192 1463 3246 ἀθέων
1489 3191 1752 3247 ἀσέϐειαν
1778 3193 1919 3264 ὑπὲρ

2025 3186 2163 3232 trem
2213 3178 2353 3234 hanc
2388 3179 2708 3248 impiorum,
2755 3195 2893 3250 quos
2937 3181 3069 3244 dixi,
3108 3182 3352 3237 fraudem
3384 3187 3600 3255 egregie

335 3287 445 3347 τὰς
476 3284 643 3346 ἀλλας
675 3284 962 3354 μισοῦντα·
1000 3286 1094 3338 καὶ
1118 3285 1256 3354 πρός
1283 3300 1346 3352 γε
1375 3283 1458 3363 ἔτι
1493 3283 1558 3354 δὴ
1589 3284 1803 3355 τρυφὴν
1831 3285 1923 3338 καὶ

2026 3281 2224 3340 prteter
2257 3279 2485 3326 caeteros
2515 3272 2642 3325 odio
2675 3272 2969 3342 prosequi:
3009 3275 3346 3344 insuperque
3375 3273 3600 3329 delicia-

336 3371 458 3429 οἷον
505 3375 728 3446 ἀθυρμά
780 3392 834 3428 τι
889 3375 1236 3445 ποιούμενον,
1281 3375 1336 3428 εί
1380 3374 1434 3428 τί
1484 3391 1569 3438 τις
1621 3375 1772 3445 λέγοι
1823 3376 1922 3444 τῆς

2026 3379 2147 3419 rum
2176 3378 2241 3418 ac
2272 3363 2418 3418 velut
2461 3363 2846 3418 oblectamenti
2880 3365 2997 3418 loco
3033 3365 3252 3430 ducere,
3287 3366 3332 3422 si
3373 3367 3497 3438 quis
3534 3371 3600 3422 dc

338 3467 575 3521 ἐκείνων
627 3467 901 3537 φλυαρίας
947 3467 1215 3538 διήγημα,
1272 3465 1365 3519 καὶ
1423 3463 1660 3536 μάλισθ’,
1709 3466 1841 3518 ὅταν

2024 3456 2241 3511 illorum
2280 3457 2502 3527 ineptiis
2537 3459 2741 3527 aliquid
2771 3469 3011 3522 enarret,
3057 3469 3108 3512 et
3139 3460 3205 3514 de
3239 3459 3306 3516 iis
3341 3463 3596 3530 maxime,

336 3557 505 3610 τούτο
533 3574 596 3626 γε
635 3557 747 3611 τῶν
781 3557 1014 3620 ἐκείνοις
1057 3557 1392 3627 ἀπορρήτων
1438 3557 1536 3610 καὶ
1581 3555 1824 3626 σεμνῶνο
1862 3556 1923 3610 τὸ

2024 3563 2146 3618 quae
2176 3563 2375 3604 arcana
2401 3551 2816 3620 venerandaque
2841 3553 2982 3621 apud
3011 3551 3135 3606 illos
3169 3553 3443 3608 habentur
3467 3573 3481 3608 :
3511 3554 3599 3609 his

340 3650 453 3720 μὶν
491 3650 565 3712 ὡς
600 3650 764 3719 ἔργον
805 3651 903 3704 καὶ
933 3651 1020 3702 διὰ
1051 3649 1275 3703 πάντων
1318 3649 1555 3720 γράφειν
1587 3650 1740 3718 ἡμᾶς
1783 3649 1922 3704 κατά

2024 3639 2092 3693 de
2112 3640 2296 3695 causis
2323 3641 2538 3712 integro
2561 3642 2780 3712 quidem
2805 3643 3093 3714 solidoque
3124 3643 3388 3702 adversus
3411 3646 3598 3702 omnia

334 3745 447 3807 τῆς
473 3745 584 3797 τῶν
618 3743 881 3813 Τούρκων
915 3741 1141 3812 μανίας,
1171 3742 1285 3794 δεῖν
1313 3741 1487 3809 ἔγνων
1516 3758 1589 3794 πα
1601 3741 1919 3811 ραδραμετνο

2024 3731 2274 3789 Τυεείεαι
2314 3735 2540 3790 insania:
2561 3735 2740 3805 capita
2775 3749 2938 3804 opere
2970 3737 3370 3794 conscribendo
3406 3755 3602 3810 super-

334 3837 454 3888 εἰσὶ
493 3835 619 3904 γάρ,
667 3835 830 3901 εἰσιν,
876 3833 1066 3903 ῶσπερ
1109 3830 1288 3898 εἶπον,
1334 3831 1384 3885 οἶ
1419 3832 1684 3886 κάλλιστά
1727 3848 1790 3900 γε
1825 3834 1921 3886 καὶ

2024 3827 2327 3883 sedendum
2375 3841 2496 3883 esse
2527 3827 2783 3882 decrevi:
2814 3830 3131 3894 suutenim,
3173 3839 3324 3896 sunt,
3377 3841 3438 3886 ut
3464 3834 3600 3900 dixi,

336 3927 550 3990 ίκανῶς
581 3926 728 3981 τοῦτ’
756 3927 1105 3998 είργάσαντο·
1150 3927 1246 3980 καὶ
1273 3925 1450 3979 ἔνεστί
1489 3942 1574 3978 σοι
1610 3923 1922 3996 βουλομένῳ

2024 3917 2118 3987 qui
2143 3916 2350 3986 optime
2367 3917 2489 3983 hoc,
2511 3927 2563 3972 et
2585 3926 2852 3987 quantum
2880 3918 3016 3972 satis
3033 3927 3176 3981 erat,
3195 3921 3442 3976 exsecuti
3479 3921 3601 3979 fue-

336 4023 372 4073 0
382 4019 833 4090 ριαμὸευομένην
866 4019 996 4071 ίδεῖν
1041 4017 1142 4090 τὴν
1177 4017 1387 4073 τούτων
1438 4017 1823 4088 μελαγχολίαν,
1855 4016 1922 4087 ἢν

2024 4008 2169 4064 rint:
2207 4024 2442 4079 quorum
2478 4011 2681 4079 scripta
2721 4011 2897 4080 legere
2922 4011 2968 4067 sl
2996 4011 3370 4084 volueris.per
3404 4014 3603 4070 trium-

335 4116 462 4175 τοῖς
507 4111 1134 4184 είρημένοιςὲθελησῃς
1185 4111 1620 4181 συγγράμμασιν
1653 4111 1917 4181 ἔντυχεῖν.

2024 4101 2190 4170 phum
2221 4101 2440 4157 ductam
2475 4101 2660 4158 videre
2691 4102 2874 4158 licebit
2908 4105 3004 4158 tibi
3040 4105 3242 4160 volenti
3286 4104 3598 4164 Turcarum

336 4203 517 4265 Αὐτὸς
551 4203 738 4274 μέντοι
771 4219 854 4255 σοι
887 4201 981 4256 τὸν
1012 4203 1196 4272 κόρον,
1230 4201 1307 4264 ὡς
1336 4196 1450 4254 οἷόν
1475 4216 1558 4266 τε,
1589 4199 1919 4269 διαφεύγων,

2024 4193 2378 4248 dementiam.
2420 4194 2536 4264 Ipse
2571 4204 2752 4251 tamen
2802 4195 3132 4264 satietatem,
3166 4210 3432 4269 quantum
3483 4200 3600 4257 fieri

336 4293 558 4361 ὅσαπερ
600 4290 940 4361 καιριώτερα
976 4291 1071 4344 καὶ
1119 4289 1313 4360 βελτίω
1367 4287 1614 4342 δοκοῦσιν
1667 4288 1922 4358 εἰρῆσθαι

2024 4288 2240 4355 poterit,
2268 4286 2557 4356 eﬂ‘ugiens,
2592 4303 2936 4359 quacunque
2966 4291 3362 4359 opportuniora
3396 4301 3449 4346 et
3483 4309 3601 4348 me-

338 4379 456 4434 τῶν
491 4380 566 4451 τῷ
600 4382 916 4454 Μουτερξζῃ
949 4380 1274 4452 λεχθέντων,
1311 4381 1520 4451 φράσαι
1555 4382 1916 4451 πειράσομαι,

337 4474 423 4536 ὡς
461 4473 517 4527 δι
563 4473 657 4528 καὶ
686 4467 872 4545 ὦνπερ
903 4473 970 4528 ἀν
1015 4472 1316 4544 μνησθείην
1346 4471 1457 4526 τῶν
1487 4474 1639 4542 ἐμῶν
1672 4490 1736 4542 γε
1784 4473 1917 4544 πρὸς

337 4562 440 4617 τὸν
487 4566 716 4635 γέροντα
759 4565 959 4634 λόγων.
993 4567 1261 4620 Τάκείνου
1302 4565 1404 4637 μιν
1438 4567 1546 4637 γὰρ
1576 4567 1710 4638 έρῶ,
1763 4567 1921 4636 χαρί-

339 4655 541 4719 ζεσθαί
602 4673 688 4710 σοι
755 4657 1102 4726 βουλόμενοςο
1153 4659 1402 4728 ἀδικοίην
1456 4659 1570 4728 γὰρ
1619 4660 1707 4726 ἀν,
1739 4659 1790 4712 εί
1836 4653 1920 4722 οἷς

338 4748 539 4819 παρὼν
568 4747 647 4818 (4)
675 4749 944 4819 ἑτρύςρας,
977 4749 1150 4804 ταῦτα
1177 4750 1418 4820 δηλῶσαι
1449 4750 1627 4822 παρὸν
1656 4751 1715 4806 ιν
1741 4750 1922 4822 γράμ-

2025 4380 2162 4434 liora
2209 4380 2413 4434 dixisse
2446 4379 2664 4435 videtur
2720 4379 3030 4442 Muterizes,
3069 4396 3130 4436 ea
3163 4381 3259 4436 tibi
3297 4384 3480 4439 verbis
3511 4401 3601 4440 ex-

2024 4473 2260 4542 primere
2287 4473 2550 4537 conabor,
2606 4471 2749 4528 sicut
2791 4472 2956 4527 etiam
3007 4487 3348 4544 quaecunque
3385 4477 3484 4530 abs
3515 4482 3625 4532 me'

2023 4563 2139 4618 seni
2171 4563 2317 4618 dicta
2352 4563 2523 4618 fuisse
2556 4564 2875 4617 meminero.
2911 4560 3062 4618 Illius
3094 4562 3240 4618 enim
3270 4565 3430 4620 verba
3466 4565 3603 4623 refe-

2021 4671 2158 4722 ram,
2187 4656 2480 4727 gratiﬁcari
2502 4654 2596 4710 tibi
2625 4655 2812 4712 volens
2845 4673 2858 4710 :
2896 4656 3166 4726 siquidem
3193 4658 3244 4711 iu
3283 4667 3336 4713 te
3369 4659 3602 4728 iniurio-

2022 4765 2118 4804 sus
2148 4764 2349 4812 essem,
2376 4749 2421 4802 si
2477 4764 2544 4803 ex
2575 4747 2776 4818 quibus
2817 4763 3057 4818 praesens
3113 4749 3228 4816 ipse
3263 4748 3598 4820 voluptatem

341 4856 483 4907 μασι
510 4841 908 4910 παραλίποιμι.

2024 4842 2291 4912 cepisses.
2323 4856 2386 4897 ea
2454 4840 2508 4896 in
2559 4840 2802 4909 scriptis,
2861 4840 3066 4911 quibus
3112 4840 3274 4896 facile
3329 4840 3602 4898 declarari

2026 4943 2279 5002 possunt,
2323 4934 2820 5003 prtetcrmitterem.

417 5088 643 5162 (1)Πῶς
675 5091 800 5159 οῐει,
839 5088 980 5147 sicut
1003 5093 1121 5154 πῶς
1151 5087 1350 5158 δοκεῖς,
1375 5091 1707 5162 peculiarem
1747 5091 1914 5146 habet
2015 5099 2103 5162 est
2125 5090 2481 5162 conveniens,
2523 5105 2854 5162 congruum,
2890 5099 3036 5162 patet
3073 5089 3325 5162 pluribus
3382 5091 3517 5149 locis
3547 5095 3602 5152 in

337 5155 655 5228 emphasin,
682 5171 735 5216 et
763 5155 1216 5230 signiﬁcationem
1240 5155 1344 5216 τού
1363 5155 1508 5215 κατὰ
1550 5161 1708 5221 πολὺ.
1764 5163 1913 5217 velte.
2018 5159 2282 5286 Stelphaui
2319 5155 2768 5228 Thesauroftum
2787 5155 2852 5216 es
2874 5155 3059 5216 multis
3077 5155 3354 5220 similibus
3374 5162 3606 5237 loquen-

337 5239 542 5284 menter
573 5231 861 5286 plurimum
891 5248 911 5286 :
943 5233 1219 5286 profertur
1273 5233 1430 5286 uttasi
1494 5230 1942 5286 admirabnnde..
2018 5230 2074 5286 di
2129 5231 2360 5286 ormulis
2390 5231 2446 5286 in
2479 5231 2715 5286 decursu
2746 5231 2909 5286 huius
2943 5233 3149 5286 oneris.

336 5239 542 5302 menter
573 5231 861 5295 plurimum
891 5248 911 5287 :
943 5233 1219 5302 profertur
1273 5233 1457 5302 quissi,
1494 5230 1942 5302 atlmirabunde..
2018 5230 2074 5286 di
2106 5230 2360 5302 formulis
2390 5231 2446 5288 in
2479 5231 2715 5302 decursu
2746 5231 2909 5301 hujus
2943 5233 3149 5302 operis.

336 5300 501 5374 ᾼριιιί
527 5300 954 5374 ῥηίδιορίιςιιιθιῐι
1005 5301 1154 5374 Plut.
1189 5318 1243 5356 ν.
1276 5300 1378 5356 7η
1411 5301 1737 5374 βίοεειιιοιτ
1785 5301 1910 5374 Πῶς
2091 5300 2949 5374 (ὄγιίοεηηειιιΟαηιαυιιεειιυιιι
2978 5301 3173 5370 imper.
3205 5303 3464 5372 intelligit
3494 5304 3597 5374 (τι),

334 5370 544 5442 δοκείς]
583 5370 961 5438 θαυμζαστικὸν
997 5387 1011 5401 ·
1048 5372 1168 5424 λίαν
1201 5385 1218 5405 ⁶
1249 5373 1377 5442 vid.
1407 5371 1644 5442 Bruuek.
1673 5371 1741 5426 ad
1790 5373 1844 5426 h.
1871 5375 1908 5428 I.

2024 5370 2196 5442 nostri
2256 5372 2526 5427 Mannelis
2593 5381 2899 5428 maternum
2953 5387 3165 5426 avum:
3209 5388 3334 5427 nam
3359 5370 3601 5429 Ieannes

333 5441 471 5513 edit.
496 5440 832 5513 Argeutorat.
859 5442 1017 5506 I785,
1038 5443 1180 5513 iii-8,
1206 5453 1335 5497 tom.
1358 5441 1407 5510 Ι,
1425 5460 1543 5513 pag.
1563 5440 1910 5513 265.Ἱισθην

2024 5441 2362 5513 Ριιιαιοιοειιε
2401 5441 2670 5513 Μειιιιιείιε
2701 5452 2871 5513 pater
2925 5443 3186 5513 Helenam
3232 5442 3600 5500 Cantaeuzeni

337 5512 480 5560 ditia
498 5509 622 5586 3:6);
654 5511 1048 5586 oist;_Syues.
1075 5511 1367 5586 Epistziﬂ,
1426 5509 1514 5568 ea:
1553 5513 1773 5582 Diuuys.
1809 5509 1910 5566 re-
2022 5513 2191 5586 lilium
2218 5509 2661 5586 duxeratt1_Vide
2698 5509 2943 5586 Ducang,
2978 5512 3182 5569 Famil.
3231 5513 3457 5584 August.
3487 5518 3602 5584 Bg-

337 5588 452 5631 tav.
489 5579 660 5652 Ltdel.
703 5581 1070 5652 l7t2._in-fol.
1193 5584 1316 5638 175.
1693 5579 1707 5582 “

2024 5583 2225 5636 ztmtt'tt.
2264 5599 2384 5651 pag.
2415 5583 2542 5638 259.

416 5653 494 5720 (2)
529 5650 668 5706 Voce
706 5653 830 5706 ὅσον
862 5649 926 5724 ἧν
968 5649 1292 5725 γιγιόμενον
1329 5655 1382 5710 id
1410 5654 1728 5725 signiﬁcari,
1767 5658 1910 5723 quod

2094 5654 2170 5722 (ί)
2199 5649 2473 5724 (Ζοάξινκ.
2517 5655 2713 5726 παρόν.

401 5794 474 5853 (α)
502 5793 648 5858 Cujus
680 5799 858 5860 scripta
899 5804 1065 5848 contra
1095 5798 1422 5849 Mahamctem
1447 5805 1498 5846 ct
1527 5797 1636 5858 ejus
1659 5795 1877 5845 asse-clas
1906 5791 2150 5844 edidimus
2175 5797 2222 5844 iu
2247 5801 2381 5844 tomo
2403 5795 2554 5845 tll.!\'.
2600 5795 2735 5844 I'Iotr.
