4080 6668
432 384 523 448 liii

1538 373 1943 445 MANUELIS
1981 370 2438 435 PAl.zEOLOGI

3584 362 3685 425 1λὲ

497 494 549 545 ’2.
586 490 852 559 Quamvis
905 488 1049 546 enim
1091 487 1334 544 umbrosi
1371 498 1587 544 montes
1635 497 1690 544 et
1733 502 1996 544 sonorum

2175 483 2243 553 β’.
2275 485 2337 537 Εἰ
2363 484 2471 552 γὰρ
2515 480 2582 553 δὴ
2609 481 2704 534 καὶ
2734 479 2915 550 οὔρεά
2936 495 2998 531 τε
3029 478 3303 543 σκιόεντα,
3336 461 3591 532 θάλασσά
3625 497 3686 531 τε

428 600 580 638 mare
609 599 840 654 corpora
873 593 1063 638 nostra
1087 582 1247 652 longo
1277 590 1532 648 separent
1568 579 1883 646 intervallo,
1911 588 2004 632 tao.

425 692 550 731 men
582 675 637 730 in
684 689 817 730 vero
852 672 1213 729 fraternitatis
1250 672 1449 726 affectu
1485 670 1714 728 allicere.
1744 669 1851 725 hoc
1886 683 1994 724 non

430 774 659 836 possunt
691 767 773 822 :is
804 765 950 820 enim
982 764 1095 819 ullo
1127 764 1354 819 omnino
1389 763 1552 818 modo
1582 761 1842 818 claustris
1867 775 1997 817 con-

433 861 592 914 tineri
625 861 830 929 nequit.
869 858 1026 916 Unde
1055 857 1357 930 splendidae
1376 856 1523 914 illius
1551 871 1744 924 coenae,
1767 871 1871 925 qua
1897 869 1999 909 nos

435 953 699 1029 [convivas
750 953 964 1022 excepit
1015 967 1206 1018 senex,
1249 951 1569 1024 participem
1608 960 1659 1006 te
1698 950 1813 1005 ﬁeri
1853 947 1996 1003 volo.

438 1040 572 1096 Nam
594 1043 728 1098 forte
749 1043 849 1103 tibi
879 1043 1146 1097 videbitur
1170 1042 1260 1098 illa
1288 1041 1592 1106 delicatior,
1614 1055 1778 1111 quam
1800 1038 2001 1110 saepius

437 1133 596 1188 nobis
624 1134 907 1204 apparavit
933 1133 1192 1204 Satrapes
1230 1132 1320 1189 ille
1346 1133 1708 1203 gravissimus
1735 1141 1788 1186 et
1818 1130 2000 1199 perdi-

434 1227 702 1294 tissimus,
755 1227 850 1295 qui
890 1226 1132 1296 prodigia
1187 1225 1438 1293 qumdam
1474 1233 1534 1279 ut
1565 1225 1620 1278 in
1659 1224 2000 1280 somniorum

436 1321 728 1388 ﬁgmentis,
753 1328 965 1389 raptum
999 1318 1252 1373 videlicet
1279 1319 1382 1372 sibi
1401 1326 1816 1386 congruentem,
1847 1329 2006 1384 para—

313 1458 320 1462 _
436 1414 728 1481 disumque
780 1411 1007 1492 canibus
1040 1411 1348 1482 puellisque
1387 1409 1641 1475 inﬁnitis,
1683 1423 1806 1479 qua:
1841 1408 2005 1462 arbo-

437 1521 556 1558 rum
590 1505 754 1560 rantis
788 1503 1110 1567 insiderent,
1149 1504 1380 1574 aliisque
1432 1503 1814 1572 compluribus
1846 1501 2006 1571 nugis

437 1597 694 1651 refertum
741 1596 1021 1650 narrabat.
1055 1594 1273 1650 Duabus
1314 1609 1443 1649 vero
1472 1595 1537 1648 de
1567 1595 1748 1649 causis
1784 1605 2007 1647 necesse

437 1699 541 1755 est,
564 1697 623 1742 ut
658 1701 782 1758 qua:
812 1687 911 1743 abs
959 1701 1047 1743 me
1076 1697 1204 1741 sunt
1238 1686 1384 1741 dicta
1450 1686 1546 1740 tibi
1603 1685 1856 1740 referam.
1889 1682 2010 1737 Pri-

439 1795 610 1844 mum,
633 1777 758 1848 quia
789 1792 968 1848 neque
985 1785 1411 1833 consentaneum
1441 1791 1620 1848 neque
1653 1775 1735 1830 las
1755 1786 1861 1840 est,
1885 1774 1996 1830 dia

2103 580 2350 648 ἠχήεσσα
2377 576 2480 647 (l).
2508 578 2646 646 ἡμῖν
2674 591 2738 643 γε
2763 571 3009 626 διῖστῶσι
3042 571 3114 626 τὰ
3140 569 3392 642 σώματα,
3426 569 3544 625 ἀλλ’
3581 571 3687 641 οὐχ

2104 666 2195 723 οἷά
2221 686 2282 723 τε
2321 670 2484 724 ταυτὶ
2517 668 2656 723 κάπὶ
2702 667 2802 737 τῆς
2844 665 3081 737 ἀληθοῦς
3128 664 3487 735 φιλαδελφίας
3521 661 3690 718 τοῦτο

2107 760 2354 828 ποιῆσαιο
2386 757 2694 814 ἀκάθεκτον
2717 759 2828 827 γάρ
2853 756 2993 826 αὕτη
3021 756 3214 826 χρῆμα
3241 754 3490 827 πέφυκεν
3517 750 3682 808 εἶναι.

2110 854 2280 907 ’ὐθεν
2309 852 2571 935 βούλομαί
2607 869 2665 905 σε
2696 851 2792 905 καὶ
2821 850 3028 920 ταύτης
3057 850 3155 920 τῆς
3185 839 3370 920 θοίνης
3399 850 3533 919 ὴμῐν
3565 864 3689 902 ato:-

2107 949 2314 1013 νωνεῖν,
2347 941 2380 1020 ᾖ
2428 948 2458 1000 ό
2502 945 2603 1017 μὲν
2653 946 2836 1017 γέρων
2867 942 3138 1016 λαμπρῶς
3189 943 3389 1008 είστία,
3421 945 3588 1014 ἡμεῖς
3626 941 3686 996 δὲ

2107 1032 2250 1110 ἦμεν
2275 1039 2325 1092 oi
2350 1038 2693 1109 δαιτυμόνες.
2733 1038 3034 1110 ’Λϐροτέρα
3061 1037 3168 1108 γάρ
3196 1051 3279 1091 σοι
3309 1035 3472 1106 τυχὸν
3494 1037 3686 1104 φανεί-

2107 1149 2222 1196 ται,
2245 1125 2314 1203 ἧς
2344 1131 2607 1192 πολλάκις
2640 1131 2910 1201 ἑστιάτωρ
2950 1131 3088 1201 ἡμῖν
3118 1131 3145 1182 ό
3180 1129 3508 1200 σεμνότατος
3538 1131 3686 1183 ἐκεῖ·

2111 1244 2199 1291 νος
2221 1227 2517 1298 Σατράπης
2542 1226 2636 1281 καὶ
2657 1225 3120 1296 ἐπιτριπτότατος
3147 1223 3366 1292 γέγονε,
3390 1221 3688 1293 τερατείαν

2110 1321 2232 1375 τινὰ
2257 1319 2618 1390 διηγούμενος
2645 1323 2704 1373 ὲν
2725 1320 3020 1392 ὀνειράτων
3047 1317 3352 1388 πλάσματι,
3377 1316 3474 1370 καὶ
3506 1317 3690 1386 άρπα-

2112 1413 2218 1482 γὴν
2274 1412 2422 1483 αὐτῷ
2482 1414 2826 1484 πρέπουσαν,
2893 1415 2990 1466 καὶ
3047 1411 3379 1480 παράδεισον
3441 1410 3690 1480 γέμοντα

2114 1503 2297 1560 κυνῶν
2324 1505 2418 1559 καὶ
2447 1503 2629 1574 κορῶν
2658 1503 2925 1578 ἀπείρων,
2953 1504 3169 1568 κλάδοις
3202 1503 3434 1575 δένδρων
3468 1503 3692 1573 ὶφιδρν-

2118 1594 2314 1662 μένων,
2344 1595 2436 1647 καὶ
2463 1594 2635 1664 ἄλλης
2668 1594 2940 1666 φλυαρίας
2975 1595 3214 1664 μακρᾶς.
3250 1592 3412 1662 Τάμά
3439 1593 3494 1646 δὲ
3524 1591 3690 1645 πάλιν
3799 1601 3810 1606 ·

2115 1684 2412 1752 ἀναγκαῖον
2445 1686 2622 1739 είπεῖν
2656 1685 2804 1739 δυοῖν
2845 1686 3031 1739 ἕνεκα.
3070 1686 3292 1756 Πρῶτον
3325 1685 3424 1755 μὲν
3449 1683 3559 1754 γὰρ
3585 1682 3694 1737 οὐκ

2116 1775 2410 1830 ἀκόλουθον
2448 1777 2572 1832 οὐδὲ
2619 1777 2798 1848 θέμις,
2837 1777 3086 1849 διάλογόν
3135 1793 3258 1832 τινα
3290 1775 3574 1848 γίγνεσθαι
3611 1775 3692 1847 μὴ

441 1873 620 1941 lngutn
685 1870 925 1940 aliquem
958 1868 1098 1935 ﬁeri,
1139 1869 1245 1924 nisi
1288 1869 1530 1925 omnium
1579 1868 2006 1939 eolloqnentium

2128 1871 2205 1923 ιαὶ
2256 1869 2367 1924 τῶν
2417 1871 2968 1942 προσδιαλεγομένων
3028 1873 3156 1936 τοὺς
3216 1872 3410 1940 λόγους
3466 1870 3692 1941 ἔχοντα.

440 1977 724 2018 sermones
749 1961 1054 2018 contineat.
1086 1961 1311 2023 Deinde.
1364 1961 1416 2016 in
1459 1961 1596 2032 ipsis
1623 1961 1871 2016 nonnihil
1904 1959 2013 2016 lor-

444 2066 587 2110 tasse
615 2054 912 2124 reperietur
941 2054 1010 2110 iis
1039 2055 1190 2119 utile,
1234 2054 1328 2125 qui
1359 2053 1427 2110 de
1449 2069 1546 2126 spe
1573 2054 1626 2109 in
1661 2053 1824 2109 nobis
1858 2068 2014 2124 repo-

441 2150 544 2202 sita
582 2145 651 2202 de
697 2145 994 2218 improviso
1037 2148 1366 2215 respondere
1408 2146 1616 2212 volunt,
1652 2131 1872 2216 quando
1919 2145 2014 2202 Dei

443 2254 634 2294 osores
670 2238 745 2293 illi
777 2237 1032 2309 nngando
1059 2237 1265 2308 aliquid
1313 2237 1443 2294 huic
1475 2237 1769 2308 objiciunt.
1802 2238 1939 2292 Nam
1963 2246 2016 2292 et

385 2311 394 2319 ’
443 2332 536 2385 ille
575 2345 790 2384 onmem
829 2331 1140 2397 pharetram
1172 2329 1497 2393 cxinanivit,
1527 2329 1813 2385 barbarica
1846 2344 2012 2385 manu

447 2437 697 2494 magnam
747 2422 1065 2493 sagittarum
1118 2421 1224 2476 vim
1260 2422 1516 2477 emittens
1549 2437 1565 2475 :
1601 2435 1740 2492 quas
1794 2421 2016 2492 quidem

449 2519 592 2575 Deus
628 2519 773 2575 leves
804 2535 869 2574 ac
901 2519 1120 2574 hebetes
1149 2518 1310 2590 plane
1339 2517 1526 2574 ell'ecit
1554 2535 1567 2573 :
1601 2528 1658 2574 at
1678 2519 2017 2574 contrarium

449 2614 525 2668 illi
557 2613 779 2674 accidit.
808 2627 933 2667 nam
967 2611 1220 2667 conlisus
1254 2621 1337 2668 est
1371 2611 1692 2682 sagittarius
1723 2611 1822 2670 iste
1842 2612 2023 2682 spico-

447 2705 514 2761 lis
535 2705 738 2760 nostris
762 2721 776 2760 :
813 2705 924 2758 imo
943 2713 997 2760 et
1020 2704 1160 2769 suis,
1191 2703 1336 2774 quod
1356 2703 1577 2774 quidem
1617 2703 1874 2760 acerbius
1901 2718 2023 2760 om.-

451 2799 579 2853 uino
623 2797 872 2852 videtur:
903 2812 1221 2868 quanquam
1270 2795 1564 2852 Sacrarum
1611 2794 2020 2866 Scripturarum

452 2890 995 2959 interpretationibus
1047 2889 1487 2960 testiinoniisque
1533 2903 1708 2960 neque
1759 2899 2021 2959 quantum

454 2983 648 3036 licebat
704 2997 879 3051 neque
925 2991 1193 3052 quantum
1239 2982 1528 3050 oportebat
1565 2996 1758 3036 sumus
1791 2984 1902 3046 usi,
1927 2981 2024 3037 sed

451 3085 714 3144 (“tantum
737 3085 791 3130 et
813 3075 1033 3142 quando
1064 3074 1277 3139 volebat
1304 3075 1415 3129 ille.
1446 3073 1659 3144 Quippe
1695 3090 1874 3144 opera:
1906 3089 2027 3143 pre-

452 3168 588 3222 tium
617 3167 832 3237 quidem
865 3181 985 3222 esse
1013 3165 1250 3260 debebat
1275 3167 1377 3219 hoc
1397 3166 1578 3219 facere
1600 3181 1616 3220 :
1642 3166 1735 3221 sed
1761 3166 2024 3236 praeclaro
2051 3203 2094 3260 ο

454 3261 558 3314 isto
597 3257 908 3326 invictoque
953 3255 1156 3311 auxilio
1207 3255 1399 3310 lubens
1431 3255 1679 3325 privatus
1724 3271 1866 3320 sum,
1895 3270 2022 3310 cum

454 3350 582 3405 illud
615 3350 850 3420 primum
885 3348 1067 3403 animo
1094 3358 1427 3418 reputarem,
1457 3362 1798 3419 quaecunque
1821 3347 2027 3404 theolo-

454 3457 725 3515 gumenon
748 3443 1007 3498 librorum
1029 3442 1250 3497 oracula
1267 3455 1508 3496 errorem
1529 3439 1842 3508 Mabometi,
1863 3455 2030 3510 quan-

456 3549 544 3592 tus
560 3545 666 3602 est,
692 3536 825 3590 nihil
848 3534 952 3589 nisi
977 3549 1186 3588 merum
1219 3548 1463 3588 errorem
1489 3547 1612 3589 esse
1641 3542 1893 3604 arguant,
1915 3533 2030 3589 haec

456 3624 636 3689 abiis,
668 3624 763 3693 qui
786 3633 978 3679 contra
1017 3622 1182 3677 istum
1214 3622 1574 3692 scripserunt,
1601 3623 1780 3694 etjam
1809 3622 2030 3678 inventa

456 3733 603 3780 esse,
639 3726 695 3772 et
722 3714 1014 3786 disposita,
1049 3723 1104 3769 et
1128 3713 1498 3770 ornatissimis
1525 3712 1710 3768 verbis
1747 3727 2030 3784 expressa.

461 3811 684 3876 Deinde,
715 3808 966 3881 quamvis
1001 3809 1359 3865 interomnes
1390 3809 1568 3864 aetatis
1593 3808 1882 3881 gentisque
1919 3822 2035 3865 suae

461 3905 712 3960 homines
741 3919 972 3974 magnus
993 3910 1136 3958 esset
1157 3913 1211 3958 et
1244 3903 1539 3958 haberetur
1566 3917 1736 3958 senex
1756 3902 1866 3968 ille,
1886 3902 2034 3972 quod

461 3996 678 4066 quidem
716 3995 783 4050 ad
817 3994 1073 4050 liberales
1099 3994 1423 4064 disciplinas
1455 3995 1671 4058 attinet.
1708 4005 1761 4050 et
1807 3994 1875 4048 ad
1913 4009 2034 4049 eam

464 4106 584 4159 qnze
629 4088 774 4160 apud
805 4087 958 4158 ipsos
987 4088 1131 4158 viget
1166 4088 1516 4158 sapientiam,
1552 4089 1819 4142 barbarus
1851 4096 2035 4142 tamen

463 4191 583 4237 erat
613 4199 628 4236 :
653 4171 886 4236 barbara
913 4195 1132 4251 quoque
1157 4196 1291 4250 gens
1318 4181 1436 4251 ejus
1453 4188 1508 4235 et
1535 4180 1724 4234 dictio.
1753 4177 2038 4245 Quamob-

466 4289 603 4332 rem.
651 4280 710 4325 ut
751 4271 983 4326 debebat
1011 4271 1284 4336 accidere,
1321 4287 1428 4326 non
1461 4285 1579 4324 eam
1609 4276 1844 4324 mentem
1871 4268 2038 4323 habe-

468 4366 580 4426 hat,
611 4377 734 4431 quae
765 4359 938 4416 sacris
965 4360 1165 4416 litteris
1205 4359 1580 4416 absconditam
1619 4357 2040 4428 divinazqucin-

451 4454 781 4523 .telligentia:
816 4453 1233 4508 convenientem
1289 4452 1618 4507 sententiam
1671 4460 1816 4506 recte
1859 4455 2041 4526 posset

2120 1961 2332 2016 Ἕπειτ⁹
2367 1963 2497 2026 ῐσως
2530 1963 2626 2017 καί
2655 1963 2708 2018 τί
2739 1980 2844 2018 που
2891 1965 3166 2036 χρήσιμον
3199 1966 3258 2018 ἰν
3305 1965 3488 2028 αὐτοῖς
3527 1964 3696 2033 εὔρε-

2118 2055 2345 2127 θήσεται
2375 2059 2487 2121 τοῖς
2519 2060 2584 2112 ἑκ
2610 2057 2706 2113 τοῦ
2735 2061 3031 2130 προχείρου
3072 2052 3423 2130 βουλομένοις
3452 2059 3697 2128 ἀποκρί-

2115 2150 2305 2204 νεσθαι
2334 2151 2466 2223 περὶ
2493 2151 2593 2222 τῆς
2618 2153 2676 2206 ιν
2709 2153 2841 2222 ἡμῖν
2870 2152 3106 2218 ὶλπίδος,
3136 2153 3361 2208 ἔπειδάν
3380 2171 3434 2206 τι
3463 2150 3699 2223 ληροῦν-

2117 2257 2210 2304 τες
2234 2241 2410 2314 ταύτῃ
2445 2243 2802 2314 προφέρωσιν
2830 2246 2881 2299 οί
2914 2244 3192 2314 θεομίσεις
3222 2245 3322 2316 (2).
3357 2245 3597 2308 Ἐκεῖνός
3632 2262 3698 2298 τε

2119 2337 2230 2408 γὰρ
2260 2338 2444 2390 πᾶσαν
2487 2336 2589 2408 τὴν
2633 2337 2916 2408 φαρὲτραν
2953 2338 3215 2404 ἐκένωσε,
3245 2337 3375 2409 βέλη
3423 2338 3592 2409 συχνὰ
3629 2340 3701 2393 ἐκ

2120 2431 2219 2499 τῆς
2245 2427 2596 2499 βαρϐαρικῆς
2625 2429 2811 2500 χειρὸς
2839 2430 3044 2499 ἀφιείςο
3072 2428 3205 2493 Θεός
3229 2447 3290 2484 τε
3315 2431 3490 2486 ταῦτα
3513 2430 3704 2500 κοῦφα

2120 2521 2322 2580 τελέως
2351 2520 2652 2590 ἀπέφηνενο
2685 2521 2748 2574 οὔ
2798 2520 2907 2592 μὴν
2935 2521 3006 2575 τὰ.
3054 2521 3147 2575 ίσα
3192 2519 3347 2593 ὤφθη
3383 2523 3700 2588 πεπονθὼς,

2122 2615 2238 2668 ἀλλ’
2259 2613 2470 2686 ιόλήθη
2516 2613 2617 2685 μιν
2646 2616 2760 2680 τοίς
2799 2614 3100 2686 ἡμετέροις
3132 2615 3349 2686 βέλεσιν
3379 2618 3406 2669 ό
3445 2616 3698 2686 τοξότης·

2124 2705 2328 2778 ἐϐλήθη
2356 2705 2413 2759 δὲ
2444 2705 2539 2761 καὶ
2568 2707 2682 2769 τοῖς
2709 2703 2901 2771 αὑτοῦ,
2925 2704 2955 2758 δ
2980 2704 3045 2776 δὴ
3076 2704 3172 2758 καὶ
3195 2705 3522 2778 πικρότερον
3553 2701 3702 2760 εἶναι

2128 2798 2348 2862 πάντως
2371 2797 2538 2851 δοκεῖ·
2564 2796 2658 2851 καί
2687 2813 2770 2850 τοι
2793 2798 3094 2866 γραφικαὶς
3118 2798 3413 2870 ὲξηγήσεσι
3437 2801 3532 2853 καὶ
3561 2818 3705 2869 napo

2126 2889 2338 2962 τυρίαις
2370 2889 2468 2960 οὺχ
2510 2889 2635 2943 ὅσον
2660 2889 2802 2959 ,ἐξῆν
2839 2905 2898 2942 τε
2943 2892 3042 2943 καὶ
3081 2891 3271 2961 ἐχρῆν,
3317 2892 3728 2961 expianda,-

2128 2983 2244 3034 ἀλλ’
2278 2982 2406 3036 ὅσον
2439 2998 2498 3037 τε
2533 2983 2628 3036 καὶ
2664 2983 2752 3037 ὅτε
2781 2982 2954 3052 ιτοῦτο
2997 2985 3204 3046 ἐκεῖνος
3238 2983 3516 3040 ἐϐούλετο.
3547 2986 3701 3039 Ἔδει

2128 3075 2183 3127 δὲ
2228 3074 2387 3129 τοῦτο
2417 3074 2697 3146 προῦργου
2745 3076 3040 3130 ποιεῖσθαι·
3074 3076 3192 3131 ἀλλ’
3225 3076 3371 3132 ἑκὼν
3407 3077 3703 3149 ἀφῄρημαι

2129 3167 2227 3237 τὴν
2261 3168 2474 3239 ἄμαχον
2506 3169 2736 3238 ταυτηνὶ
2781 3169 2878 3223 καὶ
2923 3170 3094 3241 καλὴν
3147 3170 3492 3242 συμμαχίαν,
3527 3174 3706 3227 ἐκεῖνο

2132 3259 2350 3329 πρῶτον
2384 3259 2733 3331 ἐνθυμηθεὶς,
2765 3261 2841 3325 ὡς
2868 3262 2970 3316 ὃσα
3001 3262 3110 3315 τῶν
3138 3263 3337 3332 λογίων
3370 3263 3581 3336 ἐλέγχει
3606 3265 3706 3336 τὴν

2129 3348 2226 3403 τοῦ
2263 3348 2507 3421 Μωάμεθ
2563 3351 2778 3420 πλάνην
2833 3352 2968 3406 αὐτὸ
3028 3351 3186 3406 τοῦτο
3241 3353 3453 3423 πλάνην
3509 3354 3709 3421 οὖσαν,

2133 3440 2388 3512 εὓρηται,
2416 3441 2514 3496 καὶ
2535 3443 2822 3515 τέτακται,
2849 3443 2943 3497 καὶ
2965 3443 3316 3514 ἀπήγγελται
3341 3445 3418 3516 (5)
3457 3447 3708 3516 κοσμίως

2133 3535 2246 3597 τοῖς
2271 3532 2393 3586 κατ’
2423 3532 2592 3588 αὑτοῦ
2622 3533 2985 3604 γεγραφόσιν.
3013 3534 3229 3590 Ἔπειθ’
3256 3537 3360 3604 ὅτι,
3392 3536 3597 3610 καίπερ
3629 3537 3712 3593 ὢν

2134 3629 2229 3683 καὶ
2254 3625 2610 3696 νομιζόμενος
2662 3627 2840 3696 μέγας
2868 3627 2897 3680 ό
2928 3626 3112 3697 γέρων
3154 3631 3213 3683 ιν
3241 3632 3355 3692 τοῖς
3385 3631 3505 3683 κατ’
3540 3632 3710 3685 αὐτὸν

2137 3719 2362 3786 ἅπασιν,
2397 3718 2499 3772 ὅσα
2528 3733 2592 3788 γε
2626 3719 2708 3783 είς
2737 3717 2929 3788 λόγους
2965 3719 3062 3773 καὶ
3093 3720 3288 3788 σοφίαν
3317 3719 3418 3791 τὴν
3450 3723 3572 3774 κατ’
3605 3723 3708 3776 αὗ-

2134 3812 2280 3876 τοὺς,
2313 3811 2591 3884 βάρϐαρος
2636 3812 2786 3882 ὅμως
2835 3807 2927 3882 ἦν·
2969 3811 3061 3866 ὅτε
3115 3815 3208 3865 καὶ
3247 3813 3307 3866 τὸ
3351 3814 3510 3882 γένος
3559 3815 3712 3884 αὒτῷ

2139 3905 2308 3971 ἅπαν,
2337 3905 2432 3958 καὶ
2463 3905 2497 3974 ἡ
2526 3905 2704 3975 φωνή.
2745 3905 2858 3958 Καὶ
2884 3900 3031 3975 εἶχεν
3061 3906 3128 3960 ἂν
3156 3906 3380 3967 εἰκότως
3416 3907 3504 3960 διὰ
3537 3908 3712 3961 ταῦτα

2135 3997 2229 4050 τὸν
2267 3994 2386 4050 νοῦν
2427 3996 2528 4065 οὐχ
2557 3989 2670 4049 οἷον
2709 3996 3002 4065 ἐφικέσθαι
3034 3996 3219 4060 καλῶς
3261 3997 3526 4052 δύνασθαι
3574 4001 3713 4069 πρὶς

2140 4090 2239 4149 τὴν
2277 4090 2742 4159 ἑγκεκρυμμένην
2789 4093 2903 4154 τοῖς
2943 4090 3240 4163 γράμμασι
3288 4093 3566 4165 θεοπρεπῆ
3597 4095 3716 4149 διά·

2142 4196 2312 4233 νοιαν·
2345 4178 2465 4233 ἀνθ’
2507 4172 2582 4232 ὧν
2613 4179 2710 4250 οὐχ
2743 4180 2818 4244 ὼς
2853 4181 3044 4252 ἐχρῆν,
3086 4182 3455 4253 διειλέγμεθα,
3493 4185 3612 4239 ἀλλ’
3639 4187 3718 4249 ὡς

2143 4263 2255 4332 οἶός
2283 4270 2328 4321 τ’
2358 4262 2426 4338 ἦν
2473 4269 2679 4330 ἐκεῖνος
2725 4270 2981 4340 δέχεσθαι
3019 4271 3089 4324 τὰ
3127 4272 3422 4342 λεγόμενα.
3451 4274 3560 4327 Καὶ
3602 4276 3712 4346 γάρ

2147 4360 2236 4413 καὶ
2256 4359 2516 4430 ἑρμηνεῖς
2533 4362 2666 4432 ἡμῖν
2685 4363 2810 4425 τοὺς
2830 4362 3022 4430 λόγους
3038 4363 3534 4434 διαπορθμεῦοντες
3550 4361 3714 4436 ἦσαν·

2145 4452 2174 4504 ὃ
2199 4451 2461 4515 πολλάκις
2494 4451 2808 4522 βουλομένῳ
2857 4471 2946 4524 μοι
2975 4455 3158 4522 λέγειν
3206 4451 3306 4526 μῆ
3318 4457 3494 4527 πάντη
3526 4461 3718 4527 γήϊνον

471 4546 726 4616 assequi:
767 4545 951 4616 itaque
984 4560 1093 4600 non
1127 4553 1186 4599 ut
1229 4545 1540 4616 oportebat,
1585 4545 1678 4600 sed
1723 4551 1782 4598 ut
1816 4558 1880 4600 ea
1920 4559 2024 4614 qua

2151 4545 2288 4616 μηδὲ
2307 4547 2619 4618 χαμερπὲς,
2645 4546 2781 4600 ἀλλὰ
2803 4547 3180 4618 γενναιότερόν
3196 4565 3250 4602 τι
3278 4551 3372 4602 καὶ
3387 4549 3618 4620 ὑψηλότε
3631 4569 3722 4622 ρον

470 4639 816 4705 dicebantur,
856 4639 1155 4710 intelligere
1180 4648 1410 4708 poterat,
1451 4628 1834 4692 disseruimus.
1870 4636 2046 4692 Erant

469 4730 634 4785 etiam
665 4731 1002 4800 interpretes,
1037 4731 1132 4800 qui
1158 4744 1440 4786 sermones
1461 4739 1676 4786 nostros
1701 4727 1845 4783 ultro
1871 4729 2044 4784 citro-

433 4862 436 4864 η
474 4838 584 4893 que
623 4823 1056 4878 transmitterent
1079 4839 1094 4874 :
1117 4838 1240 4893 qum
1261 4836 1348 4878 res
1375 4821 1575 4878 volenti
1603 4820 1738 4876 mihi
1774 4835 1915 4892 saepe
1944 4821 2047 4875 ali—

475 4917 606 4989 quid
632 4932 744 4973 non
768 4917 991 4972 omnino
1011 4925 1286 4972 terrenum
1312 4929 1492 4993 neqtte
1512 4915 1808 4985 abjectum,
1827 4914 1919 4969 sed
1944 4929 2046 4968 no-

477 5012 640 5066 bilius
665 5019 714 5064 el
751 5008 1042 5064 sublimius
1070 5006 1252 5077 eloqui
1283 5007 1432 5076 (nam
1455 5021 1577 5076 quae
1598 5013 1926 5061 venerantes
1955 5019 2046 5059 co-

475 5104 663 5168 limus,
691 5118 753 5155 ea
783 5111 914 5157 sunt
937 5099 1274 5170 hnjusmodi)
1302 5099 1524 5155 obstare
1545 5099 1749 5168 ubique
1769 5107 1822 5152 et
1845 5097 2040 5152 adver-

473 5197 582 5251 sari
613 5195 900 5249 videbatur
929 5213 943 5250 :
972 5192 1414 5264 quandoquidem
1441 5192 1523 5249 bis
1555 5200 1610 5247 et
1632 5200 1718 5247 ter
1739 5191 1932 5246 eadem
1964 5191 2048 5246 di-

476 5303 600 5344 cere
629 5287 938 5358 oportebat,
971 5295 1030 5340 ut
1068 5285 1344 5342 intellectu
1388 5283 1634 5342 faciliora
1666 5285 1879 5341 tierent.
1909 5283 2048 5338 Pro-

480 5391 659 5452 pterca
690 5379 745 5435 in
780 5379 992 5444 multis,
1021 5380 1110 5436 ubi
1147 5395 1427 5436 sacrarum
1463 5378 1880 5449 Scripturarnm
1907 5392 2048 5447 opus

481 5484 598 5531 erat
641 5474 907 5540 subsidio,
951 5483 1175 5532 coactus
1229 5491 1350 5531 sum
1384 5473 1589 5539 nudus,
1624 5483 1685 5528 ut
1721 5475 1792 5529 ita
1825 5473 2038 5542 loquar,

551 5687 570 5757 ί
580 5686 628 5752 Ι)
665 5685 876 5757 Homer.
909 5685 1058 5741 lliad.
1092 5687 1159 5742 A.
1191 5687 1316 5742 157.

551 5759 632 5821 ('2)
665 5757 814 5811 Cod.
829 5756 1058 5813 Coislin.
1088 5758 1389 5828 θεομισείς.

550 5829 628 5898 (3)
670 5829 926 5886 Alludere
965 5827 1286 5885 videtur’ad
1340 5840 1451 5886 tres
1477 5829 1613 5896 :illas
1656 5831 1869 5900 priores
1920 5827 2047 5886 Elo-

2143 4639 2389 4706 (τοιαῦτα
2426 4637 2596 4710 γὰρᾶ
2633 4639 3058 4710 πρεσῦεύομεν),
3084 4641 3338 4712 ἐμποδὼν
3371 4645 3624 4712 ἐφαίνετό
3660 4662 3718 4699 τε

2146 4730 2398 4800 πανταχῆ
2426 4730 2522 4785 καὶ
2552 4731 2909 4798 προσίστατοο
2939 4733 3028 4796 δὶς
3056 4735 3166 4805 γάρ
3191 4734 3298 4787 εδει
3323 4736 3418 4789 καὶ
3451 4737 3573 4805 τρὶς
3598 4741 3722 4792 ταῦο

2145 4823 2215 4875 τὰ
2233 4821 2309 4891 (4)
2329 4823 2532 4890 λέγειν,
2552 4823 2620 4877 ἶν’
2637 4822 2882 4891 εὔληπτα
2903 4825 3135 4892 γένοιτο.
3151 4827 3252 4881 Διὰ,
3265 4827 3327 4897 δὴ
3348 4827 3521 4882 ταῦτα
3540 4831 3596 4883 ὲν
3619 4833 3721 4886 οὐκ

2146 4913 2370 4982 ὀλίγοις,
2388 4910 2468 4976 οἷς
2485 4915 2591 4968 ἔδει
2605 4915 2704 4985 τῆς
2727 4915 2834 4968 ἀπὸ
2848 4916 2948 4986 τῆς
2965 4919 3184 4988 γραφῆς
3202 4922 3541 4990 συμμαχίας,
3559 4924 3722 4987 αὐτὸς

2147 5005 2322 5075 ψιλὸς,
2349 5007 2425 5069 ὡς
2456 5007 2655 5071 εἰπεῖν,
2681 5008 2779 5076 τῆς
2805 5009 2912 5061 ἀπὸ
2937 5009 3048 5062 τῶν
3073 5010 3272 5080 λογίων
3297 5014 3471 5082 ῥοπῆς
3502 5016 3725 5070 καὶτῶν

2148 5101 2357 5154 ἐκεῖθεν
2382 5100 2564 5154 ὅπλων
2595 5101 2991 5172 συμπλακῆναι
3014 5104 3401 5176 ἠνάγκασμαι,
3435 5107 3726 5178 λογισμοῖς

2148 5191 2195 5246 δ’
2226 5194 2346 5249 ἀντὶ
2403 5193 2594 5247 τούτου
2654 5195 2753 5249 καὶ
2793 5195 3259 5266 παραδείγμασιν,
3287 5199 3363 5261 ὼς
3413 5198 3483 5252 τά
3529 5199 3723 5264 πολλὰ,

2152 5287 2392 5357 χρῆσθαι
2424 5287 2826 5358 διαλεγόμενος,
2872 5290 2968 5342 καὶ
3001 5289 3218 5352 τούτοις
3264 5289 3630 5362 καταλλήλοις
3662 5293 3726 5361 τῇ

2154 5379 2264 5434 τῶν
2293 5379 2601 5433 ἀκουόντων
2631 5380 2799 5451 ἰσχύϊ.
2829 5381 3036 5454 Πολλὴν
3072 5384 3169 5452 μὲν
3189 5379 3286 5436 οὖν
3317 5401 3410 5455 μοι
3442 5383 3603 5438 τοῦτο
3632 5385 3730 5454 τὴν

2153 5474 2359 5546 ζημίαν
2383 5471 2781 5545 προύξένησεν,
2805 5473 3008 5544 ἠνεγκι
3037 5474 3082 5528 δ’
3108 5471 3203 5529 οὖν
3231 5493 3283 5530 τι
3313 5477 3409 5528 καὶ
3435 5478 3728 5547 χρήσιμον.

2163 5683 2398 5761 quentiae
2426 5691 2642 5755 partes:
2668 5681 3064 5750 inventionem,
3085 5683 3518 5758 dispositionem,
3549 5685 3736 5742 clout-
3830 5755 3836 5761 λ

2163 5757 2389 5810 tionem.

2231 5827 2308 5898 (4)
2339 5826 2508 5884 Codd.
2543 5827 2729 5894 ambo,
2760 5823 2956 5881 ταῦτα.
