4080 6620
321 373 422 441 133

1341 369 1726 432 DlALOGUS
1761 371 1920 431 CUM
1959 365 2514 431 MOHAMETANO.

3476 361 3576 426 134

313 471 541 540 Δύναιτο
574 486 682 556 γὰρ
727 484 792 539 ἄν
839 503 944 548 τις,
993 477 1167 554 οἶμαι,
1207 483 1407 556 ῥαδίως
1445 484 1760 554 μεμνῆσθαι
1796 486 1888 538 καὶ

1995 483 2342 538 oraculorum
2379 481 2583 536 auxilio
2607 489 2660 537 et
2688 479 2876 541 armis,
2915 495 3036 550 qua:
3072 479 3196 535 inde
3227 482 3433 536 assumi
3470 498 3565 552 po-

310 579 487 644 λόγων
521 577 744 632 ἐκείνων
777 579 1008 647 ἄπειρος
1050 576 1147 643 ὢν,
1193 573 1273 640 οἷς
1319 593 1384 644 γε
1435 576 1569 646 πρὸς
1614 576 1883 646 ἀλλήλους

311 670 696 741 ἐχρησάμεθα,
727 671 822 724 καὶ
867 670 1107 741 χρῆσθαι
1152 671 1386 734 τούτοιςκ
1413 669 1615 741 δεῆσαν
1654 668 1880 739 εὐχερές

1991 578 2244 639 tuissent,
2312 574 2628 642 conﬂigere,
2667 584 2832 646 atque
2887 575 3051 644 hujus
3103 584 3392 630 armaturae
3439 576 3562 630 loco

1990 668 2510 726 ratiocinationibus
2540 669 2595 723 in
2624 669 2986 738 colloqueudo
3017 666 3342 737 plerumque
3379 667 3476 732 uti,
3502 678 3559 723 et

310 763 509 832 στερόν
553 781 614 816 τε
659 764 756 818 καὶ
796 763 1244 834 προχειρότερον,
1277 763 1310 834 ἢ
1351 764 1466 825 ταῖς
1515 761 1622 814 τῶν
1653 760 1886 830 Γραφῶν

1990 762 2281 831 exemplis,
2313 762 2487 831 iisque
2517 761 2584 841 ad
2614 761 2952 815 audientium
2993 770 3216 832 captum
3251 774 3562 815 accommo-

307 858 629 927 ὲξηγήσεσι.
657 857 784 920 Τοῖς
809 857 919 928 γὰρ
947 858 1054 909 ἀπὸ
1082 856 1290 910 τούτων
1314 855 1512 916 τελέως
1541 853 1887 922 διαλέγεσθαι

1992 850 2156 907 datis.
2182 850 2236 906 ιιι
2270 851 2400 905 mihi
2442 866 2695 922 magnum
2731 851 2953 921 quidem
3006 851 3292 916 damnum,
3324 851 3562 922 aliquam

306 949 558 1014 θέλουσι,
583 949 665 1002 δεῖ
701 949 798 1018 μὲν
831 949 1011 1011 καλῶς
1048 950 1263 1010 ὲκείνας
1300 945 1690 1018 ὲξησκηκέναι,
1723 945 1800 998 δει
1833 945 1889 998 δὲ

306 1042 534 1110 φρενῶν
564 1039 858 1109 όξυτέρων,
887 1042 966 1094 δεῖ
1000 1040 1058 1093 δὲ
1091 1041 1268 1113 ῥοπῆς
1294 1039 1600 1107 θειοτέρας,
1631 1037 1666 1092 a
1697 1038 1887 1091 συνελο

306 1131 434 1184 Θεῖν
466 1131 586 1184 κατ’
613 1131 747 1184 αὐτὸ
789 1131 1048 1201 χαλεπόν.
1083 1129 1272 1184 Ταῦτα
1304 1130 1405 1200 μὲν
1439 1129 1555 1191 οὖν,
1583 1123 1628 1184 ὦ
1657 1129 1885 1198 φιλτάτη

306 1223 556 1292 κεφαλὴ,
583 1222 776 1292 ὥσπερ
807 1222 928 1277 τινὰ
972 1223 1215 1293 κρηπῖδα
1254 1220 1334 1291 τῷ
1374 1220 1522 1292 λόγῳ
1563 1221 1674 1274 δεῖν
1703 1220 1889 1291 ᾠήθην

306 1313 751 1381 προῦποθὲσθαι,
781 1313 848 1365 ἵν’
880 1312 1026 1383 ἔχοις
1061 1314 1190 1383 ῥᾷον
1223 1313 1324 1381 τὴν
1349 1309 1463 1364 τόθ’
1489 1309 1647 1380 ἡμῶν
1680 1311 1890 1380 συμϐᾶ-

304 1419 421 1454 σαν
451 1403 686 1469 διάλεξιν
723 1403 1108 1474 ὲκλαμὸάνειν,
1140 1403 1262 1473 ἣτις
1291 1396 1394 1456 ὧδέ
1419 1419 1534 1463 πως
1569 1401 1745 1471 ἔσχεν.

1996 958 2126 998 vero
2157 943 2325 999 etiam
2377 945 2666 999 utilitatem
2717 944 2920 998 attulit.
2979 942 3430 1016 Quandoquidem
3483 946 3568 1000 vel

1999 1035 2284 1104 imperitus
2311 1036 2584 1104 quispiam
2613 1035 2854 1112 illorum,
2889 1049 3029 1105 quos
3060 1035 3292 1090 invicem
3324 1037 3567 1090 contuli-

1999 1140 2146 1188 mus,
2197 1125 2516 1181 meminisse
2564 1126 2740 1195 possit
2795 1141 3144 1190 sermonum,
3185 1125 3387 1196 iisque,
3441 1140 3566 1181 cum

1998 1216 2326 1286 oportuerit,
2348 1217 2566 1280 facilius
2597 1216 3014 1287 promptiusque
3040 1217 3144 1284 uti,
3170 1232 3329 1288 quam
3355 1233 3389 1296 ε
3409 1233 3568 1274 sacra

1999 1308 2285 1377 Scriptura
2320 1312 2505 1380 petitis
2543 1311 2900 1382 argumentis.
2933 1312 3038 1376 Qui
3071 1312 3218 1366 enim
3261 1311 3476 1365 divinos
3507 1310 3572 1364 li-

1999 1403 2127 1459 bros
2170 1404 2226 1459 in
2269 1405 2589 1463 disserendo
2633 1415 2780 1461 recte
2826 1405 3088 1459 adhibere
3116 1404 3306 1468 velint,
3337 1403 3401 1457 iis
3441 1417 3567 1455 cum

297 1495 578 1563 prmclara
599 1495 815 1558 illorum
845 1496 1387 1561 exercitatione,tum
1414 1495 1683 1549 subtiliori
1709 1503 1886 1549 mente
1924 1506 1978 1552 et
2008 1497 2278 1552 diviniore
2309 1498 2625 1568 adiumento
2652 1509 2735 1555 est
2764 1514 2903 1568 opus
2938 1515 2953 1552 :
2987 1512 3108 1568 qua:
3173 1504 3323 1551 certe
3385 1493 3567 1548 omnia

285 1588 372 1650 in
407 1602 574 1641 unum
601 1595 656 1641 et
695 1586 836 1642 idem
864 1586 1080 1642 difﬁcile
1109 1596 1195 1641 est
1221 1585 1538 1640 convenire.
1573 1583 1776 1648 Habes,
1813 1585 1884 1639 mi
1926 1587 2128 1656 optime
2195 1587 2384 1654 frater,
2435 1601 2560 1658 quae
2629 1587 2786 1658 quasi
2844 1585 3092 1655 quaedam
3138 1583 3323 1653 operis
3372 1580 3566 1636 funda-

299 1686 496 1733 menta
527 1679 904 1747 praestruenda
935 1691 1055 1732 esse
1095 1675 1428 1742 existimavi,
1469 1686 1526 1731 ut
1553 1673 1758 1731 factum
1785 1684 1913 1732 tunc
1951 1678 2090 1735 inter
2119 1693 2220 1734 nos
2259 1679 2473 1738 facilius
2505 1681 2686 1751 possis
2723 1693 3032 1734 sermonem
3085 1675 3410 1746 intelligere,
3473 1686 3568 1742 qui

297 1768 417 1823 hoc
438 1767 552 1825 fere
576 1767 742 1824 modo
769 1782 829 1825 se
859 1769 1069 1838 habuit,

322 1977 3418 2006 W—

3421 1975 3547 1994 .-

1350 2145 1948 2239 DIALOGUS
2043 2141 2534 2234 PRIMUS.

1506 2340 1593 2402 De
1624 2337 1880 2417 Angelis
1913 2345 1974 2401 et
2010 2335 2373 2400 Animabus.

383 2679 454 2728 α’.
501 2668 824 2740 Ἐκαθήμην
859 2669 996 2738 μετὰ
1031 2667 1244 2723 δεῖπνον
1280 2663 1418 2733 πρὸς
1457 2663 1522 2732 τῇ
1572 2660 1745 2733 πυρᾷ,
1798 2660 1888 2714 καὶ

2070 2662 2124 2716 l.
2159 2660 2426 2716 Sedebam
2452 2659 2519 2715 ad
2551 2657 2730 2714 focum
2756 2665 2881 2735 post
2919 2670 3156 2720 caenam,
3197 2653 3447 2724 idemque
3471 2669 3570 2724 pro

305 2763 508 2817 ταυτὸν
535 2765 564 2815 ὁ
609 2747 793 2829 Ῠέρων
838 2757 1113 2818 είωθότως
1154 2753 1352 2817 ἐποίει,
1395 2751 1582 2815 ἄλλοις
1614 2751 1732 2821 ἅμα
1780 2749 1890 2802 τῶν

302 2855 624 2926 ἡμετέρων,
654 2856 752 2906 καὶ
794 2854 908 2915 τοῖς
953 2849 1120 2904 αὑτοῦ
1153 2847 1365 2903 παισίν·
1395 2842 1538 2919 ἦσαν
1567 2844 1677 2914 γάρ
1715 2845 1765 2896 oi
1793 2842 1888 2896 δύο

307 2950 472 3012 υἱεῖς,
501 2946 598 3000 νοῦ
621 2963 681 2998 τε
716 2945 809 2999 καὶ
835 2944 1030 3012 σοφίας
1064 2941 1414 3012 μετέχοντες,
1433 2939 1530 2992 καὶ
1558 2936 1620 2990 ού
1656 2935 1888 3006 σμικρὸν

308 3039 491 3090 ἐνίοτε
540 3035 633 3089 τοῦ
683 3032 959 3104 πατρικοῦ
1016 3029 1648 3100 συναντιλαμϐανόμενοι
1703 3025 1886 3094 λόγου.

308 3130 426 3182 Καί
463 3129 554 3198 μοί
597 3144 766 3198 φησιν
790 3129 819 3178 ό
843 3124 1180 3195 πρεσϐύτης·
1212 3123 1276 3176 Ei
1310 3119 1678 3192 μὴ’μέλλοιμι
1716 3117 1891 3180 δόξειν

307 3221 562 3291 ὲπαχθὴς
599 3221 698 3292 (Ι),
723 3217 994 3289 δεήσομαί
1028 3234 1122 3270 σου
1163 3213 1394 3268 ἀκοῦσαί
1443 3230 1572 3284 μου,
1605 3213 1696 3264 καὶ
1732 3209 1890 3277 λόγον

312 3312 668 3384 μεταδοῦναι,
719 3312 848 3380 περὶ
891 3304 967 3363 ὧν
1007 3308 1072 3362 ἂν
1102 3308 1354 3378 ἐροίμην·
1399 3304 1599 3375 σχολὴν
1634 3303 1743 3372 γὰρ
1790 3301 1889 3372 ἤδη

308 3410 494 3475 ἄγεις.
531 3407 712 3475 Ἔφην
757 3403 803 3458 δ’
857 3401 987 3470 ἑγάν
1033 3399 1172 3453 Ἀλλ’
1206 3401 1255 3451 εί
1301 3397 1396 3450 καὶ
1447 3396 1524 3466 μὴ
1573 3391 1887 3463 ἐσχόλαζον,

219 3527 229 3534 ·
310 3499 492 3570 ἡδέως
521 3499 587 3553 ἄν
619 3515 716 3550 σου
749 3495 1088 3560 ἀκούσαιμι,⁸
1118 3489 1381 3561 βούλομαι
1409 3489 1518 3559 γάρ
1556 3503 1636 3543 σοι
1663 3485 1891 3556 χαρίζε-

309 3591 461 3645 σθαι.
501 3590 610 3643 Καὶ
638 3588 698 3650 ὃς
730 3587 1036 3658 ἀρξάμενος
1071 3583 1176 3654 ἔφη
1197 3594 1215 3614 ⁹

385 3679 450 3751 β’.
483 3681 669 3752 Ἔρως
715 3675 784 3751 ἦν
835 3694 929 3746 μοι
975 3676 1256 3746 διηνεκὴς,
1305 3672 1398 3727 τοῦ
1440 3671 1539 3745 τὴν
1587 3671 1712 3726 καθ’
1743 3671 1888 3743 ὑμᾶς

311 3772 575 3844 λατρείαν
604 3767 913 3835 διδάξοντός
954 3785 1022 3835 με
1055 3766 1262 3836 τυχεῖν.
1290 3765 1399 3819 Καὶ
1427 3763 1774 3834 Χριστιανῶν
1809 3763 1888 3834 (2)

318 3867 419 3934 μὲν
445 3863 657 3917 οὐδέσιν
686 3857 1026 3915 οὐδεπώποτ’
1047 3859 1318 3928 ἐνέτυχον,
1347 3855 1398 3909 οἳ
1423 3855 1587 3924 λόγου
1617 3873 1676 3908 τε
1709 3858 1888 3926 μετεῖ-

312 3975 429 4027 χον,
461 3955 561 4010 καὶ
599 3957 798 4025 πεῖραν
833 3951 1041 4021 ταύτης
1077 3951 1350 4018 τοσαύτην
1400 3943 1568 4018 εἶχον,
1597 3948 1740 4002 ὥστε
1795 3948 1886 4017 μοί

313 4025 366 4104 τι
394 4049 589 4116 σαφὲς,
621 4048 715 4100 καὶ
744 4042 859 4100 οἷον
885 4045 952 4099 ἂν
987 4044 1304 4114 βουλοίμην,
1337 4041 1602 4095 δύνασθαι
1631 4041 1884 4111 φράζειν.
1918 4025 1961 4080 c

315 4141 543 4213 Περσῶν
601 4139 681 4204 δὲ,
728 4139 823 4190 καὶ
860 4137 1135 4206 ’Δράὸων,
1185 4140 1278 4188 καὶ
1326 4133 1610 4204 Τούρκων,
1645 4132 1694 4186 οἳ
1736 4133 1886 4202 παρὰ

311 4233 417 4285 τῶν
439 4230 750 4300 ὑμετέρων,
773 4229 847 4292 ὡς
870 4228 1080 4297 ελεγον,
1098 4227 1455 4298 ἐδιδάχθησαν
1477 4225 1514 4281 ὃ.
1531 4224 1882 4297 πρεσϐεύετε,

313 4321 529 4374 πολλῶν
583 4320 757 4374 πολλὰ
806 4319 1072 4386 λεγόντων
1119 4319 1353 4388 ἀκήκοα·
1389 4313 1472 4380 οἷς
1503 4317 1564 4370 οὐ
1612 4316 1755 4370 πάνυ
1803 4333 1882 4369 τοι

310 4412 592 4468 πιστεύειν
615 4412 824 4480 ἠξίουν·
847 4411 1010 4464 τοῦτο
1046 4397 1166 4480 μὲν,
1192 4410 1266 4472 ὡς
1301 4410 1548 4471 ἐναντίας
1574 4405 1729 4462 οὖσιν
1757 4408 1885 4477 ὑμῖν

309 4507 637 4580 θρησκείας,
686 4505 846 4557 τοῦτο
874 4505 918 4558 δ’
953 4504 1030 4566 ὡς
1073 4503 1429 4573 διαφωνοῦσι,
1463 4503 1560 4557 καὶ
1594 4500 1671 4572 μὴ
1712 4501 1883 4554 ταυτὰ

234 4669 236 4671 .
307 4601 587 4668 λέγουσιν.
607 4588 818 4660 ’Ἄλλος
845 4596 954 4668 γὰρ
983 4596 1112 4651 ἄλλο
1137 4613 1191 4648 τι
1217 4595 1347 4666 περὶ
1378 4594 1474 4648 τοῦ
1505 4594 1674 4647 αύτοῦ
1705 4596 1885 4664 πράγ-

311 4709 484 4762 ματος
512 4690 814 4760 ἀκηκοέναι
847 4683 1233 4769 διῐσχυρίζετοο
1268 4687 1470 4749 πάντες
1502 4687 1560 4739 δὲ
1597 4685 1883 4738 παντάπαο

309 4787 394 4839 σιν
451 4783 708 4852 ἀλλήλοις
763 4778 1060 4850 ἀσύμϐατα
1114 4781 1323 4848 ελεγον.
1391 4778 1534 4831 Ἀλλ’
1590 4777 1690 4848 ήδη
1743 4778 1881 4849 τύχῃ

307 4876 491 4946 ἀγαθῇ
536 4873 784 4928 τοιούτου
830 4871 986 4938 ξένου
1027 4888 1121 4926 σου
1167 4869 1374 4942 τυχὼν,
1409 4870 1615 4939 σφόδρα
1661 4868 1884 4931 εὔελπίς

309 4972 449 5039 είμι,
499 4966 594 5019 νῦν
648 4963 782 5034 γοῦν
832 4963 1042 5016 ἐκείνου
1097 4962 1410 5027 τεύξεσθαι,
1464 4954 1639 5033 οὗπερ
1673 4959 1884 5014 ἄνωθεν

304 5067 480 5134 ἥρων.
510 5059 785 5130 Ὀθενιδὴ
837 5059 933 5112 καὶ
982 5057 1175 5128 δέομαί
1225 5074 1320 5109 σου
1373 5056 1448 5127 μὴ
1499 5057 1598 5126 τῆς
1642 5055 1882 5126 ἐφέσεως

305 5155 604 5227 ἁμαρτεῖν,
645 5151 782 5222 μηδὲ
822 5151 931 5204 τῶν
964 5151 1197 5203 ἐλπίδων
1245 5149 1574 5220 ψευσθῆναι,
1610 5149 1746 5201 ἀλλὰ
1779 5167 1880 5202 κα-

305 5248 489 5322 θαρῶς
521 5244 756 5298 ἀκοῦσαι
806 5242 957 5316 παρά
999 5243 1093 5297 σοῦ
1141 5242 1302 5298 πάνθ’
1333 5242 1369 5296 ἃ
1416 5246 1688 5314 φρονείεεο
1721 5243 1878 5312 κάγὼ

303 5344 359 5395 δὲ
390 5341 708 5411 βουλομένῳ
740 5354 822 5392 σοι
847 5339 1006 5392 πάντ’
1031 5336 1139 5406 ὲρῶ
1163 5337 1232 5390 τὰ
1254 5337 1524 5408 ἡμέτερα,
1549 5336 1585 5392 ἆ
1616 5337 1758 5391 δοκῶ
1788 5356 1878 5407 μοι
1915 5357 1959 5414 ι)

305 5432 487 5493 καλῶς
521 5431 747 5485 εἰδέναι.
789 5428 1095 5501 Ἐνδέχεται
1139 5427 1197 5484 δέ
1246 5445 1340 5510 σοι.
1374 5429 1566 5499 μισθὸν
1615 5430 1873 5498 γενέσθαι

309 5523 413 5574 τῶν
450 5522 654 5581 πόνων,
683 5513 795 5572 οἷον
826 5519 892 5572 ἂν
922 5517 1086 5579 αὐτὸς
1111 5514 1318 5581 εὖξαιο.
1346 5516 1405 5568 Εί
1435 5515 1544 5584 γὰρ
1577 5514 1640 5586 δὴ
1671 5515 1741 5568 τὰ
1771 5534 1876 5569 πα·

313 5615 380 5682 ρὰ
424 5611 519 5666 σοῦ
568 5610 950 5682 λεχθησόμενα
994 5609 1256 5679 ἀληθείας
1313 5608 1550 5679 ἐχόμενα
1600 5609 1875 5677 φανεῖται,

386 5795 462 5867 (1)
490 5795 819 5852 (ἶού.·(]υἰ51.
853 5795 1137 5866 ἐπαχθείς.

1997 2767 2150 2808 more
2191 2751 2425 2808 faciebat
2467 2767 2654 2815 senex,
2691 2765 2800 2804 una
2834 2765 2956 2804 cum
3003 2750 3127 2803 aliis
3154 2763 3219 2803 ex
3264 2756 3454 2803 nostro
3476 2763 3569 2802 co~

1997 2844 2212 2908 mitatu,
2238 2855 2436 2899 etcum
2470 2843 2584 2899 suis
2612 2843 2772 2898 ﬁliis:
2796 2843 2848 2897 hi
2880 2850 3038 2897 erant
3061 2842 3192 2906 duo,
3230 2842 3451 2913 ingenio
3475 2857 3568 2895 sa-

1995 2938 2312 3009 pientiaque
2358 2938 2595 3009 praediti,
2634 2951 2738 2991 nec
2792 2951 2985 3006 parum
3032 2937 3324 3005 aliquando
3360 2950 3570 2990 sermo-

1996 3045 2118 3085 nem
2148 3032 2319 3100 patris
2349 3029 2701 3100 adjuvabant.
2734 3027 2871 3083 Tum
2921 3043 3110 3096 senex,
3155 3028 3269 3083 Nisi
3303 3027 3572 3082 molestus

1995 3135 2117 3178 esse
2145 3123 2354 3186 videar,
2377 3122 2576 3193 inquit,
2607 3131 2657 3176 te
2690 3115 2892 3190 rogabo
2924 3131 2984 3176 ut
3011 3137 3097 3176 me
3127 3122 3339 3188 audias,
3359 3135 3566 3175 sermo-

1996 3227 2232 3283 nemque
2269 3213 2337 3269 de
2359 3215 2562 3283 quibus
2600 3214 2946 3286 interrogare
2985 3213 3336 3284 impertiare:
3369 3224 3563 3270 nactus

1993 3307 2138 3363 enim
2164 3317 2216 3360 te
2234 3320 2353 3361 sum
2381 3304 2641 3361 otiosum.
2669 3308 2740 3360 At
2759 3305 3118 3375 ego,Etiamsi
3148 3321 3311 3376 quam
3339 3307 3564 3361 minime

1994 3401 2204 3453 Otiosus
2220 3412 2422 3461 essem,
2445 3396 2691 3466 inquam,
2711 3405 2891 3451 tamen
2918 3398 3173 3452 lubenter
3199 3406 3248 3452 te
3274 3396 3522 3452 audirem
3549 3415 3562 3449 :

1997 3505 2096 3546 nec
2119 3491 2418 3560 quidquam
2460 3498 2672 3543 tantum
2702 3488 2888 3559 cupio,
2916 3504 3079 3560 quam
3115 3489 3211 3545 tibi
3242 3490 3563 3561 gratificari.

1993 3579 2150 3637 Tunc
2174 3582 2355 3637 dicere
2394 3596 2624 3637 exorsus
2654 3591 2739 3635 est
2773 3599 2787 3634 :

2062 3673 2120 3728 2.
2155 3673 2402 3744 Semper,
2439 3675 2634 3744 inquit,
2668 3687 2770 3743 ego
2814 3673 3017 3744 optavi,
3052 3682 3110 3728 ut
3145 3675 3199 3729 in
3255 3690 3422 3730 unum
3466 3676 3568 3732 ali-

1991 3785 2152 3840 quem
2181 3769 2611 3836 inciderem,qui
2637 3778 2871 3821 vestram
2909 3782 2996 3821 me
3025 3769 3342 3838 religionem
3373 3770 3568 3826 edoce-

1992 3869 2095 3915 ret.
2138 3859 2349 3916 Etenim
2382 3875 2413 3914 e
2442 3850 3047 3928 Christianis'quidem
3097 3861 3278 3914 nullos
3321 3878 3560 3932 unquam

1994 3951 2322 4031 reperi,~qtti
2346 3959 2559 4006 tantum
2593 3951 2819 4022 ingenii,
2859 3961 3176 4024 tantamque
3209 3971 3324 4012 suae
3347 3958 3567 4027 religio-

1991 4043 2079 4098 nis
2106 4042 2352 4112 peritiam
2390 4043 2674 4109 haberent,
2727 4055 2787 4099 ut
2824 4043 2888 4100 de
2930 4045 3020 4100 illa
3054 4046 3188 4101 mihi
3220 4048 3428 4104 clarum
3461 4051 3557 4105 ali-

1990 4135 2142 4206 quid,
2168 4135 2330 4206 quale
2350 4136 2564 4201 vellem,
2581 4137 2762 4207 eloqui
2788 4147 3032 4207 possent.
3050 4137 3212 4195 Plura
3237 4157 3366 4198 vero
3393 4158 3422 4198 e
3442 4144 3563 4214 plu-

1991 4229 2144 4283 ribus
2161 4229 2368 4295 Persis,
2396 4231 2690 4293 Arahibus,
2717 4231 3023 4302 Turcisque
3042 4234 3248 4300 audivi,
3270 4237 3365 4306 qui
3388 4253 3416 4290 a
3441 4254 3563 4294 ves-

1989 4323 2112 4386 tris,
2133 4331 2190 4376 ut
2219 4322 2459 4387 aiebant,
2488 4323 2770 4394 religionis
2803 4334 3000 4380 vestrae
3041 4326 3222 4397 capita
3252 4328 3564 4400 placitaque

1987 4414 2164 4469 edocti
2188 4414 2400 4471 fuerant
2422 4434 2436 4470 :
2459 4415 2660 4485 quibus
2683 4423 2866 4472 tamen
2895 4432 3000 4471 non
3032 4418 3194 4488 plane
3217 4419 3440 4475 credere
3468 4437 3562 4479 vo-

1986 4507 2166 4562 lebam
2191 4525 2205 4561 :
2229 4517 2342 4563 tum
2378 4507 2506 4577 quia
2539 4509 2873 4563 contrariam
2897 4521 3094 4566 vestrae
3127 4511 3440 4582 religionem
3467 4530 3561 4568 co-

1939 4587 1941 4589 ’
1986 4599 2127 4666 lunt,
2169 4609 2283 4654 tum
2310 4599 2438 4668 quia
2464 4599 2606 4654 inter
2641 4614 2701 4654 se
2724 4598 3082 4667 dissentiunt,
3111 4618 3211 4657 nec
3243 4605 3432 4658 eadem
3470 4607 3559 4660 di-

1986 4697 2139 4743 cunt.
2175 4685 2310 4741 Nam
2344 4687 2485 4743 alios
2511 4687 2658 4743 aliud
2676 4692 2863 4745 eadem
2891 4691 2959 4745 de
2985 4707 3042 4748 re
3076 4693 3298 4749 audisse
3330 4711 3390 4749 se
3418 4695 3559 4750 amr-

1985 4785 2202 4838 mabat:
2233 4795 2426 4836 omnes
2455 4792 2636 4837 autem
2668 4798 2732 4838 ea
2762 4782 3043 4853 dicebant,
3073 4801 3193 4856 quae
3224 4787 3366 4841 inter
3388 4802 3447 4842 se
3471 4789 3558 4842 in—

1985 4876 2156 4962 vicem
2179 4875 2407 4930 omnino
2430 4877 2708 4931 cohaerere
2734 4892 2842 4931 non
2863 4888 3108 4948 possent.
3131 4879 3238 4934 Sed
3259 4879 3556 4950 jam,quod

1987 4967 2113 5022 felix
2142 4967 2496 5037 faustumque
2521 4970 2614 5029 sit,
2635 4969 2794 5023 talem
2823 4978 2872 5025 te
2897 4969 3168 5039 hospitem
3192 4980 3385 5026 nactus
3407 4972 3558 5026 valde

1985 5073 2146 5129 Spero
2182 5059 2321 5124 fore,
2352 5069 2410 5114 ut
2433 5061 2712 5130 quoddam
2743 5063 2950 5133 pridem
2977 5063 3378 5128 desiderabam,
3410 5080 3556 5120 nunc

1985 5163 2134 5206 certe
2192 5166 2519 5220 consequar.
2555 5153 2706 5209 Unde
2765 5155 3020 5220 obsecro,
3070 5164 3129 5210 ut
3174 5160 3284 5213 voti
3333 5173 3558 5229 compos

1988 5242 2133 5307 fiam,
2167 5256 2344 5311 neque
2375 5257 2492 5297 mea
2534 5258 2620 5298 me
2658 5259 2782 5314 spes
2802 5246 2972 5308 fallat,
2997 5249 3092 5302 sed
3128 5258 3181 5302 et
3206 5265 3326 5320 qua:
3351 5252 3559 5306 su'ntia-

1987 5334 2076 5396 tis,
2110 5349 2141 5388 a
2169 5343 2220 5388 te
2269 5335 2494 5390 omnino
2523 5336 2729 5406 liquido
2760 5340 2977 5395 audiam
3005 5357 3019 5396 :
3052 5344 3185 5412 quin
3221 5345 3480 5416 egotibi,
3509 5347 3556 5402 si

1985 5425 2203 5495 quidem
2241 5425 2396 5492 velis,
2428 5429 2610 5481 oumia
2653 5440 2840 5487 nostra
2887 5433 3132 5505 eloquar,
3173 5451 3296 5507 quae.
3330 5436 3558 5508 pulchre

1986 5518 2118 5572 mihi
2143 5517 2331 5572 videor
2366 5519 2528 5574 scire.
2566 5518 2631 5574 Et
2662 5534 2840 5591 potest
2872 5527 3012 5593 fieri,
3067 5536 3126 5582 ut
3167 5543 3332 5599 quam
3366 5531 3556 5600 utique

1984 5618 2226 5680 optares,
2252 5625 2373 5665 eam
2411 5611 2614 5691 laboris
2661 5616 2740 5670 tui
2773 5621 3081 5677 mercedem
3119 5620 3287 5677 feras.
3321 5619 3379 5676 Si
3405 5603 3557 5678 enini

2062 5801 2137 5872 K‘2.)
2179 5798 2315 5857 Cod.
2352 5800 2518 5858 Coisl.
2550 5805 2916 5875 Χριστιανοίς.
