4080 6588
482 306 591 372 135

1616 303 2019 367 MANUELIS
2061 282 2537 370 mmemor

3634 314 3741 388 136

470 439 591 492 quae
617 436 646 476 a
671 430 724 477 te
757 420 902 477 dicta
934 419 1159 485 fuerint,
1184 420 1415 475 veritate
1441 419 1541 475 niti
1578 421 1929 482 videbuntur,
1959 437 2054 474 ne-

2171 426 2376 494 ὶνάγκη
2417 425 2591 493 δήπου
2634 426 2787 496 τάμὰ
2831 428 3009 494 ἄλλως
3054 426 3254 509 Γἔχοντα.
3298 431 3469 500 δόξαι.
3504 436 3615 491 Καὶ
3652 443 3742 492 τίς

472 526 628 571 ιιι-εδδ
664 516 912 585 profecto
950 525 1060 579 est,
1092 524 1149 567 ut
1180 514 1341 567 aliter
1366 528 1428 569 se
1475 512 1675 567 habere
1706 528 1735 567 a
1774 529 1859 567 me
1907 514 2052 567 dicta

473 616 796 677 appareant.
824 606 942 660 lam
974 622 1105 661 vero
1137 606 1262 676 quis
1292 605 1367 659 ita
1418 604 1648 658 demens
1680 615 1786 670 est,
1820 613 1879 658 ut
1907 603 2054 674 quod

476 713 585 752 non
637 708 721 752 est
769 712 959 751 verum
998 713 1126 751 vero
1168 695 1466 767 praeferat?
1500 694 1616 751 lloc
1651 706 1832 751 autem
1865 708 2053 748 verum

474 806 600 846 esse
638 791 783 861 quod
816 790 955 856 dixi,
991 789 1087 843 illo
1118 798 1443 857 argumento
1476 788 1882 843 demonstratur
1909 804 1925 841 :
1958 801 2057 840 no-

478 883 561 936 bis
590 882 743 938 nefas
772 891 858 936 est
888 897 1014 936 eum
1034 882 1365 936 Christianis
1386 882 1696 952 disputare,
1720 879 1815 949 qui
1842 894 2055 940 secum,

479 984 538 1028 ut
574 975 751 1039 aiunt,
785 976 1010 1028 multam
1053 974 1416 1043 persuadendi
1444 975 1550 1028 vim
1588 973 1811 1027 habent.
1844 973 1921 1025 Ae
1948 969 2056 1024 nisi

478 1067 782 1120 acerrimus
828 1081 1007 1122 essem
1044 1066 1292 1121 veritatis
1322 1075 1556 1128 amator,
1587 1078 1695 1118 non
1721 1076 1853 1117 sane
1884 1062 2054 1131 legem

477 1156 627 1211 illam
660 1156 1014 1225 negligerem,
1047 1171 1170 1224 qua:
1216 1156 1269 1210 id
1317 1156 1498 1213 facere
1542 1156 1818 1227 prohibet,
1855 1168 1955 1207 nec
1987 1152 2054 1206 ad

478 1230 690 1302 tantum
721 1259 999 1302 certamen
1030 1236 1235 1301 temere
1279 1247 1686 1318 suscipiendum
1721 1246 2059 1315 acciugerer.

549 1339 604 1391 ὅ.
640 1337 744 1391 Sed
782 1346 836 1391 tu
861 1337 1105 1404 quidem,
1156 1338 1403 1407 inquam,
1455 1353 1579 1391 cum
1633 1338 1711 1393 sis
1747 1345 2053 1391 vestrorum

477 1433 794 1497 dogmatum
827 1430 1107 1497 magister,
1155 1445 1277 1499 quae
1318 1429 1596 1499 polliceris
1637 1428 1844 1496 optime
1901 1434 2056 1494 potes

480 1522 707 1590 implere
732 1539 746 1576 :
782 1521 912 1575 mihi
947 1529 1144 1575 veroet
1167 1536 1381 1575 mecum
1407 1509 1766 1574 militantibus
1785 1517 1888 1571 alia
1911 1531 2059 1585 quae-

476 1615 601 1668 dam
634 1628 804 1681 genus
834 1612 955 1666 vita:
984 1612 1320 1681 praescribit:
1359 1620 1718 1680 quapropter,
1769 1607 2054 1677 siquidem

480 1714 665 1759 nostra
688 1705 902 1758 discere
933 1702 1142 1769 studes,
1170 1703 1551 1772 ejusmodique
1570 1700 1751 1756 facere
1770 1699 2051 1769 quidpiam

479 1796 710 1866 cogitas,
735 1794 802 1849 ad
820 1809 916 1849 eos
939 1794 1118 1864 potius
1136 1795 1396 1848 accedere
1422 1803 1472 1848 te
1492 1793 1800 1863 oportebat,
1828 1803 2060 1860 quorum
2096 1776 2134 1827 Β

480 1888 721 1975 υῴι·ἱιιιιι
755 1896 840 1941 est
875 1887 990 1941 haec
1018 1887 1221 1941 docere
1256 1903 1269 1940 :
1314 1886 1351 1940 ii
1395 1901 1597 1955 magno
1626 1892 1755 1942 sunt
1778 1897 2010 1938 nunieio
2042 1898 2059 1937 :

482 1974 687 2033 uestris
717 1978 769 2032 in
803 1978 1033 2033 urbibus
1064 1977 1333 2033 habitant.
1364 1977 1571 2032 Tamen
1604 1992 1672 2032 ne
1712 1976 1793 2031 sic
1839 1974 2059 2045 quidem

482 2086 583 2124 nos
609 2070 887 2124 disserere
911 2070 1091 2138 pigeat
1135 2070 1203 2123 de
1255 2069 1695 2139 quibuscumque
1752 2066 2062 2134 interroga-

482 2165 624 2217 veris
658 2182 672 2217 :
699 2179 1015 2233 quanquam
1040 2166 1142 2217 hoc
1156 2162 1481 2233 simpliciter
1508 2162 1654 2224 apud
1671 2175 1864 2214 omnes
1884 2152 2063 2214 facere

482 2270 591 2309 non
624 2256 806 2310 liccat.
834 2253 967 2307 Nam
1004 2253 1117 2308 haec
1142 2252 1267 2307 data
1293 2253 1450 2306 nobis
1474 2252 1557 2306 lex
1588 2262 1692 2316 est,
1724 2260 1782 2305 ut
1842 2264 2065 2319 semper

482 2348 703 2415 quidem
734 2347 801 2401 ad
828 2348 1093 2401 rationem
1126 2352 1327 2400 nostra:
1357 2346 1473 2414 spei
1507 2345 1839 2399 reddendam
1873 2344 2049 2413 parati

480 2441 656 2501 simus
677 2438 791 2509 (9.):
821 2454 997 2508 neque
1018 2437 1165 2492 enim
1192 2436 1492 2506 trepidare,
1523 2450 1701 2505 neque
1730 2435 2063 2490 invadentes

482 2532 675 2586 timere
704 2532 933 2595 debetis,
961 2532 1053 2599 qui
1100 2528 1191 2583 Dei
1218 2529 1373 2584 miles
1404 2540 1507 2595 est,
1557 2539 1613 2583 et
1660 2529 1775 2599 ipsa
1832 2528 2063 2582 veritate

482 2638 727 2679 armatus
758 2640 773 2678 :
801 2638 978 2692 neque
996 2622 1100 2676 hoc
1125 2621 1331 2685 solum,
1357 2621 1452 2676 sed
1474 2622 1677 2692 ubique
1694 2622 1859 2675 etiam
1884 2631 2060 2675 terra—
2093 2688 2105 2697 1

482 2732 601 2771 rum
628 2726 683 2771 et
707 2715 951 2786 quotidie
976 2715 1100 2771 licet
1131 2714 1481 2785 Evangeliom
1509 2714 1828 2785 praedicare.
1854 2712 1958 2767 Sed
1980 2723 2062 2766 ta-

485 2824 607 2864 men
628 2810 751 2863 lldei
783 2811 1111 2865 thesaurum
1136 2810 1202 2864 ad
1225 2825 1418 2865 omnes
1443 2809 1757 2879 promiscue
1780 2823 1843 2864 ac
1867 2816 2069 2864 temere

485 2900 568 2955 sic
596 2901 919 2966 exhaurire,
953 2894 1163 2955 licitum
1199 2915 1308 2954 non
1363 2909 1470 2955 est.
1505 2898 1616 2954 Nos
1663 2908 1848 2954 autem
1899 2915 1961 2954 ea
2009 2910 2063 2951 tu

487 2992 696 3046 ratione
718 3003 907 3062 captos
941 2992 1131 3059 habes,
1159 3007 1265 3061 qua
1292 2992 1453 3047 nobis
1518 2991 1868 3062 persuasisti,
1903 3002 1960 3045 ut
1988 2994 2067 3044 la-

489 3088 680 3140 borum
714 3086 1021 3140 inerredem
1054 3101 1082 3139 a
1112 3084 1224 3140 Deo
1253 3100 1353 3139 nos
1375 3096 1775 3140 consecuturos
1799 3098 1924 3139 esse
1944 3099 2068 3155 spe-

488 3193 692 3232 remus.
724 3176 817 3231 Die
835 3178 1019 3247 igitur,
1043 3176 1185 3232 facto
1203 3178 1382 3244 initio,
1401 3179 1787 3246 undecumque
1825 3176 2065 3232 libuerit.

486 3474 735 3528 ordinem
760 3470 964 3542 habet),
982 3471 1243 3541 quidnam
1270 3471 1338 3524 de
1361 3471 1679 3538 angelorum
1700 3478 1917 3530 natura.
1935 3479 1988 3522 et
2005 3467 2073 3520 de

487 3567 611 3620 coeli
645 3576 917 3635 terraeque
946 3574 1001 3619 et
1032 3564 1273 3617 universi
1303 3564 1465 3633 hujus
1497 3564 1686 3617 mundi
1720 3571 2073 3633 coagmenta-

490 3657 639 3712 tione
670 3640 945 3732 sentiatis,
967 3657 1111 3711 scire
1132 3666 1266 3710 sane
1287 3668 1422 3710 aveo
1453 3670 1469 3708 :
1495 3654 1697 3709 deinde
1726 3662 1929 3723 caetera
1960 3668 2068 3707 una

488 3762 666 3807 tecum
690 3748 1000 3819 expendere
1022 3762 1198 3818 usque
1225 3747 1292 3802 ad
1343 3749 1518 3817 ipsam
1578 3744 2068 3807 resurrectionem,

485 3858 737 3913 eainque.
755 3855 874 3911 qua:
894 3853 1023 3895 tunc
1042 3842 1167 3905 erit,
1182 3840 1549 3896 conditionem
1568 3854 1776 3905 rerum,
1795 3851 1849 3895 et
1868 3838 2074 3893 iacien-

486 3934 610 3988 dam
637 3933 938 4003 unicuique
964 3944 1066 4001 pro
1088 3932 1204 3987 suis
1228 3931 1571 3989 facinoribus
1624 3931 2071 3993 retributionem,

486 4041 610 4094 qua:
641 4025 866 4079 ultimus
897 4025 1006 4078 erit
1036 4024 1161 4078 linis
1190 4038 1379 4077 eorum
1426 4039 1549 4093 qua:
1595 4032 1908 4078 moventur.
1971 4020 2071 4076 Sin

490 4124 673 4168 autem
708 4112 775 4167 de
809 4110 918 4165 Deo
942 4113 1183 4181 primum
1201 4124 1255 4166 et
1286 4112 1353 4167 de
1368 4112 1571 4182 quibus
1602 4112 1840 4166 invicem
1860 4111 2075 4165 dissen-

488 4206 657 4261 timus
684 4206 866 4260 dicere
892 4206 987 4259 t'rbi
1017 4205 1249 4273 placeat,
1284 4203 1379 4259 ﬁat
1403 4205 1571 4260 etiam
1602 4203 1750 4275 quod
1781 4203 1881 4259 tibi
1912 4202 2066 4257 vide-

490 4305 601 4348 tur.
638 4296 749 4347 lmo
781 4294 1201 4364 enitn,inquam,
1237 4293 1425 4349 abillo
1456 4294 1635 4364 potius
1681 4296 1897 4365 opertc't
1935 4291 2079 4346 inci-

490 4403 638 4456 pere,
664 4388 806 4457 quod
833 4388 985 4457 prius
1008 4387 1192 4443 dixisti
1214 4404 1228 4442 :
1255 4385 1695 4456 quandoquidem
1718 4393 1841 4455 post
1862 4386 1913 4439 id
1942 4386 2078 4440 faci-

2159 516 2336 578 οὖτως
2365 517 2615 586 ἀνόητος,
2646 518 2722 581 ὡς
2755 521 3099 591 προτιμῆσαι
3128 524 3395 592 τάληθοῦς
3436 526 3497 579 τὺ
3528 528 3603 598 μὴ
3625 547 3743 584 τοι-

2159 606 2317 660 οῦτον
2340 624 2354 672 ;
2384 609 2551 661 Τουτὶ
2584 608 2640 662 δὲ
2663 609 2843 680 δῆλον,
2868 612 3190 683 ἀποδειχθὲν
3215 616 3448 671 ἐκεῖθεν·
3474 619 3599 673 οὐδὲ
3627 622 3743 691 γάρ

2158 700 2293 769 ἡμῖν
2358 697 2582 769 θεμιτὸν
2641 702 2996 770 Χριστιανοῖς
3049 706 3425 776 διαλέγεσθαι,
3487 713 3627 766 πολὺ
3678 715 3744 766 τὸ

2161 791 2371 845 πείθειν
2406 792 2592 861 ἔχουσι
2647 793 2765 863 μεθ’
2793 795 3028 863 ἑαυτῶν,
3072 794 3147 861 ὥς
3204 814 3359 866 φασι.
3398 802 3505 855 Καὶ
3555 805 3606 856 εξ
3658 806 3740 875 μὴ

2161 883 2370 954 σφόδρα
2416 879 2486 955 ἦν
2532 884 2698 949 αὐτὸς
2744 886 2846 958 τῆς
2893 888 3158 957 ἀληθείας
3205 893 3465 962 ἐραστὴς,
3516 895 3615 948 οὐκ
3670 893 3742 950 ἂν

2159 976 2429 1044 ἠμέλουν,
2457 977 2567 1031 οὐδ’
2595 978 2915 1050 ὠλιγώρουν
2940 980 3034 1036 τοῦ
3063 982 3220 1036 τοῦτο
3236 985 3501 1054 πράττειν
3529 987 3742 1057 εἴργον-

2156 1085 2249 1130 τος
2278 1067 2471 1139 νόμον,
2495 1071 2629 1149 οὐδὲ.
2650 1073 2789 1142 πρὸς
2815 1074 2908 1127 τὸν
2936 1073 3014 1145 (1)
3048 1075 3304 1130 τοσοῦτον
3337 1077 3526 1145 ἀγῶνα
3550 1080 3747 1149 τηνάλ-

2161 1163 2264 1228 λως
2294 1164 2360 1217 ἄν
2394 1165 2515 1218 ποτ’
2542 1145 2891 1237 ἀτέεδυόμην.

2232 1340 2302 1401 γ’.
2346 1341 2505 1395 Ἀλλὰ
2534 1344 2598 1397 σὺ
2626 1345 2746 1411 μὲν,
2780 1345 2936 1416 ἔφην,
2962 1346 3281 1414 διδάσκαλος
3309 1349 3417 1405 τῶν
3441 1354 3563 1407 καθ’
3588 1356 3742 1425 ὑμᾶς

2160 1434 2453 1502 δογμάτων
2482 1436 2773 1504 τυγχάνεις
2807 1438 2907 1502 ὢν,
2945 1440 3036 1492 καὶ
3068 1440 3254 1494 δύναιο
3286 1444 3353 1497 ἂν
3384 1446 3564 1510 καλῶς
3593 1446 3745 1515 ᾇπερ

2162 1524 2477 1597 ἑπαγγέλλῃ
2524 1526 2778 1581 τελέσαιο
2834 1530 3033 1599 ἔμοιγε
3087 1531 3143 1583 δὲ
3180 1532 3274 1586 καὶ
3320 1536 3433 1599 τοῖς
3464 1535 3586 1605 ἄρτι
3626 1524 3754 1607 μεθ

2162 1616 2298 1684 ἐμοῦ
2330 1620 2785 1688 στρατευομένοις
2819 1621 2931 1674 ἄλλ’
2964 1623 3100 1675 ἆττα
3129 1624 3162 1695 ἡ
3211 1623 3362 1690 τάξις
3409 1628 3750 1696 ἐπαγγέλλε-

2162 1724 2252 1760 ται
2276 1723 2293 1738 ’
2331 1708 2448 1762 ἀνθ’
2479 1703 2554 1763 ὧν
2602 1711 2899 1765 σπουδαῖόν
2929 1731 2986 1766 τε
3034 1714 3163 1768 ὄντα
3196 1717 3292 1770 καὶ
3336 1718 3558 1787 τηλίκον
3602 1721 3659 1773 δέ
3689 1740 3747 1775 τι

2166 1802 2373 1871 πρᾶξαι
2430 1802 2831 1872 διανοούμενον,
2871 1805 2974 1859 ἔδει
3032 1824 3093 1860 σε
3141 1808 3314 1878 δήπου
3362 1812 3554 1880 φοιτᾷν
3605 1814 3748 1884 πρὸς

2164 1894 2430 1961 ἐκείνους,
2464 1892 2739 1971 οἷςίέργον
2763 1898 2937 1951 ταῦτα
2985 1900 3295 1957 διδάσκειν·
3330 1905 3516 1958 πολλοὶ
3545 1905 3601 1958 δὲ
3635 1909 3748 1977 ἄρα

2165 1988 2339 2040 εἰσιν·
2377 1988 2564 2057 ἔχουσι
2606 1989 2663 2043 δὲ
2697 1991 2922 2055 τούτους
2949 1992 3006 2045 αἱ
3050 1993 3321 2064 ἡμέτεραι
3358 1995 3563 2059 πόλεις.
3595 1997 3745 2064 Πλήν

2165 2098 2229 2148 γε
2262 2080 2357 2132 καὶ
2392 2082 2526 2150 ἡμῖν
2556 2080 2657 2135 οὐκ
2704 2084 3068 2154 ἀποκνητέον,
3097 2089 3226 2157 περὶ
3276 2080 3352 2141 ὧν
3390 2088 3456 2142 ἂν
3486 2086 3747 2159 ἔροιοαέ-

2165 2188 2284 2239 γειν
2304 2188 2317 2201 ·
2350 2173 2529 2227 καίτοι
2558 2191 2664 2244 περ
2689 2174 2750 2228 ού
2777 2174 2936 2246 θέμις
2956 2176 3146 2241 ἁπλῶς
3178 2182 3317 2249 πρὸς
3342 2180 3549 2244 πάντας
3578 2179 3748 2234 τοῦτο

2170 2269 2366 2322 ποιεῖν.
2406 2267 2696 2337 Ἐτοίμους
2729 2269 2830 2340 μὲν
2861 2268 2968 2341 γὰρ
3004 2272 3093 2325 ἀεὶ
3123 2273 3570 2344 παρασκευάζειν
3596 2275 3747 2344 ἡμᾶς

2169 2360 2371 2420 αὐτοὺς
2414 2360 2549 2429 πρὸς
2603 2360 2903 2431 ἀπολογίαν
2952 2366 3206 2434 περὶτῆς
3236 2365 3294 2417 ἑν
3333 2367 3467 2434 ἡμῖν
3506 2365 3749 2433 ἐλπίδος,

2169 2453 2331 2521 νόμος
2374 2454 2506 2523 ημῖν
2534 2466 2549 2480 ⁸
2584 2453 2708 2507 οὐδὲ
2742 2457 2851 2526 γὰρ
2882 2454 3170 2523 φοϐεῖσθαι
3200 2457 3302 2520 δεῖ,
3344 2457 3453 2511 οὐδ’
3483 2459 3750 2529 ὀρρωδεῖν

2170 2544 2446 2609 ἐπιόντας,
2506 2547 2849 2615 στρατιώτην
2883 2547 3012 2601 ὄντα
3061 2548 3219 2613 Θεοῦ,
3253 2551 3348 2604 καὶ
3398 2552 3464 2621 τῇ
3515 2551 3751 2623 ἀληθείᾳ

2170 2634 2624 2705 καθωπλισμένον
2646 2654 2661 2669 ’
2716 2637 2776 2691 οὺ
2808 2639 2967 2709 μόνον
2997 2640 3054 2693 δὲ
3100 2640 3279 2705 τοῦτο,
3311 2641 3450 2714 an;
3488 2643 3583 2697 καὶ
3614 2661 3751 2697 παν-

2167 2723 2336 2794 ταχοῦ
2374 2724 2476 2791 τῆς
2509 2724 2635 2795 γῆς,
2672 2726 2767 2780 καὶ
2793 2729 3117 2803 καθημέραν
3151 2732 3443 2804 κηρύττειν
3474 2734 3533 2787 τὺ
3566 2736 3748 2800 Εὐαγ-

2169 2819 2352 2885 γέλιον
2382 2816 2581 2885 ἔξεστι.
2616 2823 2720 2877 Τὸν
2751 2824 2938 2893 μέντοι
2969 2842 3033 2894 γε
3065 2826 3166 2897 τῆς
3203 2829 3436 2889 πίστεως
3473 2828 3750 2900 θησαυρὸν

2170 2912 2373 2965 οὑτωσὶ
2400 2915 2536 2985 πρὸς
2568 2914 2820 2980 ἅπαντας
2860 2918 3093 2987 ἀφειδῶς
3124 2920 3219 2973 καὶ
3245 2916 3321 2982 ὡς
3351 2919 3417 2974 άν
3451 2938 3567 2985 πως
3595 2921 3750 2992 τύχοι

2175 3003 2392 3069 κενοῦν,
2442 3007 2501 3058 οὐ
2542 3008 2701 3076 μόνον
2734 3008 2944 3077 ἐφεῖται
2984 3010 3180 3064 ποιεῖν.
3226 3009 3300 3062 Σὺ
3335 3009 3381 3063 δ’
3424 3004 3505 3072 οἷς
3558 3011 3749 3081 μισθὶν

2175 3094 2419 3159 ὲλπίζειν
2470 3096 2696 3161 ἔπεισας
2745 3098 2857 3152 τῶν
2915 3099 3096 3153 πόνων
3152 3099 3305 3170 παρὰ
3354 3098 3517 3166 Θεοῦ,
3567 3099 3750 3154 λαῦὼν

2173 3190 2319 3258 ἡμᾶς
2348 3187 2512 3259 ἔχεις.
2548 3191 2659 3244 Καὶ
2692 3189 2827 3260 δῆτα
2851 3190 2979 3260 λέγε
3005 3190 3214 3258 λοιπὸν,
3251 3189 3312 3258 ἑξ
3348 3186 3518 3265 οὗπερ
3543 3192 3608 3246 ἂν
3632 3193 3755 3246 ἰθέ-

2095 3341 2101 3345 _
2171 3278 2284 3344 λοις
2319 3280 2536 3351 πρῶτον
2563 3278 2919 3350 ἐνάρξασθαι.

552 3385 585 3439 4
626 3382 733 3451 Ego
756 3384 989 3453 primum
1011 3381 1255 3451 quidem,
1275 3379 1448 3451 inquit
1467 3380 1595 3450 (hoc
1612 3378 1755 3434 enim
1780 3378 2068 3450 quemdam
2128 3430 2143 3437 κ

2244 3369 2306 3425 δ’.
2344 3372 2490 3441 Ἔφη
2520 3372 2735 3425 τοίνυνσ
2780 3375 2922 3443 Ἐγὼ
2968 3376 3266 3449 βουλοίμην
3300 3378 3368 3433 ἂν
3395 3379 3611 3448 πρῶτον
3643 3398 3753 3450 μα-

2174 3465 2311 3529 θεῖν,
2347 3465 2505 3547 εἴπερ
2529 3466 2630 3519 οὐκ
2681 3469 2917 3536 ἐπαχθές
2966 3486 3048 3523 σοι
3077 3472 3095 3541 (
3120 3470 3273 3535 τάξιν
3304 3471 3412 3543 γὰρ
3440 3472 3566 3542 ἔχον
3592 3474 3754 3525 τοῦτό

2177 3576 2267 3629 μοι
2304 3559 2612 3628 φαίνεται),
2642 3559 2764 3612 τίνα
2795 3559 2859 3629 δὴ
2893 3560 3030 3615 ἆττα
3058 3560 3305 3632 φρονεῖτε
3356 3565 3485 3636 περὶ
3512 3565 3613 3633 τῆς
3638 3566 3752 3618 τῶν

2173 3651 2422 3718 ἀγγέλων
2478 3650 2718 3719 φύσεως,
2750 3653 2844 3704 καὶ
2891 3652 2991 3722 τῆς
3046 3654 3275 3724 ούρανοῦ
3314 3656 3409 3709 καὶ
3466 3656 3591 3725 γῆς,
3654 3657 3752 3709 καὶ

2174 3742 2375 3804 παντὸς
2403 3741 2498 3795 τοῦ
2556 3742 2762 3812 κόσμου
2800 3743 2955 3797 τοῦδε
3006 3746 3325 3810 συστάσεως
3355 3761 3370 3777 ⁶
3416 3740 3537 3799 εἶτα
3571 3745 3752 3801 πάντα

2176 3831 2528 3899 συνεξετάσαι
2566 3835 2732 3905 μέχρι
2785 3833 2851 3906 δὴ
2888 3836 2988 3906 τῆς
3025 3837 3377 3901 ἀναστάσεως
3423 3838 3615 3906 αὐτῆς,
3656 3840 3753 3890 καὶ

2174 3927 2272 3994 τῆς
2323 3918 2443 3977 τότε
2498 3926 2916 3996 καταστάσεως,
2968 3922 3062 3982 καὶ
3106 3930 3343 3999 ἀμοιϐῆς
3391 3929 3608 4002 ἑκάστῳ
3641 3930 3753 3983 τῶν

2172 4017 2609 4088 πεπραγμένων,
2638 4017 2776 4086 ὅπερ
2809 4014 3040 4090 ισχατόν
3067 4021 3185 4074 ἐστι
3234 4021 3386 4085 τέλος
3425 4019 3536 4074 τῶν
3570 4039 3755 4075 κινου-

2177 4106 2378 4176 μένων.
2434 4107 2497 4160 El
2528 4106 2589 4161 δι
2618 4123 2702 4161 σοι
2736 4109 2889 4176 φίλον
2924 4111 3162 4180 πρώτως
3194 4111 3377 4179 λέγειν
3426 4114 3554 4183 περὶ
3587 4111 3756 4177 Θεοῦ,

2175 4196 2271 4252 καὶ
2298 4191 2371 4251 ὧν
2400 4197 2656 4269 ἀλλήλοις
2677 4200 3073 4272 διαφερόμεθα,
3099 4203 3342 4272 γενέσθω
3362 4202 3427 4275 δὴ
3455 4204 3515 4256 τὸ
3536 4202 3755 4257 δοκοῦν.

2176 4291 2349 4358 Κάγὼ
2398 4292 2535 4361 πρὸς
2592 4290 2767 4345 ταῦτα
2813 4291 2993 4363 εφην⁶
3034 4290 3312 4364 Ἀρκτέον,
3370 4294 3493 4349 ὅθεν
3545 4294 3759 4364 ἔφησθα

2182 4385 2402 4452 πρῶτον
2422 4400 2437 4416 ο
2478 4384 2613 4454 ῥᾷον
2642 4382 2754 4455 γάρ
2774 4383 2840 4437 ἂν
2870 4370 3014 4455 μετὰ
3030 4384 3215 4439 ταῦτα
3243 4384 3464 4456 ἔχοιμεν
3492 4403 3546 4438 τι
3573 4384 3759 4452 λέγειν

494 4481 604 4535 lius
638 4493 800 4546 quam
841 4487 1000 4532 antea
1047 4479 1113 4533 de
1149 4478 1259 4532 Deo
1288 4478 1471 4534 dicere
1498 4476 1702 4548 aliquid
1745 4472 2069 4547 poterimus:

2187 4474 2315 4543 περὶ
2341 4471 2499 4540 Θεοῦ,
2529 4473 2564 4547 ἢ
2592 4474 2699 4543 πρὸ
2725 4473 2934 4528 τούτων
2957 4491 2972 4505 ο
3003 4475 3220 4539 τούτοις
3248 4477 3361 4546 γὰρ
3390 4477 3594 4531 ἐκεῖνον
3624 4477 3763 4530 πάν·
3786 4518 3793 4521 .

492 4585 616 4625 nam
640 4570 723 4623 his
745 4570 961 4624 demum
985 4584 1110 4623 eum
1127 4569 1536 4640 cognoscimus.
1554 4568 1760 4624 Etenim
1781 4570 1895 4639 ipse
1907 4569 2083 4626 Abra-

495 4665 621 4717 ham
652 4668 732 4730 (ut
760 4677 789 4716 a
823 4662 977 4717 vobis
1000 4676 1104 4717 non
1136 4673 1267 4732 puto
1300 4663 1560 4732 ignorari)
1588 4662 1787 4717 creatis
1814 4663 2079 4730 carebas

494 4758 561 4810 ad
595 4768 819 4825 prorsus
840 4756 1101 4823 incomtiti
1132 4753 1815 4824 incomprehensibilisque
1844 4753 1941 4807 Dei
1983 4769 2074 4807 ve-

442 4840 455 4907 ί
491 4846 647 4914 rique
668 4844 914 4899 omnium
945 4843 1159 4914 opiﬁcis
1178 4843 1547 4913 cognitionem
1569 4844 1831 4911 pervenit.
1857 4839 2075 4910 Optime

493 4951 646 4999 vero,
672 4937 850 5005 inquit
877 4954 890 4989 :
921 4949 1047 4989 nam
1079 4949 1182 4990 nos
1199 4949 1416 5006 quoque
1446 4935 1595 4990 illius
1628 4934 1913 4990 historiam
1959 4934 2073 4988 sci-

497 5041 642 5091 mus,
670 5041 842 5095 eaque
871 5034 966 5082 tuo
1021 5025 1263 5082 sermoni
1331 5025 1608 5081 luculente
1654 5024 2023 5094 adstipulatur
2056 5043 2071 5079 :

496 5134 665 5191 quare
685 5120 831 5173 unde
856 5128 912 5173 tu
940 5119 1123 5175 dixisti
1146 5119 1303 5174 nobis
1320 5128 1402 5173 est
1424 5119 1843 5189 auspicandum.
1872 5118 1935 5174 Et
1961 5120 2076 5174 luce

496 5210 722 5282 quidem
787 5213 947 5267 ambo
995 5212 1412 5279 praestituimus.

569 5304 621 5356 5.
662 5300 868 5356 Deinde
910 5301 1088 5373 ipsum
1135 5305 1488 5373 interrogavi,
1524 5318 1591 5358 an
1622 5303 1820 5376 Moysis
1876 5306 2074 5362 librum

494 5394 956 5464 amplecterentur
975 5414 989 5449 :
1011 5396 1102 5451 ille
1118 5411 1264 5459 vero,
1279 5397 1534 5453 Omnium
1557 5410 1800 5455 veterum
1818 5401 2072 5461 maxime,

496 5488 695 5557 inquit.
719 5485 889 5555 Igitur
914 5486 1078 5541 etiam
1105 5492 1494 5557 prophetarum
1530 5492 1699 5547 libros
1740 5490 2029 5546 admittitis
2052 5488 2076 5542 ἳ

499 5593 742 5649 inquam.
767 5576 913 5634 Sane
926 5580 1168 5650 quidem,
1187 5582 1362 5650 inquit
1388 5601 1401 5639 :
1429 5583 1572 5654 apud
1592 5600 1691 5641 nos
1708 5586 1869 5642 etiam
1887 5583 2074 5654 scripti

576 5757 649 5829 (ι)
675 5758 775 5813 TW
805 5710 951 5813 deest
986 5758 1036 5813 in
1069 5757 1254 5830 Regio.

2187 4582 2295 4628 τως
2327 4565 2688 4641 γνωρίζομεν.
2742 4565 2853 4619 Καὶ
2885 4567 2992 4638 γάρ
3042 4568 3135 4621 καὶ
3184 4566 3434 4638 Ἀϐραὰμ
3470 4565 3611 4637 (οὐδὲ
3647 4568 3759 4637 γάρ

2184 4658 2399 4725 ἀγνοεῖν
2430 4657 2574 4726 ὑμᾶς
2596 4653 2750 4725 οἶμαι
2776 4658 2956 4727 τοῦτο)
2984 4659 3090 4712 άπὸ
3113 4658 3223 4712 τῶν
3249 4658 3565 4728 κτισμάτων
3589 4652 3758 4728 ἦλθεν

2182 4749 2263 4810 είς
2292 4749 2499 4816 γνῶσιν
2546 4748 2641 4802 τοῦ
2695 4751 3044 4804 παντάπασιν
3092 4744 3377 4819 ἀγνώστου
3412 4751 3506 4804 καὶ
3550 4739 3760 4805 ἀκατα-

2180 4841 2390 4905 λήπτου
2435 4840 2595 4904 Θεοῦ,
2631 4839 2726 4894 καὶ
2759 4842 2979 4896 πάντων
3024 4838 3193 4907 ὅντως
3229 4842 3584 4913 δημιουργοῦ.
3619 4843 3756 4908 Ναὶ,

2182 4933 2383 4998 καλῶς,
2414 4931 2542 5002 ἔφη,
2564 4932 2742 5002 λέγεις
2769 4949 2784 4965 ο
2815 4934 2909 4986 καὶ
2932 4936 3039 5006 γὰρ
3061 4936 3155 4989 καὶ
3177 4935 3277 5004 τὴν
3300 4936 3544 5003 ἱστορίαν
3574 4935 3755 5005 ίσμεν,

2183 5024 2278 5077 καὶ
2306 5024 2577 5095 λαμπρῶς
2638 5019 2777 5096 αὕτη
2813 5044 2895 5080 σοι
2928 5027 3007 5097 τῷ
3053 5027 3200 5099 λόγῳ
3253 5028 3548 5097 συνηγορεῐ
3575 5042 3588 5056 ·
3634 5024 3759 5081 ὅθεν

2182 5114 2362 5168 τοίνυν
2386 5114 2522 5185 ἔφης
2554 5116 2741 5183 αὐτὸς,
2763 5119 2995 5189 ἀρκτέον
3019 5120 3175 5191 ἡμῖν’
3201 5118 3269 5174 ἃν
3297 5122 3406 5191 εἴη.
3440 5120 3551 5173 Καὶ
3587 5117 3761 5173 ταῦτα

2186 5209 2285 5279 μὲν
2320 5208 2622 5279 ἀμφότεροι
2651 5211 3102 5296 προῦπεθέμξθα.

2254 5302 2315 5359 ε’.
2353 5303 2589 5359 Ἔπειτα
2616 5305 2831 5376 ἠρόμην
2863 5303 3001 5372 ἐγὼ,
3027 5306 3083 5359 ἐί
3118 5305 3216 5376 τὴν
3246 5304 3342 5359 τοῦ
3383 5306 3631 5370 Μωσέως
3674 5305 3762 5376 βί-

2185 5395 2311 5448 σλςν
2336 5395 2670 5465 ἁσπάζοιντο
2696 5413 2712 5429 ·
2747 5399 2775 5451 ὁ
2799 5398 2879 5464 δὲ,
2934 5398 3192 5453 Μάλιστά
3232 5414 3320 5467 γε,
3372 5399 3529 5468 φησι,
3570 5398 3762 5453 πασῶν

2184 5487 2294 5540 τῶν
2322 5488 2595 5543 παλαιῶν.
2626 5484 2793 5542 Εἶπον
2824 5488 2882 5541 δέ
2910 5505 2925 5521 ·
2971 5488 3182 5542 Οὐκοῦν
3211 5489 3308 5542 καὶ
3342 5487 3440 5549 τὰς
3487 5488 3594 5541 τῶν
3622 5502 3763 5557 προ·-

2188 5580 2375 5649 φητῶν
2426 5578 2796 5649 ἁποδὲχεσθες
2866 5577 3015 5633 Πάνυ
3046 5596 3135 5647 γε,
3184 5578 3325 5646 ἔφη·
3361 5578 3456 5632 καὶ
3502 5579 3609 5649 γὰρ
3667 5579 3763 5633 καὶ

2274 5758 2327 5826 ‘2)
2360 5756 2565 5814 Alludit
2601 5755 2666 5811 ad
2696 5756 2716 5809 Ι
2754 5755 2923 5825 Epist.
2951 5755 3007 5811 S.
3032 5754 3199 5835 Petri,
3227 5770 3344 5826 cap.
3380 5771 3465 5825 ut,
3487 5772 3634 5815 vers.
3674 5756 3762 5813 i5.
