4080 6662
371 407 489 479 ιτιτ

1381 406 1769 466 DIALOGUS
1810 404 1835 462 Ι
1877 399 2034 460 CUM
2076 397 2646 458 ΜΟΗᾹΜΕΤΑΝΟ.

3545 385 3646 451 133

364 525 767 599 γεγραμμέναι
799 521 933 594 παρ’
963 523 1099 592 ἡμῖν
1129 517 1288 576 οῦσαι
1336 521 1720 589 τυγχάνουσιν,
1753 513 1956 589 ἡμετέο

2083 514 2354 576 rabentur,
2377 528 2403 565 a
2438 514 2640 569 nostris
2677 510 3066 580 interpretibus
3091 507 3365 563 translati.
3395 507 3490 563 Vis
3531 508 3638 564 iui-

366 638 495 693 ροις
534 616 868 688 ἑρμηνεῦσιν
909 615 1352 684 ἀντιγραφεῖσαι.
1403 611 1594 666 Βούλει
1633 611 1748 674 οὑν,
1795 611 1958 680 ἔφην,

365 712 525 781 ἅπερ
547 709 792 776 λέγουσι,
825 707 1110 777 στέργεινς
1147 705 1276 769 Ναὶ,
1327 704 1459 776 φησι
1485 720 1499 735 ·
1543 703 1662 764 πῶς
1707 702 1819 772 γὰρ
1853 700 1913 755 οὑ
1943 717 1960 767 ;

367 805 472 859 ὅτε
497 805 591 856 καὶ
619 801 677 854 τὸ
707 800 1044 868 Εὑαγγέλιον
1064 800 1197 868 παρ’
1225 801 1357 870 ἡμῖν
1378 800 1515 863 ἐστι,
1541 797 1636 852 καὶ
1665 796 1962 865 ὑπερφυῶς

371 912 439 950 τι
469 894 609 947 θεῖον
641 893 834 962 χρῆμα
885 891 1182 962 νομίζομεν
1221 889 1404 957 τοῦτο,
1462 890 1562 944 καὶ
1591 890 1767 961 δῶρον
1796 887 1961 956 οὑρά-

370 1002 518 1039 νιον.
559 983 802 1038 Ἐκεῖθεν
829 983 940 1055 γὰρ
992 980 1276 1038 καὶτοῦτο
1320 982 1556 1046 κάτεισι,
1604 981 1803 1050 νόμους
1850 980 1964 1039 τοῖς

374 1073 693 1148 ἀνθρώποις
720 1076 972 1148 κομίζον.
1003 1076 1152 1142 Πλήν
1182 1094 1266 1138 τις
1297 1076 1457 1140 λόγος
1499 1077 1718 1139 λέγεται
1751 1075 1845 1128 καὶ
1873 1088 1962 1124 πι-

375 1171 635 1225 στεύεται
667 1170 802 1238 παρ’
835 1171 988 1240 ἡμῖν,
1025 1169 1104 1231 ὼς
1135 1170 1228 1222 καὶ
1261 1168 1395 1222 αὑτὸ
1422 1167 1486 1239 δὴ
1526 1165 1706 1232 τοῦτο,
1742 1167 1835 1220 καὶ
1863 1165 1966 1219 πᾶ-

377 1281 486 1318 σαν
516 1265 617 1332 τὴν
649 1263 910 1329 Παλαιὰν,
942 1263 1058 1334 ἅμα
1097 1264 1194 1318 καὶ
1218 1267 1281 1333 τῇ
1317 1263 1487 1334 βίϐλῳ
1521 1262 1704 1326 Δαϐὶδ,
1753 1263 1800 1316 οἱ
1831 1262 1968 1330 ὑμέ-

371 1374 535 1427 τεροι
563 1357 733 1411 πάλαι
761 1358 1099 1427 διερμηνεῑς,
1129 1359 1179 1413 οἳ
1217 1359 1319 1425 τὴν
1355 1357 1585 1428 πρώτην
1612 1356 1766 1410 ταῦτ’
1815 1355 1964 1422 ἐξελ-

374 1448 637 1517 λὴνισαν,
678 1446 916 1514 ἀφειδῶς
969 1448 1107 1518 πρὸς
1155 1457 1225 1501 τα
1269 1445 1532 1500 δοκοῦντα
1589 1447 1848 1517 συνιστᾷν
1905 1446 1966 1499 τὸ

374 1539 653 1612 ὑμέτερον
679 1539 846 1603 σέϐας
889 1537 1064 1592 ταῦτα
1105 1538 1574 1610 διηρμηνεύκασι,
1604 1538 1715 1592 τῶν
1745 1555 1984 1605 πρωτο-.

345 1627 574 1685 ’τύπων
610 1631 1079 1701 ὀλιγωρήσαντες.

459 1721 536 1786 ς’.
581 1723 742 1779 Ἀλλά
773 1722 935 1777 τοῦτο
997 1725 1119 1792 μὲν,
1145 1717 1191 1779 ὦ
1220 1727 1340 1791 τᾶν,
1387 1724 1547 1795 ἔφην,
1589 1723 1808 1796 πρῶτον
1866 1725 1964 1794 μὲν

374 1817 487 1872 οὑκ
516 1815 792 1886 εὐπρεπὲς
827 1816 894 1868 ἂν
941 1815 1030 1884 εἴη
1064 1817 1269 1884 λέγειν,
1301 1817 1412 1870 οὐδ’
1447 1818 1618 1884 ἄξιον.
1654 1813 1831 1888 οἶμαι,
1878 1834 1966 1870 πι-

379 1909 682 1962 στεύεσθαι
703 1923 719 1938 °
747 1908 869 1962 ἀνθ’
894 1901 970 1962 ὧν
999 1910 1182 1980 ὑμεῖς,
1218 1913 1268 1963 οἱ
1301 1911 1440 1982 πρὸς
1475 1911 1658 1982 κρίσιν
1702 1913 1838 1983 ἡμῖν
1872 1913 1967 1964 ἀν·
1998 1899 2042 1955 Β

376 2003 860 2072 τικαθιστάμενοι,
887 2003 1190 2074 μάρτυρες.
1236 2005 1480 2060 Ἐκεῖθεν
1501 2005 1546 2058 δ’
1569 2005 1635 2060 ἄν
1653 2021 1733 2059 σοι
1757 2006 1972 2072 γένοιτο

382 2094 587 2164 μαθεῖν
638 2095 1033 2167 ἀκριϐέστερον
1074 2095 1330 2167 τάληθές.
1385 2098 1444 2151 Ei
1495 2099 1602 2169 γὰρ
1650 2096 1715 2168 δὴ
1774 2097 1969 2166 καιροῦ

380 2203 521 2240 ποτε
554 2186 650 2240 καὶ
703 2187 1047 2258 διερμηνέων
1080 2188 1306 2258 ἀγαθῶν
1349 2189 1712 2262 εὐπορήσαις.
1762 2191 1858 2246 καὶ
1889 2190 1974 2262 βι-

380 2276 557 2330 ϐλίων
599 2277 928 2348 Ἑϐραϊκῶν,
970 2279 1158 2349 γνοίης
1213 2281 1280 2334 ἂν
1310 2281 1494 2344 καλῶς
1535 2281 1631 2334 τὸν
1664 2283 1789 2345 ταῖς
1834 2282 1977 2353 Γρα-

383 2372 524 2440 qui;
567 2370 979 2442 λυμηνάμενον.
1030 2373 1231 2427 Σκόπει
1280 2373 1336 2427 δέ
1375 2391 1469 2444 μοι
1499 2375 1595 2430 καὶ
1643 2373 1741 2446 τὴν
1793 2378 1975 2430 πάντα

388 2463 577 2527 καλῶς
633 2463 1030 2534 οἰκονομοῦσαν
1063 2466 1352 2536 πρόνοιαν,
1405 2467 1557 2530 ὅπως
1588 2469 1702 2531 τοῖς
1751 2467 1975 2538 άναίδην

394 2555 709 2626 ιπιπηδῶσι
738 2559 853 2618 τοῖς
883 2558 1198 2628 πράγμασι,
1234 2559 1328 2614 καὶ
1370 2560 1616 2633 εὐχερῶς
1657 2560 1976 2615 διαϐάλλου-

391 2664 504 2714 σιν,
550 2647 860 2718 ἔμφράττει
907 2649 1108 2711 τελέως
1149 2651 1214 2704 τὰ
1245 2651 1524 2722 στόματα.
1561 2653 1690 2713 Ὅτε
1733 2653 1844 2723 γὰρ
1877 2653 1978 2723 τὴν

388 2742 551 2798 θείαν
601 2741 710 2796 ἔδει
771 2744 957 2795 πᾶσιν
1006 2739 1232 2815 Γραφὴν
1290 2743 1558 2813 Ἑλληνίδι
1620 2744 1979 2814 μεταδοθῆναι

391 2837 575 2906 φωνῇ,
607 2836 709 2905 οὑχ
737 2837 813 2897 ῶς
846 2835 1003 2906 ἔτυχέ
1033 2853 1172 2900 πως,
1203 2832 1264 2889 εὖ
1300 2836 1432 2901 ῐσθι,
1463 2837 1575 2890 οὐδ’
1611 2837 1661 2891 oi
1695 2836 1978 2907 τυχόντες,

390 2928 516 2982 ἀλλ’
543 2928 604 2990 ὃς
650 2943 716 2994 γε
768 2925 866 2994 τῆς
903 2924 1078 2996 Ἐᾠας
1128 2925 1328 2996 μικροῦ
1365 2926 1477 2980 δεῖν
1522 2925 1703 2994 πάσης
1754 2925 1981 2994 ἐκράτει

390 3015 488 3092 (ἦν
517 3019 564 3074 δ’
603 3019 846 3083 εἰδώλοις
877 3017 1184 3089 λατρεύων,
1213 3019 1309 3072 καὶ
1327 3019 1428 3072 οὑκ
1453 3018 1827 3089 εὐαρίθμητον
1856 3018 1983 3088 χρό-

391 3130 490 3170 νον
516 3113 691 3184 ἄρξας
722 3115 828 3184 πρὸ
861 3113 956 3167 τοῦ
987 3112 1256 3184 Χριστοῦ,
1284 3112 1619 3183 Πτολεμαῖος
1649 3112 1824 3183 δνομα
1854 3115 1982 3166 τάν-

389 3209 509 3280 δρὶ)
542 3208 704 3264 τοῦτο
751 3209 833 3280 (1)
885 3209 1192 3280 τηνικαῦτα
1246 3208 1570 3279 εἰργάσατο.
1609 3208 1819 3279 Σοφοὺς
1873 3210 1986 3280 γάρ

395 3301 604 3375 ἄνδρας
641 3301 970 3374 διερμηνέας
1001 3303 1094 3356 τὸν
1127 3300 1363 3373 ἀριθμδν
1393 3301 1488 3356 δύο
1511 3302 1650 3373 πρὸς
1678 3303 1792 3366 τοῖς
1823 3303 1981 3358 ἑϐδο-

398 3395 651 3465 μήκοντα
673 3397 736 3446 ἐκ
760 3396 870 3449 τῶν
913 3393 1189 3448 Ἰουδαίων
1215 3394 1744 3466 μεταπεμψάμενος,
1773 3395 1986 3460 τούτοις

390 3484 546 3538 τοῦτ’
575 3485 869 3540 ἐπίστευσε
924 3485 1160 3558 τοῦργον
1186 3501 1201 3518 ⁸
1235 3485 1332 3552 οὓς
1361 3490 1390 3542 ὁ
1437 3491 1536 3556 τῆς
1583 3489 1811 3544 ἐκείνων
1863 3489 1987 3542 τότε

395 3575 796 3646 μητροπόλεως
823 3575 1216 3648 ἐξηγούμενος,
1248 3577 1434 3632 θεόθεν
1472 3579 1694 3644 πάντως
1729 3579 1989 3650 κινούμε-

394 3685 516 3734 νος,
580 3669 912 3739 Ἐλεάζαρος
963 3669 1012 3724 δ’
1064 3663 1224 3736 οὗτος
1273 3673 1740 3745 προσηγορεύετο,
1799 3673 1858 3742 ἓξ
1891 3674 1986 3743 ἀφ’

398 3760 648 3829 εκάστης
678 3760 858 3831 φυλῆς
889 3761 1276 3833 ἐκλεξάμενος,
1308 3764 1549 3836 έπεμψε.
1586 3767 1686 3819 Διὰ
1731 3766 1795 3836 δὴ
1827 3765 1989 3820 τοῦτο

393 3853 516 3906 οὐδ’
546 3853 683 3907 αὑτὸ
713 3855 776 3906 τὸ
808 3854 919 3908 τῶν
962 3855 1242 3910 Ἰουδαίων
1263 3857 1651 3910 ἀναιδέστατον
1683 3859 1838 3927 γένος
1865 3859 1988 3912 τολ-

400 3945 552 4016 μῶσί
574 3963 629 3998 τι
661 3945 971 4017 προφέρειν
993 3948 1204 4013 αὑτοῖς,
1240 3948 1353 4002 οὐδ’
1377 3947 1619 4002 ὁντινοῦν
1648 3950 1987 4024 προστρῖψαι

404 4037 603 4108 μῶμον
628 4037 707 4108 τῷ
737 4039 1032 4110 πράγματι
1057 4056 1072 4073 ·
1105 4039 1281 4106 λέξεις
1310 4040 1368 4094 δέ
1402 4040 1558 4105 τινάς
1607 4058 1712 4095 που
1742 4042 1854 4096 τῶν
1893 4060 1988 4112 γε-

398 4129 748 4199 γραμμένων
777 4130 1145 4187 ὑπαλλάττειν
1171 4131 1568 4204 ἐπιχειροῦσιν,
1596 4132 1654 4185 αῖ
1680 4134 1776 4186 καὶ
1798 4133 1991 4206 ὥσπερ

400 4221 554 4276 οὗτοι
607 4222 833 4292 λέγουσι
868 4222 1307 4295 λαμϐανόμεναι,
1345 4225 1448 4295 τῆς
1492 4224 1729 4297 ἀληθοῦς
1781 4227 1991 4292 ἐννοίας

402 4315 562 4370 οὐδὲν
592 4316 746 4385 ὅμως
776 4317 1081 4387 ἀπᾴδουσιν
1122 4317 1229 4387 (2).

479 4405 549 4474 ζ’.
579 4409 652 4462 Σὺ
689 4409 745 4462 δέ
785 4426 878 4478 μοι
905 4410 1034 4478 λέγε
1057 4451 1075 4475 ,
1114 4412 1260 4474 τίνος
1309 4411 1672 4477 κελεύσαντος
1707 4415 1988 4485 ἄρχοντος,

405 4501 506 4555 καὶ
535 4500 660 4554 ὅθεν
690 4500 1129 4571 τούτοιςγέγονε
1165 4504 1236 4556 τά
1284 4504 1622 4572 πρωτότυπα
1659 4507 1987 4576 κτήσασθαι,

2065 611 2177 668 tur,
2207 605 2527 676 inquam,in
2559 606 2626 661 iis
2649 604 3025 674 acquiescere,
3073 617 3197 673 quae
3264 601 3506 655 dicunt?
3553 598 3643 654 Li-

2065 701 2280 765 benler,
2324 701 2550 771 inquit:
2609 715 2706 756 cur
2759 715 2868 754 non
2924 695 3642 767 faciam?quandoquideur

2065 792 2421 864 Evangelium
2449 805 2671 862 quoque
2693 792 2837 862 apud
2869 805 2968 845 nos
2989 800 3097 855 est,
3120 799 3174 844 et
3201 789 3254 843 in
3288 788 3482 859 primis
3511 787 3649 840 divi-

2068 903 2197 943 num
2228 887 2434 957 aliquid
2471 901 2596 942 esse
2627 886 3011 941 existimamus
3041 899 3108 938 ac
3159 882 3382 938 celeste
3413 882 3645 936 donum.

2069 983 2145 1038 Dc
2169 982 2312 1038 coelo
2333 981 2478 1035 enim
2509 980 2726 1048 lapsum
2758 987 2862 1040 cst,
2884 977 2950 1032 ad
2976 977 3122 1048 leges
3169 979 3411 1029 humano
3460 975 3646 1044 generi

2068 1073 2342 1129 ferendas.
2370 1071 2584 1141 Aliquis
2616 1079 2798 1125 tamen
2833 1083 3019 1123 rumor
3049 1071 3220 1136 serpit
3242 1067 3515 1137 iidemque
3551 1069 3651 1122 ob.

2070 1167 2206 1221 tinet
2227 1165 2368 1236 apud
2400 1180 2518 1229 nos,
2546 1165 2646 1219 hoc
2679 1163 2857 1232 ipsum
2883 1162 3265 1230 Evangelium,
3287 1174 3338 1216 et
3367 1177 3532 1216 omne
3558 1177 3651 1215 ve-

2072 1270 2158 1314 tus
2189 1259 2628 1322 Testamentum,
2665 1271 2771 1309 una
2805 1271 2926 1310 cum
2957 1255 3180 1309 Davidis
3211 1256 3373 1321 libro,
3398 1269 3427 1308 a
3451 1255 3648 1308 vestris

2069 1352 2479 1422 interpretibus,
2499 1365 2623 1405 cum
2643 1350 2806 1405 hosce
2833 1349 3002 1404 libros
3024 1347 3213 1403 Graece
3252 1347 3487 1416 primum
3526 1361 3650 1402 ver-

2070 1454 2271 1506 terunt,
2305 1443 2384 1497 sic
2415 1442 2587 1498 fuisse
2621 1441 2908 1503 translata.
2943 1450 3003 1495 ut
3026 1440 3271 1507 neglecta
3304 1439 3504 1510 prioris
3535 1451 3653 1494 tex-

2068 1547 2159 1592 tus
2184 1537 2508 1591 auctoritate
2525 1535 2590 1590 ad
2612 1549 2675 1590 ea
2694 1534 2861 1588 nimis
2882 1534 3385 1603 attenderent,qu:e
3412 1541 3651 1588 vestram

2070 1629 2387 1700 religionem
2414 1643 2516 1683 con
2531 1627 2749 1682 ﬁrmare
2791 1626 3134 1682 viderentur.

2141 1723 2194 1780 6.
2233 1719 2362 1785 Sed,
2395 1721 2638 1790 inquam,
2671 1720 2881 1790 optime
2911 1720 3016 1783 vir,
3041 1721 3277 1790 primum
3293 1718 3653 1788 quiilemlurc

2074 1817 2250 1873 oratio
2273 1831 2450 1887 neque
2474 1815 2705 1871 honesta
2738 1824 2842 1880 est,
2871 1828 3071 1884 neque,
3104 1821 3163 1868 ut
3196 1814 3410 1884 opinor,
3441 1812 3542 1867 iiile
3565 1811 3656 1865 di-

2071 1925 2178 1981 gna
2202 1927 2214 1964 :
2248 1923 2372 1963 nam
2405 1923 2511 1977 qua
2533 1907 2600 1963 de
2630 1921 2690 1962 re
2713 1915 2905 1962 contra
2928 1906 3320 1976 nosinjudicio
3336 1905 3652 1967 decertatis.

2073 2004 2316 2073 ejusdem
2349 2004 2425 2058 rei
2454 2001 2621 2059 vultis
2650 2016 2772 2058 esse
2800 2011 2994 2059 testes.
3013 2001 3120 2058 Sed
3151 2001 3461 2056 accuratius
3479 1991 3657 2070 possis

2073 2098 2202 2152 inde
2226 2097 2510 2152 veritatem
2539 2095 2768 2152 discere.
2805 2093 2942 2148 Nam
2974 2096 3020 2150 si
3062 2093 3329 2163 temporis
3392 2107 3656 2163 unquam,

2071 2189 2456 2256 bonorumque
2472 2187 2852 2256 interpretum,
2868 2183 3372 2255 liebraicorumque
3392 2183 3656 2238 librorum

2073 2284 2230 2352 copia
2263 2282 2355 2338 tibi
2385 2282 2564 2349 ﬂeret,
2617 2281 2845 2350 pulchre
2876 2291 2990 2336 tum
3041 2285 3434 2351 cognosceres,
3475 2291 3664 2333 sacras

2075 2375 2200 2447 quis
2230 2373 2539 2444 corruperit
2578 2372 2917 2444 Scripturas.
2942 2374 3250 2429 Considera
3275 2373 3465 2435 etiam,
3509 2388 3662 2441 qna:-

2077 2484 2164 2535 so,
2192 2466 2366 2524 divini
2397 2467 2652 2522 Numinis
2692 2466 2876 2522 omnia
2931 2467 3193 2535 praeclare
3248 2467 3659 2535 dispensantem

2081 2560 2503 2632 providentiam,
2529 2559 2808 2630 quomodo
2839 2559 3054 2613 illorum
3089 2575 3184 2613 ora
3232 2561 3505 2622 obstruat,
3568 2565 3662 2628 qui

2081 2658 2230 2711 hunc
2262 2669 2443 2708 rerum
2475 2653 2726 2709 ordinem
2761 2661 3083 2723 oppugnant
3111 2661 3166 2707 et
3196 2652 3433 2708 libenter
3487 2668 3670 2722 repre-

2085 2727 2353 2803 hendunt.
2386 2745 2523 2800 Cum
2549 2747 2694 2800 enim
2733 2746 2950 2800 divinas
2996 2761 3191 2800 omnes
3239 2746 3554 2814 Scripturas
3612 2745 3667 2800 in

2085 2844 2324 2912 linguam
2355 2839 2600 2896 Grmcam
2625 2841 3082 2910 vertiOporteret,
3109 2857 3216 2895 non
3238 2850 3448 2896 temere
3481 2842 3671 2912 utique

2085 2905 2187 2992 nvec
2215 2935 2454 3005 vulgaris
2479 2944 2622 2990 nota:
2638 2935 2892 2992 homines
2917 2933 3019 2989 hoc
3044 2934 3315 2999 fecerunt,
3341 2921 3438 2989 sed
3465 2936 3557 3003 qui
3585 2941 3672 2989 to-

2087 3029 2196 3082 tius
2216 3027 2326 3082 fere
2339 3027 2578 3081 Orientis
2595 3026 2885 3096 imperium
2907 3026 3130 3080 tenebat
3177 3025 3505 3080 Ptolemmus
3549 3041 3667 3090 rex,

2089 3120 2334 3192 antiquis
2361 3120 2466 3176 diis
2487 3128 2668 3175 tamen
2693 3119 2962 3184 serviens,
2986 3130 3039 3173 ct
3057 3119 3226 3172 multo
3243 3129 3371 3172 ante
3389 3117 3670 3174 Christum

2011 3237 2058 3302 ο
2090 3230 2348 3286 regnans.
2369 3212 2505 3268 Nam
2537 3223 2826 3284 postquam
2851 3211 3042 3267 doctos
3067 3226 3136 3266 ex
3161 3211 3368 3268 Iudaeis
3396 3214 3546 3268 viros
3565 3228 3671 3267 nu—

2090 3323 2243 3364 mero
2267 3307 2406 3364 duos
2431 3317 2486 3362 et
2513 3306 2864 3378 septuaginta
2892 3305 3230 3375 interpretes
3253 3305 3669 3369 accersivisset,

2089 3401 2157 3458 iis
2179 3401 2286 3456 hoc
2311 3414 2450 3470 opus
2482 3399 2792 3455 faciendum
2820 3398 3060 3454 credidit
3087 3414 3104 3454 ι
3131 3413 3273 3468 quos
3294 3399 3513 3454 illorum
3537 3385 3671 3454 tu'nc

2091 3495 2459 3565 metropoleos
2494 3495 2805 3548 moderator
2857 3508 2922 3548 ac
2963 3503 3145 3548 rector
3196 3491 3511 3557 Eleazarus,
3561 3492 3680 3549 ins-

2091 3586 2260 3641 tinctu
2288 3586 2479 3641 divino
2501 3594 2704 3649 motus,
2729 3600 2894 3640 senos
2915 3601 2979 3641 ex
3005 3602 3337 3657 unaquaque
3363 3587 3506 3642 tribu
3538 3587 3682 3643 elec-

2092 3689 2176 3734 tos
2198 3679 2442 3734 miserat.
2466 3678 2834 3745 Quamobrem
2862 3694 2926 3734 ne
2957 3679 3073 3749 ipsa
3093 3679 3318 3750 quidem
3360 3679 3676 3736 Juila'orum

2091 3771 2562 3842 impudentissima
2590 3773 2742 3825 natio
2770 3773 3072 3842 quidquam
3101 3773 3236 3843 ipsis
3277 3773 3522 3844 objieere
3579 3789 3682 3828 au-

2091 3867 2204 3926 dct.
2227 3879 2405 3932 neque
2428 3864 2592 3918 ullam
2619 3879 2861 3933 unquam
2899 3865 3344 3934 reprehensionis
3380 3866 3562 3921 labem
3600 3867 3678 3920 illi

2092 3959 2237 4013 iacto
2260 3972 2550 4027 aspergere
2583 3975 2596 4010 :
2625 3957 2720 4011 sed
2753 3957 3161 4028 Scripturarurn
3204 3959 3470 4029 quasdam
3534 3959 3676 4016 forte

2093 4050 2362 4106 dictiones
2385 4050 2576 4104 leviter
2608 4051 2904 4106 immutare
2948 4061 3242 4120 conantur,
3285 4067 3410 4124 qua:
3457 4053 3676 4109 etiarnsi

2093 4143 2436 4214 accipiantur
2459 4154 2620 4215 prout
2652 4145 2936 4217 Iridicunt,
2958 4146 3092 4200 nihil
3130 4156 3314 4202 tamen
3360 4147 3682 4219 discrepant

2093 4253 2125 4294 8
2165 4253 2297 4294 vero
2343 4253 2531 4294 sensu.

2169 4423 2219 4476 7.
2253 4421 2334 4476 Tu
2360 4437 2490 4478 vero
2511 4421 2601 4478 dic
2627 4423 2782 4487 mibi,
2809 4424 3058 4490 obsecro,
3085 4425 3373 4494 cujusnam
3419 4426 3682 4495 principis

2092 4515 2252 4586 jussu
2281 4523 2337 4572 et
2360 4531 2472 4586 quo
2495 4532 2561 4571 ex
2586 4515 2708 4571 loco
2743 4515 3043 4587 Scriptum
3071 4530 3283 4573 textum
3325 4520 3682 4589 arripui-runt

407 4593 460 4648 οἶ
493 4596 561 4664 τῇ
590 4593 701 4647 τῶν
735 4593 986 4664 ’Δράϐων
1031 4595 1173 4649 εἰσὶν
1209 4597 1570 4660 ἑκδεδωκόττς
1621 4599 1888 4669 διαλέκτῳ
1921 4599 1982 4652 τὰ

2098 4607 2158 4670 ii,
2171 4607 2264 4679 qui
2289 4593 2506 4664 divinos
2527 4608 2696 4665 libros
2712 4609 3003 4664 ediderunt
3017 4611 3248 4666 Arabica
3271 4613 3454 4682 lingua
3471 4614 3494 4667 ?
3509 4631 3683 4684 quan—
3755 4619 3760 4624 ’

409 4687 514 4756 τῆς
546 4688 814 4758 Γραφῆς;
867 4689 962 4742 καὶ
1010 4689 1184 4756 πότε;
1227 4691 1322 4743 καὶ
1374 4691 1524 4755 τίνες
1571 4689 1636 4760 δὴ
1685 4686 1857 4754 οὑτοι,
1895 4693 1992 4744 καὶ

409 4778 592 4832 ὁποῖοί
628 4796 772 4842 τινες
826 4774 989 4850 ἦσαν,
1025 4783 1120 4834 καὶ
1171 4782 1331 4835 πόσοι
1383 4783 1478 4836 τὸν
1529 4781 1802 4854 ἀριθμόνς
1849 4782 1993 4835 Ἀλλ’

411 4871 515 4925 οὑκ
552 4871 618 4924 ἂν
647 4869 828 4940 ἔχοιςο
879 4873 1103 4926 πάντων
1142 4875 1253 4942 γὰρ
1302 4872 1430 4944 ἑξῆς
1477 4875 1750 4946 ἀμοιρεῖς,
1805 4869 1888 4938 οἷς
1926 4875 1996 4928 τὰ

411 4961 539 5018 καθ’
570 4964 720 5033 ἡμᾶς
755 4963 816 5016 τὸ
845 4963 1068 5025 βέϐαιον
1097 4965 1215 5035 ἔχει
1243 4982 1256 4996 ·
1285 4965 1346 5018 τὸ
1381 4965 1427 5018 δ’
1461 4965 1700 5036 ὑποψίαν
1731 4967 1995 5038 παρέχειν

412 5057 511 5109 καὶ
543 5055 708 5127 μόνον
762 5057 966 5111 ἅπασιν
1002 5059 1208 5113 ίκανόν.
1245 5059 1401 5112 Μετὰ
1447 5061 1556 5128 γὰρ
1589 5059 1690 5132 τὴν
1733 5061 1830 5130 τῆς
1867 5063 2002 5132 θρη-

416 5148 610 5212 σκείας
641 5147 740 5202 τοῦ
776 5149 1024 5218 Μωάμεθ
1072 5151 1390 5221 φανέρωσιν
1450 5153 1610 5222 ὑμεῖς
1667 5153 1822 5205 αὑτοὶ
1869 5154 2004 5207 πάν-

415 5256 528 5303 τως
560 5241 716 5311 μόνοι
766 5245 847 5306 εἰς
899 5242 1000 5313 τὴν
1044 5244 1321 5314 ὑμετέραν
1365 5249 1549 5315 φωνὴν
1598 5246 1871 5317 ἠμείψατε
1901 5250 2002 5318 τὴν

415 5330 456 5388 Γ
462 5337 667 5409 ραφὴν,
698 5337 834 5406 ὅπερ
863 5339 1123 5401 ἐναντίως
1156 5339 1277 5409 ἔχον
1316 5340 1429 5402 τοῖς
1459 5338 1590 5410 παρ’
1623 5341 1758 5410 ἡμῖν
1804 5341 2000 5395 ἀποδέο

417 5427 654 5484 δεικται.
687 5429 851 5483 Ὅθεν
899 5430 985 5494 τίς
1036 5432 1102 5485 ἂν
1142 5433 1233 5485 νοῦ
1274 5431 1518 5502 μετέχων
1550 5435 1665 5497 τοῖς
1707 5435 2001 5504 ἡμετέροις

414 5519 666 5573 ἀπιστῶν
720 5524 833 5585 τοῖς
885 5523 1175 5594 ὑμετέροις
1227 5525 1701 5593 πιστεύσειενςεί
1749 5528 1849 5596 μὲν
1897 5524 1996 5582 οὖν

415 5604 562 5680 ἦσθα
583 5612 858 5667 πιστεύων
877 5617 990 5673 τοῖς
1018 5619 1448 5687 γεγραμμένοις,
1479 5618 1579 5671 οὑκ
1604 5618 1670 5672 ἂν
1692 5619 1824 5689 ἡμῖν
1847 5617 1992 5692 ἦσαν

493 5727 730 5867 (ιζοοτι.
770 5719 1000 5786 coislin.
1037 5726 1214 5796 οὗτος.

497 5802 555 5864 (2
631 5802 985 5867 septuaginta
1048 5807 1214 5858 νυνδὶ(

497 5802 579 5867 (‘2)
631 5802 985 5870 Septuaginta
1048 5807 1377 5866 Versionem,
1445 5806 1535 5860 ubi
1595 5806 1664 5861 ab
1714 5807 1983 5864 ilebraico

422 5876 575 5924 testu
606 5870 854 5934 dissidet,
879 5887 910 5925 a
941 5873 1069 5928 dolo
1101 5889 1338 5940 semper,
1365 5876 1433 5929 ab
1448 5893 1638 5931 errore
1661 5878 1986 5952 plerumque

697 5971 968 6032 Ριτῐωι..
1013 5975 1128 6031 Gn.
1158 5972 1332 6031 CLVI

2101 4699 2172 4755 do
2201 4698 2491 4755 fecerunt?
2518 4703 2763 4770 quinam,
2790 4705 3005 4773 quales,
3033 4716 3163 4773 quot
3207 4709 3491 4761 ρι-ιιηιῖΛι
3533 4711 3680 4763 enim

2105 4793 2219 4846 haec
2239 4793 2497 4861 expedire
2537 4811 2642 4848 non
2669 4805 2821 4863 potes
2848 4813 2862 4850 :
2887 4798 3144 4852 omnibus
3167 4802 3394 4853 omnino
3421 4802 3686 4857 destitue-

2103 4883 2180 4938 ris
2201 4884 2483 4948 subsidiis,
2520 4887 2721 4955 quibus
2751 4901 2935 4944 nostra
2981 4891 3163 4945 versio
3192 4891 3442 4946 tirmatur
3468 4912 3482 4958 ;
3507 4895 3679 4948 solam

2104 4992 2234 5031 vero
2250 4979 2618 5048 suspicioocm
2647 4996 2883 5047 movere,
2913 4984 2994 5036 vel
3014 4985 3274 5040 omnibus
3307 4985 3452 5040 licet.
3500 4987 3688 5056 Siqui-

2105 5068 2228 5124 dem
2256 5079 2377 5138 post
2398 5068 2773 5126 Maomethica:
2793 5074 3070 5143 religionis
3086 5085 3269 5128 ortum
3292 5075 3394 5146 ipsi
3415 5086 3562 5132 certe
3583 5079 3687 5134 soli

2104 5171 2276 5213 sacra:
2298 5157 2597 5229 Scriptura:
2617 5161 2787 5216 llbl'OS
2809 5175 3046 5218 vestram
3082 5165 3133 5218 in
3161 5166 3404 5235 linguam
3439 5177 3685 5225 transtu-

2107 5251 2424 5322 listis.quod
2444 5255 2888 5321 contrahersioni
2912 5268 3112 5313 nostrae
3137 5261 3410 5316 accidisse
3454 5263 3687 5320 demon-

2106 5347 2428 5402 stravimus.
2455 5347 2587 5412 Quze
2616 5364 2740 5403 eum
2767 5349 2841 5403 ita
2873 5349 3005 5416 sint,
3051 5352 3198 5421 quis,
3221 5370 3432 5424 quaeso,
3488 5357 3689 5414 mentis
3771 5373 3777 5379 '

2106 5453 2332 5509 compos
2351 5439 2724 5496 nostrislibris
2741 5441 2968 5510 diuidat,
3009 5445 3213 5500 vestris
3247 5447 3408 5503 tidem
3453 5449 3692 5505 habeat?

2105 5526 2496 5596 Quamobrem,
2511 5529 2554 5584 si
2579 5528 2878 5600 Scripturis
2891 5535 3165 5603 crederes,
3185 5538 3542 5607 nouimultum
3566 5541 3688 5596 θυι-α

2100 5621 2184 5674 cle
2207 5621 2365 5676 nobis
2383 5623 2582 5692 negotii
2602 5623 2966 5682 facesseretur
2989 5646 3004 5686 :
3031 5627 3312 5700 Scriptura
3333 5633 3483 5687 enim
3511 5635 3693 5690 omnis

2084 5737 2364 5814 vindicari
2389 5753 2579 5814 posse,
2620 5741 2892 5800 innumeri
2943 5745 3516 5814 demonstraverunt:
3548 5750 3695 5805 inter

2086 5811 2226 5883 alios
2253 5808 2567 5883 l_.udovicus
2590 5814 2882 5883 Cappellus
2905 5815 2958 5868 in
2990 5814 3191 5871 Crilica
3224 5833 3407 5883 sacra,
3432 5808 3684 5882 Parisiis.

2089 5878 2215 5934 Seb.
2249 5879 2552 5952 Cramor‘sy,
2585 5878 2745 5952 1650,
2773 5886 2826 5939 in
2859 5885 2958 5939 fol.

3215 5988 3254 6046 5
