4080 6524
454 355 561 419 139

1649 355 2050 418 MANUELIS
2090 350 2540 419 PALEOLOGI

3602 349 3730 415 1ζο

453 470 618 544 (mihi
645 470 832 541 crede)
868 478 1100 526 vestram
1136 470 1485 540 apertissime
1517 481 1793 544 oppugnat
1824 472 2026 542 religio-

2145 473 2318 527 πολλὰ
2349 475 2652 545 πράγματα
2677 487 2690 502 ·
2723 470 3025 543 διαρρήδην
3059 472 3165 541 γὰρ
3194 464 3275 541 (εὖ
3319 468 3450 541 tuo.)
3483 472 3725 542 μάχεται

454 580 601 618 nem.
630 563 803 630 Quam
838 564 1114 632 quomodo
1142 565 1400 619 admirati
1436 571 1490 619 et
1517 565 1752 635 amplexi
1778 566 1845 620 ab
1880 564 2038 619 initio

453 655 687 720 fueritis,
708 656 811 709 etsi
836 653 997 725 multi
1010 657 1239 711 multum
1261 656 1552 721 mirentur,
1572 657 1706 712 mihi
1727 666 1906 713 tamen
1929 673 2037 713 non

454 750 596 801 idem
631 764 731 801 usu
769 750 935 803 venit.
958 749 1090 802 Eam
1119 750 1263 804 enim
1293 765 1416 805 cum
1452 751 1690 820 plurium
1710 751 1936 805 deorum
1960 749 2037 806 εἱ-

450 855 791 909 guorumque
818 841 1137 895 adoratioue
1151 843 1541 898 commutastis
1569 857 1586 895 :
1615 843 1757 897 unde
1784 858 1890 898 non
1912 843 2037 899 ideo

448 933 675 999 praecise.
708 934 1044 999 vituperandi
1074 937 1228 1000 estis,
1263 937 1356 989 sed
1383 936 1509 1005 quia
1530 938 1716 1006 postea
1746 950 1855 989 non
1874 950 2031 990 eam-

448 1025 569 1077 dem
593 1024 851 1080 servastis
878 1027 1072 1097 legem,
1094 1042 1290 1097 nempe
1313 1035 1370 1081 ut
1402 1029 1596 1083 iterum
1625 1029 1693 1083 ab
1711 1028 1890 1083 isthac
1938 1043 2034 1083 ve-

449 1127 561 1169 stra
593 1118 857 1188 religione
877 1120 942 1173 ad
964 1121 1403 1189 praestantiorem
1432 1122 1593 1176 aliam
1655 1120 2032 1176 transilirctis.

448 1211 551 1263 Sed
578 1211 839 1279 quoniam
874 1211 1177 1282 Scripturis
1204 1214 1365 1269 fidem
1394 1215 1618 1269 interim
1644 1216 1897 1283 derogas.
1930 1212 2035 1268 hac

447 1302 565 1370 lege
588 1308 830 1367 utamur,
859 1312 917 1358 ut
947 1303 991 1358 si
1026 1319 1187 1374 quem
1215 1304 1513 1373 Scripturae
1545 1306 1724 1359 locum
1758 1304 1825 1358 ab
1859 1302 2033 1358 altero

446 1396 669 1449 allatum
705 1395 846 1449 alter
867 1396 1139 1462 admittet,
1172 1390 1319 1452 recte
1346 1399 1399 1453 in
1434 1397 1812 1468 disputatione
1841 1404 2033 1451 nostra

444 1503 473 1538 e
498 1488 670 1543 sacris
696 1488 937 1543 oraculis
964 1490 1191 1558 petitum
1220 1490 1512 1557 auxilium,
1543 1490 1723 1561 quoad
1754 1491 1866 1544 lieri
1903 1504 2031 1560 pos-

445 1580 536 1645 sit,
571 1579 915 1634 adhibeatur.
952 1578 1052 1634 Ubi
1080 1582 1242 1635 aliter
1273 1576 1507 1645 accidet,
1561 1583 1708 1652 quod
1754 1581 2030 1650 reliquum

445 1681 551 1735 est,
590 1672 1013 1726 ratiocinatione
1042 1673 1307 1728 utendum
1343 1673 1451 1728 erit
1480 1712 1495 1738 ,
1526 1689 1737 1745 proque
1773 1673 2031 1729 facultate

448 1763 822 1833 probabilibus
850 1765 1167 1819 enitendum
1193 1767 1533 1836 argumentis
1559 1807 1573 1830 ,
1604 1776 1665 1822 ut
1718 1782 1825 1837 qua
1876 1778 2030 1838 parte

396 1910 399 1913 .
446 1865 552 1910 stet
580 1856 779 1911 veritas
812 1856 1150 1925 reperiamus
1179 1875 1194 1912 :
1220 1859 1267 1912 si
1302 1868 1505 1925 tamen,
1543 1860 1766 1929 hospes,
1796 1860 1904 1915 hoc
1928 1860 2023 1916 tibi

446 1963 662 2019 quoque
690 1947 761 2002 ita
786 1947 1057 2004 videatur.
1084 1948 1214 2016 Quae
1232 1966 1470 2021 cumego
1496 1951 1785 2018 dixissem,
1824 1953 2024 2007 annuit

447 2043 556 2105 ille,
580 2050 635 2095 et
684 2040 894 2118 lmnefin
921 2044 1142 2099 modum
1164 2044 1594 2098 disserereinter
1626 2059 1723 2099 nos
1744 2046 2025 2098 convenit.

518 2137 572 2190 8.
629 2137 765 2191 Tum
815 2138 884 2201 is,
902 2136 1023 2191 Tibi
1043 2137 1230 2201 etiam,
1251 2135 1448 2205 inquit,
1469 2145 1656 2190 nostro
1682 2136 1747 2190 de
1774 2151 2029 2191 sermone

444 2229 904 2283 considerandum
932 2237 1039 2295 est,
1066 2227 1346 2299 quomodo
1376 2242 1503 2281 eum
1536 2228 1807 2298 integrum
1840 2229 1906 2282 ab
1927 2245 2027 2282 an-

448 2316 581 2385 gelis
614 2317 880 2385 incipiens
910 2328 1196 2374 contextis.
1227 2317 1343 2388 Ego
1374 2331 1528 2383 vero,
1564 2317 1611 2372 si
1638 2318 1770 2388 quid
1809 2334 2025 2385 eorum,

445 2425 567 2487 quae
593 2410 872 2479 dicuntur,
907 2428 1016 2467 non
1051 2413 1381 2482 probavero,
1412 2412 1599 2467 statim
1636 2424 1928 2482 exponam,
1975 2422 2029 2467 et

452 2501 518 2555 dc
540 2500 660 2570 illo,
686 2504 830 2571 quod
862 2504 1069 2559 nostris
1092 2504 1308 2573 placitis
1351 2503 1639 2559 dissonum
1694 2519 2025 2573 cognovero,

444 2595 577 2663 quid
624 2596 728 2666 ipsi
779 2598 1089 2654 sentiamus
1139 2599 1368 2668 insuper
1416 2599 1714 2655 enarrabo.
1754 2597 1903 2663 Esto,
1947 2604 2028 2652 tn-

445 2700 638 2757 quam,
665 2689 750 2744 vir
779 2688 983 2758 optime
1013 2709 1027 2745 :
1064 2699 1345 2761 utcunque
1394 2690 1550 2748 vobis
1579 2690 1822 2757 libuerit,
1851 2691 2031 2747 facere

443 2782 707 2837 conabor.
785 2783 852 2837 Et
921 2784 1160 2854 primttm
1238 2784 1461 2855 quidem
1533 2785 1756 2854 angelos
1821 2786 2029 2856 aliquid

443 2888 689 2931 creatum
744 2891 867 2932 esse
946 2877 1214 2945 dicimus,
1274 2886 1360 2942 et,
1429 2886 1488 2932 ut
1549 2887 1744 2933 caetera
1809 2879 2027 2944 omnia,

446 2967 518 3021 ob
572 2965 851 3022 Creatoris
904 2968 1201 3024 bonitatem
1266 2981 1484 3025 creatos
1521 2972 1668 3041 (nam
1705 2972 1905 3042 quibus
1962 2972 2029 3027 ad

444 3061 850 3117 subsistendum
924 3076 1030 3115 nun
1099 3062 1421 3130 indigebat.
1476 3077 1573 3117 eos
1612 3101 1629 3127 ,
1698 3063 1802 3117 nisi
1840 3063 2027 3119 fuisset

445 3169 679 3227 summe,
696 3154 894 3221 bonus,
915 3169 1198 3225 nunquam
1225 3155 1526 3225 creasset),
1550 3155 1783 3227 simplici
1808 3158 2027 3211 eadem-
2051 3139 2097 3202 Ο

442 3261 551 3317 que
584 3257 777 3302 natura
805 3246 1064 3317 praeditos
1084 3248 1523 3313 omnes,etiamsi
1544 3248 1761 3316 ordine,
1784 3256 1839 3304 et
1869 3250 2029 3321 mini-

443 3338 595 3393 sterii
620 3339 813 3408 gradu,
844 3348 899 3395 et
967 3341 1036 3396 ad
1090 3340 1257 3395 Deum
1301 3341 1829 3411 appropinquatione
1888 3341 2027 3396 alius

442 3433 621 3507 alium,
657 3435 965 3497 antecedat,
1005 3433 1313 3489 luminosos
1368 3435 1644 3501 ctlnmen,
1667 3440 1719 3489 et
1742 3434 1858 3488 sive
1889 3434 2027 3489 dim-

443 3526 617 3581 culter
644 3526 874 3583 mobiles
901 3526 968 3581 ad
994 3526 1220 3594 malum,
1250 3526 1366 3581 sive
1402 3529 1565 3581 etiam
1602 3534 1724 3597 post
1763 3527 2027 3585 daemonis

447 3617 810 3673 defectionem
836 3618 1160 3689 lapsumque
1200 3617 1426 3672 omnino
1484 3632 1590 3672 non
1638 3618 1886 3674 mobiles.
1937 3618 2026 3674 Et-

450 3712 596 3767 enim
656 3712 925 3803 motoillo
989 3710 1163 3780 (scitis
1190 3711 1301 3781 jam
1327 3710 1771 3782 istud,opinor),
1800 3712 2027 3774 hinlanc

445 3804 659 3859 immoti
703 3812 1126 3873 permanserunt
1170 3820 1183 3857 :
1231 3803 1537 3871 meritoque
1591 3818 1723 3858 sane
1772 3804 2026 3876 conjiciat

442 3894 587 3965 quis,
616 3896 1074 3966 quemadmodum
1108 3896 1257 3964 juste
1292 3894 1539 3950 derelicti
1593 3895 1773 3951 sintet
1821 3896 1885 3951 ad
1932 3912 2027 3966 pe-

439 3988 557 4053 jora
578 3997 841 4058 perpetuo
863 3988 1127 4053 ferantur,
1148 3989 1242 4059 qui
1261 3989 1431 4045 semel
1453 3990 1595 4044 male
1616 3992 1750 4045 moti
1778 3989 2019 4059 fuerint;

446 4078 518 4131 ita
554 4079 674 4142 hos,
702 4077 845 4146 quod
891 4077 1032 4131 ﬁrmi
1093 4078 1420 4144 manserint,
1459 4078 1563 4134 hoc
1614 4078 1843 4147 majoris
1897 4094 2024 4149 pro-

446 4186 671 4236 gressus
702 4150 909 4223 donum
936 4184 964 4222 a
992 4169 1102 4224 Deo
1136 4170 1441 4239 accepisse,
1474 4178 1533 4223 ut
1562 4185 1879 4240 quanquam
1926 4187 2023 4226 eo-

449 4279 568 4318 rum
602 4271 796 4317 natura
822 4278 921 4319 suo
948 4264 1069 4317 loco
1091 4271 1357 4328 maneret,
1377 4263 1481 4332 ipsi
1509 4273 1690 4319 tamen
1718 4263 1858 4318 idem
1879 4267 2024 4335 quod

446 4354 583 4425 lapsi
619 4371 901 4425 nunquam
936 4354 1045 4425 pati
1077 4362 1317 4423 possent.
1345 4352 1531 4424 Neque
1553 4355 1607 4410 id
1663 4364 1899 4424 tantum,
1928 4361 2022 4414 sed

445 4457 500 4503 ct
530 4449 702 4503 bonos
728 4463 848 4503 esse
879 4447 980 4503 hoc
1004 4445 1559 4503 existimamus.Nam
1584 4463 1738 4503 suam
1769 4460 2021 4506 naturam

449 4550 656 4595 natura:
679 4539 890 4610 opilieis
916 4541 1165 4594 omnium
1201 4539 1293 4593 Dei
1344 4537 1515 4611 magis
1553 4534 1835 4612 cognatam
1900 4558 2024 4600 esse

448 4632 804 4703 intelligimus
835 4646 998 4702 quam
1056 4640 1286 4687 caeteras
1309 4646 1399 4687 res
1434 4632 1504 4687 ab
1547 4634 1737 4688 eadem
1770 4643 2020 4689 creatas.

444 4724 625 4788 Quare
656 4723 992 4778 immortales
1017 4723 1181 4777 etiam
1207 4735 1328 4777 esse
1358 4721 1652 4786 credimus,
1682 4729 1743 4776 ut
1779 4720 2023 4790 illorum,

445 4815 645 4883 quibus
675 4815 739 4867 ad
760 4813 922 4867 vitam
948 4812 1275 4882 indigemus,
1306 4810 1527 4865 minimc
1559 4811 1791 4881 indigos.

517 4907 569 4961 9.
610 4905 708 4961 llic
734 4920 923 4971 senex,
949 4903 1047 4959 Est
1069 4904 1227 4973 .istud
1273 4903 1495 4974 quidem
1558 4917 1772 4971 verum,
1824 4905 2021 4975 inquit,

521 5041 596 5106 (ί)
625 5039 679 5093 in
701 5040 846 5094 hunc
880 5040 992 5093 fere
1032 5039 1250 5110 modum
1291 5039 1357 5110 de
1384 5053 1491 5092 non
1524 5039 1861 5095 credentium
1893 5056 2018 5110 pcr-

447 5111 707 5165 snasioae
737 5112 964 5163 Photius
1016 5108 1364 5175 Amphiloch.
1418 5118 1616 5178 qumst.
1678 5125 1821 5173 xcn,
1873 5108 2011 5169 Cod.

446 5181 672 5234 (luisliu.
708 5179 835 5243 270,
872 5179 968 5251 fol.
1002 5180 1103 5234 104
1133 5190 1269 5251 recto
1296 5193 1314 5230 :
1350 5180 1475 5251 Τοῖς
1503 5196 1561 5231 τε
1597 5179 1705 5245 γὰρ
1742 5180 1840 5251 ἤδη
1882 5181 2012 5249 χρό-

446 5249 973 5323 ννεζπεπιστευκόσι,
1031 5251 1133 5323 mi.
1158 5246 1440 5323 μηδεμίαν
1504 5246 1839 5323 ἀμφιϐολίαν
1884 5246 2015 5323 περὶ

450 5321 541 5374 τοῦ
564 5320 686 5375 καθ’
711 5319 861 5389 ἡμᾶς
896 5321 1199 5388 μυστηρίρυ
1224 5317 1716 5389 παραδεχομέᾴοις,
1750 5317 2011 5384 ὡσαύτως

448 5392 505 5443 δὲ
525 5392 618 5444 καὶ
648 5393 760 5452 τοῖς
783 5389 1007 5460 τελείως
1031 5394 1095 5460 τῇ
1135 5389 1361 5460 ἀπιστίᾳ
1403 5389 1860 5457 κεκρατημένοις,
1886 5459 1889 5460 ν
1919 5394 2012 5444 καὶ

452 5462 529 5531 μὴ
566 5459 899 5531 θέλωσιᾲριά
943 5458 1051 5513 τῶν
1072 5457 1355 5531 ’σημείων
1397 5460 1534 5526 πρὸς
1571 5460 1699 5531 ,τὴν
1731 5459 2017 5513 εὐσέϐειάν

448 5529 950 5602 χειραγωγηθῇναι,
972 5530 1139 5602 ,κενὸν
1168 5529 1259 5581 καὶ
1288 5529 1517 5602 μάταιον
1558 5530 1587 5597 ἡ
1635 5529 1743 5602 τῶν
1775 5532 2018 5597 σημείων

448 5597 733 5666 ἐπίδειξις.
768 5599 894 5661 Τοῖς
923 5600 979 5653 δέ
1014 5617 1075 5663 γε
1117 5604 1175 5653 ὲν
1212 5604 1273 5668 τῇ
1306 5598 1543 5668 ἀπιστία
1586 5597 2015 5666 τεθραμμένοις,

449 5669 572 5742 εἶτα
600 5672 785 5742 ἡρέμα
816 5686 932 5733 πως
964 5673 1088 5734 τοὺς
1124 5666 1416 5736 λογισμοὺς
1452 5666 1589 5742 πρὸς
1613 5669 1709 5742 τὴν
1736 5670 2021 5742 εύσέϐειαν

449 5738 719 5796 ἐνδιδόναι
750 5741 1214 5808 διανισταμένοις,
1242 5742 1452 5801 τούτοις
1483 5738 1660 5789 οἰκεία
1703 5740 1796 5791 καὶ
1846 5740 2019 5808 πρόσ-

452 5808 618 5883 ἱρυρος
672 5811 780 5868 τῶν
840 5812 1155 5883 παραδόξων
1216 5808 1394 5882 ἔργων
1448 5808 1839 5879 ήφανέρωσις.
1892 5814 2027 5865 Am.

2142 567 2210 618 τὰ
2239 565 2339 637 τῆς
2364 566 2592 637 Γραφῆς
2621 563 2800 619 πάντα
2838 565 2905 634 τῇ
2947 561 3071 616 καθ’
3103 561 3250 633 ὑμᾶς
3289 561 3576 632 θρησκείᾳ.
3616 562 3728 615 Ἦν

2140 657 2290 721 ὅπως
2347 675 2406 712 τε
2460 657 2744 729 ὴγάσθητε
2796 659 2894 711 καὶ
2949 656 3330 727 παρειλήφατε
3379 654 3480 724 τὴν
3520 654 3724 723 ἀρχὴν,

2142 753 2356 807 πολλῶν
2395 753 2531 806 πολὺ
2549 751 2980 821 θαυμαζόντων,
3013 750 3177 813 αὐτὸς
3211 749 3274 802 οὐ
3308 747 3468 802 τοῦτο
3501 748 3724 816 πάσχω.

2141 845 2443 909 Πολυθεῖας
2471 846 2581 916 γάρ
2611 863 2694 900 τοι
2738 845 2832 899 καὶ
2880 843 3117 899 είδώλων
3146 840 3555 911 ἀντηλλάξασθε
3584 842 3725 893 ταύ-

2138 952 2272 1006 την*
2304 937 2421 991 ἀνθ’
2453 930 2528 991 ὧν
2555 936 2618 990 οὐ
2671 937 2826 1006 παρά
2856 934 3017 990 τοῦτο
3064 935 3262 988 δίκαιοι
3306 931 3717 993 διαϐάλλεσθαι,

2137 1022 2366 1077 ἀλλ’ὅτι
2431 1023 2507 1094 μὴ
2558 1024 2651 1077 τὸν
2681 1024 2846 1079 αὑτὸν
2894 1025 3203 1094 ἑτηρήσατε
3243 1024 3430 1091 νόμον,
3480 1021 3557 1084 ὼς
3605 1021 3718 1075 ἀπὸ

2137 1116 2345 1189 ταύτης
2379 1116 2763 1187 μεταηδῆσαι
2800 1115 2963 1171 πάλιν
2993 1116 3087 1169 ἐπὶ
3113 1096 3210 1186 τὴν
3240 1113 3494 1186 κρείττω.
3538 1112 3721 1171 Ἐπει-
3776 1189 3794 1207 Ι

2135 1209 2199 1279 δὴ
2226 1209 2283 1262 δὲ
2313 1212 2437 1272 ταῖς
2460 1210 2709 1280 Γραφατς
2741 1209 2802 1262 ot’t
2845 1208 3024 1278 βούλει
3074 1206 3361 1261 πείθεσθαι
3390 1206 3549 1269 τέως,
3585 1202 3720 1257 ἔνθα

2139 1300 2240 1370 μέν
2300 1316 2356 1352 τι
2409 1301 2664 1367 λέγοντος
2719 1299 2952 1371 θατέρου
3008 1298 3110 1368 τῆς
3164 1297 3410 1375 Γραφῆς,
3442 1296 3471 1349 ὁ
3528 1294 3724 1363 ἕτερος
3782 1308 3793 1332 ε

2136 1392 2293 1464 ἡμῶν
2345 1393 2687 1462 ἀποδέχοιτο,
2722 1394 2892 1447 καλὸν
2932 1393 3031 1463 τῆς
3062 1391 3171 1446 τῶν
3221 1390 3420 1459 λογίων
3461 1388 3720 1459 βοηθείας
3816 1408 3835 1417 ο

2138 1490 2434 1559 μετασχεῖν
2463 1489 2615 1556 ἡμῖν,
2657 1487 2734 1550 ὡς
2759 1482 2876 1539 οἷόν
2903 1503 2988 1552 τε,
3036 1485 3136 1555 τὴν
3167 1482 3427 1549 διάλεξιν.
3458 1480 3629 1535 Ἔνθα
3672 1478 3703 1532 δ

2136 1583 2201 1637 ἂν
2261 1581 2438 1643 ἄλλως
2496 1580 2661 1634 τοῦτο
2724 1579 2996 1650 συμϐαίη,
3057 1577 3085 1631 δ
3142 1575 3350 1643 λοιπὸν,
3409 1574 3523 1637 τοῖς
3574 1573 3725 1641 λογι-

2138 1676 2294 1743 σμοῖς
2332 1674 2409 1746 (l)
2468 1673 2758 1745 χρηστέον,
2800 1674 2897 1727 καὶ
2936 1671 3016 1743 τῷ
3063 1670 3236 1725 είκότι
3288 1668 3580 1739 πειρατέον
3635 1665 3724 1728 είς

2132 1765 2388 1834 δύναμιν,
2418 1767 2524 1836 ὅπη
2572 1764 2639 1819 ἂν
2671 1765 2771 1839 ἔχῃ
2814 1763 3049 1834 τάληθὲς
3086 1764 3270 1834 εὑρεῖν
3293 1778 3309 1796 ο
3339 1761 3433 1815 ἐὰν
3458 1755 3517 1833 ᾗ,
3548 1758 3717 1828 φημὶ,

2132 1859 2226 1912 καὶ
2268 1859 2353 1913 σοὶ
2401 1860 2554 1913 τουτὶ
2602 1859 2870 1930 ἡδομένῳ.
2914 1844 3023 1913 Καὶ
3056 1858 3118 1918 ὃς
3169 1855 3401 1926 ἐπῄνεσε
3430 1854 3493 1907 τὸ
3522 1850 3715 1924 ῥηθὲν,

2130 1949 2225 2003 καὶ
2262 1947 2570 2019 συνέῦημεν
2604 1951 2698 2003 τὸν
2725 1948 2928 2021 τρόπον
2960 1946 3150 2001 τοῦτον
3178 1943 3547 2016 διαλεχθῆναι.

2202 2141 2273 2203 η’.
2304 2134 2414 2188 Καί
2446 2151 2527 2187 σοι
2559 2132 2848 2197 σκεπτέον,
2878 2130 3009 2200 ἔφη,
3048 2127 3180 2199 περὶ
3212 2126 3308 2182 τοῦ
3344 2126 3530 2195 λόγου,
3562 2125 3737 2190 ὅπως·

2131 2226 2291 2280 τοῦτο
2326 2228 2548 2294 ὑφανεῖς
2590 2226 2799 2296 ἄρτιον,
2828 2224 2936 2279 ἀπὸ
2958 2222 3069 2277 τῶν
3095 2221 3344 2292 ἀγγέλων
3378 2217 3713 2290 ἀρξάμενος.

2143 2319 2286 2387 Ἐγὼ
2315 2319 2373 2373 δὲ
2405 2320 2433 2374 ὅ
2459 2337 2515 2373 τι
2541 2319 2650 2373 τῶν
2681 2314 2993 2387 λεγομένων
3021 2316 3124 2370 οὐκ
3154 2314 3515 2383 ἀποδέξομαι,
3546 2309 3712 2376 λέξω,

2132 2416 2227 2468 καὶ
2259 2414 2557 2485 προσθήσω
2581 2412 2682 2483 τὴν
2711 2410 2989 2482 ἡμετέραν
3017 2409 3176 2477 δόξαν
3202 2408 3377 2460 εἰπεῖν
3402 2403 3534 2475 περὶ
3566 2402 3716 2456 ὲκεί-

2132 2526 2221 2562 νου
2248 2524 2334 2570 γε,
2355 2508 2492 2578 ὅπερ
2527 2507 2594 2559 ἂν
2618 2504 2829 2576 ἀπᾷδον
2855 2504 3043 2573 γνοίην
3065 2501 3174 2556 τῶν
3198 2500 3483 2571 ἡμετέρων
3500 2496 3716 2564 δογμά-

2131 2617 2260 2655 των.
2294 2596 2439 2661 Εἶεν,
2479 2599 2637 2669 ἔφην,
2669 2593 2715 2652 ὧ
2748 2597 2997 2667 βέλτιστε
3020 2611 3036 2628 ·
3081 2594 3158 2658 ὡς
3188 2594 3255 2647 ἂν
3360 2590 3715 2661 βουλομένοις

2134 2693 2262 2762 ὑμῖν
2289 2690 2494 2761 πρᾶξαι
2530 2691 2889 2761 πειράσομαι.
2928 2688 3040 2743 Καὶ
3091 2686 3229 2759 δῆτα
3276 2686 3406 2749 τοὺς
3440 2682 3717 2762 ἀγγέλους

2134 2758 2294 2855 ἡμεῖς
2323 2758 2384 2836 τὸ
2436 2758 2652 2855 πρῶτον
2704 2758 2846 2837 εἶναι
2891 2758 3585 2851 λέγομενίδημιούργημα,
3615 2758 3716 2831 καῖ

2133 2879 2359 2943 τούτους
2386 2879 2444 2933 δὲ
2494 2880 2589 2933 καὶ
2635 2879 2815 2932 πάντα
2862 2874 3365 2947 δεδημιουργῆσθαι
3400 2872 3469 2926 δι’
3507 2869 3710 2939 ἀγαθό-

2133 2992 2270 3046 τητα
2316 2972 2408 3026 τοῦ
2449 2968 2796 3041 Δημιουργοῦ
2830 2964 2928 3040 (ὧν
2962 2968 3073 3038 γὰρ
3115 2967 3217 3020 οὐκ
3265 2965 3437 3045 ὲδεῐτρ
3466 2963 3605 3035 πρὸς
3647 2961 3714 3017 τὸ

2139 3065 2514 3130 συνίστασθαι,
2553 3063 2653 3115 οὐκ
2687 3062 2753 3117 ἀν
2783 3063 2901 3116 ποτ’
2928 3061 3149 3129 ἐγένετο
3178 3060 3386 3113 τούτων
3433 3057 3709 3127 δημιουρ-

2130 3159 2245 3227 γὸς,
2285 3157 2361 3229 μὴ
2400 3153 2751 3223 ὑπεράγαθος
2778 3150 2873 3223 ὢν)
2906 3150 3114 3213 ἁπλοῦς
3143 3149 3244 3217 τὴν
3275 3146 3438 3217 φύσιν
3468 3145 3710 3209 πάντας,

2132 3253 2226 3307 καὶ
2252 3252 2352 3322 τὴν
2383 3250 2556 3323 αὐτὴν
2583 3249 2827 3319 ἔχοντας,
2865 3246 2970 3302 κᾶν
3000 3245 3161 3309 ἄλλος
3199 3243 3363 3298 ἄλλον
3391 3241 3541 3309 τάξει
3568 3257 3704 3310 προσ

2130 3346 2250 3416 έχῃ,
2298 3343 2396 3399 καὶ
2447 3343 2644 3415 βαθμῷ
2680 3339 2980 3405 διακονίας,
3006 3337 3101 3392 καὶ
3128 3339 3194 3409 τῇ
3237 3336 3373 3407 πρὸς
3422 3336 3484 3389 τὸ
3543 3333 3703 3389 Θεϊον

2128 3439 2418 3510 ἐγγύτητι,
2456 3436 2791 3507 φωτοειδεῖς,
2823 3435 2921 3489 καὶ
2950 3432 3128 3501 φῶτα,
3171 3431 3271 3485 καὶ
3299 3431 3417 3499 ἦτοι
3446 3429 3709 3500 δυσκινήο

2129 3549 2256 3595 τους
2296 3531 2433 3603 πρὸς
2453 3530 2513 3584 τὸ
2540 3528 2729 3594 κακὸν,
2762 3527 2796 3598 ἦ
2825 3526 3119 3597 ἀκινήτους
3169 3524 3307 3595 μετὰ
3335 3522 3436 3593 τὴν
3463 3522 3558 3575 τοῦ
3596 3521 3710 3574 Σα-

2127 3627 2228 3679 τάν
2260 3622 2602 3678 ἀποστασίαν
2635 3622 2730 3675 καὶ
2762 3619 3061 3673 ἔκπτωσιν.
3102 3614 3249 3671 Ἀνθ’
3272 3608 3348 3669 ὧν
3378 3615 3592 3668 ἐκείνου
3622 3630 3711 3668 κι-

2129 3718 2387 3789 νηθέντος
2444 3717 2584 3785 (ἴστε
2614 3714 2746 3784 γὰρ,
2794 3712 2870 3774 ὡς
2929 3704 3170 3781 ἐγῷμαι)
3209 3709 3457 3776 ἀκίνητοι
3506 3706 3709 3772 τελέως

2129 3805 2277 3865 οὗτοι
2328 3806 2607 3877 διέμειναν
2632 3822 2645 3837 ·
2689 3803 2931 3858 είκάσειε
2971 3801 3080 3872 γὰρ
3114 3801 3179 3855 ἄν
3219 3816 3303 3863 τις
3349 3799 3599 3863 δικαίως,
3626 3799 3708 3863 ὡς

2129 3901 2387 3971 καθάπερ
2440 3900 2488 3953 οἱ
2534 3897 2721 3961 κακῶς
2768 3895 3085 3964 κινηθέντες
3119 3894 3346 3958 δικαίως
3400 3892 3716 3979 ἐγκατελεί-

2129 3995 2365 4063 φθησαν,
2424 3992 2516 4045 καὶ
2561 3992 2698 4059 πρὶς
2743 3988 2811 4041 τὰ
2863 3989 3032 4059 χείρω
3080 3983 3359 4040 κινοῦνται
3417 3984 3713 4054 διηνεκῶς,

2127 4082 2301 4146 οὕτως
2341 4082 2488 4135 οὗτοι
2537 4078 3047 4157 πάγιοιομείναντες
3075 4076 3246 4147 δῶρον
3293 4075 3478 4130 θεόθεν
3514 4074 3711 4130 ἔλασον

2128 4173 2450 4235 ἐπιδόσεως,
2480 4174 2581 4241 τῆς
2632 4170 2850 4238 φύσεως
2879 4169 3061 4225 αὐτῶν
3107 4170 3248 4224 κατά
3291 4167 3477 4238 χώραν
3515 4168 3712 4238 μενούο

2131 4281 2252 4334 σης,
2289 4263 2363 4335 μὴ
2407 4262 2575 4315 ταυτδ
2598 4265 2711 4324 τοῖς
2744 4262 3034 4317 ἐπταικόσι
3080 4262 3213 4316 ποτὲ
3245 4261 3460 4317 παθεῖν.
3490 4262 3567 4316 Οὐ
3605 4261 3711 4332 μό-

2129 4372 2218 4410 νον
2253 4355 2330 4420 δὲ,
2360 4354 2499 4408 ἀλλά
2551 4353 2648 4410 καὶ
2680 4355 2926 4425 ἀγαθοὺς
2958 4354 3181 4418 τούτους
3209 4353 3525 4424 δοξάζομεν.
3562 4355 3714 4424 Σογ-

2060 4481 2106 4540 D
2132 4446 2461 4517 γενεστέραν
2509 4446 2617 4516 γὰρ
2648 4445 2813 4515 φύσιν
2845 4449 2909 4517 τῇ
2962 4447 3182 4502 πάντων
3224 4444 3550 4518 δημιουργῷ
3598 4446 3713 4501 τῶν

2132 4540 2309 4595 ἄλλων
2338 4542 2447 4595 τῶν
2480 4540 2586 4594 ὑπὸ
2609 4540 2821 4610 ταύτης
2856 4538 3187 4595 κτισθέντων
3215 4539 3467 4611 νοοῦμεν.
3498 4539 3590 4596 Διὸ
3612 4542 3713 4596 καὶ

2132 4635 2434 4697 ἀθανάτους
2462 4628 2603 4688 εῖναι
2634 4632 2989 4704 πιστεύομεν,
3005 4633 3278 4697 ἀνενδεεῖς
3310 4633 3512 4698 τελέως
3536 4633 3719 4704 ὑπάρ-

2133 4742 2325 4797 χοντας
2358 4720 2434 4781 ὧν
2465 4727 2628 4795 ἡμεῖς
2659 4724 2893 4795 δεόμεθα
2925 4725 3063 4796 πρὸς
3089 4725 3150 4779 τδ
3175 4724 3295 4796 ζῇν.

2203 4906 2271 4963 θ’.
2300 4906 2485 4960 Πάντα
2526 4905 2648 4974 μὲν,
2678 4904 2705 4956 δ
2736 4904 2917 4976 γέρων
2947 4905 3075 4977 ἔφη,
3106 4906 3175 4960 τὰ
3226 4906 3494 4977 εἰρημένα
3527 4908 3712 4964 καλά’

2122 5041 2395 5114 philocliia
2448 5039 2704 5102 Pbotii,a
2753 5040 2947 5097 multis'
2975 5041 3194 5097 laudata
3253 5052 3308 5098 et
3374 5048 3715 5107 teutata,sed

2125 5115 2192 5167 ad
2228 5114 2329 5167 hoc
2352 5120 2567 5179 tempus
2601 5126 2880 5178 nunquam
2915 5114 3084 5177 edita,
3111 5124 3331 5168 exstant
3380 5116 3431 5168 in
3476 5125 3719 5181 quatuor

2123 5184 2281 5237 bonis
2332 5181 2617 5235 codicibus
2662 5181 3016 5236 Bibliotheca:
3066 5184 3270 5238 Caesar.
3334 5184 3710 5243 Patisieusis:

2119 5251 2459 5325 Coisliniano
2488 5251 2688 5325 n._2_70.
2710 5253 2927 5325 optimae
2971 5261 3133 5316 notae,
3156 5253 3353 5325 Phatio
3376 5254 3714 5325 fetecomvo,

2121 5322 2189 5377 de
2214 5338 2323 5391 quo
2356 5319 2747 5392 Montefalcon.
2785 5320 3045 5376 Bibliotb.
3085 5324 3255 5378 Coisl.
3311 5323 3494 5377 Paris.
3546 5319 3714 5392 1715,

2121 5390 2369 5461 ίοΙζραθ.
2398 5390 2504 5445 525
2540 5408 2557 5461 ;
2589 5391 2759 5445 altero
2792 5392 2957 5458 Regio
2986 5410 3039 5447 η.
3065 5394 3222 5460 1228,
3265 5393 3481 5450 saecli
3507 5411 3521 5448 :
3550 5390 3714 5453 tertio

2121 5460 2250 5533 item
2273 5460 2617 5533 liegioflf229,
2640 5462 2914 5530 descripto
2943 5477 3008 5516 ex
3031 5467 3151 5519 cod.
3180 5466 3383 5520 montis
3401 5464 3717 5533 Athojussu

2122 5532 2452 5603 Chrysanthi
2488 5532 2721 5603 Notarze,
2740 5537 2831 5599 qui
2857 5543 2975 5587 erat
3001 5533 3391 5603 Hierosolymis
3407 5532 3719 5603 patriarcha

2121 5600 2427 5675 a._l7‘l)_7‘:
2472 5602 2582 5655 vid.
2640 5600 2715 5655 Le
2759 5602 2932 5667 Quieti
2986 5601 3198 5665 Orient.
3247 5600 3443 5661 Christ.
3488 5614 3544 5675 ﬁt.
3588 5602 3716 5675 111,

2123 5671 2230 5742 col.
2277 5670 2381 5724 5'26
2423 5688 2449 5742 :7
2482 5680 2679 5740 quarto
2711 5689 2763 5724 ιι.
2816 5675 2881 5725 60
2936 5675 3305 5742 supplementi
3331 5714 3345 5738 ,
3371 5674 3588 5729 duobus
3633 5670 3722 5731 to;

2125 5741 2258 5817 niis,
2278 5741 2555 5811 descripto
2590 5756 2817 5817 avorum
2873 5741 3188 5801 nosti-Orum
3234 5756 3394 5803 aetate
3451 5758 3516 5799 ex
3547 5745 3719 5817 Regio

2124 5811 2283 5880 1228,
2309 5826 2470 5882 quem
2492 5826 2652 5883 supra
2685 5812 2821 5867 dixi.
