4080 6638
401 393 501 467 ul
1271 457 1276 461 ,
1355 387 1735 452 DIALOGUS
1782 385 1804 442 Ι
1853 381 2014 442 CUM
2053 379 2618 440 ΜΟΗΑΜΕΤΑΝΟ,
3553 373 3652 436 142

402 513 540 583 πλὴν
569 512 646 566 ἑτι
683 511 974 582 βουλοίμην
1000 525 1052 562 τι
1087 507 1294 561 τούτων
1326 505 1557 560 ἀκοῦσαι
1589 504 1926 571 σαφέστερον
1947 513 1961 526 ·
1991 496 2013 555 1

2068 496 2442 565 quodcunque
2475 497 2614 551 dicis
2640 514 2655 552 :
2686 495 2794 552 nisi
2824 494 2971 565 quod
3003 509 3166 549 uuam
3215 509 3329 548 rem
3372 493 3657 564 aliquanto

399 605 542 657 am
592 603 752 657 τοῦτο
784 604 883 670 μὲν
931 599 1036 670 ὁδῷ
1093 597 1324 669 βαδίζων
1375 598 1404 649 ὁ
1439 596 1597 664 λόγος
1647 595 1813 665 τυχὸν
1847 593 1977 664 ἡμῖν

2080 587 2283 646 clarius
2309 589 2469 644 velim
2496 589 2798 658 intelligere
2823 607 2837 644 :
2862 588 2962 644 sed
2981 588 3112 643 illud
3139 588 3194 642 in
3222 587 3496 642 sermonis
3528 603 3657 656 pro-

402 696 702 749 άποδώσει.
743 695 1080 753 ’Δθανάτους
1132 692 1316 760 μέντοι
1353 689 1574 753 τούτους
1607 689 1722 751 πῶς
1768 686 1858 754 ἀρ’
1892 686 1980 737 έν-

2081 697 2272 749 gressu
2301 681 2533 738 fortasse
2557 683 2716 738 nobis
2745 683 3045 753 continget.
3065 681 3346 746 Attamen,
3371 680 3650 750 quomodo

403 788 623 856 δέχεται
657 783 796 840 εἶναι
823 802 838 850 ;
868 787 959 837 Δεῖ
985 783 1096 854 γάρ
1145 783 1310 853 φύσιν
1336 783 1580 848 ἃπασαν,
1610 779 1732 850 ἥτις
1760 780 1820 833 οὐ
1853 768 1984 848 μέλ-ἶ

2084 772 2202 827 ﬁeri
2222 781 2421 842 potest,
2436 783 2496 828 ut
2517 773 2696 844 angeli
2723 774 2834 830 sint
2858 774 3243 830 immortales?
3265 772 3494 844 Oportet
3511 771 3657 827 enim

403 878 493 930 λει
536 877 716 948 πάντη
763 875 1260 946 διαφθαρήσεσθαι,
1299 873 1474 946 ἀρχὴν
1519 870 1793 927 λαϐοῦσάν
1823 885 1980 934 ποτε,

2083 864 2266 920 hercle
2295 881 2514 922 omnem
2547 875 2824 933 naturam,
2876 883 3001 937 qua:
3040 882 3146 922 non
3192 865 3422 922 omnino
3473 863 3663 920 interi—

407 971 508 1023 uel
539 969 696 1032 τέλος
745 972 953 1039 ταύτην
1000 967 1192 1022 λαϐεῖν
1214 983 1230 999 ·
1264 967 1332 1020 ἵν’
1363 969 1555 1036 ὥσπερ
1590 967 1650 1018 ἐν
1701 962 1889 1034 κύκλῳ
1913 964 1980 1032 τῇ

2085 967 2208 1014 tura
2235 959 2325 1022 sit,
2351 958 2819 1029 quemadmodum
2848 959 3145 1030 aliquando
3171 959 3388 1014 initium
3421 956 3661 1028 accepit.

411 1061 648 1128 γενέσει,
677 1061 774 1115 καὶ
819 1060 1026 1129 φθίσει,
1060 1061 1155 1114 καὶ
1184 1057 1481 1114 ἁναϐιὼσει
1514 1062 1597 1121 είς
1633 1059 1830 1111 ταυτόν
1865 1055 1986 1108 ποτ’

2085 1050 2161 1104 ita
2185 1049 2346 1105 ﬁnem
2376 1051 2538 1106 etiam
2564 1051 2800 1122 aliquem
2823 1052 3024 1106 habere
3054 1068 3068 1104 :
3095 1059 3155 1108 ut
3183 1050 3340 1120 quasi
3367 1049 3422 1103 in
3451 1048 3663 1104 circulo

409 1153 667 1216 ἐλθοῦσα,
710 1152 1074 1207 άλλοιωθεῖσά
1112 1169 1173 1204 τε
1225 1151 1321 1206 καὶ
1359 1149 1715 1214 ἀναστάσεως
1743 1147 1987 1220 κρείττο-

2085 1157 2187 1211 per
2234 1145 2668 1214 generationem,
2691 1143 2971 1199 interitum
2999 1151 3059 1200 et
3091 1142 3550 1199 resurrectionem
3593 1141 3661 1197 ad

410 1263 503 1308 νος
529 1225 906 1310 ἀπολαύσασα,
950 1245 1157 1314 φθορᾶς
1201 1244 1421 1314 ἁπάσης
1468 1243 1722 1313 άνωτὲρα
1756 1240 1984 1309 γένηται

2098 1232 2242 1287 idem
2301 1234 2520 1288 tandem
2566 1233 2863 1303 aliquando
2905 1234 3202 1304 perveniat,
3235 1240 3292 1288 et
3353 1233 3665 1295 immutata,

411 1336 511 1389 τοῦ
538 1337 753 1392 λοιποῦ.
782 1335 1018 1400 Οὐκοῦν,
1055 1335 1215 1404 ἔφην,
1242 1329 1288 1388 ὦ
1325 1334 1502 1401 ’γαθὲ,
1540 1337 1634 1389 καὶ
1663 1335 1789 1398 τοὺς
1816 1335 1987 1403 ἀγγέ-

2087 1325 2567 1395 prtestantiorique
2601 1326 3005 1382 resurrectione
3031 1324 3242 1391 fruens,
3271 1325 3493 1380 interitu
3513 1325 3663 1381 omni

409 1429 542 1492 λους
591 1430 790 1492 αὐτοὺς
816 1429 1048 1497 θνητοὺς
1085 1425 1225 1480 εἶναι
1270 1426 1567 1493 δοξάζετε;
1617 1429 1728 1482 Καὶ
1768 1427 1827 1490 ὃς
1859 1426 1986 1496 ἔφη,

2090 1417 2341 1487 superior
2367 1418 2420 1472 in
2448 1429 2721 1487 posterum
2753 1418 2966 1476 evadat.
3017 1417 3158 1472 Tum
3212 1433 3339 1488 ego,
3391 1418 3582 1487 Igitur,
3632 1432 3668 1470 o

416 1526 552 1580 Nai.
586 1521 660 1580 Ἦ
700 1525 836 1578 πολύ
889 1542 994 1592 τοι,
1029 1525 1168 1595 ἔφην
1212 1524 1349 1594 ἐγὼ,
1397 1524 1657 1586 ἐναντίως
1674 1523 1876 1594 ,ἔχουσί
1924 1539 1989 1591 γε

2091 1510 2253 1576 bone,
2285 1510 2514 1580 angelos
2537 1510 2685 1578 ipsos
2706 1510 2872 1564 etiam
2894 1511 3155 1565 mortales
3171 1525 3292 1564 esse
3317 1510 3618 1579 Opinamini
3647 1511 3671 1562 ?

415 1621 554 1689 ἡμῖν
582 1621 637 1671 αἱ
690 1618 820 1690 περὶ
851 1619 963 1671 τῶν
1012 1617 1262 1687 ἀγγέλων
1306 1619 1496 1684 δόξαι⁶
1535 1617 1680 1688 ζωῆς
1733 1619 1844 1688 γὰρ
1893 1617 1992 1670 καὶ

2090 1601 2202 1657 Nos
2231 1618 2359 1657 vero
2397 1605 2652 1666 maxime,
2676 1603 2875 1671 inquit.
2921 1601 3013 1656 Na:
3045 1603 3276 1658 multum
3327 1602 3531 1666 differt,
3587 1602 3673 1656 in;

419 1710 654 1764 θανάτου
687 1710 772 1772 τίς
808 1709 874 1763 ἂν
903 1709 1115 1776 γένοιτο
1147 1710 1349 1776 μείζων
1380 1710 1612 1780 διαφορά
1637 1726 1652 1774 ;
1681 1709 1777 1771 Τίς
1815 1707 1906 1762 οὖν
1931 1725 1990 1761 σε

2093 1711 2283 1765 quam,
2317 1705 2503 1752 nostra
2535 1696 2822 1766 deangelis
2854 1696 3045 1764 opinio
3079 1697 3374 1766 :quidnam
3390 1697 3536 1751 enim
3559 1695 3674 1751 dis-

417 1803 606 1855 πεῖσαι
634 1800 949 1867 δυνήσεται.
983 1800 1058 1863 ὡς
1085 1793 1261 1863 ἄλλως
1286 1800 1420 1870 ἕχει,
1454 1800 1491 1854 ἃ
1523 1799 1728 1868 λέγεις,
1767 1800 1994 1854 πιθανόν
2023 1835 2028 1880 γ

2063 1841 2068 1884 L
2095 1788 2303 1841 crimen
2331 1802 2456 1841 esse
2493 1787 2661 1857 possit
2691 1789 2869 1856 maius
2899 1787 2994 1841 illo
3018 1825 3034 1851 ,
3062 1786 3206 1856 quod
3233 1787 3376 1841 inter
3407 1788 3574 1842 vitam
3616 1798 3674 1841 et

418 1910 478 1945 τε
514 1891 694 1960 λέγειν
739 1891 1022 1955 δοκοῦντα,
1065 1891 1162 1943 καὶ
1207 1890 1303 1960 τὴν
1344 1890 1453 1944 ἀπὸ
1484 1890 1594 1942 τῶν
1624 1890 1858 1960 Γραφῶν
1890 1889 1992 1942 οὐκ
2027 1879 2029 1884 ’

2060 1879 2067 1886 ’
2096 1889 2326 1935 mortem
2358 1879 2649 1933 intercedit
2671 1879 2776 1932 ?Et
2804 1879 2953 1948 quis,
2980 1893 3189 1948 quaeso,
3209 1880 3549 1949 persuadere
3573 1880 3671 1934 tibi

419 1981 675 2034 ἐθέλοντα
725 1980 984 2046 δέξασθαι
1031 1979 1364 2050 μαρτυρίαν,
1415 1979 1511 2032 καὶ
1559 1977 1788 2048 προσέτι
1837 1978 1992 2046 φωνῇ

2094 1973 2314 2042 poterit,
2342 1973 2498 2027 aliter
2526 1987 2585 2027 se
2613 1972 2812 2034 habere
2855 1985 2923 2028 ea
2961 1987 3082 2043 quae
3120 1972 3278 2036 dicis,
3353 1962 3662 2042 prasertim

419 2070 831 2140 διαλεγόμενον,
865 2069 990 2140 ἥτις
1021 2065 1281 2138 ἀλλοτρία
1327 2062 1459 2122 οὖσα
1488 2067 1568 2133 τῷ
1608 2064 1995 2137 προσδιαλεγο-

2095 2082 2219 2122 cum
2244 2075 2299 2120 tu
2335 2066 2427 2120 tibi
2459 2063 2740 2135 probabile
2762 2064 2871 2134 aliq
2883 2065 2972 2119 uid
2987 2065 3168 2120 dicere
3191 2065 3449 2128 videaris.
3472 2080 3675 2121 sacrm-

426 2163 574 2232 μένῳ
608 2179 715 2226 σοι,
765 2161 835 2215 τὰ
885 2160 1268 2231 λεχθησόμενα
1300 2162 1562 2229 παραινεῖ
1603 2158 1854 2229 ἐπίτηδες
1899 2174 1995 2211 τα-

2095 2173 2202 2228 que
2234 2155 2532 2226 Scriptura:
2564 2154 2937 2211 testimonium
2998 2153 3139 2209 nolis
3185 2153 3516 2208 admittere?
3539 2168 3677 2223 prte-

425 2249 742 2320 πεινότερα,
781 2248 925 2320 ἥπερ
956 2249 1099 2316 ἐστὶ,
1137 2252 1312 2305 ποιεῖν
1340 2248 1652 2318 φαίνεσθαι.

2099 2260 2348 2320 terquam
2379 2249 2523 2318 quod
2540 2248 2722 2317 lingua
2750 2247 2921 2304 uteris
2949 2247 3083 2301 mihi
3110 2254 3293 2302 tecum
3344 2246 3675 2314 colloquenti

2077 2343 2438 2412 -aliena,quae
2478 2341 2658 2394 nativa
2689 2341 2740 2396 vi
2771 2355 2871 2396 sua
2909 2338 3089 2406 cilicii,
3110 2347 3170 2394 ut
3191 2354 3278 2395 res
3312 2339 3558 2394 dicendae
3577 2337 3680 2394 hu-

2101 2433 2366 2499 miliores,
2395 2447 2556 2502 quam
2589 2445 2780 2487 revera
2818 2442 2969 2494 sunt,
3018 2443 3138 2486 esse
3190 2429 3503 2484 videantur.

501 2529 554 2577 ι’.
599 2519 897 2592 Πειρατέον
931 2521 1025 2575 καὶ
1083 2514 1277 2588 οὕτως,
1324 2519 1454 2591 ἔφη,
1500 2520 1735 2588 τάληθὲς
1788 2521 2008 2592 εὑρεῖνῘ

2174 2527 2265 2582 10.
2321 2526 2411 2581 Sic
2444 2528 2632 2590 etiam,
2667 2525 2868 2593 inquit,
2907 2525 3190 2578 veritatem
3223 2537 3490 2578 conemur
3525 2522 3680 2578 inve-

429 2611 635 2665 Πολλοῦ
675 2611 774 2681 μὲν
807 2611 940 2681 γὰρ,
988 2611 1048 2665 εὖ
1090 2611 1221 2677 ίσθι,
1269 2613 1542 2683 πριαίμην
1575 2613 1662 2677 ἂν,
1706 2612 1762 2666 εῐ
1789 2613 1874 2675 τίς
1910 2630 1997 2682 μοι

2103 2621 2246 2676 nire.
2284 2620 2416 2674 Nam
2456 2631 2656 2686 magno
2686 2614 2929 2686 quidem,
2965 2614 3098 2668 mihi
3129 2613 3312 2677 crede,
3342 2628 3603 2677 emerem,
3636 2612 3682 2666 si

433 2705 700 2773 παρεῖχεν
753 2702 974 2772 άμέσως
1007 2719 1088 2756 σοι
1128 2703 1390 2756 δύνασθαι
1439 2703 1800 2772 διαλέγεσθαι.
1856 2704 2002 2774 Πλὴν

2104 2715 2226 2786 quis
2245 2713 2350 2768 hoc
2373 2710 2510 2766 mihi
2532 2708 2818 2775 tribueret,
2848 2717 2906 2762 ut
2932 2706 3139 2776 absque
3177 2707 3343 2761 ullius
3373 2706 3682 2760 interventu

431 2798 801 2868 ἔγχωρητέον,
838 2798 915 2861 ὡς
948 2799 1203 2869 ἐγχωρεῖ,
1250 2800 1345 2854 καὶ
1372 2799 1569 2864 οὕτως,
1598 2801 1706 2871 ὅπη
1765 2801 1832 2855 ἂν
1868 2801 2002 2870 ἔχοι,

2105 2807 2344 2876 colloqui
2383 2815 2556 2860 tecum
2589 2817 2828 2872 possem.
2864 2799 2971 2855 Sed
3004 2808 3208 2865 tamen,
3237 2799 3418 2870 quoad
3457 2801 3576 2869 ejus
3608 2799 3690 2854 [οσ-

429 2889 670 2958 τάληθὲς
730 2889 1108 2959 εὑρεθήσεται.
1180 2889 1498 2961 Ἀπόκριναι
1552 2891 1616 2962 δή
1670 2909 1779 2962 μοι,
1844 2890 2002 2961 ἔφην.

2106 2914 2230 2956 cere
2267 2898 2587 2968 poterimus,
2611 2910 2722 2950 rem
2749 2893 2968 2964 aggredi
3000 2909 3100 2965 par
3126 2902 3230 2959 est,
3259 2902 3314 2949 et
3349 2892 3431 2948 sic
3460 2893 3687 2956 veritus,

437 2983 714 3052 Ἀναρχον
743 2977 884 3036 εἶναι
917 2983 1097 3050 λέγεις
1121 2984 1302 3038 πᾶσαν
1333 2983 1534 3055 ψυχὴν,
1565 2985 1658 3037 καὶ
1691 2983 1829 3054 μηδὲ
1855 2984 2006 3037 ἐκτί-

2107 2992 2598 3064 quomodocunque
2634 3003 2691 3043 se
2728 2987 2946 3053 habeat,
2997 2986 3323 3058 reperietur.
3391 2985 3500 3056 Age
3535 2999 3688 3046 vero,

434 3074 564 3127 σθαι
595 3074 750 3140 ποτὲ,
784 3074 909 3145 μηδ’
933 3069 1099 3143 εἶναι,
1124 3076 1215 3130 ὅτε
1235 3079 1334 3129 οὐκ
1364 3072 1434 3146 ἦν
1457 3078 1526 3147 ;ῆ
1569 3077 1852 3145 γεγονέναι
1877 3076 2031 3130 ταύ-’

2108 3086 2332 3154 inquam
2366 3099 2380 3137 :
2413 3081 2708 3152 responde,
2737 3080 2781 3134 si
2808 3079 2902 3135 tibi
2926 3079 3163 3136 videtur.
3187 3079 3416 3134 Omnem
3451 3077 3691 3132 animam

432 3185 536 3238 την
572 3168 726 3233 ποτὲ,
756 3169 850 3221 καὶ
882 3168 1088 3238 κτίσμα
1122 3164 1284 3235 εἶναι,
1329 3171 1421 3222 καὶ
1454 3169 1632 3240 ἀρχὴν
1676 3170 1998 3240 είληφὲναι;
2031 3173 2043 3223 ί

2110 3187 2291 3233 utrum
2338 3175 2476 3230 initii
2528 3181 2804 3244 expertem
2840 3187 2962 3230 esse
3009 3172 3168 3235 dicis,
3221 3185 3402 3240 neque
3447 3183 3688 3238 unquam

433 3261 532 3324 Τίς
567 3261 614 3314 δ’
641 3260 709 3314 ἂν
743 3260 806 3313 τὸ
841 3261 1056 3332 πρῶτον
1106 3261 1292 3327 sinat;
1343 3263 1528 3331 φησίν.
1565 3261 1762 3325 Καλῶς
1801 3262 2002 3329 λέγεις,

2109 3273 2372 3330 creatam,
2401 3279 2501 3318 nec
2534 3265 2701 3318 ullum
2741 3263 2965 3318 omnino
2987 3260 3252 3332 assignari
3291 3261 3339 3314 ei
3373 3275 3530 3331 posse
3557 3268 3693 3314 tem-

434 3354 578 3423 ἔφην
603 3369 618 3382 ’
647 3351 787 3406 δοκῶ
811 3352 867 3406 δέ
895 3371 1008 3423 μοι,
1039 3352 1114 3416 ὡς
1139 3353 1232 3406 καὶ
1260 3355 1515 3423 πρώτους
1542 3356 1651 3408 τῶν
1678 3355 1856 3411 ἄλλων
1878 3358 2009 3410 πάν-

2110 3371 2234 3427 pus,
2269 3371 2378 3426 quo
2411 3370 2517 3409 non
2557 3355 2737 3410 esset?
2779 3371 2846 3409 an
2881 3364 3069 3409 contra
3119 3354 3248 3407 olim
3297 3351 3494 3406 factam
3541 3365 3696 3405 crea-

433 3462 546 3497 των
581 3445 900 3513 κτισμάτων
950 3443 1194 3508 δοξάζεις
1237 3446 1364 3508 τοὺς
1413 3445 1681 3516 ἀγγέλους
1735 3447 2006 3514 ἐκτίσθαι,

2113 3459 2331 3518 tamque
2360 3462 2505 3511 esse,
2530 3445 2895 3506 etexsiStendi
2925 3445 3225 3514 sumpsisse
3260 3444 3475 3498 initium
3500 3440 3700 3508 ?Quis.

434 3537 536 3591 καὶ
569 3537 805 3607 κρείττω
851 3535 1015 3606 φύσιν
1061 3533 1205 3590 εἶναι
1239 3538 1432 3591 πασῶν
1476 3541 1584 3593 τῶν
1641 3541 1757 3610 μετ’
1811 3541 2010 3602 αὐτοὺς

2113 3542 2308 3612 inquit,
2348 3541 2502 3610 prius
2535 3539 2664 3593 illud
2718 3537 2920 3593 dixerit
2947 3535 3230 3614 Opinor,
3279 3537 3500 3606 inquam
3530 3551 3545 3589 :
3581 3535 3699 3612 sed.

436 3631 881 3700 γεγεννημένων,
933 3632 1028 3683 καὶ
1076 3630 1513 3699 συγγενεστέραν
1555 3633 1621 3703 τῇ
1678 3631 1874 3702 πρώτῃ
1910 3632 2006 3702 (Ι).

2115 3645 2176 3691 ut
2203 3635 2334 3690 mihi
2373 3635 2607 3698 videtur,
2639 3644 2960 3688 eaeterarum
3009 3633 3174 3687 etiam
3207 3631 3451 3686 omnium
3486 3637 3703 3683 creatu~

445 3723 610 3792 Ἀρτι
640 3723 747 3791 γὰρ
784 3723 907 3792 ἐμοὶ
935 3720 1079 3775 τοῦτ’
1117 3721 1344 3788 είπόντι,
1380 3716 1462 3786 οἷς
1501 3723 1601 3776 οὐκ
1645 3725 1907 3794 άντέφης,
1938 3720 2013 3778 οἷς

2117 3747 2301 3786 rarum
2345 3731 2550 3800 primos
2586 3730 2807 3797 angelos
2851 3735 3064 3781 creatos
3096 3725 3269 3781 fuisse
3319 3725 3567 3794 opinare,
3612 3736 3705 3774 oo-

445 3832 571 3886 μαι,
610 3814 855 3868 συνέθου.
885 3813 995 3866 Ναὶ
1040 3812 1237 3879 οὕτως,
1279 3812 1384 3885 ἔφη
1409 3815 1439 3867 δ
1476 3815 1674 3884 γέρων,
1703 3815 1837 3886 ἔχει.
1873 3817 2016 3869 Οὐκ·

2118 3835 2350 3889 rumque
2404 3829 2655 3874 naturam
2712 3817 2964 3872 omnibus
3000 3833 3122 3886 quae
3167 3824 3292 3885 post
3346 3816 3497 3884 ipsos
3551 3815 3706 3868 facta:

443 3905 564 3969 οὖν,
596 3898 640 3957 ὦ
674 3902 942 3974 βέλτιστε,
975 3903 1131 3974 ἔφην.
1187 3903 1284 3956 καὶ
1326 3901 1427 3973 τὴν
1465 3903 1650 3972 ψυχήν
1700 3921 1797 3956 σου
1832 3905 2015 3959 θανεῖν

2122 3922 2250 3968 sunt
2285 3913 2721 3982 praestantiorem
2770 3925 2914 3972 esse,
2958 3909 3257 3978 primarque
3306 3908 3380 3962 illi
3410 3907 3582 3979 magis
3614 3921 3707 3962 co-

440 3997 546 4060 δεῖ,
576 3997 672 4048 καὶ
703 3997 885 4049 πᾶσαν
914 3995 1102 4066 ἄλλην,
1133 3994 1228 4048 καὶ
1272 3994 1455 4066 πολλῷ
1483 4012 1546 4064 γε
1581 3997 1786 4065 μᾶλλον
1813 3997 2018 4062 ταύτας

2121 4014 2364 4074 gnatam.
2399 4003 2558 4058 Modo
2588 4001 2732 4056 enim
2758 4000 2863 4056 hoc
2887 4000 3019 4053 mibi
3046 3999 3248 4054 dicenti
3281 4015 3404 4054 cum
3439 4014 3546 4052 non
3575 4013 3709 4053 cou-

443 4089 479 4160 ἦ
511 4088 649 4152 τοὺς
687 4087 979 4156 ἀγγέλους,
1028 4087 1150 4140 ἐπεὶ
1199 4087 1397 4142 πολλοῦ
1449 4103 1515 4156 γε
1574 4090 1667 4142 καὶ
1718 4088 1798 4142 δεῖ
1841 4090 2018 4162 ψυχὰς

2124 4098 2441 4154 tradixcris.
2489 4110 2750 4150 assensus
2777 4109 2857 4156 es,
2891 4092 3146 4146 arbitror.
3181 4091 3350 4146 Recte
3400 4099 3455 4145 tu
3489 4089 3707 4160 quidem

448 4182 705 4248 ἀγγέλοις
761 4179 1183 4249 παρισωθῆναι·
1237 4178 1372 4234 πολὺ
1423 4181 1534 4251 γὰρ
1592 4180 1766 4252 δήπου
1818 4183 2019 4248 ταύτας

2125 4189 2418 4252 arbitrare,
2453 4182 2837 4256 inquit..-Vide,
2875 4184 3121 4251 inquam,
3165 4180 3370 4250 optime
3406 4178 3510 4243 \‘ir,
3539 4193 3713 4249 quan-

450 4275 677 4326 ὲκείνων
728 4273 926 4342 ἥττους
963 4269 1327 4340 γνωρίζομεν.
1355 4271 1519 4326 Καὶό
1581 4272 1834 4344 Πέρσηςο
1880 4276 2022 4328 Ἀλλ’

2129 4290 2240 4334 tum
2292 4279 2480 4333 fallare
2509 4293 2616 4331 ~:an
2650 4292 2757 4332 non
2792 4286 2936 4329 tuam
2970 4274 3132 4328 etiam
3178 4273 3440 4336 animam,
3467 4285 3713 4326 onmem-

450 4368 512 4420 οὐ
540 4366 787 4431 δοξάζειν
839 4363 1262 4435 παρειλήφαμεν
1308 4361 1493 4418 οὕτω·
1524 4367 1621 4420 καὶ
1669 4368 1780 4436 γάρ
1832 4384 1914 4421 τοι
1965 4369 2022 4422 αἱ

2128 4389 2233 4444 que
2269 4373 2431 4428 aliam
2487 4371 2712 4426 interire
2761 4367 3010 4437 oportet?
3060 4366 3344 4434 multoque
3395 4363 3568 4435 magis
3615 4362 3715 4418 has

452 4460 621 4528 ψυχαὶ
675 4456 1026 4527 διαμένουσιν
1055 4455 1338 4522 ἀθάνατοι,
1391 4455 1533 4526 μετὰ
1573 4457 1633 4511 τὸ
1661 4458 1868 4522 ταύτας
1915 4457 2063 4563 τῶν1

2131 4481 2296 4537 quam
2328 4464 2570 4535 angelos,
2602 4462 2859 4531 quoniam
2894 4459 3063 4514 multo
3097 4459 3276 4514 hercle
3312 4458 3483 4518 abest.
3520 4464 3577 4510 ut
3599 4454 3718 4509 ani-

459 4551 729 4621 σωμάτων
784 4548 1197 4617 ἀπαλλαγῆναι.
1249 4543 1324 4602 Εὖ
1375 4547 1549 4601 ποιῶν
1599 4548 1772 4602 ταῦτα
1822 4543 2070 4618 λέγεις,¹

2134 4576 2236 4614 mae
2269 4558 2473 4628 angelis
2499 4563 2856 4624 exaequentur
2887 4569 2902 4607 :
2943 4553 3041 4607 bas
3069 4551 3214 4605 enim
3251 4549 3358 4604 illis
3389 4549 3552 4618 longe
3573 4545 3717 4602 inie-

459 4640 615 4695 εἶπον
647 4641 778 4711 ἐγώ.
835 4639 1006 4711 Πλὴν,
1064 4639 1181 4702 πῶς
1211 4633 1373 4694 αὗται
1405 4639 1527 4711 μὲν,
1570 4642 1780 4715 καίπερ
1831 4644 2030 4707 ἐνδεῶς

2133 4651 2308 4722 riorcs
2339 4664 2460 4704 esse
2486 4655 2725 4702 constat.
2757 4641 2878 4699 Non
2917 4652 3100 4698 tamen
3129 4643 3200 4698 ita
3228 4649 3332 4706 est,
3366 4640 3578 4710 inquit:
3609 4651 3717 4692 non

459 4735 596 4804 πρὸς
624 4735 723 4802 τὴν
758 4732 867 4785 τῶν
909 4731 1159 4799 ἀγγέλων
1184 4729 1404 4801 ἔχουσαι
1437 4730 1777 4804 τελειότητα,
1826 4734 2032 4804 φθορᾶς

2186 4759 2280 4798 .am
2309 4757 2409 4796 nos
2434 4738 2780 4808 disciplinam
2815 4751 2846 4791 a
2872 4735 3174 4804 majoribus
3207 4733 3521 4802 accepimus
3551 4747 3566 4785 :
3600 4729 3722 4784 ani-
3791 4786 3797 4793 ,

458 4827 596 4879 εἰσιν
628 4824 962 4894 ὑψηλότεραι
989 4839 1004 4888 ;
1035 4822 1069 4893 ἥ
1125 4817 1185 4874 δὲ
1216 4821 1424 4876 τούτων
1475 4823 1801 4892 ὑπέρκειται
1847 4824 2032 4892 φύσις,

2226 4851 2259 4910 ε,
2297 4841 2585 4903 postquam
2622 4827 2945 4896 corporibus
2991 4827 3237 4881 liberata:
3292 4833 3441 4887 sunt,
3497 4837 3720 4891 perma-
3831 4881 3837 4886 η

460 4917 670 4984 φθορὰν
699 4915 792 4968 καὶ
819 4914 1051 4968 θάνατον
1083 4913 1486 4984 ὑποστήσεται;
1512 4915 1585 4968 Τὸ
1609 4916 1720 4985 γὰρ
1747 4914 1810 4969 τὸ
1846 4916 2033 4970 δεύτε-

2139 4938 2266 4984 neut
2296 4925 2651 4982 immortales.
2692 4924 2836 4980 Bene
2870 4921 3026 4986 iacis,
3067 4917 3479 4988 inquam,quod
3509 4918 3615 4972 hoc
3639 4917 3723 4971 di-

465 5009 556 5077 ρὸν
590 5023 647 5059 τε
677 5006 772 5059 καὶ
803 5001 966 5076 ἧττόν
996 5023 1049 5058 τι
1076 5005 1332 5075 πάσχειν,
1363 5005 1504 5075 ὅπερ
1527 5005 1588 5060 οὐ
1616 5006 1676 5060 τὸ
1698 5007 1914 5077 πρῶτον
1938 5011 2032 5062 καὶ

2139 5018 2238 5073 eis.
2258 5015 2386 5078 Sed,
2402 5030 2510 5082 quo
2540 5015 2752 5069 tandem
2776 5013 2937 5067 modo
2958 5011 3154 5065 anima:
3173 5009 3414 5079 quidem.
3434 5007 3536 5064 etsi
3561 5021 3724 5079 ange-

466 5101 716 5169 κρεῖττον
765 5097 1020 5166 φαίνεται
1059 5099 1288 5166 πάσχον,
1315 5096 1470 5151 οὐδὲν
1516 5098 1831 5168 θαυμαστόν
1851 5118 1867 5132 ·
1896 5097 1958 5156 οὗ
1987 5105 2032 5156 δ’

2141 5111 2319 5164 lorum
2345 5107 2678 5177 perfectione
2708 5103 3014 5168 inferiores,
3033 5115 3198 5170 supra
3228 5114 3445 5154 omnem
3470 5097 3725 5155 interitus

464 5190 532 5244 ἂν
561 5191 646 5260 εῐη
688 5190 747 5241 τὸ
803 5189 1057 5260 δεύτερόν
1089 5205 1151 5242 τε
1213 5191 1308 5243 καὶ
1344 5185 1508 5262 ἦττον
1545 5191 1682 5254 ὅλως
1727 5192 2034 5266 ἐλεύθερον,

2144 5201 2317 5255 aleam
2376 5199 2566 5267 positae
2596 5205 2743 5260 sunt,
2765 5194 2964 5250 animis
2995 5201 3178 5248 autem
3231 5192 3484 5262 superior
3527 5199 3724 5245 natura

469 5284 634 5353 σχολῇ
666 5283 717 5349 γ’
749 5281 816 5334 ἂν
867 5283 1042 5352 τούτῳ
1087 5281 1429 5336 δουλεύσειεν
1459 5283 1489 5336 ὃ
1533 5283 1665 5336 πολύ
1715 5303 1796 5339 τοι
1825 5287 2038 5342 ἐκείνου

2147 5294 2553 5360 corruptionem
2589 5297 2930 5358 mortemque
2964 5285 3248 5357 patietur?
3293 5285 3490 5339 Mirum
3524 5283 3729 5355 quippe

466 5374 856 5442 εὐγενέστερον
883 5374 1248 5443 ὡμολόγηται.
1289 5377 1360 5428 Ἢ
1388 5377 1449 5428 οὐ
1492 5376 1643 5429 δοκεῖ
1677 5397 1757 5432 σοι
1783 5399 1800 5444 ;

2145 5400 2254 5440 non
2288 5392 2391 5444 est,
2424 5380 2719 5435 secundam
2756 5379 3178 5449 inierioremque
3206 5375 3569 5432 substantiam
3614 5372 3727 5444 pati

467 5466 697 5535 aliquid,
729 5469 871 5536 quod
902 5466 1075 5534 prima
1113 5476 1168 5522 et
1195 5468 1447 5538 superior
1477 5485 1584 5525 non
1623 5473 1862 5539 patiatur
1893 5495 1905 5530 :
1943 5479 2036 5534 sed
2079 5493 2185 5548 qua
2219 5477 2288 5532 ab
2335 5489 2393 5530 re
2428 5471 2669 5529 secunda
2705 5470 3044 5541 infcriorque
3075 5480 3275 5526 natura
3339 5470 3518 5524 soluta
3583 5465 3732 5525 sitet

471 5560 661 5625 libera,
692 5560 743 5616 ei
777 5560 880 5628 ipsi
917 5561 993 5616 rei
1026 5575 1169 5631 aegre
1195 5562 1433 5617 obnoxia
1469 5579 1590 5620 esse
1623 5566 1793 5634 possit
1862 5579 2082 5634 natura,
2159 5582 2322 5638 quam
2371 5566 2528 5635 longe
2565 5567 2804 5619 secunda
2851 5563 3174 5619 nobiliorem
3215 5575 3339 5618 esse
3381 5559 3729 5616 conﬁtentur.

472 5650 670 5706 Αιιιιοη
705 5652 799 5706 tibi
835 5653 908 5706 ita
943 5651 1194 5708 videtur?

544 5834 619 5901 (l)
651 5831 855 5901 Nempe
890 5835 1110 5891 divina.
