4080 6588
398 377 504 442 H3

1567 377 1623 437 M
1637 374 1968 438 ANUELIS
2027 375 2504 439 '«PALIEOLOGI

3573 373 3675 442 1‘41

467 489 554 544 il.
588 484 982 556 Mihiquidem,
1011 482 1214 554 inquit,
1249 497 1462 540 summa
1486 484 1700 540 ratione
1735 485 1880 542 dicta
1907 485 1975 539 vi-

2165 491 2256 540 ια’.
2295 485 2505 556 Σφόδρα
2553 503 2642 556 μοι
2693 485 2845 540 δοκεῖ
2879 483 3106 553 εὔλογον
3160 479 3324 548 εἶναι,
3358 484 3491 557 ἔφη,
3529 487 3558 540 ὃ
3587 489 3676 542 λέ-

393 582 616 646 dentur,
651 593 770 648 quae
800 579 1010 634 dixisti.
1044 578 1297 633 Animam
1347 585 1471 648 post
1509 580 1909 648 separationem
1956 593 1986 631 a

394 687 627 743 corpore
659 687 767 726 non
809 669 1044 738 amplius
1077 669 1405 724 morituram
1434 683 1557 724 esse
1593 669 1851 735 dicimus,
1885 670 1990 724 hoc

393 765 740 834 putissimum
779 769 1107 830 argumento
1139 760 1383 826 adducti,
1416 760 1560 831 quod
1589 768 1886 829 utrumque
1915 759 1990 815 si-

395 857 530 930 mul,
551 857 733 912 anima
757 855 1011 910 videlicet
1037 864 1089 910 et
1118 869 1339 923 corpus,
1371 867 1479 907 non
1502 854 1698 908 horum
1730 853 1983 920 alterum,

393 958 476 1002 est
514 949 679 1002 homo
717 965 733 1003 :
773 948 862 1016 qui
910 948 1039 1000 dum
1074 953 1326 1002 mortuus
1355 953 1462 1011 est,
1494 946 1687 1000 mortis
1716 945 1988 1016 quodam-

395 1041 558 1096 modo
583 1040 859 1110 particeps
887 1039 944 1093 ﬁt
973 1039 1184 1093 anima.
1220 1037 1274 1092 Si
1305 1039 1449 1093 enim
1482 1039 1586 1113 hoc
1627 1038 1784 1092 aliter
1811 1037 1985 1102 fieret,

398 1131 673 1186 hominem
700 1140 975 1184 mortuum
1003 1145 1124 1185 esse
1153 1144 1499 1201 nequaquam
1525 1139 1672 1185 recte
1688 1129 1985 1194 diceretur,

393 1225 487 1281 sed
547 1225 711 1294 hujus
766 1235 860 1278 aut
893 1223 1039 1277 illius
1077 1223 1316 1277 hominis
1361 1237 1584 1291 corpus.
1618 1220 1773 1277 Nunc
1803 1231 1982 1276 autem

394 1333 504 1372 non
532 1317 637 1370 huc
671 1316 920 1378 omnino,
953 1315 1050 1369 sed
1071 1315 1346 1370 hominem
1379 1325 1653 1369 mortuum
1694 1330 1816 1370 esse
1846 1314 1984 1368 dici-

392 1426 535 1475 mus,
579 1409 724 1480 quod
771 1421 1068 1480 utrumque
1113 1409 1275 1463 simul
1309 1408 1581 1476 signiﬁcat
1615 1426 1628 1462 :
1667 1410 1872 1477 itaque,
1928 1416 1986 1462 ut

386 1504 498 1572 jam
531 1518 694 1573 supra
719 1503 852 1569 dixi,
879 1503 1123 1558 omnium
1155 1497 1286 1572 quae
1302 1503 1521 1571 corpori
1548 1501 1808 1556 accidunt
1840 1500 1979 1556 facta

389 1597 659 1668 particeps
691 1597 897 1661 anima,
931 1603 1162 1650 mortem
1197 1609 1419 1664 quoque
1445 1595 1533 1649 illa
1576 1610 1682 1665 qua
1744 1595 1979 1650 demon-

397 1700 628 1747 stratum
654 1694 736 1744 e‘st
767 1688 980 1742 ratione
1010 1702 1132 1742 cum
1173 1700 1238 1740 eo
1275 1701 1620 1740 communem
1659 1685 1840 1740 habet.
1875 1686 1979 1740 Sed

2091 593 2230 645 γεις.
2266 577 2378 648 Τὴν
2401 575 2458 629 δὲ
2481 575 2659 648 ψυχὴν
2685 577 2827 646 μετὰ
2849 575 2940 631 τὸν
2967 574 3064 629 τοῦ
3100 574 3358 646 σώματος
3387 579 3677 648 χωρισμόν

2094 669 2278 739 φαμεν
2310 669 2511 740 μηκέτι
2539 668 2924 738 τεθνήξεσθαι,
2951 668 3040 724 διὰ
3069 669 3220 722 τόνδε
3249 669 3339 722 τὸν
3376 668 3558 737 λόγον,
3588 671 3676 725 ὅτι

2090 759 2154 812 τδ
2204 761 2615 831 συναμφότερόν
2659 761 2809 815 ἐστιν
2860 760 3173 831 ἄνθρωπος,
3221 759 3367 831 ψυχὴ
3425 760 3678 834 δηλονότι

2093 849 2184 903 κα¹ι
2217 849 2396 919 σῶμα,
2432 851 2552 918 οὐχὶ
2576 850 2638 902 τὸ
2675 850 2865 923 ἕτερον
2896 849 3111 903 τούτοιν
3135 866 3150 882 ο
3198 849 3256 913 ὃς
3287 850 3510 904 ἐπειδὰν
3537 852 3679 904 ἀπο·

2093 940 2252 1012 θάνῃ,
2276 944 2531 997 κοινωνεῖ
2562 961 2679 1006 πως
2704 942 2800 996 τοῦ
2825 941 3058 995 θανάτου
3089 941 3183 995 καὶ
3209 941 3242 1012 ἡ
3275 941 3442 1011 ψυχή.
3473 941 3539 996 El
3562 942 3676 1010 γὰρ

2090 1033 2268 1099 ἄλλως
2295 1031 2364 1101 ἦν
2395 1035 2575 1102 τοῦτο,
2609 1035 2865 1106 οὐδαμῶς
2889 1030 2959 1106 ἦν
2983 1033 3207 1104 εὔλογον
3239 1035 3423 1104 λέγειν
3453 1034 3546 1089 τὸν
3573 1036 3672 1089 ἇν-

2091 1128 2312 1199 θρωπον
2350 1129 2697 1198 τεθνηκέναι,
2723 1129 2881 1192 ἀλλὰ,
2914 1128 2976 1182 τὸ
3009 1127 3172 1198 σῶμα
3197 1125 3292 1181 τοῦ
3320 1128 3520 1193 δεῖνος,
3551 1125 3672 1181 Νῦν

2089 1222 2146 1276 δὲ
2180 1223 2398 1284 πάντως
2451 1222 2510 1274 ού
2552 1221 2733 1286 τοῦτο,
2775 1221 2911 1276 ἀλλὰ
2951 1220 3042 1275 τὸν
3091 1220 3383 1292 ἄνθρωπον
3432 1218 3671 1290 λέγομεν

2088 1315 2433 1384 τεθνηκέναι,
2478 1313 2507 1367 δ
2553 1313 2619 1385 δὴ
2655 1314 2910 1385 σημαίνει
2955 1312 3018 1366 τδ
3056 1313 3504 1384 συναμφότερον
3535 1312 3673 1365 ὥσθ’

2089 1409 2228 1483 ὅπερ
2263 1409 2434 1479 ἔφθην
2466 1406 2659 1472 είπὼν,
2689 1409 2910 1462 πάντων
2947 1408 2978 1478 ἠ
3013 1405 3164 1477 ψυχὴ
3190 1406 3268 1478 τῷ
3308 1406 3522 1476 σώματι
3555 1424 3674 1459 κοι-

2087 1501 2338 1562 νωνοῦσα
2369 1501 2622 1554 κοινωνεῖ
2669 1517 2787 1565 πως
2827 1499 3004 1569 τούτῳ
3047 1499 3146 1552 καὶ
3173 1498 3269 1551 τοῦ
3313 1496 3547 1552 Θανάτου
3575 1497 3671 1550 τὸν

2091 1596 2384 1666 εἰρημένον
2431 1594 2655 1664 τρόπον.
2686 1593 2798 1648 Καὶ
2843 1592 3030 1646 λοιπὸν
3063 1590 3335 1653 ἀθάνατος
3383 1588 3483 1643 καὶ
3525 1587 3669 1660 αὕτη

2092 1686 2361 1755 διαμένει,
2390 1685 2509 1738 ἀνθ’
2540 1680 2615 1738 ὧν
2645 1685 2705 1736 ὲν
2727 1683 2808 1754 τῷ
2837 1681 2929 1734 τοῦ
2964 1682 3219 1752 σώματος
3251 1679 3542 1751 ἠλλοίωται
3573 1679 3673 1732 θα-

390 1785 516 1840 inde
545 1796 720 1850 usque
765 1782 950 1834 anima
983 1777 1315 1833 immortalis
1365 1787 1671 1845 permanet,
1719 1777 1975 1846 quoniam

2092 1780 2259 1849 νάτῳ.
2317 1776 2598 1841 Ποικίλον,
2647 1774 2804 1846 ἔφην,
2857 1774 3077 1842 λέγεις’
3113 1772 3254 1845 πλὴν
3303 1768 3459 1842 οῖμαι
3507 1771 3667 1825 τοῦτο

389 1875 444 1930 in
477 1874 724 1944 corporis
769 1881 944 1928 morte
985 1871 1088 1927 fuit
1126 1872 1439 1926 immutata.
1471 1870 1703 1926 Versuta
1735 1871 1825 1924 illa
1861 1873 1983 1941 qui-

387 1964 533 2029 dem,
585 1964 834 2031 inquam,
882 1964 976 2018 sed
1032 1962 1192 2017 fallax
1234 1969 1435 2025 tamen,
1479 1962 1696 2029 opinor,
1760 1965 2012 2031 conclu-q

389 2053 659 2110 siuncula.
691 2051 826 2106 Nam
863 2052 991 2121 quid
1023 2053 1242 2106 demum
1275 2052 1522 2108 dicemus
1552 2068 1674 2108 esse
1707 2055 1984 2110 mortem?

387 2147 518 2217 quid
557 2147 764 2200 vitam?
794 2145 983 2200 Nonne
1016 2145 1119 2200 hoc
1145 2145 1362 2215 quidem
1389 2146 1578 2212 vitam,
1609 2148 1826 2217 corpori
1863 2149 1983 2202 ani-

388 2256 531 2294 mam
565 2241 766 2304 imsse,
797 2239 925 2292 illud
961 2246 1212 2302 mortem,
1261 2237 1426 2292 ambo
1457 2238 1570 2294 hmc
1597 2253 1626 2291 a
1658 2253 1716 2293 se
1746 2239 1978 2294 invicem

389 2347 511 2387 esse
551 2329 870 2396 disiuncta?
898 2330 955 2384 ιιι
990 2331 1193 2400 ipsum,
1223 2329 1425 2398 inquit,
1459 2330 1503 2384 si
1540 2330 1759 2400 proprie
1786 2332 1980 2401 loqua-

385 2441 512 2479 mur
540 2441 554 2490 ;
593 2423 686 2479 sed
721 2423 889 2477 multa
915 2423 1078 2477 etiam
1117 2422 1224 2477 alia
1257 2423 1446 2477 multis
1472 2422 1595 2478 aliis
1627 2423 1802 2479 modis
1836 2425 1976 2480 mori

389 2517 648 2582 dicimus,
701 2532 822 2587 quae
870 2517 1126 2572 nimirum
1169 2517 1285 2571 sive
1332 2525 1581 2586 tempore
1630 2526 1981 2573 veterascunt

387 2611 704 2679 sensimque
747 2619 802 2664 et
848 2610 1081 2664 latenter
1122 2619 1548 2678 consumuntur,
1599 2608 1714 2665 sive
1757 2610 1977 2666 casibus

291 2731 293 2734 ⁴
385 2706 711 2774 quihusdam
771 2712 1143 2770 marcescunt,
1201 2702 1454 2773 ideoque,
1500 2703 1645 2772 quod
1693 2702 1974 2758 accedenti

384 2795 722 2865 corruptioin
755 2794 807 2848 in
841 2801 1161 2864 perpetuum
1185 2795 1443 2850 resistere
1473 2807 1580 2849 non
1612 2804 1976 2865 possunt,'pe-

383 2887 534 2942 nilus
556 2894 912 2942 evanescunt.

457 3000 882 3067 I2.lntelligere
917 2999 1046 3054 mihi
1102 2999 1313 3066 videor,
1369 3000 1615 3070 inquam,
1669 3014 1792 3072 quae
1813 3001 1970 3058 dicis.

382 3089 628 3161 Namque
647 3107 805 3146 omne
831 3091 1154 3154 animatum,
1191 3101 1244 3144 et
1262 3098 1475 3154 contra,
1499 3107 1828 3160 quocunque
1853 3099 1974 3145 tan-

382 3187 504 3241 dem
546 3153 736 3237 ‘modo
775 3191 1090 3251 corruptum
1146 3182 1329 3247 fuerit,
1374 3183 1475 3238 hoc
1516 3153 1579 3238 tu
1623 3153 1762 3238 mori
1807 3184 1966 3248 dicis,
1999 3153 2042 3212 θ

382 3291 610 3346 remque
642 3276 813 3344 ipsam
840 3275 1032 3330 mortis
1055 3275 1274 3346 nomine
1301 3275 1559 3345 appellas.
1579 3274 1694 3330 Non
1720 3291 1964 3346 prorsus,

383 3368 580 3440 inquit,
605 3367 662 3421 in
688 3367 792 3421 hac
817 3383 934 3421 sum
959 3366 1251 3432 sententia,
1276 3381 1439 3435 quam
1461 3365 1598 3422 dicis
1634 3385 1647 3422 :
1687 3367 1773 3421 illa
1794 3369 1966 3427 enim.

383 3463 471 3516 ubi
506 3461 672 3516 semel
705 3468 958 3529 corrupta
1012 3457 1234 3521 fuerint,
1288 3475 1570 3529 nunquam
1619 3461 1964 3515 reviviscent.

380 3551 571 3621 Igitur,
604 3551 854 3619 inquam,
897 3564 1075 3618 neque
1126 3557 1318 3604 nostra
1373 3565 1606 3619 corpora
1642 3551 1970 3621 resurgent?

379 3643 545 3712 Atqui
580 3642 724 3707 scias
745 3641 926 3704 velim,
952 3641 1130 3710 inquit
1160 3640 1346 3706 Persa,
1376 3656 1564 3695 eorum
1591 3641 1684 3712 qui
1707 3643 1848 3712 apud
1868 3658 1970 3699 nos

378 3733 578 3789 eruditi
633 3731 936 3795 habentur,
995 3731 1262 3801 quosdam
1315 3731 1388 3786 ita
1440 3733 1651 3803 upinari
1706 3742 1970 3803 :oportet

379 3825 522 3878 enim
575 3839 702 3877 vera
757 3822 938 3877 fateri.
993 3820 1055 3874 Et
1091 3823 1307 3876 difﬁcile
1338 3838 1472 3878 sane
1504 3833 1585 3878 est
1615 3823 1684 3878 ab
1717 3825 1822 3880 illis
1857 3841 1965 3881 non

377 3915 719 3984 supplantari
743 3912 1026 3984 refellique
1049 3928 1166 3975 eos,
1190 3914 1504 3985 quicunque
1527 3904 1650 3969 cu‘in
1679 3915 1812 3984 ipsis
1837 3930 1969 3970 con-

379 4019 587 4062 certare
639 4007 804 4061 vclint
847 4024 860 4060 :
904 4021 996 4060 eos
1049 4006 1172 4060 diro
1219 4007 1311 4073 qui
1365 4022 1473 4060 non
1530 4006 1656 4072 fide,
1708 4016 1964 4076 tanquam

378 4107 536 4152 scuto
565 4098 774 4168 aliquo,
803 4097 1034 4168 protecti
1072 4097 1430 4162 accesserint,
1466 4098 1558 4152 sed
1592 4099 1970 4154 ratiocinatio-

381 4189 540 4244 nibus
568 4199 778 4243 tantum
817 4190 1037 4243 armati.
1071 4187 1456 4243 Verumtamen
1487 4189 1580 4256 qui
1610 4188 1768 4243 nobis
1795 4190 1964 4258 legem

378 4281 548 4346 dedit,
594 4282 640 4334 is
679 4295 970 4346 corporum
1030 4281 1488 4336 resurrectionem
1523 4297 1624 4335 nos
1658 4290 1968 4349 exspectare

375 4372 559 4440 jussit,
596 4372 683 4425 cui
717 4374 815 4425 ne!
845 4371 1003 4424 [idem
1040 4370 1302 4438 derogare
1344 4371 1494 4434 licet,
1531 4384 1630 4424 nec
1662 4371 1966 4426 adversari.

378 4464 487 4519 Nos
533 4479 682 4526 vero,
748 4463 994 4538 inquam,
1035 4462 1274 4517 humana
1316 4477 1546 4531 corpora
1591 4472 1966 4517 resurrectura

2091 1873 2334 1940 σόφισμα
2375 1865 2538 1925 εἶναι.
2569 1867 2636 1923 Τί
2673 1886 2805 1922 ποτε
2840 1868 2949 1940 γὰρ
2977 1867 3072 1921 τὸν
3112 1866 3346 1920 θάνατον
3374 1861 3516 1919 εἶναι
3549 1865 3666 1933 φῶ-

2089 1981 2190 2034 μεν
2223 1963 2339 2035 (1);
2374 1962 2467 2015 καὶ
2512 1962 2565 2015 τί
2597 1961 2660 2030 δὴ
2693 1959 2791 2031 τὴν
2823 1960 3004 2030 ζωήν;
3058 1957 3120 2013 ού
3172 1956 3331 2012 τοῦτο
3381 1958 3480 2028 μὲν
3517 1957 3666 2028 ζωὴν

2085 2052 2230 2109 εἶναι
2255 2055 2532 2126 φήσομεν,
2560 2052 2620 2106 τὸ
2649 2051 2830 2122 ψυχὴν
2862 2051 3066 2104 ἐνεῖναι
3106 2049 3186 2119 τῷ
3213 2049 3453 2119 σώματι,
3487 2035 3668 2102 ἐκεῖνο

2082 2147 2139 2200 δὲ
2171 2147 2425 2214 θάνατον,
2459 2145 2519 2198 τὸ
2554 2144 2730 2198 ταῦτα
2765 2142 3058 2214 ἀμφότερα
3109 2141 3355 2213 ἀλλήλων
3385 2142 3667 2213 διακεκρί-

2085 2240 2246 2309 σθαι;
2283 2238 2415 2302 Ναὶ,
2445 2236 2673 2308 κυρίως,
2703 2235 2809 2304 ἔφη
2833 2251 2849 2268 ο
2887 2235 3111 2303 λέγεται
3150 2235 3208 2288 δὲ
3238 2237 3335 2290 καὶ
3367 2236 3501 2290 ἄλλα
3528 2237 3665 2308 θνή-

2084 2349 2241 2385 σκειν
2276 2329 2450 2383 πολλὰ
2492 2329 2711 2391 πολλοῖς
2751 2344 2891 2381 τισιν
2923 2326 3105 2390 ἄλλοις
3143 2327 3388 2396 τρόποις,
3416 2315 3664 2400 ῆχρόνῳ

2079 2423 2327 2494 δηλονότι
2361 2419 2747 2490 παλαιούμενά
2792 2434 2854 2472 τε
2891 2421 2987 2473 καὶ
3025 2418 3330 2491 λεληθότως
3374 2419 3665 2476 ἀναλισκό-

2081 2514 2315 2585 μενα,ῆ
2373 2511 2752 2584 συμπτώμασί
2805 2528 2916 2566 τισι
2979 2511 3383 2584 μαραινόμενα,
3423 2512 3520 2566 καὶ
3581 2513 3664 2584 τῷ

2079 2606 2219 2678 πρὸς
2244 2605 2345 2677 τὴν
2370 2605 2627 2659 ἐναντίαν
2656 2603 2868 2676 φθορὰν
2886 2603 3138 2676 ἀντέχειν
3162 2603 3248 2659 ἀεὶ
3267 2605 3342 2676 μὴ
3367 2604 3656 2672 δύνασθαι,

2077 2697 2299 2764 τελείως
2327 2698 2728 2768 ἀφανιζόμενα.

2148 2984 2238 3056 ιβ’.
2277 2985 2578 3053 Μανθάνω,
2610 2980 2792 3056 οἶμαι,
2825 2985 2986 3056 ἔφην,
3022 2985 3056 3040 θ.
3085 2987 3286 3057 λέγεις.
3321 2989 3499 3046 Ἀπαν
3542 2995 3652 3066 γὰρ

2075 3080 2318 3152 ἔμψυχόν
2347 3097 2407 3134 τε
2443 3083 2540 3136 καὶ
2572 3079 2669 3151 μὴ.
2703 3079 2852 3144 ὅπως
2869 3080 3072 3151 δήποτε
3100 3082 3296 3148 τελέως
3332 3084 3656 3160 διαφθαρὲν,

2075 3171 2238 3226 τοῦτο
2267 3170 2331 3242 δὴ
2376 3170 2637 3242 θνήσκειν
2670 3171 2872 3240 λέγεις,
2908 3174 3003 3226 καὶ
3031 3176 3090 3227 τὸ
3137 3177 3372 3248 πρᾶγμα
3424 3175 3662 3238 θάνατον

2076 3265 2386 3335 ὀνομάζεις.
2421 3264 2546 3317 Οὐδ’
2571 3264 2875 3317 ὁπωστιοῦν
2965 3266 3094 3338 φῂς,
3125 3268 3250 3339 ἔφη,
3280 3270 3422 3340 λέγω
3442 3289 3457 3305 ο
3485 3273 3658 3330 ταῦτα

2076 3360 2187 3430 γὰρ
2241 3358 2349 3412 οὐδ’
2404 3356 2770 3412 ἀναδιὼσεταί
2805 3374 2937 3411 ποτε
2991 3359 3377 3436 διαφθαρέντα.
3442 3367 3658 3424 Οὐκοῦν

2077 3450 2197 3504 οὐδὲ
2241 3449 2311 3503 τὰ
2372 3448 2602 3520 σώματα
2655 3449 2787 3518 ἡμῖν
2842 3449 3246 3520 ἀναστήσεται;
3303 3452 3464 3526 ἔφην.
3507 3458 3658 3511 Ἀλλ’

2077 3543 2237 3606 εἰσιν,
2267 3535 2326 3595 εὖ
2358 3540 2489 3606 ισθι,
2538 3539 2646 3609 ἔφη
2675 3540 2704 3592 ό
2739 3539 2975 3612 Πέρσης,
3015 3543 3073 3595 οἴ
3096 3560 3158 3611 γε
3207 3544 3351 3600 οὕτω
3381 3547 3540 3602 τοῦτο
3570 3551 3661 3604 δο-

2078 3635 2299 3700 ξάζουσι
2332 3633 2440 3686 τῶν
2490 3631 2622 3702 παρ’
2658 3632 2796 3704 ἡμῖν
2848 3633 3053 3703 λογίων
3077 3649 3109 3670 ’-
3147 3635 3228 3689 δεῖ
3268 3638 3376 3710 γὰρ
3423 3640 3659 3712 τάληθὲς

2076 3727 2226 3797 ἡμᾶς
2252 3724 2452 3793 λέγειν.
2497 3722 2605 3775 Καὶ
2634 3722 2874 3793 χαλεπὸν
2917 3726 3112 3794 ἀμέλει
3159 3727 3234 3799 μὴ
3289 3729 3498 3795 πάντας
3531 3733 3656 3786 τού-ι

2075 3835 2204 3880 τους
2239 3817 2596 3874 ύποσκελίσαι
2635 3818 2763 3880 τοὺς
2788 3817 2867 3880 είς
2895 3819 3084 3888 χεῖρας
3113 3818 3323 3884 τούτοις
3359 3811 3652 3887 ἐλθόντας·

2075 3912 2220 3981 λέγω
2245 3912 2311 3984 δὴ
2343 3913 2471 3976 τοὺς
2517 3912 2594 3984 μὴ
2625 3911 2722 3982 τὴν
2753 3910 2933 3963 πίστιν
2976 3909 3477 3982 προϐαλλομένους,
3513 3916 3655 3971 ἀλλὰ

2048 4007 2361 4087 ’λογισμοῖς
2390 4003 2948 4074 ὡπλισμένους.[ἰλὴν
2984 4004 3117 4073 ἡμῖν
3146 4006 3173 4058 ό
3203 4005 3326 4068 δοὺς
3368 4007 3460 4061 τὸν
3485 4009 3657 4079 νόμον

2076 4099 2374 4152 ἀνάστασιν
2396 4095 2504 4148 τῶν
2537 4095 2805 4162 σωμάτων
2853 4094 3108 4148 ἐκέλευσε
3149 4097 3475 4170 προσδοκᾷν,
3502 4093 3657 4174 ᾧπερ

2075 4190 2327 4240 ἀπιστεῖν
2355 4187 2455 4240 οὐκ
2483 4185 2585 4249 ἔνι,
2613 4184 2724 4237 οὐδ’
2748 4185 3046 4238 όιιτιτεῖναι
3077 4188 3310 4255 ἐφεῖται.
3348 4193 3556 4254 Παντός
3589 4210 3655 4260 γε

2080 4276 2284 4347 μᾶλλον
2326 4277 2484 4346 ἡμεῖς
2520 4274 2876 4343 πιστεύομεν,
2913 4274 3072 4347 ἔφην,
3104 4275 3178 4339 ὡς
3209 4279 3275 4331 τὰ
3305 4279 3413 4333 τῶν
3438 4281 3653 4352 ἀνθρώ.

2078 4387 2195 4422 πων
2247 4369 2620 4437 ἀναστήσεται
2671 4365 2938 4436 σώματα·
2987 4367 3035 4420 εί
3085 4367 3131 4420 δ’
3178 4373 3205 4422 ό
3259 4371 3445 4442 ἕτερος
3493 4375 3653 4444 ἡμῶν

2075 4460 2234 4515 τοῦτό
2257 4479 2320 4531 γε
2352 4459 2448 4513 νῦν
2474 4460 2722 4532 ⁴ῖλττίστει,
2751 4459 2868 4523 πῶς
2896 4459 2963 4512 ἂν
2991 4460 3189 4531 ῥᾳδίως
3231 4459 3379 4534 εἶχεν
3409 4468 3436 4518 ό
3465 4467 3651 4535 ἕτερος

374 4572 500 4628 esse
537 4557 616 4610 vel
657 4556 891 4609 maxime
924 4555 1200 4610 credimus
1235 4574 1247 4611 :
1282 4557 1424 4623 quod
1457 4556 1501 4609 si
1539 4554 1674 4609 alter
1704 4570 1770 4609 ex
1811 4555 1968 4610 nobis

2079 4551 2211 4622 πρὸς
2249 4553 2348 4622 τὴν
2392 4552 2582 4605 πίστιν
2610 4551 2801 4604 τοῦτον
2837 4553 3288 4622 χειραγωγῆπαις
3340 4556 3528 4622 Οὐδεὶς
3558 4557 3646 4626 ἂν,

376 4665 521 4705 nunc
548 4663 654 4703 non
705 4649 1047 4715 concederet,
1084 4649 1226 4703 hunc
1250 4650 1388 4702 alter
1419 4647 1720 4717 quomodo,
1760 4661 1970 4716 quaeso,

373 4742 440 4796 ad
465 4741 843 4797 auctoritatem
867 4755 1022 4794 suam
1051 4739 1524 4809 possetadducere
1548 4740 1569 4792 ?
1603 4736 1775 4792 Nemo
1797 4739 1968 4807 possit

374 4838 573 4907 inquit.
624 4835 954 4906 pers::adcre
1003 4833 1050 4886 ei
1085 4832 1176 4901 qui
1211 4832 1667 4886 resurrec:ionem
1702 4846 1824 4884 esse
1855 4845 1960 4883 non

373 4931 557 4984 credat
583 4970 596 4991 ,
638 4929 1067 4997 manil’estasque
1101 4926 1200 5002 hac
1237 4925 1304 4978 de
1337 4939 1394 4979 re
1449 4924 1946 4979 demonstrationes

373 5024 626 5094 postulet.

446 5171 530 5226 1'5.
575 5169 705 5225 Vide
738 5170 924 5240 igitur,
964 5168 1048 5223 vir
1073 5169 1298 5238 optime,
1337 5167 1584 5236 inquam,
1607 5167 1778 5235 “quam
1805 5165 1946 5234 opti-

323 5273 326 5276 ’
372 5278 466 5319 mo
490 5263 614 5332 jure
649 5261 808 5316 nobis
847 5260 913 5315 ad
966 5261 1447 5314 demonstrandam
1492 5258 1812 5327 angelorum
1849 5257 1951 5310 im-

2072 4646 2198 4716 ἔφη,
2243 4647 2432 4700 τοῦτον
2491 4645 2790 4699 ἀναπεῖσαι
2835 4643 3090 4715 δυνηθείη
3135 4649 3288 4712 ποτὲ,
3337 4648 3472 4711 ὅλως
3515 4652 3648 4705 ἀπι-

2074 4738 2305 4790 στοῦντα
2334 4736 2410 4807 τῷ
2439 4737 2751 4807 πράγματι,
2788 4734 2882 4787 καὶ
2922 4735 3053 4805 περὶ
3081 4735 3247 4792 αὑτοῦ
3298 4739 3396 4804 τὰς
3428 4743 3648 4797 ἀποδεί-

2075 4829 2185 4895 ξεις
2212 4829 2464 4899 ἐναργεῖς
2497 4828 2853 4882 ἀπαιτοῦντα.

2129 5161 2217 5230 ιγ’.
2258 5161 2454 5232 Ἀθρει
2500 5160 2704 5222 τοίνυν,
2739 5155 2912 5228 εἶπον,
2961 5151 3005 5212 ὦ
3054 5160 3326 5232 βέλτιστε,
3375 5163 3450 5226 ὡς
3485 5164 3645 5236 ἤρκει

2055 5255 2270 5317 πάντως
2304 5253 2380 5323 (2)
2413 5253 2565 5323 ῖήμῖν
2615 5252 2922 5314 ἀθανάτους
2971 5253 3100 5315 τοὺς
3150 5254 3417 5322 ἀγγέλους
3470 5255 3642 5320 δεῖξαι

372 5355 765 5412 mortalitatem
817 5353 956 5408 satis
1007 5353 1232 5406 omnino
1279 5365 1402 5407 esse
1449 5351 1647 5420 possit,
1699 5350 1952 5404 ductores

2079 5345 2675 5421 τροκείμενον·ἔχουσι,
2713 5343 2840 5404 τοὺς
2874 5342 3238 5408 διδασκάλους
3271 5346 3368 5400 καὶ
3411 5347 3508 5417 τὴν
3548 5367 3640 5400 πι-
3693 5410 3703 5416 η

373 5457 592 5502 nostros
641 5453 1000 5514 nostramque
1053 5443 1216 5498 ﬁdem
1256 5444 1524 5512 proferre,
1578 5443 1766 5512 sicque
1801 5440 1951 5494 unum

371 5540 587 5608 negotio
611 5552 674 5591 ac
696 5537 880 5591 labore
897 5534 1116 5605 defungi
1139 5553 1152 5589 :
1176 5549 1285 5589 non
1303 5542 1517 5604 oportet
1535 5537 1706 5600 enim,
1727 5541 1784 5586 ut
1807 5533 1959 5586 vobis

368 5629 588 5700 quidem
625 5629 676 5683 id
711 5626 889 5683 facere
915 5625 1099 5688 liceat,
1126 5625 1284 5681 nobis
1311 5633 1496 5681 autem
1527 5639 1729 5680 ancora
1757 5623 1949 5692 hujus-

439 5827 522 5902 (l)
540 5827 770 5885 Coislin.
809 5827 1106 5900 φήσαιμεν.

2063 5456 2181 5493 στιν
2234 5434 2688 5507 προϐαλομένοις,
2749 5434 3098 5505 πραγμάτων
3149 5436 3499 5506 ἀπηλλάχθαι
3542 5439 3638 5492 καὶ

2064 5531 2246 5585 πόνων
2270 5544 2285 5560 ο
2316 5530 2436 5581 οὑδὲ
2461 5529 2570 5597 γὰρ
2596 5526 2725 5596 ὑμῖν
2751 5524 3049 5596 μὲνέξεστι
3074 5527 3231 5580 τοῦτο
3256 5531 3452 5596 ποιεῖν,
3478 5532 3638 5602 ἡμεῖς

2060 5622 2118 5676 δὲ
2161 5620 2364 5690 ταύτης
2418 5617 2755 5690 ἀφῃρήμεθα
2806 5618 2907 5688 τῆς
2964 5618 3235 5692 ἀγκύρας.
3288 5621 3476 5676 Πίστει
3528 5624 3641 5695 γὰρ.

2122 5824 2202 5896 (2)
2224 5823 2361 5880 Cod.
2385 5777 2575 5887 ambo,
2593 5822 2821 5884 πάντας.
