4080 6596
461 438 570 504 ιιι

1419 446 1808 510 DIALOGUS
1852 448 1875 508 ῐ
1915 448 2076 510 CUM
2121 446 2715 508 MOHAMETANO.‘

3603 435 3725 503 ησ-

453 529 618 599 ήμεῖς
670 527 876 598 μᾶλλον
927 529 962 600 ἢ
997 529 1206 599 μεθόδῳ
1251 532 1348 586 καὶ
1383 534 1546 606 τέχνῃ
1593 535 1689 590 καὶ
1715 535 2014 606 ,λογισμοῖς

2144 535 2262 589 nodi
2284 533 2584 590 auferatur.
2605 535 2737 590 Nam
2775 532 2878 589 fide
2902 531 3076 605 magis
3092 545 3257 603 quam
3287 537 3424 602 arte,
3443 527 3707 585 methodo

451 619 855 691 έδραιούμεθα·
886 619 1026 690 πλὴν
1050 621 1154 685 ἕως
1194 623 1424 692 ἐφεῖται,
1472 626 1705 696 χρῆσθαι
1733 627 1807 697 τῷ
1851 627 2024 681 είκότι

453 718 600 785 πάνυ
632 717 820 770 καλόν.
850 716 1020 771 Ἔνθα
1073 717 1175 787 μὲν
1203 718 1314 789 γάρ
1345 719 1530 781 πίστις
1567 719 1628 770 οὐ
1671 719 2024 789 προηγεῖται,

452 808 854 879 ἀναντιρρήτου
881 825 942 862 τε
965 809 1140 878 πάντη
1173 810 1271 863 καὶ
1317 808 1763 879 ὁμολογουμένης
1791 808 2025 877 δεόμεθα

447 900 792 966 ’ἀποδείξεως
816 916 830 931 ·
861 899 992 955 ἔνθα
1017 901 1075 954 δέ
1106 900 1376 964 πίστις’τδ
1411 903 1518 954 πᾶν
1542 901 1738 970 ίσχύει,
1767 901 2026 970 ἐναργέσι

457 988 563 1056 μὲν
615 989 926 1054 ἀποδείξεσι
969 989 1135 1054 τόπος
1182 991 1281 1045 οῦκ
1337 991 1440 1044 Evt.
1505 991 1869 1046 Ἀντίκεινται
1920 992 2028 1062 γὰρ

452 1080 708 1148 ἀλλήλοις
723 1082 758 1150 ἦ
776 1098 836 1134 τε
859 1081 1160 1145 πίστιςκαὶ
1185 1083 1218 1153 ή
1249 1083 1544 1149 ἀπόδειξις,
1565 1089 1661 1138 καὶ
1689 1084 1788 1138 οὐκ
1809 1085 1874 1138 ἄν
1900 1101 2029 1137 ποτε

457 1172 705 1226 συνέλθοι
739 1174 882 1227 κατὰ
911 1175 1107 1226 ταυτὸν
1132 1175 1416 1244 ἀμφότερα
1435 1192 1450 1207 ο
1479 1175 1538 1227 τὸ
1568 1174 1624 1228 δὲ
1662 1174 1812 1238 εἰκὸς
1838 1177 1903 1245 τῇ
1935 1174 2030 1227 πί-

455 1281 580 1317 στει
611 1266 1000 1335 παρομαρτοῦν
1049 1267 1115 1319 ὲκ
1151 1267 1475 1336 περισσείας
1506 1266 1583 1337 (1)
1608 1267 1821 1335 γίνεται
1865 1268 2031 1335 λιμὴν

453 1356 574 1416 τοῖς
625 1355 968 1418 πιστεύουσι,
1013 1358 1110 1410 καὶ
1155 1359 1398 1428 γαλήνην
1452 1359 1734 1429 λογισμοῖς
1789 1359 2030 1426 ἐμποιεῖ,

455 1445 710 1516 ἀγκύρας
743 1447 830 1498 ἐπ’
886 1448 1140 1518 ίσχυρᾶς,
1191 1449 1336 1517 λέγω
1374 1449 1439 1520 δὴ
1469 1451 1570 1520 τῆς
1620 1449 1880 1512 πίστεως,
1934 1449 2034 1512 τὰς

457 1535 564 1604 τῆς
611 1537 892 1606 σωτηρίας
951 1538 1176 1603 ἐλπίδας
1226 1539 1608 1611 άναθεμένοις.
1666 1537 1838 1592 Ἔνθα
1901 1539 2036 1607 γοῦν

455 1629 699 1694 ἐφεῖται,
733 1628 875 1684 πάνυ
922 1647 987 1696 γε
1017 1631 1182 1684 καλὸν
1218 1632 1395 1701 τούτῳ
1439 1631 1716 1702 χρῆσθαι·
1750 1629 1778 1682 δ
1817 1629 1882 1700 δὴ
1934 1631 2030 1683 καὶ

455 1723 727 1791 ποιῶμεν,
754 1725 802 1776 εί
833 1705 1033 1794 βούλει,
1061 1724 1491 1783 ἐπαναλαϐόντες
1520 1724 1622 1794 ἤδη
1654 1724 1745 1778 τὸν
1775 1722 1954 1790 λόγον.

2129 636 2183 682 et
2235 627 2750 683 ratiocinationibus
2798 635 3010 682 stamus
3044 642 3059 680 :
3096 624 3189 682 sed
3221 633 3401 680 tamen
3437 629 3707 691 quantmn

2128 717 2254 772 licet
2305 719 2780 788 probabilitatibus
2825 719 2904 773 uti
2956 731 3086 773 sane
3136 715 3405 771 laudabile
3448 721 3551 768 est.
3603 711 3717 768 Ubi-

2128 810 2272 863 enim
2316 810 2447 865 ﬁdes
2475 825 2582 864 non
2631 811 2806 880 prazit,
2847 803 3156 866 indubitata
3201 807 3444 875 nullique
3484 803 3711 858 omnino

2130 903 2552 958 contradictioni
2584 897 2815 960 obnoxia
2848 903 3319 959 demonstratione
3356 899 3664 966 indigemus
3692 910 3706 946 :

2135 995 2266 1049 lides
2296 1010 2422 1049 vero
2450 996 2540 1048 ubi
2567 1011 2782 1050 omnem
2811 995 2916 1049 vim
2943 996 3126 1056 habet,
3161 989 3467 1047 manifestis
3492 985 3710 1053 quidem

2131 1086 2692 1141 demonstrationibus
2724 1088 2874 1142 locus
2899 1102 3006 1142 non
3039 1096 3144 1141 est.
3193 1085 3322 1138 Nam
3353 1081 3714 1136 adversantur

2133 1175 2236 1248 sibi
2275 1175 2404 1230 ﬁdes
2439 1185 2492 1230 et
2519 1177 2934 1241 demonstratio,
2969 1191 3068 1230 nec
3095 1172 3402 1242 unquamin
3425 1168 3566 1223 idem
3595 1181 3713 1219 am-

2135 1266 2204 1320 bo
2238 1268 2532 1321 convenire
2555 1276 2785 1336 possunt
2822 1284 2836 1320 :
2874 1266 2963 1320 sed
2994 1263 3268 1335 probabile
3308 1266 3712 1332 argumentum,

2137 1357 2294 1412 ﬁdem
2328 1373 2391 1411 ex
2423 1357 2720 1411 abundanti
2755 1357 3046 1421 comitans,
3076 1353 3427 1408 credentibus
3477 1349 3535 1402 fit
3587 1362 3716 1416 por-

2138 1461 2224 1504 tus
2258 1451 2480 1517 quidam
2517 1466 2530 1502 :
2565 1448 3074 1503 ratiocinationibus
3106 1459 3295 1499 eorum
3346 1441 3581 1512 quietem
3619 1452 3715 1504 pa-

2139 1539 2235 1602 rit,
2275 1541 2532 1608 quoniam
2567 1555 2715 1608 spem
2743 1555 2854 1594 sua:
2886 1537 3072 1594 salutis
3106 1537 3159 1590 in
3192 1534 3317 1590 forti
3351 1545 3576 1592 ancora,
3611 1529 3716 1580 hoc

2135 1641 2219 1686 est
2250 1630 2374 1696 fide,
2405 1642 2692 1699 reponunt.
2726 1631 2894 1700 Igitur
2923 1631 3013 1685 ubi
3046 1629 3254 1683 licitum
3309 1636 3412 1688 εει,
3447 1617 3715 1691 probabili

2135 1731 2456 1792 argumento
2505 1723 2582 1778 uti
2634 1739 2794 1792 quam
2859 1725 3098 1777 maxime
3168 1721 3372 1775 decet:
3419 1713 3560 1783 quod
3621 1724 3722 1765 nos

455 1813 910 1882 etiam.siplacet,
950 1815 1235 1884 faciamus,
1279 1824 1442 1886 atque
1472 1815 1537 1870 ad
1567 1830 1686 1870 eam
1719 1823 1928 1885 partem
1969 1815 2263 1882 sermonis,
2296 1829 2362 1870 ex
2393 1829 2498 1882 qua
2527 1815 2728 1885 egressi
2766 1829 2974 1881 sumus,
3004 1823 3364 1869 revertamur.

535 1934 618 1988 ιδ’.
658 1929 834 1996 Εϊπας
875 1933 1054 1999 τοίνρν
1099 1933 1302 2004 κυρίως
1347 1934 1446 2002 μὲν
1487 1933 1720 1994 θάνατον
1761 1930 1902 1988 εῖναι
1947 1932 2042 2010 τὸν

2215 1935 2303 1989 14.
2339 1933 2566 1989 Mortem
2595 1934 2761 2006 igitur
2790 1936 3008 2006 proprie
3043 1948 3166 1988 esse
3201 1930 3384 1986 dixisti
3417 1929 3718 1984 discessum

459 2022 566 2091 τῆς
589 2021 770 2091 ψυχῆς
796 2023 904 2075 άπδ
927 2021 1018 2075 τοῦ
1048 2022 1299 2091 σώματος
1325 2023 1605 2092 χωρισμόν
1626 2036 1641 2052 ⁸
1670 2039 2040 2093 καταχρηστι-

464 2114 578 2176 κῶς
616 2114 674 2167 δέ
711 2116 806 2168 καὶ
845 2114 979 2170 ἄλλα
1017 2113 1279 2184 θνήσκειν
1315 2115 1611 2183 λέγεσθαι,
1647 2114 1742 2168 καί
1780 2131 1902 2169 τινα
1941 2115 2041 2184 μὲν

464 2209 674 2276 τούτου
708 2209 899 2278 μηκέτ’
923 2203 1076 2262 εἶναι·
1096 2208 1218 2279 μηδ’
1241 2209 1640 2263 ἀναϐιώσεσθαι
1673 2209 1911 2279 μέλλειν,
1941 2226 2040 2262 κα-

464 2300 747 2371 ταφθορὰν
788 2300 1100 2368 ὑποστάντα.
1124 2315 1140 2332 ο
1183 2299 1300 2354 ἔνια
1339 2301 1396 2354 δὲ
1439 2300 1602 2355 πάλιν
1643 2300 2037 2368 άλλοιωθέντα,

466 2393 778 2462 καὶ,ταύτη
820 2391 1127 2463 κρείττονος
1165 2392 1551 2456 καταστάσεως
1591 2393 2036 2461 άπολελαυκὰτα,

471 2486 675 2556 μηκέτι
703 2484 876 2538 ταῦτα
907 2482 1214 2538 δουλεύσειν
1242 2483 1459 2556 θανάτῳ
1485 2501 1543 2537 τε
1578 2486 1672 2538 καὶ
1703 2485 1898 2556 φθορᾷ.
1928 2487 2040 2556 Τὴν

467 2577 529 2630 δέ
573 2576 861 2630 ἀλλοίωσιν
903 2576 1111 2646 ταύτην
1157 2575 1384 2630 θάνατόν
1434 2593 1518 2630 σοι
1565 2577 1718 2645 φίλον
1767 2595 2040 2648 προσαγο-

472 2667 660 2738 ρεύειν
691 2667 787 2722 καὶ
827 2666 1129 2722 ἀναϐίωσιν
1150 2707 1166 2731 ,
1199 2661 1267 2738 ἦς
1304 2667 1398 2721 καὶ
1431 2666 1530 2731 τὰς
1567 2666 1746 2739 ψυχὰς
1790 2669 2041 2738 μεθέξειν

470 2760 773 2828 ἀναγκαῖόν
805 2777 888 2813 σοι
930 2759 1180 2829 φαίνεται
1204 2775 1220 2791 ο
1255 2757 1322 2811 ῖν’
1347 2759 1646 2829 ἐπειδήπερ
1683 2760 1857 2830 ἀρχὴν
1891 2761 2041 2832 εἱλή-

472 2871 628 2922 φασι,
653 2852 804 2916 τέλος
820 2850 1134 2928 άκολούθως
1159 2849 1541 2921 ἐκδεχομένην,
1565 2849 2043 2907 ἀπαθαναξισθῶσι

471 2947 682 3013 διὰτῆς
715 2944 1130 3007 ἀνακαινίσεως,
1157 2943 1252 2997 καὶ
1278 2942 1539 3014 δευτέρας
1564 2943 1737 3016 ταύτῃ
1767 2946 2042 3000 καταστά-

474 3054 612 3099 σεως
654 3035 922 3104 τύχωσινη
967 3033 1227 3096 ἐπιεικῶς
1271 3032 1557 3101 ἀμείνονος
1601 3033 1698 3105 τῆς
1743 3034 2038 3105 προτέρας.

472 3133 644 3188 Ταυτὶ
681 3133 740 3187 δέ
778 3131 990 3201 ἔφησθα
1026 3130 1242 3195 πάντως
1275 3131 1354 3201 τῷ
1394 3130 1565 3184 είκότι
1609 3129 1924 3201 χρώμενος·
1961 3125 2043 3194 οἷς

473 3229 582 3298 γὰρ
607 3230 721 3292 τοῖς
751 3227 996 3297 σώμασιν
1023 3227 1077 3279 αἱ
1105 3227 1280 3297 ψυχαὶ
1305 3225 1620 3280 κοινωνοῦσι
1647 3227 1744 3280 καὶ
1767 3226 1876 3280 τῶν
1903 3228 2042 3296 ἀγα-

476 3319 585 3372 θῶν
603 3361 618 3385 ,
645 3319 739 3372 κοιλ⁵
763 3318 872 3371 τῶν
901 3318 975 3387 μὴ
997 3318 1286 3383 τοιούτων,
1314 3318 1407 3371 καὶ
1434 3317 1620 3382 ἁπλῶς
1648 3317 1865 3371 πάντων
1889 3319 2044 3388 ἑξῆς,

476 3410 570 3464 καὶ
604 3409 699 3462 τοῦ
737 3409 968 3464 θανάτου
1001 3409 1186 3472 αὐτοῖς
1217 3410 1628 3478 κοινωνήσουσι.
1665 3409 1846 3462 Ταῦτα
1877 3406 1967 3479 ἦν,
2001 3403 2046 3463 ὧ

423 3503 432 3512 ’
476 3502 628 3570 ’γαθέ
648 3543 663 3569 ,
696 3501 748 3554 εί
774 3519 838 3570 γε
873 3502 948 3571 μὴ
989 3501 1340 3555 παντάπασιν
1365 3500 1759 3570 ἐπιλέλησμαι,
1794 3499 1829 3554 ἃ.
1859 3500 1925 3554 δι’
1949 3501 2046 3554 άλ..

476 3595 583 3647 λων
617 3593 896 3662 ὀνομάτων
931 3591 1259 3664 (συνέτεμον
1292 3591 1402 3661 γάρ
1433 3589 1526 3643 τὸν
1559 3590 1742 3656 λόγον)
1778 3589 1906 3658 περὶ
1938 3590 2047 3644 τῶν

478 3687 672 3758 ψυχῶν
697 3703 801 3752 σοι,
828 3687 925 3738 καὶ
951 3683 1046 3738 τοῦ
1074 3683 1328 3747 θανάτου,
1353 3683 1451 3737 καὶ
1476 3682 1572 3751 τῆς
1601 3681 1942 3746 ἀλλοιώσεως
1970 3683 2048 3736 εῖ-

484 3795 683 3852 ρηται·
720 3779 770 3834 εί
811 3779 859 3832 δ’
883 3777 1265 3848 ἐπελαθόμην,
1300 3775 1458 3840 αὐτὸς
1499 3774 1833 3848 ἀνάμνησον.
1870 3776 1978 3829 Kal
2019 3777 2048 3829 ὁ

484 3873 719 3943 Πέρσης,
755 3869 918 3925 Ἀλλὰ
944 3868 1116 3922 ταῦτά
1145 3870 1311 3934 ἐστιν,
1341 3858 1468 3938 ἔφη.

553 3993 634 4043 ιε’.
675 3986 810 4040 Εἰπὲ
839 3986 904 4055 δὴ
935 3985 1180 4056 πρῶτον,
1210 3982 1345 4053 ἔφην
1376 3982 1516 4050 ἐγὼ.
1554 3982 1690 4053 ποίῳ
1717 3983 1781 4052 δή
1812 3998 1918 4036 τινι
1949 3983 2049 4035 θα-

481 4081 628 4150 νάτῳ
666 4075 972 4130 δουλεύσειν
1005 4075 1288 4144 ὑπόχρεως
1322 4068 1462 4126 εἶναι
1496 4073 1675 4140 λέγεις
1713 4073 1838 4134 τοὺς
1879 4072 2049 4140 ἀγγέ-

482 4173 627 4236 λους,
651 4169 730 4240 τῷ
756 4168 979 4239 κυρίως,
1009 4168 1042 4238 ἢ
1070 4164 1144 4237 τῷ
1178 4167 1282 4236 μὴ;
1315 4164 1587 4234 Καθαρῶς
1622 4165 1740 4234 μὲν,
1771 4165 1870 4235 ἔφη
1901 4168 1928 4219 ὁ
1956 4167 2049 4233 γέ-

485 4281 614 4335 ρων,
660 4259 788 4314 οὕτε
838 4257 1059 4328 λέγεταί
1107 4275 1182 4320 τι,
1236 4253 1360 4310 οὔτε
1413 4255 1519 4326 μὴν
1565 4257 1873 4325 γέγραπται
1921 4259 2050 4324 περὶ

481 4351 672 4407 τούτου
691 4392 706 4417 ,
737 4349 906 4422 πλὴν,
936 4349 1016 4402 ὅτι
1046 4347 1141 4402 καὶ
1169 4348 1218 4400 οἱ
1245 4346 1468 4416 ἄγγελοι
1496 4345 1864 4416 τεθνήξονται.
1897 4345 2050 4399 Δοκῶ

481 4445 537 4500 δέ
571 4463 696 4515 μοι.
726 4444 820 4497 καὶ
849 4441 1062 4512 μάλιστ’
1085 4440 1144 4506 ἐξ
1176 4432 1250 4494 ὧν
1281 4456 1364 4492 σοι
1394 4437 1488 4493 νῦν
1515 4437 1581 4502 δὴ
1611 4439 1854 4508 εἴρηται,
1885 4436 1959 4498 ὡς
1987 4433 2048 4490 εὗ

481 4537 547 4593 ἂν
573 4537 686 4610 ἔχοι
708 4536 890 4604 λέγειν
909 4575 923 4599 ,
970 4536 1161 4603 ὅτιπερ
1189 4532 1278 4586 τὸν
1309 4530 1369 4584 οὐ
1418 4531 1623 4602 κυρίως
1651 4527 2050 4583 ἀποθανοῦνται

483 4630 712 4684 θάνατον
743 4628 792 4680 οἱ
829 4626 906 4698 (Ξ)
942 4625 1188 4694 ἄγγελοι.
1227 4623 1337 4677 Καὶ
1384 4622 1502 4685 πῶς
1545 4638 1606 4674 σε
1648 4621 1858 4684 ἄλλως,
1896 4615 2050 4674 εἷπον

484 4718 615 4787 ἐγὼ,
665 4717 938 4788 ἐνδέχεται
986 4715 1187 4769 ἐννοεῖν
1225 4730 1286 4767 τε
1329 4713 1425 4766 καὶ
1465 4711 1672 4780 λέγειν,
1718 4712 1888 4783 ἄνδρα
1925 4699 2049 4766 νοῦν

485 4812 678 4882 ἔχοντα
705 4809 800 4864 καὶ
827 4807 990 4876 σοφόν
1011 4824 1028 4874 ;
1051 4807 1190 4859 Ὅσα
1224 4806 1321 4876 μὲν
1347 4805 1455 4875 γάρ
1482 4805 1545 4858 ἐκ
1576 4806 1837 4858 πλειόνων
1865 4822 1924 4858 τε
1955 4808 2049 4858 καὶ

484 4902 754 4972 διαφόρων
782 4899 880 4971 τὴν
909 4897 1145 4967 ὓπαρξιν
1171 4897 1303 4966 ἔχει,
1333 4895 1555 4966 εὔδηλον
1581 4895 1656 4958 ὡς
1686 4896 2045 4960 συντέθειται,

487 4997 579 5047 κιὶ
603 4994 684 5046 δεῖ
707 5009 839 5045 ποτε
861 4990 1034 5044 ταῦτα
1058 4987 1396 5057 διαλυθῆναι,
1424 4987 1682 5074 Σύνθεέις
1707 4988 1836 5058 γὰρ,
1864 4992 2046 5057 φασιν,

486 5087 628 5156 ἀρχὴ
664 5083 1020 5145 διαστάσεως.
1056 5082 1118 5134 El
1154 5080 1213 5134 δέ
1245 5081 1308 5150 δὴ
1346 5081 1440 5133 καὶ
1475 5079 1534 5146 ἐξ
1568 5080 1825 5133 ἐναντίων
1860 5082 2050 5134 συντέ-

487 5177 656 5232 θειται
691 5175 787 5231 καὶ⁸
822 5172 983 5244 φύσει
1015 5172 1325 5240 πολεμίων,
1357 5165 1447 5224 οἷα
1478 5171 1540 5239 δὴ
1573 5171 1642 5223 τά
1674 5171 1868 5240 πρῶτα
1905 5188 2050 5225 στοι-

488 5270 667 5336 χεῖακ(
686 5265 748 5330 ἐξ
778 5257 855 5334 ὧν
884 5264 956 5317 τὰ
990 5261 1201 5332 σώμαθ’
1229 5262 1358 5330 ὑμῖν
1383 5301 1396 5324 ,
1432 5260 1564 5313 Θεοῦ
1599 5261 1826 5328 δυνάμει
1858 5279 1917 5314 τε
1960 5262 2052 5315 καὶ

489 5355 800 5424 κελεύσει),
835 5339 1014 5424 θαῦμα
1035 5392 1052 5417 ,
1082 5353 1167 5406 ὅτι
1195 5351 1290 5405 καὶ
1323 5351 1550 5422 συνῆλθε
1581 5351 1678 5421 τὴν
1705 5352 1881 5421 ἀρχὴν
1909 5351 2052 5406 κατὰ

489 5445 708 5509 ταυτὸν,
741 5443 838 5497 καὶ
868 5441 1118 5496 ὁπωσοῦν
1151 5440 1414 5508 συνέστη,
1450 5443 1543 5493 καὶ
1577 5440 1818 5510 διαρκεῖ,
1851 5442 1918 5494 τὰ
1952 5440 2051 5510 μέν
2109 5491 2114 5496 .

486 5536 578 5588 ἐπὶ
620 5537 826 5598 πλεῖον,
865 5534 944 5588 τά
975 5533 1033 5587 δέ
1074 5532 1161 5585 ἐπ’
1184 5531 1404 5584 ἔλαττον
1429 5547 1446 5564 ο
1483 5529 1516 5583 δ
1554 5529 1613 5583 δὲ
1653 5531 1747 5584 καὶ
1789 5530 2052 5600 ἔκπληξιν

487 5628 739 5695 ἐμποιεῖν
771 5621 883 5680 οἷόν
915 5641 976 5679 τε
1011 5624 1105 5678 νοῦ
1141 5622 1486 5692 μετέχουσιν,
1521 5622 1695 5693 ἐκεῖνο
1729 5621 1946 5688 πάντως
1980 5623 2046 5677 ἂν

563 5855 636 5925 (ί)
661 5854 938 5926 (ἷοι1,,ι“ιδε.
973 5852 1310 5924 περιουσίας.

2141 2025 2309 2078 animi
2356 2041 2384 2079 a
2417 2041 2643 2096 corpore
2674 2044 2688 2080 :
2720 2041 2816 2096 per
2863 2026 3182 2080 abusionem
3231 2037 3382 2084 vero,
3419 2019 3726 2088 inquiebas,

2141 2119 2246 2172 alia
2267 2119 2431 2173 etiam
2458 2120 2596 2175 mori
2621 2119 2902 2185 dicuntur,
2927 2131 3160 2189 quorum
3186 2115 3430 2186 quaedam
3454 2128 3558 2166 non
3595 2122 3724 2165 sunt

2143 2211 2400 2280 amplius,
2435 2227 2634 2282 neque,
2670 2221 2958 2282 postquam
3005 2216 3262 2279 corrupta
3319 2215 3464 2271 sunt,
3520 2202 3720 2269 revivi-

2142 2313 2296 2360 scent
2331 2324 2344 2360 :
2388 2305 2635 2375 quaedam
2672 2315 2859 2359 contra
2889 2305 3194 2366 immutata,
3223 2301 3612 2364 melioremque
3641 2297 3725 2351 sic

2141 2397 2338 2466 adepta
2373 2397 2852 2460 constitutionem,
2906 2395 3064 2450 morti
3108 2375 3568 2462 corruptionique
3615 2403 3722 2441 non

2140 2489 2376 2559 amplius
2423 2497 2585 2543 erunt
2623 2487 2892 2556 subjecta.
2951 2488 3066 2540 Hoc
3113 2497 3277 2554 porro
3326 2478 3725 2536 immutationis

2141 2597 2310 2652 genus
2335 2591 2559 2637 mortem
2584 2580 2855 2651 appellare
2881 2578 2976 2633 tibi
2997 2578 3170 2647 placet
3187 2585 3238 2631 et
3256 2571 3728 2634 resurrectionem,

2141 2676 2298 2746 cujus
2333 2675 2542 2729 animas
2570 2687 2788 2743 quoque
2821 2658 2934 2726 fore
2976 2668 3272 2739 aliquando
3303 2665 3596 2736 participes
3629 2680 3724 2716 ne-

2143 2769 2440 2824 cessarium
2489 2768 2584 2823 tibi
2617 2768 2834 2822 videtur
2865 2781 2880 2820 :
2916 2776 2975 2821 ut
3014 2763 3272 2834 quoniam
3305 2770 3484 2816 ortum
3520 2757 3728 2811 habue-

2144 2871 2271 2916 runt
2300 2861 2518 2922 animae,
2549 2861 2776 2930 ideoque
2794 2859 2952 2914 ﬁnem
2986 2871 3204 2929 quoque
3237 2855 3437 2908 habere
3470 2858 3724 2920 possunt,

2145 2953 2498 3006 renovatione
2527 2951 2616 3005 illa
2643 2952 2863 3005 demum
2895 2947 3234 3002 immortales
3273 2944 3425 3007 fiant,
3455 2945 3642 3009 sicque
3667 2939 3740 2992 in.

2143 3044 2373 3099 alterum
2408 3044 2697 3112 quemdam
2729 3049 2932 3096 statum
2982 3037 3321 3109 perveniant,
3359 3035 3538 3105 priore
3569 3032 3727 3102 longe

2143 3137 2450 3192 meliorem.
2504 3134 2628 3190 Haec
2670 3145 2851 3189 autem
2904 3132 3114 3196 dixisti,
3171 3127 3448 3183 verisimili
3501 3137 3728 3194 prorsus

2147 3237 2470 3300 argumento
2524 3239 2730 3282 utens:
2788 3241 2912 3280 cum
2961 3225 3160 3294 quibus
3209 3222 3354 3276 enim
3406 3218 3734 3287 corporibus

2147 3320 2310 3384 bona,
2349 3321 2488 3374 mala
2548 3329 2848 3387 czeteraque
2886 3317 3111 3372 omnino
3176 3314 3358 3368 omnia
3410 3311 3750 3366 comnttmia-

2149 3416 2456 3470 habuerunt
2496 3415 2712 3477 animze,
2751 3427 2876 3466 cum
2923 3410 3113 3464 iisdem
3161 3420 3504 3462 communem
3563 3402 3728 3456 etiam

2149 3515 2378 3561 mortem
2402 3505 2698 3560 habebunt.
2724 3501 2848 3556 Harc
2868 3501 2980 3555 fere
2998 3509 3143 3563 sunt,
3179 3500 3398 3568 hospes.
3425 3496 3524 3550 nisi
3544 3495 3756 3549 admo-v.

2148 3597 2277 3653 dum
2304 3612 2391 3651 me
2416 3611 2546 3651 meae
2571 3595 2852 3650 memoriae
2876 3607 3070 3649 sensus
3091 3591 3248 3658 fallit,
3270 3605 3388 3659 qua:
3411 3589 3532 3642 aliis
3551 3587 3730 3641 verbis

2154 3692 2306 3761 (nam
2340 3688 2587 3744 contraxi
2611 3687 2911 3742 orationem
2939 3683 3128 3755 tuam)
3159 3683 3226 3739 de
3257 3683 3564 3737 animarum
3589 3694 3732 3734 mor-

2151 3792 2203 3838 te
2221 3781 2625 3849 mutatioueque
2641 3779 3102 3846 dixistizquorttm
3125 3778 3172 3830 si
3192 3775 3319 3844 quid
3339 3775 3468 3827 mihi
3491 3771 3695 3826 excidit
3710 3811 3726 3833 .

2149 3868 2202 3923 in
2222 3868 2536 3922 memoriam
2556 3881 2767 3922 revoca.
2786 3864 2896 3933 Ego
2913 3880 3040 3920 vero
3060 3864 3196 3919 nihil
3215 3863 3360 3916 aliud
3381 3861 3512 3923 dixi,
3531 3861 3728 3930 inquit.

2222 3960 2307 4013 15.
2358 3959 2548 4028 Igitur,
2583 3960 2826 4026 inquam,
2860 3956 2948 4012 dic
2980 3956 3111 4010 mihi
3146 3955 3405 4024 primum.
3449 3954 3491 4009 si
3530 3954 3726 4022 placet,

2150 4053 2296 4122 quali
2333 4059 2389 4103 tu
2430 4051 2645 4106 tandem
2675 4049 2836 4104 morti
2869 4049 3134 4104 obnoxios
3167 4046 3284 4102 fore
3331 4047 3554 4116 angelos
3588 4049 3731 4100 aliin-

2151 4159 2289 4210 mas,
2341 4155 2524 4198 utrum
2579 4142 2797 4212 proprie
2832 4124 2991 4196 dictae
3031 4141 3130 4206 illi,
3170 4155 3238 4193 an
3276 4138 3472 4193 secus?
3501 4137 3730 4208 Liquido
3806 4188 3810 4192 .

2150 4237 2395 4308 quidem,
2438 4236 2634 4306 inquit,
2669 4234 2868 4292 haede
2897 4251 2953 4290 re
2980 4249 3158 4304 neque
3187 4232 3384 4288 dicitur
3409 4234 3728 4305 quidquam,

2151 4346 2328 4401 neque
2357 4329 2633 4395 scribitur,
2674 4335 2870 4398 prmter
2921 4327 3042 4391 hoc,
3089 4327 3232 4396 quod
3285 4327 3461 4396 angeli
3514 4343 3730 4397 quoque

2153 4423 2476 4477 morientur.
2514 4420 2641 4474 Milli
2689 4433 2819 4473 vero
2845 4433 2911 4473 ex
2943 4417 3011 4472 iis
3037 4417 3291 4483 maxime,
3325 4432 3442 4486 qua:
3472 4417 3630 4471 modo
3653 4419 3733 4472 di-

2152 4518 2333 4581 cebas,
2362 4515 2557 4570 rationi
2590 4523 3016 4569 consentaneum
3053 4513 3286 4577 videtur,
3308 4521 3364 4565 ut
3395 4519 3722 4575 statuamus,

2084 4600 2124 4654 D
2155 4604 2453 4675 imprOprie
2482 4603 2684 4658 dictam
2717 4611 2948 4657 mortem
2997 4602 3222 4672 angelos
3252 4601 3549 4656 subituros.
3600 4599 3727 4662 Nec,

2158 4699 2404 4766 inquam,
2441 4711 2542 4766 pro
2569 4697 2856 4766 prudentia
2893 4694 2982 4748 illa
3021 4705 3076 4749 et
3108 4695 3374 4757 doctrina,
3401 4709 3521 4764 quae
3551 4702 3631 4748 est
3675 4695 3726 4747 in

2159 4803 2210 4844 te
2237 4804 2471 4851 summa,
2502 4788 2657 4843 aliter
2681 4799 2832 4857 potes
2860 4786 3062 4842 sentire
3089 4797 3142 4840 et
3180 4785 3350 4854 loqui.
3384 4785 3730 4853 Quaecunque

2157 4897 2224 4936 ex
2257 4880 2503 4951 pluribus
2522 4879 2864 4948 diversisque
2890 4879 3049 4934 rebus
3079 4877 3453 4932 exsistentiam
3479 4877 3724 4939 trahunt,

2158 4991 2222 5029 ea
2246 4975 2464 5042 quidem
2493 4973 2791 5042 composita
2823 4987 2945 5027 esse
2971 4969 3372 5040 aliquandoque
3394 4969 3724 5023 dissolutum

2161 5067 2223 5119 iri
2259 5065 2549 5120 manifesto
2577 5065 2766 5132 liquet.
2798 5063 2927 5116 Nam
2973 5060 3352 5116 dissolutionis
3395 5059 3632 5123 initium,
3670 5069 3744 5114 ut

2158 5159 2334 5223 aiunt,
2367 5167 2449 5212 est
2496 5157 2839 5225 compositio.
2873 5154 2991 5209 Jam
3027 5169 3158 5209 vero
3189 5156 3231 5208 si
3266 5153 3510 5223 quaedam
3544 5152 3624 5207 vel
3659 5168 3726 5206 ex

2157 5250 2450 5304 contrariis
2484 5249 2782 5318 composita
2818 5246 3018 5301 fuerint
3059 5255 3360 5315 naturaque
3386 5246 3524 5300 inter
3546 5257 3604 5299 se
3628 5257 3740 5316 ραι

2155 5343 2470 5414 gnantibus,
2503 5341 2809 5411 cujusmodi
2841 5351 2970 5394 sunt
2999 5341 3173 5410 prima
3202 5337 3512 5406 elementa(
3547 5352 3576 5391 e
3604 5335 3736 5404 qui--

2157 5433 2260 5488 bus
2293 5443 2478 5488 nostra
2509 5447 2736 5501 corpora
2768 5429 2860 5485 Dei
2897 5431 3120 5484 numine
3143 5429 3408 5498 iussuque
3425 5425 3739 5495 constant)..-

2155 5528 2355 5581 mirum
2402 5533 2545 5578 certe
2579 5523 2798 5584 accidit,
2835 5523 2993 5577 eain
3037 5537 3202 5576 unum
3248 5521 3317 5575 ab
3350 5521 3504 5574 initio
3544 5519 3740 5573 locum

2151 5615 2497 5681 convenisse,
2532 5615 2828 5686 aliquoque
2857 5613 3073 5670 tandem
3107 5611 3268 5668 modo
3288 5621 3568 5681 utcunque
3591 5623 3725 5664 com

2233 5844 2311 5916 (ε)
2334 5845 2394 5898 οι
2428 5825 2588 5900 deest
2609 5845 2667 5898 in.
2699 5857 2792 5912 της
