4080 6660
439 445 544 511 147

1613 464 2012 528 MANUELIS
2045 470 2499 534 PAL/EOLOGI

3653 477 3751 543 Ῑ48

423 561 654 628 stitisse,
687 575 740 620 ct
763 565 866 621 alia
903 566 1159 639 longiori,
1196 569 1303 626 alia
1335 573 1576 628 hreviori
1614 577 1876 644 temporis
1920 577 2006 630 in-

2121 582 2224 652 είη.
2254 584 2326 636 Τὸ
2356 585 2465 654 γὰρ
2498 584 2674 638 πάντα
2707 585 2954 652 πεφυκδς
2983 571 3371 657 διαφθείρειν,
3404 586 3436 638 ὁ
3472 587 3744 656 πσελεμος,

423 659 652 712 tervallo
683 673 1005 729 permanere
1042 681 1057 714 :
1093 664 1167 730 id,
1189 666 1280 735 qui
1305 676 1430 722 sunt
1455 669 1682 723 rationis
1710 679 2015 750 compotes.

420 751 530 806 nisi
562 753 928 810 admiratione
951 758 1324 828 obstupefacti
1358 763 1721 829 contemplari
1753 778 1864 817 non
1892 778 2019 833 pos-

421 851 572 897 sunt.
601 845 754 910 Quod
786 848 930 902 enim
964 851 1030 904 ad
1063 853 1246 907 omnia
1276 854 1674 922 corrumpenda
1708 863 1902 908 natum
1928 867 2013 909 est

422 935 663 1003 bellum,
725 941 814 996 hic
869 953 1082 998 mutato
1140 947 1335 1001 ordine
1393 948 1789 1003 conservandis
1843 949 2008 1004 rebus

423 1030 635 1084 videtur
682 1034 970 1092 inservire.
1017 1036 1152 1093 Nam
1181 1041 1612 1107 consideremus,
1645 1057 1751 1111 qua
1799 1041 2012 1097 ratione

424 1121 633 1180 bellum
667 1136 721 1181 et
749 1144 930 1200 pugna
962 1132 1122 1188 linem
1161 1135 1400 1190 habeant
1435 1153 1449 1191 :
1489 1151 1712 1191 necesse
1740 1145 1842 1201 est,
1875 1135 2010 1189 alte-

421 1230 542 1269 rum
580 1219 651 1294 sit
669 1219 736 1274 de
768 1222 1004 1288 duobus,
1035 1235 1091 1279 ut
1117 1227 1203 1280 vel
1238 1229 1304 1282 ad
1337 1227 1645 1297 pactionem
1673 1243 1769 1282 res
1801 1226 2004 1287 veniat,

422 1310 504 1364 vel
526 1313 589 1365 atl
606 1313 914 1380 victoriam,
939 1325 998 1371 ut
1019 1318 1154 1372 alter
1171 1318 1392 1389 quidem
1415 1322 1620 1385 vincat,
1643 1314 1780 1374 alter
1824 1319 2019 1373 vinca-

424 1410 534 1463 tur.
561 1409 725 1480 Atqui
757 1419 816 1466 ut
841 1415 905 1466 ad
929 1415 1231 1483 pactionem
1255 1416 1396 1471 inter
1413 1431 1470 1472 se
1489 1417 1757 1470 elementa
1776 1414 2016 1476 veniant,

421 1502 534 1554 tieri
551 1516 894 1573 nequaquam
918 1516 1092 1576 potest
1111 1524 1125 1560 :
1144 1523 1320 1578 neque
1339 1508 1482 1563 enim
1508 1523 1661 1562 suam
1695 1507 1810 1574 ipsa
1835 1514 1996 1559 natu-

421 1608 536 1648 ram
569 1595 849 1664 abnegare
886 1609 1134 1666 possunt.
1152 1600 1324 1670 Atque
1342 1601 1408 1654 ab
1446 1599 1846 1670 alteroquidem
1888 1583 2022 1650 alte-

420 1701 544 1739 rum
571 1689 716 1742 vinei
745 1691 1115 1746 necessarium
1151 1692 1291 1748 foret
1323 1711 1336 1747 :
1374 1692 1516 1747 Deus
1543 1701 1726 1746 autem
1754 1690 1856 1744 hoc
1881 1688 1999 1743 ﬁeri

2126 673 2240 728 ἄνω
2279 675 2542 744 ποταμῶν
2575 677 2669 730 ἐπὶ
2702 677 2914 742 τούτοις
2953 679 3293 734 συστατικὸν
3334 679 3750 747 ἀναφαίνεται.

2125 763 2426 834 Σκοπῶμεν
2457 765 2548 830 δὲ,
2581 768 2728 830 ὅπως
2760 768 2998 839 πολέμου
3033 771 3183 832 τέλος
3217 769 3328 822 καὶ
3368 769 3573 840 μάχης
3607 770 3754 822 δυοῖν

2121 853 2372 928 θάτερον,
2415 858 2448 927 ἢ
2501 861 2830 914 σπείσασθαι
2876 861 2911 931 ἢ
2961 862 3240 929 κρατῆσαι
3274 879 3291 892 ο
3349 861 3607 931 θάτερον
3654 861 3752 932 μὲν

2123 949 2424 1017 κρατῆσαι,
2469 948 2700 1019 θάτερον
2743 952 2800 1005 δὲ
2841 953 3170 1024 ἡττηθῆναι.
3211 954 3343 1006 Καὶ
3398 954 3750 1008 σπείσασθαι

2127 1040 2225 1108 μὲν
2257 1041 2326 1094 τὰ
2358 1044 2602 1112 στοιχεῖα
2634 1043 2889 1114 ἀλλήλοις
2903 1047 3199 1110 ’παντελῶς
3228 1048 3537 1100 ἀδύνατον
3561 1061 3576 1076 °
3617 1048 3751 1117 μηδὲ

2121 1130 2232 1201 γὰρ
2263 1131 2362 1202 τὴν
2391 1132 2602 1204 ἑαυτῶν
2633 1135 2796 1204 φύσιν
2823 1137 3158 1207 ἀρνήσασθαι
3191 1137 3475 1194 δυνατόν.
3512 1139 3743 1208 Κρατῆο

2071 1273 2080 1282 ,
2121 1241 2209 1276 σαι
2252 1225 2310 1278 δὲ
2355 1226 2528 1296 πάντη
2577 1227 2782 1299 θάτερα
2853 1229 2962 1283 τῶν
3023 1231 3226 1298 ἑτέρων
3276 1231 3753 1297 ἀναγκαιότατον

2129 1318 2229 1387 μέν
2255 1335 2268 1350 ⁸
2299 1319 2433 1382 Θεὸς
2466 1320 2522 1373 δὲ
2557 1321 2732 1392 εἴργει
2758 1324 2918 1376 τοῦτο
2947 1323 3217 1392 γενέσθαι.
3256 1321 3342 1377 Τὸ
3380 1323 3504 1394 γάρ
3543 1324 3753 1394 κρατῆ-

2125 1426 2224 1463 σαν
2259 1409 2316 1464 ὲν
2349 1411 2534 1474 αὐτοῖς
2569 1413 2782 1484 ἀνάγκη
2819 1414 3126 1483 διαφθεῖραι
3159 1416 3221 1470 τὸ
3258 1415 3581 1486 κρατηθὲν
3603 1454 3620 1479 ,
3659 1414 3753 1468 καὶ

2123 1500 2302 1572 τούτῳ
2338 1503 2730 1573 συμφθαρῆναι
2767 1506 2827 1558 τδ
2862 1507 3182 1571 ἀναλῶσαν,
3218 1507 3509 1578 καθάπερ
3547 1507 3655 1577 ὕλῃ
3689 1506 3750 1558 τὸ

2125 1592 2237 1660 πῦρ
2261 1609 2276 1624 ·
2316 1593 2457 1647 ὥστε
2490 1595 2561 1648 τά
2602 1599 2843 1666 στοιχεῖα
2886 1598 3025 1667 μόνα
3059 1599 3136 1668 (ί)
3171 1598 3250 1668 τῷ
3300 1599 3596 1669 πολεμεῖν
3629 1598 3751 1651 δια-

2132 1685 2282 1754 μένει
2305 1726 2319 1748 ,
2357 1689 2451 1741 καὶ
2485 1689 2563 1759 τῷ
2600 1689 2892 1761 παραδόξῳ
2925 1691 3100 1762 τούτῳ
3133 1691 3494 1755 διασώζεται
3531 1690 3745 1760 τρόπῳ.

423 1779 694 1845 prohibet.
721 1782 855 1836 Nam
921 1785 1275 1853 elementum,
1301 1791 1447 1857 quod
1494 1789 1548 1840 in
1582 1787 1716 1855 ipsis
1737 1783 1979 1838 victoria:
2015 1796 2242 1850 compos
2282 1781 2442 1849 foret,
2474 1785 2525 1839 id
2553 1793 2606 1839 et
2642 1787 2841 1840 victum
2873 1789 3204 1843 elementum
3245 1787 3519 1850 tolleret,
3555 1793 3612 1840 et
3642 1791 3748 1839 una

419 1891 547 1927 cum
577 1877 670 1929 illo
694 1879 838 1947 quod
870 1883 1330 1950 consumpsisset.
1371 1884 1514 1937 sicut
1537 1882 1757 1936 ﬂamma
1783 1893 1906 1933 cum
1934 1875 2180 1939 materia,
2215 1875 2390 1945 ipsum
2421 1880 2865 1949 exstingueretur
2902 1901 2916 1936 :
2953 1882 3093 1938 adeo
3136 1890 3195 1936 ut
3243 1880 3392 1937 belli
3467 1893 3582 1948 ope
3629 1875 3745 1932 sola

418 1969 689 2024 elementa
736 1974 1050 2043 perdurent,
1097 1976 1523 2046 hujusmodique
1559 1976 1743 2042 modo,
1793 1985 1967 2042 eoque
2007 1969 2314 2023 admirabili
2355 1984 2770 2028 conserventur.

492 2063 580 2119 16.
635 2064 789 2119 Unde
837 2067 1036 2121 mirum
1084 2084 1208 2124 esse
1257 2069 1392 2134 dixi,
1437 2071 1582 2139 quod
1631 2084 1696 2124 ex
1733 2065 1998 2138 ejusmodi
2033 2066 2078 2124 Β

419 2157 707 2228 principiis
742 2162 810 2213 ab
859 2162 1020 2215 initio
1071 2176 1256 2218 nostra
1299 2177 1528 2233 corpora
1557 2162 1929 2226 constiterint,
1964 2167 2019 2216 et

420 2249 504 2303 vel
537 2249 683 2304 brevi
717 2252 1250 2321 quopiam-tempore
1283 2263 1656 2318 permaneant.
1682 2251 2012 2322 Angelorum

420 2355 561 2394 vero
588 2351 783 2395 natura
817 2342 1050 2412 simplex
1075 2343 1477 2412 elcmentisque
1513 2344 1888 2412 praestantior,
1917 2355 2015 2395 ue-

419 2448 524 2502 que
559 2434 628 2489 ab
659 2435 747 2500 iis,
780 2437 1064 2490 elementis
1095 2437 1238 2501 dico,
1266 2437 1641 2502 exsistcntiam
1677 2436 1837 2491 habet
1866 2435 2014 2504 (quo

421 2527 597 2592 enim,
623 2528 871 2594 obsecm,
906 2539 1066 2597 pacto
1115 2541 1544 2584 consentaneum
1587 2541 1754 2594 esset,
1803 2545 1866 2584 ex
1900 2535 2022 2597 post

421 2614 581 2678 factis
627 2623 775 2692 ipso:
813 2639 936 2678 esse
987 2625 1160 2680 factos
1184 2625 1270 2696 ἲ),
1300 2641 1479 2694 neque
1512 2625 1616 2679 alia
1653 2623 1908 2693 quapiam
1962 2637 2021 2675 re

422 2715 652 2786 indiget,
711 2726 770 2770 ut
829 2718 1096 2772 consistat
1144 2727 1239 2772 aut
1283 2719 1422 2774 bene
1474 2734 1533 2772 se
1580 2719 1799 2772 trahent.
1849 2715 2018 2786 Igitur

423 2809 564 2862 haud
602 2820 745 2864 recte
775 2810 1034 2878 opinetur
1067 2812 1211 2880 quis,
1253 2812 1477 2881 angelos
1508 2810 1845 2880 corruptioni
1882 2809 2017 2865 suh-

417 2903 593 2967 jeetos
632 2918 754 2958 esse
784 2919 962 2973 posse.
992 2905 1045 2959 Si
1077 2905 1221 2957 enim
1257 2904 1585 2973 composita,
1623 2919 1687 2958 eo
1717 2905 1835 2972 ipso
1868 2903 2012 2973 quod

419 2998 724 3064 composita
759 3009 908 3060 sunt,
947 3006 1176 3051 mortem
1227 2999 1446 3067 quidem
1487 2999 1691 3052 obeunt
1743 2999 2018 3065 ﬁnemque

425 3087 932 3157 babent,it!eoqne
989 3089 1109 3144 aliis
1175 3089 1630 3158 corruptibilibus
1699 3089 1766 3142 ad
1835 3089 2021 3143 consi-

422 3180 677 3233 stendum
716 3178 980 3248 indigent,
1018 3179 1196 3247 palam
1260 3189 1339 3233 est
1387 3179 1714 3233 immortalia
1751 3195 1871 3234 esse
1897 3194 2017 3246 qme

422 3275 553 3320 sum.
621 3267 771 3322 hisce
834 3269 1133 3323 contraria.
1165 3267 1247 3320 Est
1275 3283 1406 3338 ergo
1455 3269 1774 3337 angelorum
1825 3278 2018 3321 natura

2189 2063 2285 2127 ις’.
2322 2067 2429 2119 Καὶ
2467 2068 2802 2138 θαυμαστὸν,
2839 2069 2978 2138 ὅπερ
3011 2063 3185 2144 εἶπον,
3221 2067 3310 2120 ὅτι
3351 2067 3460 2122 καὶ
3501 2067 3740 2136 συνέστη

2116 2156 2215 2226 τὴν
2248 2159 2420 2228 ἀρχὴν
2452 2160 2521 2212 τὰ
2556 2161 2786 2230 σώματα
2818 2162 2951 2231 ἡμῖν
2983 2161 3094 2214 ἀπὸ
3126 2161 3236 2213 τῶν
3269 2160 3566 2214 τοιούτων
3592 2201 3607 2224 ,
3646 2161 3740 2214 καὶ

2119 2251 2336 2321 διαρκεῖ
2381 2252 2585 2322 βραχύν
2621 2271 2743 2306 τινα
2785 2251 2999 2324 χρόνον.
3040 2255 3102 2307 Οί
3158 2253 3215 2307 δὲ
3258 2253 3510 2322 ἄγγελοι
3573 2251 3740 2321 φύσις

2115 2345 2263 2415 ἁπλῆ
2305 2349 2400 2399 καὶ
2433 2346 2542 2399 τῶν
2579 2347 2862 2417 στοιχείων
2899 2346 3200 2416 κρείττων,
3239 2346 3344 2399 καὶ
3390 2345 3534 2398 οὔτε
3582 2342 3738 2413 παρά

2115 2437 2324 2491 τούτων
2349 2437 2460 2508 ἔχει
2483 2439 2582 2507 τὴν
2609 2435 2845 2508 ὕπαρξιν
2875 2438 3017 2510 (πῶς
3042 2437 3151 2509 γὰρ
3177 2438 3500 2492 ἀκόλουθον
3528 2437 3596 2490 ἐκ
3624 2438 3733 2490 τῶν

2118 2532 2574 2602 ύστερογενῶνς),
2626 2531 2751 2585 οὔτε
2795 2533 2939 2593 τινος
2962 2531 3118 2594 αῦυὶς
3167 2531 3376 2597 δεῖται,
3430 2531 3587 2584 ὥστε
3638 2529 3733 2582 καὶ

2117 2623 2472 2676 συνίστασθαι
2504 2624 2535 2694 ἣ
2574 2620 2633 2677 εῦ
2668 2620 2828 2678 εἶναι.
2863 2623 2977 2677 Οὐκ
3009 2623 3094 2693 ἄρ’
3119 2622 3180 2676 εὖ
3211 2623 3332 2692 ἔχει
3368 2624 3612 2685 τούτους
3645 2621 3730 2674 δο-

2117 2716 2299 2782 ξάζειν
2354 2716 2593 2778 οἴουςντε
2637 2712 2776 2768 εἶναι
2821 2715 2997 2786 φθορᾷ
3031 2714 3343 2768 δουλεῦσαι.
3390 2715 3461 2768 Ei.
3502 2713 3618 2784 γάρ
3659 2712 3724 2766 τὰ

2121 2809 2350 2860 σύνθετα
2392 2807 2561 2877 Ονητά
2605 2805 2698 2858 καὶ
2735 2806 2890 2874 λῆξιν
2926 2806 3289 2876 ὲκδεχόμενα,
3335 2805 3531 2874 τούτῳ
3573 2804 3722 2869 αύτῷ

2117 2901 2192 2971 τῷ
2241 2901 2471 2954 σύνθετα
2517 2895 2679 2958 εἶναι,
2723 2899 2815 2951 καὶ
2859 2899 2947 2952 διὰ
2983 2899 3142 2953 τοῦτο
3183 2898 3405 2953 δέονται
3455 2896 3722 2967 φθαρτῶν

2117 2993 2342 3063 ἑτέρων,
2365 2992 2504 3046 ὥστε
2535 2991 2913 3055 συνίστασθαι,
2945 2992 3113 3059 σαφὲς
3142 2991 3211 3064 ἂν
3233 2989 3322 3060 εἴη
3358 2989 3618 3052 πάντως,
3645 2986 3719 3048 ὡς

2115 3085 2377 3139 τάναντία
2407 3084 2615 3145 τούτοις
2647 3084 2913 3136 ἀθάνατα.
2949 3083 3015 3136 Ἦ
3043 3083 3150 3137 τῶν
3177 3083 3445 3150 ἀγγέλων
3475 3081 3591 3152 ἄρα
3623 3077 3722 3148 φύ-

2122 3196 2207 3240 σις
2244 3177 2531 3236 ἀθάνατος.
2569 3174 2771 3227 Θεόθεν
2802 3176 2912 3244 γὰρ
2946 3175 3042 3244 τὴν
3076 3172 3316 3242 ὓπαρξιν
3354 3173 3591 3243 ἔχουσι,
3627 3169 3717 3221 καὶ

2119 3275 2182 3341 τῇ
2217 3271 2410 3323 τούτου
2444 3268 2582 3339 μόνῃ
2612 3269 2831 3336 μεθέξει
2861 3267 2996 3330 ζῶσι
3025 3266 3244 3336 (2),·καὶ
3275 3258 3717 3328 κινοῦνται,·καὶ

423 3360 772 3414 immortalis.
826 3359 962 3414 Nam
1011 3375 1039 3412 a
1077 3361 1186 3415 Deo
1263 3361 1642 3416 exsistentiam
1701 3361 1924 3425 habent,
1959 3368 2016 3415 et

2124 3363 2256 3416 είσίν
2291 3364 2392 3430 (3).
2415 3362 2581 3416 Ὅθεν
2615 3362 2647 3432 ἡ
2679 3360 2905 3431 τοιαύτη
2949 3359 3110 3429 φύσις
3150 3358 3270 3420 πῶς
3311 3359 3419 3428 μὲν
3453 3355 3711 3424 vectium;

423 3453 538 3506 sola
577 3452 740 3521 hujus
792 3454 1217 3523 participatione
1262 3455 1474 3519 vivunt,
1517 3463 1830 3518 moventur,
1858 3465 2013 3510 sunt.

422 3544 744 3616 llujusmodi
814 3555 997 3599 autem
1060 3556 1252 3601 natura
1331 3546 1608 3614 quomodo
1677 3547 2004 3616 aegrotabit?

421 3639 702 3708 quomodo
775 3637 1087 3693 scucseet?
1135 3636 1410 3705 quomodo
1473 3644 1776 3690 veterascct
1815 3636 1838 3689 ?
1879 3653 2019 3706 quo-

421 3731 587 3784 modo
637 3730 942 3783 morietur?
990 3727 1192 3783 Eadem
1252 3729 1463 3782 ratione
1518 3727 1732 3783 animas
1785 3743 2005 3799 quoque

421 3823 765 3878 innnortales
820 3837 942 3877 esse
994 3820 1428 3878 existimandum
1494 3831 1598 3876 esr.
1639 3819 1845 3876 Natura
1872 3823 2015 3876 enim

423 3924 552 3969 sunt
605 3914 927 3984 simplices,
973 3913 1317 3982 rationisque
1399 3913 1697 3982 participes
1725 3953 1738 3974 ,
1786 3914 2016 3984 soloque

424 4007 518 4062 Dei
567 4007 882 4061 interventu‘
921 4006 1008 4076 (si
1061 4005 1139 4059 sic
1189 4003 1332 4075 quod
1384 4003 1556 4059 Graeci
1579 4004 1800 4072 μέθεξιν
1823 4015 2013 4060 vocant

424 4101 692 4172 appellari
731 4099 949 4169 placet)
987 4099 1288 4152 exsistunt.
1322 4096 1462 4162 Quin
1487 4099 1650 4152 etiam
1685 4099 2018 4168 corruptibi-

423 4195 556 4248 lium
604 4192 1030 4260 mortaliumqne
1079 4205 1260 4244 rerum
1314 4203 1660 4258 qurerunque
1712 4190 2018 4258 corruptio-

424 4301 548 4340 nem
579 4299 640 4338 ac
676 4293 908 4337 mortem
958 4282 1324 4348 superabunt,
1361 4279 1501 4333 hanc
1552 4279 2015 4334 immortalitatem

422 4376 859 4446 incorruptibil‘s
895 4383 1105 4428 natura:
1141 4373 1559 4442 participatione
1603 4372 2014 4441 adipiscuntur.

424 4474 688 4536 Qna‘nam
727 4470 890 4538 igitur
920 4467 1059 4521 ratio
1102 4480 1224 4520 esse
1275 4473 1474 4534 potest,
1532 4474 1591 4518 ut
1637 4466 1867 4532 angelis,
1923 4467 2017 4536 qui

426 4561 767 4618 substantiis.
798 4559 1124 4615 mortalibus
1158 4557 1568 4626 prmstantiores
1599 4566 1750 4618 sunt,
1784 4567 2024 4611 mortem

427 4654 839 4710 attribuamue?
872 4650 966 4706 Sin
1001 4661 1187 4705 autem.
1220 4649 1425 4703 horum.
1447 4659 1698 4702 naturam
1733 4648 1785 4702 in
1819 4649 2016 4704 melius

2124 3456 2242 3520 πῶς
2280 3455 2337 3508 δὲ
2379 3455 2613 3524 γηράσει
2650 3454 2762 3524 (4);
2802 3452 2918 3515 πῶς
2955 3453 3013 3505 δὲ
3054 3449 3558 3519 παλαιωθήσεται;
3600 3443 3715 3505 πῶς

2120 3552 2176 3605 δὲ
2205 3548 2558 3618 τεθνήξεταις
2592 3547 2793 3600 Τοῦτον
2824 3546 2880 3598 δὲ
2911 3546 3002 3598 τὸν
3030 3546 3234 3615 τρόπον
3264 3545 3362 3596 καὶ
3396 3542 3503 3602 τάς
3535 3538 3713 3609 ψυχὰς

2119 3643 2422 3705 ἀθανάτους
2448 3641 2811 3712 ὑποληπτέον.
2846 3638 3040 3692 Ἀπλαῖ
3067 3637 3175 3709 γάρ
3200 3637 3264 3706 δὴ
3294 3636 3392 3689 καὶ
3420 3626 3588 3689 αὗται
3615 3629 3710 3698 τὴν

2122 3736 2316 3806 φύσιν,
2353 3734 2448 3788 καὶ
2481 3734 2733 3801 λογικαὶ,
2769 3731 2866 3784 καὶ
2895 3733 2960 3801 τῇ
2998 3730 3092 3782 τοῦ
3128 3728 3262 3782 Θεοῦ
3301 3726 3532 3797 μεθέξει
3572 3721 3709 3792 μόνῃ

2123 3827 2490 3881 συνίστανται.
2520 3827 2628 3880 Καὶ
2662 3825 2767 3894 μὴν
2798 3822 3029 3877 καὶτῶν
3057 3821 3316 3890 φθαρτῶν
3347 3837 3410 3872 τε
3443 3818 3545 3871 καὶ
3576 3814 3706 3884 θνη-

2119 3921 2248 3985 τῶν,
2275 3921 2373 3972 ὂσα
2403 3917 2586 3988 μέλλει
2617 3917 2833 3978 πάντως
2862 3912 3193 3985 γενήσεσθαι
3221 3912 3471 3981 κρείττω
3497 3904 3706 3976 φθορᾶς

2119 4015 2215 4066 καὶ
2249 4012 2500 4076 θανάτου,
2535 4013 2601 4080 τῇ
2632 4008 2726 4063 τοῦ
2759 4008 3041 4078 ἀφθάρτου
3076 4007 3274 4076 μετοχῇ
3306 4004 3477 4057 τοῦτο
3507 4001 3574 4054 ἂν
3607 3995 3707 4049 πά-

2121 4106 2224 4162 θοι.
2255 4107 2419 4158 Ὥστε
2448 4103 2550 4158 τίν’
2575 4103 2688 4173 ἔχει
2719 4101 2876 4169 λόγον
2896 4139 2912 4165 ,
2945 4099 3178 4154 θάνατον
3209 4098 3475 4166 ἀγγέλοις
3507 4087 3706 4161 περιά-

2121 4215 2275 4250 πτειν
2304 4194 2547 4265 ἀμείνοσι
2576 4193 2681 4247 τῶν
2707 4193 2919 4262 θνητῶν
2947 4191 3029 4262 (5)
3055 4190 3432 4260 ὑπάρχουσινς
3465 4187 3530 4240 Εἰ
3556 4183 3613 4236 δὲ
3641 4179 3700 4247 δὴ

2121 4291 2219 4360 τὴν
2248 4287 2455 4340 τούτων
2484 4285 2644 4355 φύσιν
2676 4285 2784 4356 φῂς
2815 4283 3162 4337 ἀλλοιοῦσθαι
3190 4280 3328 4351 πρὸς
3358 4279 3422 4332 τὸ
3456 4275 3698 4349 βέλτιον,

2121 4382 2215 4435 καί
2247 4397 2328 4434 σοι
2358 4380 2510 4449 φίλον
2540 4379 2768 4432 θάνατον
2798 4376 2955 4429 τοῦτο
2986 4375 3194 4438 καλεῖν,
3227 4373 3334 4427 ῐσθι
3369 4371 3495 4443 μὲν,
3529 4367 3605 4430 ὡς
3636 4364 3696 4416 ού

2120 4473 2272 4545 καλῷ
2320 4471 2606 4526 κάλλιστον
2655 4469 2890 4539 πρᾶγμα
2936 4463 3374 4537 προσαγορεύεις
3422 4460 3652 4530 ὀνόματι
3680 4466 3696 4482 ⁸

2119 4565 2220 4636 τὴν
2255 4566 2362 4634 γὰρ
2402 4562 2496 4615 ἐπὶ
2529 4564 2588 4615 τὸ
2625 4562 2872 4630 κρεῖττον
2905 4558 3195 4612 ἀλλοίωσιν
3229 4555 3378 4626 ζωῆς
3421 4563 3698 4621 προσηγο·

2127 4659 2251 4728 ρίαν
2287 4654 2539 4724 δέχεσθαι
2584 4653 2782 4722 μᾶλλον
2821 4651 2854 4722 ἢ
2900 4650 3131 4704 θανάτου
3175 4648 3449 4718 προσῆκε.
3485 4639 3698 4704 Λέξεως

429 4747 628 4803 mutari
659 4746 824 4812 dicis,
855 4755 1018 4816 atque
1061 4743 1163 4798 hoc
1194 4753 1421 4796 mortem
1452 4756 1649 4796 vocare
1697 4741 1790 4795 tibi
1815 4743 2008 4812 placet,

2121 4754 2162 4808 δ’
2188 4753 2376 4807 ἕνεκεν
2419 4751 2481 4803 οὐ
2525 4748 2838 4817 διοίσομαι·
2884 4745 3141 4799 ἀλλὀῦδὲ
3184 4742 3353 4797 πολύν
3395 4738 3524 4794 τινά
3569 4745 3694 4785 ποτε

425 4842 654 4897 nomine
688 4857 795 4896 non
839 4839 1068 4910 pulchro
1101 4836 1528 4907 pulcherrimam
1570 4851 1684 4888 rem
1717 4835 1814 4891 abs
1844 4847 1890 4890 te
1913 4853 2009 4908 ap-

425 4932 618 5003 pellari
673 4933 812 4987 scito
849 4949 861 4985 :
900 4945 1024 4984 nam
1057 4941 1179 4999 quae
1220 4927 1280 4981 in
1317 4925 1513 4982 melius
1553 4926 1628 4981 ιιι
1682 4927 2010 4998 immutatio,

2121 4844 2424 4913 ποιήσομαι
2454 4840 2646 4904 λόγον,
2679 4839 2808 4892 ὅταν
2840 4854 2921 4890 σοι
2951 4837 3049 4905 τῆς
3083 4833 3319 4904 ἀληθοῦς
3348 4833 3376 4885 ὁ
3407 4827 3535 4891 νοῦς
3567 4823 3694 4894 ἔχη·

2117 4951 2209 4986 ται
2239 4932 2420 5001 δόξης.

428 5047 493 5085 ea
531 5031 656 5085 vitae
688 5029 867 5099 potius
894 5042 1059 5098 quam
1097 5026 1298 5080 mortis
1349 5023 1772 5095 appellationem
1836 5030 2083 5098 accipere
2125 5029 2366 5084 deberet.
2413 5026 2542 5081 Sed‘
2578 5025 2728 5082 nulla
2791 5024 2895 5080 erit
2957 5023 3094 5078 mihi
3168 5027 3348 5075 tecum
3415 5021 3483 5073 de
3532 5011 3694 5070 verlto

429 5125 808 5179 controversia
840 5139 854 5176 :
937 5137 1040 5196 nec
1078 5121 1301 5190 longum
1335 5135 1436 5190 ego
1464 5118 1531 5174 de
1574 5118 1671 5173 illa
1697 5135 1754 5173 re
1786 5135 1906 5175 sum
1938 5139 2245 5179 sermonem
2295 5123 2562 5188 tacturus,
2601 5120 2895 5177 dummodo
2925 5135 2954 5173 a
2987 5133 3116 5174 vera
3165 5116 3424 5187 opinione
3470 5109 3692 5168 intentio

431 5221 817 5290 sententiaque
848 5229 939 5272 tua
975 5234 1084 5272 non
1123 5218 1193 5272 sit
1225 5216 1430 5270 aliena.

504 5315 592 5370 l7.
625 5313 722 5368 llic
761 5311 947 5376 Persa,
984 5309 1218 5380 Optime,
1255 5309 1452 5378 inquit,
1489 5309 1734 5363 nomium
1773 5318 1826 5365 tu
1882 5312 2014 5366 mihi

433 5411 534 5466 ahs
558 5419 608 5464 tc
635 5408 904 5463 dictorum
936 5403 1173 5474 probasti
1193 5404 1484 5467 rationem,
1509 5405 1870 5472 orationeque
1898 5414 2018 5468 tua,

434 5519 560 5560 cum
590 5501 834 5572 angelos,
854 5509 967 5554 tum
1015 5498 1249 5560 animas,
1273 5498 1611 5554 immortales
1644 5514 1765 5553 esse
1795 5500 2021 5554 drmon-

437 5598 650 5654 strasti.
673 5597 972 5650 Amborum
1004 5601 1182 5647 tamen
1218 5599 1409 5645 natura
1441 5607 1549 5646 non
1585 5591 1766 5646 omnis
1791 5593 2018 5647 onmino

435 5689 710 5761 passionis
741 5699 937 5757 expers
965 5700 1084 5740 esse
1116 5683 1248 5738 mihi
1273 5684 1487 5737 videtur
1518 5702 1532 5738 :
1577 5699 1673 5738 nec
1700 5686 1841 5739 enim
1877 5700 2020 5738 Sent-

509 5829 590 5888 (ll
613 5829 775 5885 Forte
805 5831 971 5900 μόνῳ.
1136 5867 1138 5869 ›

511 5902 592 5965 (2)
623 5901 759 5955 Cod.
789 5902 956 5956 Cois].
994 5901 1126 5966 ζιῖα.

515 5970 594 6046 ὦ)
618 5973 826 6029 Alludit
855 5974 918 6029 ad
963 5974 1018 6028 S.
1047 5973 1192 6028 l’auli
1223 5972 1448 6038 dictum,
1481 5974 1533 6025 Α·
1560 5980 1597 6026 ι.
1643 5972 1831 6044 Ap~=st.
1874 5986 2008 6032 xm,

2193 5314 2276 5378 ιζ’.
2320 5313 2538 5383 Σφόδρα
2566 5314 2774 5376 πάντα,
2807 5310 2914 5381 ἔφη
2943 5313 2970 5364 ὁ
3001 5311 3248 5383 Πέρσης,
3281 5312 3465 5384 ἔχεταί
3497 5323 3579 5360 σοι
3608 5301 3688 5354 λό-

2117 5423 2216 5473 γου
2258 5406 2324 5458 τὰ
2366 5405 2666 5476 εἰρημένα,
2711 5406 2805 5458 καὶ
2851 5404 3153 5467 ἀθανάτους
3198 5406 3324 5465 τοὺς
3365 5400 3626 5470 ἀγγέλους
3663 5391 3688 5443 ὁ

2118 5496 2276 5564 λόγος
2303 5496 2583 5566 ἀπέφηνε,
2613 5497 2706 5548 καὶ
2731 5496 2794 5565 δὴ
2823 5496 2915 5547 καὶ
2941 5496 3038 5557 τὰς
3063 5495 3258 5564 ψυχάς.
3291 5496 3356 5548 Ἤ
3385 5493 3542 5562 φύσις
3570 5483 3686 5555 μέν·

2123 5607 2205 5642 τοι
2251 5591 2348 5641 καὶ
2389 5591 2595 5659 ἀμφοῖν
2640 5591 2738 5644 οὐκ
2782 5590 2999 5656 ἀπαθὴς
3042 5590 3388 5643 παντάπασιν
3427 5582 3558 5640 οὖτά
3600 5590 3682 5645 μοι

2125 5682 2378 5748 φαίνεται
2402 5698 2414 5711 ·
2449 5679 2569 5735 οὐδὲ
2608 5685 2714 5753 γὰρ
2750 5684 2836 5736 ἀεὶ
2868 5683 3130 5746 ὡσαύτως
3163 5683 3396 5752 ἔχουσα,
3430 5677 3520 5732 καὶ
3552 5664 3683 5726 κατὰ

2123 5826 2191 5878 28
2243 5825 2304 5878 In
2329 5828 2438 5892 ipso
2461 5829 2595 5880 enim
2628 5828 2870 5889 vivimus,
2902 5844 3168 5881 moremur
3197 5839 3243 5880 ct
3275 5842 3474 5881 sumus.

2204 5897 2277 5962 (vi)
2304 5897 2439 5952 Cod.
2467 5898 2637 5952 Coisl.
2668 5916 2728 5966 γε
2769 5901 3054 5967 κρατήσει.

2199 5968 2278 6030 (5,)
2310 5967 2398 6024 Sic
2429 5971 2640 6024 correxi
2682 5987 2691 6021 :
2720 5973 2769 6022 iu
2805 5987 2932 6024 mss.
2959 5969 3155 6037 legitur
3178 5969 3283 6022 τῶν
3303 5968 3492 6021 ὄντων.
