4080 6668
346 429 451 500 151

1510 446 1910 510 MANUELIS
1950 449 2397 511 PALAZOLOGI
2433 420 2438 424 ’

3503 440 3603 506 152

331 550 549 617 nlicem,
579 564 830 621 quanam
871 552 944 608 sit
993 553 1332 626 singulorum
1386 559 1780 619 elementorum
1820 581 1912 620 na-

2026 568 2247 636 μακράν
2283 563 2534 635 ἀλλήλων
2570 566 2635 636 τῇ
2683 563 2846 633 φύσει
2887 562 3232 634 διεστηκότα,
3277 561 3359 626 είς
3397 562 3602 618 ταυτὸν

333 641 499 696 tura?
535 644 817 714 quomodo
845 646 980 712 haec,
1012 648 1226 704 etiamsi
1265 664 1506 720 pugnent
1529 653 1671 708 inter
1709 671 1789 719 se,
1819 671 1918 712 na.

332 740 564 802 turaque
597 735 760 804 longe.
786 737 1122 803 discrepent,
1154 739 1207 794 in
1226 741 1364 795 idem
1382 749 1564 796 tamen
1585 749 1917 800 conveniant

333 825 764 894 quodammodo,
810 829 1096 900 vicinaque
1135 832 1291 887 sint?
1337 834 1440 888 alia
1473 835 1698 904 quidem
1727 838 1916 891 imme-

331 918 495 981 diate,
530 927 588 971 ιιι
623 918 692 971 ita
729 919 929 984 dicam,
962 923 1382 994 quibuscunque
1413 926 1667 981 videlicet
1711 943 1916 997 cogna-

335 1007 410 1058 tio
437 1007 684 1076 quaedam
719 1020 772 1064 et
807 1014 1019 1066 occulta
1055 1013 1314 1068 identitas
1343 1015 1528 1070 inest?
1555 1015 1660 1072 alia
1687 1019 1918 1073 mediale

331 1115 394 1152 ea
421 1099 563 1164 dico,
598 1117 721 1169 qua:
754 1103 953 1157 diversi
987 1107 1213 1159 omnino
1240 1117 1369 1162 sunt
1399 1109 1641 1177 generis,
1677 1120 1730 1163 et
1759 1125 1917 1179 pror-

333 1207 428 1245 sus
459 1192 681 1247 aliena?
713 1210 834 1263 qua:
869 1206 1046 1251 tamen
1081 1200 1341 1252 similium
1375 1201 1702 1264 qualitatum
1746 1203 1919 1256 inter-

332 1293 495 1336 ventu
534 1283 785 1351 latenter,
817 1297 874 1341 ut
898 1290 1168 1358 quispiam
1203 1293 1422 1354 dixerit,
1445 1303 1500 1346 et
1529 1294 1743 1349 occulte
1775 1294 1918 1349 inter

335 1391 396 1427 se
427 1377 850 1432 reconciliantur
882 1397 896 1432 :
927 1381 1069 1434 unde
1102 1381 1316 1451 singula
1348 1383 1601 1454 singulis,
1645 1386 1791 1456 quod
1833 1393 1918 1441 est

333 1465 478 1520 dictu
515 1469 784 1534 mirabile,
825 1475 1160 1528 contrariam
1214 1475 1349 1544 ipsis
1382 1486 1636 1531 naturam
1667 1491 1918 1551 cominu-

334 1559 541 1625 uicani,
586 1565 1141 1636 commistionemque
1186 1575 1240 1622 et
1280 1569 1542 1624 unitatem
1595 1585 1719 1624 cum
1749 1571 1917 1627 dissi-

334 1651 553 1706 milibus
605 1655 835 1722 iaciunt,
878 1659 1022 1726 quod
1077 1675 1296 1714 onmem
1346 1663 1526 1716 hercle
1572 1663 1916 1717 admirabili-

331 1745 461 1800 tatis
499 1760 784 1801 excessum
835 1759 1056 1820 superat
1085 1768 1108 1804 τ
1153 1753 1425 1822 siquidem
1464 1752 1515 1808 id
1567 1755 1915 1810 dissimilituo

335 1835 483 1891 dinis
524 1841 711 1908 specie
762 1842 977 1896 dulcem
1036 1847 1326 1911 quemdam
1356 1856 1680 1901 concentum
1731 1847 1914 1914 edicit,

2020 656 2343 729 συνέρχεταί
2369 673 2506 719 πως,
2531 657 2626 709 καὶ
2653 655 2984 724 γειτνιάζει;
3012 655 3197 709 καὶτὰ
3225 654 3325 724 μὲν
3349 655 3601 723 ἀμέσως,

2017 751 2164 812 ὅσοις
2205 747 2450 818 δηλονότι
2494 746 2789 815 συγγένειά
2824 763 2909 810 τις
2952 746 3151 809 ἔνεστι,
3195 743 3290 798 καὶ
3328 745 3602 813 ταυτότης

2019 838 2484 910 ἑγκεκρυμμὲνη;
2521 839 2588 892 τὰ
2629 838 2674 891 δ’
2703 830 2769 892 αὗ
2807 837 3094 909 ὲμμὲσως,
3133 837 3277 905 λέγω
3311 837 3368 892 δὲ
3403 837 3502 890 νῦν
3531 836 3602 891 τά

2019 931 2195 999 πάντη
2238 929 2449 997 ἔκφυλά
2490 944 2549 982 τε
2595 929 2672 998 (1)
2716 929 2814 983 καὶ⁸
2852 928 3140 998 ἀλλότριας
3183 927 3221 982 ἃ
3253 927 3362 981 τῶν
3395 927 3604 996 ὁμοίων

2020 1021 2425 1091 μεσιτευουσῶν
2451 1021 2781 1090 ἀμφοτέροις
2815 1020 3143 1090 ποιοτήτων,
3173 1017 3499 1091 λεληθότως,
3525 1018 3605 1082 ὡς

2017 1113 2083 1167 ἄν
2112 1129 2195 1173 τις
2225 1114 2370 1166 εἴποι
2395 1153 2410 1177 ,
2443 1113 2540 1165 καὶ
2572 1112 2821 1181 κρυφίως
2847 1111 3282 1165 καταλλάττεται
3308 1126 3323 1142 ο
3354 1111 3450 1163 καὶ
3483 1127 3606 1162 κοι-

2017 1205 2179 1256 νωνεῖ
2213 1204 2446 1257 ’ἑκαστον
2479 1202 2699 1272 ἑκάστῳ
2753 1201 2856 1270 τῆς
2905 1200 3158 1263 ἐναντίας
3198 1200 3346 1268 αύτῴ
3386 1197 3608 1266 φύσεως

2016 1293 2311 1364 θαυμασίῳ
2340 1295 2550 1364 τρόπῳ,
2585 1295 2681 1346 καὶ
2717 1293 3080 1364 μεταδίδωσιν
3111 1291 3298 1362 ἠρέμα
3331 1289 3430 1360 τῆς
3461 1290 3608 1360 πρὸς

2016 1386 2085 1438 τὰ
2113 1386 2343 1454 ἀνόμοια
2372 1384 2731 1456 συγκράσεώς
2757 1402 2816 1438 τε
2845 1385 2938 1438 καὶ
2965 1384 3246 1449 ἑνώσεως,
3272 1382 3300 1436 δ
3325 1382 3390 1453 δὴ
3418 1382 3606 1436 πᾶσαν

2014 1475 2296 1545 θαύματος
2326 1475 2635 1544 ὑπερϐολὴν
2666 1476 2799 1528 εἴσω
2828 1475 3137 1530 πίπτουσαν
3170 1473 3500 1542 ἀποφαίνει,
3533 1473 3604 1542 τῇ

2019 1567 2252 1637 δοκούσῃ
2282 1567 2562 1635 ἀνισότητι
2592 1565 2788 1637 εῦηχὸν
2821 1585 2944 1620 τινα
2975 1567 3244 1637 ἁρμονίαν
3276 1564 3605 1628 ἀποτελοῦν,

2019 1657 2115 1709 καὶ
2148 1658 2248 1710 οὐκ
2279 1658 2447 1724 ἀξίως
2479 1658 3222 1729 δυναμένηνθαυμάζεσθσι.
3255 1655 3473 1723 Τούτων
3503 1655 3605 1709 οῦν

2018 1748 2111 1802 τὸν
2144 1747 2305 1816 λόγον
2338 1750 2432 1803 νῦν
2465 1751 2756 1815 ἀπαιτεῖς;
2792 1751 2825 1820 ἢ
2868 1751 3075 1804 ἐκεῖνον
3096 1790 3110 1812 ,
3150 1748 3276 1802 καθ’
3301 1747 3360 1802 δν
3390 1749 3422 1801 ὁ
3458 1748 3606 1803 πάν-

2018 1855 2127 1892 των
2155 1838 2486 1910 δημιουργὸς
2520 1844 2583 1893 ἐκ
2612 1841 2708 1893 τοῦ
2745 1840 2818 1912 μὴ
2851 1840 3004 1904 ὄντος
3031 1839 3205 1893 ταῦτα
3238 1840 3604 1912 παρήγαγεν;

331 1941 494 1990 quem
532 1943 696 1982 nemo
729 1945 830 2000 pro
871 1934 948 1986 rei
983 1935 1248 2004 dignitate
1274 1937 1408 1992 satis
1436 1938 1610 2006 possit
1633 1938 1912 1993 admirari.

2020 1931 2053 2002 ἢ
2082 1933 2174 1985 τὸν
2204 1932 2522 2004 ἱστοροῦντα
2550 1933 2758 1987 τούτων
2787 1935 2888 2003 τὴν
2922 1933 3162 2003 ποίησιν,
3193 1933 3287 1986 καὶ⁵
3319 1933 3470 1984 ποῖον
3501 1929 3607 2000 μὲν

329 2016 470 2072 Νιιιιι
505 2018 672 2090 igitur
718 2022 914 2078 horum
953 2025 1068 2091 tibi,
1097 2025 1317 2095 hospes,
1350 2029 1618 2084 rationem
1643 2031 1906 2099 explicari

331 2126 479 2166 nunc
510 2115 754 2182 postulas
779 2117 803 2168 ἲ
832 2118 914 2172 vel
942 2134 1081 2183 eam,
1113 2136 1221 2190 qua
1270 2123 1482 2177 ratione
1521 2123 1706 2192 Opifex
1735 2124 1908 2178 :edifi-

329 2211 594 2273 calorque
622 2207 869 2260 omnium
909 2207 1048 2261 Deus
1079 2224 1142 2262 ex
1186 2209 1358 2264 nihilo
1391 2211 1507 2264 haec
1537 2211 1854 2280 produxerit
1888 2211 1911 2264 ?

331 2295 412 2349 vel
445 2311 592 2358 eam,
629 2315 750 2368 qua:
781 2302 973 2356 horum
1009 2304 1254 2356 omnium
1293 2303 1625 2358 creationem
1667 2314 1909 2369 enarret,

2019 2024 2255 2094 πρῶτον,
2295 2028 2448 2077 ποῖον
2490 2026 2547 2078 δὲ
2593 2025 2780 2093 μέσον,
2829 2027 2984 2078 ποῖον
3027 2025 3072 2077 δ’
3102 2024 3332 2077 ὕστατον
3375 2023 3600 2089 γέγονες

2019 2117 2130 2168 Καὶ
2155 2116 2237 2178 ὃς,
2265 2117 2369 2170 Τὸν
2397 2118 2576 2187 τρίτον
2601 2115 2776 2186 οἶμαι,
2804 2119 2930 2188 ἔφη,
2955 2119 3046 2172 τὸν
3073 2117 3288 2187 πατέρα
3319 2116 3600 2170 ἀπαιτεῖν.

2018 2204 2094 2261 Οί)
2131 2209 2461 2277 συνθεμένου
2493 2209 2571 2280 τῷ
2605 2210 2794 2278 παιδὶ,
2827 2211 2925 2265 καὶ
2956 2211 3391 2280 ὁμολογήσαντος
3412 2248 3428 2273 ,
3462 2207 3604 2278 ἔφην

2019 2301 2130 2369 ἐγώ
2153 2317 2166 2330 ·

327 2400 382 2444 et
411 2393 538 2462 quid
587 2395 844 2463 primum,
888 2399 1018 2467 quid
1057 2399 1319 2467 medium,
1353 2400 1481 2469 quid
1517 2401 1768 2454 ultimum
1805 2398 2007 2455 factum
2041 2397 2242 2457 fuerit?
2270 2401 2421 2458 Istuc
2446 2401 2670 2456 tertium
2737 2400 2955 2470 opinor,
3020 2399 3224 2470 inquit,
3273 2406 3434 2469 pater
3499 2409 3604 2452 ex-

327 2489 490 2556 petit.
516 2489 618 2557 Qui
654 2508 778 2546 cum
819 2494 912 2548 lilii
936 2495 1150 2550 dictum
1174 2510 1405 2553 assensu
1435 2513 1536 2552 suo
1561 2498 1994 2566 comprobasset,
2029 2509 2140 2556 tum
2171 2516 2301 2573 ergo
2338 2516 2530 2556 rursus
2562 2498 2637 2553 ita
2669 2513 2792 2552 sum
2826 2511 3061 2552 exorsus
3089 2495 3313 2550 dicere:

395 2584 452 2638 2.
501 2583 728 2640 Rectum
767 2588 986 2657 quidem
1040 2605 1162 2645 mea
1213 2590 1509 2656 sententia,
1557 2591 1749 2661 optimi
1788 2592 1912 2657 viri,

324 2679 617 2734 consilium
649 2667 876 2746 iniistis,
919 2681 1066 2750 quod
1099 2683 1406 2740 inclinastis
1436 2683 1501 2736 ad
1536 2684 1609 2748 id,
1634 2683 1779 2752 quod
1806 2697 1912 2736 non

325 2770 646 2840 perdiﬂicile
713 2782 820 2834 est,
856 2773 940 2828 vel
978 2771 1204 2829 omnino
1234 2784 1388 2830 extra
1443 2775 1761 2830 lacullatem
1810 2789 1912 2830 no-

324 2874 371 2919 st
385 2879 497 2917 ram
524 2864 760 2931 positum
798 2867 1006 2920 :tnulto
1033 2867 1180 2921 enim
1211 2868 1392 2922 hercle
1419 2881 1672 2922 sermone
1699 2867 1909 2936 indige-

326 2964 412 3010 ret
488 2956 734 3024 priorum
786 2959 1150 3026 quaestionum
1191 2959 1504 3028 explicatio,
1563 2959 1954 3030 multumque,

327 3045 486 3102 nobis
524 3045 822 3102 incesseret
854 3050 1080 3118 negotii.
1118 3049 1569 3120 philosophorum
1611 3050 1775 3106 etiam
1804 3050 1908 3104 lin—

325 3155 432 3210 gua
459 3147 513 3195 et
543 3141 733 3195 auditu
779 3156 918 3210 opus
951 3144 1189 3197 haberet.
1229 3142 1374 3196 Illam
1406 3158 1572 3212 porro
1615 3144 1906 3207 rationem,

324 3250 433 3303 qua
469 3233 584 3289 haec
611 3235 794 3290 omnia
829 3236 1146 3305 produxerit
1178 3236 1340 3299 Deus,
1386 3239 1820 3308 sapientiamque
1850 3239 1912 3292 il-

2097 2583 2164 2665 β’.
2199 2594 2272 2649 Εὖ
2302 2612 2390 2664 μοι
2420 2591 2805 2664 βεϐουλεῦσθαι
2831 2590 3062 2655 δοκεῖτε,
3093 2588 3230 2659 πρὸς
3256 2586 3319 2639 τδ
3349 2583 3425 2656 μὴ
3453 2579 3598 2640 πάνυ

1965 2761 1968 2764 γ
2022 2687 2313 2758 χαλεπὺνῆ
2345 2686 2607 2739 ἀδύνατον
2631 2684 2926 2746 νεύσαντες
2951 2697 2964 2709 ⁶
2995 2679 3104 2734 τῶν
3134 2680 3233 2750 μὲν
3259 2679 3368 2748 γὰρ
3397 2676 3599 2747 προτέ-

2022 2797 2132 2850 ρων
2173 2779 2503 2851 ζητημάτων
2541 2778 2569 2830 6
2611 2777 2770 2844 λόγος
2817 2773 2985 2837 πολὺς
3027 2771 3095 2826 ἂν
3135 2771 3244 2840 εἴη,
3286 2772 3382 2824 καὶ
3423 2769 3598 2824 πολλὰ

2018 2871 2276 2942 παρέχων
2307 2871 2439 2940 ἡμῖν
2471 2868 2794 2940 πράγματα,
2815 2865 3142 2935 φιλοσόφων,
3181 2863 3276 2916 καὶ
3307 2861 3558 2931 γλώττης
3578 2897 3600 2924 ,

2015 2967 2111 3020 καὶ
2138 2966 2310 3034 ἀκοῆς
2337 2963 2613 3033 δεόμενος.
2644 2962 2818 3029 Λόγον
2846 2959 3100 3014 δὲηπάλιν
3130 2956 3360 3020 ἐκεῖνον,
3391 2953 3514 3009 καθ’
3537 2954 3599 3010 δν

2015 3056 2193 3110 πάντα
2225 3054 2553 3124 παρήγαγεν
2580 3056 2608 3108 ὁ
2634 3053 2788 3120 Θεὸς,
2815 3053 2908 3105 καὶ
2937 3051 3153 3124 σοφίαν,
3181 3044 3215 3126 ᾖ
3246 3049 3419 3102 ταῦτα
3445 3046 3600 3116 δεδη-

2018 3148 2384 3218 μιούργηκεν,
2422 3147 2589 3210 αὐτὸς
2645 3146 2712 3199 ἂν
2758 3145 2916 3214 μόνος
2963 3142 3131 3212 εἰδείη
3161 3159 3176 3176 ο
3213 3142 3346 3211 ἡμῖν
3387 3139 3445 3192 δὲ
3486 3137 3598 3204 ἄρα

2011 3239 2132 3294 τόδε
2163 3239 2362 3302 παντὸς
2397 3239 2597 3309 μᾶλλον
2626 3237 2915 3291 ἀδύνατον.
2934 3233 3022 3288 ’ού
3055 3233 3160 3305 γὰρ
3189 3229 3330 3287 οἶδεν
3362 3233 3396 3302 ἡ
3421 3231 3595 3295 οίκία,

324 3325 456 3392 lam,
482 3341 589 3395 qua
615 3327 933 3382 universum
967 3329 1112 3382 hunc
1139 3330 1399 3382 mundum
1424 3331 1726 3394 :edilicarit,
1761 3329 1911 3385 salus

2016 3333 2121 3386 οὐδ’
2147 3333 2181 3403 ἡ
2216 3332 2378 3396 ναῦς,
2413 3331 2512 3402 τὴν
2543 3331 2740 3400 τέχνην
2761 3367 2776 3392 ,
2808 3321 2842 3401 ᾖ
2879 3327 3070 3394 γέγονε
3097 3343 3111 3358 ο
3147 3325 3325 3378 καίτοι
3359 3324 3452 3377 καὶ
3483 3323 3596 3392 ἀμ·
3625 3360 3640 3376 .

323 3419 442 3488 ipse
472 3421 685 3491 noverit
718 3436 732 3473 :
772 3434 871 3474 nec
902 3422 1198 3492 quidquam
1234 3432 1315 3477 est
1348 3423 1615 3492 profecto,
1652 3425 1810 3495 cujus
1855 3424 1910 3477 in

2018 3425 2221 3492 φότερα
2246 3425 2419 3478 ταῦτα
2466 3422 2626 3476 τοῦτο
2655 3423 2688 3492 ἢ
2720 3424 2896 3475 ἐκεῖνο
2925 3421 2984 3473 τὸ
3014 3415 3151 3480 εἶδος
3180 3417 3342 3488 μόνον
3373 3415 3455 3484 (ού
3488 3414 3596 3485 μὴν

326 3510 694 3579 cognitionem
732 3513 990 3566 devenire
1020 3513 1200 3567 minus
1229 3515 1528 3583 possimus.
1563 3514 1704 3581 Quid
1739 3514 1912 3569 enim?

325 3601 546 3667 novitne
571 3602 798 3670 domus,
826 3604 1052 3659 nuvitne
1083 3606 1240 3661 navis
1271 3614 1468 3672 artem,
1497 3621 1601 3676 qua
1637 3606 1778 3661 facta
1805 3605 1913 3661 est?

325 3694 390 3748 Et
424 3702 604 3748 tamen
629 3695 802 3750 ambat
823 3695 958 3751 nihil
991 3682 1186 3766 praeter
1216 3699 1356 3752 hanc
1394 3698 1476 3753 vel
1507 3697 1652 3753 illam
1679 3699 1909 3754 formam

323 3787 454 3854 (non
487 3796 766 3856 acceptam
808 3787 962 3842 initio
995 3789 1774 3855 exsistentiam,nomstatum,
1802 3805 1908 3846 non

324 3871 836 3950 conservationem)
881 3896 1044 3935 manu
1072 3881 1516 3952 cogitationcque
1542 3893 1730 3938 nostra
1758 3897 1914 3938 acce-

325 3981 543 4040 perunt.
577 3973 721 4029 Deus
751 3982 959 4040 autem,
993 3975 1135 4043 quod
1174 3978 1359 4030 omnia
1393 3990 1458 4032 ex
1507 3976 1679 4032 nihilo
1710 3975 1913 4047 produ-

323 4062 425 4124 xit,
459 4063 599 4118 etin
644 4077 826 4118 rerum
870 4074 1064 4118 natura
1117 4073 1433 4129 conservat,
1484 4079 1591 4118 non
1641 4058 1910 4119 minoreni

226 4146 233 4161 “
323 4151 451 4208 inde
472 4153 892 4208 admirationem
920 4164 1122 4217 movet,
1141 4171 1301 4223 quam
1329 4153 1451 4223 quia
1476 4154 1768 4223 quamdam
1791 4153 1913 4207 sine

325 4246 436 4301 ulla
486 4245 690 4315 specie,
737 4256 904 4316 atque
951 4257 1232 4301 carentem
1285 4245 1548 4314 qualitate
1601 4244 1909 4311 materiam,

324 4346 475 4392 certa
501 4337 683 4407 aliqua
721 4337 900 4392 forma
931 4339 1214 4407 posterius
1241 4337 1545 4408 insignivit.
1574 4337 1663 4403 Et,
1709 4339 1756 4394 si
1811 4353 1912 4394 no-

326 4446 438 4488 sua
474 4447 584 4486 non
621 4431 1226 4504 coguoscimns,alicna
1242 4433 1516 4501 quomodo
1550 4441 1696 4488 recte
1721 4448 1910 4488 nosce—

325 4525 546 4582 rctnus?
580 4523 686 4580 Sed
716 4533 900 4579 tamen
931 4524 1035 4580 hoc
1063 4535 1214 4580 certo
1252 4525 1480 4589 scimus,
1523 4518 1769 4580 divinum
1799 4525 1908 4578 Nu-

326 4632 449 4670 mcn
497 4615 566 4671 ob
588 4616 760 4672 solam
794 4615 1091 4670 bonitatem
1143 4631 1300 4672 suam
1344 4617 1567 4687 angelos
1611 4617 1906 4683 creavisse,

322 4723 653 4778 omnemque
685 4707 851 4762 alium
881 4709 1158 4774 ordinem,
1191 4708 1505 4778 quinatnra
1535 4709 1806 4765 sentiente
1831 4719 1910 4764 te-

2020 3520 2113 3571 καὶ
2139 3517 2199 3572 τὸ
2224 3518 2322 3588 τὴν
2352 3516 2525 3588 ἀρχὴν
2557 3516 2860 3581 ὑποστῆναι
2884 3555 2898 3581 ,
2926 3515 3022 3568 καὶ
3051 3508 3469 3580 συντηρεῖσθαι,
3499 3506 3600 3559 καὶ

2018 3609 2404 3680 διασώζεσθαι)
2440 3609 2591 3682 παρά
2620 3610 2715 3679 τῆς
2745 3607 3024 3678 ἡμετέρας
3055 3603 3240 3676 χειρός
3267 3620 3328 3656 τε
3358 3602 3453 3655 καλ⁴
3481 3601 3600 3654 δια-

2021 3703 2170 3766 νοίας
2205 3701 2476 3770 ἀπείληφε
2500 3716 2515 3732 ο
2548 3699 2681 3761 Θεὸς
2719 3698 2776 3751 δὲ
2813 3697 2994 3751 πάντα
3027 3689 3370 3765 παραγαγὼν
3403 3689 3460 3755 ἐξ
3492 3687 3594 3740 οὐκ

2019 3794 2210 3857 δντων,
2244 3791 2337 3846 καὶ
2379 3790 2661 3862 συντηρῶν
2695 3790 2756 3842 ἐν
2789 3787 2868 3857 τῷ
2904 3780 3067 3851 εἶναι,
3106 3784 3202 3852 οὐχ
3235 3776 3397 3854 ἧττόν
3432 3793 3495 3849 γε
3531 3780 3598 3832 ἐκ

2018 3884 2212 3938 τούτου
2257 3883 2636 3953 θαυμάζεται,
2673 3880 2705 3950 ἢ
2753 3879 2862 3934 ἀπὸ
2894 3877 2988 3931 τοῦ
3023 3875 3120 3947 τὴν
3156 3873 3392 3927 ἀνείδεον
3423 3871 3594 3939 ὓλην,

2019 3976 2086 4047 ήν
2113 3977 2476 4046 ὑπεστήσατο,
2505 3973 2845 4042 είδοποιῆσαι
2865 3967 3357 4040 μεταγενέστερον,
3386 3962 3516 4028 Καὶ,
3547 3962 3599 4014 εἰ

2019 4068 2086 4121 τά
2127 4066 2248 4120 καθ’
2274 4069 2422 4135 ἡμᾶς
2463 4065 2523 4117 οὺ
2565 4061 2930 4132 γινώσκομεν,
2975 4059 3093 4123 πῶς
3132 4058 3197 4112 ἂν
3237 4056 3419 4119 καλῶς
3464 4053 3601 4125 περὶ

2019 4159 2129 4212 τῶν
2160 4158 2334 4213 ἄλλων
2361 4157 2525 4226 εἰδείη
2537 4174 2671 4225 μεν;
2707 4155 2856 4225 may
2883 4171 2943 4224 γε
2971 4151 3130 4208 τοῦτο
3161 4150 3360 4213 παντὸς
3393 4148 3597 4220 μᾶλλον

2021 4253 2201 4322 ἴσμεν,
2255 4251 2328 4313 ὡς
2379 4249 2787 4318 δι’ἀγαθότητα
2837 4248 3004 4320 μόνην
3047 4245 3175 4309 τούς
3217 4261 3278 4299 τε
3327 4242 3598 4311 ἀγγέλους

2019 4341 2510 4412 προῦπεστήσατο,
2542 4343 2637 4394 καὶ
2668 4340 2851 4392 πᾶσαν
2881 4338 3048 4408 ἄλλην
3076 4336 3439 4403 διακόσμησιν
3470 4349 3598 4401 νοη-

2017 4440 2156 4506 τήνο
2203 4430 2322 4488 εἶτα
2366 4433 2462 4488 καὶ
2499 4433 2656 4504 τήνδε
2701 4433 2799 4504 τὴν
2841 4432 3132 4503 ὁρωμένην
3175 4427 3468 4499 παρήγαγέ
3505 4440 3592 4492 τε,

2018 4529 2114 4583 καὶ
2147 4527 2485 4596 είδοποίησε,
2515 4528 2610 4579 καὶ
2641 4528 2890 4596 προνοεῖ,
2925 4526 3018 4578 καὶ
3053 4521 3270 4593 συνέχει
3299 4522 3480 4575 πάντα
3504 4517 3596 4571 δε-

2019 4622 2175 4692 σμοῖς
2215 4619 2396 4689 φιλίας
2434 4618 2698 4690 ἀρρήτοις
2740 4617 2841 4688 (2),
2884 4618 2979 4670 καὶ
3018 4614 3288 4686 συμφυϊᾳ,
3325 4613 3484 4681 λόγον
3518 4627 3595 4664 νι-

2018 4713 2170 4782 κώσῃ
2197 4714 2288 4762 καὶ
2313 4709 2439 4764 νοῦν
2461 4709 2824 4780 ἀνθρώπειον.
2849 4709 3113 4763 Λείπεται
3136 4705 3314 4759 τοίνυν
3339 4703 3593 4775 φράζειν,

325 4813 518 4857 ncatnr
552 4819 566 4856 :
600 4800 798 4856 deinde
822 4802 988 4869 hunc,
1012 4816 1175 4869 quem
1201 4801 1467 4866 videmus,
1489 4803 1750 4858 mundum
1780 4817 1906 4873 pro-

2016 4795 2156 4875 ᾗτινι
2207 4801 2380 4856 ταῦτα
2404 4799 2558 4864 τάξει
2585 4799 3068 4870 δεδημιούργηται.
3097 4796 3165 4851 Ἦ
3227 4795 3343 4858 πῶς
3373 4794 3593 4861 λέγετες
3683 4791 3686 4795 ’

323 4898 569 4965 duxisse,
602 4906 864 4968 certaque
891 4896 1075 4967 specie
1101 4911 1166 4952 ac
1189 4895 1362 4952 forma
1385 4895 1696 4963 decorasse,
1726 4897 1910 4966 provi-

2029 4893 2193 4948 Ἀλλά
2223 4891 2401 4956 τοῦτο,
2435 4891 2642 4960 ἔφασαν
2671 4890 2804 4958 οῖδε,
2836 4891 2972 4954 τέως
3003 4891 3331 4956 ἀκούσωμεν
3356 4901 3372 4917 ⁸
3406 4884 3504 4955 τὴν
3535 4881 3593 4935 δὲ

322 4992 616 5061 dentiaque
638 5007 738 5048 sua
758 4990 936 5045 adhuc
958 5005 1290 5046 conservare
1309 4992 1643 5060 aeternisque
1671 5003 1910 5044 concor-

2021 4987 2132 5042 τῶν
2164 4988 2305 5057 ὑπὲρ
2335 4987 2481 5066 ἡμᾶς
2506 4983 2707 5053 γνῶσιν
2733 4983 2850 5054 Θεῷ
2875 4983 3286 5052 καταλίπωμεν.

323 5086 425 5140 ιίίςι·
455 5087 712 5154 vinculis,
754 5087 1104 5156 naturalique
1123 5085 1532 5155 conjunctione,
1557 5077 1675 5156 qua:
1694 5101 1856 5156 supra
1874 5099 2090 5140 omnem
2119 5082 2400 5138 hominum
2422 5081 2690 5135 rationem
2715 5089 3047 5149 captumque
3072 5078 3309 5149 putanda
3332 5084 3435 5140 est,
3458 5089 3596 5130 cnn-

322 5193 406 5236 cta
430 5184 731 5235 continere.
749 5179 1040 5250 Reliquum
1063 5190 1146 5235 est
1164 5180 1350 5250 igitur,
1375 5190 1436 5234 ut
1461 5195 1570 5248 quo
1593 5180 1705 5232 haec
1730 5179 1922 5234 ordine
1946 5177 2206 5233 fabricata
2233 5176 2458 5238 fuerint,
2501 5173 2848 5244 eloquamur.
2873 5175 2952 5227 An
2995 5187 3100 5227 non
3131 5173 3284 5227 vobis
3326 5173 3400 5226 ita
3445 5168 3596 5223 vide-

323 5277 453 5332 tur?
479 5274 652 5332 Nobis
680 5272 898 5345 quidem
927 5275 1164 5339 videtur,
1188 5271 1709 5344 inquiebantjdque
1748 5272 1965 5326 interim
1993 5271 2282 5324 audiamus
2312 5285 2326 5320 :
2363 5282 2486 5337 quae
2519 5281 2650 5321 vero
2678 5279 2842 5336 supra
2871 5279 2971 5319 nos
3001 5273 3148 5330 sunt,
3175 5279 3362 5344 eorum
3405 5261 3595 5333 cogni-

324 5379 525 5433 tionem
563 5373 671 5429 Deo
699 5372 1094 5442 relinquamus.

395 5471 450 5526 ὅ.
484 5469 686 5524 Verum
729 5470 796 5523 de
831 5467 962 5533 illis,
999 5467 1248 5536 inquam,
1311 5465 1451 5521 nihil
1500 5475 1751 5521 noStrnm
1804 5478 1904 5517 au-

2083 5458 2154 5527 γ’.
2195 5457 2336 5512 Ἀλλ’
2363 5456 2517 5510 οὐδὲν
2533 5453 2744 5525 ἀκούσῃ
2771 5453 2901 5523 περὶ
2926 5456 3150 5519 τούτων,
3193 5449 3350 5522 ἔφην,
3387 5450 3590 5520 ἡμέτε-

323 5565 462 5619 dies.
510 5560 646 5616 Nam
669 5575 791 5631 qua:
843 5559 986 5615 Deus
1019 5557 1190 5630 Moysi
1256 5558 1542 5613 scribenda
1601 5555 1900 5619 mandavit,

327 5656 444 5709 haec
466 5651 690 5723 egotibi
732 5651 992 5705 narrabo.
1017 5651 1265 5717 Quorum
1302 5649 1347 5704 si
1405 5647 1533 5718 quid
1583 5646 1738 5701 aliter
1785 5659 1906 5700 cre—

323 5746 492 5814 datis,
512 5747 687 5802 dicas.
712 5743 900 5815 Neque
924 5753 1104 5799 tamen
1139 5742 1272 5798 illud
1297 5743 1394 5799 abs
1417 5751 1468 5798 te
1494 5740 1734 5813 ignorari
1759 5739 1903 5803 volo,

398 5953 476 6022 (ι)
508 5949 580 6004 Tt
605 5949 754 6006 deest
789 5948 840 6002 in
877 5947 1009 6017 Reg.

2015 5567 2141 5623 pov'
2179 5550 2215 5604 ἃ
2249 5551 2356 5619 γάρ
2392 5550 2600 5617 Μο›ὓσῇ
2632 5548 2767 5609 Θεὸς
2805 5542 3108 5615 προσέταξε
3151 5542 3381 5612 γράψαι,
3414 5540 3591 5594 ταῦτά

2015 5663 2097 5700 σοι
2133 5643 2490 5714 διηγήσομαι.
2523 5640 2589 5692 Ei
2615 5657 2669 5692 τι
2701 5638 2833 5707 γοῦν
2875 5638 3083 5690 τούτων
3123 5637 3251 5706 ὑμῖν
3286 5634 3461 5697 ἄλλως
3495 5649 3592 5684 πι-

2017 5737 2287 5799 στεύεται,
2327 5733 2555 5801 φράσον.
2593 5730 2743 5799 Πλὴν
2788 5745 2845 5781 σε
2878 5727 3173 5798 γινώσκειν.
3213 5725 3402 5792 ἐθέλω,
3432 5723 3506 5786 ὡς
3540 5722 3590 5776 ai

2086 5934 2276 6006 (φθεὶρ
2306 5932 2501 5996 ambo;
2541 5931 2678 5987 forte
2715 5928 3032 5998 ἀρρήκτοις.
