4080 6592
327 354 461 488 153.

1326 429 1552 492 DIALO
1577 431 1731 496 GUS
1770 435 1827 497 II
1865 435 2022 496 CUM
2057 437 2616 502 ΜΟΗΑΜΕΤΑΝΟ.

3495 438 3601 504 ιδι

323 537 406 596 τὰ
451 534 1174 611 πρωτόιυπα,κεκτημένοι,
1213 543 1340 607 τοὺς
1401 542 1688 611 Ἰουδαίους
1743 549 1908 617 λέγω.

2017 565 2115 605 eos
2138 550 2231 620 qui
2262 565 2436 606 sacrae
2500 549 3050 622 Scriptnrteprimos
3111 558 3289 607 textus
3341 553 3606 622 possede-

322 629 538 697 καίπερ
568 630 754 700 ἐχθροὶ
777 630 879 701 τῆς
915 632 1154 698 πίστεως
1179 633 1352 705 ὄντες,
1385 640 1516 708 περὶ
1543 638 1653 692 τῶν
1679 641 1777 708 τῆς
1798 641 1916 693 κτί-

325 737 477 785 σεως
505 721 682 791 λόγων
708 724 866 778 ούδέν
888 727 1024 797 πρὸς
1044 729 1197 798 ἡμᾶς
1225 729 1594 800 διαφέρονται.
1636 731 1796 786 Ἀλλά
1822 733 1917 787 καὶ

325 814 361 880 ἡ
371 819 471 883 μίν
501 815 870 886 διαφερόντως
895 820 1097 872 ἐκεῖνοι
1130 820 1322 890 ἐχθροὶ
1347 823 1708 890 τυγχάνουσιν
1740 823 1913 888 ὄντες,

322 904 497 972 ῑφην,
530 904 666 976 πρὸς
691 909 876 977 μέντοι
901 909 1060 965 τοῦτο
1089 909 1497 980 ξυμϐαίνουσιν.
1523 913 1753 980 Οὐκοῦν,
1776 915 1917 984 ἔφην

325 998 472 1065 ἐγὼ,
504 1000 553 1052 εί
587 1001 682 1052 καὶ
710 1000 1044 1072 ἀμφοτέροις
1070 1006 1204 1074 ἡμῖν
1256 1005 1362 1058 οἵδε
1404 1007 1546 1059 κατά
1578 1005 1738 1060 τοῦτο
1772 1023 1914 1076 συμ-

323 1090 604 1157 ϐαίνουσι,
645 1093 737 1146 καὶ
773 1094 1028 1166 ἀλλήλοις
1077 1098 1238 1166 ἡμεῖς
1285 1097 1697 1167 ξυμϐησὸμεθα.
1744 1099 1914 1167 Δῆλον

322 1183 422 1250 δὴ,
451 1182 552 1253 ἔφη
613 1183 642 1235 ό
679 1186 884 1256 γέρων.
919 1189 1073 1259 ’Λμα
1103 1189 1162 1244 δὲ
1192 1193 1284 1244 καὶ
1315 1193 1365 1244 οῖ
1402 1195 1591 1255 παῖδες
1619 1193 1711 1246 τόν
1738 1211 1795 1246 τε
1828 1193 1916 1245 λό-

327 1291 440 1340 γον
473 1275 732 1346 ἐπῄνουν,
770 1281 865 1333 καὶ
894 1280 1274 1355 τὴν“ίστορίαν
1306 1285 1570 1355 ἀπῄτουν,
1600 1285 1668 1356 ἣν
1696 1285 1760 1356 δὴ
1790 1285 1913 1340 κατ’

321 1369 652 1438 ἀκρίϐειαν,
680 1371 755 1435 ὡς
790 1367 901 1426 οἷόν
927 1374 974 1426 τ’
1003 1371 1095 1447 ἦν,
1126 1377 1470 1433 ἀποδέδωκα.
1495 1379 1763 1450 Εῦρισκον
1788 1381 1914 1449 μέν·

317 1477 415 1513 τοι
453 1460 678 1526 τούτους
710 1464 778 1517 τὰ
808 1465 981 1519 πλείω
1007 1484 1070 1535 γε
1108 1469 1532 1538 συγκεχυμένως
1564 1470 1796 1533 είδότας,
1818 1471 1913 1522 καὶ

317 1557 406 1615 ὡς
439 1549 508 1624 ἦν
547 1558 695 1620 είκδς
725 1561 969 1615 διάνοιαν
997 1561 1180 1629 ἄθεον,
1217 1564 1313 1617 καὶ
1362 1566 1462 1634 ούχ
1512 1565 1630 1618 οῖιν
1663 1567 1914 1636 θειότερά

315 1663 455 1701 τινα
475 1648 730 1715 δέξασθαι
763 1654 1092 1722 πράγματα,
1115 1655 1205 1708 καὶ
1241 1660 1514 1727 σαρκικῆς
1545 1641 1826 1724 δυνάμεώς
1849 1674 1910 1710 τε

317 1737 429 1788 καὶ
455 1739 711 1804 γνώσεως
734 1742 1063 1815 ὑψηλότερα,
1093 1746 1125 1817 ἢ
1156 1748 1432 1816 ἀλλότρια.
1465 1745 1560 1812 Οἷς
1589 1752 1696 1820 γὰρ
1720 1749 1785 1817 δὴ
1802 1749 1912 1803 τῶν

317 1828 645 1897 λεγομένων
671 1832 740 1885 τὰ
767 1836 917 1902 σφῶν
953 1836 1136 1905 βιϐλία
1164 1837 1466 1903 ξυνέϐαινε,
1498 1841 1710 1904 τούτοις
1749 1841 1912 1904 εὐθὺς

315 1919 674 1990 ὡμολόγουν,
702 1924 1038 1992 φιλονεικίας
1074 1932 1259 2001 πάσης
1290 1932 1745 2001 ἀπηλλαγμένοι·
1797 1937 1911 1997 τοῖς

316 2011 384 2063 Et
419 2012 628 2076 λοιποῖς
661 2015 758 2085 ὀψὲ
798 2021 889 2072 καὶ
923 2022 1095 2090 μόλις.
1137 2025 1319 2078 Πάντα
1351 2025 1420 2089 δ’,
1453 2026 1537 2078 ἵνα
1575 2026 1772 2080 θᾶττον
1819 2026 1911 2080 ὲπὶ

315 2121 379 2159 τι
420 2107 783 2180 καιριώτερον
827 2111 1059 2184 ἔλθοιμι,
1099 2117 1460 2182 τελευτῶντες
1492 2118 1732 2183 ἅπαντες
1779 2121 1914 2173 ἀπε-

311 2196 570 2266 δέχοντο.
608 2201 683 2254 Οὐ
716 2203 826 2272 μὴν
869 2205 1004 2258 ἀλλὰ
1038 2207 1406 2281 καὶ-’τὸνδπερὶ
1441 2213 1540 2280 τῆς
1568 2211 1790 2282 ἐντολῆς
1817 2211 1913 2265 καὶ

311 2293 420 2344 τὸν
438 2292 538 2358 τῆς
563 2297 934 2364 παραϐάσεως
963 2298 1142 2368 λόγον,
1173 2301 1272 2371 τῆς
1297 2303 1711 2374 προπατορικῆς
1741 2304 1908 2371 λέγω,

315 2388 426 2437 καὶ
467 2387 565 2454 τῆς
595 2388 686 2441 διὰ
717 2389 920 2457 ταύτην
972 2393 1112 2470 ἀρᾶς
1160 2395 1256 2448 καὶ
1291 2394 1529 2465 ἐξορίας,
1561 2396 1656 2449 καὶ
1684 2397 1786 2468 τῆς
1813 2397 1910 2450 τοῦ

321 2476 502 2529 ἿΑϐελ
540 2478 828 2550 τελευτῆς,
885 2488 983 2539 καὶ
1019 2485 1083 2556 δὴ
1116 2486 1212 2541 καὶ
1242 2487 1338 2542 τοῦ
1369 2490 1782 2560 κατακλυσμοῦ,
1814 2491 1912 2545 καὶ

314 2569 429 2639 τῆς
460 2569 556 2622 τοῦ
590 2570 715 2624 Νῶε
751 2573 986 2628 κιϐωτοῦ
1012 2615 1028 2640 ,
1065 2578 1159 2630 καὶ
1188 2578 1291 2648 τῆς
1325 2581 1384 2631 ἐν
1419 2579 1683 2651 Αἰγύπτῳ
1717 2598 1911 2651 παροι-

317 2660 451 2722 κίας
487 2661 584 2715 τοῦ
631 2663 872 2736 Ἰσραὴλ,
907 2669 1000 2720 καὶ
1052 2669 1149 2740 τῆς
1200 2671 1409 2725 ἐκεῖθεν
1436 2671 1641 2738 ἐξόδου,
1684 2674 1909 2746 καὶτῆς

312 2752 629 2817 διαϐάσεως
654 2756 755 2826 τῆς
789 2758 846 2809 ἐν
883 2757 1140 2830 Ἐρυθρᾷ,
1169 2762 1380 2834 καὶτῆς
1406 2765 1464 2818 ἐν
1491 2766 1684 2836 ἐρήμῳ
1711 2765 1905 2832 διόδου,

311 2847 419 2899 καὶ
440 2847 549 2898 τῶν
578 2849 636 2900 ἐν
655 2850 791 2902 πᾶσι
819 2851 1032 2916 τούτοις
1066 2854 1246 2923 ἔργων
1267 2856 1402 2910 Θεοῦ
1431 2872 1448 2889 ⁶
1481 2861 1698 2912 πάντων
1721 2860 1909 2932 ,τοίνυν

313 2935 537 2990 τούτων
555 2939 654 3008 τὴν
681 2941 949 3010 ἱστορίαν,
973 2945 1067 2998 καί
1090 2963 1241 3009 τινας
1267 2949 1436 3013 ἄλλοις
1459 2951 1566 3002 τῶν
1602 2952 1662 3004 ἐν
1692 2955 1758 3023 τῇ
1788 2950 1908 3022 θείᾳ

314 3027 519 3098 Γραφῇ
569 3029 718 3082 ῐσασι
776 3032 898 3100 μὲν,
924 3033 1326 3104 νενοθευμὲθως
1371 3037 1419 3091 δ’
1464 3033 1557 3092 οῦν
1591 3040 1774 3110 ὅμως·
1813 3041 1908 3096 νῦν

312 3122 434 3187 γὰρ
465 3121 524 3172 ἐν
547 3117 630 3184 οἷς
662 3121 954 3191 ἐχώλευον,
986 3124 1198 3180 ἕκαστα
1232 3128 1412 3195 λέγειν
1439 3131 1756 3201 περίεργον.
1795 3133 1908 3188 Καὶ

2023 641 2423 705 runt,.|udtnos
2459 643 2605 709 dico,
2658 644 3015 713 quantumvis
3077 653 3282 699 nostra;
3322 645 3602 715 religionis

2021 733 2230 795 hostes,
2262 733 2354 787 ubi
2377 732 2446 788 de
2477 733 2728 789 doctrina
2783 734 3079 790 creationis
3135 735 3336 804 agitur,
3397 750 3602 804 nequa-

2018 839 2182 892 quam
2213 838 2244 878 a
2287 824 2446 879 nobis
2465 825 2776 882 dissentire.
2813 827 2881 881 At
2939 826 3107 890 enim,
3157 827 3359 896 inquit,
3407 842 3605 896 quam-

2021 921 2102 976 vis
2132 922 2403 976 maximas
2458 922 2623 976 etiam
2677 921 2963 992 nobiscum
3011 921 3329 976 inimicitias
3386 929 3602 992 gerant,

2018 1012 2119 1070 hac.
2149 1021 2330 1068 tamen
2363 1015 2429 1068 de
2463 1030 2521 1067 re
2556 1014 2712 1068 nobis
2737 1013 3110 1067 consentiunt.
3138 1012 3274 1067 Tum
3303 1029 3404 1084 ego
3432 1031 3447 1069 :
3491 1013 3604 1068 Ita-

2018 1107 2196 1173 quesi
2235 1107 2396 1166 nobis
2426 1106 2693 1160 ambobus
2718 1107 2820 1160 hac
2843 1107 2910 1158 de
2962 1121 3016 1160 re
3061 1107 3440 1172 consmiinnt,
3498 1122 3602 1160 nos

2017 1197 2181 1250 etiam
2231 1197 2464 1251 invicem
2490 1198 2926 1252 consentiemus.
2965 1197 3040 1252 Ita
3066 1206 3168 1259 est,
3199 1196 3379 1264 inquit
3405 1213 3598 1252 senex.

2017 1289 2187 1355 Quem
2233 1305 2542 1344 sermonem
2611 1289 2772 1343 simul
2831 1289 2991 1344 etiam
3059 1289 3152 1344 lilii
3196 1290 3602 1357 collaudabant,

2017 1383 2511 1453 narrationemque
2540 1383 2606 1435 de
2656 1386 2940 1437 creatione
2993 1381 3383 1451 exposcebant,
3421 1397 3601 1452 quam

2017 1491 2119 1545 ego
2230 1491 2395 1542 quam
2495 1474 2915 1530 accuratissime
3003 1483 3254 1544 poteram
3347 1473 3599 1544 exposui.

2021 1567 2128 1623 Eos
2193 1572 2374 1623 tamen
2436 1568 2760 1638 plerumque
2812 1567 3150 1638 deprehendi
3191 1566 3421 1624 confuse
3483 1581 3598 1621 rem

2019 1667 2226 1719 tenere.
2273 1669 2328 1714 et
2376 1671 2436 1715 ut
2496 1675 2722 1715 necesse
2748 1668 2867 1715 erat
2901 1674 2932 1714 a
2984 1659 3098 1714 Deo
3148 1675 3256 1715 non
3313 1660 3603 1715 illustratze

2019 1751 2190 1807 menti
2225 1753 2567 1824 contingere,
2608 1769 2730 1822 qum
2759 1751 3032 1807 diviniora
3079 1750 3363 1815 vaticinia,
3407 1767 3604 1806 carna-

2018 1845 2165 1914 lique
2191 1845 2451 1900 facultate
2512 1859 2578 1899 ac
2623 1844 2823 1900 notitia
2862 1843 2945 1899 vel
2975 1843 3224 1914 _altiora,
3265 1844 3350 1898 vel
3401 1842 3603 1908 aliena,

2017 1951 2214 2007 capere
2239 1947 2495 2006 nequeat.
2524 1935 2658 1990 Nam
2690 1953 2812 2006 quae
2842 1935 2985 1992 dicta
3013 1936 3130 1992 suis
3149 1935 3302 1990 libris
3331 1949 3601 2006 ροηδε-υθ-

2019 2030 2170 2093 baut,
2203 2029 2271 2083 iis
2305 2028 2382 2082 illi
2407 2028 2822 2098 statimabsque
2855 2028 2962 2082 ulla
3015 2028 3364 2083 contentione
3411 2043 3603 2084 assen-

2018 2122 2336 2187 tiebautur;
2368 2121 2595 2189 reliquis
2626 2122 2781 2176 tarde
2809 2129 2862 2175 et
2892 2121 3200 2175 difllculter.
3248 2121 3374 2186 Sed,
3436 2130 3495 2173 ut
3531 2119 3600 2174 ad

2017 2213 2221 2284 aliquid
2247 2213 2473 2283 majoris
2500 2212 2765 2270 momenti
2806 2211 3098 2266 confestim
3129 2212 3364 2278 veniam,
3405 2226 3601 2266 omnes

2013 2307 2197 2362 omnia
2221 2323 2322 2362 suo
2365 2322 2594 2363 assensu
2654 2305 2874 2361 tandem
2920 2305 3220 2376 aliquando
3275 2305 3603 2374 comproba-

2015 2399 2164 2453 baut.
2198 2399 2454 2452 Attamen
2491 2399 2782 2454 historiam
2810 2399 2876 2452 de
2896 2396 2992 2452 Dci
3024 2398 3282 2452 mandato
3311 2405 3363 2450 ct
3391 2395 3458 2451 de
3477 2411 3603 2467 pet;-

2013 2500 2159 2558 cato,
2191 2492 2354 2561 primi
2391 2491 2636 2561 parentis
2662 2491 2809 2554 dico,
2839 2491 2907 2546 de
2932 2491 3321 2546 maledictione
3352 2495 3422 2545 ob
3462 2491 3606 2546 hanc

2013 2583 2245 2654 prolata,
2281 2593 2338 2638 et
2359 2584 2427 2639 de
2460 2583 2686 2650 exsilio,
2711 2585 2777 2638 de
2817 2583 3003 2637 Abelis
3068 2592 3264 2648 morte,
3316 2595 3482 2652 porro
3538 2583 3605 2636 de

2014 2679 2240 2745 diluvio,
2274 2678 2340 2733 de
2363 2693 2494 2732 arca
2537 2676 2670 2744 Noe,
2706 2677 2772 2732 de
2808 2676 3028 2732 lsraelis
3054 2677 3108 2731 in
3157 2675 3453 2747 [Egyptum
3497 2675 3604 2728 mi-

2013 2769 2284 2838 gratione,
2321 2770 2390 2824 de
2446 2769 2598 2824 exitu
2627 2768 2781 2831 inde,
2815 2769 2879 2822 de
2918 2768 3090 2822 maris
3145 2766 3315 2821 Rubri
3349 2764 3602 2830 transitu,

2013 2861 2320 2930 itinereque
2352 2876 2448 2930 per
2476 2859 2832 2924 solitudines,
2864 2859 2932 2914 de
2963 2849 3358 2933 operibuSque,
3400 2871 3522 2926 qua:
3544 2855 3604 2910 in

2012 2951 2098 3008 his
2124 2951 2382 3008 omnibus
2421 2949 2636 3006 Numen
2663 2950 3203 3021 patravitdivinum:
3265 2950 3459 3004 horum
3502 2947 3607 3019 igi-

2014 3052 2102 3098 tur
2130 3045 2374 3098 omnium
2411 3043 2700 3100 historiam
2734 3043 3137 3112 nonnullasque
3169 3042 3310 3098 alias
3332 3042 3386 3096 in
3445 3055 3604 3096 sacra

2014 3132 2300 3203 Scriptura
2333 3144 2670 3210 memoratas
2720 3145 2930 3189 norunt
2971 3133 3219 3205 quidem,
3262 3133 3608 3188 adulteratas

317 3207 438 3280 μὴν
469 3210 562 3262 καὶ
587 3211 686 3282 τὴν
729 3212 900 3284 Ἑνὼχ
949 3217 1244 3285 μετάθεσιν
1295 3221 1461 3287 lauat,
1499 3224 1594 3276 ml.
1631 3223 1785 3293 ἅρμα
1811 3225 1906 3280 τοῦ

2017 3233 2199 3282 tamen
2229 3243 2242 3281 :
2269 3227 2364 3281 sed
2388 3207 2554 3284 nunc
2580 3227 2793 3295 singula
2827 3228 2880 3282 in
2939 3229 3143 3297 quibus
3191 3225 3605 3289 claudicabant.

329 3302 524 3354 ’Πλίου
551 3303 652 3374 (1),
683 3307 778 3358 καὶ
809 3308 908 3377 ζῇν
936 3310 1134 3373 αὐτοὺς
1165 3313 1244 3365 ἐτι
1276 3312 1492 3380 λέγουσι
1517 3329 1534 3344 ο
1557 3316 1653 3369 καὶ
1677 3316 1814 3390 πρός
1841 3333 1907 3386 γε

2017 3333 2341 3382 enumerare
2381 3333 2878 3387 supervacaneum.
2957 3319 3101 3384 Quin
3175 3318 3381 3372 Enochi
3437 3317 3605 3372 etiam

311 3394 408 3448 ἔτι
454 3395 706 3468 Ἀϐραὰμ
733 3399 836 3452 οὐκ
866 3401 1174 3468 ἀγνοοῦσιν,
1209 3405 1329 3458 οὐδὲ
1373 3405 1561 3472 Δαϐὶδ,
1588 3407 1708 3462 οὐδὲ
1741 3408 1802 3461 τὸ
1832 3405 1909 3462 εῖ-

315 3506 415 3541 ναι
444 3488 652 3544 τούτων
681 3493 849 3546 παῖδα
897 3494 990 3547 τὸν
1041 3495 1275 3566 Ἰησοῦν.
1313 3499 1494 3552 Καλὸν
1524 3499 1581 3554 δὲ
1613 3498 1770 3570 οἶμαι
1817 3502 1908 3555 λέ-

315 3599 445 3652 γειν
470 3585 562 3638 καὶ
592 3583 694 3655 τὴν
715 3587 904 3656 τιμὴν,
931 3587 998 3658 ἦν
1024 3589 1197 3660 Ἑνώχ
1213 3607 1271 3643 τε
1295 3593 1389 3645 καὶ
1431 3591 1620 3647 Ἠλίαν
1650 3594 1908 3664 εὑρέσθαι

316 3675 485 3746 φασὶ,
518 3677 615 3730 καὶ
634 3677 716 3731 διὸ
746 3680 856 3733 τῶν
882 3680 1105 3735 πάντων
1137 3682 1442 3752 ἀνθρώπων
1473 3685 1617 3747 ὅρων
1652 3687 1798 3756 ζωῆς
1817 3703 1908 3755 γε-

317 3771 523 3837 γόνασι
559 3771 880 3840 κρείττους,
920 3774 1014 3827 καλ⁸
1053 3777 1222 3843 νόμου
1263 3775 1520 3846 σώματος
1555 3781 1652 3833 καὶ
1685 3780 1906 3847 σαρκός.

318 3866 438 3933 Ζῇν
477 3863 585 3935 γὰρ
619 3866 840 3928 αὐτοὺς.
891 3867 1078 3936 φασιν,
1110 3868 1378 3939 ἠθέλησεν
1409 3873 1438 3923 ό
1480 3871 1634 3934 Θεὸς,
1669 3872 1812 3926 ὥστε
1842 3874 1910 3927 τὰ

317 3958 526 4027 ἱμάτια
559 3959 788 4029 ῥάπτειν
811 3960 922 4014 τῶν
955 3962 1070 4014 ὅσοι
1096 3964 1269 4031 δήπου
1308 3963 1565 4032 μέλλουσι
1599 3964 1695 4018 τοῦ
1731 3983 1910 4037 παρα-

314 4049 508 4106 δείσου
526 4052 812 4117 τεύξεσθαι
835 4071 848 4084 ·
876 4053 1022 4108 οὗτοι
1046 4057 1103 4110 δέ
1124 4056 1215 4126 ἀρ’
1235 4056 1375 4110 είσὶν
1403 4057 1454 4110 οἳ
1482 4061 1600 4121 τοῖς
1623 4060 1715 4112 τοῦ
1744 4059 1912 4113 ιιιωά-

321 4146 432 4216 μεθ
469 4144 691 4200 ἕπονται
725 4148 932 4216 νόμοις,
964 4148 1041 4212 ὣς
1079 4165 1144 4216 γε
1195 4151 1353 4221 ἡμεῖς
1387 4150 1642 4220 λέγομεν.
1685 4152 1815 4216 Θεὸς
1854 4152 1911 4207 δὲ

319 4237 498 4309 μόνος
525 4236 813 4294 ἐπίσταται
841 4240 1099 4313 τάληθές.

397 4511 464 4569 δ’.
528 4515 784 4568 Ἀκεσταὶ
825 4515 1007 4571 τοίνυν
1039 4516 1150 4572 οῖδε
1179 4480 1340 4590 ἦσαν,
1367 4518 1527 4590 ἔφην,
1566 4515 1612 4575 ὦ
1639 4521 1906 4592 βέλτιστε,

2016 3413 2432 3468 translationem
2457 3411 2660 3476 sciunt,
2681 3411 2922 3482 Eliaeque
2938 3425 3184 3474 currum,
3204 3424 3408 3479 eosque
3425 3408 3606 3486 adhuc

2012 3503 2196 3558 vivere
2228 3503 2561 3572 perhibent:
2595 3503 2660 3556 ad
2691 3504 2805 3558 lucc
2832 3517 3006 3572 neque
3044 3501 3415 3563 Abrahamum
3450 3500 3609 3568 igno-

2015 3605 2159 3654 rant.
2194 3610 2369 3664 neque
2407 3595 2599 3660 David,
2647 3609 2826 3664 neque
2865 3610 2933 3649 ex
2969 3593 3055 3649 his
3111 3603 3294 3647 ortmn
3337 3606 3460 3646 esse
3509 3589 3605 3645 Je-

2014 3700 2158 3740 snm.
2195 3685 2303 3740 Nec
2327 3686 2567 3741 alienum
2599 3689 2797 3754 opinor
2817 3685 2918 3740 abs
2957 3702 3037 3748 re,
3067 3699 3192 3738 eum
3231 3684 3457 3738 honoris
3477 3696 3607 3752 ενα-κ

2014 3777 2144 3832 dum
2175 3779 2394 3842 referre,
2429 3794 2592 3847 quem
2659 3777 2944 3832 Enochum
3002 3777 3288 3845 Eliamque
3328 3789 3603 3829 consecua

2017 3878 2099 3925 tos
2124 3883 2246 3924 esse
2274 3870 2487 3933 dicunt,
2525 3884 2890 3938 causamque,
2925 3885 3022 3923 cur
3045 3881 3370 3923 communes
3423 3865 3604 3920 homio

2019 3977 2150 4016 num
2184 3961 2308 4016 vitae
2363 3962 2650 4028 terminos,
2699 3962 3062 4031 corporisque
3089 3970 3146 4014 et
3201 3959 3383 4014 carnis
3426 3958 3602 4028 legem

2014 4055 2348 4125 superarint.
2379 4053 2488 4111 Eos
2515 4055 2690 4118 enim,
2724 4054 3002 4124 inquiunt,
3029 4053 3211 4108 vivere
3241 4051 3600 4118 voluitDeus,

2017 4155 2077 4200 ut
2107 4155 2286 4203 vestes
2329 4157 2555 4203 suerent
2579 4161 2800 4211 eorum,
2826 4147 2921 4214 qui
2961 4145 3280 4216 paradisum
3331 4158 3606 4200 consecu-

2014 4241 2121 4297 turi
2150 4248 2372 4296 essent:
2420 4241 2476 4294 hi
2507 4252 2690 4296 autem
2729 4241 2936 4304 suntii,
2989 4240 3081 4310 qui
3141 4237 3471 4295 Moamethis
3529 4237 3609 4292 le-

2014 4346 2134 4401 gem
2180 4344 2514 4401 sequuntur,
2553 4340 2614 4386 ut
2639 4347 2742 4389 nos
2768 4333 2990 4403 quidem
3027 4331 3284 4388 dicimus.
3321 4330 3427 4386 Sed
3463 4329 3612 4386 Deus

2014 4423 2167 4478 solus
2205 4425 2493 4479 veritatem
2557 4425 2732 4481 novit.

2083 4516 2140 4570 4.
2178 4515 2274 4571 ilic
2294 4531 2399 4587 ego
2429 4534 2445 4571 :
2479 4513 2732 4573 Sartores
2762 4518 2931 4589 igitur
2955 4559 2974 4584 ,
2995 4516 3206 4588 optime
3255 4518 3362 4587 vir,
3423 4525 3608 4584 erant,

319 4608 425 4662 καὶ
456 4607 748 4678 ἀκούμενοι
773 4610 965 4680 μισθοῦ
995 4589 1209 4682 διέζων,
1234 4589 1418 4668 ἐνθάδί
1443 4589 1758 4685 ἀνθρώᾶτοις
1786 4634 1912 4670 συνο

2020 4619 2314 4676 veStesque
2379 4617 2542 4676 pacta
2624 4609 2878 4664 mercede
2951 4607 3305 4674 sarciebant,
3365 4610 3613 4680 quandiu

315 4702 680 4770 διαιτώμενοι
707 4719 722 4768 ;
757 4701 856 4767 Οὒ,
890 4705 1061 4774 φησὶν
1150 4705 1391 4777 Πέρσης,
1422 4707 1714 4777 οὐδαμῶς·
1749 4709 1866 4763 ἀλλ’
1888 4712 1918 4764 ὁ

318 4797 467 4859 θεὸς
496 4796 684 4860 αὐτοῖς
721 4797 865 4866 μετά
895 4797 996 4865 τὴν
1032 4797 1247 4852 ἐνθένδε
1285 4793 1623 4868 μετάστασιν
1656 4800 1805 4854 τοῦτ’
1820 4803 1922 4856 ἐπ-

318 4889 566 4959 εχείρισε
604 4885 855 4961 τοῦργον.
891 4887 1060 4946 Εἶπον
1087 4893 1134 4945 δ’
1169 4892 1262 4946 ἐπὶ
1298 4893 1513 4953 τούτοις
1543 4893 1677 4963 ἐγὼ,
1711 4897 1770 4949 ὃν
1802 4897 1924 4951 ποτ’

319 4984 436 5052 ἔφη
491 4982 653 5050 λόγον
692 4985 721 5036 ὁ
751 4983 1065 5053 θαυμάσιος
1119 4986 1254 5055 ἡμῖν
1307 4985 1577 5055 δεσπότης
1622 4989 1718 5042 καὶ
1769 4988 1928 5059 βασι-

323 5075 460 5133 λεὺς
483 5074 560 5145 (2)
591 5074 706 5146 (τὸν
731 5074 980 5146 φύσαντα
999 5075 1189 5143 λέγω),
1219 5075 1279 5129 ὃν
1314 5067 1530 5140 πολλοῖς
1563 5075 1662 5146 μὲν
1685 5077 1921 5145 ἀγαθοῖς

322 5167 642 5238 ἐκόσμησεν
663 5169 688 5221 ό
705 5167 858 5232 Θεὸς,
875 5168 969 5222 καὶ
989 5168 1190 5238 μᾶλλον
1211 5167 1566 5239 βασιλεύοντα
1585 5169 1698 5233 τοῖς
1724 5169 1921 5222 πλεον-

319 5259 642 5328 εκτήμασιν
689 5251 766 5315 ὧν
799 5254 970 5331 ἧρξεν
999 5260 1172 5314 ὅντων
1206 5259 1477 5328 γενναίων
1521 5259 1743 5326 ἔδειξεν,
1773 5261 1806 5331 ᾗ
1837 5261 1918 5330 τῷ

321 5349 614 5417 σχήματι·
650 5347 834 5420 πολλῷ
863 5348 911 5403 δ’
939 5349 1228 5420 ἀμείνονός
1267 5366 1328 5403 τε
1367 5351 1464 5403 καὶ
1490 5351 1810 5421 κρείττονος
1831 5351 1914 5423 (εὖ

315 5436 447 5495 οἶδα
468 5442 562 5493 καὶ
583 5442 725 5496 πάνυ
748 5441 1079 5512 πέπεισμαι)
1103 5442 1414 5514 μετέδωκεν
1427 5443 1580 5514 αὐτῷ
1606 5442 1909 5514 βασιλείας,

313 5532 469 5588 κατὰ
503 5537 691 5606 καιρὸν
719 5534 830 5588 τῶν
854 5537 980 5606 τῇδε
1014 5537 1152 5605 πρὸς
1179 5535 1342 5590 αὑτὸν
1369 5535 1679 5605 κεκληκώς.
1717 5537 1912 5590 Πειθο-

323 5645 430 5699 μαι
455 5630 588 5699 γὰρ,
605 5629 680 5690 ὡς
707 5628 805 5698 τὴν
825 5626 921 5683 νῦν
941 5626 1238 5700 ’παροῦσαν
1265 5629 1422 5699 ἡμῖν,
1448 5626 1550 5681 εἴτ’
1578 5630 1772 5698 ὀργὴν,
1798 5630 1910 5682 εἴτε

316 5721 608 5785 παιδείαν,
661 5722 963 5790 ἐπαγαγεῖν
1010 5720 1361 5792 βουλόμενος,
1391 5721 1606 5790 φθάσας
1650 5719 1710 5774 δν
1736 5720 1912 5791 ἐφίλει

399 5842 479 5914 (l)
510 5839 646 5914 Cod.
678 5857 801 5914 reg.
825 5841 889 5896 τὸ
932 5840 1116 5898 Ἦλιού
1145 5839 1297 5914 (sic).

2015 4715 2142 4756 cum
2167 4699 2484 4754 hominibus
2522 4699 2612 4756 hic
2658 4702 2960 4756 vixerunt?
3005 4702 3086 4758 Dii
3121 4702 3367 4767 meliora,
3433 4701 3615 4770 inquit

2020 4790 2187 4846 Persa
2217 4791 2351 4845 :sed
2387 4797 2674 4860 postquam
2706 4808 2773 4847 ex
2806 4794 2909 4848 hoc
2939 4795 3145 4848 mundo
3171 4792 3419 4847 translati
3447 4800 3615 4855 sunt,

2028 4889 2132 4941 hoc
2161 4885 2300 4956 ipsis
2327 4883 2470 4940 Deus
2497 4900 2636 4955 opus
2663 4883 3258 4941 faciendum-tradidit.
3316 4883 3449 4949 Quae
3473 4897 3606 4938 cum

2028 4980 2283 5045 dixisset,
2313 4993 2626 5035 sermonem
2661 4980 2827 5035 retuli
2856 4995 2956 5050 ego
2984 4981 3114 5034 olim
3151 4978 3396 5032 habitum
3442 4991 3472 5030 a
3505 4975 3619 5030 mi-t

2024 5076 2184 5131 rabili
2218 5082 2408 5130 nostro
2440 5073 2670 5128 domino
2697 5074 3138 5142 imperatoreque
3161 5077 3399 5140 (patrem
3431 5068 3612 5141 dico),

2024 5178 2190 5234 quem
2231 5161 2420 5218 multis
2452 5162 2673 5232 quidem
2699 5163 2856 5216 bonis
2887 5172 3183 5218 ornaverat
3244 5161 3335 5217 Dei
3383 5176 3610 5228 numen,

2023 5257 2417 5327 praeclarisque
2441 5254 2626 5326 potius
2690 5256 2958 5311 virtutum
3019 5257 3245 5312 dmibus
3295 5255 3610 5326 generosis,

2020 5351 2223 5422 quibus
2249 5358 2498 5419 praeerat,
2528 5349 2743 5406 civibus
2767 5351 3126 5420 imperantem
3155 5349 3416 5414 ostendit,
3443 5361 3608 5418 quam

2022 5440 2392 5511 imperatoriae
2421 5439 2705 5510 dignitatis
2767 5441 3098 5510 majestate:
3151 5443 3439 5511 multoque
3491 5454 3611 5495 me-

2023 5534 2177 5589 lioris
2218 5533 2725 5603 praestantiorisque
2760 5533 2908 5604 regni
2930 5533 3107 5606 (certo
3141 5534 3255 5590 Scio
3277 5541 3331 5588 et
3380 5547 3609 5598 persua-

2021 5642 2142 5682 sum
2173 5626 2368 5690 habeo,
2412 5625 2604 5696 frater)
2631 5627 2957 5697 participem
2998 5626 3200 5689 ell‘ecit,
3233 5623 3454 5695 quando
3480 5637 3611 5678 eum

2023 5735 2095 5775 ex
2127 5720 2229 5774 hoc
2262 5719 2470 5774 mundo
2495 5720 2561 5775 ad
2579 5734 2638 5776 se
2671 5720 2908 5776 vocavit.
2935 5719 3001 5776 Et
3027 5727 3334 5788 opportune
3362 5714 3610 5787 quidem.

400 5911 479 5978 ιε)
507 5910 760 5969 Joannes
783 5910 1309 5986 Palmologus,'imp.
1343 5913 1491 5969 solus
1527 5912 1594 5968 ab
1644 5927 1697 5967 a.
1740 5911 1902 5976 l557,
1945 5919 2195 5966 mortuus
2228 5927 2274 5964 ιι.
2312 5911 2409 5968 591
