4080 6682
477 379 591 449 155
638 428 649 441 ,

1669 390 2070 452 MANUELIS
2110 392 2201 453 PA
2212 391 2569 455 LIEOLOGI

2769 331 2785 337 η
2798 326 2820 333 ο-
2999 333 3003 337 .

3634 391 3741 456 1'56

459 501 533 555 mi
565 499 755 556 frater.
790 501 973 559 Facile
1008 503 1152 559 enim
1189 503 1466 573 hoc‘mihi
1492 509 1822 577 persuadeo,
1875 508 2038 576 Deus,

2170 511 2552 581 ιροαφήρπασε
2599 510 2710 564 τῶν
2755 508 2948 565 δεινῶν
2970 506 2994 543 δ’
3028 509 3078 563 εί
3120 508 3179 564 δέ
3217 525 3296 581 τῳ
3343 508 3520 580 φίλον,
3551 509 3749 579 λέγειν

463 607 590 647 cum
625 606 949 664 praesentem
981 594 1146 662 banc,
1179 596 1295 651 sive
1345 597 1507 662 iram,
1561 599 1677 655 sive
1731 601 2050 670 castigatio-

461 699 611 749 nem,
642 682 798 741 nobis
832 687 992 741 vellet
1035 688 1359 754 immittere,
1391 690 1646 745 dilectum
1704 691 1805 746 sibi
1847 692 2051 761 princi-

465 791 588 847 pem
614 787 721 831 tam
752 780 1013 849 gravibus
1050 796 1078 834 e
1105 781 1265 837 malis
1330 784 1484 852 prius
1542 783 1783 853 eripuit:
1835 784 1942 839 nisi
1980 785 2051 839 ‘si

465 870 593 939 quis
622 871 754 925 illud
794 872 982 927 dicere
1018 874 1167 927 malit
1204 873 1371 942 (dicet
1398 884 1578 929 autem
1613 876 1869 944 quisquis
1922 890 2049 930 eum

467 973 613 1019 recte
641 964 807 1035 norit)
847 982 863 1020 :
900 963 957 1020 Si
988 977 1269 1035 superstes
1306 967 1496 1023 fuisset
1530 984 1760 1038 magnus
1816 970 2087 1039 impera-‘

469 1066 573 1120 tor,
613 1073 639 1111 a
672 1059 942 1126 principio
965 1060 1200 1115 fortasse
1237 1076 1345 1115 non
1377 1060 1597 1130 longius
1628 1063 1920 1131 serpsisset
1962 1078 2054 1118 ca-

470 1148 733 1205 lamitas:
773 1151 854 1203 vel
886 1152 1103 1207 etiamsi
1164 1153 1649 1208 vehementissimo
1707 1170 1807 1210 nos
1851 1154 2054 1224 impetu

470 1244 787 1307 invasisset.
822 1247 971 1313 quis,
1007 1247 1079 1300 dii
1120 1246 1272 1307 boni,
1305 1246 1399 1300 illo
1425 1248 1639 1316 imperii
1699 1248 1923 1303 'clavum
1978 1258 2057 1304 te-

471 1344 656 1398 nente,
689 1344 1062 1407 tempestatem
1137 1338 1379 1406 aliquam
1428 1338 1801 1408 ﬂuctuumque
1844 1349 1896 1394 et
1931 1355 2060 1395 ven-

474 1436 653 1482 torum
684 1430 823 1486 alios
848 1446 1013 1497 super
1046 1431 1183 1485 alios
1212 1433 1450 1501 impetus
1481 1433 1807 1487 timuisset?
1851 1432 2054 1489 Verum

474 1521 624 1576 illius
656 1523 969 1593 quicunque
1001 1523 1335 1577 mentionem
1357 1524 1567 1589 fecerit,
1601 1525 1646 1580 is
1677 1533 1739 1579 ut
1794 1526 1951 1594 quasi
2002 1525 2057 1580 in

478 1628 630 1669 mare
660 1615 987 1669 innnensum
1016 1615 1240 1669 laudum
1278 1616 1485 1669 incidat
1512 1631 1736 1672 necesse
1766 1626 1849 1671 est
1873 1633 1886 1670 :
1906 1630 2063 1670 cum-

476 1720 583 1773 que
614 1707 760 1759 nulla
796 1708 978 1776 lingua
1037 1708 1200 1775 digna
1256 1708 1495 1762 inveniri
1545 1709 1721 1778 possit
1768 1704 2066 1762 virtutibus

2155 604 2331 656 ἐκεῖνο
2361 601 2437 671 (1)
2469 602 2606 672 (ἐρεῖ
2629 600 2685 655 δὲ
2724 601 2832 671 ἀρα
2854 602 2959 665 πᾶς
2993 617 3099 668 τις,
3126 602 3185 664 ὃς
3214 617 3277 670 γε
3310 600 3493 677 καλῶς
3521 601 3745 654 ἐκείνου

2156 693 2511 764 πεπείραται)
2539 709 2553 724 ·
2580 695 2629 747 εί
2662 693 2862 764 περιῆν
2892 695 2921 746 6
2943 692 3118 764 μέγας
3147 692 3422 764 βασιλεὺς,
3456 692 3589 757 ἴσως
3615 693 3751 746 οὐδὲ

2156 785 2255 857 τὴν
2302 784 2476 856 ἀρχὴν
2513 785 2579 839 ἂν
2614 784 2913 855 παρεισέδυ
2965 785 3035 839 τά
3080 785 3232 841 δεινά
3259 800 3273 814 ⁸
3301 785 3349 838 εί
3391 785 3446 838 δὲ
3477 785 3572 838 καὶ
3599 783 3749 855 μετά

2162 875 2361 947 πολλῆς
2393 877 2619 930 ἐπέθετο
2657 876 2756 947 τῆς
2788 875 3173 948 σφοδρότητος,
3206 876 3293 940 τίς
3320 876 3385 930 ἂν
3415 877 3585 930 ἔδεισέ
3613 894 3751 930 τινα

2161 968 2331 1039 ζάλην
2354 970 2451 1023 καὶ
2468 968 2736 1039 κυμάτων
2754 968 2852 1023 καὶ
2877 969 3203 1039 πνευμάτων
3225 968 3313 1023 ἐπ’
3337 969 3601 1039 ἀλλήλους
3620 970 3755 1021 ἐπι-

2163 1061 2358 1131 φορὰς,
2385 1061 2597 1115 ἐκείνου
2645 1078 2709 1129 γε
2755 1061 2881 1125 τοὺς
2911 1060 3106 1125 οῐακας
3159 1062 3375 1131 ἔχοντος
3412 1062 3472 1115 ὲν
3517 1063 3748 1132 χεροῖν;

2164 1149 2310 1205 Ἀλλ’
2334 1151 2548 1204 ἐκείνου
2585 1151 2685 1220 μέν
2719 1168 2805 1216 τις
2836 1151 3117 1223 μνησθεὶς,
3149 1152 3312 1216 εὐθὺς
3342 1153 3422 1214 είς
3450 1150 3754 1219 ἐγκωμίων

2164 1243 2460 1314 ἐμπίπτειν
2487 1245 2860 1313 ἀναγκάζεται
2905 1245 3142 1315 πέλαγος
3168 1262 3182 1275 ·
3223 1246 3361 1315 μήτε
3407 1245 3465 1296 δὲ
3490 1242 3756 1313 γλώττης

2167 1334 2332 1403 οῦσης
2359 1335 2468 1391 τῶν
2495 1338 2707 1390 ἐκείνου
2730 1338 2913 1391 καλῶν
2932 1331 3110 1405 ἀξίας,
3136 1337 3229 1391 καὶ
3252 1337 3353 1391 τοῦ
3377 1337 3753 1409 προκειμένου

2167 1427 2370 1483 σκοποῦ
2403 1428 2540 1499 πρὸς
2570 1429 3120 1500 ἀλλαίμεθέλκοντος,
3155 1429 3250 1483 τοῦ
3284 1429 3551 1500 προτέρου
3577 1429 3757 1482 πάλιν

2167 1520 2434 1591 ἁψώμεθα
2462 1523 2648 1592 λόγου,
2678 1522 2738 1587 ὃς
2767 1523 2899 1595 ἡδύς
2928 1541 2986 1578 τε
3009 1524 3103 1578 καὶ
3123 1523 3339 1586 ἀστεῖος
3374 1524 3542 1576 πᾶσιν
3563 1521 3757 1587 ἔδοξεν

2168 1612 2332 1680 εἶναι,
2388 1615 2484 1671 καὶ
2542 1615 2792 1688 λαμπρὸν
2841 1616 2950 1670 τῶν
3004 1615 3217 1671 ἀσεϐῶν
3273 1614 3461 1686 ῥηθεὶς
3514 1613 3759 1683 κατέχεε

2173 1707 2406 1775 γέλωτα.

476 1796 931 1868 ejus,'operisque
989 1799 1255 1869 propositi
1311 1815 1512 1870 scopus
1572 1801 1679 1855 alio
1727 1815 1827 1856 nos
1885 1800 2087 1863 trahat,
2141 1801 2210 1856 ad
2273 1801 2463 1868 istum,
2517 1805 2707 1872 frater,
2768 1810 3110 1869 revertamur
3148 1814 3475 1866 sermonem,
3533 1798 3630 1869 qui
3700 1805 3764 1852 et

472 1890 751 1959 iucundus
778 1893 1129 1961 urbanusque
1154 1893 1409 1949 omnibus
1442 1893 1591 1969 visus
1614 1902 1717 1960 est,
1746 1902 1798 1948 et
1830 1906 2058 1962 magnos
2085 1899 2201 1946 tum
2236 1895 2383 1951 risus
2412 1897 2707 1952 concitavit
2738 1897 2806 1953 de
2834 1895 3110 1951 Barbaris.
3132 1892 3148 1911 ‘

549 2007 604 2062 5.
648 2008 965 2072 Meministi,
1004 2010 1223 2079 opinor,
1258 2010 1331 2063 mi
1381 2011 1586 2079 optime
1623 2010 1814 2074 frater,
1852 2010 2053 2066 fontem

2232 2011 2293 2064 ε’.
2330 2007 2498 2081 Οἶμαί
2548 2030 2607 2066 σε
2655 2012 2969 2083 μεμνῆσθαι
3022 2010 3122 2081 τῆς
3163 2011 3377 2083 κρήνης
3408 2009 3486 2081 (2)
3520 2011 3614 2063 καὶ
3648 2011 3757 2081 τῆς

482 2102 633 2155 illum
667 2110 721 2156 et
748 2116 1034 2171 quercum,
1062 2103 1165 2157 sub
1214 2118 1319 2171 qua
1371 2103 1697 2158 consederat
1731 2104 1935 2158 aestatis
1968 2119 2060 2159 ar-

388 2252 389 2255 η
481 2197 615 2251 dore
635 2196 851 2249 divinus
877 2194 1343 2263 princeps,cibum
1372 2206 1633 2264 capturus
1654 2211 1721 2251 ex
1750 2197 2058 2261 venatione,

482 2288 550 2340 azl
588 2302 752 2355 quam
787 2287 963 2354 ipsum
992 2296 1280 2342 vocaverat
1307 2296 1554 2357 satrapes
1602 2288 1713 2351 ille,
1746 2288 1841 2357 qui
1879 2292 2065 2358 genuit

487 2375 634 2428 istud
668 2375 723 2428 in
782 2377 1129 2430 Christianos
1175 2390 1324 2429 nunc
1385 2376 1647 2432 ernissum
1709 2378 1938 2443 fulmen,
2000 2394 2066 2432 ex

485 2469 753 2522 malorum
803 2469 1105 2524 acerbitate
1153 2469 1233 2522 sic
1303 2468 1669 2525 nominatum.
1709 2469 1862 2526 Tunc
1902 2471 2066 2539 igitur

492 2560 604 2625 ille,
637 2561 843 2621 utscis.
875 2562 1089 2629 longum
1113 2575 1419 2615 sermonem
1478 2561 1687 2628 habuit,
1724 2564 1871 2633 quod
1925 2561 2068 2616 Eno-

485 2654 654 2707 chum
689 2662 742 2706 et
772 2653 942 2706 Eliam
975 2654 1358 2708 demonstrare
1391 2654 1552 2708 vellet
1580 2654 1632 2707 in
1690 2655 1892 2710 cmlum
1945 2669 2069 2711 esse

486 2757 693 2816 raptos,
724 2746 1089 2814 omnibusque
1120 2745 1193 2800 ibi
1258 2746 1581 2802 vestimenta
1609 2762 1768 2801 suere
1796 2764 1810 2800 :
1860 2762 1968 2816 qua
1999 2746 2068 2802 de

486 2852 653 2890 causa
737 2838 1019 2906 splendide
1061 2852 1157 2893 eos
1206 2838 1523 2900 extollebat.
1547 2837 1899 2907 delatumque
1936 2838 2070 2908 ipsis

491 2929 752 2981 honorem
818 2928 1216 2986 admirabatur.
1277 2929 1377 2985 Cui
1434 2933 1736 2996 imperator
1780 2929 2071 2985 subridens

490 3016 667 3071 dixit:
708 3016 855 3071 Itane
881 3027 1011 3072 vero
1044 3029 1097 3073 tu
1146 3019 1198 3074 id
1233 3019 1457 3073 bonoris
1515 3018 1794 3088 divinique
1825 3018 2072 3073 muneris

490 3108 612 3163 loco
639 3109 813 3170 ducis,
846 3109 1217 3179 sudorumque
1239 3119 1293 3164 et
1316 3110 1567 3164 laborum
1620 3123 1718 3179 pro
1755 3110 1953 3163 virtute
1981 3125 2074 3164 su-

491 3190 805 3271 sceptorum
845 3203 1128 3270 prmmium
1151 3203 1419 3257 arbitrare
1440 3205 1461 3255 ἲ
1480 3201 1622 3256 unde
1668 3202 1792 3267 hoc,
1810 3201 2077 3256 obsecro?

490 3299 691 3367 quippe
732 3296 784 3351 id
839 3295 1153 3351 hominibus
1212 3297 1266 3349 in
1303 3294 1393 3350 Dei
1429 3294 1780 3350 olfensionem
1828 3295 2069 3365 graviter

492 3389 661 3458 lapsis
715 3403 814 3458 pro
838 3387 942 3443 alia
974 3389 1232 3457 quapiam
1268 3387 1472 3442 ultione
1501 3401 1564 3441 ac
1594 3401 1756 3456 pmna
1790 3387 1927 3441 satis
1953 3401 2073 3442 esse

493 3481 694 3551 possit.
729 3479 879 3535 Pone
908 3480 1004 3534 tibi
1031 3488 1157 3534 ante
1192 3480 1382 3536 oculos
1414 3496 1857 3551 unumquemque
1882 3491 2065 3536 sarto—

493 3588 616 3628 rum
651 3591 664 3627 :
700 3573 884 3628 nullus
930 3572 1177 3644 profecto
1206 3581 1309 3640 est,
1362 3575 1580 3644 opinor,
1600 3574 1694 3643 qui
1724 3590 1755 3628 a
1786 3573 1896 3628 Deo
1945 3574 2073 3629 data

495 3666 598 3721 sibi
629 3667 872 3736 optione,
903 3675 1083 3721 utrum
1127 3680 1195 3721 ex
1231 3666 1334 3721 hoc
1367 3667 1572 3721 mundo
1597 3666 1712 3737 rapi
1766 3666 1947 3732 vellet,
1973 3667 2075 3722 ali-

496 3757 730 3826 cubique
764 3757 965 3821 vivere,
992 3766 1211 3825 tamque
1234 3756 1393 3812 vilem
1427 3765 1599 3813 artem
1631 3757 1891 3812 continuo
1911 3756 2067 3813 labo-

495 3862 556 3903 re
612 3856 867 3913 tractare,
924 3857 1015 3903 aut
1067 3848 1236 3904 semel
1293 3848 1455 3919 mori,
1515 3848 1713 3905 deinde
1765 3862 2074 3917 resurgere,

496 3941 1134 4010 vestimentisqueindui,
1168 3956 1289 4011 quae
1306 3940 1544 4010 paradisi
1568 3940 1988 4012 luturarumque
2021 3942 2076 3995 in

494 4049 563 4090 eo
582 4035 897 4090 deliciarum
932 4034 1133 4104 pignus
1154 4033 1336 4090 forent
1363 4050 1380 4091 :
1412 4034 1539 4104 quin
1564 4034 1793 4090 alterum
1822 4034 1928 4090 hoc
1961 4050 2082 4089 ma-

496 4121 702 4178 nifesto
733 4122 894 4191 eligat
925 4138 939 4175 :
981 4122 1117 4191 quin
1148 4136 1310 4176 acum
1340 4122 1491 4176 illico
1516 4121 1758 4191 abjiciat,
1788 4132 2073 4191 artemque

498 4228 611 4268 non
662 4213 802 4269 bene
831 4213 975 4268 scire
1033 4228 1093 4268 se
1126 4213 1296 4281 iuret,
1344 4213 1603 4281 illamque
1661 4213 2078 4268 translationem

498 4316 758 4375 tanquam
790 4305 1069 4376 opprobrii
1097 4314 1153 4360 et
1216 4305 1493 4371 laborum,
1524 4318 1634 4358 non
1662 4313 1844 4360 autem
1881 4305 2081 4374 quietis

499 4411 681 4466 neque
732 4396 964 4451 honoris
992 4394 1339 4451 occasionem
1364 4394 1712 4449 vehementer
1738 4405 2079 4464 aspernetur.

567 4511 625 4567 6.
649 4510 782 4577 Qua
808 4527 934 4567 cum
988 4510 1237 4567 audisset
1285 4510 1473 4566 arrisit
1530 4523 1722 4575 senex,
1744 4517 1800 4564 et
1852 4510 1922 4567 ad
1954 4525 2084 4568 suos
2182 4510 2185 4515 ’

498 4604 825 4672 respiciens,
856 4603 959 4658 Per
981 4603 1149 4658 Deum
1192 4602 1582 4667 immortalem,
1647 4601 1858 4672 inquit,
1885 4604 1960 4658 ita
2001 4612 2080 4659 ta-

2160 2104 2341 2174 δρυὸς,
2376 2106 2464 2172 ὑφ’
2502 2105 2570 2176 ῆν
2602 2106 2719 2160 ποτ’
2750 2104 3004 2158 ἐκάθισεν
3033 2104 3061 2155 6
3092 2103 3457 2172 παντάριστος
3490 2104 3754 2172 βασιλεὺς

2166 2197 2357 2266 θέρους
2389 2195 2530 2268 ὥρᾳ,
2565 2196 2777 2267 τροφῆς
2815 2193 3267 2265 μεταληψόμενος
3295 2192 3403 2247 ἀπὸ
3436 2192 3633 2263 θήρας,
3674 2196 3756 2255 είς

2148 2274 2232 2360 ’ἢν
2278 2290 2439 2343 αὐτὸν
2471 2287 2757 2360 κεκληκὼς
2799 2284 2868 2357 ἦν
2906 2288 2934 2340 6
2971 2286 3261 2358 σατράπης
3300 2286 3507 2348 ἐκεῖνος
3554 2285 3662 2354 ('5),
3697 2285 3756 2348 ὃς

2164 2381 2259 2433 τὸν
2308 2379 2401 2434 νῦν
2432 2382 2780 2449 Χριστιανοϊς
2830 2379 3180 2449 ἐπικείμενον
3210 2377 3376 2446 ἔφυσε
3415 2376 3489 2448 (4)
3521 2375 3616 2429 τὸν
3654 2393 3756 2429 κε-

2172 2473 2369 2542 ραυνὸν
2400 2472 2739 2542 καλούμενον
2777 2471 2854 2540 (5)
2883 2472 2947 2524 ὲκ
2968 2471 3071 2539 τῆς
3096 2469 3359 2539 ὀξύτητος
3390 2469 3501 2521 τῶν
3539 2469 3753 2522 κακῶν.

2169 2566 2212 2617 Τ
2215 2566 2303 2618 ότε
2335 2564 2513 2619 τοίνυν
2558 2550 2788 2629 ἐκεῖνος,
2820 2565 2892 2627 ὼς
2917 2558 3095 2629 οἶσθα,
3125 2560 3284 2632 λόγον
3310 2562 3608 2631 ἐποιήσατο
3649 2578 3758 2631 μα-

2170 2657 2329 2727 κρὸν,
2379 2658 2471 2711 τὸν
2510 2655 2683 2728 Ἑνὼχ
2728 2655 2944 2711 καὶτὸν
2982 2653 3166 2709 Ἠλίαν
3203 2654 3602 2725 μετατεθέντας
3640 2653 3755 2707 δει-

2171 2748 2362 2803 κνύναι
2384 2747 2707 2819 βουλόμενος
2732 2749 2811 2810 είς
2835 2746 2930 2800 τὸν
2950 2746 3201 2818 οὐρανὸν,
3236 2747 3372 2800 πᾶσι
3391 2745 3446 2798 δὲ
3467 2745 3537 2798 τὰ
3560 2746 3755 2815 ίμάτια

2176 2840 2502 2912 βάπτοντας,
2534 2838 2631 2893 καλ⁸
2654 2838 2887 2910 ἐξαίρων
2923 2839 3009 2892 διὰ
3040 2837 3248 2892 τούτων
3281 2837 3428 2907 μάλα
3454 2834 3753 2905 λαμπρῶς,

2175 2932 2269 2986 καὶ
2316 2932 2614 3000 θαυμάζων
2642 2949 2706 2999 γε
2751 2932 2949 2995 αὐτοὺς
2980 2933 3079 2999 τῆς
3129 2930 3315 3001 τιμῆς.
3343 2925 3416 3000 ’ῼ
3465 2928 3759 2998 μειδιάσας

2174 3023 2277 3091 ἔφη
2308 3025 2335 3077 6
2372 3024 2627 3092 βασιλεύς
2651 3036 2665 3052 ·
2696 3017 2833 3078 Εἶτα
2869 3024 2933 3077 σὺ
2954 3022 3114 3077 τοῦτο
3142 3021 3309 3093 τιμὴν
3343 3019 3629 3099 νομίζεις,
3654 3021 3760 3072 καὶ

2174 3116 2353 3185 δῶρον
2381 3117 2548 3182 θεῖον,
2584 3115 2686 3169 ’καὶ
2722 3115 2959 3186 ἀμοιϐὴν
2992 3113 3236 3185 ἱδρώτων
3272 3113 3510 3184 ἀρετῆςς
3545 3112 3759 3175 πόθεν;

2176 3210 2204 3263 ὃ
2229 3208 2324 3263 καὶ
2353 3211 2468 3272 τοῖς
2501 3208 3013 3279 προσκεκρουκόσιν
3065 3206 3329 3268 ἐπιεικῶς
3360 3205 3437 3277 τῷ
3465 3205 3586 3274 Θεῷ
3636 3205 3761 3257 ἀντ’

2099 3343 2142 3400 c
2179 3298 2344 3378 ἄλλης
2360 3297 2423 3367 γέ
2441 3315 2587 3362 τινος
2618 3297 2960 3369 εἰσπράξεως
2991 3296 3082 3351 καὶ
3107 3297 3265 3367 δίκης
3288 3296 3522 3368 ⁸ἤρκεσεν
3547 3295 3634 3349 ἄν.
3660 3291 3764 3348 Οἴ-

2180 3409 2277 3461 μαι
2307 3391 2440 3461 γὰρ,
2472 3390 2549 3453 ὡς
2575 3390 2683 3453 πᾶς
2708 3390 2966 3457 ἀκεστὴς,
2996 3389 3264 3459 αἱρέσεως
3290 3387 3438 3457 αὐτῷ
3475 3389 3764 3459 προτεθεί-

2178 3494 2278 3547 σης
2309 3477 2459 3547 παρά
2489 3476 2650 3542 Θεοῦ,
2701 3476 3068 3547 μετατεθῆναι
3102 3477 3204 3548 μὲν
3233 3477 3342 3530 τῶν
3382 3477 3532 3548 τῇδε,
3559 3478 3657 3548 ζῇν
3700 3479 3765 3532 δέ

2179 3585 2305 3632 πευ,
2345 3568 2441 3622 καὶ
2488 3568 2709 3638 μοχθεῖν
2739 3567 3029 3637 ἀνέχεσθαι
3065 3568 3351 3639 διηνεκῶς,
3390 3569 3483 3621 καὶ
3524 3568 3762 3638 χυδαίαν

2177 3658 2321 3713 οὕτω
2360 3658 2559 3729 τέχνην
2594 3661 3001 3730 μεταχειρίζειν
3022 3674 3039 3692 '
3071 3659 3103 3730 ἢ
3136 3658 3284 3724 ἅπαξ
3311 3659 3626 3724 ἀποθανεῖν,
3651 3657 3762 3713 εἶτ’

2179 3750 2504 3820 ἀναστῆναι,
2538 3750 2633 3803 καὶ
2666 3750 2856 3820 ἱμάτια
2882 3751 3289 3820 ἀμφιάσασθαι,
3321 3751 3618 3824 ἀρραϐῶνα
3649 3770 3763 3806 πα-

2183 3843 2432 3915 ραδείσου
2489 3842 2583 3898 καὶ
2635 3843 2736 3914 τῆς
2767 3845 2824 3897 ὲν
2848 3845 3043 3913 ἐκείνῳ
3080 3846 3295 3914 τρυφῆς
3316 3860 3333 3877 ο
3368 3844 3554 3912 σαφῶς
3605 3844 3671 3899 ἂν
3699 3848 3766 3898 τὸ

2181 3933 2431 4006 δεύτερον
2460 3933 2636 3987 ἕλοιτο
2661 3950 2675 3963 ·
2703 3932 2859 4005 ῥίψαι
2886 3933 2996 4003 γὰρ
3026 3935 3092 3987 ἂν
3116 3933 3280 3996 εὐθὺς
3307 3933 3471 3988 αὑτὸν
3497 3935 3599 4004 τὴν
3629 3936 3771 3989 ἀκέο

2185 4043 2377 4098 στραν,
2398 4028 2494 4081 καὶ
2516 4023 2747 4094 ὀμνύναι
2768 4024 2846 4094 μὴ
2869 4022 3047 4086 καλῶς
3070 4023 3269 4076 ειδέναι
3290 4022 3389 4093 τὴν
3417 4026 3637 4092 τέχνην,
3663 4025 3768 4076 καὶ

2183 4117 2507 4171 ἀπώσασθαι
2557 4115 2766 4186 σπουδῇ
2821 4114 2921 4186 τὴν
2983 4115 3309 4185 μετάθεσιν,
3371 4114 3446 4177 ὡς
3504 4116 3769 4185 ἀφορμὴν

2186 4210 2451 4280 αἰσχύνης
2491 4209 2585 4262 καλ⁵
2634 4208 2835 4275 πόνων,
2887 4207 2989 4261 οὐκ
3035 4205 3357 4279 ἀναπαύλης
3402 4206 3586 4275 οὖσαν,
3641 4207 3771 4261 οὐδὲ

2185 4304 2370 4372 τιμῆς.
3251 4302 3281 4311 ’⁵

2260 4508 2335 4576 ς¹’
2369 4507 2590 4563 Τούτων
2618 4507 2800 4562 τοίνυν
2833 4506 3077 4569 ἀκούσας
3102 4504 3217 4567 τῶν
3247 4504 3422 4571 λόγων
3446 4504 3675 4572 ἐγέλασέ
3704 4521 3771 4557 τε

2189 4605 2217 4657 6
2261 4603 2464 4671 γέρων,
2496 4598 2616 4667 καὶ,
2667 4598 2751 4667 Νὴ
2807 4597 2898 4651 τὸν
2929 4598 3082 4661 Θεὸν,
3110 4596 3238 4666 ἔφη,
3275 4596 3475 4667 βλέψας
3513 4598 3592 4658 εἰς
3640 4597 3772 4659 τοὺς

436 4720 445 4728 ι
500 4711 625 4754 men
649 4698 849 4752 alicubi
882 4698 1084 4768 scripta
1117 4704 1204 4752 est
1251 4696 1368 4750 haec
1393 4710 1501 4760 res,
1542 4693 1813 4764 nobisque
1834 4696 2070 4765 antiqui‘

2188 4695 2353 4748 αὐτοῦ
2371 4735 2387 4760 ,
2414 4691 2556 4746 οὕτω
2585 4690 2684 4761 μὲν
2715 4692 2742 4745 6
2779 4689 2939 4759 λόγος
2962 4684 3118 4752 οὗτος
3163 4690 3260 4741 καὶ
3289 4687 3607 4757 γέγραπταί
3638 4704 3768 4751 που,

498 4802 592 4848 tus
648 4791 898 4846 tradita:
963 4804 1112 4844 nunc
1171 4799 1355 4843 autem
1414 4788 1546 4842 mihi
1604 4788 1778 4843 nimio
1802 4797 2070 4858 quantum

2184 4786 2279 4840 καὶ
2324 4784 2579 4868 κάτεισιν
2602 4781 2808 4837 ἄνωθεν
2836 4783 2918 4844 είς
2947 4781 3095 4850 ἡμᾶς
3122 4797 3136 4810 ⁸
3169 4778 3318 4831 δοκεῖ
3349 4777 3406 4830 δὲ
3458 4776 3553 4830 vi}:
3580 4778 3769 4847 ἀτόπῳ

502 4886 739 4943 absurda
768 4884 1002 4940 videtur.
1034 4881 1172 4939 Tum
1206 4880 1302 4936 lilii
1331 4897 1347 4935 :
1385 4881 1492 4935 Sed
1541 4878 1750 4935 crediu’
1792 4895 1917 4934 vere
1945 4879 2070 4935 fuis-

2183 4878 2306 4931 λίαν
2356 4866 2571 4939 ἐοικώς,
2608 4876 2718 4928 Καὶ
2766 4873 2816 4925 οἱ
2848 4872 3038 4935 παῖδες
3060 4888 3074 4903 ·
3103 4866 3182 4924 Ἦ
3216 4871 3370 4923 δοκεῖ
3411 4887 3514 4923 που
3546 4869 3769 4941 ἀληθῶς

503 4999 563 5040 se
593 4978 801 5040 dictam
825 4995 857 5035 a
893 4977 1190 5050 majoribus
1214 4973 1418 5030 nostris
1443 4973 1466 5027 ’ἱ
1497 4986 1622 5027 nam
1658 4971 1750 5041 qui
1774 4971 2070 5027 sartoribut

2184 4970 2362 5032 ἄλλως
2387 4967 2642 5039 εἰρῆσθαι
2671 4968 2783 5031 τοῖς
2810 4964 3060 5036 ἀρχαίοις
3080 4955 3235 5026 οὗτος
3255 4964 3284 5015 6
3298 4962 3457 5031 λόγος
3476 4980 3490 5026 ;
3521 4962 3637 5025 πῶς
3656 4962 3771 5031 γὰρ

503 5078 772 5149 indigeret
800 5076 943 5129 Deus
976 5078 1173 5127 cuncta
1213 5077 1349 5123 nutu
1376 5081 1481 5147 suo
1509 5064 1780 5120 trahens?
1804 5063 1907 5119 nisi
1943 5063 2070 5117 fortt

2186 5062 2256 5117 ἂν
2281 5061 2379 5114 καὶ
2412 5060 2659 5113 ἀκεστῶν
2687 5058 2903 5128 δεήσειε
2944 5057 3022 5126 τῷ
3052 5055 3193 5125 Θεῷ,
3227 5054 3285 5118 ὃς
3313 5056 3439 5122 ἄγει
3477 5053 3654 5107 πάντα
3687 5053 3777 5123 τῷ

505 5169 618 5224 lino
641 5168 805 5223 etiam
832 5176 888 5221 et
920 5163 1227 5219 terroribus
1251 5159 1485 5214 amicula
1531 5156 1692 5212 nobis
1714 5155 2078 5210 contexturis:

508 5275 606 5317 nec
633 5260 778 5314 enim
822 5257 941 5312 auri
983 5254 1250 5311 rameutis
1315 5250 1600 5321 indigebit,
1638 5246 2078 5319 negotiandoque

478 5351 705 5407 .lucrari
756 5350 957 5419 aliquid
1008 5356 1250 5416 cogetur,
1314 5355 1427 5397 uta
1470 5341 1869 5396 mercatoribus
1911 5346 2080 5403 emat,

505 5460 629 5515 quae
661 5441 1013 5500 conﬁciendis
1076 5437 1316 5494 vestibus
1388 5433 1711 5491 inserviunt.
1745 5430 1853 5486 Sed
1907 5429 2089 5485 nullus

582 5647 661 5716 (l)
684 5645 818 5701 Cod.
851 5642 1018 5699 Coisl.
1049 5642 1260 5716 ἐκεῖνον
1283 5655 1300 5672 ο
1331 5638 1511 5709 suppl.
1542 5637 1723 5705 ἔξεστι
1757 5651 1804 5690 s.
1831 5634 1931 5689 ἔνι.

584 5712 660 5786 (ε’.)
686 5718 822 5772 ϐοά.
867 5716 999 5786 llog.
1031 5712 1247 5783 κρίνης,

588 5776 667 5857 l5)
698 5788 888 5842 Sultan
921 5776 1299 5849 sinvat-Citati,
1324 5798 1419 5839 seu
1449 5780 1776 5835 Amuralltt‘s
1801 5776 1845 5843 1,
1907 5790 2085 5833 rerum

514 5863 719 5919 Uotitss
754 5875 782 5912 ιι
815 5858 946 5912 15ϋο
983 5857 1134 5911 1389.
1392 5860 1408 5868 '
1704 5878 1709 5879 ί

2189 5150 2454 5221 νεύματιὶς
2480 5150 2528 5202 εί
2564 5148 2638 5220 μὴ
2670 5150 2768 5201 καὶ
2796 5147 2942 5200 λίνου
2973 5145 3227 5227 ὑφαντῶν
3255 5145 3534 5214 δεήσεται,
3567 5144 3769 5207 οἵτινες

2188 5243 2288 5305 τὰς
2339 5242 2658 5312 ἀμπεχόνας
2707 5238 3002 5308 ύφανοῦσιν
3039 5238 3206 5306 ἡμῖν·
3255 5236 3318 5288 ού
3365 5237 3475 5305 γὰρ
3511 5236 3771 5305 δεήσεταί

2194 5353 2298 5388 που
2331 5333 2425 5388 καὶ
2447 5331 2651 5403 χρυσοῦ
2682 5330 3006 5401 ψηγμάτων,
3035 5331 3132 5383 καὶ
3150 5330 3227 5390 εἰς
3254 5328 3500 5397 ἀνάγκην
3521 5328 3642 5397 ἥξει
3672 5326 3768 5379 τοῦ

2194 5425 2650 5499 χρηματίζεσθαι,
2686 5421 2749 5477 (ν’
2788 5422 2896 5474 ἀπὸ
2935 5421 3047 5474 τῶν
3077 5418 3498 5491 πιπρασκόντων
3531 5418 3600 5473 τὰ
3630 5418 3773 5489 πρὸς

2272 5627 2534 5695 (£)‘Cod.
2588 5624 2815 5681 Crislin.
2858 5626 3028 5696 ἔφησε
3057 5621 3295 5696 ,_(forte
3346 5618 3565 5690 ἐφῆκε).
3626 5615 3764 5689 Reg.

2200 5693 2388 5767 ἔφυσε.
2420 5697 2564 5766 quod
2602 5697 2665 5767 in
2694 5693 3131 5767 textum'r’ccep't.
3196 5762 3244 5767 Δ,
3371 5760 3403 5767 η
3477 5763 3490 5767 _
3544 5755 3577 5767 ,,
3619 5757 3631 5767 ,

2269 5771 2345 5837 (Si)
2382 5755 2584 5821 Al'lndit
2607 5766 2671 5837 ad
2701 5782 2895 5819 nomen
2946 5755 3491 5837 lhlirim-Chan-Gasi
3541 5755 3777 5829 Bajaze-

2202 5843 2290 5907 tis,
2330 5829 2511 5895 rerum
2540 5836 2691 5907 potiti
2723 5852 2770 5891 ει.
2809 5829 3123 5892 15894403.
