4080 6670
455 384 557 450 159

1654 379 2047 445 MANUELIS
2101 377 2552 442 PAL£0LOGI

3587 374 3614 439 1
3627 377 3691 439 '30

449 494 722 564 quoddam
755 493 1125 566 spectaculum
1157 465 1352 552 oculis.
1411 497 1507 552 Est
1558 511 1728 566 porro
1765 496 2011 566 paradisi

2134 491 2219 557 ζεῖ,
2249 493 2341 546 καὶ
2376 492 2637 564 περιρρεῖν
2661 489 2720 545 έν
2746 491 2810 560 τῇ
2845 489 3038 559 τάφρῳ
3066 486 3353 558 διηνεκῶς,
3379 487 3475 542 καὶ
3493 487 3698 543 δοῦπον

449 595 606 656 porta
644 603 774 648 una.
801 605 937 656 pons
969 604 1111 644 unus
1139 608 1152 643 :
1197 588 1241 642 is
1301 604 1436 658 pons
1466 589 1681 653 gladius
1709 597 1792 644 est
1817 588 2016 642 mirum

449 687 714 746 quantum
744 690 957 743 acutus,
981 696 1146 751 super
1185 697 1344 749 quem
1378 681 1540 736 nudis
1572 680 1801 751 pedibus
1841 689 2022 734 trans-

453 772 532 826 ire
585 755 932 841 oportetpnt
959 750 1082 843 quis
1129 775 1365 842 paradisi
1416 777 1508 829 ﬁat
1558 750 1870 845 particeps:
1899 773 2009 828 alio

461 861 620 916 modo
661 880 726 918 eo
780 866 1062 934 pervenire
1093 882 1197 919 non
1267 867 1413 923 licet.
1465 866 1890 932 Quibuscunque
1921 864 2023 934 igi-

455 961 542 1004 tur
574 952 686 1006 lere
711 969 908 1023 corpus
941 957 1064 1019 erit,
1097 968 1150 1010 et
1193 957 1478 1027 aligerum,
1516 967 1572 1012 ut
1601 957 1675 1012 ita
1706 957 1904 1022 dicam,
1944 955 1999 1009 lii

453 1044 597 1099 nulla
633 1061 688 1099 re
719 1047 829 1100 lwsi
861 1049 1192 1113 transibunt,
1223 1050 1287 1104 ad
1320 1050 1718 1117 beatorumque
1745 1049 2020 1118 regionem

451 1139 770 1207 pervenient
803 1158 814 1193 :
843 1140 1160 1210 quicunque
1210 1138 1408 1197 autenl’
1433 1152 1779 1212 peccatorum
1806 1141 2017 1212 pondus

326 1245 339 1256 '
452 1242 634 1282 secum
664 1230 1058 1284 circumferunt
1083 1235 1232 1300 (sunt
1267 1243 1450 1287 autem
1476 1234 1508 1285 ii
1539 1247 1766 1286 numero
1795 1231 2019 1303 plures),

454 1319 568 1372 acie
605 1321 655 1372 hi
688 1320 799 1374 laesi
837 1322 1088 1377 deorsum
1125 1325 1626 1394 praecipitabuntur.
1668 1324 1774 1379 Sed
1816 1341 1911 1392 pro
1943 1327 2010 1380 iis

455 1418 656 1473 tamen,
683 1420 739 1463 ut
761 1411 892 1475 dixi,
926 1413 1184 1483 propheta
1233 1421 1415 1467 noster
1445 1423 1716 1468 amantem
1744 1416 1826 1470 sui
1858 1414 2013 1484 judi-

457 1515 571 1552 eem
601 1501 1002 1570 deprecabitur,
1025 1504 1399 1576 obtinebitque
1425 1522 1547 1577 qua:
1578 1505 1722 1562 volet
1751 1524 1766 1562 :
1796 1506 1854 1563 id
1885 1521 2022 1577 quo-

455 1593 616 1648 modo
645 1594 754 1660 ﬁet,
786 1596 893 1664 jam
930 1611 1077 1652 nunc
1108 1585 1311 1652 dicam.

523 1777 576 1832 9.
611 1779 903 1848 Postquam
955 1788 1122 1834 totum
1154 1780 1655 1848 conlectuml‘uerit
1688 1779 1881 1849 iudicii
1917 1794 2016 1834 ne-

455 1871 684 1938 gotium,
724 1869 886 1925 Jesus
919 1871 1250 1936 Moametho,
1272 1857 1432 1942 quem
1457 1873 1804 1943 singulariter
1830 1871 2023 1941 diligit,

457 1961 596 2015 hanc
628 1963 900 2031 optionem
932 1964 1084 2018 dabit
1123 1982 1136 2017 :
1177 1971 1358 2018 utrum
1397 1966 1548 2020 malit
1576 1980 1671 2020 eos
1713 1966 1806 2034 qui
1834 1966 2021 2019 eadem

460 2054 563 2107 ﬁde
599 2053 825 2115 fuerint,
857 2053 1072 2108 etiamsi
1112 2070 1178 2108 ex
1207 2057 1314 2109 alio
1337 2071 1553 2125 genere,
1575 2057 1897 2125 diversaque
1933 2071 2030 2110 su-

458 2143 785 2210 perstitione
819 2143 884 2197 ad
939 2159 1039 2198 nos
1092 2146 1449 2213 accesserint,
1508 2162 1572 2200 ex
1633 2146 1778 2203 lossa
1811 2148 2026 2218 eripere

463 2233 816 2302 l'ruendisque
848 2235 1086 2302 paradisi
1128 2235 1339 2290 deliciis
1395 2237 1602 2291 donare
1636 2254 1651 2290 :
1689 2253 1760 2293 an
1808 2254 1903 2294 eos
1931 2237 2023 2310 qui

460 2341 657 2396 genere
689 2327 863 2393 ipsum
901 2327 1188 2396 attingam,
1224 2327 1477 2394 quamvis
1525 2344 1630 2382 non
1659 2328 1903 2399 ejusdem
1938 2346 2027 2386 re-

462 2417 681 2484 ligionis
707 2417 947 2471 cultores
979 2433 1100 2473 esse
1157 2419 1655 2488 deprehendantur.
1709 2421 1846 2475 'l‘nm
1877 2420 2027 2476 Moa-

459 2507 675 2560 metbus
710 2507 1006 2575 discipulos
1031 2508 1212 2577 potius
1254 2509 1419 2580 eliget
1447 2526 1608 2580 quam
1637 2513 1975 2580 propinquos
2006 2528 2021 2567 :

458 2597 770 2668 Christique
811 2599 1140 2654 auctoritate
1175 2599 1348 2654 fretus
1373 2601 1440 2653 ad
1475 2599 1677 2656 fossam
1707 2601 1818 2655 cito
1860 2603 2028 2657 devo-

462 2691 620 2753 lahit,
653 2701 702 2744 et
735 2701 888 2746 stans
920 2690 974 2744 in
1033 2690 1318 2761 crepidine
1377 2691 1638 2746 inclinato
1667 2691 1843 2760 capite
1870 2707 2025 2748 suam

460 2781 577 2849 ipse
608 2796 818 2834 comam
855 2779 1114 2848 prehendi
1145 2781 1309 2847 sinet,
1339 2791 1391 2835 et
1421 2796 1526 2836 uno
1557 2797 1777 2853 quoque
1802 2783 2028 2852 capillo-

370 2875 379 2883 '
463 2889 581 2926 rum
610 2873 741 2942 (non
771 2871 958 2926 dubito
982 2871 1116 2941 quin
1149 2873 1349 2927 mirere
1371 2874 1513 2940 quod
1542 2873 1755 2944 audies)
1792 2873 2027 2967 incredi-

465 2965 623 3017 bilem
651 2963 1047 3031 discipulorum
1074 2977 1387 3028 numerum,
1408 2964 1498 3033 qui
1517 2963 1818 3018 facinorum
1840 2963 2028 3034 poenas

463 3053 724 3126 pendunt,
752 3074 782 3110 e
809 3056 948 3109 l'ossa
980 3055 1152 3109 tollet.
1181 3058 1356 3124 Atque
1383 3058 1454 3110 ita
1484 3057 1560 3122 lit,
1580 3057 1799 3125 hospes,
1828 3066 1884 3111 ut
1913 3071 2029 3112 ser-

2119 584 2412 654 ἀποφράδα
2452 583 2685 654 παρέχει
2721 585 2841 644 ταῖς
2870 584 3082 646 ἀκοαῖς,
3139 584 3235 638 καὶ
3282 584 3520 653 φρικτήν
3568 600 3702 636 τινα

2119 670 2248 724 θέαν
2270 672 2383 736 τοῖς
2405 671 2724 742 ὀφθαλμοῖς.
2749 672 2866 725 Μία
2891 672 2947 724 δέ
2976 688 3061 734 τις
3088 671 3230 741 θύρα
3251 671 3328 740 τῷ
3353 670 3696 751 παραδείσῳ,

2119 763 2214 817 καὶ
2243 763 2456 833 γέφυρα
2488 763 2617 832 μία·
2647 763 2731 834 ἧδ’
2758 763 2875 816 ἐστὶ
2901 762 3054 831 ξίφος
3076 762 3392 833 τομώτατον
3420 763 3538 825 πῶς
3567 762 3697 827 οῐει,

2119 853 2149 907 δ
2171 856 2253 908 δεῖ
2278 857 2508 926 γυμνοῖν
2537 857 2649 909 τοῖν
2679 855 2864 909 ποδοῖν
2893 854 3205 919 διελθόντας
3233 855 3327 909 τοῦ
3361 856 3700 927 παραδείσου

2124 947 2412 1018 μετέχεινο
2456 948 2633 1012 ἄλλως
2683 949 2730 1002 δ’
2780 949 2882 1002 οὐκ
2941 949 3154 1002 ἔνεστιν
3211 950 3424 1002 ἐκείνου
3481 952 3699 1020 τυχεῖν.

2121 1041 2314 1106 Ὀσοις
2362 1043 2545 1095 τοίνυν
2579 1041 2637 1095 τὸ
2664 1041 2826 1111 σῶμα
2875 1041 3104 1110 κοῦφον,
3136 1043 3234 1097 καὶ
3264 1042 3591 1114 ὑπόπτερον,
3621 1043 3726 1105 ὡς

2121 1130 2189 1184 ἂν
2230 1129 2375 1183 εἴποι
2402 1149 2506 1196 τις,
2556 1130 2724 1202 μηδὲν
2746 1131 3192 1200 παραϐλαὸέντες
3212 1131 3578 1198 διαϐήσονται,
3603 1133 3705 1184 καὶ

2119 1222 2403 1287 τεύξονται
2444 1241 2506 1290 γε
2557 1223 2652 1288 τοῦ
2696 1223 2877 1294 χώρου
2939 1223 3046 1277 τῶν
3102 1222 3428 1294 μακαρίωνο
3471 1223 3584 1276 ὅσοι
3651 1223 3701 1276 δ’

2117 1315 2284 1384 ἄχθος
2311 1314 2596 1385 ἁμαρτιῶν
2622 1316 3014 1387 περιφέρουσιν
3042 1315 3174 1385 (εἰσὶ
3188 1313 3233 1366 δ’
3257 1314 3410 1384 άρόί
3436 1314 3701 1378 πλείους),
3776 1370 3786 1377 ,

2117 1409 2196 1479 τῷ
2230 1410 2432 1479 σιδήρῳ
2463 1409 2789 1479 τεμνόμενοι
2821 1408 3338 1480 κατενεχθήσονται.
3375 1408 3535 1462 Ἀλλά
3563 1408 3705 1479 περὶ

2118 1488 2345 1568 τούτων,
2362 1501 2436 1564 ώς
2458 1501 2615 1573 ἔφην,
2643 1501 2670 1554 ό
2691 1501 2960 1571 ἡμέτερος
2986 1501 3278 1572 προφήτης
3305 1500 3400 1554 τὸν
3425 1499 3695 1568 φιλοῦντα

2120 1593 2312 1664 κριτὴν
2331 1593 2756 1664 παραιτήσεται,
2775 1592 2986 1662 καὶτῆς
3011 1593 3280 1665 αἰτήσεως
3304 1590 3655 1658 έπιτεύξεται
3675 1606 3693 1623 ⁸

2119 1682 2180 1736 τδ
2207 1683 2252 1737 δ’
2289 1684 2460 1752 ὅπως,
2491 1683 2725 1754 ἔρχομαι
2760 1683 2948 1746 λέξων.

2195 1777 2261 1830 θ’.
2313 1777 2466 1830 Μετά
2504 1776 2564 1830 τὸ
2604 1777 2764 1840 τέλος.
2791 1777 2971 1831 πάντα
3007 1777 3158 1844 σχεῖν
3191 1774 3260 1828 τά
3301 1775 3402 1843 τῆς
3433 1773 3700 1845 κρίσεως,

2127 1869 2500 1940 προθήσειτῷ
2540 1869 2786 1938 Μωάμεθ
2829 1869 2858 1920 ό
2888 1869 3256 1939 διαφερόντως
3305 1866 3468 1921 αὑτὸν
3521 1865 3704 1935 φιλῶν

2139 1961 2345 2031 Ἰησοῦς
2377 1961 2591 2031 αἵρεσιν
2620 1961 2778 2031 τήνδε
2810 1976 2825 1990 ’
2857 1962 2889 2030 ἢ
2923 1961 3048 2022 τοὺς
3076 1958 3415 2028 όμοπίστους
3444 1957 3627 2026 αὐτῷ,
3647 1959 3703 2010 εί

2126 2052 2190 2121 δὴ
2225 2053 2319 2106 καὶ
2339 2051 2397 2116 ἐξ
2430 2052 2591 2106 άλλου
2620 2052 2810 2119 γένους
2835 2051 2928 2104 καὶ
2959 2051 3257 2123 θρησκείας
3299 2048 3705 2120 προσεληλύθε-

2130 2162 2250 2210 σαν,
2304 2144 2584 2211 ἐξελέσθαι
2631 2144 2850 2214 έκείνης
2881 2146 2981 2213 τῆς
3024 2145 3262 2212 τάφρου,
3292 2143 3512 2212 καὶτῆς
3536 2141 3596 2193 ἑν
3622 2139 3706 2209 τῷ

2135 2236 2453 2308 παραδείσῳ
2483 2236 2667 2289 δοῦναι
2711 2236 2926 2306 τρυφῆς
2957 2235 3255 2289 ἀπολαύειν
3279 2249 3296 2267 ο
3336 2234 3370 2303 ἢ
3401 2234 3525 2296 τοὺς
3552 2231 3706 2301 αύτῷ

2127 2330 2507 2400 προσήκοντας
2559 2328 2702 2382 κατά
2739 2328 2919 2396 γένος,
2949 2329 2997 2380 εί
3045 2327 3142 2381 καὶ
3195 2327 3296 2396 τῆς
3330 2325 3500 2395 αὐτῆς
3546 2325 3703 2395 αὐτῷ

2129 2420 2427 2491 θρησκείας
2458 2420 2557 2490 οὐχ
2588 2419 2874 2490 εὕρηνται.
2923 2419 2983 2473 '0
3009 2417 3068 2472 δὲ
3099 2417 3229 2482 τοὺς
3259 2417 3525 2487 φοιτητὰς
3557 2419 3707 2487 μᾶλ-

2128 2513 2221 2567 λον
2260 2513 2293 2584 ἢ
2326 2515 2453 2576 τοὺς
2492 2515 2557 2567 ὲκ
2585 2514 2777 2581 γένους
2808 2513 3095 2583 αἱρήσεται
3120 2525 3136 2543 ⁶
3159 2513 3256 2565 καὶ
3281 2510 3466 2566 λαϐὼν
3490 2509 3709 2564 τούνδό-

2129 2623 2292 2676 σιμον
2323 2607 2460 2676 ταχὺ
2520 2606 2812 2676 δραμεῖται
2846 2605 2996 2676 παρά
3019 2603 3120 2675 τὴν
3163 2605 3394 2674 τάφρον,
3424 2605 3521 2658 καὶ
3559 2603 3705 2674 πρὸς

2128 2703 2246 2765 ταῖς
2272 2700 2474 2768 ταύτης
2505 2699 2692 2770 ὄχθαις
2721 2699 2873 2763 στάς,
2897 2697 3087 2760 κλίνας
3115 2697 3265 2752 κάτω
3291 2697 3393 2770 τὴν
3423 2697 3692 2768 κεφαλὴν,

2126 2791 2288 2845 δώσει
2321 2790 2421 2860 τῆς
2453 2791 2629 2860 κόμης
2667 2789 2960 2856 λαδέσθαι,
3000 2789 3097 2844 καὶ⁸
3127 2788 3331 2860 ἑκάστῃ
3360 2789 3470 2843 τῶν
3498 2791 3706 2861 τριχῶν

2128 2882 2456 2952 (θαυμάσεις
2489 2880 2547 2935 εὖ
2596 2876 2692 2934 οἶδ’
2720 2883 2802 2936 ὅτι
2843 2882 3106 2953 ἀκούσας)
3130 2883 3402 2954 μυριάδας
3429 2883 3704 2938 ἀνελετται

2127 2973 2237 3028 τῶν
2271 2972 2460 3040 αὐτοῦ,
2492 2975 2748 3028 τινόντων
2776 2974 2937 3047 δίκην
2963 2975 3074 3030 τῶν
3103 2975 3534 3046 πεπραγμένων.
3561 2974 3705 3028 Τοῦς

2128 3080 2221 3118 τον
2269 3064 2449 3119 τοίνυν
2487 3065 2754 3136 ἀμηγέπη
2780 3066 2874 3121 τδν
2896 3066 3098 3138 τρόπον
3127 3067 3234 3130 πᾶς
3263 3068 3292 3121 ό
3322 3065 3583 3138 καθαρῶς
3610 3066 3705 3120 s1-

464 3161 622 3203 Vatus
649 3149 810 3202 fttcrit
841 3149 1154 3217 quicunque
1182 3149 1238 3201 in
1269 3146 1632 3202 Moamethuni
1667 3150 1884 3204 sincere
1912 3165 2028 3218 spc-

2136 3158 2301 3220 πίσας
2326 3159 2408 3222 είς
2434 3157 2525 3210 τὸν
2552 3159 2800 3230 Μωάμεθ
2827 3159 3157 3230 σωθήσεται,
3181 3159 3452 3230 μακάριος
3479 3159 3580 3230 μὲν
3605 3160 3707 3228 τῆς

466 3244 619 3309 rarit,
645 3246 831 3297 beatus
856 3243 946 3296 ille
967 3243 1035 3296 ab
1058 3241 1471 3296 immortalitate
1496 3250 1550 3295 et
1580 3242 1812 3308 honore,
1844 3241 2037 3297 beatus

467 3351 496 3388 a
533 3335 744 3389 deliciis
778 3335 980 3402 quibus
1033 3333 1349 3402 perfruetur
1375 3333 1428 3386 in
1451 3332 1896 3403 paradiso,‘quas
1921 3333 2036 3402 jam

466 3442 611 3481 nunc
629 3434 838 3494 tempus
866 3434 950 3481 est
969 3423 1269 3480 utdicendo
1293 3439 1606 3494 persequar.
1624 3423 1751 3491 Sed,
1771 3425 1846 3479 dii
1878 3424 2030 3492 boni,

466 3518 726 3588 quidnam
746 3533 811 3572 ex
831 3515 938 3570 illis
960 3515 1123 3570 rebus
1135 3515 1371 3585 primum
1396 3514 1697 3570 enarrabo?
1712 3515 1894 3570 omnia
1911 3525 2041 3572 sunt

431 3643 433 3646 ‹
467 3608 648 3662 divine
707 3606 933 3677 pulchra
963 3620 979 3660 :
1013 3605 1230 3675 singula
1278 3604 1528 3669 suadent,
1557 3615 1635 3671 ut,
1665 3605 2040 3677 cujuscunque

469 3701 621 3771 prius
646 3697 979 3762 memineris,
1000 3697 1053 3752 id
1072 3697 1310 3765 primum
1330 3696 1566 3752 humana
1584 3698 1816 3753 celebret
1834 3699 2039 3769 lingua.

540 3793 628 3848 10.
665 3791 884 3846 Florum
905 3791 1050 3846 enim
1080 3791 1336 3855 varietas,
1378 3789 1654 3846 fructuum
1681 3791 2038 3857 abundantia,

473 3885 657 3941 omnis
691 3883 908 3954 generis
936 3881 1155 3954 frugum
1189 3881 1798 3953 nobilitas,plantarum
1820 3897 2038 3953 semper

471 3975 762 4030 virentium
792 3973 990 4044 gratia,
1020 3988 1217 4044 cespes
1268 3973 1423 4029 nullo
1449 3987 1687 4041 unquam
1709 3965 1880 4028 modo
1919 3987 2039 4028 are-

471 4081 656 4128 scens,
697 4080 961 4135 aquarum
992 4064 1502 4134 limpidissimarum
1545 4063 1742 4118 eﬂ'uslo
1785 4073 1839 4119 et
1894 4080 2043 4118 mur-

469 4148 618 4222 mur,
658 4157 884 4212 suavius
909 4171 1072 4226 quam
1103 4156 1360 4210 Sirenum
1392 4163 1587 4210 cantus
1612 4169 1772 4208 aures
1805 4155 2041 4223 permul-

407 4273 418 4283 ’
475 4264 627 4316 cens,
660 4249 842 4304 omnia
890 4247 1126 4316 denique
1154 4262 1276 4319 quae
1301 4245 1564 4301 oll'actum
1589 4247 1826 4300 aliumve
1853 4260 2041 4316 quem-

479 4343 560 4398 vis
591 4355 810 4396 sensum
839 4339 1114 4395 oblectare
1141 4348 1393 4410 possunt,
1421 4339 1475 4392 in
1514 4351 1748 4399 summa,
1776 4337 2042 4406 quidquid

477 4443 785 4497 venustum,
808 4431 1070 4502 quidquid
1104 4445 1385 4502 magnum,
1406 4428 1673 4499 quidquid
1694 4429 2040 4498 splendidum

478 4541 508 4582 ε
541 4525 632 4578 Dei
665 4523 994 4580 immortalis
1024 4537 1187 4578 manu
1206 4501 1586 4578 constructum
1631 4529 1737 4586 est,
1771 4519 1823 4574 id
1855 4534 2039 4588 omne,
2073 4501 2120 4557 1)

482 4619 707 4687 hospes,
747 4616 803 4671 in
839 4623 1220 4670 ornamentum
1266 4615 1410 4669 cedit
1453 4611 1756 4682 paradiso:
1795 4612 1846 4666 id
1879 4626 2042 4667 omne

478 4722 602 4761 cum
636 4705 953 4760 mirabiliter
983 4713 1210 4760 exornat
1240 4721 1256 4758 :
1286 4703 1339 4758 id
1360 4718 1522 4759 omne
1542 4703 1720 4757 locum
1753 4700 1883 4757 facit
1905 4717 2042 4770 qua-

476 4798 611 4854 libet
643 4799 863 4852 tristitia
894 4797 1253 4866 superiorem.
1281 4795 1398 4850 Duo
1437 4809 1600 4864 porro
1640 4791 1827 4848 amnes
1852 4782 2044 4863 perené

478 4889 859 4955 nes,inaximi,
887 4892 1054 4943 latera
1076 4886 1193 4956 ejus
1221 4887 1649 4951 alluentes,eum
1674 4885 2044 4952 complectun-

482 4995 666 5060 tur,et
689 4983 966 5039 cmlestem
991 5023 1006 5047 ,
1034 4988 1095 5035 ut
1125 4980 1199 5035 ita
1231 4979 1434 5044 dicam,
1466 4986 1792 5033 concentum
1825 4977 1994 5030 edunt
2025 4993 2041 5030 :

483 5076 906 5145 paradisumque
939 5073 1254 5128 scindentes
1306 5069 1568 5133 medium,
1605 5077 1791 5137 postea
1824 5065 1925 5135 ipsi
1952 5065 2064 5120 di-.

482 5167 582 5222 visi
601 5167 653 5220 in
683 5167 883 5221 multas
913 5171 1096 5233 partes
1121 5161 1461 5224 dilabuntur,
1484 5162 1770 5229 denuoque
1796 5160 1848 5212 in
1878 5172 2046 5213 unum

480 5256 788 5322 confluunt,
813 5256 1054 5324 inseque
1077 5253 1439 5322 praecipitant,
1479 5250 1634 5320 quasi
1667 5250 1892 5304 animati
1922 5264 2050 5319 per-

484 5361 698 5416 petuam
765 5348 1003 5415 aliquam
1046 5344 1387 5398 saltationem
1412 5350 1748 5402 exercerent,
1783 5347 2053 5408 spectato-

485 5441 743 5507 ribusque
803 5435 1143 5492 exhiberem.
1189 5431 1299 5486 Nec
1317 5445 1506 5486 eorum
1556 5431 1816 5483 alteruter
1846 5442 2042 5507 aquam

485 5505 668 5586 hebeti
697 5529 879 5591 ambo,
905 5536 961 5580 ut
987 5541 1110 5580 cum
1137 5523 1439 5592 inspexeris
1465 5531 1518 5577 et
1543 5521 1804 5585 audieris,
1825 5522 1895 5575 ita
1920 5505 2044 5575 cum

487 5621 739 5687 gustaris,
768 5616 1073 5671 incredibili
1107 5625 1157 5669 te
1188 5614 1461 5684 voluptate
1486 5612 1860 5682 permulcent:
1890 5607 2046 5660 tnelle

484 5715 643 5776 alter,
675 5710 814 5763 lacte
852 5709 988 5762 alter
1013 5715 1196 5762 manat
1229 5723 1244 5762 :
1285 5702 1851 5771 remunerationisth
1882 5701 2044 5753 ambo

557 5820 636 5890 (1)
662 5819 796 5878 Cod.
825 5835 937 5892 reg.
964 5820 1197 5891 ὃσφησιν

2138 3248 2438 3310 ἀθανασίας
2490 3247 2585 3302 καὶ
2637 3247 2738 3316 τῆς
2776 3248 2966 3318 τιμῆς,
3002 3247 3271 3317 μακάριος
3315 3247 3372 3301 δὲ
3402 3246 3504 3316 τῆς
3535 3248 3594 3301 έν
3625 3246 3708 3318 τῷ

2138 3337 2451 3408 παραδείσῳ
2487 3339 2722 3409 τρυφῆς,
2755 3339 2826 3408 ἢν
2859 3339 2927 3411 δὴ
2965 3338 3156 3410 καιρὸς
3185 3339 3251 3392 ἂν
3296 3338 3383 3409 εἴη
3423 3338 3705 3406 διεξιέναι.

2138 3431 2205 3484 Τί
2227 3431 2283 3484 δὲ
2302 3431 2524 3502 πρῶτον
2553 3432 2663 3485 τῶν
2679 3433 2796 3485 ἐκεῖ
2821 3433 3190 3502 διηγήσομαις
3221 3432 3400 3486 πάντα
3429 3431 3538 3502 γὰρ
3563 3430 3711 3484 καλά

2138 3520 2259 3575 λίαν
2285 3538 2300 3553 ο
2338 3523 2430 3576 καὶ
2461 3522 2558 3592 τὴν
2584 3522 2832 3591 γλῶτταν
2866 3523 3102 3577 ἕκαστον
3131 3523 3334 3587 πείθει,
3366 3523 3486 3576 ὂτου
3525 3514 3609 3587 τις
3638 3521 3710 3576 ἂν

2139 3612 2360 3671 πρώτου
2389 3615 2627 3686 μνησθῇ,
2662 3615 2792 3686 περὶ
2824 3613 2990 3668 αὐτοῦ
3021 3631 3086 3683 γε
3119 3615 3335 3687 πρῶτον
3359 3616 3556 3669 εἰπεῖν.

2213 3801 2265 3850 t'.
2291 3794 2499 3848 Αὐτίκα
2518 3793 2700 3848 τοίνυν
2729 3793 2941 3849 ἀνθέων
2969 3811 3027 3848 τε
3057 3795 3325 3860 ποικιλία,
3354 3797 3448 3850 καὶ
3475 3797 3707 3868 καρπῶν

2138 3883 2395 3955 ἀφθονία,
2423 3885 2516 3938 καὶ
2539 3885 2903 3940 παντοδαπῶν
2927 3886 3149 3957 ὡραίων
3173 3887 3445 3955 εὐγένεια,
3478 3889 3573 3943 καὶ
3604 3907 3710 3959 φυ-

2140 3975 2250 4029 τῶν
2303 3975 2571 4029 ἀειθαλῶν
2617 3975 2801 4048 χάρις,
2832 3977 2928 4030 καὶ
2980 3977 3089 4030 πόα
3125 3978 3390 4047 μηδαμῶς
3441 3979 3712 4047 μηδέποθ’

2141 4067 2486 4136 ὑπομένουσα
2506 4065 2712 4135 φθίσιν,
2739 4067 2833 4122 καὶ
2858 4066 3237 4122 διειδεστάτων
3266 4069 3472 4122 ὑδάτων
3489 4068 3588 4139 ῥοὴ
3610 4071 3711 4121 σὺν
3807 4119 3820 4127 ,

2141 4157 2258 4226 ήχῳ
2293 4157 2399 4210 τῶν
2439 4158 2711 4228 Σειρήνων
2762 4159 2985 4228 ἄμεινον
3035 4160 3132 4228 τὴν
3171 4161 3340 4229 ἀκοήν
3371 4161 3710 4231 γοητεύοντι,

2142 4246 2237 4301 καὶ
2271 4247 2428 4303 πάνθ’
2472 4247 2509 4302 ἃ
2538 4248 2636 4320 τὴν
2668 4248 2938 4319 ὄσφρησιν
2964 4251 3040 4321 (1)
3068 4251 3247 4321 θέλγει
3273 4253 3366 4306 καὶ
3394 4251 3495 4322 τὴν
3543 4252 3713 4321 ἄλλην

2143 4337 2399 4409 αἴσθησιν
2435 4340 2640 4403 πᾶσαν,
2681 4340 2776 4393 καὶ
2804 4340 2964 4406 ὅλως,
2996 4340 3050 4396 εί
3093 4359 3146 4395 τι
3175 4341 3387 4412 χαρίεν,
3419 4342 3513 4397 καὶ
3541 4344 3710 4412 μέγα,

2144 4427 2240 4483 καὶ
2270 4428 2546 4500 λαμπρὸν,
2580 4428 2675 4483 ἅτε
2716 4429 2783 4498 δὴ
2816 4429 2962 4501 χειρὶ
3006 4428 3141 4484 Θεοῦ
3178 4429 3714 4500 κατεσκευασμένον,

2146 4519 2226 4592 τῷ
2259 4520 2577 4591 παραδείσῳ
2607 4520 2854 4589 γίγνεται
2887 4521 3122 4592 κόσμοςο
3153 4521 3248 4576 καὶ
3267 4521 3495 4590 ὠραῖζει
3522 4520 3714 4574 τοῦτον

2148 4611 2267 4676 πῶς
2301 4613 2403 4667 οῐει
2427 4628 2441 4641 ·
2488 4614 2586 4665 καὶ
2638 4615 2783 4664 ποιεῖ
2825 4611 3025 4682 χωρίον
3061 4611 3239 4683 λύπης
3280 4611 3571 4682 ἀνώτερον.
3606 4613 3718 4667 Καὶ

2146 4702 2282 4772 δῆτα
2303 4701 2538 4771 ποταμοί
2568 4715 2711 4762 τινες
2739 4699 2852 4766 δύο,
2881 4699 3095 4754 ἀένναοί
3120 4717 3176 4752 τε
3196 4699 3291 4754 κα)⁸
3310 4700 3716 4770 παμμεγέθεις,

2148 4792 2411 4848 κυκλοῦσί
2444 4809 2504 4844 τε
2542 4791 2706 4846 αὑτὸν
2735 4792 3141 4862 περιρρέοντες,
3173 4793 3268 4848 καὶ
3298 4791 3497 4860 κομιδῆ
3523 4790 3719 4860 δαιμό-

2149 4906 2262 4941 νιον
2284 4887 2471 4958 ὥσπερ
2489 4885 2871 4957 ἀναπέμπουσι
2898 4886 3060 4954 μέλος
3085 4901 3100 4915 ⁸
3127 4879 3247 4938 εἶτα
3272 4885 3462 4938 τοῦτον
3492 4884 3720 4955 τέμνον-

2145 4998 2251 5043 τες
2273 4981 2458 5051 μέσον,
2491 4980 2586 5034 καὶ
2618 4979 2686 5033 αὒ
2717 4979 2827 5034 οἵδε
2859 4978 3184 5049 τεμνόμενοι
3215 4996 3274 5030 τε
3307 4979 3403 5032 καὶ
3435 4980 3516 5042 είς
3545 4977 3719 5033 πολλά

2147 5071 2541 5142 διαιρούμενοι,
2575 5071 2670 5124 καὶ
2698 5070 2860 5124 πάλιν
2886 5071 2966 5133 είς
2983 5071 3147 5125 ταυτὺ
3175 5070 3580 5140 συνερχόμενοι,
3617 5071 3717 5125 καὶ

2148 5166 2228 5227 εἰς
2247 5164 2511 5233 ἀλλήλους
2539 5162 2894 5233 ἐμϐαλόντες,
2919 5161 3170 5232 καθάπερ
3194 5161 3429 5232 ἐμψυχοί
3455 5178 3602 5224 τινες
3625 5179 3720 5231 χοο

2154 5253 2304 5325 ρείαν
2327 5252 2618 5320 ἐξελίττειν
2643 5251 2867 5321 διηνεκῆ
2896 5251 3104 5317 δόξαιεν
3121 5254 3188 5306 ἂν
3223 5255 3330 5316 τοῖς
3363 5252 3553 5323 ὁρῶσι.
3581 5250 3691 5305 Τού
3711 5283 3722 5293 ο

2139 5358 2265 5394 ’τοιν
2295 5341 2575 5410 οὐδέτερος
2603 5339 2775 5410 ὕδωρ’
2810 5340 3070 5410 ἑκάτερος
3103 5341 3170 5406 δ’,
3203 5342 3393 5414 ὥσπερ
3419 5343 3595 5414 τρυφή
3629 5359 3720 5407 τις

2152 5432 2298 5501 ἄκρα
2325 5429 2600 5500 θεώμενός
2635 5447 2696 5484 τε
2731 5431 2826 5484 καὶ
2853 5432 3207 5499 ἀκουόμενος,
3234 5431 3324 5485 τὸν
3368 5433 3480 5485 ἴσον
3514 5430 3719 5502 τρόπον

2153 5523 2244 5575 καὶ
2273 5523 2821 5594 μεταλαμϐανόμενες
2841 5539 2856 5555 ·
2888 5525 3010 5592 μέλι
3036 5527 3132 5594 μὲν
3154 5525 3261 5596 γάρ
3286 5527 3313 5579 ό
3341 5525 3550 5596 ἔτερος,
3576 5524 3721 5593 γάλα

2152 5613 2198 5666 δ’
2229 5616 2256 5666 ὁ
2286 5613 2471 5678 λοιπὸς
2501 5615 2576 5669 ὢν
2606 5615 2862 5685 τυγχάνει
2884 5634 2897 5646 ο
2929 5616 2978 5670 οἳ
3013 5617 3078 5688 δὴ
3109 5610 3296 5688 μισθός
3331 5619 3486 5670 ὲστον
3516 5616 3593 5686 (2)
3625 5616 3731 5668 καὶ·

2153 5705 2423 5770 ἀντίδοσις
2469 5707 2582 5768 τοῖς
2629 5705 2865 5762 ἐνταῦθα
2898 5707 3299 5779 καθαρεύουσιν
3345 5709 3512 5763 οἴνου.
3545 5705 3726 5760 Βαεαὶ

2225 5817 2300 5886 (‘2)
2327 5816 2458 5872 Cod.
2491 5817 2663 5872 Coisl.
2697 5819 2840 5870 ἐστι.
