4080 6592
223 418 325 487 161

1192 408 1571 472 DIALOGUS
1603 408 1662 468 Il
1701 405 1862 466 CUM
1898 395 2450 460 MOIIAMETANO.

3399 386 3501 452 1(12

212 537 325 604 τῆς
367 529 722 602 εὐεργεσίαςι
755 522 840 590 οἷς
898 524 1242 597 πρόσκαιρον
1274 524 1574 578 ἀκόλαστον
1608 518 1800 591 ἡδονὴν
1831 569 1833 576 ι

1935 519 2026 567 oe'o
2061 520 2224 565 erunt
2255 509 2323 564 iis
2354 508 2449 578 Qui
2483 506 2540 560 in
2581 505 2682 560 hac
2725 505 2837 558 vita
2871 504 2998 558 vino
3028 516 3086 557 se
3109 475 3495 556 abstinui-rint.

214 623 666 697 ἀπεκρούσαντο,
699 617 920 674 αἰωνίου
955 615 1232 687 σώφρονος
1264 614 1691 669 ἀπολαύσουσιν.

299 871 396 928 ια’.
444 870 510 924 Τί
545 869 652 940 χρὴ
682 866 1006 935 καταλέγειν
1039 864 1136 926 τὰς
1195 863 1327 932 ἡμῖν
1387 861 1810 932 ἐπηγγελμένας

218 969 388 1029 Θείας
407 963 619 1034 τρυφάς
644 979 660 1026 ;
687 963 788 1015 Ἀν
815 977 874 1010 τε
903 958 1013 1029 γάρ
1042 975 1126 1020 τις
1158 956 1423 1025 φίλιππος
1452 949 1508 1028 ᾖ,
1543 953 1638 1007 καὶ
1670 955 1812 1025 θήρα

221 1060 468 1131 χαίρων,
495 1056 592 1110 καὶ
616 1053 816 1118 τόξοις,
840 1052 934 1106 καὶ⁵
961 1051 1109 1114 κυσὶ,
1125 1050 1222 1102 καὶ
1248 1045 1562 1117 χειροήθεσι
1587 1048 1811 1116 πτηνοῖς

223 1149 499 1224 (τουτοισί
523 1163 663 1219 φημι
693 1147 803 1208 τοῖς
830 1142 1197 1212 θηρευτικοῖς,
1228 1134 1308 1203 οἷς
1339 1139 1407 1192 τὰ
1436 1137 1674 1206 ἐδώδιμα
1702 1154 1811 1206 χει-

225 1243 523 1317 ρούμεθα),
549 1241 615 1295 ἀν
638 1256 698 1292 τε
727 1237 828 1308 τήν
863 1235 1070 1305 ἐσθῆτα
1103 1234 1407 1303 φιλότιμος,
1453 1233 1547 1284 καὶ
1575 1231 1654 1300 τῷ
1685 1247 1816 1282 συν-

221 1341 381 1393 εἶναι
431 1335 625 1404 κόραις
685 1328 1008 1400 ἐντρυφῶν,
1052 1327 1148 1379 καὶ
1203 1326 1394 1390 πᾶσιν,
1431 1324 1519 1376 ῖνα
1583 1322 1814 1387 συνέλω,

226 1433 388 1499 ἅπερ
429 1429 518 1488 είς
541 1422 738 1494 ήδονήν
763 1423 793 1474 ό
819 1418 943 1482 νοῦς
970 1419 1104 1488 ἡμῖν
1131 1417 1423 1487 δυνήσεται
1451 1413 1679 1477 πλάσαι,
1712 1413 1819 1466 πά-

232 1536 428 1593 ρεστιν
454 1516 619 1578 εὐθὺς
644 1511 985 1584 βουληθεῖσιν
1003 1525 1016 1539 ·
1035 1510 1096 1563 ού
1121 1510 1232 1579 γάρ
1257 1509 1404 1560 ἐστιν
1424 1501 1484 1559 οῦ
1515 1505 1819 1574 δεηθέντων

226 1615 420 1668 ἐκεῖνο
473 1609 549 1680 μὴ
601 1605 802 1677 φθάσοι
833 1605 935 1674 τὴν
971 1602 1181 1672 ἔφεσιν,
1215 1599 1399 1670 πολλῷ
1447 1598 1526 1669 τῷ
1571 1599 1818 1669 περιόντι

225 1705 448 1774 ⁴ταύτην
475 1701 661 1756 νικῶν.
698 1697 985 1767 Τοσαύτην
1016 1713 1079 1764 γε
1115 1695 1214 1767 τὴν
1245 1694 1484 1764 ἀμοιϐὴν
1513 1691 1820 1761 ἀπολήψον-

229 1814 331 1852 ται
378 1794 533 1864 παρά
563 1791 660 1846 τοῦ
695 1789 910 1845 δικαίου
969 1787 1242 1840 Δεσπότου
1297 1786 1392 1839 καὶ
1438 1782 1670 1852 ἀγαθοῦ,
1705 1782 1820 1835 ὅσοι

230 1886 513 1958 δήπουθεν
539 1883 720 1945 καλῶς
749 1881 820 1936 τά
845 1879 1248 1948 διατεταγμένα
1303 1877 1666 1947 τηρήσουσιν.
1685 1873 1827 1926 Ἀλλ’

231 1981 274 2051 tl)
337 1979 453 2031 τῶν
511 1973 866 2045 προσκαίρων
935 1970 1123 2039 ἀπάτη
1184 1965 1361 2021 πείθει
1412 1969 1539 2031 τοὺς
1597 1965 1828 2027 πολλοὺς

232 2070 641 2138 κατολιγωρεῖν
673 2067 772 2135 τῆς
802 2065 1120 2136 ἀπορρήτου
1147 2061 1307 2132 δόξης
1345 2061 1566 2130 εκείνης
1597 2059 1693 2112 καὶ
1729 2059 1827 2128 τῆς

235 2163 479 2235 τρυφῆς.
500 2160 596 2214 καὶ
645 2157 978 2226 πρόσκαιρον
1018 2146 1114 2208 καὶ
1152 2153 1356 2224 μικρὰν
1383 2151 1575 2222 ἡδονὴν
1615 2149 1716 2220 τῆς
1755 2149 1831 2212 ὡς

237 2255 465 2328 ἀληθῶς
499 2251 764 2322 μεγίστης
797 2268 860 2304 τε
906 2249 1000 2303 καὶ⁵
1040 2248 1215 2302 ἀϊδίου
1247 2245 1738 2301 άνταλλάττεσθαι·
1764 2237 1826 2298 οῦ

238 2350 293 2402 τί
331 2346 534 2417 γίνοιτ’
565 2346 632 2400 ἀν
659 2342 1017 2414 εὐηθέστερόν
1040 2358 1102 2394 τε
1133 2342 1227 2402 καὶ
1254 2339 1645 2410 σχετλιώτερον
1666 2337 1828 2403 ςΊδού

243 2460 329 2496 σοι
360 2441 507 2496 κατά
537 2439 742 2492 σκοπὸν
764 2437 860 2508 (ὡς
887 2435 1034 2490 δοκῶ
1066 2434 1204 2505 μοι),
1241 2432 1340 2503 τὴν
1371 2431 1666 2496 ἀπόκρισιν
1696 2430 1830 2484 άπο·

240 2533 478 2598 δέδωκα,
509 2531 643 2602 περὶ
685 2522 762 2585 ὧν
786 2527 951 2591 αὐτὸς
984 2527 1292 2582 ιπυνθάνου
1312 2541 1327 2556 ⁸
1365 2526 1414 2579 εί
1443 2524 1499 2578 δέ
1528 2542 1582 2578 τι
1608 2525 1702 2577 καὶ
1737 2525 1830 2577 επὶ

240 2621 414 2676 πλόον
457 2621 680 2676 ἀκούειν
732 2620 965 2686 ἐθέλεις,
999 2619 1146 2683 εἰπὲ,
1181 2619 1278 2671 καὶ
1308 2617 1367 2669 ὲν
1412 2617 1596 2686 χεροῖν
1627 2615 1687 2668 τὸ
1731 2631 1830 2667 πο-

244 2715 540 2784 θούμενον.
580 2713 724 2784 Ἤδη
783 2712 894 2784 γάρ
952 2710 1188 2784 πάρειμί
1225 2725 1312 2764 σοι
1367 2707 1687 2779 πρόθυμος,
1719 2709 1831 2762 πᾶν

241 2812 390 2881 ὅπερ
417 2811 485 2866 ἂν
513 2809 832 2874 κελεύσειας
863 2808 942 2879 (1)
975 2807 1299 2862 ἐκτελέσω-ι.

321 3086 417 3159 ιβ’.
461 3085 599 3140 Ἀλλ’
662 3083 800 3149 ἃλις,
852 3081 1008 3151 ἔφην,
1061 3080 1339 3152 διεξῆλθες
1386 3079 1456 3134 τὰ
1488 3081 1591 3150 τῆς
1633 3079 1826 3151 Ἐδέμ’

1917 606 2219 673 Quantum,
2270 603 2414 657 bone
2449 598 2612 661 Deus,
2647 596 3012 652 beneﬁcium!
3058 594 3134 649 illi
3164 593 3309 663 quod
3369 592 3498 645 bre-

1919 712 2039 751 rem
2069 705 2124 750 et
2155 695 2610 761 intemperantem
2648 689 2988 758 voluptatem
3023 687 3357 753 rcjecerunt,
3379 683 3505 737 ideo
3537 701 3540 703 λ

1916 787 2248 854 sempiterna
2322 783 2762 853 temperantique
2804 782 3176 852 perfruentur.

1990 877 2029 930 ll
2050 915 2063 929 .
2095 875 2233 940 Quid
2259 890 2397 944 opus
2419 884 2503 928 est
2527 873 2760 940 amplius
2787 872 3084 940 promissas
3107 872 3266 926 nobis
3285 874 3500 927 divinas

1920 972 2145 1031 delicias
2174 969 2503 1024 recensere?
2529 968 2586 1021 Si
2615 968 2739 1037 quis
2771 967 2930 1036 equis
2965 967 3168 1030 studet,
3201 969 3317 1022 sive
3341 985 3506 1021 vena-

1925 1067 2074 1120 tione
2138 1065 2360 1136 gaudet,
2423 1076 2686 1129 arcuque,
2737 1061 3059 1122 canibusve,
3125 1070 3222 1115 aut
3283 1061 3508 1115 alitibus

1927 1161 2224 1214 man5uetis
2255 1158 2343 1220 (de
2369 1156 2663 1210 venatoriis
2692 1155 2800 1208 illis
2837 1154 3270 1223 loquunquibus
3305 1153 3510 1207 bestias

1923 1255 2124 1308 vietum
2152 1251 2306 1306 nobis
2339 1250 2745 1318 suppeditantcs
2787 1251 3098 1316 capimus),
3127 1248 3242 1302 sive
3273 1247 3506 1300 vestium

1925 1345 2264 1412 Splendorem
2291 1341 2983 1410 allectat..puellarumqne
3044 1355 3342 1407 congressu
3371 1341 3515 1391 dele-

1931 1437 2339 1502 ctatur,‘omnia
2374 1435 2632 1502 denique,
2667 1442 2726 1490 ut
2755 1433 2993 1487 breviter
3032 1432 3233 1495 dicam,
3258 1445 3514 1500 quaecun-

1927 1547 2035 1601 que
2096 1529 2150 1584 in
2188 1529 2464 1598 voluptate
2511 1541 2664 1580 mens
2702 1525 2956 1594 emngere
3001 1523 3163 1578 nobis
3207 1531 3405 1590 potest,
3449 1536 3513 1574 ta

1929 1622 2234 1676 volentibus
2265 1621 2446 1674 statim
2497 1617 2726 1673 adsunt:
2791 1631 2890 1670 nec
2952 1615 3096 1670 enim
3160 1615 3324 1668 ullam
3398 1629 3512 1666 rem

1929 1715 2260 1777 desiderant,
2285 1727 2408 1782 qua:
2441 1727 2548 1766 non
2586 1711 2824 1780 ipsorum
2857 1709 3018 1762 etiam
3062 1707 3328 1762 desideria
3384 1721 3520 1774 ιιι-ιι·-

1931 1814 2122 1868 vertat,
2201 1803 2779 1872 abundantissimeque
2845 1809 3089 1878 superet.
3166 1797 3514 1868 Huiusmodi,

1864 1882 1903 1935 Β
1935 1901 2156 1966 hospes,
2188 1895 2685 1951 remunerationem
2718 1893 2788 1946 ab
2829 1893 3141 1962 iustissimo
3197 1890 3515 1960 optimoque

1933 1993 2044 2048 Deo
2075 1992 2320 2046 omnium
2370 2006 2549 2043 rerum
2607 1990 2836 2042 Domino
2897 1988 3189 2057 accipient,
3248 1986 3340 2056 qui
3397 1987 3519 2054 ejus

1930 2094 2196 2154 pmcepta
2224 2094 2367 2137 reete
2386 2081 2674 2138 servarint.
2699 2081 2768 2133 At
2790 2079 2935 2133 enim
2965 2094 3146 2133 rerum
3175 2079 3517 2132 terrestrium

1929 2191 2084 2231 error
2112 2175 2388 2246 plerisque
2419 2174 2732 2244 persuadet,
2769 2180 2826 2226 ut
2854 2171 3156 2226 incﬁabiles
3211 2171 3336 2225 illas
3385 2169 3523 2223 deli-

1931 2266 2044 2323 cias
2073 2267 2414 2336 gloriamque
2466 2266 2765 2335 negligant,
2825 2265 3156 2333 brevemque
3184 2279 3248 2318 ac
3298 2278 3522 2332 parvam

1933 2361 2266 2428 voluptatem
2305 2374 2429 2413 vere
2451 2357 2690 2412 maxima
2719 2365 2773 2409 et
2807 2356 3142 2426 sempiterna
3184 2357 3270 2410 illa
3307 2355 3524 2409 charin-

1931 2467 2044 2506 rem
2073 2451 2349 2505 habeant:
2385 2464 2491 2518 Quo
2521 2449 2650 2520 quid
2683 2449 2937 2503 stolidius
2989 2451 3126 2511 licrt,
3183 2447 3312 2516 quid
3357 2446 3525 2502 mise-

1931 2543 2161 2598 rabilius
2178 2541 2352 2612 possit
2371 2543 2396 2596 .’
2415 2541 2540 2596 Haec
2571 2541 2701 2595 mihi
2723 2539 2836 2593 fere
2861 2540 2914 2594 in
2945 2547 3185 2594 mentem
3210 2538 3524 2597 veniebant,

1923 2633 2134 2706 quibus
2165 2649 2469 2703 congruum
2500 2633 2582 2702 (ut
2613 2631 2834 2701 Opinor)
2868 2631 3133 2684 vol'untati
3169 2639 3274 2684 tute
3299 2645 3524 2698 re~pon-

1931 2743 2052 2783 sum
2081 2726 2360 2781 redderem
2397 2726 2462 2780 de
2507 2726 2612 2779 illis
2645 2725 2828 2790 rebus,
2859 2723 2926 2778 de
2957 2721 3159 2792 quibus
3225 2723 3498 2790 interroga

1931 2819 2029 2875 bas
2055 2835 2068 2872 :
2093 2818 2238 2888 quod
2274 2818 2318 2873 si
2361 2817 2490 2886 quid
2522 2816 2763 2885 amplius
2819 2815 3013 2868 audire
3043 2814 3198 2878 velis,
3259 2815 3409 2867 dicas
3434 2827 3530 2882 per

1933 2927 2019 2966 me
2041 2912 2186 2976 licet,
2219 2921 2272 2964 et
2301 2911 2444 2980 quod
2495 2919 2650 2979 optas
2687 2911 2740 2962 in
2774 2923 2938 2961 manu
2967 2906 3092 2960 erit.
3127 2904 3334 2959 Adsum
3383 2905 3526 2960 enim

1931 3004 2050 3066 tibi,
2080 3004 2299 3072 hospes,
2323 3002 2388 3057 ad
2422 3002 2788 3072 quodcunque
2813 2999 3046 3067 iusseris
3086 2996 3527 3068 exsequendum.

1897 3148 1911 3161 ,
2003 3097 2104 3150 12.
2136 3093 2283 3150 Satis
2322 3105 2381 3148 tu
2433 3095 2590 3158 mihi,
2621 3093 2870 3161 inquam,
2909 3107 3031 3161 qua:
3059 3091 3124 3145 ad
3181 3089 3326 3144 Eden
3357 3089 3530 3159 perti-

245 3181 404 3242 ὅπως
431 3176 478 3231 δ’
507 3175 738 3245 ἀμυνεῖς
770 3174 1039 3240 γενναίως
1068 3176 1178 3237 τοῖς
1213 3174 1548 3243 είρημένοις,
1578 3173 1707 3244 περὶ
1754 3167 1829 3228 ὧν

1935 3196 2086 3254 nent,
2131 3184 2362 3240 dicendo
2417 3183 2769 3254 percurristi:
2803 3183 2896 3239 sed
2928 3183 3048 3236 vide
3073 3183 3171 3247 sis,
3216 3182 3436 3250 hospes.
3471 3190 3531 3236 ut

247 3272 317 3326 ἂν
339 3271 523 3340 ἔχοιμι
577 3268 672 3323 νῦν
719 3268 1021 3339 προφέρειν
1045 3284 1062 3300 ·
1089 3267 1211 3321 οὐδὲ
1239 3269 1348 3338 γὰρ
1384 3267 1551 3322 πάντ’·
1587 3268 1834 3338 ἐλέγχειν

250 3362 597 3432 βουλήσομαι
653 3359 724 3412 τά
780 3356 1160 3428 προειρημένα
1212 3372 1336 3421 σοι,
1378 3357 1490 3410 οὐδ’
1538 3357 1724 3412 εκεῖνά
1771 3374 1836 3425 γε

249 3453 496 3515 πάντως,
529 3450 610 3506 δυ’
661 3451 728 3503 ὲκ
787 3448 996 3504 τούτων
1047 3464 1138 3518 μοι
1176 3447 1425 3502 δοκοῦσιν
1484 3449 1727 3520 ἀνίσχειν
1768 3450 1838 3503 τά

251 3543 588 3610 ἀτοπήματα
610 3555 624 3571 ⁸
655 3537 724 3609 ἦν
747 3540 856 3610 γὰρ
887 3539 974 3602 ἂν,
1007 3541 1169 3591 ταυτὶ
1199 3537 1506 3608 βουληθεὶς,
1550 3541 1630 3601 είς
1661 3539 1838 3607 λόγων

249 3635 494 3701 πέλαγος
522 3633 780 3704 ἐμπεσών
803 3650 817 3664 ·
848 3630 993 3685 οὕτω
1037 3648 1130 3700 μοι
1161 3631 1334 3686 πολλά
1362 3632 1637 3700 φαίνεται.
1665 3632 1837 3686 Ταυτὶ

253 3728 364 3796 μὲν
392 3725 487 3780 οῦν
520 3726 875 3795 σιωπήσομαι
897 3738 913 3753 ⁸
957 3723 1295 3794 πειράσομαι
1322 3723 1378 3778 δέ
1414 3741 1498 3778 σοι
1531 3723 1728 3789 δεῖξαι.
1764 3723 1839 3786 ὼς

251 3811 466 3881 inpio;
503 3833 561 3871 τε
598 3809 666 3878 ὦ,
695 3815 931 3882 σαθροὺς
961 3815 1088 3877 τοὺς
1118 3814 1402 3884 θεμελίους
1451 3815 1563 3868 τῶν
1614 3815 1843 3884 εἰρημέ-

253 3923 370 3964 νων
406 3924 489 3961 σοι
513 3925 526 3938 ·
555 3907 660 3960 κᾶν
691 3906 850 3960 τοῦτο
876 3907 1125 3976 γένηται,
1149 3906 1326 3968 οὐδείς
1357 3923 1440 3960 σοι
1485 3908 1704 3970 πάντως
1730 3910 1840 3962 τῶν

251 3999 467 4054 λοιπῶν
491 4000 644 4053 ἔσται
670 3999 850 4068 λόγος.
887 3998 1022 4052 Ούδὲ
1047 3999 1155 4070 γὰρ
1180 3999 1403 4069 μελήσει
1448 4016 1530 4054 σοι
1568 4000 1667 4069 τῆς
1692 3996 1840 4054 οἱκο-

251 4093 454 4162 δομῆς,
486 4091 982 4162 ἀνατετραμμινης
1035 4093 1135 4161 τῆς
1193 4091 1533 4163 ύποϐάθρας.
1582 4093 1838 4164 Ἐφησθα

253 4187 465 4250 τοίνυν,
508 4185 604 4248 ὡς·
633 4187 662 4238 ὁ
715 4185 950 4252 Χριστὸς
1007 4184 1317 4239 καθεδεῖται
1370 4187 1594 4242 πάντων
1643 4187 1839 4260 κριτὴς

253 4277 606 4338 δικαιότατος
629 4275 765 4344 μετὰ
779 4275 880 4345 τὴν
896 4274 1104 4329 τούτων
1130 4275 1450 4334 ἀνάστασιν.
1479 4273 1613 4333 Εἶτα
1635 4277 1836 4346 λέγεις,

252 4368 427 4421 αὑτὸν
455 4363 913 4434 αἰσχυνθήσεσθαι
961 4363 1057 4418 τὸν
1084 4364 1330 4435 Μωάμεθ
1373 4367 1838 4437 παραιτούμενον,

253 4463 339 4520 ὡς
394 4459 522 4514 ὄντα
580 4458 701 4510 λίαν
754 4457 930 4528 τούτῳ
979 4457 1392 4528 πεφιλημένον·
1429 4462 1523 4513 καὶ
1565 4461 1666 4531 τὴν
1695 4461 1840 4530 ὑπὲρ

1939 3277 2086 3332 dicta
2114 3286 2203 3330 tua
2226 3275 2441 3330 fortiter
2465 3274 2727 3330 defendas
2756 3274 3024 3331 adversus
3055 3293 3119 3331 ea
3164 3275 3376 3341 saltem,
3407 3291 3530 3347 quae

1941 3385 2084 3423 nunc
2114 3369 2208 3424 tibi
2243 3368 2442 3438 possim
2480 3367 2755 3434 obiicere:
2795 3383 2896 3422 nec
2921 3369 3066 3423 enim
3123 3370 3305 3429 omnia
3338 3371 3437 3425 abs
3479 3380 3532 3426 te

1938 3458 2084 3514 dicta
2125 3460 2247 3514 volo
2284 3459 2630 3530 redarguere,
2653 3475 2756 3515 nec
2779 3463 2829 3513 in
2864 3459 3182 3515 universum
3208 3459 3298 3515 illa
3335 3461 3528 3515 subin-

1939 3553 2109 3617 sulsa,
2141 3568 2262 3623 quae
2310 3554 2464 3624 sequi
2503 3552 2756 3607 videntur
2787 3567 2854 3607 ex
2886 3553 3168 3622 principiis
3209 3554 3318 3608 tuis
3353 3573 3366 3608 :
3402 3569 3533 3608 nam

1939 3643 1984 3698 si
2019 3645 2228 3711 vellem,
2264 3645 2315 3698 in
2347 3644 2620 3716 quoddam
2647 3645 2803 3714 quasi
2837 3645 3127 3699 verborum
3190 3647 3411 3717 pelagus
3440 3649 3529 3702 in-

1941 3738 2178 3791 ciderem
2209 3755 2221 3790 :
2255 3736 2392 3790 adeo
2422 3738 2588 3790 multa
2617 3737 2750 3790 mihi
2789 3736 3059 3791 videntur.
3110 3736 3202 3792 Illa
3257 3740 3422 3810 igitur
3455 3741 3536 3795 si-

1941 3828 2108 3884 lentio
2135 3828 2577 3898 praetermittam:
2602 3827 2701 3882 tibi
2730 3841 2882 3890 vero,
2911 3835 3176 3895 quantum
3205 3829 3258 3883 in
3287 3845 3369 3883 me
3391 3830 3528 3894 erit,

1941 3922 2232 3976 ostendere
2299 3920 2559 3982 conabor,
2615 3934 2780 3989 quam
2837 3919 3078 3985 inﬁrma,
3129 3921 3348 3990 hospes,
3398 3923 3532 3976 mihi

1941 4013 2237 4068 vidcantur
2264 4013 2530 4068 dictorum
2589 4022 2809 4066 tuorum
2873 4011 3258 4066 fundamenta:
3309 4013 3532 4080 quodsi

1941 4107 2142 4162 factum
2175 4104 2360 4170 fuerit,
2403 4113 2726 4158 caeterorum
2760 4103 2964 4158 nullam
3001 4105 3227 4158 omnino
3259 4103 3532 4160 rationem

1942 4187 2140 4254 habere
2169 4197 2392 4268 poteris.
2421 4197 2553 4251 Nam
2585 4212 2774 4251 eversa
2797 4197 2935 4261 basi,
2981 4199 3046 4250 de
3066 4197 3314 4260 aedilicio,
3347 4199 3540 4264 credo,

1939 4309 2047 4347 non
2078 4292 2319 4347 curabis.
2349 4290 2539 4344 Dixisti
2571 4290 2757 4358 igitur,
2787 4289 3066 4345 Christum
3099 4301 3220 4359 post
3250 4290 3540 4346 hominum

1942 4385 2394 4438 resurrectionem
2433 4382 2796 4451 iustissimum
2830 4381 3072 4435 omnium
3138 4383 3374 4451 judicem
3417 4398 3540 4438 esse

1940 4491 2245 4531 sessurum.
2286 4475 2490 4529 Deinde
2523 4475 2660 4530 dicis
2690 4474 2828 4538 fore,
2868 4484 2928 4528 ut
2989 4474 3308 4542 Moamethi,
3373 4491 3542 4545 quem

251 4553 374 4605 τῶν
430 4549 642 4602 ἐκείνου
698 4548 961 4620 μαθητῶν
1009 4565 1070 4602 τε
1117 4550 1214 4603 καὶ
1242 4551 1459 4604 ὀπαδῶν
1488 4551 1670 4622 ψῆφον
1705 4553 1833 4622 πρὸς

1949 4568 2149 4623 eximie
2188 4567 2385 4636 diligit,
2417 4583 2514 4636 pro
2547 4567 2864 4622 hominibus
2893 4567 3235 4637 deprecantis
3266 4567 3533 4621 rationem
3623 4577 3628 4584 '

253 4642 425 4713 χάριν
485 4640 660 4692 οῖσειν
705 4639 1040 4711 διισχυρίζη.
1068 4641 1141 4692 Τὸ
1181 4641 1237 4695 δὲ
1285 4643 1422 4711 πρὸς
1453 4643 1615 4714 χάριν
1672 4645 1732 4697 ού
1767 4645 1850 4698 δί-

257 4751 424 4787 καιον
447 4749 462 4762 ·
499 4733 589 4785 ὅτε
626 4731 722 4785 καὶ
767 4732 829 4785 τὸ
860 4732 1070 4786 δίκαιον
1115 4733 1215 4787 ούκ
1273 4735 1338 4789 ἀν
1391 4752 1516 4788 ποτε
1543 4736 1631 4805 εῖη
1666 4737 1850 4806 χάρις.

1955 4657 2175 4722 habeat,
2195 4671 2429 4725 cumque
2455 4671 2484 4708 a
2531 4657 2702 4728 gratia
2723 4655 2920 4711 ﬂexum
2947 4658 3014 4711 de
3063 4657 3209 4710 illius
3255 4657 3543 4727 discipulis

1953 4748 2422 4817 sectatoribnsque
2451 4747 2782 4801 sententiam
2833 4747 3070 4801 laturum
3101 4763 3223 4803 esse
3273 4748 3540 4802 allirmas.

261 4824 433 4878 Ὅθεν
488 4823 737 4892 οὐδαμῶς
801 4824 1097 4892 συμϐαίνει
1127 4826 1196 4878 τά
1243 4826 1537 4913 εἰρημένα,
1571 4828 1709 4880 ἀλλὰ
1757 4844 1833 4880 και

1956 4843 2068 4899 Hoc
2092 4852 2296 4904 autem,
2330 4859 2358 4897 a
2389 4844 2558 4911 gratia
2590 4843 2812 4908 ﬂexum,
2837 4843 3046 4912 justum
3074 4859 3180 4900 non
3214 4855 3298 4898 est
3327 4861 3340 4898 :
3373 4849 3533 4913 quia,

255 4916 634 4988 διαφερόντως
663 4916 918 4987 ἀλλήλοις
947 4905 1408 4989 διαφέρεται.’Τδ
1432 4920 1538 4989 γὰρ
1577 4920 1704 4988 ίσην
1733 4919 1855 4973 δοῦ-

257 5028 356 5066 ναι
413 5010 573 5080 δίκην
621 5010 750 5072 τοὺς
793 4995 852 5062 ἐν
901 5011 1098 5081 τάφρῳ
1119 5028 1180 5064 τε
1206 5011 1300 5065 καὶ
1329 5014 1395 5082 τῇ
1423 5013 1614 5082 πίττῃ,
1651 5013 1726 5075 ὡς
1751 5012 1844 5065 ίσα

257 5099 535 5170 δήπουθεν
569 5099 1106 5170 πεπλημμεληκότας
1127 5117 1144 5134 ⁶
1177 5096 1318 5166 εἶτα,
1376 5103 1502 5167 τοὺς
1537 5104 1635 5173 μὲν
1663 5103 1844 5157 αὐτῶν

257 5191 396 5261 ἄχρι
417 5189 510 5243 τοῦ
534 5190 736 5252 παντὸς
757 5191 918 5244 ἐᾶσαι
937 5191 1288 5258 κολάζεσθαι,
1307 5193 1382 5258 ὡς
1410 5194 1486 5265 μή
1520 5195 1848 5266 δυνηθέντας

257 5281 530 5336 λαϐέσθαι
560 5281 672 5334 τῶν
699 5282 797 5334 τοῦ
823 5283 1072 5352 Μωάμεθ
1099 5285 1309 5354 τριχῶν
1336 5326 1350 5350 ,
1381 5291 1494 5350 τοῖς
1523 5289 1579 5342 δὲ
1621 5291 1846 5359 τυχοῦσι

257 5372 494 5434 τούτων,
539 5372 637 5424 καὶ
692 5372 1001 5449 ἀνελθοῦσι,
1037 5375 1134 5428 καὶ
1171 5376 1336 5429 αὑτὸν
1375 5377 1440 5448 δὴ
1464 5380 1557 5432 τὸν
1585 5381 1850 5450 παράδει-

261 5479 365 5518 σον
411 5462 594 5516 δοῦναι
639 5463 1051 5536 κληρονομῆσαι
1091 5467 1172 5538 (ὃς
1197 5470 1309 5532 τοῖς
1337 5470 1624 5541 ἀριστεῦσι
1665 5473 1848 5542 μόνοις

259 5552 433 5610 ἆθλόν
457 5572 520 5608 τε
557 5557 652 5609 καὶ
703 5555 877 5627 γέρας
907 5557 1270 5628 ἀφώρισται),
1303 5561 1407 5616 ποῦ
1437 5562 1501 5633 δή
1537 5561 1691 5617 ταῦτ’
1727 5565 1846 5618 ἐστὶ

259 5650 336 5701 τὰ
359 5645 544 5699 δίκαια
581 5647 852 5717 τιμῶντος
892 5649 1123 5720 ἁνδρός;
1161 5653 1324 5722 μήτοι
1354 5668 1417 5720 γε
1447 5653 1636 5724 κριτοῦ
1669 5655 1844 5708 τοιού-

255 5758 380 5806 του,
409 5741 506 5794 καὶ
543 5739 725 5810 ψυχῆς
754 5756 815 5794 τε
852 5742 945 5795 καὶ
976 5742 1146 5814 πνοῆς
1171 5745 1266 5799 καὶ
1295 5745 1468 5817 Λόγου
1500 5746 1660 5815 Θεοῦ,
1684 5747 1846 5802 τοῦτο

339 5858 415 5924 (ι)
443 5857 580 5914 Cod.
615 5857 783 5913 CoisL
815 5858 1086 5915 κελευαει.

1959 4937 2102 5005 quod
2125 4936 2330 5004 justum
2354 4946 2458 5001 cst,
2484 4936 2655 5007 gratia
2681 4951 2803 4991 esse
2852 4936 3064 5005 nequit.
3094 4934 3247 4990 Unde
3276 4952 3396 5004 qnze
3447 4937 3534 4988 di-

1956 5027 2083 5082 xisti
2107 5043 2451 5098 nequaquam
2511 5035 2844 5095 congruunt,
2867 5027 2962 5082 sed
2990 5027 3336 5081 vehementer
3368 5027 3542 5081 etiam

1951 5117 2093 5174 inter
2113 5133 2172 5173 se
2195 5128 2455 5189 pugnant.
2484 5118 2618 5172 Nam
2644 5121 2884 5188 primum
2915 5119 3059 5189 quod
3101 5118 3164 5184 ii,
3192 5120 3283 5188 qui
3310 5119 3362 5172 in
3392 5119 3542 5172 fossa

1952 5219 2006 5265 et
2029 5211 2146 5282 pice
2165 5211 2497 5273 detinentur,
2519 5213 2754 5281 aequales
2775 5227 2966 5282 pmnas
2986 5214 3323 5281 persolvunt,
3350 5221 3542 5282 utpote

1951 5304 2047 5372 qui
2067 5304 2350 5373 mqualiter
2370 5304 2757 5374 peccaverint:
2791 5314 2928 5368 tum,
2954 5319 3144 5358 eorum
3177 5306 3443 5373 quosdam
3466 5307 3532 5356 ad

1952 5407 2215 5450 a'ternum
2241 5395 2565 5466 supplicium
2594 5395 2902 5457 detrudere,
2927 5397 3070 5466 quod
3086 5398 3382 5450 Meamethi
3441 5409 3536 5449 ca-

1952 5487 2114 5556 pillos
2153 5487 2488 5557 prehendere
2528 5503 2640 5542 non
2677 5489 2957 5558 potuerint
3001 5505 3017 5544 :
3055 5489 3272 5552 deinde,
3297 5488 3540 5553 caeteris,

1951 5575 2050 5644 qui
2081 5589 2176 5630 eos
2200 5576 2591 5646 prehenderint
2611 5585 2666 5632 et
2691 5577 3067 5643 ascenderint,
3099 5577 3430 5631 hereditatis
3455 5577 3533 5627 lo-

1953 5677 2018 5716 co
2040 5663 2350 5732 paradisum
2371 5664 2504 5720 dare
2524 5663 3035 5736 (quipraestantibus
3066 5676 3276 5721 tantum
3311 5663 3443 5717 viris
3473 5673 3534 5716 ut

1958 5755 2239 5822 prmmium
2270 5763 2324 5811 et
2349 5770 2555 5814 corona
2581 5767 2889 5812 reservatus
2910 5757 3050 5828 est):
3080 5766 3278 5812 suntne
3299 5756 3414 5811 haec
3436 5752 3543 5809 viri
