4080 6614
531 374 636 436 163

1744 368 2155 432 MANUEIJS
2192 367 2643 433 PALA‘IOLOGI

3687 373 3801 441 ιει

516 492 609 559 ius
637 499 693 544 et
722 505 938 560 equum
964 491 1329 547 aestimaniis?
1357 491 1554 547 nedum
1583 491 1898 560 huiusmodi
1918 476 2106 560 judicia

2222 486 2285 557 δή
2313 489 2375 541 τὸ
2405 488 2511 560 πρὸ
2543 488 2743 559 μικροῦ
2768 490 2856 559 ὑφ’
2886 490 3041 560 ὑμῶν
3063 490 3357 562 εἰρημένον
3380 531 3396 558 ,
3423 487 3537 545 Καὶ
3559 488 3672 562 μὴν
3700 494 3805 577 “.6

520 584 616 652 qui
637 585 798 653 paulo
818 593 943 638 ante
969 585 1064 641 Dei
1087 585 1294 650 anima,
1310 585 1537 654 spiritus
1556 594 1610 639 et
1632 583 1872 638 Verbum
1898 600 1927 636 a
1950 583 2108 638 vobis

521 675 951 730 nominabatur?
979 677 1144 747 Atqui
1200 677 1247 732 si
1294 676 1638 732 Moamcthus
1666 686 1927 744 cegnatos
1977 689 2109 730 suos

519 765 701 832 potius
728 782 890 835 quam
917 767 1212 835 discipulos
1235 767 1628 837 malis-eripere
1650 766 1936 829 vol-uisset,
1955 773 2110 821 certe

408 836 447 886 ἶ
522 859 812 914 inaeternis
852 860 1135 929 suppliciis
1183 861 1434 932 discipuli
1483 861 1879 914 remansissent
1926 874 2110 916 :nune

520 967 671 1017 vero,
698 954 1021 1024 propinquis
1044 954 1313 1018 dimissis.
1345 948 1591 1024 cum'qui
1620 954 1809 1008 eadem
1840 952 2109 1023 religione

520 1055 780 1100 cssentex
809 1048 1150 1102 tenebricosa
1181 1047 1272 1102 illa
1299 1047 1518 1101 ﬂamma
1568 1047 1800 1102 voluerit
1849 1046 2105 1114 educere,

520 1149 589 1190 ne
615 1138 715 1191 hoc
739 1137 956 1206 quidem
986 1137 1236 1207 perfecit.
1850 1182 1853 1185 ν

592 1231 680 1287 13.
709 1230 842 1283 Nam
885 1231 1069 1285 habito
1098 1232 1318 1300 quidem
1352 1231 1419 1286 ad
1446 1232 1717 1300 quosdam
1759 1239 2010 1300 respectu
2041 1245 2109 1286 ex

519 1320 687 1373 animi
723 1321 989 1376 sententia
1028 1337 1137 1375 rem
1163 1323 1401 1377 confecit
1426 1322 1645 1377 :caeteri
1677 1331 1858 1376 autem
1888 1321 1940 1376 in
1980 1337 2101 1392 gur-

520 1417 626 1478 g'te
665 1414 908 1467 derelicti
936 1422 1082 1475 sunt.
1111 1414 1326 1469 etiamsi
1368 1430 1562 1469 omnes
1598 1415 1687 1469 ille
1717 1430 1784 1469 ex
1838 1413 1988 1470 fossa
2016 1430 2113 1471 ex-

520 1507 738 1561 trahere
770 1507 1028 1561 voluerit.
1061 1506 1168 1561 Sed
1195 1506 1301 1573 fac,
1328 1508 1630 1563 secundum
1688 1508 2031 1578 propositum
2055 1517 2111 1563 et

521 1602 858 1652 Vultlttlalem
900 1597 1193 1652 liloamethi
1224 1600 1326 1652 hoc
1350 1598 1615 1653 accidisse
1645 1614 1928 1668 ,quonam,
1948 1600 2109 1654 obse-

522 1704 644 1753 cro,
667 1690 818 1759 justo
834 1690 1042 1760 judicio
1062 1689 1175 1743 ﬁeri
1238 1691 1413 1759 putuit
1441 1693 1462 1744 ?
1490 1688 1692 1745 Omnes
1719 1693 1863 1746 enim
1918 1692 2108 1747 eadem

523 1780 787 1848 religione
847 1790 1026 1844 erant,
1067 1780 1401 1849 nimiamque
1451 1781 1689 1849 aliquam
1750 1779 2103 1850 peccatorum

529 1871 933 1926 multitudinem
983 1870 1249 1925 ferebant.
1275 1869 1512 1925 Proinde
1543 1871 1628 1926 vel
1654 1886 1840 1926 omnes
1882 1882 2105 1941 proluer

535 1963 693 2016 ﬁdem
726 1962 959 2016 liberare
983 1961 1289 2031 oportebat,
1324 1958 1407 2014 vel
1438 1975 1630 2039 omnes
1688 1973 1860 2030 paena:
1890 1958 2107 2013 tradere

527 2065 748 2125 propter
808 2061 1156 2123 peccatorum
1226 2051 1679 2122 magnitudinem.
1736 2050 1890 2107 Nunc
1950 2068 2104 2118 vero,

521 2147 653 2215 quia
705 2142 1032 2198 criminibus
1088 2142 1362 2195 similibus
1401 2143 1706 2198 obstrictos
1763 2158 1871 2198 non
1914 2143 2104 2199 eodem

527 2241 687 2293 modo
711 2244 1212 2299 remnnerat,certe
1239 2244 1333 2288 aut
1358 2234 1445 2289 his
1480 2235 1835 2305 gratiﬁcatur,
1866 2245 1958 2293 aut
1983 2237 2106 2292 illos

524 2328 722 2398 injuria
743 2326 927 2389 allicit,
952 2336 1045 2379 aut
1067 2325 1236 2396 (quod
1262 2326 1478 2380 tertium
1505 2328 1776 2398 superest)
1801 2344 1907 2381 non
1933 2329 2108 2398 potuit

525 2439 557 2491 p
575 2423 783 2476 :rticere
810 2419 862 2474 id
880 2419 1026 2487 quod
1054 2418 1299 2489 volebat:
1319 2434 1632 2488 quanquam
1660 2420 1760 2474 hac
1782 2435 1998 2490 quoque
2021 2423 2105 2475 via

525 2527 718 2566 omnes
764 2526 793 2564 e
826 2510 985 2563 malis
1016 2509 1230 2564 liberari
1268 2525 1494 2565 necesse
1550 2521 1686 2565 erat.
1722 2508 1925 2579 Nempe
1958 2512 2102 2579 Alin,

538 2600 946 2671 utprophetam
972 2609 1027 2653 et
1051 2599 1144 2653 Dei
1186 2601 1450 2665 amicum,
1508 2602 1779 2671 plurimos
1832 2604 2105 2674 supplicio

529 2693 738 2764 eripere
761 2696 1037 2761 beataeque
1064 2692 1186 2746 vitae
1234 2694 1537 2763 participes
1593 2694 1805 2750 cﬂicere
1855 2696 2104 2762 decebat,

537 2785 787 2852 identque
812 2782 989 2837 facere
1012 2780 1266 2845 Fatmen,
1313 2783 1389 2835 tui
1436 2783 1712 2851 propheta:
1750 2783 1936 2849 filiam,
1983 2800 2107 2856 quae

537 2876 875 2942 inultosipsa
904 2873 1119 2943 coniugi
1155 2887 1257 2926 suo
1280 2871 1364 2926 Ali
1416 2873 1709 2942 prophetas
1752 2877 1980 2944 peperit.
2026 2878 2106 2930 ita

527 2966 897 3034 unusquisque
914 2981 1100 3018 eorum
1137 2974 1398 3034 quantum
1421 2964 1489 3019 ab
1509 2965 1689 3035 judice
1706 2966 1968 3036 diligitur,
1988 2976 2107 3023 lan-

533 3068 645 3111 tum
680 3059 879 3126 poterit
908 3056 1051 3124 apud
1079 3058 1255 3124 ipsum
1283 3074 1296 3110 :
1322 3056 1459 3110 adeo
1487 3067 1547 3111 ut
1568 3059 1711 3112 alius
1736 3059 1955 3124 quidem
1980 3063 2100 3130 plu-

528 3167 635 3214 res,
664 3152 800 3204 alius
837 3152 1144 3219 pauciores,
1179 3149 1405 3217 quilibet
1431 3159 1610 3204 tamen
1659 3166 1690 3204 a
1720 3150 1829 3206 Deo
1873 3151 2104 3209 dilectus

524 3248 736 3315 aliquos
766 3243 1069 3299 esontibus
1118 3242 1353 3296 liberare
1408 3244 1602 3313 possit,
1652 3252 1807 3298 tanto
1870 3246 2105 3316 quisque

524 3336 763 3409 (opinor)
798 3351 1050 3398 numero,
1073 3346 1337 3403 quantum
1386 3335 1617 3391 dilectus
1646 3346 1747 3391 est.
1779 3336 1889 3392 lloc
1920 3339 2104 3409 sequi-

524 3440 615 3486 tur
636 3446 700 3490 ex
729 3430 796 3483 iis
813 3443 934 3497 qua:
957 3427 1163 3482 dixisti.
1190 3426 1326 3480 Nam
1344 3427 1389 3480 si
1406 3437 1530 3481 tuus
1555 3430 1818 3499 prepheta
1842 3447 1929 3495 eo,
1956 3431 2104 3500 quod

524 3539 557 3579 a
590 3524 697 3577 Deo
729 3520 879 3574 valJe
902 3520 1164 3591 diligitur,
1188 3519 1465 3572 inﬁnitum
1492 3532 1681 3574 eorum
1725 3522 1817 3590 qui
1862 3524 2104 3592 puniun-

526 3627 615 3671 tur
635 3628 921 3668 numerum
955 3612 1217 3676 servabit,
1245 3612 1424 3665 caeteri
1449 3627 1665 3681 quoque
1692 3615 1970 3683 pr0pheta:
1988 3632 2113 3671 om-

525 3704 625 3764 nes
651 3708 790 3762 idem
827 3707 1005 3761 facere
1059 3714 1322 3774 possunt;
1358 3704 1542 3759 nullus
1575 3705 1720 3759 enim
1766 3722 1957 3762 eorum
2006 3719 2113 3778 est,

523 3817 684 3874 quem
712 3817 822 3857 non
845 3798 1149 3870 ipsejudici
1179 3800 1425 3855 omnium
1452 3798 1733 3854 hominum
1761 3803 2001 3859 amicum
2020 3820 2113 3862 es-

522 3912 581 3951 se
611 3892 866 3949 aﬂirmes.

594 3988 663 4042 M
697 4024 713 4041 .
748 3987 934 4057 Igitur,
966 3985 1011 4040 si
1042 3999 1165 4039 vera
1204 3984 1299 4037 tibi
1340 3983 1597 4054 iustaque
1657 3986 1841 4043 dicere
1895 3989 2103 4060 videor,

522 4097 645 4145 nec,
678 4088 737 4135 ut
769 4088 911 4133 certe
935 4077 1071 4142 seio,
1113 4078 1250 4131 meis
1289 4077 1451 4132 dictis
1492 4078 1759 4133 infensius
1793 4081 2106 4141 adversaris

525 4178 657 4243 (non
697 4173 841 4228 enim
874 4187 1085 4226 mecum
1123 4180 1319 4240 praeter
1353 4185 1464 4223 rem
1514 4173 1844 4227 cantendere
1900 4177 2053 4232 voles
2086 4192 2101 4230 :

405 4256 411 4262 ’
524 4266 578 4319 id
607 4280 673 4318 ex
706 4263 890 4318 multis
921 4262 1029 4317 tuis
1062 4270 1113 4316 et
1133 4262 1411 4331 praeclaris
1466 4261 1762 4317 virtutibus
1799 4266 2060 4337 coniicio)
2087 4286 2103 4324 :

521 4356 653 4427 quid
683 4355 859 4409 facere
889 4370 996 4409 non
1034 4361 1224 4422 posset
1257 4351 1471 4405 inﬁnita
1518 4351 1607 4405 illa
1635 4363 1945 4410 vestrorum
1976 4374 2103 4427 pro-

2211 580 2458 649 Μωάμεθ
2510 581 2688 636 εἵλετο
2750 583 2881 648 τοὺς
2942 587 3227 652 συγγενεῖς
3283 584 3317 654 ἢ
3368 584 3497 647 τοὺς
3530 584 3805 654 φοιτητὰς

2211 673 2381 727 αὑτοῦ
2412 674 2522 728 τῶν
2543 672 2732 730 δεινῶν
2761 666 3068 742 ἐξελέσθαι,
3097 676 3325 746 ἔμειναν
3361 677 3429 731 ἂν
3457 678 3508 729 oi
3538 676 3803 746 φοιτηταὶ

2209 763 2496 834 ἀπέραντα
2523 763 2886 836 κολαζόμενοι
2905 782 2920 797 ·
2952 766 3050 821 νῦν
3089 766 3170 832 δὲ,
3205 766 3423 837 χαίρειν
3465 766 3637 829 ἐάσας
3666 766 3801 829 τοὺς

2210 854 2361 925 αὐτῷ
2408 858 2827 928 προσήκοντας,
2855 859 2983 922 τοὺς
3023 859 3080 913 δὲ
3125 858 3228 929 τῆς
3272 858 3446 927 αὐτῆς
3495 858 3803 927 θρησκείας

2209 947 2360 1018 αὕτῷ
2391 951 2492 1019 τῆς
2517 950 2804 1021 σκοτεινῆς
2830 950 3031 1019 φλογὸς
3055 950 3275 1021 ἐκείνης
3305 948 3569 1019 ἐθελήσας
3600 950 3802 1018 ἐξαγα-

2209 1044 2350 1110 γεῖν,
2382 1042 2507 1096 οὐδὲ
2533 1042 2667 1112 γοῦν
2687 1042 2849 1097 τοῦτο
2877 1043 3246 1113 κατέπραξτν.

2280 1224 2374 1295 ιγ’.
2409 1226 2557 1296 Πρὸς
2608 1228 2708 1298 μὲν
2758 1226 2867 1299 γάρ
2916 1227 3044 1292 τοὺς
3087 1228 3248 1293 ἐξέϐη
3312 1230 3487 1298 τούτῳ
3520 1228 3582 1281 τὸ
3622 1226 3804 1299 πέρας

2210 1325 2353 1377 κατά
2385 1323 2482 1393 τὴν
2515 1322 2778 1393 πρόθεσιν
2804 1337 2820 1354 ο
2856 1323 2906 1375 oi
2929 1321 2976 1374 δ’
3004 1320 3479 1391 ὲναπελείφθησαν
3521 1322 3603 1393 τῷ
3628 1323 3805 1394 βαρά-
3857 1351 3863 1354 ν

2212 1416 2326 1486 θρῳ
2348 1454 2363 1478 ,
2403 1417 2597 1469 τούτου
2629 1415 2840 1476 πάντας
2866 1413 3224 1484 βουληθέντος
3256 1411 3539 1478 ἐξελέσθαι
3569 1415 3668 1484 τῆς
3700 1414 3804 1469 τά·

2212 1522 2371 1574 φρου.
2406 1506 2467 1558 Εί
2501 1504 2557 1557 δὲ
2588 1504 2727 1559 κατὰ
2754 1503 2983 1572 γνώμην
3010 1502 3203 1557 τούτου
3239 1504 3432 1572 γέγονε
3461 1503 3661 1569 ταῦτα,
3687 1504 3801 1557 τίνι

2211 1599 2396 1670 δικαίᾳ
2453 1598 2648 1666 γέγονε
2707 1597 2919 1666 ψήφῳς
2970 1596 3181 1657 Πάντες
3222 1595 3331 1665 γὰρ
3367 1596 3462 1647 καὶ
3483 1596 3583 1665 τῆς
3620 1595 3800 1663 αὐτῆς

2213 1676 2510 1762 θρησκείας
2544 1692 2700 1754 ὄντες
2729 1690 3052 1759 ἐτύγχανον,
3078 1689 3174 1742 καὶ
3202 1688 3265 1742 ού
3303 1687 3539 1758 φορητόν
3568 1704 3624 1740 τι
3655 1685 3804 1756 πλῆ-

2213 1786 2303 1846 θος
2331 1786 2621 1856 ἁμαρτιῶν
2666 1784 2945 1853 φέροντες.
2983 1782 3053 1836 Ἦ
3088 1781 3219 1850 γοῦν
3248 1781 3375 1843 τοὺς
3419 1780 3633 1841 πάντας
3672 1778 3802 1831 ἁνε-

2210 1877 2399 1931 λὲσθαι
2430 1877 2596 1947 ἐχρῆν
2629 1876 2717 1928 διὰ
2742 1876 2845 1945 τὴν
2893 1875 3100 1937 πίστιν,
3123 1873 3157 1943 ἢ
3186 1864 3315 1936 τοῦς
3344 1872 3592 1935 ἅπαντας
3634 1871 3799 1925 ἐᾶσαι

2208 1969 2536 2032 κολάξεσθαι
2595 1967 2684 2021 διὰ
2732 1968 2793 2020 τδ
2819 1966 2930 2020 τῶν
2960 1962 3250 2035 ἁμαρτιῶν
3293 1964 3546 2035 μέγεθος.
3580 1962 3695 2017 Νῦν
3736 1961 3799 2017 δὲ

2207 2065 2320 2126 τοῖς
2356 2063 2493 2125 ἴσοις
2523 2061 2879 2129 ἐνεχομένους
2909 2058 2970 2112 οὗ
2994 2060 3109 2121 τοῖς
3125 2058 3309 2120 αὐτοῖς
3332 2056 3724 2126 ἀμειϐόμενος,
3756 2054 3794 2126 ἢ

2205 2154 2444 2207 τουτοισὶ
2475 2136 2863 2224 χαριζόμενος,
2888 2151 2921 2221 ἢ
2950 2150 3197 2224 ἐκείνους
3227 2150 3430 2203 ἀδικῶν
3454 2144 3736 2219 φαίνεται,
3756 2147 3795 2217 ἢ

2209 2248 2292 2314 (τό
2328 2262 2393 2315 γε
2424 2222 2627 2314 τρίτον)
2668 2244 2743 2314 μὴ
2775 2242 3050 2313 δυνηθεὶς,
3072 2222 3212 2313 άπερ
3248 2240 3527 2306 ἐϐούλετο,
3561 2238 3794 2310 πρᾶξαι.

2207 2339 2402 2393 Καίτοι
2430 2355 2494 2406 γε
2524 2339 2620 2390 καὶ
2649 2336 2779 2408 τῇδε
2821 2336 3035 2396 πάντας
3085 2333 3257 2404 ιχρῆν
3290 2334 3400 2388 τῶν
3422 2332 3613 2388 κακῶν
3636 2332 3799 2386 ἐλευ-

2208 2430 2543 2500 θερωθῆναι.
2573 2430 2678 2481 Τὸν
2707 2428 2816 2497 γὰρ
2858 2427 3042 2498 ’Δλῆν,
3091 2427 3384 2497 προφήτην
3410 2442 3472 2479 τε
3507 2425 3604 2479 καὶ
3632 2426 3798 2495 φίλον

2206 2522 2338 2576 ὄντα
2371 2521 2533 2586 Θεοῦ,
2587 2520 2879 2583 πλείστους
2928 2520 3041 2573 τῶν
3088 2520 3283 2574 δεινῶν
3335 2520 3667 2590 άφαρπάσαι
3710 2519 3797 2592 (1)

2208 2615 2304 2667 καὶ
2347 2615 2447 2678 τῆς
2497 2612 2775 2684 μακαρίας
2807 2609 2980 2677 δεῖξαι
3014 2612 3274 2682 μετόχους
3307 2609 3476 2682 ζωῆς,
3523 2611 3618 2663 καὶ
3652 2596 3799 2680 πρός

2206 2724 2270 2776 γε
2304 2706 2383 2759 ἔτι
2423 2705 2524 2775 τὴν
2568 2705 2864 2773 Φατουμᾶν
2900 2702 2978 2773 (2)
3004 2701 3167 2756 τοῦτο
3210 2702 3413 2773 δρᾶσαι
3436 2743 3451 2765 ,
3505 2700 3795 2773 θυγατέρα

2210 2798 2308 2867 μὲν
2337 2795 2506 2849 οὖσαν
2538 2795 2631 2847 τοῦ
2666 2793 2761 2848 σοῦ
2783 2795 3095 2871 προφήτου,
3119 2792 3349 2856 πολλοὺς
3375 2794 3431 2847 δὲ
3462 2793 3629 2848 πάλιν
3658 2809 3796 2867 προ-

2207 2891 2381 2961 φήτας
2413 2888 2666 2957 φύσασαν
2696 2888 2759 2939 ἐκ
2802 2886 2896 2939 τοῦ
2931 2885 3170 2955 συζύγου
3205 2885 3411 2957 ταύτης
3432 2886 3588 2957 ’Δλῆ,
3614 2886 3795 2940 Ἕκα-

2208 2996 2332 3042 στος
2378 2981 2486 3050 γὰρ
2517 2976 2643 3032 καθ’
2677 2978 2800 3031 ὅσον
2825 2976 3149 3048 φιλούμενός
3181 2978 3301 3031 ἐστι
3330 2980 3407 3048 τῷ
3432 2981 3622 3050 κριτῇ,
3648 2980 3797 3034 κατὰ

2159 3131 2174 3151 ⁹
2207 3072 2460 3125 τοσοῦτον
2486 3071 2778 3140 δυνήσεται
2817 3070 2945 3140 παρ’
2980 3070 3128 3140 αὐτῷ
3153 3087 3168 3103 ο
3203 3070 3336 3124 ὥσθ’
3361 3074 3391 3124 ὁ
3419 3072 3520 3142 μὲν
3542 3073 3792 3139 πλείους,

2207 3164 2234 3215 ὁ
2279 3162 2335 3216 δὲ
2389 3163 2668 3227 ἐλάττους,
2704 3164 2815 3225 πᾶς
2860 3179 2944 3225 τις
2974 3162 3031 3215 δὲ
3065 3162 3217 3233 ὅμως
3252 3162 3547 3232 δυνήσεται
3573 3164 3682 3219 τῶν
3710 3165 3797 3236 τῷ

2211 3253 2330 3325 Θεῷ
2358 3255 2702 3325 φιλουμένων
2726 3255 2883 3315 τινὰς
2904 3255 3033 3311 τῶν
3079 3255 3354 3312 ὑποδίκων
3394 3257 3793 3328 ἐλευθερῶσαι,

2212 3349 2312 3404 καὶ⁵
2340 3350 2630 3412 τοσούτους
2650 3348 2885 3413 ἕκαστος
2907 3347 2978 3421 (οἷ
2986 3348 3132 3421 μαι),
3158 3350 3390 3405 καθόσον
3409 3352 3526 3406 ἐστὶ
3543 3352 3811 3424 φιλητόςέ

2212 3444 2385 3499 Τοῦτο
2422 3444 2479 3498 δὲ
2506 3444 2617 3498 ἀπὸ
2638 3444 2736 3498 τοῦ
2772 3444 2867 3497 σοῦ
2900 3445 3339 3516 συμπεραίνεται
3366 3445 3550 3516 λόγου.
3577 3447 3642 3500 Ei.
3678 3448 3797 3521 γάρ

2215 3538 2293 3609 τῷ
2349 3537 2625 3607 φιλεῖσθαι
2671 3537 2933 3601 ὶπιεικῶς
2991 3538 3225 3609 ἀριθμὸν
3282 3538 3563 3609 ἀμύθητον
3621 3539 3794 3595 σώσει

2219 3629 2673 3699 κολαζομένοινὸ
2707 3628 2799 3692 σδς
2835 3628 3149 3698 προφήτης,
3181 3628 3377 3681 ταυτὸν
3421 3627 3490 3681 ἂν
3529 3626 3795 3697 δράσαιεν

2215 3721 2306 3776 καὶ
2337 3722 2386 3776 oi
2419 3721 2569 3776 ἄλλοι
2606 3721 2812 3784 πάντες
2839 3720 3122 3791 προφῆται
3142 3734 3157 3750 ·
3191 3718 3366 3779 οὐδεὶς
3389 3718 3498 3789 γὰρ
3519 3720 3795 3791 δήπουθεν

2213 3814 2442 3877 τούτων,
2468 3814 2527 3866 ὃν
2552 3815 2655 3867 οὐκ
2681 3812 2747 3866 ἂν
2779 3812 2942 3875 αὐτὸς
2971 3811 3175 3882 φήσαις
3206 3811 3360 3881 φίλον
3391 3807 3533 3865 εἷναι
3565 3810 3644 3883 τῷ
3670 3828 3793 3882 κρι-

2210 3909 2280 3980 τῇ
2334 3906 2443 3959 τῶν
2482 3908 2700 3961 πάντων
2736 3903 3065 3975 ἀνθρώπων.

2286 4001 2371 4055 ιδ’.
2437 4000 2502 4053 Et
2553 3998 2732 4053 τοίνυν
2789 4013 2873 4049 σοι
2922 3995 3189 4067 δοκοῦμεν
3243 3995 3418 4068 ἀληθῆ
3467 3998 3561 4052 καὶ
3601 3998 3795 4053 δίκαια

2210 4092 2414 4159 λέγειν,
2454 4091 2550 4143 καὶ
2582 4090 2682 4141 οὐκ
2715 4087 3058 4149 ἀντιτείνεις,
3089 4084 3151 4140 εὖ
3177 4082 3294 4141 οἴδα
3321 4086 3464 4158 (οὐδὲ
3492 4088 3602 4158 γὰρ
3628 4089 3796 4143 ἀκαι.

2214 4199 2324 4254 ρως
2370 4181 2643 4253 καταδέξῃ
2715 4179 3081 4249 φιλονεικεῖν·
3158 4178 3377 4243 πολλοῖς
3452 4185 3567 4245 σοῖς
3625 4183 3792 4239 τοῦτο

2209 4271 2605 4343 τεκμαίρομαι)
2633 4287 2647 4303 ·
2675 4271 2727 4324 τί
2758 4272 2860 4326 οὐκ
2891 4272 2958 4325 ἂν
2994 4272 3274 4342 ίσχύσαιεν
3330 4271 3536 4343 πρᾶξαι
3570 4275 3625 4328 αί
3670 4275 3788 4327 τῶν

2214 4365 2500 4435 ὑμετέρων
2531 4363 2823 4435 προφητῶν
2854 4365 3113 4434 μυριάδες
3139 4365 3241 4433 (5),
3267 4364 3409 4436 ὑπὲρ
3432 4366 3542 4420 τῶν
3560 4368 3792 4432 κολαζο-

525 4450 812 4518 phelarum
842 4446 1157 4509 multitudo,
1190 4462 1288 4515 pro
1314 4445 1380 4499 iis
1414 4445 1505 4514 qui
1541 4446 1841 4513 puniuntur
1869 4451 2104 4506 amicum

2218 4458 2395 4523 μένων
2438 4457 2530 4511 τὸν
2581 4458 2737 4525 φίλον
2799 4458 2996 4529 κριτήν
3052 4458 3524 4529 παραιτούμενοι;
3563 4461 3625 4513 οὗ
3680 4461 3793 4534 μὴν

516 4543 757 4611 juilicem
822 4538 1172 4611 deprecans?
1215 4539 1346 4608 quid
1408 4554 1533 4603 non,
1596 4539 1909 4609 quicunque
1962 4544 2104 4597 anti-

2211 4518 2349 4602 άλλά
2400 4553 2498 4605 καὶ
2541 4518 2743 4612 πάντες
2780 4518 2919 4603 οῖ’ὲν
2942 4518 3022 4619 τῷ
3050 4518 3197 4618 νόμῳ
3229 4518 3592 4622 σωθήσονται,
3625 4518 3793 4626 εἴπερ

524 4651 631 4705 qna
663 4634 782 4703 lege
819 4633 1204 4689 servabuntur.
1259 4629 1305 4683 si
1341 4644 1467 4682 vera
1506 4638 1610 4694 est,
1669 4644 1763 4683 nec
1793 4633 2103 4699 subinnnis,

525 4740 615 4783 tua
643 4724 869 4795 opinio?
910 4724 1076 4785 Cedo,
1104 4736 1312 4790 quaaso,
1368 4720 1459 4774 ubi
1526 4721 1817 4779 collocabis
1863 4724 2103 4795 Moysen,

424 4834 443 4847 ί
524 4827 736 4873 tantum
790 4813 1010 4870 virum?
1059 4812 1148 4865 ubi
1202 4810 1371 4865 David
1431 4812 1650 4881 regem?
1693 4813 1783 4868 ubi
1828 4832 1950 4869 cum
2012 4817 2105 4871 illo

525 4913 789 4980 reliquam
825 4921 1041 4961 onmem
1072 4905 1268 4969 seriem
1293 4903 1535 4970 generis,
1567 4920 1632 4959 ex
1659 4921 1764 4972 qua
1796 4910 2097 4963 secundum

523 5020 743 5059 carnem
777 5000 1031 5056 Christus
1081 5005 1162 5069 est
1195 4995 1392 5049 natus?
1418 4994 1557 5049 Num
1593 4998 1743 5051 solus
1773 4996 2112 5057 Moamcthus

524 5100 713 5152 dolore
748 5097 953 5150 fraelns
994 5107 1093 5162 pro
1145 5091 1212 5147 iis
1267 5090 1360 5159 qui
1406 5093 1706 5161 puniuntur
1769 5095 2111 5154 intercedet?

529 5194 578 5244 hi
619 5204 747 5244 vero
777 5187 973 5255 lapidci
1008 5185 1420 5255 quodammodo
1472 5197 1657 5248 erunt,
1715 5187 2110 5259 suppliciisque

525 5283 749 5335 :iﬂ'ectos
799 5277 1051 5331 homines
1075 5277 1281 5345 absque
1322 5274 1434 5328 ullo
1481 5276 1686 5332 doloris
1740 5293 1902 5333 sensu
1963 5281 2112 5349 aspi-

525 5373 721 5428 cient?
763 5385 942 5425 noune
1000 5368 1425 5437 pulcherrimum
1493 5369 1639 5424 illius
1700 5369 1925 5437 factum,
1958 5377 2103 5442 qqu

528 5470 668 5524 bene
688 5466 1036 5531 successerit,
1067 5465 1133 5519 ad
1178 5465 1585 5520 miserationem
1620 5480 1715 5519 eus
1761 5467 1924 5520 etiam
1957 5482 2107 5522 cum-

528 5559 802 5616 movebit?
848 5575 955 5614 non
991 5558 1362 5629 persuadebit,
1399 5567 1457 5612 ut
1486 5558 1530 5614 si
1560 5558 1690 5627 quid
1742 5560 1975 5619 urarint.
2006 5560 2096 5615 rei

602 5696 679 5765 (Ii
700 5696 772 5751 Su
784 5699 924 5767 pple,
959 5697 1151 5767 ἐχρῆν.

603 5769 682 5838 (2)
708 5771 846 5823 Cod.
873 5769 1041 5824 Coisl.
1073 5768 1380 5822 Φατουσᾶν.

603 5836 678 5911 (5)
706 5838 801 5897 Hie
833 5840 887 5895 in
920 5839 1083 5897 codd.
1122 5839 1363 5894 minimis
1420 5836 1615 5893 litt:ris
1692 5836 1953 5908 scriptum
2017 5848 2099 5895 est

2190 5772 2338 5833 ,τοὺς
2372 5771 2660 5839 προφήτας
2694 5774 2874 5824 αὐτῶν
2920 5775 3059 5843 mw.
3104 5771 3159 5829 id
3188 5789 3307 5829 est:
3342 5771 3487 5831 Nola
3523 5795 3543 5833 .'

2212 4641 2244 4709 ή
2275 4639 2402 4707 δόξα
2434 4657 2528 4693 σου
2562 4639 2771 4711 ἀληθὴς
2838 4640 2932 4690 καὶ
2987 4640 3050 4691 ού
3082 4640 3291 4713 ψευδής
3337 4659 3440 4706 τις,
3470 4638 3605 4696 οὖσα
3651 4661 3790 4713 τυγ-
3825 4690 3830 4694 .
3892 4668 3901 4680 -

2210 4735 2405 4801 χάνει;
2442 4732 2554 4785 Ποῦ
2581 4734 2688 4803 γὰρ
2718 4732 2928 4801 θήσεις,
2960 4732 3081 4785 είπέ
3120 4749 3231 4801 μοι,
3280 4735 3374 4786 καὶ
3408 4735 3653 4807 Μωῦσῆν
3693 4740 3791 4790 τὸν

2208 4824 2499 4889 τ.›σοῦτον;
2534 4825 2629 4877 καὶ
2656 4824 2820 4898 Anim
2849 4825 2938 4876 τδν
2968 4824 3195 4892 βασιλέα
3218 4840 3234 4889 ;
3261 4824 3356 4877 καὶ
3389 4828 3488 4880 σὺν
3512 4828 3661 4898 αύτῷ
3683 4829 3788 4897 τὴν

2207 4916 2374 4987 ἄλλην
2425 4919 2607 4971 πᾶσαν
2663 4890 2853 4987 cup-div
2907 4890 3003 4969 τοῦ
3051 4916 3266 4984 γένους,
3297 4917 3357 4981 ἐξ
3412 4912 3480 4988 ἦς
3532 4918 3597 4972 τὸ
3630 4890 3792 4975 ’κατὰ

2208 5010 2388 5079 σάρκα
2424 5010 2657 5079 Χριστός
2679 5025 2692 5069 ;
2715 5005 2789 5062 Ἦ
2811 5011 2839 5061 ὁ
2862 5009 2960 5079 μὲν
2987 5008 3231 5078 Μωάμεθ
3260 5009 3403 5078 ὑπὲρ
3426 5010 3536 5064 τῶν
3563 5010 3793 5078 κολαζο-

2212 5099 2389 5168 μένων
2444 5097 2719 5169 καμφθεὶς
2775 5100 3221 5169 παραιτήσεται,
3287 5097 3436 5152 οὖτοι
3483 5099 3542 5153 ὃδ
3591 5101 3792 5159 λίθινοί

2205 5207 2352 5254 τινες
2408 5191 2643 5255 ἔσονται,
2692 5191 2959 5260 ἀναλγητὶ
3007 5194 3135 5256 τοὺς
3189 5192 3247 5246 ἐν
3292 5195 3358 5259 τῇ
3392 5191 3614 5247 κολάσει
3646 5196 3792 5251 θεώ-

2210 5300 2392 5353 μενοι;
2433 5287 2527 5338 καὶ
2599 5285 2723 5339 οὐδὲ
2768 5289 2829 5339 τὸ
2877 5290 3093 5342 ἐκείνου
3151 5292 3485 5365 κατόρθωμα
3544 5297 3819 5367 ἐρεθίσεῖ

2212 5375 2402 5428 τούσδε
2441 5377 2572 5445 πρὸς
2601 5377 2788 5442 ἔλεον,
2825 5380 2946 5433 οὐδὲ
2980 5382 3163 5436 πείσει
3205 5385 3427 5451 πάντως
3454 5388 3677 5460 θαρρεῖν
3710 5389 3791 5454 ὡς

2213 5469 2311 5538 οὐχ
2346 5469 2731 5540 ἁμαρτήσουσι
2773 5471 3137 5541 δεησόμενοις
3187 5475 3325 5530 Ἀλλ’
3358 5480 3459 5531 οὐκ
3488 5479 3554 5532 ἂν
3590 5480 3788 5545 εἴποις,

2207 5560 2419 5627 ὄτανγε
2473 5562 2580 5631 μὴν
2629 5563 2765 5632 πρὸς
2800 5564 2911 5625 τοῖς
2953 5563 3138 5628 ἄλλοις
3192 5565 3366 5621 ἅπασι
3422 5568 3793 5639 πρεσϐευταῖς

2214 5699 2289 5774 ad,
2314 5716 2466 5753 oram
2502 5700 2899 5774 εῂΣημείωσαν
2935 5705 2983 5756 οξ
3036 5704 3272 5772 Τοῦρκοι
3329 5707 3581 5774 λέγουσιν
3639 5706 3790 5769 εἶναι

2213 5778 2338 5833 τοὺς
2372 5778 2660 5839 προφήτας
2694 5778 2874 5824 αὐτῶν
2920 5778 3059 5843 mw.
3104 5778 3159 5829 Id
3188 5789 3307 5829 est:
3342 5778 3487 5831 Nola
3523 5795 3543 5833 :
3602 5778 3793 5843 Turre

2212 5843 2419 5908 dicunt,
2451 5858 2572 5895 suos
2607 5845 2891 5912 prophetas
2920 5860 3140 5899 munero
3166 5860 3278 5901 esse
3303 5846 3476 5903 CXLI
3494 5842 3554 5906 νζ
