4080 6590
279 368 391 479 res

1257 416 1649 481 DIALOGUS
1685 416 1746 479 II
1783 415 1950 479 CUM
1981 412 2550 478 ΜΟΗΑΜΕΤΑΝΟ.

3460 416 3564 483 165

280 529 430 591 (τοῖς
462 527 756 599 ἡμετέροις
789 527 978 599 λέγω),
998 531 1092 586 καὶ
1116 526 1214 601 τὴν
1237 530 1331 584 τοῦ
1359 531 1617 604 Σωτῆρος
1655 533 1875 605 μητέρα

1986 533 2261 595 compotes
2293 526 2410 581 fore
2432 541 2493 581 se
2544 537 2763 596 quoque
2821 506 3140 583 conﬁdant?
3188 526 3293 584 Sed
3331 529 3435 587 hoc
3468 546 3563 587 ne-

278 617 637 689 ένθυμηθῇς,
682 619 1022 691 συγγνώμην
1055 638 1121 691 γε
1156 619 1560 693 ἐξαιτουμένην
1590 624 1735 695 ὑπὲρ
1763 624 1874 678 τῶν
1912 657 1917 662 -

281 712 371 773 εἰς
420 712 648 779 γέενναν
679 712 1098 783 ἐμϐληθέντων
1141 714 1265 785 ητις
1313 714 1378 784 δὴ
1420 715 1606 785 μήτηρ
1654 713 1875 785 ἀπόχρη

282 803 388 855 καὶ
422 803 558 875 μόνη
596 803 659 858 «ce
690 806 801 858 πᾶν
838 804 1210 876 ἐργάσασθαι,
1249 806 1410 876 εἴπερ
1436 806 1585 869 είκὸς
1614 801 1682 879 ἦν
1714 806 1877 861 τοῦτο

280 894 570 961 γενέσθαι.
593 895 658 950 Τί
682 895 748 949 ἂν
767 897 964 963 εἴποις
997 893 1033 969 ἦ
1059 897 1245 967 δῆλον,
1276 897 1352 961 ὡς
1389 898 1569 961 οὐδεὶς
1591 898 1703 951 τῶν
1732 897 1874 967 φαύ-

282 984 401 1037 λων
434 982 743 1055 ἀνθρώπων
791 986 951 1058 δίκην
998 986 1204 1041 τίσειεν
1233 987 1325 1055 ἂν,
1354 986 1472 1041 ἀλλ’
1501 987 1744 1053 ἅπαντες
1774 989 1877 1060 μὲν

287 1077 618 1148 ἀνδροφόνοι
663 1078 761 1132 καὶ
803 1079 1053 1147 μέθυσοι,
1086 1078 1329 1144 ἅπαντες
1382 1079 1427 1135 δ’
1472 1081 1747 1153 ἅρπαγες,
1780 1085 1877 1139 καὶ

286 1169 609 1235 ἀκόλαστοι,
640 1173 740 1227 καὶ
771 1170 1104 1240 λωποδύται,
1126 1174 1223 1228 καὶ
1254 1174 1548 1246 ἱερόσυλοι,
1586 1178 1684 1230 καὶ
1720 1179 1747 1231 ό
1768 1178 1877 1230 τῶν

283 1263 554 1317 τοιούτων
581 1265 759 1334 ἑσμὸς
779 1266 889 1320 τῶν
934 1267 1174 1321 αἰωνίων
1212 1268 1437 1336 ἀγαθῶν
1470 1270 1874 1337 ἀπολαύσουσι;

283 1355 365 1409 Th
405 1354 512 1425 γὰρ
546 1355 749 1426 ἑτέρως
776 1359 997 1428 φρονεῖν
1029 1358 1295 1428 ἐπιεικῶς
1323 1359 1695 1431 ἀνάρμοστον.
1718 1364 1877 1415 Δυοῖν

282 1446 343 1500 δὲ
405 1446 655 1517 θάτερον,
710 1447 822 1516 φίλ’
874 1449 1096 1519 ἑταῖρε,
1148 1450 1332 1519 λέγειν
1400 1453 1656 1523 ἀνάγκη*
1717 1453 1750 1524 ἢ
1808 1454 1877 1509 τὰ

281 1537 478 1591 δίκαια
510 1537 808 1608 τηροῦντος
834 1538 931 1593 τοῦ
958 1540 1174 1611 κριτοῦ,
1197 1542 1401 1612 μηδένα
1421 1543 1533 1597 τῶν
1555 1544 1636 1607 είς
1658 1543 1880 1598 κόλασιν

281 1630 683 1700 ἐμϐληθέντων
711 1631 926 1686 ἐκεῖθεν
956 1632 1200 1699 ἐξελθεῖν
1232 1637 1297 1707 τῇ
1329 1636 1424 1689 τοῦ
1448 1636 1697 1706 Μωάμεθ
1726 1637 1880 1709 φιλίᾳ

282 1723 371 1790 (τὸ
403 1723 514 1791 γὰρ
544 1722 818 1795 ὑμέτερον
840 1724 988 1793 λέγω
1019 1725 1218 1796 δόγμα)
1245 1741 1259 1757 °
1296 1726 1331 1798 ἢ
1373 1727 1466 1781 καὶ
1501 1728 1641 1796 πρὸς
1672 1729 1879 1793 πάντας

281 1817 423 1878 τοὺς
448 1817 567 1868 ἐκεῖ
593 1816 726 1879 ἴσως
752 1816 965 1870 ἐκεῖνον
994 1817 1332 1888 διατεθῆναι,
1370 1819 1466 1872 καὶ
1513 1820 1873 1890 μηδοντινοῦν

1978 633 2257 688 quaquam
2295 616 2525 685 dixeris,
2560 617 2858 672 dummodo
2928 628 3127 686 praeter
3169 633 3361 677 omnes
3406 634 3567 679 caete-

1978 725 2074 767 ros
2133 710 2521 780 deprecatores
2584 712 2828 779 (nostros
2854 710 3000 781 dico)
3057 710 3111 766 in
3183 722 3418 769 mentem
3468 716 3567 771 tibi

1979 806 2165 860 veniat
2186 804 2498 862 Servatoris
2519 805 2694 876 ipsius
2714 815 2907 872 mater,
2923 821 3021 876 pro
3037 806 3265 876 dejectis
3289 808 3341 862 in
3361 809 3566 878 gehen-

1980 913 2108 952 nam
2142 898 2460 969 supplicans
2488 916 2501 952 :
2537 914 2660 968 qua:
2699 899 2921 968 quidem
2955 909 3127 954 mater
3162 900 3277 955 sola
3310 902 3435 956 huic
3467 902 3568 957 toti

1978 992 2200 1062 negotio
2241 992 2605 1058 conﬁciendo,
2638 992 2687 1048 sl
2739 990 2960 1062 quidem
2995 992 3107 1047 ullo
3135 994 3363 1064 omnino
3402 995 3566 1050 modo

1979 1083 2097 1139 ﬁeri
2126 1093 2334 1153 posset,
2362 1098 2592 1154 prorsus
2623 1082 2916 1140 sufﬁceret.
2938 1082 3058 1139 lam
3082 1100 3211 1140 vero
3232 1086 3363 1156 quid
3398 1086 3574 1143 dicis?

1980 1190 2167 1231 nonae
2214 1175 2391 1243 palam
2444 1183 2550 1241 est,
2602 1176 2978 1243 improborum
3017 1177 3298 1232 hominum
3336 1178 3416 1235 sic
3473 1195 3572 1235 ne-
3658 1182 3664 1189 ’

1981 1266 2183 1320 minem
2207 1280 2331 1320 esse
2362 1280 2551 1332 licenas
2583 1267 2861 1331 daturum,
2889 1266 2984 1322 sed
3015 1266 3321 1323 homicidas
3356 1283 3569 1336 omnes,

1983 1357 2257 1421 ebriosos,
2289 1367 2558 1424 raptores,
2590 1356 2930 1421 libidinosos,
2981 1370 3346 1427 grassatores,
3396 1360 3573 1415 sacri-

1984 1445 2155 1516 legos,
2216 1454 2505 1513 totumque.
2565 1444 2886 1515 huiusmodi.
2926 1461 3144 1517 gregem
3221 1451 3573 1519 sempiternis

1983 1537 2145 1593 bonis
2171 1553 2293 1593 esse
2330 1536 2639 1592 fruituros?
2686 1534 2967 1609 Siquidem
3013 1539 3174 1595 aliter
3206 1543 3410 1597 sentire
3460 1560 3571 1599 non

1979 1640 2155 1700 potes.
2191 1629 2431 1689 Necesse
2461 1640 2544 1686 est
2570 1630 2741 1695 enim,
2766 1630 3084 1687 dulcissime
3112 1633 3308 1700 amice,
3341 1643 3399 1688 ut
3428 1634 3572 1689 alte—

1982 1737 2104 1776 rum
2135 1721 2286 1775 dicas
2310 1720 2375 1775 de
2396 1720 2649 1775 duobus:
2697 1730 2815 1787 aut,
2858 1720 3042 1790 judice
3084 1724 3399 1794 aequitatem
3455 1741 3574 1782 ser-

1985 1825 2166 1880 vante,
2216 1816 2493 1869 neminem
2528 1830 2594 1868 ex
2646 1814 2780 1880 illis,
2810 1817 2901 1886 qui
2962 1818 3015 1871 in
3060 1818 3238 1887 pmnis
3289 1819 3571 1882 haeserint,

284 1908 648 1980 κολασθῆναι.
669 1908 855 1981 Ταύτῃ
872 1910 982 1981 γὰρ
996 1906 1143 1981 ἆνῆν
1164 1911 1485 1981 περισώζων
1504 1913 1675 1966 καὶτὸ
1695 1913 1883 1983 φιλάν-

1990 1917 2216 1977 propter
2255 1906 2550 1962 Μοαιιιειιιί
2571 1908 2869 1963 amicitiam
2900 1909 3265 1966 indeliberari
3300 1914 3568 1981 (vestrum

283 2002 511 2071 θρωπον
528 2000 716 2066 αὐτοῦ,
735 2003 828 2073 καί
845 2002 906 2055 τὸ
919 2002 1053 2073 πρὸς
1073 2003 1170 2074 τὴν
1187 2002 1384 2057 ἑαυτοῦ
1408 2005 1621 2076 μητέρα
1637 2008 1729 2059 καὶ
1749 2007 1880 2060 πάν-

282 2108 390 2154 τας
419 2091 628 2144 δίκαιον
643 2091 842 2155 ’ἄλλως
862 2092 909 2145 δ’
931 2092 997 2147 ἂν
1026 2099 1247 2157 πάντως
1277 2094 1515 2164 χωλεῦον
1530 2091 1597 2166 ἦν
1615 2113 1716 2149 που
1736 2096 1879 2150 κατά

282 2202 338 2237 τι
371 2183 407 2252 ἢ
444 2184 508 2236 τὸ
528 2183 913 2256 φιλάνθρωπον
932 2185 1119 2251 αὐτοῦ,
1143 2186 1174 2257 ἢ
1202 2188 1260 2239 τὸ
1288 2185 1517 2252 δίκαιον,
1541 2186 1573 2257 ἦ
1599 2189 1692 2241 καὶ⁸
1719 2188 1878 2243 πάνθ’

284 2275 454 2345 όμοῦ,
492 2276 649 2346 φασὶ,
682 2279 974 2348 χρήματα·
1026 2280 1333 2350 καθαπερεὶ
1377 2280 1486 2352 γὰρ
1520 2280 1755 2352 φύρεται
1781 2284 1878 2335 καὶ

288 2370 579 2438 συγχείται
631 2369 701 2424 τά
737 2369 833 2423 τοῦ
870 2369 1008 2423 Θεοῦ
1040 2368 1350 2440 πράγματα
1379 2374 1458 2442 τῷ
1492 2376 1879 2446 προειρημένῳ

290 2476 380 2511 σοι
412 2458 577 2528 λόγῳ.
606 2460 671 2512 El
702 2458 812 2529 γὰρ
857 2458 1009 2513 οὐδὲν
1050 2460 1159 2513 τῶν
1189 2460 1413 2528 ἀγαθῶν
1448 2463 1496 2515 οί
1537 2463 1731 2531 φαῦλοι
1769 2465 1880 2534 χεί-

293 2566 421 2617 ρους
446 2549 750 2618 ἐφαίνοντο,
784 2549 1015 2620 μάταιον
1049 2551 1148 2621 μὲν
1181 2552 1241 2605 τὸ
1271 2551 1501 2621 φεύγειν
1525 2552 1676 2622 ἦττω
1702 2554 1877 2625 φανῆ-

289 2659 384 2695 ναι
404 2643 514 2696 τῶν
545 2643 773 2713 ἡδονῶν,
803 2644 1034 2716 μάταιον
1062 2645 1118 2699 δὲ
1142 2646 1202 2698 τὸ
1230 2646 1359 2716 περὶ
1404 2645 1659 2700 πλείστου
1705 2650 1880 2701 ποιεῖ-

290 2735 422 2787 σθαι
470 2737 708 2801 κρείττω
724 2736 1007 2811 ἰγενέσθαι
1055 2735 1252 2807 θυμοῦ,
1284 2736 1443 2789 κενὸν
1469 2736 1527 2790 δὲ
1557 2738 1664 2807 ἄρα
1695 2741 1789 2792 καὶ
1818 2741 1879 2794 τὸ

287 2828 404 2878 τῶν
438 2825 740 2897 ἀλλοτρίων
763 2827 1092 2898 ἀπέχεσθαι.
1125 2828 1344 2883 Τούτων
1366 2831 1422 2883 δὲ
1457 2830 1631 2891 οὕτως
1645 2833 1879 2901 ἐχόντων

288 2919 577 2989 παρέλκον
606 2920 672 2974 ἂν
701 2921 914 2989 γένοιτο
935 2924 1028 2977 καὶ
1051 2923 1110 2975 τὸ
1128 2923 1221 2977 τὸν
1241 2924 1477 2994 Χριστὸν
1506 2926 1784 2977 κατελθεῖν
1815 2926 1878 2977 ἐκ

287 3011 406 3063 τῶν
439 3012 709 3081 οὐρανῶν,
736 3016 923 3084 κρῖναι
954 3016 1139 3069 πᾶσαν
1176 3015 1276 3086 τὴν
1308 3015 1435 3085 γῆν,
1472 3015 1620 3077 ὅπως
1664 3015 1880 3070 δικαίαν

286 3103 538 3176 ἀμοιϐὴν
566 3107 677 3159 τῶν
704 3111 1114 3180 πεπραγμένων
1141 3108 1374 3173 ἕκαστος
1403 3109 1584 3164 λάϐοι.
1615 3110 1784 3164 Πόθεν
1813 3111 1881 3165 ἂν
1916 3151 1919 3154 ρ

287 3196 391 3250 οὖν
445 3198 675 3266 δίκαιον,
703 3194 748 3255 ὧ
807 3201 1003 3269 ἀγαθὲ,
1050 3202 1183 3257 νοῦν
1209 3202 1383 3272 ἔχοντ’
1425 3203 1592 3274 ἄνδρα
1652 3204 1880 3258 τοιαῦτα

289 3290 515 3360 λέγειν;

1986 2000 2179 2072 dogma
2210 1999 2411 2069 refero)
2445 2018 2460 2055 :
2493 2010 2587 2055 aut
2638 2017 2767 2073 erga
2799 2016 3011 2068 omnes,
3082 2004 3176 2073 qui
3210 1990 3283 2058 ibi
3345 2003 3569 2071 fuerint,

1985 2094 2264 2163 aequaliter
2293 2108 2417 2149 eum
2448 2093 2704 2150 aﬂ‘ectum
2763 2110 2904 2162 esse,
2977 2111 3077 2152 nec
3124 2097 3291 2155 ullum
3344 2100 3571 2155 omnino

1987 2201 2179 2256 poenas
2197 2189 2348 2243 dare.
2371 2188 2486 2255 Qua
2509 2204 2565 2244 re
2581 2197 2635 2243 et
2657 2205 2812 2244 suam
2834 2189 3000 2261 judex
3016 2206 3144 2262 erga
3168 2191 3417 2248 homines
3429 2196 3572 2249 ami-

1985 2280 2194 2344 citiam,
2215 2288 2267 2335 et
2302 2296 2427 2352 erga
2460 2282 2736 2353 propriam
2773 2292 2999 2338 matrem
3028 2296 3371 2356 cunctosque
3397 2287 3565 2355 justi-

1987 2372 2115 2427 tiam
2156 2381 2445 2430 tueretur:
2507 2376 2752 2446 alioquin
2814 2377 2897 2432 vel
2949 2378 3264 2435 humanitas
3322 2381 3444 2450 ejus
3490 2383 3572 2436 vel
3638 2418 3639 2421 η

1981 2465 2196 2536 justitia
2227 2481 2293 2521 ex
2324 2468 2507 2538 aliqua
2553 2479 2705 2538 parte
2733 2470 3087 2536 claudiearet,
3145 2474 3229 2528 vel
3285 2474 3466 2528 omnia
3500 2475 3575 2529 si-

1989 2558 2125 2622 mul,
2164 2566 2221 2613 ut
2261 2561 2417 2615 aiunt
2444 2580 2467 2615 τι
2491 2576 2617 2616 nam
2647 2562 2737 2628 iis,
2764 2578 2885 2632 quae
2916 2565 3078 2618 modo
3114 2564 3320 2629 dixisti,
3344 2565 3576 2621 confun—

1988 2650 2132 2704 ditur
2160 2653 2317 2722 quasi
2347 2664 2400 2708 et
2427 2655 2779 2723 perturbatur
2810 2665 2922 2711 tota
2974 2657 3042 2712 de
3096 2656 3205 2714 Deo
3255 2659 3576 2728 disputatio.
3680 2642 3686 2648 ’

1988 2743 2202 2797 Etenim
2233 2745 2279 2800 si
2335 2745 2713 2817 improborum
2755 2749 2905 2804 nulla
2928 2765 2990 2804 re
3047 2750 3289 2806 deterior
3349 2767 3472 2808 esse
3498 2753 3578 2807 vi-

1986 2834 2208 2891 deretur
2245 2853 2411 2906 quam
2442 2839 2742 2908 probarunt
2766 2842 3029 2909 conditio,
3058 2842 3236 2913 inepte
3259 2860 3394 2900 sane
3423 2844 3573 2901 face-

1989 2936 2091 2993 ret,
2119 2927 2213 2996 qui
2241 2928 2451 2999 fugeret
2480 2931 2773 3002 voluptatis
2811 2932 3140 2987 invidiosum
3184 2950 3404 3001 nomen,
3449 2936 3570 2991 ine-

1987 3028 2075 3089 pte
2102 3021 2194 3090 qui
2228 3021 2408 3091 magni
2440 3020 2646 3077 faceret
2686 3024 3024 3079 iracundiam
3047 3026 3323 3090 cohibere,
3344 3028 3579 3084 ridicule

1987 3113 2079 3180 qui
2114 3112 2308 3167 alienis
2335 3114 2654 3171 abstineret.
2678 3115 2823 3183 Quin
2854 3117 2900 3171 si
2931 3118 3046 3173 hzec
3088 3117 3163 3172 ita
3226 3129 3433 3186 essent,
3484 3135 3580 3175 sn-

1961 3220 2324 3276 :pervacanea
2351 3205 2539 3263 hercle
2571 3207 2713 3264 foret
2754 3209 2957 3265 Christi
2986 3225 3016 3265 e
3060 3210 3214 3266 caelis
3262 3211 3580 3279 descensio,

1989 3307 2047 3352 ut
2082 3313 2297 3352 omnem
2329 3309 2529 3353 terram
2565 3300 2793 3371 judieet,
2854 3302 3170 3373 singuliqne
3226 3318 3454 3357 suorum
3495 3304 3579 3358 fa-

297 3401 518 3444 etorum
579 3391 1080 3447 remunerationem
1133 3392 1419 3463 accipiant.
1485 3392 1690 3465 itaque,
1742 3396 1818 3450 mi
1849 3395 2269 3466 ;humanissime
2311 3397 2533 3469 hospes,
2591 3415 2839 3468 quaanam
2886 3406 3067 3471 potest
3112 3400 3339 3457 subesse
3391 3417 3577 3473 causa,

290 3496 359 3543 ut
395 3487 498 3552 vir,
524 3488 578 3542 in
607 3503 715 3558 quo
745 3498 831 3544 est
859 3504 1073 3545 summa
1106 3492 1268 3557 ratio,
1302 3491 1381 3547 sic
1410 3492 1713 3561 loquatur?
1828 3548 1829 3551 η

373 3583 456 3635 ιε’.
491 3580 844 3652 Βούλομαιτδέ
870 3600 924 3636 τι
958 3583 1056 3637 νῦν
1081 3585 1258 3638 εἰπεῖν
1292 3588 1387 3638 καὶ
1418 3587 1547 3655 περὶ
1584 3589 1684 3658 τῆς
1711 3587 1771 3640 ὲν
1801 3588 1880 3659 τῷ

293 3674 621 3744 παραδείσῳ
677 3675 911 3747 τρυφῆς,
941 3676 1037 3728 καὶ
1088 3679 1189 3747 τῆς
1234 3677 1293 3730 ὲν
1332 3678 1527 3750 ἐκείνῳ
1570 3678 1781 3750 διαίτης
1820 3699 1878 3734 τε

294 3769 402 3820 καὶ
460 3766 640 3832 ζωῆς*
696 3770 764 3840 ἦν
817 3767 884 3839 δὴ
930 3768 1085 3823 θείαν
1139 3770 1238 3838 μὲν
1283 3771 1378 3824 καὶ
1420 3773 1699 3843 μακαρίαν
1741 3770 1881 3828 εἷναί

288 3877 466 3930 φατε,
510 3857 591 3923 οἷς
639 3861 695 3915 δὲ
742 3858 900 3926 αὖθις
943 3862 1156 3931 λέγετε,
1206 3866 1398 3936 πόρρω
1451 3883 1554 3920 που
1605 3868 1881 3939 θειότητος

289 3955 506 4025 ταύτην
558 3958 652 4009 καὶ
706 3958 1112 4029 μακαριότητος
1174 3960 1534 4028 ἀποφαίνετε.
1592 3962 1655 4015 Εἰ
1704 3962 1770 4016 σὺ
1824 3962 1880 4015 δὲ

292 4046 521 4118 βούλοιο
568 4051 786 4119 πρῶτον
832 4051 1305 4122 ἀπολογήσασθαι,
1345 4054 1471 4122 περὶ
1510 4046 1586 4108 ὧν
1620 4071 1712 4107 σου
1747 4072 1883 4110 ταυ-

291 4142 430 4211 τηνὶ
462 4144 561 4212 τὴν
591 4141 750 4207 δόξαν
780 4142 1177 4215 διεϐεϐλήκειν,
1211 4145 1442 4214 ἄσμενοί
1484 4164 1580 4200 σου
1631 4147 1883 4215 λέγοντος

288 4235 678 4304 ἀκουσόμεθα.
708 4234 822 4289 Καὶ
876 4236 937 4301 ὃς
975 4237 1080 4307 ἔφη
1108 4254 1123 4269 ·
1173 4237 1314 4291 Ἀλλ’
1371 4240 1474 4293 οὐκ
1528 4240 1774 4310 εὐχερῶς
1818 4241 1885 4295 ἂν

291 4326 484 4397 ἔχοιμι
505 4326 623 4392 νῦν,
652 4329 761 4382 οὐδ’
786 4328 851 4382 ἐκ
884 4328 979 4382 τοῦ
1014 4329 1309 4400 προχείρου
1343 4348 1425 4384 σοι
1457 4331 1556 4403 τὴν
1586 4332 1885 4401 ἀπολογίαν

291 4419 526 4476 διδόναι.
556 4421 704 4491 Πλὴν
739 4421 884 4475 οὓτω
925 4422 1350 4493 παρειλήφαμέν
1396 4440 1457 4476 τε
1507 4426 1601 4477 καὶ
1634 4424 1882 4489 ἐδοξάζο-

298 4528 407 4582 μεν
430 4528 445 4542 ·
472 4513 539 4567 τά
568 4529 649 4566 σοι
676 4511 733 4565 δὲ
760 4512 855 4566 νῦν
877 4514 1150 4586 εἰρημένα
1171 4514 1317 4585 (οὐδὲ
1344 4514 1454 4585 γὰρ
1485 4516 1766 4587 ψεύσομαὶ
1793 4524 1880 4586 γε)

2060 3587 2146 3641 15.
2190 3585 2381 3642 Dicam
2410 3602 2555 3643 nunc
2583 3587 2649 3643 de
2677 3588 2914 3658 paradisi
2956 3586 3187 3659 deliciis,
3212 3592 3356 3647 etde
3389 3594 3578 3648 tradu-

1928 3730 1937 3733 -
1986 3678 2154 3732 cenda
2192 3678 2264 3732 ibi
2315 3678 2456 3733 vita:
2509 3694 2671 3749 quam
2727 3679 2968 3735 divinam
3019 3682 3237 3751 quidem
3261 3695 3313 3739 et
3363 3684 3576 3741 beatam
3624 3688 3630 3694 ’

1986 3784 2107 3843 esse
2135 3770 2344 3832 dicitis,
2383 3772 2475 3825 sed
2542 3772 2860 3842 vcstrisipsi
2910 3775 3261 3830 sermonibus
3288 3790 3318 3830 a
3374 3777 3580 3832 divini-

1989 3872 2095 3917 tate
2129 3869 2183 3917 et
2242 3862 2503 3916 felicitate
2553 3856 2770 3932 procul'
2800 3863 2992 3919 abesse
3046 3866 3457 3922 demonstratis.
3514 3867 3576 3923 Si

1990 3962 2169 4008 tamen
2198 3954 2342 4007 illam
2377 3965 2523 4009 tuam
2583 3954 2895 4024 Opinionem
2929 3963 3055 4009 ante
3107 3944 3401 4012 defendere
3422 3957 3580 4012 volu-

1987 4047 2118 4111 eris,
2139 4057 2190 4101 et
2215 4063 2352 4118 quas
2382 4060 2571 4103 contra
2596 4048 2768 4117 objeci
2797 4048 3252 4117 reprehensiones
3271 4050 3585 4115 inﬁrmare.

1989 4141 2144 4197 valde
2165 4158 2284 4199 sum
2307 4143 2538 4212 cupidus
2557 4151 2609 4197 te
2639 4143 2693 4196 in
2722 4141 2995 4211 ejusmodi
3025 4141 3276 4197 oratione
3296 4142 3575 4197 audiendi.

1989 4235 2256 4298 Atenim,
2303 4235 2603 4305 respondit,
2661 4251 2794 4291 mete
2844 4237 3119 4307 Opinionis
3164 4222 3327 4292 nunc
3396 4252 3576 4308 neque

1992 4325 2268 4394 perfacilis
2300 4335 2409 4391 est,
2448 4342 2629 4397 neque
2683 4329 2803 4383 sine
2865 4331 3329 4386 commentatione
3372 4331 3579 4402 suscipi

1992 4417 2448 4487 potestdefensio.
2502 4417 2612 4474 Nos
2633 4419 2713 4475 sic
2735 4436 2767 4474 a
2816 4421 3114 4492 majoribus
3136 4421 3466 4492 accepimus,
3498 4424 3580 4479 sic

1992 4507 2509 4578 credidimus:qure
2547 4520 2727 4565 tamen
2751 4520 2805 4565 tu
2835 4513 3044 4577 dixisti,
3090 4527 3252 4570 rectae
3316 4530 3380 4571 ca
3443 4515 3581 4570 rati-

295 4600 402 4655 τοῦ
432 4600 594 4672 ὀρθοῦ
639 4620 728 4672 μοι
762 4603 967 4673 μᾶλλον
996 4604 1237 4674 ἐχόμενα
1277 4604 1439 4673 λόγου
1479 4606 1620 4677 ἥπερ
1652 4607 1721 4661 τὰ
1749 4606 1883 4678 ὴμέ-

1994 4597 2085 4650 oni
2126 4600 2300 4668 magis
2329 4609 2692 4655 consentanea
2713 4601 2970 4657 videntur
2999 4604 3150 4675 (vere
3167 4614 3343 4661 tecum
3372 4607 3579 4678 agam).

297 4710 443 4764 τερα
468 4694 744 4763 φαίνεται.
786 4697 995 4766 Καιρός
1043 4714 1126 4751 σοι
1179 4696 1362 4751 τοίνυν
1406 4697 1588 4767 λέγειν
1632 4700 1700 4753 τά
1743 4699 1885 4753 κατὰ

296 4782 435 4837 νοῦν
462 4788 591 4855 περὶ
627 4786 730 4857 τῆς
766 4787 950 4857 Ἐδέμ.
981 4789 1091 4841 Καὶ
1123 4789 1151 4841 ό
1195 4790 1347 4855 παῖς,
1380 4787 1565 4841 λαϐὼν
1612 4789 1887 4843 τούνδόσι-

304 4891 412 4944 μον
442 4876 592 4946 παρά
639 4876 732 4930 τοῦ
787 4879 1013 4948 πατρὲς,
1045 4878 1248 4948 βοήσας
1295 4894 1348 4931 τι
1403 4878 1888 4951 βαρϐαρικώτερον

206 4990 217 4999 -
300 4969 402 5020 καὶ
455 4967 811 5040 θρασύτερον,
854 4969 996 5040 ἔφη’
1036 4971 1112 5024 Ού
1166 4969 1230 5023 σύ
1285 4986 1348 5038 γε
1397 4971 1612 5041 φθάσας
1654 4971 1889 5043 εἴρηκας

305 5062 448 5132 στρος
503 5062 674 5132 ἡμᾶς,
718 5061 809 5115 τὸν
859 5062 994 5115 Θεὸν
1044 5060 1112 5115 δι’
1159 5060 1477 5133 ἀγαθότητα
1526 5061 1698 5133 μόνην
1736 5063 1890 5132 δεδη-

307 5156 714 5227 μιουργηκέναι
762 5156 828 5209 τά
874 5156 1206 5226 adure-avra;
1244 5155 1361 5210 Νῦν
1401 5155 1445 5209 δ’
1494 5155 1678 5227 ὑμνῶν
1722 5155 1888 5211 αὐτοῦ

264 5258 271 5259 '
300 5251 410 5320 τήν
460 5248 835 5318 δικαιοσύνην,
857 5248 954 5316 τὴν
990 5248 1307 5317 ἀγαθότητα
1358 5248 1718 5317 σεσιώπηκας
1745 5266 1757 5279 ·
1794 5251 1821 5303 ό
1845 5250 1889 5302 δ’

302 5344 407 5411 οὐχ
451 5338 617 5412 ἦττον
662 5340 866 5408 ἀγαθός
907 5341 1059 5393 ἐστιν
1108 5339 1253 5410 ἥπερ
1303 5338 1533 5404 δίκαιος.
1574 5339 1637 5393 Et
1685 5338 1781 5394 οὖν
1825 5340 1890 5412 δὴ

304 5435 481 5488 σῶσαι
512 5434 722 5515 argum;
756 5432 975 5503 θελήσει
1005 5432 1075 5485 δι’
1106 5431 1173 5503 ῆν
1199 5432 1293 5485 καὶ
1321 5432 1532 5495 πάντας
1559 5430 1889 5506 δεδημιούρ-
1934 5478 1945 5482 κ

238 5526 249 5533 “
300 5541 482 5596 γηκεν
507 5524 844 5593 ἀγαθὸτητα,
886 5522 1190 5585 ὑπεύθυνος
1231 5524 1364 5593 ἡμῖν
1408 5522 1562 5576 ἔσται
1601 5524 1710 5577 τῶν
1740 5524 1890 5595 αύτῷ

302 5616 760 5687 πεπραγμένωνς
794 5615 921 5669 Οὐδ’
968 5614 1305 5679 οὑτινοσοῦν,
1338 5607 1383 5669 ὦ
1420 5615 1541 5680 τᾶν,
1577 5615 1737 5685 ἔφην,
1781 5616 1892 5669 τῶν

299 5706 456 5776 αὐτῷ
511 5706 916 5776 πεπραγμένων
971 5705 1275 5768 ὑπεύθυνος
1321 5705 1388 5759 ἂν
1440 5706 1527 5775 εἴη
1575 5706 1745 5770 Θεός·
1781 5709 1890 5760 τίνι

301 5798 418 5867 γὰρ
463 5796 531 5849 ἂν
575 5796 771 5848 ἑαυτοῦ
819 5795 1027 5865 μείζονι
1076 5796 1355 5848 ἀποτίσειε
1391 5795 1585 5862 λόγον;
1629 5796 1892 5866 λαμπρᾶς

308 5884 505 5955 μανίας
532 5883 729 5955 ήδόξα·
761 5885 957 5950 ἀσεϐὲς
983 5885 1040 5939 τὸ
1068 5883 1378 5957 ἐνθύμημα.
1403 5887 1482 5939 Tit
1510 5888 1616 5958 γὰρ
1648 5887 1710 5941 δὴ
1740 5888 1891 5958 παρὰ

1989 4705 2152 4760 quam
2194 4706 2312 4760 quae
2368 4706 2471 4747 nos
2536 4691 2793 4748 dicimus.
2840 4694 3200 4775 Quapropter,
3239 4695 3285 4751 si
3334 4697 3465 4766 quid
3524 4697 3581 4753 in

1991 4781 2175 4834 animo
2213 4780 2382 4835 habes
2415 4780 2482 4834 de
2529 4779 2684 4835 Eden
2731 4782 2937 4848 dicere,
2967 4782 3078 4852 jam
3138 4798 3284 4838 nunc
3339 4784 3577 4852 explica.

1990 4873 2122 4939 Quae
2148 4888 2272 4927 cum
2313 4872 2478 4928 Persa
2508 4872 2757 4940 dixisset,
2799 4873 2944 4929 ﬁlius
2972 4873 3115 4943 ejus,
3176 4889 3207 4929 a
3266 4888 3419 4944 patre
3480 4890 3581 4930 ac-

1992 4975 2149 5035 cepta
2180 4966 2440 5035 loquendi
2475 4965 2760 5030 facultate,
2797 4965 3093 5020 barbarum
3124 4966 3290 5035 "quid
3320 4977 3375 5020 et
3405 4967 3582 5021 auda-

1991 5058 2110 5115 cius
2147 5053 2410 5125 elamans,
2442 5057 2634 5114 Nonne
2660 5067 2743 5125 tu,
2776 5059 2976 5128 inquit,
3037 5058 3196 5114 nobis
3233 5069 3393 5116 antea
3438 5060 3584 5114 dixi-

1992 5150 2084 5215 sti,
2124 5151 2194 5206 ob
2243 5150 2415 5205 solam
2475 5152 2777 5206 bonitatem
2830 5151 2998 5204 Deum
3054 5151 3235 5205 omnia
3301 5152 3583 5207 creasse?

1991 5241 2148 5297 Nunc
2177 5259 2307 5297 vero
2337 5243 2607 5298 celebrata
2634 5244 2782 5298 illius
2802 5243 3014 5312 justitia
3046 5244 3112 5299 de
3160 5244 3406 5301 bonitate
3423 5246 3585 5299 silui-

1993 5334 2106 5389 sti:
2139 5334 2234 5389 sed
2291 5333 2382 5387 hic
2413 5349 2524 5388 non
2569 5335 2751 5389 minus
2793 5335 2972 5391 bonus
3030 5344 3113 5391 est
3154 5351 3319 5406 quam
3373 5336 3582 5406 justus.

1992 5427 2174 5494 Quare
2221 5425 2266 5482 si
2331 5425 2402 5480 ob
2460 5440 2600 5490 eam,
2646 5442 2743 5496 per
2769 5442 2931 5497 quam
2993 5442 3185 5483 omnes
3234 5430 3459 5490 creavit,
3488 5430 3585 5483 bo-

1992 5518 2218 5571 nitatem
2256 5559 2270 5584 ,
2301 5530 2492 5571 omnes
2518 5518 2681 5571 etiam
2714 5532 2934 5572 servare
2974 5516 3228 5580 voluerit,
3251 5532 3319 5571 an
3380 5516 3583 5571 idcirco

1996 5609 2286 5663 reddendis
2316 5609 2581 5662 factorum
2637 5624 2861 5663 suorum
2916 5608 3220 5665 rationibus
3267 5608 3372 5663 erit
3412 5608 3587 5663 ohno—

1993 5701 2157 5757 xius?
2194 5701 2277 5756 Dii
2321 5702 2570 5767 meliora,
2602 5702 2849 5781 inquam,
2905 5702 3220 5758 adolescens
3250 5717 3265 5754 :
3296 5699 3428 5754 nulli
3462 5715 3586 5754 om-

1996 5796 2126 5849 nino
2168 5796 2218 5847 in
2259 5795 2526 5850 factorum
2557 5810 2782 5851 suorum
2838 5795 3148 5849 rationibus
3169 5792 3464 5847 reddendis
3484 5792 3586 5846 oh-

1997 5888 2194 5944 noxius
2225 5904 2346 5945 esse
2384 5897 2562 5960 potest
2584 5889 2726 5945 Deus
2762 5906 2775 5944 :
2812 5882 3029 5943 cuinam
3099 5887 3244 5942 enim
3278 5902 3336 5942 sc
3384 5884 3580 5958 majori
