4080 6676
445 396 551 458 183

1658 371 2068 440 MANUELIS
2104 368 2556 431 PALASOLOGI

3600 356 3711 427 164

432 515 524 582 ius
553 520 608 566 et
638 524 854 580 equum
880 505 1244 563 :estimamis?
1273 503 1470 560 nedum
1498 498 1813 570 huiusmodi
1833 480 2033 567 iudicis

2157 489 2199 559 ἰὴ
2226 489 2290 541 τὸ
2319 487 2426 560 πρὸ
2459 484 2658 558 μικροῦ
2682 484 2770 555 ὑφ’
2801 483 2955 555 ὑμῶν
2978 479 3271 554 εἰρημένον
3295 520 3311 546 ,
3336 474 3451 532 Καὶ
3473 475 3586 548 μὴν
3614 477 3717 561 et!

437 607 533 675 qui
554 605 716 676 paulo
736 611 861 657 ante
886 602 981 657 Dei
1004 600 1211 664 anima,
1226 597 1454 666 spiritus
1473 604 1526 650 et
1548 592 1788 647 Verbum
1814 606 1844 642 a
1866 587 2023 642 vobis

378 773 383 776 ᾔ
439 694 869 751 nominabatur?
897 693 1062 763 Atqui
1118 692 1166 746 si
1212 688 1555 745 Moamcthus
1584 693 1845 752 cognatos
1894 693 2026 735 suos

439 787 621 855 potius
648 801 810 856 quam
836 782 1131 851 discipulos
1154 778 1546 848 malis~cripere
1568 774 1855 835 voluisset,
1872 777 2029 826 certe

328 860 367 909 ⁸·
442 882 496 933 in
515 879 732 934 mternis
772 877 1055 947 suppliciis
1103 873 1354 944 discipuli
1403 870 1798 925 remansissent
1846 878 2029 921 :nnnc

442 988 593 1038 vero,
620 972 943 1043 propinquis
965 970 1234 1031 dimissis.
1266 960 1521 1037 cum'qni
1541 963 1730 1018 eadem
1762 958 2030 1029 religione

442 1076 702 1121 cssentex
732 1065 1073 1120 tenebricosa
1103 1062 1194 1117 illa
1222 1060 1440 1114 flamma
1490 1055 1722 1111 voluerit
1771 1052 2027 1118 educere,

444 1173 513 1212 ne
539 1158 639 1212 hoc
663 1156 880 1226 quidem
909 1153 1160 1225 perfecit.

517 1252 605 1307 13.
635 1250 767 1302 Nam
810 1249 994 1303 habito
1023 1247 1243 1316 quidem
1277 1243 1344 1299 ad
1370 1242 1641 1311 quosdam
1683 1246 1934 1307 respectu
1965 1250 2032 1290 ex

352 1384 359 1389 ι
446 1341 613 1396 animi
649 1339 914 1396 sententia
953 1354 1062 1392 rem
1089 1336 1326 1391 confecit
1351 1332 1571 1388 :caeteri
1602 1340 1784 1385 autem
1812 1327 1866 1382 in
1905 1343 2025 1397 gur-

448 1439 553 1501 g‘te
592 1434 835 1489 derelicti
862 1439 1008 1492 sunt,
1038 1429 1254 1483 etiamsi
1295 1441 1488 1481 omnes
1524 1424 1613 1478 ille
1643 1438 1711 1477 ex
1764 1420 1915 1476 fossa
1942 1435 2039 1476 ex-

449 1529 666 1583 trahere
698 1525 956 1579 voluerit.
989 1522 1095 1577 Sed
1123 1521 1229 1586 fac,
1255 1519 1557 1575 secundum
1615 1515 1958 1586 propositum
1982 1521 2038 1567 et

449 1623 787 1673 Voluntatem
829 1612 1122 1669 Moamethi
1154 1615 1255 1666 hoc
1278 1610 1543 1665 accidisse
1574 1620 1856 1676 ,quouam,
1876 1606 2037 1660 obse-

453 1726 575 1775 cro,
597 1708 972 1779 justojudicio
992 1704 1105 1760 litari
1167 1703 1342 1773 potuit
1370 1705 1392 1756 ?
1420 1699 1622 1755 Omnes
1648 1700 1792 1754 enim
1848 1696 2037 1752 eadem

454 1802 719 1869 religione
779 1806 957 1861 erant,
997 1795 1332 1863 nimiamque
1382 1792 1619 1860 aliquam
1681 1784 2034 1857 peccatorum

462 1890 866 1948 multitudinem
915 1887 1182 1942 ferebant.
1208 1882 1445 1937 Proinde
1475 1880 1560 1936 vel
1586 1894 1771 1934 omnes
1814 1886 2036 1947 promer

469 1986 627 2038 fidem
660 1982 892 2035 liberare
915 1975 1222 2047 oportebat,
1256 1971 1341 2026 vel
1371 1984 1563 2025 omnes
1621 1981 1793 2038 ptena:
1823 1964 2039 2018 tradere

462 2087 682 2147 propter
743 2078 1090 2142 peccatorum
1161 2046 1612 2135 magnitudinem.
1670 2058 1825 2114 Nunc
1884 2073 2037 2123 vero,

457 2169 589 2237 quia
642 2160 967 2218 criminibus
1024 2156 1298 2211 similibus
1337 2153 1641 2209 obstrictos
1699 2166 1807 2204 non
1850 2148 2039 2204 eodem

464 2262 624 2315 modo
648 2260 1149 2316 remunerat,certe
1176 2257 1271 2301 aut
1295 2246 1381 2301 his
1416 2244 1772 2315 gratiﬁcantur,
1803 2250 1895 2297 aut
1920 2242 2042 2296 illos

462 2349 660 2420 injuria
682 2346 865 2406 allicit,
890 2352 983 2396 aut
1005 2340 1174 2412 (quod
1200 2338 1416 2393 tertium
1443 2336 1714 2407 supereSt)
1738 2350 1845 2388 non
1870 2333 2045 2403 potuit

464 2444 723 2513 perlicere
749 2438 801 2492 id
820 2436 965 2505 quod
993 2433 1238 2505 volebat:
1258 2445 1572 2500 quanquam
1598 2428 1699 2482 hac
1721 2440 1937 2497 quoque
1960 2427 2044 2479 via

465 2547 659 2586 omnes
705 2546 734 2583 e
766 2527 925 2582 malis
956 2522 1171 2579 liberari
1208 2536 1434 2577 necesse
1490 2529 1626 2575 erat.
1662 2517 1866 2585 Nempe
1898 2517 2042 2584 Alin,

479 2619 887 2692 utprOphetam
913 2626 968 2670 et
993 2615 1084 2668 Dei
1127 2614 1391 2677 amicum,
1448 2611 1720 2681 plurimos
1774 2609 2046 2679 supplicio

472 2714 680 2784 etipcre
703 2715 979 2778 beataeque
1005 2708 1128 2761 vitae
1175 2706 1479 2776 participes
1536 2703 1746 2758 etlicere
1798 2702 2045 2765 decebat,

2127 581 2374 650 Μωάμεθ
2426 580 2604 634 εἵλετο
2666 578 2796 642 τοὺς
2857 578 3143 645 συγγενεῖς
3198 573 3233 643 ἢ
3284 571 3412 635 τοὺς
3446 568 3719 640 φοιτητὰς

2127 674 2298 745 αὐτοῦ
2329 674 2438 727 τῶν
2460 671 2648 729 δεινῶν
2678 662 2985 737 ἐξελέσθαι,
3014 668 3242 738 ἔμειναν
3277 665 3345 720 ἂν
3374 665 3425 717 ot
3454 660 3721 731 φοιτηταὶ

2127 765 2413 835 ἀπέραντα
2441 760 2803 833 κολαζόμενοι
2823 776 2837 791 ⁶
2870 759 2968 814 νῦν
3007 758 3087 824 δέ,
3123 756 3341 827 χαίρειν
3383 753 3555 814 ἐάσας
3584 749 3719 812 τοὺς

2129 857 2280 926 αὐτῷ
2327 856 2747 927 προσήκοντας,
2773 853 2902 916 τοὺς
2942 842 2999 907 δέ
3045 849 3147 920 τῆς
3192 846 3365 915 αὐτῆς
3414 842 3722 914 θρησκείας

2130 948 2280 1020 αύτῷ
2311 950 2411 1019 τῆς
2437 946 2724 1017 σκοτεινῆς
2750 945 2952 1014 φλογὸς
2976 942 3194 1012 ἐκείνης
3225 937 3488 1007 ἐθελήσας
3520 936 3723 1003 ἐξαγα-

2130 1045 2272 1112 γεῖν,
2304 1042 2428 1096 ούδέ
2455 1039 2588 1111 γοῦν
2608 1039 2770 1093 τοῦτο
2798 1034 3167 1105 κατέπραξεν.

2204 1225 2298 1297 ιγ’.
2332 1225 2480 1295 Πρὸς
2531 1226 2631 1295 μὲν
2681 1222 2790 1293 γὰρ
2839 1221 2967 1285 τοὺς
3010 1218 3172 1285 ἐξέϐη
3235 1218 3411 1286 τούτῳ
3443 1214 3505 1268 τὸ
3545 1211 3728 1284 πέρας

2135 1326 2277 1378 κατα
2309 1323 2407 1393 τὴν
2440 1319 2703 1391 πρόθεσιν
2729 1333 2744 1350 ο
2780 1317 2830 1370 οί
2854 1315 2900 1368 δ’
2929 1311 3404 1380 ἐναπελείφθησαν
3446 1308 3527 1379 τῷ
3552 1307 3731 1379 βαρά·
3782 1333 3787 1336 η

2138 1419 2251 1487 θρῳ
2274 1455 2289 1479 ,
2329 1413 2523 1469 τούτου
2555 1412 2766 1472 πάντας
2792 1406 3150 1478 βουληθέντος
3182 1400 3465 1467 ἐξελέσθαι
3495 1400 3593 1469 τῆς
3626 1397 3731 1452 τά·

2139 1524 2299 1577 φρου.
2333 1506 2394 1558 Εί
2428 1503 2485 1557 δέ
2514 1501 2654 1555 κατὰ
2680 1498 2910 1568 γνώμην
2936 1494 3130 1550 τούτου
3166 1494 3359 1561 γέγονε
3388 1489 3587 1554 ταῦτα,
3613 1488 3728 1542 τίνι

2139 1600 2324 1670 δικαίᾳ
2350 1614 2355 1619 '
2381 1597 2576 1666 γέγονε
2635 1593 2847 1663 them;
2898 1589 3108 1649 Πάντες
3149 1585 3259 1654 γὰρ
3294 1582 3511 1651 καὶτῆς
3547 1578 3729 1670 αὐτῆς

2142 1677 2439 1765 θρησκείας
2473 1690 2629 1751 ὄντες
2658 1685 2981 1754 ἐτύγχανον,
3007 1681 3103 1734 καὶ
3131 1678 3194 1732 ού
3232 1674 3467 1748 φορητόν
3496 1689 3552 1726 τι
3583 1669 3733 1740 πλῆ.

2144 1763 2241 1848 θος
2261 1784 2551 1856 ἁμαρτιῶν
2596 1780 2875 1849 φέροντες.
2913 1774 2982 1829 Ἦ
3018 1772 3149 1842 γοῦν
3178 1769 3306 1832 τοὺς
3348 1767 3562 1827 πάντας
3600 1763 3734 1815 ἀνε-

2141 1854 2331 1934 λέσθαι
2362 1854 2527 1946 ἐχρῆν
2560 1873 2649 1926 διὰ
2673 1872 2776 1941 τὴν
2824 1864 3088 1934 arteth
3117 1854 3246 1926 τοῦς
3275 1860 3522 1921 ἅπαντας
3564 1856 3730 1909 ἐᾶσαι

2140 1945 2468 2034 κολάζεσθαι
2528 1964 2617 2019 διὰ
2664 1964 2726 2016 τὸ
2752 1961 2862 2015 τῶν
2893 1950 3182 2028 ἁμαρτιῶν
3225 1953 3478 2024 μέγεθος.
3512 1948 3627 2002 Νῦν
3668 1945 3731 2001 δέ

2142 2067 2253 2128 τοῖς
2290 2065 2425 2124 licet;
2456 2058 2813 2127 ἐνεχομένους
2843 2052 2903 2106 ού
2927 2052 3042 2112 τοῖς
3059 2048 3242 2109 αὐτοῖς
3266 2043 3657 2114 ἀμειϐόμενος,
3690 2039 3727 2110 ἢ

2140 2154 2379 2210 τουτοισὶ
2410 2130 2799 2223 χαριζόμενος,
2821 2145 2855 2215 ἢ
2884 2143 3132 2223 ἐκείνους
3162 2139 3364 2194 ἀδικῶν
3389 2130 3671 2206 φαίνεται,
3690 2130 3729 2201 ἣ

2145 2250 2228 2317 (τό
2264 2264 2329 2316 γε
2360 2214 2563 2314 τρίτον)
2604 2214 2678 2311 μὴ
2711 2214 2986 2308 δυνηθεὶς,
3008 2214 3148 2304 ὅπερ
3184 2228 3461 2292 ἐϐούλετο,
3496 2223 3729 2296 πρᾶξαι.

2144 2341 2339 2396 Καίτοι
2368 2355 2431 2405 γε
2461 2336 2557 2389 καὶ
2586 2332 2717 2404 τῇδε
2758 2330 2971 2389 πάντας
3022 2324 3193 2395 ἐχρῆν
3226 2323 3336 2377 τῶν
3358 2319 3549 2375 κακῶν
3572 2317 3734 2370 ἐλευ-

2146 2430 2480 2502 θερωθῆναι.
2511 2428 2616 2479 Τὸν
2645 2425 2754 2494 γὰρ
2796 2421 2980 2492 ’Δλῆν,
3029 2417 3322 2488 προφήτην
3347 2430 3409 2467 τε
3445 2411 3541 2466 καὶ
3571 2410 3734 2481 φίλον

2145 2524 2277 2578 ὄντα
2310 2520 2473 2585 Θεοῦ,
2527 2517 2818 2578 πλείστους
2867 2513 2979 2567 τῶν
3027 2510 3222 2566 δεινῶν
3274 2506 3605 2578 ἀφαρπάσαι
3648 2502 3735 2585 (1)

2148 2617 2245 2669 καὶ
2288 2616 2387 2679 τῆς
2438 2580 2715 2683 μακαρίας
2747 2604 2920 2671 δεῖξαι
2954 2603 3213 2675 μετόχους
3248 2598 3417 2670 ζωῆς,
3464 2597 3558 2650 καὶ⁵
3592 2580 3737 2665 πρός

2147 2725 2212 2778 γε
2245 2707 2325 2760 ἔτι
2364 2704 2465 2774 τήν
2510 2700 2806 2769 Φατουμᾶν
2841 2696 2919 2767 (2)
2945 2693 3108 2749 τοῦτο
3152 2693 3354 2762 δρᾶσαι
3377 2730 3392 2754 ,
3445 2684 3735 2757 θυγατέρα

480 2779 731 2871 idemque
755 2800 931 2855 facere
956 2796 1209 2858 Fatmeu,
1256 2795 1333 2848 tui
1379 2792 1655 2862 prophetae
1693 2791 1879 2855 filiam,
1925 2804 2049 2861 qua;

2157 2800 2251 2869 μὲν
2280 2796 2449 2850 οὖσαν
2480 2793 2574 2846 τοῦ
2608 2790 2704 2845 σού
2725 2789 3038 2867 προφήτου,
3061 2782 3292 2845 πολλοὺς
3317 2782 3374 2836 δὲ
3404 2779 3571 2835 πάλιν
3600 2794 3736 2852 προ-

481 2895 820 2961 rnultosipsa
849 2888 1064 2958 conjugi
1099 2901 1201 2940 suo
1224 2884 1308 2938 Ali
1361 2882 1653 2953 prolihetas
1696 2883 1924 2952 peperit.
1971 2882 2049 2935 ita

2157 2893 2325 2963 φήτας
2357 2888 2609 2957 φύσασαν
2639 2885 2702 2936 ἐκ
2745 2880 2839 2935 τοῦ
2875 2878 3113 2946 συζύγου
3148 2874 3355 2946 ταύτης
3375 2873 3531 2943 ’Δλῆ,
3558 2872 3736 2925 Ἕκα-

473 2985 843 3055 unusquisque
859 2997 1047 3034 eorum
1083 2987 1343 3049 quantum
1367 2976 1434 3029 ab
1454 2974 1634 3045 judice
1652 2974 1913 3043 diligitur,
1933 2982 2051 3026 tan-

2157 2998 2277 3043 στος
2323 2981 2431 3050 γὰρ
2462 2974 2587 3030 καθ’
2621 2974 2745 3028 ὅσον
2770 2970 3093 3042 φιλούμενός
3126 2969 3246 3022 ἐστι
3275 2968 3352 3037 τῷ
3376 2966 3567 3036 κριτῇ,
3593 2963 3739 3018 κατὰ

480 3090 592 3132 tum
627 3077 826 3147 poterit
854 3072 998 3142 apud
1026 3073 1201 3139 ipsum
1230 3087 1243 3123 :
1269 3068 1405 3122 adeo
1433 3077 1493 3121 ut
1515 3067 1657 3120 alius
1682 3066 1902 3132 quidem
1926 3068 2046 3134 plu-

2157 3072 2406 3127 τοσοῦτον
2431 3070 2724 3138 δυνήσεται
2762 3064 2890 3134 παρ’
2925 3061 3074 3132 αύτῴ
3099 3078 3113 3095 ⁸
3149 3060 3281 3115 ὥσθ’
3308 3062 3337 3113 ὁ
3364 3059 3465 3129 μέν
3486 3059 3735 3123 πλείους,

476 3188 583 3235 res,
612 3171 749 3224 alius
785 3168 1092 3236 pauciores,
1127 3162 1353 3231 quilibet
1379 3170 1558 3214 tamen
1607 3175 1638 3213 a
1666 3158 1777 3213 Deo
1820 3156 2050 3212 dilectus

2157 3165 2181 3217 ὕ
2226 3164 2283 3217 δὲ
2337 3135 2614 3225 ἐλάττους,
2651 3161 2773 3230 πᾶς
2807 3173 2891 3219 τις
2920 3155 2977 3208 δέ
3011 3155 3163 3225 ὅμως
3198 3152 3494 3220 δυνήσεται
3519 3149 3630 3205 τῶν
3660 3149 3741 3220 τῷ

473 3269 686 3336 aliquos
716 3259 1018 3318 csontibus
1067 3256 1302 3310 liberare
1356 3254 1550 3324 possit,
1600 3260 1756 3306 tanto
1819 3251 2051 3320 quisque

2159 3255 2278 3326 Θεῷ
2307 3253 2650 3324 φιλουμένων
2673 3250 2830 3310 τινὰς
2850 3249 2981 3307 ⁴’τῶν
3026 3246 3303 3301 ύποδίκων
3341 3242 3739 3314 ἐλευθερῶσαι,

474 3355 713 3431 (opinor)
748 3367 1000 3415 numero,
1023 3359 1287 3419 quantum
1336 3346 1566 3401 dilectus
1596 3354 1697 3399 est.
1729 3342 1838 3398 lloc
1870 3343 2051 3413 sequi-

2162 3350 2261 3406 καὶ
2289 3348 2578 3410 τοσούτους
2598 3345 2835 3408 ἕκαστος
2857 3340 3082 3415 (οἶμαι),
3106 3341 3339 3395 καθόσον
3358 3340 3475 3393 ἐστὶ
3492 3335 3757 3409 φιλητόςζ

475 3462 566 3507 tur
587 3465 652 3509 ex
680 3449 747 3502 iis
765 3460 885 3516 quae
908 3441 1114 3497 dixisti.
1142 3440 1276 3494 Nam
1295 3438 1340 3492 si
1357 3448 1481 3493 tuus
1506 3438 1769 3507 propheta
1794 3452 1880 3500 eo,
1907 3434 2051 3505 quod

2163 3445 2336 3500 Τοῦτο
2372 3443 2428 3497 δέ
2457 3442 2568 3497 ἀπὸ
2588 3440 2686 3494 τοῦ
2722 3439 2816 3492 σοῦ
2850 3436 3289 3509 συμπεραίνεται
3317 3434 3500 3503 λόγου.
3528 3434 3592 3486 Et
3629 3432 3744 3505 γὰρ

476 3561 509 3600 a
542 3546 650 3598 Deo
680 3538 831 3593 valle
853 3536 1116 3607 diligitur,
1141 3533 1417 3586 infinitum
1444 3543 1633 3582 eorum
1677 3529 1769 3598 qni
1814 3528 2051 3597 puniun-

2167 3539 2245 3610 τῷ
2301 3536 2576 3608 φιλεῖσθαι
2622 3532 2884 3595 ἐπιεικῶς
2942 3529 3176 3600 ἀριθμὸν
3234 3526 3515 3597 ἀμύθητον
3572 3524 3743 3579 σώσει

479 3649 569 3693 tur
587 3646 875 3689 numerum
908 3626 1171 3691 servabit,
1197 3623 1377 3678 crete-ri
1402 3636 1618 3691 quoque
1645 3622 1923 3691 propheta:
1941 3636 2051 3674 om-

2172 3628 2561 3698 κολαζομένων
2598 3626 2626 3679 ὁ
2659 3624 2751 3688 σὸς
2788 3622 3101 3693 προφήτης,
3133 3617 3328 3671 ταυτὸν
3374 3615 3442 3669 ἂν
3481 3612 3745 3683 δράσαιεν

464 3726 579 3785 ἠὀε
606 3728 745 3782 idem
782 3724 959 3779 facere
1014 3726 1277 3788 possunt;
1313 3716 1496 3770 nullus
1529 3713 1674 3767 enim
1709 3729 1912 3780 eorum
1960 3723 2051 3769 est.

2170 3723 2260 3777 καὶ
2291 3722 2339 3776 οι
2373 3720 2523 3775 ἄλλοι
2559 3718 2766 3779 πάντες
2793 3713 3110 3784 προφῆται*
3144 3707 3320 3767 οὐδεὶς
3342 3706 3452 3776 γὰρ
3472 3704 3745 3777 δήπουθεν

478 3837 640 3895 quem
667 3835 777 3875 non
800 3812 1105 3887 ipsejudici
1135 3812 1380 3868 omnium
1407 3809 1689 3863 hominum
1717 3810 1956 3864 amicum
1975 3823 2051 3865 es-

2168 3815 2397 3876 τούτων,
2423 3812 2481 3865 ὃν
2507 3812 2610 3865 οὐκ
2636 3808 2702 3863 ἂν
2733 3807 2897 3869 αὐτὸς
2926 3804 3129 3874 φήσαις
3160 3800 3315 3871 φίλον
3346 3794 3488 3853 εἶναι
3519 3796 3599 3868 τῷ
3625 3812 3745 3866 κριο

479 3933 538 3973 se
567 3913 823 3969 atlirmes.

2167 3910 2237 3981 τῇ
2290 3906 2399 3959 τῶν
2439 3906 2656 3960 πάντων
2692 3898 3021 3970 ἀνθρώπων.

551 4009 621 4062 Μ
655 4044 670 4060 .
705 4006 891 4075 Igitur,
924 4001 969 4056 si
999 4014 1123 4054 vera
1161 3997 1257 4050 tibi
1298 3995 1555 4066 iustaque
1615 3993 1799 4050 dicere
1852 3994 2051 4063 videor,

2244 4002 2328 4056 ιδ’.
2394 3999 2459 4053 Et
2511 3995 2689 4051 τοίνυν
2746 4009 2830 4044 σοι
2880 3987 3145 4059 δοκοῦμεν
3200 3984 3375 4056 ἀληθῆ
3424 3984 3518 4039 καὶ
3558 3983 3751 4037 δίκαια

407 4158 413 4163 .
481 4118 604 4166 nec,
637 4107 696 4154 ut
728 4105 870 4152 certe
894 4093 1030 4158 seio,
1072 4091 1209 4144 meis
1248 4088 1410 4144 dictis
1450 4086 1718 4140 infensius
1752 4086 2051 4144 adversari:

2169 4094 2373 4160 λέγειν,
2412 4089 2509 4142 καὶ
2540 4086 2640 4138 ούκ
2673 4081 3017 4142 ἁντιτείνεις,
3047 4076 3109 4131 εὗ
3135 4072 3253 4130 οἴδα
3280 4074 3422 4147 (οὐδὲ
3451 4074 3561 4144 γὰρ
3586 4074 3753 4128 ἀκαι.

484 4199 618 4264 (non
657 4191 801 4247 enim
833 4202 1045 4243 mecum
1082 4193 1279 4254 praeter
1312 4196 1424 4235 rem
1475 4179 1804 4237 centendere
1860 4181 2013 4235 voles
2046 4196 2061 4233 :

486 4286 540 4340 id
568 4300 635 4339 ex
667 4281 851 4336 multis
882 4278 990 4332 tuis
1024 4285 1075 4331 et
1095 4273 1372 4345 praeclaris
1426 4270 1724 4324 virtutibus
1760 4271 2020 4341 conjicio)
2048 4289 2063 4326 :

484 4376 615 4448 quid
646 4375 821 4428 facere
851 4385 958 4425 non
996 4374 1186 4437 posset
1219 4363 1434 4417 inﬁnita
1479 4360 1570 4414 illa
1596 4370 1906 4416 vestrorum
1939 4377 2065 4431 pro-

488 4471 775 4539 phetarum
805 4460 1121 4523 multitudo,
1154 4474 1251 4528 pro
1278 4457 1343 4510 iis
1377 4455 1468 4525 qui
1504 4453 1804 4523 puniuntur
1832 4455 2067 4509 amicum

2174 4201 2284 4256 ρως
2330 4179 2602 4250 καταδέξῃ
2674 4173 3040 4245 φιλονεικεῖν*
3116 4168 3337 4231 πολλοῖς
3412 4171 3526 4230 σοῖς
3585 4167 3750 4222 τούτο

2170 4268 2566 4344 τεκμαίρομαι)
2593 4284 2609 4301 σ
2635 4267 2687 4320 τί
2719 4267 2821 4321 οὐκ
2851 4266 2919 4319 ἂν
2954 4264 3235 4335 ίσχύσαιεν
3291 4258 3497 4332 πρᾶξαι
3530 4260 3587 4314 αί
3631 4259 3747 4311 τῶν

2176 4364 2461 4437 ὑμετέρων
2493 4359 2785 4433 προφητῶν
2817 4357 3075 4429 μυριάδες
3101 4355 3202 4425 (3),
3229 4353 3371 4424 ὑπὲρ
3395 4352 3504 4407 τῶν
3522 4352 3752 4416 κολαζο-

2181 4459 2358 4525 μένων
2400 4456 2493 4509 τδν
2544 4454 2700 4523 φίλον
2762 4451 2959 4524 κριτὴν
3015 4448 3486 4520 παραιτούμενοι;
3526 4446 3588 4500 ού
3643 4445 3755 4517 μὴν

490 4520 590 4539 ,___-
1106 4520 1115 4523 _
1155 4520 1169 4528 _
1394 4520 1407 4525 ,
1504 4520 1519 4523 -

481 4563 721 4632 judicem
786 4552 1136 4627 deprecans?
1179 4550 1311 4620 quid
1372 4565 1498 4613 non,
1561 4546 1873 4616 quicunque
1926 4547 2051 4601 anti

2176 4520 2313 4604 ἀλλά
2365 4551 2462 4603 καὶ
2505 4520 2707 4608 παντες
2744 4520 2883 4598 οἶέν
2907 4541 2987 4612 τῷ
3014 4540 3161 4610 νόμῳ
3194 4538 3556 4610 σωθήσονται,
3589 4538 3756 4609 εἴπερ

490 4671 596 4726 qna
629 4654 748 4721 lege
784 4648 1169 4703 servabuntur.
1225 4641 1271 4695 si
1307 4655 1433 4693 vera
1470 4646 1576 4703 est,
1634 4652 1729 4691 nec
1758 4638 2068 4703 subinanis,

491 4761 582 4804 tua
609 4741 835 4815 Opinio?
877 4739 1043 4800 Cedo,
1072 4748 1278 4804 quaeso,
1334 4732 1425 4786 ubi
1493 4730 1783 4785 collocahis
1830 4730 2070 4800 Moysen,

392 4857 411 4869 ’
492 4849 704 4893 tantum
757 4829 977 4887 virum?
1027 4826 1116 4880 ubi
1171 4821 1338 4878 David
1398 4820 1617 4891 regem?
1660 4820 1751 4875 ubi
1796 4839 1917 4874 cum
1979 4820 2073 4875 illo

492 4933 756 4999 reliquam
793 4936 1009 4979 omnem
1040 4919 1236 4983 seriem
1262 4914 1503 4982 generis,
1536 4930 1600 4968 ex
1627 4929 1733 4981 qua
1764 4914 2066 4968 secundum

493 5038 712 5081 carnem
746 5018 1000 5075 Christus
1050 5020 1132 5085 est
1164 5007 1361 5063 natus?
1388 5006 1526 5061 Num
1562 5006 1713 5061 solus
1742 5004 2082 5060 Moamcthus

496 5120 684 5173 dolore
718 5116 924 5168 fractus
964 5124 1063 5179 pro
1114 5106 1182 5161 iis
1237 5102 1330 5173 qui
1376 5103 1677 5173 puniuntur
1739 5103 2082 5158 intercedet?

501 5214 551 5264 hi
592 5222 719 5263 vero
748 5205 945 5274 lapidei
979 5197 1392 5271 quodammodo
1444 5206 1629 5257 crunt,
1687 5194 2082 5264 suppliciisque

499 5303 723 5354 atl'ectos
772 5294 1024 5348 homines
1048 5293 1254 5358 absque
1295 5287 1407 5340 ullo
1455 5284 1659 5341 doloris
1713 5300 1876 5339 sensu
1937 5285 2085 5353 aspi-

500 5391 696 5448 cient?
737 5402 916 5442 uonne
974 5382 1399 5453 pulcherrimum
1467 5380 1614 5434 illius
1674 5377 1899 5443 factum,
1932 5380 2077 5447 qqu

502 5490 643 5544 bene
665 5481 1012 5546 successerit,
1043 5478 1109 5532 ad
1153 5477 1561 5532 miserationem
1595 5489 1691 5528 eos
1736 5473 1900 5526 etiam
1933 5487 2082 5527 com-

504 5576 778 5637 tnovebit?
824 5590 932 5631 non
969 5570 1338 5644 persuadebit,
1375 5578 1434 5624 ut
1462 5568 1507 5624 si
1537 5567 1666 5636 quid
1719 5565 1952 5624 orarint.
1983 5563 2072 5619 rei

579 5715 656 5785 (ι)
678 5715 903 5785 Supple,
938 5712 1130 5783 ἐχρῆν.

582 5780 661 5857 (2)
687 5780 825 5842 Cod.
852 5780 1035 5857 CuiSl._
1052 5780 1359 5857 d’a‘r‘ouaé‘tv.

583 5843 658 5931 (5}
687 5857 782 5916 Hie
813 5859 867 5912 in
900 5855 1063 5913 codd.
1102 5851 1343 5908 miniatis
1400 5845 1595 5903 litt-:ris
1671 5843 1934 5915 scriptum
1997 5852 2080 5899 est

2177 4643 2210 4711 ἡ
2240 4640 2367 4707 δόξα
2399 4656 2493 4692 σου
2526 4634 2736 4707 ἀληθὴς
2803 4634 2898 4685 καὶ
2952 4632 3015 4684 ού
3048 4630 3257 4705 ψευδής
3301 4647 3405 4694 τις,
3435 4624 3570 4682 οὖσα
3616 4645 3755 4697 τυγ-
3790 4671 3795 4677 .
3855 4649 3865 4659 -

2176 4736 2371 4803 χάνει;
2407 4730 2519 4784 Ποῦ
2547 4731 2655 4800 γὰρ
2684 4728 2895 4797 θήσεις,
2926 4724 3047 4777 είπέ
3086 4740 3198 4792 μοι,
3246 4722 3340 4774 καὶ
3375 4720 3620 4793 Μωῦσῆν
3660 4723 3756 4774 τὸν

2176 4824 2467 4888 τοσοῦτον;
2501 4823 2597 4876 καὶ
2623 4819 2788 4888 Δαᾷὶδ
2817 4819 2905 4871 τδν
2935 4815 3163 4886 βασιλέα
3186 4830 3202 4879 ;
3228 4812 3323 4866 καὶ
3356 4815 3455 4867 σὺν
3480 4813 3628 4884 αύτῷ
3651 4814 3754 4881 τήν

2175 4918 2343 4987 ἄλλην
2394 4886 2576 4969 πᾶσαν
2632 4886 2821 4982 σειῖὰν
2876 4909 2971 4963 τοῦ
3019 4907 3235 4977 γένους,
3265 4905 3326 4970 ἐξ
3381 4899 3449 4976 ἧς
3501 4904 3565 4958 τὸ
3613 4907 3759 4958 κατὰ

2177 5011 2358 5080 σάρκα
2394 5008 2627 5078 Χριστός
2649 5022 2662 5065 ι
2684 5000 2759 5057 Ἦ
2781 5006 2809 5056 ὁ
2832 5002 2929 5073 μέν
2957 4998 3201 5069 Μωάμεθ
3229 4998 3372 5066 ύπέρ
3395 4997 3505 5051 τῶν
3532 4996 3761 5062 κολαζο-

2184 5100 2360 5170 μένων
2415 5094 2690 5167 καμφθεὶς
2745 5092 3191 5162 παραιτήσεται,
3259 5086 3406 5140 ούτοι
3454 5086 3530 5139 δὲ’
3562 5087 3761 5142 λίθινοί

2177 5209 2323 5254 τινες
2379 5190 2616 5253 ἔσονται,
2665 5185 2931 5254 ἀναλγητλ⁵
2980 5186 3107 5247 τοὺς
3160 5182 3219 5236 ἐν
3264 5184 3330 5248 τῇ
3364 5178 3587 5233 κολάσει
3619 5181 3762 5235 θεώ-

2183 5300 2365 5355 μενοι;
2406 5285 2501 5337 καὶ
2573 5281 2697 5335 ούδέ
2741 5284 2802 5334 τὸ
2851 5283 3067 5334 ἐκείνου
3124 5280 3458 5352 κατόρθωμα
3517 5280 3787 5352 ἐρεθίσεΓ

2187 5376 2376 5429 τούσδε
2415 5375 2546 5444 πρὸς
2576 5374 2763 5437 ἔλεον,
2799 5374 2921 5427 οὐδὲ
2955 5373 3137 5427 πείσει
3180 5374 3402 5438 πάντως
3429 5375 3652 5446 θαρρεῖν
3686 5373 3764 5438 ὡς

2189 5470 2286 5539 ούχ
2321 5469 2706 5538 ἁμαρτήσουσι
2749 5466 3113 5535 δεησόμενοις
3161 5464 3301 5519 Ἀλλ’
3333 5467 3435 5519 ούκ
3463 5466 3529 5518 ἂν
3565 5465 3761 5528 εἴποις,

2184 5561 2312 5614 ὅταν
2333 5577 2396 5627 γε
2451 5560 2557 5629 μὴν
2606 5558 2741 5629 πρὸς
2777 5558 2888 5619 τοῖς
2930 5555 3114 5619 ἄλλοις
3168 5555 3342 5610 ἅπασι
3398 5554 3766 5626 πρεσδευταίς

2192 5700 2258 5754 ad
2292 5716 2444 5753 oram
2480 5717 2492 5752 :
2526 5696 2877 5769 Σημείωσαιο
2913 5695 3250 5769 οΞᾲΤούρκοι
3306 5695 3560 5769 λέγουσιν
3583 5691 3765 5769 ῌεῐναι

2191 5773 2317 5834 τοὺς
2351 5763 2639 5839 προφήτας
2673 5768 2853 5819 αὐτῶν
2899 5767 3038 5836 ρμδ’.
3083 5768 3138 5819 Id
3167 5764 3249 5818 est
3273 5765 3532 5839 :_1Y_o_lq__.§
3581 5763 3768 5827 Turcc

2191 5828 2407 5908 diuini;
2431 5828 2552 5892 3120's
2587 5828 2871 5909 prophetas
2899 5828 3120 5892 humero
3145 5850 3257 5890 esse
3283 5833 3456 5891 CXLI
3474 5828 3535 5892 γ;
