4080 6590
295 370 407 482 tos

1274 419 1665 485 DIALOGUS
1702 420 1762 482 II
1798 419 1966 483 CUM
1998 416 2567 482 MOHAMETANO.

3477 420 3580 488 165

294 532 448 593 (τοῖς
479 530 773 602 ἡμετέροις
806 530 994 603 λέγω),
1014 534 1109 589 καὶ
1133 530 1230 604 τὴν
1253 533 1348 588 τοῦ
1374 535 1633 608 Σωτῆρος
1672 537 1890 608 μητέρα

2001 538 2277 599 compotes
2310 530 2427 585 fore
2449 544 2509 585 se
2560 541 2779 601 quoque
2838 511 3156 587 conﬁdant?
3204 531 3310 588 Sed
3348 533 3451 591 hoc
3484 550 3579 591 ne-

290 620 654 693 ὲνθυμηθῇς,
699 622 1038 694 συγγνώμην
1071 641 1138 694 γε
1172 622 1577 696 ἐξαιτουμένην
1607 628 1751 698 ὑπὲρ
1779 628 1890 683 τῶν

292 716 387 776 είς
438 715 665 782 γέενναν
696 716 1115 786 ἐμϐληθέντων·
1157 717 1282 789 ητις
1329 718 1394 788 δὴ
1436 718 1623 789 μήτηρ
1671 717 1891 789 ἀπόχρη

290 806 403 858 καὶ
439 806 575 878 μόνη
614 807 676 861 τδ
707 809 817 862 πᾶν
855 808 1226 879 ἐργάσασθαι,
1266 810 1426 879 εῐπερ
1452 810 1600 873 είκδς
1630 804 1699 883 ἦν
1730 810 1893 864 τοῦτο

290 897 588 964 γενέσθαι.
610 898 675 952 Τί
698 898 764 953 ἂν
783 900 981 966 είποις;
1012 897 1050 972 ἦ
1075 901 1261 970 δῆλον,
1292 900 1369 965 ὡς
1405 901 1585 964 οὐδεὶς
1608 902 1719 955 τῶν
1748 901 1891 971 φαύ-

290 987 416 1040 λων
452 986 760 1059 ἀνθρώπων
808 989 967 1061 δίκην
1014 990 1220 1044 τίσειεν
1249 991 1341 1059 ἂν,
1370 990 1489 1045 ἀλλ’
1518 990 1760 1057 ᾶπαντες
1791 993 1893 1064 μὶν

298 1079 635 1151 ἀνδροφόνοι
679 1081 777 1135 καὶ
820 1082 1069 1151 μέθυσοι,
1102 1082 1346 1147 ἅπαντες
1398 1083 1443 1139 δ’
1488 1084 1763 1157 ἆρπαγες,
1796 1088 1893 1143 καὶ

300 1172 626 1238 ἀκόλαστοι,
657 1176 757 1230 καὶ
788 1166 1120 1244 λωποδύται,
1142 1178 1239 1231 καὶ
1270 1177 1565 1249 ίερόσυλοι,
1602 1182 1700 1235 καὶ
1736 1183 1764 1234 6
1784 1181 1894 1234 τῶν

294 1266 571 1320 τοιούτων
599 1268 775 1337 ἐσμὸς
796 1269 905 1323 τῶν
950 1271 1191 1325 αἰωνίων
1228 1271 1454 1340 ἀγαθῶν
1486 1274 1890 1342 ἀπολαύσουσις

293 1358 380 1411 Τδ
420 1357 529 1428 γὰρ
563 1357 765 1429 ἑτέρως
792 1363 1013 1431 φρονεῖν
1046 1361 1312 1428 ἐπιεικῶς
1339 1363 1711 1435 ἀνάρμοστον.
1734 1368 1892 1419 Δυοῖν

293 1448 357 1503 δὲ
421 1449 671 1520 θάτερον,
727 1450 838 1519 φίλ’
890 1453 1113 1522 ἑταῖρε,
1164 1453 1347 1523 λέγειν
1416 1457 1672 1527 ἁνάγκη’
1733 1456 1766 1528 ἢ
1824 1458 1893 1513 τὰ

290 1540 495 1594 δίκαια
527 1540 825 1611 τηροῦντος
850 1542 947 1596 τοῦ
974 1544 1190 1614 κριτοῦ,
1213 1545 1417 1615 μηδένα
1438 1547 1548 1600 τῶν
1571 1547 1652 1611 είς
1674 1548 1896 1602 κόλασιν

290 1632 699 1703 ἐμϐληθέντων
728 1634 942 1689 ἐκεῖθεν
973 1635 1216 1702 ἐξελθεῖν
1248 1641 1313 1711 τῇ
1345 1639 1440 1693 τοῦ
1464 1640 1713 1710 Μωάμεθ
1742 1641 1895 1713 φιλίᾳ

291 1726 385 1793 (τὸ
418 1726 531 1793 γὰρ
561 1726 834 1798 ὑμέτερον
856 1726 1005 1797 λέγω
1034 1728 1235 1799 δόγμα)
1260 1745 1275 1760 ·
1313 1730 1346 1801 ἢ
1390 1731 1482 1785 καὶ
1517 1732 1656 1799 πρὸς
1688 1733 1895 1796 πάντας

289 1819 441 1880 τοὺς
466 1820 584 1871 ἐκεῖ
610 1819 743 1883 ίσως
768 1820 981 1873 ἐκεῖνον
1010 1821 1349 1891 διατεθῆναι,
1385 1823 1482 1876 καὶ¹
1528 1823 1889 1893 μηδοντινοῦν

1994 637 2273 692 quaquam
2311 620 2542 688 dixeris,
2577 621 2875 677 dummodo
2944 632 3143 690 praeter
3186 637 3379 681 omnes
3422 638 3583 683 caete-

1994 729 2090 771 ros
2149 714 2537 784 deprecatores
2601 715 2844 782 (nostros
2870 714 3017 786 dico)
3074 715 3128 770 in
3200 726 3434 774 mentem
3485 720 3584 776 tibi

1995 810 2180 864 veniat
2202 808 2514 866 Servatoris
2535 809 2710 879 ipsius
2730 819 2923 876 mater,
2939 826 3037 881 pro
3053 810 3281 881 dejectis
3306 812 3357 867 in
3376 814 3584 883 gehen-

1996 917 2125 956 nam
2158 902 2476 973 supplicans
2504 920 2517 956 :
2553 918 2676 972 quae
2715 903 2937 973 quidem
2971 912 3143 958 mater
3178 904 3294 959 sola
3326 907 3452 961 huic
3483 907 3585 962 toti

1994 996 2216 1066 negotio
2257 996 2622 1062 conficiendo,
2655 996 2703 1052 si
2755 994 2976 1067 quidem
3011 997 3122 1051 ullo
3151 999 3380 1068 omnino
3417 1000 3583 1054 modo

1996 1087 2113 1143 fieri
2142 1096 2350 1157 posset.
2379 1102 2608 1158 prorsus
2639 1087 2932 1144 sufﬁceret.
2954 1086 3074 1143 1am
3098 1104 3228 1144 vero
3248 1090 3380 1160 quid
3414 1090 3590 1147 dicis?

1998 1194 2183 1235 nonne
2229 1179 2407 1248 palam
2460 1187 2566 1245 est,
2619 1180 2994 1247 improborum
3033 1181 3314 1236 hominum
3352 1183 3431 1239 sic
3489 1199 3588 1240 ne-
3674 1187 3681 1193 '

1996 1270 2200 1324 minem
2223 1284 2347 1324 esse
2378 1284 2568 1335 poenas
2600 1271 2876 1335 daturum,
2906 1270 2999 1326 sed
3032 1271 3338 1328 homicidas
3372 1287 3585 1340 omnes,

1998 1360 2273 1426 ebriosos,
2305 1371 2574 1429 raptores,
2606 1360 2947 1426 libidinosos,
2998 1375 3362 1432 grassatores,
3413 1365 3589 1420 sacri-

1999 1448 2171 1520 legos,
2231 1458 2520 1518 totumque
2581 1448 2902 1519 bujusmodi.
2942 1466 3160 1521 gregem
3237 1455 3589 1523 sempiternis

1998 1541 2162 1597 bonis
2187 1557 2309 1597 esse
2346 1540 2655 1597 fruituros?
2702 1539 2983 1613 Siquidem
3029 1543 3191 1599 aliter
3222 1547 3427 1602 sentire
3476 1564 3587 1604 non

1996 1644 2171 1704 potes.
2207 1634 2447 1691 Necesse
2477 1644 2560 1689 est
2586 1635 2757 1699 enim,
2783 1635 3100 1691 dulcissime
3128 1638 3324 1705 amice,
3356 1647 3415 1693 ut
3444 1638 3588 1694 alte-

1998 1741 2120 1780 rum
2151 1725 2302 1779 dicas
2326 1724 2391 1780 de
2412 1724 2665 1779 duobus:
2714 1734 2831 1791 aut,
2874 1725 3059 1794 judice
3100 1729 3415 1799 aequitatem
3471 1745 3591 1787 ser-

2001 1829 2183 1884 vante,
2232 1820 2509 1872 neminem
2544 1834 2610 1872 ex
2661 1818 2796 1884 illis,
2825 1821 2917 1890 qui
2978 1822 3031 1876 in
3076 1823 3253 1891 poenis
3304 1824 3587 1887 laeserint,

291 1910 665 1983 κολασθῆναι.
685 1911 871 1985 Ταύτῃ
888 1913 998 1985 γὰρ
1013 1909 1160 1985 ᾶνῆν
1180 1915 1501 1985 περισῴζων
1519 1918 1614 1970 καὶ
1631 1916 1691 1969 τὸ
1711 1917 1897 1987 φιλάν-

2006 1921 2232 1981 propter
2270 1910 2885 1967 Moamethiamicitiam
2916 1913 3281 1970 indeliberari
3316 1918 3584 1985 (vestrum

290 2004 529 2074 θρωπον
545 2003 734 2069 αὑτοῦ,
752 2006 845 2076 καὶ
861 2005 922 2058 τὸ
935 2006 1069 2076 πρὸς
1089 2007 1186 2077 τὴν
1204 2006 1400 2061 ἑαυτοῦ
1424 2010 1637 2080 μητέρα
1653 2012 1745 2062 καὶ
1764 2011 1896 2064 πάν-

288 2111 403 2157 τας
438 2093 644 2147 δίκαιον
660 2094 859 2158 ’ἄλλως
878 2095 925 2147 δ’
947 2095 1013 2150 ἄν
1042 2102 1263 2161 πάντως
1293 2097 1530 2168 χωλεῦον
1546 2094 1613 2169 ἦν
1631 2116 1732 2152 που
1753 2100 1894 2154 κατά

288 2205 346 2239 τι
382 2186 423 2254 ἦ
461 2187 524 2239 τὸ
545 2186 929 2259 φιλάνθρωπον
948 2188 1135 2254 αὐτοῦ,
1159 2189 1191 2260 ἢ
1218 2190 1276 2243 τὸ
1303 2189 1533 2256 δίκαιον,
1557 2190 1589 2260 ἦ
1615 2192 1707 2245 καὶ
1735 2192 1894 2247 πάνθ’

289 2278 470 2348 ὁμοῦ,
508 2279 665 2349 φασὶ,
699 2282 990 2351 χρήματαο
1042 2283 1348 2354 καθαπερεὶ
1392 2284 1503 2355 γὰρ
1536 2284 1771 2355 φύρεται
1797 2288 1893 2339 καὶ

294 2373 596 2440 συγχεῖται
648 2372 717 2427 τὰ
753 2372 849 2426 τοῦ
886 2373 1023 2427 Θεοῦ
1057 2372 1366 2443 πράγματα
1395 2377 1474 2446 τῷ
1508 2379 1895 2449 προειρημένῳ

296 2479 389 2514 σοι
429 2462 593 2531 λόγῳ.
624 2463 686 2515 El
717 2461 827 2532 γὰρ
873 2461 1025 2516 οὐδὲν
1066 2463 1175 2516 τῶν
1205 2463 1429 2532 ἀγαθῶν
1463 2467 1511 2518 οί
1552 2466 1747 2535 φαῦλοι
1785 2468 1895 2538 χεί-

299 2569 437 2620 ρους
462 2551 766 2621 ἐφαίνοντο,
800 2552 1030 2622 μάταιον
1064 2554 1164 2624 μὲν
1196 2555 1257 2607 τὸ
1287 2554 1516 2625 φεύγειν
1541 2555 1692 2626 ἥττω
1718 2559 1893 2628 φανῆ-

295 2662 393 2698 ναι
419 2646 529 2700 τῶν
560 2647 789 2716 ἡδονῶν,
819 2648 1050 2719 μάταιον
1077 2648 1134 2702 δὲ
1158 2649 1219 2701 τὸ
1246 2665 1312 2701 πε
1323 2649 1375 2719 ρὶ
1420 2648 1674 2704 πλείστου
1721 2653 1896 2705 ποιεί-

297 2738 439 2790 σθαι
486 2741 724 2803 κρείττω
740 2739 1023 2815 ἔγενέσθαι
1070 2739 1268 2811 θυμοῦ,
1300 2740 1459 2793 κενὸν
1485 2740 1542 2793 δὲ
1573 2742 1680 2811 ἄρα
1710 2745 1805 2796 καὶ
1833 2744 1895 2797 τὸ

294 2831 422 2882 τῶν
454 2828 756 2899 ἀλλοτρίων
779 2831 1108 2901 ἀπέχεσθαι.
1140 2832 1360 2887 Τούτων
1382 2834 1437 2887 δὲ
1473 2834 1895 2905 οῦτωςέχόντων

296 2922 591 2993 παρέλκον
621 2924 688 2977 ἂν
716 2923 930 2991 γένοιτο
950 2927 1043 2980 καὶ
1066 2927 1125 2979 τὸ
1144 2926 1236 2981 τὸν
1258 2927 1493 2997 Χριστὸν
1521 2929 1800 2981 κατελθεῖν
1830 2930 1894 2980 ὲκ

296 3014 423 3066 τῶν
456 3015 725 3084 οὐρανῶν,
752 3019 938 3088 κρίναι
970 3019 1155 3073 πᾶσαν
1192 3018 1292 3090 τὴν
1323 3018 1451 3089 γῆν,
1487 3019 1636 3081 ὅπως
1680 3018 1895 3074 δικαίαν

296 3106 554 3179 ἀμοιϐὴν
582 3110 692 3162 τῶν
720 3114 1129 3183 πεπραγμένων
1156 3112 1389 3176 ἕκαστος
1419 3113 1599 3167 λάϐοι.
1631 3113 1800 3167 Πόθεν
1829 3114 1896 3168 ἂν

295 3199 405 3253 οὖν
461 3201 691 3269 δίκαιον,
719 3197 764 3257 ὦ
823 3204 1019 3272 ἀγαθὲ,
1065 3205 1199 3260 νοῦν
1225 3205 1399 3276 ἔχοντ’
1440 3206 1607 3277 ἄνδρα
1667 3208 1895 3262 τοιαῦτα

297 3293 496 3361 λέγειν
516 3311 531 3362 ;

2001 2004 2195 2076 dogma
2225 2004 2427 2073 refero)
2461 2022 2476 2059 :
2508 2014 2603 2059 aut
2654 2021 2783 2077 erga
2815 2021 3027 2072 omnes,
3098 2009 3191 2078 qui
3225 1994 3299 2063 ibi
3361 2007 3585 2076 fuerint,

2000 2098 2280 2166 atqualiter
2309 2112 2432 2153 cum
2464 2097 2721 2154 affectum
2779 2115 2921 2166 esse,
2994 2116 3094 2156 nec
3140 2102 3307 2156 ullum
3360 2105 3587 2159 omnino

2003 2205 2195 2260 pcenas
2213 2193 2364 2247 dare.
2387 2193 2502 2259 Qua
2524 2209 2581 2249 re
2597 2201 2651 2247 et
2673 2209 2828 2249 suam
2850 2194 3016 2265 judex
3032 2210 3160 2266 erga
3184 2195 3433 2252 homines
3445 2200 3588 2254 ami-

2001 2284 2283 2348 citiam,et
2318 2300 2443 2356 erga
2477 2287 2753 2357 propriam
2789 2296 3014 2343 matrem
3044 2301 3386 2361 cunctosque
3413 2291 3580 2360 justi-

2003 2376 2131 2432 tiam
2171 2386 2461 2434 tueretur:
2523 2380 2767 2450 alioquin
2830 2382 2914 2436 vel
2965 2382 3279 2440 humanitas
3339 2385 3460 2455 ejus
3505 2387 3588 2441 vel

1997 2469 2211 2540 justitia
2243 2485 2309 2525 ex
2340 2472 2523 2543 aliqua
2568 2482 2721 2543 parte
2749 2474 3102 2540 claudicaret,
3162 2479 3245 2532 vel
3300 2479 3481 2533 omnia
3516 2480 3591 2533 si-

2004 2563 2141 2626 mul,
2179 2571 2237 2618 ut
2277 2565 2473 2619 aiunt:
2508 2580 2633 2620 nam
2663 2566 2753 2632 iis,
2780 2582 2901 2636 quae
2932 2569 3094 2623 modo
3130 2569 3336 2633 dixisti,
3360 2569 3591 2625 confun-

2004 2654 2148 2707 ditur
2176 2657 2333 2726 quasi
2362 2668 2415 2712 et
2443 2659 2795 2727 perturbatur
2826 2669 2938 2715 tota
2990 2661 3058 2716 de
3112 2661 3221 2718 Deo
3271 2664 3592 2733 disputatio.
3695 2646 3702 2652 ”

2003 2747 2217 2801 Etenim
2249 2749 2295 2803 si
2350 2748 2728 2821 improborum
2771 2753 2921 2808 nulla
2944 2769 3006 2808 re
3062 2754 3305 2811 deterior
3365 2771 3487 2813 esse
3514 2757 3595 2811 vi-

2002 2838 2224 2893 deretur
2261 2856 2425 2910 quam
2457 2843 2758 2912 proborum
2782 2846 3045 2913 conditio,
3074 2846 3251 2917 inepte
3274 2864 3409 2904 sane
3439 2848 3589 2905 face-

2003 2941 2107 2997 ret,
2135 2931 2228 3000 qui
2258 2933 2467 3003 fugeret
2496 2934 2789 3006 voluptatis
2826 2936 3156 2991 invidiosum
3199 2954 3419 3005 nomen,
3464 2940 3585 2995 inc-

2002 3034 2091 3092 pte
2118 3024 2209 3094 qui
2243 3025 2423 3095 magni
2456 3024 2662 3081 faceret
2701 3028 3039 3083 iracundiam
3062 3030 3339 3094 cohibere,
3359 3032 3594 3088 ridicule

2002 3116 2095 3184 qui
2129 3116 2323 3171 alienis
2350 3118 2669 3175 abstineret.
2694 3118 2839 3187 Quin
2869 3120 2916 3175 si
2948 3122 3062 3177 haec
3104 3122 3178 3176 ita
3242 3133 3448 3190 essent,
3499 3140 3596 3179 su-

1976 3224 2339 3279 Ipervacanea
2367 3209 2554 3267 hercle
2587 3211 2728 3268 foret
2769 3213 2972 3269 Christi
3002 3229 3032 3269 e
3075 3214 3230 3270 ccelis
3277 3215 3595 3284 descensio,

2004 3310 2062 3356 ut
2097 3317 2313 3356 onmem
2344 3312 2545 3357 terram
2581 3304 2809 3374 iudicet,
2870 3305 3186 3377 singulique
3242 3322 3469 3362 suorum
3510 3308 3594 3363 fa-

307 3403 534 3447 ctorum
595 3394 1095 3450 remunerationem
1149 3395 1435 3466 accipiant.
1501 3397 1705 3468 Itaque,
1757 3399 1833 3453 mi
1863 3399 2285 3470 ;humanissime
2326 3400 2548 3473 hospes,
2606 3418 2855 3473 quaenam
2902 3409 3082 3474 potest
3127 3404 3354 3461 subesse
3406 3421 3592 3477 causa,

302 3499 369 3545 ut
411 3489 516 3554 vir,
541 3490 594 3544 in
623 3506 731 3561 quo
760 3501 846 3547 est
874 3507 1089 3548 summa
1121 3495 1283 3560 ratio,
1317 3494 1397 3550 sic
1425 3495 1728 3564 loquatur?

385 3585 472 3638 ιε’.
508 3582 860 3654 Βούλομαι·δέ
885 3602 940 3639 τι
973 3585 1072 3640 νῦν
1096 3588 1273 3641 εἰπεῖν
1308 3591 1403 3642 καὶ
1433 3590 1562 3659 περὶ
1599 3592 1699 3661 τῆς
1726 3591 1786 3644 ὲν
1816 3592 1895 3663 τῷ

304 3676 637 3747 παραδείσῳ
693 3678 927 3749 τρυφῆς,
957 3679 1052 3731 καὶ
1104 3682 1204 3751 τῆς
1249 3680 1308 3733 ἑν
1347 3682 1542 3753 ἐκείνῳ
1585 3681 1796 3754 διαίτης
1836 3702 1893 3738 τε

307 3771 419 3824 καὶ
475 3768 657 3834 ζωῆς·
711 3773 779 3843 ῆν
832 3770 899 3842 δὴ
945 3770 1100 3825 θείαν
1155 3773 1253 3841 μὲν
1298 3774 1393 3826 καὶ
1435 3777 1714 3846 μακαρίαν
1756 3773 1896 3832 εἷναί

301 3880 482 3933 φατε,
526 3859 606 3925 οἷς
654 3864 711 3918 δὲ
757 3862 915 3929 αὖθις
959 3865 1171 3935 λέγετε,
1221 3869 1414 3939 πόρρω
1466 3886 1569 3923 που
1620 3871 1896 3942 θειότητος

302 3957 523 4027 ταύτην
574 3960 667 4011 καὶ
722 3961 1127 4032 μακαριότητος
1189 3963 1549 4031 ἀποφαίνετε.
1607 3966 1671 4018 El
1719 3966 1785 4019 σὺ
1839 3966 1895 4018 δὲ

305 4049 537 4121 βούλοιο
584 4053 801 4122 πρῶτον
846 4054 1320 4124 ἀπολογήσασθαι,
1360 4058 1486 4125 περὶ
1525 4049 1601 4111 ὧν
1635 4074 1727 4111 σου
1763 4075 1897 4113 ταυ-

305 4144 445 4214 τηνὶ
477 4146 576 4215 τὴν
606 4144 766 4210 δόξαν
796 4145 1192 4218 διεϐεϐλήκειν,
1226 4148 1457 4217 ἄσμενοί
1500 4167 1595 4203 σου
1646 4151 1898 4219 λέγοντος

304 4238 693 4307 ἀκουσόμεθα.
724 4236 837 4291 Καὶ
891 4238 951 4304 ὃς
990 4240 1095 4310 ἔφη
1122 4256 1138 4271 ³
1188 4240 1328 4294 Ἀλλ’
1386 4243 1488 4296 οὐκ
1543 4244 1789 4313 εὐχερῶς
1833 4244 1900 4297 ἂν

306 4329 500 4399 ἔχοιμι
521 4328 637 4394 νῦν,
667 4331 776 4384 οὐδ’
800 4331 866 4385 ἐκ
899 4331 995 4385 τοῦ
1028 4333 1324 4403 προχείρου
1358 4351 1440 4387 σοι
1472 4335 1571 4406 τὴν
1601 4335 1901 4405 ἀπολογίαν

306 4422 541 4479 διδόναι.
571 4423 719 4494 Πλὴν
754 4422 899 4479 οῦτω
940 4425 1365 4496 παρειλήφαμέν
1411 4442 1472 4478 τε
1522 4430 1616 4480 καὶ
1649 4427 1897 4492 ἐδοξάζο-

313 4531 424 4585 μεν
445 4531 460 4545 ’
488 4516 555 4569 τά
582 4532 665 4569 σοι
692 4514 749 4569 δὲ
775 4515 870 4569 νῦν
892 4517 1164 4588 είρημένα
1186 4518 1331 4588 (οὐδὲ
1359 4517 1469 4588 γὰρ
1500 4519 1781 4590 ψεύσομαί
1808 4527 1896 4589 γε)

2074 3590 2162 3645 15.
2206 3589 2396 3645 Dicam
2425 3606 2570 3647 nunc
2598 3590 2664 3647 de
2693 3592 2928 3662 paradisi
2972 3590 3203 3663 deliciis,
3227 3603 3281 3650 et
3305 3596 3371 3651 de
3405 3598 3593 3652 tradu-

2002 3682 2170 3735 cenda
2208 3682 2279 3736 ibi
2331 3682 2471 3737 vita:
2524 3698 2686 3753 quam
2742 3683 2984 3739 divinam
3035 3687 3329 3755 quidemet
3379 3688 3592 3746 beatam

2001 3788 2122 3847 esse
2151 3774 2359 3835 dicitis,
2399 3776 2491 3828 sed
2558 3776 2875 3845 vestrisipsi
2925 3779 3333 3834 sermonibusa
3389 3782 3595 3836 divini-

2004 3876 2111 3920 tate
2143 3873 2198 3921 et
2258 3866 2518 3921 felicitate
2568 3860 2785 3936 procul'
2816 3867 3007 3922 abesse
3061 3870 3472 3926 demonstratis.
3529 3871 3591 3927 Si

2005 3965 2184 4012 tamen
2212 3958 2357 4011 illam
2392 3968 2539 4012 tuam
2598 3958 2911 4029 opinionem
2944 3967 3069 4013 ante
3122 3959 3416 4016 defendere
3437 3961 3595 4016 volu-

2003 4051 2133 4114 eris,
2154 4061 2206 4105 et
2230 4067 2366 4122 quas
2398 4063 2587 4108 contra
2612 4052 2783 4122 objcci
2813 4053 3267 4121 reprehensiones
3286 4054 3599 4120 inﬁrmare,

2003 4145 2159 4201 valde
2179 4162 2300 4202 sum
2322 4147 2553 4215 cupidus
2572 4154 2624 4201 te
2654 4147 2709 4200 in
2737 4145 3009 4215 ejusmodi
3039 4145 3290 4201 oratione
3311 4145 3589 4201 audiendi.

2004 4239 2270 4302 Atenim,
2319 4239 2617 4308 respondit,
2676 4254 2809 4295 mea:
2859 4240 3134 4310 opinionis
3174 4226 3342 4296 ‘nuuc
3411 4255 3590 4312 neque

2006 4328 2283 4397 perfacilis
2315 4339 2423 4395 est,
2463 4346 2644 4400 neque
2698 4332 2818 4387 sine
2880 4334 3343 4389 commentatione
3386 4335 3594 4405 suscipi

2007 4420 2463 4490 potestdefensio.
2517 4421 2627 4478 Nos
2648 4423 2728 4478 sic
2751 4439 2782 4477 a
2830 4424 3129 4495 majoribus
3151 4425 3481 4496 accepimus,
3512 4428 3595 4483 sic

2008 4510 2524 4582 credidimus:quze
2562 4524 2742 4569 tamen
2766 4524 2821 4569 tu
2850 4516 3059 4581 dixisti,
3104 4530 3267 4573 rectae
3331 4534 3395 4574 ea
3458 4519 3595 4574 rati-

311 4603 418 4658 τοῦ
446 4603 608 4675 ὀρθοῦ
653 4622 743 4675 μοι
777 4605 982 4676 μᾶλλον
1011 4606 1252 4677 ἐχόμενα
1292 4607 1454 4676 λόγου
1494 4609 1636 4680 ἤπερ
1667 4610 1737 4663 τὰ
1764 4610 1897 4681 ἠμέο

2009 4600 2099 4654 oni
2140 4603 2315 4671 magis
2344 4612 2707 4658 consentanea
2728 4605 2985 4661 videntur
3014 4607 3165 4678 (vere
3182 4618 3359 4665 tecum
3387 4611 3594 4682 agam),

313 4712 457 4766 τερα
484 4697 759 4765 φαίνεται.
801 4699 1010 4769 Καιρός
1058 4717 1141 4753 σοι
1194 4699 1377 4754 τοίνυν
1421 4700 1604 4770 λέγειν
1648 4703 1715 4756 τὰ
1758 4702 1900 4756 κατὰ

312 4784 449 4840 νοῦν
478 4790 606 4857 περὶ
642 4789 745 4860 τῆς
781 4789 965 4860 Ἐδέμ.
997 4791 1106 4844 Καὶ
1138 4792 1166 4843 6
1210 4792 1362 4856 παῖς,
1395 4790 1580 4844 λαϐὼν
1627 4791 1902 4846 τούνδόσι-

319 4894 427 4948 μον
457 4878 607 4948 παρὰ
654 4878 747 4932 τοῦ
800 4882 1028 4951 πατρὶς,
1060 4880 1263 4951 βοήσας
1309 4898 1363 4934 τι
1418 4880 1903 4954 βαρϐαρικώτερον

226 4994 237 5003 ·
314 4970 418 5022 καὶ
471 4969 825 5043 θρασύτερον,
868 4971 1011 5042 ἔφη*
1051 4974 1127 5027 Ού
1181 4972 1245 5025 σύ
1300 4990 1363 5041 γε
1411 4974 1626 5043 φθάσας
1670 4974 1904 5046 εἴρηκας

319 5064 463 5134 πρὸς
517 5065 688 5135 ἡμᾶς,
733 5063 824 5117 τὸν
874 5064 1009 5117 Θεὸν
1058 5062 1128 5118 δι’
1174 5063 1491 5135 ἀγαθότητα
1541 5065 1712 5136 μόνην
1751 5066 1905 5134 δεδη-

322 5160 728 5230 μιουργηκὲναι
776 5158 843 5212 τὰ.
889 5158 1221 5228 σύμπαντας
1259 5158 1376 5213 Νῦν
1416 5158 1460 5211 δ’
1509 5158 1693 5230 ὑμνῶν
1737 5159 1903 5214 αὐτοῦ

315 5253 426 5322 τὴν
475 5251 850 5320 δικαιοσύνην,
872 5250 969 5319 τὴν
1005 5251 1322 5319 ἁγαθότητα
1372 5250 1733 5320 σεσιώπηκας
1759 5269 1771 5282 ·
1808 5254 1836 5305 6
1860 5252 1904 5306 δ’

317 5346 422 5414 οὐχ
467 5340 631 5415 ἦττον
677 5342 881 5411 ἁγαθός
921 5344 1073 5396 ἐστιν
1123 5342 1268 5413 ἥπερ
1318 5341 1547 5407 δίκαιος.
1590 5341 1651 5396 El
1700 5341 1795 5397 οὖν
1840 5342 1905 5415 δὴ

318 5438 495 5491 σῶσαι
525 5437 735 5518 πέντας
769 5435 989 5505 θελήσει
1019 5434 1089 5488 δι’
1120 5434 1187 5506 ἣν
1215 5435 1308 5488 καὶ
1335 5434 1547 5498 πάντας
1573 5434 1903 5508 δεδημιούρ-

314 5544 496 5598 γηκεν
520 5527 860 5596 ἀγαθὸτητα,
901 5526 1206 5588 ὑπεύθυνος
1246 5527 1378 5595 ἡμῖν
1422 5524 1577 5578 ἔσται
1616 5527 1725 5580 τῶν
1754 5527 1905 5597 αύτῴ

317 5620 774 5690 «sapa-{p.6va
810 5618 935 5672 Οὐδ’
982 5617 1320 5682 οὑτινοσοῦν,
1353 5610 1398 5671 ὦ
1426 5618 1555 5697 τᾶν,
1592 5618 1751 5687 ἔφην,
1796 5619 1906 5671 τῶν

313 5708 469 5779 αύτῷ
523 5708 930 5778 πεπραγμένων
985 5708 1290 5771 ὑπεύθυνος
1336 5707 1403 5761 ἂν
1455 5708 1541 5777 εἴη
1589 5708 1760 5772 Θεός’
1795 5711 1905 5761 τίνι

315 5799 431 5869 γὰρ
476 5799 544 5853 ἂν
588 5798 785 5851 ἑαυτοῦ
833 5798 1041 5867 μείζονι
1090 5799 1369 5851 ἀποτίσειε
1405 5797 1599 5864 λόγον;
1644 5797 1906 5868 λαμπρᾶς

322 5888 518 5959 μανίας
544 5887 743 5959 ήδὸξα⁹
774 5888 971 5953 ἀσεϐὲς
996 5888 1054 5942 τὸ
1082 5886 1392 5959 ἐνθύμημα,
1417 5889 1496 5942 Τὰ
1524 5890 1631 5959 γὰρ
1663 5889 1725 5944 δὴ
1755 5889 1906 5959 παρὰ

2004 4708 2167 4763 quam
2208 4709 2327 4763 qua:
2383 4709 2486 4749 nos
2552 4695 2808 4751 dicimus.
2854 4698 3214 4779 Quapropter,
3254 4700 3300 4754 si
3349 4701 3480 4770 quid
3538 4701 3596 4757 in

2005 4784 2190 4838 animo
2228 4782 2397 4838 habes
2430 4784 2496 4838 de
2544 4782 2699 4839 Eden
2746 4786 2952 4851 dicere,
2982 4786 3092 4855 jam
3152 4802 3299 4841 nunc
3354 4788 3592 4855 explica.

2004 4876 2137 4942 Quae
2163 4890 2286 4930 cum
2328 4875 2493 4931 Persa
2522 4875 2772 4943 dixisset,
2814 4877 2959 4933 filius
2987 4877 3131 4947 ejus,
3191 4893 3222 4932 a
3281 4892 3434 4948 patre
3495 4894 3596 4933 ac-

2007 4978 2163 5039 cepta
2195 4968 2455 5038 loquendi
2490 4967 2774 5032 facultate,
2812 4968 3108 5023 barbarum
3138 4969 3305 5039 'quid
3335 4980 3389 5024 et
3420 4970 3596 5024 auda-

2006 5062 2125 5117 cius
2161 5062 2424 5128 clamans,
2456 5060 2648 5117 Nonne
2675 5070 2758 5128 tu,
2791 5062 2990 5130 inquit,
3051 5062 3211 5116 nobis
3248 5071 3407 5118 antea
3452 5063 3598 5117 disi-

2007 5153 2099 5217 sti,
2139 5154 2209 5208 ob
2257 5153 2429 5209 solam
2490 5155 2791 5209 bonitatem
2845 5153 3012 5206 Deum
3068 5153 3249 5208 omnia
3315 5155 3598 5209 creasse?

2005 5244 2163 5299 Nunc
2193 5262 2321 5301 vero
2352 5246 2622 5301 celebrata
2649 5246 3028 5315 illiusjustitia
3060 5247 3126 5302 de
3175 5247 3420 5304 bonitate
3438 5249 3599 5302 silui-

2007 5336 2120 5391 sti:
2153 5337 2249 5391 sed
2306 5336 2396 5390 hic
2427 5353 2539 5392 non
2585 5338 2765 5392 minus
2807 5337 2987 5393 bonus
3044 5347 3128 5394 est
3168 5354 3333 5409 quam
3387 5338 3596 5409 justus.

2006 5429 2188 5496 Quare
2236 5428 2281 5483 si
2346 5427 2417 5483 ob
2475 5444 2615 5494 eam,
2661 5445 2946 5499 perquam
3008 5445 3199 5485 omnes
3248 5432 3473 5492 creavit,
3501 5432 3599 5485 bo-

2007 5520 2233 5574 nitatem
2270 5561 2285 5585 ,
2315 5534 2506 5573 omnes
2532 5522 2695 5573 etiam
2729 5536 2948 5576 servare
2989 5518 3242 5583 voluerit,
3266 5534 3333 5573 an
3394 5518 3597 5574 idcirco

2010 5611 2301 5665 reddendis
2332 5611 2596 5665 factorum
2652 5626 2875 5665 suorum
2930 5611 3235 5667 rationibus
3281 5610 3385 5665 erit
3426 5610 3601 5663 obno-

2007 5704 2172 5759 xius?
2209 5704 2292 5758 Dii
2336 5704 2585 5769 meliora,
2616 5704 2864 5783 inquam,
2919 5704 3234 5759 adolescens
3264 5719 3279 5755 :
3308 5700 3441 5755 nulli
3475 5716 3599 5755 om-

2010 5798 2141 5851 nino
2182 5798 2233 5849 in
2273 5797 2540 5851 factorum
2572 5812 2796 5851 suorum
2853 5796 3162 5850 rationibus
3183 5792 3477 5847 reddendis
3497 5794 3599 5847 ob-

2010 5890 2209 5946 noxius
2240 5905 2361 5948 esse
2398 5898 2575 5961 potest
2598 5890 2739 5945 Deus
2776 5908 2789 5945 :
2826 5884 3043 5944 cuin’am
3113 5888 3257 5942 enim
3291 5901 3349 5942 sc
3398 5884 3593 5956 majori
