4080 6614
459 345 560 413 167

1659 333 2062 400 MANUELIS
2087 331 2543 396 PALIEOLOGI

3619 320 3724 384 163

456 465 728 519 rationem
794 453 1094 512 redderet?
1160 451 1360 508 lnsana
1420 451 1736 522 hujusmodi
1805 449 2031 520 opinio:

2163 446 2275 502 iam":
2307 445 2452 502 καλά
2478 461 2540 498 τε
2573 443 2750 496 πάντα
2779 441 2874 495 καὶ
2904 438 3108 510 ἀγαθά.
3141 436 3508 509 Πειρωμένοις
3536 437 3727 504 μέντοι

457 555 636 625 impia.
663 551 940 623 cogitatio.
984 547 1120 602 Nam
1179 561 1300 617 quae
1381 561 1409 599 a
1457 543 1569 600 Deo
1592 543 2035 613 proﬁciscuntur,

456 648 685 718 pulchra
710 654 842 700 sunt
875 643 1059 696 omnia
1082 651 1133 695 et
1158 641 1320 694 bona.
1340 639 1440 705 Qui
1477 653 1658 692 autem
1682 634 2038 690 nihilominus

459 713 528 793 de
559 739 744 808 aliquo
775 753 838 791 ex
894 735 1067 804 ipsius
1095 733 1253 788 factis
1315 742 1582 800 qumrere.
1629 713 1954 799 investigare
1985 734 2044 778 es

458 830 643 884 dicere
665 837 958 890 conantur,
991 826 1094 880 hoc
1125 826 1276 892 justa
1329 823 1537 876 ratione
1569 831 1627 876 ut
1648 822 1848 876 faciant
1881 836 2042 890 Opor-

461 929 558 985 tet,
594 935 695 975 nec
726 920 776 973 id
820 919 892 972 illi
929 918 1251 977 attribuere.
1296 915 1439 984 quod
1471 931 1537 968 ne
1567 913 1773 967 homini
1818 914 2038 981 quidem

463 1014 638 1081 probo
669 1012 1011 1065 conveniret.
1047 1009 1315 1074 Quoniam
1376 1008 1538 1075 igitur
1563 1006 1616 1061 id
1647 1007 1794 1076 quod
1831 1006 2043 1060 dixistis

467 1108 560 1161 Dei
624 1106 852 1176 justitiae
922 1118 1226 1174 repugnare
1299 1102 1730 1156 demonstratum
1785 1109 1889 1164 est,
1936 1116 2041 1154 non

466 1211 632 1267 recte,
660 1199 876 1268 Opinor,
919 1196 1214 1260 dit-eretur,
1274 1192 1465 1257 Deum,
1524 1202 1710 1262 utpote
1751 1192 2043 1263 benignum

466 1306 595 1360 erga
647 1289 915 1351 homines,
969 1286 1235 1353 ejusmodi
1275 1301 1359 1339 res
1418 1286 1598 1339 facere
1635 1284 1856 1338 debere.
1888 1282 2044 1336 Nulla

468 1399 532 1437 ex
577 1392 730 1452 parte
762 1380 902 1434 cnim
932 1379 1158 1446 iustitia:
1180 1378 1503 1431 adversatur
1533 1376 1654 1447 ejus
1717 1377 2044 1446 benignitas.

468 1473 582 1528 lloc
613 1471 707 1526 tibi
741 1470 906 1527 simul
955 1484 1021 1526 ac
1048 1471 1186 1539 patri
1242 1483 1560 1537 persuasum
1585 1482 1720 1523 esse
1759 1466 2045 1536 opinabar,

468 1567 535 1622 ad
571 1567 788 1635 aliaque
821 1577 1044 1634 pergere
1093 1561 1388 1616 volebam:
1442 1571 1494 1614 tu
1553 1569 1736 1615 autem
1787 1559 2046 1629 quoniam

465 1669 655 1714 contra
689 1670 774 1710 me
804 1653 1113 1719 surrexisti,
1177 1653 1381 1722 aliquid
1405 1667 1569 1722 supra
1620 1652 1782 1706 dictis
1839 1650 2048 1704 adden-

2143 541 2346 609 λέγειν,
2396 539 2491 593 καὶ
2543 537 2750 606 ζητεῖν.
2803 535 2898 587 καὶ
2954 533 3182 604 ὲρευνᾷν
3235 529 3362 602 περί
3409 545 3560 590 τινος
3612 528 3732 581 τῶν

2144 634 2293 704 αὐτῷ
2313 632 2740 703 πεπραγμένων,
2759 629 2837 699 τῷ
2865 627 3174 697 γιγνομένῳ
3195 625 3271 697 (l)
3293 626 3376 678 δεῖ
3393 623 3554 678 τοῦτο
3577 623 3733 694 λόγῳ

2146 728 2342 790 ποιεῖν,
2383 723 2480 777 καὶ
2527 723 2603 794 μὴ
2655 722 2984 788 περιάπτειν
3023 717 3238 788 ἐκείνῳ,
3294 716 3330 770 ἃ
3372 717 3496 786 μηδ’
3527 717 3594 770 ἂν
3631 716 3735 769 ἀν-

2147 817 2353 888 θρώπῳ
2393 814 2618 885 χρηστῷ
2647 811 2948 883 προσῆκεν.
2977 811 3109 863 Ὅτε
3149 809 3328 862 τοίνυν
3357 805 3629 860 δέδεικται
3670 807 3738 858 τὸ

2149 907 2240 975 ὑφ’
2271 906 2428 976 ὑμῶν
2457 907 2748 976 εἰρημένον
2800 906 2868 972 τῇ
2898 901 2996 955 τοῦ
3031 901 3168 955 Θεοῦ
3199 899 3520 971 δικαιοσύνῃ
3561 899 3738 967 μαχό-

2152 1017 2337 1072 μενον,
2372 1001 2473 1052 οὐκ
2521 997 2764 1065 εὔλογον,
2811 993 2994 1065 οἶμαι,
3048 995 3244 1058 είπεῖν,
3296 993 3371 1055 ὼς
3415 993 3524 1045 ἔδει
3571 991 3740 1044 τοῦτο

2153 1094 2358 1164 πρᾶξαι
2384 1092 2476 1145 τὸν
2513 1091 2670 1155 Θεὸν,
2697 1091 2792 1143 ᾰτε
2823 1090 2890 1158 δὴ
2929 1087 3316 1157 φιλάνθρωπον
3341 1085 3491 1138 ὄντα.
3512 1085 3592 1152 Τῇ
3622 1084 3742 1150 γὰρ

2153 1186 2365 1239 ἐκείνου
2395 1182 2719 1255 δικαιοσύνῃ
2752 1179 3051 1250 οὐδαμόθεν
3081 1177 3398 1255 ἀντιπίπτεὶ
3440 1176 3502 1228 τὸ
3544 1175 3745 1242 φιλόιν⁶

2154 1281 2373 1348 θρωπον
2407 1276 2504 1347 (2).
2556 1274 2699 1344 Ἐγὼ
2736 1275 2833 1343 μέν
2866 1273 2958 1327 οὖν
2993 1271 3157 1343 ᾤμην
3185 1267 3484 1324 πεπεῖσθαί
3525 1285 3581 1326 σε
3613 1267 3742 1333 ἅμα

2151 1370 2231 1440 τῷ
2273 1371 2468 1439 πατρὶ,
2500 1369 2597 1421 καὶ
2628 1366 2931 1437 ἐϐουλόμην
2970 1365 3171 1434 χωρεῖν
3211 1363 3300 1414 ἐπ’
3327 1360 3500 1415 ἀλλα·
3553 1359 3649 1412 σοῦ
3694 1359 3742 1410 δ’

2155 1464 2596 1535 ἐπιπηδήσαντος
2645 1462 2760 1524 τοῖς
2808 1460 2987 1529 ἐμοῖς,
3021 1459 3137 1511 δεῖν
3185 1455 3374 1527 ᾠήθην
3416 1452 3747 1523 προσθεῖναι

2156 1559 2274 1620 τοῖς
2303 1555 2646 1627 εἰρημένοις,
2681 1553 2778 1607 καὶ
2809 1552 2980 1618 δεῖξαι
3026 1546 3469 1620 κολασθήσεσθαι
3506 1545 3748 1614 μέλλον-

2158 1664 2258 1710 τας
2287 1647 2386 1700 καὶ
2423 1645 2552 1708 τοὺς
2590 1647 2649 1699 ἐν
2689 1646 2754 1715 τῇ
2790 1641 3061 1713 κρείττονι
3105 1639 3289 1692 πίστει
3326 1640 3427 1708 τῆς
3469 1636 3594 1690 όδοῦ
3639 1635 3745 1690 τοῦ

467 1749 598 1804 dum
651 1764 775 1804 esse
807 1747 1068 1811 arbitror,
1116 1743 1739 1814 tlemonstmndumque,
1766 1759 1862 1798 eos
1885 1745 2049 1798 etiam

2163 1741 2327 1808 νόμον
2361 1737 2857 1808 παρατραπέντας·
2891 1730 3124 1794 πολλοὺς
3153 1730 3212 1784 δὲ
3241 1730 3274 1798 ἢ
3308 1728 3548 1798 ὀλίγους,
3580 1727 3750 1781 οὐδὲν

467 1843 560 1914 qui
601 1843 653 1894 in
685 1840 910 1893 meliore
953 1809 1221 1907 religione
1262 1809 1713 1890 deﬂexissent-de
1770 1835 1909 1905 legis
1939 1834 2050 1898 via,

2163 1835 2296 1904 πρὸς
2347 1833 2408 1886 es
2452 1830 2789 1902 ζητούμενον
2837 1827 3114 1896 διαφέρει.
3151 1823 3358 1878 Τούτου
3403 1817 3750 1892 γὰρ,οἷμαι,

468 1933 720 2004 punitum
755 1931 817 1984 iri
853 1947 866 1985 :
898 1929 990 1998 qui
1022 1937 1206 1982 utrum
1261 1927 1416 1981 multi
1452 1942 1521 1980 an
1549 1927 1708 1996 pauci
1741 1927 1872 1987 sint,
1921 1925 2056 1980 nihil

2163 1927 2492 1998 δειχθέντος,
2520 1924 2751 1996 μάταιος
2781 1923 2817 1994 ἠ
2843 1923 2954 1976 τῶν
2977 1917 3186 1990 τριχῶν
3227 1915 3397 1988 ἀρετὴ
3422 1915 3514 1971 τοῦ
3541 1931 3750 1985 σεμνοο

467 2024 535 2079 ad
578 2038 714 2077 rctu.
743 2019 858 2076 Hoc
877 2022 1019 2074 enim
1053 2018 1222 2074 semel
1278 2018 1678 2082 demonstrato,
1719 2016 1927 2070 inutilis
1953 2016 2058 2070 erit

2163 2018 2322 2074 τάτου
2352 2014 2623 2087 Μιοάμεθ.

467 2113 792 2183 capillorum
871 2111 1048 2163 virtus
1117 2107 1412 2164 Moamethi
1470 2122 1660 2164 sancte
1731 2106 2056 2162 venerandi.

541 2205 628 2260 l6.
664 2202 942 2274 Sapientia
1002 2211 1232 2273 praestas
1262 2211 1343 2269 tu,
1405 2215 1734 2272 eorumque,
1791 2201 1882 2270 qui
1916 2199 2056 2271 juris

467 2295 684 2350 dicendi
737 2301 1009 2363 potestate
1061 2294 1302 2348 decorati
1356 2301 1511 2360 sunt,
1566 2293 1771 2348 nemini
1827 2293 2059 2348 fortasse

468 2388 674 2458 primas
696 2387 954 2441 concedis
987 2404 1001 2441 :
1040 2387 1092 2440 id
1116 2402 1146 2440 a
1178 2397 1331 2456 patre
1362 2387 1695 2441 audivimus.
1715 2385 1776 2441 Si
1803 2387 1929 2457 quis
1959 2386 2058 2456 igi-

469 2489 563 2534 tur
579 2478 789 2549 peccati
813 2478 1094 2534 conVictus
1127 2477 1314 2542 fuerit,
1344 2479 1452 2545 dic,
1475 2493 1684 2548 quaso,
1713 2493 1844 2532 num
1864 2492 2056 2548 poenas

380 2619 384 2621 ,
468 2568 673 2638 repetis
707 2568 943 2624 abillo?
993 2567 1108 2640 Ego
1167 2584 1298 2624 vero
1342 2581 1552 2641 repeto,
1613 2571 1812 2640 inquit.
1848 2568 1911 2622 Et
1949 2570 2056 2624 Deo

468 2670 705 2730 gratum,
733 2669 1028 2731 sancteque
1054 2677 1175 2717 esse
1215 2660 1414 2716 factum
1447 2672 1627 2733 putas,
1671 2677 1844 2717 necne
1865 2661 1892 2716 Ἰ
1925 2663 2053 2728 Qui,

469 2769 684 2824 quaeso,
745 2753 1002 2820 facerem,
1059 2753 1361 2823 respondit,
1405 2755 1511 2829 nisi
1566 2753 1925 2825 intelligerem
1981 2755 2056 2809 ita

469 2850 632 2902 esse?
663 2844 1009 2913 Rectissime,
1049 2846 1268 2916 inquam
1302 2865 1316 2901 :
1347 2859 1400 2900 et
1424 2848 1602 2917 ipsum
1627 2847 1848 2917 quidem
1885 2847 2054 2902 Deum

469 2939 580 3009 jam
615 2938 670 2992 in
695 2935 799 2991 hac
829 2940 940 2992 vita
988 2939 1296 3008 complures
1348 2939 1595 2994 videmus
1653 2940 1850 3009 punire
1881 2955 1948 2994 ex
1989 2940 2056 2996 iis

473 3029 568 3099 qui
605 3028 658 3082 in
690 3029 867 3098 ipsum
896 3029 1153 3092 credunt,
1173 3029 1219 3083 si
1257 3031 1439 3084 minus
1469 3028 1535 3084 ad
1571 3030 1692 3103 ejus
1717 3031 2050 3084 voluntatem

2231 2195 2328 2262 ις’.
2355 2196 2526 2267 Σοφδς
2573 2190 2626 2248 εἴ
2659 2196 2757 2260 σὺ,
2788 2193 2886 2249 καὶ
2947 2194 3056 2248 τῶν
3101 2194 3195 2246 ἐπὶ¹
3237 2191 3298 2246 τὸ
3342 2191 3586 2255 δικάζειν
3650 2206 3751 2244 σε-

2165 2289 2521 2359 μνυνομένων
2561 2287 2738 2342 οὐδενί
2785 2304 2889 2340 που
2935 2287 3045 2339 τῶν
3077 2285 3364 2358 πρωτείων
3396 2285 3528 2346 ῐσως
3560 2300 3752 2350 παρα-

2158 2383 2389 2455 χωρῶν
2421 2381 2580 2435 τοῦτο
2613 2380 2768 2451 παρὰ
2815 2380 2909 2434 τοῦ
2954 2379 3162 2449 πατρὸς
3217 2377 3560 2446 ἀκηκόαμεν.
3590 2377 3752 2444 Λαμο

2159 2476 2343 2540 δάνεις
2374 2472 2468 2530 οὖν
2497 2474 2678 2544 δίκην,
2700 2473 2767 2544 ἢν
2791 2473 3125 2544 ἁμαρτάνων
3172 2489 3254 2535 τις
3295 2469 3562 2542 ἐλεγχθῇς
3593 2470 3754 2524 Πάνυ

2157 2587 2246 2640 γε,
2274 2556 2429 2641 φησί.
2472 2569 2584 2622 Καὶ
2625 2565 2876 2636 θεοφιλὲς
2909 2562 3051 2620 εἶναι
3095 2564 3340 2632 νομίζεις
3383 2563 3477 2617 καὶ
3511 2564 3678 2628 ὅσιον,
3709 2561 3748 2632 ἢ

2158 2659 2252 2727 οὓς
2304 2661 2428 2724 Πῶς
2480 2661 2592 2731 γὰρ
2641 2659 2708 2713 ἂν
2746 2659 2895 2712 τουτὶ
2942 2657 3349 2728 κατέπραττον,
3382 2655 3512 2726 ἔφη,
3561 2656 3608 2707 εί
3667 2653 3749 2724 μὴ

2157 2753 2403 2807 τοιοῦτον
2428 2750 2731 2820 ἐγίνωσκον
2757 2767 2772 2818 ;
2811 2749 3017 2820 Ὀρθῶς
3043 2749 3245 2818 λέγεις,
3279 2743 3434 2801 εῐτον
3456 2764 3472 2780 ο
3509 2747 3604 2800 καὶ
3633 2745 3749 2816 γὰρ

2160 2847 2256 2901 καὶ
2285 2848 2313 2900 ὸ
2343 2844 2475 2908 Θεδς
2510 2843 2674 2906 αὐτὸς
2710 2843 2942 2907 πολλοὺς
2994 2842 3236 2896 ἐνταῦθα
3281 2843 3536 2913 φαίνεται
3570 2858 3751 2907 τιμω-

2161 2937 2430 3009 ρούμενος
2473 2937 2583 2990 τῶν
2619 2937 2700 2994 είς
2747 2937 2914 2989 αὐτὸν
2955 2934 3346 3001 πιστευόντων,
3389 2933 3464 3004 μὴ
3503 2934 3644 2988 κατά
3682 2933 3752 2984 τὸ

2159 3030 2310 3102 αὐτῷ
2339 3027 2531 3084 δοκοῦν
2567 3028 3088 3099 πεπολιτευμένους.
3115 3029 3186 3082 ’Ἦ
3221 3028 3319 3097 οὐχ
3355 3025 3569 3092 οὓτως;
3601 3024 3749 3078 Ἀλλ’
3835 3039 3838 3042 ’

471 3121 734 3176 vixerint.
762 3121 843 3175 An
873 3120 1072 3176 nonita
1131 3121 1259 3176 est?
1295 3115 1394 3177 Est
1441 3136 1592 3186 vero,
1637 3122 1838 3192 inquit.
1883 3121 2051 3188 Adeo,

2163 3121 2516 3192 οὖτως,ἐφη.
2554 3121 2706 3176 Ὢσθ⁹
2753 3122 2900 3176 ὅσιόν
2953 3139 3009 3176 τι
3061 3122 3346 3194 πράττεις,
3405 3116 3560 3174 εἷπον
3612 3119 3748 3187 ἐγὼ,

474 3214 728 3285 inquam,
763 3224 818 3266 ut
872 3212 954 3267 vel
988 3214 1076 3282 pie
1102 3222 1156 3268 et
1205 3221 1463 3268 sanetete
1511 3227 1694 3283 geras,
1743 3222 2058 3283 peccatores

2163 3213 2582 3286 τιμωρούμενος
2625 3216 2755 3271 τοὺς
2799 3215 3318 3284 ἐξαμαρτάνονταςς
3361 3214 3459 3277 Τίς
3504 3214 3604 3267 ούκ
3638 3213 3750 3267 οἶδε

476 3307 711 3378 puniens
737 3305 762 3359 τ
792 3304 884 3358 Ille
905 3343 922 3370 ,
955 3304 1111 3371 Quis,
1136 3319 1344 3375 quaeso,
1395 3306 1508 3360 haec
1555 3321 1663 3361 non
1723 3309 1825 3362 scit
1856 3307 1879 3360 ?
1905 3305 2065 3371 Quac-

477 3415 602 3456 nam
635 3409 719 3454 cst
747 3399 937 3468 igitttr,
989 3398 1236 3467 hiquam,
1298 3407 1390 3452 tua
1452 3399 2062 3455 consuetudo‘lUtrum

477 3493 526 3548 si
565 3491 659 3561 qui
687 3499 1054 3560 peccaverunt
1077 3489 1217 3544 alios
1256 3483 1469 3558 plectis,
1516 3491 1661 3546 etab
1703 3491 1827 3547 aliis
1877 3506 2066 3562 poenas

479 3599 588 3640 non
640 3582 863 3639 sumis!
917 3597 986 3637 an
1044 3596 1235 3637 omnes
1283 3582 1486 3652 injuria
1529 3583 1752 3640 aﬂ'ectos
1803 3584 2067 3650 vindicas,

477 3684 532 3730 et
567 3674 772 3744 injuste
804 3672 1092 3741 agentibus
1132 3686 1436 3742 congruum
1477 3671 1812 3743 supplicium.
1856 3672 2068 3729 infers?

478 3767 776 3836 Atjustam
803 3763 1215 3836 legitimamque
1243 3763 1310 3818 de
1335 3763 1594 3819 omnibus
1649 3763 1875 3818 omnino
1944 3780 2068 3818 sen-

480 3860 705 3914 te’ntiam
751 3857 896 3912 ferre
928 3865 978 3912 te
1025 3872 1351 3928 semperque
1407 3857 1645 3912 laturum
1704 3871 1828 3911 esse
1886 3857 2067 3928 palam

481 3949 722 4016 est,nisi
759 3949 896 4004 forte
919 3949 1134 4003 velisut
1167 3964 1526 4018 personarum
1575 3961 1828 4019 acceptor
1878 3951 1931 4005 in
1979 3952 2070 4017 jus

483 4043 692 4096 vocari.
720 4040 900 4106 Quare
941 4039 1217 4108 quomodo
1242 4040 1429 4108 justus
1458 4040 1563 4093 erit
1621 4037 1786 4104 Deus,
1814 4041 1860 4095 si
1928 4041 2070 4097 alios

482 4133 706 4201 quidem
729 4132 782 4185 in
819 4133 920 4184 hac
962 4130 1067 4184 vita
1121 4131 1302 4198 punit,
1326 4129 1395 4183 de
1448 4130 1572 4183 aliis
1635 4145 1814 4197 neque
1875 4131 1930 4186 in
1966 4133 2072 4189 hoc

483 4223 743 4292 nequein
799 4223 892 4276 illo
946 4222 1146 4275 sacculo
1198 4236 1386 4291 poenas
1453 4221 1664 4276 sumit?
1720 4223 1882 4292 idque
1943 4241 2069 4280 cum

482 4313 753 4382 aqualem
789 4319 848 4366 tu
884 4313 1066 4382 teipse
1093 4313 1346 4368 Omnibus
1391 4313 1654 4369 exhibeas
1683 4329 1698 4367 :
1757 4315 1910 4381 item,
1945 4332 2069 4371 cum

483 4412 778 4470 constet,a
819 4404 1005 4458 multis
1054 4404 1167 4474 jus,
1217 4414 1272 4458 et
1337 4404 1532 4472 legem,
1575 4414 1628 4460 ct
1688 4404 1802 4474 ipsa
1860 4419 2071 4464 naturae

2164 3306 2366 3372 ταῦτας
2398 3306 2553 3375 φησί.
2587 3305 2653 3358 Τί
2679 3305 2756 3369 δὲ,
2784 3306 2944 3378 ἔφην,
2965 3308 3226 3378 πράττων
3253 3307 3557 3372 διατελεῖς;
3585 3307 3752 3370 ἐνίοις

2168 3400 2270 3472 μὲν
2321 3400 2590 3472 ἐπεξέρχῃ
2641 3399 2752 3453 τῶν
2815 3401 3168 3466 ἀδικούντων,
3224 3401 3376 3472 παρά
3430 3401 3488 3454 δέ
3534 3400 3646 3453 τῶν
3687 3401 3749 3453 οὐ

2166 3493 2465 3565 λαμϐάνεις
2524 3495 2712 3565 δίκην;
2757 3494 2790 3563 ἢ
2844 3497 2960 3556 τοῖς
3015 3496 3115 3564 μὲν
3169 3495 3523 3565 ἠδικημένοις
3581 3494 3754 3547 πᾶσιν

2168 3587 2418 3659 ἀμύνεις,
2443 3590 2555 3652 τοῖς
2588 3589 2644 3641 δὲ
2679 3589 2864 3661 ἀδικίᾳ
2907 3588 3116 3652 συζῶσι
3144 3588 3484 3658 κατάλληλον
3518 3587 3754 3652 ἐπάγεις

2169 3679 2232 3733 τὸ
2271 3681 2530 3750 τίμημα;
2562 3682 2732 3749 Δῆλον
2782 3681 2864 3734 ὃτι
2912 3682 3078 3735 πᾶσιν
3107 3681 3236 3751 ἐξῆς
3273 3680 3372 3751 τὴν
3420 3679 3754 3748 γιγνομένην

2170 3772 2349 3842 ψῆφον
2398 3773 2672 3844 ἐκφέρεις,
2704 3775 2801 3826 καὶ
2849 3773 3082 3838 ἐξοίσεις
3124 3790 3186 3840 γε
3238 3775 3350 3839 ἀεὶ,
3385 3772 3499 3840 είγε
3534 3772 3756 3843 μέλλεις

2175 3864 2438 3935 μηδαμῶς
2467 3848 2941 3938 προσωπολήπέου
2984 3865 3204 3936 γραφὴν
3244 3866 3594 3919 ἀποίσεσθαι.
3631 3864 3756 3925 Πῶς

2171 3953 2268 4007 οὖν
2304 3953 2512 4019 δίκαιος
2566 3958 2594 4007 ὁ
2641 3955 2795 4021 Θεὸς,
2839 3957 2889 4008 εί
2936 3957 3062 4020 τοὺς
3115 3956 3212 4024 μὲν
3265 3955 3457 4008 ἐνθάδε
3506 3954 3754 4020 κυλάζει,

2175 4046 2330 4114 παρά
2357 4045 2412 4097 δε
2440 4049 2546 4100 τῶν
2579 4047 2702 4116 μήτ’
2730 4047 2968 4102 ἐνταῦθα
2996 4047 3125 4119 μήτ’
3158 4050 3274 4102 ἐκεῖ
3298 4048 3454 4117 δὲκην
3484 4046 3717 4116 λήψεται
3740 4065 3756 4112 ;

2174 4137 2269 4189 καὶ
2294 4137 2485 4200 ταῦτα,
2517 4138 2610 4191 σοῦ
2639 4155 2702 4206 γε
2735 4139 2932 4193 σαυτὸν
2967 4140 3302 4210 παρέχοντος
3336 4140 3542 4192 ἆπασιν
3595 4141 3711 4191 ίσον
3739 4154 3754 4168 ο

2173 4221 2319 4297 ἦπου
2348 4244 2410 4294 γε
2445 4228 2674 4293 πολλοὺς
2721 4232 2881 4302 ῐσμεν
2911 4230 3002 4283 ἐπὶ
3050 4229 3305 4283 τοσοῦτον
3352 4228 3756 4297 ὀλιγωροῦντας

2173 4319 2269 4372 τοῦ
2315 4319 2546 4388 δικαίου,
2595 4322 2692 4376 καὶ
2742 4323 2838 4376 τοῦ
2883 4323 3073 4392 νόμου,
3099 4321 3194 4375 καὶ
3235 4321 3342 4374 τῶν
3389 4320 3609 4390 θεσμῶν
3653 4321 3753 4390 τῆς

2178 4410 2419 4480 φύσεως.
2474 4413 2551 4477 ὡς
2604 4414 2694 4469 διὰ
2749 4413 3066 4478 πλεονεξίαν
3130 4413 3332 4483 πολλὴν
3397 4411 3602 4466 Μυσῶν
3656 4413 3756 4480 μὲν

487 4503 757 4566 praecepta
786 4496 920 4549 adeo
945 4495 1243 4558 contemni.
1285 4503 1344 4550 ut
1375 4497 1447 4550 oh
1473 4496 1750 4551 ardentem
1779 4499 2058 4557 avaritiam

2174 4502 2326 4556 λείαν
2378 4503 2455 4576 (5)
2508 4507 2576 4559 τὰ
2642 4509 3016 4577 προστυχόντα
3071 4507 3367 4571 ποιεῖσθαι,
3433 4506 3638 4576 θηρίων
3699 4503 3756 4556 δέ

486 4587 645 4641 obvia
680 4601 912 4657 quzeque
963 4585 1186 4656 impune
1216 4587 1496 4656 diripiant,
1523 4586 1866 4661 ferinamque
1909 4596 2064 4664 quasi

489 4687 711 4750 propter
747 4693 903 4734 suam
926 4695 1055 4749 erga
1087 4679 1385 4733 humanum
1418 4694 1588 4750 genus
1613 4681 2065 4742 inhumanitatem

491 4771 655 4825 vitam
698 4770 902 4834 vivant,
937 4781 1103 4839 utque
1142 4770 1209 4827 ad
1237 4781 1576 4827 monstrosas
1618 4789 1790 4844 usque
1815 4777 2070 4837 libidines

489 4878 682 4916 eorum
731 4861 940 4915 malitia
995 4860 1343 4926 extendatur,
1392 4863 1651 4932 quoniam
1700 4862 2070 4938 veluptatihus

489 4955 878 5021 omuinojsuut
939 4951 1105 5007 dediti
1165 4962 1218 5007 et
1261 4954 1426 5009 veluti
1483 4956 1666 5014 allixi:
1727 4964 1820 5034 qui
1887 4974 2069 5021 tamen

490 5046 671 5100 nullas
697 5053 862 5099 tant-.c
899 5044 1272 5113 perversitatis
1305 5061 1493 5116 pmuas
1526 5051 1796 5110 dederint.
1834 5055 1899 5112 Et
1924 5057 2070 5128 quod

491 5141 582 5196 hic
604 5149 767 5210 caput
793 5149 895 5203 est,
927 5140 1002 5194 illi
1043 5140 1141 5210 ipsi
1182 5143 1429 5199 homines
1475 5146 1527 5199 in
1560 5144 1736 5204 beatis
1777 5149 1936 5220 vulgo
1978 5149 2076 5204 ha-

492 5233 613 5298 biti,
643 5243 883 5287 extrema
908 5243 1189 5290 senectute
1216 5237 1269 5290 in
1315 5252 1446 5306 pace
1485 5255 1809 5312 summoque
1864 5243 2075 5296 honore

490 5334 600 5379 v.ta
636 5336 1010 5393 excesserunt,
1059 5327 1378 5401 alienasque
1403 5345 1623 5402 .operas
1678 5349 1922 5406 opesque
1958 5335 2075 5390 suis

563 5508 639 5580 (l)
683 5502 739 5580 l._
773 5522 826 5562 e.
880 5510 1054 5577 justo,
1085 5520 1251 5575 recta,
1323 5513 1674 5570 convenienti.
1719 5514 1816 5571 Est
1861 5515 2064 5571 locutio

489 5578 1026 5652 noStrofatniliaris.
1053 5584 1194 5637 sicut
1224 5583 1338 5648 illa,
1378 5585 1497 5646 πῶς
1552 5585 1678 5652 οίει,
1729 5596 1783 5641 et
1840 5589 2065 5642 verbum

489 5651 835 5731 ἀποφαίνειν,
869 5651 990 5708 Vid.
1021 5654 1184 5722 paulo
1216 5663 1341 5725 post
1371 5654 1469 5710 lin.
1502 5656 1594 5722 56,
1628 5651 1730 5730 τὴν
1769 5657 2073 5731 γινομένην

487 5723 669 5795 ﬁt?”
688 5722 764 5795 ἐκ
779 5723 976 5795 θέρειςο

565 5793 640 5864 t2)
673 5793 1007 5851 CoufJiufra
1049 5796 1155 5851 col.
1196 5794 1288 5850 171
1331 5796 1396 5850 Α.

2179 4595 2293 4666 βίον
2330 4597 2429 4668 ζῇν
2467 4602 2532 4670 τῇ
2570 4599 2707 4669 πρδς
2733 4597 2796 4652 τὸ
2829 4600 2989 4666 γένος
3020 4599 3408 4673 ἀπανθρωπίᾳ,
3447 4599 3757 4654 ἐπεκτείνε-

2176 4687 2303 4741 σθαι
2347 4690 2426 4758 (4)
2479 4689 2536 4743 δέ
2582 4706 2699 4751 πως
2744 4689 2958 4753 τούτοις
3005 4691 3074 4742 τὰ
3109 4690 3211 4758 τῆς
3259 4691 3459 4752 κακίας
3501 4689 3630 4758 ἀχρι
3668 4689 3757 4740 καὶ

2175 4779 2284 4832 τῶν
2312 4780 2620 4835 ἀλλοκότων
2651 4781 3073 4852 ἀσελγημάτων,
3108 4782 3186 4853 τῷ
3216 4785 3334 4846 ταῖς
3365 4781 3582 4852 ἡδοναῖς
3617 4796 3754 4831 παν-

2143 4877 2380 4957 ,τάπασι
2411 4873 2820 4944 προσηλῶσθαι,
2849 4874 2942 4927 καὶ
2970 4874 3244 4944 μηδεμίαν
3265 4871 3570 4932 δεδωκότας
3601 4871 3757 4942 δίκην

2177 4969 2278 5038 τῆς
2328 4966 2666 5038 τηλικαύτης
2717 4970 3108 5041 παρατροπῆς.
3149 4969 3262 5021 Καὶ
3305 4967 3366 5021 τὸ
3418 4965 3760 5036 ὑπερϐάλλον

2175 5058 2444 5124 ἐνταῦθα,
2465 5059 2546 5111 ὅτι
2575 5059 2670 5111 καὶ
2712 5059 3150 5128 μακαριζόμενα
3185 5059 3339 5129 παρά
3372 5058 3484 5111 τῶν
3519 5055 3757 5120 πολλῶν,

2176 5154 2237 5206 ἐν
2261 5151 2410 5223 γήρᾳ
2443 5169 2503 5204 τε
2535 5153 2679 5206 πάνυ
2710 5150 2887 5221 βαθεῖ,
2924 5155 3017 5206 καὶ
3053 5155 3112 5204 ἐν
3145 5154 3360 5224 εἰρήνῃ,
3398 5151 3489 5203 καὶ
3521 5151 3580 5201 ἐν
3625 5151 3760 5218 τιμῇ

2178 5243 2272 5297 τοῦ
2307 5244 2436 5314 τῇδε
2481 5246 2598 5315 βίου
2657 5246 3024 5316 μετέστησαν,
3065 5246 3260 5307 πόνους
3295 5241 3614 5314 ἀλλοτρίους
3669 5243 3762 5296 καὶ

2178 5335 2490 5407 θησαυροὺς
2536 5339 2650 5399 τοῖς
2685 5337 2894 5390 ἑαυτῶν
2943 5337 3341 5401 καταλιπόντες
3384 5336 3541 5390 παισί
3570 5350 3587 5368 ο
3639 5333 3762 5387 τού-

3487 5421 3522 5450 δ

2249 5516 2327 5589 ('5)
2357 5515 2530 5572 Codd.
2569 5516 2732 5571 ambo
2789 5516 2932 5572 λίαν.
2965 5515 3100 5589 Cod.
3157 5515 3384 5589 Coislin.
3423 5517 3607 5586 μισεῖν
3661 5517 3761 5588 μὲν

2179 5587 2330 5712 λίίαιν,⁸
2363 5600 2422 5641 ιιι
2448 5590 2519 5642 sit
2550 5601 2784 5643 sensus:
2819 5597 2878 5640 ut
2923 5588 3164 5657 vulgares
3205 5587 3389 5656 culpas
3438 5587 3761 5642 conmittere

2186 5675 2215 5713 ο
2255 5667 2416 5711 ertnt.
2809 5665 2814 5670 ’

2277 5732 2354 5799 (ιθ)
2392 5728 2529 5784 Cod.
2562 5727 2734 5784 Coisl.
2757 5727 3204 5784 ἀπεκτείνεσθαι.
