4060 6586
282 426 399 488 173

1074 430 1477 492 TllEODURI
1505 404 1869 493 esseom
1904 426 2297 488 LAUDA'I‘IO
2354 427 2766 488 FUNEBRIS.

3454 416 3557 482 174

271 520 349 607 ἣν
382 539 479 590 τὴν
528 538 772 608 Χριστὸν
810 538 1005 609 κριτὴν
1053 536 1218 604 εἶναι.
1269 546 1365 599 καὶ⁸
1415 544 1634 615 ἀληθῶς
1678 542 1873 615 ὀνομά-

1980 536 2141 607 judex
2171 553 2315 599 esse,
2343 553 2578 605 vereque
2617 534 2903 606 appellari.
2926 534 3005 588 Ad
3037 532 3150 589 haec
3183 547 3306 588 cum
3330 531 3560 588 sderent

275 630 501 694 (εσθαι.
538 631 659 686 Τῶν
683 630 868 685 τοίνυν
890 632 1026 685 νέων
1056 634 1154 687 ἐπὶ
1193 634 1371 705 τούτῳ
1405 636 1566 706 σιγὴν
1597 637 1864 702 ἀγόντων,

277 723 396 793 ἔφη
429 724 459 776 ὁ
492 723 699 794 γέρωνο

358 814 437 871 κ’.
485 816 892 886 ’Δποδεδεῖχθαί
951 835 1043 888 μοι
1100 819 1262 873 τοῦτο
1300 821 1483 873 δοκεῖ·
1515 819 1643 888 λέγε
1687 820 1871 874 τοίνυν

275 908 353 962 τὰ
389 907 475 960 σοὶ
515 908 776 963 δοκοῦντα
828 911 960 978 περί
988 928 1047 964 τε
1098 911 1192 965 τοῦ
1243 913 1609 983 παραδείσου,
1640 914 1734 968 καὶ
1772 915 1869 982 τῆς

278 1002 345 1054 ιν
400 999 552 1071 αὐτῷ
607 1004 994 1067 καταστάσεως
1040 1004 1138 1058 καὶ
1176 1006 1410 1077 τρυφῆς.
1445 1008 1667 1070 Πάντως
1703 1007 1781 1073 δὲ,
1821 1008 1869 1060 εί

289 1096 394 1165 μὲν
428 1096 591 1167 ὀρθοῦ
626 1114 707 1151 σοι
743 1099 901 1167 λόγου
948 1100 1017 1153 τὰ
1047 1103 1294 1177 ἡμέτερα
1321 1104 1559 1174 ἐχόμενα
1590 1107 1866 1172 φαίνεται,

280 1191 390 1243 (rh:
432 1191 498 1243 ἂν
534 1192 764 1260 μακρῶν
786 1194 927 1246 δέοιο
962 1194 1170 1261 λόγων·
1210 1197 1390 1259 ἄλλως
1421 1199 1479 1250 δέ
1531 1216 1612 1251 σοι
1645 1198 1869 1252 δοκούν-

285 1299 423 1345 των,
460 1284 535 1353 μὴ
577 1274 762 1352 φείδου
794 1287 1078 1356 ῥημάτων,
1113 1288 1236 1359 μηδ’
1264 1290 1616 1358 ὑπολογίσαιο
1651 1291 1870 1357 πόνους,

281 1374 427 1427 ἔνθα
477 1376 843 1444 προσδόκιμός
889 1381 1006 1431 ἐστι
1062 1381 1273 1448 καρπὸς
1325 1382 1611 1451 ἀληθείας,
1646 1382 1706 1435 ὃν
1757 1380 1870 1436 οἶδε

281 1471 485 1538 φέρειν
528 1470 762 1536 διάλεξις
813 1472 1032 1544 καθαρά
1077 1475 1413 1541 φιλονεικίας
1448 1477 1687 1544 ἀπάσης.
1728 1479 1871 1530 'A‘A‘A'

277 1564 460 1630 ⁴ἡμεῖς
519 1580 600 1616 σοι
660 1563 823 1627 ξένοι,
876 1566 973 1617 xui.
1029 1568 1181 1635 παρά
1221 1585 1305 1621 σοι
1351 1570 1525 1638 καλὴν
1573 1571 1872 1640 εὑρηκότες

283 1655 586 1723 ὑποδοχὴν,
623 1659 719 1709 καὶ
760 1658 990 1726 γνώμην
1032 1662 1130 1730 τὴν
1166 1662 1362 1730 αὐτὴν,
1400 1664 1495 1714 καὶ
1545 1665 1711 1733 τιμὴν
1755 1665 1875 1734 (καὶ

277 1746 451 1800 οὐδὲν
475 1747 585 1800 οὐδ’
608 1748 669 1799 ἐν
701 1749 884 1815 λόγοις
914 1752 1028 1803 οὐδ’
1059 1754 1116 1805 ὲν
1145 1753 1329 1823 ἔργοις
1356 1754 1506 1823 ἡμᾶς
1550 1756 1873 1827 παρελύπη-

286 1838 444 1904 σας),
476 1840 557 1891 δεῖ
589 1835 688 1894 οὖν
726 1843 873 1910 ἡμᾶς
915 1845 1027 1906 τοῖς
1061 1844 1219 1908 ἴσοις,
1259 1846 1333 1910 ὼς
1378 1848 1577 1912 ἔνεστι,
1610 1850 1669 1901 σὲ
1701 1851 1867 1903 σπεύ-

280 1932 405 1984 δειν
452 1931 799 2002 ἀμείϐεσθαι.
840 1934 998 2003 Ἐμοὶ
1036 1934 1082 1987 δ’
1115 1938 1365 1990 ὑπονοεῖν
1393 1940 1625 2007 ἔπεισιν,
1653 1942 1730 2006 ὡς
1758 1946 1870 2016 ἄρα

285 2023 353 2077 σέ
408 2040 514 2075 που
565 2025 661 2078 καὶ
699 2025 1025 2080 ἀποκναίσει
1083 2028 1151 2082 τὰ
1210 2030 1341 2100 παρ’
1394 2034 1529 2101 ἐμοῦ
1575 2034 1871 2103 λεγόμενα.

296 2114 491 2177 ’Ᾱνίας
535 2116 798 2186 πλησθεὶς
842 2120 1018 2188 ἐφάνη
1051 2123 1169 2182 τοῖς
1215 2124 1532 2192 εἰρημένοις
1568 2128 1597 2180 ὁ
1631 2130 1868 2198 Πέρσης,

1970 631 2222 700 juvenes,
2254 630 2348 684 illo
2377 631 2539 684 modo
2566 644 2731 684 senex
2758 629 2973 682 locutus
2997 636 3082 681 cst
3112 642 3127 679 :

2046 804 2135 859 20.
2163 806 2609 860 Demonstratum
2632 804 2771 858 mihi
2798 804 3013 858 videtur
3039 814 3140 857 noc
3168 803 3387 872 quidem
3427 820 3441 855 :
3473 803 3563 857 dic

1976 913 2105 967 ergo
2140 898 2325 959 sodes,
2369 897 2498 965 quid
2536 907 2592 950 tu
2628 896 2694 949 de
2720 896 2977 965 paradiso
3016 895 3243 961 sentias,
3276 905 3331 948 et
3375 894 3442 947 de
3475 893 3563 946 fn-

1976 1001 2099 1045 tura
2124 990 2410 1044 hominum
2446 990 2497 1043 iu
2536 990 2631 1042 illo
2667 989 2985 1043 conditione
3013 998 3065 1042 ct
3110 989 3341 1043 deliciis.
3400 988 3558 1054 Quod

1974 1084 2019 1136 si
2057 1092 2615 1138 rectaz'conscntanea
2649 1083 2847 1136 rationi
2875 1092 3062 1135 nostra
3092 1082 3189 1135 tibi
3228 1082 3562 1136 videbuntur

1977 1179 2254 1247 dogmata.
2289 1193 2395 1230 non
2440 1178 2595 1242 longa
2634 1177 2816 1230 hercle
2851 1191 2990 1246 opus
3026 1175 3243 1228 tibicrit
3275 1175 3559 1228 oratione:

1978 1277 2064 1329 sin
2089 1277 2155 1331 de
2188 1278 2272 1330 his
2314 1277 2475 1330 aliter
2511 1276 2606 1330 tibi
2646 1259 2918 1337 videatur,
2953 1276 3134 1328 verbis
3180 1290 3284 1326 non
3345 1285 3560 1342 parcas,

1978 1384 2080 1421 nec
2120 1368 2285 1422 ullam
2321 1356 2569 1422 laborum
2611 1368 2875 1421 rationem
2921 1367 3145 1429 habeas,
3194 1378 3387 1433 nempe
3419 1363 3565 1417 unde

1977 1477 2109 1530 spes
2165 1472 2249 1516 est
2314 1477 2438 1515 eum
2491 1461 2737 1515 veritatis
2784 1459 3024 1513 fructum
3087 1470 3407 1527 perceptum
3472 1457 3561 1514 iri.

1978 1570 2139 1622 quem
2189 1553 2532 1621 colloquium
2567 1567 2595 1605 a
2650 1554 2910 1621 pertinaci
2974 1553 3384 1605 concertatione
3434 1548 3566 1604 libe—

1977 1662 2097 1699 rum
2123 1645 2263 1698 ferre
2288 1653 2491 1715 potest.
2524 1644 2636 1697 Nos
2668 1660 2815 1706 vero,
2852 1645 3105 1713 inquam,
3162 1644 3409 1713 hospites
3459 1643 3559 1703 tui.

1976 1744 2204 1797 liberale
2234 1742 2375 1810 apud
2407 1751 2456 1795 te
2489 1740 2810 1809 hospitium,
2842 1756 3147 1810 paremque
3180 1740 3234 1792 in
3300 1751 3349 1793 te
3393 1740 3564 1792 animi

1978 1837 2272 1890 Candorcm
2313 1846 2365 1890 et
2398 1833 2714 1905 dignitatem
2748 1834 2889 1887 nacti
2915 1833 3037 1902 (nec
3075 1832 3220 1887 enim
3253 1832 3433 1886 verbis
3465 1846 3566 1886 nce

1979 1927 2135 1982 factis
2182 1925 2894 1991 honmilicentinsitractari
2962 1920 3376 1992 potuissemus),
3428 1921 3559 1991 quid

1975 2032 2057 2074 est
2083 2022 2301 2086 hospes,
2337 2033 2506 2085 quare
2538 2032 2643 2069 non
2679 2024 2946 2086 quantum
2976 2015 3253 2084 possimus
3284 2028 3381 2081 par
3443 2009 3563 2082 pari

1978 2117 2199 2169 reddere
2241 2127 2529 2167 conemur.
2565 2109 2671 2163 Sed
2707 2108 2854 2163 enim
2880 2108 3213 2163 submoleste
3255 2104 3392 2159 forte
3426 2105 3569 2157 latu-

288 2206 397 2260 καὶ
426 2206 650 2275 μηνύων
682 2208 761 2279 τῷ
812 2210 1093 2280 προσώπῳ
1125 2215 1225 2282 τὴν
1270 2214 1373 2283 τῆς
1402 2215 1584 2287 ψυχῆς
1628 2197 1873 2275 διάθεσιν

1980 2224 2096 2261 rum
2132 2218 2183 2261 te
2209 2206 2463 2273 suspicor
2494 2217 2672 2259 meum
2722 2200 3132 2256 sermocinandi
3200 2213 3397 2269 genus.
3434 2197 3567 2262 Qua:

288 2298 403 2367 ἔφη
425 2313 439 2327 ·
471 2299 547 2351 Οὐ
590 2298 701 2371 χρὴ
749 2302 991 2356 τοιοῦτον
1036 2307 1286 2360 ὑπονοεῖν
1306 2325 1322 2339 ·
1354 2310 1448 2361 ἐπὶ
1479 2312 1734 2366 τοσοῦτον
1766 2317 1873 2384 γὰρ

1980 2318 2102 2356 cum
2130 2318 2233 2370 ego
2268 2303 2555 2365 dixissem,
2587 2296 3025 2353 contristabatur
3072 2291 3260 2355 Persa,
3303 2292 3568 2361 vultuque

288 2387 444 2458 αὐτῷ
481 2392 553 2443 τὰ
581 2391 682 2460 τῆς
720 2392 1062 2467 εὐφροσύνης
1110 2400 1477 2466 ὲκτείνεσθαι,
1506 2405 1591 2472 ἐφ’
1638 2408 1764 2459 ὅσον
1807 2383 1873 2478 με

1980 2411 2202 2450 sensum
2241 2396 2409 2449 animi
2468 2395 2770 2451 iudicante.
2827 2387 2977 2441 Nihil
3028 2383 3321 2450 ejusmodi,
3366 2383 3563 2451 inquit,

289 2482 398 2551 τῆς
439 2482 701 2555 ἀληθείας
745 2488 1004 2556 ἐχόμενον
1047 2491 1260 2563 καθορᾷ
1286 2511 1300 2524 ·
1341 2493 1422 2546 δεῖ
1451 2495 1515 2565 δὴ
1551 2500 1718 2566 μηδὲν
1748 2502 1873 2553 ὑπο-

1988 2490 2171 2543 vereri
2197 2496 2448 2556 oportet:
2474 2496 2703 2541 eatenus
2743 2478 3189 2538 benevolentiam
3232 2493 3399 2544 .snam
3437 2492 3566 2546 por-

290 2572 656 2643 στειλάμενον
691 2575 894 2644 λέγειν.
932 2579 1043 2632 Καὶ
1085 2582 1193 2652 γάρ
1225 2584 1477 2648 κάκεῖνος
1505 2591 1670 2642 ταυτὸ
1706 2594 1873 2643 ποιεῖν

1986 2584 2112 2654 rigi,
2164 2593 2443 2652 quatenus
2494 2596 2579 2636 me
2638 2580 2853 2635 veritati
2923 2579 3201 2633 adhaerere
3254 2582 3564 2631 cerneret:

289 2661 403 2715 καὶ
439 2664 613 2717 ποιῶν
641 2666 972 2722 διατελέσειν
1001 2670 1409 2742 διαλεγόμενος,
1438 2678 1528 2731 ὅτε
1574 2679 1630 2732 δέ.
1667 2699 1735 2748 με
1782 2685 1873 2735 καὶ

1983 2679 2366 2740 quamobrem,
2402 2676 2601 2746 inquit,
2661 2673 2811 2743 loqui
2875 2673 3011 2727 nihil
3075 2688 3184 2741 pra:
3235 2669 3565 2724 verecundia

288 2753 777 2826 ἐπαγγειλάμενον
819 2761 954 2831 ἔχει,
984 2764 1076 2815 καὶ
1126 2767 1353 2821 ἀπαιτεῖ
1396 2768 1495 2841 τὴν
1532 2774 1873 2844 παρρησίαν.

1985 2768 2443 2844 reticendo._lpse
2477 2769 2640 2821 etiam
2680 2766 2823 2821 idem
2854 2777 2909 2822 et
2938 2766 3120 2821 facere
3152 2779 3210 2819 se
3249 2772 3304 2818 et
3336 2762 3391 2816 in
3424 2762 3567 2817 serie

287 2847 420 2900 ἀλλ’
461 2851 564 2903 οὐκ
618 2851 782 2919 αἰτεῖ,
809 2852 1023 2919 δίκαιος
1072 2855 1139 2911 ἂν
1191 2859 1311 2930 εἴην
1352 2861 1452 2932 (Ι),
1497 2866 1593 2917 καὶ
1613 2842 1785 2930 αὐτὸς
1811 2872 1873 2922 τὰ

1984 2842 2413 2932 disputationum
2448 2875 2664 2929 semper
2707 2860 2980 2914 factorum
3010 2857 3313 2912 afﬁrmabat
3345 2874 3358 2910 :
3407 2871 3570 2910 cum~

290 2941 664 3011 ὑπεσχημένα
702 2945 1014 3014 φυλάττειν,
1052 2951 1149 3003 καὶ
1202 2952 1280 3021 μὴ
1329 2953 1708 3024 δυσχεραίνειν
1743 2962 1873 3029 πρὸς

1988 2975 2093 3025 que
2132 2973 2277 3015 eam.
2312 2971 2476 3024 quam
2535 2956 2614 3010 illi
2671 2970 2826 3009 eram
2884 2954 3180 3023 pollicitus.
3245 2953 3461 3020 plenam
3486 2950 3570 3005 lo-

290 3032 406 3104 τὴν
459 3035 601 3102 μετὰ
645 3036 884 3107 θάρῥους
928 3041 1258 3110 ἀπόκρισιν
1323 3046 1351 3099 δ
1407 3047 1471 3119 δὴ
1528 3051 1651 3103 κατ’
1705 3055 1873 3124 ἀρχὰς

1987 3052 2187 3120 quendi
2239 3051 2543 3106 libertatem
2588 3062 2696 3102 non
2735 3056 2943 3117 peteret
2997 3054 3237 3107 tantum,
3296 3053 3569 3113 quantum

291 3127 695 3215 ἐπαγγείλαντι
740 3130 936 3185 δώσειν
975 3134 1137 3197 αὐτὸς
1178 3137 1521 3210 ὑπεσχόμην.
1555 3146 1769 3197 Οὐκοῦν
1812 3165 1873 3215 γε

1989 3145 2228 3200 vicissim
2294 3152 2587 3214 repeteret,
2611 3158 2829 3211 aequum
2861 3154 2985 3196 esse
3013 3139 3277 3205 intellexi,
3313 3154 3399 3192 me
3429 3151 3570 3208 quo-

289 3212 460 3269 εῐπον
504 3218 597 3271 καὶ
626 3220 789 3273 αὑτὸν
834 3222 1025 3292 πράως
1054 3225 1274 3280 ἀκούειν
1298 3228 1485 3285 λοιπόν
1508 3250 1523 3264 ο
1558 3235 1619 3288 οὐ
1657 3236 1765 3306 γὰρ
1814 3212 1873 3295 iv‘

1985 3254 2092 3308 que
2122 3237 2393 3307 promissa
2419 3250 2662 3299 servare,
2700 3249 2802 3289 nec
2854 3234 3082 3288 moleste
3136 3230 3281 3287 ferre
3334 3232 3568 3285 liberum

292 3307 572 3375 ἐξελέγξω
618 3313 697 3373 είς
732 3313 954 3381 ἀγῶνας
1003 3319 1244 3386 ἐμαυτὸν
1278 3322 1500 3393 καθῆκα
1531 3325 1677 3396 ἄλλῳ
1714 3346 1884 3398 προσ-

290 3401 540 3469 ήκοντας
571 3407 833 3474 σχήματι,
852 3407 967 3459 ἀλλ’
994 3409 1142 3474 ὅπως
1173 3429 1255 3465 σοι
1283 3415 1486 3470 τελέσω
1516 3418 1576 3471 τὸ
1608 3419 1879 3490 βούλημα·

289 3491 388 3543 ὅτι
430 3493 542 3545 ’καί
599 3512 684 3558 τις
742 3497 1029 3554 ὑποσαίνει
1086 3504 1196 3558 τῶν
1254 3512 1637 3579 χρηστοτὲρων
1702 3514 1880 3575 ἐλπίς.

295 3584 477 3636 Ὅθεν
528 3587 751 3641 πάντων
806 3591 996 3647 εῖνεκα
1042 3596 1153 3650 οὐδ’
1201 3599 1514 3655 οὑτινοσοῦν
1557 3603 1621 3656 ἂν
1653 3607 1773 3677 εἴην
1803 3609 1883 3661 δὶ-

289 3693 461 3739 καιος
512 3680 829 3747 φείσασθαι,
859 3685 1071 3757 ὅσαπερ
1123 3690 1259 3760 πρὸς
1309 3691 1466 3746 τοῦτο
1509 3697 1698 3764 φέρειν
1744 3699 1881 3752 ὑπο.

288 3768 591 3837 λαμϐάνω.
624 3772 844 3837 Δίκαια,
882 3778 1083 3843 πάντες
1124 3782 1355 3850 ἔφασαν,
1397 3784 1577 3854 λέγεις
1603 3804 1616 3819 '
1654 3792 1746 3843 καί
1785 3809 1880 3845 σου

286 3861 561 3931 δεόμεθα,
595 3867 851 3939 καθάπερ
884 3870 1306 3944 ἔφης,ποιῆσαι.
1354 3878 1621 3935 Ἐνταῦθα
1655 3885 1754 3952 μὲν
1785 3881 1880 3938 οὖν

292 3953 415 4023 πρὸ
460 3954 642 4027 δείλης
688 3958 831 4030 ἑῴας
852 3964 922 4016 τὰ
954 3963 1056 4034 τῆς
1096 3966 1358 4039 δευτέρας
1408 3972 1543 4042 ἡμῖν
1592 3974 1883 4043 διαλέξεως

291 4046 680 4118 ἐτελεύτησεν.

292 4154 363 4196 ιιι
401 4144 621 4213 quidem
658 4150 828 4215 istud.
876 4154 1130 4224 inquiunt
1162 4173 1352 4216 omnes

1984 3347 2309 3400 responsum
2349 3349 2362 3384 :
2391 3329 2665 3399 quodjam
2690 3329 2742 3381 in
2777 3327 3211 3396 priueipio.cum
3228 3339 3288 3380 se
3306 3325 3566 3379 daturum

1984 3423 2212 3488 diceret,
2249 3422 2681 3493 spoponderam.
2715 3419 3187 3488 Deincepsigitur,
3219 3418 3468 3488 inquam,
3510 3425 3568 3470 tu

1987 3528 2203 3584 quoque
2231 3513 2460 3579 benigne
2500 3526 2585 3564 me
2605 3511 2797 3566 audies
2824 3529 2840 3565 :
2876 3526 2977 3585 nec
3005 3510 3150 3565 enim
3186 3518 3243 3563 ut
3273 3509 3572 3577 redargue-

1986 3620 2100 3659 rem
2131 3616 2180 3657 te
2203 3603 2462 3659 descendi
2493 3603 2547 3657 in
2584 3602 2687 3657 hoc
2716 3611 3017 3667 certamen,
3052 3600 3391 3656 conveniens
3424 3600 3570 3654 alius

1988 3712 2230 3767 personae
2260 3699 2425 3769 paulo
2464 3696 2702 3751 fortasse
2735 3696 2910 3765 magis
2944 3702 3107 3764 quam
3135 3694 3267 3746 mihi
3319 3709 3334 3746 :
3382 3704 3438 3746 at
3475 3690 3570 3744 de-

1986 3792 2173 3846 scendi
2205 3800 2494 3845 utmorem
2526 3789 2621 3844 tibi
2664 3803 2909 3858 gererem
2935 3806 2948 3842 :
2972 3796 3027 3841 et
3064 3794 3327 3856 praeterea
3381 3787 3569 3841 nescio

1985 3899 2108 3955 qua:
2142 3885 2474 3953 optimarum
2526 3896 2706 3935 rerum
2733 3896 2860 3952 spes
2896 3881 3029 3934 mihi
3064 3879 3329 3949 injicitur.
3357 3877 3569 3943 Quibus

1985 3978 2242 4035 omnibus
2285 3978 2349 4030 de
2392 3976 2578 4031 causis
2616 3964 2728 4030 non
2776 3975 2972 4034 attinet
3026 3972 3121 4037 ulli
3188 3972 3266 4028 rei
3304 3978 3566 4043 ,‘parcere,

1992 4085 2157 4142 quam
2183 4070 2249 4125 ad
2275 4070 2378 4125 hoc
2406 4068 2661 4133 conferre
2712 4084 2877 4141 posse
2926 4068 3186 4123 arbitror.
3239 4065 3572 4121 Rectissime

1404 4180 1419 4216 :
1476 4164 1823 4237 petimusque
1856 4181 1988 4237 ate,
2048 4180 2108 4225 ut
2154 4168 2301 4250 qu‘od
2354 4168 2634 4237 pollicitus
2686 4182 2767 4232 es,
2816 4173 3193 4235 repraesentes.
3258 4164 3392 4229 Quae
3440 4178 3569 4218 cum

292 4246 494 4293 essent
520 4240 685 4304 dicta.
706 4257 833 4301 ante
865 4252 1194 4306 matutinum
1228 4257 1612 4323 crepusculum
1642 4265 1918 4320 secundus
1943 4264 2193 4334 dialogus
2220 4240 2303 4319 sic
2325 4263 2623 4319 conclusus
2649 4270 2754 4318 est.

380 4444 724 4536 gLVidetur
748 4450 834 4505 hic
873 4451 1032 4523 ἔστιν,
1079 4453 1200 4509 sive
1267 4457 1407 4527 πρὸς
1482 4460 1727 4531 ἐμαυτὸν
1800 4462 1873 4515 ὲλι

1980 4464 2161 4536 τάμην,
2220 4466 2338 4520 sive
2402 4465 2510 4521 tale
2559 4463 2788 4532 aliquid,
2850 4465 2919 4518 ab
2975 4464 3181 4519 lectore
3231 4461 3569 4534 subintelligi

295 4516 524 4572 debere.

1604 4925 2277 5072 MONITUM

1901 5173 1986 5215 AD

550 5354 961 5420 MANUELIS
1024 5358 1511 5421 PALIEOLOGI
1545 5359 1625 5420 ΙΝ
1657 5358 2053 5420 FRATREM
2106 5360 2320 5422 SUUM
2369 5363 2854 5425 ORATIONEM
2877 5364 3329 5429 FUNEBREM.

1475 5507 1767 5569 (Canens.
1830 5510 1973 5559 Auct.
2043 5508 2170 5562 Bibl.
2239 5512 2394 5573 PP.)

370 5779 830 5839 Luculentissima
860 5782 1132 5845 oratione,
1171 5796 1293 5857 cum
1331 5798 1484 5838 suam
1507 5783 1807 5856 fratrisque
1829 5788 2086 5858 pietatem
2117 5784 2855 5855 egregietestalant,meliori
2885 5803 3001 5843 aevo
3031 5804 3096 5843 ac
3120 5789 3335 5844 fortuna
3366 5790 3569 5861 dignus

293 5870 626 5939 imperator,
650 5864 803 5933 facit,
833 5868 1066 5937 ejusque
1093 5867 1230 5921 alias
1256 5868 1486 5923 virtutes
1504 5872 1771 5940 celebrat,
1798 5883 1912 5929 tum
1936 5874 2242 5930 occidentis
2277 5875 2331 5927 in
2349 5874 2569 5930 Oriente
2595 5873 2831 5930 Romani
2865 5876 3101 5946 imperii,
3119 5877 3469 5950 Orientisque
3493 5895 3560 5937 ac
