4060 6610
2838 337 2849 362 1
2887 347 2911 368 1

604 387 707 452 175
1785 390 2174 451 MANUELIS

2248 390 2647 452 amemur
2838 344 2911 368 ”
3183 344 3224 419 ί
3324 359 3392 403 τ’
3762 397 3851 461 πε

595 502 797 558 mirum
836 511 1108 572 quantum
1140 502 1513 573 promoveatis
1547 502 1849 565 Osmanici,
1881 502 2119 572 speciem
2155 504 2433 572 proponit.
2470 504 2637 558 Plura
2686 497 2943 558 edisserit
2970 516 3036 558 ex
3065 502 3267 572 quibus
3315 503 3602 573 politicus
3627 503 3852 573 imperio

595 601 875 656 regnoque
908 589 1084 656 possit
1104 588 1409 652 consulere,
1435 588 1615 656 eique,
1643 601 1672 640 a
1697 586 1995 642 Christiani
2028 587 2269 642 nominis
2298 592 2575 645 commmii
2603 594 2792 645 eodem
2827 591 3004 653 hoste,
3052 604 3168 659 quo
3202 591 3465 647 deletum
3500 600 3592 647 est
3654 590 3852 646 Orien-

597 675 705 729 tale
734 673 1047 743 imperium,
1069 675 1154 729 vel
1184 676 1342 728 modo
1376 688 1595 735 cavere.
1627 688 1750 728 cum
1776 675 1820 728 is
1852 675 2137 728 bellumin
2166 673 2512 735 Christianos
2543 673 2932 736 instauratum,
2965 674 3123 727 novis
3160 674 3271 739 jam
3310 674 3611 739 victoriis,
3674 689 3739 728 ac
3788 680 3851 727 ab

592 773 740 811 anno
771 757 963 821 altero,
999 756 1283 810 celebrare
1313 756 1499 824 ctepit.
1529 753 1751 822 Fecere,
1779 770 1903 810 cum
1937 755 2252 810 Graecorum
2274 758 2564 813 discordiae
2591 770 2811 823 nultum,
2839 769 3115 827 tantzeque
3142 759 3342 825 illaz;de
3370 775 3603 814 summa
3641 758 3848 829 imperii

592 832 1050 907 concertationes,
1092 830 1206 897 tum
1239 843 1596 912 dynastarum
1636 842 1899 907 aliorum,
1937 843 2130 898 iisdem
2170 857 2237 896 ac
2264 842 2369 897 sibi
2418 852 2609 896 mutuo
2644 843 2785 897 haud
2815 841 2951 896 satis
2979 842 3468 905 convenientium,
3502 844 3649 895 mala
3678 844 3848 897 studia

594 936 652 979 ut
681 942 746 980 ne
784 925 1014 978 aliorum
1044 925 1349 991 neglectum
1381 923 1584 987 dicam,
1620 924 1765 977 haud
1795 926 2105 994 putantium
2132 927 2384 996 ipsorum
2408 945 2519 984 rem
2556 930 2665 997 agi,
2700 945 2826 985 cum
2859 930 3080 983 arderet
3105 928 3404 995 proximus
3440 929 3655 994 paries,
3686 942 3743 981 ut
3777 932 3851 983 sic

591 1013 791 1067 nostris
810 1013 1003 1067 accisis
1028 1012 1211 1074 rebus,
1235 1017 1531 1080 coactaque
1561 1012 1613 1064 in
1636 1028 1766 1068 easa
1794 1015 2036 1084 ngustias
2057 1014 2363 1070 Christiana
2391 1013 2688 1081 republica,
2709 1009 3055 1065 formidabile
3080 1009 3215 1063 adeo
3247 1010 3567 1079 imperium
3599 1011 3849 1063 inmundi

593 1108 776 1165 partes
798 1110 992 1150 omnes
1021 1095 1193 1149 bestia
1225 1095 1516 1162 proferret,
1547 1109 1609 1148 ac
1640 1106 1750 1149 tam
1782 1098 1969 1152 multis
1999 1099 2297 1168 provinciis
2320 1100 2617 1156 Christiani
2644 1098 2860 1167 imperii
2889 1098 3076 1152 lumen
3106 1096 3533 1166 exstingueret.
3560 1096 3615 1165 0Γ
3641 1098 3841 1151 utinam

592 1184 678 1239 vel
708 1199 831 1239 sero
868 1183 1110 1247 tandem,
1139 1180 1351 1237 funesta
1385 1183 1522 1237 adeo
1556 1182 1757 1253 imago,
1781 1192 2044 1241 terrorem
2079 1176 2240 1258 quem
2267 1194 2350 1240 est
2381 1194 2531 1247 nata,
2557 1183 2762 1236 nostris
2812 1181 3112 1251 imprimat,
3155 1182 3526 1249 multamque
3557 1179 3734 1242 illam,
3762 1180 3849 1232 Sed

593 1268 890 1322 tardiorem
916 1266 970 1319 in
1005 1266 1216 1318 hostem
1252 1264 1499 1318 nonnihil
1528 1266 1795 1321 hactenus
1828 1271 2208 1338 remotiorem,
2240 1288 2431 1328 eorum
2462 1272 2720 1326 virtutem
2752 1267 3045 1338 provocet!
3087 1267 3199 1322 lloc
3231 1268 3359 1330 tibi,
3397 1266 3623 1331 Gallia,
3675 1265 3842 1319 Ludo.

593 1355 698 1409 vici
734 1351 873 1408 Justi
900 1367 964 1407 ac
996 1351 1262 1406 Adeodati
1298 1352 1377 1404 tui
1406 1353 1912 1426 auspiciis,glorize
1944 1361 2112 1414 tantis
2135 1359 2396 1417 cumulis,
2432 1365 2703 1422 tantaque
2731 1351 2948 1420 imperii
3008 1352 3336 1418 prolatione,
3408 1350 3616 1404 divina
3672 1350 3845 1404 virtus

590 1438 931 1508 pugnaverit,
964 1444 1293 1505 pugnetque,
1326 1448 1435 1502 quo
1460 1435 1575 1502 ipsa
1608 1437 1828 1502 iterum,
1857 1439 1911 1495 in
1943 1442 2189 1509 ejusdem
2225 1462 2289 1502 ac
2338 1443 2641 1499 Christiani
2669 1440 2905 1495 nominis
2938 1440 3119 1495 hostes
3154 1440 3297 1503 illos,
3335 1448 3436 1491 tua
3468 1437 3564 1491 illa
3610 1437 3843 1491 victricia

589 1527 766 1596 signa,
796 1522 1025 1578 inferas.
1062 1518 1134 1577 Ut
1165 1522 1268 1576 sub
1296 1521 1564 1584 Mauuele.
1601 1538 1668 1578 ac
1700 1540 1766 1579 eo
1791 1528 1891 1582 abs
1918 1540 1972 1584 te
1994 1542 2227 1602 rogante
2273 1529 2564 1590 auxilium,
2595 1527 2676 1582 sic
2711 1525 3017 1588 habuisses,
3051 1536 3255 1592 parque
3290 1521 3437 1574 illud
3476 1529 3638 1575 tuum
3667 1537 3697 1573 a
3746 1521 3848 1574 beo

587 1612 839 1665 datorum
862 1621 925 1661 ac
946 1615 1395 1661 conservatorum
1420 1605 1673 1673 fratrum,
1702 1607 1781 1662 utl
1806 1611 1967 1666 modo
1987 1614 2086 1669 tibi
2118 1620 2494 1686 praemisisset,
2530 1616 2754 1670 haberet
2784 1614 2927 1668 forte
2957 1628 3087 1668 suos
3126 1613 3309 1665 adhuc
3343 1610 3577 1665 Graecia
3613 1610 3842 1680 impera.

589 1705 757 1757 tores,
792 1694 1042 1760 lunaeque
1069 1692 1162 1744 illa
1191 1705 1423 1755 cornua,
1460 1692 1649 1747 bestiae
1676 1694 1935 1753 domitrix
1959 1706 2345 1764 contrivisses.
2390 1702 2552 1758 Nunc
2581 1700 2767 1769 itaque
2809 1696 2993 1751 fauste
3043 1703 3317 1761 conteras,
3351 1693 3687 1763 majorique
3737 1694 3846 1765 glo-

594 1781 672 1834 ria
704 1779 980 1833 instantes
1013 1773 1314 1843 deperdita,
1346 1790 1509 1845 quam
1543 1791 1670 1832 eras
1695 1781 2035 1849 sospiralura
2069 1788 2337 1845 hactenus
2374 1788 2609 1855 integra.

664 1860 837 1929 llujus
863 1860 916 1912 in
946 1856 1327 1927 Pe10ponneso
1357 1874 1386 1911 a
1417 1857 1661 1914 Manuele
1690 1860 1889 1919 habita:
1914 1865 2162 1925 funebris
2188 1869 2480 1932 orationis,
2508 1865 2599 1920 ubi
2625 1863 2694 1918 ad
2742 1860 3179 1925 confirmandum
3249 1856 3563 1913 Theodoro
3626 1855 3835 1924 juniori

589 1946 876 2018 imperium
905 1957 936 1997 a
962 1942 1191 1997 decessu
1235 1942 1412 2010 patrui
1449 1956 1515 1997 eo
1544 1948 1933 2012 concessisset,
1963 1951 2017 2004 in
2043 1939 2160 2007 h'aec
2193 1952 2358 2006 verba
2388 1945 2640 2003 meminit
2698 1942 2971 1998 Laonicns
2995 1940 3253 1996 Historia:
3305 1938 3568 1993 Turcicw
3623 1938 3722 1993 lib.
3748 1950 3798 1991 tv
3825 1953 3838 1990 :

601 2030 887 2094 Ἐπάνειμι
916 2024 1007 2076 ἐπὶ
1047 2023 1347 2093 Θεόδωρον,
1382 2022 1475 2077 τὸν
1511 2024 1782 2094 βασιλέως
1810 2031 1997 2096 παῖδα,
2056 2034 2305 2104 ἡγεμόνα
2330 2032 2590 2099 Σπάρτης
2636 2041 2698 2077 τε
2739 2026 2960 2094 καὶτῆς
2983 2023 3150 2091 ἄλλης
3183 2021 3638 2092 Πελοποννήσου,
3672 2017 3839 2081 δςύπὸ

588 2110 870 2181 Θεοδώρου
904 2107 999 2161 τοῦ
1028 2106 1284 2178 πατρώου
1319 2109 1664 2180 ἑξετρέφετο,
1691 2110 1808 2181 ἅμα
1855 2114 1951 2166 καὶ
1980 2103 2300 2185 ἑπάιδεύθη.
2333 2110 2561 2168 Μετὰδὲ
2583 2110 2778 2172 ταῦτα,
2821 2106 3152 2176 κατελείφθη
3186 2107 3241 2169 ἐς
3268 2108 3375 2177 τὴν
3432 2105 3625 2176 ἀρχὴν
3684 2103 3835 2158 αὐτοῦ

589 2194 831 2268 ἡγεμών.
867 2191 955 2255 Ἐς
980 2191 1140 2243 τοῦτο
1172 2191 1230 2244 δὲ
1264 2192 1597 2261 ἀφικόμενος
1619 2193 1646 2245 ὁ
1681 2196 1868 2266 πατὴρ
1899 2197 2063 2251 αὐτοῦ
2112 2196 2466 2269 Ἐμμανουὴλ
2489 2197 2517 2249 ὁ
2557 2193 2853 2257 Βυζαντίου
2896 2190 3175 2261 βασιλεὺς,
3208 2191 3301 2244 τόν
3339 2207 3407 2244 τε
3448 2190 3631 2243 παῖδα
3690 2185 3833 2241 καοίο

590 2272 692 2351 ατη
731 2276 921 2348 ἔφητὴν
951 2277 1148 2346 ἀρχὴν,
1172 2275 1264 2329 καὶ
1283 2275 1375 2328 ἐπὶ
1409 2274 1484 2345 τῷ
1507 2276 1723 2345 ἀδελφῷ
1754 2278 1854 2347 ἤδη
1873 2281 2286 2353 τετελευτηκότι
2327 2283 2488 2349 λόγον
2524 2279 2835 2346 ἐπιτήδειον
2890 2273 3274 2344 ὲξετραγῴδει,
3327 2272 3567 2339 διεξιὼν
3623 2272 3721 2325 ἐπὶ
3762 2269 3834 2340 τῷ

550 2405 561 2413 ,
586 2366 741 2433 τάφῳ
768 2359 956 2427 αὑτοῦ,
986 2359 1470 2430 ἀπολοφυρόμενός
1500 2377 1556 2412 τε
1583 2359 1701 2430 ἆμοι
1725 2362 1818 2416 τὸν
1864 2364 2153 2433 ἐπιτήδεια

2227 2363 2427 2432 νδελφόν
2448 2375 2465 2392 σ
2500 2360 2671 2414 Porro
2706 2361 2860 2413 redeo
2892 2359 2962 2411 ad
2996 2355 3335 2410 Theodorum
3365 2354 3725 2424 imperatoris
3774 2353 3830 2421 ﬁ-

587 2452 738 2514 lium,
777 2447 986 2513 Sparta:
1011 2461 1073 2497 ac
1105 2445 1319 2512 reliquae
1369 2441 1717 2513 Peloponnesi
1742 2446 2052 2515 principem,
2107 2448 2196 2517 qui
2228 2464 2260 2499 a
2299 2445 2567 2499 Theodoro
2596 2434 2787 2513 patruo
2819 2442 3096 2503 educatus,
3122 2458 3182 2494 ac
3212 2442 3518 2508 disciplinis
3544 2441 3828 2501 institutus,

585 2534 697 2601 ejus
739 2540 921 2600 postea
975 2528 1241 2581 demortui
1261 2525 1627 2593 principatum
1660 2528 1881 2593 accepit.
1914 2526 2031 2590 Qua
2056 2530 2121 2582 de
2142 2546 2195 2584 re
2229 2529 2546 2582 Emmanuel
2565 2536 2719 2595 pater
2734 2525 3063 2596 Byzantinus
3087 2531 3377 2594 imperator
3406 2525 3829 2593 Peloponnesum

584 2615 797 2669 ueniens
829 2627 947 2664 cum
970 2609 1146 2679 ﬁlium
1177 2609 1413 2677 prtrfecit
1438 2608 1741 2677 provincire,
1773 2610 2136 2678 egregiamque
2155 2628 2310 2679 super
2333 2612 2497 2679 fratre
2521 2610 2636 2678 iam
2663 2607 2910 2676 defuncto
2940 2610 3227 2662 orationem
3257 2607 3545 2676 funebrem
3576 2605 3828 2660 declama—

586 2698 678 2761 rit,
730 2710 847 2748 eam
879 2695 1106 2747 recitem
1133 2694 1201 2745 ad
1233 2693 1347 2761 ejus
1372 2691 1693 2759 sepulcrum,
1724 2690 2047 2758 fratremque
2072 2708 2136 2744 ac
2159 2694 2512 2745 necessarium
2543 2692 2747 2761 lugens.
2772 2691 2934 2745 Plura
2963 2691 3191 2745 subinde
3239 2691 3305 2745 de
3332 2704 3530 2744 ucstro
3554 2703 3620 2743 ac
3644 2685 3828 2743 seniori

588 2775 890 2830 Theodoro
922 2774 1256 2842 perstringit,
1298 2788 1365 2826 ne
1398 2772 1525 2826 vitia
1558 2773 1777 2841 quidem
1809 2773 2185 2837 dissimulans,
2220 2777 2416 2843 quibus
2442 2777 2533 2830 ille
2565 2791 2671 2832 non
2709 2776 2934 2829 omnino
2978 2778 3176 2829 caruit.
3224 2773 3403 2829 Habet
3445 2785 3697 2829 creatum
3741 2772 3822 2825 de-

588 2867 798 2927 spotani
816 2872 880 2912 ac
906 2859 1095 2912 ducem
1121 2854 1505 2925 Peloponnesi,
1531 2868 1656 2908 cum
1675 2854 1786 2921 jam
1813 2854 1905 2907 lilii
1923 2854 2287 2914 Cantacuzcni
2312 2863 2576 2917 obiissent
2596 2864 2653 2914 ὲν
2684 2862 2937 2934 Σπάρτῃ,
2958 2861 3165 2931 Sparta:
3198 2877 3216 2916 :
3244 2867 3389 2931 quod
3419 2863 3702 2931 interpres
3728 2873 3825 2910 ωει-

589 2948 641 3000 le
666 2946 872 3002 omisit.
899 2945 1111 3000 Monuel
1149 2945 1383 2999 alterum
1407 2953 1640 3005 tantum,
1666 2955 1721 2996 et
1743 2944 1838 3011 qui
1867 2954 2017 2998 esset
2057 2947 2357 3012 przefectus
2386 2946 2779 3016 Peloponneso,
2829 2948 3100 3020 signiﬁcat
3140 2960 3438 3000 mortuum
3471 2950 3598 3003 sine
3652 2942 3821 2998 libetis

589 3028 700 3083 alio
733 3028 1052 3098 superstite,
1085 3027 1244 3096 cujus
1265 3035 1450 3081 essent
1473 3025 1687 3095 probati
1715 3040 1916 3090 mores,
1933 3026 2031 3080 sed
2062 3042 2227 3096 queat
2257 3028 2424 3091 lilius,
2452 3041 2518 3082 ac
2544 3026 2916 3083 consobrinus
2969 3025 3253 3084 Theodori
3310 3043 3505 3085 rerum
3562 3039 3821 3085 summam

591 3121 711 3178 post
743 3118 999 3182 patruum
1035 3109 1091 3165 in
1118 3109 1499 3178 Peloponneso
1523 3108 1798 3174 ambiens,
1822 3122 1979 3164 secus
2004 3118 2213 3180 ageret.

2508 3322 3810 3351 ..ιι-*Μ

610 3328 2505 3355 W

1043 3499 1678 3590 ΠΡΟΘΕΩΡΙΑ
1767 3498 1996 3585 ΤΟΥ
2075 3498 2665 3585 ΠΑΡΟΝΤΟΣ
2757 3494 3138 3582 ΛΟΓΟΥ
3202 3486 3286 3565 (⁸)
3325 3555 3346 3576 .

1379 3820 2210 3915 ABGUMENTUM
2324 3818 3038 3911 ORATIONIS.

657 4137 952 4196 Exordium
987 4130 1207 4205 quidem
1236 4130 1610 4187 vehementius
1650 4130 1982 4200 lugubre,'ac
2014 4148 2152 4204 qua.
2178 4141 2233 4200 Α

2208 4149 2233 4199 ι
2325 4135 2636 4208 Περιπαθὲς
2667 4135 2764 4204 μὲν
2807 4133 2869 4187 τὸ
2900 4133 3206 4204 προοίμιον,
3258 4134 3351 4188 καὶ
3379 4128 3496 4190 οἷον
3531 4131 3727 4204 γένοιτ’
3752 4129 3811 4182 ἂν

586 4234 636 4291 le
675 4231 910 4288 maxime
939 4226 1192 4290 fratrem,
1242 4236 1406 4292 super
1439 4221 1624 4277 fratris
1652 4220 1847 4279 funere
1878 4212 2148 4293 orantem,

2257 4228 2474 4299 ἀδελφῷ
2507 4227 2742 4297 μάλιστα
2773 4226 3007 4296 πρέπον,
3032 4227 3320 4295 ἐπιτάφιον
3352 4226 3439 4281 ἐπ’
3471 4224 3686 4295 ἀδελφῷ
3714 4222 3811 4275 διε·

586 4328 796 4382 deceat.
828 4318 933 4375 Ubi
989 4325 1172 4372 autem
1227 4322 1500 4368 oratorem
1540 4328 1724 4380 agens,
1784 4313 2155 4375 divinissimus

2258 4325 2459 4392 ξιόντιο
2494 4319 2753 4389 πατρίδος
2783 4317 2840 4373 δὲ
2872 4318 2966 4371 καὶ
3003 4318 3201 4385 γένους.
3245 4318 3419 4388 βραχύ
3453 4335 3507 4371 τι
3539 4314 3806 4387 μνησθεὶς,

586 4420 919 4487 imperator,
974 4423 1167 4480 parum
1231 4405 1360 4476 quid
1416 4405 1578 4461 etiam
1635 4408 1849 4473 generis
1885 4409 2152 4475 meminit,

2256 4418 2287 4469 ὀ
2312 4414 2439 4468 τάδε
2473 4411 2648 4479 ὶέγων
2677 4409 2951 4468 Θειότοιτος
2987 4408 3261 4477 βασιλεὺς,
3290 4410 3390 4462 οὐκ
3421 4411 3516 4463 ἐπὶ
3536 4408 3704 4461 πλέον
3730 4404 3806 4455 ὲν-

587 4508 730 4564 haud
772 4507 825 4560 in
854 4519 919 4559 eo
946 4501 1149 4556 diutius
1179 4504 1441 4553 moratur.
1460 4497 1633 4551 Porro
1668 4499 1925 4555 devectus
1956 4512 2158 4558 sertno-

2258 4503 2519 4575 διατρίϐεε
2553 4498 2631 4569 τῷ
2693 4502 2818 4570 περὶ
2871 4500 3079 4555 τούτων
3139 4500 3348 4573 χωρίῳ.
3399 4498 3803 4568 Ἐπιγενόμενος

587 4617 655 4656 ne
693 4599 759 4653 ad
794 4596 894 4650 viri
919 4602 1059 4655 acta,
1096 4604 1194 4645 nec
1255 4603 1423 4658 pauca
1462 4588 1573 4655 illa,
1616 4603 1714 4644 nec
1741 4598 1797 4644 ut
1834 4590 1981 4646 brevi
2029 4608 2154 4648 ora-

2258 4601 2359 4671 μὲν
2383 4602 2474 4652 ἐπὶ
2500 4601 2597 4661 τὰς
2630 4600 2722 4651 τοῦ
2771 4597 3163 4667 ἐπαινουμένου
3214 4597 3468 4667 πράξεις,
3506 4598 3669 4657 οὔσας
3716 4592 3805 4646 οὐκ

587 4692 736 4746 tione
765 4686 1088 4756 explicanda
1118 4681 1316 4746 forent,
1371 4695 1659 4748 excusans,
1693 4692 1748 4735 ut
1798 4684 1928 4752 quia
1961 4699 2150 4738 eorum

2256 4691 2466 4759 ὀλίγας,
2501 4690 2618 4744 οὐδὲ
2648 4689 2893 4760 βραχέων
2939 4689 3045 4741 τῶν
3079 4688 3253 4755 λόγων
3281 4688 3547 4758 δεομένας
3572 4705 3587 4720 ·
3619 4685 3802 4740 suam.

589 4781 849 4854 Splendor
881 4775 1371 4845 omnibuspaleal.
1410 4787 1509 4828 "BC
1535 4790 1566 4826 a
1598 4790 1869 4845 quoquam
1911 4784 2155 4845 ηοὲεῑυτο
2257 4783 2383 4851 ⁸τίαν
2407 4781 2462 4834 δὲ
2483 4782 2876 4849 πορισάμενος,
2916 4778 2991 4842 ὠς
3037 4780 3126 4831 διὰ
3154 4780 3213 4832 τὸ
3258 4782 3391 4832 πᾶσι
3420 4781 3624 4834 τούτων
3665 4790 3805 4843 περι-

589 4872 728 4929 haud
763 4882 984 4925 necesse
1039 4867 1109 4921 sit
1136 4864 1349 4933 singula
1390 4878 1666 4930 enarrare,
1721 4881 1786 4921 eo
1822 4866 1938 4934 ipso
1989 4867 2153 4921 etiam

2260 4874 2448 4943 φανὲς,
2474 4875 2571 4927 καὶ
2605 4872 2726 4941 μηδ’
2761 4871 2851 4939 ὑφ’
2877 4870 2994 4933 ἑνὸς
3020 4871 3376 4941 ἀρνούμενον,
3405 4871 3505 4924 οὐκ
3527 4866 3803 4935 ἀναγκαῖον

587 4966 743 5019 valde
790 4966 1059 5015 exornat:
1126 4954 1313 5023 sicque
1376 4955 1629 5024 deinceps
1688 4957 1806 5023 ejus
1865 4968 2165 5026 aggressus

2258 4966 2343 5033 εἴη
2380 4962 2714 5017 καθὲκοιστον
2754 4961 3006 5027 διεξιέναι
3057 4964 3180 5030 περὶ
3234 4960 3435 5024 αὐτῶν,
3461 4962 3607 5032 αὐτῷ
3642 4956 3802 5022 τούτῳ

588 5054 794 5115 laudes,
826 5052 1055 5120 primum
1086 5047 1152 5103 de
1178 5048 1295 5118 ejus
1318 5047 1543 5115 pueritia
1571 5047 1813 5110 disserit,
1844 5058 2010 5117 utque
2041 5063 2157 5101 oni-

2258 5041 2350 5111 xui
2387 5057 2532 5125 μάλα
2570 5054 2850 5124 σεμνύνει.
2901 5053 3120 5105 Ἔπειθ’
3152 5052 3295 5105 οὕτω
3347 5054 3456 5106 τῶν
3506 5051 3623 5107 κατ’
3654 5045 3800 5102 αὐτὸν

589 5145 719 5199 nino
757 5142 1007 5195 habuerit
1037 5138 1298 5203 moribus,
1347 5153 1409 5193 ac
1440 5139 1619 5209 qualis
1644 5141 1723 5192 vir
1758 5142 1952 5201 fat-tus,
1994 5138 2156 5192 fuulit

2256 5150 2348 5200 τὸν
2379 5145 2771 5214 ἐπαινούμενον
2799 5143 2970 5212 λόγων
3002 5144 3302 5211 ἁψάμενος,
3326 5144 3543 5214 πρῶτον
3573 5141 3664 5211 μὲν
3686 5132 3798 5202 περὶ

592 5234 895 5288 universis:
926 5244 1036 5285 tum
1060 5246 1186 5286 vero
1218 5231 1284 5286 ad
1306 5242 1421 5285 acta
1461 5246 1522 5285 ac
1553 5246 1639 5285 res
1657 5241 1837 5301 gestas
1869 5232 2112 5299 procedit
2139 5247 2151 5282 :

2259 5241 2356 5305 ττῖς
2381 5241 2442 5289 ἐκ
2476 5238 2662 5297 πιιδδς
2698 5236 2921 5304 τρθφῆς.
2954 5236 3046 5286 καὶ
3098 5235 3191 5287 τοῦ
3221 5236 3344 5287 ὅλου
3381 5236 3546 5306 ἧοους
3572 5230 3794 5292 διέξεισι,

592 5334 932 5401 primuinque
964 5343 1151 5385 eorum
1206 5329 1534 5383 mentionem
1561 5326 1713 5391 facit,
1737 5343 1857 5395 qua:
1880 5329 2151 5393 quondam

2260 5331 2353 5381 xui
2377 5326 2486 5388 οἷος
2508 5330 2617 5388 τοῖς
2656 5326 2794 5388 ὅλοις
2824 5322 2889 5393 ἦν
2919 5327 2944 5377 ὁ
2979 5325 3152 5395 ἁνήρ·
3187 5321 3285 5378 εἶτ’
3317 5328 3410 5379 ἐπὶ
3453 5326 3547 5387 τὰς
3591 5318 3796 5389 πράξεις

593 5424 643 5476 ἰιι
677 5432 905 5491 patrem,
934 5422 1292 5491 cumdemque
1320 5422 1518 5487 ipsum,
1542 5432 1604 5471 ac
1635 5418 1965 5487 prOpinquOs
1999 5420 2154 5480 alios,

2257 5438 2315 5471 τε
2353 5421 2445 5471 xz".
2500 5421 2568 5470 τὰ
2614 5416 2749 5485 ἔργα
2805 5419 2990 5485 χωρεῖ.
3043 5419 3158 5486 Kal.
3186 5419 3402 5485 πρῶτον
3446 5417 3544 5485 μὲν
3593 5410 3798 5463 ἐκείνων

587 5528 712 5567 cum
748 5514 782 5567 li
820 5516 978 5569 rebus
1008 5514 1257 5568 adversis
1306 5519 1606 5573 uterentur,
1639 5509 1705 5561 ab
1734 5522 1798 5562 co
1821 5518 1968 5576 gesta
2001 5519 2146 5574 sunt,
2178 5493 2190 5545 ἶ

2188 5502 2226 5553 Β
2262 5513 2556 5577 μέμνηται,
2599 5510 2628 5559 ει
2663 5525 2789 5559 ποτε
2830 5509 2955 5575 περί
2990 5524 3045 5559 τε
3082 5512 3172 5562 τὸν
3207 5510 3437 5580 πατέρα,
3475 5507 3567 5562 καὶ
3595 5498 3790 5558 ἑαυτδνι

588 5615 879 5674 narratque
907 5613 964 5658 ut
992 5604 1079 5657 ille
1129 5603 1181 5655 in
1240 5600 1400 5654 rebus
1429 5599 1676 5652 habuerit
1704 5613 1717 5649 :
1780 5607 1890 5673 tum
1926 5597 2147 5663 gradum

2262 5605 2351 5654 καὶ
2386 5601 2492 5651 τῶν
2544 5600 2715 5649 ἄλλων
2747 5598 2960 5650 οἰκείων
3014 5600 3137 5660 τοὺς
3173 5599 3290 5652 τότε
3335 5591 3794 5667 δεδυστυχηκόταῖι

647 5790 709 5858 (⁸)
734 5791 965 5848 Auctore,
983 5790 1118 5850 juxta
1140 5784 1247 5835 cod.
1270 5783 1331 5831 88
1362 5796 1437 5844 ap.
1463 5779 1793 5839 Lambecium,
1833 5781 2072 5831 Gemistio
2098 5781 2358 5835 Plethoac.
