4060 6592
282 371 403 436 177

1034 466 1065 493 .
1089 388 1903 493 ΤΗΕΟΙ)ΟΒΙξιΜΞΞΡΟΤΑΞΔ
1944 398 2330 462 LAUDATIO
2368 406 2778 468 FUNEBRIS.

3484 417 3586 485 178

272 490 311 541 ὲ
328 484 627 564 πέπρακτο
650 496 817 570 αύτῷ,
840 500 936 554 καὶ
954 484 1404 578 ὠςῖπροσηνέχθη
1431 508 1544 571 τοῖς
1562 508 1684 561 τότε
1711 511 1879 580 πράγ-

1992 508 2197 567 faciens
2229 516 2294 568 ad
2332 514 2820 587 Peloponnesiaca,
2879 525 3117 593 primunt
3159 529 3407 585 meminit
3457 532 3578 602 ejus

276 600 440 651 μασι
472 602 486 615 °
523 587 660 655 μετά
679 588 736 642 δὲ
782 591 978 657 ταῦτα,
1026 595 1119 647 ἐπὶ
1156 596 1223 650 τὰ
1254 598 1742 669 Πελοποννησιακά
1775 602 1878 676 ήδη

268 676 582 745 χωρήσας,
619 681 843 754 πρώτης
879 685 979 754 μὲν
1031 687 1132 757 τῆς
1164 689 1247 753 είς
1275 692 1377 762 τὴν
1426 692 1615 763 χώραν
1642 693 1881 763 ἀφίξεως

272 766 603 836 μέμνηται,
635 772 710 834 ὡς
747 776 841 828 καὶ
873 768 1314 851 προσδοκηθεῖσα
1349 785 1512 854 μόνον
1534 784 1711 858 ὢνησε
1748 791 1880 859 πρὶν

267 857 579 924 γενέσθαι,
618 866 713 916 καὶ
761 865 836 929 ὡς
874 868 1097 938 ἀφῖκτο,
1131 872 1225 925 καὶ
1274 873 1355 939 ’ὡς
1388 879 1541 947 παρά
1563 857 1671 932 τῶν
1706 857 1882 952 ἐγχω-

277 948 438 1015 ρέων
464 952 722 1020 ἀσμένως
760 959 1058 1033 ύπεδὲχθη.
1101 960 1176 1018 Oi}
1208 966 1296 1038 δὴ,
1327 969 1424 1022 καὶ
1460 972 1572 1024 τῶν
1612 965 1742 1044 περὶ
1775 948 1880 1029 ⁷τοῦ

271 1059 352 1094 τε
386 1044 546 1113 σφῶν
573 1048 745 1116 Θείου,
773 1054 867 1106 καὶ
900 1054 1124 1125 ἀνεψιοῦ
1155 1059 1436 1129 ἁψάμενος
1460 1063 1661 1132 λόγων,
1690 1063 1749 1120 εὖ
1781 1069 1893 1138 pii-3

273 1134 360 1185 λα
402 1137 764 1209 φυλάττεται,
814 1146 876 1197 τὸ
929 1150 1098 1219 μηδὲν
1138 1151 1448 1220 ἐςάὐτοὺς
1494 1158 1710 1228 ἀπηχὲς
1760 1134 1883 1214 καθ’

269 1226 421 1280 ὅσον
462 1223 575 1284 οἷόν
611 1251 691 1297 τε,
740 1238 878 1308 μηδὲ
933 1246 1197 1313 φορτικὸν
1236 1250 1437 1305 είπεῖν.
1500 1223 1735 1307 Ἔπειτα
1783 1256 1882 1325 τῆς

286 1317 589 1389 Ἰλλυριῶν
617 1327 806 1383 αὐτόθι
836 1335 1218 1402 μετοικίσεως,
1257 1339 1331 1403 ὡς
1379 1341 1677 1413 δύσκριτόν
1704 1362 1769 1413 γε

261 1410 405 1465 alt:
446 1417 821 1480 παραδεκτέον
851 1424 1053 1489 αὐτούς
1081 1426 1140 1490 ἐς
1179 1432 1279 1498 τὴν
1315 1410 1535 1503 χώραν,
1560 1439 1672 1489 εἴτε
1709 1410 1784 1507 μή
1808 1453 1821 1468 ·

255 1505 335 1556 δ’
358 1505 586 1571 ὲδέξατό
611 1527 670 1561 τε
702 1513 763 1565 ού
787 1514 979 1569 δοκοῦν
1002 1519 1149 1574 οὕτω
1166 1524 1280 1585 τοῖς
1296 1524 1536 1594 πολλοῖς,
1562 1505 1725 1591 αὐτὸς
1740 1505 1884 1599 μάλα

258 1599 573 1669 εὐστόχως
610 1602 1040 1679 βεϐουλευμένος
1070 1614 1202 1683 περὶ
1254 1617 1351 1669 τοῦ
1393 1623 1758 1687 συνοίσοντος,
1790 1626 1887 1678 καὶ

264 1689 347 1749 ὲς
370 1688 495 1741 δέον
529 1692 745 1757 τούτοις
792 1696 1105 1771 ὲχρήσατο³
1140 1706 1239 1757 καὶ
1275 1708 1415 1776 μετὰ
1449 1707 1611 1762 τοῦτο
1636 1711 1739 1779 τῆς
1772 1712 1885 1764 τῶν

1984 595 2039 650 in
2075 601 2407 669 provinciam
2443 605 2730 675 adventus,
2759 621 2815 665 ut
2853 612 2969 669 sola
3004 619 3340 686 exspectatio
3379 617 3585 686 juverit

1984 704 2107 743 eum
2139 706 2226 745 res
2262 701 2475 750 tantum
2503 696 2556 751 in
2610 701 2893 768 procinctu
2944 719 3066 760 esse

1984 780 2293 850 advenerit,
2328 787 2515 857 sittjue
2572 790 2817 849 laetanter
2846 795 2914 850 ab
2942 796 3213 867 indigenis
3241 810 3537 871 susceptus
3561 822 3578 857 :

1983 888 2095 945 quo
2128 875 2271 941 loco,
2306 892 2432 933 cum
2464 882 2726 952 cmpisset
2753 884 2820 940 de
2842 889 3115 945 avunculo
3144 906 3209 945 ac
3241 893 3578 949 consobrino

1984 965 2187 1035 dicere,
2236 970 2441 1039 optime
2495 985 2669 1040 cavet,
2704 991 2773 1032 ne
2807 979 2938 1047 quid
2968 980 3021 1034 in
3080 997 3199 1044 eos.
3234 985 3416 1053 quoad
3449 956 3565 1040 fiedi

1987 1071 2187 1129 potest,
2214 1064 2507 1135 absonum,
2537 1083 2815 1141 autgrave
2841 1073 3013 1129 dicat.
3051 1074 3407 1131 Postmodum
3444 1075 3573 1147 Illy-

1984 1154 2085 1208 riis
2120 1156 2186 1209 ad
2211 1172 2335 1211 eum
2358 1160 2871 1234 eommigrantibus,
2905 1174 2965 1220 ut
2994 1182 3119 1222 eum
3151 1167 3376 1233 dubium
3406 1180 3574 1233 esset,

1986 1260 2116 1299 num
2147 1256 2332 1304 essent
2384 1252 2680 1322 recipiendi
2720 1256 2774 1311 in
2829 1259 3198 1327 provinciam,
3250 1274 3446 1325 necne,
3474 1277 3571 1318 eos

1987 1336 2123 1406 ipse,
2162 1353 2284 1396 cum
2317 1343 2469 1397 multi
2506 1360 2665 1402 secus
2689 1358 2961 1415 putarent,
2998 1353 3205 1421 optime
3228 1355 3572 1423 conjectans.

1987 1442 2051 1483 ac
2084 1431 2229 1498 quod
2254 1433 2568 1491 conducens
2598 1447 2763 1503 esset,
2786 1442 3102 1508 consulens,
3128 1448 3419 1514 receperit,
3463 1450 3567 1502 sit-

1990 1533 2096 1586 que
2123 1535 2315 1575 eorum
2353 1538 2517 1592 opera
2553 1539 2860 1596 opportune
2907 1548 3040 1589 usus
3068 1550 3082 1587 :
3112 1548 3233 1604 post
3255 1553 3405 1602 vero,
3435 1540 3570 1593 rela-

1988 1618 2098 1663 tam
2164 1611 2232 1667 de
2282 1615 2475 1671 vicinis
2527 1621 2776 1677 hostibus
2822 1624 3101 1681 victoriam
3196 1642 3572 1695 memorat,ac

1993 1711 2215 1770 captum
2253 1707 2577 1776 principem,
2610 1714 2815 1782 quibus
2871 1716 3117 1774 ostendit
3172 1722 3568 1778 corroborasse

264 1782 615 1849 ’προσοίκων
675 1787 891 1857 ἐχθρῶν
921 1790 1114 1863 ἥττης,
1163 1797 1258 1851 καὶ
1289 1798 1392 1869 τῆς
1423 1802 1728 1870 πρίγκιπος
1763 1805 1879 1857 συλ-

264 1872 511 1900 ‘1.'.-..-
571 1876 638 1900 9-.
778 1882 837 1900 ιη
1100 1887 1111 1900 ι
1284 1892 1295 1900 .
1472 1894 1485 1900 -

1994 1787 2309 1859 imperium.
2336 1795 2476 1852 Tum
2505 1803 2777 1859 transiens
2808 1806 2875 1859 ad
2910 1821 3025 1868 eos,
3084 1808 3181 1878 qui
3201 1812 3268 1881 ad
3303 1810 3572 1867 Barbaros

261 1872 535 1944 λήψεως,
567 1876 638 1931 δι’
669 1872 745 1933 ὧν
774 1882 1224 1957 ἐγκρατεστέραν
1271 1892 1567 1961 ἀποφαίνει
1602 1899 1883 1969 καταστή-

268 1983 468 2023 σαντα
500 1969 602 2041 τὴν
636 1973 838 2046 ἀρχήν.
879 1973 1013 2032 Εἶτα
1038 1982 1333 2050 παρελθὼν
1373 1985 1468 2065 ἐπὶ
1494 1987 1624 2049 τοὺς
1651 1988 1728 2052 ὡς
1754 1994 1882 2054 τοὺς

272 2060 610 2131 βαρϐάρους
658 2067 996 2137 αὐτομόλους
1028 2071 1289 2140 ἥκοντας,
1336 2062 1433 2131 καῖ
1466 2079 1686 2147 πρῶτον
1722 2085 1878 2153 κοινῇ

270 2150 429 2223 περὶ
457 2151 568 2206 τῶν
620 2155 883 2212 τοιούτων
918 2159 1246 2230 ἐπεξελθὼν,
1302 2167 1477 2235 φειδοῖ
1512 2168 1607 2221 τοῦ
1645 2150 1909 2239 μηδενὺξ

274 2243 352 2295 ἂν
388 2243 658 2315 ὀνομαστὶ
686 2251 1065 2321 καθάψασθαι,
1100 2256 1277 2311 ἔπειτ’
1311 2260 1400 2312 ἐπ’
1427 2262 1593 2314 αὑτὸν
1624 2262 1717 2317 τὸν
1744 2264 1879 2335 βάρ⁸

274 2336 463 2404 ὄαρον
493 2344 684 2412 χωρεῖ,
708 2344 802 2397 καὶ
827 2342 910 2411 οἷς
938 2351 1062 2401 κατ’
1089 2350 1298 2421 ἀμφοῖν
1328 2354 1720 2425 ἐπεχείρησεν,
1777 2359 1881 2412 ὑπὸ

272 2427 400 2479 τῶν
416 2425 490 2490 ὡς
516 2429 681 2482 αὑτὸν
708 2432 950 2499 ἡκόντων
972 2438 1293 2508 αὐτομόλων
1322 2444 1649 2513 ὲναγόμενος
1677 2464 1690 2478 ·
1718 2449 1879 2503 ἐνίων

276 2519 340 2569 δὲ
374 2522 475 2575 καὶ
509 2523 719 2578 οἴκοθεν
750 2530 1262 2601 μετακαλουμένων.
1289 2536 1521 2591 Ἔπειτα
1546 2540 1645 2608 τῆς
1676 2540 1749 2603 ὠς
1779 2544 1879 2594 αύο

277 2612 379 2663 τὸν
418 2612 661 2683 ἀφίξεως
694 2616 1000 2689 μέμνηται,
1054 2626 1152 2696 τῆς
1213 2643 1272 2680 τε
1306 2628 1501 2684 τούτου
1532 2632 1627 2685 καὶ⁸
1654 2630 1876 2700 ἑαυτοῦ,

276 2704 544 2777 ἀνάγκης
593 2725 652 2761 τε
684 2715 1084 2785 γεγενημένης,
1139 2719 1233 2772 καὶ
1284 2721 1436 2793 παρὰ
1486 2724 1554 2778 τά
1581 2725 1878 2795 δεδογμένα

282 2798 504 2866 σφίσιν,
538 2802 683 2855 οὔτω
711 2804 776 2877 δὴ
805 2812 1282 2877 συμπεπτωκυίας
1304 2830 1321 2846 ο
1357 2816 1453 2869 τοῦ
1480 2834 1539 2870 τε
1565 2819 1715 2888 παρά
1748 2822 1881 2875 ταύ-

278 2908 394 2959 την
430 2893 701 2963 κινδύνου,
736 2899 831 2951 καὶ
862 2900 970 2952 τῶν
993 2902 1172 2957 ἀλλων
1201 2905 1311 2960 τῶν
1333 2908 1517 2963 ἐκεῖσε
1556 2911 1877 2987 ἀπηντηκό-

276 2999 406 3035 των
438 2983 721 3057 δυσχερῶν
743 3005 757 3020 ⁸
803 2994 899 3046 καὶ⁸
929 2992 1002 3057 ὡς
1040 2995 1205 3058 αὐτὸς
1238 2998 1344 3069 με)
1388 3001 1646 3071 βασιλεὺς
1678 2983 1875 3081 γνώμῃ

272 3074 386 3127 τοῦ
424 3075 707 3148 βαρϐάρου
758 3083 853 3139 ἐπὶ
886 3083 984 3156 τὴν
1039 3088 1284 3160 μεγάλην
1321 3090 1388 3146 αὖ
1422 3094 1577 3150 πόλιν
1608 3100 1757 3168 παρὰ
1786 3074 1875 3154 δύζ

204 3188 211 3193 ’
276 3166 394 3229 ξαν
431 3170 804 3236 ἀνασώζεται·
855 3177 882 3229 ὁ
918 3176 964 3230 δ’
994 3178 1092 3248 ἤδη
1141 3180 1317 3236 δοκῶν
1371 3187 1429 3238 ὲν
1456 3166 1728 3256 ἀφύκτοις
1760 3192 1880 3262 ἔχε·
1908 3202 1951 3257 c

281 3259 398 3312 σῦα
411 3279 449 3324 ι,
481 3263 629 3332 μάλα
669 3267 934 3337 ἀνδρείως
962 3289 1022 3326 τε
1050 3274 1146 3345 καὶ
1177 3276 1507 3348 εὐμηχάνως
1542 3285 1755 3338 ἐκεῖθεν
1785 3259 1879 3344 επὶ

279 3353 703 3429 Πελοπόννησον
728 3361 1142 3433 ἀποδιδράσκει,
1176 3368 1269 3422 καὶ
1294 3368 1371 3433 ὡς
1400 3372 1431 3443 ἡ
1465 3375 1724 3440 ἐπάνοδος
1751 3381 1877 3433 τού-

277 3460 387 3496 του
424 3445 603 3501 πάντα
629 3449 753 3521 ἤδη,
790 3453 852 3505 ού
877 3455 945 3507 τὰ
983 3458 1041 3509 ἐν
1084 3457 1482 3536 Πελοποννήσῳ
1515 3468 1703 3537 μόνον,
1732 3470 1873 3526 ἀλλά

280 3534 390 3587 καὶ
422 3535 531 3589 τῶν
559 3538 658 3594 ὅσα
688 3541 838 3606 ἐντὸς
870 3545 1077 3613 πυλῶν,
1115 3551 1185 3603 τὰ
1221 3552 1460 3610 πλείστα
1490 3559 1878 3617 κινδυνεύοντα

279 3628 521 3682 διέσωσε
544 3645 557 3659 ⁸
593 3634 690 3686 καὶ
712 3634 788 3699 ὡς
821 3640 917 3691 τοῦ
975 3640 1259 3714 βαρϐάρου
1297 3648 1363 3701 ἐκ
1404 3649 1506 3720 μὲν
1534 3655 1636 3721 τῆς
1687 3654 1877 3710 Ἐλλά-

279 3720 385 3782 to;
408 3720 923 3798 ἀνακεχωρηκότος,
974 3732 1301 3803 πέμψαντος
1330 3738 1389 3792 δὲ
1434 3741 1531 3795 ἐπὶ
1574 3744 1676 3816 τὴν
1711 3747 1887 3815 Πελοτ

283 3812 567 3880 πόννησον
591 3818 692 3871 οὐκ
738 3819 929 3893 ὀλίγην
969 3825 1091 3880 οὐδὲ
1132 3830 1348 3903 φαύλην
1380 3812 1665 3906 στρατιὰν,
1691 3841 1721 3892 ό
1743 3840 1788 3894 δ’
1812 3843 1876 3895 ού

284 3902 493 3989 πλήθει
528 3907 810 3980 ἀντιπάλῳ
862 3919 1148 3986 στρατιᾶς,
1211 3902 1427 3995 ἐπινοίᾳ
1450 3902 1516 3980 ⁷δὲ
1567 3902 1876 4004 στρατηγίᾳ

286 3995 586 4070 πρεπούσῃ
607 4005 971 4071 κεχρημένος,
1004 4009 1306 4065 κεκωλύκει
1332 4013 1536 4085 ταύτην
1560 3995 1660 4089 τῆς
1692 3995 1876 4091 χώρας

287 4084 557 4155 ἐπιϐῆναι
580 4105 595 4120 ’
631 4095 727 4146 καὶ
771 4094 848 4159 ὡς
881 4097 973 4152 διὰ
1004 4099 1161 4155 τοῦτο
1194 4103 1426 4177 τοῦργον
1450 4084 1546 4161 καὶ
1592 4084 1661 4164 τὰ
1692 4084 1875 4185 παρα-

289 4178 663 4250 κεχωρημένα
695 4184 775 4254 τῷ
820 4185 1105 4261 βαρϐάρῳ,
1142 4195 1240 4248 καὶ
1273 4196 1375 4268 ήδη
1425 4198 1687 4270 ἐχόμενα,
1719 4178 1876 4259 ἀπειο

287 4268 461 4338 λήφει
490 4287 547 4325 τε
577 4275 672 4328 καὶ
715 4278 1037 4335 ἔπανέσωσε
1059 4287 1127 4354 τῇ
1160 4286 1327 4357 ἀρχῇ.
1360 4268 1485 4343 Eis"
1504 4268 1600 4344 ἐπὶ
1628 4292 1716 4345 τὸν
1760 4312 1875 4348 κοι-

290 4364 393 4414 νὸν
441 4363 535 4417 τοῦ
568 4365 848 4440 βαρϐάρου
898 4372 1143 4444 πόλεμον
1206 4378 1615 4451 μετεληλυθὼς,
1671 4387 1767 4439 καὶ
1795 4387 1873 4451 ὡς

294 4455 528 4519 πολλαῖς
569 4457 672 4527 μιν
702 4459 1047 4532 Χριστιανῶν
1077 4472 1411 4541 συμφοραῖς,
1459 4474 1685 4538 πολλαῖς
1705 4477 1750 4531 δ’
1776 4479 1875 4533 ἀλ-

1994 1883 2382 1953 perfugissent,
2416 1904 2480 1945 oc
2512 1892 2602 1946 ubi
2629 1894 2865 1962 primum
2886 1897 3066 1967 aliqua
3091 1899 3158 1952 de
3186 1899 3293 1955 illis
3320 1916 3571 1956 commu-

1991 1974 2043 2025 ni
2078 1989 2327 2031 sermone
2351 1977 2566 2035 locutus
2598 1993 2765 2047 esset,
2821 1986 3032 2041 nullum
3084 2005 3148 2043 ex
3221 1992 3443 2047 nomine
3471 2008 3571 2061 pro

1991 2065 2257 2122 modestia
2288 2082 2438 2126 notat
2463 2089 2477 2125 :
2501 2075 2785 2147 pergitque
2817 2078 3014 2134 deinde
3049 2081 3116 2135 ad
3148 2080 3327 2150 ipsum
3367 2083 3571 2143 Barba-

1990 2173 2137 2224 rum,
2165 2176 2232 2216 ac
2259 2177 2320 2216 ea
2350 2180 2471 2235 quae
2493 2166 2584 2222 ille
2618 2171 2673 2223 in
2704 2171 2897 2227 ambos
2928 2172 3151 2228 molitus
3184 2185 3372 2241 esset,
3406 2174 3568 2233 indu-

1988 2249 2239 2305 centibus
2274 2254 2538 2325 perfugis,
2570 2273 2693 2312 cum
2725 2264 3042 2332 etquardam
3071 2280 3100 2319 a
3134 2280 3195 2320 se
3218 2268 3385 2322 etiam
3414 2266 3567 2322 illum

1997 2355 2382 2410 provocarent.
2415 2348 2493 2403 Ad
2534 2350 2673 2417 haec,
2703 2355 2975 2420 meminit,
3009 2366 3071 2413 ut
3108 2374 3233 2414 cum
3274 2363 3406 2430 ipse,
3456 2372 3570 2417 tum

1989 2428 2156 2487 frater
2186 2432 2336 2489 illum
2377 2442 2757 2508 convenerint,
2816 2460 2938 2499 eum
3010 2452 3310 2506 necessitas
3337 2452 3567 2517 tulisset.

1990 2537 2054 2574 ac
2090 2540 2252 2579 secus
2291 2527 2367 2581 illi
2400 2530 2758 2588 constitutum
2820 2536 3119 2605 haberent;
3180 2542 3409 2611 periculi
3441 2544 3567 2599 item

1991 2614 2118 2669 inde
2168 2618 2411 2687 conﬂati,
2457 2638 2521 2679 ac
2546 2625 2783 2681 tristium
2840 2630 3077 2685 aliorum
3149 2649 3271 2703 quae
3323 2635 3438 2691 illic
3470 2652 3565 2690 oc-

1987 2724 2315 2780 currerunt;
2340 2726 2528 2787 utque,
2551 2720 2667 2789 ipse
2690 2722 2906 2791 quidem
2934 2725 3312 2797 imperatore:
3344 2729 3569 2786 Barbari

1986 2801 2289 2871 voluntate,
2327 2808 2858 2883 Constantinopolim
2897 2816 3093 2875 iterum
3127 2831 3324 2886 prteter
3358 2824 3569 2890 opinio-

1985 2904 2110 2944 nem
2136 2907 2329 2963 sospes
2393 2914 2646 2957 reversus
2695 2904 2805 2971 sit;
2867 2904 3035 2962 frater
3066 2921 3272 2976 autem,
3322 2915 3413 2982 qui
3453 2914 3565 2983 jam

1986 2981 2315 3040 ineluctabili
2340 2989 2535 3058 laqueo
2560 2996 2729 3051 teneri
2754 2996 3048 3066 videretur,
3066 2992 3279 3058 summa
3308 3004 3432 3059 inde
3454 3005 3569 3060 fora

1986 3076 2219 3137 titudine
2283 3099 2347 3138 ac
2400 3088 2621 3144 solertia
2674 3092 2977 3167 profugerit
3025 3098 3079 3152 in
3105 3098 3561 3168 Peloponnesum,

1984 3183 2158 3239 eoque
2189 3188 2462 3243 reversus,
2506 3183 2690 3236 omnia
2716 3184 2855 3254 jam,
2888 3189 3088 3243 nedum
3141 3207 3264 3260 quae
3315 3192 3367 3247 in
3411 3193 3564 3248 Pelo-

1990 3277 2257 3334 ponneso,
2281 3270 2373 3323 sed
2400 3281 2453 3325 et
2484 3273 2529 3327 si
2562 3289 2666 3343 qua
2693 3276 2834 3333 intra
2857 3279 3055 3347 januas
3077 3292 3234 3337 erant
3260 3283 3361 3354 (l),
3388 3286 3570 3340 maxi-

1986 3370 2127 3411 mam
2161 3372 2366 3429 partem
2421 3365 2474 3418 in
2533 3369 2838 3438 periculum
2894 3375 3151 3440 adducta,
3185 3378 3558 3447 sospitaverit.

1990 3459 2159 3516 utque
2182 3468 2305 3507 cum
2341 3454 2640 3522 Barbarus,
2674 3462 2790 3531 ipse
2819 3466 3038 3534 quidem
3072 3471 3140 3522 ab
3174 3469 3396 3526 Hellade
3451 3488 3569 3526 mo~

1982 3554 2139 3609 vens,
2171 3560 2280 3600 non
2306 3548 2567 3618 exiguum
2610 3562 2705 3610 aut
2739 3556 3011 3613 imbellem
3047 3564 3347 3615 exercitum
3385 3564 3438 3617 in
3466 3562 3567 3619 Pe-

1986 3630 2350 3697 loponnesum
2387 3642 2648 3709 misisset,
2712 3648 3055 3715 prohibuerit
3086 3650 3200 3717 ille,
3236 3670 3342 3707 non
3376 3669 3567 3709 nume-

1984 3739 2116 3781 roso
2145 3729 2366 3796 quidem
2394 3739 2635 3791 exercitu
2655 3737 2795 3794 hosti
2822 3754 3107 3810 oceureus,
3136 3744 3230 3799 sed
3255 3746 3378 3801 duci
3404 3763 3569 3803 exer-

1984 3816 2127 3874 citus
2158 3834 2407 3892 congruo
2446 3837 2859 3898 strategemate,
2896 3849 3011 3887 rem
3051 3836 3375 3898 conficiens,
3408 3849 3562 3894 utne

1984 3906 2040 3962 in
2074 3913 2411 3976 provinciam
2438 3919 2758 3989 invaderet;
2802 3931 2972 3993 utque
3001 3925 3220 3979 demum
3252 3941 3318 3980 eo
3353 3926 3564 3981 facino-

1982 4014 2063 4068 re,
2083 4003 2196 4075 jam
2233 4023 2496 4067 concessa
2535 4011 2775 4071 Barbare
2804 4026 2859 4072 et
2903 4017 3061 4072 abeo
3084 4029 3371 4088 occupata,
3406 4035 3561 4074 rece-

1982 4094 2145 4162 perit,
2184 4112 2248 4152 ac
2296 4099 2526 4171 imperio
2549 4106 2857 4161 vindicarit.
2898 4107 3024 4164 Post
3058 4109 3170 4163 hac
3200 4125 3449 4165 reversus
3491 4112 3559 4164 ad

1985 4200 2280 4247 commune
2309 4194 2442 4251 illud
2495 4197 2697 4253 bellum
2730 4198 2976 4268 Barbari,
3003 4199 3255 4271 factaque
3279 4203 3554 4255 mentione

1983 4288 2044 4332 ut
2071 4296 2137 4337 ex
2164 4284 2375 4340 crebris
2426 4287 2674 4344 cladibus
2705 4305 2771 4345 eo
2792 4292 2997 4347 victore
3034 4308 3157 4345 eum
3192 4290 3549 4356 Christianis,

1984 4390 2099 4434 tum
2132 4377 2387 4432 Barltaris
2440 4379 2564 4434 aliis
2621 4379 2809 4443 illatis,
2866 4394 2956 4437 res
3007 4381 3380 4435 Romanorum
3431 4397 3557 4452 gra-

1983 4471 2124 4525 viter
2150 4469 2360 4524 aﬂ‘ecue
2404 4478 2608 4533 essent,
2635 4486 2735 4525 nec
2763 4486 2868 4524 non
2904 4482 3173 4541 susceptae
3205 4475 3275 4529 ab
3313 4474 3431 4542 ipso
3462 4490 3527 4528 na
3547 4506 3562 4517 -

289 4545 405 4598 λων
434 4545 728 4620 βαρϐἀρων
754 4555 1202 4628 ὲνευτυχηκότος,
1236 4562 1491 4631 χαλεπῶς
1516 4566 1768 4623 ἐντεῦθεν
1802 4572 1872 4625 τὰ

1985 4562 2277 4632 vigationis
2329 4575 2394 4614 ac
2430 4561 2642 4616 itineris
2697 4563 2764 4615 ad
2826 4563 3092 4618 Oceiduas
3138 4572 3344 4633 partes,
3379 4577 3562 4620 narrat

303 4639 603 4706 Ῥωμαίων
635 4643 945 4716 πράγματα
997 4648 1146 4719 ἔσχε,
1202 4654 1469 4724 μνησθεὶς
1509 4661 1607 4713 καὶ
1645 4661 1874 4730 προσέτι

1985 4664 2188 4723 postea.
2212 4662 2369 4723 gesta
2404 4654 2621 4706 interim
2654 4652 2885 4726 a‘fratre
2910 4669 3007 4708 :ac
3045 4656 3283 4724 primum
3317 4657 3560 4726 quidem,

292 4732 396 4785 ταῦ
424 4751 488 4802 γε
532 4736 729 4792 ἑαυτοῦ
752 4739 841 4794 διά
869 4742 1045 4798 ταῦτα
1072 4746 1319 4802 ἁπόπλου
1353 4766 1413 4803 τε
1442 4753 1535 4805 καὶ
1564 4754 1877 4826 ἀποδημίας

1985 4761 2034 4801 ut
2062 4743 2348 4802 Corintho.
2375 4760 2498 4815 quae
2531 4754 2843 4799 versaretur
2890 4746 2943 4799 in
2979 4747 3267 4803 manifesto
3291 4749 3559 4817 periculo,

293 4828 398 4890 τῆς
416 4827 496 4889 είς
528 4828 597 4881 τά
618 4830 873 4903 ἑσπέρια,
900 4835 1094 4891 ἔπειτα
1120 4840 1188 4893 τά
1212 4842 1389 4913 τούτῳ
1414 4845 1472 4895 ὲν
1499 4847 1729 4909 ἐκείνοις
1764 4852 1875 4912 τοῖς

295 4923 515 4988 καιροῖς
544 4927 913 4997 πεπραγμένα
964 4929 1219 4996 διέξεισι·
1250 4935 1346 4988 καὶ
1384 4937 1602 5006 πρῶτον
1638 4940 1760 5009 μὲν,
1803 4942 1880 5005 ὡς

297 5012 569 5079 Κόρινθον
593 5017 653 5069 ὲν
686 5024 958 5089 προφανεῖ
975 5022 1143 5078 οὖσαν
1172 5028 1401 5099 κινδύνῳ
1418 5030 1669 5101 Φρερίοις
1696 5034 1875 5103 ἐγχει-

300 5105 488 5171 ρίσας,
517 5105 691 5176 αὐτήν
719 5125 781 5161 τε
836 5109 1009 5164 ἔσωσε
1035 5112 1135 5182 τῆς
1170 5114 1283 5166 τῶν
1327 5114 1624 5186 βαρϐάρων
1665 5120 1873 5190 χειρὸς,

299 5198 398 5250 καὶ
442 5200 554 5277 τοῖς
578 5200 721 5264 ὅλοις
749 5203 1073 5273 πράγμασιν
1103 5205 1165 5260 οὐ
1219 5209 1462 5279 σμικράν
1484 5210 1737 5263 ἐντεῦθεν
1774 5213 1875 5278 τὴν

300 5274 560 5359 βοήθειαν
592 5291 984 5363 ἐμηχανήσατο
1033 5312 1048 5327 ο
1100 5274 1277 5351 Eneti);
1308 5274 1385 5362 ὡς
1413 5299 1592 5371 χρόνῳ
1623 5274 1875 5373 ὕστερον,

296 5384 397 5437 καὶ
436 5385 534 5453 τῆς
564 5384 735 5456 ἄλλης
762 5386 986 5458 ἀπάσης
1013 5390 1191 5460 ἀρχῆς
1220 5392 1334 5452 τοῖς
1363 5393 1546 5455 αὐτοῖς
1586 5393 1744 5458 δόξας
1773 5413 1877 5448 πα-

301 5478 598 5546 ραχωρεῖν,
631 5478 725 5531 τὸν
762 5480 900 5552 πρὸς
939 5480 1030 5535 τὸν
1054 5482 1332 5553 βάρϐαρον
1358 5484 1618 5553 πόλεμον,
1655 5487 1874 5540 κάλλιον

296 5567 332 5636 ἦ
362 5567 438 5630 ὡς
470 5569 534 5622 ἀν
565 5587 649 5630 τις
698 5572 1067 5640 προσεδόκησε
1102 5576 1379 5640 κατέθετο,
1439 5580 1533 5630 καὶ
1562 5577 1659 5649 τὴν
1688 5580 1874 5649 χώραν

293 5660 595 5713 άτολαϐὼν
647 5659 805 5726 αὖθις
860 5666 1227 5736 κατέστησεν,
1285 5668 1404 5720 οὐδὲ
1437 5668 1701 5738 Φρερίους
1747 5668 1872 5721 οὔτε

1976 4837 2291 4892 concredita
2331 4836 2616 4899 fratribus.
2647 4854 2772 4892 cum
2802 4840 3051 4893 eamdem
3087 4842 3260 4911 ipsam
3292 4856 3323 4894 a
3357 4841 3559 4894 Barba-

1980 4941 2164 4982 rerum
2196 4927 2426 4981 salvarit
2485 4942 2673 4989 manu,
2726 4937 2841 4981 tum
2905 4928 3031 4982 inde
3082 4931 3247 4982 rebus
3284 4930 3557 4985 universis

1980 5038 2089 5075 non
2122 5021 2389 5077 modicam
2428 5036 2581 5087 opem
2639 5021 2970 5090 compararit
3001 5039 3014 5073 :
3043 5025 3107 5075 ad
3143 5023 3276 5085 haec,
3331 5033 3386 5075 ιιι
3431 5038 3556 5077 eum

1983 5128 2169 5187 postea
2235 5118 2388 5171 visus
2454 5128 2620 5178 esset,
2683 5118 2948 5186 reliquam
2974 5127 3146 5172 totam
3212 5120 3555 5189 provinciam

1981 5208 2091 5263 illis
2107 5210 2321 5275 cedere,
2352 5225 2438 5263 res
2467 5225 2592 5264 cum
2627 5209 2862 5266 Barbare
2887 5211 3034 5265 omni
3067 5211 3258 5266 melius
3289 5227 3384 5281 spe
3411 5227 3562 5265 eom~

1983 5303 2249 5369 posuerit,
2278 5312 2445 5370 utque
2474 5313 2688 5369 recepta
2723 5302 3021 5371 provincia,
3060 5304 3257 5356 iterum
3285 5318 3371 5355 res
3430 5303 3555 5372 ejus
3598 5334 3611 5343 -

1984 5392 2297 5455 stabilierit,
2354 5407 2474 5445 cum
2540 5393 2690 5447 nulla
2742 5394 2944 5464 injuria
3004 5393 3218 5449 Fratres
3263 5394 3555 5454 affecisset.

1984 5496 2151 5537 autve
2174 5483 2403 5537 omnino
2429 5483 2616 5537 damni
2645 5486 2849 5555 aliquid
2887 5487 3183 5542 intulisset.
3216 5486 3272 5541 In
3307 5488 3394 5544 his
3432 5504 3560 5556 por—

1986 5590 2046 5628 ro
2079 5575 2283 5628 diutius
2313 5585 2562 5629 versatur
2578 5592 2783 5644 sermo,
2816 5581 2961 5646 quod
2995 5581 3247 5635 tollenda:
3278 5583 3555 5651 opinionis

1983 5681 2167 5731 causa,
2201 5683 2296 5737 per
2347 5668 2712 5737 ignorantiam
2773 5673 3015 5728 veritatis
3071 5675 3170 5738 rei,
3241 5683 3299 5728 ιιι
3328 5676 3554 5729 omnino
3657 5666 3674 5681 ’

373 5849 451 5919 (9.)
486 5850 591 5919 Ipsi
625 5850 862 5921 Bajazeti
890 5852 1214 5910 assistentes
1251 5855 1414 5924 inque
1448 5854 1569 5924 ejus
1604 5852 1929 5907 exsistentes
1962 5855 2133 5909 curia.

3108 721 3122 757 :
3173 717 3338 777 utque
3402 710 3578 779 reipsa
3672 692 3683 702 ’
