4060 6602
487 391 590 461 179

1680 395 2080 462 MANUELIS
2121 405 2208 465 PA
2219 399 2568 465 LEOLOGI

3652 393 3754 460 180

485 499 793 563 habuisset,
827 497 972 570 apud
1009 501 1301 559 nonnullos
1333 504 1651 572 obtinentis,
1705 511 1864 576 plane
1915 528 2054 582 prae-

2170 517 2454 588 ἔιδικὴσας,
2487 516 2612 571 οὔτε
2645 532 2698 569 τι
2735 512 2945 584 βλάψας
2977 512 3137 577 ὅλως.
3182 510 3310 567 Ἐπὶ
3344 510 3512 566 πλέον
3538 510 3596 565 δέ
3639 526 3750 565 που

487 597 680 653 staret,
715 591 913 646 horum
945 608 1166 664 quoque
1210 600 1546 666 meminisse,
1571 602 1769 657 nedum
1806 607 2062 671 aliorum,

2167 610 2377 672 τούτοις
2400 612 2429 662 ὁ
2459 609 2616 677 λόγος
2646 606 2973 678 ἐνδιατρίϐει
2997 605 3140 676 ὑπὲρ
3166 604 3261 659 τοῦ
3286 604 3387 675 τὴν
3407 603 3500 658 ὐπ’
3526 605 3754 672 ἀγνοίας

485 697 610 750 qua;
631 694 820 738 essent
853 687 1141 756 perspicue
1205 689 1371 755 bona,
1428 707 1594 762 quam
1645 695 1864 750 silentio
1898 697 2065 752 dissi-

2170 703 2260 755 τοῦ
2296 701 2531 771 ἀληθοῦς
2577 703 2654 763 ὡς
2708 699 2883 755 ταῦτα
2951 697 3202 769 ἐπράχθη
3261 695 3580 768 κρατοῦσαν
3618 696 3753 764 παρ’

488 774 719 829 mulare.
762 774 1042 845 Siquidem
1075 782 1220 834 enim
1254 799 1399 838 nunc
1464 792 1799 853 tacerentur,
1850 800 1908 842 ut
1940 792 2061 858 quis

482 868 831 953 postmodum
859 877 1091 923 tentaret
1122 873 1439 928 meminisse
1470 877 1535 929 ad
1576 878 1927 945 calumniam,
1962 881 2067 935 uti-

482 972 590 1025 que
614 968 796 1025 posset
821 961 963 1027 apud
986 961 1199 1030 aliquos
1228 976 1393 1032 gesta:
1428 971 1505 1022 rei
1525 969 1767 1038 ignaros,
1804 983 2063 1040 tanquam

480 1064 611 1104 vera
642 1051 833 1106 dicens
874 1053 1074 1108 habere
1114 1058 1299 1122 fidem,
1365 1060 1513 1113 velut
1542 1076 1647 1113 non
1706 1062 1943 1115 fuissem
1983 1072 2062 1117 ta-

480 1141 652 1195 cenda
686 1144 793 1209 hic,
824 1155 883 1198 ut
921 1163 1028 1215 qua
1067 1150 1131 1200 de
1188 1150 1272 1203 bis
1306 1151 1410 1204 diei
1442 1153 1787 1219 potuissent:
1814 1170 1937 1207 cum
1973 1171 2059 1209 re-

423 1250 449 1315 ".
482 1232 614 1296 lata,
639 1249 702 1288 ac
738 1237 915 1305 palam
954 1241 1197 1308 exposita
1232 1250 1289 1293 ut
1316 1251 1467 1311 gesta
1496 1255 1700 1306 essent,
1730 1244 1784 1296 in
1829 1245 2059 1313 gloriam

432 1324 439 1333 '
481 1327 686 1394 potius,
720 1342 783 1379 ex
826 1343 892 1381 eo
916 1333 1061 1397 quod
1096 1330 1279 1384 forsan
1315 1346 1475 1386 secus
1507 1333 2062 1396 videbatur,cessura

482 1428 694 1473 essent.
757 1418 967 1476 Deinde
1041 1423 1291 1491 procedit
1352 1425 1416 1478 ad
1479 1427 1913 1495 comparandum
1940 1443 2062 1480 cum

479 1510 742 1578 antiquis,
770 1512 989 1580 quando
1044 1523 1099 1566 et
1151 1514 1325 1568 tliorbi
1354 1516 1629 1570 mentione
1664 1518 1829 1580 facta,
1865 1519 2060 1573 iterum

480 1600 1107 1672 lugubrior,orationem
1135 1608 1415 1675 componit
1439 1625 1455 1668 ;
1484 1607 1760 1678 simulque
1792 1609 2062 1672 ostendit,

491 1697 629 1751 nihil
690 1698 959 1750 minorem
994 1696 1375 1752 fortitudinem
1414 1700 1467 1752 in
1518 1700 1709 1754 morbo
1728 1699 2061 1763 ostendisse,

484 1801 648 1856 quam
677 1786 843 1839 rebus
867 1787 1160 1855 gerendis:
1190 1804 1427 1857 cumque
1459 1788 1547 1842 hic
1575 1791 1795 1843 subdito
1845 1804 2062 1859 quoque

484 1878 798 1934 auditorum
841 1880 1007 1933 coetui
1038 1880 1342 1944 annuisset,
1387 1890 1449 1934 ut
1476 1893 1530 1935 et
1564 1881 1668 1951 ipsi
1709 1881 1915 1948 aliquid
1962 1880 2065 1935 sibi
2096 1865 2141 1924 Β

482 1985 808 2040 congruum,
861 1984 962 2038 pro
996 1970 1246 2039 pluribus
1284 1985 1347 2024 ac
1374 1973 1587 2040 magnis
1615 1970 1916 2035 beneﬁciis,
1942 1970 2066 2039 qui-

482 2064 585 2117 bus
616 2064 708 2117 ille
729 2077 824 2118 eos
852 2062 1235 2124 demeruissct,
1263 2064 1641 2133 loquerentur,
1674 2070 1920 2117 eamdem
1946 2080 2068 2117 rur-

482 2172 579 2211 sus
605 2158 840 2211 naniam
877 2157 1129 2211 resumit.
1166 2158 1219 2210 Id
1252 2157 1599 2225 porroofacit,
1627 2171 1752 2209 cum
1783 2154 2067 2209 remissio-

485 2265 554 2304 ne
600 2250 784 2318 aliqua
807 2264 992 2319 egens,
1047 2248 1310 2317 impedita
1373 2263 1504 2302 voce
1563 2263 1672 2317 prae
1720 2246 1929 2300 doloris
1963 2245 2060 2309 vi;

486 2355 603 2398 tum
646 2358 799 2407 vero,
849 2343 977 2411 quia
1009 2341 1172 2395 etiam
1210 2342 1414 2394 multos
1475 2341 1613 2395 alios
1637 2340 1823 2409 cupiat
1874 2340 2068 2394 audire

486 2440 867 2499 lamentantes,
930 2437 1001 2490 ob
1056 2435 1356 2504 impensius
1412 2433 1543 2488 illud
1603 2448 1668 2488 ac
1719 2433 1973 2487 insanum
2010 2433 2066 2486 in

486 2530 707 2584 fratrem
748 2530 1031 2600 pliiltrnm,
1089 2529 1336 2598 pluribus
1363 2542 1428 2580 ac
1487 2528 1699 2597 magnis
1757 2527 1824 2580 de
1857 2529 2066 2590 causis,

484 2640 620 2693 quas
650 2625 764 2691 ipse
786 2624 1057 2677 edisserit.
1094 2624 1461 2688 Quamobrem
1518 2622 1682 2674 etiam
1718 2620 2069 2675 atl‘ectuOsius

484 2733 705 2788 quoque
736 2731 799 2771 ac
828 2716 1115 2785 lugubrius
1146 2716 1342 2768 iterum
1392 2712 1623 2776 orditur,
1661 2721 1918 2781 tanquam
1946 2728 2069 2766 om-

491 2810 626 2864 nino
650 2825 830 2877 neque
858 2809 1253 2869 narrationem,
1273 2820 1450 2876 neque
1480 2806 1671 2859 laudes
1703 2805 1943 2874 potuerit
1969 2821 2067 2874 ag-

484 2902 659 2973 gredi,
688 2903 1007 2970 priusquam
1042 2900 1239 2953 fuisset
1294 2899 1564 2952 indultum
1593 2896 1877 2952 lamentis.
1911 2895 2071 2952 Post-

2169 796 2332 858 ἐνίοις
2364 794 2524 859 δόξαν
2575 793 2806 859 ἀνελεῖν,
2839 793 3062 859 ἄμεινον
3089 791 3151 846 δν
3181 790 3620 862 ἐπιμνησθῆναι,
3654 789 3753 843 καὶ

2167 886 2377 940 τούτων
2410 886 2548 957 πρὸς
2571 887 2684 949 τοῖς
2708 884 2891 948 ἄλλοις
2919 885 3035 948 τοῖς
3060 886 3124 938 ἐκ
3149 881 3246 937 τοῦ
3279 881 3521 952 φανεροῦ
3562 883 3753 944 καλοῖς

2168 977 2201 1048 ἢ
2260 979 2632 1047 σεσιγηκέναι.
2671 976 2781 1029 Καὶ
2834 976 2945 1047 γὰρ
2995 974 3062 1028 ἂν
3111 973 3207 1028 νῦν
3248 972 3660 1043 σεσιγημένων,
3704 970 3752 1023 εί

2170 1073 2301 1125 ποτέ
2335 1090 2417 1134 τις
2444 1073 2537 1124 ἐπὶ
2570 1072 2794 1140 διαϐολῇ
2829 1069 3138 1139 μνησθῆναι
3172 1067 3492 1137 τολμήσειε,
3524 1064 3642 1136 τάχ’
3689 1064 3753 1116 ἄν

2167 1178 2280 1217 τισι
2308 1164 2419 1215 τῶν
2450 1162 2663 1232 τάληθῆ
2699 1163 2774 1232 μὴ
2814 1162 3055 1223 εἰδότων,
3109 1160 3205 1214 καὶ
3258 1154 3625 1227 ἐπαληθεύειν
3666 1156 3755 1209 δόο

2169 1258 2336 1322 ξειεν,
2370 1254 2447 1315 ὡς
2479 1256 2579 1307 οὐκ
2623 1254 2690 1310 ἂν
2724 1257 2783 1309 ἐν
2815 1253 2893 1324 τῷ
2927 1253 3161 1321 παρόντι
3194 1250 3595 1322 σεσιγημένων,
3622 1248 3676 1300 εἰ
3700 1264 3756 1299 τι

2167 1346 2298 1416 ἐνῆν
2330 1348 2512 1415 λέγειν
2541 1349 2672 1418 περὶ
2710 1347 2913 1402 αὐτῶν.
2974 1343 3261 1416 Είρημένα
3291 1343 3349 1396 δέ
3399 1341 3497 1395 καὶ
3536 1340 3756 1408 φανερὰ

2168 1441 2521 1495 καταστάντα
2557 1438 2633 1502 ὡς
2662 1438 2938 1509 ἐπράχθη,
2974 1438 3070 1491 καὶ
3109 1438 3194 1501 είς
3243 1434 3494 1499 εὐδοξίαν
3546 1431 3757 1500 μᾶλλον

2168 1538 2231 1587 ἐκ
2262 1534 2357 1588 τοῦ
2393 1535 2468 1596 ὼς
2493 1534 2695 1605 ἑτέρως
2727 1533 2856 1595 ἴσως
2882 1530 3170 1592 δοκοῦντος
3214 1529 3601 1606 περιέστηκεν.
3633 1521 3758 1576 Εἶτ’

2168 1628 2262 1680 ἐπὶ
2292 1628 2387 1690 τὰς
2422 1627 2560 1698 πρὸς
2586 1626 2718 1689 τοὺς
2744 1624 3012 1687 παλαιοὺς
3038 1620 3377 1692 παραθέσεις
3408 1619 3600 1688 χωρεῖ,
3626 1618 3758 1687 ἠνί-

2170 1734 2241 1770 κα
2277 1716 2500 1785 καὶτῆς
2554 1716 2717 1769 νόσου
2764 1714 3048 1785 μνησθεὶς,
3100 1713 3158 1775 ἐς
3188 1706 3759 1780 τδπεριπαθέστερον

2171 1802 2237 1860 αὖ
2267 1807 2548 1859 ἀποκλίνει
2572 1821 2587 1836 ·
2616 1804 2940 1870 ἀποφαίνων
2966 1801 3085 1871 ἄμα
3115 1798 3271 1853 οὐδὲν
3321 1796 3534 1852 ἐλάττω
3566 1794 3667 1862 τῆς
3694 1794 3759 1844 ἐν

2169 1900 2282 1960 τοῖς
2313 1897 2499 1967 ἔργοις
2524 1893 2746 1966 ἀνδρίας
2769 1893 2868 1963 τὴν
2897 1890 3050 1963 παρὰ
3077 1889 3177 1960 τὴν
3202 1890 3358 1942 νόσον
3379 1880 3759 1952 ἐπιδεδειγμέ-

2169 2006 2279 2043 νον.
2310 1987 2607 2041 Κάνταῦθα
2633 1985 2759 2049 δούς
2793 2003 2847 2037 τι
2893 1985 2990 2037 καὶ
3039 1984 3154 2044 τοῖς
3189 1978 3428 2049 παροῦσι
3461 1974 3571 2030 τῶν
3602 1975 3760 2040 ὑπη-

2170 2085 2314 2153 ξιόων
2346 2077 2687 2148 φθέγξασθαι
2721 2076 2999 2149 προσῆκον
3037 2073 3268 2135 ἐκείνοις
3295 2071 3505 2130 αὐτοῖς.
3536 2065 3758 2119 πολλῶν

2170 2174 2267 2226 καὶ⁹
2318 2170 2574 2241 μεγάλων
2631 2168 2969 2236 εὐεργεσιῶν
3010 2164 3180 2218 ἕνεκα
3216 2155 3292 2216 ὧν
3337 2158 3398 2212 εὖ
3442 2156 3760 2213 πεπόνθασι

2172 2264 2304 2333 παρ’
2335 2261 2522 2327 αὐτοῦ,
2552 2260 2641 2312 τὸν
2672 2259 2838 2312 αὑτὸν
2872 2257 3026 2321 αὖθις
3050 2251 3501 2322 ἐπαναλαμόἁνει
3527 2248 3759 2320 θρῆνον.

2170 2355 2341 2409 Τοῦτο
2370 2355 2426 2407 δὲ
2453 2354 2619 2416 ποιεῖ,
2653 2353 2770 2422 ἅμα
2796 2349 2914 2420 μὲν,
2944 2349 3020 2412 ὡς
3050 2346 3370 2415 ἀναπαύλης
3395 2341 3633 2414 δεηθεὶς,
3660 2341 3761 2393 διὰ

2170 2450 2230 2502 τὸ
2260 2423 2354 2500 τοῦ
2383 2447 2590 2507 πάθους
2621 2444 2853 2512 μέγεθος
2888 2444 3219 2511 ἑπεχόμενος
3257 2438 3357 2507 τὴν
3391 2435 3598 2503 φωνὴν,
3635 2432 3761 2501 ἅμα

2170 2542 2249 2607 δέ,
2292 2541 2388 2593 καὶ
2419 2540 2491 2600 ὡς
2529 2538 2878 2605 ἐπιθυμήσας
2901 2535 2997 2587 καὶ
3027 2534 3234 2601 ἐτέρων
3260 2529 3472 2584 πολλῶν
3489 2524 3761 2597 θρηνοῦν-

2170 2650 2279 2687 των
2321 2629 2575 2692 ἀκοῦσαι,
2608 2628 2694 2681 διὰ
2724 2627 2784 2680 τὸ
2818 2626 2946 2696 περὶ
2998 2626 3091 2678 τὸν
3112 2622 3340 2690 ἀδελφὺν
3373 2619 3600 2690 μανικὸν
3632 2616 3762 2685 φίλ·

2170 2742 2323 2796 τρον,
2358 2719 2571 2775 πολλῶν
2611 2720 2702 2772 καὶ⁵
2734 2718 2988 2788 μεγάλων
3036 2704 3228 2771 αἰτιῶν
3269 2712 3456 2772 ἕνεκα,
3490 2710 3564 2770 ὡς
3586 2707 3759 2767 αὐτὸς

2171 2817 2395 2882 διέξεισι
2424 2811 2702 2886 βασιλεύς.
2726 2806 2802 2864 Οῦ
2834 2811 2995 2880 χάριν
3022 2808 3116 2862 καὶ
3146 2806 3253 2860 ἀπὸ
3297 2800 3635 2874 περιπαθοῦς
3660 2799 3759 2851 εὑ-

2175 2912 2271 2973 θὺς
2304 2907 2572 2978 ἐνήρξατο
2602 2903 2919 2976 προοιμίου,
2950 2902 3026 2965 ὼς
3079 2898 3156 2971 μὴ
3198 2899 3258 2951 τὸ
3292 2894 3559 2965 παράπαν
3587 2892 3760 2958 δυνη-

486 2997 709 3052 modum
743 3007 923 3050 tamen
951 2997 1018 3049 ad
1069 2994 1463 3050 consolandum
1509 2993 1869 3056 descendens,
1905 2991 2067 3046 tinem

2175 2996 2291 3057 θεὶς
2323 2996 2430 3048 τῶν
2453 3011 2514 3046 τε
2540 2993 2869 3062 διηγήσεων,
2897 2989 3007 3042 τῶν
3022 3005 3084 3041 τε
3116 2982 3356 3040 ἐπαίνων
3376 2981 3616 3053 ἅψασθαι
3646 2981 3762 3050 πρῦ

487 3088 702 3144 dicendi
728 3088 878 3153 facit,
909 3089 1166 3157 congruis
1187 3103 1251 3141 ac
1277 3088 1418 3156 aptis
1446 3087 1702 3141 laudibus
1731 3084 2067 3155 cuiqueloco

2175 3088 2281 3141 τῶν
2324 3086 2559 3157 θρήνων.
2616 3085 2691 3137 Οὐ
2749 3084 2857 3153 μὴν
2895 3081 3008 3136 ἀλλ’
3055 3081 3151 3133 ἐπὶ
3208 3076 3565 3148 παραμυθίαν
3598 3076 3762 3143 ὅμως

487 3185 729 3246 intextis,
765 3192 824 3237 ut
854 3197 1030 3251 neque
1063 3180 1291 3237 excedat
1337 3181 1485 3249 quod
1513 3181 1586 3235 sit
1618 3180 1921 3249 probabile,
1952 3194 2058 3234 nec

2179 3179 2445 3249 μεταϐὰς,
2498 3176 2868 3238 ἀποπαύεται,
2898 3171 3347 3242 ἐπιπλεκομένων
3392 3171 3610 3262 ἑκάστῳ
3639 3184 3763 3237 χω-

489 3291 679 3330 eornm
713 3274 918 3345 aliquid
945 3273 1180 3341 deﬁciat,
1212 3288 1334 3343 qua
1366 3274 1513 3329 dicto
1539 3288 1699 3344 Opus,
1727 3287 1791 3328 ac
1826 3286 2067 3345 congrua

2178 3271 2279 3344 ρίῳ
2315 3271 2427 3325 τῶν
2466 3270 2556 3324 ἀεὶ
2586 3267 3068 3340 προσηκόντωνοτε
3101 3265 3198 3317 καὶ
3228 3259 3763 3345 προσαρμοττόντων

490 3376 670 3432 erant,
704 3376 763 3421 ut
803 3338 866 3421 in
888 3363 1121 3437 singulis
1164 3338 1409 3435 quisque
1453 3338 1591 3419 arte'
1624 3363 1812 3432 legens
1849 3338 2067 3434 perspe-l

2176 3338 2437 3430 ἐπαίνων,
2474 3365 2550 3426 ὡς
2579 3338 2718 3433 μήτε
2758 3362 2821 3414 τὸ
2877 3358 3108 3412 πιθανὸν
3168 3340 3557 3425 ὑπερδάλλειν,
3611 3350 3764 3420 μήτε

2178 3458 2445 3513 ἐλλείπειν
2470 3474 2523 3510 τι
2548 3456 2659 3509 τῶν
2698 3456 2928 3510 ἐνόντων
2956 3468 3016 3506 τε
3045 3451 3142 3505 καὶ
3180 3450 3298 3520 ἅμα
3325 3446 3555 3501 δεόντων
3584 3442 3764 3515 ῥηθῆ-

2179 3568 2292 3616 ναι,
2314 3549 2390 3613 ὡς
2423 3549 2515 3604 ἐπὶ¹
2542 3546 2652 3600 τῶν
2701 3544 2824 3597 καθ’
2848 3543 3080 3598 ἕκαστον
3114 3542 3232 3595 ἐστι
3276 3537 3354 3610 τῷ
3385 3537 3528 3593 κατὰ
3558 3536 3764 3606 τέχνης

2181 3637 2612 3709 ἀναγινώσκοντι
2652 3635 2899 3707 θεωρεῖν.

499 3471 662 3529 xerit.
