4060 6590
491 380 598 443 1’63

1704 370 2116 435 MANUEIJS
2152 369 2605 433 PALASOLOGI

3647 369 3754 439 166

478 499 570 566 ius
599 505 654 551 et
684 511 900 567 equum
926 496 1290 552 aestimantis?
1319 496 1516 551 nedum
1545 494 1859 565 huiusmodi
1879 477 2075 563 judicia

2182 488 2245 559 δὴ
2273 490 2337 542 τὸ
2365 489 2472 561 πρὸ
2505 488 2704 560 μικροῦ
2728 490 2817 560 ὑφ’
2848 489 3002 560 ὑμῶν
3024 488 3317 562 εἰρημένον
3340 530 3358 556 ,
3384 486 3497 543 Καὶ
3520 487 3634 560 μὴν
3661 491 3760 575 et!

482 591 578 659 qui
600 591 760 660 paulo
780 599 906 645 ante
931 591 1027 646 Dei
1049 590 1255 655 anima,
1272 589 1498 659 spiritus
1518 598 1572 643 ct
1594 587 1833 642 Verbum
1859 603 1889 639 a
1910 585 2068 641 vobis

484 682 913 736 nominabatur?
941 682 1107 752 Atqui
1162 682 1209 737 si
1256 681 1599 736 Moamethus
1628 689 1889 747 cegnatos
1938 692 2071 733 suos

370 832 395 857 ς
482 772 664 839 potius
691 789 853 842 quam
881 772 1174 841 discipulus
1197 771 1590 841 malis~eripere
1612 770 1898 832 veiuisset,
1916 775 2072 824 certe

401 884 410 893 π
485 866 775 921 iuaeteruis
815 866 1098 935 suppliciis
1145 866 1396 936 discipuli
1446 865 1841 919 remansissent
1888 877 2072 919 :nnnc

485 973 635 1024 vero,
662 960 985 1030 propinquis
1006 960 1275 1023 dimissis.
1308 952 1554 1028 cum'qui
1583 958 1772 1012 eadem
1803 955 2072 1027 religione

483 1062 743 1107 essentex
772 1053 1114 1108 tenebricosa
1144 1052 1235 1107 illa
1263 1052 1481 1106 flamma
1531 1050 1764 1106 voluerit
1813 1049 2068 1117 educere,

484 1156 553 1197 ne
580 1144 679 1197 hoc
703 1143 920 1213 quidem
948 1143 1200 1214 perfecit.

556 1237 645 1293 l5.
675 1236 806 1289 Nam
850 1237 1033 1291 habito
1062 1237 1282 1306 quidem
1317 1235 1383 1291 ad
1410 1236 1681 1304 quosdam
1723 1242 1973 1303 respectu
2004 1248 2072 1289 ex

390 1368 399 1373 -
484 1327 651 1380 animi
687 1327 952 1382 sententia
992 1344 1101 1381 rem
1127 1327 1365 1382 confecit
1390 1327 1608 1381 :caeteri
1641 1335 1822 1380 autem
1852 1324 1904 1379 in
1944 1341 2064 1395 gur-

485 1424 590 1486 g'te
629 1420 873 1474 derelicti
900 1428 1045 1481 sunt,
1075 1420 1291 1474 etiamsi
1332 1435 1525 1473 omnes
1562 1419 1651 1473 ille
1681 1433 1748 1472 ex
1802 1417 1952 1473 fossa
1981 1433 2077 1473 ex-

485 1514 702 1568 trahere
734 1513 993 1567 voluerit.
1026 1511 1131 1566 Sed
1159 1511 1266 1577 fac,
1292 1512 1594 1567 secundum
1652 1512 1996 1581 propositum
2020 1520 2075 1566 et

485 1608 822 1659 voluntatem
865 1602 1159 1658 llloamethi
1189 1606 1290 1657 hoc
1314 1603 1579 1658 accidisse
1609 1616 1892 1672 ,quouam,
1912 1604 2074 1657 obse-

488 1712 610 1760 cro,
632 1696 1007 1766 justojudicio
1027 1694 1140 1749 fieri
1202 1696 1378 1764 putuit
1405 1698 1427 1749 1
1455 1693 1658 1749 Omnes
1684 1696 1828 1750 enim
1884 1694 2072 1750 eadem

489 1787 753 1855 religione
814 1796 992 1851 erant,
1032 1786 1367 1855 nimiamque
1417 1786 1655 1854 aliquam
1716 1781 2069 1853 peccatorum

496 1878 900 1933 multitudinem
949 1876 1216 1931 ferebant.
1242 1873 1478 1930 Proinde
1508 1875 1594 1930 vel
1620 1890 1805 1930 omnes
1848 1884 2070 1944 prepter

502 1970 659 2023 fnlem
693 1968 925 2022 liberare
949 1966 1256 2036 oportebat,
1290 1963 1374 2018 vel
1404 1978 1596 2043 omnes
1654 1977 1826 2033 plena:
1855 1961 2072 2015 tradere

494 2072 715 2132 propter
775 2067 1123 2129 peccatorum
1193 2056 1644 2126 magnitudinem.
1702 2054 1857 2111 Nunc
1916 2071 2070 2121 vero,

489 2153 620 2223 quia
673 2148 999 2204 criminibus
1055 2147 1329 2201 similibus
1368 2147 1673 2202 obstrictos
1730 2162 1837 2200 nou
1880 2146 2071 2202 eodem

494 2247 654 2299 modo
679 2248 1179 2304 remunerat,certe
1208 2248 1301 2293 aut
1325 2239 1412 2294 his
1447 2239 1802 2309 gratificatur,
1833 2248 1925 2295 aut
1950 2240 2073 2295 illos

492 2334 690 2405 injuria
711 2333 895 2394 allicit,
920 2341 1012 2385 aut
1035 2330 1203 2401 (quod
1229 2331 1445 2385 tertium
1472 2332 1743 2402 supereSI)
1767 2347 1874 2384 non
1901 2333 2075 2401 potuit

493 2430 751 2497 pcrticere
778 2425 830 2479 id
849 2425 994 2493 quod
1022 2423 1267 2493 volebat:
1288 2438 1601 2493 quanquam
1627 2423 1728 2477 hac
1750 2438 1966 2493 quoque
1988 2426 2072 2477 via

493 2533 686 2572 omnes
732 2532 761 2569 e
794 2515 954 2569 malis
984 2514 1198 2569 liberari
1237 2529 1462 2569 necesse
1519 2524 1655 2569 erat.
1690 2512 1893 2582 Nempe
1926 2515 2070 2582 Alin,

506 2606 914 2677 utprophetam
940 2604 1111 2658 ctDci
1154 2605 1419 2670 amicum,
1475 2606 1747 2675 plurimos
1801 2606 2073 2677 supplicio

497 2699 707 2770 eripere
729 2702 1006 2766 beataeque
1031 2697 1154 2751 vite
1202 2698 1505 2768 participes
1562 2698 1773 2754 eﬂlcere
1824 2699 2072 2764 decebat,

505 2791 756 2857 idemque
781 2786 957 2842 facere
981 2785 1234 2849 Fatmen,
1281 2787 1358 2839 tui
1405 2786 1681 2855 prophetae
1718 2787 1905 2852 filiam,
1951 2803 2075 2859 quae

506 2881 844 2947 multosipsa
874 2877 1088 2947 coniugi
1124 2891 1226 2930 suo
1248 2875 1332 2930 Ali
1385 2877 1677 2946 prophetas
1721 2880 1949 2948 peperit.
1995 2881 2073 2933 ita

497 2972 867 3040 unusquisque
883 2986 1070 3023 eorum
1106 2978 1367 3038 quantum
1391 2969 1458 3023 ab
1478 2969 1658 3039 judice
1675 2970 1937 3039 diligitur,
1956 2979 2076 3025 tan-

503 3074 615 3133 tum
651 3064 849 3132 poterit
877 3061 1021 3129 apud
1050 3063 1225 3128 ipsum
1252 3078 1266 3114 :
1292 3060 1428 3113 adeo
1456 3071 1516 3115 ut
1538 3062 1681 3115 alius
1704 3062 1925 3128 quidem
1950 3065 2069 3132 plu-

498 3173 605 3220 res,
635 3157 771 3210 alius
807 3156 1114 3224 pauciores,
1149 3153 1375 3221 quilibet
1401 3162 1580 3207 tamen
1630 3169 1660 3207 a
1688 3153 1799 3209 Deo
1843 3153 2073 3211 dilectus
2099 3133 2145 3253 ὁ

495 3254 707 3321 aliquos
737 3247 1040 3305 esuntibus
1088 3246 1324 3300 liberare
1379 3248 1572 3316 possit,
1622 3255 1778 3301 tanto
1840 3248 2075 3318 quisque

495 3341 734 3414 (opiner)
768 3355 1021 3403 numero,
1044 3349 1308 3408 quantum
1357 3338 1587 3394 dilectus
1616 3349 1718 3393 est.
1750 3339 1860 3394 lioc
1890 3342 2074 3411 sequi-

495 3446 585 3491 tur
607 3451 672 3495 οι
700 3434 767 3488 iis
784 3448 905 3503 qua:
928 3431 1134 3487 dixisti.
1162 3430 1296 3484 Nam
1315 3430 1360 3484 si
1377 3440 1501 3485 tuus
1525 3433 1789 3501 propheta
1814 3449 1900 3498 eo,
1927 3432 2074 3502 quod

495 3545 528 3584 a
561 3530 668 3582 Deo
700 3525 850 3579 valle
873 3524 1135 3596 diligitur,
1159 3523 1436 3576 infinitum
1463 3536 1653 3577 eorum
1696 3525 1788 3593 qui
1833 3527 2075 3594 puniun-

497 3633 587 3677 tur
605 3633 893 3674 numerum
926 3616 1189 3680 servabit,
1216 3616 1395 3670 crete-ri
1421 3630 1637 3685 quoque
1663 3618 1941 3686 prophetae
1959 3634 2084 3673 om-

480 3710 597 3769 ‘n'cs
622 3713 761 3766 idem
800 3711 977 3765 facere
1031 3717 1294 3777 possunt;
1329 3709 1513 3763 nullus
1546 3708 1691 3762 enim
1738 3725 1929 3765 eorum
1978 3722 2084 3780 est,

494 3822 656 3879 quem
683 3821 794 3861 non
816 3802 1121 3874 ipsejudici
1150 3803 1396 3857 omnium
1423 3801 1705 3857 hominum
1732 3806 1972 3861 amicum
1991 3822 2084 3864 es-

494 3916 553 3956 se
583 3898 838 3954 aflirmcs.

565 3993 635 4047 M
668 4029 684 4046 .
718 3991 906 4061 Igitur,
938 3989 983 4044 si
1013 4002 1137 4043 vera
1176 3988 1272 4041 tibi
1312 3986 1569 4057 iustaque
1629 3988 1813 4046 dicere
1867 3992 2075 4062 videor,

420 4141 426 4147 ,
495 4102 617 4150 nec,
650 4093 709 4139 ut
741 4092 883 4138 certe
907 4081 1043 4147 seio,
1085 4082 1223 4135 meis
1262 4080 1423 4135 dictis
1464 4081 1731 4136 infensius
1765 4083 2078 4144 adversaris

497 4182 630 4249 (non
669 4177 813 4232 enim
846 4191 1058 4231 mecum
1094 4182 1291 4243 praeter
1325 4188 1436 4226 rem
1487 4175 1816 4230 contendere
1872 4179 2025 4233 voles
2058 4194 2073 4232 :

2172 582 2420 651 Μωάμεθ
2471 583 2649 637 εἵλετο
2711 584 2842 647 τοὺς
2903 586 3189 651 συγγενεῖς
3244 583 3278 653 il
3330 582 3457 646 τοὺς
3491 581 3761 651 φοιτητὰς

2172 675 2342 729 αὐτοῦ
2374 676 2483 729 τῶν
2504 673 2693 731 δεινῶν
2722 666 3029 742 ἐξελέσθαι,
3058 675 3286 746 ἔμειναν
3322 674 3390 730 ἂν
3418 677 3470 728 oi
3500 673 3763 744 φοιτηταὶ

2170 765 2457 836 ἀπέραντα
2485 765 2847 837 κολαζόμενοι
2867 782 2881 796 ’
2914 766 3012 820 νῦν
3051 766 3131 831 δὲ,
3167 765 3384 836 χαίρειν
3427 765 3599 826 ἑάσας
3630 763 3763 826 τοὺς

2172 857 2322 927 αὐτῷ
2370 859 2750 929 προσήκοντας
2775 899 2789 923 ,
2817 859 2945 922 τοὺς
2985 850 3042 913 δὲ
3087 857 3190 928 τῆς
3234 856 3408 926 αὐτῆς
3457 855 3764 925 θρησκείας

2172 949 2322 1020 αι’)τῷ
2353 952 2454 1021 τῆς
2479 950 2765 1021 σκοτεινῆς
2792 950 2993 1019 φλογὸς
3018 949 3236 1021 δκείνης
3267 947 3531 1018 ιθελήσας
3563 947 3764 1016 ἐξαγα-

2171 1046 2313 1112 γεῖν,
2345 1044 2470 1097 οὐδὲ
2496 1042 2629 1114 γοῦν
2649 1043 2812 1097 τοῦτο
2839 1042 3209 1113 κατέπραξιν.

2242 1226 2337 1298 ιγ’.
2372 1228 2520 1297 Πρὸς
2571 1229 2671 1299 μὲν
2721 1227 2829 1298 γὰρ
2879 1227 3007 1291 τοὺς
3050 1226 3211 1293 ἐξέϐη
3275 1228 3450 1296 τούτῳ
3483 1225 3545 1279 τὸ
3586 1224 3767 1297 πέρας

2173 1327 2316 1379 κατὰ
2348 1324 2445 1395 τὴν
2478 1323 2742 1394 πρόθεσιν
2768 1338 2783 1354 ·
2819 1322 2869 1376 ei
2893 1321 2939 1374 δ’
2968 1319 3442 1389 ὲναπελείφθησαν
3484 1320 3566 1391 τῷ
3593 1321 3770 1391 βαρά-
3826 1348 3831 1351 τ

2175 1419 2289 1488 θρῳ
2312 1456 2327 1480 ,
2367 1418 2560 1470 τούτου
2593 1416 2804 1477 πάντας
2830 1413 3188 1484 βουληθέντος
3220 1410 3503 1477 ἐξελέσθαι
3533 1412 3632 1482 τῆς
3664 1410 3768 1466 τά·

2176 1525 2335 1576 φρου.
2370 1508 2431 1560 Εί
2465 1506 2522 1559 δὲ
2552 1505 2692 1559 κατὰ
2717 1504 2947 1572 γνώμην
2974 1501 3168 1557 τούτου
3203 1503 3396 1571 γέγονε
3425 1500 3626 1567 ταῦτα,
3652 1501 3765 1555 τίνι

2175 1601 2360 1671 δικαία
2388 1618 2391 1621 λ
2417 1600 2612 1668 γέγονε
2672 1597 2884 1667 ψήφῳς
2935 1596 3145 1657 Πάντες
3186 1594 3295 1664 γὰρ
3330 1594 3427 1646 καὶ
3447 1593 3548 1662 τῆς
3585 1591 3765 1660 αὐτῆς

2178 1678 2475 1765 θρησκείας
2509 1692 2665 1754 ὄντες
2693 1690 3016 1759 ἐτύγχανον,
3042 1688 3138 1741 καὶ
3167 1687 3229 1740 οὐ
3267 1685 3503 1757 φορητόν
3532 1701 3589 1738 τι
3620 1682 3768 1753 πλῆ-

2178 1788 2267 1849 θος
2296 1787 2586 1858 ἁμαρτιῶν
2631 1784 2909 1853 φέροντες.
2948 1781 3018 1835 Ἦ
3052 1780 3184 1849 γοῦν
3213 1779 3340 1842 τοὺς
3383 1778 3597 1839 πάντας
3636 1776 3768 1828 άντ-

2174 1879 2364 1934 λέσθαι
2395 1878 2561 1948 ἐχρῆν
2594 1877 2683 1929 διὰ
2708 1876 2811 1946 τὴν
2859 1874 3065 1936 πίστιν,
3089 1872 3122 1943 ἢ
3150 1864 3280 1935 τους
3309 1870 3557 1933 ἅπαντας
3598 1868 3764 1922 ἐᾶσαι

2173 1970 2500 2034 κολάζεσθαι
2560 1968 2650 2022 διὰ
2697 1968 2759 2021 τὸ
2785 1966 2895 2020 τῶν
2925 1956 3216 2035 ἁμαρτιῶν
3259 1962 3511 2033 μέγεθος.
3545 1960 3658 2015 Νῦν
3701 1958 3765 2014 δὲ

2173 2068 2285 2129 τοῖς
2322 2066 2458 2126 ἴσοις
2489 2062 2845 2130 ἐνεχομένους
2875 2058 2936 2112 οὐ
2960 2060 3075 2120 τοῖς
3091 2057 3274 2119 αὐτοῖς
3299 2054 3687 2124 ἀμειϐόμενος,
3721 2052 3760 2123 ἢ

2172 2155 2410 2210 τουτοισὶ
2441 2154 2827 2225 χαριζόμενος,
2853 2151 2887 2221 ἢ
2916 2150 3163 2234 ἐκείνους
3193 2149 3396 2202 ἀδικῶν
3421 2142 3701 2217 φαίνεται,
3721 2143 3761 2214 ἢ

2175 2250 2259 2317 (τό
2294 2264 2359 2316 γε
2390 2244 2594 2316 τρίτον)
2634 2244 2709 2315 μὴ
2742 2242 3017 2313 δυνηθεὶς,
3039 2240 3178 2311 ὅπερ
3215 2238 3492 2303 ἐϐούλετο,
3527 2236 3760 2307 πρᾶξαι.

2174 2341 2369 2395 Καίτοι
2398 2356 2461 2407 γε
2490 2340 2587 2391 καὶ
2617 2337 2746 2408 τῇδε
2788 2336 3002 2395 πάντας
3052 2332 3223 2403 ἐχρῆν
3257 2332 3367 2386 τῶν
3389 2330 3577 2386 κακῶν
3601 2329 3766 2383 ἐλευ-

2175 2432 2509 2501 θερωθῆναι.
2540 2431 2645 2482 Τδν
2674 2429 2784 2498 γὰρ
2825 2427 3009 2498 Ἀλῆν,
3058 2425 3351 2496 προφήτην
3377 2441 3438 2477 τε
3474 2423 3569 2477 καὶ
3599 2423 3765 2492 φίλον

2174 2515 2305 2578 ὄντα
2338 2522 2501 2587 Θεοῦ,
2554 2520 2846 2583 πλείστους
2896 2520 3008 2573 τῶν
3056 2519 3250 2573 δεινῶν
3302 2518 3632 2588 άφαρπάσαι
3674 2516 3765 2589 (ί)

2175 2617 2272 2670 καὶ
2315 2617 2415 2681 τῆς
2465 2613 2742 2685 μακαρίας
2774 2609 2948 2676 δεῖξαι
2982 2611 3241 2681 μετόχους
3275 2608 3443 2680 ζωῆς,
3491 2608 3585 2661 καὶ
3619 2593 3767 2677 πρός

2174 2725 2239 2778 γε
2272 2707 2351 2761 ἔτι
2391 2707 2491 2776 τὴν
2536 2705 2833 2773 Φατουμᾶν
2868 2702 2946 2773 (Ξ)
2972 2700 3134 2755 τοῦτο
3178 2701 3418 2771 δρᾶσαι,
3473 2696 3765 2770 θυγατέρα

2178 2800 2276 2868 μὲν
2306 2797 2475 2851 οὖσαν
2505 2796 2600 2848 τοῦ
2634 2794 2729 2848 σοῦ
2751 2794 3063 2871 προφήτου,
3087 2791 3318 2855 πολλοὺς
3343 2792 3400 2845 δὲ
3430 2791 3596 2846 πάλιν
3624 2807 3771 2864 προ-

2175 2893 2351 2962 φήτας
2382 2889 2635 2959 φύσασαν
2664 2888 2727 2940 ὲκ
2770 2886 2864 2940 τοῦ
2899 2885 3138 2954 συζύγου
3173 2883 3379 2956 ταύτης
3400 2884 3555 2954 ’Δλῆ.
3582 2884 3770 2938 Ἕκα...

2177 2998 2301 3043 στος
2347 2982 2455 3051 γὰρ
2487 2977 2612 3033 καθ’
2646 2978 2770 3031 ὅσον
2794 2976 3118 3048 φιλούμενός
3150 2977 3269 3030 ἐστι
3299 2979 3376 3047 τῷ
3401 2979 3589 3048 κριτῇ,
3615 2977 3774 3032 κατὰ

2176 3073 2429 3126 τοσοῦτον
2455 3072 2747 3141 δυνήσεται
2786 3070 2914 3140 παρ’
2949 3068 3097 3140 αὑτῷ
3122 3086 3137 3102 ·
3173 3069 3305 3124 ὥσθ’
3331 3072 3360 3123 ὁ
3388 3070 3489 3139 μὲν
3510 3070 3767 3136 πλείους,

2176 3165 2204 3217 ὁ
2249 3164 2305 3218 δὲ
2359 3164 2637 3228 ἐλάττους,
2673 3165 2785 3226 πᾶς
2829 3179 2913 3225 τις
2942 3161 3000 3215 δὲ
3034 3162 3185 3232 ὅμως
3221 3161 3516 3230 δυνήσεται
3542 3161 3650 3217 τῶν
3679 3162 3773 3234 τῷ

2180 3255 2300 3326 Θεῷ
2328 3256 2672 3326 φιλουμένων
2695 3255 2852 3314 τινὰς
2874 3255 3002 3313 τῶν
3048 3254 3324 3310 ὑποδίκων
3363 3255 3769 3326 ἑλευθερῶσαι,

2182 3351 2281 3406 καὶ
2310 3351 2599 3413 τοσούτους
2619 3348 2855 3413 ἕκαστος
2877 3346 3102 3420 (οῖμαι),
3128 3349 3359 3404 καθόσον
3379 3351 3496 3404 ἐστὶ
3512 3350 3789 3422 φιλητόςέ

2183 3445 2356 3500 Τοῦτο
2393 3445 2449 3499 δὲ
2476 3444 2587 3498 ἀπὸ
2608 3443 2706 3498 τοῦ
2742 3444 2837 3497 σοῦ
2870 3444 3309 3515 συμπεραίνεται
3337 3444 3520 3514 λόγου.
3546 3445 3610 3498 ΕΞ
3647 3445 3774 3519 γὰρ

2186 3540 2264 3610 τῷ
2319 3538 2595 3608 φιλεῖσθαι
2641 3537 2904 3601 ἐπιεικῶς
2961 3537 3196 3608 ἀριθμὸν
3253 3536 3533 3607 ἀμύθητον
3592 3536 3770 3593 σώσει

2189 3630 2580 3700 κολαζομένων
2616 3630 2644 3682 ὁ
2678 3628 2770 3692 σὸς
2806 3627 3120 3698 προφήτης,
3152 3626 3347 3680 ταυτὸν
3392 3625 3461 3679 ἂν
3499 3624 3772 3695 δράσαιεν

2187 3724 2277 3777 καὶ
2308 3724 2357 3777 οἱ
2390 3721 2540 3777 ἄλλοι
2577 3721 2783 3783 πάντες
2810 3719 3093 3790 προφῆται
3112 3732 3128 3749 ο
3162 3717 3337 3777 οὐδεὶς
3360 3716 3470 3787 γὰρ
3490 3716 3770 3788 δήπουθεν

2184 3816 2414 3879 τούτων,
2439 3814 2497 3868 ὃν
2524 3816 2627 3868 οὐκ
2652 3813 2719 3867 ἂν
2750 3812 2912 3875 αὐτὸς
2942 3811 3146 3882 φήσαις
3177 3810 3332 3880 φίλον
3362 3805 3505 3863 εῖναι
3536 3808 3614 3880 τῷ
3640 3825 3770 3879 κρι-

2182 3911 2252 3982 τῇ
2305 3908 2415 3961 τῶν
2454 3909 2671 3963 πάντων
2708 3903 3036 3975 ἀνθρώπων.

2258 4003 2342 4056 ιδ’.
2409 4001 2473 4055 Ei
2525 3999 2704 4053 τοίνυν
2761 4014 2845 4049 σοι
2894 3993 3161 4066 δοκοῦμεν
3215 3994 3390 4066 ἀληθῆ
3439 3996 3533 4049 καὶ
3572 3995 3769 4050 δίκαια

2182 4094 2386 4161 λέγειν,
2426 4091 2522 4143 καὶ
2554 4090 2654 4141 οὐκ
2687 4087 3030 4148 ἁντιτείνεις,
3061 4083 3123 4139 εὖ
3149 4081 3267 4139 οἶδα
3294 4084 3436 4156 (οὐδὲ
3464 4085 3574 4156 γὰρ
3600 4086 3771 4140 άκαί.

2186 4200 2296 4255 ρως
2342 4180 2615 4252 καταδέξῃ
2687 4179 3054 4249 φιλονεικεῖν·
3130 4177 3350 4240 πολλοῖς
3425 4183 3539 4242 σοῖς
3598 4180 3765 4235 τοῦτο

498 4270 552 4324 id
580 4284 646 4322 ex
679 4266 863 4322 multis
893 4265 1002 4321 tuis
1036 4273 1087 4319 et
1107 4264 1384 4334 praeclaris
1438 4263 1735 4319 virtutibus
1772 4268 2032 4338 conjicio)
2059 4287 2075 4325 :

495 4361 626 4431 quid
657 4359 833 4413 facere
862 4372 969 4413 non
1007 4364 1197 4425 posset
1230 4354 1444 4408 inﬁnita
1491 4354 1581 4407 illa
1607 4365 1918 4412 vestrorum
1950 4375 2076 4427 pro-

498 4454 785 4522 phelarum
815 4449 1131 4511 multitudo,
1163 4464 1262 4517 pro
1288 4448 1353 4501 iis
1387 4448 1478 4516 qui
1514 4447 1815 4516 puniuntur
1842 4452 2075 4507 amicum

2191 4458 2369 4524 μένων
2411 4457 2504 4511 τὸν
2555 4457 2710 4525 φίλον
2772 4457 2968 4529 κριτὴν
3025 4457 3497 4527 παραιτούμενοις
3537 4458 3598 4511 οὐ
3652 4458 3767 4530 μὴν

490 4547 730 4615 judicem
796 4541 1146 4613 deprecans?
1189 4540 1320 4610 quid
1381 4557 1506 4605 non,
1570 4541 1883 4611 quicunque
1936 4545 2075 4598 auti-

2185 4518 2322 4602 άλλὰ
2374 4552 2472 4605 καὶ
2515 4518 2716 4612 πάντες
2753 4518 2892 4602 οῖ’ἑν
2916 4518 2996 4618 τῷ
3023 4518 3171 4617 νόμῳ
3203 4518 3565 4620 σωθήσονται,
3598 4518 3765 4622 εἰπερ

498 4655 605 4710 qna
637 4638 756 4706 lege
793 4635 1178 4692 servabuntur.
1233 4632 1280 4685 si
1315 4646 1440 4685 vera
1479 4640 1584 4697 est,
1643 4646 1737 4685 nec
1766 4633 2076 4700 subinanis,

499 4743 590 4787 tua
618 4727 843 4799 opinio?
884 4726 1050 4787 Cedo,
1079 4738 1286 4793 quaeso,
1342 4723 1433 4777 ubi
1500 4723 1791 4780 collocabis
1836 4725 2075 4796 Moysen,

2184 4735 2379 4802 χάνει;
2415 4732 2527 4785 Ποῦ
2554 4734 2662 4803 γὰρ
2693 4732 2902 4800 θήσεις,
2933 4730 3055 4784 είπέ
3094 4747 3205 4800 μοι,
3254 4732 3347 4784 καὶ
3382 4732 3627 4805 Μωῦσῆν
3667 4737 3764 4787 τδν

398 4838 419 4851 ί
499 4831 710 4876 tantum
765 4816 984 4872 virum?
1033 4815 1123 4869 ubi
1177 4812 1345 4868 David
1405 4813 1624 4884 regem?
1667 4815 1758 4869 ubi
1803 4833 1924 4869 cum
1987 4817 2075 4872 illo

2182 4824 2473 4889 τι)σοῦτον;
2508 4825 2604 4878 καὶ
2630 4823 2794 4895 Aegio
2823 4824 2912 4876 τδν
2942 4823 3169 4892 βασιλέα
3192 4838 3208 4888 ;
3235 4822 3330 4875 καὶ
3363 4825 3463 4878 σὺν
3486 4826 3634 4895 αὐτῷ
3657 4826 3761 4895 τὴν

499 4916 763 4984 reliquam
799 4924 1015 4964 omnem
1047 4908 1242 4971 seriem
1267 4906 1509 4973 generis,
1542 4922 1606 4961 ex
1633 4922 1739 4974 qua
1770 4910 2072 4963 secundum

2181 4916 2349 4988 ἄλλην
2400 4919 2582 4971 πᾶσαν
2638 4889 2827 4986 σειῖξὰν
2881 4889 2977 4968 τοῦ
3025 4914 3241 4983 γένους,
3271 4914 3332 4979 ἐξ
3387 4910 3456 4987 ἦς
3508 4916 3571 4970 τὸ
3605 4889 3765 4972 -κατὰ

498 5022 718 5062 carnem
751 5004 1004 5059 Christus
1055 5008 1137 5075 est
1169 4998 1366 5052 natus?
1393 4997 1532 5052 Num
1568 4999 1718 5053 Solus
1748 4998 2075 5057 Moametbus

2183 5010 2363 5079 σάρκα
2399 5010 2632 5079 Χριστός
2653 5025 2666 5068 ;
2689 5004 2764 5061 Ἦ
2785 5010 2814 5061 ὁ
2836 5008 2934 5079 μὲν
2962 5007 3206 5076 Μωάμεθ
3235 5007 3377 5076 ὑπὲρ
3401 5009 3510 5063 τῶν
3537 5008 3766 5075 κολαζο-

500 5103 688 5155 dolore
723 5100 928 5153 fractus
968 5112 1067 5167 pro
1119 5095 1186 5151 iis
1241 5093 1334 5163 qui
1380 5094 1681 5164 puniuntur
1744 5096 2075 5154 intercedeti

2188 5099 2364 5169 μένων
2420 5097 2693 5169 καμφθεὶς
2749 5098 3195 5168 παραιτήσεται,
3263 5096 3411 5150 οὗτοι
3459 5097 3517 5150 δὲ
3567 5099 3766 5156 λίθινοί

504 5197 554 5247 bi
594 5207 722 5248 vero
752 5190 948 5259 lapidei
982 5188 1395 5259 quodammodo
1448 5198 1633 5249 erunt,
1691 5189 2075 5260 suppliciisque

2180 5208 2326 5254 τινες
2383 5191 2618 5255 ἔσονται,
2667 5190 2934 5259 ἀναλγητὶ
2983 5193 3111 5255 τοὺς
3164 5191 3222 5245 ἓν
3267 5194 3333 5258 τῇ
3367 5189 3590 5245 κολάσει
3623 5193 3766 5248 θεώ-

2182 4270 2578 4343 τεκμαίρομαι)
2606 4287 2620 4303 ·
2648 4271 2699 4324 τί
2731 4272 2833 4325 οὐκ
2864 4271 2931 4324 ἂν
2966 4271 3247 4341 ίσχύσαιεν
3303 4269 3509 4342 πρᾶξαι
3542 4272 3599 4326 αι
3643 4272 3760 4324 τῶν

2187 4366 2473 4435 ὑμετέρων
2504 4362 2797 4435 προφητῶν
2828 4364 3086 4434 μυριάδες
3113 4363 3213 4433 (3),
3241 4362 3382 4434 ὑπὲρ
3406 4363 3516 4417 τῶν
3533 4365 3764 4429 κολαζο-

2185 4642 2219 4709 ή
2249 4639 2376 4706 δόξα
2408 4657 2502 4694 σου
2535 4638 2745 4711 ἀληθὴς
2811 4639 2906 4691 καὶ
2961 4639 3024 4690 οὐ
3056 4638 3265 4711 ψευδής
3310 4657 3414 4703 τις,
3444 4635 3579 4693 οὖσα
3624 4658 3763 4711 τυγ-
3802 4686 3807 4691 .
3870 4666 3881 4677 -

501 5286 725 5338 allectos
774 5281 1026 5335 homines
1050 5281 1257 5347 absque
1296 5277 1410 5330 ullo
1457 5276 1662 5333 doloris
1716 5293 1878 5334 sensu
1939 5280 2087 5350 aspi-

502 5376 697 5431 cient?
738 5388 917 5428 nonne
975 5370 1402 5441 pulcherrimum
1470 5370 1616 5425 illius
1677 5370 1900 5438 factum,
1933 5377 2078 5443 qqu

503 5474 644 5528 bene
664 5469 1012 5534 successerit,
1043 5467 1109 5520 ad
1155 5466 1561 5521 miserationem
1596 5454 1713 5521 eos.
1737 5469 1900 5521 etiam
1933 5483 2083 5523 com-

504 5562 778 5619 movebit?
823 5578 932 5617 non
968 5559 1339 5631 persuadebit,
1376 5560 1507 5616 utsi
1536 5560 1666 5629 quid
1718 5561 1951 5620 urarint.
1984 5560 2071 5616 rei

578 5700 655 5768 (ii
677 5699 901 5770 Supple,
936 5700 1128 5770 ἐχρῆν.

579 5772 659 5841 (2)
685 5774 823 5826 Gud.
851 5771 1019 5826 Coisl.
1050 5770 1357 5824 Φατουσᾶν.

581 5838 655 5915 (ὃ)
684 5841 778 5900 Hic
810 5843 865 5897 in
897 5842 1060 5899 codd.
1098 5841 1341 5896 miniatis
1397 5838 1592 5895 litteris
1668 5838 1930 5909 scriptum
1994 5850 2076 5896 eSt

2185 5300 2368 5353 μενοι;
2409 5286 2503 5338 καὶ
2575 5284 2699 5338 οὐδὲ
2743 5288 2805 5339 τὸ
2853 5289 3069 5341 ἐκείνου
3127 5290 3461 5363 κατόρθωμα
3520 5293 3793 5364 ἑρεθίσεΓ

2188 5376 2378 5428 τούσδε
2417 5377 2548 5445 πρὸς
2577 5377 2764 5442 ἔλεον,
2801 5380 2922 5433 οὐδὲ
2956 5381 3139 5436 πείσει
3181 5384 3403 5449 πάντως
3430 5386 3653 5457 θαρρεῖν
3687 5386 3765 5451 ὡς

2189 5469 2286 5539 οὐχ
2322 5469 2707 5540 άμαρτήσουσι
2749 5471 3114 5541 δεησόμενοις
3162 5474 3301 5529 Ἀλλ’
3334 5478 3435 5530 οὐκ
3464 5478 3530 5530 ἂν
3565 5478 3763 5541 εῐηοις,

2183 5560 2312 5613 ὅταν
2333 5577 2396 5627 γε
2450 5561 2556 5631 μην
2606 5563 2741 5632 πρὸς
2776 5564 2889 5625 τοῖς
2930 5562 3114 5626 ἄλλοις
3168 5564 3342 5619 ἅπασι
3398 5566 3766 5638 πρεσϐευταῖς

2190 5700 2257 5752 οτι
2290 5717 2442 5754 oram
2478 5719 2490 5754 :
2524 5701 2875 5772 Σημείωσιι·
2911 5704 2961 5755 οἱ
3012 5702 3249 5771 Τοῦρκοι
3306 5706 3558 5772 λέγουσιν
3617 5702 3765 5766 εῖναι

2190 5773 2315 5834 τοὺς
2349 5772 2637 5840 προφήτας
2670 5774 2851 5824 αὐτῶν
2896 5773 3036 5842 ρμδ’.
3080 5775 3135 5827 id
3164 5788 3283 5828 est:
3319 5775 3465 5830 Nola
3501 5794 3528 5842 :7
3579 5776 3768 5841 Tunc

2188 5844 2396 5909 dicunt,
2428 5858 2549 5895 suos
2583 5844 2868 5913 prophclus
2896 5858 3117 5898 numero
3142 5859 3255 5899 esse
3281 5844 3453 5902 CXLI
3471 5841 3532 5904 νζ
