4060 6590
323 372 437 483 iss

1298 419 1689 484 DIALOGUS
1726 420 1786 481 II
1822 418 1990 482 CUM
2021 414 2591 480 MOHAMETANO.

3502 416 3605 483 165

324 533 475 595 (τοῖς
508 531 799 603 ἡμετέροις
832 532 1019 603 λέγω),
1039 534 1133 590 καὶ
1158 530 1254 604 τὴν
1277 533 1372 588 τοῦ
1398 535 1657 607 Σωτῆρος
1695 536 1914 607 μητέρα

2030 536 2301 597 compotes
2334 528 2451 583 fore
2474 543 2533 584 se
2584 539 2804 598 quoque
2862 508 3181 585 conﬁdant?
3229 527 3335 585 Sed
3373 530 3476 587 hoc
3509 547 3604 587 ne-

321 621 681 693 tvOupqOﬁc,
725 623 1063 695 συγγνώμην
1096 641 1162 695 γε
1197 623 1601 696 ἐξαιτουμένην
1630 627 1776 697 ὑπὲρ
1803 627 1915 681 τῶν

325 716 417 777 είς
465 716 692 783 γέενναν
722 717 1140 787 ἐμϐληθέντωνο
1182 717 1306 789 ἣτις
1354 718 1419 788 δη
1461 718 1648 789 μήτηρ
1695 717 1916 788 ἀπόχρη

324 807 433 859 καὶ
467 807 603 879 μόνη
640 807 703 861 τδ
733 810 843 862 πᾶν
880 808 1251 880 ἐργάσασθαι,
1290 810 1451 879 εἴπερ
1477 810 1625 873 είκὸς
1654 804 1723 883 ἦν
1755 809 1918 863 τοῦτο

322 898 616 965 γενέσθαι.
637 899 702 953 Τί
725 899 790 954 ἂν
808 901 1006 966 εἴποις
1038 897 1074 972 ἦ
1100 901 1286 971 δῆλον,
1317 900 1393 965 ὡς
1430 901 1609 964 οὐδεὶς
1632 901 1744 955 τῶν
1773 900 1915 971 φαύ-

325 989 446 1041 λων
479 987 785 1059 ἀνθρώπων
832 990 993 1062 δίκην
1040 990 1246 1045 τίσειεν
1274 991 1366 1059 ἂν,
1394 990 1513 1045 ἀλλ’
1542 990 1785 1056 ἅπαντες
1815 992 1917 1063 μὲν

331 1081 662 1153 ἀνδροφόνοι
706 1082 803 1136 καὶ
845 1083 1095 1151 μέθυσοι,
1127 1082 1370 1147 ἃπαντας
1422 1083 1469 1139 δ’
1513 1084 1788 1157 ἀρπαγες,
1821 1088 1918 1143 καὶ

330 1173 652 1239 ἀκόλαστοι,
684 1176 783 1230 καὶ
813 1174 1146 1244 λωποδύται,
1168 1178 1264 1232 καὶ
1295 1177 1589 1249 ἱερόσυλοι,
1628 1181 1726 1234 καὶ
1761 1182 1789 1234 ὀ
1808 1180 1918 1233 τῶν

327 1267 599 1321 τοιούτων
625 1269 801 1338 ἑσμὸς
822 1270 931 1324 τῶν
977 1271 1216 1325 αίωνίων
1254 1272 1478 1340 ἀγαθῶν
1511 1273 1916 1341 ἀπολαύσουσι;

327 1359 412 1413 Τὸ
450 1358 557 1429 γὰρ
591 1358 791 1430 ἑτέρως
818 1363 1039 1431 φρονεῖν
1072 1362 1337 1428 ἐπιεικῶς
1364 1363 1736 1435 ἀνάρμοστον.
1759 1367 1918 1419 Δυοῖν

325 1450 389 1503 δὲ
452 1450 699 1521 θάτερον,
754 1451 865 1519 φίλ’
916 1454 1138 1523 ἑταῖρε,
1190 1454 1373 1523 λέγειν
1442 1456 1698 1527 ἀνάγκηο
1759 1456 1792 1527 ἢ
1849 1458 1919 1512 τὰ

323 1540 524 1595 δίκαια
555 1542 851 1612 τηροῦντος
877 1542 973 1597 τοῦ
1001 1544 1217 1615 κριτοῦ,
1239 1545 1443 1616 μηδένα
1464 1547 1574 1600 τῶν
1597 1547 1678 1611 είς
1700 1547 1922 1601 κόλασιν

323 1633 726 1704 ἐμϐληθέντων
754 1635 969 1690 ἐκεῖθεν
999 1636 1243 1703 ἐξελθεῖν
1275 1641 1339 1710 τῇ
1372 1639 1467 1692 τοῦ
1490 1639 1739 1710 Μωάμεθ
1767 1641 1922 1712 φιλίᾳ

324 1728 419 1795 (τὸ
449 1727 559 1794 γὰρ
589 1726 861 1799 ὑμέτερον
883 1727 1032 1797 λέγω
1061 1729 1262 1799 δόγμα)
1287 1745 1301 1760 ·
1339 1730 1373 1801 ἢ
1416 1731 1508 1784 καὶ
1543 1731 1682 1799 πρὸς
1714 1732 1921 1796 πάντας

2018 635 2297 690 quaquam
2336 619 2566 687 dixeris,
2601 618 2900 674 dummodo
2968 628 3168 687 praeter
3210 634 3403 678 omnes
3447 634 3608 680 caete-

2018 728 2114 770 ros
2173 713 2562 782 deprecatores
2625 713 2870 780 (nostros
2895 712 3042 783 dico)
3098 712 3153 767 in
3224 722 3459 770 mentem
3509 716 3608 772 tibi

2020 808 2205 863 veniat
2226 807 2539 864 Servatoris
2560 807 2735 877 ipsius
2755 817 2948 873 mater,
2964 823 3062 878 pro
3078 807 3306 877 dejectis
3331 809 3382 863 in
3402 811 3609 879 gehen-

2020 916 2149 955 nam
2183 900 2501 971 supplicans
2529 918 2542 954 :
2578 915 2701 970 qua:
2739 901 2963 970 quidem
2997 910 3169 955 mater
3204 902 3319 956 sola
3351 903 3477 957 huic
3508 902 3611 958 toti

2019 994 2241 1065 negotio
2282 994 2647 1060 conticiendo,
2680 994 2728 1050 si
2781 993 3001 1064 quidem
3037 994 3148 1048 ullo
3176 996 3405 1065 omnino
3443 996 3608 1051 niodn

2021 1086 2138 1141 ﬁeri
2167 1096 2375 1156 posset,
2404 1101 2633 1156 prorsus
2664 1085 2957 1142 suﬁieeret.
2980 1083 3100 1140 Jam
3124 1102 3253 1141 vero
3274 1087 3405 1157 quid
3440 1087 3615 1144 dicis?

2022 1192 2209 1234 nonne
2255 1178 2432 1246 palam
2485 1185 2591 1243 est,
2644 1178 3020 1245 improborum
3058 1179 3340 1234 hominum
3378 1180 3457 1235 sic
3515 1195 3614 1236 nc-
3700 1183 3705 1189 ’

2022 1269 2226 1322 minem
2249 1283 2372 1323 esse
2404 1282 2593 1334 pinnas
2625 1269 2902 1333 daturum,
2931 1268 3025 1323 sed
3058 1268 3364 1325 homicidas
3398 1284 3611 1337 omnes,

2024 1360 2298 1424 ebriosos,
2331 1370 2600 1427 raptores.
2632 1358 2973 1423 libidinosos,
3024 1372 3388 1429 grassatores,
3438 1361 3615 1416 sacri-

2025 1448 2196 1519 legos,
2257 1457 2547 1516 totumque.
2606 1446 2928 1517 huiusmodi.
2968 1463 3186 1519 gregem
3264 1452 3615 1520 sempiternis

2025 1541 2187 1596 bonis
2212 1555 2334 1596 esse
2372 1539 2681 1594 ﬁnituros?
2728 1536 3009 1610 Siquidem
3056 1541 3217 1596 aliter
3249 1544 3453 1598 sentire
3502 1561 3613 1600 non

2022 1643 2197 1703 potes.
2232 1632 2473 1691 Necesse
2503 1642 2586 1687 est
2612 1633 2783 1697 enim,
2809 1632 3127 1689 dulcissime
3154 1635 3351 1702 amice,
3383 1644 3442 1689 ut
3471 1635 3615 1690 alte-

2024 1740 2146 1779 rum
2176 1724 2329 1778 dicas
2352 1723 2417 1778 de
2438 1722 2691 1778 duobus:
2740 1732 2857 1789 aut,
2900 1723 3085 1792 judice
3126 1726 3441 1797 tequitatem
3497 1742 3617 1783 ser-

323 1820 468 1881 τοὺς
493 1821 612 1872 ἐκεῖ
637 1819 770 1883 ἴσως
796 1821 1009 1874 ἐκεῖνον
1037 1821 1375 1891 διατεθῆναι,
1412 1823 1508 1876 καὶ
1555 1823 1916 1893 μηδοντινοῦν

2030 1828 2209 1883 vante,
2259 1818 2535 1871 neminem
2570 1832 2636 1871 ex
2688 1816 2823 1882 illis,
2852 1819 2944 1888 qui
3004 1820 3058 1873 in
3102 1820 3280 1889 pinnis
3332 1821 3614 1884 haeserint,

326 1912 691 1985 κολασθῆναι.
712 1911 898 1986 Ταύτῃ
915 1914 1025 1985 γὰρ
1040 1910 1187 1985 ἂνῆν
1206 1915 1527 1985 περισώζων
1546 1918 1640 1970 καὶ
1658 1916 1718 1969 τὸ
1738 1917 1928 1987 φιλάν-

2033 1920 2258 1980 propter
2297 1908 2912 1965 Moamethiamicitiam
2944 1911 3308 1968 indeliberari
3343 1916 3611 1983 (vestrum

325 2005 555 2075 θρωπον
572 2004 761 2070 αὐτοῦ,
779 2007 872 2077 καὶ
888 2006 950 2059 τὸ
962 2006 1096 2077 πρὸς
1116 2007 1213 2078 τὴν
1231 2006 1427 2061 ἑαυτοῦ
1450 2009 1663 2079 μητέρα
1679 2011 1771 2063 καὶ
1790 2011 1923 2064 πάν-

2030 2003 2222 2075 dogma
2252 2002 2454 2072 refero)
2488 2020 2503 2058 :
2535 2012 2630 2058 aut
2681 2019 2810 2075 erga
2842 2019 3054 2070 omnes,
3125 2006 3219 2075 qui
3252 2004 3326 2060 ibi
3388 2004 3612 2073 fuerint,

324 2112 437 2157 τας
465 2094 672 2148 δίκαιον
688 2095 886 2159 ’ἄλλως
905 2096 953 2148 δ’
974 2096 1040 2150 ἂν
1069 2103 1290 2161 πάντως
1320 2098 1557 2168 χωλεῦον
1572 2095 1640 2169 ἦν
1657 2116 1759 2152 που
1779 2100 1921 2154 κατά

324 2206 384 2240 τι
421 2186 453 2255 ἥ
490 2188 551 2240 τὸ
573 2187 957 2260 φιλάνθρωπον
975 2189 1162 2254 αὐτοῦ,
1186 2189 1217 2261 ἢ
1245 2191 1302 2243 τὸ
1330 2190 1560 2256 δίκαιον,
1584 2190 1616 2261 ἢ
1642 2192 1734 2245 καὶ
1762 2192 1921 2246 πάνθ’

325 2279 498 2349 ὁμοῦ,
535 2280 694 2350 φασὶ,
726 2283 1018 2352 χρήματαο
1070 2283 1375 2354 καθαπερεὶ
1420 2284 1529 2355 γὰρ
1563 2283 1798 2355 φύρεται
1824 2286 1920 2339 καὶ

329 2374 623 2441 συγχεῖτσι
676 2373 746 2427 τά
781 2373 877 2427 τοῦ
914 2373 1051 2427 Θεοῦ
1084 2372 1393 2444 πράγματα
1422 2378 1500 2446 τῷ
1536 2379 1922 2449 προειρημένῳ

332 2480 427 2515 σοι
457 2462 622 2532 λόγῳ.
652 2463 715 2516 El
746 2462 857 2533 γὰρ
901 2461 1053 2517 οὐδὲν
1094 2464 1203 2517 τῶν
1232 2463 1457 2532 ἀγαθῶν
1491 2467 1539 2518 oi
1580 2466 1774 2535 φαῦλοι
1812 2468 1923 2537 χεί-

334 2570 467 2621 ρους
492 2553 795 2622 ἐφαίνοντο,
828 2553 1059 2623 μάταιον
1092 2555 1192 2625 μὲν
1224 2555 1285 2608 τὸ
1315 2555 1544 2625 φεύγειν
1568 2555 1719 2626 ἥττω
1745 2558 1921 2628 φανῆ-

330 2663 430 2699 ναι
450 2647 557 2700 τῶν
589 2647 818 2717 ἡδονῶν,
848 2648 1078 2719 μάταιον
1105 2649 1162 2703 δὲ
1186 2650 1247 2702 τὸ
1274 2649 1403 2719 περὶ
1448 2648 1702 2704 πλείστου
1748 2653 1924 2704 ποιεῖ-

332 2738 468 2791 σθαι
516 2741 753 2804 κρείττω
768 2740 1052 2815 ’γενέσθαι
1100 2739 1296 2811 θυμοῦ,
1328 2740 1486 2793 κενὸν
1512 2740 1570 2793 δὲ
1600 2742 1708 2811 ἄρα
1738 2745 1833 2796 καὶ
1861 2744 1923 2797 τὸ

329 2831 452 2882 τῶν
484 2829 786 2900 ἀλλοτρίων
808 2832 1136 2902 ἀπέχεσθαι.
1169 2832 1388 2887 Τούτων
1410 2835 1466 2887 δὲ
1501 2834 1923 2905 οῦτωςὲχόιέτων

331 2922 621 2993 παρέλκον
651 2924 717 2978 ἂν
746 2925 959 2992 γένοιτο
979 2928 1073 2981 καὶ
1095 2927 1154 2979 τὸ
1173 2927 1265 2981 τὸν
1286 2927 1521 2997 Χριστὸν
1549 2929 1828 2981 κατελθεῖν
1858 2929 1923 2980 ἐκ

330 3014 454 3067 τῶν
487 3016 755 3085 οὐρανῶν,
782 3020 968 3088 κρῖναι
1000 3019 1184 3073 πᾶσαν
1221 3018 1321 3091 τὴν
1352 3018 1479 3089 γῆν,
1515 3020 1664 3081 ὅπως
1708 3018 1924 3073 δικαίαν

328 3106 584 3180 ἀμοιϐὴν
612 3110 722 3163 τῶν
750 3115 1159 3183 πεπραγμένων
1185 3112 1418 3176 ἕκαστος
1448 3113 1628 3168 λάϐοι.
1659 3113 1828 3168 Πόθεν
1857 3114 1925 3168 ἂν

329 3199 437 3254 οὖν
493 3201 721 3270 δίκαιον,
749 3197 794 3259 ὧ
853 3205 1049 3273 ἀγαθὲ,
1094 3205 1227 3260 νοῦν
1254 3205 1427 3276 ἔχοντ’
1469 3206 1637 3277 ἀνδρα
1696 3207 1923 3262 τοιαῦτα

331 3293 561 3363 λέγειν;

2027 2097 2307 2166 aequaliter
2336 2111 2459 2151 eum
2491 2096 2747 2152 allectum
2806 2112 2947 2164 esse,
3021 2113 3121 2154 nec
3167 2099 3334 2154 ullum
3387 2102 3615 2157 omnino

2030 2204 2222 2260 pcenas
2240 2192 2390 2245 dare.
2414 2191 2529 2258 Qua
2551 2207 2608 2247 re
2624 2200 2678 2245 et
2700 2207 2854 2246 suam
2877 2192 3043 2264 judex
3059 2208 3187 2265 erga
3211 2193 3616 2251 hnminesami-

2028 2283 2237 2348 citiatn,
2258 2291 2310 2338 et
2345 2299 2469 2355 erga
2503 2285 2779 2357 propriam
2816 2295 3042 2341 matrem
3071 2298 3414 2358 cunctosque
3440 2289 3608 2357 justi-

2030 2375 2158 2431 tiam
2199 2385 2488 2433 tueretur:
2551 2378 2794 2448 alioquin
2857 2380 2942 2434 vel
2993 2380 3307 2437 humanitas
3366 2383 3487 2453 ejus
3533 2384 3616 2438 vel

2024 2469 2239 2539 justitia
2271 2484 2336 2524 ex
2367 2471 2550 2541 aliqua
2596 2481 2749 2541 parte
2776 2472 3130 2538 claudicaret,
3189 2477 3273 2530 vel
3328 2476 3510 2530 omnia
3543 2477 3619 2530 si-

2032 2562 2169 2626 mnl,
2207 2570 2264 2616 ut
2305 2564 2459 2617 aiunt
2488 2582 2501 2618 :
2535 2579 2661 2618 nam
2690 2564 2781 2630 iis,
2808 2580 2928 2634 qua:
2959 2567 3122 2620 modo
3158 2567 3364 2631 dixisti,
3388 2567 3620 2622 confun-

2031 2653 2176 2707 ditur
2204 2656 2361 2725 quasi
2390 2667 2443 2711 et
2470 2657 2824 2726 perturbatur
2855 2668 2966 2714 tota
3018 2660 3086 2714 de
3140 2659 3250 2715 Deo
3300 2661 3620 2730 disputatio.
3723 2643 3729 2650 I

2031 2746 2245 2800 Etenim
2276 2748 2323 2803 si
2378 2748 2757 2819 improborum
2800 2752 2949 2806 nulla
2973 2767 3034 2806 re
3091 2753 3333 2808 deterior
3394 2769 3516 2810 esse
3542 2754 3622 2809 vi-

2030 2837 2252 2893 deretur
2289 2855 2453 2909 quam
2485 2842 2787 2911 proborum
2810 2844 3073 2911 conditio,
3102 2844 3280 2915 inepte
3303 2862 3438 2901 sane
3467 2845 3618 2902 lace-

2032 2940 2135 2996 ret,
2163 2930 2256 2999 qui
2286 2932 2495 3002 {ngeret
2524 2933 2817 3004 voluptatis
2855 2934 3184 2989 invidiosum
3227 2952 3449 3002 nomen,
3493 2938 3614 2993 inc-

2030 3032 2119 3092 pte
2146 3024 2238 3093 qui
2272 3024 2452 3093 magni
2485 3024 2691 3079 faceret
2730 3026 3068 3082 iracundiam
3090 3028 3367 3092 cohibere,
3388 3029 3623 3086 ridicule

2030 3115 2124 3184 qui
2158 3116 2352 3170 alienis
2379 3117 2698 3173 abstineret.
2722 3117 2867 3185 Qnin
2898 3119 2944 3173 si
2977 3120 3090 3175 luce
3133 3120 3207 3174 ita
3271 3131 3477 3188 essent,
3528 3137 3625 3176 sn-

2005 3224 2368 3279 Ipervacanea
2396 3208 2583 3265 hercle
2616 3210 2757 3266 foret
2798 3211 3002 3267 Christi
3031 3227 3061 3267 e
3104 3212 3259 3268 cmlis
3307 3213 3625 3281 descensio,

2033 3310 2091 3355 ut
2125 3317 2341 3355 onmem
2372 3311 2573 3356 terram
2610 3303 2837 3373 judicet,
2898 3304 3215 3375 singulique
3271 3320 3498 3359 suorum
3539 3305 3623 3360 l'a-

341 3403 565 3447 etorum
625 3394 1125 3450 remunerationem
1178 3396 1464 3467 accipiant.
1530 3397 1734 3468 Itaque,
1786 3399 1862 3453 mi
1893 3399 2313 3469 ;humanissime
2355 3400 2577 3472 hospes,
2635 3417 2884 3472 quaenam
2931 3408 3112 3473 potest
3156 3402 3384 3459 subesse
3435 3419 3622 3474 causa,

336 3499 407 3546 ut
442 3490 545 3555 vir,
571 3491 623 3545 in
653 3506 762 3561 quo
791 3501 876 3548 est
905 3507 1119 3548 summa
1151 3496 1313 3561 ratio,
1346 3494 1427 3550 sic
1455 3495 1757 3565 loquatur?

420 3586 504 3638 ιε’.
539 3582 891 3655 Βούλομαιλδὲ
916 3603 970 3639 τι
1004 3586 1102 3640 νῦν
1127 3589 1303 3642 εἰπεῖν
1337 3591 1433 3642 καὶ
1463 3590 1591 3659 περὶ
1628 3592 1729 3661 τῆς
1756 3591 1816 3643 ὲν
1846 3592 1924 3662 τῷ

338 3677 668 3747 παραδείσῳ
724 3678 957 3749 τρυφῆς,
988 3679 1082 3732 καὶ
1134 3683 1234 3751 τῆς
1280 3680 1339 3733 ἐν
1377 3681 1571 3753 ἐκείνῳ
1614 3682 1826 3753 διαίτης
1865 3702 1923 3738 τε

341 3772 450 3824 καὶ
507 3769 687 3834 ζωῆς’
743 3773 810 3843 ἢν
863 3770 930 3842 δὴ
976 3771 1130 3826 θείαν
1185 3773 1283 3842 μὲν
1328 3774 1424 3827 καὶ
1465 3776 1744 3845 μακαρίαν
1786 3773 1926 3832 εἷναί

335 3880 513 3933 φατε,
557 3859 637 3927 οἷς
685 3865 742 3918 δὲ
788 3862 946 3929 αὖθις
989 3865 1202 3935 λέγετε,
1252 3869 1444 3939 πόρρω
1496 3887 1599 3923 που
1649 3871 1926 3942 θειότητος

335 3958 553 4028 ταύτην
605 3961 698 4012 καὶ⁵
753 3961 1158 4032 μακαριότητος
1220 3964 1579 4031 ἀποφαίνετε.
1637 3966 1700 4018 Ei
1749 3966 1815 4019 σὺ
1869 3966 1925 4018 δὲ

339 4049 568 4122 βούλοιο
615 4053 832 4122 πρῶτον
878 4054 1351 4124 ἀπολογήσασθαι,
1390 4058 1516 4125 περὶ
1556 4049 1632 4111 ὧν
1665 4074 1757 4111 σου
1793 4075 1928 4113 ταυ-
1962 4112 1967 4114 ο

338 4145 477 4214 τηνὶ
508 4147 608 4215 τὴν
637 4144 797 4210 δόξαν
827 4146 1223 4218 διεϐεϐλήκειν,
1257 4148 1487 4217 ἄσμενοί
1530 4167 1625 4203 σου
1677 4151 1929 4219 λέγοντος

338 4238 725 4308 ἀκουσόμεθα.
756 4236 870 4292 Καὶ
922 4239 983 4305 ὃς
1022 4240 1169 4310 ἔφη’
1219 4240 1360 4294 Ἀλλ’
1418 4243 1520 4296 ούκ
1574 4243 1820 4313 εὐχερῶς
1864 4244 1931 4297 ἂν

341 4329 530 4401 ἔχοιμι
552 4329 669 4395 νῦν,
699 4331 808 4385 οὐδ’
832 4331 897 4385 ὲκ
931 4331 1026 4385 τοῦ
1060 4333 1355 4403 προχείρου
1389 4350 1471 4387 σοι
1503 4334 1601 4406 τὴν
1632 4334 1931 4404 ἀπολογίαν

340 4423 572 4479 διδόναι.
603 4423 751 4494 Πλὴν
786 4423 931 4479 οὕτω
972 4425 1396 4496 παρειλήφαμέν
1442 4442 1503 4479 τε
1552 4430 1647 4479 καὶ
1680 4426 1928 4492 ἐδοξάζο-

348 4531 453 4585 μεν
476 4531 490 4546 ·
517 4516 586 4570 τά
614 4532 697 4569 σοι
724 4514 780 4569 δὲ
807 4515 902 4569 νῦν
924 4517 1195 4588 είρημένα
1216 4517 1363 4588 (οὐδὲ
1391 4517 1501 4588 γὰρ
1531 4519 1812 4589 ψεύσομαί
1839 4527 1927 4588 γε)

2104 3590 2191 3644 15.
2235 3588 2426 3644 Dicam
2455 3605 2599 3645 nunc
2627 3589 2694 3646 de
2721 3590 2958 3661 paradisi
3002 3589 3233 3661 deliciis,
3257 3601 3311 3648 et
3335 3594 3401 3649 de
3434 3595 3623 3650 tradit-

2031 3681 2199 3735 cenda
2238 3681 2309 3735 ibi
2360 3681 2500 3736 vita:
2554 3697 2716 3751 quam
2772 3682 3013 3737 divinam
3064 3684 3359 3753 quidemet
3408 3685 3621 3744 beatam

2030 3788 2151 3845 esse
2180 3773 2389 3835 dicitis.
2428 3774 2520 3827 sed
2588 3774 2905 3844 vestrisipsi
2955 3777 3363 3831 set-nionibusa
3420 3779 3625 3833 divini-

2034 3876 2141 3920 tate
2174 3872 2228 3920 et
2287 3865 2548 3920 felicitate
2598 3859 2814 3935 procul'
2846 3866 3037 3920 abesse
3091 3868 3502 3923 demonstratis.
3559 3869 3621 3924 Si

2036 3965 2214 4011 tamen
2242 3956 2387 4010 illam
2422 3968 2569 4012 tuam
2628 3957 2941 4028 opinionem
2975 3965 3100 4010 ante
3152 3957 3446 4013 defendere
3467 3958 3626 4014 volu-

2032 4050 2163 4114 eris,
2184 4061 2236 4105 et
2261 4066 2397 4121 quas
2428 4062 2617 4107 contra
2642 4050 2813 4120 objeci
2843 4051 3298 4120 reprehensiones
3317 4051 3629 4116 inﬁrmare,

2034 4144 2190 4200 valde
2210 4162 2329 4201 sum
2352 4146 2583 4215 cupidus
2603 4154 2655 4200 te
2685 4145 2738 4199 in
2767 4143 3041 4213 ejusmodi
3070 4143 3322 4199 oratione
3341 4142 3620 4198 audiendi.

2035 4240 2103 4291 At
2129 4238 2300 4301 enim,
2349 4238 2648 4308 respondit,
2707 4254 2839 4293 mete
2890 4238 3165 4309 opinionis
3228 4252 3372 4293 nunc
3442 4252 3621 4309 neque

2038 4328 2313 4397 perfacilis
2346 4338 2454 4394 est,
2494 4345 2675 4399 neque
2729 4331 2849 4385 sine
2911 4332 3374 4387 commentatione
3418 4332 3625 4402 suscipi

2038 4419 2495 4489 potestdefensio.
2548 4420 2658 4476 Nos
2679 4421 2760 4477 sic
2781 4437 2813 4476 a
2862 4423 3160 4493 majoribus
3183 4423 3511 4493 accepimus,
3543 4425 3627 4480 sic

2039 4510 2555 4581 credidimus:qu:e
2593 4523 2773 4567 tamen
2798 4522 2851 4567 ttt
2881 4514 3090 4579 dixisti,
3136 4527 3298 4571 rectae
3362 4532 3426 4571 ca
3490 4516 3627 4572 rati-

347 4604 448 4657 τοῦ
477 4604 640 4675 ὀρθοῦ
685 4623 775 4675 μοι
809 4606 1014 4676 μᾶλλον
1043 4606 1283 4677 ἐχόμενα
1324 4607 1486 4675 λόγου
1526 4608 1667 4680 ἥπερ
1699 4610 1768 4663 τὰ
1795 4609 1928 4681 ἠμέ-

2040 4599 2130 4652 oni
2172 4602 2346 4670 magis
2376 4611 2739 4656 consentanea
2759 4602 3016 4659 videntur
3045 4605 3196 4675 (vere
3214 4615 3390 4662 tecum
3419 4608 3626 4678 agam).

348 4712 487 4767 τερα
513 4698 791 4766 φαίνεται.
834 4699 1042 4769 Καιρός
1090 4717 1173 4753 σοι
1226 4699 1409 4754 τοίνυν
1452 4700 1635 4770 λέγειν
1679 4702 1746 4755 τὰ
1790 4702 1932 4755 κατὰ

347 4785 480 4840 νοῦν
508 4790 638 4858 περὶ
674 4789 778 4861 τῆς
814 4789 997 4859 Ἐδέμ.
1028 4792 1138 4843 Καὶ
1170 4792 1198 4843 ό
1242 4793 1393 4856 παῖς,
1426 4790 1612 4844 λαϐὼν
1659 4791 1933 4845 τούνδόσι-

354 4894 459 4947 μον
488 4878 640 4949 παρά
686 4878 780 4932 τοῦ
833 4882 1060 4951 πατρὶς,
1092 4880 1295 4951 βοήσας
1341 4897 1395 4934 τι
1450 4880 1935 4953 βαρϐαρικώτερον

258 4992 269 4999 -
351 4971 449 5023 καὶ
501 4970 858 5043 θρασύτερον,
901 4971 1043 5042 ἔφη·
1084 4974 1159 5027 Ού
1213 4972 1277 5025 σύ
1333 4989 1395 5041 γε
1444 4974 1658 5043 φθάσας
1702 4973 1936 5045 εἴρηκας

356 5065 494 5135 πρὸς
549 5066 721 5134 ἡμᾶς,
766 5064 857 5117 τὸν
907 5064 1042 5117 Θεὸν
1091 5062 1160 5118 δι’
1206 5063 1524 5135 ἀγαθότητα
1573 5064 1745 5135 μόνην
1783 5065 1937 5134 δεδη-

358 5160 762 5230 μιουργηκέναι
809 5159 876 5212 τὰ
923 5158 1253 5227 σύμπαντας
1292 5157 1409 5212 Νῦν
1448 5158 1493 5211 δ’
1541 5158 1726 5229 ὑμνῶν
1769 5158 1935 5213 αὐτοῦ

353 5254 458 5323 τὴν
507 5250 883 5320 δικαιοσύνην,
905 5250 1002 5319 τὴν
1038 5251 1355 5319 ἀγαθότητα
1405 5250 1765 5319 σεσιώπηκας
1792 5267 1804 5281 ⁸
1841 5253 1869 5304 ὁ
1892 5251 1936 5305 δ’

354 5346 456 5413 οὐχ
499 5340 665 5415 ἦττον
711 5342 914 5410 ἀγαθός
955 5344 1106 5395 ἐστιν
1156 5342 1301 5413 ἢπερ
1351 5340 1580 5406 δίκαιος.
1622 5341 1684 5395 El
1732 5340 1828 5396 οὖν
1873 5341 1938 5414 δὴ

355 5438 528 5491 σῶσαι
558 5436 770 5517 πάντας
803 5434 1023 5505 θελήσει
1053 5434 1122 5487 δι’
1154 5434 1221 5505 ἢν
1248 5434 1341 5487 καὶ
1369 5434 1579 5497 πάντας
1606 5433 1936 5507 δεδημιούρ-
1984 5480 1991 5483 ,

351 5544 529 5598 γηκεν
553 5526 893 5596 ἀγαθὸτητα,
935 5525 1239 5587 ὑπεύθυνος
1279 5526 1412 5595 ἡμῖν
1455 5524 1610 5577 ἔσται
1649 5526 1758 5579 τῶν
1788 5525 1938 5596 αύτῷ

354 5620 809 5690 πεπραγμένων;
844 5617 969 5671 Οὐδ’
1016 5616 1353 5681 οὑτινοσοῦν,
1387 5609 1431 5670 ὧ
1458 5617 1589 5697 τᾶν,
1625 5617 1785 5685 ἔφην,
1828 5618 1939 5670 τῶν

351 5708 503 5779 αὐτῷ
557 5707 964 5778 πεπραγμένων
1019 5707 1324 5770 ὑπεύθυνος
1369 5706 1436 5760 ἂν
1489 5707 1575 5776 εἴη
1622 5707 1794 5771 Θεός·
1829 5710 1939 5760 τίνι

353 5800 466 5869 γὰρ
510 5798 579 5852 ἂν
623 5798 821 5851 ἑαυτοῦ
868 5797 1076 5867 μείζονι
1102 5798 1403 5850 Δἀποτίσειε
1439 5796 1633 5862 λόγον;
1677 5796 1940 5867 λαμπρᾶς

358 5887 553 5958 μανίας
579 5887 778 5959 suae.
809 5888 1006 5952 ἀσεϐὲς
1031 5887 1089 5940 τὸ
1117 5885 1427 5958 ἐνθύμημα.
1451 5888 1530 5940 Τὰ
1558 5889 1665 5958 γὰρ
1697 5888 1759 5942 δὴ
1790 5888 1940 5958 παρά

2035 4707 2198 4763 quam
2240 4708 2359 4763 qua!
2415 4708 2518 4749 nos
2583 4693 2840 4749 dicimus.
2886 4696 3246 4775 Quapropter,
3286 4697 3331 4752 si
3380 4698 3511 4767 quid
3571 4698 3627 4754 in

2037 4783 2222 4837 animo
2260 4781 2429 4837 habes
2462 4782 2528 4836 de
2576 4781 2731 4837 Edcn
2777 4783 2984 4849 dicere,
3013 4783 3124 4852 jam
3184 4798 3331 4839 nunc
3386 4784 3624 4853 explica.

2037 4874 2169 4941 Quae
2194 4889 2318 4929 cum
2360 4874 2525 4930 Persa
2554 4874 2804 4941 dixisset,
2846 4874 2991 4930 ﬁlius
3019 4874 3162 4944 ejus,
3224 4890 3254 4929 a
3313 4889 3466 4945 patre
3528 4891 3628 4930 ac-

2039 4977 2195 5038 cepta
2227 4967 2487 5037 loquendi
2522 4966 2807 5031 facultate,
2844 4966 3140 5021 barbarum
3170 4966 3338 5036 ‘quid
3367 4978 3422 5021 et
3453 4967 3629 5021 auda-

2038 5061 2157 5116 cius
2194 5060 2457 5127 clamans,
2489 5059 2681 5115 Nonne
2707 5068 2790 5126 tu,
2824 5060 3023 5130 inquit,
3084 5059 3243 5114 nobis
3281 5069 3440 5115 antea
3485 5060 3630 5114 dixi-

2040 5153 2131 5217 sti,
2171 5153 2241 5207 ob
2290 5151 2462 5207 solam
2523 5154 2823 5207 bonitatem
2877 5152 3046 5205 Deum
3101 5152 3282 5206 omnia
3348 5152 3631 5207 creasse?

2038 5243 2195 5299 Nunc
2225 5260 2354 5299 vero
2385 5244 2655 5299 celebrata
2682 5244 2829 5298 illius
2849 5244 3061 5312 iustitia
3093 5245 3159 5300 de
3208 5245 3453 5301 bonitate
3471 5245 3631 5298 silui-

2040 5335 2154 5390 sti:
2186 5336 2281 5390 sed
2339 5334 2429 5389 hic
2460 5349 2572 5390 non
2617 5335 2798 5389 minus
2840 5335 3019 5391 bonus
3077 5345 3161 5391 est
3201 5351 3365 5406 quam
3420 5335 3629 5405 justus.

2040 5427 2221 5495 Quare
2269 5427 2314 5482 si
2379 5425 2450 5481 ob
2508 5441 2648 5491 eam,
2694 5442 2790 5497 per
2816 5442 2978 5496 quam
3041 5442 3232 5482 omnes
3281 5428 3506 5489 creat-it,
3535 5429 3632 5481 bo-

2040 5518 2266 5572 nitatem
2304 5560 2318 5584 ,
2349 5532 2539 5571 omnes
2565 5519 2728 5571 etiam
2762 5532 2981 5572 servare
3022 5516 3275 5579 voluerit,
3298 5532 3366 5570 an
3427 5515 3630 5570 idcirco

2043 5610 2334 5664 reddendis
2364 5610 2629 5663 factorum
2684 5624 2909 5663 suorum
2964 5607 3268 5664 rationibus
3314 5607 3419 5663 etit
3460 5606 3634 5661 obno-

2042 5702 2205 5757 xius?
2241 5702 2325 5757 Dii
2369 5703 2618 5767 meliora,
2649 5702 2897 5781 inquam,
2953 5702 3268 5757 adolescens
3298 5716 3313 5753 :
3343 5698 3475 5754 nulli
3510 5713 3633 5753 orn-

2044 5796 2174 5849 nino
2216 5796 2266 5847 in
2307 5795 2574 5849 factorum
2605 5810 2830 5850 suorum
2887 5794 3196 5848 rationibus
3218 5790 3511 5845 reddendis
3531 5791 3634 5844 oh-

2044 5889 2243 5945 noxins
2273 5903 2394 5945 esse
2432 5897 2608 5959 potest
2632 5888 2773 5944 Deus
2810 5905 2823 5942 :
2859 5882 3078 5941 cuinam
3148 5886 3292 5940 enim
3326 5900 3384 5940 se
3432 5882 3628 5955 majori
