4060 6658
382 2655 388 2659 _
470 2605 675 2676 repetis
709 2606 944 2661 abillo?
994 2604 1109 2677 Ego
1167 2621 1299 2661 vero
1343 2617 1552 2677 repeto,
1613 2608 1812 2677 inquit.
1847 2605 1911 2659 Et
1949 2607 2056 2661 Deo

456 383 558 452 167
1655 371 1712 436 Μ
1726 369 2004 436 ANUEL]
2017 369 2058 432 S
2082 370 2174 432 PA
2183 366 2538 433 LIEOLOGI
3711 351 3814 414 16%

454 503 725 558 rationem
791 491 1091 550 redderet?
1157 489 1357 546 lnsaua
1417 488 1732 559 huiusmodi
1801 486 2068 556 Opimi”,

2178 482 2270 538 εοῦ
2301 481 2448 538 καλά
2473 497 2535 534 τε
2567 477 2745 532 πάντα
2774 476 2870 530 καὶ
2899 472 3103 544 ἀγαθά.
3143 466 3596 540 Πειρωμένοις
3623 466 3815 535 μέντοι

455 593 633 664 impia.
661 589 938 661 cogitatio.
982 585 1117 640 Nam
1176 599 1297 654 quae
1379 599 1406 636 a
1454 580 1566 636 Deo
1589 579 2031 650 proﬁciscuntur,

2174 579 2342 645 ἐγειν,
2391 574 2486 628 καὶ
2539 572 2745 641 ζητεῖν,
2799 570 2894 622 καὶ⁸
2950 567 3194 638 ἐρευνᾷν
3262 561 3421 634 περί
3477 574 3648 620 τινος
3703 560 3818 612 τῶν

455 686 683 756 pulchra
709 692 840 738 sunt
873 681 1057 733 omnia
1079 689 1131 732 et
1156 679 1317 732 bona.
1337 676 1437 742 Qui
1474 689 1654 729 autem
1679 671 2034 726 nihilominus

2174 670 2289 740 ,ύτῷ
2309 667 2737 739 πεπραγμένων,
2755 663 2833 734 τῷ
2860 661 3182 732 γιγνομένῳ
3209 657 3306 730 (1)
3332 657 3436 710 δεῖ
3457 654 3640 710 τοῦτο
3666 653 3815 725 λόγῳ

457 779 526 832 de
558 777 742 846 aliquo
773 791 836 830 ex
892 773 1065 843 ipsius
1092 769 1250 825 factis
1312 779 1580 838 quaerere,
1626 767 1949 835 investigare
1981 771 2040 815 et

2174 764 2338 823 εοιεῖν,
2379 759 2476 814 καὶ
2522 758 2599 830 μὴ
2651 757 2980 824 περιάπτειν
3019 752 3261 822 ἐκείνῳ,
3331 748 3377 803 ἃ.
3427 748 3574 817 μηδ’
3609 748 3682 801 ἂν
3719 748 3816 800 άν-

456 869 642 923 dicere
663 875 956 927 conantur,
989 864 1092 917 hoc
1123 863 1273 930 justa
1326 861 1534 914 ratione
1567 868 1624 912 ut
1645 859 1845 913 faciant
1877 873 2038 926 Opor-

2182 853 2349 924 ρώπῳ
2389 849 2614 921 χρηστῷ
2643 847 2944 918 προσῆκεν.
2973 845 3104 898 Ὅτε
3145 842 3373 896 τοίνυν
3408 838 3716 892 δέδεικται
3754 839 3815 890 τὸ

460 967 558 1024 let,
593 973 695 1012 nec
725 957 775 1010 id
818 957 891 1010 illi
928 955 1250 1014 altribuere,
1294 951 1436 1021 quod
1469 968 1534 1006 ne
1565 950 1771 1004 homini
1815 951 2035 1018 quidem

2174 944 2236 1012 φ’
2267 942 2424 1012 ὑμῶν
2453 942 2745 1012 εἰρημένον
2797 941 2864 1006 τῇ
2895 935 2992 989 τοῦ
3027 935 3169 989 Θεοῦ
3207 931 3599 1003 δικαιοσύνῃ
3643 931 3815 998 μαχόο

463 1053 638 1120 ιιι-οίιο
668 1050 1010 1102 conveniret.
1046 1047 1314 1111 Quoniam
1373 1045 1536 1113 igitur
1561 1043 1614 1098 id
1645 1043 1792 1113 quod
1829 1042 2040 1096 dixistis

2174 1054 2333 1100 ιενον,
2368 1037 2469 1088 οὐκ
2517 1033 2762 1100 εὔλογον,
2807 1028 2990 1100 οἶμαι,
3045 1029 3264 1091 είπεῖν,
3328 1027 3421 1088 ὡς
3476 1025 3601 1077 ἔδει
3652 1022 3815 1076 τοῦτο

466 1147 560 1200 Dei
623 1144 852 1214 justitiae
921 1155 1225 1211 repugnare
1297 1139 1728 1193 demonstratum
1783 1146 1886 1201 est,
1933 1153 2038 1191 non

2174 1130 2354 1200 τριῖξαι
2381 1128 2473 1181 τὸν
2510 1127 2666 1190 Θεὸν,
2694 1126 2789 1178 ᾰτε
2820 1125 2886 1193 δὴ
2926 1121 3351 1192 φιλάνθρωπον
3383 1118 3560 1170 ὄντα.
3585 1117 3673 1184 Τῇ
3705 1116 3816 1182 γὰρ

466 1249 632 1305 recte,
660 1237 876 1306 Opinor,
917 1233 1212 1296 dit-eretur,
1273 1229 1464 1293 Deum,
1523 1239 1708 1299 utpote
1749 1229 2040 1299 benignum

2179 1222 2362 1275 κείνου
2393 1218 2715 1290 δικαιοσύνῃ
2749 1214 3048 1284 οὐδαμόθεν
3077 1210 3450 1290 ἀντιπίπτει
3501 1208 3573 1260 τὸ
3620 1207 3816 1274 φιλάν-

466 1300 915 1398 erga'bomincs,
969 1323 1234 1391 ejusmodi
1274 1337 1358 1376 res
1417 1322 1596 1375 facere
1633 1321 1854 1375 debere.
1885 1319 2041 1372 Nulla

2174 1323 2370 1385 lptomv
2404 1312 2501 1383 (Ξ).
2553 1310 2696 1379 Ἐγὼ
2732 1310 2830 1378 μὲν
2863 1307 2955 1362 οὖν
2989 1305 3154 1377 ᾤμην
3185 1300 3549 1358 πεπεῖσθαί
3595 1317 3659 1358 σε
3692 1300 3812 1365 ἅμα

468 1437 532 1476 ex
576 1430 730 1491 parte
761 1418 902 1472 cnim
931 1416 1156 1482 justitize
1179 1415 1501 1467 adversatur
1531 1413 1652 1484 ejus
1715 1413 2042 1482 benignitas.

2174 1407 2228 1477 ςῴ
2270 1407 2465 1475 πατρὶ,
2497 1404 2594 1457 καὶ
2625 1402 2928 1472 ἐϐουλόμην
2968 1399 3168 1468 χωρεῖν
3216 1397 3327 1448 ἐπ’
3361 1393 3527 1448 ἄλλα
3550 1406 3567 1424 ⁸
3627 1391 3727 1444 σοῦ
3767 1391 3810 1442 δ’

468 1485 591 1567 Hoc
613 1509 706 1564 tibi
741 1507 905 1564 simul
954 1521 1020 1562 ac
1047 1507 1186 1575 patri
1241 1519 1559 1573 persuasum
1585 1519 1718 1560 esse
1757 1503 2043 1574 Opinahar,

2174 1500 2594 1570 ,πιπηδήσαντος
2643 1497 2758 1559 τοῖς
2805 1495 2984 1564 ἐμοῖς,
3018 1493 3135 1546 δεῖν
3182 1489 3414 1561 ᾠήθην
3465 1485 3811 1556 προσθεῖναι

468 1606 535 1660 ad
571 1605 788 1673 aliaque
820 1613 1043 1671 pergere
1091 1597 1386 1652 volebam:
1440 1607 1492 1650 ιιι
1529 1602 1734 1652 autem
1785 1596 2044 1665 quoniam

2174 1595 2271 1656 τοῖς
2301 1591 2644 1663 εἰρημένοις,
2678 1589 2774 1642 καὶ
2807 1587 2978 1653 δεῖξαι
3024 1579 3527 1654 κολασθήσεσθαι
3568 1577 3809 1646 μέλλον-

465 1707 656 1752 contra
689 1708 774 1748 me
803 1689 1112 1756 surrexisti,
1175 1689 1380 1758 aliquid
1404 1704 1568 1758 supra
1619 1689 1781 1743 dictis
1836 1687 2047 1741 adden-

2174 1700 2256 1746 τας
2284 1683 2382 1736 καὶ
2420 1681 2550 1744 τοὺς
2587 1682 2646 1734 ἐν
2686 1681 2752 1750 τῇ
2787 1677 3059 1748 κρείττονι
3103 1674 3308 1726 πίστει
3354 1674 3474 1742 τῆς
3524 1669 3663 1724 ὁδοῦ
3709 1668 3803 1722 τοῦ

467 1787 598 1843 dum
651 1802 775 1842 esse
807 1785 1066 1849 arbitror,
1115 1782 1737 1851 demonstrandumque,
1765 1796 1860 1835 eos
1884 1781 2047 1835 etiam

2174 1777 2325 1845 ιόμου
2359 1772 2855 1844 παρατραπέντας·
2889 1765 3122 1829 πολλοὺς
3150 1764 3213 1818 δέ
3249 1764 3289 1833 ἢ
3331 1762 3612 1832 ὀλίγους,
3647 1759 3807 1814 οὐδὲν

468 1882 561 1953 qui
601 1881 654 1933 in
685 1878 908 1931 meliore
953 1875 1220 1945 religione
1261 1845 1729 1927 deﬂexissent'der
1768 1871 1908 1942 legis
1937 1871 2049 1935 via,

2174 1871 2294 1941 τρὺς
2345 1869 2405 1922 τὸ
2450 1866 2786 1938 ζητούμενον
2835 1861 3112 1931 διαφέρει.
3148 1857 3389 1912 Τούτου
3441 1851 3800 1926 γὰρ,οἷμαι,

469 1949 720 2042 punitum
755 1968 817 2022 iri
852 1985 866 2023 :
897 1967 989 2036 qui
1022 1975 1205 2020 utrum
1260 1964 1415 2018 multi
1451 1979 1520 2017 an
1549 1963 1707 2032 pauci
1739 1962 1871 2024 sint,
1919 1962 2054 2016 nihil

2174 1963 2490 2034 ἰειχθέντος,
2518 1960 2749 2032 μάταιος
2779 1958 2815 2030 ή
2841 1957 2952 2011 τῶν
2976 1952 3185 2025 τριχῶν
3229 1949 3433 2023 ἁρετὴ
3463 1949 3570 2004 τοῦ
3598 1963 3800 2018 ’σεμνοο

467 2063 536 2117 ad
578 2076 714 2115 rem.
743 2057 858 2113 Ποο
876 2059 1018 2112 enim
1052 2055 1221 2111 semel
1277 2055 1677 2119 demonstrato,
1717 2053 1926 2107 inutilis
1952 2053 2056 2107 erit

2174 2055 2320 2110 πάτου
2351 2052 2488 2108 Μωά
2495 2050 2622 2123 μεθ.

470 2152 792 2221 capillorum
871 2149 1047 2200 virtus
1117 2145 1412 2202 Moamethi
1469 2158 1659 2200 sancte
1731 2143 2054 2199 venerandi.

543 2243 629 2298 16.
665 2240 942 2312 Sapientia
1002 2249 1232 2310 praestas
1262 2248 1343 2305 ιιι,
1405 2253 1733 2308 eorumque,
1790 2238 1881 2307 qui
1915 2236 2055 2308 juris

469 2333 685 2388 dicendi
739 2338 1010 2401 potestate
1061 2331 1302 2386 decorati
1355 2338 1510 2397 sunt,
1567 2329 1770 2385 nemini
1826 2329 2058 2385 fortasse

469 2425 676 2495 primas
698 2424 954 2479 concedis
988 2441 1002 2478 :
1041 2423 1092 2476 id
1117 2439 1146 2478 a
1177 2434 1331 2494 patre
1363 2423 1695 2477 audivimus.
1715 2421 1776 2478 Si
1803 2424 1928 2494 quis
1958 2422 2057 2492 igi-

471 2526 565 2572 tur
581 2516 791 2587 peccati
815 2515 1096 2571 conVictus
1128 2514 1314 2579 fuerit,
1344 2515 1452 2581 dic,
1474 2530 1684 2585 quaeso,
1713 2530 1843 2569 num
1863 2530 2056 2585 pmnas

2230 2231 2327 2299 ις’.
2354 2232 2524 2303 Σοφδς
2571 2225 2625 2284 εἴ
2657 2231 2755 2295 σὺ,
2787 2229 2885 2284 καὶ
2945 2228 3055 2282 τῶν
3100 2228 3194 2281 ἐπὶ
3238 2226 3311 2280 τὺ
3363 2225 3639 2289 δικάζειν
3705 2239 3790 2275 σε-

2164 2325 2520 2396 μνυνομένων
2560 2323 2737 2378 οὐδενί
2783 2339 2888 2375 που
2933 2321 3044 2374 τῶν
3075 2320 3388 2392 πρωτείων
3426 2319 3576 2380 ἴσως
3613 2331 3792 2382 παρα·

2157 2420 2388 2492 χωρῶν·
2420 2417 2579 2471 τοῦτο
2612 2415 2767 2487 παρὰ
2814 2415 2908 2469 τοῦ
2953 2413 3160 2484 πατρὸς
3217 2411 3607 2480 ἀκηκόαμεν.
3639 2410 3786 2476 Λαμ·

2159 2513 2342 2576 δάνεις
2373 2508 2468 2566 οὖν
2497 2510 2678 2580 δίκην,
2699 2509 2766 2579 ἢν
2790 2508 3124 2579 ἁμαρτάνων
3171 2523 3256 2570 τις
3303 2504 3609 2577 ἐλεγχθῇς
3641 2502 3788 2556 Πάνυ

2157 2623 2246 2676 γε,
2273 2593 2428 2677 φησί.
2471 2605 2583 2658 Καὶ
2627 2601 2875 2672 θεοφιλὲς
2909 2597 3051 2654 εῐναι
3094 2599 3356 2666 νομίζεις
3405 2597 3511 2652 καὶ
3548 2592 3777 2662 ὄσιον,ἢ

2157 2697 2251 2763 οὕς
2304 2697 2428 2760 Πῶς
2479 2697 2592 2767 γὰρ
2641 2695 2709 2749 ἂν
2746 2694 2894 2748 τουτὶ
2942 2692 3365 2762 κατέπραττον,
3403 2690 3549 2760 ἔφη,
3601 2689 3652 2740 εί
3709 2685 3778 2755 μὴ

2157 2789 2402 2844 τοιοῦτον
2428 2786 2732 2856 ἐγίνωσκον
2757 2803 2772 2854 ;
2811 2783 3017 2856 Ὀρθῶς
3043 2783 3246 2852 λέγεις,
3283 2778 3460 2836 εἶτον
3485 2799 3502 2814 ο
3543 2780 3642 2835 καὶ
3670 2777 3772 2847 γάρ

472 2887 635 2938 esse?
666 2881 1012 2949 Rectissime,
1052 2883 1270 2952 inquam
1303 2901 1317 2938 :
1348 2897 1400 2937 et
1425 2885 1602 2954 ipsum
1627 2884 1848 2954 quidem
1886 2883 2054 2938 Deum

2174 2883 2256 2937 ιαὶ
2285 2885 2312 2936 ὁ
2343 2881 2475 2944 Θεὸς
2509 2879 2674 2942 αὐτὸς
2710 2879 2942 2942 πολλοὺς
2994 2876 3237 2931 ἐνταῦθα
3285 2877 3570 2947 φαίνεται
3607 2889 3775 2940 τιμωο

473 2975 583 3046 jam
619 2975 673 3029 in
699 2971 801 3028 hac
831 2977 943 3029 vita
990 2975 1298 3044 complures
1349 2976 1596 3032 videmus
1653 2977 1851 3046 punire
1881 2992 1949 3031 ex
1989 2977 2056 3032 iis

2174 2973 2430 3045 οούμενος
2473 2973 2584 3026 τῶν
2619 2972 2700 3030 είς
2747 2971 2914 3025 αὑτὸν
2955 2969 3357 3036 πιστευόντων,
3406 2968 3490 3039 μὴ
3532 2967 3675 3022 κατὰ
3713 2963 3771 3015 τὸ

477 3066 572 3136 qui
609 3065 661 3118 in
693 3066 870 3134 ipsum
899 3065 1156 3129 credunt,
1175 3065 1222 3120 si
1260 3067 1440 3121 minus
1469 3066 1536 3121 ad
1572 3066 1693 3139 ejus
1717 3067 2051 3122 voluntatem

2174 3067 2310 3140 τί)τῷ
2339 3065 2531 3121 δοκοῦν
2568 3064 3088 3134 πεπολιτευμένους.
3115 3063 3188 3116 Ἢ
3221 3063 3329 3132 οὐχ
3370 3060 3603 3126 οὓτως;
3636 3055 3771 3110 Ἀλλ’

475 3157 737 3212 vixerint.
765 3158 846 3212 An
875 3156 1075 3212 nonita
1134 3159 1261 3214 est?
1295 3153 1395 3214 Est
1443 3174 1594 3224 vero,
1639 3159 1840 3229 inquit.
1883 3159 2052 3226 Adeo,

2174 3159 2358 3225 οὕτως,
2387 3159 2517 3230 ἐφη.
2554 3158 2706 3212 ’Ὡσθ’
2753 3157 2902 3212 ὅσιόν
2953 3174 3009 3210 τι
3062 3157 3360 3228 πράττεις,
3426 3151 3591 3209 εἶπον
3644 3149 3767 3218 ἐγὼ,

478 3251 731 3322 inquam,
766 3261 821 3302 ut
874 3249 957 3304 vel
991 3251 1078 3318 pie
1104 3259 1159 3306 et
1207 3259 1465 3306 sanctete
1512 3265 1696 3320 geras,
1744 3260 2062 3320 peccatores

2174 3251 2582 3324 τιμωρούμενος
2627 3253 2756 3308 τοὺς
2800 3250 3329 3319 ἐξαμαρτάνοντας;
3377 3249 3484 3312 Τίς
3532 3247 3636 3301 οὐκ
3668 3243 3769 3298 οἶδε

480 3344 714 3416 puniens
741 3342 764 3396 τ
795 3341 887 3396 llle
908 3380 924 3407 ,
958 3341 1114 3408 Quis,
1139 3357 1346 3412 quaeso,
1397 3344 1510 3398 haec
1556 3359 1666 3399 non
1724 3346 1827 3400 scit
1857 3345 1880 3398 ?
1907 3343 2066 3409 Qua:-

2174 3344 2366 3411 ταῦτας
2399 3343 2554 3413 φησί.
2588 3341 2654 3395 Τί
2679 3342 2758 3406 δέ,
2784 3341 2945 3413 ἔφην,
2965 3342 3227 3413 πράττων
3254 3341 3582 3405 διατελετςς
3613 3338 3766 3398 ἐνίοις

481 3453 606 3493 nam
639 3436 940 3506 estigitur,
992 3435 1238 3506 inquam,
1301 3444 1392 3490 tua
1454 3437 2062 3494 consuetudniUlrum

2174 3439 2271 3511 μὲν
2322 3438 2591 3509 ἐπεξέρχῃ
2643 3436 2754 3489 τῶν
2817 3435 3170 3501 ἀδικούντων,
3224 3437 3390 3507 παρὰ
3448 3435 3511 3488 δὲ
3559 3433 3671 3486 τῶν
3709 3430 3763 3482 οὐ

481 3530 530 3584 si
568 3529 662 3598 qui
691 3536 1057 3598 peccaverunt
1080 3527 1219 3583 alios
1258 3519 1471 3596 plectis,
1507 3530 1663 3584 etab
1704 3529 1828 3585 aliis
1878 3545 2067 3600 poenas

2174 3533 2466 3604 λαμδάνεις
2526 3532 2714 3602 δίκηνς
2758 3529 2791 3599 ἢ
2845 3532 2960 3591 τοῖς
3017 3530 3116 3598 μὲν
3171 3529 3546 3601 ἠδικημένοις
3604 3525 3763 3578 πᾶσιν

483 3637 592 3678 ιιοιι
644 3619 866 3676 sumis?
920 3635 988 3674 an
1047 3635 1238 3675 omnes
1285 3620 1488 3690 injuria
1531 3621 1754 3678 aﬂ'ectos
1805 3623 2068 3690 vindicas,

2174 3626 2419 3699 ἀμύνεις,
2444 3628 2556 3690 τοῖς
2589 3626 2645 3678 δὲ
2680 3625 2866 3696 ἀδικίᾳ
2909 3623 3118 3687 συζῶσι
3145 3623 3502 3693 κατάλληλον
3539 3619 3763 3684 ἐπάγεις

481 3721 536 3767 et
571 3712 775 3782 injuste
808 3709 1095 3780 agentibus
1133 3725 1437 3781 congruum
1479 3709 1808 3782 supplicium
1857 3711 2068 3768 infers?

2174 3719 2233 3772 τὸ
2272 3721 2532 3789 τίμημα;
2563 3718 2734 3786 Δῆλον
2784 3717 2865 3769 ὅτι
2914 3717 3080 3770 πᾶσιν
3109 3715 3238 3786 ἑξῆς
3274 3715 3382 3786 τὴν
3434 3711 3758 3782 γιγνομένην

483 3803 780 3874 Atjustam
807 3801 1217 3874 legitimamque
1245 3801 1312 3856 de
1337 3802 1596 3858 omnibus
1650 3803 1877 3858 omnino
1945 3819 2068 3858 sen-

2174 3812 2350 3881 ψῆφον
2400 3811 2674 3881 ἐκφέρεις,
2706 3811 2802 3862 καὶ
2850 3808 3083 3873 ἐξοίσεις
3126 3825 3188 3875 γε
3240 3810 3357 3874 ἀεὶ,
3395 3807 3514 3874 είγε
3551 3803 3760 3876 μέλλεις

483 3898 708 3951 tentiam
754 3895 899 3950 ferre
931 3903 980 3950 te
1027 3911 1353 3966 semperque
1409 3896 1646 3951 laturum
1706 3911 1830 3952 esse
1887 3898 2068 3970 palam

2176 3903 2440 3974 μηδαμῶς
2469 3883 2943 3974 προσωποληπέου
2985 3899 3206 3971 γραφὴν
3245 3901 3607 3953 ἀποίσεσθαι.
3645 3892 3758 3952 ηὼς

471 2707 708 2768 gratum,
735 2706 1030 2768 sancteque
1055 2713 1176 2754 esse
1216 2697 1414 2753 factum
1447 2709 1627 2770 putas,
1673 2713 1844 2754 necne
1865 2698 1892 2753 ἲ
1925 2699 2053 2764 Qui,

472 2806 686 2861 quaeso,
747 2791 1004 2856 facerem,
1061 2790 1362 2860 respondit,
1406 2792 1512 2865 nisi
1567 2790 1925 2861 intelligerent
1981 2791 2056 2846 ita

485 3996 588 4053 est,
616 3987 725 4042 nisi
763 3987 899 4042 forte
921 3987 1055 4041 velis
1078 3995 1136 4040 ut
1169 4002 1528 4057 personarum
1577 4002 1830 4060 acceptor
1880 3991 1933 4045 in
1979 3992 2071 4058 jus

488 4079 695 4134 vorari.
723 4078 903 4144 Quare
945 4079 1218 4147 quomodo
1244 4079 1431 4147 justus
1460 4079 1564 4133 erit
1623 4074 1787 4144 Deus,
1816 4081 1861 4136 si
1929 4081 2071 4138 alios

487 4169 710 4238 quidem
733 4169 785 4222 in
823 4170 922 4222 hac
965 4169 1070 4223 vita
1124 4170 1304 4238 punit,
1328 4169 1397 4224 de
1449 4171 1573 4224 aliis
1637 4186 1815 4239 neque
1878 4172 1933 4226 in
1968 4173 2074 4230 hoc

488 4276 668 4329 neque
695 4260 747 4312 in
802 4260 895 4314 illo
949 4261 1149 4314 saeculo
1199 4277 1388 4330 poenas
1455 4262 1666 4316 sumit?
1722 4265 1884 4333 idque
1945 4281 2070 4320 cum

487 4351 757 4419 aequalem
792 4358 851 4404 tu
887 4352 1070 4421 teipse
1095 4354 1349 4410 omnibus
1393 4354 1656 4410 exhibeas
1685 4371 1700 4409 :
1758 4355 1912 4422 item,
1947 4373 2072 4412 cum

488 4450 782 4508 constet,a
823 4444 1008 4498 multis
1057 4444 1170 4514 jus,
1219 4455 1274 4500 et
1339 4445 1534 4514 legem,
1577 4456 1630 4501 et
1691 4446 1805 4516 ipsa
1863 4458 2074 4503 naturae

2173 3992 2270 4047 οὖν
2305 3992 2514 4056 δίκαιος
2568 3995 2596 4044 ὁ
2643 3991 2797 4056 Θεὸς,
2841 3992 2890 4043 εί
2937 3991 3064 4053 τοὺς
3118 3991 3214 4059 μὲν
3267 3989 3469 4043 ἐνθάδε
3519 3985 3756 4048 κολάζει,

2177 4086 2332 4153 παρὰ
2359 4085 2414 4136 δε
2441 4086 2549 4137 τῶν
2581 4083 2704 4153 μήτ’
2732 4082 2969 4137 ἐνταῦθα
2998 4082 3128 4153 μήτ’
3160 4085 3276 4136 ἐκεῖ
3301 4082 3465 4152 δῐκην
3496 4079 3753 4148 λήψεταις

2176 4177 2272 4229 καὶ
2297 4175 2488 4238 ταῦτα,
2519 4175 2612 4228 σοῦ
2641 4192 2704 4242 γε
2737 4174 2934 4228 σαυτὸν
2969 4175 3304 4244 παρέχοντος
3339 4175 3552 4227 ἅπασιν
3605 4172 3714 4222 ίσον
3739 4179 3752 4193 ⁶

2175 4261 2321 4337 ἦπου
2351 4282 2413 4333 γε
2447 4266 2677 4328 πολλοὺς
2724 4267 2883 4336 ίσμεν
2913 4265 3005 4317 ἐπὶ
3052 4263 3307 4317 τοσοῦτον
3356 4260 3753 4330 ὀλιγωροῦντας

2175 4357 2272 4411 τοῦ
2317 4358 2549 4424 δικαίου,
2598 4357 2695 4411 καὶ
2745 4358 2840 4411 τοῦ
2885 4355 3197 4427 νόμου.καὶ
3237 4355 3347 4408 τῶν
3395 4352 3615 4423 θεσμῶν
3658 4348 3748 4415 τῆς

2181 4449 2422 4518 φύσεως.
2477 4449 2554 4512 ὡς
2607 4449 2696 4503 διὰ
2751 4448 3069 4513 πλεονεξίαν
3132 4447 3335 4517 πολλὴν
3402 4444 3608 4499 Μυσῶν
3657 4439 3749 4508 μὲν
3829 4433 3832 4436 ’

491 4541 761 4604 praecepta
789 4535 924 4589 adeo
948 4537 1244 4600 contemni,
1287 4546 1347 4593 ut
1377 4539 1448 4591 ob
1475 4538 1753 4593 ardentem
1782 4539 2067 4596 avaritiam

2177 4541 2330 4594 λείαν
2381 4540 2458 4612 (3)
2511 4543 2580 4594 τά
2645 4543 3019 4612 προστυχόντα
3074 4541 3370 4607 ποιεῖσθαι,
3438 4538 3639 4609 Θηρίων
3696 4528 3746 4581 δὲ

490 4625 649 4680 obvia
685 4641 915 4697 qumque
965 4627 1188 4698 impune
1219 4628 1498 4698 diripiant,
1524 4628 1868 4701 ferinamque
1912 4635 2067 4704 quasi

493 4726 715 4789 propter
750 4734 906 4774 suam
929 4736 1058 4791 erga
1090 4722 1388 4776 humanum
1421 4735 1592 4792 genus
1616 4722 2068 4781 inhumanitatem

494 4811 658 4864 vitam
701 4810 904 4876 vivant,
940 4823 1106 4882 utque
1144 4813 1211 4870 ad
1239 4824 1579 4868 monstrosas
1621 4830 1793 4884 usque
1819 4816 2074 4874 libidines

493 4917 686 4956 eorum
735 4903 943 4956 malitia
998 4902 1346 4967 extendatur,
1395 4905 1654 4974 quoniam
1703 4904 2074 4976 voluptatibus

493 4996 881 5064 omnino;sunt
942 4994 1108 5050 dediti
1167 5005 1221 5049 et
1264 4995 1430 5050 veluti
1485 4997 1669 5053 allixi:
1731 5003 1824 5072 qui
1891 5012 2072 5057 tamen

494 5087 674 5140 nullas
700 5097 864 5142 tanta:
901 5087 1276 5156 perversitatis
1308 5101 1496 5156 pennas
1529 5090 1800 5148 dederint.
1837 5093 1903 5148 Et
1927 5093 2074 5165 quod

495 5181 585 5236 hic
607 5191 770 5252 caput
795 5191 899 5246 est,
929 5183 1005 5236 illi
1046 5182 1145 5252 ipsi
1185 5183 1433 5238 homines
1479 5185 1531 5238 in
1564 5183 1740 5241 beatis
1781 5186 1940 5256 vulgo
1981 5185 2080 5239 ha-

495 5273 616 5340 biti,
646 5285 886 5329 extrema
911 5284 1194 5330 senectute
1220 5278 1272 5330 in
1319 5291 1450 5346 pace
1489 5292 1813 5348 summoque
1869 5279 2079 5331 honore

495 5375 603 5420 v.ta
639 5377 1014 5434 excesserunt,
1063 5367 1382 5440 alienasque
1408 5384 1628 5440 .operas
1683 5385 1926 5442 opesque
1962 5369 2079 5426 suis

567 5549 644 5620 (ι)
686 5543 742 5620 1.,
778 5563 831 5602 e.
884 5551 1058 5617 juxta,
1089 5558 1256 5613 recta,
1327 5551 1678 5606 convenienti.
1723 5550 1820 5607 Est
1867 5551 2069 5606 locutio

494 5630 688 5677 nestro
721 5619 1031 5684 familiaris,
1057 5622 1198 5675 sicut
1229 5621 1342 5686 illa,
1383 5621 1502 5683 πῶς
1557 5621 1682 5688 οῐει,
1734 5631 1788 5677 et
1845 5624 2070 5679 verbum

493 5690 840 5767 ιιιιιοφτιίνεινΓ
874 5690 996 5746 Vid.
1025 5692 1189 5760 paulo
1221 5700 1346 5762 post
1375 5691 1474 5746 lin.
1507 5692 1599 5758 56.
1633 5694 1736 5766 τὴν
1774 5694 2077 5767 γινομένην

491 5763 675 5834 ψῆφον
692 5761 769 5834 -ἐκ
785 5762 981 5834 ρέρεις.

570 5832 645 5903 t2}
678 5830 1012 5890 Conl'finira
1053 5833 1160 5889 col.
1201 5830 1294 5888 I71
1337 5833 1402 5887 A.

2181 4631 2296 4704 βίον
2333 4633 2432 4704 ζῇν
2470 4637 2536 4705 τῇ
2573 4634 2710 4704 πρὸς
2735 4633 2799 4686 τὸ
2833 4635 3000 4714 γένος⁴
3023 4634 3413 4707 ἀπανθρωπίᾳ,
3452 4628 3747 4714 ἐπεκτείνεξ

2179 4723 2306 4777 σθαι
2350 4725 2428 4794 (4)
2481 4724 2539 4778 δέ
2585 4741 2702 4786 πως
2747 4723 2962 4788 τούτοις
2997 4711 3078 4778 ’τὰ
3112 4725 3214 4794 τῆς
3263 4725 3463 4786 κακίας
3505 4721 3628 4790 ἄχρι
3663 4711 3744 4766 κειὶ

2178 4815 2287 4867 τῶν
2315 4816 2623 4869 ἀλλοκότων
2654 4817 3076 4887 άσελγημάτων,
3111 4817 3190 4888 τῷ
3219 4819 3337 4880 ταῖς
3368 4814 3584 4887 ἡδοναῖς
3617 4823 3742 4860 παν·-

2146 4979 2157 4992 ο
2177 4913 2384 4963 τάπασι
2415 4908 2824 4980 προσηλῶσθαι,
2853 4909 2945 4962 καὶ
2973 4909 3248 4978 μηδεμίαν
3269 4905 3570 4963 δεδωκότας
3599 4900 3740 4965 δίκην

2180 5004 2281 5074 τῆς
2331 5001 2670 5073 τηλικαύτης
2721 5005 3112 5076 παρατροπῆς.
3153 5003 3265 5056 Καὶ
3309 5001 3370 5054 τὸ
3422 4992 3743 5067 ὑπερϐάλλον

2179 5093 2448 5159 ἐνταῦθα,
2469 5094 2551 5146 ὅτι
2579 5095 2674 5147 καὶ
2717 5095 3154 5164 μακαριζόμενα
3189 5093 3343 5163 παρὰ
3375 5091 3485 5144 τῶν
3519 5080 3736 5140 πολλῶν.

2180 5189 2242 5242 ἐν
2265 5187 2414 5259 γήρᾳ
2447 5205 2507 5240 τε
2539 5188 2683 5242 πάνυ
2715 5186 2891 5258 βαθεῖ,
2928 5189 3022 5240 καὶ
3057 5189 3116 5238 ἐν
3149 5188 3363 5258 είρήνῃ,
3402 5184 3491 5236 καὶ
3521 5182 3577 5232 ἐν
3619 5171 3740 5241 τιμῇ

2182 5278 2276 5332 τοῦ
2311 5280 2440 5350 τῇδε
2485 5281 2602 5350 βίου
2662 5282 3028 5352 μετέστησαν,
3069 5280 3265 5342 πόνους
3300 5273 3605 5347 ἀλλοτρίους
3655 5263 3738 5318 καὶ

2182 5371 2495 5442 θησαυροὺς
2541 5375 2655 5434 τοῖς
2689 5372 2898 5425 ἐαυτῶν
2948 5371 3345 5436 καταλιπόντες
3389 5367 3581 5423 παισί·
3628 5354 3738 5412 τού-

2253 5552 2332 5625 (5)
2362 5550 2535 5607 Codd.
2575 5553 2737 5607 ambo
2794 5551 2937 5608 λίαν,
2970 5551 3105 5606 Cod.
3163 5551 3389 5625 Coislin.
3427 5539 3734 5625 prosiv'ptt

2183 5616 2335 5748 λείαν,
2368 5635 2426 5676 ιιι
2452 5626 2524 5678 sit
2555 5636 2788 5679 sensus:
2824 5632 2882 5676 ιιι
2928 5625 3169 5692 vulgares
3211 5621 3394 5691 culpas
3427 5616 3732 5674 committere

2191 5711 2220 5749 ο
2259 5702 2420 5747 eruit.
2814 5700 2820 5705 ’

2282 5769 2360 5836 (ι)
2397 5764 2534 5820 Cod.
2567 5763 2739 5820 Coisl.
2761 5763 3210 5819 ἀπεκτεὶνεσθαι.
