4060 6598
258 437 377 500 173

1055 438 1458 500 TllEODURI
1484 432 1850 498 DESPOT/E
1886 430 2277 492 LAUDATIO
2334 429 2746 490 FUNEBRIS.

3434 414 3537 480 174

248 528 330 618 ἦν
363 550 461 601 τον
509 548 753 618 Χριστὸν
791 547 987 619 κριτὴν
1034 544 1199 612 εἶναι,
1249 553 1346 606 καὶ
1396 550 1615 621 ἀληθῶς
1659 547 1857 620 ὀνομά-

1970 541 2122 609 iudex
2152 556 2295 602 esse.
2324 555 2560 607 vereque
2598 536 2884 608 appellari.
2906 534 2985 589 Ad
3017 533 3131 589 htec
3164 546 3287 588 cum
3311 530 3541 585 silerent

251 641 484 704 ζεσθαι.
520 642 641 696 Τῶν
664 640 849 695 τοίνυν
872 642 1008 694 νέων
1038 643 1135 695 ἐπὶ
1174 641 1353 712 τούτῳ
1386 643 1547 713 σιγὴν
1578 643 1846 708 ἀγόντων,

254 734 378 804 ἔφη
412 735 441 786 ὁ
474 733 653 803 γέρων
666 750 682 764 ·

341 825 420 881 κ’.
469 826 875 895 Ἀποδεδεῖχθαε
933 844 1026 896 μοι
1082 827 1244 881 τοῦτο
1282 829 1465 881 δοκεῖ·
1496 827 1625 894 λέγε
1669 825 1853 880 τοίνυν

254 919 336 973 τὰ
373 918 459 971 σοὶ
498 918 760 973 δοκοῦντα
810 920 943 987 περί
970 936 1030 972 τε
1081 919 1175 972 τοῦ
1225 920 1592 990 παραδείσου,
1622 920 1716 973 καὶ
1753 920 1850 987 τῆς

258 1013 328 1065 ιν
383 1009 536 1081 αὐτῷ
591 1013 977 1075 καταστάσεως
1023 1013 1121 1065 καὶ
1159 1013 1393 1085 τρυφῆς.
1428 1014 1650 1075 Πάντως
1685 1012 1763 1078 δὲ,
1804 1013 1852 1065 εἰ

270 1107 377 1176 μὲν
412 1106 576 1177 ὀρθοῦ
610 1124 691 1160 σοι
726 1108 886 1176 λόγου
932 1109 1001 1161 τὰ
1030 1111 1277 1183 ἡμέτερα
1304 1111 1542 1181 ἐχόμενα
1574 1113 1848 1178 φαίνεται,

260 1203 374 1254 οὐκ
416 1201 482 1254 ἂν
519 1202 748 1271 μακρῶν
770 1203 911 1254 δέοιο
946 1203 1155 1270 λόγων
1193 1204 1373 1266 ἄλλως
1404 1205 1462 1256 δέ
1514 1222 1595 1257 σοι
1628 1204 1852 1257 δοκούν-

264 1310 407 1357 των,
445 1295 520 1363 μὴ
562 1284 747 1362 φείδου
778 1296 1062 1365 ῥημάτων,
1097 1295 1220 1366 μηδ’
1248 1296 1600 1364 ὑπολογὶσαιο
1635 1297 1854 1361 πόνους,

262 1385 412 1438 ἔνθα
462 1386 828 1454 προσδόκιμός
873 1390 990 1440 ἐστι
1046 1389 1258 1456 καρπὸς
1309 1388 1596 1457 ἀληθείας,
1630 1386 1690 1440 ὃν
1742 1385 1854 1441 οἶδε

262 1482 470 1550 φέρειν
514 1480 746 1545 διάλεξις
797 1481 1017 1552 καθαρὰ
1061 1482 1397 1549 φιλονεικίας
1433 1484 1671 1550 ἁπάσης.
1712 1484 1856 1534 Ἀλλ’

259 1575 447 1640 ἡμεῖς
505 1590 586 1626 σοι
646 1572 808 1636 ξένοι,
861 1574 958 1626 καὶ
1014 1576 1167 1643 παρά
1206 1592 1291 1628 σοι
1336 1576 1510 1644 καλὴν
1558 1577 1857 1645 εὑρηκότες

264 1666 573 1733 ὑποδοχὴν,
609 1667 705 1718 καὶ
746 1666 976 1735 γνώμην
1017 1669 1116 1737 τὴν
1152 1669 1347 1738 αὐτὴν,
1386 1670 1481 1720 καὶ
1530 1670 1697 1739 τιμὴν
1741 1670 1860 1739 (καὶ

258 1757 437 1810 οὐδὲν
462 1756 572 1809 οὐδ’
594 1757 655 1809 ἐν
687 1758 870 1824 λόγοις
901 1760 1013 1811 οὐδ’
1045 1763 1102 1812 ὲν
1131 1761 1315 1829 ἔργοις
1342 1760 1491 1829 ἡμᾶς
1535 1761 1859 1832 παρελύπη-

268 1849 431 1915 σας),
463 1849 544 1901 δεῖ
576 1845 673 1903 οὖν
713 1852 859 1919 ἡμᾶς
902 1854 1013 1915 τοῖς
1047 1851 1206 1916 ἴσοις,
1245 1852 1320 1916 ὡς
1364 1854 1563 1919 ἔνεστι,
1598 1856 1655 1906 σὲ
1686 1856 1853 1908 σπεύ-

262 1943 392 1995 δειν
439 1941 785 2012 ἀμείϐεσθαι.
827 1943 984 2011 Ἐμοὶ
1023 1942 1068 1995 δ’
1102 1945 1351 1998 ὑπονοεῖν
1380 1946 1612 2012 ἔπεισιν,
1640 1948 1716 2012 ὡς
1745 1951 1856 2020 ἄρα

268 2034 339 2087 σέ
396 2050 502 2086 που
553 2035 648 2087 καὶ
687 2034 1013 2088 άποκναίσει
1070 2035 1138 2089 τὰ
1196 2037 1328 2107 παρ’
1381 2040 1516 2108 ἐμοῦ
1562 2040 1858 2109 λεγόμενα.

281 2125 480 2187 Ἀνίας
524 2125 785 2195 πλησθεὶς
830 2128 1006 2196 ὲφάνη
1038 2130 1156 2190 τοῖς
1203 2130 1519 2199 εἰρημένοις
1555 2134 1584 2186 ὁ
1617 2135 1856 2203 Πέρσης,

274 2216 385 2270 καὶ
415 2217 638 2286 μηνύων
669 2217 748 2288 τῷ
800 2219 1081 2287 προσώπῳ
1113 2222 1213 2290 τὴν
1258 2222 1361 2290 τῆς
1390 2222 1572 2293 ψυχῆς
1616 2227 1863 2279 διάθεσιν

274 2309 391 2378 ἔφη
413 2323 429 2338 '
460 2310 536 2362 Οὐ
578 2308 689 2380 χρὴ
737 2311 979 2365 τοιοῦτον
1025 2314 1274 2367 ὑπονοεῖν
1294 2332 1310 2346 θ
1342 2316 1436 2368 ἐπὶ
1467 2318 1721 2371 τοσοῦτον
1754 2322 1863 2389 γὰρ

275 2398 432 2469 αὐτῷ
470 2401 541 2453 τά
569 2401 670 2470 τῆς
708 2401 1050 2475 εὐφροσύνης
1098 2407 1466 2473 ὲκτείνεσθαι,
1495 2411 1580 2477 ἐφ’
1627 2413 1752 2465 ὅσον
1796 2431 1864 2483 με

275 2494 387 2562 τῆς
429 2493 689 2564 ἀληθείας
734 2497 992 2566 ἐχόμενον
1035 2498 1249 2570 καθορᾷ
1274 2517 1288 2530 ·
1330 2500 1411 2553 δεῖ
1440 2501 1504 2571 δὴ
1540 2505 1707 2571 μηδὲν
1736 2507 1868 2558 ὑπο-

279 2583 645 2653 στειλάμενον
679 2585 884 2654 λέγειν.
921 2587 1031 2641 Καὶ
1074 2589 1182 2659 γάρ
1213 2591 1467 2654 κάκεῖνος
1495 2596 1659 2647 ταυτὸ
1695 2598 1868 2648 ποιεῖν

276 2671 392 2726 καὶ
429 2674 602 2726 ποιῶν
630 2675 961 2731 διατελέσειν
990 2678 1399 2749 διαλεγόμενος.
1428 2684 1518 2737 ὅτε
1563 2685 1619 2737 δέ
1658 2704 1724 2753 με
1772 2690 1867 2739 καὶ

277 2763 767 2835 ἐπαγγειλάμενον
809 2769 943 2840 ἔχει,
974 2773 1065 2823 καὶ
1116 2775 1343 2827 ἀπαιτεῖ
1386 2774 1485 2847 τὴν
1522 2779 1866 2850 παρρησίαν.

277 2857 410 2910 ἀλλ’
451 2860 554 2912 οὐκ
608 2861 772 2928 αἰτεῖ,
800 2861 1012 2927 δίκαιος
1062 2863 1130 2919 ἂν
1181 2867 1301 2937 εἴην
1343 2868 1442 2938 (Ι),
1488 2872 1583 2922 καὶ
1612 2873 1775 2935 αὐτὸς
1801 2876 1871 2926 τὰ.

280 2952 654 3021 ὑπεσχημένα
693 2954 1005 3023 φυλάττειν.
1043 2958 1141 3025 καὶ
1192 2960 1271 3028 μὴ
1320 2960 1699 3030 δυσχεραίνειν
1733 2966 1871 3034 πρὸς

280 3043 397 3115 τὴν
451 3045 592 3112 μετὰ
636 3045 875 3117 θάρρους
919 3048 1249 3117 ἀπόκρισιν·
1314 3052 1342 3105 ὃ
1398 3054 1462 3125 δὴ
1519 3057 1642 3109 κατ’
1695 3060 1872 3128 ἀρχὰς

282 3137 687 3202 ἐπαγγείλαντι
731 3138 927 3194 δώσειν
966 3141 1127 3204 αὐτὸς
1170 3144 1513 3216 ὑπεσχόμην.
1546 3150 1759 3202 Οὐκοῦν
1804 3169 1870 3220 γε

1952 636 2203 704 juvenes,
2235 633 2329 687 illo
2359 633 2520 686 modo
2547 646 2713 685 senex
2738 630 2954 684 locutus
2979 636 3063 681 est
3093 642 3107 678 :

2028 808 2117 863 20.
2145 810 2591 863 Demonstratum
2614 806 2753 859 mihi
2779 805 2994 859 videtur
3020 814 3122 857 hoc
3149 802 3369 871 quidem
3409 819 3424 855 :
3455 802 3545 855 dic

1959 917 2089 971 ergo
2123 902 2307 961 sodes,
2350 899 2480 968 quid
2519 909 2575 952 tu
2610 897 2676 951 de
2702 897 2958 966 paradiso
2998 896 3226 960 sentias,
3258 904 3313 947 et
3358 893 3424 947 de
3458 892 3544 944 fu-

1960 1004 2081 1049 tura
2106 994 2393 1047 hominum
2429 992 2480 1045 in
2518 992 2613 1044 illo
2650 990 2967 1044 conditione
2995 998 3048 1042 ct
3093 989 3324 1043 deliciis.
3382 986 3540 1053 Quod

1958 1088 2002 1141 si
2040 1097 2210 1139 rectae
2230 1094 2597 1141 consentanea
2631 1084 2831 1137 rationi
2858 1092 3044 1135 uestra
3075 1082 3172 1134 tilii
3211 1081 3545 1135 videbuntur

1960 1183 2238 1252 dogmata.
2272 1196 2378 1233 non
2423 1180 2578 1245 longa
2617 1178 2799 1231 hercle
2835 1192 2973 1246 opus
3009 1175 3225 1227 tiliicrit
3258 1174 3542 1226 oratione:

1961 1282 2048 1333 sin
2072 1281 2138 1334 de
2172 1281 2256 1333 his
2298 1280 2459 1333 aliter
2494 1278 2589 1332 tibi
2630 1260 2901 1337 videatur,
2936 1276 3117 1329 verbis
3164 1288 3268 1325 non
3330 1284 3544 1341 parcas,

1962 1388 2065 1425 nec
2105 1372 2269 1427 ullam
2305 1359 2552 1425 laborum
2594 1370 2859 1423 rationem
2906 1367 3129 1427 habeas,
3178 1377 3371 1432 nempe
3403 1361 3549 1415 unde

1962 1481 2094 1534 spes
2150 1476 2234 1519 est
2298 1480 2422 1519 eum
2474 1462 2721 1518 veritatis
2768 1459 3008 1514 fructum
3072 1469 3391 1527 perceptum
3456 1455 3546 1513 iri,

1963 1574 2124 1627 quem
2175 1557 2516 1623 colloquium
2551 1570 2579 1607 a
2635 1555 2895 1623 pertinaci
2958 1551 3369 1606 concertatione
3419 1548 3551 1602 libe-

1963 1666 2083 1703 rum
2108 1649 2249 1702 ferre
2274 1656 2477 1717 potest.
2510 1646 2620 1699 Nos
2652 1661 2800 1708 vero,
2837 1646 3089 1714 inquam,
3147 1644 3394 1713 hospites
3444 1642 3545 1701 tui,

1962 1748 2189 1801 liberale
2219 1744 2361 1813 apud
2392 1752 2442 1797 te
2474 1742 2795 1810 hospitium.
2828 1756 3132 1810 paremque
3165 1740 3220 1792 in
3286 1750 3335 1793 te
3378 1739 3550 1791 animi

1964 1840 2258 1893 candorem
2299 1849 2352 1892 et
2383 1835 2700 1906 dignitatem
2734 1834 2875 1888 nacti
2900 1834 3022 1902 (nec
3061 1832 3206 1887 enim
3238 1831 3419 1885 verbis
3451 1844 3552 1884 nec.

1966 1931 2123 1986 factis
2168 1926 2881 1992 honouilicentius{tractari
2948 1920 3362 1991 potuissemus),
3414 1920 3544 1989 quid

1962 2036 2044 2077 cst
2070 2026 2288 2089 hoSpes,
2323 2034 2493 2087 quare
2524 2033 2630 2071 non
2665 2025 2932 2087 quantum
2962 2015 3239 2084 possimus
3270 2027 3368 2081 par
3430 2007 3549 2081 pati

1965 2121 2187 2174 reddere
2229 2129 2516 2170 conemur.
2551 2111 2659 2165 Sed
2694 2110 2841 2164 enim
2866 2109 3199 2162 submoleste
3242 2104 3379 2159 forte
3413 2104 3556 2156 latu-

1964 2228 2084 2265 rmn
2119 2222 2170 2265 te
2197 2209 2450 2276 suspicor
2481 2218 2659 2263 meum
2710 2201 3119 2257 sermocinandi
3187 2212 3385 2268 genus.
3421 2196 3554 2261 Quae

1965 2322 2090 2360 eum
2118 2320 2220 2373 ego
2255 2306 2542 2367 dixissem,
2575 2297 3013 2355 contristabatur
3059 2291 3248 2355 Persa,
3290 2290 3556 2359 vultuque

1967 2414 2191 2453 sensum
2229 2398 2397 2452 animi
2435 2396 2758 2465 iudicante,
2815 2388 2965 2442 Nihil
3016 2383 3309 2450 ejusmodi,
3353 2381 3551 2449 inquit,

1977 2493 2159 2546 vereri
2186 2498 2691 2560 oportet:eatenus
2732 2478 3177 2540 benevolentiam
3220 2492 3387 2544 suam
3426 2490 3555 2545 por-

1975 2588 2101 2657 rigi,
2153 2597 2431 2655 quatenus
2483 2598 2567 2638 me
2626 2582 2843 2637 veritati
2911 2580 3190 2633 adhaerere
3243 2580 3553 2630 cerneret:

1973 2682 2355 2743 quamobrem,
2391 2678 2590 2748 inquit,
2649 2674 2801 2743 loqui
2865 2673 3000 2727 nihil
3064 2686 3173 2741 prae
3225 2667 3555 2723 verecundia

1975 2771 2277 2826 reticendo.
2312 2770 2433 2839 Ipse
2466 2770 2630 2822 etiam
2670 2767 2813 2822 idem
2845 2778 2899 2822 et
2927 2766 3110 2821 facere
3141 2779 3200 2819 se
3238 2771 3293 2817 et
3325 2761 3380 2815 in
3412 2760 3556 2816 serie

1974 2845 2403 2936 disputationum
2438 2877 2654 2930 semper
2697 2860 2970 2915 factorum
3000 2856 3303 2912 alﬁrmabat
3334 2873 3347 2910 :
3396 2869 3560 2909 cum-

1980 2979 2084 3029 que
2123 2976 2267 3018 eam.
2303 2974 2467 3027 quam
2526 2957 2604 3011 illi
2661 2971 2816 3009 eram
2874 2954 3169 3023 pollicitus,
3235 2951 3451 3019 plenam
3476 2948 3560 3002 lo-

1978 3056 2178 3124 quendi
2228 3054 2533 3109 libertatem
2578 3064 2687 3103 non
2726 3056 2934 3117 peteret
2987 3054 3227 3106 tantum,
3286 3051 3559 3112 quantum

1981 3148 2220 3203 vicissim
2284 3153 2578 3216 repeteret,
2602 3158 2820 3212 aequum
2852 3154 2976 3196 esse
3004 3138 3268 3205 intellexi,
3304 3152 3390 3192 me
3420 3150 3561 3206 quo-

280 3222 452 3279 εἶπον
495 3228 588 3280 καὶ
617 3230 780 3282 αὐτὸν
826 3231 1017 3300 πράως
1046 3233 1266 3287 ἀκούειν
1290 3235 1477 3291 λοιπόν
1500 3256 1514 3269 ·
1550 3240 1611 3293 οὐ
1648 3242 1757 3311 γὰρ
1805 3244 1863 3299 ἵν⁴

1977 3258 2084 3311 que
2113 3240 2384 3311 promissa
2411 3252 2653 3301 servare,
2690 3250 2793 3290 nec
2846 3233 3074 3288 moleste
3127 3230 3271 3286 ferre
3325 3230 3558 3284 liberum

283 3318 563 3385 ἐξελέγξω
609 3322 688 3382 εἰς
723 3322 946 3389 ἀγῶνας
996 3327 1236 3394 ἐμαυτὸν
1271 3328 1492 3399 καθῆκα
1523 3330 1669 3402 ἄλλῳ
1706 3352 1876 3402 προσ·

282 3412 532 3479 ἥκοντας
562 3415 959 3484 σχήματι,ἁλλ’
986 3417 1135 3483 ὅπως
1165 3436 1247 3472 σοι
1275 3421 1478 3476 τελέσω
1508 3423 1569 3476 τὸ
1600 3424 1871 3495 βούλημα·

283 3502 381 3553 ὅτι
422 3503 534 3555 ’καί
591 3521 676 3567 τις
735 3506 1022 3562 ὑποσαίνει
1079 3511 1189 3566 τῶν
1246 3517 1630 3584 χρηστοτέρων
1695 3519 1873 3581 ἐλπίς.

288 3594 470 3647 Ὅθεν
521 3597 743 3650 πάντων
799 3600 1146 3657 εῖνεκαόὐδ’
1195 3606 1507 3662 οὑτινοσοῦν
1550 3608 1615 3661 ἂν
1647 3612 1766 3682 εἴην
1797 3614 1877 3666 δί-

283 3703 454 3749 καιος
505 3690 822 3757 φείσασθαι,
852 3693 1064 3765 ὅσαπερ
1116 3697 1252 3767 πρὸς
1302 3697 1460 3752 τοῦτο
1502 3702 1691 3770 φέρειν
1738 3704 1875 3756 ὐπο-

282 3778 585 3848 λαμεάνω.
617 3782 837 3845 Δίκαια.
876 3786 1077 3851 πάντες
1118 3788 1348 3857 ἔφασαν,
1390 3791 1571 3860 λέγεις
1597 3810 1610 3825 ·
1648 3797 1740 3848 καί
1779 3813 1874 3849 σου

281 3872 555 3941 δεόμεθα,
589 3876 844 3949 καθάπερ
877 3879 1301 3953 ἕρηςωοιῆσαι.
1348 3885 1615 3940 Ἐνταῦθα
1649 3890 1748 3957 μὲν
1779 3886 1875 3942 οὖν

287 3965 411 4035 πρὸ
454 3964 636 4038 δείλης
683 3968 824 4040 ἑῴας
847 3972 917 4026 τά
948 3972 1050 4042 τῆς
1091 3973 1353 4047 δευτέρας
1402 3979 1537 4048 ἡμῖν
1586 3979 1878 4048 διαλέξεως

288 4057 674 4128 ἐτελεύτησεν.

289 4164 361 4208 tu
397 4155 616 4223 quidem
654 4160 822 4225 istud,
871 4164 1125 4233 inquiunt
1157 4181 1347 4222 omnes

1975 3350 2301 3404 responsum
2341 3352 2354 3386 :
2383 3331 2656 3401 quodjam
2682 3330 2735 3383 in
2769 3327 3203 3397 principio.cum
3220 3338 3280 3379 se
3298 3323 3558 3377 daturum

1976 3426 2204 3491 diceret,
2241 3424 2673 3496 spoponderam.
2707 3420 2970 3489 Deinceps
2989 3419 3179 3487 igitur,
3211 3417 3460 3487 inquam,
3500 3423 3560 3468 tu

1980 3532 2195 3589 quoque
2223 3517 2454 3582 benigne
2492 3529 2577 3566 me
2597 3512 2789 3567 audies
2816 3530 2833 3566 :
2868 3526 2969 3565 nec
2998 3508 3143 3565 enim
3178 3516 3236 3563 ut
3266 3508 3565 3575 redargue-

1978 3624 2093 3663 rem
2123 3619 2173 3662 te
2197 3606 2456 3662 descendi
2486 3606 2540 3659 in
2577 3604 2680 3659 hoc
2709 3613 3010 3667 certamen,
3045 3600 3384 3656 conveniens
3417 3598 3563 3652 alius

1981 3716 2223 3771 personae
2254 3702 2416 3771 paulo
2457 3698 2696 3753 fortasse
2729 3696 2903 3765 magis
2936 3702 3100 3764 quam
3127 3693 3261 3746 mihi
3312 3708 3327 3745 :
3376 3702 3431 3744 at
3469 3689 3564 3742 de-

1980 3796 2167 3851 scendi
2199 3803 2488 3849 utmorem
2520 3791 2614 3845 tibi
2658 3804 2902 3860 gererem
2928 3806 2941 3843 :
2965 3796 3019 3842 et
3056 3794 3321 3856 praeterea
3374 3785 3562 3839 nescio

1980 3903 2103 3959 quae
2137 3888 2468 3957 optirnarum
2520 3898 2700 3938 rerum
2727 3897 2853 3952 spes
2890 3881 3021 3935 mihi
3057 3878 3323 3949 injicitur.
3351 3876 3563 3942 Quibus

1980 3982 2237 4038 omnibus
2279 3981 2344 4033 de
2386 3978 2573 4033 causis
2611 3965 2721 4032 non
2771 3976 2966 4035 attinet
3020 3972 3115 4027 ulli
3182 3972 3260 4027 rei
3298 3976 3561 4041 ,‘parcere,

1987 4089 2153 4146 quam
2179 4073 2244 4128 ad
2270 4073 2373 4128 hoc
2401 4070 2655 4126 conferre
2706 4085 2871 4142 posse
2920 4068 3180 4123 arbitror.
3233 4063 3566 4119 Rectissime

1398 4186 1413 4222 :
1470 4170 1819 4242 petimusque
1852 4186 1983 4241 ate,
2043 4184 2104 4228 ut
2150 4171 2296 4253 qu‘oil
2350 4170 2629 4240 pollicitus
2681 4184 2761 4233 es,
2811 4173 3188 4236 repraesentes.
3253 4163 3387 4229 Quae
3436 4176 3564 4216 cum

291 4256 488 4303 esse"!
515 4251 680 4313 dicta.
701 4265 829 4310 ante
860 4260 1189 4313 matutinum
1224 4263 1608 4330 crepusculum
1638 4270 1913 4325 secundus
1938 4267 2189 4337 dialogus
2217 4251 2299 4322 sic
2322 4265 2618 4321 conclusus
2644 4272 2749 4319 est.

376 4456 457 4540 μ)
492 4454 720 4512 Videtur
744 4459 830 4513 hic
869 4460 1028 4531 ἔφην,
1075 4460 1196 4516 sive
1262 4463 1402 4532 πρὸς
1477 4465 1725 4536 ἐμαυτὸν
1797 4466 1863 4520 ἕλε

1970 4468 2158 4540 ιάμην,
2217 4469 2334 4523 sive
2399 4466 2506 4523 tale
2555 4464 2784 4534 aliquid,
2845 4465 2915 4518 ab
2971 4463 3176 4519 lectore
3227 4459 3565 4532 subintelligi

294 4526 521 4581 debere.

306 4718 373 4762 Ε,

389 4719 3556 4765 W

1601 4930 2275 5078 MONlTUM

1900 5178 1985 5220 AD

551 5363 961 5428 MANUELIS
1024 5364 1510 5428 PAL/EOLOGI
1544 5365 1624 5426 IN
1656 5363 2054 5425 FRATREM
2106 5365 2321 5427 SUUM
2370 5366 2854 5427 ΟΒΑΤΙΟΝΕΜ
2877 5366 3329 5428 FUNEBREM.

1475 5513 1767 5576 (Consus.
1830 5514 1973 5564 Auct.
2043 5513 2170 5566 Bibl.
2240 5514 2395 5575 PP.)

374 5788 832 5848 Luculentissima
861 5788 1134 5851 oratione,
1173 5800 1296 5861 cum
1332 5803 1485 5843 suam
1509 5789 1808 5860 fratrisque.
1830 5792 2087 5861 pietatem
2119 5786 2856 5857 egregietestatam,meliori
2886 5803 3002 5843 aevo
3032 5803 3097 5843 ac
3120 5788 3337 5845 fortuna
3367 5789 3570 5859 dignus

301 5877 629 5947 imperator,
654 5872 805 5942 facit,
836 5876 1069 5945 ejusque
1095 5874 1232 5928 alias
1258 5873 1487 5929 virtutes
1506 5877 1773 5945 celebrat,
1800 5888 1915 5934 tum
1938 5877 2244 5933 occidentis
2278 5878 2333 5930 in
2350 5876 2570 5931 Oriente
2597 5873 2832 5930 Romani
2866 5876 3102 5946 imperii,
3120 5878 3471 5950 Orientisque
3495 5894 3561 5937 ac
