4060 6602
267 431 387 494 173

1064 434 1467 496 TlIEODURI
1494 410 1859 496 esseom
1893 429 2287 491 LAUDATIO
2344 429 2756 490 FUNEBRIS.

3444 416 3546 482 174

257 539 339 612 ἦν
372 544 471 595 τὴν
520 542 761 612 Χριστὸν
800 543 995 614 κριτὴν
1043 540 1208 609 εἶναι,
1258 550 1355 603 καὶ
1405 547 1623 619 ἀληθῶς
1668 545 1866 618 ὀνομα-

1975 539 2131 609 index
2161 555 2305 601 esse.
2333 555 2569 608 vereque
2607 536 2893 608 appellari.
2916 535 2995 590 Ad
3027 534 3141 590 haec
3174 547 3297 589 cum
3320 531 3550 588 silerent

260 634 493 699 ζεσθαι.
530 636 650 691 Τῶν
673 635 857 690 τοίνυν
880 636 1016 689 νέων
1047 638 1144 691 ἐπὶ
1183 638 1362 709 τούτῳ
1395 640 1556 710 σιγὴν
1586 641 1854 705 ἀγόντων,

262 728 385 797 ἔφη
421 729 450 781 δ
484 728 689 798 γέρων·

349 819 429 876 κ’.
477 821 882 890 ’Δποδεδεῖχθαί
941 840 1034 892 μοι
1090 824 1253 877 τοῦτο
1290 825 1473 878 δοκεῖ·
1505 823 1634 891 λέγε
1677 823 1862 877 τοίνυν)

260 913 344 967 τὰ
380 913 467 965 σοὶ
506 913 766 967 δοκοῦντα
818 915 951 983 περί
979 932 1038 968 τε
1088 915 1183 969 τοῦ
1234 917 1600 987 παραδείσου,
1631 918 1724 971 καὶ
1762 918 1859 985 τῆς

264 1007 336 1059 ἐν
390 1004 543 1075 αὑτῷ
599 1008 985 1071 καταστάσεως
1032 1009 1129 1062 καὶ
1167 1010 1401 1081 τρυφῆς.
1436 1011 1658 1073 Πάντως
1694 1010 1771 1076 δὲ,
1812 1012 1860 1063 εἰ

272 1101 384 1169 μὲν
420 1100 583 1171 ὀρθοῦ
618 1119 698 1155 σοι
732 1103 893 1171 λόγου
940 1105 1008 1157 τὰ
1038 1107 1285 1181 ἡμέτερα
1312 1108 1550 1178 ἐχόμενα
1582 1110 1857 1175 φαίνεται,

264 1196 380 1247 οὑκ
425 1196 489 1248 ἂν
526 1197 755 1265 μακρῶν
777 1199 919 1250 δέοιο
954 1199 1127 1266 λόγων
1148 1217 1161 1230 ·
1201 1201 1381 1263 ἄλλως
1412 1202 1470 1253 δέ
1522 1220 1603 1254 σοι
1636 1202 1860 1255 δοκούν-

267 1304 412 1350 των,
453 1289 527 1358 μὴ
569 1280 753 1357 φείδου
785 1292 1069 1360 ῥημάτων,
1105 1292 1227 1362 μηδ’
1255 1293 1607 1361 ὑπολογίσαιο
1643 1294 1862 1360 πόνους,

265 1379 417 1431 ἔνθα
469 1381 835 1449 προσδόκιμος
880 1385 997 1436 ἐστι
1054 1385 1265 1452 καρπὸς
1316 1385 1603 1454 ἀληθείας,
1638 1386 1698 1438 ὃν
1749 1382 1862 1439 οἶδε

265 1476 478 1543 φέρειν
520 1475 754 1539 διάλεξις
804 1477 1024 1548 καθαρά
1068 1479 1404 1545 φιλονεικέας
1440 1481 1679 1548 ἀπάσης.
1720 1482 1863 1533 ’Λλλέ

262 1569 453 1635 ἡμεῖς
511 1585 591 1621 σοι
652 1567 815 1632 ξένοι,
867 1569 965 1621 καὶ
1021 1572 1173 1639 παρά
1213 1589 1298 1624 σοι
1343 1573 1517 1642 καλὴν
1566 1575 1864 1644 εὑρηκότες

267 1660 579 1728 ὑποδοχὴν.
616 1662 711 1713 καὶ
753 1661 982 1730 γνώμην
1024 1666 1122 1733 τὴν
1159 1666 1354 1735 αὐτὴν,
1393 1668 1488 1718 καὶ
1537 1668 1703 1737 τιμὴν
1748 1667 1867 1738 (καὶ

261 1752 443 1805 οῦδὲν
467 1751 578 1805 οὐδ’
601 1752 661 1805 ἐν
693 1753 877 1820 λόγοις
907 1756 1020 1808 οὐδ’
1051 1758 1108 1809 ὲν
1137 1758 1321 1826 ἔργοις
1349 1758 1498 1827 ἡμᾶς
1542 1759 1865 1830 παρελύπη-

270 1844 438 1910 σας),
469 1844 550 1896 δεῖ
581 1840 679 1898 οὖν
718 1847 865 1915 ἡμᾶς
908 1850 1020 1911 τοῖς
1053 1848 1212 1913 ἴσοις,
1252 1849 1326 1914 ὼς
1370 1850 1570 1916 ἔνεστι,
1604 1854 1661 1904 σὲ
1694 1854 1860 1907 σπεῦ-

267 1937 397 1990 δειν
446 1936 791 2007 ἀμείϐεσθαι.
833 1939 990 2007 Ἐμοὶ
1029 1939 1074 1991 δ’
1108 1942 1357 1995 ὑπονοεῖν
1385 1944 1618 2011 ἔπεισιν,
1646 1945 1723 2009 ὡς
1751 1948 1863 2019 ἄρα

272 2028 345 2081 σέ
400 2046 508 2081 που
558 2030 653 2083 καὶ
692 2030 1019 2085 ἀποκναίσει
1076 2032 1143 2085 τὰ
1202 2034 1333 2104 παρ’
1387 2037 1521 2105 ἐμοῦ
1567 2037 1864 2107 λεγόμενα.

286 2119 485 2182 Ἀνίας
530 2121 790 2191 πλησθεις
835 2124 1011 2193 ἐφάνη
1043 2127 1162 2187 τοῖς
1209 2128 1525 2197 εἰρημένοις
1561 2132 1590 2184 6
1624 2133 1861 2201 Πέρσηςν

279 2210 389 2265 καὶ
421 2211 644 2281 μηνύων
675 2213 754 2284 τῷ
804 2215 1086 2285 προσώπῳ
1118 2219 1218 2287 τήν
1264 2218 1365 2287 τῆς
1394 2219 1578 2291 ψυχῆς
1622 2224 1869 2278 διάθεσιν

279 2303 395 2373 ἔφη
420 2318 435 2333 ’
466 2305 542 2356 Οὑ
583 2303 694 2375 χρὴ
742 2306 985 2361 τοιοῦτον
1030 2311 1279 2364 ὑπονοεῖν
1299 2329 1314 2343 ·
1347 2314 1441 2365 ἐπὶ
1472 2316 1727 2369 τοσοῦτον
1760 2320 1869 2386 γὰρ

280 2392 439 2463 αὐτῷ
476 2397 546 2448 τὰ
574 2397 675 2465 τῆς
714 2397 1055 2472 εὐφροσύνης
1103 2404 1470 2470 ὲκτείνεσθαι,
1500 2409 1585 2475 ἐφ’
1632 2411 1757 2462 ὅσον
1801 2428 1869 2481 με

281 2488 390 2556 τῆς
435 2487 694 2559 ἀληθείας
738 2492 997 2561 ἐχόμενον
1040 2494 1254 2567 καθορᾷ
1279 2514 1293 2527 '
1334 2497 1415 2550 δεῖ
1445 2498 1509 2568 δὴ
1544 2503 1712 2569 μηδὲν
1741 2505 1872 2556 ὑπο-

285 2577 650 2648 στειλάμενον
684 2579 889 2649 λέγειν.
926 2583 1036 2637 Καὶ
1079 2586 1186 2656 γὰρ
1218 2588 1471 2651 κάκεῖνος
1499 2594 1664 2645 ταυτὸ
1700 2597 1872 2646 ποιεῖν

283 2666 393 2720 καὶ
434 2669 607 2721 ποιῶν
635 2670 965 2727 διατελέσειν
995 2674 1403 2746 διαλεγόμενος.
1432 2681 1522 2735 ὅτε
1567 2683 1623 2735 δέ
1662 2702 1729 2751 με
1776 2688 1871 2738 καὶ

282 2759 772 2831 ἐπαγγειλάμενον
813 2765 948 2835 ἔχει,
978 2769 1070 2819 καὶ
1120 2771 1346 2824 ἁπαιτεί
1390 2771 1489 2844 τὴν
1525 2777 1870 2848 παρρησίαν,

280 2853 415 2906 ἀλλ’
455 2855 558 2908 οὐκ
613 2856 776 2923 αἰτεῖ,
803 2857 1016 2923 δίκαιος
1066 2859 1134 2915 ἂν
1186 2864 1305 2933 εἵην
1346 2865 1446 2935 (Ι),
1491 2870 1588 2920 καὶ
1616 2871 1779 2933 αὐτὸς
1805 2874 1874 2924 τὰ

283 2947 658 3017 ὑπεσχημένα
697 2950 1008 3018 φυλάττειν,
1046 2954 1144 3007 καὶ
1195 2956 1274 3025 μὴ
1324 2957 1702 3027 δυσχεραίνειν
1737 2964 1874 3032 πρὸς

282 3037 398 3109 τὴν
454 3040 596 3106 μετὰ
640 3040 878 3113 θάρρους
922 3045 1252 3115 ἀπόκρισιν·
1317 3050 1345 3103 δ
1400 3051 1465 3123 δὴ
1522 3054 1646 3106 κατ’
1699 3057 1876 3126 ἀρχὰς

284 3132 691 3218 ἐπαγγείλαντι
735 3135 931 3191 δώσειν
969 3138 1131 3202 αὐτὸς
1173 3141 1516 3214 ὑπεσχόμην.
1549 3148 1763 3200 Οὐκοῦν
1807 3168 1874 3218 γε

282 3217 455 3273 εἶπον
499 3223 592 3275 καὶ
621 3225 784 3278 αὐτὸν
829 3227 1020 3297 πράως
1049 3230 1268 3284 ἀκούειν
1292 3232 1479 3289 λοιπόν
1502 3254 1517 3267 ο
1553 3238 1614 3291 οὐ
1651 3239 1760 3310 γὰρ
1808 3217 1874 3297 ἵν’
1903 3230 1946 3288 C

285 3312 566 3379 ἐξελέγξω
613 3316 692 3378 είς
727 3318 949 3385 ἀγῶνας
999 3323 1239 3390 ἐμαυτὸν
1273 3326 1494 3396 καθῆκα
1525 3328 1672 3399 ἄλλῳ
1709 3349 1879 3401 προσ-

284 3406 535 3474 ήκοντας
566 3411 829 3478 σχήματι,
848 3411 962 3463 ἀλλ’
989 3413 1137 3478 ὅπως
1168 3433 1249 3469 σοι
1277 3419 1480 3474 τελέσω
1511 3422 1571 3474 τὸ
1603 3422 1874 3493 βούλημα*

284 3496 380 3548 ὅτι
425 3497 537 3550 ’καί
594 3516 680 3562 τις
738 3501 1026 3558 ὑποσαίνει
1082 3507 1191 3562 τῶν
1248 3515 1632 3582 χρηστοτέρων
1697 3517 1874 3578 ἐλπίς.

289 3589 473 3642 Ὅθεν
524 3591 746 3645 πάντων
802 3596 1149 3653 εἶνεκαόῦδ’
1197 3603 1509 3659 οὑτινοσοῦν
1552 3606 1616 3660 ἂν
1648 3611 1768 3680 εἴην
1798 3612 1878 3664 δὶ-

284 3698 457 3744 καιος
508 3685 825 3752 φείσασθαι,
855 3689 1067 3761 ὅσαπερ
1118 3694 1254 3764 πρὸς
1304 3695 1461 3750 τοῦτο
1504 3701 1693 3767 φέρειν
1739 3702 1876 3755 ὑπο-

283 3772 588 3843 λαμεάνω.
619 3777 840 3841 Δίκαια,
878 3782 1079 3847 πάντες
1119 3785 1351 3854 ἔφασαν,
1392 3788 1572 3857 λέγεις
1598 3807 1612 3822 θ
1649 3795 1741 3846 καί
1780 3811 1875 3848 σου

282 3866 557 3935 δεόμεθα,
591 3871 847 3944 καθάπερ
879 3874 1303 3949 hama-amnem.
1350 3882 1617 3938 Ἐνταῦθα
1650 3887 1750 3955 μὲν
1781 3884 1876 3941 οὖν

287 3959 413 4029 πρὸ
456 3958 639 4032 δείλης
685 3963 827 4035 ἑῴας
849 3968 918 4021 τά
950 3968 1052 4037 τῆς
1092 3969 1354 4043 δευτέρας
1404 3976 1539 4045 ἡμῖν
1587 3977 1878 4046 διαλέξεως

287 4051 677 4123 ἔτελεὺτησεν.

288 4159 357 4202 ιιι
398 4150 617 4217 quidem
656 4154 824 4220 istud,
872 4159 1127 4228 inquiunt
1158 4176 1349 4219 omnes

1960 634 2213 703 juvenes.
2245 633 2338 686 illo
2367 633 2529 686 modo
2556 646 2722 686 senex
2748 631 2963 684 locutus
2988 637 3072 682 est
3102 642 3117 679 :

2037 807 2125 862 20.
2154 808 2599 862 Dcmoustratum
2622 806 2761 860 mihi
2788 805 3004 859 videtur
3029 815 3131 858 hoc
3159 804 3378 873 quidem
3417 821 3433 857 :
3464 803 3554 856 dic

1967 915 2096 970 ergo
2132 901 2316 961 sodes,
2359 899 2488 967 quid
2527 908 2582 952 tu
2618 897 2684 951 de
2712 898 2967 966 paradiso
3007 897 3235 961 sentias,
3267 906 3321 949 et
3366 895 3432 947 de
3466 894 3553 947 fu-

1967 1003 2090 1047 tura
2115 993 2401 1046 hominum
2436 991 2488 1045 in
2527 991 2622 1043 illo
2658 990 2975 1045 conditione
3003 999 3056 1043 et
3101 990 3332 1044 deliciis.
3391 989 3549 1055 Quod

1965 1087 2010 1139 si
2048 1094 2606 1140 rectae'consentanea
2640 1084 2839 1138 rationi
2866 1093 3052 1136 nostra
3083 1084 3180 1136 tibi
3219 1083 3553 1137 videbuntur

1968 1181 2245 1250 dogmata.
2280 1196 2386 1233 non
2431 1180 2586 1244 longa
2626 1179 2807 1231 hercle
2843 1192 2982 1247 opus
3018 1177 3233 1229 tibicrit
3266 1176 3550 1228 oratione:

1969 1280 2055 1332 sin
2080 1280 2146 1332 de
2180 1280 2263 1332 his
2305 1279 2466 1332 aliter
2502 1278 2597 1331 tibi
2637 1260 2909 1339 videatur,
2944 1276 3125 1330 verbis
3173 1290 3275 1327 non
3338 1286 3551 1343 parcas,

1968 1386 2072 1424 nec
2112 1370 2276 1426 ullam
2313 1358 2560 1424 laborum
2602 1370 2867 1422 rationem
2913 1368 3136 1431 habeas,
3185 1378 3378 1434 nempe
3410 1364 3556 1417 unde

1970 1479 2101 1532 spes
2156 1474 2242 1518 est
2306 1479 2430 1517 eum
2482 1462 2728 1517 veritatis
2775 1459 3016 1514 fructum
3079 1470 3398 1528 perceptum
3463 1457 3553 1515 iri.

1970 1573 2131 1625 quem
2181 1555 2523 1622 colloquium
2559 1569 2587 1606 a
2642 1554 2902 1622 pertinaci
2966 1553 3376 1607 concertatione
3426 1550 3558 1603 libe—

1969 1665 2089 1701 rum
2115 1648 2256 1701 ferre
2280 1655 2483 1717 potest.
2517 1645 2627 1699 Nos
2659 1660 2807 1708 vero,
2845 1646 3097 1714 inquam,
3154 1645 3401 1714 hospites
3450 1644 3551 1705 tui,

1969 1747 2195 1800 liberale
2226 1744 2367 1812 apud
2398 1753 2449 1797 te
2481 1742 2802 1810 hospitium,
2835 1757 3140 1811 paremque
3172 1741 3227 1793 in
3292 1751 3342 1793 te
3385 1741 3557 1793 animi

1970 1839 2264 1893 Candorcm
2306 1848 2357 1892 et
2389 1835 2706 1907 dignitatem
2740 1835 2882 1889 nacti
2907 1834 3029 1903 (nec
3068 1833 3212 1887 enim
3245 1832 3426 1886 verbis
3457 1846 3558 1886 nec

1972 1930 2128 1984 factis
2174 1926 2887 1992 houmilieentius£tractari
2954 1922 3369 1993 potuissemus),
3420 1921 3551 1991 quid

1967 2034 2050 2077 est
2076 2025 2293 2089 hospes,
2329 2034 2498 2086 quare
2530 2034 2636 2070 non
2672 2025 2939 2087 quantum
2969 2016 3245 2084 possimus
3277 2029 3373 2082 par
3436 2010 3555 2082 pari

1971 2119 2192 2172 reddere
2234 2128 2521 2170 conemur.
2557 2111 2665 2165 Sed
2701 2110 2847 2164 enim
2872 2109 3205 2164 submoleste
3248 2105 3385 2160 forte
3419 2106 3562 2157 latu-

1970 2226 2090 2263 rum
2124 2221 2176 2263 te
2202 2208 2456 2275 suspicor
2487 2218 2665 2263 meum
2715 2202 3125 2257 sermocinandi
3193 2213 3391 2269 genus.
3427 2197 3560 2262 Quae

1971 2319 2095 2358 cum
2123 2320 2226 2371 ego
2261 2305 2548 2367 dixissem,
2580 2297 3018 2355 contristabatur
3065 2292 3254 2355 Persa,
3296 2292 3561 2361 vultuque

1973 2413 2196 2452 sensum
2234 2398 2402 2450 animi
2442 2396 2763 2465 indicante,
2820 2388 2970 2442 Nihil
3021 2383 3314 2451 ejusmodi,
3358 2383 3556 2452 inquit,

1980 2491 2163 2545 vereri
2191 2498 2697 2558 oportet:eatenus
2737 2479 3182 2539 benevolentiam
3226 2493 3393 2545 suam
3430 2492 3560 2547 por-

1979 2587 2106 2655 rigi,
2158 2596 2436 2654 quatenus
2487 2598 2572 2638 me
2631 2582 2848 2637 veritati
2916 2581 3195 2633 adhazrere
3248 2582 3557 2631 cerneret:

1977 2681 2360 2742 quamobrem,
2396 2678 2595 2748 inquit,
2654 2675 2805 2744 loqui
2869 2674 3004 2728 nihil
3069 2688 3177 2742 prae
3229 2668 3559 2725 verecundia

1980 2770 2282 2826 reticendo.
2316 2770 2436 2839 lpse
2471 2770 2635 2822 etiam
2674 2768 2817 2822 idem
2848 2778 2903 2823 et
2931 2767 3114 2822 facere
3145 2780 3204 2820 se
3242 2772 3297 2818 et
3330 2762 3385 2817 in
3418 2762 3561 2818 serie

1978 2843 2407 2935 disputationum
2442 2877 2658 2930 semper
2701 2861 2974 2916 factorum
3004 2858 3307 2913 alIirmabat
3339 2875 3352 2911 :
3401 2870 3564 2910 cum~

1983 2978 2087 3027 que
2127 2975 2271 3017 eam.
2306 2973 2471 3026 quam
2530 2957 2609 3011 illi
2664 2971 2819 3010 eram
2878 2954 3173 3024 pollicitus.
3239 2952 3456 3021 plenam
3481 2950 3564 3004 io-

1982 3054 2182 3123 quendi
2232 3053 2537 3107 libertatem
2583 3063 2691 3103 non
2729 3057 2937 3118 peteret
2991 3054 3231 3107 tantum,
3290 3053 3563 3113 quantum

1984 3147 2223 3202 vicissim
2288 3152 2581 3216 repeteret,
2605 3159 2823 3212 aequum
2855 3155 2979 3196 esse
3007 3138 3271 3206 intellexi,
3307 3154 3394 3193 me
3424 3151 3565 3207 quo-

1980 3257 2087 3310 que
2116 3239 2388 3310 promissa
2414 3251 2657 3300 servare,
2695 3250 2796 3290 nec
2849 3234 3076 3289 moleste
3130 3231 3275 3287 ferre
3329 3231 3562 3285 liberum

1978 3348 2304 3403 responsum
2343 3350 2357 3385 :
2387 3330 2659 3400 quodjam
2685 3330 2737 3382 in
2772 3328 3204 3397 principio.cum
3223 3339 3283 3380 se
3300 3325 3561 3379 daturum

1979 3424 2207 3489 diceret,
2244 3424 2676 3495 spoponderam.
2710 3420 2973 3489 Deinceps
2992 3420 3182 3488 igitur,
3214 3418 3462 3489 inquam,
3504 3424 3563 3470 ιιι

1982 3531 2198 3587 quoque
2227 3515 2456 3581 benigne
2494 3528 2580 3566 me
2600 3512 2791 3567 audies
2819 3529 2835 3566 :
2870 3526 2972 3566 nec
3000 3511 3145 3566 enim
3180 3518 3238 3564 ut
3268 3509 3567 3577 redargue-

1981 3622 2096 3661 rem
2126 3617 2176 3660 te
2199 3605 2458 3661 descendi
2488 3605 2543 3659 in
2579 3605 2682 3658 hoc
2712 3613 3012 3668 certamen,
3047 3600 3386 3657 conveniens
3419 3600 3565 3654 alius

1983 3714 2225 3770 personae
2256 3700 2418 3769 paulo
2460 3698 2698 3753 fortasse
2730 3697 2906 3765 magis
2939 3703 3102 3764 quam
3130 3694 3263 3747 mihi
3314 3709 3329 3746 :
3377 3704 3433 3746 at
3471 3691 3566 3744 de-

1982 3794 2169 3849 scendi
2200 3802 2489 3847 utmorem
2521 3791 2615 3845 tibi
2660 3804 2904 3859 gererem
2930 3807 2944 3843 :
2968 3797 3022 3842 et
3059 3795 3323 3856 praeterea
3376 3786 3565 3841 nescio

1981 3902 2104 3957 quae
2138 3886 2469 3955 optimarum
2522 3897 2702 3937 rerum
2728 3897 2856 3952 spes
2892 3881 3023 3935 mihi
3059 3879 3323 3949 injicitur.
3352 3877 3565 3943 Quibus

1980 3979 2238 4036 omnibus
2280 3979 2345 4032 de
2388 3976 2574 4032 causis
2612 3964 2724 4031 non
2772 3976 2968 4035 attinet
3023 3973 3116 4027 ulli
3183 3973 3262 4028 rei
3300 3978 3562 4042 gparcere,

1988 4087 2153 4144 quam
2179 4071 2245 4126 ad
2270 4071 2374 4126 hoc
2401 4070 2656 4133 conferre
2708 4084 2873 4141 posse
2922 4069 3182 4123 arbitror.
3234 4065 3567 4121 Rectissime

1400 4182 1415 4218 :
1472 4167 1820 4240 petimusque
1852 4189 1882 4229 a
1911 4184 1984 4238 te,
2043 4182 2104 4226 ut
2150 4169 2296 4252 qu‘od
2350 4169 2631 4239 pollicitus
2682 4184 2763 4233 es,
2812 4173 3189 4236 repraesentes.
3254 4164 3387 4229 Quae
3436 4178 3565 4217 cum

287 4251 488 4297 essent
515 4246 682 4307 dicta.
703 4260 830 4306 ante
861 4255 1191 4309 inatutinum
1224 4260 1608 4327 crepusculum
1638 4267 1914 4323 secundus
1939 4266 2189 4335 dialogus
2216 4246 2298 4320 sic
2322 4264 2619 4320 conclusus
2645 4271 2751 4319 est.

377 4449 720 4538 (lii‘Videtur
745 4454 831 4509 hic
869 4455 1029 4527 ἔφην,
1076 4457 1197 4513 sive
1263 4459 1403 4530 πρὸς
1478 4462 1725 4533 ἐμαυτὸν
1797 4464 1870 4517 ex:

1975 4466 2158 4538 rdp'qv,
2217 4468 2334 4523 sive
2398 4466 2507 4523 tale
2556 4464 2785 4535 aliquid,
2847 4466 2916 4519 ab
2972 4464 3177 4519 lectore
3228 4460 3565 4533 subiutelligi

290 4521 520 4577 debere.

1601 4927 2275 5075 MONlTUM

1899 5175 1984 5217 AD

549 5358 958 5423 MANUELIS
1022 5360 1510 5424 PALJEOLOGI
1544 5362 1623 5422 IN
1656 5360 2051 5421 FRATREM
2104 5362 2317 5423 SUUM
2367 5363 2852 5425 ORATIONEM
2875 5363 3325 5427 FUNEBBEM.

1473 5509 1765 5571 (Cononis.
1829 5511 1971 5561 Auct.
2042 5509 2169 5563 Bibl.

2237 5513 2348 5561 PP.
2374 5511 2392 5573 )

370 5783 829 5842 Luculentissima
858 5785 1131 5848 oratione,
1170 5798 1292 5857 cum
1329 5800 1483 5840 etiam
1507 5785 1806 5858 fratrisque
1828 5790 2085 5859 pietatem
2116 5784 2853 5855 egregieteslalam,meliori
2883 5801 2999 5840 α·νο
3029 5801 3093 5840 ac
3117 5787 3334 5842 fortuna
3364 5787 3567 5857 dignus

289 5874 627 5943 imperator,
650 5868 801 5938 facit,
833 5872 1066 5941 ejusque
1092 5871 1229 5925 alias
1254 5870 1485 5925 virtutes
1504 5874 1770 5941 celebrat,
1797 5884 1912 5930 tum
1935 5874 2242 5930 occidentis
2275 5875 2330 5928 in
2348 5874 2569 5929 Oriente
2594 5872 2828 5927 Romani
2862 5874 3099 5943 imperii,
3116 5875 3468 5946 Orientisque
3492 5892 3557 5934 ac
