4060 6604
2839 338 2851 363 Ι
2888 347 2912 368 ρ

605 386 708 452 175
1787 389 2175 451 MANUELIS

2232 390 2647 452 ’AI.:EOLOGI
2839 343 2912 368 ”
3182 343 3226 419 ἶ
3324 358 3389 403 ί’
3748 399 3835 464 πε

596 502 797 557 mirum
837 509 1108 571 quantum
1142 502 1514 573 promoveatis
1548 501 1851 564 Osmanici,
1882 502 2119 572 speciem
2156 503 2435 571 proponit.
2471 504 2638 559 Plura
2687 496 2944 558 edisserit
2971 516 3037 557 ex
3066 502 3268 572 quibus
3314 503 3592 573 politicus
3617 504 3835 575 imperio

596 601 875 655 regnoque
908 588 1084 655 possit
1104 588 1411 651 consulere,
1436 586 1616 656 eique,
1644 601 1674 640 a
1698 586 1996 641 Christiani
2029 586 2270 641 nominis
2299 592 2574 644 cunununi
2604 593 2793 645 eodem
2827 590 3005 652 hoste,
3053 604 3169 659 quo
3203 591 3459 647 deletum
3493 601 3582 647 est
3643 592 3835 648 Orieno

597 675 705 727 tale
735 672 1047 741 imperium,
1069 673 1154 728 vel
1184 675 1344 727 modo
1376 688 1596 735 cavere,
1628 674 1821 727 cumis
1854 675 2058 727 bellum
2084 675 2137 727 in
2167 672 2513 735 Christianos
2543 672 2933 735 instauratum,
2966 675 3124 727 novis
3161 674 3273 739 jam
3310 674 3601 740 victoriis,
3662 691 3725 729 ac
3774 680 3835 729 ab

593 771 740 810 anno
772 756 964 820 altero,
1000 755 1285 810 celebrare
1315 755 1500 824 erepit.
1531 752 1753 821 Fecere,
1781 770 1904 810 cum
1938 755 2253 810 Graecorum
2275 757 2565 812 discordiae
2592 769 2812 822 mutuae,
2840 768 3115 827 tantaeque
3142 759 3339 825 illae;de
3367 775 3594 814 summa
3630 759 3831 830 imperii

592 830 1052 907 concertationes,
1094 830 1207 897 tum
1240 842 1597 911 dynastarum
1638 842 1900 906 aliorum,
1938 842 2131 898 iisdem
2171 856 2238 896 ac
2265 841 2369 897 sibi
2420 852 2609 896 mutuo
2644 842 2787 897 haud
2816 841 2952 896 satis
2980 842 3462 906 convenientium,
3495 844 3637 896 mala
3666 845 3831 898 studia

594 935 653 978 ut
682 941 747 978 ne
785 924 1015 983 aliorum
1045 924 1351 990 neglectum
1383 922 1586 987 dicam,
1622 923 1767 977 haud
1796 926 2105 994 pntantinm
2134 927 2385 995 ipsorum
2409 945 2519 983 rem
2557 929 2665 997 agi,
2701 944 2826 985 cum
2860 929 3080 982 arderet
3106 928 3400 995 proximus
3434 930 3643 994 paries,
3674 943 3729 982 ιιι
3762 934 3834 984 sic

593 1012 793 1067 nostris
812 1012 1005 1066 accisis
1031 1012 1213 1074 rebus,
1236 1017 1533 1079 coactaque
1563 1012 1614 1063 in
1638 1027 1767 1067 easa
1796 1014 2037 1084 ngustias
2058 1014 2364 1069 Christiana
2392 1012 2689 1081 republica,
2710 1009 3056 1064 formidabile
3080 1009 3216 1062 adeo
3248 1010 3558 1079 imperium
3590 1012 3834 1065 inmundi

594 1107 779 1163 partes
801 1109 995 1149 omnes
1023 1094 1195 1148 bestia
1227 1094 1518 1162 proferret,
1549 1108 1611 1148 ac
1642 1105 1752 1149 tam
1783 1097 1971 1152 multis
2000 1099 2299 1167 provinciis
2321 1100 2618 1156 Christiani
2645 1097 2861 1166 imperii
2890 1098 3077 1152 lumen
3107 1097 3526 1166 exstingueret.
3552 1097 3605 1165 οη
3630 1099 3825 1152 utinam

595 1183 680 1238 vel
710 1198 833 1238 sero
870 1182 1112 1247 tandem,
1140 1180 1353 1236 funesta
1387 1182 1524 1237 adeo
1558 1181 1759 1253 imago,
1782 1192 2045 1240 terrorem
2080 1202 2242 1257 quem
2269 1194 2353 1240 est
2383 1193 2531 1247 nata,
2558 1183 2763 1236 nostris
2814 1181 3113 1251 imprimat,
3155 1181 3519 1249 multamque
3550 1180 3721 1243 illam,
3748 1181 3832 1233 sed

595 1267 891 1321 tardiorem
918 1264 972 1319 in
1007 1265 1217 1317 hostem
1252 1264 1501 1317 nonnihil
1529 1266 1796 1321 hactenus
1830 1270 2209 1338 remotiorem,
2241 1287 2432 1328 eorum
2462 1272 2720 1325 virtutem
2753 1267 3046 1338 provocet!
3087 1266 3200 1322 lloc
3231 1267 3359 1330 tibi,
3394 1266 3613 1332 Gallia,
3664 1265 3827 1320 Ludo-

593 1354 698 1408 vici
734 1350 874 1407 Justi
900 1366 965 1406 ac
996 1350 1263 1405 Adeodati
1299 1351 1377 1403 tui
1407 1352 1914 1425 auspiciis,gloriae
1946 1360 2113 1414 tantis
2136 1357 2397 1417 cumulis,
2433 1364 2703 1422 tantaque
2732 1351 2948 1419 imperii
3008 1352 3336 1418 prolatioiie,
3404 1350 3607 1404 divina
3662 1350 3829 1405 virtus

591 1436 931 1507 pugnaverit,
966 1442 1294 1503 pugnatque,
1327 1446 1435 1501 quo
1461 1434 1583 1501 ipsa,
1608 1435 1829 1501 iterum,
1858 1438 1913 1494 in
1944 1441 2190 1509 ejusdem
2226 1462 2290 1501 ac
2340 1442 2642 1498 Christiani
2670 1440 2906 1494 nominis
2938 1439 3120 1494 hostes
3155 1439 3298 1502 illos,
3334 1447 3433 1491 tua
3465 1438 3558 1492 illa
3601 1437 3829 1492 victricia

589 1526 766 1594 signa,
796 1521 1025 1577 inferas.
1062 1517 1133 1575 Ut
1165 1521 1267 1575 sub
1296 1519 1564 1583 Manuele.
1602 1537 1669 1577 ac
1700 1539 1766 1578 eo
1792 1526 1892 1581 abs
1919 1539 1973 1583 te
1995 1540 2229 1602 rogante
2274 1528 2565 1589 auxilium,
2596 1526 2677 1582 sic
2711 1524 3017 1586 habuisses.
3051 1536 3256 1591 parque
3291 1521 3434 1574 illud
3472 1530 3629 1574 tuum
3657 1537 3686 1573 a
3734 1522 3833 1575 lleo

587 1611 839 1665 (latorum
862 1620 925 1660 ac
946 1613 1396 1660 conservatorum
1420 1603 1674 1671 fratrum,
1703 1607 1782 1661 uti
1806 1610 1968 1665 modo
1988 1613 2087 1668 tibi
2119 1619 2495 1685 praefulsisset,
2531 1615 2755 1669 haberet
2785 1613 2928 1667 forte
2957 1627 3088 1667 suos
3127 1612 3309 1664 adhuc
3343 1609 3569 1665 Gracia
3605 1609 3828 1679 impera.

589 1705 757 1757 tores,
792 1693 1042 1759 lunaeque
1069 1690 1162 1743 illa
1191 1704 1424 1754 cornua,
1460 1692 1650 1747 bestiae
1677 1693 1936 1752 domitrix
1960 1704 2345 1762 contrivisses.
2391 1701 2553 1756 Nunc
2581 1699 2768 1768 itaque
2810 1694 2994 1751 fauste
3043 1702 3318 1761 conteras,
3351 1694 3676 1763 maiorique
3726 1694 3832 1765 glo-

594 1780 672 1832 ria
704 1778 980 1831 instaures
1014 1772 1315 1842 deperdita,
1346 1788 1510 1843 quam
1543 1789 1671 1832 eras
1695 1781 2036 1848 sospiratura
2070 1787 2338 1844 hactenus
2374 1786 2610 1854 integra.

664 1859 837 1929 llujus
864 1859 917 1911 in
947 1854 1328 1925 Peloponneso
1358 1872 1387 1909 a
1418 1856 1662 1912 Manuele
1691 1859 1889 1917 habita:
1915 1864 2164 1923 funebris
2189 1867 2481 1932 orationis,
2508 1865 2599 1919 ubi
2625 1862 2695 1917 ad
2742 1860 3179 1916 confirmandum
3249 1855 3557 1913 Theodoro
3618 1855 3821 1924 juniori

589 1944 877 2016 imperium
906 1956 936 1995 a
964 1941 1192 1995 decessu
1236 1940 1413 2008 patrui
1450 1955 1516 1995 eo
1546 1946 1934 2011 concessisset,
1964 1950 2018 2003 in
2044 1938 2161 2006 hare
2194 1950 2359 2005 verba
2388 1944 2641 2002 meminit
2698 1941 2971 1997 Laonicus
2996 1940 3253 1995 Historiae
3305 1937 3562 1993 Turcica:
3615 1938 3713 1994 lib.
3737 1950 3785 1991 tv
3812 1953 3825 1990 :

601 2029 888 2092 Ἐπάνειμι
917 2023 1009 2074 ἐπὶ
1048 2022 1348 2091 Θεόδωρον,
1383 2020 1477 2075 τὸν
1513 2023 1783 2091 βασιλέως
1812 2030 1999 2094 παῖδα,
2057 2034 2306 2104 ἡγεμόνα
2332 2031 2591 2099 Σπάρτης
2636 2040 2699 2077 τε
2740 2026 2835 2077 καὶ
2860 2025 2960 2093 τῆς
2983 2022 3150 2091 ἄλλης
3184 2021 3631 2092 Πελοποννήσου,
3664 2018 3826 2104 usus

589 2108 871 2179 Θεοδώρου
905 2105 1000 2159 τοῦ
1030 2104 1285 2177 πατρώου
1321 2106 1665 2179 ἑξετρέφετο,
1693 2109 1809 2179 ἃμα
1856 2112 1953 2164 καὶ
1981 2114 2301 2184 ἐπαιδεύθη.
2333 2110 2561 2167 Μετὰδὲ
2584 2109 2778 2171 ταῦτα,
2821 2106 3153 2175 κατελείφθη
3186 2107 3242 2167 ἐς
3268 2108 3375 2176 τὴν
3431 2105 3618 2176 ἀρχὴν
3675 2103 3823 2158 αὑτοῦ

590 2192 832 2266 ἡγεμών.
868 2190 956 2253 Ἐς
982 2189 1141 2242 τοῦτο
1174 2190 1232 2242 δὲ
1266 2191 1648 2258 ἀφικόμενοςδ
1683 2194 1870 2263 πατὴρ
1900 2195 2065 2249 αὐτοῦ
2114 2196 2466 2268 Ἐμμανουὴλ
2489 2196 2518 2248 δ
2558 2193 2853 2256 Βυζαντίου
2897 2190 3175 2261 βασιλεὺς,
3207 2190 3301 2243 τόν
3340 2206 3407 2244 τε
3446 2189 3625 2243 παῖδα
3682 2187 3821 2241 ualli.

591 2268 693 2349 atq
732 2274 922 2346 ὲςιτὴν
953 2275 1150 2344 ἀρχὴν,
1174 2273 1267 2327 καὶ
1285 2273 1377 2326 ἐπὶ
1412 2271 1487 2343 τῷ
1509 2275 1725 2343 ἀδελφῷ
1755 2277 1856 2345 ήδη
1876 2280 2287 2351 τετελευτηκότι
2328 2282 2488 2348 λόγον
2524 2278 2835 2345 ἐπιτήδειον
2890 2273 3275 2342 ἑξετραγῴδει,
3327 2272 3562 2338 διεξιὼν
3617 2272 3713 2325 hri.
3753 2269 3822 2339 τῷ

550 2404 563 2411 ,
587 2364 743 2431 τάφῳ
769 2356 957 2425 αὑτοῦ,
987 2357 1472 2428 ἀπολοφυρόμινός
1503 2375 1559 2411 τε
1585 2357 1702 2428 ἅμα
1727 2360 1820 2413 τὸν
1865 2362 2153 2432 ἐπιτήδειοτ

2217 2362 2427 2431 ιδελφόν
2448 2375 2465 2391 ο
2500 2359 2671 2414 Porro
2705 2360 2860 2412 redeo
2892 2358 2962 2410 ad
2995 2354 3335 2409 Theodorum
3366 2354 3717 2423 imperatoris
3765 2352 3820 2420 ﬁ-

589 2450 740 2513 lium,
778 2446 988 2512 Sparta:
1013 2458 1075 2494 ae
1108 2442 1321 2510 reliqua:
1371 2439 1718 2510 Peloponnesi
1744 2445 2053 2512 principem,
2107 2447 2197 2515 qui
2228 2463 2259 2498 a
2299 2444 2567 2499 Theodoro
2597 2434 2787 2512 patruo
2819 2440 3096 2503 educatus,
3122 2457 3182 2493 ac
3212 2441 3516 2508 disciplinis
3541 2441 3819 2501 institutus,

586 2532 698 2599 ejus
741 2538 923 2597 postea
977 2526 1244 2579 demortui
1264 2524 1628 2591 principatum
1662 2527 1882 2590 accepit.
1915 2525 2033 2588 Qua
2057 2529 2120 2580 de
2142 2545 2196 2583 re
2229 2528 2546 2582 Emmanuel
2565 2536 2719 2595 pater
2735 2524 3062 2595 Byzantinus
3088 2530 3377 2595 imperator
3406 2524 3818 2593 Peloponnesum

585 2612 800 2666 veniens
831 2625 949 2662 cum
972 2607 1148 2677 ﬁlium
1179 2606 1415 2675 pra’fecit
1440 2607 1742 2675 provinciis,
1774 2609 2137 2677 egregiamque
2156 2627 2310 2678 super
2333 2611 2497 2679 fratre
2521 2610 2635 2678 iam
2663 2606 2910 2676 defuncto
2940 2609 3227 2661 orationem
3256 2607 3542 2676 funebrem
3572 2604 3818 2660 declama-

476 2679 483 2686 ’
536 2732 539 2733 ν
587 2695 679 2759 rit,
733 2708 849 2746 eam
881 2693 1108 2745 recitans
1135 2692 1203 2744 ad
1235 2691 1349 2759 ejus
1374 2689 1694 2757 sepulcrum,
1725 2688 2048 2756 fratremque
2074 2708 2136 2743 ac
2159 2694 2511 2745 necessarium
2543 2692 2747 2761 lugens.
2771 2690 2934 2744 Plura
2962 2690 3191 2745 Subinde
3239 2691 3305 2745 de
3332 2703 3527 2744 nostro
3551 2703 3614 2743 ac
3638 2685 3818 2742 seniori

590 2773 891 2827 Theodoro
923 2772 1257 2840 perstringit,
1299 2787 1366 2825 ne
1398 2771 1526 2825 vitia
1560 2771 1777 2840 quidem
1809 2771 2186 2837 dissimulans,
2220 2776 2416 2842 quibus
2442 2776 2533 2830 ille
2565 2791 2671 2831 non
2709 2776 2934 2828 omnino
2978 2777 3176 2828 caruit.
3224 2773 3404 2829 Habet
3445 2784 3692 2829 creatum
3734 2771 3815 2825 de-

590 2864 798 2924 spotant
817 2870 881 2910 ac
907 2857 1096 2910 ducem
1122 2853 1506 2924 Peloponnesi.
1532 2866 1657 2907 cum
1676 2853 1787 2920 jam
1813 2853 2286 2914 tiliiCantacuzeni
2312 2863 2576 2917 obiissent
2596 2863 2653 2913 ὲν
2684 2862 2938 2932 Σπάρτῃ,
2958 2860 3164 2931 Sparta
3198 2876 3216 2915 :
3243 2866 3391 2931 quod
3420 2862 3697 2930 interpres
3722 2872 3816 2909 tua.

591 2946 642 2997 le
667 2943 873 3000 omisit.
900 2943 1112 2997 Mannel
1151 2943 1383 2997 alterum
1406 2952 1641 3004 tantum,
1666 2954 1721 2995 et
1743 2943 1837 3010 qui
1867 2954 2016 2998 esset
2057 2946 2356 3012 praefectus
2386 2946 2778 3015 Peloponneso,
2829 2947 3100 3019 signiﬁcat
3140 2959 3438 3000 mortuum
3470 2949 3595 3002 sine
3648 2941 3813 2998 liberis

590 3026 701 3081 alio
734 3027 1053 3096 superstite,
1085 3026 1245 3094 cujus
1265 3035 1452 3079 essent
1473 3024 1686 3094 probati
1715 3039 1915 3090 mores,
1933 3025 2031 3079 sed
2062 3042 2227 3095 quem
2256 3027 2424 3091 filius,
2452 3041 2517 3081 ac
2544 3026 2915 3082 consobrinus
2968 3025 3252 3083 Theodori
3309 3043 3503 3085 rerum
3558 3039 3813 3085 summam

592 3118 713 3175 post
743 3117 1000 3180 patruum
1036 3108 1091 3163 in
1119 3107 1499 3177 Peloponneso
1523 3107 1798 3174 ambiens,
1821 3122 1979 3163 secus
2004 3118 2213 3179 ageret.

2508 3322 3803 3350 Μ

611 3328 2506 3353 W

1042 3498 1677 3588 ΠΡΟΘΕΩΡΙΑ
1767 3498 1995 3584 ΤΟΥ
2074 3497 2664 3585 ΠΑΡΟΝΤΟΣ
2756 3492 3138 3582 ΛΟΓΟΥ
3202 3485 3285 3564 (³)
3325 3554 3345 3575 .

1378 3818 2209 3915 ARGUMENTUM
2323 3816 3037 3909 ORATIONIS.

2151 4026 2222 4037 -ο

657 4135 950 4194 Exordium
986 4129 1205 4203 quidem
1235 4129 1608 4187 vehementius
1647 4130 1981 4200 lugubre,’ac
2013 4147 2152 4201 qua.
2178 4139 2232 4198 Α

2202 4140 2232 4196 ι
2325 4132 2636 4205 Περιπαθὲς
2665 4134 2764 4203 μὲν
2807 4132 2868 4186 τὸ
2899 4133 3205 4203 προοίμιον,
3257 4133 3350 4187 καὶ
3379 4129 3496 4189 οἷον
3529 4130 3723 4203 γένοιτ’
3747 4128 3805 4181 ἂν

585 4232 636 4288 le
675 4230 910 4285 maxime
939 4224 1190 4289 fratrem,
1240 4236 1404 4292 super
1437 4220 1622 4277 fratris
1650 4219 1844 4277 funere
1877 4212 2148 4290 orantem,

2257 4226 2473 4296 ἀδελφῷ
2506 4225 2742 4294 μάλιστα.
2771 4225 3006 4296 πρέπον,
3031 4226 3319 4294 ἐπιτάφιον
3350 4226 3440 4281 ἐπ’
3470 4222 3682 4294 ἀδελφῷ
3710 4221 3805 4273 διι-

586 4326 795 4379 deceat.
827 4316 931 4373 Ubi
988 4323 1170 4370 autem
1225 4322 1498 4367 oratorem
1538 4327 1723 4380 agens,
1783 4311 2155 4371 divinissimus

2258 4322 2459 4388 ξιόντιν
2494 4318 2752 4388 πατρίδος
2782 4316 2839 4372 δὲ
2872 4318 2965 4370 καὶ
3002 4318 3200 4385 γένους.
3244 4317 3419 4387 βραχύ
3453 4334 3505 4370 τι
3537 4313 3801 4386 μνησθεὶς.

585 4416 918 4483 imperator,
973 4422 1165 4478 parum
1229 4404 1358 4475 quid
1415 4405 1576 4459 etiam
1634 4406 1849 4471 generis
1885 4406 2151 4471 meminit,

2255 4414 2285 4466 ὁ
2311 4411 2437 4465 τάδε
2472 4409 2647 4477 λέγων
2676 4408 2950 4467 Θειότατος
2986 4407 3259 4477 βκσιλεὺς,
3289 4410 3389 4462 οὐκ
3421 4410 3515 4463 ἐπὶ
3536 4407 3700 4460 πλέον
3725 4403 3801 4453 ἰν·-

586 4506 729 4561 haud
771 4505 824 4558 in
853 4516 918 4556 eo
944 4500 1147 4554 diutius
1177 4504 1439 4552 moratur.
1458 4495 1632 4549 Porro
1668 4497 1925 4551 devectus
1955 4509 2157 4553 sermo-

2257 4501 2518 4573 διατρίϐει
2551 4496 2630 4568 τῷ
2692 4501 2817 4569 περὶ
2870 4499 3077 4554 τούτων
3138 4500 3346 4571 χωρίῳ.
3398 4497 3799 4567 Ἐπιγενόμενος

586 4614 654 4654 ne
692 4597 758 4651 ad
793 4594 893 4649 viri
917 4600 1058 4654 acta,
1094 4603 1192 4644 nec
1253 4602 1421 4656 pauca
1460 4587 1572 4652 illa,
1615 4601 1714 4641 nec
1740 4594 1796 4640 ut
1834 4587 1982 4642 brevi
2029 4603 2154 4644 ora~

2258 4599 2358 4669 μὲν
2382 4600 2472 4651 ἐπὶ
2499 4600 2597 4660 τὰς
2628 4598 2721 4650 τοῦ
2769 4596 3161 4667 ἐπαινουμένου
3213 4597 3466 4666 πράξεις,
3504 4597 3666 4655 οῦσας
3712 4591 3800 4644 οὐκ

586 4690 735 4743 tione
764 4684 1086 4754 explicanda
1115 4679 1315 4744 forent,
1369 4694 1659 4743 excusans,
1693 4689 1748 4732 ut
1797 4679 1928 4747 quia
1960 4695 2149 4734 eorum

2254 4688 2464 4757 ὀλίγας,
2499 4690 2616 4742 οὐδὲ
2647 4688 2892 4758 βραχέων
2938 4688 3045 4740 τῶν
3078 4688 3251 4754 λόγων
3280 4688 3546 4757 δεομένας
3570 4703 3585 4718 ·
3616 4683 3798 4739 ἀπολο-

588 4779 847 4851 splendor
879 4774 1135 4831 omnibus
1168 4780 1370 4841 pateat,
1410 4784 1509 4824 nec
1535 4786 1566 4821 a
1597 4786 1868 4840 quoquam
1910 4780 2154 4840 negetur,

2256 4781 2381 4849 γὶαν
2405 4779 2460 4832 δὲ
2482 4781 2875 4848 πορισάμενος,
2915 4777 2990 4842 ὡς
3036 4779 3124 4831 διὰ
3153 4780 3211 4831 τὸ
3256 4781 3390 4832 πᾶσι
3419 4780 3621 4833 τούτων
3662 4789 3799 4842 περι-

588 4870 726 4927 haud
762 4881 983 4923 necesse
1037 4864 1108 4919 sit
1134 4862 1347 4930 singula
1390 4875 1666 4925 enarrare,
1720 4877 1785 4916 eo
1821 4861 1937 4930 ipso
1988 4864 2152 4916 etiam

2258 4873 2446 4941 φανὲς,
2473 4874 2569 4925 καὶ
2603 4871 2725 4941 μηδ’
2759 4870 2849 4939 ὑφ’
2876 4870 2993 4933 ἑνὸς
3018 4870 3374 4941 ἀρνούμενον,
3404 4871 3503 4923 οὐκ
3524 4865 3799 4934 ἀναγκαῖον

586 4964 741 5017 Valde
789 4965 1058 5013 exornat:
1124 4952 1312 5019 sicque
1372 4952 1629 5020 deinceps
1687 4953 1806 5018 ejus
1864 4964 2167 5022 aggressus

2256 4964 2341 5031 εἴη
2378 4961 2713 5015 καθέκσιστον
2752 4961 3004 5027 διεξιέναι
3056 4963 3178 5030 περὶ
3232 4960 3433 5024 αὐτῶν,
3460 4961 3605 5030 αὐτῷ
3640 4954 3797 5020 τούτῳ

586 5052 792 5114 laudes,
825 5050 1054 5118 primum
1085 5044 1152 5099 de
1178 5045 1295 5113 ejus
1318 5042 1543 5112 pueritia
1571 5042 1812 5106 disserit,
1842 5053 2008 5113 utque
2039 5060 2156 5098 om—

2257 5040 2349 5109 καί
2385 5055 2530 5124 μάλα
2568 5054 2848 5122 σεμνύνει.
2899 5052 3118 5105 Ἔπειθ’
3149 5051 3292 5105 οὕτω
3345 5054 3454 5106 τῶν
3504 5049 3620 5105 κατ’
3651 5043 3796 5099 αὑτὸν

587 5143 717 5197 nino
755 5139 1006 5194 habuerit
1036 5135 1298 5199 moribus,
1347 5149 1409 5188 ac
1440 5134 1618 5203 qUaIis
1643 5136 1723 5188 vir
1757 5138 1951 5197 fartus,
1993 5136 2154 5189 fuerit

2255 5149 2346 5198 τὸν
2377 5144 2768 5213 ἐπαινούμενον
2797 5142 2968 5211 λόγων
3000 5142 3299 5211 ἁψάμενος,
3324 5144 3540 5214 πρῶτον
3569 5139 3661 5210 μὲν
3683 5130 3794 5200 περὶ

590 5231 893 5286 universis:
924 5242 1035 5282 tum
1059 5241 1186 5281 vero
1218 5226 1284 5280 ad
1305 5237 1420 5280 acta
1459 5241 1521 5280 ac
1552 5241 1638 5280 res
1656 5237 1835 5297 gestas
1868 5230 2109 5295 procedit
2137 5245 2149 5280 :

2256 5240 2354 5304 τῇς
2379 5240 2439 5287 ἐκ
2473 5237 2659 5296 eatea;
2694 5236 2919 5304 τροφῆς,
2951 5235 3043 5285 καὶ
3095 5235 3188 5287 τοῦ
3218 5235 3342 5287 ὅλου
3379 5235 3544 5306 ἤθους·
3569 5228 3790 5290 διέξεισι,

589 5332 931 5400 primumque
963 5339 1151 5381 eorum
1206 5324 1532 5378 mentionem
1560 5321 1711 5389 facit,
1735 5339 1855 5392 qua:
1877 5326 2149 5391 quomlam

2259 5330 2350 5379 καὶ
2375 5325 2484 5387 οἷος
2506 5329 2614 5388 τοῖς
2654 5325 2792 5388 ὅλοις
2822 5321 2887 5393 ἣν
2916 5327 2942 5376 ὁ
2977 5325 3116 5394 ἁνήρ
3139 5341 3150 5353 ⁸
3184 5320 3283 5378 εἶτ’
3314 5328 3408 5378 ἐπὶ
3450 5324 3543 5384 τὰς
3588 5315 3792 5387 πράξεις

589 5423 640 5474 in
674 5430 904 5489 patrem,
933 5417 1291 5485 cumdemque
1320 5417 1516 5483 ipsum,
1540 5428 1602 5467 ac
1633 5416 1962 5485 propinquos
1997 5418 2152 5477 alios,

2255 5437 2313 5470 τε
2351 5419 2442 5470 καὶ
2497 5421 2565 5469 τὰ
2612 5415 2747 5485 ἔργα
2802 5419 2987 5485 χωρεῖ.
3040 5418 3155 5486 Kal.
3183 5418 3400 5485 πρῶτον
3443 5416 3540 5485 μὲν
3589 5407 3793 5461 ἐκείνων

585 5526 710 5565 cum
746 5511 780 5563 li
818 5512 978 5564 rebus
1007 5509 1255 5562 adversis
1305 5514 1604 5570 uterentur,
1637 5506 1703 5558 ab
1732 5520 1795 5559 eo
1820 5517 1966 5573 gesta
1999 5518 2143 5572 sunt,
2184 5524 2188 5544 ι

2184 5500 2224 5551 Β
2260 5512 2554 5576 μέμνηται,
2595 5510 2625 5560 ει
2660 5524 2787 5559 ποτε
2828 5508 2953 5575 περί
2987 5524 3043 5559 τε
3080 5510 3169 5562 τὸν
3205 5510 3435 5578 πατέρα,
3471 5506 3563 5560 καὶ
3591 5495 3786 5555 ἐαυτδνι

586 5611 877 5670 narratquc
906 5608 963 5653 ut
991 5599 1078 5652 ille
1128 5597 1179 5649 in
1238 5596 1398 5650 rebus
1426 5596 1673 5650 habuerit
1702 5611 1714 5645 :
1777 5604 1887 5670 tum
1923 5595 2144 5662 gradum

2259 5603 2349 5652 καὶ
2383 5599 2489 5651 τῶν
2541 5598 2713 5649 ἄλλων
2744 5597 2957 5649 οἰκείων
3010 5599 3135 5660 τοὺς
3170 5599 3287 5651 τότε
3332 5589 3790 5665 δεδαστυχηκόταςι

645 5786 707 5854 (⁸)
732 5786 1115 5847 Auctore,juxta
1138 5782 1243 5832 cod.
1267 5781 1327 5829 88
1359 5793 1434 5842 ap.
1460 5777 1790 5837 Lambecium,
1830 5778 2069 5829 Gemistio
2095 5780 2356 5833 Plcthoac,
