4060 6604
258 371 382 435 177
1016 462 1047 489 .
1070 382 1883 488 THEODURlﬁESFO'i‘zﬁ
1924 390 2311 454 LAUDATIO
2349 396 2759 457 FUNEBRIS.
3465 402 3566 470 178

248 490 285 541 ὲ
304 484 607 563 πέπρακτο
631 495 798 568 αύτῷ,
821 497 916 551 καὶ
934 482 1385 573 ὡςῗπροσηνέχθη
1413 501 1525 564 τοῖς
1543 502 1665 556 τότε
1693 503 1869 572 πρᾶγ-

1979 500 2179 559 faciens
2210 507 2275 559 ad
2313 504 2801 575 Peloponnesiaca,
2860 512 3099 581 primum
3140 515 3388 570 meminit
3438 518 3560 587 ejus

252 599 420 650 μασι
453 601 466 614 θ
503 586 641 654 μετὰ
660 587 717 641 δὲ
762 589 959 653 ταῦτα,
1007 592 1100 643 ἐπὶ
1137 591 1205 646 τὰ
1236 592 1724 663 Πελοποννησιακᾶ
1757 594 1859 668 ήδη

1979 588 2021 642 in
2057 592 2388 661 provinciam
2424 595 2712 663 adventus,
2740 609 2797 653 ut
2834 600 2951 657 sola
2986 604 3322 672 exspectatio
3360 603 3567 672 iuverit

246 675 563 743 χωρήσας,
600 679 825 751 πρώτης
861 682 961 751 μὲν
1013 683 1114 753 τῆς
1146 685 1228 748 εἰς
1257 687 1359 757 τὴν
1408 686 1597 758 χώραν
1625 687 1863 756 ἀφίξεως

252 765 585 835 μέμνηται,
617 770 691 832 ὡς
729 774 823 825 καὶ
855 766 1296 846 προσδοκηθεῖσα
1331 780 1494 849 μόνον
1517 778 1694 852 ὢνησε
1731 784 1862 853 πρὶν

246 856 562 923 γενέσθαι,
600 865 694 914 καὶ
743 862 819 926 ὡς
857 866 1080 934 ἀφῖκτο,
1113 869 1208 921 καὶ
1261 868 1337 933 ὡς
1371 873 1524 942 παρὰ
1546 874 1653 925 τῶν
1688 877 1865 945 ἐγχω-

257 948 420 1015 ρξων
447 952 705 1018 ἀσμένως
744 957 1042 1030 ὑπεδέχθη.
1084 956 1159 1015 Οὗ
1191 962 1280 1034 δὴ.
1310 964 1408 1017 καὶ
1443 967 1555 1018 τῶν
1596 959 1726 1037 περὶ
1770 968 1864 1022 τοῦ

250 1058 337 1094 τε
370 1043 529 1113 σφῶν
556 1046 728 1114 θείου,
756 1051 850 1103 καὶ
884 1052 1107 1122 ἀνεψιοῦ
1139 1055 1419 1125 ἁψάμενος
1444 1056 1645 1125 λόγων,
1673 1055 1732 1113 εὖ
1765 1062 1868 1130 μά-

250 1133 344 1185 λα
385 1135 748 1207 φυλάττεται,
797 1143 860 1195 τὸ
913 1146 1083 1215 μηδὲν
1122 1149 1182 1210 ἐς
1228 1148 1432 1214 αὐτοὺς
1478 1152 1694 1221 ἀπηχὲς
1744 1153 1866 1206 καθ’

248 1226 404 1280 ὅσον
445 1221 559 1283 οἷόν
594 1249 676 1294 τε,
725 1236 862 1305 μηδὲ
918 1241 1181 1309 φορτικὸν
1220 1245 1422 1299 εἰπεῖν.
1484 1245 1719 1300 Ἔπειτα
1768 1249 1867 1317 τῆς

266 1317 573 1387 Ἰλλυριῶν
602 1325 790 1381 αὐτόθι
822 1331 1203 1399 μετοικίσεως.
1242 1334 1316 1398 ὡς
1364 1334 1662 1407 δύσκριτόν
1690 1355 1754 1406 γε
1782 1337 1867 1406 δν,

1979 1327 2108 1397 ipse,
2146 1344 2270 1386 cum
2302 1332 2455 1387 multi
2491 1349 2650 1391 secus
2674 1345 2945 1404 putarent,
2983 1340 3190 1409 Optime
3213 1340 3557 1408 conjectans.

240 1410 388 1464 εἴτε
428 1416 806 1478 παραδεκτέον
836 1421 1038 1486 αὐτοὺς
1066 1422 1126 1486 ἐς
1164 1427 1264 1493 τὴν
1301 1425 1509 1498 χώραν,
1547 1432 1657 1483 εἴτε
1695 1433 1770 1500 μή
1793 1445 1806 1460 ⁸
1841 1434 1870 1484 ὁ

1979 1433 2037 1475 ac
2070 1422 2214 1490 quod
2240 1423 2553 1480 conducens
2584 1436 2749 1491 esset,
2772 1430 3088 1495 consulens,
3114 1434 3405 1499 receperit,
3448 1434 3552 1487 sit-

234 1504 317 1555 δ’
342 1504 572 1570 ὲδέξατό
596 1525 655 1560 τε
688 1511 749 1563 οὐ
773 1511 964 1566 δοκοῦν
988 1514 1135 1570 οὕτω
1153 1520 1266 1580 τοῖς
1281 1519 1522 1588 πολλοῖς,
1548 1521 1711 1584 αὐτὸς
1726 1522 1870 1592 μάλα

1979 1525 2082 1578 que
2109 1526 2301 1566 eorum
2339 1529 2503 1583 opera
2539 1527 2846 1584 opportune
2893 1536 3026 1576 usus
3054 1537 3068 1574 :
3099 1534 3217 1591 post
3240 1538 3391 1587 vero,
3421 1524 3556 1579 reia-

236 1599 559 1668 εὖστόχως
595 1600 1026 1676 βεϐουλευμένος
1056 1609 1189 1679 περὶ
1239 1611 1337 1664 τοῦ
1379 1617 1744 1680 συνοίσοντος,
1776 1619 1872 1670 καὶ

1979 1610 2084 1654 tam
2150 1602 2218 1658 de
2268 1605 2461 1661 vicinis
2514 1610 2763 1666 hostibus
2808 1612 3087 1669 victoriam
3183 1628 3468 1680 inemorat,
3496 1634 3558 1670 ac

242 1689 333 1749 ἐς
355 1687 482 1740 δέον
515 1690 731 1755 τούτοις
778 1694 1091 1765 ἐχρήσατο’
1127 1701 1225 1752 καὶ
1261 1703 1402 1771 μετὰ
1435 1701 1598 1756 τοῦτο
1623 1704 1727 1772 τῆς
1758 1705 1871 1757 τῶν

1980 1702 2201 1761 captum
2240 1697 2564 1766 principem,
2597 1702 2802 1771 quibus
2859 1703 3105 1760 ostendit
3159 1707 3554 1763 corroborassc

242 1781 601 1848 προσοίκων
661 1784 877 1855 ἐχθρῶν
907 1787 1100 1859 ἥττης,
1150 1792 1245 1846 καὶ
1276 1792 1379 1864 τῆς
1411 1795 1715 1865 πρίγκιπος
1750 1797 1872 1850 συλ-

1981 1778 2296 1850 imperium.
2323 1785 2462 1841 Tum
2492 1792 2764 1848 transiens
2795 1794 2861 1847 ad
2898 1809 3012 1855 eos,
3072 1795 3165 1864 qui
3189 1798 3255 1867 ad
3290 1796 3560 1851 Barbaros

240 1871 523 1943 λήψεως,
554 1874 625 1929 δι’
656 1870 733 1930 ὧν
762 1879 1211 1953 ἐγκρατεστέραν
1259 1887 1555 1956 ἀποφαίνει
1590 1892 1871 1961 καταστή-

1981 1874 2369 1943 perfugissent,
2403 1893 2467 1935 oc
2500 1881 2589 1935 ubi
2616 1882 2853 1951 primum
2874 1885 3054 1954 aliqua
3079 1886 3145 1939 de
3175 1885 3281 1941 illis
3307 1901 3559 1940 commu-

1967 773 2275 840 advenerit,
2311 778 2497 847 sitque
2554 779 2800 837 laetanter
2829 783 2897 838 ab
2924 784 3196 855 indigenis
3224 796 3520 856 susceptus
3544 807 3560 842 :

1966 880 2078 936 quo
2111 866 2254 932 loco,
2289 882 2415 923 cum
2448 871 2709 942 cmpisset
2737 873 2803 928 de
2825 876 3097 931 avunculo
3127 892 3192 932 ac
3224 879 3561 942 consobrino

1967 956 2171 1026 dicere,
2219 961 2425 1028 optime
2478 941 2653 1028 cavet,
2688 980 2757 1020 ne
2791 967 2922 1035 quid
2951 967 3005 1022 in
3064 983 3182 1031 eos.
3217 971 3399 1039 quoad
3433 941 3549 1024 [ἰοῆ

1971 1063 2170 1120 potest,
2198 1055 2491 1125 absonum,
2521 1072 2617 1112 aut
2636 1075 2799 1129 grave
2826 1061 2997 1116 dicat.
3035 1061 3391 1117 Postmodum
3427 1060 3556 1131 Illy-

1969 1145 2069 1199 riis
2103 1147 2170 1200 ad
2195 1162 2319 1202 eum
2342 1149 2855 1221 commigrantibus,
2890 1162 2949 1207 ut
2978 1169 3104 1208 eum
3135 1154 3360 1219 dubium
3390 1165 3558 1217 esset.

1970 1252 2101 1290 num
2131 1246 2317 1294 essent
2368 1242 2665 1311 recipiendi
2705 1244 2759 1299 in
2814 1246 3183 1315 provinciam,
3235 1262 3431 1310 necne,
3459 1262 3556 1302 eos

1965 696 2089 735 cum
2121 697 2208 735 res
2244 691 2457 739 tantum
2486 685 2538 740 in
2592 688 2875 757 procinctu
2927 706 3048 748 esse
3090 707 3104 743 :
3155 704 3321 762 utque
3384 696 3560 764 reipsa
3654 676 3665 686 ’

248 1983 458 2022 σαντα
488 1968 590 2039 τὴν
624 1971 826 2043 ἀρχήν.
866 1970 1000 2029 Εἶτα
1026 1977 1321 2046 παρελθὼν
1360 1980 1456 2060 ἐπὶ
1482 1981 1611 2043 τοὺς
1640 1980 1715 2045 ὡς
1742 1987 1870 2046 τοὺς

254 2059 599 2130 βαρϐάρους
646 2065 984 2134 αὐτομόλους
1016 2068 1278 2136 ἥκοντας,
1324 2072 1421 2125 καὶ
1455 2072 1674 2141 πρῶτον
1710 2077 1866 2145 κοινῇ

252 2149 417 2222 περὶ
447 2150 556 2204 τῶν
608 2152 871 2209 τοιούτων
906 2156 1235 2225 ἐπεξελθὼν,
1290 2162 1466 2229 φειδοῖ
1501 2161 1596 2215 τοῦ
1636 2162 1898 2232 μηδενὺ(

260 2244 343 2294 ἂν
379 2241 647 2313 ὀνομαστὶ
676 2248 1054 2318 καθάψασθαι,
1089 2252 1267 2306 ἔπειτ’
1300 2255 1389 2306 ἐπ’
1416 2255 1582 2308 αὐτὸν
1614 2256 1706 2310 τὸν
1734 2257 1869 2328 βάρ-

258 2335 454 2403 ϐαρον
483 2342 673 2409 χωρεῖ,
697 2341 791 2395 καὶ
816 2339 900 2408 οἷς
928 2347 1051 2398 κατ’
1079 2347 1288 2416 ἀμφοῖν
1317 2349 1710 2419 ἐπεχείρησεν,
1767 2351 1871 2405 ὑπὸ

257 2426 390 2478 τῶν
406 2424 481 2488 ὥς
508 2427 670 2481 αὑτὸν
697 2429 939 2496 ἡκόντων
962 2434 1283 2503 αὐτομόλων
1312 2438 1639 2507 ὲναγόμενος
1667 2457 1681 2471 ·
1709 2442 1869 2495 ἐνίων

260 2519 330 2569 δὲ
363 2521 466 2574 καὶ
500 2521 709 2575 οἴκοθεν
740 2526 1253 2597 μετακαλουμένων.
1279 2531 1512 2585 Ἔπειτα
1537 2534 1635 2601 τῆς
1666 2533 1740 2596 ὡς
1770 2536 1870 2587 a6-

262 2611 369 2663 τὸν
408 2610 652 2681 ἀφίξεως
684 2614 991 2687 μέμνηται,
1045 2623 1144 2691 τῆς
1204 2639 1263 2675 τε
1296 2622 1491 2679 τούτου
1522 2625 1618 2679 καὶ
1646 2624 1867 2692 ἑαυτοῦ,

262 2704 536 2776 ἀνάγκης
584 2724 644 2759 τε
676 2711 1075 2782 γεγενημένης,
1130 2715 1225 2768 καὶ
1276 2716 1427 2788 παρὰ
1478 2718 1545 2772 τὰ
1573 2719 1870 2788 δεδογμένα

270 2798 497 2865 σφίσιν,
531 2800 675 2854 οὕτω
703 2802 767 2873 δὴ
796 2808 1274 2873 συμπεπτωκυίας
1296 2826 1313 2841 ο
1349 2810 1445 2864 τοῦ
1472 2829 1531 2864 τε
1557 2813 1707 2881 παρὰ
1741 2814 1874 2868 ταύ-

267 2908 385 2959 την
424 2891 693 2960 κινδύνου,
727 2897 823 2948 καὶ
854 2897 962 2949 τῶν
985 2898 1164 2952 ἄλλων
1193 2901 1303 2955 τῶν
1325 2903 1509 2957 ἐκεῖσε
1548 2905 1869 2980 ιῐιιτηνςιηκό⁴

266 3000 397 3035 των
431 2982 713 3055 δυσχερῶν
736 3002 750 3017 ⁶
796 2991 892 3043 καὶ
922 2989 995 3053 ὡς
1033 2992 1197 3054 αὐτὸς
1232 2993 1337 3064 μὲι
1381 2996 1638 3065 βασιλεὺς
1671 3000 1867 3073 γνώμῃ

264 3073 379 3127 τοῦ
410 3074 700 3147 ,βαρϐάρου
751 3080 846 3137 ἐπὶ
880 3080 977 3153 τὴν
1033 3084 1278 3155 μεγάλην
1314 3086 1381 3141 αὖ
1416 3089 1570 3144 πόλιν
1601 3093 1751 3161 παρὰ
1780 3094 1869 3147 δό-

200 3188 205 3193 τ
270 3166 387 3229 ξαν
424 3169 797 3234 ἀνασώζεται·
848 3174 876 3225 ό
912 3173 958 3226 δ’
986 3174 1085 3245 ἤδη
1135 3176 1310 3231 δοκῶν
1365 3182 1423 3233 ἐν
1452 3182 1721 3250 ἀφύκτοις
1754 3185 1873 3255 ἔχε·
1901 3194 1945 3249 c

277 3259 443 3323 σθαι,
476 3262 623 3331 μάλα
663 3265 928 3334 ἀνδρείως
957 3286 1015 3322 τε
1044 3270 1140 3340 καὶ
1170 3270 1500 3343 εὐμηχάνως
1536 3278 1749 3331 ἐκεῖθεν
1779 3280 1873 3336 ἐπὶ

275 3353 698 3427 Πελοπόννησον
722 3358 1137 3429 ἀποδιδράσκει,
1171 3364 1264 3416 καὶ
1288 3363 1365 3428 ὡς
1394 3367 1425 3436 ή
1459 3369 1717 3433 ἐπάνοδος
1745 3373 1871 3425 τού-

273 3460 381 3495 του
418 3444 597 3499 πάντα.
624 3447 747 3518 ἤδη,
785 3449 846 3501 ού
872 3452 941 3504 τὰ
977 3453 1036 3505 ἐν
1079 3452 1477 3530 Πελοποννήσῳ
1510 3461 1698 3531 μόνον,
1727 3462 1868 3518 ἀλλὰ

277 3533 385 3586 καὶ
416 3534 526 3588 τῶν
554 3536 653 3592 ὅσα
683 3540 833 3603 ὲντδς
865 3541 1072 3608 πυλῶν,
1110 3546 1180 3598 τὰ
1216 3547 1456 3604 πλεῖστα
1485 3553 1873 3610 κινδυνεύοντα

276 3627 517 3680 διέσωσε
539 3643 552 3658 ⁸
588 3631 685 3683 καὶ
707 3632 783 3697 ὡς
817 3637 911 3687 τοῦ
971 3635 1256 3709 βαρϐάρου
1294 3643 1359 3694 ὲκ
1399 3643 1501 3713 μὲν
1530 3649 1630 3714 τῆς
1683 3648 1872 3702 Ἐλλά-

276 3720 382 3781 Eo;
404 3719 919 3795 ἀνακιχωρηκότος,
970 3728 1298 3798 πέμψαντος
1326 3733 1386 3786 δὲ
1430 3735 1527 3789 ἐπὶ
1570 3737 1672 3809 τὴν
1708 3739 1881 3807 Πελοσ,

280 3811 563 3879 πόννησον
587 3815 689 3868 οὐκ
734 3816 925 3890 ὀλίγην
964 3821 1088 3875 οὐδὲ
1128 3824 1345 3897 φαύλην
1376 3830 1661 3900 στρατιὰν,
1688 3834 1717 3885 ό
1740 3833 1784 3886 δ’
1809 3835 1872 3887 ού

280 3901 489 3987 πλήθει
524 3905 807 3977 ἀντιπάλῳ
859 3914 1145 3982 στρατιᾶς,
1208 3917 1424 3989 ἐπινοίᾳ
1457 3919 1513 3974 δὲ
1564 3925 1873 3996 στρατηγίᾳ

284 3993 584 4068 πρεπούσῃ
604 4002 968 4069 κεχρημένος,
1001 4003 1303 4059 κεκωλύκει
1330 4007 1534 4078 ταύτην
1557 4010 1657 4082 τῆς
1690 3993 1875 4083 χώρας

285 4083 555 4153 ἐπιϐῆναι
578 4103 592 4118 ·
629 4092 725 4143 καὶ
770 4090 845 4156 ὡς
879 4093 971 4148 διὰ
1001 4095 1158 4150 τοῦτο
1192 4097 1424 4171 τοῦργον
1448 4103 1544 4155 καὶ
1590 4104 1658 4159 τὰ
1693 4121 1873 4177 παρα-

288 4180 661 4248 κεχωρημένα
693 4180 773 4251 τῷ
818 4181 1103 4257 βαρϐάρῳ,
1140 4189 1239 4243 καὶ
1271 4190 1374 4263 ἤδη
1423 4193 1686 4264 ἐχόμενα,
1717 4198 1874 4250 ἀπει-

285 4267 460 4337 λήφει
488 4286 544 4322 τε
576 4272 671 4325 καὶ
714 4274 1036 4330 ὲπανέσωσε
1057 4283 1126 4350 τῇ
1158 4281 1326 4353 ἀρχῇ.
1358 4278 1474 4337 Εἷτ⁹
1503 4286 1599 4338 ἐπὶ
1626 4285 1715 4339 τὸν
1759 4305 1874 4341 κοι-

289 4363 391 4413 νδν
440 4361 534 4416 τοῦ
566 4363 846 4437 βαρϐάρου
897 4369 1142 4440 πόλεμον
1205 4372 1614 4444 μετεληλυθὼς,
1670 4380 1766 4432 καὶ
1794 4379 1871 4444 ὥς

293 4453 526 4517 πολλαῖς
569 4455 672 4525 μὶν
702 4456 1046 4529 Χριστιανῶν
1076 4466 1411 4535 συμφοραῖς,
1459 4467 1684 4531 πολλαῖς
1704 4469 1750 4524 δ’
1776 4471 1875 4526 ἆλ-

1980 1966 2031 2017 ηἰ
2066 1980 2315 2022 sermone
2338 1968 2555 2025 locutus
2586 1981 2752 2036 esset,
2809 1974 3021 2028 nullum
3072 1992 3136 2029 et
3209 1978 3431 2031 nomine
3459 1992 3558 2046 pro

1980 2057 2245 2114 modestia
2277 2072 2427 2115 notat
2451 2079 2466 2115 :
2490 2064 2773 2135 pergitque
2805 2065 3003 2121 deinde
3038 2068 3105 2121 ad
3136 2067 3316 2136 ipsum
3355 2068 3560 2123 Barba-

1979 2165 2126 2215 rum,
2154 2167 2220 2207 ac
2248 2168 2309 2207 ea
2339 2170 2459 2224 quae
2482 2155 2572 2211 ille
2607 2160 2661 2212 in
2692 2158 2885 2215 ambos
2917 2160 3140 2215 molitus
3172 2170 3357 2227 esset,
3395 2159 3557 2217 indu-

1977 2240 2228 2296 centibus
2262 2243 2527 2315 perfugis,
2560 2262 2683 2302 cum
2713 2251 3031 2320 etquardam
3060 2267 3089 2305 a
3123 2266 3183 2307 se
3208 2253 3374 2308 etiam
3403 2251 3556 2307 illum

1988 2345 2372 2402 provocarent.
2405 2338 2483 2391 Ad
2523 2339 2662 2407 hac,
2693 2343 2965 2407 meminit,
2999 2353 3060 2400 ιιι
3098 2360 3223 2402 cum
3263 2349 3396 2416 ipse,
3445 2357 3559 2402 tum

1980 2420 2146 2478 frater
2176 2424 2326 2479 illum
2368 2431 2746 2496 convenerint,
2806 2448 2929 2487 cum
3000 2438 3300 2492 necessitas
3327 2438 3557 2503 tulisset,

1980 2528 2044 2566 ac
2081 2531 2242 2570 secus
2280 2517 2358 2571 illi
2391 2520 2748 2576 constitutum
2810 2524 3110 2592 baberent;
3171 2529 3399 2596 periculi
3432 2530 3557 2583 item

1983 2606 2110 2660 inde
2159 2609 2402 2676 conﬂati,
2448 2628 2512 2668 ac
2538 2614 2773 2670 tristium
2831 2618 3067 2672 aliorum
3140 2636 3262 2690 quae
3314 2621 3428 2676 illic
3460 2636 3556 2675 oc-

1978 2714 2266 2758 currerunt
2291 2721 2306 2770 ;
2332 2716 2519 2777 utque,
2542 2710 2658 2778 ipse.
2682 2710 2897 2779 quidem
2926 2713 3303 2783 imperatore:
3335 2714 3560 2770 Barbari

1978 2792 2281 2861 voluntate,
2319 2798 2850 2872 Constantinopolim
2888 2804 3085 2861 iterum
3119 2817 3315 2872 praeter
3350 2808 3560 2875 opinio-

1978 2896 2102 2935 nem
2130 2898 2321 2953 sospes
2386 2904 2639 2945 reversus
2687 2892 2797 2958 sit;
2859 2892 3027 2948 frater
3058 2908 3263 2962 autem,
3313 2901 3405 2967 qui
3445 2899 3556 2968 jam

1978 2972 2308 3030 ineluctabili
2333 2979 2528 3048 laqueo
2553 2984 2722 3038 teneri
2747 2985 3040 3053 videretur,
3059 2974 3271 3044 summa
3300 2990 3425 3044 inde
3446 2990 3562 3045 for-

1978 3068 2212 3127 titudine
2276 3090 2340 3129 ac
2393 3078 2614 3133 solertia
2667 3080 2969 3154 profugerit
3019 3084 3071 3138 in
3099 3084 3554 3154 Peloponnesum,

1978 3175 2152 3230 eoque
2182 3179 2455 3232 reversus,
2500 3172 2683 3225 omnia
2709 3172 2848 3242 jam,
2881 3176 3081 3229 nedum
3134 3193 3258 3246 quae
3308 3177 3362 3232 in
3404 3178 3557 3232 Pelo-

1983 3269 2252 3324 ponneso,
2275 3259 2366 3313 sed
2394 3272 2447 3315 et
2477 3262 2522 3316 si
2556 3277 2659 3332 qua
2686 3264 2828 3320 intra
2851 3266 3048 3335 jannas
3071 3278 3227 3323 erant
3254 3268 3355 3339 (l),
3382 3271 3563 3324 maxio

1979 3361 2121 3402 mam
2156 3362 2361 3420 partem
2415 3354 2469 3408 in
2527 3357 2832 3427 periculum
2888 3362 3145 3425 adducta,
3179 3364 3552 3432 sospitaverit.

1984 3451 2154 3508 utque
2177 3459 2299 3497 cum
2335 3444 2635 3511 Barbarus,
2668 3450 2785 3520 ipse
2814 3453 3032 3522 quidem
3067 3458 3135 3509 ab
3169 3455 3391 3511 llellade
3445 3473 3563 3510 tuo-

1977 3545 2134 3600 vens,
2166 3551 2276 3591 non
2301 3538 2561 3609 exiguum
2605 3551 2700 3598 aut
2734 3544 3006 3600 imbellem
3042 3550 3342 3601 exercitum
3380 3549 3433 3602 in
3462 3548 3562 3603 Pe-

1982 3622 2346 3689 loponnesum
2382 3631 2644 3698 misisset,
2707 3636 3051 3704 prohibuerit
3082 3637 3196 3704 ille,
3231 3655 3338 3693 non
3371 3654 3564 3693 numeo

1981 3730 2112 3772 roso
2141 3719 2361 3787 quidem
2390 3728 2631 3780 exercitu
2651 3726 2791 3782 hosti
2818 3742 3103 3797 occurens,
3132 3730 3226 3785 sed
3250 3732 3374 3786 duci
3400 3748 3565 3788 exer-

1980 3807 2124 3865 citus
2155 3826 2403 3882 congruo
2442 3826 2855 3887 stratagemate,
2892 3836 3007 3874 rem
3048 3822 3371 3884 conficiens,
3403 3834 3558 3878 utne

1981 3898 2036 3953 in
2071 3904 2408 3967 provinciam
2435 3909 2755 3977 invaderet;
2798 3918 2969 3981 utque
2998 3912 3217 3965 demum
3249 3926 3314 3965 eo
3350 3911 3561 3966 facino—

1980 4006 2061 4059 re,
2080 3995 2193 4067 jam
2231 4013 2494 4057 concessa
2532 4001 2773 4059 Barbare
2801 4014 2856 4059 et
2901 4005 2970 4057 ab
2993 4018 3059 4059 eo
3081 4014 3368 4073 occupata,
3402 4020 3558 4059 rece-

1980 4085 2143 4154 perit,
2182 4102 2245 4143 ac
2294 4089 2523 4161 imperio
2547 4094 2854 4149 vindicarit.
2897 4095 3021 4151 Post
3056 4096 3167 4150 ba-c
3198 4110 3446 4150 reversus
3488 4097 3555 4148 ad

1983 4192 2278 4238 commune
2307 4185 2441 4240 illud
2493 4187 2695 4242 bellum
2728 4186 2975 4255 Barbari,
3001 4186 3253 4257 factaque
3276 4189 3552 4241 mentione

1982 4279 2042 4324 ut
2070 4287 2134 4328 ex
2163 4274 2373 4330 crebris
2425 4277 2672 4333 cladibus
2704 4293 2770 4333 eo
2791 4280 2996 4334 victore
3032 4294 3155 4331 cum
3191 4276 3547 4340 Christianis,

1983 4381 2098 4425 tum
2131 4367 2385 4423 Barbaris
2440 4368 2563 4423 aliis
2619 4367 2809 4431 illatis.
2865 4381 2955 4424 res
3006 4367 3378 4421 llornanorum
3429 4382 3556 4437 gra-

1982 4462 2124 4516 viter
2150 4459 2359 4514 affecta:
2403 4468 2607 4523 essent,
2634 4474 2734 4513 nec
2762 4474 2867 4513 non
2904 4468 3173 4528 susceptae
3204 4461 3274 4514 ab
3312 4459 3430 4528 ipso
3461 4475 3560 4513 na-

289 4545 404 4596 λων
434 4544 728 4618 βαρϐάρων
753 4552 1201 4623 ὲνευτυχηκότος,
1236 4556 1491 4626 χαλεπῶς
1517 4560 1768 4617 ἐντεῦθεν
1802 4564 1872 4617 τὰ

1982 4553 2277 4623 vigationis
2328 4565 2394 4604 ac
2430 4550 2643 4605 itineris
2698 4551 2763 4602 ad
2827 4550 3092 4604 Occiduas
3138 4558 3343 4620 partes,
3378 4562 3562 4605 narrat

302 4637 603 4705 Ῥωμαίων
636 4641 945 4713 πράγματα
997 4644 1147 4715 ἔσχε,
1203 4648 1470 4719 μνησθεὶς
1511 4654 1608 4707 καὶ
1646 4654 1872 4723 προσέτι

1979 4656 2188 4715 postea.
2214 4652 2369 4713 gesta
2403 4643 2621 4696 interim
2654 4657 2682 4694 a
2720 4640 2886 4696 fratre
2911 4656 3007 4695 :ac
3045 4643 3283 4710 primum
3317 4642 3560 4711 quidem,

291 4731 396 4784 ταῦ
424 4749 487 4801 γε
533 4734 730 4789 ἑαυτοῦ
753 4737 842 4791 διὰ
869 4738 1045 4795 ταῦτα
1072 4742 1321 4796 ἀπόπλου
1353 4761 1414 4797 τε
1442 4746 1536 4799 καὶ
1565 4747 1872 4819 ἀποδημίας

1979 4752 2034 4792 ιιι
2062 4734 2348 4792 Corintho.
2376 4749 2498 4804 qua:
2531 4741 2844 4787 versaretur
2891 4734 2944 4787 in
2979 4733 3267 4790 manifesto
3292 4734 3560 4803 periculo,

293 4827 397 4889 τῆς
416 4826 498 4888 εἰς
530 4826 599 4879 τὰ
619 4827 874 4899 ἑσπέρια,
901 4831 1095 4887 ἔπειτα
1121 4836 1190 4888 τὰ
1213 4837 1390 4907 τούτῳ
1416 4839 1473 4890 ὲν
1500 4840 1731 4902 ἐκείνοις
1766 4844 1877 4903 τοῖς

295 4921 517 4987 καιροῖς
546 4924 914 4993 πεπραγμένα
966 4925 1221 4991 διέξεισιι
1252 4930 1347 4983 καὶ
1386 4931 1604 5001 πρῶτον
1640 4932 1762 5001 μὲν,
1805 4934 1881 4997 ὡς

298 5012 571 5078 Κόρινθον
596 5015 656 5066 ἐν
689 5020 960 5085 προφανεῑ
977 5018 1145 5073 οὖσαν
1173 5023 1403 5093 κινδύνῳ
1420 5024 1671 5094 Φρερίοις
1698 5028 1877 5095 ἐγχει-

302 5103 491 5171 ρίσας,
519 5104 693 5174 αὐτήν
722 5122 783 5158 τε
838 5106 1012 5160 ἔσωσε
1037 5108 1138 5178 τῆς
1173 5109 1285 5161 τῶν
1330 5109 1627 5180 βαρϐάρων
1668 5112 1875 5181 χειρὸς,

300 5197 401 5249 καὶ
445 5198 556 5259 τοῖς
581 5198 724 5262 ὅλοις
753 5200 1076 5269 πράγμασιν
1106 5201 1168 5255 οὐ
1222 5203 1466 5274 σμικρὰν
1487 5203 1739 5256 ἐντεῦθεν
1776 5206 1877 5270 τὴν

302 5274 563 5358 βοήθειαν
595 5289 988 5360 δμηχανήσατο
1037 5307 1052 5322 ·
1104 5290 1280 5346 ἔπειθ’
1311 5293 1388 5357 ὡς
1416 5294 1595 5364 χρόνῳ
1626 5294 1877 5366 ὕστερον,

300 5382 400 5435 καὶ
439 5383 539 5452 τῆς
567 5382 739 5453 ἄλλης
767 5383 990 5453 ἁπάσης
1018 5386 1194 5455 ἀρχῆς
1224 5387 1338 5447 τοῖς
1366 5387 1550 5448 αὐτοῖς
1589 5386 1747 5451 δόξας
1776 5406 1880 5440 πα-

306 5476 603 5544 ραχωρεῖν,
635 5475 729 5529 τὸν
767 5476 904 5549 πρὸς
944 5476 1035 5530 τὸν
1059 5476 1336 5547 βάρϐαρον
1362 5479 1622 5547 πόλεμον.
1659 5479 1878 5532 κάλλιον

301 5566 337 5635 ἦ
366 5566 443 5629 ὠς
474 5568 540 5621 ἄν
569 5584 653 5628 τις
702 5568 1072 5637 προσεδόκησε
1106 5570 1384 5634 κατέθετο,
1443 5573 1537 5624 καὶ
1566 5569 1662 5641 τὴν
1692 5572 1878 5642 χώραν

299 5658 600 5712 ἁτολαϐὼν
652 5656 810 5723 αὖθις
865 5661 1232 5731 κατέστησεν,
1290 5662 1410 5714 οὐδὲ
1442 5661 1706 5731 Φρερεους
1752 5661 1877 5713 οὔτε

1977 4828 2292 4884 concredita
2332 4826 2617 4888 fratribus,
2648 4842 2773 4881 cum
2804 4827 3053 4881 eamdem
3088 4827 3261 4898 ipsam
3293 4842 3323 4880 a
3358 4826 3560 4879 Barba-

1981 4933 2165 4973 rorum
2197 4917 2427 4971 salvarit
2487 4931 2675 4978 manu,
2728 4925 2842 4969 tum
2906 4916 3034 4969 inde
3085 4917 3248 4968 rebus
3285 4915 3559 4969 universis

1982 5029 2091 5067 non
2124 5012 2390 5067 modicam
2430 5025 2583 5076 opem
2641 5009 2973 5078 compararit
3003 5026 3017 5061 :
3045 5011 3110 5062 ad
3145 5010 3278 5071 lnee,
3333 5018 3387 5061 ut
3433 5023 3558 5061 cum

1984 5120 2172 5178 postea
2237 5107 2390 5161 visus
2456 5117 2623 5167 esset,
2685 5106 2951 5175 reliquam
2976 5115 3148 5159 totam
3215 5105 3558 5174 provinciam

1984 5200 2093 5255 illis
2110 5200 2324 5265 cedere,
2355 5213 2441 5253 res
2469 5213 2594 5253 cum
2629 5197 2865 5254 Barbare
2890 5198 3037 5252 omni
3070 5197 3261 5252 melius
3291 5213 3387 5267 spe
3413 5212 3565 5250 οοιιι-

1986 5293 2252 5360 posuerit,
2281 5302 2448 5359 utque
2478 5302 2691 5358 recepta
2726 5290 3024 5358 provincia,
3063 5291 3260 5343 iterum
3287 5304 3374 5341 res
3434 5288 3559 5356 ejus
3600 5318 3613 5327 ‹

1988 5382 2301 5445 stabilierit,
2358 5396 2478 5435 eum
2544 5382 2693 5436 nulla
2746 5381 2947 5451 injuria
3006 5379 3221 5435 Fratres
3267 5379 3559 5439 all'ecisset.

1988 5487 2155 5528 autve
2178 5473 2407 5527 omnino
2433 5473 2621 5528 damni
2649 5474 2853 5543 aliquid
2891 5473 3186 5528 intulisset.
3219 5471 3276 5526 In
3312 5474 3398 5528 his
3436 5488 3564 5541 por-

1990 5581 2050 5619 ro
2083 5566 2288 5619 diutius
2318 5575 2566 5620 versatur
2583 5581 2788 5632 sermo,
2820 5567 2966 5634 quod
2999 5567 3251 5621 tollendae
3283 5568 3560 5637 opinionis

1988 5673 2172 5721 causa,
2205 5674 2301 5727 per
2352 5658 2717 5727 ignorantiam
2778 5660 3020 5714 veritatis
3075 5660 3175 5723 rei,
3245 5669 3304 5714 ut
3332 5660 3559 5714 omnino
3661 5649 3678 5664 ⁸

378 5848 457 5919 (9.)
492 5848 596 5918 Ipsi
630 5847 868 5918 Bajazeti
896 5847 1220 5905 assistentes
1257 5850 1419 5919 inque
1453 5848 1575 5918 ejus
1610 5845 1935 5900 exsistcntes
1967 5846 2139 5900 curia.
