4060 6632
518 400 621 470 179

1708 404 2106 471 MANUELIS
2149 407 2596 475 PAL:EOLOGI

3728 398 3820 466 180

516 509 823 573 habuisset,
857 508 1002 580 apud
1039 511 1329 569 nonnullos
1361 514 1679 582 obtinentis,
1734 520 1892 585 plane
1943 538 2082 591 prae-

2200 527 2481 597 ὶδικήσας.
2514 525 2639 579 οὔτε
2673 540 2726 578 τι
2763 520 2973 593 βλάψας
3006 520 3165 584 ὅλως.
3209 518 3356 575 Ἐπὶ
3397 515 3588 572 πλόον
3614 516 3674 571 δέ
3717 532 3818 572 που

517 608 711 663 staret,
746 601 944 657 borum
975 618 1196 674 quoque
1240 608 1574 676 meminisse,
1600 612 1798 667 nedum
1835 616 2089 681 aliorum,

515 706 640 759 qua:
661 704 849 748 essent
884 696 1171 765 perspicue
1236 699 1401 765 bona,
1458 717 1622 772 quam
1674 705 1893 760 silentio
1926 707 2092 761 dissi-

518 784 748 839 mulare.
792 784 1072 854 Siquidem
1105 791 1250 844 enim
1284 809 1429 848 nunc
1494 802 1828 863 lacerentur,
1878 810 1936 852 ut
1969 802 2089 868 quis

511 878 861 961 postmodum
889 886 1121 933 tentaret
1152 883 1469 938 meminisse
1500 886 1564 939 ad
1606 887 1955 954 calumniam,
1991 891 2096 945 uti-

512 982 619 1035 que
642 977 826 1036 posset
851 970 993 1036 apud
1015 970 1229 1039 aliquos
1258 986 1422 1042 gestae
1457 981 1533 1031 rei
1554 978 1796 1048 ignaros,
1832 993 2091 1049 tauquam

510 1074 641 1114 vera
672 1060 863 1116 dicens
903 1063 1104 1117 habere
1144 1067 1329 1131 iidem,
1394 1070 1542 1123 velut
1571 1086 1675 1123 non
1735 1072 1972 1125 fuissent
2012 1082 2091 1126 ta-

511 1152 681 1206 cenda
715 1154 823 1219 hic,
854 1164 911 1208 ut
951 1172 1058 1224 qua
1096 1159 1161 1210 de
1216 1160 1302 1212 bis
1335 1161 1439 1214 diei
1471 1163 1816 1229 potuissent:
1842 1180 1966 1218 cum
2001 1181 2088 1219 re-

467 1294 480 1326 ;
513 1242 644 1306 lata,
669 1258 733 1298 ac
768 1246 945 1315 palam
984 1250 1227 1317 exposita
1261 1260 1318 1303 ut
1346 1261 1496 1320 gesta
1525 1265 1729 1315 essent,
1760 1253 1813 1307 in
1859 1255 2087 1324 gloriam

461 1332 469 1345 “
510 1337 716 1405 potius,
750 1352 813 1389 ex
857 1353 921 1391 eo
946 1343 1091 1407 quod
1126 1339 1309 1394 forsan
1344 1355 1505 1396 secus
1536 1343 2091 1407 videbatur,cessnra

512 1439 725 1484 essent.
787 1428 998 1485 Deinde
1071 1433 1321 1501 procedit
1381 1435 1447 1488 ad
1509 1437 1942 1505 comparandum
1970 1453 2091 1490 cum

509 1520 773 1589 antiquis,
800 1522 1020 1590 quando
1075 1532 1130 1576 et
1181 1524 1355 1577 morbi
1384 1526 1658 1580 mentione
1693 1527 1859 1589 facta,
1894 1529 2090 1581 iterum

510 1611 1137 1682 lugubrior,orationem
1164 1618 1445 1685 componit
1469 1634 1484 1678 ;
1514 1617 1790 1688 simulque
1822 1619 2092 1681 ostendit,

521 1708 659 1762 nihil
720 1708 989 1760 minorem
1024 1706 1405 1762 fortitudinem
1443 1710 1496 1762 in
1547 1710 1739 1763 morbo
1758 1710 2091 1772 ostendisse,

514 1812 678 1866 quam
707 1797 873 1850 rebus
897 1797 1190 1866 gerendis:
1220 1814 1456 1866 eumque
1488 1799 1577 1852 ltic
1604 1800 1825 1853 subdito
1874 1814 2092 1869 quoque

515 1888 828 1945 auditorum
871 1891 1036 1943 coetui
1068 1890 1372 1954 annuisset,
1417 1900 1560 1946 utet
1593 1891 1697 1961 ipsi
1739 1891 1945 1958 aliquid
1991 1890 2096 1944 sibi
2125 1874 2172 1933 Β

512 1996 838 2051 congruum,
891 1995 992 2049 pro
1025 1980 1275 2050 pluribus
1313 1996 1377 2035 ac
1403 1982 1617 2051 magnis
1644 1980 1946 2045 beneﬁciis,
1972 1980 2095 2049 qui-

512 2075 615 2129 bus
646 2075 738 2128 ille
759 2088 854 2128 eos
882 2072 1264 2135 demeruissct,
1292 2075 1670 2143 loquerentur,
1704 2080 1950 2127 eamdem
1976 2089 2098 2127 rur-

513 2184 610 2223 sus
635 2169 870 2221 nteniam
907 2168 1159 2223 resumit.
1196 2168 1249 2220 ld
1283 2166 1629 2236 porro-facit,
1657 2181 1783 2219 cum
1813 2163 2098 2218 remissio-

514 2276 585 2315 ne
630 2260 814 2329 aliqua
838 2274 1023 2330 egens,
1077 2259 1341 2327 impedita
1403 2273 1534 2312 voce
1594 2273 1702 2327 prae
1750 2256 1959 2310 doloris
1994 2255 2091 2319 vi;

517 2367 633 2409 tum
676 2369 830 2417 vero,
880 2354 1008 2421 quia
1039 2351 1202 2406 etiam
1240 2352 1445 2404 multos
1507 2351 1645 2405 alios
1668 2350 1853 2419 cupiat
1905 2350 2099 2404 audire

516 2451 898 2509 lamentantes,
961 2447 1031 2500 ob
1088 2445 1387 2515 impensius
1442 2444 1574 2498 illud
1634 2458 1700 2498 ac
1750 2443 2005 2496 insanum
2041 2442 2097 2495 in

515 2542 739 2596 fratrem
779 2542 1062 2611 philtrum,
1121 2539 1367 2608 pluribus
1394 2552 1458 2590 ac
1519 2537 1731 2607 magnis
1789 2537 1855 2590 de
1888 2538 2096 2601 causis,

515 2651 651 2705 quas
680 2636 795 2702 ipse
817 2635 1088 2689 edisserit.
1127 2634 1493 2698 Quamobrem
1550 2632 1713 2684 etiam
1749 2629 2100 2684 ail‘ecluosius

514 2744 736 2800 quoque
767 2743 829 2783 ac
860 2727 1146 2796 lugubrius
1179 2726 1374 2779 iterum
1424 2721 1654 2786 orditur,
1692 2732 1950 2791 tanquam
1977 2737 2100 2776 om-

522 2822 658 2876 nino
682 2836 861 2888 neque
890 2818 1284 2879 narrationem,
1304 2831 1482 2886 neque
1512 2816 1702 2869 laudes
1735 2815 1974 2885 potuerit
2000 2830 2098 2884 ag-

516 2913 690 2984 gredi,
720 2914 1039 2982 priusquam
1074 2910 1271 2963 fuisset
1325 2910 1596 2963 indultum
1625 2907 1908 2962 lamentis.
1942 2905 2101 2962 Post-

520 3008 741 3063 modum
775 3018 955 3061 tamen
983 3007 1050 3060 ad
1101 3005 1495 3061 consolandum
1540 3004 1900 3067 descendens,
1937 3001 2099 3056 tinem

518 3099 735 3155 dicendi
760 3099 910 3164 facit,
941 3099 1198 3168 congruis
1219 3114 1283 3151 ac
1309 3098 1450 3166 aptis
1478 3097 1734 3151 laudibus
1762 3095 1961 3165 cuique
1980 3095 2103 3148 loco

519 3196 762 3256 intextis,
797 3203 855 3247 ut
885 3207 1062 3261 neque
1096 3190 1323 3247 excedat
1370 3191 1518 3260 quod
1546 3191 1618 3244 sit
1651 3189 1952 3259 probabile,
1982 3203 2089 3244 nec
2126 3206 2174 3269 ο

522 3301 712 3342 eorum
745 3285 950 3356 aliquid
977 3283 1213 3352 deﬁciat,
1245 3298 1367 3353 quae
1398 3283 1545 3338 dicto
1571 3298 1731 3353 opus,
1759 3297 1823 3337 ac
1858 3295 2101 3377 congrua

523 3386 703 3443 erant,
736 3387 796 3432 ut
843 3377 898 3432 in
920 3374 1154 3447 singulis
1202 3375 1441 3445 quisque
1485 3379 1603 3429 arte
1656 3373 1844 3441 legens
1882 3373 2104 3442 perspe”

532 3483 694 3540 xerit.

2195 620 2405 681 τούτοις
2429 620 2456 671 ὁ
2487 618 2645 685 λόγος
2674 614 3001 686 ἐνδιατρίϐει
3025 613 3168 684 ὑπὲρ
3194 612 3295 667 τοῦ
3327 610 3445 682 τὴν
3469 609 3573 663 ὑπ’
3602 609 3823 678 ἀγνοίας

2192 712 2288 765 τοῦ
2324 710 2559 780 ἀληθοῦς
2605 711 2682 772 ὡς
2736 707 2912 763 ταῦτα
2979 705 3229 777 ἐπράχθη
3296 701 3658 775 κρατοῦσαν
3696 703 3822 773 παρ’

2197 805 2360 868 ἐνίοις
2391 804 2552 868 δόξαν
2603 802 2834 868 ἀνελεῖν,
2867 802 3090 868 ἄμεινον
3118 800 3179 854 ὃν
3209 796 3700 869 ἐπιμνησθῆναι,
3733 796 3823 849 καί

2195 896 2405 949 τούτων
2439 895 2576 966 πρὸς
2600 897 2712 958 τοῖς
2736 893 2920 957 ἄλλοις
2948 894 3063 957 τοῖς
3088 895 3152 946 ὲκ
3177 889 3275 945 τοῦ
3315 886 3596 960 φανεροῦ
3640 888 3823 950 καλοῖς

2196 987 2229 1058 ἢ
2289 987 2660 1056 σεσιγηκέναι.
2700 984 2810 1038 Καὶ
2864 985 2974 1054 γὰρ
3024 982 3091 1036 ἂν
3140 982 3235 1037 νῦν
3276 978 3740 1049 σεσιγημένων,
3780 976 3823 1028 εί

2198 1083 2329 1135 ποτέ
2364 1099 2446 1144 τις
2473 1083 2566 1133 ἐπὶ
2599 1080 2823 1149 διαδολῇ
2858 1077 3167 1148 μνησθῆναι
3201 1075 3563 1147 τολμήσειε,
3599 1070 3723 1142 τάχ’
3765 1070 3823 1122 ἄν

2196 1188 2309 1226 τισι
2337 1173 2448 1224 τῶν
2479 1171 2691 1240 τάληθῆ
2727 1171 2803 1241 μὴ
2842 1170 3084 1231 εἰδότων,
3138 1168 3234 1222 καὶ
3287 1161 3705 1233 ἐπαληθεύειν
3746 1162 3825 1214 δό-

2198 1267 2364 1341 ξειεν,
2400 1263 2476 1324 ὼς
2508 1264 2607 1316 οὐκ
2652 1262 2719 1318 ἂν
2753 1266 2812 1318 ὲν
2844 1263 2923 1333 τῷ
2957 1261 3190 1330 παρόντι
3222 1256 3673 1329 σεσιγημένων,
3702 1254 3754 1306 εί
3774 1270 3824 1304 τι

2196 1355 2326 1425 ὲνῆν
2359 1357 2540 1424 λέγειν
2570 1357 2701 1427 περὶ
2739 1356 2942 1410 αὐτῶν.
3002 1351 3290 1424 Εἰρημένα
3326 1351 3395 1403 δὲ
3454 1348 3566 1402 καὶ
3610 1346 3824 1414 φανερὰ

2198 1450 2550 1505 καταστάντα
2585 1447 2663 1511 ὡς
2692 1447 2967 1518 ἐπράχθη,
3004 1446 3099 1500 καλ⁸
3138 1445 3223 1509 είς
3273 1441 3563 1507 εὐδοξίαν
3619 1437 3823 1507 μᾶλλον

2197 1547 2261 1597 ὲκ
2291 1543 2386 1597 τοῦ
2423 1545 2497 1605 ὡς
2522 1543 2724 1614 ἑτέρως
2755 1541 2885 1604 ἴσως
2911 1538 3199 1600 δοκοῦντος
3244 1536 3677 1606 περιέστηκεν.
3712 1526 3823 1581 Είτ’

2197 1638 2291 1690 ἐπὶ
2321 1637 2417 1699 τὰς
2452 1636 2589 1707 πρδς
2616 1635 2748 1698 τοὺς
2774 1632 3040 1695 παλαιοὺς
3068 1628 3427 1700 παραθέσεις
3463 1625 3675 1695 χωρεῖ,
3703 1624 3821 1693 ἠνί-

2199 1744 2271 1779 κιι
2306 1725 2529 1795 καὶτῆς
2583 1725 2746 1778 νόσου
2794 1722 3078 1794 μνησθεὶς,
3130 1721 3188 1783 ἐς
3218 1719 3282 1773 τδ
3299 1713 3821 1787 ’περιπαθέστερον

2200 1812 2267 1870 αὖ
2297 1816 2616 1868 ἀποκλίνει·
2646 1812 2969 1879 ἀποφαίνων
2996 1810 3114 1879 ἅμα
3144 1807 3302 1861 οὐδὲν
3358 1804 3604 1859 ἐλάττω
3640 1800 3742 1868 τῆς
3763 1799 3819 1849 ἐν

2199 1909 2312 1969 τοῖς
2343 1906 2529 1976 ἔργοις
2555 1902 2776 1974 ἀνδρίας
2799 1902 2898 1971 τὴν
2927 1899 3080 1972 παρὰ
3107 1897 3207 1967 τὴν
3232 1898 3401 1950 νόσον
3425 1885 3818 1957 ἐπιδεδειγμέ-

2199 2016 2308 2053 νον.
2340 1995 2638 2050 Κάνταῦθα
2663 1994 2789 2057 δούς
2823 2011 2877 2046 τι
2922 1993 3020 2045 καὶ
3068 1991 3183 2052 τοῖς
3219 1986 3481 2057 παροῦσι
3520 1981 3643 2037 τῶν
3675 1981 3816 2045 ὑπη-

2200 2094 2345 2157 κόων
2376 2086 2718 2157 φθέγξασθαι
2751 2084 3030 2157 προσῆκον
3067 2080 3300 2143 ἐκείνοις
3326 2078 3567 2137 αὐτοῖς,
3602 2069 3813 2125 πολλῶν

2201 2155 2298 2236 καὶ
2349 2179 2604 2250 μεγάλων
2662 2176 2999 2244 εὐεργεσιῶν
3040 2173 3209 2226 ἕνεκα
3246 2163 3324 2224 ὧν
3374 2166 3446 2220 εὖ
3496 2162 3812 2218 πεπόνθασι

2202 2273 2335 2343 παρ’
2365 2269 2552 2336 αὐτοῦ,
2582 2269 2672 2322 τὸν
2702 2268 2868 2321 αὑτὸν
2902 2266 3057 2329 αὖθις
3081 2259 3561 2331 ὲπαναλαμὸἁνει
3588 2254 3809 2326 θρῆνον.

2201 2365 2372 2418 Τοῦτο
2400 2364 2456 2417 δὲ
2484 2363 2649 2426 ποιεῖ,
2684 2362 2801 2431 ἅμα
2826 2358 2945 2429 μὲν,
2975 2357 3051 2420 ὡς
3081 2354 3411 2423 ἀναπαύλης
3441 2347 3700 2422 δεηθεὶς,
3728 2345 3809 2397 διὰ

2200 2460 2261 2511 τὸ
2291 2433 2385 2509 τοῦ
2414 2456 2621 2516 πάθους
2652 2452 2884 2521 μέγεθος
2919 2452 3249 2520 ὲπεχόμενος
3288 2446 3396 2515 τὴν
3435 2441 3663 2511 φωνὴν,
3700 2438 3807 2505 ἅμα

2201 2552 2280 2616 δὲ,
2324 2551 2418 2602 καὶ
2450 2548 2522 2610 ὡς
2560 2547 2909 2613 ἐπιθυμήσας
2932 2543 3028 2595 καὶ
3058 2542 3265 2608 ἐτέρων
3292 2537 3526 2591 πολλῶν
3546 2529 3808 2604 θρηνούν-

2201 2660 2310 2697 των
2352 2639 2606 2701 ἀκοῦσαι,
2639 2636 2725 2689 διὰ
2755 2636 2816 2689 τὸ
2849 2634 2978 2704 περὶ
3030 2634 3121 2686 τὸν
3143 2629 3377 2698 ἀδελφὸν
3413 2625 3663 2698 μανικὸν
3695 2620 3804 2690 φίλ-

2201 2752 2354 2805 τρον,
2390 2728 2603 2784 πολλῶν
2643 2728 2734 2781 καὶ
2765 2726 3019 2796 μεγάλων
3067 2711 3259 2779 αἰτιῶν
3300 2720 3507 2780 ἕνεκα,
3544 2718 3626 2777 ὡς
3649 2711 3803 2769 αὐτὸς

2202 2802 2426 2891 διέξεισι
2456 2820 2733 2895 βασιλεὺς.
2758 2814 2833 2873 Ob
2865 2820 3026 2889 χάριν
3053 2816 3147 2871 καὶ
3178 2813 3285 2867 ἀπὸ
3328 2805 3695 2882 περιπαθοῦς
3720 2802 3799 2855 εὖ.

2206 2921 2303 2982 οὺς
2336 2917 2603 2988 ἐνήρξατο
2634 2912 2950 2984 προοιμίου,
2981 2910 3057 2973 ὡς
3111 2906 3187 2978 μὴ
3229 2907 3290 2958 τὸ
3324 2902 3616 2973 παράπαν
3646 2898 3800 2988 δυνης

2207 3006 2322 3067 θεὶς
2485 3020 2545 3055 τε
2572 2982 2900 3071 διηγήσεων,
2929 2997 3038 3051 τῶν
3054 3014 3115 3049 τε
3148 2992 3392 3048 ἐπαίνων
3415 2987 3672 3061 ἅψασθαι
3701 2982 3797 3053 πρῦ

2206 3097 2313 3151 τῶν
2355 3095 2591 3166 θρήνων.
2648 3094 2722 3146 Οὐ
2781 3092 2888 3162 μὴν
2926 3090 3040 3144 ἀλλ’
3087 3089 3182 3141 ἐπὶ
3240 3083 3620 3155 παραμυθίαν
3654 3081 3798 3148 ὅμως

2211 3188 2477 3258 μεταϐὰς,
2530 3184 2900 3247 ἀποπαύεται,
2930 3179 3380 3249 ἐπιπλεκομένων
3431 3178 3663 3241 ἑκάστῳ
3691 3186 3796 3241 χω-

2210 3281 2311 3353 ρίῳ
2347 3281 2459 3333 τῶν
2499 3279 2588 3332 ἀε)⁸
2618 3275 3100 3349 προσηκόντωνητε
3133 3273 3230 3325 καὶ
3260 3258 3796 3352 προσαρμοττόντων

2208 3376 2469 3439 ἐπαίνων,
2506 3373 2581 3435 ὡς
2611 3374 2750 3441 μήτε
2791 3371 2853 3423 τὸ
2909 3366 3141 3420 πιθανὸν
3200 3361 3606 3432 ὑπερϐάλλειν,
3661 3353 3794 3425 μήτε

2211 3468 2478 3522 ἐλλείπειν
2502 3483 2555 3519 τι
2580 3465 2690 3519 τῶν
2730 3464 2961 3519 ἐνόντων
2988 3476 3048 3514 τε
3078 3459 3174 3513 καὶ⁸
3213 3457 3330 3528 ἅμα
3357 3454 3603 3509 δεόντων
3633 3443 3794 3519 ρηθῆο

2211 3576 2325 3625 ναι,
2347 3557 2423 3621 ὡς
2455 3558 2547 3612 ἐπὶ
2575 3555 2684 3609 τῶν
2733 3553 2856 3606 καθ’
2880 3552 3112 3606 ἕκαστον
3147 3550 3264 3602 ἔστι
3308 3544 3387 3617 τῷ
3422 3544 3574 3601 κατά
3604 3540 3792 3610 τέχνης

2214 3646 2644 3718 ἀναγινώσκοντι
2684 3644 2931 3716 θεωρεῖν.

3997 1674 3999 1827 l

3997 1878 3999 1995 ψ
