4060 6632
378 447 490 510 185

1173 444 1988 516 ΤΙΙΕΟΒΟΒΙἸἨΞΒΡΟΤᾸΞ
2032 456 2426 516 LAUDATlO
2466 430 2878 522 FUNEBRIS.

3538 457 3663 522 ‘186

370 562 441 615 οὗ
484 561 591 631 μὴν
623 559 670 612 δ’
701 560 782 625 είς
818 561 1116 634 τοῦσχατον
1161 563 1320 634 δόξης
1349 559 1714 639 ἐληλακότων,
1765 571 1861 625 καὶ
1901 572 1961 623 τὸ

2070 566 2261 636 patria,
2296 567 2386 637 qui
2426 568 2664 621 illustres
2695 569 2916 639 quidem
2950 580 3012 623 ac
3038 565 3355 633 clari,baud
3388 576 3570 624 tamen
3593 571 3659 624 ad

374 653 595 725 μηδένα
625 653 915 722 λεληθέναι
950 657 1018 709 τὰ
1046 657 1188 711 κατὰ
1229 661 1391 727 σφᾶς,
1420 660 1621 728 ἀγαθός
1650 679 1713 729 γε
1753 665 1963 725 πάντως

369 748 407 798 ὁ
439 745 643 815 νόμοςο
682 746 772 802 ἴνα
817 749 1055 823 τοσαύτη
1088 752 1383 820 περιουσία
1429 752 1848 823 λαμπρότητος,
1887 755 1964 817 ὡς

378 837 587 910 μηδέσι
619 840 731 895 τῶν
759 843 1049 912 πρωτείων
1076 848 1454 918 παραχωρεῖν,
1514 847 1650 920 μηδὲ
1678 847 1965 917 λεληθέναι

372 931 481 1000 τῆς
516 934 620 1001 γῆς
668 932 739 985 τὰ
787 934 1028 1004 πέρατα,
1076 934 1147 988 τὰ
1198 937 1351 1005 σφῶν
1384 936 1840 1008 πλεονεκτήματα
1870 938 1967 990 καὶ

372 1023 483 1091 τὴν
514 1020 735 1093 ἀρετὴν.
771 1023 1008 1092 μάλιστα
1035 1025 1255 1080 πάντων
1276 1026 1305 1079 ό
1328 1025 1492 1098 νόμος
1511 1021 1670 1093 οὗτος
1696 1029 1758 1082 ού
1780 1026 1968 1098 περιδ-

377 1113 554 1175 πτέος
587 1112 788 1178 δόξειεν
811 1115 897 1169 ἄν.
931 1112 1005 1169 Τὸ
1028 1118 1140 1188 γὰρ
1174 1118 1441 1189 ὑπερέχον
1463 1119 1668 1174 τούτων
1703 1122 1762 1172 ἐν
1792 1121 1965 1175 ἅπασι

375 1206 609 1259 πάντων
660 1206 827 1259 ’ἑνεκα
864 1203 901 1279 ἦ
932 1208 1034 1263 πού
1058 1227 1123 1279 γε
1153 1194 1434 1282 θαύματος
1464 1212 1636 1278 ἄξιον.
1667 1212 1778 1267 Καὶ
1810 1212 1966 1266 τοῦτό

373 1312 446 1363 γε
482 1298 801 1367 συνίστησιν
830 1302 859 1352 ὀ
889 1303 1069 1356 πάντα
1102 1303 1240 1375 λήθῃ
1273 1303 1552 1374 παραδοὺς
1600 1306 1814 1376 χρόνος.
1840 1305 1966 1360 ἀτο-

371 1392 559 1459 νοέςσας
596 1390 848 1445 ἐνταυθοῖ
885 1395 947 1448 τὸ
984 1392 1179 1460 είωθὸς
1229 1396 1379 1468 αὐτῷ
1422 1399 1646 1468 δρᾶσαι.
1704 1398 1817 1450 Καὶ
1854 1398 1965 1468 γὰρ

369 1484 630 1554 τοσούτῳ
690 1486 836 1556 μέγα
899 1489 1354 1558 ὑπερηκόντισαν
1407 1493 1574 1560 συχνῇ
1634 1489 1965 1561 περιφανείᾳ

368 1579 479 1629 καὶ
514 1577 859 1647 κοσμιότητι,
894 1582 989 1633 καὶ
1014 1582 1082 1653 τῇ
1107 1581 1216 1633 τῶν
1243 1581 1466 1652 τρόπων
1491 1583 1847 1653 χρηστότητι,
1872 1584 1966 1637 καὶ

367 1671 445 1734 τῇ
479 1668 593 1720 τῶν
618 1671 897 1737 τροπαίων
915 1672 1284 1744 λαμπρότητι,
1315 1675 1428 1744 ὅσῳ
1460 1674 1596 1743 μηδὲ
1622 1673 1804 1745 ῥᾴδιον
1825 1669 1966 1727 εἶναι

349 1759 582 1839 δεῖξαι.
615 1763 728 1816 Kal.
746 1764 908 1818 τοῦτο
926 1765 1119 1835 λέληθε
1141 1766 1240 1835 μὲν
1268 1766 1376 1820 οὐδ’
1398 1767 1639 1820 ὁντινοῦν
1664 1766 1775 1820 τῶν
1798 1768 1968 1823 ἀπάν-

308 1842 494 1906 ²ί³των
518 1870 533 1885 ·
572 1856 810 1925 παρέχει
843 1857 898 1910 δὲ
927 1859 1141 1921 πάντας
1187 1858 1512 1927 θαυμάζειν,
1543 1857 1637 1923 οὓς
1671 1878 1734 1929 γε
1782 1863 1844 1915 οὐ
1880 1863 1967 1914 λέ·-

2067 674 2345 714 summum
2382 659 2570 730 glorim
2616 661 2829 715 culmen
2870 675 3118 723 evasere,
3146 662 3218 714 ac
3265 669 3322 713 ut
3373 674 3440 714 ne
3496 676 3659 730 quem
3742 680 3745 681 '

2066 767 2255 807 eorum
2294 769 2382 809 res
2417 755 2667 821 lateant;
2716 755 2852 810 bene
2906 770 3136 825 prorsus
3170 754 3258 809 illa
3304 753 3503 820 habet;
3566 754 3662 809 ubi
3712 802 3715 805 Α

2067 855 2250 900 autem
2284 860 2477 900 eorum
2506 846 2695 912 gloria:
2720 854 2905 901 tantus
2930 852 3223 915 exsuperat
3272 846 3552 907 cumulus,
3597 853 3660 897 ut

2067 951 2137 993 ne
2166 937 2255 991 cui
2290 938 2497 1007 primas
2522 948 2705 1008 partes
2733 938 2951 1002 cedant,
2970 952 3070 993 nec
3084 938 3662 1006 eorumpraarogativae

2066 1039 2132 1080 ac
2181 1026 2400 1096 virtus,i
2428 1027 2580 1081 orbis
2619 1027 2827 1081 lateant
2858 1027 3013 1081 'ilnes
3050 1043 3065 1090 ;
3094 1035 3223 1079 tunc
3255 1026 3495 1080 maxime
3551 1040 3661 1079 non

2067 1119 2370 1185 Spernenda
2426 1119 2699 1174 videatur.
2739 1119 2910 1174 Tanta
2944 1121 3146 1188 quippe
3166 1133 3355 1173 eorum
3389 1117 3443 1171 iu
3481 1119 3665 1172 omni-

2067 1207 2192 1269 bus,
2231 1222 2294 1263 ac
2317 1210 2466 1264 omni
2504 1218 2661 1279 parte
2699 1210 3050 1278 excellentia,
3082 1210 3200 1280 iure
3237 1210 3433 1263 merito
3482 1210 3663 1263 admi-

2067 1303 2268 1355 rationi
2326 1302 2619 1358 habeatur.
2693 1303 2867 1372 quue
2926 1317 3062 1358 sane
3125 1303 3294 1358 etiam
3372 1301 3663 1357 conﬁrmat

2068 1399 2307 1461 tempus.
2427 1393 2574 1462 quod
2673 1393 3058 1448 universorum
3084 1402 3101 1421 ἐ
3163 1391 3499 1446 oblivionem
3578 1390 3661 1445 fa-

2066 1484 2240 1550 ciens,
2306 1484 2394 1539 hic
2462 1494 2646 1539 tamen
2727 1485 3038 1554 nequiverit
3082 1494 3340 1554 praestare
3388 1482 3536 1554 quod
3580 1492 3665 1537 est
3731 1484 3741 1553 έ

3730 1426 3739 1465 l

2066 1586 2469 1646 comparatum.
2499 1575 2679 1633 Tanto
2713 1578 2983 1648 siquidem
3016 1593 3249 1633 excessu
3303 1584 3660 1646 superarunt,
3730 1586 3737 1623 ῖ

2067 1667 2263 1722 crebra
2287 1669 2460 1738 gloria
2495 1685 2560 1725 ac
2593 1670 2903 1732 honestate,
2933 1684 3265 1739 morumque
3293 1668 3555 1729 bonitate,
3597 1683 3661 1721 ac

2070 1771 2399 1830 tropaeorum
2434 1763 2755 1833 splendore,
2787 1772 2847 1818 ut
2870 1777 2971 1817 nec
3005 1761 3165 1817 facile
3197 1761 3411 1817 ostendi
3463 1762 3658 1831 possit,
3724 1751 3728 1763 ’

2067 1866 2245 1922 eaque
2285 1869 2375 1908 res
2403 1854 2680 1908 nemiuem
2705 1856 2874 1908 latere
2913 1854 3090 1923 potuit
3133 1853 3563 1922 ;convertitque
3609 1852 3661 1905 in

368 1945 572 2014 ληθεν.
621 1923 792 2001 Ἔνθα
825 1949 891 2018 δὴ
936 1950 1113 2004 ταῦτα
1146 1923 1507 2023 συνέδραμεν,
1534 1953 1563 2005 ὁ
1593 1923 1757 2023 νόμος
1804 1954 1968 2024 ἀναγ-

2072 1944 2514 2011 admirationem,
2542 1945 2588 2000 si
2624 1959 2765 2013 quos
2799 1961 2906 2000 nou
2940 1945 3121 2001 latuit.
3159 1943 3261 2000 Ubi
3286 1961 3419 2000 sane
3453 1960 3516 1999 ea
3532 1959 3665 1999 con-

370 2035 695 2097 καιότατος.
733 2035 893 2091 Ἐστι
923 2038 1100 2093 ταῦτα
1112 2080 1126 2095 .

469 2124 616 2193 Ἐγὼ
639 2127 694 2180 δὲ
727 2127 991 2200 βούλομαι
1018 2130 1116 2186 νῦν
1145 2133 1321 2189 είπεῖν
1343 2134 1517 2205 βίαιον
1537 2134 1639 2202 μέν
1666 2154 1810 2191 τισιν
1838 2137 1969 2201 ἴσως

370 2217 567 2284 δόξον,
599 2220 795 2293 ἀληθὲς
824 2223 872 2277 δ’
893 2225 987 2278 οὖν
1015 2219 1173 2295 οἴμαι
1203 2228 1606 2298 φανησόμενον.
1647 2229 1710 2284 '0
1744 2230 1853 2302 γάρ
1878 2230 1970 2285 νό-

374 2329 490 2380 μος
529 2314 831 2383 ἀναγκαῖος
880 2315 955 2381 ὡς
999 2316 1240 2387 ἀληθῶς,
1294 2321 1356 2374 ού
1389 2323 1501 2391 μὴν
1545 2322 1595 2376 δ’
1626 2323 1722 2378 ἐπὶ
1749 2326 1969 2378 πάντων

374 2401 563 2465 οὕτως
594 2405 807 2468 ἁπλῶς.
837 2406 957 2459 Ἵνα
981 2407 1093 2478 γὰρ
1125 2409 1434 2480 συνέδραμε
1457 2411 1713 2477 τοσοῦτος
1745 2413 1845 2482 μὲν
1868 2430 1972 2470 σω-

377 2496 483 2566 ρὸς
539 2497 783 2565 ἀγαθῶν,
845 2501 941 2554 καὶ
996 2502 1202 2572 μηδένα
1250 2502 1446 2574 λέληθε
1492 2505 1607 2559 τῶν
1662 2506 1927 2561 ἁπάντων
1952 2545 1969 2573 ,

374 2589 622 2659 παρέχει
653 2589 711 2643 δὲ
746 2592 882 2645 πᾶσι
911 2591 1238 2663 θαυμάζειν,
1278 2595 1745 2666 ἐκπληττομένοις
1773 2599 1843 2651 τὰ
1873 2614 1972 2654 καο

374 2679 738 2753 τορθώματα,
771 2683 873 2736 οὐκ
903 2685 1205 2754 ἀναγκαῖος
1255 2687 1285 2739 ό
1313 2687 1482 2759 νόμος
1528 2682 1685 2753 οὗτος
1720 2690 1871 2760 αὐτῷ
1903 2707 1970 2760 γε

372 2771 566 2842 τούτῳ
593 2812 609 2838 ,
641 2768 685 2842 ᾧ
709 2793 770 2843 γε
794 2778 907 2839 τοῖς
940 2778 1125 2843 ἄλλοις
1176 2782 1479 2850 ἀναγκαῖος
1508 2776 1651 2840 εἶναι
1679 2782 1851 2840 δοκεῖ.
1875 2788 1970 2839 Δι-

374 2864 583 2927 καίως.
618 2868 715 2921 Διὰ
741 2867 831 2936 τίς
860 2869 986 2925 Ὀτι
1015 2871 1109 2925 τὸν
1129 2872 1296 2943 νόμον
1330 2870 1486 2943 οἶμαι
1517 2877 1798 2952 τετάχθαι,
1824 2880 1972 2944 ὅπως

371 2958 434 3010 οἱ
489 2958 650 3028 ῥίζης
694 2961 911 3029 ἀγαθῆς
963 2966 1021 3016 ἐν
1078 2966 1269 3036 ἀγαθῷ
1327 2970 1754 3039 πεφυτευμένης
1785 2970 1971 3042 χωρίῳ

372 3052 585 3120 ἁγαθοὶ
614 3044 749 3108 πᾶσι
775 3056 1052 3126 δειχθῶσι,
1091 3059 1188 3114 καὶ
1221 3060 1329 3130 πρὸ
1368 3060 1467 3115 τοῦ
1496 3062 1588 3116 τὸν
1635 3063 1749 3133 βίον
1781 3065 1969 3128 αὐτοῖς

374 3146 643 3215 φανῆναι,
690 3148 787 3201 καὶ
837 3150 989 3220 παρὰ
1023 3150 1244 3207 πάντων
1298 3155 1680 3225 ἐπαινεθῆναι.
1749 3156 1968 3213 Ὀποῑον

372 3242 498 3312 γὰρ
527 3238 647 3315 ἃνῇ
685 3244 746 3296 τὸ
779 3245 968 3313 φυτὸν,
1001 3248 1096 3301 καὶ
1123 3247 1183 3302 τὸ
1205 3249 1408 3319 χοιρίον
1435 3252 1493 3305 ὲν
1523 3244 1567 3319 ᾧ
1601 3251 1964 3321 πεφύτευται,
1993 3271 2039 3330 c

370 3334 628 3389 τοιοῦτον
658 3336 873 3409 ἀνάγκη
904 3339 997 3391 καὶ
1042 3340 1133 3393 τὸν
1178 3341 1394 3411 καρπὸν
1425 3342 1558 3395 αὐτὸ
1591 3343 1803 3414 φέρειν.
1843 3347 1957 3401 Ἐν-

370 3424 557 3479 ταῦθα
588 3428 765 3481 τοίνυν
800 3429 1071 3498 παρέλκον
1122 3425 1278 3501 οἶμαι
1332 3433 1495 3487 τοῦτο
1529 3437 1627 3488 καὶ
1677 3439 1955 3507 περιττόν.

384 3521 454 3573 ’0
481 3522 591 3591 γὰρ
619 3522 698 3593 τῷ
724 3522 877 3594 νόμῳ
930 3525 1136 3590 σκοπὸς
1182 3525 1375 3598 ὥσπερ
1407 3528 1717 3600 αὐτόματον
1747 3530 1960 3600 φθάσαν

371 3614 599 3682 γέγονε.
633 3616 732 3680 Τίς
778 3618 888 3689 γὰρ
919 3618 1032 3672 τῶν
1061 3621 1284 3675 πάντων
1304 3621 1406 3675 οὐκ
1435 3616 1596 3687 οἳδεν,
1620 3623 1699 3688 ὡς
1739 3624 1824 3695 εῐη
1860 3626 1963 3695 μὲν

372 3706 679 3779 ἡμεγίστη
730 3708 907 3777 πόλις,
943 3711 1045 3782 τὴν
1094 3713 1514 3767 Κωνσταντίνου
1563 3716 1731 3788 φημὶ,
1761 3720 1963 3788 πατρὶς

378 3796 581 3867 ἐκεινῳ
652 3799 861 3869 τάνδρὶ,
894 3803 988 3856 καὶ
1028 3803 1093 3871 δὴ
1123 3805 1219 3856 καὶ
1253 3805 1400 3873 γένει
1448 3806 1526 3877 τῷ
1554 3807 1788 3874 ἐκείνου,
1821 3808 1963 3865 ὥστε

377 3891 482 3942 καὶ
518 3890 725 3944 διῖσθαι
775 3893 908 3963 παρ’
946 3894 1135 3964 ἑτέρου
1175 3896 1337 3950 τοῦτο
1387 3899 1726 3967 μανθάνεινς
1783 3902 1880 3963 Τίς
1909 3902 1967 3956 δὲ

377 3982 592 4052 ταύτης
616 3982 732 4053 ἔχει
788 3984 1122 4055 μνησθῆναι,
1184 3989 1280 4041 καὶ
1330 3991 1442 4045 τῶν
1495 3993 1810 4061 φυσάντων,
1836 3994 1967 4050 ἄνευ

380 4077 683 4146 ἐγκωμίων
715 4078 1028 4148 μιγίστων;
1061 4081 1378 4151 Θαυμάζων
1408 4085 1467 4139 δέ
1504 4103 1592 4151 τις
1647 4087 1750 4158 τήν
1775 4106 1836 4142 τε
1864 4108 1971 4144 πασ

380 4168 564 4238 τρίδα,
599 4168 726 4235 τούς
777 4187 840 4224 τε
862 4173 1094 4240 γονέας,
1141 4175 1259 4239 πῶς
1291 4177 1410 4249 οὐχὶ
1450 4180 1546 4232 καὶ
1575 4179 1669 4233 τὸν
1704 4182 1769 4234 ὲκ
1802 4182 1969 4238 τῶνδε

381 4260 597 4324 τούτοις
629 4262 1041 4335 συνεθαύμασεν
1064 4268 1170 4335 ἄν;
1205 4270 1330 4324 Ὅτι
1371 4273 1555 4326 τοίνυν
1585 4276 1763 4330 ταῦτα
1800 4276 1967 4343 οὕτω,

388 4353 490 4407 καὶ
522 4352 716 4409 οὐδένα
745 4355 941 4429 λέληθε
984 4358 1055 4414 τὰ
1092 4362 1236 4414 κατὰ
1274 4363 1368 4416 τὸν
1396 4363 1495 4418 νῦν
1518 4365 1970 4438 εὐφημούμενον,

393 4444 609 4514 μήποτε
628 4448 925 4517 περίεργον
1039 4454 1473 4518 κατασκευάζειν
1504 4456 1626 4510 λίαν
1659 4459 1852 4528 σαφὲς.
1876 4463 1973 4519 καὶ

385 4536 657 4593 δεικνύειν
677 4542 977 4611 ἐπιχειρεῖν
1003 4544 1066 4597 τὸ
1117 4546 1306 4616 μηδενὶ
1334 4549 1740 4620 κρυπτόμενον.
1780 4550 1840 4606 '0
1863 4552 1973 4623 γὰρ

2072 2037 2372 2104 currerint,
2405 2036 2660 2091 videatur
2687 2036 2777 2091 lex
2804 2054 3019 2094 summe
3050 2038 3388 2093 necessaria.
3413 2036 3485 2091 Ita
3507 2052 3661 2090 vero.

2142 2126 2410 2183 Ceterum
2438 2129 2617 2211 libens
2657 2130 2858 2194 dicam,
2884 2129 3030 2200 quod
3056 2129 3199 2185 forte
3234 2129 3516 2184 nonnullis
3556 2127 3660 2182 du-

2070 2221 2190 2276 rius
2227 2222 2502 2294 videatur,
2526 2234 2585 2277 ut
2624 2233 2804 2277 tamen
2855 2222 3107 2278 veritatis
3154 2221 3395 2292 speciem
3440 2222 3663 2276 habitu-

2070 2330 2191 2370 rum
2224 2324 2433 2385 putem.
2478 2315 2647 2371 Plane
2679 2316 2902 2384 quidem
2955 2316 3267 2376 necessaria
3321 2316 3452 2380 lex;
3512 2313 3655 2366 baud

2070 2418 2255 2463 tamen
2289 2409 2615 2477 simpliciter
2646 2411 2803 2473 adeo,
2847 2419 2907 2463 ut
2937 2419 3250 2476 spectemus
3289 2423 3505 2462 omnes.
3558 2403 3661 2485 Ubi

2070 2499 2217 2555 enim
2252 2501 2446 2569 ingens
2478 2499 2613 2553 adeo
2641 2502 2924 2555 concurrit
2958 2501 3226 2554 bonorum
3254 2494 3537 2563 cumulus,
3558 2514 3663 2554 nec

2071 2593 2217 2649 ullos
2238 2592 2465 2648 omnino
2497 2594 2649 2655 latet,
2681 2607 2987 2661 omnesque
3009 2593 3282 2647 convertit
3309 2592 3363 2644 in
3410 2590 3656 2645 admira-

2075 2687 2308 2752 tionem,
2344 2688 2691 2756 stupentibus
2733 2686 2993 2741 omnibus
3019 2686 3240 2749 merita;
3266 2685 3408 2738 baud
3434 2700 3662 2754 prorsus

2072 2781 2383 2837 necessaria
2417 2780 2690 2847 videatur,
2721 2795 2786 2834 eo
2815 2780 2955 2849 ipso,
2989 2794 3099 2848 quo
3134 2779 3258 2832 aliis
3292 2779 3541 2832 videatur
3560 2793 3659 2831 ne-

2071 2872 2331 2928 cessaria.
2361 2872 2433 2926 lta
2474 2873 2689 2926 merito.
2720 2870 2994 2939 Quersum
3013 2888 3144 2927 vero
3166 2873 3191 2925 Ἰ
3211 2871 3368 2938 Quod
3386 2871 3649 2925 nimirum

2074 2984 2134 3020 ea
2164 2968 2379 3022 ratione
2406 2968 2719 3023 existimem
2744 2969 3079 3036 positam,ut
3098 2967 3189 3036 qui
3213 2982 3276 3021 ex
3306 2967 3447 3020 bona
3468 2965 3656 3019 radice

2071 3060 2218 3115 bono
2250 3071 2369 3116 sata
2401 3060 2521 3118 solo
2549 3060 2896 3132 prodierunt,
2918 3061 3043 3114 boni
3081 3061 3341 3114 omnibus
3360 3057 3658 3112 ostendan-

2072 3160 2184 3218 tur,
2218 3168 2344 3209 cum
2365 3154 2597 3210 necdum
2627 3157 2794 3210 etiam
2825 3169 3016 3210 eorum
3056 3154 3163 3208 vita
3203 3153 3270 3209 sit
3316 3152 3557 3222 prodita,
3595 3164 3661 3204 ac

2072 3246 2320 3301 omnium
2371 3261 2469 3301 ore
2523 3246 2771 3303 laudata.
2814 3246 3008 3313 Qualis
3050 3247 3193 3300 enim
3251 3253 3337 3299 est
3381 3245 3565 3307 arbor,
3594 3257 3661 3293 ae
3710 3234 3715 3241 λ

2068 3338 2219 3407 quali
2249 3346 2368 3393 orta
2391 3338 2534 3405 solo,
2557 3339 2722 3395 talem
2763 3353 2986 3408 quoque
3026 3350 3254 3391 necesse
3289 3335 3361 3390 sit
3393 3343 3451 3386 ut
3501 3333 3654 3386 frue-

2062 3441 2177 3488 tum
2206 3431 2365 3487 ferat.
2398 3431 2510 3487 Hac
2532 3448 2662 3502 ergo
2709 3443 2862 3502 parte
2895 3445 3361 3501 supervacaneam
3405 3441 3467 3481 ac
3516 3425 3660 3476 otiu—

2061 3537 2178 3581 sam
2200 3524 2538 3581 molitionem
2569 3535 2721 3596 puto.
2747 3526 2842 3580 Hie
2874 3523 3312 3595 siquidem,ejus
3335 3522 3473 3590 legis
3507 3519 3659 3580 linis.

2064 3635 2163 3676 sua
2196 3619 2316 3690 ipse
2360 3629 2580 3691 sponte,
2609 3635 2673 3673 ac
2719 3621 2847 3676 ultro
2869 3620 3176 3689 occupavit.
3208 3618 3343 3684 Quis
3368 3632 3515 3670 emm
3562 3632 3659 3668 ιιι·-

2065 3709 2204 3766 sciat
2246 3710 2522 3776 omnium,
2556 3716 2617 3764 ut
2652 3709 2736 3762 vir
2761 3710 2874 3774 ille,
2928 3713 3023 3764 sed
3056 3717 3111 3762 et
3146 3708 3267 3778 ejus
3305 3721 3506 3775 genus,
3539 3720 3659 3756 ma-

2067 3802 2221 3858 xima
2247 3801 2491 3867 urbium,
2540 3801 2915 3864 Constantini,
2972 3801 3220 3870 inquam,
3264 3798 3426 3861 urbe,
3482 3797 3656 3866 patria

2069 3896 2358 3966 glorietur,
2396 3903 2456 3950 ut
2482 3905 2541 3950 et
2605 3893 2739 3949 illud
2795 3895 2862 3949 ab
2897 3892 3006 3948 alio
3036 3890 3323 3946 docendus
3358 3889 3661 3944 videatur?

2069 3988 2206 4056 Quis
2232 3998 2412 4044 autem
2443 3987 2563 4058 ejus
2589 3996 2876 4058 parentum
2927 3970 3029 4039 nisi
3082 3983 3337 4038 maximis
3401 3982 3657 4036 laudibus

2072 4082 2389 4138 meminisse
2417 4082 2635 4152 possit?
2667 4078 2740 4137 Ut
2770 4080 2893 4148 quis
2917 4094 3069 4142 vero,
3098 4093 3223 4133 cum
3262 4077 3518 4147 patriam,
3539 4085 3653 4130 tum

2071 4183 2324 4242 parentes
2351 4171 2608 4239 miretur,
2661 4172 2755 4240 qui
2790 4186 2900 4225 non
2963 4169 3127 4224 etiam
3161 4168 3269 4223 illis
3313 4179 3494 4222 ortum
3541 4168 3654 4235 put'i

2073 4265 2433 4322 admiratione
2468 4263 2881 4336 prosequatur?
2910 4264 3049 4320 Cum
3091 4264 3174 4319 sic
3215 4277 3346 4333 ergo
3397 4264 3509 4316 lnec
3560 4261 3658 4312 ba-

2074 4360 2261 4426 beunt,
2334 4374 2438 4415 nec
2496 4360 2596 4414 viri
2645 4358 3141 4428 impraesentiarum
3184 4356 3514 4412 {celebrandi
3567 4371 3656 4409 rcs

2075 4452 2248 4508 ullum
2278 4452 2508 4518 lateant,
2545 4453 2735 4521 utique
2759 4451 3000 4505 otiosum
3027 4451 3098 4505 sit
3143 4459 3203 4505 ut
3248 4449 3300 4504 id
3335 4452 3657 4523 probemus,

2076 4545 2221 4615 quod
2254 4545 2538 4615 perspicue
2567 4546 2777 4598 clarum
2804 4553 2909 4610 est,
2956 4558 3021 4598 ac
3056 4543 3294 4597 nitamur
3342 4547 3655 4600 ostendere.

384 4630 682 4698 διδάσκειν,
740 4629 921 4701 οἶμαι,
968 4635 1320 4705 βουλόμενος,
1351 4639 1429 4702 ὡς
1478 4643 1512 4712 ή
1551 4643 1968 4698 Κωνσταντίνου

2078 4640 2224 4710 quod
2245 4639 2377 4694 nulli
2411 4639 2485 4694 sit
2531 4639 2835 4694 occultum.
2890 4636 2995 4704 Qui
3035 4637 3182 4693 enim
3247 4637 3448 4692 docere
3501 4638 3655 4701 velit,

384 4721 526 4789 τῷδε
558 4727 760 4794 πατρὶς
779 4765 796 4792 ,
832 4727 928 4780 καὶ
950 4731 1131 4792 γονεῖς
1171 4731 1223 4783 ot
1254 4729 1461 4802 ταύτης
1483 4736 1849 4805 κοσμήτορες,
1874 4738 1969 4790 καὶ

384 4814 566 4885 ἀγαθή
598 4833 663 4883 γε
711 4817 886 4889 τούτῳ
916 4820 1014 4872 καὶ
1036 4821 1069 4889 ἡ
1107 4822 1307 4890 πατρὶς
1339 4823 1433 4876 καὶ⁸
1460 4824 1510 4877 oi
1543 4825 1839 4893 φύσαντες,
1865 4845 1971 4881 πα-

388 4908 695 4977 ραπλήσιον
738 4910 809 4965 ἂν
848 4911 936 4982 εἴη
970 4913 1165 4979 ποιῶν,
1196 4913 1391 4987 ὥσπερ
1427 4916 1494 4971 ἂν
1527 4918 1577 4970 εἰ
1604 4919 1730 4984 τοὺς
1757 4920 1969 4991 ἀνθρώ-

381 5015 520 5062 πους
541 5001 817 5055 διδάσκειν
842 5003 1119 5072 ἐϐούλετο,
1148 5008 1464 5077 πληθούσης
1491 5009 1595 5079 τῆς
1613 5011 1845 5081 ἀγορᾶς,
1872 5016 1969 5070 καὶ.

380 5093 487 5159 τῆς
517 5094 738 5159 ἀκτῖνος
768 5096 1014 5162 ἅπαντας
1067 5100 1499 5174 θερμαινούσης,
1554 5104 1697 5175 ὑπὲρ
1742 5107 1847 5175 γῆν
1876 5082 1967 5161 τὸν

380 5186 539 5256 ἥλιον
570 5184 736 5243 εἶναι.

461 5279 534 5333 υύ
567 5280 674 5352 μὴν
698 5282 838 5337 ἀλλὰ
878 5286 974 5338 καὶ
1002 5285 1129 5356 τῇδε
1177 5289 1559 5358 παραδραμών
1612 5307 1699 5354 τις
1728 5290 1968 5363 ἐνταῦθα

380 5372 598 5424 τουτονὶ
648 5372 740 5426 τὸν
777 5376 893 5437 τοῖς
935 5377 1187 5446 ἀρχαίοις
1247 5378 1476 5432 τιθέντα
1531 5380 1696 5449 νόμον
1741 5381 1965 5453 ἄριστον

382 5466 678 5533 Eumelis;
719 5467 874 5540 παρὰ
917 5469 1027 5524 τῶν
1060 5470 1309 5540 θεμένων
1345 5468 1501 5541 οἶμαι
1554 5474 1645 5527 τὸν
1680 5474 1868 5545 νόμον,
1916 5478 1964 5529 εί

383 5557 469 5609 εει
504 5557 628 5628 μεθ’
659 5559 818 5627 ἡμῶν
866 5555 1040 5631 ἦσαν,
1075 5560 1203 5615 οὔτε
1236 5563 1370 5634 παρ’
1422 5564 1735 5619 οὑτινοσοῦν
1767 5566 1966 5636 εὐφρο-

382 5650 627 5715 νοῦντος,
652 5650 855 5717 δέξαιτ’
876 5654 943 5708 ἄν
965 5672 1097 5708 ποτε
1122 5656 1355 5727 μέμψιν.
1387 5657 1527 5711 οὔτε
1558 5660 1669 5730 γὰρ
1695 5663 1728 5730 ἡ
1762 5661 1964 5730 πατρὶς

380 5740 554 5812 αὐτῷ,
583 5741 700 5798 οὗθ’
719 5746 774 5798 οι
805 5749 1004 5813 γονεῖς,
1034 5748 1276 5813 ἐπιδεεῖς
1306 5749 1406 5820 τῆς
1441 5750 1572 5821 παρ’
1609 5751 1859 5823 ἀλλήλων
1879 5769 1964 5805 τι-

386 5836 497 5899 μῆς
516 5850 532 5866 ⁶
565 5835 667 5889 ἀλλ
694 5837 832 5892 ὀὐδὲ
866 5838 1032 5903 αὐτὸς
1054 5840 1266 5904 ἐκεῖνος
1293 5841 1396 5911 τῆς
1426 5841 1556 5912 παρ’
1588 5843 1770 5896 αὐτῶν
1793 5845 1963 5913 ἀναγ-

384 5926 574 5995 καίως,
624 5931 673 5984 εί
727 5934 820 5987 καὶ
853 5934 982 6003 παρ’
1005 5933 1255 6006 ἀλλήλων
1301 5936 1449 6003 ὅμως
1475 5935 1821 6006 τετίμηνται,
1859 5954 1961 5990 κα-

2078 4734 2337 4788 babuisse
2364 4733 2617 4802 patriam,
2636 4731 2983 4787 Constantini
3017 4732 3232 4795 urbem,
3262 4740 3654 4800 parentesque,

2075 4825 2224 4881 viros
2260 4825 2502 4896 ejusdem
2541 4824 2839 4895 principes,
2906 4824 3221 4892 bonamque
3245 4823 3293 4876 ei
3327 4822 3559 4891 patriam
3592 4836 3656 4874 ae

2077 4928 2328 4990 parentes
2360 4918 2554 4981 fuisse,
2615 4917 2756 4970 baud
2790 4914 2942 4971 aliud
2967 4930 3085 4971 mea
3118 4914 3391 4970 sententia
3436 4912 3654 4969 fecerit.

2075 5026 2240 5082 quam
2277 5020 2338 5067 ut
2368 5012 2529 5080 pleno
2561 5008 2703 5072 foro,
2737 5009 3019 5077 radiisque
3043 5019 3236 5062 aestum
3298 5003 3652 5065 facientibus,

2074 5114 2291 5160 exstare
2326 5104 2496 5159 solem
2540 5118 2704 5172 super
2764 5109 2994 5165 terram,
3048 5113 3153 5153 ceu
3211 5096 3419 5154 inscios
3457 5096 3656 5152 docere

2072 5196 2222 5252 velit.

2147 5289 2290 5344 Sane
2312 5296 2369 5341 ut
2395 5304 2457 5342 ea
2493 5287 2617 5358 quis
2645 5289 2875 5347 ratione,
2928 5301 3047 5341 eam
3081 5283 3351 5356 antiquis,
3382 5283 3647 5353 optimam

2071 5379 2255 5441 illam,
2282 5379 2514 5448 positam
2550 5379 2739 5447 legem,
2767 5378 3022 5446 praesenti
3045 5386 3369 5447 argumento
3391 5375 3653 5430 omitten-

2072 5472 2198 5525 dam
2232 5471 2525 5539 putaverit,
2553 5468 2699 5524 haud
2729 5470 2920 5534 ullam,
2952 5470 3021 5524 ab
3052 5471 3121 5526 iis
3153 5470 3289 5539 ipsis
3324 5469 3531 5541 quibus
3580 5468 3656 5523 sit

2072 5566 2268 5632 posita,
2290 5572 2348 5617 ut
2379 5561 2417 5616 ii
2444 5563 2624 5616 adhuc
2659 5562 2710 5614 in
2740 5562 2875 5617 vivis
2904 5570 3152 5631 age-rent,
3173 5562 3351 5616 ullove
3369 5562 3647 5629 sapiente,

2073 5653 2549 5722 reprehensionem
2578 5669 2817 5721 unquam
2855 5654 3060 5725 tulerit,
3108 5651 3298 5722 Neque
3324 5653 3474 5706 enim
3529 5650 3657 5706 talis

2072 5749 2399 5805 celebrando
2430 5747 2548 5801 viro
2591 5748 2789 5816 patria,
2823 5757 2917 5801 aut
2968 5756 3240 5816 parentes,
3276 5753 3337 5799 ut
3364 5747 3445 5800 eis
3476 5746 3544 5799 ab
3572 5746 3655 5799 iu-

2073 5842 2246 5896 vicem
2278 5841 2540 5895 hutnorem
2590 5840 2832 5895 mutuari
2878 5855 3103 5895 necesse
3152 5839 3226 5894 sit
3263 5852 3277 5891 :
3310 5848 3366 5893 at
3396 5855 3569 5907 neque
3606 5839 3651 5892 is

2074 5950 2297 5992 necesse
2330 5933 2398 5989 ab
2431 5933 2536 5987 illis
2579 5934 2776 5989 habent
2812 5950 2826 5999 ;
2866 5934 3078 5987 tametsi
3136 5942 3326 5986 mutue
3378 5934 3641 5986 bonorum

3693 4858 3715 4945 ί
