4060 6670
380 392 477 454 187

1559 394 1952 454 MANUELIS
1995 390 2446 454 PALAEOLOGI

3530 378 3635 444 188

377 511 477 565 sibi
527 510 754 577 addunt,
807 510 1083 579 quomodo
1136 514 1325 580 juncta
1398 512 1625 575 lumina,
1693 523 1943 562 mutuum

2074 508 2227 575 lci-nep
2258 506 2417 575 φῶτα
2447 502 2780 570 συναύξοντα
2808 505 2906 573 τὴν
2963 500 3021 569 ἐξ
3059 500 3304 572 ἀλλήλων
3335 494 3631 571 ἀστραπήν

378 603 723 671 splendorem
751 617 815 657 ac
850 602 1051 669 lucem,
1087 604 1328 659 vicissim
1354 604 1667 659 intendunt.
1695 603 1781 657 Uti
1820 616 1949 673 ergo

380 691 588 761 przel'ati
626 709 837 757 sumus,
869 704 925 747 ut
947 694 1019 748 sit
1046 697 1184 750 bona
1212 697 1323 757 lex,
1351 695 1494 749 haud
1525 705 1704 750 tamen
1735 696 1951 764 impne-

383 784 683 840 sentiarunt
714 784 1037 838 exornando
1081 784 1198 838 viro
1251 784 1560 839 necessaria
1596 803 1610 838 :
1664 785 1795 854 quin
1835 782 1948 846 ille,

381 887 445 924 ex
480 872 699 941 propria
754 874 927 941 magis
984 874 1212 936 virtute,
1269 876 1497 942 suisque
1544 874 1661 943 ipse
1718 872 1949 936 meritis,

382 979 546 1031 quam
582 980 646 1018 ex
708 967 903 1034 patria,
942 982 1005 1019 ac
1037 967 1174 1028 avis,
1222 982 1528 1038 magnoque
1565 967 1716 1022 illinc
1771 965 1973 1036 splen?

383 1056 536 1118 dore,
559 1056 741 1109 clarus
762 1056 1043 1122 l‘uerit.,Ut
1062 1069 1240 1113 autem
1267 1060 1432 1112 etiam
1453 1059 1566 1122 illa,
1589 1066 1953 1128 parentesque

384 1162 447 1200 ac
475 1148 584 1209 avi,
623 1159 811 1201 notum
847 1149 1022 1216 illum,
1058 1165 1120 1204 ac
1154 1151 1267 1204 suis
1293 1133 1467 1219 ipsum
1507 1150 1717 1204 meritis
1744 1151 1952 1203 clarum

384 1238 648 1292 notiorem
682 1239 1164 1309 illustrioremque.
1206 1255 1306 1295 sua
1333 1242 1576 1311 ipsorum
1600 1240 1952 1296 reddiderunt

383 1329 606 1396 virtute,
650 1347 711 1385 ac
738 1332 893 1400 juxta
926 1335 1088 1387 modo
1127 1335 1357 1402 positam
1406 1334 1719 1404 imaginem,
1765 1333 1953 1404 gloria:

382 1423 427 1472 ei
457 1423 710 1478 cumulus
741 1423 991 1488 fuerint;
1041 1426 1206 1479 iidem
1258 1425 1434 1479 nihilo
1480 1426 1664 1482 secius
1711 1426 1840 1497 ipsi,
1889 1441 1954 1482 ac

387 1515 581 1579 patria,
641 1515 1036 1571 illustrioribus
1089 1517 1495 1587 augmentis,ac
1551 1518 1734 1573 omnis
1805 1527 1952 1573 retro

382 1610 514 1653 aetas
544 1601 783 1665 tulisset,
818 1603 1077 1658 oumibus
1098 1605 1299 1671 ubique
1323 1620 1417 1675 per
1445 1607 1595 1660 illum
1616 1607 1951 1661 claruerunt.

385 1692 592 1755 Quibus
640 1693 730 1746 ille
779 1695 1117 1748 ornamentis
1166 1697 1333 1749 claret
1365 1735 1383 1759 ,
1420 1697 1487 1751 iis
1519 1712 1740 1767 quoque
1776 1698 1952 1766 patria

388 1798 452 1835 ac
483 1793 755 1849 parentes.
800 1782 889 1836 Sic
918 1783 1064 1837 enim
1114 1784 1297 1840 libens
1351 1787 1405 1839 iu
1450 1786 1676 1854 optimis
1727 1785 1948 1842 accidit.

2057 618 2116 652 τε
2148 603 2246 653 καὶ
2288 596 2637 666 λαμπηδόνα.
2689 594 2890 658 Καθὼς
2921 594 3032 665 ἄρα
3081 590 3258 660 εἷπον,
3306 591 3382 655 ὡς
3406 593 3435 645 ὁ
3467 591 3632 661 νόμος

2057 690 2283 759 ἀγαθὸς,
2322 689 2556 743 ἐνταῦθα
2602 687 2671 741 δι’
2712 688 2872 741 αὑτὸν
2917 688 3019 741 οὐκ
3051 687 3373 755 ἀναγκαῖος.
3415 683 3495 740 Οὐ
3526 686 3632 753 μὴν

2058 782 2190 833 ἀλλὰ
2226 781 2321 834 καὶ
2347 782 2375 832 ὁ
2402 780 2526 841 τοὺς
2561 778 2823 841 ἐπαίνους
2865 778 3158 849 δεχόμενος
3190 776 3320 846 παρ’
3345 775 3503 846 ἡμῶν
3528 776 3631 845 ἤδη

2060 874 2124 924 ὲκ
2154 872 2255 940 τῆς
2286 868 2599 940 προσούσης
2623 868 2822 938 ἀρετῆς
2856 868 2950 920 καὶ
2980 867 3089 919 τῶν
3105 865 3251 919 ίδίων
3269 865 3634 935 κατορθωμά-

2057 976 2165 1012 των
2213 958 2421 1027 μᾶλλον
2451 955 2832 1026 λαμπρύνεται
2878 955 2913 1025 ἢ
2942 955 3042 1023 τῆς
3077 953 3358 1024 πατρίδος,
3393 954 3500 1024 καὶ,
3519 953 3634 1006 τῶν

2060 1050 2368 1121 φυσάντων,
2406 1050 2499 1102 καὶ
2545 1049 2644 1113 τῆς
2694 1045 2909 1101 ἐκεῖθεν
2943 1046 3081 1116 ἄγαν
3123 1046 3530 1117 λαμπρότητος.
3570 1047 3631 1097 Εἰ

2058 1143 2114 1195 δὲ
2147 1143 2239 1197 καὶ
2260 1139 2420 1211 αὕτη,
2455 1140 2550 1195 καὶ⁵
2577 1142 2629 1194 oi
2662 1142 2863 1208 γονεῖς,
2898 1141 3177 1210 γνώριμον
3209 1139 3340 1193 ὄντα
3363 1139 3460 1191 καὶ
3482 1138 3630 1206 λαμ·

2059 1232 2197 1304 πρδν
2226 1235 2292 1286 ἐκ
2325 1235 2432 1285 τῶν
2483 1233 2609 1286 καθ’
2645 1232 2834 1296 αὐτὸν,
2884 1230 3308 1301 γνωριμώτερον
3338 1229 3429 1282 τὸν
3458 1229 3632 1296 ἄνδρα

2059 1325 2223 1378 πᾶσιν
2252 1304 2539 1395 ἆπέφηναν
2560 1326 2627 1394 τῇ
2649 1323 2777 1394 παρ’
2804 1323 3015 1375 ἑαυτῶν
3045 1323 3238 1393 ἀρετῇ.
3267 1322 3360 1375 καὶ
3390 1319 3636 1390 προσθή-

2060 1433 2129 1487 κη
2157 1416 2333 1487 τούτῳ
2388 1415 2547 1486 δόξης
2600 1417 2853 1484 ἐγένοντο
2905 1415 3047 1468 κατὰ
3092 1414 3191 1483 τὴν
3230 1413 3330 1484 ἤδη
3373 1412 3638 1484 ῥηθεῖσαν

2053 1511 2194 1581 ἡμῖν
2220 1509 2408 1565 σίκόνε.
2432 1527 2448 1543 ο
2480 1509 2615 1565 ἀλλὰ
2648 1510 2742 1563 καὶ
2766 1502 2915 1563 οὗτοι
2940 1508 3035 1561 καὶ
3060 1508 3095 1575 ὴ
3127 1508 3327 1575 πατρὶς
3354 1504 3537 1570 πολλῷ
3569 1520 3639 1569 γε

2063 1600 2264 1671 μᾶλλον
2303 1601 2663 1672 γνωρίζονται
2707 1601 2778 1655 δι’
2812 1601 2975 1654 αὐτὸν
3020 1601 3132 1661 τοῖς
3168 1596 3486 1667 ἁπανταχοῦ
3526 1597 3639 1663 γῆς

2060 1694 2369 1764 ἀνθρώποις
2395 1694 2428 1763 ἢ
2458 1694 2551 1747 τὸν
2588 1693 2695 1761 πρὸ
2740 1692 2834 1746 τοῦ
2862 1692 3038 1746 πάντα
3068 1690 3290 1762 χρόνον.
3319 1690 3506 1751 Ὀσοις
3534 1688 3640 1756 μὲν

2060 1785 2167 1854 γὰρ
2199 1788 2421 1848 ἐκεῖνος,
2470 1785 2564 1838 καὶ
2590 1787 2622 1854 ἡ
2660 1785 2880 1853 πατρὶς,
2912 1784 3007 1836 καὶ
3055 1785 3103 1835 οί
3135 1782 3403 1850 φύσαντες
3427 1794 3443 1808 ⁸
3486 1778 3639 1831 οὕτω

390 1872 599 1925 Rursus
621 1888 770 1935 vero,
806 1874 976 1927 claret
1000 1874 1088 1929 ille
1121 1876 1400 1941 omnibus,
1436 1879 1527 1930 sed
1555 1888 1608 1931 et
1664 1879 1863 1947 patria,
1901 1888 1956 1933 et

2074 1876 2166 1947 τὰρ
2194 1878 2289 1929 ἐπὶ
2324 1877 2434 1929 τῶν
2457 1877 2698 1946 ἀρίστων
2732 1875 2878 1944 φιλεῖ
2909 1871 3231 1943 συμϐαίνειν
3251 1888 3266 1903 ⁸
3313 1873 3450 1925 πᾶσι
3492 1870 3538 1923 δ’
3560 1866 3635 1923 αὖ

389 1973 662 2027 parentes.
708 1965 909 2019 Verum
960 1966 1070 2021 sint
1122 1968 1303 2021 omnia
1361 1969 1686 2025 ascribenda
1763 1972 1956 2026 radici.

388 2058 709 2124 Quanquam
740 2056 885 2111 enim
920 2056 1184 2111 illustrior
1212 2073 1432 2128 quoque
1460 2059 1709 2114 redditur
1754 2062 1956 2130 patria,

390 2160 483 2202 aut
537 2157 810 2216 parentes,
874 2160 934 2203 ut
993 2151 1288 2220 ingenuum
1346 2152 1475 2219 quid
1524 2154 1960 2223 prze'clarumque

388 2242 655 2295 ediderint
686 2257 702 2294 :
733 2243 876 2311 quod
904 2251 1081 2297 tamen
1110 2244 1178 2296 ab
1194 2244 1274 2299 eis
1298 2245 1622 2314 productum
1655 2255 1760 2314 est,
1784 2248 1849 2300 ad
1868 2262 1962 2301 eos

392 2333 967 2397 recurrit,adomoin
1027 2336 1252 2390 domum
1311 2337 1459 2392 velut
1522 2338 1758 2402 circulo,
1816 2340 1961 2407 quod

390 2426 565 2478 aiunt.
606 2423 729 2479 Ilaec
752 2426 1037 2481 hactenus.

462 2692 698 2747 Patriam
721 2692 937 2761 quidem
982 2693 1169 2747 urbem
1190 2692 1394 2763 regiam
1418 2691 1631 2757 habuit,
1665 2707 1728 2748 ac
1745 2693 1961 2748 urbium

396 2794 645 2839 matrem.
667 2784 793 2853 Ejus
815 2799 876 2838 ea
894 2783 1202 2850 celebritas,
1221 2794 1285 2841 ut
1309 2785 1410 2838 sibi
1438 2785 1551 2853 ipsa
1584 2786 1656 2840 sit
1684 2786 1844 2848 satis,
1867 2799 1969 2840 nec

368 2900 371 2903 λ
396 2876 598 2929 nostris
628 2876 693 2928 ad
719 2874 942 2942 gloriam
971 2873 1224 2929 laudibus
1249 2884 1424 2944 egeat.
1455 2874 1630 2930 Tanto
1672 2877 1818 2929 enim
1871 2891 1969 2929 ur-

399 2965 557 3023 bilius
583 2968 860 3032 omnibus,
896 2967 943 3021 si
972 2981 1092 3036 quae
1122 2967 1324 3022 habent
1347 2968 1796 3032 admirationem,
1818 2978 1971 3022 ante-

402 3061 593 3122 fertur,
623 3075 685 3113 ac
718 3069 962 3128 prmstat,
995 3058 1255 3127 omnique
1280 3058 1550 3113 bonorum
1581 3060 1805 3114 cumulo
1828 3061 1967 3116 citra

405 3152 874 3219 comparationem
904 3160 1146 3220 superat,
1171 3159 1380 3220 quanto
1409 3151 1574 3206 etiam
1602 3151 1802 3205 ﬁnibus
1848 3151 1970 3205 uni~

402 3237 595 3309 veisis,
626 3242 988 3312 gentibusque
1016 3258 1079 3297 ac
1107 3242 1330 3313 regibus
1346 3254 1526 3303 terrae.
1545 3244 1827 3298 dominata
1847 3253 1931 3299 est
1951 3286 1967 3309 ,

406 3356 511 3392 non
540 3348 747 3392 tantum
772 3337 1044 3392 exercitus
1071 3336 1465 3392 numerositate
1494 3352 1557 3392 ac
1583 3336 1751 3401 l’erro,
1794 3353 1971 3407 quan-

406 3444 517 3484 tum
546 3432 745 3486 virtute
775 3444 839 3483 ac
860 3428 1071 3484 ratione
1129 3430 1458 3499 praepollens
1489 3446 1507 3496 ;
1533 3430 1788 3502 quodque
1828 3431 1973 3485 Con.

403 3520 649 3574 stantino
692 3518 977 3589 glorietur,
1041 3534 1202 3573 manu
1250 3526 1469 3573 tenente
1516 3528 1751 3589 sceptra,
1785 3519 1974 3575 eodem

409 3627 614 3673 revera,
639 3626 763 3665 cum
786 3611 1139 3680 imperatore,
1164 3617 1277 3664 tum
1302 3609 1463 3673 duce,
1483 3610 1863 3677 universisque
1881 3610 1979 3663 bo»

408 3718 600 3757 norum
632 3701 856 3757 custode
890 3701 1185 3771 ;quodque
1221 3702 1397 3771 majus
1426 3700 1681 3757 omnibus
1711 3711 1818 3767 est,
1862 3701 1977 3757 Deo

407 3795 603 3848 eximie
632 3807 780 3858 caro,
804 3807 927 3848 cum
948 3793 1176 3848 sincerae
1197 3792 1414 3863 pietatis
1443 3808 1593 3864 ergo.
1619 3800 1734 3848 tum
1758 3804 1979 3862 propter

410 3888 622 3942 virtutis
655 3885 822 3942 totius
851 3888 1154 3950 cumulum.
1187 3885 1235 3942 ls
1266 3887 1456 3956 utique
1509 3886 1663 3941 urbis
1704 3886 1978 3949 conditor,

412 3998 511 4035 uec
540 3979 642 4034 uisi
693 3980 881 4033 divino
931 3991 1061 4033 nutu
1108 3993 1171 4033 ac
1216 3979 1754 4049 impulsione;quod
1801 3979 1978 4044 ipsum

414 4073 623 4126 abunde
654 4074 742 4137 sit,
769 4084 1156 4127 sexcentorum
1188 4075 1567 4128 eneomiorum
1595 4072 1736 4133 loco,
1758 4086 1984 4126 sexcen-

416 4177 592 4217 tarum
618 4165 731 4217 vice
757 4165 1155 4228 laudationum,
1184 4167 1385 4233 quibus
1413 4166 1760 4219 innumeram
1790 4178 1984 4232 quam-

414 4257 536 4306 dam
568 4255 925 4309 ostendamus
955 4256 1189 4310 civitatis
1220 4256 1498 4310 virtutem.
1532 4254 1635 4310 Ubi
1665 4255 1813 4308 enim
1863 4254 1985 4309 talis

415 4356 498 4401 est
522 4348 787 4409 conditor,
818 4349 1143 4417 cmlitusquc
1174 4348 1356 4401 animo
1401 4347 1697 4401 condenda:
1743 4347 1983 4402 studium

417 4439 725 4493 immissum
750 4439 851 4492 fuit
884 4456 897 4491 :
928 4440 1127 4508 quippe
1158 4440 1371 4495 exstitit
1399 4440 1479 4495 vir
1508 4439 1618 4494 Deo
1655 4439 1885 4504 adlatus,
1922 4455 1985 4492 ac

2056 1968 2263 2030 ἐκεῖνος
2280 1982 2296 1998 ’
2329 1967 2426 2020 καὶ
2447 1966 2510 2037 δὴ
2532 1967 2626 2019 καὶ
2650 1968 2684 2036 ἡ
2714 1966 2934 2034 πατρὶς,
2964 1964 3061 2018 καὶ
3088 1965 3138 2017 οί
3164 1963 3455 2032 φύσαντες.
3483 1962 3639 2034 Πλὴν

2057 2061 2125 2113 τὰ
2155 2060 2329 2113 πάντα
2356 2059 2633 2125 λογιστέον
2661 2060 2728 2128 τῇ
2762 2056 2907 2128 ῥίζῃ.
2941 2057 3001 2108 Εἰ
3027 2054 3133 2125 γὰρ
3157 2056 3223 2126 δὴ
3252 2056 3348 2109 καὶ
3379 2055 3637 2125 λαμπροο

2057 2150 2193 2222 τέρα
2226 2149 2551 2204 καθίσταται
2573 2166 2657 2211 τις
2684 2150 2941 2220 πατρὶςῆ
2966 2153 3204 2219 πατέρες
3228 2149 3473 2215 γενναῖον
3497 2148 3642 2214 ἀγα-

2060 2244 2271 2312 γόντες,
2308 2240 2443 2295 ἁλλὰ
2484 2242 2577 2295 καὶ
2632 2240 2793 2293 τοῦτο
2826 2241 2956 2306 παρ’
2996 2240 3180 2294 αὐτῶν
3239 2238 3453 2306 ἐξελθὸν
3478 2278 3493 2302 ,
3557 2240 3643 2300 είς

2061 2335 2258 2396 αὐτοὺς
2302 2333 2628 2402 ἀνατρέχει,
2662 2330 2869 2392 οίκαδε,
2920 2331 3108 2399 φασὶν,
3140 2329 3330 2400 ὥσπερ
3365 2330 3425 2383 ἑν
3452 2326 3643 2396 κύκλῳ

2065 2424 2280 2492 βαδίζον
2304 2440 2318 2454 ·
2355 2421 2590 2477 τοσαῦτά
2632 2438 2696 2487 γε
2728 2422 2861 2491 ἡμῖν
2895 2420 3027 2490 περὶ
3054 2420 3260 2473 τούτων
3281 2434 3298 2450 ·
3359 2420 3445 2473 ἵνα
3466 2418 3525 2472 δὲ
3559 2418 3644 2488 μὴ

2061 2517 2301 2585 δόξωμεν
2332 2515 2579 2568 ἀπειθεῖν
2608 2512 2686 2583 τῷ
2714 2513 2888 2581 νόμῳ,
2932 2512 3401 2582 ἀφοσιωσάμενοι,
3426 2509 3645 2581 ταχέως

2064 2609 2427 2676 ἀλλαξόμεθα.

2140 2704 2342 2772 Πατρὶς
2374 2702 2473 2771 μὲν
2499 2700 2648 2771 αὐτῷ
2680 2703 2712 2771 ἡ
2738 2699 3103 2772 βασιλεύουσα
3130 2700 3281 2763 πόλις
3313 2716 3374 2752 τε
3403 2701 3499 2753 καὶ
3532 2715 3643 2768 μηδ-

2066 2796 2351 2865 τρόπολις·
2379 2795 2501 2865 ἥτις
2529 2796 2815 2863 αὐταρκὴς
2853 2794 3044 2864 ἑαυτῇ,
3104 2794 3202 2846 καὶ
3256 2792 3319 2845 οὐ
3350 2790 3524 2844 δεῖταί
3573 2806 3644 2857 γε

2068 2889 2177 2940 τῶν
2202 2888 2335 2956 παρ’
2368 2887 2528 2955 ὴμῶν
2563 2886 2803 2939 ἐπαίνων
2828 2886 2910 2947 είς
2942 2883 3212 2949 εὐδοξίαν.
3247 2881 3500 2950 Τοσούτῳ
3531 2882 3646 2949 γὰρ

2069 2980 2307 3034 καλλίων
2339 2977 2458 3032 ἐστὶ
2488 2978 2599 3031 τῶν
2645 2976 3085 3047 θαυμαζομένων
3119 2975 3330 3030 πόλεων
3383 2972 3641 3035 ἁπασῶν,

2073 3070 2168 3123 καὶ
2220 3068 2453 3138 προῦχει
2510 3069 2739 3135 τούτων,
2803 3068 2899 3121 καὶ
2956 3066 3304 3138 ὑπερϐέϐηκε
3344 3065 3480 3138 πρὸς
3529 3066 3646 3118 πᾶν

1995 3194 2040 3251 C
2072 3162 2406 3230 ἀσύγκριτον
2433 3159 2660 3227 ἀγαθὸν,
2692 3162 2802 3229 ὅσῳ
2830 3159 2926 3211 καὶ
2954 3157 3243 3229 τερμάτων
3299 3151 3470 3225 ἦρχεν
3512 3154 3643 3223 ἑξῆς

2077 3255 2354 3314 ἁπάντων.
2387 3255 2487 3306 καὶ
2531 3252 2729 3316 ἐθνῶν,
2772 3253 2869 3305 καλ⁵
2910 3250 3182 3320 βασιλέων
3231 3248 3342 3302 τῶν
3392 3246 3644 3315 ἐπὶιγῆς,

2076 3348 2135 3400 ού
2165 3345 2423 3400 τοσοῦτόν
2460 3360 2524 3412 γε
2553 3344 2881 3414 πολυχειρίᾳ
2907 3342 3002 3395 καὶ
3025 3342 3230 3412 σιδήρῳ
3260 3339 3490 3404 νικῶσα,
3516 3338 3649 3391 ὅσον

2075 3439 2245 3508 ἀρετῇ
2279 3436 2376 3487 καὶ
2406 3435 2572 3503 λόγῳ,
2628 3433 2724 3486 καὶ
2773 3433 2851 3500 τῷ
2887 3432 3301 3484 Κωνσταντῖνον
3352 3424 3491 3482 εἶναι
3549 3427 3646 3478 τὸν

2077 3531 2196 3580 ταῖν
2221 3528 2405 3597 χεροῖν
2432 3526 2502 3577 τὰ
2534 3525 2792 3594 σκῆπτρα
2821 3522 3148 3591 κατέχοντα,
3180 3520 3406 3590 βασιλέα
3428 3520 3520 3571 τὸν
3544 3519 3649 3571 αύ-

2076 3621 2169 3673 τὺν
2202 3621 2278 3682 ὠς
2312 3616 2533 3687 ἀληθῶς
2564 3615 2716 3682 ὄντα,
2755 3616 2851 3667 καὶ
2898 3613 3233 3682 στρατηγὸν,
3291 3611 3389 3664 καὶ
3439 3610 3648 3676 ταμίαν

2078 3713 2189 3765 τῶν
2216 3709 2438 3775 ἀγαθῶν
2469 3707 2643 3762 ἆπασι
2674 3723 2689 3739 ·
2735 3706 2832 3760 καὶ
2861 3707 2923 3758 τὸ
2954 3706 3174 3759 πάντων
3211 3704 3520 3766 κάλλιστον,
3566 3700 3648 3769 τῷ

2080 3804 2200 3874 Θεῷ
2275 3801 2645 3872 διαφερόντως
2727 3799 3143 3868 πεφιλημένον,
3204 3798 3301 3851 καὶ⁴
3363 3792 3649 3854 εὐσεϐείας

2083 3895 2447 3966 ἀκραιφνοῦς,
2479 3893 2578 3946 καὶ
2609 3893 2813 3962 ἀρετῆς
2838 3891 3007 3943 ἕνεκα
3037 3889 3258 3958 πάσης·
3293 3889 3358 3951 ὃς
3386 3903 3450 3954 γε
3483 3886 3651 3954 δομή-

2082 4005 2196 4059 τωρ
2214 3987 2418 4058 ταύτης
2443 3985 2684 4053 ἐγένετο,
2721 3984 2823 4036 οὐκ
2849 3982 2977 4037 ἄνευ
3032 3981 3184 4043 θείας
3244 3982 3509 4051 κινήσεως
3552 3982 3653 4033 καὶ

2087 4082 2256 4150 ῥοπῆς
2274 4096 2287 4110 ο
2313 4080 2410 4132 καὶ
2436 4076 2584 4130 τοῦθ’
2617 4078 2744 4147 ἡμῖν
2773 4074 2999 4144 ἔξαρκεί
3032 4074 3155 4128 ἀντὶ
3189 4073 3398 4142 μυρίων
3430 4071 3529 4140 μὲν
3555 4064 3655 4138 ιγ-

2087 4174 2335 4241 κωμίων,
2374 4171 2585 4241 μυρίων
2643 4170 2703 4221 δὲ
2734 4168 2992 4230 ἐπαίνων,
3050 4167 3253 4235 μυρίαν
3281 4164 3482 4235 ἀρετὴν
3510 4164 3654 4216 ἀπο·

2086 4263 2409 4317 δεικνύντων
2451 4264 2552 4332 τὴν
2585 4262 2744 4314 πόλιν
2770 4260 3027 4330 ἔχουσαν.
3059 4258 3240 4310 Ὅπου
3277 4257 3385 4325 γὰρ
3409 4255 3655 4317 τοιοῦτος

2092 4355 2189 4423 μὲν
2212 4356 2240 4409 ὁ
2267 4354 2616 4424 δειμάμενος,
2655 4355 2688 4421 ἡ
2719 4354 2775 4405 δὲ
2805 4352 2954 4421 ὁρμὴ
2978 4350 3078 4419 τῆς
3116 4348 3434 4416 οἰκοδομίας
3468 4344 3660 4398 θεόθεν

2091 4444 2258 4498 αὐτοῦ
2310 4448 2381 4515 τῇ
2424 4445 2571 4514 ψυχῇ
2619 4444 2815 4512 γέγονε
2838 4460 2855 4476 ο
2884 4442 3185 4511 θεόληπτος
3214 4439 3325 4507 γὰρ
3367 4436 3528 4506 ἀνὴρ,
3561 4437 3662 4489 καὶ

417 4532 502 4583 cui
536 4531 716 4584 omnia
736 4546 859 4584 eum
885 4531 989 4583 Deo
1008 4540 1328 4599 gererentur
1354 4548 1369 4596 ;
1396 4531 1729 4599 superﬂuum
1773 4531 1972 4600 liquide

2089 4536 2266 4589 πάντα
2289 4534 2467 4603 τούτῳ
2518 4534 2619 4585 σὺν
2648 4532 2769 4603 Θεῷ
2800 4532 3164 4599 διεπράττετο
3187 4544 3203 4560 ⁸
3259 4528 3550 4598 περίεργον
3589 4526 3660 4578 ἂν

420 4622 511 4685 sit,
542 4630 603 4674 ιιι
632 4620 734 4673 alia
769 4620 892 4689 quis
921 4621 1131 4673 ratione
1159 4620 1378 4674 studeat
1406 4621 1596 4674 urbem
1629 4620 1872 4682 laudare,
1910 4630 1989 4674 ta-

421 4712 578 4768 tuetsi
626 4711 715 4765 illa
763 4712 1046 4765 innumera
1087 4713 1308 4766 laudum
1356 4708 1676 4779 argumenta
1723 4712 1986 4780 suggerit.

494 4904 747 4957 Parentes
773 4911 974 4965 autem,
1007 4916 1067 4954 ac
1094 4901 1389 4970 majorum,
1420 4916 1525 4971 qua
1573 4917 1746 4971 genus
1803 4903 1989 4967 traxit,

425 5003 691 5059 catenam,
714 4995 854 5049 haud
871 5008 966 5063 per
984 5002 1196 5061 tempus
1212 4993 1371 5047 facile
1402 4994 1603 5063 possim
1627 5009 1949 5062 percensere
1980 5011 1994 5058 ;

428 5102 525 5138 nec
539 5100 666 5140 vero
694 5087 909 5139 illorum
933 5095 1156 5154 tropzea,
1175 5101 1368 5153 resque
1384 5100 1498 5145 eas.
1518 5086 1719 5154 quibus
1740 5087 1838 5149 illi,
1858 5088 1998 5139 auti—

427 5176 549 5245 quis
581 5174 837 5242 prmelare
858 5182 1032 5243 gesta,
1059 5188 1161 5226 suo
1189 5173 1479 5241 splendore
1501 5174 1820 5228 obscurant.
1856 5173 1998 5229 Sane

429 5276 489 5320 ut
521 5265 643 5333 quis
671 5264 772 5317 hoc
804 5272 1187 5332 jierSetjuzttur,
1227 5264 1591 5331 impossibilia
1630 5274 1825 5319 teutat.
1864 5266 1997 5322 Mihi

428 5370 559 5408 vero
591 5356 723 5408 satis
760 5353 1021 5406 hactenus
1057 5352 1270 5404 videtur
1290 5353 1518 5406 dictum.
1571 5352 1678 5407 Viri
1728 5356 1912 5424 itaque
1942 5356 1996 5409 iu

430 5447 607 5503 laudis
634 5453 1010 5513 argumentum
1042 5444 1196 5497 nobis
1218 5447 1477 5513 propositi
1498 5455 1753 5514 parentes
1785 5448 1996 5516 avique,

431 5539 575 5592 haud
601 5537 753 5599 ullis,
789 5536 832 5589 si
867 5536 958 5602 qui
990 5537 1101 5588 ullo
1133 5551 1371 5604 unquam
1400 5552 1516 5589 mvo
1545 5537 1759 5592 laudent
1794 5540 2002 5593 habue-

430 5638 578 5691 runt.
606 5628 862 5681 deteriori
892 5628 1011 5681 loco
1042 5628 1210 5696 ;quin
1243 5636 1297 5681 et
1346 5629 1566 5695 potiori,
1621 5630 2002 5684 universorum

435 5720 696 5788 sull‘ragio
726 5703 958 5772 habendi
983 5719 1270 5772 videantur
1322 5736 1336 5772 :
1382 5721 1474 5788 qui
1507 5722 2003 5791 nimirumantiqua

449 5811 798 5867 successione
832 5811 1056 5878 AttgttSti
1093 5811 1159 5865 ab
1190 5812 1452 5881 Augustis
1482 5813 1721 5881 optimis,
1752 5814 2004 5867 continua

2088 4631 2173 4698 εἴη
2196 4627 2654 4696 σαφῶς,κοσμεῖν
2686 4626 2985 4693 πειρᾶσθαι
3015 4623 3116 4693 τὴν
3143 4623 3299 4674 πόλιν
3329 4621 3500 4690 ἑτέρῳ
3526 4621 3661 4686 τρό-

2090 4737 2200 4788 πῳ,
2227 4722 2275 4772 εί
2306 4720 2405 4772 καὶ
2435 4720 2672 4789 παρέχει
2701 4718 2906 4788 μυρίας
2935 4716 3036 4778 τὰς
3061 4712 3323 4784 ἀφορμὰς
3364 4711 3475 4765 τῶν
3496 4710 3661 4763 ἔπαι-

2090 4829 2217 4865 νων.
2909 4861 2923 4874 ,

2163 4900 2361 4962 Γονέας
2387 4900 2431 4951 δ’
2471 4898 2561 4959 αὖ,
2595 4898 2690 4950 καὶ
2713 4899 2811 4967 τὴν
2836 4897 3021 4966 σειρὰν
3058 4895 3182 4949 ὅθεν
3216 4896 3277 4948 τὸ
3305 4894 3461 4962 γένος
3488 4893 3665 4963 αὐτῷ,

2095 4994 2198 5045 οὐκ
2237 4993 2307 5045 ἂν
2346 4991 2447 5044 σὺν
2494 4989 2574 5061 τῷ
2606 4991 2787 5061 καιρῷ
2843 4975 3252 5057 καταλέγοιμν
3294 4988 3491 5041 οὔκουν
3544 4988 3671 5041 mibi

2096 5084 2335 5156 τροπαῖα
2372 5081 2641 5135 τάκείνων
2681 5082 2777 5135 καὶ
2824 5079 3263 5150 κατορθώματα,
3309 5076 3669 5149 ἀμαυροῦντα

2097 5177 2163 5229 τὰ
2196 5175 2305 5227 τῶν
2332 5174 2501 5228 πάλαι
2533 5174 2599 5243 τῇ
2634 5172 2767 5245 παρ’
2794 5173 3007 5226 ἑαυτῶν
3053 5172 3336 5241 ἀστραπῇ.
3388 5163 3510 5221 Εἶεν
3558 5168 3671 5237 γὰρ

2100 5269 2168 5336 ἂν
2222 5266 2537 5333 ἀνεφίκτοις
2591 5266 3004 5334 ἐπιχειροῦντες
3068 5263 3120 5315 οί
3146 5262 3306 5316 τοῦτο
3356 5258 3671 5320 διώκοντες.

2101 5361 2255 5412 Δεκῶ
2281 5359 2339 5411 δέ
2372 5375 2461 5425 μοι
2494 5358 2687 5426 ἀρκεῖν
2715 5354 2979 5409 τοσοῦτον
3016 5357 3214 5408 εἰπεῖν.
3243 5354 3307 5407 0i
3339 5352 3522 5405 τοίνυν
3573 5350 3671 5403 εὑ·-

2104 5447 2288 5519 φημού
2298 5466 2459 5517 μενον
2488 5447 2759 5514 φύσαντες
2788 5446 3040 5514 οὐδαμῶς
3094 5462 3198 5499 που
3263 5444 3483 5505 πάντως
3516 5439 3676 5494 ἐλάτ-

2103 5557 2266 5601 τους·
2304 5540 2509 5608 μᾰλλον
2544 5541 2643 5608 μὶν
2674 5534 2771 5591 οὖν
2812 5538 2909 5590 καὶ
2932 5536 3198 5607 ἀμείνους
3242 5537 3401 5604 φαῖεν
3430 5533 3499 5587 ἂν
3538 5529 3677 5584 πάν-

2105 5647 2217 5693 τες,
2242 5625 2423 5698 οἶμαι,
2453 5631 2563 5682 τῶν
2582 5629 2672 5683 διὰ
2696 5628 2898 5692 παντὸς
2927 5629 3291 5698 ὑμνουμένων
3319 5624 3414 5680 τοῦ
3456 5622 3673 5695 χρόνοιν

2106 5721 2315 5775 ἄνωθεν
2355 5722 2457 5789 μὲν
2493 5720 2756 5789 βασιλεῖς,
2790 5720 2855 5773 ὲκ
2885 5717 3154 5788 βασιλέων
3192 5717 3436 5787 ἀρίστων
3460 5713 3679 5781 συνεχεῖ

2114 5816 2332 5884 διαδοχῇ
2362 5815 2645 5873 κατιόντες
2668 5830 2681 5844 ·
2719 5812 2940 5881 κόσμιοι
2972 5810 3037 5864 δὲο
3057 5810 3151 5863 καὶ
3193 5809 3465 5877 λαμπροὶ,
3496 5805 3556 5858 ού
3582 5803 3675 5856 διὰ
3728 5834 3747 5845 κ
