4060 6598
312 442 430 510 180

1109 451 1516 514 THEODORI
1558 448 1922 514 DESPOTA’.
1969 450 2360 513 LAUDATIO
2401 450 2791 513 FUNEBRIS

3485 444 3587 512 1ῦο

306 569 379 620 τὸ
415 566 608 636 σχῆμα
641 566 862 636 μᾶλλον,
894 566 927 635 ἢ
963 567 1043 637 τῷ
1075 566 1219 637 λόγῳ
1245 566 1346 637 ζῇν
1401 566 1635 628 ὲθέλειν,
1668 569 1764 619 κει)⁴
1793 565 1897 633 τὴν
1930 610 1934 618 ,

2022 564 2388 621 lescenderint
2419 566 2581 631 serie,
2615 564 2940 636 honestique
2961 577 3026 619 ac
3071 561 3203 618 clari
3241 559 3584 628 exstiterint,

311 658 610 730 βασιλείαν
640 660 866 726 ἰθύνειν,
904 663 1003 714 καὶ
1030 664 1210 715 ποιεῖν
1238 661 1301 715 εῦ
1358 663 1462 729 τὴν
1496 662 1755 731 πατρίδα,
1805 660 1900 712 καὶ

310 750 433 804 τῶν
468 753 865 823 χρηστοτέρων
879 752 1105 807 πάντων
1138 754 1439 823 πρυτάνεις
1486 748 1629 806 εἶναι
1659 755 1775 816 τοῖς
1794 752 1900 805 ὑπὸ

310 845 507 912 χεῖρα,
536 844 599 896 Ei
627 846 737 915 γὰρ
765 847 866 899 καὶ
898 846 961 899 τὸ
985 850 1173 917 σχῆμα
1205 847 1433 910 τούτους
1450 848 1545 901 καὶ
1575 849 1609 917 ἡ
1642 847 1900 917 πορφύρα

313 934 753 1006 λαμπροτέρους
780 938 1108 1005 ἀπέφαινον,
1139 937 1278 992 ἀλλὰ
1318 939 1415 991 καὶ
1463 938 1620 993 αὐτοί
1656 955 1775 1001 πως
1804 937 1903 990 αῦ-

317 1025 411 1086 θις
437 1027 744 1095 ἀπέφαινον
774 1031 959 1082 ἐκεῖνα
991 1030 1351 1101 λαμπρότερα
1373 1031 1433 1082 ού
1462 1029 1627 1099 μόνον
1656 1027 1775 1099 ὥρα
1790 1027 1897 1080 σώ-

320 1134 521 1185 ματος,
577 1119 714 1171 ἀλλὰ
768 1121 865 1174 καὶ
919 1120 1102 1191 ψυχῆς
1155 1122 1506 1191 κοσμιότητι.
1572 1121 1902 1192 ᾝσχύνοντο

318 1210 461 1278 γὰρ,
493 1211 543 1261 εί
590 1211 752 1278 μόνον
785 1228 850 1279 γε
904 1215 1018 1275 τοῖς
1078 1213 1279 1277 ἔξωθεν
1330 1212 1765 1278 καλλωπίζοιντο
1806 1214 1903 1267 καὶ

317 1303 715 1372 προσκαίροις,
745 1304 884 1358 ἀλλὰ
909 1307 1005 1358 καὶ
1035 1306 1219 1375 πολλῷ
1250 1323 1315 1372 γε
1356 1308 1564 1376 μᾶλλον
1613 1310 1729 1369 τοῖς
1758 1308 1904 1361 οῐκο-

319 1394 422 1445 θεν
443 1394 539 1446 καὶ
580 1396 1005 1465 μονιμωτέροις.
1041 1395 1156 1468 Τῆς
1211 1394 1307 1452 οὖν
1364 1398 1519 1462 θείας
1554 1399 1778 1469 ἀρετῆς,
1835 1398 1902 1451 εῦ

302 1486 636 1554 ποιοῦντες,
661 1489 827 1559 μηδὲν
853 1492 940 1543 ἀεὶ
985 1495 1394 1562 προτιμῶντες,
1440 1488 1614 1563 ἦρχον
1658 1478 1904 1563 ἐννόμως

319 1577 422 1630 καὶ
485 1579 749 1644 εὐσεϐῶς,
812 1583 1066 1652 πατέρων
1110 1584 1315 1653 μᾶλλον
1361 1585 1395 1657 ἢ
1458 1585 1737 1637 δεσποτῶν
1789 1585 1905 1647 τοῖς

319 1670 592 1740 ὑπηκόοις
622 1672 890 1737 σώζοντες
932 1677 1135 1729 τόπονο
1168 1677 1265 1730 καὶ
1312 1676 1758 1747 προκινδυνεύειν
1804 1677 1903 1730 αύ-

318 1762 438 1814 τῶν
464 1764 784 1833 αἱρούμενοι
814 1766 848 1837 ἢ
881 1767 1153 1839 ῥᾳθυμεῖν
1178 1768 1387 1839 ἕτεροι.
1416 1768 1524 1822 Ἐῶ
1554 1768 1611 1822 δὲ
1641 1767 1907 1838 λέγειντᾶ

324 1858 467 1958 περὶ
494 1856 664 1958 τῶνδε
687 1874 703 1889 ·
739 1858 862 1911 οὐδὲ
912 1859 1024 1929 γὰρ
1059 1860 1425 1931 προκείμενον
1467 1861 1536 1931 ἦν
1586 1864 1722 1931 ἡμῖν
1778 1862 1906 1926 τοὺς
1941 1906 1980 1958 Β

322 1947 532 2018 ἄνδρας
561 1947 790 2013 τούτους
835 1951 1246 2019 ἐγκωμιάζειν*
1275 1952 1440 2007 αὐτὸν
1488 1951 1550 2005 δὲ
1591 1953 1782 2007 τοῦτον
1816 1954 1909 2007 τὸν

325 2040 433 2094 νῦν
458 2042 595 2110 ἡμῖν
627 2043 709 2106 είς
762 2044 1045 2113 εὐφημίαν
1072 2047 1465 2115 προκείμενον,
1496 2044 1557 2109 ἐξ
1584 2044 1765 2099 αὐτῶν
1799 2045 1911 2099 τῶν

326 2134 560 2201 ἑαυτοῦ,
591 2135 778 2205 ἡλίκος
830 2132 899 2209 ἦν
936 2136 1039 2209 τὴν
1086 2138 1314 2209 ἀρετὴν,
1377 2138 1718 2193 ὲπιδεικτέον
1777 2140 1912 2211 ἡμῖν

325 2228 514 2278 ἔστιν.

407 2408 663 2481 Ἐτράφη
727 2411 826 2480 μὲν
860 2411 1185 2479 βασιλικῶς,
1242 2412 1307 2465 ὲκ
1353 2410 1565 2464 παίδων
1595 2409 1651 2461 δὲ
1699 2410 1913 2462 ἐδείκνυ

331 2503 439 2573 τὴν
466 2503 732 2570 εὐφυΐαν·
773 2504 1083 2570 μᾶλλονδὲ,
1137 2504 1350 2557 παιδίον
1389 2504 1485 2567 ὢν,
1535 2506 1705 2557 πᾶσιν
1741 2504 1914 2556 ἐδίδου

337 2595 731 2663 μαντεύεσθαι,
752 2597 903 2659 ὅστις
931 2596 999 2649 ἂν
1033 2596 1117 2668 εἴη
1180 2595 1390 2665 προϊών
1411 2612 1424 2626 ο
1469 2597 1542 2658 ὡς
1576 2596 1685 2664 ἄρα
1738 2597 1917 2663 πάντη

335 2685 622 2756 βέλτιστος
647 2686 867 2756 πατρίδι
903 2688 998 2740 καὶ
1023 2686 1242 2754 γονεῦσι
1277 2689 1371 2742 καὶ
1401 2686 1602 2756 φίλοις,
1637 2689 1731 2739 καὶ
1781 2685 1918 2745 ὅλως

337 2772 428 2839 οἷς
454 2779 765 2845 συγ-γένοιτ’
819 2779 886 2832 ἂν
938 2781 1035 2833 καὶ
1070 2780 1325 2849 μεταδοίη
1359 2780 1458 2845 τῆς
1493 2779 1740 2847 ἐμφύτου
1782 2798 1921 2849 χρη-

336 2873 628 2941 στότητος.
657 2872 764 2925 Καὶ
802 2875 909 2942 μὴν
946 2874 1086 2939 πρὸς
1127 2875 1310 2925 πᾶσαν
1365 2872 1606 2941 μάθησιν
1642 2870 1788 2924 οῦτω
1832 2871 1921 2925 δε·-

336 2963 476 3029 ξιῶς
515 2958 652 3033 εἶχε.
678 2964 775 3016 κα)⁸
841 2963 962 3033 μετ’
998 2964 1259 3035 ὀξύτητος
1317 2964 1562 3034 ἔτρεχεν,
1624 2963 1770 3017 ὥστε
1815 2969 1914 3020 καὶ

336 3059 443 3118 τὴν
481 3057 791 3126 προθυμίαν
823 3059 934 3109 τῶν
970 3058 1269 3126 σοφιστῶν,
1328 3057 1425 3110 καὶ
1482 3056 1596 3111 τῶν
1641 3058 1924 3129 παιδοτρι-

339 3150 484 3214 ϐῶν,
508 3152 602 3204 καὶ
631 3153 741 3203 τῶν
771 3151 952 3204 ὁτιοῦν
983 3151 1224 3222 χρηστδν
1256 3152 1601 3222 ἐπιτήδευμα
1632 3152 1923 3205 διδασκόν-

2005 675 2110 713 ιιοη
2158 668 2264 712 tam
2302 659 2581 727 dignitatis
2630 657 2986 728 praerogativa
3015 669 3179 726 quam
3203 655 3347 722 quod
3369 654 3535 709 vitam
3555 668 3586 707 e

2006 747 2218 802 ratione
2244 748 2637 804 instituendam
2671 757 2923 803 sanctum
2952 746 3263 810 habuerint,
3302 745 3584 815 probeque

2007 841 2298 909 regendum
2333 841 2647 909 imperium,
2674 857 2740 895 ae
2764 839 3154 895 demerendam
3181 837 3442 907 patriam,
3487 836 3587 890 bo-

2008 947 2187 1001 naque
2220 933 2404 988 omnia
2419 934 2654 989 subditis
2691 931 3061 989 concilianda.
3093 929 3421 999 Quanquam
3438 928 3586 982 enim

2006 1027 2171 1079 etiam
2207 1041 2237 1080 a
2265 1025 2531 1096 dignitate
2553 1043 2615 1081 ac
2645 1040 2885 1095 purpura
2921 1024 3185 1079 clariores
3235 1023 3453 1084 fierent,
3503 1021 3591 1089 ip-

2008 1120 2053 1174 si
2073 1120 2436 1176 nihilominus
2471 1120 2772 1176 claritatem
2806 1119 3049 1174 vicissim
3072 1116 3467 1186 rependebant,
3494 1129 3590 1167 ne-

2006 1214 2134 1266 dum
2162 1214 2406 1283 corporis
2420 1224 2648 1269 venusta
2671 1213 2872 1282 specie,
2889 1212 2982 1268 sed
3006 1221 3062 1265 et
3079 1209 3247 1264 animi
3266 1207 3593 1277 cumprimis

2009 1304 2313 1358 honestate.
2336 1302 2391 1357 ld
2411 1304 2609 1374 quippe
2627 1304 2901 1358 ducebant
2931 1302 3138 1371 probro
3152 1312 3205 1354 ut
3231 1309 3460 1353 externo
3476 1305 3595 1350 tan-

2009 1406 2122 1449 tum
2159 1410 2223 1451 ac
2254 1405 2607 1465 temporaneo
2645 1404 2840 1450 ornatu
2868 1394 3132 1449 ambitum
3162 1389 3504 1463 praeferrent,
3536 1397 3596 1439 ttt

2010 1503 2117 1542 non
2154 1489 2338 1557 potius
2363 1490 2482 1545 suis
2522 1489 2624 1559 ipsi
2651 1487 2860 1543 meritis
2881 1503 2945 1542 ac
2964 1486 3190 1541 llrmiori
3212 1485 3409 1540 decore
3432 1481 3603 1551 polle-

2009 1589 2149 1640 rent.
2178 1579 2316 1640 Cum
2350 1581 2532 1649 itaque
2558 1579 2728 1650 probo
2765 1593 2853 1634 res
2880 1593 3009 1633 suas
3043 1576 3395 1631 instituentes
3415 1572 3602 1626 consi-

2008 1677 2108 1739 lio,
2128 1675 2262 1730 nihil
2294 1674 2492 1729 divina:
2515 1670 2701 1726 virtuti
2726 1670 3122 1739 praehaberent,
3135 1667 3235 1737 legi
3248 1666 3377 1720 time
3395 1677 3459 1719 ac
3485 1663 3601 1732 pie,
3653 1710 3661 1731 ,

2009 1778 2195 1841 patres
2245 1766 2443 1837 magis,
2479 1779 2647 1835 quam
2685 1761 3014 1817 dominosin
3053 1758 3303 1815 subditos
3340 1764 3588 1825 agentes,

2009 1869 2412 1935 regnaverunt;
2437 1858 2832 1927 lubentiusque
2858 1869 2957 1925 pro
2985 1854 3066 1907 eis
3091 1851 3359 1905 adeuntes
3383 1846 3603 1917 pericu-

2015 1957 2089 2022 la,
2114 1971 2277 2026 quam
2301 1953 2422 2009 aliis
2451 1954 2559 2008 otia
2589 1952 2738 2006 adire
2768 1948 2937 2003 moris
2968 1946 3068 2002 sis.
3095 1944 3296 2000 Verum
3331 1951 3600 2011 praetereo

2016 2065 2209 2106 eorum
2249 2064 2360 2104 res.
2390 2045 2503 2102 Nec
2529 2046 2676 2101 enim
2707 2044 2762 2098 id
2794 2042 2954 2097 nobis
2986 2040 3091 2095 fuit
3119 2036 3504 2097 constitutum,
3540 2041 3601 2087 ut

2015 2156 2110 2197 eos
2131 2140 2503 2206 laudaremus,
2533 2140 2627 2193 sed
2654 2147 2711 2191 ut
2735 2137 2920 2207 potius
2968 2134 3148 2189 virum
3180 2130 3341 2185 nobis
3362 2129 3414 2182 in
3435 2142 3590 2195 argu-

2018 2241 2265 2288 mentum
2325 2231 2503 2287 laudis
2544 2229 2915 2300 propositum,
2962 2242 3026 2281 ex
3078 2225 3252 2295 ipsius
3304 2219 3544 2292 propriis
3580 2258 3597 2284 ,

2016 2332 2225 2395 quanta
2254 2322 2515 2377 enituerit
2544 2321 2746 2374 virtute
2788 2317 3171 2374 ostendamus.

2088 2403 2183 2471 Ille
2212 2415 2462 2485 equidem
2492 2413 2638 2482 regie
2653 2411 2941 2474 educatus,
2975 2411 3145 2464 multa
3166 2422 3380 2477 apuero
3400 2404 3599 2459 indolis

2019 2509 2269 2563 bonitate
2300 2506 2507 2562 cﬂ'ulsit
2537 2523 2550 2558 :
2584 2515 2749 2573 atque
2781 2506 2917 2558 adeo
2953 2500 3148 2572 puerili
3214 2502 3395 2554 adhuc
3447 2505 3605 2551 aetate

2020 2616 2207 2671 agens,
2234 2598 2357 2668 quis
2375 2613 2635 2666 processu
2666 2595 2930 2665 temporis
2948 2608 3214 2649 evasurus
3232 2598 3398 2648 esset.
3416 2589 3599 2643 omni—

2020 2696 2124 2749 bus
2155 2692 2509 2746 omiuandum
2547 2688 2778 2759 prmbuit
2805 2707 2819 2744 :
2846 2699 2902 2742 ut
2932 2687 3158 2742 omnino
3208 2685 3398 2754 utique
3453 2679 3597 2751 opti-

2023 2801 2168 2848 mus,
2201 2787 2411 2853 patriae,
2448 2783 2786 2855 parentibus,
2822 2782 3036 2847 amicis,
3067 2794 3130 2835 ac
3156 2792 3382 2850 prorsus
3427 2776 3604 2830 omni-

2023 2875 2145 2941 bus,
2175 2879 2499 2947 quibuscum
2526 2888 2671 2932 esset
2695 2886 3041 2938 versaturus,
3060 2888 3125 2928 ac
3141 2885 3280 2944 quos
3298 2870 3486 2924 innata
3508 2868 3602 2923 illa

2024 2971 2268 3025 bonitate
2302 2981 2444 3025 esset
2490 2970 2893 3039 impertiturus.
2927 2966 3102 3021 Tanta
3133 2980 3267 3022 sane
3298 2963 3608 3031 disciplinis

2025 3065 2284 3119 omnibus
2308 3064 2663 3132 capessendis
2696 3063 2978 3117 babilitate
2999 3060 3119 3124 fuit,
3147 3074 3212 3114 ae
3235 3058 3316 3113 sic
3347 3056 3601 3112 celeriter

2026 3174 2219 3212 omnes
2252 3158 2545 3228 percurrit,
2569 3166 2626 3209 ut
2654 3167 2710 3210 et
2756 3154 3131 3222 s0pbistarum
3167 3167 3231 3205 ac
3283 3149 3609 3218 ludimagis—

335 3262 476 3307 των,
502 3243 798 3313 ὑπερφυῶς
820 3244 1225 3313 ύπερήλαυνεν.
1260 3243 1430 3298 Ὅθεν
1479 3245 1709 3308 τούτους
1758 3262 1920 3299 συνε-

2027 3260 2327 3314 trorum,ac
2347 3248 2388 3303 si
2403 3248 2492 3318 qui
2508 3248 2795 3301 honestum
2810 3244 3011 3313 aliquid
3028 3242 3241 3297 docturi
3260 3241 3607 3303 videbantur,

339 3337 461 3406 κῶς
497 3335 820 3404 διαμείδων.
853 3335 1033 3406 ἐξῄτει
1065 3337 1156 3389 τὸν
1180 3336 1467 3402 διδάξοντά
1494 3356 1548 3392 τι
1583 3341 1924 3408 καινότερον,

338 3429 419 3491 ὡς
460 3426 660 3479 αὐτίκα
689 3429 801 3479 πᾶν
829 3425 1154 3492 λαμσάνων,
1198 3429 1338 3496 ὅπερ
1365 3428 1429 3481 ἂν
1487 3424 1635 3500 εἶχον
1695 3431 1922 3488 διδόναι,

339 3522 461 3575 Καὶ
504 3516 574 3592 ἦν
601 3521 700 3582 τὰς
731 3520 952 3591 ἡλικίας
1003 3520 1191 3589 σαφῶς
1226 3522 1491 3590 ἐλέγχων,
1549 3524 1684 3594 ὓλην
1726 3527 1787 3578 ού
1836 3527 1927 3579 τὸν

340 3612 540 3683 χρόνον
580 3613 766 3684 μόνον,
816 3612 958 3666 ἀλλὰ
1003 3616 1099 3667 καὶ
1157 3612 1256 3684 τὴν
1315 3614 1479 3683 φύσιν
1530 3616 1795 3686 ἐχούσας’
1830 3620 1926 3671 καὶ

340 3705 507 3775 τήνδε
568 3706 774 3776 μᾶλλον
803 3706 949 3776 ἤπερ
1011 3706 1445 3771 ὲκεῖνον.⁶Ὠσθ’,
1506 3709 1648 3779 ὅπερ
1682 3728 1765 3773 τις
1815 3711 1927 3763 τῶν

344 3798 591 3869 ποιητῶν
625 3796 854 3863 ἐδίδαξε,
891 3800 961 3869 τῇ
1016 3798 1234 3870 γλώττῃ
1280 3798 1569 3870 ἄνθρωπον
1629 3802 1923 3873 ἀνθρώπου

338 3893 630 3963 διαφέρειν
686 3892 965 3958 τοσοῦτον,
1024 3893 1151 3947 ὅσον
1215 3894 1366 3948 ἀετοὶ
1422 3894 1701 3965 κοράκων,
1766 3897 1927 3960 αὐτὸς

344 3983 496 4052 ἔργῳ
523 3981 715 4049 ἔδειξε,
757 3984 837 4051 τῷ
884 3981 1154 4050 πεφυκότι
1215 3985 1345 4046 τοὺς
1395 3983 1696 4053 ἡλικιώτας
1751 4004 1926 4056 παρε-

343 4071 586 4141 νεγκὼν,
634 4074 758 4125 ὅσον
788 4072 901 4126 οὐδ’
932 4073 1100 4125 ἐδίδου
1123 4073 1358 4139 τούτοις,
1386 4074 1592 4139 ἐρίζειν
1650 4074 1787 4143 πρὸς
1825 4076 1926 4129 αύ-

342 4167 438 4220 τὺ»
477 4165 916 4235 ἁμιλλωμένους.
941 4165 1081 4226 Παῖς
1117 4166 1228 4235 γὰρ
1273 4165 1351 4218 ῶν
1397 4166 1500 4230 ἔτι,
1540 4167 1611 4219 τὰ
1666 4169 1776 4219 τῶν
1809 4184 1928 4235 μει-

350 4253 561 4325 ρακίων
592 4254 851 4325 ὲξήσκει’
888 4255 981 4307 καὶ
1020 4250 1089 4308 αὖ
1146 4257 1206 4308 ἐν
1269 4256 1445 4309 τοῖσδε
1479 4257 1547 4311 τὰ
1598 4259 1924 4325 νεανίσκων,

345 4348 442 4399 καὶ
467 4346 538 4398 τὰ
564 4345 675 4398 τῶν
703 4345 937 4415 ἀνδρῶν,
966 4351 1060 4398 καὶ
1081 4347 1150 4400 τὰ
1189 4348 1607 4420 πρεσϐυτέρων,
1658 4352 1756 4403 καὶ
1787 4352 1926 4415 ὅλως

347 4439 420 4491 τὰ
445 4438 545 4507 τῆς
568 4439 879 4507 κρείττονος
929 4438 1151 4507 ⁴ἡλικίας
1199 4441 1258 4491 ὲν
1302 4443 1366 4509 τῇ
1404 4441 1509 4512 πρὸ
1538 4444 1764 4514 ταύτης.
1817 4444 1927 4499 Οὖ-

344 4547 456 4592 τως
482 4530 692 4591 ἐκεῖνος
724 4531 817 4580 ἐπὶ
850 4529 959 4581 τῶν
991 4528 1174 4597 ἔργων
1205 4529 1424 4597 φθάνων
1481 4528 1549 4601 ἦν
1583 4536 1671 4587 ἀεὶ
1700 4536 1762 4587 τὸ
1808 4536 1925 4591 δέον

346 4621 612 4693 ἐμπειρίᾳ
643 4621 738 4672 καὶ
771 4618 979 4689 σπουδῇ
1012 4622 1109 4675 καὶ
1141 4621 1359 4688 φρενῶν
1392 4622 1636 4693 ὀξύτητι.
1671 4621 1781 4679 Ἷιν
1827 4629 1925 4695 μὲν

346 4714 601 4777 γονεῦσιν
628 4712 777 4780 ἡδύς⁸
805 4708 876 4777 ἦν
901 4711 956 4762 δὲ
995 4712 1285 4777 ἀδελφοῖς·
1312 4708 1380 4782 ἦν
1434 4715 1488 4765 δὲ
1524 4716 1766 4784 enim;
1788 4735 1802 4749 .
1858 4716 1925 4789 ἦν

344 4805 403 4860 δὲ
440 4806 691 4866 πολίταις
750 4805 846 4857 καὶ
880 4806 1076 4869 ξένοις,
1108 4807 1255 4874 ἥλιξξ
1286 4823 1344 4859 τε
1404 4815 1495 4860 καὶ
1548 4812 1883 4877 πρεσίῐέταις
1913 4831 1923 4841 ·

347 4897 446 4951 καὶ
506 4898 644 4958 ὅλως
693 4899 861 4949 πᾶσιν
920 4899 978 4949 ὲν
1022 4896 1186 4964 ὅλοις,
1236 4901 1399 4952 παντὶ
1435 4903 1745 4971 καιρῴααι
1790 4924 1928 4974 συμ-

346 4987 633 5056 πτώματι.

2029 3343 2228 3395 cximia
2297 3342 2534 3412 quadam
2592 3340 2850 3394 facilitate
2906 3352 2970 3391 ac
3013 3337 3197 3404 genio,
3252 3335 3602 3389 sedulitatem

2030 3437 2391 3506 przeverterit.
2422 3432 2794 3500 Quamobrem
2814 3433 3074 3486 continue
3101 3429 3241 3484 alios
3266 3444 3328 3483 ex
3356 3428 3477 3482 aliis
3498 3444 3615 3480 ma-

2028 3530 2231 3599 gistros
2304 3536 2544 3590 mutans,
2571 3531 2854 3595 quaarehat
2883 3541 2912 3578 a
2938 3516 3054 3595 ’qtto
3101 3524 3225 3577 novi
3276 3522 3484 3590 aliquid
3527 3523 3613 3575 di-

2032 3628 2251 3685 sCeret;
2282 3628 2540 3687 tanquam
2570 3617 2662 3688 qui
2694 3617 2805 3672 cito
2831 3619 3140 3686 perciperet
3180 3616 3388 3682 omnia,
3414 3615 3458 3670 si
3506 3632 3613 3683 qua

2029 3712 2105 3766 illi
2136 3712 2352 3766 tradere
2385 3722 2613 3780 possent
2645 3726 2659 3763 :
2692 3709 2982 3778 palamque
3043 3709 3429 3763 alternantium
3486 3718 3617 3762 ωιτ-

2029 3818 2159 3867 tom,
2195 3804 2391 3858 nedum
2426 3818 2621 3866 annos,
2655 3803 2749 3857 sed
2779 3808 2834 3854 et
2867 3810 3114 3854 naturam
3136 3815 3200 3855 ac
3231 3801 3495 3864 indolem,
3531 3810 3614 3854 ato

2027 3911 2131 3967 que
2157 3898 2295 3951 hanc
2318 3895 2602 3966 potissime
2631 3910 2646 3958 ;
2674 3892 2981 3962 subjectum
3009 3891 3293 3961 arguebat.
3337 3890 3615 3958 Quamob-

2026 4004 2142 4044 rem
2181 3988 2524 4058 poetaeillam
2562 3987 2920 4047 sententiam,
2975 3995 3034 4039 ut
3085 3983 3618 4039 nihilminushomi.

2026 4100 2125 4140 nes
2153 4086 2296 4138 inter
2325 4082 2549 4146 referat,
2579 4091 2639 4137 ut
2664 4081 2936 4137 sermonis
2968 4081 3073 4133 vim
3101 4094 3163 4133 ac
3190 4079 3431 4147 tinguant
3463 4095 3619 4148 spec-

2029 4188 2129 4242 tcs,
2160 4191 2324 4245 quam
2368 4175 2511 4229 inter
2552 4174 2796 4244 aquilam
2827 4188 2890 4226 ac
2945 4185 3174 4227 corvum
3202 4189 3215 4225 :
3244 4186 3429 4225 veram
3493 4173 3614 4240 ipse

2028 4268 2193 4324 rebus
2216 4268 2489 4334 ostendit;
2512 4268 2592 4321 sic
2621 4265 2803 4320 indole
2817 4266 3112 4320 coaetaneis
3137 4272 3425 4334 praestans,
3446 4273 3503 4317 ut
3523 4279 3622 4315 ne-

2027 4378 2132 4429 que
2159 4361 2302 4414 ullus
2331 4359 2669 4413 contentioni
2702 4359 2855 4412 locus
2880 4357 3105 4410 relictus
3157 4355 3459 4409 videretur.
3499 4355 3609 4407 Ad—

2034 4453 2139 4507 huc
2167 4452 2313 4506 enim
2342 4451 2619 4519 exsistens
2646 4464 2798 4518 puer.
2826 4448 3239 4502 adolescentulo
3264 4447 3479 4502 colebat
3498 4456 3617 4500 stu-

2032 4544 2155 4609 dia;
2192 4542 2621 4611 adolescensque
2663 4583 2677 4607 ,
2733 4541 3034 4609 iuvenum,
3078 4554 3142 4593 ac
3197 4539 3485 4603 virorum,
3558 4554 3622 4595 ac

2034 4637 2313 4692 seniorum
2346 4651 2359 4699 ;
2390 4650 2726 4705 prorsusque
2769 4633 3099 4687 anteriorem
3150 4648 3320 4703 agens
3379 4641 3618 4697 aetatem,

2035 4748 2155 4798 qua:
2188 4728 2465 4796 sequentis
2515 4742 2579 4780 ac
2615 4726 2929 4781 maturioris
2984 4736 3187 4781 essent.
3221 4726 3370 4778 Adeo
3404 4738 3620 4795 semper

2034 4823 2256 4887 ay-ndis
2283 4820 2445 4874 rebus
2479 4821 2767 4887 occupavit
2794 4819 2937 4886 quod
2964 4827 3109 4872 esset
3136 4830 3315 4882 opera:
3358 4818 3618 4884 pretium,
3654 4804 3675 4889 ί

2033 4916 2261 4969 scientia
2297 4913 2387 4967 illa
2414 4932 2475 4967 ac
2507 4912 2709 4975 studio,
2752 4910 3062 4976 mentisque
3106 4906 3426 4978 sagacitate.
3493 4908 3623 4963 Erat

2036 5014 2193 5076 plano
2222 5009 2399 5062 dulcis
2429 5006 2773 5073 parentibus,
2812 5012 2931 5056 erat
2972 5000 3235 5055 fratribus
3270 5016 3283 5064 ;
3316 5010 3433 5055 erat
3465 5000 3623 5056 soda-

345 5083 491 5135 libus
525 5098 539 5145 ζ
572 5091 689 5135 eral
715 5082 924 5136 Cil‘ibﬂs
960 5101 973 5145 ;
1020 5094 1131 5137 Pral
1168 5085 1491 5152 peregiinis,
1529 5093 1830 5157 :cqnalibus
1855 5103 2080 5166 pariter,
2113 5104 2466 5170 senilimqoe,
2523 5115 2585 5152 ac
2640 5098 2852 5152 cunctis
2910 5093 3209 5149 nniversim
3256 5093 3308 5148 in
3364 5094 3623 5150 erunibus

346 5176 498 5229 omni
534 5188 797 5243 tempore,
823 5191 885 5229 ac
924 5191 1103 5230 rerum
1138 5180 1285 5231 omni
1321 5180 1568 5235 incursu.

420 5270 530 5323 Καὶ
586 5269 693 5339 μὴν
751 5270 1007 5323 τοσοῦτον
1038 5273 1352 5341 ὑπερνικῶν
1408 5270 1477 5342 ἧν
1537 5281 1641 5329 κᾶν
1686 5284 1800 5346 τοῖς
1828 5302 1920 5351 γυ-

347 5359 621 5429 μνασίοις,
651 5361 755 5413 κὰν
781 5363 900 5423 ταῖς
931 5362 1207 5431 ἁμίλλαις,
1248 5366 1349 5415 κὰν
1401 5364 1627 5430 ἅπασιν,
1665 5372 1739 5433 ὼς
1791 5376 1927 5443 μηδὲ

342 5452 553 5506 δεῖσθαι
581 5452 1067 5521 παραϐεδλῆσθαι.
1110 5454 1326 5509 Οὔκουν
1367 5459 1419 5524 γ’
1450 5459 1733 5529 ἐφθονεῖτο
1750 5468 1925 5519 τοιοῦ-

340 5563 437 5607 τος
474 5545 569 5607 ὢν,
628 5545 1018 5608 ἀδυνατοῦντος
1075 5547 1170 5600 τοῦ
1196 5549 1394 5614 φθόνου
1432 5551 1567 5621 δρᾷν
1608 5556 1695 5606 ἐπ’
1750 5557 1921 5628 αὐτῷ,

339 5641 481 5707 ὅπερ
526 5637 832 5708 ἐπεφύκει·
872 5638 989 5715 ἀλλ’
1020 5640 1365 5709 ἐθαυμάζετο
1397 5647 1547 5711 παρὰ
1589 5647 1697 5698 τῶν
1750 5651 1927 5703 ἀπάν-

340 5746 451 5780 των
511 5731 649 5798 μετᾰ
705 5731 973 5799 τοσαύτης
1044 5733 1378 5803 ὑπερϐολῆς,
1443 5739 1672 5810 ὁπόσης,
1736 5738 1915 5810 οἴμνι,

342 5822 406 5871 τὸ
441 5822 609 5873 νικῶν
634 5820 719 5891 ἦν,
758 5819 869 5875 Ἶιν
902 5827 947 5877 δ’
974 5828 1053 5889 εἰς
1081 5827 1381 5896 τοῦσχατον
1438 5832 1768 5901 ἀφιγμένον.
1808 5837 1916 5887 Καὶ

348 5912 457 5975 πῶς
478 5914 623 5975 εἰκὸς
676 5916 740 5968 ἂι
774 5920 915 5971 εἴποι
947 5936 1027 5981 τις
1076 5920 1164 5973 τὸν
1196 5921 1327 5972 πολὺ
1366 5924 1489 5985 τῡῦξ
1515 5925 1704 5987 ἄλλως
1736 5928 1899 5997 67-35"

2103 5285 2292 5339 Tantis
2318 5296 2451 5337 sane
2483 5281 2669 5350 gloriae
2687 5280 2923 5335 cumulis
2946 5279 3263 5349 praestabat,
3302 5278 3618 5351 gymnasio-

2031 5396 2152 5434 rum
2171 5377 2637 5436 exercitarnentis,
2658 5374 3177 5444 certaminibusque,
3200 5388 3265 5427 ac
3285 5374 3486 5429 studiis
3502 5390 3622 5426 om-

2034 5473 2217 5525 nibus.
2236 5480 2293 5523 ιιι
2313 5484 2489 5537 neque
2508 5480 2647 5535 opus
2667 5466 2887 5520 haberet
2908 5450 3344 5529 comparatione.
3366 5463 3474 5518 Nec
3493 5480 3622 5518 vero

2033 5576 2155 5611 ιιιιιιι
2182 5558 2303 5611 talis
2327 5566 2491 5619 esset,
2522 5554 2829 5623 patiebatur
2854 5555 3150 5610 invidiam:
3173 5569 3284 5609 non
3314 5556 3527 5608 valente
3557 5572 3619 5609 ea

2034 5652 2084 5704 iu
2112 5650 2421 5719 illumqnod
2444 5659 2567 5702 nata
2584 5659 2697 5703 est:
2722 5649 2853 5717 quin
2876 5652 3055 5719 potius
3092 5649 3327 5706 habebat
3373 5649 3617 5701 omnium

2033 5742 2473 5801 :nlmirationcm,
2494 5741 2655 5807 idque
2674 5749 2821 5793 tanta
2839 5739 3243 5809 exsuperantia,
3268 5748 3469 5808 quanta
3491 5746 3619 5806 puto

2028 5835 2250 5886 victoria
2269 5850 2313 5885 et
2329 5843 2402 5885 at.
2422 5832 2491 5884 Ea
2515 5850 2678 5902 porro
2700 5833 2764 5885 ad
2780 5847 3049 5887 sutmnum
3068 5832 3445 5898 evaserat.Qui
3466 5844 3616 5895 vero,

2027 5926 2257 5995 iii-ptius,
2290 5942 2414 5980 γι·ιό
2438 5944 2735 5981 consonum
2762 5925 2849 5991 sit,
2883 5937 2939 5979 ιιι
2977 5926 3168 5995 grandi
3213 5925 3346 5980 adeo
3383 5938 3614 5980 excessu
