4060 6678
383 404 479 472 ιιι

1567 409 1963 471 MANUELIS
2003 407 2449 469 PALEOLOGI

3515 402 3621 470 192

371 533 659 589 superans,
685 534 715 575 a
740 518 888 575 nullo
904 533 1130 588 prorsus
1161 519 1439 576 iniridiam
1461 526 1771 592 pateretur?
1799 540 1959 581 secus

2081 525 2336 581 ελάσαντα
2366 531 2442 593 μὴ
2482 524 2616 590 παρ’
2658 520 2974 575 οὑτινοσοῦν
3014 520 3124 576 τῶν
3157 523 3414 578 ἁπάντων
3471 523 3635 589 δέξα-

370 610 529 679 plane
547 620 921 679 comparatum
937 609 1202 666 dicemus.
1226 609 1328 676 Qui
1354 611 1500 667 enim
1519 628 1687 683 supra
1725 617 1948 670 modum

372 710 618 772 superat,
653 703 788 757 nihil
816 703 1031 759 invidia:
1058 704 1331 759 obnoxius
1353 706 1446 760 sit.
1497 708 1630 772 Quae
1670 710 1813 761 enim
1865 724 1952 763 res

375 795 602 849 multam
637 795 801 851 habet
827 796 1280 859 admirationem,
1311 797 1483 852 multo
1507 814 1726 867 quoque
1774 802 1950 857 amori

371 903 492 943 esse
523 902 747 943 necesse
781 900 887 943 est.
906 888 1064 955 Quod
1092 900 1277 944 autem
1305 902 1386 944 est
1412 892 1571 945 valde
1602 893 1858 958 charum,
1883 909 1949 948 ac

373 980 547 1035 amori
569 981 822 1048 habetur,
842 999 947 1052 qua
966 984 1073 1039 sibi
1096 986 1309 1039 ratione
1332 1001 1432 1054 pro
1452 987 1752 1042 accedente
1783 989 1952 1058 glcria

382 1074 644 1128 invidiam
677 1074 1423 1143 conﬂaverit?Quamobrem
1478 1080 1684 1134 invidia
1731 1082 1955 1145 aberat,

377 1173 435 1215 nt
457 1163 582 1232 quis
610 1164 791 1220 victus
818 1175 1002 1230 esset;
1036 1167 1227 1221 aderat
1258 1182 1388 1221 vero
1421 1170 1626 1224 amoris
1682 1172 1953 1231 accessio.

376 1270 541 1323 quam
566 1254 687 1325 ejus
728 1272 928 1311 novum
948 1259 1220 1314 accedens
1242 1259 1535 1316 admiratio
1568 1262 1958 1323 faceret;uni-

376 1348 636 1417 versique
660 1348 777 1417 eius
806 1349 1121 1413 gaudebant
1145 1351 1422 1410 victoriis.

449 1436 586 1492 Cum
622 1447 749 1492 natu
777 1438 1041 1495 minimus
1097 1443 1323 1497 fratrum
1375 1452 1541 1508 esset,
1599 1444 1733 1499 nulli
1778 1453 1959 1499 tamen

379 1530 568 1596 cessit,
590 1539 649 1586 ut
673 1546 735 1586 ea
763 1542 998 1600 spectes,
1044 1534 1246 1603 quibus
1289 1536 1416 1605 quis
1472 1536 1816 1593 admirabilis
1866 1538 1961 1592 sit.

378 1606 515 1676 Nam
538 1632 657 1676 erat
681 1623 940 1691 prudens,
964 1620 1185 1692 justus,
1236 1625 1395 1681 fortis
1424 1642 1526 1691 ;ae
1552 1630 1631 1682 vel
1652 1629 1705 1682 in
1733 1630 1820 1696 iis,
1841 1644 1965 1697 quas

384 1713 623 1768 maxime
648 1716 906 1770 terrendo
940 1716 1258 1784 videantur,
1285 1719 1471 1774 inﬂexi
1523 1722 1764 1790 pectoris
1802 1739 1816 1775 :
1852 1722 1966 1791 ple.

381 1819 585 1874 rasque
600 1806 909 1876 voluptates
926 1807 1050 1877 (nec
1079 1809 1227 1864 enim
1244 1826 1420 1881 usque
1442 1812 1580 1866 adeo
1606 1820 1724 1868 erat
1747 1813 1967 1867 homine

2055 618 2180 671 σθαι
2238 617 2469 687 φθόνον;
2501 614 2828 669 Τούναντίον
2887 616 2985 685 μὲν
3012 614 3125 681 οὐν,
3177 616 3205 668 δ
3243 616 3355 687 γὰρ
3390 615 3634 687 ὑπερϐε-

2054 709 2241 780 ϐηκὼς
2263 709 2464 779 κομιδῆ
2509 707 2691 777 φθόνῳ
2722 706 2821 777 οὐχ
2875 707 3197 762 ὑποπίπτει.
3231 706 3307 760 Τὸ
3335 707 3444 778 γὰρ
3493 708 3637 761 πολὺ

2055 800 2476 871 θαυμαζόμενον
2511 799 2650 854 πολῦ
2712 800 2989 869 φιλεῖσθαι
3043 800 3164 854 δέον
3216 801 3365 854 ἐστί·
3427 802 3527 854 καὶ
3567 802 3633 855 τδ

2056 895 2262 965 σφόδρα
2316 893 2546 963 φιλητὸν
2592 892 2712 955 πῶς
2778 892 2845 946 ἂν
2897 892 3226 962 εὐδοκιμοῦν
3291 892 3635 963 φθονηθείη;

2058 988 2214 1042 Ὠσθ’
2264 985 2516 1056 ὀφθόνος
2546 986 2651 1056 μὲν
2702 986 2875 1053 ἀπῆν,
2921 985 3085 1039 ὁπότε
3132 986 3202 1053 γε
3255 1002 3341 1048 τις
3373 983 3634 1055 ἡττιῖιτοο

2058 1079 2271 1150 προσῆν
2307 1078 2366 1132 δὲ
2397 1077 2628 1147 φίλτρου
2654 1077 2970 1146 προσθήκη.
2990 1074 3070 1147 τῷ
3099 1075 3232 1145 περὶ
3254 1075 3470 1128 ἐπεῖνον
3491 1091 3635 1142 συμ-

2058 1172 2325 1225 ϐαίνουσα
2356 1168 2600 1240 θαύματι
2620 1210 2636 1231 ,
2670 1169 2766 1224 καὶ
2792 1170 2905 1231 τοῖς
2943 1168 3156 1222 ἐκείνου
3187 1166 3637 1239 πλεονεκτήμασι

2062 1265 2263 1326 πάντες
2293 1262 2538 1333 ἔχαιρον.

2141 1442 2236 1492 ’Ὧν
2265 1439 2322 1493 δὲ
2357 1438 2436 1509 τῷ
2459 1439 2642 1511 χρόνῳ
2691 1437 2925 1503 ὕστατος
2962 1440 3071 1492 τῶν
3105 1437 3369 1507 ἀδελφῶν,
3421 1438 3650 1500 οὐδενος

2060 1528 2130 1604 ἦν
2168 1533 2419 1602 ὕστερος,
2466 1534 2557 1602 ἐφ’
2586 1524 2670 1597 οῖς
2718 1550 2804 1596 τις
2828 1532 2895 1587 ἂν
2938 1534 3149 1602 φιλοῖτο
3202 1530 3651 1601 θαυμαζόμενος.

2061 1625 2348 1693 Νουνεχής
2372 1641 2432 1677 τε
2465 1623 2579 1695 γὰρ
2604 1618 2695 1695 ἦν,
2722 1623 2958 1689 δίκαιος,
2989 1624 3258 1693 ἀνδρεῖος,
3288 1622 3515 1691 ἀκλινὴς
3550 1622 3655 1676 καὶ

2067 1718 2180 1778 τοῖς
2211 1716 2448 1784 μάλιστα
2489 1716 2772 1787 φοϐεροῖς,
2804 1715 2915 1770 τῶν
2967 1715 3234 1770 πλειόνων
3292 1713 3524 1785 ἡδονῶν,
3584 1714 3653 1766 οὐ

2066 1809 2175 1879 γὰρ
2211 1809 2352 1878 ὑπὲρ
2381 1809 2672 1879 ἄνθρωπον
2715 1805 2806 1879 ἦν,
2856 1810 2933 1870 ὡς
2975 1810 3065 1862 ἀεὶ
3112 1809 3338 1879 κρατεῖν
3388 1806 3656 1869 ἁπασῶν,

385 1899 580 1968 major,
613 1907 673 1953 ut
702 1900 949 1954 omnium
1001 1916 1215 1970 semper
1233 1912 1378 1958 esset
1420 1903 1677 1960 dominus
1702 1905 1721 1975 )
1744 1907 1966 1959 omnino

2081 1900 2359 1970 inspopd'w
2397 1901 2719 1955 παντάπασι
2738 1916 2753 1932 ο
2795 1901 2935 1972 πρὸς
2959 1900 3018 1955 δὲ
3045 1900 3144 1963 τὰς
3172 1899 3459 1967 ἐγκρατῶς
3484 1899 3655 1967 ἔχων,

383 2005 647 2057 spernens
676 2008 692 2058 ;
720 1994 865 2062 quod
892 1997 1187 2062 spectatad
1216 1996 1373 2061 alias,
1400 2012 1462 2053 se
1489 1997 1606 2066 ipse
1628 2000 1918 2054 continens
1944 2017 1958 2065 ;

388 2082 529 2136 haud
546 2098 605 2138 se
623 2083 828 2142 dedens
846 2085 1106 2155 pigritiae;
1137 2088 1279 2143 idem
1298 2090 1414 2159 ipse
1437 2093 1751 2146 moderatus
1768 2107 1837 2146 ac
1857 2108 1969 2144 ma-

385 2170 813 2244 gniﬁcusmibil
843 2179 1127 2245 molestus,
1167 2190 1263 2237 aut
1317 2182 1612 2254 quidquam
1646 2183 1963 2241 intolerabi-

390 2268 481 2331 lis,
512 2269 593 2324 vel
630 2270 763 2339 ipsis
778 2274 1178 2341 quoqueservis
1212 2275 1477 2346 emptitiis
1504 2295 1517 2331 :
1543 2278 1746 2347 gravis,
1797 2280 1969 2333 mitis-

386 2365 843 2428 que;oacnnomia
863 2376 1151 2434 prtestans,
1179 2383 1245 2423 ac
1296 2370 1664 2438 magnanimis
1695 2387 1711 2434 ;
1755 2380 1816 2424 ut
1857 2371 1967 2425 ali-

388 2455 607 2522 quando
623 2455 913 2513 defieiente
939 2458 1156 2514 fortuna
1186 2460 1253 2515 ad
1272 2459 1508 2515 Romani
1536 2462 1748 2531 imperii
1777 2464 1971 2518 hostes

388 2548 495 2616 (sic
521 2550 665 2602 enim
703 2550 793 2604 illa
824 2552 1296 2625 solemuehabet),
1358 2555 1500 2609 idem
1546 2556 1661 2624 ipse
1717 2557 1974 2609 immotus

388 2644 1008 2711 permanseritmadem
1061 2647 1127 2698 ad
1187 2647 1367 2715 ipsum
1423 2649 1689 2704 redeunte
1746 2648 1973 2718 (gaudet

389 2731 534 2787 enim
555 2748 774 2805 semper
806 2738 1245 2809 mu'ationibus)
1283 2759 1297 2806 ;
1329 2741 1464 2795 nihil
1499 2741 1624 2795 inde
1655 2742 1825 2793 altum
1884 2756 1976 2793 sa-

392 2828 591 2893 puerit.
610 2828 788 2897 Atque
816 2845 939 2884 cum
975 2832 1195 2898 quidem
1213 2835 1386 2887 vietor
1409 2845 1576 2899 esset,
1601 2834 1815 2889 alienus
1845 2845 1965 2890 erat

388 2936 421 2973 ιι
466 2917 632 2983 fastu,
658 2923 749 2990 qui
770 2925 1255 2981 humnnam'viiam
1283 2927 1547 2998 Euripum
1571 2929 1738 2984 sciret
1766 2929 1978 2994 ;victus

392 3024 547 3075 vero,
578 3012 714 3065 nihil
740 3015 977 3079 graviori
1007 3017 1164 3070 ruina
1191 3018 1540 3073 iabascehat:
1572 3034 1635 3074 ac
1657 3020 1703 3074 si
1734 3021 1838 3084 vis,
1861 3033 1981 3077 erat

397 3101 661 3169 invictus,
692 3104 778 3158 cui
811 3105 959 3160 nullo
986 3107 1148 3161 modo
1173 3109 1389 3164 animus
1412 3111 1767 3166 adversorum
1795 3113 1982 3169 incur-

396 3197 553 3250 sione
587 3198 915 3255 consideret.
968 3199 1135 3255 Forro
1176 3202 1370 3258 amicis
1422 3204 1469 3259 si
1510 3206 1729 3276 quando
1757 3207 1982 3263 mutatis

2071 1991 2316 2062 ῥαθυμίᾳ
2349 2009 2409 2045 τε
2464 1993 2630 2046 αὐτὸν
2656 1993 2758 2046 οὐκ
2791 1991 3129 2056 ἐκδεδωκὼς,
3161 1993 3189 2044 ὁ
3220 1990 3384 2053 αὐτὸς
3423 1991 3660 2060 μέτριός

2068 2100 2128 2136 τε
2188 2085 2282 2137 καὶ
2345 2085 2816 2156 μεγαλοπρεπής·
2870 2086 3188 2155 ἀνεπαχθὴς
3242 2084 3335 2137 καὶ
3377 2084 3663 2154 μηδαμῶς

2070 2176 2370 2245 ἀφόρητος,
2404 2177 2502 2230 καὶ
2523 2178 2707 2241 αὐτοῖς
2743 2180 2857 2241 τοῖς
2891 2178 3119 2247 ὠνητοῖς
3166 2175 3416 2239 δούλοις·
3450 2176 3660 2245 ἐμϐριο

2073 2263 2174 2332 θὴς
2206 2265 2297 2324 καὶ
2329 2264 2494 2336 ἤπιος
2521 2282 2537 2296 ·
2572 2265 2925 2334 οἰκονομικός
2970 2282 3032 2320 τε
3084 2265 3179 2319 καὶ⁴
3226 2263 3613 2334 μεγαλόψυχος
3640 2281 3659 2296 ο

2072 2356 2147 2418 ὡς
2181 2358 2278 2409 καὶ
2302 2358 2400 2424 τῆς
2433 2356 2649 2428 ἀγαθῆς
2675 2375 2804 2415 ποτε
2826 2357 3001 2428 τύχης
3029 2357 3487 2427 αὐτομολησάσης
3513 2355 3661 2424 πρὸς

2074 2448 2199 2510 τοὺς
2235 2450 2368 2516 ἡμῖν
2399 2450 2679 2513 ἐναντίους
2725 2450 2909 2518 (τοῦτο
2938 2449 3003 2520 δὴ
3050 2450 3110 2502 τὸ
3139 2449 3324 2520 ἐκείνῃ
3359 2448 3617 2517 σύνηθες)
3641 2487 3659 2507 ι

2075 2537 2230 2603 οὗτος
2259 2540 2418 2603 αὐτὸς
2445 2543 2716 2607 ἄτρεπτος
2732 2532 2840 2613 ’ἦν
2874 2541 3025 2611 αὐτῷ
3054 2541 3098 2594 δ’
3125 2540 3195 2595 αὖ
3239 2540 3663 2605 ἐπανελθούσης

2077 2631 2280 2699 (χαίρει
2335 2634 2445 2703 γὰρ
2488 2635 2578 2687 ἀεὶ
2627 2636 2747 2698 ταῖς
2800 2633 3145 2703 μεταϐολαῖς)
3197 2632 3452 2701 οὐδαμῶς
3504 2635 3661 2701 μέγα

2078 2725 2314 2796 φρονῶν.
2356 2726 2466 2779 Καὶ
2497 2728 2554 2780 ὲν
2615 2727 2716 2794 μὲν
2765 2728 2942 2791 νίκαις
2994 2728 3220 2795 ἄτυφος,
3281 2724 3507 2795 εὔριπον
3561 2724 3660 2775 τὸν
3732 2750 3737 2759 ~

2081 2817 2195 2887 βίον
2226 2819 2623 2887 ὶπιστάμενος,
2689 2820 2884 2873 καὶτὸ
2937 2818 3134 2887 μέλλον
3197 2817 3417 2881 δεδιώς*
3489 2819 3546 2868 ἐν
3592 2815 3659 2869 δὲ

2080 2914 2277 2984 ἥτταις
2306 2915 2725 2980 ἀκατάπτωτος,
2762 2916 2811 2969 εί
2857 2914 2912 2969 δὲ
2947 2914 3154 2985 βούλει,
3212 2916 3310 2968 καὶ
3358 2916 3658 2985 ἀήττητος.

2081 3007 2157 3069 ὡς
2188 3007 2286 3075 τῆς
2306 3005 2485 3076 ψυχῆς
2510 3001 2567 3059 οἵ
2588 3007 2858 3077 μηδαμῶς
2907 3007 3398 3083 ὑποπεπτωκυιας.
3427 3005 3551 3069 Τοῖς
3594 3005 3664 3058 δὲ

2083 3098 2193 3151 τῶν
2234 3100 2407 3169 φίλων
2433 3098 2771 3168 εὐδαίμοσιν,
2820 3100 2869 3152 εἰ
2924 3098 3241 3169 δυστυχίαις
3305 3099 3505 3150 ἐκεῖνοι
3557 3114 3667 3150 πε-

2085 3193 2399 3261 πείρανται,
2425 3190 2611 3260 τηρῶν
2640 3190 2741 3262 τὴν
2779 3190 3009 3260 γνώμην
3041 3191 3339 3255 διετέλεσε,
3372 3190 3462 3241 τὸν
3491 3189 3664 3241 αὐτὸν

398 3290 565 3344 rebus
597 3292 857 3360 iniquiori
884 3291 1103 3347 fortuna
1133 3303 1438 3362 uterentur,
1479 3297 1769 3366 pristinam
1815 3299 1978 3354 bene-

2085 3283 2143 3337 ὲν
2172 3283 2382 3338 ἅπασιν
2419 3282 2877 3354 ἐπιδεικνύμενος
2906 3282 3132 3353 τρόπον,
3164 3283 3277 3335 τῶν
3310 3283 3670 3351 πραγμάτων

396 3382 693 3437 volentiam
731 3383 998 3454 integram
1020 3385 1258 3451 volebat,
1279 3388 1501 3442 eosdem
1516 3391 1745 3446 omnino
1768 3406 1976 3459 mores,

400 3488 735 3544 quacunque
773 3492 956 3530 rerum
975 3478 1355 3535 vicissitudine
1370 3481 1688 3537 ostendens.
1706 3480 1818 3540 Nec
1838 3486 1982 3540 enim

400 3564 635 3622 Proteus
669 3567 795 3636 quis
832 3579 972 3634 erat,
1009 3579 1066 3623 ut
1094 3585 1191 3638 pro
1230 3581 1532 3642 temporum
1560 3576 1711 3630 varia
1774 3577 1987 3634 ratione

403 3660 762 3716 mutationem
811 3663 1037 3718 subiret.
1073 3664 1310 3719 Noverat
1353 3676 1657 3739 temperare
1718 3671 1985 3736 remedia,

402 3768 466 3808 ac
482 3755 755 3809 contraria
775 3756 1069 3812 contrariis
1088 3758 1403 3815 emendare.
1424 3759 1659 3816 Noverat
1682 3762 1814 3817 nihil
1830 3763 1882 3817 in
1902 3778 1986 3817 re-

403 3847 507 3901 bus
534 3845 791 3904 immanis
830 3846 1046 3903 ﬁrmum
1073 3850 1405 3919 consistere,
1461 3867 1527 3908 ac
1583 3854 1864 3909 fortunam
1907 3855 1986 3909 vi-

412 3937 825 3994 :issitudinibus
844 3942 1086 4010 gaudere
1112 3959 1126 3996 :
1152 3956 1317 4013 atque
1356 3946 1517 4013 adeo,
1539 3944 1986 4016 cum‘tranquillo

404 4026 543 4079 mari
573 4027 880 4098 navigaret,
911 4020 1184 4090 immanes
1229 4036 1586 4105 exspectabat
1645 4034 1871 4100 ﬂuctus,
1920 4049 1987 4091 ac

403 4118 681 4183 cogitabat
706 4131 1110 4192 tempestatem,
1153 4142 1324 4196 seque
1344 4128 1460 4198 ipse
1502 4129 1569 4183 ad
1618 4129 1985 4183 turbationem

404 4222 744 4279 praeparans.
776 4228 902 4268 cum
931 4215 1021 4270 illa
1045 4214 1362 4283 invasisset,
1385 4218 1818 4287 imperturbatus
1839 4225 1985 4273 erat.

402 4297 540 4355 Nam
568 4300 622 4355 in
656 4304 1096 4375 mediisquoque
1119 4309 1528 4362 adversantium
1552 4318 1839 4363 ventorum
1864 4318 1989 4362 tur-

404 4392 651 4460 binibus,
679 4409 744 4449 ac
763 4395 1050 4452 minitante
1071 4398 1335 4466 procella,
1362 4408 1421 4454 ut
1438 4400 1846 4469 quamprimum
1865 4414 1985 4454 om-

413 4485 547 4539 nino
571 4487 907 4555 praevaleret,
927 4488 1064 4543 nihil
1092 4498 1271 4545 tamen
1304 4490 1395 4546 ille
1418 4488 1661 4547 ani'mum
1679 4492 1989 4561 desponde-

406 4577 531 4644 bat;
560 4579 688 4647 quin
716 4579 943 4635 multam
974 4584 1422 4653 tranquillitatem
1452 4587 1742 4656 sperabat.
1776 4586 1987 4652 Quam-
2021 4613 2064 4667 υ

410 4668 598 4720 ohrem
654 4668 864 4723 ferebat
919 4671 1125 4733 omnia.
1192 4685 1251 4728 ut
1303 4675 1436 4728 nihil
1484 4675 1781 4741 abiectum,
1849 4672 1988 4728 nihil

411 4756 700 4828 degeneris
722 4762 891 4816 animi
928 4765 1061 4818 vitio
1079 4744 1479 4831 committeret;
1493 4769 1571 4820 vel
1600 4769 1885 4836 cogitaret,
1908 4767 1990 4821 vel

412 4850 638 4904 diceret.
673 4850 838 4908 Nullo
862 4871 1043 4910 rerum
1085 4866 1227 4911 statu
1285 4859 1639 4927 supercilium
1683 4857 1988 4923 attollebat,

414 4959 478 4999 ac
506 4961 603 4999 nec
633 4948 857 5003 verbum
884 4950 1162 5020 iactantiae
1185 4952 1411 5016 protulit
1439 4969 1454 5019 ;
1493 4960 1664 5021 utque
1697 4953 1836 5006 alius
1868 4956 1993 5020 quis

415 5034 641 5088 meliora
673 5035 740 5090 de
765 5038 855 5092 illo
886 5039 1114 5104 diceret,
1165 5040 1531 5096 erubescebat
1577 5044 1788 5103 statim,
1838 5054 1989 5097 actu-

415 5134 642 5197 tumque
682 5146 993 5189 sermonem
1027 5137 1093 5190 ad
1117 5137 1224 5191 alia
1283 5138 1548 5192 vertebat.
1604 5136 1840 5192 Noverat
1880 5149 1991 5193 tota

414 5219 734 5277 sinceritate
763 5241 982 5281 servare
1012 5228 1357 5306 dignitatem,
1384 5230 1732 5300 illaesumque
1765 5232 1993 5285 omnino

414 5315 560 5368 tueri
595 5317 845 5373 ordinem
881 5336 896 5386 ;
924 5320 1059 5375 nihil
1095 5323 1528 5393 praecipitantius
1561 5339 1743 5395 agere,
1775 5325 1994 5393 quodve

415 5418 800 5477 comparatum
832 5420 979 5465 esset
1029 5412 1333 5466 molestiam
1387 5428 1618 5479 creare;
1651 5423 1878 5481 excepto
1937 5419 1996 5464 ut

416 5502 553 5561 utile
580 5518 740 5558 secus
787 5504 1065 5567 suaderet,
1092 5504 1236 5572 quod
1264 5506 1367 5560 sibi
1400 5521 1615 5573 semper
1644 5507 1790 5560 dulci
1840 5516 1994 5559 ante-

418 5599 735 5669 ponendum
789 5598 944 5652 duxit
976 5600 1150 5667 :quiu
1193 5597 1368 5667 magis
1400 5608 1614 5667 gratum
1653 5613 1711 5652 se
1740 5598 1995 5651 oniuibus

421 5695 698 5753 at'Jtitlilm
732 5691 962 5746 miscere
992 5706 1008 5753 ς
1038 5698 1267 5759 excepto
1300 5702 1359 5743 ut
1380 5692 1542 5758 lupus
1565 5690 1762 5758 aliquis
1782 5691 1834 5743 in
1862 5704 1994 5745 oves

620 5800 639 5825 2.
698 5781 814 5845 nius
846 5781 1319 5837 studioarcendus
1341 5792 1485 5835 esset
1520 5798 1533 5833 :
1569 5782 1759 5834 tardus
1790 5782 1853 5833 ad
1880 5780 1994 5835 vin-

762 5889 1149 5942 r.oun':nquan:
1179 5888 1399 5941 prorsus
1425 5874 1701 5935 omitti-us,
1731 5890 1848 5926 cum
1886 5892 1993 5925 ma-

2088 3372 2390 3444 ἀνωμάλως
2434 3374 2777 3444 φερομένων.
2811 3375 2946 3427 Οὐδὲ
2992 3374 3100 3443 γὰρ
3148 3371 3217 3445 ἦν
3260 3391 3345 3437 τις
3397 3375 3666 3444 Πρωτεὺς
3713 3395 3725 3401 ·

2084 3463 2314 3528 ἐκεῖνος,
2351 3467 2474 3527 ταῖς
2502 3464 2839 3534 μεταϐολαῖς
2872 3464 2984 3519 τῶν
3015 3464 3228 3534 καιρῶν
3262 3462 3671 3534 συμμεταϐάλ-

2084 3557 2194 3611 λων
2222 3557 2409 3611 αὐτόν.
2450 3556 2605 3629 ’ῌδει
2628 3558 2959 3627 κεραννύναι
2983 3558 3051 3611 τὰ
3081 3559 3378 3628 φάρμακα,
3436 3558 3531 3610 καὶ
3562 3559 3669 3609 τά-

2085 3650 2283 3703 ναντία
2316 3648 2671 3719 διορθοῦσθαι
2720 3652 2834 3714 τοῖς
2885 3650 3173 3713 ἐναντίοις.
3207 3650 3359 3722 ᾟδει
3395 3649 3563 3718 μηδὲν
3600 3647 3689 3700 ὃν.

2088 3739 2304 3811 βέϐαιον
2332 3741 2444 3793 τῶν
2475 3740 2840 3810 ἀνθρωπίνων
2882 3744 3251 3811 πραγμάτων,
3306 3742 3405 3794 καὶ
3437 3741 3536 3810 τὴν
3562 3741 3669 3794 τύ-

2085 3850 2190 3902 χην
2246 3831 2553 3903 χαίρουσαν
2608 3835 2730 3897 ταῖς
2762 3833 3099 3903 μεταϐολαῖς
3126 3849 3142 3865 ’
3198 3833 3294 3887 καὶ
3326 3833 3416 3887 διὰ
3463 3832 3668 3899 ταῦτα,

2087 3924 2363 3991 εὐπλοῶν,
2412 3922 2724 3997 προσεδόκα
2758 3925 2863 3995 μὲν
2898 3927 3202 3998 τρικυμίαν
3225 3942 3240 3957 ’
3294 3927 3572 3995 ἐλογίζετο
3606 3929 3671 3984 δὲ

2088 4018 2284 4089 ζάλην,
2313 4020 2412 4074 καὶ
2465 4020 2606 4092 πρὸς
2636 4020 2884 4091 ταραχὴν
2913 4019 3078 4073 αὐτὸν
3124 4020 3455 4089 δτοιμάζων,
3500 4022 3671 4076 ἐπελ-

2088 4112 2291 4180 θούσης
2322 4112 2424 4166 οὐκ
2447 4112 2801 4184 ἐταράττετο,
2849 4110 3012 4166 Ἐπεὶ
3039 4112 3143 4166 κάν
3192 4114 3388 4182 μέσαις
3432 4112 3671 4184 δυσηνεο

2093 4203 2269 4274 μίαις,
2294 4203 2676 4259 ἀπειλούντων
2707 4203 2817 4258 τῶν
2861 4204 3128 4273 κυμάτων
3160 4203 3533 4276 ύπερσχήσειν
3568 4207 3673 4259 αὐ-

2088 4293 2217 4347 τίκα
2247 4295 2414 4365 μάλα,
2447 4287 2605 4358 οὗτος
2630 4294 2732 4349 οὐκ
2755 4292 3131 4364 είιπηγόρεῑιεν⁸
3160 4294 3279 4348 ἀλλ’
3303 4291 3374 4365 ἦν
3424 4296 3667 4360 ἐλπίζων

2092 4387 2298 4458 συχνὴν
2357 4388 2624 4458 γαλήνην.
2701 4387 2867 4442 Ὅθεν
2929 4389 3109 4443 πάντα
3166 4387 3267 4458 μὲν
3323 4388 3539 4461 ἔφερεν,
3599 4392 3667 4444 οὐ

2090 4478 2285 4544 ποιῶν,
2318 4478 2382 4533 οὐ
2429 4479 2803 4548 λογιζόμενος,
2865 4480 2927 4534 οὐ
2961 4479 3138 4548 λέγων
3185 4482 3447 4534 ταπεινὸν
3487 4481 3667 4548 οὐδὲν,

2090 4569 2213 4624 οὐδὲ
2275 4571 2523 4639 ἀγεννές.
2590 4570 2684 4625 Ἐν
2743 4572 2922 4627 οὐδενὶ
2945 4572 3002 4626 δὲ
3032 4572 3132 4641 τὴν
3160 4573 3331 4644 ὀφρὺν
3353 4568 3511 4645 ἦρεν.
3541 4575 3670 4629 οὐδὲ

2094 4681 2146 4715 τι
2170 4664 2323 4734 ῥῆμα
2352 4664 2572 4733 κόμπου
2596 4666 2940 4737 προήνεγκεν
2958 4681 2973 4699 ·
2994 4665 3111 4720 ἀλλ’
3137 4667 3186 4720 εί
3208 4665 3306 4721 καὶ
3330 4667 3489 4730 ἄλλος
3513 4668 3672 4736 ἔλεγε

2095 4756 2224 4825 περὶ
2269 4754 2438 4809 αὐτοῦ
2475 4755 2544 4808 τὰ
2572 4755 2792 4825 βελτίω,
2827 4759 2856 4810 ό
2905 4756 2949 4809 δ’
2979 4756 3225 4829 ἠρυθρία
3255 4774 3316 4812 τε
3362 4758 3547 4821 εὐθὺς,
3578 4760 3673 4811 καὶ

2099 4845 2428 4915 μετέϐαλλεν
2463 4846 2719 4915 ἐπίτηδες
2744 4846 2839 4900 τὸν
2890 4848 3053 4916 λόγον
3101 4849 3187 4917 ἐφ’
3234 4848 3418 4920 ἔτερα.
3471 4851 3673 4920 Ἰἠρείν

2099 4936 2198 5004 μὲν
2234 4935 2391 5005 ἐγνω“
2417 4937 2478 4989 τὸ
2514 4937 2701 5007 σχῆμα
2762 4935 2908 5007 μάλα
2962 4940 3228 5009 γνησίως
3267 4938 3562 5008 φυλάττειν
3612 4942 3672 4994 δὲ

2096 5029 2195 5097 τὴν
2224 5029 2379 5093 τάξιν
2407 5028 2716 5100 ἄθραυστον
2744 5030 2905 5095 ὄλωςο
2946 5031 3116 5102 μηδὲν
3169 5032 3449 5102 προπετὲς
3492 5033 3675 5101 πράτ-

2095 5135 2230 5184 τειν,
2261 5121 2429 5192 μηδὲν
2458 5121 2568 5175 τῶν
2601 5124 2760 5195 ἀνιᾷν
2782 5123 3135 5193 πεφυκότων,
3162 5124 3212 5176 εί
3245 5123 3325 5194 μὴ
3358 5124 3497 5194 πρὸς
3527 5139 3674 5193 συμ-

2098 5210 2265 5280 φέρον
2319 5211 2592 5283 ὑπῆρχενο
2641 5211 2672 5265 ὅ
2724 5227 2789 5279 γε
2837 5211 2949 5264 τῶν
3006 5210 3178 5282 ἡδέων
3207 5211 3295 5264 ἀεὶ
3350 5208 3671 5280 προύτίθειῄ

2099 5300 2239 5355 άλλά
2266 5303 2523 5372 μιγνύναι
2554 5302 2721 5356 πᾶσιν
2753 5301 2916 5357 αὐτὸν
2966 5302 3199 5370 ἄλυπον,
3256 5302 3306 5354 εἰ
3341 5302 3416 5372 μή
3444 5318 3526 5364 τις
3578 5300 3674 5353 ὐπ’

2098 5396 2315 5451 ἐκείνου
2376 5396 2639 5467 ποιμένος
2693 5395 3046 5463 ἀπεσοϐεῖτο,
3078 5393 3245 5458 λύκος
3294 5396 3389 5447 ἐπὶ
3437 5394 3677 5466 ποίμνην

2101 5490 2399 5559 ἁλλόμενος
2423 5505 2438 5521 ’
2470 5491 2631 5559 δίκην
2671 5489 2770 5561 μὲν
2803 5488 3051 5562 βραδέως
3076 5489 3403 5568 λαμϐάνειν,
3437 5490 3533 5541 καί
3566 5509 3675 5544 που

2102 5582 2198 5636 καὶ
2219 5582 2610 5653 παραδραμεῖν
2640 5580 2798 5649 δόξαν
2826 5581 3075 5652 ἄμεινον.
3103 5584 3215 5638 Καὶ
3265 5581 3375 5653 γὰρ
3398 5577 3466 5653 ἦν
3504 5582 3678 5649 δήπου

2100 5678 2238 5748 πρὸς
2261 5677 2331 5731 τὰ
2355 5677 2583 5732 τοιαῦτα
2614 5678 2824 5749 νωθρός
2843 5695 2928 5739 τις
2953 5677 3094 5747 ἄγαν
3118 5694 3133 5709 ο
3168 5677 3305 5746 πρὸς
3330 5676 3390 5729 δὲ
3436 5674 3507 5728 τὰ
3541 5676 3680 5746 βρα-

2101 5772 2226 5824 ϐεῖα
2261 5772 2543 5840 παρέχειν,
2565 5769 2661 5823 καὶ
2685 5770 2825 5839 πρὸς
2855 5771 3064 5832 πάντας
3100 5767 3510 5839 ἐλευθεριότητι
3539 5767 3681 5836 χρῆ-

2108 5865 2167 5917 σθ
2183 5883 2253 5927 1t,
2288 5862 2569 5926 παντελῶς
2618 5863 2940 5924 ἀκάθεκτος,
2979 5860 3187 5924 Νεῖλος,
3212 5861 3473 5937 ἃπαντας
3497 5858 3679 5926 ἄρδων
