4060 6586
367 402 482 466 193

1158 406 1553 469 THEODORI
1601 412 1957 473 DESPO'P.E
1997 414 2389 475 LAUDATlO
2424 415 2829 477 FUNEBRIS.

3533 420 3637 484 liii

361 524 489 586 τοῖς
520 521 654 592 παρ’
675 523 873 576 ἑαυτοῦ
901 523 1164 594 νάμασιν.
1216 528 1377 599 ᾜδει
1409 528 1488 598 τῷ
1523 532 1674 602 μέσῳ
1712 532 1824 584 τῶν
1855 550 1953 587 κα-

2056 516 2139 603 gis
2163 548 2195 587 θ
2228 548 2285 592 re
2313 534 2493 588 visum
2523 543 2665 589 esset
2690 554 2704 600 ;
2725 536 2926 606 quippe
2950 543 3064 589 crat
3087 534 3142 589 in
3175 535 3445 603 ejusmodi
3478 538 3635 595 valde

360 613 487 668 ἰῶν
509 614 696 686 ἄκρως
723 618 1017 683 τυγχάνειν
1035 634 1049 649 ο
1076 618 1178 682 τὰς
1224 619 1281 672 δὲ
1335 622 1648 693 ἀκρότητας
1685 624 1759 693 μὴ
1789 640 1959 693 προσ-

371 703 563 759 ίεσθαι
603 722 620 738 ·
680 707 943 762 ταυταισὶ
974 711 1083 778 γάρ
1134 710 1407 781 δήπουθεν
1457 713 1710 768 κίνδυνον
1761 716 1957 784 μυρίον

2061 627 2584 697 segnis;erogandis
2614 642 2743 681 vero
2765 627 3006 695 praemiis
3041 642 3105 682 ac
3132 628 3468 697 ingenuitate
3500 631 3638 684 inei-

2063 718 2227 770 tatior
2249 727 2389 782 erat,
2408 733 2508 773 nec
2526 718 2753 772 omnino
2773 718 2945 773 teneri
2966 719 3174 787 valens,
3196 719 3299 774 Nili
3328 721 3500 776 instar
3516 722 3636 777 suis

366 798 784 867 ἀνηρτημένον.
842 799 1066 869 Ἠγάπα
1137 805 1515 876 τετριμμένην
1590 804 1843 875 βαδίζων,
1896 807 1959 862 τὸ

2060 809 2349 865 universos
2403 809 2625 865 ﬂuentis
2651 810 2885 865 tthertim
2905 811 3162 882 irrigans.
3179 810 3400 868 Sciebat
3427 813 3632 877 medio,

366 887 626 955 ἀσφαλὲς
654 888 715 939 ὲν
746 887 925 943 ἀπασι
950 889 1134 960 ζητῶν
1191 894 1474 956 κινδύνους
1526 895 1584 949 δὲ
1616 896 1817 965 ῥᾳδίως
1846 896 1958 949 ἐδέ-

370 995 530 1047 χετο,
555 982 619 1033 οὐ
644 982 885 1035 πάντοτε
934 975 1034 1037 καὶ
1093 986 1307 1051 πάντας
1362 988 1553 1061 ἀτελῶς
1583 1004 1599 1023 ·
1634 992 1789 1044 τουτὶ
1846 994 1956 1060 γὰρ

370 1074 767 1147 παραπλήγων
816 1076 1125 1148 ἀνθρώπων
1159 1080 1229 1134 ἂν
1262 1081 1349 1151 εἴη
1374 1097 1392 1115 ο
1424 1083 1541 1136 ἀλλ’
1586 1084 1677 1137 ὅτι
1728 1082 1955 1147 τούτους

368 1166 479 1220 οὐκ
510 1166 638 1237 ἐξῆν
672 1170 815 1238 μετά
846 1170 945 1223 τοῦ
998 1171 1192 1236 καλοῦ,
1226 1176 1324 1227 καὶ
1356 1173 1453 1228 τοῦ
1481 1175 1811 1246 γιγνομένου
1839 1175 1958 1230 δια·

369 1259 598 1325 φυγεῖν,
651 1259 940 1327 Ἑπιεικής
984 1279 1072 1325 τις
1104 1263 1249 1331 ἄγαν
1299 1260 1406 1334 ﬁt);
1465 1261 1641 1328 Οὗτος
1693 1266 1751 1321 δὲ
1779 1266 1834 1319 τί
1891 1266 1954 1319 οὐ

374 1347 527 1414 μετὰ
550 1348 754 1419 πολλῆς
774 1354 873 1419 τῆς
904 1352 1213 1435 ὑπερσολῆς
1236 1371 1251 1420 ;
1280 1355 1467 1427 Θυμοῦ
1490 1356 1713 1426 κρατῶν
1738 1356 1951 1427 ἓτεροςς

374 1440 493 1492 Καὶ
543 1440 654 1511 μὴν
681 1443 738 1494 δν
762 1442 942 1513 τούτῳ
980 1446 1463 1519 φιλοτιμησόμεθα
1524 1450 1747 1517 μᾶλλον,
1794 1452 1954 1520 εῖπερ

369 1549 463 1592 τις
488 1533 649 1596 ἄλλος
675 1533 1007 1605 ἀνθρώπων.
1062 1537 1284 1593 Γλῶττα
1328 1540 1548 1604 πολλοῖς
1578 1543 1677 1611 μὲν
1728 1543 1955 1612 γέγονεν

371 1622 585 1694 ἀγαθὴ,
611 1624 793 1696 τούτῳ
819 1626 877 1680 δὲ
906 1627 984 1689 ὡς
1010 1628 1272 1697 μάλιστα.
1308 1631 1387 1685 Οὒ
1441 1631 1552 1703 γὰρ
1582 1628 1652 1704 ἦν
1698 1633 1952 1688 ἀπειθεῖν

370 1713 762 1784 φθεγγομένῳ.
818 1715 1057 1790 Ἠμέρου
1102 1721 1199 1774 καὶ
1255 1720 1334 1791 τῷ
1387 1723 1706 1793 μειδιάματι
1751 1723 1951 1788 ἀδίκως

2057 912 2302 959 extreme
2334 917 2399 957 ac
2430 918 2647 958 summe
2678 903 2899 974 assequi
2948 904 3087 958 bona
3114 920 3129 965 ;
3154 918 3256 960 nec
3309 912 3491 959 tamen
3540 907 3636 960 ad-

2057 997 2592 1060 mittebatextrema,
2620 974 2822 1065 quibus
2843 997 3134 1053 innumera
3155 999 3401 1068 pericula
3428 1000 3635 1056 haerere

2058 1088 2243 1143 sciret.
2277 1087 2498 1142 Lubens
2532 1088 2829 1145 incedebat
2858 1090 3045 1144 tritam
3068 1091 3239 1154 viam,
3273 1105 3527 1161 quaerens
3573 1094 3634 1149 in

2056 1178 2312 1233 omnibus
2342 1179 2487 1247 quod
2511 1186 2689 1234 totum
2727 1187 2913 1235 esset:
2942 1180 3184 1250 pericula
3235 1187 3417 1235 tamen
3460 1181 3637 1239 facilis

2056 1270 2283 1337 adibat;
2312 1278 2368 1324 at
2399 1285 2507 1325 non
2548 1285 2787 1341 semper,
2844 1286 2947 1326 nec
3005 1273 3328 1341 simpliciter
3380 1274 3567 1330 omnia
3615 1291 3631 1327 :

2055 1363 2255 1434 quippe
2270 1379 2391 1432 quae
2415 1379 2503 1419 res
2522 1365 2840 1419 temerarios
2855 1378 2919 1419 ae
2934 1365 3172 1421 audaces
3196 1367 3383 1421 deceat
3399 1383 3413 1420 :
3427 1368 3520 1424 sed
3545 1368 3637 1423 ubi

2056 1471 2180 1512 cum
2219 1456 2446 1520 decoro,
2471 1471 2536 1511 ac
2564 1468 2663 1524 per
2692 1458 3042 1512 occasionem
3077 1459 3252 1515 vitare
3279 1474 3389 1514 non
3422 1461 3632 1516 liceret.

2053 1547 2311 1605 Ullumne
2340 1548 2500 1603 valde
2516 1551 2825 1605 modestum
2847 1549 3043 1604 dicas?
3066 1548 3164 1605 Hic
3187 1564 3319 1606 vero
3342 1551 3473 1621 quid
3525 1566 3632 1606 non

2055 1642 2229 1697 multo
2263 1657 2496 1697 excessu
2530 1658 2592 1696 ea
2620 1650 2778 1713 parte
2801 1643 2995 1697 habuit
3024 1643 3048 1697 ῖ
3074 1644 3331 1698 Aliumne
3366 1645 3461 1699 irae
3477 1657 3633 1699 com-

2057 1733 2275 1803 potem?
2306 1735 2361 1787 lu
2375 1748 2444 1789 eo
2464 1733 2702 1788 maxime
2722 1749 2886 1803 supra
2911 1735 3139 1804 quosvis
3155 1734 3412 1789 mortales
3433 1747 3633 1804 possu-

376 1807 761 1877 ἀγριαίνοντα.
790 1810 875 1882 Τῇ
902 1811 960 1864 δὲ
992 1814 1091 1882 τῆς
1121 1812 1367 1884 γλώττης
1389 1815 1619 1886 δυνάμει
1668 1817 1953 1888 χρησάμε-

2059 1838 2181 1877 mus
2214 1822 2458 1891 gloriari.
2513 1821 2641 1877 Fuit
2689 1825 2876 1878 multis
2932 1824 3193 1893 praeclara
3253 1824 3433 1894 lingua
3464 1824 3632 1878 ihuic

372 1916 488 1962 νος,
521 1901 824 1968 μετέδωκεν
855 1902 925 1957 ἀν
968 1906 1053 1968 είς
1104 1884 1641 1977 φιλανθρωπίανήκαὶ
1818 1884 1954 1962 Σκυ·

2056 1884 2517 1977 auam—maxime.
2543 1912 2715 1969 Tanta
2746 1884 3020 1984 siquidem
3062 1915 3304 1984 pollebat
3335 1884 3633 1970 vsermonis

372 1991 490 2044 οῶν
518 1993 782 2063 ὠμότητα
808 1993 907 2065 τὴν
932 1995 1169 2067 πολλήν·
1202 1994 1273 2069 ἦν
1298 1998 1410 2070 γὰρ
1448 2001 1663 2064 ἀστεῖος
1687 2015 1702 2032 ο
1731 1994 1802 2071 ἦν
1832 2000 1953 2071 ἠδι-

371 2098 526 2147 στος,
561 2087 868 2157 προσηνὴς,
919 2088 1209 2159 μειλίχιος,
1242 2091 1449 2154 πάσαις
1478 2093 1596 2157 ταῖς
1644 2092 1835 2161 χάρισι
1859 2108 1954 2145 κε-

366 2176 689 2245 κραμένος’
728 2177 853 2242 ὅλος
910 2180 1007 2249 μὲν
1055 2178 1334 2250 εὔτορνος,
1390 2181 1468 2245 ὠς
1525 2182 1652 2252 μηδ’
1703 2182 1953 2254 ἡντινοῦν

376 2269 649 2339 παρέχειν
671 2269 847 2337 λαϐὴν
888 2272 968 2333 είς
993 2272 1188 2342 μῶμον
1210 2288 1223 2302 ·
1260 2274 1383 2338 ὅλος
1435 2274 1490 2326 δὲ
1526 2272 1798 2340 εὖληπτος
1838 2277 1952 2339 τοῖς

372 2359 545 2411 αὐτὸν
575 2358 765 2413 λαδεῖν
791 2359 1070 2429 ἐθελουσιν
1100 2363 1182 2426 είς
1206 2363 1505 2434 οἰκοδομὴν
1540 2363 1726 2417 καλῶν
1746 2365 1951 2435 ἔργων.

383 2451 615 2519 Ἥγεῐτο
634 2452 743 2524 γὰρ
773 2455 1008 2526 πρέπειν
1042 2458 1192 2528 αὑτῷ
1219 2459 1332 2522 τοῖς
1361 2459 1461 2528 μὲν
1503 2457 1802 2525 κακοήθεσι
1857 2461 1954 2513 καὶ

372 2543 525 2596 διεστ
536 2544 846 2613 ραμμένοις
870 2544 1190 2616 ἀνθρώποις
1228 2544 1514 2609 παντελῶς
1510 2546 1787 2619 κάχείρωτ
1796 2562 1855 2609 ος
1873 2541 1952 2597 εῖ-

372 2655 490 2705 ναι,
516 2639 751 2709 εὐχερὴς
786 2640 844 2693 δὲ
874 2639 1129 2708 ἀγαθοῖς,
1153 2640 1233 2703 είς
1255 2641 1283 2694 ὅ
1302 2657 1355 2693 τι
1390 2640 1458 2695 ἂν
1485 2639 1640 2693 αὐτοὶ
1672 2638 1947 2693 νεύσαιεν.

370 2731 489 2784 Καὶ
522 2728 630 2800 μὴν
664 2730 776 2783 τῶν
809 2734 1241 2799 συμπιπτόντων
1272 2731 1421 2803 αὐτῷ
1464 2731 1657 2785 δεινῶν
1686 2749 1700 2763 ·
1736 2729 1951 2785 πολλῶν

366 2823 418 2875 δ’
448 2822 614 2887 αὐτὸς
643 2823 984 2893 πεπείραται
1006 2826 1103 2879 καὶ
1149 2824 1439 2896 μεγάλων·
1463 2828 1579 2889 τοῖς
1623 2825 1734 2896 γὰρ
1795 2823 1954 2893 μεγί-

370 2930 526 2976 στοις
584 2914 821 2984 μάλιστα
870 2917 904 2986 ἡ
953 2914 1227 2986 βάσανος
1263 2917 1531 2987 κρείττων
1575 2916 1636 2970 οὐ
1698 2915 1949 2986 σμικρῶς

367 3002 575 3074 ὤφθην
628 3006 739 3059 τῶν
816 3006 876 3061 δὲ
946 3013 1155 3079 καιρῶν
1210 3007 1749 3079 μεταϐαλλομένων,
1807 3007 1953 3058 εκεῖ-

367 3110 470 3157 νος
523 3095 551 3147 ὁ
610 3094 773 3160 αὐτὸς
821 3096 1086 3167 ἔμενεν)
1152 3099 1182 3152 δ
1235 3098 1299 3170 δὴ
1356 3099 1584 3154 σπάνιον
1636 3098 1695 3151 ὲν
1735 3094 1948 3167 ἀνθρώ-

373 3203 520 3250 ποις.

2053 2005 2337 2070 facultate,
2374 2014 2436 2060 ut
2461 2020 2652 2061 omnes
2675 2007 2730 2061 in
2759 2006 3087 2061 sententiam
3128 2012 3283 2060 suam
3329 2022 3495 2061 orans
3537 2022 3635 2063 co-

2053 2107 2223 2168 geret.
2245 2095 2341 2152 Vel
2374 2100 2553 2154 solum
2577 2099 2771 2155 leniter
2791 2100 2997 2161 ridens,
3029 2098 3228 2168 injuste
3249 2109 3630 2167 exasperatum

2056 2191 2301 2247 sedahat.
2321 2191 2424 2248 Ubi
2439 2202 2617 2247 autem
2633 2192 2827 2262 linguae
2845 2195 2894 2248 vi
2915 2202 3179 2264 uteretur,
3202 2200 3281 2252 vel
3305 2195 3629 2262 Scytharum

2054 2283 2282 2339 multam
2312 2281 2610 2345 feritatem,
2642 2283 2696 2337 in
2729 2284 2983 2340 humanis
3014 2288 3296 2355 proximos
3319 2288 3545 2344 aﬂ’ectus
3566 2303 3632 2345 ac

2055 2374 2449 2444 benignitatem
2508 2377 2776 2430 mutabat.
2825 2373 2957 2430 Erat
3000 2380 3145 2432 enim
3193 2381 3441 2435 urbanus
3474 2389 3628 2445 ;erat

2053 2463 2434 2525 dulcissimus,
2458 2472 2800 2529 mansuetus,
2831 2465 3084 2526 blandus,
3127 2466 3384 2522 omnibus
3437 2468 3629 2537 gratiis

2054 2564 2408 2625 temperatus.
2429 2556 2553 2610 Erat
2581 2567 2724 2612 totus
2747 2564 2908 2611 toruo
2937 2556 3135 2619 facilis,
3164 2568 3222 2613 ut
3256 2575 3322 2612 ne
3368 2574 3474 2629 qua
3495 2575 3626 2615 ausa

2056 2648 2123 2702 ad
2163 2650 2371 2702 crimen
2401 2658 2610 2719 pateret
2640 2667 2655 2715 ;
2683 2659 2940 2719 totusque
2972 2650 3112 2704 idem
3141 2654 3417 2719 prehenso
3447 2650 3628 2707 facilis

2055 2747 2192 2803 erat,
2224 2748 2279 2793 ut
2313 2740 2433 2807 quis
2461 2739 2528 2792 ad
2551 2738 2968 2794 aedificationem
3027 2740 3295 2794 bonorum
3347 2742 3509 2797 vellet
3550 2752 3629 2797 te.

2053 2844 2203 2883 nere.
2237 2820 2350 2881 lloc
2372 2827 2575 2897 quippe
2602 2828 2702 2881 sibi
2736 2842 3040 2897 congruum
3076 2832 3384 2897 reputabat,
3420 2842 3481 2886 ut
3510 2848 3627 2887 ma-

2052 2918 2214 2985 lignis
2236 2919 2617 2985 perversisqne
2653 2918 2966 2972 hominibus
3008 2920 3234 2975 omnino
3283 2936 3341 2977 se
3385 2922 3627 2991 irrepre-

2053 3004 2373 3058 hensihilem
2426 3015 2691 3072 servaret,
2716 3006 2999 3077 |bonisque
3046 3008 3404 3066 nihilominus
3453 3011 3631 3070 facilia

2050 3097 2360 3160 exsisteret,
2393 3112 2458 3151 ac
2505 3098 2830 3169 indulgeret,
2882 3114 3243 3175 quocunque
3271 3104 3494 3158 tandem
3544 3104 3624 3158 illi

2053 3187 2441 3243 inclinassent.
2493 3186 2739 3257 Denique
2788 3189 3170 3267 ingruentibus
3222 3193 3404 3257 malis,
3456 3194 3626 3249 multa

371 3297 541 3351 porro
564 3284 675 3351 ille,
705 3301 767 3342 ac
791 3286 973 3358 gravia
994 3287 1117 3343 tulit
1143 3306 1157 3355 ;
1183 3288 1382 3359 quippe
1407 3289 1675 3344 maximos
1732 3287 1969 3341 maxime
1994 3284 2150 3339 decet
2204 3284 2453 3352 probatio
2516 3302 2530 3338 :
2574 3284 2720 3339 haud
2773 3299 2832 3339 se
2871 3286 3220 3343 mediocriter
3286 3288 3624 3359 superiorem

373 3380 639 3447 ostendit,
665 3397 895 3453 cumque
923 3392 1167 3456 tempora
1213 3395 1578 3453 mutarentur,
1633 3386 1752 3455 ipse
1801 3381 2155 3437 nihilominus
2185 3381 2328 3436 idem
2352 3380 2455 3436 sibi
2493 3390 2645 3446 erat;
2697 3381 2842 3453 quod
2881 3382 3040 3453 plane
3090 3400 3275 3440 rarum
3333 3385 3388 3440 in
3432 3386 3625 3439 huma-

374 3478 463 3533 nis
513 3480 751 3535 accidat.

446 3574 555 3628 Τὸν
606 3577 779 3649 ἄνδρα
807 3577 989 3632 τοίνυν
1023 3576 1234 3644 τοῦτον,
1284 3580 1407 3649 ἐμοὶ
1434 3579 1637 3644 δοκεῖν,
1672 3577 1731 3643 ὃς
1764 3575 1831 3630 ἂν
1855 3577 1949 3661 ἀν·

2129 3568 2198 3625 Ut
2231 3567 2357 3639 quis
2392 3580 2525 3639 ergo
2557 3564 3043 3637 incomparabilem
3073 3567 3227 3622 illum
3276 3576 3483 3637 spectet
3530 3569 3627 3623 bo-

370 3668 604 3739 δριάντα
644 3670 800 3741 φαίη,
836 3671 894 3737 ἐξ
920 3670 1227 3741 ἀδάμαντος
1276 3671 1672 3743 ἀπεξεσμένον,
1729 3671 1831 3724 οὐκ
1870 3669 1935 3722 ἂν

375 3761 640 3831 ἁμάρτοι,
674 3763 895 3833 ἀφορῶν
929 3764 1009 3827 είς
1041 3762 1105 3817 τὸ
1159 3762 1269 3816 τῶν
1301 3762 1488 3822 καλῶν
1531 3762 1942 3833 ἀπαράελητον.

376 3856 503 3906 Ὅτι
540 3854 596 3908 δὲ
630 3854 875 3916 τοιοῦτος
896 3850 965 3927 ἦν
998 3851 1113 3909 οἷον
1139 3856 1167 3909 ὁ
1194 3856 1351 3923 λόγος
1384 3857 1515 3926 ὑμῖν
1561 3854 1735 3919 ἔδειξε
1758 3896 1773 3920 ,
1808 3854 1948 3925 μᾶλ-

371 3947 471 4000 λον
496 3946 541 3999 δ’
568 3948 646 4009 ὡς
682 3948 782 3999 οὐκ
824 3942 894 4016 ἦν
924 3946 1190 4011 τοιοῦτος,
1222 3946 1361 4000 ἀλλά
1386 3949 1482 4000 καὶ
1517 3944 1657 4000 πολὺ
1691 3942 1941 4014 βελτίων,

372 4038 538 4101 αὐτὸς
570 4036 778 4101 ἐκεῖνος
810 4037 1117 4104 ἀπέδειξεν,
1178 4033 1258 4100 οἷς
1315 4038 1375 4092 τε
1424 4036 1718 4109 ἔπραττεν,
1747 4030 1831 4097 οἷς
1885 4051 1944 4086 τε

370 4128 538 4199 ἔφερε
595 4128 683 4181 διὰ
742 4127 864 4197 βίου
917 4128 1105 4199 σχεδὸν
1165 4126 1405 4189 παντός·
1468 4126 1676 4198 μᾶλλον
1734 4123 1814 4190 δὲ,
1863 4117 1945 4185 οἷς

373 4224 620 4293 ἔπραττε
638 4222 733 4275 καὶ
765 4223 823 4274 ὲν
840 4218 918 4292 τῷ
947 4222 1180 4292 πάσχειν
1203 4236 1218 4250 ·
1250 4221 1344 4274 καὶ
1373 4219 1531 4285 αὖθις
1559 4213 1640 4283 οἷς
1680 4218 1946 4288 ὑφίστατο

375 4316 471 4369 καὶ
504 4317 561 4369 ὲν
592 4313 741 4384 αὐτῷ
772 4314 853 4384 τῷ
909 4305 1197 4385 πράττειν.
1234 4314 1371 4368 Οὐδὲ
1408 4312 1531 4383 ,γὰρ
1584 4312 1780 4384 ἡμέλει
1817 4307 1946 4370 ,τῶν

374 4408 606 4461 δεόντων
635 4408 895 4463 οὐδέποτε
918 4425 932 4441 ·
966 4407 1076 4481 οὐδ’
1111 4406 1270 4478 ὤφθη
1301 4406 1364 4475 γέ
1420 4423 1553 4459 ποτε
1582 4418 1949 4459 καταπεπτω-

373 4498 487 4563 κὼς
549 4501 641 4553 ὑπ’
696 4500 935 4570 ἀθυμίας
999 4501 1265 4571 ἀμέτρου,
1326 4502 1419 4553 καὶ
1456 4497 1647 4568 φόϐου,
1705 4494 1947 4550 καὶτῶν

373 4593 636 4646 τοιούτων
668 4610 681 4623 ο
718 4594 832 4649 ἀλλ’
855 4578 977 4647 οὺδὲ
1010 4594 1137 4655 τοὺς
1192 4591 1493 4661 λογισμοὺς
1553 4587 1947 4661 διακεχυμένος

373 4688 468 4738 ἐπὶ
495 4685 653 4749 πολὺ,
686 4684 799 4739 οὔτ’
822 4687 880 4737 ὲν
915 4685 1229 4755 εὐθυμίαις,
1263 4681 1377 4736 οὔτ’
1435 4684 1493 4736 ὲν
1551 4682 1788 4752 ἑορταῖς,
1847 4678 1948 4731 οὐκ

373 4781 431 4830 ὲν
463 4779 736 4844 παιδιαῖς,
764 4779 864 4831 οἰκ
896 4780 952 4832 ὲν
984 4779 1151 4849 θήρᾳ,
1199 4777 1300 4830 οὐκ
1322 4778 1381 4830 ὲν
1418 4775 1596 4829 οὐδενὶ
1628 4774 1737 4828 τῶν
1774 4771 1948 4825 τοιού⁸

375 4887 508 4923 των.
543 4870 668 4923 Οὐδ’
693 4865 763 4938 ἦν
812 4870 982 4941 ἀρτὲς
1004 4872 1062 4921 ἐν
1101 4870 1216 4930 τοῖς
1246 4867 1463 4937 καιροῖς
1488 4866 1602 4928 τοῖς
1630 4860 1949 4935 χαλεπωτά-

2052 3676 2246 3716 norum
2282 3659 2564 3721 decorem,
2601 3657 2748 3712 haud
2784 3668 2914 3727 puto
2945 3674 2974 3712 a
3008 3660 3238 3713 veritate
3282 3673 3495 3723 errans,
3522 3673 3622 3730 po-

2053 3752 2198 3806 litam
2238 3765 2307 3805 ex
2341 3748 2633 3803 adamante
2654 3756 2915 3815 statuam,
2952 3748 3614 3817 subjectumargutnento

2052 3841 2230 3896 virum
2263 3853 2579 3907 nuncupare
2611 3836 2892 3907 possit.Ut
2924 3851 3090 3907 porro
3130 3838 3255 3892 talis
3278 3838 3462 3903 fuerit,
3483 3852 3621 3906 qua-

2050 3935 2159 3989 lem
2191 3931 2346 3987 vobis
2373 3944 2574 3989 .sermo
2610 3930 2855 3984 ostendit
2893 3945 2907 3984 :
2942 3930 3075 3992 imo,
3124 3938 3183 3984 ut
3219 3927 3418 3983 nedum
3475 3930 3623 3992 talis,

2068 4022 2162 4079 sed
2194 4031 2248 4077 et
2282 4021 2440 4091 longe
2468 4019 2814 4091 prastantior
2850 4019 3015 4075 fuerit
3049 4038 3064 4086 ;
3096 4019 3236 4073 idem
3266 4020 3379 4089 ipse
3410 4019 3625 4089 liquido

2052 4114 2324 4188 probavit,
2359 4123 2474 4168 tum
2510 4114 2579 4168 iis
2612 4126 2735 4184 quae
2768 4113 2898 4184 egit,
2939 4123 3052 4191 tum
3089 4128 3211 4181 quae
3232 4120 3340 4166 tota
3369 4111 3481 4168 fere
3512 4114 3623 4166 vi'a

2055 4208 2195 4261 mala
2213 4206 2473 4263 sustinuit
2497 4221 2512 4271 ;
2532 4215 2695 4276 atque
2717 4205 2853 4260 adeo
2869 4205 2935 4258 iis
2951 4219 3071 4275 qua:
3093 4204 3206 4276 egit
3224 4204 3625 4274 perpetiendo,

2054 4314 2289 4370 quaeque
2319 4299 2518 4354 iterum
2548 4299 2713 4355 etiam
2744 4298 2955 4368 agendo
2988 4311 3283 4367 perpessus
3311 4295 3434 4351 fuit.
3468 4295 3622 4350 Nun-

2055 4409 2219 4464 quam
2253 4392 2398 4447 enim
2442 4390 2709 4462 quidquid
2744 4389 3036 4445 accidisset
3096 4389 3241 4457 quod
3273 4402 3452 4456 operte
3501 4402 3627 4457 pre-
3690 4404 3696 4409 ·

2054 4487 2189 4543 tium
2223 4493 2360 4550 erat,
2389 4484 2627 4557 neglexit
2662 4499 2677 4549 ;
2720 4498 2821 4537 nec
2877 4496 3122 4551 unquam
3187 4480 3416 4534 omnino
3472 4483 3625 4535 visus

2054 4589 2140 4635 est
2169 4578 2353 4633 animo
2408 4575 2749 4640 concidisse,
2803 4575 3069 4629 obruente
3125 4572 3379 4627 mmstitia
3430 4571 3621 4637 nimia,

2055 4681 2148 4727 aut
2178 4680 2347 4735 metu,
2375 4670 2553 4724 aliove
2582 4666 2853 4737 ejusmodi
2889 4684 2902 4720 :
2929 4673 2985 4719 at
3016 4680 3197 4735 neque
3236 4662 3406 4719 effuso
3435 4664 3624 4718 admo-

2055 4763 2185 4818 dum
2225 4762 2431 4823 animo,
2479 4774 2603 4814 cum
2644 4759 2809 4813 etiam
2846 4756 3143 4829 jucundior
3198 4750 3496 4817 videretur,
3539 4755 3642 4813 vel.

2057 4862 2346 4925 agerentur
2377 4850 2500 4906 festi
2530 4860 2835 4928 conventus
2864 4865 2880 4915 ;
2911 4864 3019 4902 non
3069 4847 3125 4901 in
3179 4846 3347 4908 ludis,
3382 4860 3490 4900 non
3536 4860 3624 4901 ve-

372 4978 515 5027 τοις,
547 4964 643 5017 καὶ
701 4930 1052 5032 σκυθρωποῖς
1094 4978 1208 5014 τισι
1255 4930 1946 5031 πράγμασινοηοῧμενουν

2055 4946 2276 5000 natione
2329 4954 2509 5011 utens,
2557 4958 2664 4997 non
2724 4956 2782 4995 re
2823 4941 2929 4995 ulla
2981 4939 3273 5019 ejusmodi.
3323 4938 3392 4992 At
3450 4952 3627 5007 neque

374 5055 488 5108 οὐδ’
522 5057 582 5108 ἐν
614 5052 765 5123 αὐτῷ
802 5054 881 5125 τῷ
911 5055 1060 5129 μάλα
1094 5056 1296 5118 νοσεῖν,
1329 5053 1404 5116 ὡς
1429 5051 1599 5123 μηδὲν
1630 5049 1723 5104 τοῦ
1750 5048 1943 5121 χρόνου

381 5149 562 5217 μάτην
592 5146 960 5211 ἀναλίσκοιτο,
994 5139 1054 5201 οὗ
1077 5147 1138 5201 τὸ
1172 5144 1447 5217 παρελθὸν
1481 5144 1761 5215 ἀμήχανον
1781 5140 1943 5195 πάλιν

376 5255 401 5290 a
414 5238 581 5308 ὓρεῖν.

452 5417 561 5470 Καὶ
597 5421 706 5487 μὴν
744 5418 824 5480 τὸ,
859 5414 1094 5485 Μέτρον
1136 5417 1419 5486 ἄριστονο
1449 5418 1544 5470 καὶ
1599 5416 1681 5480 τὸ,
1741 5413 1949 5481 Μηδὲν

380 5511 555 5578 ἄγαν,
593 5511 687 5562 καὶ
722 5510 878 5573 ὅλως,
912 5512 1121 5580 ὅταπερ
1150 5512 1263 5573 τοῖς
1299 5511 1469 5564 πάλαι
1516 5510 1697 5577 σοφοῖς
1730 5507 1949 5576 εἴρηται

379 5604 461 5664 είς
519 5605 619 5674 τὴν
647 5603 756 5658 τῶν
807 5604 955 5672 ἠθῶν
1005 5606 1329 5677 εὐκοσμίαν,
1390 5604 1582 5675 ὥσπερ
1631 5603 1690 5668 ἐξ
1750 5601 1947 5672 ἐράνου

378 5698 664 5761 συλλέξας,
700 5697 869 5749 ποιῶν
918 5698 1324 5753 διατετέλεκενθ
1358 5698 1501 5751 ὥστε
1561 5697 1784 5749 ἐκείνων
1818 5693 1950 5747 ἔχει·

379 5806 503 5853 στος
530 5789 591 5842 ἓν
624 5807 728 5846 που
763 5788 970 5843 τούτων
1008 5791 1230 5861 εἴρηκεν
1253 5809 1266 5823 ·
1304 5785 1460 5854 οὗτος
1490 5791 1545 5843 δὲ
1575 5792 1751 5843 πάντα
1775 5786 1947 5852 ἔπρα-

380 5882 500 5947 ξενο
530 5880 676 5935 οὕτω
703 5884 813 5944 τοῖς
845 5882 986 5944 ὅλοις
1024 5884 1193 5937 ὲνῖκα.
1229 5879 1335 5935 Ἷίν
1362 5883 1417 5935 δὲ
1476 5880 1716 5948 τοσούτῳ
1747 5877 1943 5942 δεξιὸς,

2056 5036 2465 5091 molestissimis
2527 5033 2892 5104 temporibus,
2960 5014 3321 5101 tristi'busque
3345 5028 3623 5084 nonnullis

2053 5131 2220 5186 rebus
2243 5130 2456 5184 otiosus
2486 5139 2603 5182 erat
2641 5144 2656 5193 ;
2689 5141 2756 5180 ne
2787 5123 2943 5180 valde
2968 5123 3189 5194 quidem
3222 5120 3418 5177 allecta
3471 5122 3620 5174 sani-

2053 5231 2185 5285 tate,
2216 5237 2282 5275 ne
2316 5219 2446 5291 quid
2490 5217 2757 5288 temporis
2782 5230 3017 5270 vacuum
3077 5213 3443 5285 perelilueret,
3475 5212 3621 5283 quod

2054 5324 2113 5369 ut
2130 5311 2413 5383 praeteriit,
2436 5310 2578 5364 nulla
2601 5309 2844 5380 posthac
2863 5307 3141 5379 diligentia
3163 5306 3406 5365 revocari
3423 5314 3624 5378 potest.

2125 5406 2394 5463 Caeterum
2460 5403 2599 5458 illud
2638 5400 2900 5473 :Optima
2956 5401 3349 5457 mediocritas:
3396 5416 3479 5466 ac,
3542 5396 3625 5452 Ne

2054 5501 2180 5574 quid
2199 5502 2376 5564 nimis,
2396 5497 2754 5566 omninoque,
2779 5504 2837 5550 ut
2854 5495 2983 5566 quid
3005 5495 3246 5564 antiquis
3261 5489 3621 5560 sapientibus,

2056 5592 2451 5664 componendis
2476 5591 2762 5645 honestate
2783 5587 3280 5651 moribus,dictum
3311 5582 3418 5647 sit;
3456 5581 3505 5633 id
3531 5580 3625 5633 illo

2058 5698 2320 5757 tanquam
2349 5702 2414 5741 ex
2437 5684 2686 5758 symbolo
2708 5681 2993 5747 colligens,
3020 5687 3189 5733 totum
3215 5693 3273 5730 re
3293 5674 3621 5745 prmstabat:

2058 5791 2219 5850 atque
2245 5780 2380 5834 adeo
2409 5793 2530 5834 cum
2591 5777 2823 5848 quisque
2873 5787 3040 5826 unum
3101 5770 3231 5840 quid
3286 5780 3497 5827 eorum,
3561 5778 3624 5816 ac

2057 5875 2334 5945 singulare
2366 5870 2644 5942 quidpiam
2695 5866 2890 5922 ell‘atus
2932 5864 3026 5926 sit,
3080 5861 3195 5933 ipse
3245 5873 3390 5913 unus
3439 5856 3622 5911 omnia
