  <div class='ocr_page' id='page_1' title='image "/cluster/home/n/w/nwhite01/storage/ocr_20150623/156/hvd.32044019208438/127.png"; bbox 0 0 4060 6590; ppageno 0'>
   <div class='ocr_carea' id='block_1_1' title="bbox 440 368 536 436">
    <p class='ocr_par' dir='ltr' id='par_1_1' title="bbox 440 368 536 436">
     <span class='ocr_line' id='line_1_1' title="bbox 440 368 536 436; baseline -0.052 -1"><span class='ocrx_word' id='word_1_1' title='bbox 440 368 536 436; x_wconf 72' lang='lat' dir='ltr'><strong>Ml</strong></span> 
     </span>
    </p>
   </div>
   <div class='ocr_carea' id='block_1_2' title="bbox 1622 377 2505 439">
    <p class='ocr_par' dir='ltr' id='par_1_2' title="bbox 1622 377 2505 439">
     <span class='ocr_line' id='line_1_2' title="bbox 1622 377 2505 439; baseline -0.001 -3"><span class='ocrx_word' id='word_1_2' title='bbox 1622 377 2018 439; x_wconf 80' lang='lat' dir='ltr'><strong>MANUELIS</strong></span> <span class='ocrx_word' id='word_1_3' title='bbox 2058 377 2505 438; x_wconf 71' lang='lat' dir='ltr'><strong>PALEOLOGI</strong></span> 
     </span>
    </p>
   </div>
   <div class='ocr_carea' id='block_1_3' title="bbox 3569 374 3679 443">
    <p class='ocr_par' dir='ltr' id='par_1_3' title="bbox 3569 374 3679 443">
     <span class='ocr_line' id='line_1_3' title="bbox 3569 374 3679 443; baseline -0.073 0"><span class='ocrx_word' id='word_1_4' title='bbox 3569 374 3679 443; x_wconf 72' lang='lat'><strong>192</strong></span> 
     </span>
    </p>
   </div>
   <div class='ocr_carea' id='block_1_4' title="bbox 428 483 2026 563">
    <p class='ocr_par' dir='ltr' id='par_1_4' title="bbox 428 483 2013 559">
     <span class='ocr_line' id='line_1_4' title="bbox 428 483 2013 559; baseline 0.008 -22"><span class='ocrx_word' id='word_1_5' title='bbox 428 497 715 552; x_wconf 83' lang='lat' dir='ltr'><strong>superans,</strong></span> <span class='ocrx_word' id='word_1_6' title='bbox 741 498 771 539; x_wconf 89' lang='lat' dir='ltr'><strong>a</strong></span> <span class='ocrx_word' id='word_1_7' title='bbox 795 483 943 539; x_wconf 91' lang='lat' dir='ltr'><strong>nullo</strong></span> <span class='ocrx_word' id='word_1_8' title='bbox 960 498 1185 553; x_wconf 85' lang='lat' dir='ltr'><strong>prorsus</strong></span> <span class='ocrx_word' id='word_1_9' title='bbox 1215 485 1494 542; x_wconf 87' lang='lat' dir='ltr'><strong>inividiam</strong></span> <span class='ocrx_word' id='word_1_10' title='bbox 1516 494 1826 559; x_wconf 78' lang='lat' dir='ltr'><strong>pateretur?</strong></span> <span class='ocrx_word' id='word_1_11' title='bbox 1854 508 2013 549; x_wconf 88' lang='lat' dir='ltr'><strong>secus</strong></span> 
     </span>
    </p>
   </div>
   <div class='ocr_carea' id='block_1_5' title="bbox 2128 483 3694 563">
    <p class='ocr_par' dir='ltr' id='par_1_5' title="bbox 2128 490 3694 563">
     <span class='ocr_line' id='line_1_5' title="bbox 2128 490 3694 563; baseline 0.001 -15"><span class='ocrx_word' id='word_1_12' title='bbox 2128 494 2391 550; x_wconf 78' lang='grc' dir='ltr'>ελάσαντα</span> <span class='ocrx_word' id='word_1_13' title='bbox 2422 501 2497 563; x_wconf 72' lang='grc' dir='ltr'>μὴ</span> <span class='ocrx_word' id='word_1_14' title='bbox 2538 494 2671 560; x_wconf 84' lang='grc' dir='ltr'>παρ’</span> <span class='ocrx_word' id='word_1_15' title='bbox 2714 490 3029 546; x_wconf 75' lang='grc' dir='ltr'>ούτινοσοῦν</span> <span class='ocrx_word' id='word_1_16' title='bbox 3070 491 3179 548; x_wconf 85' lang='grc' dir='ltr'><strong>τῶν</strong></span> <span class='ocrx_word' id='word_1_17' title='bbox 3213 495 3468 549; x_wconf 81' lang='grc' dir='ltr'>ἁπάντων</span> <span class='ocrx_word' id='word_1_18' title='bbox 3524 494 3694 561; x_wconf 78' lang='grc' dir='ltr'>δέξα-</span> 
     </span>
    </p>
   </div>
   <div class='ocr_carea' id='block_1_6' title="bbox 426 574 2002 651">
    <p class='ocr_par' dir='ltr' id='par_1_6' title="bbox 426 574 2002 651">
     <span class='ocr_line' id='line_1_6' title="bbox 426 574 2002 651; baseline 0.008 -26"><span class='ocrx_word' id='word_1_19' title='bbox 426 574 586 642; x_wconf 80' lang='lat' dir='ltr'><strong>plane</strong></span> <span class='ocrx_word' id='word_1_20' title='bbox 603 583 976 643; x_wconf 87' lang='lat' dir='ltr'><strong>comparatum</strong></span> <span class='ocrx_word' id='word_1_21' title='bbox 992 574 1257 631; x_wconf 82' lang='lat' dir='ltr'><strong>dicemus.</strong></span> <span class='ocrx_word' id='word_1_22' title='bbox 1281 575 1383 643; x_wconf 85' lang='lat' dir='ltr'><strong>Qui</strong></span> <span class='ocrx_word' id='word_1_23' title='bbox 1409 578 1555 633; x_wconf 86' lang='lat' dir='ltr'><strong>enim</strong></span> <span class='ocrx_word' id='word_1_24' title='bbox 1574 595 1742 651; x_wconf 84' lang='lat' dir='ltr'><strong>supra</strong></span> <span class='ocrx_word' id='word_1_25' title='bbox 1779 585 2002 638; x_wconf 85' lang='lat' dir='ltr'><strong>modum</strong></span> 
     </span>
    </p>
   </div>
   <div class='ocr_carea' id='block_1_7' title="bbox 428 668 2007 739">
    <p class='ocr_par' dir='ltr' id='par_1_7' title="bbox 428 668 2007 739">
     <span class='ocr_line' id='line_1_7' title="bbox 428 668 2007 739; baseline 0.008 -19"><span class='ocrx_word' id='word_1_26' title='bbox 428 674 673 735; x_wconf 81' lang='lat' dir='ltr'><strong>superat,</strong></span> <span class='ocrx_word' id='word_1_27' title='bbox 708 668 843 721; x_wconf 97' lang='lat' dir='ltr'><strong>nihil</strong></span> <span class='ocrx_word' id='word_1_28' title='bbox 871 668 1085 724; x_wconf 66' lang='lat' dir='ltr'><strong>invidiae</strong></span> <span class='ocrx_word' id='word_1_29' title='bbox 1113 669 1385 726; x_wconf 84' lang='lat' dir='ltr'><strong>obnoxius</strong></span> <span class='ocrx_word' id='word_1_30' title='bbox 1408 673 1501 726; x_wconf 88' lang='lat' dir='ltr'><strong>sit.</strong></span> <span class='ocrx_word' id='word_1_31' title='bbox 1551 675 1684 739; x_wconf 64' lang='lat' dir='ltr'><strong>Quae</strong></span> <span class='ocrx_word' id='word_1_32' title='bbox 1725 678 1867 729; x_wconf 87' lang='lat' dir='ltr'><strong>enim</strong></span> <span class='ocrx_word' id='word_1_33' title='bbox 1919 693 2007 731; x_wconf 90' lang='lat' dir='ltr'><strong>res</strong></span> 
     </span>
    </p>
   </div>
   <div class='ocr_carea' id='block_1_8' title="bbox 430 759 2004 835">
    <p class='ocr_par' dir='ltr' id='par_1_8' title="bbox 430 759 2004 835">
     <span class='ocr_line' id='line_1_8' title="bbox 430 759 2004 835; baseline 0.009 -24"><span class='ocrx_word' id='word_1_34' title='bbox 430 759 657 812; x_wconf 85' lang='lat' dir='ltr'><strong>rnultam</strong></span> <span class='ocrx_word' id='word_1_35' title='bbox 693 759 854 815; x_wconf 80' lang='lat' dir='ltr'><strong>habet</strong></span> <span class='ocrx_word' id='word_1_36' title='bbox 882 761 1333 825; x_wconf 86' lang='lat' dir='ltr'><strong>admirationem.</strong></span> <span class='ocrx_word' id='word_1_37' title='bbox 1366 762 1537 819; x_wconf 89' lang='lat' dir='ltr'><strong>multo</strong></span> <span class='ocrx_word' id='word_1_38' title='bbox 1562 781 1781 835; x_wconf 84' lang='lat' dir='ltr'><strong>quoque</strong></span> <span class='ocrx_word' id='word_1_39' title='bbox 1829 771 2004 825; x_wconf 87' lang='lat' dir='ltr'><strong>amori</strong></span> 
     </span>
    </p>
   </div>
   <div class='ocr_carea' id='block_1_9' title="bbox 426 854 2003 926">
    <p class='ocr_par' dir='ltr' id='par_1_9' title="bbox 426 854 2003 926">
     <span class='ocr_line' id='line_1_9' title="bbox 426 854 2003 926; baseline 0.008 -21"><span class='ocrx_word' id='word_1_40' title='bbox 426 866 547 907; x_wconf 75' lang='lat' dir='ltr'><strong>esse</strong></span> <span class='ocrx_word' id='word_1_41' title='bbox 578 866 802 908; x_wconf 89' lang='lat' dir='ltr'><strong>necesse</strong></span> <span class='ocrx_word' id='word_1_42' title='bbox 835 854 1119 920; x_wconf 84' lang='lat' dir='ltr'><strong>est.Quod</strong></span> <span class='ocrx_word' id='word_1_43' title='bbox 1146 865 1332 911; x_wconf 90' lang='lat' dir='ltr'><strong>autem</strong></span> <span class='ocrx_word' id='word_1_44' title='bbox 1359 869 1441 911; x_wconf 74' lang='lat' dir='ltr'><strong>eat</strong></span> <span class='ocrx_word' id='word_1_45' title='bbox 1466 859 1625 913; x_wconf 88' lang='lat' dir='ltr'><strong>valde</strong></span> <span class='ocrx_word' id='word_1_46' title='bbox 1656 861 1911 926; x_wconf 85' lang='lat' dir='ltr'><strong>charum,</strong></span> <span class='ocrx_word' id='word_1_47' title='bbox 1937 878 2003 917; x_wconf 90' lang='lat' dir='ltr'><strong>ac</strong></span> 
     </span>
    </p>
   </div>
   <div class='ocr_carea' id='block_1_10' title="bbox 428 944 2037 1026">
    <p class='ocr_par' dir='ltr' id='par_1_10' title="bbox 428 944 2037 1026">
     <span class='ocr_line' id='line_1_10' title="bbox 428 944 2037 1026; baseline 0.01 -31"><span class='ocrx_word' id='word_1_48' title='bbox 428 944 602 1001; x_wconf 73' lang='lat' dir='ltr'><strong>amori</strong></span> <span class='ocrx_word' id='word_1_49' title='bbox 624 945 877 1013; x_wconf 76' lang='lat' dir='ltr'><strong>habetur,</strong></span> <span class='ocrx_word' id='word_1_50' title='bbox 897 963 1002 1017; x_wconf 84' lang='lat' dir='ltr'><strong>qua</strong></span> <span class='ocrx_word' id='word_1_51' title='bbox 1021 949 1127 1004; x_wconf 83' lang='lat' dir='ltr'><strong>sibi</strong></span> <span class='ocrx_word' id='word_1_52' title='bbox 1150 952 1363 1005; x_wconf 75' lang='lat' dir='ltr'><strong>ratione</strong></span> <span class='ocrx_word' id='word_1_53' title='bbox 1385 967 1485 1020; x_wconf 86' lang='lat' dir='ltr'><strong>pro</strong></span> <span class='ocrx_word' id='word_1_54' title='bbox 1506 954 1805 1010; x_wconf 83' lang='lat' dir='ltr'><strong>accedente</strong></span> <span class='ocrx_word' id='word_1_55' title='bbox 1837 957 2006 1026; x_wconf 80' lang='lat' dir='ltr'><strong>glcria</strong></span> <span class='ocrx_word' id='word_1_56' title='bbox 2032 985 2037 989; x_wconf 59' lang='grc' dir='ltr'><strong>η</strong></span> 
     </span>
    </p>
   </div>
   <div class='ocr_carea' id='block_1_11' title="bbox 436 1037 2008 1113">
    <p class='ocr_par' dir='ltr' id='par_1_11' title="bbox 436 1037 2008 1113">
     <span class='ocr_line' id='line_1_11' title="bbox 436 1037 2008 1113; baseline 0.008 -24"><span class='ocrx_word' id='word_1_57' title='bbox 436 1037 699 1092; x_wconf 79' lang='lat' dir='ltr'><strong>invidiam</strong></span> <span class='ocrx_word' id='word_1_58' title='bbox 731 1039 1476 1109; x_wconf 78' lang='lat' dir='ltr'><strong>conﬂaverit?Quamobrem</strong></span> <span class='ocrx_word' id='word_1_59' title='bbox 1532 1047 1739 1102; x_wconf 77' lang='lat' dir='ltr'><strong>invidia</strong></span> <span class='ocrx_word' id='word_1_60' title='bbox 1785 1050 2008 1113; x_wconf 86' lang='lat' dir='ltr'><strong>aberat,</strong></span> 
     </span>
    </p>
   </div>
   <div class='ocr_carea' id='block_1_12' title="bbox 431 1126 2006 1199">
    <p class='ocr_par' dir='ltr' id='par_1_12' title="bbox 431 1126 2006 1199">
     <span class='ocr_line' id='line_1_12' title="bbox 431 1126 2006 1199; baseline 0.01 -22"><span class='ocrx_word' id='word_1_61' title='bbox 431 1126 637 1195; x_wconf 81' lang='lat' dir='ltr'><strong>utquis</strong></span> <span class='ocrx_word' id='word_1_62' title='bbox 665 1128 845 1184; x_wconf 88' lang='lat' dir='ltr'><strong>victus</strong></span> <span class='ocrx_word' id='word_1_63' title='bbox 872 1141 1055 1196; x_wconf 85' lang='lat' dir='ltr'><strong>esset;</strong></span> <span class='ocrx_word' id='word_1_64' title='bbox 1089 1132 1279 1187; x_wconf 85' lang='lat' dir='ltr'><strong>aderat</strong></span> <span class='ocrx_word' id='word_1_65' title='bbox 1312 1149 1441 1187; x_wconf 84' lang='lat' dir='ltr'><strong>vero</strong></span> <span class='ocrx_word' id='word_1_66' title='bbox 1475 1137 1679 1192; x_wconf 78' lang='lat' dir='ltr'><strong>amoris</strong></span> <span class='ocrx_word' id='word_1_67' title='bbox 1735 1140 2006 1199; x_wconf 84' lang='lat' dir='ltr'><strong>accessio.</strong></span> 
     </span>
    </p>
   </div>
   <div class='ocr_carea' id='block_1_13' title="bbox 430 1218 2011 1291">
    <p class='ocr_par' dir='ltr' id='par_1_13' title="bbox 430 1218 2011 1291">
     <span class='ocr_line' id='line_1_13' title="bbox 430 1218 2011 1291; baseline 0.009 -21"><span class='ocrx_word' id='word_1_68' title='bbox 430 1233 595 1286; x_wconf 79' lang='lat' dir='ltr'><strong>quam</strong></span> <span class='ocrx_word' id='word_1_69' title='bbox 620 1218 741 1289; x_wconf 81' lang='lat' dir='ltr'><strong>ejus</strong></span> <span class='ocrx_word' id='word_1_70' title='bbox 782 1236 981 1276; x_wconf 83' lang='lat' dir='ltr'><strong>novum</strong></span> <span class='ocrx_word' id='word_1_71' title='bbox 1002 1225 1274 1280; x_wconf 80' lang='lat' dir='ltr'><strong>accedens</strong></span> <span class='ocrx_word' id='word_1_72' title='bbox 1296 1226 1588 1283; x_wconf 79' lang='lat' dir='ltr'><strong>admiratio</strong></span> <span class='ocrx_word' id='word_1_73' title='bbox 1622 1228 2011 1291; x_wconf 83' lang='lat' dir='ltr'><strong>faceret;uni-</strong></span> 
     </span>
    </p>
   </div>
   <div class='ocr_carea' id='block_1_14' title="bbox 430 1311 1474 1381">
    <p class='ocr_par' dir='ltr' id='par_1_14' title="bbox 430 1311 1474 1381">
     <span class='ocr_line' id='line_1_14' title="bbox 430 1311 1474 1381; baseline 0.011 -19"><span class='ocrx_word' id='word_1_74' title='bbox 430 1311 689 1381; x_wconf 85' lang='lat' dir='ltr'><strong>versique</strong></span> <span class='ocrx_word' id='word_1_75' title='bbox 713 1312 830 1380; x_wconf 76' lang='lat' dir='ltr'><strong>eius</strong></span> <span class='ocrx_word' id='word_1_76' title='bbox 860 1314 1174 1377; x_wconf 72' lang='lat' dir='ltr'><strong>gaudebant</strong></span> <span class='ocrx_word' id='word_1_77' title='bbox 1199 1317 1474 1376; x_wconf 73' lang='lat' dir='ltr'><strong>victoriis.</strong></span> 
     </span>
    </p>
   </div>
   <div class='ocr_carea' id='block_1_15' title="bbox 503 1400 2011 1475">
    <p class='ocr_par' dir='ltr' id='par_1_15' title="bbox 503 1400 2011 1475">
     <span class='ocr_line' id='line_1_15' title="bbox 503 1400 2011 1475; baseline 0.007 -20"><span class='ocrx_word' id='word_1_78' title='bbox 503 1400 639 1455; x_wconf 88' lang='lat' dir='ltr'><strong>Cum</strong></span> <span class='ocrx_word' id='word_1_79' title='bbox 675 1411 803 1456; x_wconf 83' lang='lat' dir='ltr'><strong>natu</strong></span> <span class='ocrx_word' id='word_1_80' title='bbox 831 1403 1094 1460; x_wconf 90' lang='lat' dir='ltr'><strong>minimus</strong></span> <span class='ocrx_word' id='word_1_81' title='bbox 1150 1408 1376 1463; x_wconf 81' lang='lat' dir='ltr'><strong>fratrum</strong></span> <span class='ocrx_word' id='word_1_82' title='bbox 1428 1418 1594 1475; x_wconf 71' lang='lat' dir='ltr'><strong>esset,</strong></span> <span class='ocrx_word' id='word_1_83' title='bbox 1652 1412 1786 1467; x_wconf 86' lang='lat' dir='ltr'><strong>nulli</strong></span> <span class='ocrx_word' id='word_1_84' title='bbox 1830 1422 2011 1467; x_wconf 87' lang='lat' dir='ltr'><strong>tamen</strong></span> 
     </span>
    </p>
   </div>
   <div class='ocr_carea' id='block_1_16' title="bbox 432 1494 2013 1572">
    <p class='ocr_par' dir='ltr' id='par_1_16' title="bbox 432 1494 2013 1572">
     <span class='ocr_line' id='line_1_16' title="bbox 432 1494 2013 1572; baseline 0.009 -25"><span class='ocrx_word' id='word_1_85' title='bbox 432 1494 621 1572; x_wconf 84' lang='lat' dir='ltr'><strong>cessit,</strong></span> <span class='ocrx_word' id='word_1_86' title='bbox 642 1503 701 1550; x_wconf 92' lang='lat' dir='ltr'><strong>ut</strong></span> <span class='ocrx_word' id='word_1_87' title='bbox 726 1510 788 1551; x_wconf 89' lang='lat' dir='ltr'><strong>ea</strong></span> <span class='ocrx_word' id='word_1_88' title='bbox 816 1507 1052 1564; x_wconf 82' lang='lat' dir='ltr'><strong>spectes,</strong></span> <span class='ocrx_word' id='word_1_89' title='bbox 1096 1500 1298 1569; x_wconf 80' lang='lat' dir='ltr'><strong>quibus</strong></span> <span class='ocrx_word' id='word_1_90' title='bbox 1341 1502 1469 1572; x_wconf 84' lang='lat' dir='ltr'><strong>quis</strong></span> <span class='ocrx_word' id='word_1_91' title='bbox 1524 1502 1868 1561; x_wconf 85' lang='lat' dir='ltr'><strong>admirabilis</strong></span> <span class='ocrx_word' id='word_1_92' title='bbox 1918 1507 2013 1561; x_wconf 90' lang='lat' dir='ltr'><strong>sit.</strong></span> 
     </span>
    </p>
   </div>
   <div class='ocr_carea' id='block_1_17' title="bbox 430 1568 2017 1665">
    <p class='ocr_par' dir='ltr' id='par_1_17' title="bbox 430 1568 2017 1665">
     <span class='ocr_line' id='line_1_17' title="bbox 430 1568 2017 1665; baseline 0.009 -27"><span class='ocrx_word' id='word_1_93' title='bbox 430 1568 568 1639; x_wconf 80' lang='lat' dir='ltr'><strong>Nam</strong></span> <span class='ocrx_word' id='word_1_94' title='bbox 590 1596 710 1641; x_wconf 88' lang='lat' dir='ltr'><strong>erat</strong></span> <span class='ocrx_word' id='word_1_95' title='bbox 733 1587 992 1655; x_wconf 85' lang='lat' dir='ltr'><strong>prudens,</strong></span> <span class='ocrx_word' id='word_1_96' title='bbox 1016 1568 1237 1658; x_wconf 77' lang='lat' dir='ltr'><strong>justus,</strong></span> <span class='ocrx_word' id='word_1_97' title='bbox 1289 1568 1447 1648; x_wconf 73' lang='lat' dir='ltr'><strong>fortis</strong></span> <span class='ocrx_word' id='word_1_98' title='bbox 1476 1609 1578 1658; x_wconf 87' lang='lat' dir='ltr'><strong>;ac</strong></span> <span class='ocrx_word' id='word_1_99' title='bbox 1604 1597 1683 1650; x_wconf 87' lang='lat' dir='ltr'><strong>vel</strong></span> <span class='ocrx_word' id='word_1_100' title='bbox 1705 1597 1757 1650; x_wconf 90' lang='lat' dir='ltr'><strong>in</strong></span> <span class='ocrx_word' id='word_1_101' title='bbox 1785 1599 1872 1664; x_wconf 87' lang='lat' dir='ltr'><strong>iis,</strong></span> <span class='ocrx_word' id='word_1_102' title='bbox 1893 1613 2017 1665; x_wconf 83' lang='lat' dir='ltr'><strong>quae</strong></span> 
     </span>
    </p>
   </div>
   <div class='ocr_carea' id='block_1_18' title="bbox 435 1677 2018 1759">
    <p class='ocr_par' dir='ltr' id='par_1_18' title="bbox 435 1677 2018 1759">
     <span class='ocr_line' id='line_1_18' title="bbox 435 1677 2018 1759; baseline 0.009 -31"><span class='ocrx_word' id='word_1_103' title='bbox 435 1677 675 1731; x_wconf 82' lang='lat' dir='ltr'><strong>maxime</strong></span> <span class='ocrx_word' id='word_1_104' title='bbox 700 1681 959 1734; x_wconf 79' lang='lat' dir='ltr'><strong>terrendo</strong></span> <span class='ocrx_word' id='word_1_105' title='bbox 992 1681 1310 1751; x_wconf 83' lang='lat' dir='ltr'><strong>videantur,</strong></span> <span class='ocrx_word' id='word_1_106' title='bbox 1336 1685 1522 1741; x_wconf 80' lang='lat' dir='ltr'><strong>inflexi</strong></span> <span class='ocrx_word' id='word_1_107' title='bbox 1575 1689 1816 1757; x_wconf 88' lang='lat' dir='ltr'><strong>pectoris</strong></span> <span class='ocrx_word' id='word_1_108' title='bbox 1853 1707 1868 1743; x_wconf 85' lang='lat'><strong>:</strong></span> <span class='ocrx_word' id='word_1_109' title='bbox 1904 1691 2018 1759; x_wconf 80' lang='lat' dir='ltr'><strong>ple-</strong></span> 
     </span>
    </p>
   </div>
   <div class='ocr_carea' id='block_1_19' title="bbox 433 1770 2019 1848">
    <p class='ocr_par' dir='ltr' id='par_1_19' title="bbox 433 1770 2019 1848">
     <span class='ocr_line' id='line_1_19' title="bbox 433 1770 2019 1848; baseline 0.006 -26"><span class='ocrx_word' id='word_1_110' title='bbox 433 1783 636 1837; x_wconf 88' lang='lat' dir='ltr'><strong>rasque</strong></span> <span class='ocrx_word' id='word_1_111' title='bbox 652 1770 960 1841; x_wconf 75' lang='lat' dir='ltr'><strong>voluptates</strong></span> <span class='ocrx_word' id='word_1_112' title='bbox 978 1772 1102 1841; x_wconf 87' lang='lat' dir='ltr'><strong>(nec</strong></span> <span class='ocrx_word' id='word_1_113' title='bbox 1131 1775 1278 1830; x_wconf 90' lang='lat' dir='ltr'><strong>enim</strong></span> <span class='ocrx_word' id='word_1_114' title='bbox 1296 1792 1471 1848; x_wconf 86' lang='lat' dir='ltr'><strong>usque</strong></span> <span class='ocrx_word' id='word_1_115' title='bbox 1494 1779 1631 1833; x_wconf 85' lang='lat' dir='ltr'><strong>adeo</strong></span> <span class='ocrx_word' id='word_1_116' title='bbox 1658 1788 1775 1836; x_wconf 87' lang='lat' dir='ltr'><strong>erat</strong></span> <span class='ocrx_word' id='word_1_117' title='bbox 1798 1781 2019 1836; x_wconf 81' lang='lat' dir='ltr'><strong>homine</strong></span> 
     </span>
    </p>
   </div>
   <div class='ocr_carea' id='block_1_20' title="bbox 2110 585 3692 659">
    <p class='ocr_par' dir='ltr' id='par_1_20' title="bbox 2110 585 3692 659">
     <span class='ocr_line' id='line_1_20' title="bbox 2110 585 3692 659; baseline 0.002 -20"><span class='ocrx_word' id='word_1_118' title='bbox 2110 587 2234 641; x_wconf 86' lang='grc' dir='ltr'>σθαι</span> <span class='ocrx_word' id='word_1_119' title='bbox 2293 586 2524 657; x_wconf 85' lang='grc' dir='ltr'>φθόνον;</span> <span class='ocrx_word' id='word_1_120' title='bbox 2556 585 2882 640; x_wconf 82' lang='grc' dir='ltr'>Τούναντίον</span> <span class='ocrx_word' id='word_1_121' title='bbox 2943 587 3040 656; x_wconf 77' lang='grc' dir='ltr'>μὲν</span> <span class='ocrx_word' id='word_1_122' title='bbox 3067 586 3180 653; x_wconf 78' lang='grc' dir='ltr'>οὖν,</span> <span class='ocrx_word' id='word_1_123' title='bbox 3232 589 3259 640; x_wconf 90' lang='grc' dir='ltr'><strong>ό</strong></span> <span class='ocrx_word' id='word_1_124' title='bbox 3299 588 3409 659; x_wconf 71' lang='grc' dir='ltr'><strong>γάρ</strong></span> <span class='ocrx_word' id='word_1_125' title='bbox 3444 587 3692 659; x_wconf 82' lang='grc' dir='ltr'>ὑπερϐε-</span> 
     </span>
    </p>
   </div>
   <div class='ocr_carea' id='block_1_21' title="bbox 2108 677 3694 751">
    <p class='ocr_par' dir='ltr' id='par_1_21' title="bbox 2108 677 3694 751">
     <span class='ocr_line' id='line_1_21' title="bbox 2108 677 3694 751; baseline 0.003 -20"><span class='ocrx_word' id='word_1_126' title='bbox 2108 679 2295 749; x_wconf 84' lang='grc' dir='ltr'>ϐηκὼς</span> <span class='ocrx_word' id='word_1_127' title='bbox 2318 679 2518 748; x_wconf 81' lang='grc' dir='ltr'>κομιδῆ</span> <span class='ocrx_word' id='word_1_128' title='bbox 2564 678 2745 747; x_wconf 82' lang='grc' dir='ltr'>φθόνῳ</span> <span class='ocrx_word' id='word_1_129' title='bbox 2777 677 2877 748; x_wconf 87' lang='grc' dir='ltr'><strong>οὐχ</strong></span> <span class='ocrx_word' id='word_1_130' title='bbox 2930 678 3251 734; x_wconf 74' lang='grc' dir='ltr'>ὑποπίπτει.</span> <span class='ocrx_word' id='word_1_131' title='bbox 3286 678 3361 733; x_wconf 78' lang='grc' dir='ltr'>Τὸ</span> <span class='ocrx_word' id='word_1_132' title='bbox 3389 679 3498 751; x_wconf 74' lang='grc' dir='ltr'>γὰρ</span> <span class='ocrx_word' id='word_1_133' title='bbox 3545 680 3694 735; x_wconf 73' lang='grc' dir='ltr'>πολὺ</span> 
     </span>
    </p>
   </div>
   <div class='ocr_carea' id='block_1_22' title="bbox 2110 770 3688 841">
    <p class='ocr_par' dir='ltr' id='par_1_22' title="bbox 2110 770 3688 841">
     <span class='ocr_line' id='line_1_22' title="bbox 2110 770 3688 841; baseline 0.003 -19"><span class='ocrx_word' id='word_1_134' title='bbox 2110 770 2531 841; x_wconf 76' lang='grc' dir='ltr'>θαυμαζόμενον</span> <span class='ocrx_word' id='word_1_135' title='bbox 2566 770 2705 824; x_wconf 77' lang='grc' dir='ltr'>πολὺ</span> <span class='ocrx_word' id='word_1_136' title='bbox 2767 770 3043 840; x_wconf 76' lang='grc' dir='ltr'>φιλεῖσθαι</span> <span class='ocrx_word' id='word_1_137' title='bbox 3098 772 3218 827; x_wconf 87' lang='grc' dir='ltr'>δέον</span> <span class='ocrx_word' id='word_1_138' title='bbox 3270 772 3419 825; x_wconf 72' lang='grc' dir='ltr'>ἐστί’</span> <span class='ocrx_word' id='word_1_139' title='bbox 3481 774 3578 828; x_wconf 74' lang='grc' dir='ltr'>καὶ</span> <span class='ocrx_word' id='word_1_140' title='bbox 3618 775 3688 827; x_wconf 74' lang='grc' dir='ltr'>τὸ</span> 
     </span>
    </p>
   </div>
   <div class='ocr_carea' id='block_1_23' title="bbox 2110 862 3689 935">
    <p class='ocr_par' dir='ltr' id='par_1_23' title="bbox 2110 862 3689 935">
     <span class='ocr_line' id='line_1_23' title="bbox 2110 862 3689 935; baseline 0.001 -19"><span class='ocrx_word' id='word_1_141' title='bbox 2110 864 2317 935; x_wconf 82' lang='grc' dir='ltr'>σφόδρα</span> <span class='ocrx_word' id='word_1_142' title='bbox 2371 863 2600 933; x_wconf 74' lang='grc' dir='ltr'>φιλητὸν</span> <span class='ocrx_word' id='word_1_143' title='bbox 2646 862 2766 926; x_wconf 85' lang='grc' dir='ltr'><strong>πῶς</strong></span> <span class='ocrx_word' id='word_1_144' title='bbox 2832 863 2899 917; x_wconf 72' lang='grc' dir='ltr'><strong>ἂν</strong></span> <span class='ocrx_word' id='word_1_145' title='bbox 2952 863 3280 934; x_wconf 77' lang='grc' dir='ltr'>εὐδοκιμοῦν</span> <span class='ocrx_word' id='word_1_146' title='bbox 3345 865 3689 935; x_wconf 83' lang='grc' dir='ltr'>φθονηθείη;</span> 
     </span>
    </p>
   </div>
   <div class='ocr_carea' id='block_1_24' title="bbox 2112 956 3687 1027">
    <p class='ocr_par' dir='ltr' id='par_1_24' title="bbox 2112 956 3687 1027">
     <span class='ocr_line' id='line_1_24' title="bbox 2112 956 3687 1027; baseline -0.001 -16"><span class='ocrx_word' id='word_1_147' title='bbox 2112 957 2267 1011; x_wconf 71' lang='grc' dir='ltr'>Ὢσθ*</span> <span class='ocrx_word' id='word_1_148' title='bbox 2318 958 2347 1008; x_wconf 80' lang='grc' dir='ltr'><strong>ὁ</strong></span> <span class='ocrx_word' id='word_1_149' title='bbox 2374 956 2571 1026; x_wconf 88' lang='grc' dir='ltr'>φθόνος</span> <span class='ocrx_word' id='word_1_150' title='bbox 2600 957 2705 1026; x_wconf 72' lang='grc' dir='ltr'>μὲν</span> <span class='ocrx_word' id='word_1_151' title='bbox 2756 956 2929 1024; x_wconf 76' lang='grc' dir='ltr'>ἀπῆν,</span> <span class='ocrx_word' id='word_1_152' title='bbox 2975 956 3138 1010; x_wconf 81' lang='grc' dir='ltr'><strong>ὁπότε</strong></span> <span class='ocrx_word' id='word_1_153' title='bbox 3186 958 3255 1026; x_wconf 82' lang='grc' dir='ltr'><strong>γέ</strong></span> <span class='ocrx_word' id='word_1_154' title='bbox 3309 974 3395 1020; x_wconf 88' lang='grc' dir='ltr'><strong>τις</strong></span> <span class='ocrx_word' id='word_1_155' title='bbox 3426 956 3640 1027; x_wconf 70' lang='grc' dir='ltr'>ἡττιῖιτο</span> <span class='ocrx_word' id='word_1_156' title='bbox 3669 972 3687 987; x_wconf 82' lang='grc'><em>’</em></span> 
     </span>
    </p>
   </div>
   <div class='ocr_carea' id='block_1_25' title="bbox 2111 1046 3690 1119">
    <p class='ocr_par' dir='ltr' id='par_1_25' title="bbox 2111 1046 3690 1119">
     <span class='ocr_line' id='line_1_25' title="bbox 2111 1046 3690 1119; baseline -0.001 -18"><span class='ocrx_word' id='word_1_157' title='bbox 2111 1048 2324 1119; x_wconf 80' lang='grc' dir='ltr'>προσῆν</span> <span class='ocrx_word' id='word_1_158' title='bbox 2361 1048 2419 1102; x_wconf 80' lang='grc' dir='ltr'><strong>δὲ</strong></span> <span class='ocrx_word' id='word_1_159' title='bbox 2451 1047 2681 1117; x_wconf 75' lang='grc' dir='ltr'><strong>φίλτρου</strong></span> <span class='ocrx_word' id='word_1_160' title='bbox 2708 1048 3024 1117; x_wconf 84' lang='grc' dir='ltr'>προσθήκη.</span> <span class='ocrx_word' id='word_1_161' title='bbox 3044 1046 3123 1118; x_wconf 80' lang='grc' dir='ltr'>τῷ</span> <span class='ocrx_word' id='word_1_162' title='bbox 3154 1047 3285 1117; x_wconf 70' lang='grc' dir='ltr'>περὶ</span> <span class='ocrx_word' id='word_1_163' title='bbox 3306 1047 3520 1100; x_wconf 60' lang='grc' dir='ltr'>ἐκεῖνον</span> <span class='ocrx_word' id='word_1_164' title='bbox 3541 1063 3690 1115; x_wconf 82' lang='grc' dir='ltr'>συμ-</span> 
     </span>
    </p>
   </div>
   <div class='ocr_carea' id='block_1_26' title="bbox 2112 1139 3691 1211">
    <p class='ocr_par' dir='ltr' id='par_1_26' title="bbox 2112 1139 3691 1211">
     <span class='ocr_line' id='line_1_26' title="bbox 2112 1139 3691 1211; baseline -0.001 -18"><span class='ocrx_word' id='word_1_165' title='bbox 2112 1141 2379 1195; x_wconf 86' lang='grc' dir='ltr'>ϐαίνουσα</span> <span class='ocrx_word' id='word_1_166' title='bbox 2410 1139 2654 1210; x_wconf 75' lang='grc' dir='ltr'><strong>θαύματι</strong></span> <span class='ocrx_word' id='word_1_167' title='bbox 2674 1181 2689 1201; x_wconf 89' lang='grc'><strong>.</strong></span> <span class='ocrx_word' id='word_1_168' title='bbox 2723 1139 2819 1195; x_wconf 81' lang='grc' dir='ltr'>καὶ</span> <span class='ocrx_word' id='word_1_169' title='bbox 2846 1141 2959 1202; x_wconf 89' lang='grc' dir='ltr'>τοῖς</span> <span class='ocrx_word' id='word_1_170' title='bbox 2997 1139 3210 1194; x_wconf 67' lang='grc' dir='ltr'>ἐκείνου</span> <span class='ocrx_word' id='word_1_171' title='bbox 3241 1139 3691 1211; x_wconf 77' lang='grc' dir='ltr'><strong>πλεονεκτήμασι</strong></span> 
     </span>
    </p>
   </div>
   <div class='ocr_carea' id='block_1_27' title="bbox 2115 1231 2591 1304">
    <p class='ocr_par' dir='ltr' id='par_1_27' title="bbox 2115 1231 2591 1304">
     <span class='ocr_line' id='line_1_27' title="bbox 2115 1231 2591 1304; baseline 0.002 -18"><span class='ocrx_word' id='word_1_172' title='bbox 2115 1234 2316 1296; x_wconf 86' lang='grc' dir='ltr'>πάντες</span> <span class='ocrx_word' id='word_1_173' title='bbox 2346 1231 2591 1304; x_wconf 70' lang='grc' dir='ltr'>ἔχαιρον.</span> 
     </span>
    </p>
   </div>
   <div class='ocr_carea' id='block_1_28' title="bbox 2193 1407 3701 1481">
    <p class='ocr_par' dir='ltr' id='par_1_28' title="bbox 2193 1407 3701 1481">
     <span class='ocr_line' id='line_1_28' title="bbox 2193 1407 3701 1481; baseline -0.002 -19"><span class='ocrx_word' id='word_1_174' title='bbox 2193 1411 2289 1462; x_wconf 79' lang='grc' dir='ltr'><strong>’Ὠν</strong></span> <span class='ocrx_word' id='word_1_175' title='bbox 2318 1408 2375 1463; x_wconf 78' lang='grc' dir='ltr'>δὲ</span> <span class='ocrx_word' id='word_1_176' title='bbox 2410 1408 2489 1479; x_wconf 80' lang='grc' dir='ltr'>τῷ</span> <span class='ocrx_word' id='word_1_177' title='bbox 2511 1410 2694 1481; x_wconf 83' lang='grc' dir='ltr'>χρόνῳ</span> <span class='ocrx_word' id='word_1_178' title='bbox 2744 1407 2978 1475; x_wconf 75' lang='grc' dir='ltr'>ὕστατος</span> <span class='ocrx_word' id='word_1_179' title='bbox 3015 1411 3123 1463; x_wconf 85' lang='grc' dir='ltr'><strong>τῶν</strong></span> <span class='ocrx_word' id='word_1_180' title='bbox 3158 1408 3422 1479; x_wconf 81' lang='grc' dir='ltr'><strong>ἀδελφῶν,</strong></span> <span class='ocrx_word' id='word_1_181' title='bbox 3474 1410 3701 1473; x_wconf 80' lang='grc' dir='ltr'>ούόενος</span> 
     </span>
    </p>
   </div>
   <div class='ocr_carea' id='block_1_29' title="bbox 2113 1494 3700 1573">
    <p class='ocr_par' dir='ltr' id='par_1_29' title="bbox 2113 1494 3700 1573">
     <span class='ocr_line' id='line_1_29' title="bbox 2113 1494 3700 1573; baseline 0.002 -19"><span class='ocrx_word' id='word_1_182' title='bbox 2113 1497 2183 1573; x_wconf 77' lang='grc' dir='ltr'>ἦν</span> <span class='ocrx_word' id='word_1_183' title='bbox 2220 1502 2471 1572; x_wconf 80' lang='grc' dir='ltr'><strong>ὕστερος,</strong></span> <span class='ocrx_word' id='word_1_184' title='bbox 2519 1504 2610 1572; x_wconf 75' lang='grc' dir='ltr'><strong>ἐφ’</strong></span> <span class='ocrx_word' id='word_1_185' title='bbox 2639 1494 2722 1567; x_wconf 75' lang='grc' dir='ltr'>οἷς</span> <span class='ocrx_word' id='word_1_186' title='bbox 2770 1520 2856 1567; x_wconf 87' lang='grc' dir='ltr'><strong>τις</strong></span> <span class='ocrx_word' id='word_1_187' title='bbox 2880 1503 2948 1558; x_wconf 82' lang='grc' dir='ltr'><strong>ἂν</strong></span> <span class='ocrx_word' id='word_1_188' title='bbox 2990 1505 3201 1573; x_wconf 87' lang='grc' dir='ltr'>φιλοίτο</span> <span class='ocrx_word' id='word_1_189' title='bbox 3254 1503 3700 1573; x_wconf 79' lang='grc' dir='ltr'><strong>θαυμαζόμενος.</strong></span> 
     </span>
    </p>
   </div>
   <div class='ocr_carea' id='block_1_30' title="bbox 2113 1588 3702 1665">
    <p class='ocr_par' dir='ltr' id='par_1_30' title="bbox 2113 1588 3702 1665">
     <span class='ocr_line' id='line_1_30' title="bbox 2113 1588 3702 1665; baseline -0.001 -18"><span class='ocrx_word' id='word_1_190' title='bbox 2113 1593 2400 1663; x_wconf 77' lang='grc' dir='ltr'>Νουνεχής</span> <span class='ocrx_word' id='word_1_191' title='bbox 2425 1610 2484 1646; x_wconf 83' lang='grc' dir='ltr'><strong>τε</strong></span> <span class='ocrx_word' id='word_1_192' title='bbox 2518 1594 2631 1665; x_wconf 85' lang='grc' dir='ltr'>γὰρ</span> <span class='ocrx_word' id='word_1_193' title='bbox 2656 1588 2748 1665; x_wconf 78' lang='grc' dir='ltr'>ἦν,</span> <span class='ocrx_word' id='word_1_194' title='bbox 2775 1594 3010 1660; x_wconf 88' lang='grc' dir='ltr'>δίκαιος,</span> <span class='ocrx_word' id='word_1_195' title='bbox 3042 1595 3309 1664; x_wconf 79' lang='grc' dir='ltr'>ἀνδρεῖος,</span> <span class='ocrx_word' id='word_1_196' title='bbox 3340 1594 3563 1664; x_wconf 80' lang='grc' dir='ltr'><strong>ἀκλινὴς</strong></span> <span class='ocrx_word' id='word_1_197' title='bbox 3597 1594 3702 1649; x_wconf 74' lang='grc' dir='ltr'><strong>καὶ</strong></span> 
     </span>
    </p>
   </div>
   <div class='ocr_carea' id='block_1_31' title="bbox 2119 1686 3701 1758">
    <p class='ocr_par' dir='ltr' id='par_1_31' title="bbox 2119 1686 3701 1758">
     <span class='ocr_line' id='line_1_31' title="bbox 2119 1686 3701 1758; baseline 0.001 -21"><span class='ocrx_word' id='word_1_198' title='bbox 2119 1687 2233 1747; x_wconf 85' lang='grc' dir='ltr'>τοῖς</span> <span class='ocrx_word' id='word_1_199' title='bbox 2264 1686 2500 1754; x_wconf 84' lang='grc' dir='ltr'>μάλιστα</span> <span class='ocrx_word' id='word_1_200' title='bbox 2542 1686 2824 1757; x_wconf 84' lang='grc' dir='ltr'>φοϐεροῖς,</span> <span class='ocrx_word' id='word_1_201' title='bbox 2856 1686 2966 1741; x_wconf 84' lang='grc' dir='ltr'><strong>τῶν</strong></span> <span class='ocrx_word' id='word_1_202' title='bbox 3019 1687 3285 1741; x_wconf 84' lang='grc' dir='ltr'>πλειόνων</span> <span class='ocrx_word' id='word_1_203' title='bbox 3344 1686 3571 1758; x_wconf 79' lang='grc' dir='ltr'>ἡδονῶν,</span> <span class='ocrx_word' id='word_1_204' title='bbox 3630 1687 3701 1739; x_wconf 78' lang='grc' dir='ltr'>οὐ</span> 
     </span>
    </p>
   </div>
   <div class='ocr_carea' id='block_1_32' title="bbox 2118 1776 3702 1851">
    <p class='ocr_par' dir='ltr' id='par_1_32' title="bbox 2118 1776 3702 1851">
     <span class='ocr_line' id='line_1_32' title="bbox 2118 1776 3702 1851; baseline 0.001 -21"><span class='ocrx_word' id='word_1_205' title='bbox 2118 1778 2227 1848; x_wconf 83' lang='grc' dir='ltr'>γὰρ</span> <span class='ocrx_word' id='word_1_206' title='bbox 2263 1779 2404 1848; x_wconf 82' lang='grc' dir='ltr'>ὑπὲρ</span> <span class='ocrx_word' id='word_1_207' title='bbox 2433 1778 2724 1849; x_wconf 79' lang='grc' dir='ltr'>ἄνθρωπον</span> <span class='ocrx_word' id='word_1_208' title='bbox 2767 1776 2858 1850; x_wconf 78' lang='grc' dir='ltr'>ἦν,</span> <span class='ocrx_word' id='word_1_209' title='bbox 2908 1781 2984 1842; x_wconf 85' lang='grc' dir='ltr'>ὡς</span> <span class='ocrx_word' id='word_1_210' title='bbox 3027 1782 3117 1834; x_wconf 79' lang='grc' dir='ltr'><strong>ἀεὶ</strong></span> <span class='ocrx_word' id='word_1_211' title='bbox 3164 1782 3390 1851; x_wconf 79' lang='grc' dir='ltr'>κρατεῖν</span> <span class='ocrx_word' id='word_1_212' title='bbox 3440 1778 3702 1842; x_wconf 81' lang='grc' dir='ltr'>ἁπασῶν,</span> 
     </span>
    </p>
   </div>
   <div class='ocr_carea' id='block_1_33' title="bbox 437 1862 2026 1943">
    <p class='ocr_par' dir='ltr' id='par_1_33' title="bbox 437 1862 2018 1943">
     <span class='ocr_line' id='line_1_33' title="bbox 437 1862 2018 1943; baseline 0.009 -30"><span class='ocrx_word' id='word_1_213' title='bbox 437 1862 631 1931; x_wconf 82' lang='lat' dir='ltr'><strong>major,</strong></span> <span class='ocrx_word' id='word_1_214' title='bbox 665 1871 724 1917; x_wconf 94' lang='lat' dir='ltr'><strong>ut</strong></span> <span class='ocrx_word' id='word_1_215' title='bbox 754 1864 999 1919; x_wconf 87' lang='lat' dir='ltr'><strong>omnium</strong></span> <span class='ocrx_word' id='word_1_216' title='bbox 1052 1881 1266 1936; x_wconf 87' lang='lat' dir='ltr'><strong>semper</strong></span> <span class='ocrx_word' id='word_1_217' title='bbox 1285 1879 1428 1925; x_wconf 85' lang='lat' dir='ltr'><strong>esset</strong></span> <span class='ocrx_word' id='word_1_218' title='bbox 1471 1870 2018 1943; x_wconf 89' lang='lat' dir='ltr'><strong>dominus)omnino</strong></span> 
     </span>
    </p>
   </div>
   <div class='ocr_carea' id='block_1_34' title="bbox 2128 1862 3701 1943">
    <p class='ocr_par' dir='ltr' id='par_1_34' title="bbox 2128 1869 3701 1943">
     <span class='ocr_line' id='line_1_34' title="bbox 2128 1869 3701 1943; baseline 0.001 -22"><span class='ocrx_word' id='word_1_219' title='bbox 2128 1869 2410 1940; x_wconf 79' lang='grc' dir='ltr'>ὑπερορῶν</span> <span class='ocrx_word' id='word_1_220' title='bbox 2449 1871 2771 1926; x_wconf 84' lang='grc' dir='ltr'>παντάπασι</span> <span class='ocrx_word' id='word_1_221' title='bbox 2789 1887 2805 1903; x_wconf 83' lang='lat'><strong><em>°</em></strong></span> <span class='ocrx_word' id='word_1_222' title='bbox 2847 1873 2986 1943; x_wconf 74' lang='grc' dir='ltr'>πρὸς</span> <span class='ocrx_word' id='word_1_223' title='bbox 3011 1872 3069 1926; x_wconf 75' lang='grc' dir='ltr'>δὲ</span> <span class='ocrx_word' id='word_1_224' title='bbox 3096 1872 3196 1934; x_wconf 77' lang='grc' dir='ltr'>τὰς</span> <span class='ocrx_word' id='word_1_225' title='bbox 3222 1871 3509 1939; x_wconf 78' lang='grc' dir='ltr'><strong>ἐγκρατῶς</strong></span> <span class='ocrx_word' id='word_1_226' title='bbox 3533 1872 3701 1939; x_wconf 75' lang='grc' dir='ltr'>ἔχων,</span> 
     </span>
    </p>
   </div>
   <div class='ocr_carea' id='block_1_35' title="bbox 435 1960 2009 2033">
    <p class='ocr_par' dir='ltr' id='par_1_35' title="bbox 435 1960 2009 2033">
     <span class='ocr_line' id='line_1_35' title="bbox 435 1960 2009 2033; baseline 0.01 -27"><span class='ocrx_word' id='word_1_227' title='bbox 435 1968 699 2021; x_wconf 77' lang='lat' dir='ltr'><strong>spernens</strong></span> <span class='ocrx_word' id='word_1_228' title='bbox 727 1972 743 2022; x_wconf 92' lang='lat'><strong>;</strong></span> <span class='ocrx_word' id='word_1_229' title='bbox 771 1960 917 2026; x_wconf 85' lang='lat' dir='ltr'><strong>quod</strong></span> <span class='ocrx_word' id='word_1_230' title='bbox 943 1968 1154 2027; x_wconf 86' lang='lat' dir='ltr'><strong>spectat</strong></span> <span class='ocrx_word' id='word_1_231' title='bbox 1172 1963 1239 2016; x_wconf 88' lang='lat' dir='ltr'><strong>ad</strong></span> <span class='ocrx_word' id='word_1_232' title='bbox 1266 1962 1424 2028; x_wconf 86' lang='lat' dir='ltr'><strong>alias,</strong></span> <span class='ocrx_word' id='word_1_233' title='bbox 1452 1979 1513 2020; x_wconf 84' lang='lat' dir='ltr'><strong>se</strong></span> <span class='ocrx_word' id='word_1_234' title='bbox 1540 1964 1656 2033; x_wconf 86' lang='lat' dir='ltr'><strong>ipse</strong></span> <span class='ocrx_word' id='word_1_235' title='bbox 1679 1968 1968 2022; x_wconf 83' lang='lat' dir='ltr'><strong>continens</strong></span> <span class='ocrx_word' id='word_1_236' title='bbox 1995 1986 2009 2033; x_wconf 88' lang='lat'><strong>;</strong></span> 
     </span>
    </p>
   </div>
   <div class='ocr_carea' id='block_1_36' title="bbox 439 2046 2019 2125">
    <p class='ocr_par' dir='ltr' id='par_1_36' title="bbox 439 2046 2019 2125">
     <span class='ocr_line' id='line_1_36' title="bbox 439 2046 2019 2125; baseline 0.009 -27"><span class='ocrx_word' id='word_1_237' title='bbox 439 2046 580 2100; x_wconf 88' lang='lat' dir='ltr'><strong>haud</strong></span> <span class='ocrx_word' id='word_1_238' title='bbox 596 2062 656 2102; x_wconf 85' lang='lat' dir='ltr'><strong>se</strong></span> <span class='ocrx_word' id='word_1_239' title='bbox 675 2047 878 2106; x_wconf 85' lang='lat' dir='ltr'><strong>dedens</strong></span> <span class='ocrx_word' id='word_1_240' title='bbox 897 2050 1156 2120; x_wconf 76' lang='lat' dir='ltr'><strong>pigritize;</strong></span> <span class='ocrx_word' id='word_1_241' title='bbox 1187 2054 1329 2109; x_wconf 90' lang='lat' dir='ltr'><strong>idem</strong></span> <span class='ocrx_word' id='word_1_242' title='bbox 1350 2056 1464 2125; x_wconf 88' lang='lat' dir='ltr'><strong>ipse</strong></span> <span class='ocrx_word' id='word_1_243' title='bbox 1487 2059 1801 2114; x_wconf 87' lang='lat' dir='ltr'><strong>moderatus</strong></span> <span class='ocrx_word' id='word_1_244' title='bbox 1820 2075 1887 2114; x_wconf 86' lang='lat' dir='ltr'><strong>ac</strong></span> <span class='ocrx_word' id='word_1_245' title='bbox 1908 2077 2019 2113; x_wconf 88' lang='lat' dir='ltr'><strong>ma-</strong></span> 
     </span>
    </p>
   </div>
   <div class='ocr_carea' id='block_1_37' title="bbox 436 2134 2013 2222">
    <p class='ocr_par' dir='ltr' id='par_1_37' title="bbox 436 2134 2013 2222">
     <span class='ocr_line' id='line_1_37' title="bbox 436 2134 2013 2222; baseline 0.011 -33"><span class='ocrx_word' id='word_1_246' title='bbox 436 2134 863 2208; x_wconf 79' lang='lat' dir='ltr'><strong>gniﬁcus;nihil</strong></span> <span class='ocrx_word' id='word_1_247' title='bbox 894 2144 1177 2212; x_wconf 87' lang='lat' dir='ltr'><strong>molestus,</strong></span> <span class='ocrx_word' id='word_1_248' title='bbox 1218 2156 1313 2203; x_wconf 79' lang='lat' dir='ltr'><strong>aut</strong></span> <span class='ocrx_word' id='word_1_249' title='bbox 1367 2149 1663 2222; x_wconf 78' lang='lat' dir='ltr'><strong>quidquam</strong></span> <span class='ocrx_word' id='word_1_250' title='bbox 1697 2151 2013 2209; x_wconf 77' lang='lat' dir='ltr'><strong>intolerabi-</strong></span> 
     </span>
    </p>
   </div>
   <div class='ocr_carea' id='block_1_38' title="bbox 440 2232 2019 2315">
    <p class='ocr_par' dir='ltr' id='par_1_38' title="bbox 440 2232 2019 2315">
     <span class='ocr_line' id='line_1_38' title="bbox 440 2232 2019 2315; baseline 0.011 -31"><span class='ocrx_word' id='word_1_251' title='bbox 440 2232 532 2296; x_wconf 89' lang='lat' dir='ltr'><strong>lis,</strong></span> <span class='ocrx_word' id='word_1_252' title='bbox 562 2233 643 2288; x_wconf 86' lang='lat' dir='ltr'><strong>vel</strong></span> <span class='ocrx_word' id='word_1_253' title='bbox 681 2234 812 2303; x_wconf 86' lang='lat' dir='ltr'><strong>ipsis</strong></span> <span class='ocrx_word' id='word_1_254' title='bbox 828 2239 1228 2306; x_wconf 84' lang='lat' dir='ltr'><strong>quoqueservis</strong></span> <span class='ocrx_word' id='word_1_255' title='bbox 1262 2242 1528 2313; x_wconf 88' lang='lat' dir='ltr'><strong>emptitiis</strong></span> <span class='ocrx_word' id='word_1_256' title='bbox 1555 2262 1567 2298; x_wconf 91' lang='lat'><strong>:</strong></span> <span class='ocrx_word' id='word_1_257' title='bbox 1593 2246 1796 2315; x_wconf 78' lang='lat' dir='ltr'><strong>gravis,</strong></span> <span class='ocrx_word' id='word_1_258' title='bbox 1848 2249 2019 2302; x_wconf 80' lang='lat' dir='ltr'><strong>mitis-</strong></span> 
     </span>
    </p>
   </div>
   <div class='ocr_carea' id='block_1_39' title="bbox 437 2330 2017 2405">
    <p class='ocr_par' dir='ltr' id='par_1_39' title="bbox 437 2330 2017 2405">
     <span class='ocr_line' id='line_1_39' title="bbox 437 2330 2017 2405; baseline 0.011 -30"><span class='ocrx_word' id='word_1_259' title='bbox 437 2330 893 2391; x_wconf 73' lang='lat' dir='ltr'><strong>que;mconomia</strong></span> <span class='ocrx_word' id='word_1_260' title='bbox 914 2341 1200 2399; x_wconf 80' lang='lat' dir='ltr'><strong>praestans,</strong></span> <span class='ocrx_word' id='word_1_261' title='bbox 1229 2349 1294 2390; x_wconf 90' lang='lat' dir='ltr'><strong>ac</strong></span> <span class='ocrx_word' id='word_1_262' title='bbox 1346 2337 1714 2405; x_wconf 81' lang='lat' dir='ltr'><strong>magnanimis</strong></span> <span class='ocrx_word' id='word_1_263' title='bbox 1745 2354 1761 2402; x_wconf 88' lang='lat'><strong>;</strong></span> <span class='ocrx_word' id='word_1_264' title='bbox 1805 2348 1866 2392; x_wconf 91' lang='lat' dir='ltr'><strong>ut</strong></span> <span class='ocrx_word' id='word_1_265' title='bbox 1907 2340 2017 2393; x_wconf 78' lang='lat' dir='ltr'><strong>ali-</strong></span> 
     </span>
    </p>
   </div>
   <div class='ocr_carea' id='block_1_40' title="bbox 437 2418 2020 2498">
    <p class='ocr_par' dir='ltr' id='par_1_40' title="bbox 437 2418 2020 2498">
     <span class='ocr_line' id='line_1_40' title="bbox 437 2418 2020 2498; baseline 0.013 -31"><span class='ocrx_word' id='word_1_266' title='bbox 437 2418 657 2486; x_wconf 80' lang='lat' dir='ltr'><strong>quando</strong></span> <span class='ocrx_word' id='word_1_267' title='bbox 674 2419 963 2478; x_wconf 82' lang='lat' dir='ltr'><strong>deficiente</strong></span> <span class='ocrx_word' id='word_1_268' title='bbox 989 2422 1205 2480; x_wconf 80' lang='lat' dir='ltr'><strong>fortuna</strong></span> <span class='ocrx_word' id='word_1_269' title='bbox 1236 2426 1302 2481; x_wconf 87' lang='lat' dir='ltr'><strong>ad</strong></span> <span class='ocrx_word' id='word_1_270' title='bbox 1322 2426 1557 2482; x_wconf 75' lang='lat' dir='ltr'><strong>Romani</strong></span> <span class='ocrx_word' id='word_1_271' title='bbox 1585 2429 1798 2498; x_wconf 88' lang='lat' dir='ltr'><strong>imperii</strong></span> <span class='ocrx_word' id='word_1_272' title='bbox 1827 2432 2020 2487; x_wconf 85' lang='lat' dir='ltr'><strong>hostes</strong></span> 
     </span>
    </p>
   </div>
   <div class='ocr_carea' id='block_1_41' title="bbox 438 2511 2024 2591">
    <p class='ocr_par' dir='ltr' id='par_1_41' title="bbox 438 2511 2024 2591">
     <span class='ocr_line' id='line_1_41' title="bbox 438 2511 2024 2591; baseline 0.009 -28"><span class='ocrx_word' id='word_1_273' title='bbox 438 2511 544 2580; x_wconf 81' lang='lat' dir='ltr'><strong>(sic</strong></span> <span class='ocrx_word' id='word_1_274' title='bbox 571 2514 715 2566; x_wconf 87' lang='lat' dir='ltr'><strong>enim</strong></span> <span class='ocrx_word' id='word_1_275' title='bbox 753 2514 842 2568; x_wconf 89' lang='lat' dir='ltr'><strong>illa</strong></span> <span class='ocrx_word' id='word_1_276' title='bbox 874 2517 1118 2572; x_wconf 85' lang='lat' dir='ltr'><strong>solemne</strong></span> <span class='ocrx_word' id='word_1_277' title='bbox 1138 2518 1345 2591; x_wconf 84' lang='lat' dir='ltr'><strong>habet),</strong></span> <span class='ocrx_word' id='word_1_278' title='bbox 1407 2521 1549 2577; x_wconf 87' lang='lat' dir='ltr'><strong>idem</strong></span> <span class='ocrx_word' id='word_1_279' title='bbox 1596 2522 1710 2591; x_wconf 91' lang='lat' dir='ltr'><strong>ipse</strong></span> <span class='ocrx_word' id='word_1_280' title='bbox 1767 2525 2024 2578; x_wconf 85' lang='lat' dir='ltr'><strong>immotus</strong></span> 
     </span>
    </p>
   </div>
   <div class='ocr_carea' id='block_1_42' title="bbox 437 2608 2022 2686">
    <p class='ocr_par' dir='ltr' id='par_1_42' title="bbox 437 2608 2022 2686">
     <span class='ocr_line' id='line_1_42' title="bbox 437 2608 2022 2686; baseline 0.008 -30"><span class='ocrx_word' id='word_1_281' title='bbox 437 2608 1058 2675; x_wconf 56' lang='lat' dir='ltr'><strong>permanserincadem</strong></span> <span class='ocrx_word' id='word_1_282' title='bbox 1110 2612 1177 2665; x_wconf 86' lang='lat' dir='ltr'><strong>ad</strong></span> <span class='ocrx_word' id='word_1_283' title='bbox 1236 2613 1416 2680; x_wconf 84' lang='lat' dir='ltr'><strong>ipsum</strong></span> <span class='ocrx_word' id='word_1_284' title='bbox 1472 2617 1739 2671; x_wconf 85' lang='lat' dir='ltr'><strong>redeunte</strong></span> <span class='ocrx_word' id='word_1_285' title='bbox 1795 2616 2022 2686; x_wconf 85' lang='lat' dir='ltr'><strong>(gaudet</strong></span> 
     </span>
    </p>
   </div>
   <div class='ocr_carea' id='block_1_43' title="bbox 438 2695 2025 2775">
    <p class='ocr_par' dir='ltr' id='par_1_43' title="bbox 438 2695 2025 2775">
     <span class='ocr_line' id='line_1_43' title="bbox 438 2695 2025 2775; baseline 0.008 -26"><span class='ocrx_word' id='word_1_286' title='bbox 438 2695 583 2750; x_wconf 85' lang='lat' dir='ltr'><strong>enim</strong></span> <span class='ocrx_word' id='word_1_287' title='bbox 604 2712 823 2769; x_wconf 88' lang='lat' dir='ltr'><strong>semper</strong></span> <span class='ocrx_word' id='word_1_288' title='bbox 856 2704 1294 2775; x_wconf 84' lang='lat' dir='ltr'><strong>mu&#39;ationibus)</strong></span> <span class='ocrx_word' id='word_1_289' title='bbox 1332 2724 1345 2771; x_wconf 90' lang='lat'><strong>;</strong></span> <span class='ocrx_word' id='word_1_290' title='bbox 1378 2707 1513 2762; x_wconf 86' lang='lat' dir='ltr'><strong>nihil</strong></span> <span class='ocrx_word' id='word_1_291' title='bbox 1548 2709 1673 2762; x_wconf 85' lang='lat' dir='ltr'><strong>inde</strong></span> <span class='ocrx_word' id='word_1_292' title='bbox 1705 2709 1874 2762; x_wconf 84' lang='lat' dir='ltr'><strong>altum</strong></span> <span class='ocrx_word' id='word_1_293' title='bbox 1933 2724 2025 2762; x_wconf 79' lang='lat' dir='ltr'><strong>sa—</strong></span> 
     </span>
    </p>
   </div>
   <div class='ocr_carea' id='block_1_44' title="bbox 440 2791 2014 2866">
    <p class='ocr_par' dir='ltr' id='par_1_44' title="bbox 440 2791 2014 2866">
     <span class='ocr_line' id='line_1_44' title="bbox 440 2791 2014 2866; baseline 0.011 -25"><span class='ocrx_word' id='word_1_294' title='bbox 440 2793 639 2857; x_wconf 86' lang='lat' dir='ltr'><strong>puerit.</strong></span> <span class='ocrx_word' id='word_1_295' title='bbox 659 2791 836 2862; x_wconf 75' lang='lat' dir='ltr'><strong>Atque</strong></span> <span class='ocrx_word' id='word_1_296' title='bbox 865 2810 988 2849; x_wconf 85' lang='lat' dir='ltr'><strong>cum</strong></span> <span class='ocrx_word' id='word_1_297' title='bbox 1024 2797 1244 2863; x_wconf 82' lang='lat' dir='ltr'><strong>quidem</strong></span> <span class='ocrx_word' id='word_1_298' title='bbox 1262 2801 1435 2853; x_wconf 85' lang='lat' dir='ltr'><strong>victor</strong></span> <span class='ocrx_word' id='word_1_299' title='bbox 1458 2811 1624 2866; x_wconf 87' lang='lat' dir='ltr'><strong>esset,</strong></span> <span class='ocrx_word' id='word_1_300' title='bbox 1650 2801 1864 2857; x_wconf 75' lang='lat' dir='ltr'><strong>alienus</strong></span> <span class='ocrx_word' id='word_1_301' title='bbox 1894 2813 2014 2858; x_wconf 89' lang='lat' dir='ltr'><strong>erat</strong></span> 
     </span>
    </p>
   </div>
   <div class='ocr_carea' id='block_1_45' title="bbox 436 2881 2027 2964">
    <p class='ocr_par' dir='ltr' id='par_1_45' title="bbox 436 2881 2027 2964">
     <span class='ocr_line' id='line_1_45' title="bbox 436 2881 2027 2964; baseline 0.009 -27"><span class='ocrx_word' id='word_1_302' title='bbox 436 2899 469 2937; x_wconf 71' lang='grc' dir='ltr'><strong>ιι</strong></span> <span class='ocrx_word' id='word_1_303' title='bbox 514 2881 680 2947; x_wconf 82' lang='lat' dir='ltr'><strong>fastu,</strong></span> <span class='ocrx_word' id='word_1_304' title='bbox 707 2887 797 2955; x_wconf 87' lang='lat' dir='ltr'><strong>qui</strong></span> <span class='ocrx_word' id='word_1_305' title='bbox 820 2889 1303 2946; x_wconf 71' lang='lat' dir='ltr'><strong>humanam&#39;vitam</strong></span> <span class='ocrx_word' id='word_1_306' title='bbox 1332 2893 1596 2964; x_wconf 86' lang='lat' dir='ltr'><strong>Euripum</strong></span> <span class='ocrx_word' id='word_1_307' title='bbox 1619 2896 1786 2951; x_wconf 86' lang='lat' dir='ltr'><strong>sciret</strong></span> <span class='ocrx_word' id='word_1_308' title='bbox 1815 2898 2027 2962; x_wconf 86' lang='lat' dir='ltr'><strong>;victus</strong></span> 
     </span>
    </p>
   </div>
   <div class='ocr_carea' id='block_1_46' title="bbox 440 2976 2029 3052">
    <p class='ocr_par' dir='ltr' id='par_1_46' title="bbox 440 2976 2029 3052">
     <span class='ocr_line' id='line_1_46' title="bbox 440 2976 2029 3052; baseline 0.013 -27"><span class='ocrx_word' id='word_1_309' title='bbox 440 2988 594 3038; x_wconf 78' lang='lat' dir='ltr'><strong>vero,</strong></span> <span class='ocrx_word' id='word_1_310' title='bbox 625 2976 762 3030; x_wconf 86' lang='lat' dir='ltr'><strong>nihil</strong></span> <span class='ocrx_word' id='word_1_311' title='bbox 788 2980 1025 3043; x_wconf 75' lang='lat' dir='ltr'><strong>graviori</strong></span> <span class='ocrx_word' id='word_1_312' title='bbox 1054 2982 1212 3035; x_wconf 85' lang='lat' dir='ltr'><strong>ruina</strong></span> <span class='ocrx_word' id='word_1_313' title='bbox 1239 2983 1589 3039; x_wconf 82' lang='lat' dir='ltr'><strong>labasccbat:</strong></span> <span class='ocrx_word' id='word_1_314' title='bbox 1620 3001 1683 3041; x_wconf 86' lang='lat' dir='ltr'><strong>ac</strong></span> <span class='ocrx_word' id='word_1_315' title='bbox 1706 2987 1751 3042; x_wconf 88' lang='lat' dir='ltr'><strong>si</strong></span> <span class='ocrx_word' id='word_1_316' title='bbox 1783 2988 1886 3052; x_wconf 91' lang='lat' dir='ltr'><strong>vis,</strong></span> <span class='ocrx_word' id='word_1_317' title='bbox 1909 3001 2029 3046; x_wconf 88' lang='lat' dir='ltr'><strong>erat</strong></span> 
     </span>
    </p>
   </div>
   <div class='ocr_carea' id='block_1_47' title="bbox 443 3065 2029 3137">
    <p class='ocr_par' dir='ltr' id='par_1_47' title="bbox 443 3065 2029 3137">
     <span class='ocr_line' id='line_1_47' title="bbox 443 3065 2029 3137; baseline 0.013 -20"><span class='ocrx_word' id='word_1_318' title='bbox 443 3065 708 3133; x_wconf 83' lang='lat' dir='ltr'><strong>invictus,</strong></span> <span class='ocrx_word' id='word_1_319' title='bbox 740 3069 826 3123; x_wconf 89' lang='lat' dir='ltr'><strong>cui</strong></span> <span class='ocrx_word' id='word_1_320' title='bbox 860 3071 1007 3126; x_wconf 77' lang='lat' dir='ltr'><strong>nullo</strong></span> <span class='ocrx_word' id='word_1_321' title='bbox 1034 3073 1196 3127; x_wconf 87' lang='lat' dir='ltr'><strong>modo</strong></span> <span class='ocrx_word' id='word_1_322' title='bbox 1220 3074 1437 3130; x_wconf 83' lang='lat' dir='ltr'><strong>animus</strong></span> <span class='ocrx_word' id='word_1_323' title='bbox 1460 3077 1815 3133; x_wconf 85' lang='lat' dir='ltr'><strong>adversorum</strong></span> <span class='ocrx_word' id='word_1_324' title='bbox 1843 3081 2029 3137; x_wconf 87' lang='lat' dir='ltr'><strong>incur-</strong></span> 
     </span>
    </p>
   </div>
   <div class='ocr_carea' id='block_1_48' title="bbox 2122 1961 3705 2033">
    <p class='ocr_par' dir='ltr' id='par_1_48' title="bbox 2122 1961 3705 2033">
     <span class='ocr_line' id='line_1_48' title="bbox 2122 1961 3705 2033; baseline 0 -20"><span class='ocrx_word' id='word_1_325' title='bbox 2122 1961 2366 2032; x_wconf 62' lang='grc' dir='ltr'>ῥαθυμίᾳ</span> <span class='ocrx_word' id='word_1_326' title='bbox 2401 1979 2461 2014; x_wconf 88' lang='grc' dir='ltr'><strong>τε</strong></span> <span class='ocrx_word' id='word_1_327' title='bbox 2516 1963 2680 2017; x_wconf 78' lang='grc' dir='ltr'>αὐτὸν</span> <span class='ocrx_word' id='word_1_328' title='bbox 2707 1964 2809 2017; x_wconf 82' lang='grc' dir='ltr'>οὐκ</span> <span class='ocrx_word' id='word_1_329' title='bbox 2842 1963 3181 2028; x_wconf 73' lang='grc' dir='ltr'>ἐκδεδωκὼς,</span> <span class='ocrx_word' id='word_1_330' title='bbox 3212 1964 3240 2015; x_wconf 87' lang='grc' dir='ltr'><strong>δ</strong></span> <span class='ocrx_word' id='word_1_331' title='bbox 3270 1962 3435 2026; x_wconf 69' lang='grc' dir='ltr'>αὐτὸς</span> <span class='ocrx_word' id='word_1_332' title='bbox 3475 1963 3705 2033; x_wconf 78' lang='grc' dir='ltr'>μέτριός</span> 
     </span>
    </p>
   </div>
   <div class='ocr_carea' id='block_1_49' title="bbox 2118 2054 3706 2127">
    <p class='ocr_par' dir='ltr' id='par_1_49' title="bbox 2118 2054 3706 2127">
     <span class='ocr_line' id='line_1_49' title="bbox 2118 2054 3706 2127; baseline 0.003 -22"><span class='ocrx_word' id='word_1_333' title='bbox 2118 2070 2179 2105; x_wconf 88' lang='grc' dir='ltr'><strong>τε</strong></span> <span class='ocrx_word' id='word_1_334' title='bbox 2238 2054 2333 2107; x_wconf 68' lang='grc' dir='ltr'><strong>κα)⁵</strong></span> <span class='ocrx_word' id='word_1_335' title='bbox 2395 2056 2867 2126; x_wconf 76' lang='grc' dir='ltr'>μεγαλοπρεπήςο</span> <span class='ocrx_word' id='word_1_336' title='bbox 2921 2056 3239 2126; x_wconf 75' lang='grc' dir='ltr'><strong>ἀνεπαχθὴς</strong></span> <span class='ocrx_word' id='word_1_337' title='bbox 3293 2056 3386 2110; x_wconf 63' lang='grc' dir='ltr'><strong>καὶ</strong></span> <span class='ocrx_word' id='word_1_338' title='bbox 3428 2056 3706 2127; x_wconf 60' lang='grc' dir='ltr'>μηδαμῶς</span> 
     </span>
    </p>
   </div>
   <div class='ocr_carea' id='block_1_50' title="bbox 2121 2144 3703 2219">
    <p class='ocr_par' dir='ltr' id='par_1_50' title="bbox 2121 2144 3703 2219">
     <span class='ocr_line' id='line_1_50' title="bbox 2121 2144 3703 2219; baseline 0.002 -22"><span class='ocrx_word' id='word_1_339' title='bbox 2121 2144 2420 2215; x_wconf 82' lang='grc' dir='ltr'>ἀφόρητος,</span> <span class='ocrx_word' id='word_1_340' title='bbox 2455 2147 2552 2200; x_wconf 77' lang='grc' dir='ltr'>καὶ</span> <span class='ocrx_word' id='word_1_341' title='bbox 2574 2149 2758 2211; x_wconf 83' lang='grc' dir='ltr'>αὐτοῖς</span> <span class='ocrx_word' id='word_1_342' title='bbox 2794 2150 2907 2212; x_wconf 85' lang='grc' dir='ltr'>τοῖς</span> <span class='ocrx_word' id='word_1_343' title='bbox 2942 2150 3170 2219; x_wconf 79' lang='grc' dir='ltr'>ὠνητοῖς</span> <span class='ocrx_word' id='word_1_344' title='bbox 3217 2147 3467 2211; x_wconf 85' lang='grc' dir='ltr'>δούλοις·</span> <span class='ocrx_word' id='word_1_345' title='bbox 3501 2148 3703 2218; x_wconf 70' lang='grc' dir='ltr'>ὲμῦρι·</span> 
     </span>
    </p>
   </div>
   <div class='ocr_carea' id='block_1_51' title="bbox 2123 2232 3703 2306">
    <p class='ocr_par' dir='ltr' id='par_1_51' title="bbox 2123 2232 3703 2306">
     <span class='ocr_line' id='line_1_51' title="bbox 2123 2232 3703 2306; baseline 0.008 -22"><span class='ocrx_word' id='word_1_346' title='bbox 2123 2232 2224 2301; x_wconf 78' lang='grc' dir='ltr'>θὴς</span> <span class='ocrx_word' id='word_1_347' title='bbox 2256 2234 2348 2293; x_wconf 66' lang='grc' dir='ltr'>καὶ</span> <span class='ocrx_word' id='word_1_348' title='bbox 2379 2234 2544 2306; x_wconf 60' lang='grc' dir='ltr'>ἤπιος</span> <span class='ocrx_word' id='word_1_349' title='bbox 2572 2252 2587 2267; x_wconf 73' lang='grc' dir='ltr'><strong>ο</strong></span> <span class='ocrx_word' id='word_1_350' title='bbox 2623 2236 2976 2305; x_wconf 78' lang='grc' dir='ltr'>οἰκονομικός</span> <span class='ocrx_word' id='word_1_351' title='bbox 3021 2254 3082 2290; x_wconf 88' lang='grc' dir='ltr'><strong>τε</strong></span> <span class='ocrx_word' id='word_1_352' title='bbox 3135 2237 3229 2290; x_wconf 78' lang='grc' dir='ltr'>καὶ</span> <span class='ocrx_word' id='word_1_353' title='bbox 3277 2236 3655 2306; x_wconf 72' lang='grc' dir='ltr'>μεγαλόψυχος</span> <span class='ocrx_word' id='word_1_354' title='bbox 3683 2254 3703 2269; x_wconf 82' lang='grc'><strong>⁸</strong></span> 
     </span>
    </p>
   </div>
   <div class='ocr_carea' id='block_1_52' title="bbox 2122 2325 3705 2399">
    <p class='ocr_par' dir='ltr' id='par_1_52' title="bbox 2122 2325 3705 2399">
     <span class='ocr_line' id='line_1_52' title="bbox 2122 2325 3705 2399; baseline 0 -21"><span class='ocrx_word' id='word_1_355' title='bbox 2122 2325 2198 2388; x_wconf 81' lang='grc' dir='ltr'>ὡς</span> <span class='ocrx_word' id='word_1_356' title='bbox 2232 2327 2328 2379; x_wconf 70' lang='grc' dir='ltr'><strong>καὶ</strong></span> <span class='ocrx_word' id='word_1_357' title='bbox 2352 2327 2450 2394; x_wconf 79' lang='grc' dir='ltr'>τῆς</span> <span class='ocrx_word' id='word_1_358' title='bbox 2483 2326 2699 2398; x_wconf 76' lang='grc' dir='ltr'>ἀγαθῆς</span> <span class='ocrx_word' id='word_1_359' title='bbox 2725 2345 2855 2389; x_wconf 84' lang='grc' dir='ltr'>ποτε</span> <span class='ocrx_word' id='word_1_360' title='bbox 2876 2328 3051 2399; x_wconf 84' lang='grc' dir='ltr'><strong>τύχης</strong></span> <span class='ocrx_word' id='word_1_361' title='bbox 3079 2329 3537 2399; x_wconf 74' lang='grc' dir='ltr'>αύτομολησάσης</span> <span class='ocrx_word' id='word_1_362' title='bbox 3560 2328 3705 2396; x_wconf 66' lang='grc' dir='ltr'>πρὸς</span> 
     </span>
    </p>
   </div>
   <div class='ocr_carea' id='block_1_53' title="bbox 2123 2417 3704 2492">
    <p class='ocr_par' dir='ltr' id='par_1_53' title="bbox 2123 2417 3704 2492">
     <span class='ocr_line' id='line_1_53' title="bbox 2123 2417 3704 2492; baseline 0.002 -23"><span class='ocrx_word' id='word_1_363' title='bbox 2123 2417 2249 2480; x_wconf 76' lang='grc' dir='ltr'>τοὺς</span> <span class='ocrx_word' id='word_1_364' title='bbox 2285 2419 2418 2487; x_wconf 77' lang='grc' dir='ltr'>ἡμῖν</span> <span class='ocrx_word' id='word_1_365' title='bbox 2449 2420 2728 2483; x_wconf 78' lang='grc' dir='ltr'>ἐναντίους</span> <span class='ocrx_word' id='word_1_366' title='bbox 2776 2420 2959 2489; x_wconf 75' lang='grc' dir='ltr'>(τοῦτο</span> <span class='ocrx_word' id='word_1_367' title='bbox 2988 2420 3052 2491; x_wconf 86' lang='grc' dir='ltr'>δὴ</span> <span class='ocrx_word' id='word_1_368' title='bbox 3100 2421 3159 2473; x_wconf 81' lang='grc' dir='ltr'><strong>τὸ</strong></span> <span class='ocrx_word' id='word_1_369' title='bbox 3188 2421 3374 2492; x_wconf 73' lang='grc' dir='ltr'>ἐκείνῃ</span> <span class='ocrx_word' id='word_1_370' title='bbox 3408 2420 3660 2489; x_wconf 76' lang='grc' dir='ltr'>σύνηθες)</span> <span class='ocrx_word' id='word_1_371' title='bbox 3685 2460 3704 2480; x_wconf 83' lang='lat'><strong>,</strong></span> 
     </span>
    </p>
   </div>
   <div class='ocr_carea' id='block_1_54' title="bbox 2124 2503 3707 2584">
    <p class='ocr_par' dir='ltr' id='par_1_54' title="bbox 2124 2503 3707 2584">
     <span class='ocr_line' id='line_1_54' title="bbox 2124 2503 3707 2584; baseline 0.003 -24"><span class='ocrx_word' id='word_1_372' title='bbox 2124 2507 2279 2573; x_wconf 78' lang='grc' dir='ltr'>οὗτος</span> <span class='ocrx_word' id='word_1_373' title='bbox 2309 2510 2468 2573; x_wconf 77' lang='grc' dir='ltr'>αὐτὸς</span> <span class='ocrx_word' id='word_1_374' title='bbox 2494 2512 2765 2579; x_wconf 78' lang='grc' dir='ltr'>ἄτρεπτος</span> <span class='ocrx_word' id='word_1_375' title='bbox 2782 2503 2889 2584; x_wconf 72' lang='grc' dir='ltr'>’ἦνί</span> <span class='ocrx_word' id='word_1_376' title='bbox 2923 2512 3074 2582; x_wconf 81' lang='grc' dir='ltr'>αύτῷ</span> <span class='ocrx_word' id='word_1_377' title='bbox 3104 2512 3148 2565; x_wconf 77' lang='grc' dir='ltr'>δ’</span> <span class='ocrx_word' id='word_1_378' title='bbox 3175 2511 3244 2567; x_wconf 79' lang='grc' dir='ltr'><strong>αὖ</strong></span> <span class='ocrx_word' id='word_1_379' title='bbox 3287 2512 3707 2578; x_wconf 70' lang='grc' dir='ltr'>ἐπανελθούσης</span> 
     </span>
    </p>
   </div>
   <div class='ocr_carea' id='block_1_55' title="bbox 2127 2600 3707 2675">
    <p class='ocr_par' dir='ltr' id='par_1_55' title="bbox 2127 2600 3707 2675">
     <span class='ocr_line' id='line_1_55' title="bbox 2127 2600 3707 2675; baseline 0.004 -24"><span class='ocrx_word' id='word_1_380' title='bbox 2127 2600 2330 2668; x_wconf 85' lang='grc' dir='ltr'>(χαίρει</span> <span class='ocrx_word' id='word_1_381' title='bbox 2385 2604 2494 2672; x_wconf 82' lang='grc' dir='ltr'>γὰρ</span> <span class='ocrx_word' id='word_1_382' title='bbox 2537 2605 2628 2658; x_wconf 76' lang='grc' dir='ltr'>ἀεὶ</span> <span class='ocrx_word' id='word_1_383' title='bbox 2676 2607 2796 2668; x_wconf 90' lang='grc' dir='ltr'>ταῖς</span> <span class='ocrx_word' id='word_1_384' title='bbox 2849 2604 3194 2675; x_wconf 85' lang='grc' dir='ltr'>μεταϐολαῖς)</span> <span class='ocrx_word' id='word_1_385' title='bbox 3246 2604 3501 2674; x_wconf 78' lang='grc' dir='ltr'>οὐδαμῶς</span> <span class='ocrx_word' id='word_1_386' title='bbox 3555 2606 3707 2673; x_wconf 82' lang='grc' dir='ltr'>μέγα</span> 
     </span>
    </p>
   </div>
   <div class='ocr_carea' id='block_1_56' title="bbox 2127 2694 3786 2767">
    <p class='ocr_par' dir='ltr' id='par_1_56' title="bbox 2127 2694 3786 2767">
     <span class='ocr_line' id='line_1_56' title="bbox 2127 2694 3786 2767; baseline -0.001 -20"><span class='ocrx_word' id='word_1_387' title='bbox 2127 2694 2363 2765; x_wconf 86' lang='grc' dir='ltr'>φρονῶν.</span> <span class='ocrx_word' id='word_1_388' title='bbox 2404 2695 2515 2749; x_wconf 81' lang='grc' dir='ltr'><strong>Καὶ</strong></span> <span class='ocrx_word' id='word_1_389' title='bbox 2546 2698 2603 2750; x_wconf 81' lang='grc' dir='ltr'>ὲν</span> <span class='ocrx_word' id='word_1_390' title='bbox 2663 2696 2764 2765; x_wconf 82' lang='grc' dir='ltr'>μὲν</span> <span class='ocrx_word' id='word_1_391' title='bbox 2814 2699 2991 2761; x_wconf 85' lang='grc' dir='ltr'>νίκαις</span> <span class='ocrx_word' id='word_1_392' title='bbox 3043 2699 3270 2767; x_wconf 81' lang='grc' dir='ltr'>ἀτυφος,</span> <span class='ocrx_word' id='word_1_393' title='bbox 3329 2696 3555 2767; x_wconf 77' lang='grc' dir='ltr'>εύριπον</span> <span class='ocrx_word' id='word_1_394' title='bbox 3609 2697 3704 2748; x_wconf 72' lang='grc' dir='ltr'>τὸν</span> <span class='ocrx_word' id='word_1_395' title='bbox 3776 2722 3786 2731; x_wconf 74' lang='lat'><strong>~</strong></span> 
     </span>
    </p>
   </div>
   <div class='ocr_carea' id='block_1_57' title="bbox 2130 2786 3703 2858">
    <p class='ocr_par' dir='ltr' id='par_1_57' title="bbox 2130 2786 3703 2858">
     <span class='ocr_line' id='line_1_57' title="bbox 2130 2786 3703 2858; baseline 0.001 -18"><span class='ocrx_word' id='word_1_396' title='bbox 2130 2786 2245 2856; x_wconf 87' lang='grc' dir='ltr'>βίον</span> <span class='ocrx_word' id='word_1_397' title='bbox 2275 2788 2672 2857; x_wconf 73' lang='grc' dir='ltr'>ἒπιστάμενος,</span> <span class='ocrx_word' id='word_1_398' title='bbox 2738 2790 2932 2844; x_wconf 81' lang='grc' dir='ltr'>καὶτὸ</span> <span class='ocrx_word' id='word_1_399' title='bbox 2986 2789 3182 2858; x_wconf 74' lang='grc' dir='ltr'>μέλλον</span> <span class='ocrx_word' id='word_1_400' title='bbox 3246 2789 3466 2854; x_wconf 80' lang='grc' dir='ltr'>δεδιώς·</span> <span class='ocrx_word' id='word_1_401' title='bbox 3538 2792 3594 2841; x_wconf 77' lang='grc' dir='ltr'>ἐν</span> <span class='ocrx_word' id='word_1_402' title='bbox 3642 2788 3703 2842; x_wconf 72' lang='grc' dir='ltr'>δὲ</span> 
     </span>
    </p>
   </div>
   <div class='ocr_carea' id='block_1_58' title="bbox 2129 2883 3701 2958">
    <p class='ocr_par' dir='ltr' id='par_1_58' title="bbox 2129 2883 3701 2958">
     <span class='ocr_line' id='line_1_58' title="bbox 2129 2883 3701 2958; baseline 0.007 -24"><span class='ocrx_word' id='word_1_403' title='bbox 2129 2883 2325 2954; x_wconf 77' lang='grc' dir='ltr'>ἥτταις</span> <span class='ocrx_word' id='word_1_404' title='bbox 2355 2884 2773 2951; x_wconf 84' lang='grc' dir='ltr'>ἀκατάπτωτος,</span> <span class='ocrx_word' id='word_1_405' title='bbox 2811 2887 2859 2939; x_wconf 90' lang='grc' dir='ltr'><strong>εί</strong></span> <span class='ocrx_word' id='word_1_406' title='bbox 2906 2885 2960 2939; x_wconf 73' lang='grc' dir='ltr'>δὲ</span> <span class='ocrx_word' id='word_1_407' title='bbox 2996 2885 3203 2956; x_wconf 79' lang='grc' dir='ltr'>βούλει,</span> <span class='ocrx_word' id='word_1_408' title='bbox 3260 2887 3359 2941; x_wconf 64' lang='grc' dir='ltr'><strong>καὶ⁵</strong></span> <span class='ocrx_word' id='word_1_409' title='bbox 3406 2888 3701 2958; x_wconf 79' lang='grc' dir='ltr'>ἀήττητος.</span> 
     </span>
    </p>
   </div>
   <div class='ocr_carea' id='block_1_59' title="bbox 2130 2971 3706 3054">
    <p class='ocr_par' dir='ltr' id='par_1_59' title="bbox 2130 2971 3706 3054">
     <span class='ocr_line' id='line_1_59' title="bbox 2130 2971 3706 3054; baseline 0.001 -25"><span class='ocrx_word' id='word_1_410' title='bbox 2130 2976 2205 3038; x_wconf 84' lang='grc' dir='ltr'>ὡς</span> <span class='ocrx_word' id='word_1_411' title='bbox 2236 2975 2334 3044; x_wconf 81' lang='grc' dir='ltr'><strong>τῆς</strong></span> <span class='ocrx_word' id='word_1_412' title='bbox 2355 2975 2534 3046; x_wconf 79' lang='grc' dir='ltr'>ψυχῆς</span> <span class='ocrx_word' id='word_1_413' title='bbox 2558 2971 2615 3029; x_wconf 71' lang='grc' dir='ltr'>οἳ</span> <span class='ocrx_word' id='word_1_414' title='bbox 2636 2977 2907 3048; x_wconf 78' lang='grc' dir='ltr'>μηδαμῶς</span> <span class='ocrx_word' id='word_1_415' title='bbox 2955 2979 3446 3054; x_wconf 79' lang='grc' dir='ltr'>ὑποπεπτωκυίας.</span> <span class='ocrx_word' id='word_1_416' title='bbox 3475 2977 3599 3041; x_wconf 84' lang='grc' dir='ltr'>Τοῖς</span> <span class='ocrx_word' id='word_1_417' title='bbox 3644 2977 3706 3030; x_wconf 70' lang='grc' dir='ltr'>δὲ</span> 
     </span>
    </p>
   </div>
   <div class='ocr_carea' id='block_1_60' title="bbox 2131 3066 3709 3140">
    <p class='ocr_par' dir='ltr' id='par_1_60' title="bbox 2131 3066 3709 3140">
     <span class='ocr_line' id='line_1_60' title="bbox 2131 3066 3709 3140; baseline 0.001 -21"><span class='ocrx_word' id='word_1_418' title='bbox 2131 3066 2241 3120; x_wconf 86' lang='grc' dir='ltr'><strong>τῶν</strong></span> <span class='ocrx_word' id='word_1_419' title='bbox 2283 3068 2455 3137; x_wconf 83' lang='grc' dir='ltr'>φίλων</span> <span class='ocrx_word' id='word_1_420' title='bbox 2480 3068 2818 3138; x_wconf 76' lang='grc' dir='ltr'>εὐδαίμοσιν,</span> <span class='ocrx_word' id='word_1_421' title='bbox 2868 3070 2917 3123; x_wconf 81' lang='grc' dir='ltr'><strong>εί</strong></span> <span class='ocrx_word' id='word_1_422' title='bbox 2972 3070 3290 3140; x_wconf 71' lang='grc' dir='ltr'>δυστυχίαις</span> <span class='ocrx_word' id='word_1_423' title='bbox 3352 3071 3553 3122; x_wconf 76' lang='grc' dir='ltr'>ἐκεῖνοι</span> <span class='ocrx_word' id='word_1_424' title='bbox 3604 3087 3709 3123; x_wconf 78' lang='grc' dir='ltr'>πε-</span> 
     </span>
    </p>
   </div>
   <div class='ocr_carea' id='block_1_61' title="bbox 443 3159 2026 3257">
    <p class='ocr_par' dir='ltr' id='par_1_61' title="bbox 443 3159 2026 3242">
     <span class='ocr_line' id='line_1_61' title="bbox 443 3159 2026 3242; baseline 0.013 -31"><span class='ocrx_word' id='word_1_425' title='bbox 443 3159 599 3213; x_wconf 82' lang='lat' dir='ltr'><strong>sioue</strong></span> <span class='ocrx_word' id='word_1_426' title='bbox 633 3162 963 3219; x_wconf 73' lang='lat' dir='ltr'><strong>consideret.</strong></span> <span class='ocrx_word' id='word_1_427' title='bbox 1014 3165 1181 3220; x_wconf 76' lang='lat' dir='ltr'><strong>Porro</strong></span> <span class='ocrx_word' id='word_1_428' title='bbox 1223 3169 1417 3225; x_wconf 89' lang='lat' dir='ltr'><strong>amicis</strong></span> <span class='ocrx_word' id='word_1_429' title='bbox 1469 3171 1516 3225; x_wconf 89' lang='lat' dir='ltr'><strong>si</strong></span> <span class='ocrx_word' id='word_1_430' title='bbox 1557 3173 1776 3242; x_wconf 84' lang='lat' dir='ltr'><strong>quando</strong></span> <span class='ocrx_word' id='word_1_431' title='bbox 1804 3175 2026 3231; x_wconf 85' lang='lat' dir='ltr'><strong>mutatis</strong></span> 
     </span>
    </p>
   </div>
   <div class='ocr_carea' id='block_1_62' title="bbox 2128 3159 3707 3257">
    <p class='ocr_par' dir='ltr' id='par_1_62' title="bbox 2133 3160 3707 3232">
     <span class='ocr_line' id='line_1_62' title="bbox 2133 3160 3707 3232; baseline 0.001 -21"><span class='ocrx_word' id='word_1_432' title='bbox 2133 3161 2447 3230; x_wconf 83' lang='grc' dir='ltr'>πείρανται,</span> <span class='ocrx_word' id='word_1_433' title='bbox 2473 3160 2658 3230; x_wconf 81' lang='grc' dir='ltr'>τηρῶν</span> <span class='ocrx_word' id='word_1_434' title='bbox 2688 3160 2789 3232; x_wconf 81' lang='grc' dir='ltr'><strong>τὴν</strong></span> <span class='ocrx_word' id='word_1_435' title='bbox 2826 3161 3057 3231; x_wconf 83' lang='grc' dir='ltr'>γνώμην</span> <span class='ocrx_word' id='word_1_436' title='bbox 3089 3162 3386 3227; x_wconf 80' lang='grc' dir='ltr'>διετέλεσε,</span> <span class='ocrx_word' id='word_1_437' title='bbox 3420 3162 3510 3213; x_wconf 78' lang='grc' dir='ltr'><strong>τὸν</strong></span> <span class='ocrx_word' id='word_1_438' title='bbox 3538 3161 3707 3213; x_wconf 70' lang='grc' dir='ltr'>αὑτὸν</span> 
     </span>
    </p>
   </div>
   <div class='ocr_carea' id='block_1_63' title="bbox 445 3238 2026 3332">
    <p class='ocr_par' dir='ltr' id='par_1_63' title="bbox 445 3252 2026 3332">
     <span class='ocr_line' id='line_1_63' title="bbox 445 3252 2026 3332; baseline 0.012 -29"><span class='ocrx_word' id='word_1_439' title='bbox 445 3252 613 3307; x_wconf 84' lang='lat' dir='ltr'><strong>rebus</strong></span> <span class='ocrx_word' id='word_1_440' title='bbox 645 3256 903 3325; x_wconf 88' lang='lat' dir='ltr'><strong>iniquiori</strong></span> <span class='ocrx_word' id='word_1_441' title='bbox 932 3256 1149 3313; x_wconf 79' lang='lat' dir='ltr'><strong>fortuna</strong></span> <span class='ocrx_word' id='word_1_442' title='bbox 1180 3270 1485 3329; x_wconf 87' lang='lat' dir='ltr'><strong>uterentur,</strong></span> <span class='ocrx_word' id='word_1_443' title='bbox 1526 3264 1816 3332; x_wconf 85' lang='lat' dir='ltr'><strong>pristinam</strong></span> <span class='ocrx_word' id='word_1_444' title='bbox 1862 3266 2026 3322; x_wconf 87' lang='lat' dir='ltr'><strong>bene-</strong></span> 
     </span>
    </p>
   </div>
   <div class='ocr_carea' id='block_1_64' title="bbox 2128 3238 3712 3332">
    <p class='ocr_par' dir='ltr' id='par_1_64' title="bbox 2133 3251 3712 3325">
     <span class='ocr_line' id='line_1_64' title="bbox 2133 3251 3712 3325; baseline 0.001 -21"><span class='ocrx_word' id='word_1_445' title='bbox 2133 3251 2190 3306; x_wconf 80' lang='grc' dir='ltr'>ὲν</span> <span class='ocrx_word' id='word_1_446' title='bbox 2219 3252 2429 3307; x_wconf 70' lang='grc' dir='ltr'>ἅπασιν</span> <span class='ocrx_word' id='word_1_447' title='bbox 2467 3252 2924 3323; x_wconf 74' lang='grc' dir='ltr'>ἐπιδεικνύμενος</span> <span class='ocrx_word' id='word_1_448' title='bbox 2953 3253 3180 3325; x_wconf 84' lang='grc' dir='ltr'>τρόπον,</span> <span class='ocrx_word' id='word_1_449' title='bbox 3211 3255 3324 3307; x_wconf 88' lang='grc' dir='ltr'><strong>τῶν</strong></span> <span class='ocrx_word' id='word_1_450' title='bbox 3357 3254 3712 3323; x_wconf 76' lang='grc' dir='ltr'>πραγμάτων</span> 
     </span>
    </p>
   </div>
   <div class='ocr_carea' id='block_1_65' title="bbox 443 3345 2023 3427">
    <p class='ocr_par' dir='ltr' id='par_1_65' title="bbox 443 3345 2023 3427">
     <span class='ocr_line' id='line_1_65' title="bbox 443 3345 2023 3427; baseline 0.013 -30"><span class='ocrx_word' id='word_1_451' title='bbox 443 3345 739 3400; x_wconf 82' lang='lat' dir='ltr'><strong>volentiam</strong></span> <span class='ocrx_word' id='word_1_452' title='bbox 777 3347 1044 3418; x_wconf 77' lang='lat' dir='ltr'><strong>integram</strong></span> <span class='ocrx_word' id='word_1_453' title='bbox 1067 3351 1304 3417; x_wconf 89' lang='lat' dir='ltr'><strong>volebat,</strong></span> <span class='ocrx_word' id='word_1_454' title='bbox 1326 3355 1547 3408; x_wconf 85' lang='lat' dir='ltr'><strong>eosdem</strong></span> <span class='ocrx_word' id='word_1_455' title='bbox 1563 3358 1793 3413; x_wconf 88' lang='lat' dir='ltr'><strong>omnino</strong></span> <span class='ocrx_word' id='word_1_456' title='bbox 1815 3374 2023 3427; x_wconf 86' lang='lat' dir='ltr'><strong>mores,</strong></span> 
     </span>
    </p>
   </div>
   <div class='ocr_carea' id='block_1_66' title="bbox 447 3443 2029 3508">
    <p class='ocr_par' dir='ltr' id='par_1_66' title="bbox 447 3443 2029 3508">
     <span class='ocr_line' id='line_1_66' title="bbox 447 3443 2029 3508; baseline 0.013 -21"><span class='ocrx_word' id='word_1_457' title='bbox 447 3451 781 3508; x_wconf 78' lang='lat' dir='ltr'><strong>quacunque</strong></span> <span class='ocrx_word' id='word_1_458' title='bbox 820 3456 1002 3494; x_wconf 90' lang='lat' dir='ltr'><strong>rerum</strong></span> <span class='ocrx_word' id='word_1_459' title='bbox 1022 3443 1401 3501; x_wconf 88' lang='lat' dir='ltr'><strong>vicissitudine</strong></span> <span class='ocrx_word' id='word_1_460' title='bbox 1417 3448 1735 3503; x_wconf 87' lang='lat' dir='ltr'><strong>ostendens.</strong></span> <span class='ocrx_word' id='word_1_461' title='bbox 1752 3448 1865 3507; x_wconf 87' lang='lat' dir='ltr'><strong>Nec</strong></span> <span class='ocrx_word' id='word_1_462' title='bbox 1885 3454 2029 3507; x_wconf 88' lang='lat' dir='ltr'><strong>enim</strong></span> 
     </span>
    </p>
   </div>
   <div class='ocr_carea' id='block_1_67' title="bbox 446 3528 2033 3607">
    <p class='ocr_par' dir='ltr' id='par_1_67' title="bbox 446 3528 2033 3607">
     <span class='ocr_line' id='line_1_67' title="bbox 446 3528 2033 3607; baseline 0.012 -25"><span class='ocrx_word' id='word_1_463' title='bbox 446 3528 681 3585; x_wconf 85' lang='lat' dir='ltr'><strong>Proteus</strong></span> <span class='ocrx_word' id='word_1_464' title='bbox 715 3532 842 3600; x_wconf 85' lang='lat' dir='ltr'><strong>quis</strong></span> <span class='ocrx_word' id='word_1_465' title='bbox 879 3544 1018 3599; x_wconf 83' lang='lat' dir='ltr'><strong>erat,</strong></span> <span class='ocrx_word' id='word_1_466' title='bbox 1055 3543 1112 3589; x_wconf 91' lang='lat' dir='ltr'><strong>ut</strong></span> <span class='ocrx_word' id='word_1_467' title='bbox 1140 3551 1237 3603; x_wconf 89' lang='lat' dir='ltr'><strong>pro</strong></span> <span class='ocrx_word' id='word_1_468' title='bbox 1276 3547 1578 3607; x_wconf 79' lang='lat' dir='ltr'><strong>temporum</strong></span> <span class='ocrx_word' id='word_1_469' title='bbox 1607 3542 1757 3596; x_wconf 87' lang='lat' dir='ltr'><strong>varia</strong></span> <span class='ocrx_word' id='word_1_470' title='bbox 1822 3545 2033 3601; x_wconf 81' lang='lat' dir='ltr'><strong>ratione</strong></span> 
     </span>
    </p>
   </div>
   <div class='ocr_carea' id='block_1_68' title="bbox 450 3624 2031 3704">
    <p class='ocr_par' dir='ltr' id='par_1_68' title="bbox 450 3624 2031 3704">
     <span class='ocr_line' id='line_1_68' title="bbox 450 3624 2031 3704; baseline 0.011 -29"><span class='ocrx_word' id='word_1_471' title='bbox 450 3624 808 3680; x_wconf 88' lang='lat' dir='ltr'><strong>mutationem</strong></span> <span class='ocrx_word' id='word_1_472' title='bbox 857 3627 1083 3682; x_wconf 85' lang='lat' dir='ltr'><strong>subiret.</strong></span> <span class='ocrx_word' id='word_1_473' title='bbox 1119 3630 1356 3685; x_wconf 85' lang='lat' dir='ltr'><strong>Noverat</strong></span> <span class='ocrx_word' id='word_1_474' title='bbox 1400 3641 1704 3704; x_wconf 81' lang='lat' dir='ltr'><strong>temperare</strong></span> <span class='ocrx_word' id='word_1_475' title='bbox 1764 3637 2031 3703; x_wconf 87' lang='lat' dir='ltr'><strong>remedia,</strong></span> 
     </span>
    </p>
   </div>
   <div class='ocr_carea' id='block_1_69' title="bbox 448 3713 2033 3785">
    <p class='ocr_par' dir='ltr' id='par_1_69' title="bbox 448 3713 2033 3785">
     <span class='ocr_line' id='line_1_69' title="bbox 448 3713 2033 3785; baseline 0.009 -15"><span class='ocrx_word' id='word_1_476' title='bbox 448 3730 512 3771; x_wconf 90' lang='lat' dir='ltr'><strong>ac</strong></span> <span class='ocrx_word' id='word_1_477' title='bbox 528 3718 801 3772; x_wconf 88' lang='lat' dir='ltr'><strong>contraria</strong></span> <span class='ocrx_word' id='word_1_478' title='bbox 821 3721 1115 3776; x_wconf 84' lang='lat' dir='ltr'><strong>contrariis</strong></span> <span class='ocrx_word' id='word_1_479' title='bbox 1134 3724 1449 3781; x_wconf 88' lang='lat' dir='ltr'><strong>emendare.</strong></span> <span class='ocrx_word' id='word_1_480' title='bbox 1470 3713 1704 3782; x_wconf 86' lang='lat' dir='ltr'><strong>Noverat</strong></span> <span class='ocrx_word' id='word_1_481' title='bbox 1728 3729 1860 3783; x_wconf 85' lang='lat' dir='ltr'><strong>nihil</strong></span> <span class='ocrx_word' id='word_1_482' title='bbox 1875 3730 1929 3783; x_wconf 92' lang='lat' dir='ltr'><strong>in</strong></span> <span class='ocrx_word' id='word_1_483' title='bbox 1948 3745 2033 3785; x_wconf 87' lang='lat' dir='ltr'><strong>re-</strong></span> 
     </span>
    </p>
   </div>
   <div class='ocr_carea' id='block_1_70' title="bbox 449 3809 2032 3884">
    <p class='ocr_par' dir='ltr' id='par_1_70' title="bbox 449 3809 2032 3884">
     <span class='ocr_line' id='line_1_70' title="bbox 449 3809 2032 3884; baseline 0.009 -23"><span class='ocrx_word' id='word_1_484' title='bbox 449 3809 553 3864; x_wconf 85' lang='lat' dir='ltr'><strong>bus</strong></span> <span class='ocrx_word' id='word_1_485' title='bbox 580 3809 837 3867; x_wconf 88' lang='lat' dir='ltr'><strong>humauis</strong></span> <span class='ocrx_word' id='word_1_486' title='bbox 874 3811 1092 3868; x_wconf 84' lang='lat' dir='ltr'><strong>ﬁrmum</strong></span> <span class='ocrx_word' id='word_1_487' title='bbox 1119 3815 1451 3884; x_wconf 88' lang='lat' dir='ltr'><strong>consistere,</strong></span> <span class='ocrx_word' id='word_1_488' title='bbox 1507 3833 1573 3874; x_wconf 90' lang='lat' dir='ltr'><strong>ac</strong></span> <span class='ocrx_word' id='word_1_489' title='bbox 1629 3820 1911 3876; x_wconf 87' lang='lat' dir='ltr'><strong>fortunam</strong></span> <span class='ocrx_word' id='word_1_490' title='bbox 1953 3823 2032 3876; x_wconf 88' lang='lat' dir='ltr'><strong>vi-</strong></span> 
     </span>
    </p>
   </div>
   <div class='ocr_carea' id='block_1_71' title="bbox 458 3900 2032 3983">
    <p class='ocr_par' dir='ltr' id='par_1_71' title="bbox 458 3900 2032 3983">
     <span class='ocr_line' id='line_1_71' title="bbox 458 3900 2032 3983; baseline 0.009 -30"><span class='ocrx_word' id='word_1_491' title='bbox 458 3900 871 3958; x_wconf 78' lang='lat' dir='ltr'><strong>:issitudiuihus</strong></span> <span class='ocrx_word' id='word_1_492' title='bbox 888 3906 1132 3974; x_wconf 80' lang='lat' dir='ltr'><strong>gaudere</strong></span> <span class='ocrx_word' id='word_1_493' title='bbox 1157 3923 1172 3961; x_wconf 91' lang='lat'><strong>:</strong></span> <span class='ocrx_word' id='word_1_494' title='bbox 1197 3921 1362 3979; x_wconf 89' lang='lat' dir='ltr'><strong>atque</strong></span> <span class='ocrx_word' id='word_1_495' title='bbox 1402 3910 1563 3978; x_wconf 85' lang='lat' dir='ltr'><strong>adeo,</strong></span> <span class='ocrx_word' id='word_1_496' title='bbox 1585 3911 2032 3983; x_wconf 83' lang='lat' dir='ltr'><strong>cum&#39;tranquillo</strong></span> 
     </span>
    </p>
   </div>
   <div class='ocr_carea' id='block_1_72' title="bbox 449 3982 2032 4070">
    <p class='ocr_par' dir='ltr' id='par_1_72' title="bbox 449 3982 2032 4070">
     <span class='ocr_line' id='line_1_72' title="bbox 449 3982 2032 4070; baseline 0.013 -33"><span class='ocrx_word' id='word_1_497' title='bbox 449 3989 587 4042; x_wconf 84' lang='lat' dir='ltr'><strong>mari</strong></span> <span class='ocrx_word' id='word_1_498' title='bbox 618 3990 925 4062; x_wconf 79' lang='lat' dir='ltr'><strong>navigaret,</strong></span> <span class='ocrx_word' id='word_1_499' title='bbox 957 3982 1229 4055; x_wconf 78' lang='lat' dir='ltr'><strong>immanes</strong></span> <span class='ocrx_word' id='word_1_500' title='bbox 1274 4002 1631 4070; x_wconf 82' lang='lat' dir='ltr'><strong>exspectabat</strong></span> <span class='ocrx_word' id='word_1_501' title='bbox 1691 3982 1916 4067; x_wconf 83' lang='lat' dir='ltr'><strong>fluctus,</strong></span> <span class='ocrx_word' id='word_1_502' title='bbox 1965 4017 2032 4058; x_wconf 88' lang='lat' dir='ltr'><strong>ac</strong></span> 
     </span>
    </p>
   </div>
   <div class='ocr_carea' id='block_1_73' title="bbox 448 4081 2030 4163">
    <p class='ocr_par' dir='ltr' id='par_1_73' title="bbox 448 4081 2030 4163">
     <span class='ocr_line' id='line_1_73' title="bbox 448 4081 2030 4163; baseline 0.009 -30"><span class='ocrx_word' id='word_1_503' title='bbox 448 4081 725 4147; x_wconf 84' lang='lat' dir='ltr'><strong>cogitabat</strong></span> <span class='ocrx_word' id='word_1_504' title='bbox 751 4094 1155 4157; x_wconf 87' lang='lat' dir='ltr'><strong>tempestatem,</strong></span> <span class='ocrx_word' id='word_1_505' title='bbox 1198 4107 1369 4162; x_wconf 88' lang='lat' dir='ltr'><strong>seque</strong></span> <span class='ocrx_word' id='word_1_506' title='bbox 1389 4093 1505 4163; x_wconf 85' lang='lat' dir='ltr'><strong>ipse</strong></span> <span class='ocrx_word' id='word_1_507' title='bbox 1546 4095 1614 4149; x_wconf 86' lang='lat' dir='ltr'><strong>ad</strong></span> <span class='ocrx_word' id='word_1_508' title='bbox 1663 4095 2030 4150; x_wconf 88' lang='lat' dir='ltr'><strong>turbationem</strong></span> 
     </span>
    </p>
   </div>
   <div class='ocr_carea' id='block_1_74' title="bbox 448 4170 2030 4254">
    <p class='ocr_par' dir='ltr' id='par_1_74' title="bbox 448 4170 2030 4254">
     <span class='ocr_line' id='line_1_74' title="bbox 448 4170 2030 4254; baseline 0.009 -31"><span class='ocrx_word' id='word_1_509' title='bbox 448 4186 789 4243; x_wconf 77' lang='lat' dir='ltr'><strong>praeparans,</strong></span> <span class='ocrx_word' id='word_1_510' title='bbox 821 4193 947 4233; x_wconf 90' lang='lat' dir='ltr'><strong>cum</strong></span> <span class='ocrx_word' id='word_1_511' title='bbox 976 4170 1065 4234; x_wconf 81' lang='lat' dir='ltr'><strong>illa</strong></span> <span class='ocrx_word' id='word_1_512' title='bbox 1084 4179 1406 4249; x_wconf 83' lang='lat' dir='ltr'><strong>invasisset,</strong></span> <span class='ocrx_word' id='word_1_513' title='bbox 1430 4184 1862 4254; x_wconf 87' lang='lat' dir='ltr'><strong>imperturbatus</strong></span> <span class='ocrx_word' id='word_1_514' title='bbox 1884 4193 2030 4241; x_wconf 88' lang='lat' dir='ltr'><strong>erat.</strong></span> 
     </span>
    </p>
   </div>
   <div class='ocr_carea' id='block_1_75' title="bbox 447 4261 2032 4340">
    <p class='ocr_par' dir='ltr' id='par_1_75' title="bbox 447 4261 2032 4340">
     <span class='ocr_line' id='line_1_75' title="bbox 447 4261 2032 4340; baseline 0.008 -23"><span class='ocrx_word' id='word_1_515' title='bbox 447 4261 584 4319; x_wconf 85' lang='lat' dir='ltr'><strong>Nam</strong></span> <span class='ocrx_word' id='word_1_516' title='bbox 613 4265 666 4319; x_wconf 92' lang='lat' dir='ltr'><strong>in</strong></span> <span class='ocrx_word' id='word_1_517' title='bbox 700 4268 1141 4340; x_wconf 69' lang='lat' dir='ltr'><strong>mediisquoque</strong></span> <span class='ocrx_word' id='word_1_518' title='bbox 1163 4274 1571 4328; x_wconf 86' lang='lat' dir='ltr'><strong>adversantium</strong></span> <span class='ocrx_word' id='word_1_519' title='bbox 1596 4284 1883 4329; x_wconf 87' lang='lat' dir='ltr'><strong>ventorum</strong></span> <span class='ocrx_word' id='word_1_520' title='bbox 1908 4285 2032 4329; x_wconf 87' lang='lat' dir='ltr'><strong>tur-</strong></span> 
     </span>
    </p>
   </div>
   <div class='ocr_carea' id='block_1_76' title="bbox 447 4355 2030 4436">
    <p class='ocr_par' dir='ltr' id='par_1_76' title="bbox 447 4355 2030 4436">
     <span class='ocr_line' id='line_1_76' title="bbox 447 4355 2030 4436; baseline 0.006 -25"><span class='ocrx_word' id='word_1_521' title='bbox 447 4355 694 4425; x_wconf 83' lang='lat' dir='ltr'><strong>binibus,</strong></span> <span class='ocrx_word' id='word_1_522' title='bbox 723 4373 788 4413; x_wconf 89' lang='lat' dir='ltr'><strong>ac</strong></span> <span class='ocrx_word' id='word_1_523' title='bbox 806 4360 1094 4417; x_wconf 88' lang='lat' dir='ltr'><strong>minitante</strong></span> <span class='ocrx_word' id='word_1_524' title='bbox 1116 4364 1379 4431; x_wconf 83' lang='lat' dir='ltr'><strong>procella,</strong></span> <span class='ocrx_word' id='word_1_525' title='bbox 1404 4374 1465 4420; x_wconf 93' lang='lat' dir='ltr'><strong>ut</strong></span> <span class='ocrx_word' id='word_1_526' title='bbox 1482 4366 1891 4436; x_wconf 86' lang='lat' dir='ltr'><strong>quamprimum</strong></span> <span class='ocrx_word' id='word_1_527' title='bbox 1909 4380 2030 4420; x_wconf 91' lang='lat' dir='ltr'><strong>om-</strong></span> 
     </span>
    </p>
   </div>
   <div class='ocr_carea' id='block_1_77' title="bbox 457 4448 2033 4527">
    <p class='ocr_par' dir='ltr' id='par_1_77' title="bbox 457 4448 2033 4527">
     <span class='ocr_line' id='line_1_77' title="bbox 457 4448 2033 4527; baseline 0.008 -25"><span class='ocrx_word' id='word_1_528' title='bbox 457 4448 590 4502; x_wconf 89' lang='lat' dir='ltr'><strong>nino</strong></span> <span class='ocrx_word' id='word_1_529' title='bbox 614 4452 950 4519; x_wconf 74' lang='lat' dir='ltr'><strong>prtevaleret,</strong></span> <span class='ocrx_word' id='word_1_530' title='bbox 970 4454 1107 4509; x_wconf 89' lang='lat' dir='ltr'><strong>nihil</strong></span> <span class='ocrx_word' id='word_1_531' title='bbox 1135 4463 1314 4511; x_wconf 88' lang='lat' dir='ltr'><strong>tamen</strong></span> <span class='ocrx_word' id='word_1_532' title='bbox 1347 4457 1438 4512; x_wconf 89' lang='lat' dir='ltr'><strong>ille</strong></span> <span class='ocrx_word' id='word_1_533' title='bbox 1462 4454 1705 4513; x_wconf 83' lang='lat' dir='ltr'><strong>aui&#39;mum</strong></span> <span class='ocrx_word' id='word_1_534' title='bbox 1723 4458 2033 4527; x_wconf 82' lang='lat' dir='ltr'><strong>desponde-</strong></span> 
     </span>
    </p>
   </div>
   <div class='ocr_carea' id='block_1_78' title="bbox 449 4541 2108 4635">
    <p class='ocr_par' dir='ltr' id='par_1_78' title="bbox 449 4541 2108 4635">
     <span class='ocr_line' id='line_1_78' title="bbox 449 4541 2108 4635; baseline 0.009 -41"><span class='ocrx_word' id='word_1_535' title='bbox 449 4541 573 4608; x_wconf 82' lang='lat' dir='ltr'><strong>bat;</strong></span> <span class='ocrx_word' id='word_1_536' title='bbox 603 4543 732 4611; x_wconf 86' lang='lat' dir='ltr'><strong>quin</strong></span> <span class='ocrx_word' id='word_1_537' title='bbox 759 4545 985 4600; x_wconf 91' lang='lat' dir='ltr'><strong>multam</strong></span> <span class='ocrx_word' id='word_1_538' title='bbox 1017 4550 1465 4618; x_wconf 80' lang='lat' dir='ltr'><strong>tranquillitatem</strong></span> <span class='ocrx_word' id='word_1_539' title='bbox 1495 4552 1786 4622; x_wconf 84' lang='lat' dir='ltr'><strong>sperabat.</strong></span> <span class='ocrx_word' id='word_1_540' title='bbox 1820 4552 2031 4618; x_wconf 85' lang='lat' dir='ltr'><strong>Quam-</strong></span> <span class='ocrx_word' id='word_1_541' title='bbox 2064 4580 2108 4635; x_wconf 74' lang='grc' dir='ltr'><strong>ι)</strong></span> 
     </span>
    </p>
   </div>
   <div class='ocr_carea' id='block_1_79' title="bbox 452 4632 2031 4708">
    <p class='ocr_par' dir='ltr' id='par_1_79' title="bbox 452 4632 2031 4708">
     <span class='ocr_line' id='line_1_79' title="bbox 452 4632 2031 4708; baseline 0.009 -29"><span class='ocrx_word' id='word_1_542' title='bbox 452 4632 641 4684; x_wconf 77' lang='lat' dir='ltr'><strong>ohrem</strong></span> <span class='ocrx_word' id='word_1_543' title='bbox 698 4632 906 4688; x_wconf 77' lang='lat' dir='ltr'><strong>ferebat</strong></span> <span class='ocrx_word' id='word_1_544' title='bbox 961 4636 1168 4699; x_wconf 90' lang='lat' dir='ltr'><strong>omnia,</strong></span> <span class='ocrx_word' id='word_1_545' title='bbox 1234 4650 1294 4694; x_wconf 87' lang='lat' dir='ltr'><strong>ut</strong></span> <span class='ocrx_word' id='word_1_546' title='bbox 1345 4640 1479 4694; x_wconf 86' lang='lat' dir='ltr'><strong>nihil</strong></span> <span class='ocrx_word' id='word_1_547' title='bbox 1527 4641 1825 4708; x_wconf 74' lang='lat' dir='ltr'><strong>abiectum,</strong></span> <span class='ocrx_word' id='word_1_548' title='bbox 1893 4639 2031 4694; x_wconf 85' lang='lat' dir='ltr'><strong>nihil</strong></span> 
     </span>
    </p>
   </div>
   <div class='ocr_carea' id='block_1_80' title="bbox 453 4711 2033 4802">
    <p class='ocr_par' dir='ltr' id='par_1_80' title="bbox 453 4711 2033 4802">
     <span class='ocr_line' id='line_1_80' title="bbox 453 4711 2033 4802; baseline 0.008 -28"><span class='ocrx_word' id='word_1_549' title='bbox 453 4720 743 4792; x_wconf 83' lang='lat' dir='ltr'><strong>degeneris</strong></span> <span class='ocrx_word' id='word_1_550' title='bbox 764 4727 933 4780; x_wconf 89' lang='lat' dir='ltr'><strong>animi</strong></span> <span class='ocrx_word' id='word_1_551' title='bbox 970 4730 1103 4783; x_wconf 89' lang='lat' dir='ltr'><strong>vitio</strong></span> <span class='ocrx_word' id='word_1_552' title='bbox 1121 4711 1521 4797; x_wconf 56' lang='lat' dir='ltr'><strong>committeret;</strong></span> <span class='ocrx_word' id='word_1_553' title='bbox 1536 4734 1614 4786; x_wconf 85' lang='lat' dir='ltr'><strong>vel</strong></span> <span class='ocrx_word' id='word_1_554' title='bbox 1643 4735 1928 4802; x_wconf 84' lang='lat' dir='ltr'><strong>cogitaret,</strong></span> <span class='ocrx_word' id='word_1_555' title='bbox 1951 4734 2033 4789; x_wconf 81' lang='lat' dir='ltr'><strong>vel</strong></span> 
     </span>
    </p>
   </div>
   <div class='ocr_carea' id='block_1_81' title="bbox 454 4814 2030 4893">
    <p class='ocr_par' dir='ltr' id='par_1_81' title="bbox 454 4814 2030 4893">
     <span class='ocr_line' id='line_1_81' title="bbox 454 4814 2030 4893; baseline 0.009 -29"><span class='ocrx_word' id='word_1_556' title='bbox 454 4815 681 4869; x_wconf 69' lang='lat' dir='ltr'><strong>diceret.</strong></span> <span class='ocrx_word' id='word_1_557' title='bbox 715 4814 880 4872; x_wconf 89' lang='lat' dir='ltr'><strong>Nullo</strong></span> <span class='ocrx_word' id='word_1_558' title='bbox 904 4836 1085 4875; x_wconf 89' lang='lat' dir='ltr'><strong>rerum</strong></span> <span class='ocrx_word' id='word_1_559' title='bbox 1127 4832 1270 4878; x_wconf 85' lang='lat' dir='ltr'><strong>statu</strong></span> <span class='ocrx_word' id='word_1_560' title='bbox 1326 4825 1682 4893; x_wconf 83' lang='lat' dir='ltr'><strong>supercilium</strong></span> <span class='ocrx_word' id='word_1_561' title='bbox 1726 4825 2030 4891; x_wconf 86' lang='lat' dir='ltr'><strong>attollebat,</strong></span> 
     </span>
    </p>
   </div>
   <div class='ocr_carea' id='block_1_82' title="bbox 456 4912 2035 4987">
    <p class='ocr_par' dir='ltr' id='par_1_82' title="bbox 456 4912 2035 4987">
     <span class='ocr_line' id='line_1_82' title="bbox 456 4912 2035 4987; baseline 0.007 -24"><span class='ocrx_word' id='word_1_562' title='bbox 456 4922 520 4963; x_wconf 82' lang='lat' dir='ltr'><strong>ac</strong></span> <span class='ocrx_word' id='word_1_563' title='bbox 549 4925 646 4964; x_wconf 88' lang='lat' dir='ltr'><strong>nec</strong></span> <span class='ocrx_word' id='word_1_564' title='bbox 675 4912 898 4967; x_wconf 83' lang='lat' dir='ltr'><strong>verbum</strong></span> <span class='ocrx_word' id='word_1_565' title='bbox 925 4915 1204 4985; x_wconf 81' lang='lat' dir='ltr'><strong>jactantiae</strong></span> <span class='ocrx_word' id='word_1_566' title='bbox 1226 4918 1453 4982; x_wconf 87' lang='lat' dir='ltr'><strong>protulit</strong></span> <span class='ocrx_word' id='word_1_567' title='bbox 1481 4935 1495 4984; x_wconf 89' lang='lat'><strong>;</strong></span> <span class='ocrx_word' id='word_1_568' title='bbox 1535 4927 1706 4987; x_wconf 89' lang='lat' dir='ltr'><strong>utque</strong></span> <span class='ocrx_word' id='word_1_569' title='bbox 1739 4919 1879 4973; x_wconf 81' lang='lat' dir='ltr'><strong>alius</strong></span> <span class='ocrx_word' id='word_1_570' title='bbox 1910 4923 2035 4987; x_wconf 82' lang='lat' dir='ltr'><strong>quis</strong></span> 
     </span>
    </p>
   </div>
   <div class='ocr_carea' id='block_1_83' title="bbox 456 4999 2031 5072">
    <p class='ocr_par' dir='ltr' id='par_1_83' title="bbox 456 4999 2031 5072">
     <span class='ocr_line' id='line_1_83' title="bbox 456 4999 2031 5072; baseline 0.009 -22"><span class='ocrx_word' id='word_1_571' title='bbox 456 4999 682 5052; x_wconf 89' lang='lat' dir='ltr'><strong>meliora</strong></span> <span class='ocrx_word' id='word_1_572' title='bbox 715 5000 782 5054; x_wconf 92' lang='lat' dir='ltr'><strong>de</strong></span> <span class='ocrx_word' id='word_1_573' title='bbox 807 5002 897 5056; x_wconf 89' lang='lat' dir='ltr'><strong>illo</strong></span> <span class='ocrx_word' id='word_1_574' title='bbox 927 5004 1156 5070; x_wconf 88' lang='lat' dir='ltr'><strong>diceret,</strong></span> <span class='ocrx_word' id='word_1_575' title='bbox 1207 5006 1572 5062; x_wconf 63' lang='lat' dir='ltr'><strong>erubesctehat</strong></span> <span class='ocrx_word' id='word_1_576' title='bbox 1618 5012 1829 5072; x_wconf 85' lang='lat' dir='ltr'><strong>statim,</strong></span> <span class='ocrx_word' id='word_1_577' title='bbox 1879 5021 2031 5065; x_wconf 89' lang='lat' dir='ltr'><strong>actu-</strong></span> 
     </span>
    </p>
   </div>
   <div class='ocr_carea' id='block_1_84' title="bbox 457 5099 2032 5162">
    <p class='ocr_par' dir='ltr' id='par_1_84' title="bbox 457 5099 2032 5162">
     <span class='ocr_line' id='line_1_84' title="bbox 457 5099 2032 5162; baseline 0.011 -17"><span class='ocrx_word' id='word_1_578' title='bbox 457 5099 683 5162; x_wconf 87' lang='lat' dir='ltr'><strong>tumqoe</strong></span> <span class='ocrx_word' id='word_1_579' title='bbox 723 5110 1035 5153; x_wconf 86' lang='lat' dir='ltr'><strong>sermonem</strong></span> <span class='ocrx_word' id='word_1_580' title='bbox 1069 5102 1134 5155; x_wconf 89' lang='lat' dir='ltr'><strong>ad</strong></span> <span class='ocrx_word' id='word_1_581' title='bbox 1158 5103 1265 5156; x_wconf 90' lang='lat' dir='ltr'><strong>alia</strong></span> <span class='ocrx_word' id='word_1_582' title='bbox 1324 5104 1589 5158; x_wconf 85' lang='lat' dir='ltr'><strong>vertebat.</strong></span> <span class='ocrx_word' id='word_1_583' title='bbox 1645 5103 1881 5160; x_wconf 85' lang='lat' dir='ltr'><strong>Noverat</strong></span> <span class='ocrx_word' id='word_1_584' title='bbox 1922 5117 2032 5162; x_wconf 87' lang='lat' dir='ltr'><strong>tota</strong></span> 
     </span>
    </p>
   </div>
   <div class='ocr_carea' id='block_1_85' title="bbox 456 5184 2034 5272">
    <p class='ocr_par' dir='ltr' id='par_1_85' title="bbox 456 5184 2034 5272">
     <span class='ocr_line' id='line_1_85' title="bbox 456 5184 2034 5272; baseline 0.011 -36"><span class='ocrx_word' id='word_1_585' title='bbox 456 5184 774 5243; x_wconf 84' lang='lat' dir='ltr'><strong>sinceritate</strong></span> <span class='ocrx_word' id='word_1_586' title='bbox 803 5205 1023 5246; x_wconf 87' lang='lat' dir='ltr'><strong>servare</strong></span> <span class='ocrx_word' id='word_1_587' title='bbox 1053 5193 1398 5272; x_wconf 71' lang='lat' dir='ltr'><strong>dignitatern,</strong></span> <span class='ocrx_word' id='word_1_588' title='bbox 1425 5196 1773 5267; x_wconf 75' lang='lat' dir='ltr'><strong>illzesumque</strong></span> <span class='ocrx_word' id='word_1_589' title='bbox 1806 5200 2034 5253; x_wconf 87' lang='lat' dir='ltr'><strong>omnino</strong></span> 
     </span>
    </p>
   </div>
   <div class='ocr_carea' id='block_1_86' title="bbox 455 5280 2035 5362">
    <p class='ocr_par' dir='ltr' id='par_1_86' title="bbox 455 5280 2035 5362">
     <span class='ocr_line' id='line_1_86' title="bbox 455 5280 2035 5362; baseline 0.011 -31"><span class='ocrx_word' id='word_1_590' title='bbox 455 5280 600 5333; x_wconf 89' lang='lat' dir='ltr'><strong>tueri</strong></span> <span class='ocrx_word' id='word_1_591' title='bbox 635 5282 885 5337; x_wconf 89' lang='lat' dir='ltr'><strong>ordinem</strong></span> <span class='ocrx_word' id='word_1_592' title='bbox 920 5301 936 5350; x_wconf 88' lang='lat'><strong>;</strong></span> <span class='ocrx_word' id='word_1_593' title='bbox 964 5285 1099 5341; x_wconf 91' lang='lat' dir='ltr'><strong>nihil</strong></span> <span class='ocrx_word' id='word_1_594' title='bbox 1135 5289 1569 5359; x_wconf 70' lang='lat' dir='ltr'><strong>praecipitantius</strong></span> <span class='ocrx_word' id='word_1_595' title='bbox 1601 5307 1783 5362; x_wconf 81' lang='lat' dir='ltr'><strong>agere,</strong></span> <span class='ocrx_word' id='word_1_596' title='bbox 1816 5294 2035 5361; x_wconf 87' lang='lat' dir='ltr'><strong>quodve</strong></span> 
     </span>
    </p>
   </div>
   <div class='ocr_carea' id='block_1_87' title="bbox 456 5377 2036 5449">
    <p class='ocr_par' dir='ltr' id='par_1_87' title="bbox 456 5377 2036 5449">
     <span class='ocr_line' id='line_1_87' title="bbox 456 5377 2036 5449; baseline 0.004 -23"><span class='ocrx_word' id='word_1_597' title='bbox 456 5383 839 5441; x_wconf 88' lang='lat' dir='ltr'><strong>comparatum</strong></span> <span class='ocrx_word' id='word_1_598' title='bbox 871 5386 1018 5431; x_wconf 89' lang='lat' dir='ltr'><strong>esset</strong></span> <span class='ocrx_word' id='word_1_599' title='bbox 1069 5377 1373 5433; x_wconf 89' lang='lat' dir='ltr'><strong>molestiam</strong></span> <span class='ocrx_word' id='word_1_600' title='bbox 1427 5396 1658 5447; x_wconf 85' lang='lat' dir='ltr'><strong>creare;</strong></span> <span class='ocrx_word' id='word_1_601' title='bbox 1690 5391 1918 5449; x_wconf 81' lang='lat' dir='ltr'><strong>excepto</strong></span> <span class='ocrx_word' id='word_1_602' title='bbox 1977 5389 2036 5433; x_wconf 90' lang='lat' dir='ltr'><strong>ut</strong></span> 
     </span>
    </p>
   </div>
   <div class='ocr_carea' id='block_1_88' title="bbox 455 5467 2034 5542">
    <p class='ocr_par' dir='ltr' id='par_1_88' title="bbox 455 5467 2034 5542">
     <span class='ocr_line' id='line_1_88' title="bbox 455 5467 2034 5542; baseline 0.003 -20"><span class='ocrx_word' id='word_1_603' title='bbox 455 5467 593 5525; x_wconf 92' lang='lat' dir='ltr'><strong>utile</strong></span> <span class='ocrx_word' id='word_1_604' title='bbox 619 5483 779 5522; x_wconf 89' lang='lat' dir='ltr'><strong>secus</strong></span> <span class='ocrx_word' id='word_1_605' title='bbox 826 5470 1104 5535; x_wconf 85' lang='lat' dir='ltr'><strong>suaderet,</strong></span> <span class='ocrx_word' id='word_1_606' title='bbox 1131 5472 1274 5540; x_wconf 88' lang='lat' dir='ltr'><strong>quod</strong></span> <span class='ocrx_word' id='word_1_607' title='bbox 1304 5472 1406 5528; x_wconf 92' lang='lat' dir='ltr'><strong>sibi</strong></span> <span class='ocrx_word' id='word_1_608' title='bbox 1440 5489 1655 5542; x_wconf 86' lang='lat' dir='ltr'><strong>semper</strong></span> <span class='ocrx_word' id='word_1_609' title='bbox 1684 5475 1830 5529; x_wconf 85' lang='lat' dir='ltr'><strong>dulci</strong></span> <span class='ocrx_word' id='word_1_610' title='bbox 1880 5485 2034 5527; x_wconf 84' lang='lat' dir='ltr'><strong>ante-</strong></span> 
     </span>
    </p>
   </div>
   <div class='ocr_carea' id='block_1_89' title="bbox 457 5564 2034 5635">
    <p class='ocr_par' dir='ltr' id='par_1_89' title="bbox 457 5564 2034 5635">
     <span class='ocr_line' id='line_1_89' title="bbox 457 5564 2034 5635; baseline 0.001 -18"><span class='ocrx_word' id='word_1_611' title='bbox 457 5564 773 5632; x_wconf 81' lang='lat' dir='ltr'><strong>ponendum</strong></span> <span class='ocrx_word' id='word_1_612' title='bbox 828 5564 982 5619; x_wconf 85' lang='lat' dir='ltr'><strong>duxit</strong></span> <span class='ocrx_word' id='word_1_613' title='bbox 1014 5568 1189 5635; x_wconf 86' lang='lat' dir='ltr'><strong>:quin</strong></span> <span class='ocrx_word' id='word_1_614' title='bbox 1232 5566 1406 5635; x_wconf 87' lang='lat' dir='ltr'><strong>magis</strong></span> <span class='ocrx_word' id='word_1_615' title='bbox 1438 5576 1653 5635; x_wconf 87' lang='lat' dir='ltr'><strong>gratum</strong></span> <span class='ocrx_word' id='word_1_616' title='bbox 1691 5582 1751 5621; x_wconf 92' lang='lat' dir='ltr'><strong>se</strong></span> <span class='ocrx_word' id='word_1_617' title='bbox 1779 5566 2034 5619; x_wconf 81' lang='lat' dir='ltr'><strong>omnibus</strong></span> 
     </span>
    </p>
   </div>
   <div class='ocr_carea' id='block_1_90' title="bbox 459 5657 2033 5728">
    <p class='ocr_par' dir='ltr' id='par_1_90' title="bbox 459 5657 2033 5728">
     <span class='ocr_line' id='line_1_90' title="bbox 459 5657 2033 5728; baseline 0.001 -15"><span class='ocrx_word' id='word_1_618' title='bbox 459 5658 737 5720; x_wconf 71' lang='lat' dir='ltr'><strong>achtum</strong></span> <span class='ocrx_word' id='word_1_619' title='bbox 770 5657 1000 5713; x_wconf 89' lang='lat' dir='ltr'><strong>miscere</strong></span> <span class='ocrx_word' id='word_1_620' title='bbox 1030 5674 1045 5719; x_wconf 87' lang='lat'><strong>;</strong></span> <span class='ocrx_word' id='word_1_621' title='bbox 1076 5667 1305 5728; x_wconf 77' lang='lat' dir='ltr'><strong>excepto</strong></span> <span class='ocrx_word' id='word_1_622' title='bbox 1338 5671 1396 5712; x_wconf 92' lang='lat' dir='ltr'><strong>ut</strong></span> <span class='ocrx_word' id='word_1_623' title='bbox 1419 5660 1579 5728; x_wconf 91' lang='lat' dir='ltr'><strong>lupus</strong></span> <span class='ocrx_word' id='word_1_624' title='bbox 1603 5659 1800 5727; x_wconf 75' lang='lat' dir='ltr'><strong>aliquis</strong></span> <span class='ocrx_word' id='word_1_625' title='bbox 1820 5660 1873 5713; x_wconf 91' lang='lat' dir='ltr'><strong>in</strong></span> <span class='ocrx_word' id='word_1_626' title='bbox 1901 5672 2033 5715; x_wconf 89' lang='lat' dir='ltr'><strong>oves</strong></span> 
     </span>
    </p>
   </div>
   <div class='ocr_carea' id='block_1_91' title="bbox 460 5746 2032 5827">
    <p class='ocr_par' dir='ltr' id='par_1_91' title="bbox 460 5746 2032 5827">
     <span class='ocr_line' id='line_1_91' title="bbox 460 5746 2032 5827; baseline -0.001 -24"><span class='ocrx_word' id='word_1_627' title='bbox 460 5750 701 5827; x_wconf 59' lang='lat' dir='ltr'><strong>irryens,</strong></span> <span class='ocrx_word' id='word_1_628' title='bbox 734 5746 852 5815; x_wconf 80' lang='lat' dir='ltr'><strong>ejus</strong></span> <span class='ocrx_word' id='word_1_629' title='bbox 883 5748 1356 5805; x_wconf 85' lang='lat' dir='ltr'><strong>studioarcendus</strong></span> <span class='ocrx_word' id='word_1_630' title='bbox 1379 5762 1524 5804; x_wconf 82' lang='lat' dir='ltr'><strong>esset</strong></span> <span class='ocrx_word' id='word_1_631' title='bbox 1558 5768 1570 5802; x_wconf 91' lang='lat'><strong>:</strong></span> <span class='ocrx_word' id='word_1_632' title='bbox 1607 5752 1797 5804; x_wconf 86' lang='lat' dir='ltr'><strong>tardus</strong></span> <span class='ocrx_word' id='word_1_633' title='bbox 1828 5751 1892 5802; x_wconf 87' lang='lat' dir='ltr'><strong>ad</strong></span> <span class='ocrx_word' id='word_1_634' title='bbox 1919 5749 2032 5804; x_wconf 90' lang='lat' dir='ltr'><strong>vin-</strong></span> 
     </span>
    </p>
   </div>
   <div class='ocr_carea' id='block_1_92' title="bbox 458 5842 2031 5910">
    <p class='ocr_par' dir='ltr' id='par_1_92' title="bbox 458 5842 2031 5910">
     <span class='ocr_line' id='line_1_92' title="bbox 458 5842 2031 5910; baseline 0.001 -18"><span class='ocrx_word' id='word_1_635' title='bbox 458 5842 678 5902; x_wconf 74' lang='lat' dir='ltr'><strong>dictam,</strong></span> <span class='ocrx_word' id='word_1_636' title='bbox 702 5855 759 5893; x_wconf 84' lang='lat' dir='ltr'><strong>ac</strong></span> <span class='ocrx_word' id='word_1_637' title='bbox 794 5856 1187 5909; x_wconf 68' lang='lat' dir='ltr'><strong>nonutrnqttau:</strong></span> <span class='ocrx_word' id='word_1_638' title='bbox 1216 5857 1436 5910; x_wconf 68' lang='lat' dir='ltr'><strong>prorsus</strong></span> <span class='ocrx_word' id='word_1_639' title='bbox 1463 5843 1739 5905; x_wconf 72' lang='lat' dir='ltr'><strong>Omittens,</strong></span> <span class='ocrx_word' id='word_1_640' title='bbox 1769 5859 1887 5896; x_wconf 74' lang='lat' dir='ltr'><strong>cum</strong></span> <span class='ocrx_word' id='word_1_641' title='bbox 1924 5860 2031 5894; x_wconf 75' lang='grc' dir='ltr'>ιιιιι-</span> 
     </span>
    </p>
   </div>
   <div class='ocr_carea' id='block_1_93' title="bbox 2135 3341 3767 3416">
    <p class='ocr_par' dir='ltr' id='par_1_93' title="bbox 2135 3341 3767 3416">
     <span class='ocr_line' id='line_1_93' title="bbox 2135 3341 3767 3416; baseline 0.003 -22"><span class='ocrx_word' id='word_1_642' title='bbox 2135 3341 2437 3413; x_wconf 72' lang='grc' dir='ltr'><strong>ἀνωμάλως</strong></span> <span class='ocrx_word' id='word_1_643' title='bbox 2481 3344 2824 3414; x_wconf 78' lang='grc' dir='ltr'>φερομένων.</span> <span class='ocrx_word' id='word_1_644' title='bbox 2858 3345 2993 3398; x_wconf 76' lang='grc' dir='ltr'><strong>Οὐδὲ</strong></span> <span class='ocrx_word' id='word_1_645' title='bbox 3039 3346 3147 3413; x_wconf 81' lang='grc' dir='ltr'><strong>γάρ</strong></span> <span class='ocrx_word' id='word_1_646' title='bbox 3195 3342 3264 3416; x_wconf 83' lang='grc' dir='ltr'>ἦν</span> <span class='ocrx_word' id='word_1_647' title='bbox 3307 3362 3392 3409; x_wconf 88' lang='grc' dir='ltr'><strong>τις</strong></span> <span class='ocrx_word' id='word_1_648' title='bbox 3443 3347 3708 3415; x_wconf 65' lang='grc' dir='ltr'>Πρωτεὺς</span> <span class='ocrx_word' id='word_1_649' title='bbox 3756 3366 3767 3373; x_wconf 64' lang='grc'><strong>“</strong></span> 
     </span>
    </p>
   </div>
   <div class='ocr_carea' id='block_1_94' title="bbox 2131 3431 3712 3506">
    <p class='ocr_par' dir='ltr' id='par_1_94' title="bbox 2131 3431 3712 3506">
     <span class='ocr_line' id='line_1_94' title="bbox 2131 3431 3712 3506; baseline 0.002 -22"><span class='ocrx_word' id='word_1_650' title='bbox 2131 3431 2362 3496; x_wconf 73' lang='grc' dir='ltr'>ἐκεῖνος,</span> <span class='ocrx_word' id='word_1_651' title='bbox 2398 3436 2520 3497; x_wconf 88' lang='grc' dir='ltr'>ταῖς</span> <span class='ocrx_word' id='word_1_652' title='bbox 2549 3434 2886 3504; x_wconf 82' lang='grc' dir='ltr'>μεταϐολαῖς</span> <span class='ocrx_word' id='word_1_653' title='bbox 2919 3435 3031 3489; x_wconf 85' lang='grc' dir='ltr'><strong>τῶν</strong></span> <span class='ocrx_word' id='word_1_654' title='bbox 3062 3436 3275 3506; x_wconf 88' lang='grc' dir='ltr'>καιρῶν</span> <span class='ocrx_word' id='word_1_655' title='bbox 3309 3434 3712 3506; x_wconf 78' lang='grc' dir='ltr'>συμμεταϐάλ-</span> 
     </span>
    </p>
   </div>
   <div class='ocr_carea' id='block_1_95' title="bbox 2131 3524 3710 3599">
    <p class='ocr_par' dir='ltr' id='par_1_95' title="bbox 2131 3524 3710 3599">
     <span class='ocr_line' id='line_1_95' title="bbox 2131 3524 3710 3599; baseline 0.002 -21"><span class='ocrx_word' id='word_1_656' title='bbox 2131 3524 2240 3579; x_wconf 90' lang='grc' dir='ltr'><strong>λων</strong></span> <span class='ocrx_word' id='word_1_657' title='bbox 2269 3526 2456 3581; x_wconf 77' lang='grc' dir='ltr'>αὐτόν.</span> <span class='ocrx_word' id='word_1_658' title='bbox 2496 3526 2652 3598; x_wconf 83' lang='grc' dir='ltr'>’ῌδει</span> <span class='ocrx_word' id='word_1_659' title='bbox 2674 3528 3005 3597; x_wconf 79' lang='grc' dir='ltr'>κεραννύναι</span> <span class='ocrx_word' id='word_1_660' title='bbox 3030 3528 3097 3582; x_wconf 82' lang='grc' dir='ltr'><strong>τά</strong></span> <span class='ocrx_word' id='word_1_661' title='bbox 3128 3531 3424 3599; x_wconf 84' lang='grc' dir='ltr'>φάρμακα,</span> <span class='ocrx_word' id='word_1_662' title='bbox 3484 3531 3578 3582; x_wconf 76' lang='grc' dir='ltr'>καὶ</span> <span class='ocrx_word' id='word_1_663' title='bbox 3608 3532 3710 3581; x_wconf 80' lang='grc' dir='ltr'>τά-</span> 
     </span>
    </p>
   </div>
   <div class='ocr_carea' id='block_1_96' title="bbox 2132 3617 3729 3694">
    <p class='ocr_par' dir='ltr' id='par_1_96' title="bbox 2132 3617 3729 3694">
     <span class='ocr_line' id='line_1_96' title="bbox 2132 3617 3729 3694; baseline 0.001 -23"><span class='ocrx_word' id='word_1_664' title='bbox 2132 3618 2329 3671; x_wconf 90' lang='grc' dir='ltr'>ναντία</span> <span class='ocrx_word' id='word_1_665' title='bbox 2362 3617 2717 3689; x_wconf 73' lang='grc' dir='ltr'>διορθοῦσθαι</span> <span class='ocrx_word' id='word_1_666' title='bbox 2766 3623 2881 3685; x_wconf 85' lang='grc' dir='ltr'>τοῖς</span> <span class='ocrx_word' id='word_1_667' title='bbox 2931 3620 3219 3684; x_wconf 77' lang='grc' dir='ltr'>ἐναντίοις.</span> <span class='ocrx_word' id='word_1_668' title='bbox 3253 3622 3405 3694; x_wconf 83' lang='grc' dir='ltr'>ᾝδει</span> <span class='ocrx_word' id='word_1_669' title='bbox 3441 3621 3608 3690; x_wconf 69' lang='grc' dir='ltr'>μηδὲν</span> <span class='ocrx_word' id='word_1_670' title='bbox 3648 3620 3729 3673; x_wconf 75' lang='grc' dir='ltr'>δν.</span> 
     </span>
    </p>
   </div>
   <div class='ocr_carea' id='block_1_97' title="bbox 2134 3706 3710 3783">
    <p class='ocr_par' dir='ltr' id='par_1_97' title="bbox 2134 3706 3710 3783">
     <span class='ocr_line' id='line_1_97' title="bbox 2134 3706 3710 3783; baseline 0.004 -23"><span class='ocrx_word' id='word_1_671' title='bbox 2134 3706 2350 3779; x_wconf 83' lang='grc' dir='ltr'>βέϐαιον</span> <span class='ocrx_word' id='word_1_672' title='bbox 2379 3710 2490 3762; x_wconf 85' lang='grc' dir='ltr'><strong>τῶν</strong></span> <span class='ocrx_word' id='word_1_673' title='bbox 2521 3710 2886 3781; x_wconf 72' lang='grc' dir='ltr'>ἀνθρωπίνων</span> <span class='ocrx_word' id='word_1_674' title='bbox 2928 3714 3297 3782; x_wconf 79' lang='grc' dir='ltr'>πραγμάτων,</span> <span class='ocrx_word' id='word_1_675' title='bbox 3351 3713 3450 3766; x_wconf 80' lang='grc' dir='ltr'>καὶ</span> <span class='ocrx_word' id='word_1_676' title='bbox 3483 3713 3583 3783; x_wconf 72' lang='grc' dir='ltr'>τὴν</span> <span class='ocrx_word' id='word_1_677' title='bbox 3608 3713 3710 3766; x_wconf 82' lang='grc' dir='ltr'>τύ-</span> 
     </span>
    </p>
   </div>
   <div class='ocr_carea' id='block_1_98' title="bbox 2131 3800 3709 3873">
    <p class='ocr_par' dir='ltr' id='par_1_98' title="bbox 2131 3800 3709 3873">
     <span class='ocr_line' id='line_1_98' title="bbox 2131 3800 3709 3873; baseline 0.005 -21"><span class='ocrx_word' id='word_1_678' title='bbox 2131 3818 2235 3870; x_wconf 85' lang='grc' dir='ltr'><strong>χην</strong></span> <span class='ocrx_word' id='word_1_679' title='bbox 2292 3800 2599 3873; x_wconf 86' lang='grc' dir='ltr'>χαίρουσαν</span> <span class='ocrx_word' id='word_1_680' title='bbox 2654 3805 2776 3867; x_wconf 86' lang='grc' dir='ltr'>ταῖς</span> <span class='ocrx_word' id='word_1_681' title='bbox 2809 3804 3145 3873; x_wconf 84' lang='grc' dir='ltr'>μεταϐολαῖς</span> <span class='ocrx_word' id='word_1_682' title='bbox 3172 3819 3187 3837; x_wconf 77' lang='grc' dir='ltr'><strong><em>ο</em></strong></span> <span class='ocrx_word' id='word_1_683' title='bbox 3244 3805 3339 3859; x_wconf 78' lang='grc' dir='ltr'>καὶ</span> <span class='ocrx_word' id='word_1_684' title='bbox 3371 3805 3462 3859; x_wconf 79' lang='grc' dir='ltr'>διὰ</span> <span class='ocrx_word' id='word_1_685' title='bbox 3509 3805 3709 3871; x_wconf 80' lang='grc' dir='ltr'>ταῦτα,</span> 
     </span>
    </p>
   </div>
   <div class='ocr_carea' id='block_1_99' title="bbox 2133 3892 3712 3969">
    <p class='ocr_par' dir='ltr' id='par_1_99' title="bbox 2133 3892 3712 3969">
     <span class='ocr_line' id='line_1_99' title="bbox 2133 3892 3712 3969; baseline 0.005 -23"><span class='ocrx_word' id='word_1_686' title='bbox 2133 3892 2409 3961; x_wconf 79' lang='grc' dir='ltr'>εὐπλοῶν,</span> <span class='ocrx_word' id='word_1_687' title='bbox 2457 3892 2769 3967; x_wconf 83' lang='grc' dir='ltr'>προσεδόκα</span> <span class='ocrx_word' id='word_1_688' title='bbox 2804 3896 2908 3966; x_wconf 82' lang='grc' dir='ltr'><strong>μὲν</strong></span> <span class='ocrx_word' id='word_1_689' title='bbox 2944 3898 3247 3969; x_wconf 88' lang='grc' dir='ltr'>τρικυμίαν</span> <span class='ocrx_word' id='word_1_690' title='bbox 3270 3914 3285 3928; x_wconf 87' lang='grc'><strong>·</strong></span> <span class='ocrx_word' id='word_1_691' title='bbox 3339 3898 3617 3968; x_wconf 72' lang='grc' dir='ltr'>ἐλογίζετο</span> <span class='ocrx_word' id='word_1_692' title='bbox 3653 3901 3712 3965; x_wconf 55' lang='lat' dir='ltr'><strong>3t</strong></span> 
     </span>
    </p>
   </div>
   <div class='ocr_carea' id='block_1_100' title="bbox 2133 3985 3711 4061">
    <p class='ocr_par' dir='ltr' id='par_1_100' title="bbox 2133 3985 3711 4061">
     <span class='ocr_line' id='line_1_100' title="bbox 2133 3985 3711 4061; baseline 0.003 -18"><span class='ocrx_word' id='word_1_693' title='bbox 2133 3985 2330 4057; x_wconf 76' lang='grc' dir='ltr'>ζάλην,</span> <span class='ocrx_word' id='word_1_694' title='bbox 2358 3989 2457 4043; x_wconf 75' lang='grc' dir='ltr'>καὶ</span> <span class='ocrx_word' id='word_1_695' title='bbox 2510 3989 2650 4061; x_wconf 79' lang='grc' dir='ltr'>πρὸς</span> <span class='ocrx_word' id='word_1_696' title='bbox 2681 3990 2929 4061; x_wconf 80' lang='grc' dir='ltr'>ταραχὴν</span> <span class='ocrx_word' id='word_1_697' title='bbox 2958 3990 3123 4044; x_wconf 76' lang='grc' dir='ltr'>αὑτὸν</span> <span class='ocrx_word' id='word_1_698' title='bbox 3169 3991 3499 4060; x_wconf 69' lang='grc' dir='ltr'>δτοιμάζων,</span> <span class='ocrx_word' id='word_1_699' title='bbox 3544 3995 3711 4048; x_wconf 72' lang='grc' dir='ltr'>ἐπελ-</span> 
     </span>
    </p>
   </div>
   <div class='ocr_carea' id='block_1_101' title="bbox 2132 4080 3712 4157">
    <p class='ocr_par' dir='ltr' id='par_1_101' title="bbox 2132 4080 3712 4157">
     <span class='ocr_line' id='line_1_101' title="bbox 2132 4080 3712 4157; baseline 0.003 -22"><span class='ocrx_word' id='word_1_700' title='bbox 2132 4080 2337 4148; x_wconf 88' lang='grc' dir='ltr'>θούσης</span> <span class='ocrx_word' id='word_1_701' title='bbox 2367 4081 2469 4134; x_wconf 83' lang='grc' dir='ltr'><strong>οὐκ</strong></span> <span class='ocrx_word' id='word_1_702' title='bbox 2492 4081 2846 4152; x_wconf 78' lang='grc' dir='ltr'>ἐταράττετο.</span> <span class='ocrx_word' id='word_1_703' title='bbox 2893 4081 3056 4137; x_wconf 76' lang='grc' dir='ltr'>Ἐπεὶ</span> <span class='ocrx_word' id='word_1_704' title='bbox 3083 4083 3187 4137; x_wconf 88' lang='grc' dir='ltr'><strong>κάν</strong></span> <span class='ocrx_word' id='word_1_705' title='bbox 3237 4085 3433 4154; x_wconf 83' lang='grc' dir='ltr'>μέσαις</span> <span class='ocrx_word' id='word_1_706' title='bbox 3476 4084 3712 4157; x_wconf 79' lang='grc' dir='ltr'>δυσηνεο</span> 
     </span>
    </p>
   </div>
   <div class='ocr_carea' id='block_1_102' title="bbox 2137 4170 3713 4248">
    <p class='ocr_par' dir='ltr' id='par_1_102' title="bbox 2137 4170 3713 4248">
     <span class='ocr_line' id='line_1_102' title="bbox 2137 4170 3713 4248; baseline 0.005 -25"><span class='ocrx_word' id='word_1_707' title='bbox 2137 4170 2314 4241; x_wconf 85' lang='grc' dir='ltr'>μίαις,</span> <span class='ocrx_word' id='word_1_708' title='bbox 2338 4171 2721 4226; x_wconf 78' lang='grc' dir='ltr'>ἀπειλούντων</span> <span class='ocrx_word' id='word_1_709' title='bbox 2751 4173 2861 4228; x_wconf 87' lang='grc' dir='ltr'><strong>τῶν</strong></span> <span class='ocrx_word' id='word_1_710' title='bbox 2905 4174 3172 4244; x_wconf 81' lang='grc' dir='ltr'>κυμάτων</span> <span class='ocrx_word' id='word_1_711' title='bbox 3205 4174 3578 4248; x_wconf 80' lang='grc' dir='ltr'>ύπερσχήσειν</span> <span class='ocrx_word' id='word_1_712' title='bbox 3612 4180 3713 4231; x_wconf 64' lang='lat' dir='ltr'><strong>aui-</strong></span> 
     </span>
    </p>
   </div>
   <div class='ocr_carea' id='block_1_103' title="bbox 2133 4255 3709 4337">
    <p class='ocr_par' dir='ltr' id='par_1_103' title="bbox 2133 4255 3709 4337">
     <span class='ocr_line' id='line_1_103' title="bbox 2133 4255 3709 4337; baseline 0.005 -23"><span class='ocrx_word' id='word_1_713' title='bbox 2133 4260 2263 4315; x_wconf 86' lang='grc' dir='ltr'>τίκα</span> <span class='ocrx_word' id='word_1_714' title='bbox 2292 4262 2459 4333; x_wconf 82' lang='grc' dir='ltr'>μάλα,</span> <span class='ocrx_word' id='word_1_715' title='bbox 2491 4255 2649 4327; x_wconf 74' lang='grc' dir='ltr'>οὗτος</span> <span class='ocrx_word' id='word_1_716' title='bbox 2674 4264 2777 4318; x_wconf 84' lang='grc' dir='ltr'><strong>οὐκ</strong></span> <span class='ocrx_word' id='word_1_717' title='bbox 2799 4264 3175 4335; x_wconf 82' lang='grc' dir='ltr'>άπηγόρε“υεν’</span> <span class='ocrx_word' id='word_1_718' title='bbox 3204 4265 3324 4320; x_wconf 89' lang='grc' dir='ltr'>ἀλλ’</span> <span class='ocrx_word' id='word_1_719' title='bbox 3347 4263 3418 4337; x_wconf 76' lang='grc' dir='ltr'>ἦν</span> <span class='ocrx_word' id='word_1_720' title='bbox 3468 4268 3709 4333; x_wconf 74' lang='grc' dir='ltr'>ἐλπίζων</span> 
     </span>
    </p>
   </div>
   <div class='ocr_carea' id='block_1_104' title="bbox 2137 4354 3708 4433">
    <p class='ocr_par' dir='ltr' id='par_1_104' title="bbox 2137 4354 3708 4433">
     <span class='ocr_line' id='line_1_104' title="bbox 2137 4354 3708 4433; baseline 0.007 -28"><span class='ocrx_word' id='word_1_721' title='bbox 2137 4354 2342 4425; x_wconf 80' lang='grc' dir='ltr'>συχνὴν</span> <span class='ocrx_word' id='word_1_722' title='bbox 2402 4355 2668 4427; x_wconf 84' lang='grc' dir='ltr'>γαλήνην.</span> <span class='ocrx_word' id='word_1_723' title='bbox 2745 4357 2910 4412; x_wconf 86' lang='grc' dir='ltr'>Ὅθεν</span> <span class='ocrx_word' id='word_1_724' title='bbox 2973 4359 3153 4413; x_wconf 82' lang='grc' dir='ltr'>πάντα</span> <span class='ocrx_word' id='word_1_725' title='bbox 3209 4359 3311 4429; x_wconf 78' lang='grc' dir='ltr'>μὲν</span> <span class='ocrx_word' id='word_1_726' title='bbox 3367 4359 3584 4433; x_wconf 73' lang='grc' dir='ltr'>ἔφερεν,</span> <span class='ocrx_word' id='word_1_727' title='bbox 3643 4365 3708 4417; x_wconf 83' lang='grc' dir='ltr'><strong>ού</strong></span> 
     </span>
    </p>
   </div>
   <div class='ocr_carea' id='block_1_105' title="bbox 2134 4445 3709 4521">
    <p class='ocr_par' dir='ltr' id='par_1_105' title="bbox 2134 4445 3709 4521">
     <span class='ocr_line' id='line_1_105' title="bbox 2134 4445 3709 4521; baseline 0.005 -23"><span class='ocrx_word' id='word_1_728' title='bbox 2134 4445 2329 4512; x_wconf 84' lang='grc' dir='ltr'>ποιῶν,</span> <span class='ocrx_word' id='word_1_729' title='bbox 2362 4446 2426 4500; x_wconf 84' lang='grc' dir='ltr'><strong>ού</strong></span> <span class='ocrx_word' id='word_1_730' title='bbox 2473 4447 2846 4518; x_wconf 80' lang='grc' dir='ltr'>λογιζόμενος,</span> <span class='ocrx_word' id='word_1_731' title='bbox 2908 4450 2971 4504; x_wconf 86' lang='grc' dir='ltr'><strong>ού</strong></span> <span class='ocrx_word' id='word_1_732' title='bbox 3004 4450 3181 4519; x_wconf 84' lang='grc' dir='ltr'>λέγων</span> <span class='ocrx_word' id='word_1_733' title='bbox 3229 4453 3490 4506; x_wconf 74' lang='grc' dir='ltr'>ταπεινὸν</span> <span class='ocrx_word' id='word_1_734' title='bbox 3530 4453 3709 4521; x_wconf 73' lang='grc' dir='ltr'>οὐδὲν,</span> 
     </span>
    </p>
   </div>
   <div class='ocr_carea' id='block_1_106' title="bbox 2133 4536 3712 4618">
    <p class='ocr_par' dir='ltr' id='par_1_106' title="bbox 2133 4536 3712 4618">
     <span class='ocr_line' id='line_1_106' title="bbox 2133 4536 3712 4618; baseline 0.006 -26"><span class='ocrx_word' id='word_1_735' title='bbox 2133 4536 2257 4592; x_wconf 73' lang='grc' dir='ltr'>οὐδὲ</span> <span class='ocrx_word' id='word_1_736' title='bbox 2318 4540 2566 4608; x_wconf 79' lang='grc' dir='ltr'>ἀγεννές.</span> <span class='ocrx_word' id='word_1_737' title='bbox 2633 4540 2727 4595; x_wconf 90' lang='grc' dir='ltr'><strong>Ἐν</strong></span> <span class='ocrx_word' id='word_1_738' title='bbox 2786 4542 2965 4596; x_wconf 82' lang='grc' dir='ltr'>οὐδενὶ</span> <span class='ocrx_word' id='word_1_739' title='bbox 2988 4543 3045 4596; x_wconf 77' lang='grc' dir='ltr'>δὲ</span> <span class='ocrx_word' id='word_1_740' title='bbox 3074 4542 3175 4612; x_wconf 79' lang='grc' dir='ltr'>τὴν</span> <span class='ocrx_word' id='word_1_741' title='bbox 3203 4544 3374 4616; x_wconf 83' lang='grc' dir='ltr'>ὀφρὺν</span> <span class='ocrx_word' id='word_1_742' title='bbox 3396 4540 3555 4618; x_wconf 70' lang='grc' dir='ltr'>ἦρεν,</span> <span class='ocrx_word' id='word_1_743' title='bbox 3585 4548 3712 4603; x_wconf 74' lang='grc' dir='ltr'>ούδὲ</span> 
     </span>
    </p>
   </div>
   <div class='ocr_carea' id='block_1_107' title="bbox 2137 4632 3714 4708">
    <p class='ocr_par' dir='ltr' id='par_1_107' title="bbox 2137 4632 3714 4708">
     <span class='ocr_line' id='line_1_107' title="bbox 2137 4632 3714 4708; baseline 0.008 -26"><span class='ocrx_word' id='word_1_744' title='bbox 2137 4648 2189 4683; x_wconf 77' lang='grc' dir='ltr'><strong>τι</strong></span> <span class='ocrx_word' id='word_1_745' title='bbox 2213 4632 2366 4702; x_wconf 78' lang='grc' dir='ltr'>ῥῆμα</span> <span class='ocrx_word' id='word_1_746' title='bbox 2395 4633 2614 4703; x_wconf 79' lang='grc' dir='ltr'>κόμπου</span> <span class='ocrx_word' id='word_1_747' title='bbox 2639 4635 2983 4706; x_wconf 83' lang='grc' dir='ltr'>προήνεγκεν</span> <span class='ocrx_word' id='word_1_748' title='bbox 3001 4652 3016 4671; x_wconf 78' lang='grc' dir='ltr'><strong><em>ο</em></strong></span> <span class='ocrx_word' id='word_1_749' title='bbox 3037 4636 3154 4691; x_wconf 80' lang='grc' dir='ltr'>ἀλλ’</span> <span class='ocrx_word' id='word_1_750' title='bbox 3179 4638 3229 4691; x_wconf 85' lang='grc' dir='ltr'><strong>εί</strong></span> <span class='ocrx_word' id='word_1_751' title='bbox 3250 4637 3349 4692; x_wconf 67' lang='grc' dir='ltr'><strong>καὶΙ</strong></span> <span class='ocrx_word' id='word_1_752' title='bbox 3373 4639 3533 4702; x_wconf 82' lang='grc' dir='ltr'>ἀλλος</span> <span class='ocrx_word' id='word_1_753' title='bbox 3556 4640 3714 4708; x_wconf 76' lang='grc' dir='ltr'>ἔλεγε</span> 
     </span>
    </p>
   </div>
   <div class='ocr_carea' id='block_1_108' title="bbox 2138 4724 3714 4801">
    <p class='ocr_par' dir='ltr' id='par_1_108' title="bbox 2138 4724 3714 4801">
     <span class='ocr_line' id='line_1_108' title="bbox 2138 4724 3714 4801; baseline 0.006 -27"><span class='ocrx_word' id='word_1_754' title='bbox 2138 4724 2267 4793; x_wconf 76' lang='grc' dir='ltr'>περὶ</span> <span class='ocrx_word' id='word_1_755' title='bbox 2312 4724 2481 4778; x_wconf 78' lang='grc' dir='ltr'>αὐτοῦ</span> <span class='ocrx_word' id='word_1_756' title='bbox 2518 4725 2587 4778; x_wconf 79' lang='grc' dir='ltr'>τὰ</span> <span class='ocrx_word' id='word_1_757' title='bbox 2614 4725 2834 4796; x_wconf 84' lang='grc' dir='ltr'>βελτίω,</span> <span class='ocrx_word' id='word_1_758' title='bbox 2870 4729 2898 4779; x_wconf 85' lang='grc' dir='ltr'><strong>ό</strong></span> <span class='ocrx_word' id='word_1_759' title='bbox 2947 4727 2992 4779; x_wconf 76' lang='grc' dir='ltr'>δ’</span> <span class='ocrx_word' id='word_1_760' title='bbox 3022 4728 3267 4801; x_wconf 76' lang='grc' dir='ltr'>ἠρυθρία</span> <span class='ocrx_word' id='word_1_761' title='bbox 3298 4746 3358 4784; x_wconf 84' lang='grc' dir='ltr'><strong>τε</strong></span> <span class='ocrx_word' id='word_1_762' title='bbox 3405 4730 3589 4794; x_wconf 75' lang='grc' dir='ltr'>εὐθὺς,</span> <span class='ocrx_word' id='word_1_763' title='bbox 3620 4734 3714 4784; x_wconf 68' lang='grc' dir='ltr'><strong>καὶ</strong></span> 
     </span>
    </p>
   </div>
   <div class='ocr_carea' id='block_1_109' title="bbox 2141 4814 3716 4893">
    <p class='ocr_par' dir='ltr' id='par_1_109' title="bbox 2141 4814 3716 4893">
     <span class='ocr_line' id='line_1_109' title="bbox 2141 4814 3716 4893; baseline 0.008 -29"><span class='ocrx_word' id='word_1_764' title='bbox 2141 4814 2470 4883; x_wconf 82' lang='grc' dir='ltr'>μετέϐαλλεν</span> <span class='ocrx_word' id='word_1_765' title='bbox 2505 4816 2761 4886; x_wconf 78' lang='grc' dir='ltr'>ἐπίτηδες</span> <span class='ocrx_word' id='word_1_766' title='bbox 2786 4815 2881 4869; x_wconf 79' lang='grc' dir='ltr'><strong>τὸν</strong></span> <span class='ocrx_word' id='word_1_767' title='bbox 2933 4818 3096 4887; x_wconf 88' lang='grc' dir='ltr'>λόγον</span> <span class='ocrx_word' id='word_1_768' title='bbox 3144 4820 3229 4888; x_wconf 77' lang='grc' dir='ltr'><strong>ἐφ’</strong></span> <span class='ocrx_word' id='word_1_769' title='bbox 3276 4819 3459 4892; x_wconf 77' lang='grc' dir='ltr'>ἔτερα.</span> <span class='ocrx_word' id='word_1_770' title='bbox 3513 4823 3716 4893; x_wconf 75' lang='grc' dir='ltr'>Τηρείν</span> 
     </span>
    </p>
   </div>
   <div class='ocr_carea' id='block_1_110' title="bbox 2141 4902 3713 4980">
    <p class='ocr_par' dir='ltr' id='par_1_110' title="bbox 2141 4902 3713 4980">
     <span class='ocr_line' id='line_1_110' title="bbox 2141 4902 3713 4980; baseline 0.006 -24"><span class='ocrx_word' id='word_1_771' title='bbox 2141 4904 2240 4972; x_wconf 85' lang='grc' dir='ltr'><strong>μὲν</strong></span> <span class='ocrx_word' id='word_1_772' title='bbox 2277 4905 2434 4973; x_wconf 78' lang='grc' dir='ltr'>ἔγνω⁹</span> <span class='ocrx_word' id='word_1_773' title='bbox 2459 4907 2520 4958; x_wconf 84' lang='grc' dir='ltr'><strong>τὸ</strong></span> <span class='ocrx_word' id='word_1_774' title='bbox 2556 4907 2743 4976; x_wconf 82' lang='grc' dir='ltr'>σχῆμα</span> <span class='ocrx_word' id='word_1_775' title='bbox 2804 4902 2949 4977; x_wconf 84' lang='grc' dir='ltr'>μάλα</span> <span class='ocrx_word' id='word_1_776' title='bbox 3004 4910 3269 4980; x_wconf 61' lang='grc' dir='ltr'>γνησίως</span> <span class='ocrx_word' id='word_1_777' title='bbox 3309 4910 3605 4980; x_wconf 81' lang='grc' dir='ltr'>φυλάττειν</span> <span class='ocrx_word' id='word_1_778' title='bbox 3654 4914 3713 4966; x_wconf 76' lang='grc' dir='ltr'>δὲ</span> 
     </span>
    </p>
   </div>
   <div class='ocr_carea' id='block_1_111' title="bbox 2138 4997 3716 5074">
    <p class='ocr_par' dir='ltr' id='par_1_111' title="bbox 2138 4997 3716 5074">
     <span class='ocr_line' id='line_1_111' title="bbox 2138 4997 3716 5074; baseline 0.007 -26"><span class='ocrx_word' id='word_1_779' title='bbox 2138 4997 2236 5066; x_wconf 75' lang='grc' dir='ltr'><strong>τὴν</strong></span> <span class='ocrx_word' id='word_1_780' title='bbox 2266 4998 2421 5062; x_wconf 77' lang='grc' dir='ltr'>τάξιν</span> <span class='ocrx_word' id='word_1_781' title='bbox 2449 4998 2757 5069; x_wconf 80' lang='grc' dir='ltr'>ἄθραυστον</span> <span class='ocrx_word' id='word_1_782' title='bbox 2785 5000 2946 5064; x_wconf 74' lang='grc' dir='ltr'><strong>ὅλως⁸</strong></span> <span class='ocrx_word' id='word_1_783' title='bbox 2987 5002 3157 5072; x_wconf 80' lang='grc' dir='ltr'>μηδὲν</span> <span class='ocrx_word' id='word_1_784' title='bbox 3211 5004 3491 5074; x_wconf 84' lang='grc' dir='ltr'>προπετὲς</span> <span class='ocrx_word' id='word_1_785' title='bbox 3534 5005 3716 5074; x_wconf 82' lang='grc' dir='ltr'>πράτ-</span> 
     </span>
    </p>
   </div>
   <div class='ocr_carea' id='block_1_112' title="bbox 2136 5090 3715 5167">
    <p class='ocr_par' dir='ltr' id='par_1_112' title="bbox 2136 5090 3715 5167">
     <span class='ocr_line' id='line_1_112' title="bbox 2136 5090 3715 5167; baseline 0.006 -28"><span class='ocrx_word' id='word_1_786' title='bbox 2136 5103 2271 5153; x_wconf 88' lang='grc' dir='ltr'>τειν,</span> <span class='ocrx_word' id='word_1_787' title='bbox 2302 5090 2470 5161; x_wconf 80' lang='grc' dir='ltr'>μηδὲν</span> <span class='ocrx_word' id='word_1_788' title='bbox 2500 5091 2610 5145; x_wconf 85' lang='grc' dir='ltr'><strong>τῶν</strong></span> <span class='ocrx_word' id='word_1_789' title='bbox 2642 5093 2803 5164; x_wconf 82' lang='grc' dir='ltr'>ἀνιᾷν</span> <span class='ocrx_word' id='word_1_790' title='bbox 2824 5094 3176 5162; x_wconf 86' lang='grc' dir='ltr'>πεφυκότων,</span> <span class='ocrx_word' id='word_1_791' title='bbox 3203 5095 3253 5148; x_wconf 84' lang='grc' dir='ltr'><strong>εί</strong></span> <span class='ocrx_word' id='word_1_792' title='bbox 3286 5095 3365 5167; x_wconf 80' lang='grc' dir='ltr'>μὴ</span> <span class='ocrx_word' id='word_1_793' title='bbox 3400 5096 3537 5167; x_wconf 77' lang='grc' dir='ltr'>πρὸς</span> <span class='ocrx_word' id='word_1_794' title='bbox 3568 5111 3715 5165; x_wconf 79' lang='grc' dir='ltr'>συμ-</span> 
     </span>
    </p>
   </div>
   <div class='ocr_carea' id='block_1_113' title="bbox 2139 5179 3712 5253">
    <p class='ocr_par' dir='ltr' id='par_1_113' title="bbox 2139 5179 3712 5253">
     <span class='ocr_line' id='line_1_113' title="bbox 2139 5179 3712 5253; baseline 0.003 -23"><span class='ocrx_word' id='word_1_795' title='bbox 2139 5179 2305 5249; x_wconf 80' lang='grc' dir='ltr'>φέρον</span> <span class='ocrx_word' id='word_1_796' title='bbox 2360 5180 2632 5252; x_wconf 77' lang='grc' dir='ltr'>ὑπῆρχενο</span> <span class='ocrx_word' id='word_1_797' title='bbox 2682 5181 2712 5234; x_wconf 85' lang='grc' dir='ltr'>ὅ</span> <span class='ocrx_word' id='word_1_798' title='bbox 2765 5197 2830 5250; x_wconf 87' lang='grc' dir='ltr'><strong>γε</strong></span> <span class='ocrx_word' id='word_1_799' title='bbox 2878 5181 2991 5234; x_wconf 86' lang='grc' dir='ltr'><strong>τῶν</strong></span> <span class='ocrx_word' id='word_1_800' title='bbox 3047 5180 3219 5253; x_wconf 59' lang='grc' dir='ltr'><strong>⁴Ιιδέων</strong></span> <span class='ocrx_word' id='word_1_801' title='bbox 3248 5183 3336 5235; x_wconf 77' lang='grc' dir='ltr'>ἀεὶ</span> <span class='ocrx_word' id='word_1_802' title='bbox 3391 5181 3712 5253; x_wconf 50' lang='grc' dir='ltr'>προύτίθει·</span> 
     </span>
    </p>
   </div>
   <div class='ocr_carea' id='block_1_114' title="bbox 2140 5269 3714 5344">
    <p class='ocr_par' dir='ltr' id='par_1_114' title="bbox 2140 5269 3714 5344">
     <span class='ocr_line' id='line_1_114' title="bbox 2140 5269 3714 5344; baseline 0.001 -20"><span class='ocrx_word' id='word_1_803' title='bbox 2140 5269 2279 5324; x_wconf 85' lang='grc' dir='ltr'>ἀλλὰ</span> <span class='ocrx_word' id='word_1_804' title='bbox 2306 5272 2564 5341; x_wconf 88' lang='grc' dir='ltr'>μιγνύναι</span> <span class='ocrx_word' id='word_1_805' title='bbox 2595 5273 2761 5326; x_wconf 82' lang='grc' dir='ltr'>πᾶσιν</span> <span class='ocrx_word' id='word_1_806' title='bbox 2793 5271 2956 5327; x_wconf 79' lang='grc' dir='ltr'>αὑτὸν</span> <span class='ocrx_word' id='word_1_807' title='bbox 3007 5272 3240 5341; x_wconf 77' lang='grc' dir='ltr'>ἄλυπον,</span> <span class='ocrx_word' id='word_1_808' title='bbox 3296 5274 3347 5326; x_wconf 89' lang='grc' dir='ltr'>εἰ</span> <span class='ocrx_word' id='word_1_809' title='bbox 3382 5274 3457 5344; x_wconf 84' lang='grc' dir='ltr'>μή</span> <span class='ocrx_word' id='word_1_810' title='bbox 3484 5290 3567 5336; x_wconf 86' lang='grc' dir='ltr'><strong>τις</strong></span> <span class='ocrx_word' id='word_1_811' title='bbox 3619 5273 3714 5326; x_wconf 79' lang='grc' dir='ltr'><strong>ὑπ’</strong></span> 
     </span>
    </p>
   </div>
   <div class='ocr_carea' id='block_1_115' title="bbox 2138 5365 3716 5438">
    <p class='ocr_par' dir='ltr' id='par_1_115' title="bbox 2138 5365 3716 5438">
     <span class='ocr_line' id='line_1_115' title="bbox 2138 5365 3716 5438; baseline 0 -18"><span class='ocrx_word' id='word_1_812' title='bbox 2138 5365 2355 5420; x_wconf 75' lang='grc' dir='ltr'>ἐκείνου</span> <span class='ocrx_word' id='word_1_813' title='bbox 2417 5366 2679 5437; x_wconf 77' lang='grc' dir='ltr'>ποιμένος</span> <span class='ocrx_word' id='word_1_814' title='bbox 2733 5365 3086 5434; x_wconf 84' lang='grc' dir='ltr'>ἀπεσοϐεῖτο,</span> <span class='ocrx_word' id='word_1_815' title='bbox 3118 5365 3284 5430; x_wconf 88' lang='grc' dir='ltr'>λύκος</span> <span class='ocrx_word' id='word_1_816' title='bbox 3334 5367 3430 5419; x_wconf 74' lang='grc' dir='ltr'>ἐπὶ</span> <span class='ocrx_word' id='word_1_817' title='bbox 3477 5366 3716 5438; x_wconf 77' lang='grc' dir='ltr'>ποίμνην</span> 
     </span>
    </p>
   </div>
   <div class='ocr_carea' id='block_1_116' title="bbox 2141 5459 3714 5538">
    <p class='ocr_par' dir='ltr' id='par_1_116' title="bbox 2141 5459 3714 5538">
     <span class='ocr_line' id='line_1_116' title="bbox 2141 5459 3714 5538; baseline 0.003 -25"><span class='ocrx_word' id='word_1_818' title='bbox 2141 5459 2439 5528; x_wconf 73' lang='grc' dir='ltr'>ἁλλόμενος</span> <span class='ocrx_word' id='word_1_819' title='bbox 2463 5475 2478 5490; x_wconf 82' lang='grc'><strong>’</strong></span> <span class='ocrx_word' id='word_1_820' title='bbox 2510 5460 2671 5529; x_wconf 80' lang='grc' dir='ltr'>δίκην</span> <span class='ocrx_word' id='word_1_821' title='bbox 2711 5459 2810 5531; x_wconf 82' lang='grc' dir='ltr'>μὲν</span> <span class='ocrx_word' id='word_1_822' title='bbox 2843 5459 3092 5531; x_wconf 81' lang='grc' dir='ltr'>βραδέως</span> <span class='ocrx_word' id='word_1_823' title='bbox 3117 5460 3443 5538; x_wconf 85' lang='grc' dir='ltr'>λαμϐάνειν,</span> <span class='ocrx_word' id='word_1_824' title='bbox 3477 5462 3572 5514; x_wconf 88' lang='grc' dir='ltr'><strong>καί</strong></span> <span class='ocrx_word' id='word_1_825' title='bbox 3606 5480 3714 5516; x_wconf 89' lang='grc' dir='ltr'><strong>που</strong></span> 
     </span>
    </p>
   </div>
   <div class='ocr_carea' id='block_1_117' title="bbox 2142 5549 3717 5624">
    <p class='ocr_par' dir='ltr' id='par_1_117' title="bbox 2142 5549 3717 5624">
     <span class='ocr_line' id='line_1_117' title="bbox 2142 5549 3717 5624; baseline 0.002 -19"><span class='ocrx_word' id='word_1_826' title='bbox 2142 5551 2238 5605; x_wconf 78' lang='grc' dir='ltr'>καὶ</span> <span class='ocrx_word' id='word_1_827' title='bbox 2258 5552 2650 5623; x_wconf 84' lang='grc' dir='ltr'>παραδραμεῖν</span> <span class='ocrx_word' id='word_1_828' title='bbox 2680 5549 2837 5619; x_wconf 82' lang='grc' dir='ltr'>δόξαν</span> <span class='ocrx_word' id='word_1_829' title='bbox 2866 5551 3114 5622; x_wconf 77' lang='grc' dir='ltr'>ἄμεινον.</span> <span class='ocrx_word' id='word_1_830' title='bbox 3143 5555 3254 5609; x_wconf 79' lang='grc' dir='ltr'>Καὶ</span> <span class='ocrx_word' id='word_1_831' title='bbox 3305 5553 3414 5624; x_wconf 82' lang='grc' dir='ltr'><strong>γάρ</strong></span> <span class='ocrx_word' id='word_1_832' title='bbox 3437 5549 3506 5624; x_wconf 81' lang='grc' dir='ltr'>ἦν</span> <span class='ocrx_word' id='word_1_833' title='bbox 3543 5554 3717 5622; x_wconf 77' lang='grc' dir='ltr'>δήπου</span> 
     </span>
    </p>
   </div>
   <div class='ocr_carea' id='block_1_118' title="bbox 2139 5646 3719 5719">
    <p class='ocr_par' dir='ltr' id='par_1_118' title="bbox 2139 5646 3719 5719">
     <span class='ocr_line' id='line_1_118' title="bbox 2139 5646 3719 5719; baseline -0.003 -16"><span class='ocrx_word' id='word_1_834' title='bbox 2139 5647 2277 5718; x_wconf 78' lang='grc' dir='ltr'>πρὸς</span> <span class='ocrx_word' id='word_1_835' title='bbox 2300 5646 2370 5701; x_wconf 74' lang='grc' dir='ltr'><strong>τά</strong></span> <span class='ocrx_word' id='word_1_836' title='bbox 2394 5646 2623 5702; x_wconf 81' lang='grc' dir='ltr'>τοιαῦτα</span> <span class='ocrx_word' id='word_1_837' title='bbox 2653 5648 2863 5718; x_wconf 88' lang='grc' dir='ltr'>νωθρός</span> <span class='ocrx_word' id='word_1_838' title='bbox 2882 5665 2967 5709; x_wconf 88' lang='grc' dir='ltr'><strong>τις</strong></span> <span class='ocrx_word' id='word_1_839' title='bbox 2993 5648 3134 5717; x_wconf 85' lang='grc' dir='ltr'>ἀγαν</span> <span class='ocrx_word' id='word_1_840' title='bbox 3158 5665 3173 5679; x_wconf 77' lang='grc' dir='ltr'><strong><em>ο</em></strong></span> <span class='ocrx_word' id='word_1_841' title='bbox 3207 5648 3344 5717; x_wconf 83' lang='grc' dir='ltr'>πρὸς</span> <span class='ocrx_word' id='word_1_842' title='bbox 3369 5648 3428 5701; x_wconf 78' lang='grc' dir='ltr'>δὲ</span> <span class='ocrx_word' id='word_1_843' title='bbox 3476 5647 3545 5700; x_wconf 79' lang='grc' dir='ltr'>τὰ</span> <span class='ocrx_word' id='word_1_844' title='bbox 3580 5649 3719 5719; x_wconf 85' lang='grc' dir='ltr'>βρα-</span> 
     </span>
    </p>
   </div>
   <div class='ocr_carea' id='block_1_119' title="bbox 2141 5738 3719 5810">
    <p class='ocr_par' dir='ltr' id='par_1_119' title="bbox 2141 5738 3719 5810">
     <span class='ocr_line' id='line_1_119' title="bbox 2141 5738 3719 5810; baseline -0.008 -17"><span class='ocrx_word' id='word_1_845' title='bbox 2141 5741 2265 5793; x_wconf 83' lang='grc' dir='ltr'>ϐεῖα</span> <span class='ocrx_word' id='word_1_846' title='bbox 2300 5742 2582 5809; x_wconf 82' lang='grc' dir='ltr'>παρέχειν,</span> <span class='ocrx_word' id='word_1_847' title='bbox 2604 5739 2700 5793; x_wconf 79' lang='grc' dir='ltr'>καὶ</span> <span class='ocrx_word' id='word_1_848' title='bbox 2723 5740 2864 5809; x_wconf 83' lang='grc' dir='ltr'>πρὸς</span> <span class='ocrx_word' id='word_1_849' title='bbox 2894 5740 3103 5803; x_wconf 78' lang='grc' dir='ltr'>πάντας</span> <span class='ocrx_word' id='word_1_850' title='bbox 3140 5738 3550 5810; x_wconf 71' lang='grc' dir='ltr'>ἐλευθεριότητι</span> <span class='ocrx_word' id='word_1_851' title='bbox 3577 5739 3719 5809; x_wconf 73' lang='grc' dir='ltr'>χρῆ..</span> 
     </span>
    </p>
   </div>
   <div class='ocr_carea' id='block_1_120' title="bbox 2146 5830 3716 5898">
    <p class='ocr_par' dir='ltr' id='par_1_120' title="bbox 2146 5830 3716 5898">
     <span class='ocr_line' id='line_1_120' title="bbox 2146 5830 3716 5898; baseline -0.001 -12"><span class='ocrx_word' id='word_1_852' title='bbox 2146 5834 2291 5897; x_wconf 69' lang='lat' dir='ltr'><strong>siin,</strong></span> <span class='ocrx_word' id='word_1_853' title='bbox 2326 5832 2607 5895; x_wconf 76' lang='grc' dir='ltr'>παντελῶς</span> <span class='ocrx_word' id='word_1_854' title='bbox 2657 5832 2978 5895; x_wconf 70' lang='grc' dir='ltr'>ἀκάθεκτος,</span> <span class='ocrx_word' id='word_1_855' title='bbox 3018 5831 3225 5895; x_wconf 75' lang='grc' dir='ltr'>Νεῖλος,</span> <span class='ocrx_word' id='word_1_856' title='bbox 3263 5832 3511 5897; x_wconf 72' lang='grc' dir='ltr'>ἅπαντας</span> <span class='ocrx_word' id='word_1_857' title='bbox 3536 5830 3716 5898; x_wconf 79' lang='grc' dir='ltr'>ἄρδων</span> 
     </span>
    </p>
   </div>
  </div>
