4060 6594
396 398 515 463 193

1191 406 1587 469 TllEODORI
1635 412 1990 474 DESPOT.E
2030 414 2422 476 LAUDATIO
2456 416 2863 517 FUNEBRIS.

3566 423 3670 486 ιςιι

390 520 523 583 τοῖς
554 518 687 589 παρ’
707 520 905 574 ἑαυτοῦ
933 521 1197 592 νάμασιν.
1249 527 1410 598 ᾜδει
1443 528 1521 598 τῷ
1556 532 1707 602 μέσῳ
1744 531 1857 585 τῶν
1888 550 1986 587 κα-

2088 516 2171 604 gis
2196 549 2228 587 e
2260 549 2317 592 re
2346 534 2526 589 visum
2556 544 2699 590 esset
2723 554 2737 601 ;
2759 537 2958 608 quippe
2983 545 3098 591 erat
3121 536 3175 591 in
3209 538 3478 605 ejusmodi
3511 541 3668 598 valde

390 610 521 665 λῶν
543 611 728 683 ἄκρως
755 616 1082 681 τυγχάνεινο
1109 616 1209 681 τὰς
1255 618 1313 672 δὲ
1368 621 1681 693 ἀκρότητας
1718 624 1791 693 μὴ
1821 640 1991 693 προσ-

400 700 597 756 ίεσθαι
636 719 653 736 -
712 706 976 760 ταυταισὶ
1006 709 1115 776 γὰρ
1167 709 1440 780 δήπουθεν
1490 713 1742 767 κίνδυνον
1794 716 1989 784 μυρίον

394 794 816 865 ἀνηρτημένον.
874 796 1098 867 Ἠγάπα
1170 804 1548 875 τετριμμένην
1623 804 1876 874 βαδίζων,
1929 808 1991 861 τὸ

394 884 659 952 ἀσφαλὲς
687 885 748 936 ἑν
778 884 957 940 ἀπασι
983 888 1166 958 ζητῶν
1223 892 1506 954 κινδύνους
1558 894 1617 948 δὲ
1649 896 1849 965 ῥᾳδίως
1878 895 1990 949 ὲδέ-

398 993 562 1044 χετο,
588 979 651 1031 οὐ
676 979 917 1033 πάντοτε
966 973 1065 1035 καὶ
1126 984 1339 1050 πάντας
1394 986 1585 1060 ἁπλῶς
1616 1004 1632 1022 ο
1667 992 1821 1045 τουτὶ
1877 994 1988 1061 γὰρ

400 1072 798 1145 παραπλήγων
848 1074 1157 1146 ἀνθρώπων
1191 1079 1261 1133 ἂν
1294 1080 1381 1151 εἴη
1407 1096 1424 1114 ·
1456 1082 1573 1135 ἀλλ’
1618 1083 1710 1137 ὅτι
1760 1081 1987 1146 τούτους

397 1164 511 1217 οὐκ
542 1163 669 1235 ἐξῆν
704 1167 846 1236 μετά
878 1168 976 1221 τοῦ
1030 1168 1224 1235 καλοῦ,
1258 1174 1356 1226 καὶ
1388 1172 1485 1227 τοῦ
1513 1174 1843 1245 γιγνομένου
1871 1175 1989 1230 δια-

399 1256 630 1322 φυγεῖν.
682 1256 971 1325 Ἐπιεικής
1016 1277 1104 1323 τις
1136 1261 1281 1329 ἀγαν
1331 1259 1438 1333 ἦνς
1498 1260 1673 1327 Οὗτος
1725 1266 1783 1320 δὲ
1812 1266 1865 1319 τί
1922 1266 1985 1319 οὐ

404 1345 558 1411 μετὰ
581 1345 786 1417 πολλῆς
806 1351 904 1417 τῆς
936 1350 1245 1433 ὑπερϐολῆς
1268 1369 1284 1419 ;
1312 1354 1499 1426 Θυμοῦ
1522 1356 1744 1425 κρατῶν
1769 1356 1982 1426 ἒτεροςς

401 1436 525 1489 Καὶ
576 1438 686 1509 μὴν
713 1441 770 1491 ιν
794 1440 973 1512 τούτῳ
1012 1445 1495 1518 φιλοτιμησόμεθα
1556 1449 1778 1517 μᾶλλον,
1825 1452 1986 1521 εἴπερ

396 1545 496 1589 τις
521 1530 681 1593 ἀλλος
706 1531 1038 1603 ἀνθρώπων.
1093 1536 1316 1591 Γλῶττα
1360 1539 1580 1603 πολλοῖς
1610 1542 1709 1611 μὲν
1760 1543 1987 1612 γέγονεν

399 1620 617 1691 ἀγαθὴ,
642 1622 824 1694 τούτῳ
850 1624 908 1678 δὲ
937 1625 1015 1687 ὡς
1041 1627 1304 1696 μάλιστα.
1340 1629 1419 1684 Οὐ
1473 1630 1583 1702 γὰρ
1613 1628 1683 1703 ἦν
1730 1633 1983 1688 ἀπειθεῖν

398 1710 794 1782 φθεγγομένῳ.
850 1713 1088 1789 Ἠμέρου
1134 1719 1230 1773 καὶ⁸
1287 1719 1366 1791 τῷ
1418 1722 1738 1792 μειδιάματι
1783 1722 1982 1788 ἀδίκως

404 1805 791 1874 ἀγριαίνοντα.
824 1808 906 1880 Τῇ
932 1809 991 1862 δὲ
1023 1813 1122 1881 τῆς
1152 1811 1398 1883 γλώττης
1420 1814 1650 1885 δυνάμει
1698 1817 1984 1887 χρησάμε-

2093 627 2617 697 segnis;erogandis
2647 644 2776 683 vero
2798 629 3040 697 praemiis
3075 644 3138 684 ac
3165 630 3500 699 ingenuitate
3533 633 3671 687 inci-

2095 719 2259 771 tutior
2281 728 2422 783 erat,
2441 734 2541 774 nec
2559 720 2786 774 omnino
2806 720 2979 775 teneri
3000 720 3207 789 valens,
3230 721 3331 777 Nili
3361 723 3532 778 instar
3549 724 3669 780 suis

2092 810 2382 866 universos
2436 810 2658 867 ﬂuentis
2684 812 2918 867 ubertim
2938 812 3194 884 irrigans.
3212 798 3433 869 Sciebat
3460 816 3665 880 medio,

2089 912 2335 959 extreme
2366 918 2431 958 ac
2463 919 2680 960 summe
2711 905 2932 989 assequi
2981 906 3120 960 bona
3147 922 3161 968 ;
3187 920 3289 961 nec
3342 915 3523 962 tamen
3573 911 3669 963 ad-

2089 998 2624 1061 mittebatextrema,
2653 998 2854 1067 quibus
2876 999 3167 1061 innumera
3187 1001 3433 1071 pericula
3461 1002 3668 1059 haerere

2089 1089 2276 1144 sciret.
2308 1088 2531 1143 Lubens
2565 1089 2860 1146 incedebat
2891 1091 3077 1145 tritam
3101 1092 3271 1155 viam,
3305 1107 3559 1163 quaerens
3606 1097 3667 1151 in

2089 1179 2345 1234 omnibus
2375 1180 2519 1248 quod
2543 1188 2721 1235 tutum
2759 1188 2946 1236 esset:
2974 1181 3216 1251 pericula
3267 1190 3449 1237 tamen
3493 1184 3669 1242 facilis

2088 1270 2315 1337 adibat;
2344 1279 2400 1326 at
2430 1285 2539 1326 non
2580 1286 2819 1343 semper,
2877 1287 2979 1329 nec
3037 1274 3360 1344 simpliciter
3412 1277 3599 1332 omnia
3646 1294 3662 1330 :

2086 1363 2286 1434 quippe
2301 1380 2423 1433 qua:
2446 1380 2535 1420 res
2553 1366 2871 1421 temerarios
2888 1380 2950 1420 ac
2966 1366 3204 1423 audaces
3228 1369 3415 1423 deceat
3431 1385 3445 1423 :
3459 1370 3552 1426 sed
3576 1370 3669 1426 ubi

2087 1471 2212 1512 cum
2251 1457 2477 1521 decoro,
2503 1471 2567 1512 ac
2596 1471 2694 1526 per
2724 1459 3074 1514 occasionem
3109 1461 3283 1517 vitare
3310 1476 3420 1517 non
3454 1464 3663 1519 liceret.

2084 1547 2342 1606 Ullumne
2372 1550 2531 1604 valde
2547 1552 2857 1607 modestum
2879 1550 3073 1606 dicas?
3098 1550 3196 1607 Hic
3219 1566 3351 1608 vero
3374 1553 3504 1623 quid
3556 1569 3663 1609 non

2087 1643 2261 1697 multo
2295 1658 2527 1698 excessu
2562 1659 2622 1697 ea
2651 1652 2809 1714 parte
2832 1645 3026 1698 ltabuit
3056 1645 3080 1699 ?
3106 1646 3363 1701 Aliumne
3398 1647 3493 1700 irae
3508 1659 3664 1701 com-

2088 1744 2265 1803 potem
2283 1733 2306 1786 ῖ
2337 1735 2392 1788 in
2407 1748 2475 1789 eo
2495 1734 2733 1789 maxime
2754 1750 2916 1804 supra
2943 1737 3169 1805 quosvis
3186 1737 3444 1792 mortales
3464 1750 3663 1806 possu-

2090 1838 2213 1877 mus
2244 1822 2489 1891 gloriari.
2544 1821 2672 1878 Fuit
2720 1826 2907 1880 multis
2963 1826 3224 1894 praeclara
3284 1826 3464 1895 lingua
3495 1827 3663 1881 tltuic

399 1913 520 1959 νος,
555 1898 854 1965 μετέϐαλεν
886 1900 956 1955 ἀν
998 1904 1083 1967 είς
1135 1884 1672 1976 φιλανθρωπίανκαὶ
1849 1884 1985 1961 Σκυ-

2088 1929 2253 1977 quam
2285 1915 2547 1970 maxime.
2574 1913 2745 1970 Tanta
2776 1884 3051 1985 siquidem
3094 1916 3335 1985 pollebat
3388 1920 3664 1972 sermonis

398 1988 521 2041 θῶν
552 1991 813 2060 ὠμότητα
839 1991 937 2063 τὴν
962 1994 1199 2065 πολλήν·
1234 1992 1304 2068 ἦν
1329 1996 1441 2069 γὰρ
1479 2000 1694 2063 ἀστεῖος
1717 2014 1732 2031 ·
1762 1994 1832 2070 ἦν
1863 2000 1984 2071 ἥδι-

397 2096 559 2145 στος,
593 2084 898 2155 προσηνὴς,
949 2086 1240 2157 μειλίχιος,
1273 2090 1480 2153 πάσαις
1508 2092 1627 2157 ταῖς
1674 2091 1866 2161 χάρισι
1890 2108 1985 2144 κε-

392 2173 720 2242 κραμένοςο
758 2175 883 2240 ὅλος
940 2178 1038 2247 μὲν
1086 2177 1365 2249 εὕτορνος,
1421 2180 1498 2244 ὡς
1556 2182 1683 2251 μηδ’
1734 2182 1984 2254 ἡντινοῦν

403 2266 679 2336 παρέχειν
702 2266 876 2335 λαϐὴν
918 2270 998 2331 είς
1023 2270 1218 2340 μῶμον
1240 2286 1254 2301 ο
1291 2272 1413 2337 δλος
1465 2274 1521 2325 δὲ
1557 2272 1828 2340 εὖληπτος
1869 2277 1982 2339 τοῖς

398 2356 577 2408 αὑτὸν
608 2356 795 2411 λαϐεῖν
821 2357 1100 2427 ἔθελουσιν
1131 2361 1213 2424 είς
1236 2362 1535 2433 οίκοδομὴν
1571 2362 1757 2416 καλῶν
1776 2364 1981 2434 ἔργων.

410 2448 645 2515 Ἥγεῖτο
664 2450 772 2521 γὰρ
803 2453 1038 2524 πρέπειν
1071 2457 1222 2527 αὐτῷ
1250 2458 1363 2521 τοῖς
1391 2460 1491 2527 μὲν
1534 2457 1832 2524 κακοήθεσι
1887 2460 1983 2513 καὶ

397 2540 876 2610 διεστραμμένοις
901 2542 1220 2615 ἀνθρώποις
1258 2543 1544 2609 παντελῶς
1540 2545 1884 2619 κάχείρωτος
1903 2540 1982 2597 εἶ-

398 2652 520 2703 ναι,
548 2636 780 2707 εὐχερὴς
816 2638 874 2691 δὲ
904 2638 1159 2706 ἀγαθοῖς,
1182 2639 1263 2702 είς
1284 2639 1312 2693 ὅ
1332 2656 1384 2692 τι
1420 2639 1488 2694 ἂν
1514 2638 1671 2693 αὐτοὶ
1702 2638 1976 2692 νεύσαιεν.

395 2727 519 2781 Καὶ
554 2726 661 2797 μὴν
693 2728 806 2781 τῶν
839 2733 1271 2797 συμπιπτόντων
1302 2730 1451 2802 αὐτῷ
1494 2731 1688 2784 δεινῶν
1716 2748 1730 2762 ·
1766 2729 1980 2784 πολλῶν

390 2820 449 2873 δ’
479 2820 643 2885 αὐτὸς
673 2821 1013 2891 πεπείραται
1036 2824 1133 2877 καὶ
1178 2824 1434 2895 μεγάλων
1453 2840 1468 2857 ·
1493 2827 1609 2889 τοῖς
1652 2825 1763 2895 γὰρ
1824 2823 1983 2893 μεγί-

394 2927 557 2973 στοις
614 2912 851 2981 μάλιστα
899 2915 933 2984 ἡ
982 2912 1257 2984 βάσανος·
1293 2916 1560 2986 κρείττων
1605 2915 1665 2969 οὐ
1727 2915 1978 2986 σμικρῶς

390 3000 605 3071 ὤφθην
658 3004 769 3056 τῶν
846 3004 907 3058 δὲ
976 3011 1184 3077 καιρῶν
1240 3006 1778 3078 μεταϐαλλομένων,
1836 3006 1982 3057 ικεῖ-

390 3107 499 3154 νος
552 3092 581 3145 ό
639 3091 803 3158 αὐτὸς
850 3094 1116 3165 ἕμενενβ
1182 3096 1212 3150 ὃ
1264 3097 1328 3168 δὴ
1385 3097 1613 3152 σπάνιον
1665 3097 1725 3150 ὲν
1764 3093 1977 3166 ἀνθρώ-

395 3200 550 3247 ποις.

2084 2005 2368 2070 facultate,
2405 2015 2466 2061 ut
2492 2008 2760 2062 omnesin
2790 2008 3118 2062 sententiam
3160 2014 3314 2062 suam
3359 2024 3526 2063 orans
3568 2024 3665 2066 eo-

2084 2106 2253 2168 geret.
2275 2095 2372 2153 Vel
2405 2100 2583 2155 solum
2608 2100 2801 2156 leniter
2822 2101 3028 2163 ridens,
3060 2100 3259 2170 injuste
3280 2112 3660 2170 exasperatum

2086 2191 2331 2247 sedabat.
2350 2191 2454 2249 Ubi
2470 2203 2647 2248 autem
2663 2193 2858 2264 linguae
2876 2196 2925 2249 vi
2946 2204 3210 2266 uteretur,
3232 2202 3312 2254 vel
3336 2198 3659 2266 Scytharum

2084 2283 2312 2339 multam
2342 2281 2641 2345 feritatem,
2672 2284 2726 2338 in
2760 2285 3013 2341 humanis
3044 2289 3327 2357 proximos
3350 2290 3575 2346 aﬂectus
3596 2306 3662 2348 ac

2084 2374 2479 2444 benignitatem
2538 2377 2806 2432 mutabat.
2855 2375 2987 2432 Erat
3030 2381 3175 2434 enim
3224 2384 3471 2438 urbanus
3504 2393 3659 2448 ;erat

2084 2464 2464 2526 dulcissimus,
2489 2473 2830 2531 mansuetus,
2861 2467 3115 2529 blandus,
3158 2468 3415 2524 omnibus
3468 2470 3660 2540 gratiis

2084 2564 2439 2625 temperatus.
2459 2556 2582 2611 Erat
2611 2568 2755 2614 t0tus
2777 2566 2938 2613 torno
2967 2558 3164 2623 facilis.
3194 2570 3253 2616 ut
3286 2578 3353 2615 ne
3398 2577 3505 2632 qua
3525 2578 3656 2618 ausa

2086 2649 2153 2702 ad
2192 2650 2401 2702 crimen
2431 2659 2640 2719 pateret
2670 2668 2684 2716 ;
2713 2660 2971 2720 totusque
3002 2652 3142 2706 idem
3171 2657 3448 2721 prehensu
3477 2653 3657 2710 facilis

2085 2747 2222 2803 erat,
2253 2748 2309 2794 ut
2342 2740 2463 2808 quis
2491 2740 2557 2793 ad
2581 2739 2998 2796 mdiﬂcationem
3058 2742 3325 2796 bonorum
3377 2745 3538 2800 vellet
3580 2755 3658 2800 te,

2083 2844 2233 2884 nere.
2267 2821 2380 2882 lloc
2402 2828 2605 2898 quippe
2631 2829 2732 2882 sibi
2766 2843 3070 2899 congruum
3106 2834 3414 2899 reputabat,
3450 2845 3510 2888 ut
3540 2850 3656 2889 ma-

2082 2918 2243 2985 lignis
2265 2919 2647 2986 perversisqne
2682 2920 2995 2974 hominibus
3038 2922 3264 2976 omnino
3313 2938 3370 2978 se
3414 2924 3656 2993 irrepre-

2082 3005 2403 3059 hensibilem
2456 3016 2720 3073 servaret,
2746 3007 3029 3079 [bonisque
3076 3011 3433 3068 nihilominus
3482 3013 3660 3073 facilia

2079 3097 2389 3161 exsisteret,
2423 3112 2488 3152 ac
2535 3099 2860 3169 indulgeret,
2912 3115 3271 3179 quocunque
3300 3106 3522 3160 tandem
3572 3106 3653 3160 illi

2083 3187 2471 3243 inclinassent.
2523 3187 2769 3257 Denique
2817 3191 3200 3267 ingruentibus
3251 3195 3433 3259 malis,
3486 3196 3655 3251 multa

392 3294 571 3348 porro
593 3281 704 3349 ille,
734 3298 797 3339 ac
820 3284 1002 3355 gravia
1022 3284 1411 3357 tulit;quippe
1436 3287 1703 3342 maximos
1761 3286 1998 3340 maxime
2023 3284 2179 3339 decet
2233 3285 2482 3352 probatio
2545 3303 2559 3339 :
2603 3284 2749 3340 baud
2803 3301 2861 3341 se
2901 3289 3248 3344 mediocriter
3315 3290 3652 3360 superiorem

394 3378 668 3443 ostendit,
694 3394 923 3450 cumque
951 3389 1196 3454 tempora
1240 3393 1607 3452 mutarentur,
1662 3384 1780 3454 ipse
1830 3380 2184 3437 nihilominus
2214 3381 2356 3436 idem
2382 3381 2483 3437 sibi
2522 3391 2675 3449 erat;
2726 3383 2872 3455 quod
2910 3384 3069 3455 plane
3118 3402 3303 3442 rarum
3362 3387 3416 3441 in
3460 3388 3654 3441 huma-

396 3476 491 3530 nis
543 3477 779 3532 accidat.

474 3571 583 3625 Τὸν
634 3574 807 3646 ἀνδρα
836 3575 1018 3630 τοίνυν
1051 3575 1263 3643 τοῦτον,
1312 3579 1435 3647 ἐμοὶ
1462 3578 1666 3643 δοκεῖν,
1700 3577 1759 3642 δς
1792 3575 1859 3631 ἂν
1883 3576 1977 3660 ἀν-

2158 3568 2227 3625 Ut
2261 3568 2387 3639 quis
2422 3582 2554 3641 ergo
2587 3566 3072 3637 incomparabilem
3101 3568 3255 3623 illum
3304 3578 3511 3638 spectet
3558 3571 3655 3626 ho-

392 3666 633 3736 δριάντα
672 3668 828 3739 φαίη,
863 3669 922 3737 ἐξ
948 3669 1255 3740 ἀδάμαντος
1304 3671 1700 3743 ἀπεξεσμένον,
1757 3671 1859 3725 οὐκ
1898 3669 1964 3723 ἂν

399 3759 668 3830 ἁμάρτοι,
703 3761 923 3832 ἀφορῶν
956 3762 1037 3826 είς
1068 3762 1133 3815 τὸ
1187 3762 1296 3816 τῶν
1329 3762 1515 3821 καλῶν
1559 3761 1970 3832 ἀπαράϐλητον.

399 3853 532 3905 Ὀτι
568 3842 624 3905 δὲ
658 3852 903 3915 τοιοῦτος
923 3850 992 3926 ἦν
1026 3850 1140 3908 οἷον
1166 3856 1194 3908 ὁ
1221 3855 1379 3922 λόγος
1412 3856 1543 3925 ὑμῖν
1589 3853 1763 3918 ἔδειξε
1786 3895 1802 3919 ,
1836 3854 1975 3924 μᾶλ-

396 3945 497 3997 λον
525 3944 569 3997 δ’
597 3947 674 4008 ὡς
710 3946 810 3998 οὐκ
851 3941 921 4016 ἦν
952 3945 1217 4010 τοιοῦτος,
1249 3945 1389 3998 ἀλλὰ
1413 3947 1509 3999 κα)⁸
1544 3944 1684 3999 πολὺ
1718 3942 1969 4013 βελτίων,

397 4036 566 4100 αὑτὸς
597 4036 805 4099 ἐκεῖνος
836 4037 1144 4102 ἀπέδειξεν,
1204 4031 1285 4099 οἷς
1342 4037 1402 4090 τε
1452 4034 1746 4107 ἔπραττεν,
1775 4030 1859 4097 οἷς
1912 4050 1971 4086 τε

397 4125 565 4196 ἔφερε
622 4125 710 4179 διὰ
770 4125 891 4196 βίου
944 4126 1131 4197 σχεδὸν
1192 4125 1433 4189 παντός’
1496 4125 1703 4197 μᾶλλον
1761 4123 1841 4190 δὲ,
1890 4118 1972 4185 οἷς

400 4221 646 4290 ἔπραττε
665 4220 760 4274 καὶ
792 4221 850 4273 ὲν
867 4217 945 4291 τῷ
975 4221 1207 4291 πάσχειν
1230 4235 1245 4249 ο
1276 4220 1371 4273 καὶ
1400 4218 1558 4284 αὖθις
1586 4212 1668 4283 οἷς
1707 4217 1973 4287 ὑφίστατο

402 4313 499 4366 καὶ
531 4315 587 4366 ὲν
618 4311 769 4383 αὑτῷ
799 4312 879 4382 τῷ
936 4304 1224 4383 πράττειν.
1260 4313 1398 4366 Οὐδὲ
1434 4311 1558 4382 ,γὰρ
1611 4311 1807 4383 ἠμέλει
1844 4307 1974 4371 ,τῶν

403 4405 633 4458 δεόντων
661 4406 922 4460 οὐδέποτε
945 4423 959 4438 ·
993 4405 1102 4479 οὐδ’
1137 4404 1296 4477 ὤφθη
1327 4405 1391 4474 γέ
1447 4422 1580 4459 ποτε
1609 4418 1976 4459 καταπεπτω-

400 4495 516 4560 κὼς
575 4498 668 4550 ὕπ’
723 4498 961 4567 ἀθυμίας
1026 4498 1291 4569 ἀμέτρου,
1351 4500 1446 4552 καὶ
1482 4497 1674 4567 φόϐου,
1731 4494 1974 4549 καὶτῶν

400 4591 663 4643 τοιούτων
694 4607 707 4620 σ
745 4591 859 4645 ἀλλ’
881 4574 1003 4644 οὑδὲ
1036 4592 1163 4654 τοὺς
1219 4590 1519 4661 λογισμοὺς
1580 4587 1974 4659 διακεχυμένος

398 4685 495 4736 ἐπὶ
522 4683 680 4747 πολὺ,
712 4683 825 4736 οὔτ’
848 4685 907 4736 ἐν
941 4683 1255 4754 εὐθυμίαις,
1289 4681 1404 4736 οὒτ’
1462 4683 1520 4735 ἐν
1577 4681 1814 4752 ἑορταῖς,
1874 4679 1975 4731 οὐκ

396 4778 456 4829 ἐν
490 4777 763 4842 παιδιαῖς,
791 4777 891 4829 οἰκ
923 4778 979 4830 ὲν
1011 4778 1178 4848 θήρᾳ,
1225 4776 1327 4830 οὐκ
1349 4778 1407 4830 ἐν
1444 4775 1622 4829 οὐδενὶ
1654 4776 1764 4828 τῶν
1800 4772 1975 4826 τοιού-

398 4886 533 4922 των.
568 4868 694 4921 Οὐδ’
719 4863 789 4936 ἦν
838 4868 1009 4940 ἀργὲς
1031 4870 1089 4920 ἐν
1128 4869 1243 4929 τοῖς
1272 4867 1489 4937 καιροῖς
1514 4866 1628 4929 ταῖς
1656 4861 1976 4936 χαλεπωτά-

2080 3676 2275 3716 norum
2311 3660 2592 3721 decorem,
2630 3658 2777 3713 haud
2813 3669 2943 3727 puto
2974 3675 3003 3713 a
3036 3662 3266 3715 veritate
3309 3676 3523 3725 errans,
3550 3676 3650 3731 po.

2080 3753 2227 3806 litum
2268 3765 2335 3805 ex
2370 3749 2661 3804 adamante
2682 3757 2944 3815 statuam,
2981 3749 3642 3819 subjectumargumento

2080 3841 2258 3896 virum
2292 3853 2608 3907 nuncupare
2640 3839 2829 3908 possit.
2849 3837 2920 3893 Ut
2954 3852 3118 3907 porro
3157 3839 3282 3893 talis
3305 3840 3649 3908 luerit,qua—

2079 3935 2186 3989 lem
2219 3931 2374 3987 vobis
2402 3944 2603 3990 .sermo
2639 3930 2884 3985 ostendit
2921 3946 2936 3984 :
2970 3930 3103 3992 imo,
3151 3939 3211 3984 ut
3246 3929 3444 3985 nedum
3502 3933 3650 3996 talis,

2095 4022 2190 4079 sed
2223 4030 2276 4077 et
2309 4021 2468 4092 longe
2496 4020 2842 4091 praestantior
2878 4019 3044 4074 fuerit
3077 4038 3092 4086 ;
3124 4019 3264 4074 idem
3294 4022 3407 4091 ipse
3436 4021 3652 4091 liquido

2079 4115 2351 4188 probavit,
2387 4123 2502 4168 tum
2539 4114 2608 4168 iis
2640 4127 2763 4184 quae
2795 4113 2926 4185 egit,
2966 4123 3079 4192 tum
3116 4129 3238 4182 qua:
3260 4121 3368 4168 tota
3395 4113 3508 4169 fere
3538 4116 3649 4169 vi'a

2082 4207 2222 4262 mala
2240 4206 2501 4263 sustinuit
2524 4222 2540 4271 ;
2560 4214 2723 4276 atque
2744 4206 2881 4262 adeo
2897 4205 2963 4259 iis
2979 4220 3099 4276 qua:
3120 4205 3234 4277 egit
3252 4206 3651 4276 ‘perpetiendo,

2081 4315 2317 4371 quaeque
2347 4300 2546 4355 iterum
2576 4299 2741 4355 etiam
2771 4298 2983 4370 agendo
3015 4312 3310 4368 perpessus
3339 4296 3461 4352 fuit.
3496 4297 3648 4352 Nun-

2082 4409 2247 4465 quam
2280 4393 2425 4447 enim
2470 4391 2736 4463 quidquid
2771 4390 3063 4446 accidisset
3123 4391 3268 4459 quod
3300 4403 3479 4459 operae
3528 4403 3654 4458 pre—
3716 4405 3722 4411 ’

2081 4487 2387 4551 timuerat,
2416 4486 2655 4557 neglexit
2690 4501 2705 4550 ;
2748 4500 2848 4539 nec
2904 4498 3149 4553 unquam
3214 4482 3443 4536 omnino
3499 4485 3651 4536 visus

2081 4590 2167 4636 est
2196 4579 2380 4634 animo
2435 4576 2777 4642 concidisse,
2831 4577 3095 4632 obruente
3151 4574 3405 4629 maestitia
3456 4572 3647 4638 nimia,

2081 4682 2174 4728 aut
2205 4682 2374 4737 metu,
2403 4671 2581 4725 aliove
2610 4668 2881 4739 ejusmodi
2916 4686 2929 4722 :
2956 4676 3013 4721 at
3042 4682 3223 4736 neque
3262 4664 3432 4720 clIuso
3460 4665 3649 4720 admo-

2082 4764 2211 4819 dum
2251 4763 2458 4825 animo,
2507 4776 2630 4816 cum
2672 4761 2835 4815 etiam
2872 4758 3169 4830 jucundior
3224 4752 3521 4818 videretur,
3564 4755 3668 4815 vel,

2083 4863 2373 4925 agerentur
2404 4852 2528 4908 festi
2556 4861 2862 4930 conventus
2891 4867 2906 4917 ;
2937 4865 3045 4904 non
3096 4849 3151 4902 in
3204 4847 3372 4910 ludis,
3406 4860 3515 4901 non
3560 4861 3649 4901 ve-

394 4974 541 5027 τοις,
572 4963 669 5016 καὶ
728 4930 1079 5031 σκυθρωποῖς
1120 4978 1234 5014 τισι
1281 4930 1972 5031 πράγμασινοῃοῦμενουν

2084 4947 2302 5001 natione
2355 4956 2536 5012 utens,
2583 4959 2691 4999 non
2750 4958 2808 4997 re
2849 4942 2955 4996 ulla
3008 4941 3298 5019 ejusmodi.
3348 4939 3416 4993 At
3474 4953 3652 5007 neque

396 5052 513 5107 οὐδ’
548 5055 607 5107 ὲν
640 5051 791 5122 αὐτῷ
828 5054 907 5124 τῷ
938 5054 1086 5129 μάλα
1120 5057 1322 5118 νοσεῖν,
1355 5053 1431 5116 ὡς
1454 5052 1625 5124 μηδὲν
1656 5050 1749 5104 τοῦ
1776 5049 1968 5121 χρόνου

402 5147 588 5215 μάτην
617 5145 985 5211 ἁναλίσκοιτο,
1020 5138 1081 5201 οὗ
1103 5146 1165 5200 τὸ
1198 5144 1473 5217 παρελθὸν
1507 5144 1787 5215 ἀμήχανον
1807 5141 1969 5196 πάλιν

398 5237 608 5305 εὑρεῖν.

479 5415 588 5468 Καὶ
622 5419 731 5485 μὴν
769 5416 850 5478 τὸ,
884 5413 1120 5483 Μέτρον
1163 5417 1444 5485 ἄριστονο
1474 5417 1569 5469 καὶ
1624 5415 1706 5480 τὸ,
1767 5413 1975 5481 Μηδὲν

401 5510 580 5576 ᾶγαν,
618 5509 711 5560 καὶ
748 5508 903 5571 ὅλως,
938 5510 1147 5578 ὃςαπερ
1176 5511 1288 5572 τοῖς
1324 5510 1494 5563 πάλαι
1541 5510 1722 5577 σοφοῖς
1755 5507 1975 5575 εἴρηται

400 5602 487 5662 είς
544 5603 644 5672 τὴν
673 5601 781 5655 τῶν
832 5602 981 5670 ἠθῶν
1030 5605 1355 5676 εὐκοσμίαν,
1415 5604 1607 5674 ὥσπερ
1656 5603 1715 5667 ἐξ
1776 5601 1972 5671 ἐράιου

399 5696 689 5759 συλλέξας,
725 5695 895 5747 ποιῶν
944 5696 1315 5751 διατετέλεκεν
1337 5715 1349 5728 ·
1382 5696 1526 5750 ὥστε
1586 5696 1810 5749 ἐκείνων
1844 5693 1975 5746 ἕκαο

400 5804 527 5850 στος
555 5787 616 5839 ἓν
649 5804 753 5843 που
788 5786 994 5842 τούτων
1033 5790 1256 5860 εἴρηκεν
1279 5808 1291 5821 ·
1330 5784 1484 5853 οὗτος
1515 5790 1570 5842 δὲ
1600 5791 1777 5843 πάντα
1801 5786 1971 5851 ἔπρα-

402 5880 525 5944 ξενο
555 5878 700 5932 οὕτω
728 5882 837 5942 τοῖς
869 5880 1012 5943 ὅλοις
1048 5882 1218 5935 ὲνῖκα.
1255 5878 1360 5934 Ἷιν
1387 5882 1441 5933 δὲ
1500 5879 1741 5947 τοσούτῳ
1773 5877 1967 5941 δεξιὸς,

2080 5037 2492 5092 molestissimis
2555 5034 2917 5105 temporibus,
2985 5014 3345 5101 tristibusque
3369 5028 3648 5085 nonuullts

2080 5132 2245 5187 rebus
2268 5132 2482 5185 otiosus
2512 5138 2629 5183 erat
2667 5144 2681 5192 ;
2714 5141 2782 5181 ne
2812 5123 2968 5179 vnlde
2993 5123 3214 5194 quidem
3246 5120 3443 5178 aﬂccta
3496 5123 3646 5175 sani-

2080 5232 2211 5286 tate,
2241 5238 2307 5277 ne
2341 5221 2472 5293 quid
2515 5217 2781 5287 temporis
2806 5230 3041 5269 vacuum
3101 5214 3467 5285 perelﬂueret,
3499 5212 3645 5284 qttod

2080 5324 2138 5369 ut
2156 5313 2438 5384 praeteriit,
2461 5311 2603 5365 nulla
2627 5310 2868 5380 posthac
2888 5307 3166 5379 diligentia
3188 5306 3431 5365 revocari
3448 5315 3650 5379 potest.

2151 5407 2419 5463 Caeterum
2485 5404 2623 5458 illud
2662 5420 2676 5456 :
2709 5401 2925 5473 Optima
2981 5402 3373 5457 mediocritas:
3421 5416 3504 5467 ac,
3566 5397 3650 5453 Ne

2080 5501 2205 5574 quid
2225 5502 2400 5564 nimis,
2420 5498 2779 5566 omninoque,
2804 5504 2862 5550 ut
2879 5495 3008 5567 quid
3030 5496 3270 5565 antiquis
3285 5490 3645 5562 sapientibus,

2081 5592 2475 5663 componendis
2500 5591 2787 5645 honestate
2808 5588 3304 5653 moribus,dictum
3335 5584 3443 5649 sit;
3480 5582 3529 5635 id
3555 5582 3649 5634 illo

2084 5698 2344 5757 tanquam
2373 5701 2438 5740 ex
2462 5684 2710 5757 symbolo
2733 5682 3018 5747 colligens,
3045 5688 3214 5735 totum
3239 5694 3297 5732 re
3316 5676 3644 5746 prmstabat:

2082 5790 2243 5849 atque
2270 5780 2404 5834 adeo
2433 5793 2554 5834 cum
2616 5777 2847 5848 quisque
2898 5789 3064 5827 unum
3125 5771 3255 5841 quid
3310 5782 3520 5829 eorum,
3585 5779 3648 5817 ac

2081 5874 2358 5945 singulare
2390 5871 2668 5942 quidpiam
2720 5867 2915 5923 eﬂ‘atus
2957 5865 3050 5926 sit,
3104 5862 3219 5933 ipse
3269 5874 3413 5914 unus
3462 5857 3645 5912 omnia
