4060 6588
418 412 519 476 193

1613 400 1769 461 MAN
1786 402 1826 462 U
1842 400 2010 460 ΕΗΒ
2056 397 2500 458 PALiEOLOGl

3468 438 3481 446 -
3555 394 3655 458 196

416 522 526 591 egit
561 538 577 576 :
631 520 709 575 sic
742 516 994 573 vincebat
1030 514 1325 571 universis.
1388 496 1465 566 ita
1505 528 1633 566 vero
1662 521 1821 579 aptus
1846 521 1982 570 erat,

2098 508 2182 560 καὶ
2223 506 2369 560 οὕτω
2406 508 2527 568 ταῖς
2578 503 2835 558 ἁπάντων
2860 500 3181 570 συμΰαίνων
3215 503 3485 581 γνῶμαις,
3515 509 3658 571 μετὰ

417 615 605 681 sicque
642 613 1021 667 universorum
1055 607 1252 661 animis
1278 605 1635 675 congruebat,
1655 612 1964 672 opportune

417 720 586 777 agens
607 703 816 764 omnia,
856 717 919 756 ac
951 715 1142 754 omnes
1175 700 1385 752 sincere
1420 697 1626 757 colens,
1669 710 1980 764 quanquam

424 797 588 851 nullis
621 796 779 849 noxie
802 792 1127 861 indulgeret,
1166 799 1226 843 ut
1261 791 1361 858 ipsi
1401 804 1509 842 non
1557 803 1684 842 raro
1741 796 1981 850 actores,

341 924 349 932 -
424 886 674 942 beneficii
697 900 755 938 se
795 900 919 939 reos
960 892 1340 951 agnoscerent,
1375 895 1439 934 ac
1495 888 1715 947 agerent
1757 879 1983 947 gratias,

423 994 549 1035 cum
620 966 785 1036 etiam
816 991 983 1032 causa
1005 975 1354 1037 cecidissent,
1397 987 1461 1025 ac
1501 978 1684 1025 essent
1736 969 1983 1022 frustrati
2028 1013 2044 1026 ,

426 1073 538 1130 fine
569 1087 733 1142 supra
785 1083 947 1139 quam
979 1065 1094 1127 alii.
1144 1080 1267 1119 cum
1303 1063 1415 1118 voti
1452 1069 1733 1128 compotes
1806 1059 1985 1112 amati

430 1176 615 1235 Optata
653 1177 931 1232 accepere.
971 1159 1179 1214 Accidit
1207 1156 1382 1220 enim,
1418 1164 1470 1207 ut
1497 1153 1810 1207 nihiletiam
1828 1150 1984 1212 dans,

424 1258 680 1319 delectes,
717 1263 883 1321 utque
909 1252 1150 1306 vicissim
1192 1249 1372 1303 dando
1410 1246 1725 1314 displicens.
1759 1243 1991 1298 Univer-

424 1350 527 1408 εἰει
550 1365 609 1403 se
640 1347 1152 1402 communissitnum
1214 1340 1583 1411 permittebat,
1647 1353 1710 1392 ac
1738 1336 1990 1389 mraxime

423 1450 611 1512 gratus
634 1438 1112 1508 congressionibus
1143 1446 1295 1490 erat:
1334 1447 1435 1485 nec
1458 1430 1753 1499 quidquam
1784 1438 1986 1488 tamen,

426 1547 639 1587 morum
670 1531 759 1584 illa
795 1528 1147 1597 ingenuitate,
1199 1526 1360 1578 rebus
1395 1523 1684 1577 officiebat.
1738 1520 1867 1572 Erat
1915 1517 1993 1571 si-

425 1624 644 1694 quidem
694 1623 890 1691 plenus
946 1617 1375 1674 architectonica
1420 1615 1675 1675 scientia,
1739 1624 1854 1667 tum
1922 1612 1988 1663 ad

427 1713 679 1783 politicos
721 1723 925 1772 mores,
954 1718 1067 1763 tum
1110 1706 1174 1761 ad
1216 1705 1432 1774 negotia
1491 1703 1730 1771 publica,
1778 1699 1990 1766 sibique

426 1802 557 1859 satis
594 1801 711 1871 ipse
741 1809 878 1863 erat,
896 1810 953 1854 ut
978 1808 1032 1856 et
1056 1796 1282 1866 singulis
1300 1802 1677 1847 ronsuesceret
1698 1807 1796 1859 pro
1813 1788 1996 1855 cujus-

2084 599 2177 651 τοῦ
2209 597 2497 667 καιροῦ.τά
2531 597 2720 650 δέοντα
2769 595 2963 659 ποιῶν,
3002 597 3118 649 ικαὶ
3151 595 3391 663 γνησίως
3440 596 3657 657 πάντας

2090 690 2506 761 μετερχόμενος.
2534 689 2596 741 οὑ
2629 689 2739 757 μήν
2768 705 2877 739 τισι
2933 687 3072 757 πρδς
3112 686 3319 754 βλάϐην
3355 687 3661 756 χαριζόμε-

2087 801 2199 845 νος,
2239 783 2314 843 ὡς
2336 782 2429 834 καὶ
2480 780 2741 843 πολλάκις
2787 780 2949 849 χάριν
2996 775 3402 846 ὁμολογοῦντας
3446 778 3659 831 εἰδέναι

2087 875 2212 936 τοὺς
2238 873 2678 941 ἐπαγγέλλοντας
2708 871 2877 940 ἔχειν,
2909 869 3117 924 εἴποτε
3148 870 3240 923 καὶ
3293 869 3391 921 τοῦ
3444 869 3657 922 σκοποῦ

2088 966 2485 1036 διημάρτανον,
2516 965 2661 1033 ἥπερ
2691 962 2841 1015 ἄλλοι
2870 962 2996 1025 τοὺς
3040 961 3302 1025 λαϐόντας
3338 954 3413 1015 ὧν
3456 960 3660 1013 ἐπεθύ-

2095 1074 2252 1126 μουν.
2287 1057 2446 1107 Ἐστι
2483 1056 2587 1124 γὰρ
2629 1056 2725 1106 καὶ
2773 1054 2934 1106 δόντα
2976 1052 3144 1122 μηδὲν
3207 1052 3499 1119 εὐφρᾶναι,
3560 1053 3661 1104 καὶ

2090 1148 2401 1200 τούναντίον
2432 1147 2586 1207 αὖθις
2631 1148 2831 1214 εὑρεῖν.
2876 1142 2985 1198 Ἦν
3021 1145 3121 1213 μὲν
3172 1145 3480 1205 κοινότατος
3511 1145 3663 1196 ᾶπα-

2094 1257 2176 1293 σιν
2201 1256 2213 1271 ⁸
2256 1234 2323 1307 ἦν
2350 1238 2409 1290 δὲ
2441 1240 2562 1300 ταῖς
2600 1238 2911 1297 συνουσίαις
2944 1236 3328 1303 χαριέστατος,
3361 1235 3452 1305 κοαὶ
3479 1234 3568 1286 διὰ
3596 1235 3662 1284 τὸ

2092 1329 2184 1381 τοῦ
2219 1331 2386 1398 ἤθους
2425 1330 2710 1397 ἐλεύθερον
2751 1326 2858 1381 οὐδ’
2885 1326 3189 1381 ὁπωστιοῦν
3225 1327 3511 1396 πράγμασι
3565 1325 3665 1377 λυ-

2096 1423 2442 1491 μαινόμενος.
2486 1422 2731 1491 ’Υπῆρχε
2765 1421 2873 1489 γὰρ
2910 1413 3285 1488 πληρέστατος
3331 1421 3663 1485 ἀρχιτεκτοα

2093 1510 2249 1576 νικῆς
2302 1511 2613 1578 ἐπιστήμης
2639 1510 2718 1571 εἷς
2751 1527 2806 1562 τε
2836 1508 2902 1560 τὰ
2931 1509 3185 1562 πολιτικὰ
3215 1507 3323 1576 ήθη
3354 1507 3433 1569 εἷς
3487 1523 3546 1558 τε
3587 1506 3662 1557 τὰ

2095 1600 2248 1653 κοινὰ
2273 1602 2577 1670 πράγματα
2601 1616 2615 1630 ⁸
2647 1601 2744 1653 καὶ
2763 1601 2987 1671 ἐξήρκει
3038 1616 3101 1666 γε
3135 1601 3373 1652 συνεῖναι
3403 1597 3498 1649 καὶ
3552 1614 3635 1664 χω

2098 1693 2182 1761 pi;
2210 1693 2462 1753 ὲκάσςοις
2494 1693 2631 1762 πρὸς
2657 1693 2886 1761 τρόπον,
2915 1691 3011 1743 καὶ
3062 1687 3222 1752 αὖθις
3275 1693 3441 1742 πᾶσιν
3495 1687 3663 1755 ὁμοῦ.

2099 1784 2257 1854 ’ᾘδει
2296 1799 2357 1835 τε
2386 1784 2562 1835 δοκεῖν
2585 1784 2911 1852 διαχεῖσθαι,
2941 1785 3034 1834 καὶ
3063 1781 3151 1835 ἀεὶ
3199 1781 3268 1833 τὰ.
3320 1780 3663 1848 καιριώτερα

425 1911 532 1964 que
567 1893 812 1948 moribus
834 1905 1003 1959 utque
1030 1890 1306 1956 integrum
1333 1901 1392 1939 se
1422 1882 1696 1937 universis
1724 1886 1987 1933 servaret.

2098 1873 2375 1944 προῦργου
2404 1874 2686 1927 τίθεσθαι·
2737 1874 2831 1931 καὶ
2867 1873 3301 1937 κατασκευάζειν
3333 1872 3503 1925 ἐνίοτε
3561 1886 3665 1937 με-

423 1982 658 2040 Noverat
725 1991 801 2035 ub
838 1991 894 2034 et
942 1980 1217 2032 videretur
1268 1976 1493 2028 hilarior
1527 1970 1784 2033 diffundi,
1825 1978 1992 2035 utque

429 2072 789 2130 nihilominus
843 2085 1062 2138 semper
1101 2067 1481 2137 principaliora
1531 2067 1704 2131 opera
1750 2059 1984 2126 pretium

430 2173 710 2241 poneret;
747 2171 912 2232 atque
940 2170 999 2215 ut
1055 2172 1454 2227 nonnunquam
1497 2170 1584 2209 res
1642 2167 1872 2220 magnas
1930 2163 1991 2202 ac

426 2260 773 2314 admirandas
801 2254 911 2308 ludi
954 2268 1059 2306 non
1099 2248 1374 2305 inhonesti
1412 2245 1590 2314 specie
1612 2251 1836 2310 gereret.

496 2350 633 2405 Cum
670 2349 752 2402 sic
783 2360 912 2414 ergo
939 2353 1098 2397 natus
1136 2353 1302 2402 esset,
1332 2339 1521 2406 sicque
1556 2333 1850 2388 voluntatis
1898 2331 1992 2384 ba.

430 2441 602 2505 heret,
637 2455 700 2494 ac
724 2440 797 2492 ita
830 2433 1356 2494 fuissetinstitutns,
1379 2431 1629 2497 bonaque
1648 2427 1786 2480 adeo
1812 2426 1992 2477 indole

427 2549 491 2588 ac
517 2532 736 2602 ingenio
766 2528 911 2584 facili
931 2526 1189 2596 praeditus
1213 2532 1391 2589 esset;
1412 2522 1466 2575 in
1496 2527 1747 2590 parentes
1776 2516 1990 2584 quidem

426 2623 596 2691 probe
628 2619 893 2691 implevit,
944 2630 1004 2672 ut
1032 2615 1161 2685 quid
1212 2623 1469 2684 parentes
1508 2618 1761 2663 natorum
1796 2607 1993 2674 pietate

430 2712 735 2782 praestanda
785 2719 976 2780 optare
1031 2705 1244 2777 possint
1279 2722 1293 2759 :
1327 2716 1543 2758 summo
1590 2698 1782 2752 amicis
1816 2694 1991 2750 amori

430 2805 576 2869 fuit;
615 2801 889 2858 universis
922 2798 1133 2854 exstitit
1156 2806 1370 2867 portus,
1395 2792 1683 2859 omnisque
1711 2790 1791 2843 eis
1825 2800 1992 2856 gene-

430 2896 508 2949 ris
561 2895 701 2948 bona
739 2892 1074 2948 conciliavit.
1124 2890 1411 2943 Praeclara:
1459 2887 1596 2939 adeo
1656 2898 1765 2942 res.
1808 2880 1994 2933 hostes

432 2998 649 3052 quoque
687 2980 1105 3045 infensissimos,
1145 2981 1211 3032 ad
1249 2976 1399 3045 pacis
1431 2973 1721 3027 ambienda
1764 2968 1991 3029 hedera,

433 3075 689 3140 omnique
719 3072 879 3126 modo
920 3070 1279 3140 exquirenda,
1317 3065 1696 3134 impulerunt,
1729 3072 1891 3129 atque
1939 3069 1996 3113 ut

435 3164 600 3218 semel
677 3161 831 3225 inita,
887 3168 1007 3214 rata
1067 3171 1282 3210 manere
1348 3153 1570 3206 omnino
1639 3150 1994 3203 eniterentur.

2094 1967 2236 2033 γάλα
2275 1984 2333 2019 τε
2365 1966 2461 2019 καὶ
2482 1964 2773 2035 Θαυμαστὰ
2796 1966 3104 2035 πράγματα
3135 1965 3275 2034 μετὰ
3302 1963 3521 2023 παιδιᾶς
3553 1962 3662 2013 οὐκ

2092 2059 2188 2112 ἀσέ
2197 2076 2357 2127 μνον.

2164 2327 2320 2383 Οὕτω
2350 2328 2529 2380 τοίνυν
2556 2324 2776 2395 φύσεως
2806 2323 2946 2394 ἔχων
2980 2325 3072 2377 καὶ
3105 2324 3500 2394 προαιρέσεως,
3530 2341 3669 2376 παι-

2096 2417 2339 2481 δεύσεὼς
2376 2435 2433 2470 τε
2465 2419 2561 2470 καὶ
2600 2416 2930 2486 δεξιότητος,
2963 2416 3178 2486 ὑπῆρχε
3210 2414 3311 2485 μὲν
3330 2418 3443 2477 τοῖς
3490 2416 3666 2467 αὐτοῦ

2096 2506 2336 2580 πατράσι
2369 2509 2548 2573 καλῶς
2573 2507 2820 2579 πληρῶν,
2849 2507 2885 2561 ἃ
2917 2508 2980 2577 δὴ
3027 2509 3266 2576 πατέρες
3305 2501 3540 2572 εὖξαιντ’
3594 2505 3671 2559 ἂν

2097 2602 2248 2672 παρὰ
2272 2601 2382 2655 τῶν
2416 2601 2548 2653 υἱῶν
2581 2599 2777 2670 ἴσχειν,
2813 2599 3029 2668 ὑπῆρχε
3056 2598 3115 2653 δὲ
3155 2601 3267 2659 τοῖς
3296 2597 3469 2667 φίλοις
3520 2599 3657 2666 ἐρα-

2098 2691 2401 2761 σμιὼτατος
2424 2707 2438 2722 ο
2470 2686 2538 2759 ἦν
2572 2691 2629 2743 δὲ
2653 2692 2764 2752 τοῖς
2790 2691 2926 2742 πᾶσι
2977 2688 3162 2759 λιμὴν,
3186 2690 3278 2740 καὶ
3307 2688 3668 2741 παντοδαπῶν
3709 2698 3717 2704 “

2096 2784 2320 2851 ἀγαθῶν
2361 2783 2650 2853 πρύτανις.
2677 2780 2864 2835 Ταῦτα
2894 2782 2988 2835 καὶ
3022 2780 3493 2850 δυσμενεστάτους
3538 2781 3668 2832 ἀνέ-

2098 2877 2255 2930 πειθε
2291 2875 2535 2929 σπονδῶν
2566 2878 2666 2946 μὲν
2706 2876 2845 2944 ἄγαν
2872 2875 3186 2944 ἐπιθυμεῖν,
3238 2873 3413 2927 πάντα
3439 2872 3494 2924 δὲ
3533 2871 3665 2941 τρό-

2101 2982 2200 3020 πον
2236 2965 2443 3033 ζητεῖν,
2485 2966 2633 3025 ὅπως
2698 2964 2880 3017 αὐτῶν
2927 2962 3185 3032 τύχοιεν·
3248 2963 3342 3016 καὶ
3378 2963 3666 3031 τυχόντας,

2100 3058 2316 3111 ἅπαντα
2363 3057 2651 3122 πράττειν,
2715 3056 2843 3107 ὥστ’
2889 3058 3173 3122 ἐπιμεῖναι
3236 3052 3312 3122 τῷ
3356 3056 3665 3123 πράγματι.

2102 3149 2283 3202 Αἴτιον
2317 3150 2370 3201 δὲ
2395 3152 2428 3218 ἡ
2479 3150 2648 3217 ἀρετὴ
2701 3148 2854 3200 τοῦδε
2896 3147 3143 3214 τάνδρὸς,
3178 3145 3246 3198 δι’
3284 3145 3344 3198 ὃν
3367 3145 3665 3214 ὠρρώδουν

433 3254 486 3310 Id
520 3268 682 3324 porro
718 3253 910 3322 agebat
961 3249 1063 3302 viri
1105 3249 1312 3308 virtus,
1358 3244 1516 3311 cujus
1566 3241 1643 3294 illi
1707 3238 1994 3291 formidine

2103 3239 2195 3302 οὓς
2223 3257 2285 3308 γε
2317 3240 2544 3307 ἐφόϐουν
2573 3240 2622 3290 οἱ
2645 3237 2733 3290 διὰ
2760 3237 2858 3307 τὴν
2879 3236 3049 3306 τύχην
3075 3237 3453 3307 ἐπαιρόμενοι.
3476 3238 3666 3290 Μετα-

433 3363 529 3403 eos
546 3346 889 3416 postmodum
922 3340 1242 3401 horrebant,
1258 3338 1457 3407 quibus
1475 3334 1690 3388 fortuna
1709 3331 1989 3393 etfercnte,‘

434 3448 694 3492 terrorem
718 3435 925 3505 pridem
952 3431 1275 3502 injecerant.
1303 3426 1421 3481 1am
1451 3427 1593 3481 enim
1626 3426 1765 3477 facta
1794 3430 1990 3475 rerum

436 3527 742 3582 mutatione
776 3525 1014 3593 ;quippe
1046 3523 1100 3576 in
1153 3520 1489 3576 contrarium
1555 3516 1777 3569 omnino
1826 3528 1996 3567 versae

434 3627 609 3682 erant,
645 3631 707 3671 ac
727 3624 930 3670 nostrae
953 3613 1169 3682 quidem
1231 3609 1517 3671 ﬂorebant,
1561 3607 1775 3659 illorum
1817 3614 1993 3658 autem

435 3707 786 3767 diﬁuxerant
823 3724 837 3760 :
870 3706 1060 3772 utique
1087 3717 1313 3757 necesse
1342 3708 1481 3761 erat,
1542 3706 1598 3750 ut
1626 3707 1680 3750 et
1717 3697 1753 3748 ii
1787 3696 1852 3749 de
1878 3710 1998 3749 sen-

435 3800 601 3853 tentia
648 3797 997 3860 decedentes,
1050 3794 1281 3862 tempori
1333 3789 1681 3845 inservirent.
1713 3786 1786 3840 Ea
1815 3788 1998 3856 i'aque

436 3891 491 3945 iu
524 3906 649 3945 eum
668 3891 1036 3959 praestabant,
1077 3902 1198 3955 qua:
1233 3885 1366 3936 olim
1414 3882 1729 3937 decessor-es
1779 3879 1831 3932 in
1882 3879 1998 3948 ipso

435 3981 584 4034 soliti
616 3989 777 4032 erant
810 3995 826 4043 ;
860 3992 1089 4045 eamque
1118 3976 1259 4031 diem
1292 3976 1445 4028 festae
1473 3973 1610 4027 lucis
1661 3973 1785 4027 loco
1836 3972 2001 4045 habcg

435 4069 585 4131 baut,
614 4084 716 4137 qua
757 4083 851 4135 per
882 4069 1129 4120 nuntium
1167 4066 1369 4133 aliquid
1428 4066 1495 4118 ab
1530 4079 1595 4117 eo
1645 4063 1998 4132 cpistolarum

442 4159 808 4228 accepissent.
872 4157 1034 4224 Quod
1066 4158 1112 4211 si
1167 4158 1329 4212 etiam
1380 4155 1585 4225 aliquid
1650 4155 2001 4221 pollicebatur

440 4246 519 4314 (id
549 4261 683 4301 sane
718 4247 787 4300 ab
816 4244 1137 4315 impensiori
1172 4245 1504 4314 pra-stantia,
1532 4253 1589 4296 ut
1638 4243 1813 4311 magis
1858 4257 1997 4311 pra:-

439 4337 619 4405 eipere
648 4351 812 4406 quam
846 4337 1089 4404 polliceri
1140 4334 1471 4403 videretur),
1507 4333 1835 4387 occinebant
1862 4345 1997 4399 gau-

439 4429 529 4481 dio
553 4428 1050 4497 acceptaiepistola,
1075 4441 1187 4480 rem
1208 4436 1412 4494 gestam
1443 4425 1591 4494 pacis
1619 4433 1995 4493 argumentum

441 4518 729 4580 habentes,
766 4532 926 4586 quam
956 4516 1177 4586 quidem
1197 4517 1336 4571 haud
1364 4526 1584 4586 propter
1609 4515 1997 4583 sediligebant.

440 4611 637 4666 sedne
687 4609 867 4679 perire
933 4610 1277 4676 contingeret
1328 4624 1424 4678 per
1469 4607 1586 4676 ejus
1645 4607 1997 4659 absentiam:

439 4701 584 4767 quod
614 4701 821 4772 pridem
861 4715 1022 4756 secus
1041 4699 1451 4755 existimabant.
1501 4697 1590 4753 Sic
1617 4697 1811 4760 virtus,
1832 4710 1998 4766 quam

441 4795 659 4848 fortuna
696 4803 937 4862 praestat,
970 4806 1068 4862 per
1105 4806 1267 4863 quam
1301 4790 1553 4859 superbia
1583 4788 1843 4850 hostium,
1876 4802 1997 4841 cum

439 4901 534 4942 cos
571 4898 754 4956 postea
782 4901 908 4956 spes
934 4883 1235 4949 fefellisset,
1271 4883 1544 4953 plurimun
1572 4881 1697 4936 fecit
1724 4881 1915 4935 risum.

510 4977 633 5033 llaae
692 4979 957 5033 hactenus
1020 4976 1168 5032 velut
1219 4989 1433 5029 summa
1487 4972 1746 5036 diximus,
1803 4971 2002 5041 quibus

441 5069 656 5123 abunde
686 5068 1013 5124 declaratam
1068 5076 1200 5137 puto
1233 5066 1334 5121 viri
1383 5064 1643 5129 indolem,
1700 5073 1762 5119 ut
1816 5064 2003 5119 multis

442 5161 697 5216 laudibus
726 5169 870 5216 cssrt
918 5161 1078 5229 digna
1114 5176 1128 5213 :
1165 5160 1249 5214 sin
1280 5168 1459 5213 autem
1520 5157 1732 5227 singula
1780 5171 2000 5224 quoque

441 5251 694 5323 prosequi
728 5249 1191 5321 Oporteat,dicam
1221 5248 1565 5319 compendio,
1610 5257 1815 5318 quanta
1876 5247 1990 5300 fue—

441 5342 788 5396 ritfacultas.
836 5337 909 5395 Ut
937 5339 1083 5392 enim
1118 5340 1286 5392 beatae
1342 5337 1619 5391 memoria:
1676 5337 1779 5389 viri
1837 5334 1999 5403 hujus

441 5434 705 5502 prmclara
732 5442 879 5501 gesta
906 5430 1161 5485 diffusius
1183 5438 1497 5492 narrentur,
1532 5429 1598 5482 iis
1630 5428 1812 5497 potius
1864 5442 1999 5481 con-

442 5532 620 5590 gruat,
653 5537 885 5590 quorum
907 5522 974 5576 sit
997 5522 1230 5587 insituti,
1266 5531 1324 5575 ut
1360 5537 1537 5575 rerum
1567 5530 1841 5591 gestarum
1865 5536 1999 5575 con-

441 5624 627 5669 texant
669 5615 952 5671 historias.
984 5614 1124 5682 Quin
1173 5625 1228 5670 et
1259 5614 1449 5670 eadem
1510 5620 1726 5685 quoque
1785 5618 1997 5671 ratione

444 5721 510 5759 ne
548 5706 624 5761 illi
658 5708 875 5776 quidem
921 5716 1071 5778 gesta
1105 5707 1286 5762 omnia
1316 5722 1702 5775 percensuero.
1725 5707 1810 5762 Uti
1848 5708 1993 5763 enim

438 5811 623 5853 rerum
646 5798 714 5853 ab
740 5815 806 5855 eo
830 5809 1103 5869 gestarum
1169 5798 1483 5871 magnitudo
1530 5792 1803 5868 prohibet,
1830 5809 1889 5852 ut
1934 5814 2002 5855 ne

2099 3331 2459 3399 κεκλημένων
2488 3330 2599 3401 γὰρ
2621 3329 2729 3382 τῶν
2773 3330 3155 3399 πραγμάτων·
3194 3330 3288 3381 και¹
3341 3333 3447 3398 γὰρ
3506 3328 3667 3380 ἀντέο

2101 3439 2345 3488 στραπτο
2376 3422 2654 3484 παντελῶς
2679 3461 2695 3485 ,
2749 3422 2845 3472 καὶ
2880 3420 2947 3472 τὰ
2978 3420 3077 3489 μὲν
3129 3420 3370 3490 ἡμέτερα
3399 3419 3568 3491 ἡνθει,
3603 3421 3669 3472 τὰ

2098 3514 2155 3567 δὲ
2187 3516 2413 3567 ἐκείνων
2447 3516 2851 3585 κατερρυήκειθ
2884 3515 3063 3585 χρεὼν
3097 3511 3165 3586 ἦν
3218 3514 3400 3585 δήπου
3467 3514 3664 3566 κάκεί-

2098 3622 2219 3666 νους
2248 3604 2649 3676 μεταϐαλόντας
2693 3607 3076 3677 συμφέρεσθαι
3130 3601 3371 3669 τούτοις.
3403 3601 3513 3659 Ἦν
3567 3604 3664 3658 οὖν

2098 3699 2294 3768 ἐκείνῳ
2330 3701 2464 3769 παρ’
2509 3699 2713 3767 αὐτῶν,
2744 3699 2780 3754 ὃ.
2834 3702 2966 3768 πρὶν
3015 3698 3244 3762 ἐκείνοις
3285 3700 3351 3750 ὲκ
3403 3696 3513 3750 τῶν
3560 3699 3671 3767 πρὸ

2098 3787 2290 3841 τοῦδε·
2330 3789 2424 3840 καὶ
2456 3784 2594 3859 ἦγον
2628 3789 2835 3857 ταύτην
2885 3787 3083 3858 ἑορτὴν
3110 3786 3208 3856 τὴν
3241 3785 3478 3856 ἡμέραν,
3538 3787 3597 3837 ἐν

2100 3896 2182 3942 τις
2213 3880 2343 3950 παρ⁹
2377 3881 2588 3935 ἐκείνου
2621 3880 2755 3953 πρὸς
2786 3880 2983 3942 αὐτοὺς
3015 3874 3118 3951 ἧκε
3153 3879 3327 3949 βραχύ
3356 3894 3409 3929 τι
3430 3877 3669 3946 γράμμα

2101 3974 2366 4040 κομίζων.
2400 3974 2460 4026 Ei
2493 3974 2549 4025 δὲ
2584 3974 2678 4027 καὶ
2709 3971 3021 4043 ἐπήγγελλέ
3039 3989 3117 4035 τι,
3137 3970 3280 4024 οὕτω
3299 3972 3348 4025 δ’
3381 3971 3440 4037 ἐξ
3463 3971 3669 4038 ὑπεροο

2100 4065 2221 4133 χῆς,
2271 4065 2345 4128 ὡς
2422 4065 2623 4134 μᾶλλόν
2680 4082 2743 4133 γε
2804 4066 3164 4134 προστάττειν
3226 4065 3260 4134 ἢ
3309 4062 3713 4132 ὲπαγγέλλειν“

2102 4156 2302 4224 ἐπῇδον
2323 4157 2373 4208 οἱ
2397 4155 2683 4225 δεχόμενοι
2711 4155 2816 4225 τὴν
2843 4156 3154 4226 ἐπιστολὴν,
3186 4156 3667 4225 τεκμήριονηγού-

2105 4264 2257 4313 μενοι
2340 4249 2562 4318 εἰρήνης
2623 4249 2684 4300 τὸ
2758 4250 3057 4319 πραχθένς
3126 4249 3194 4318 ἢν
3256 4248 3359 4301 οὐκ
3433 4244 3672 4317 inﬁmo»

2100 4336 2168 4388 δι’
2194 4338 2386 4407 αὐτὴν,
2406 4339 2542 4408 ὅπερ
2571 4338 2675 4391 ἔδει
2700 4354 2713 4369 ⁸
2744 4340 2804 4390 τὸ
2839 4340 2895 4391 δὲ
2940 4338 3015 4409 μὴ
3057 4337 3429 4407 διαφθαρῆναι
3460 4334 3670 4406 ταύτης

2102 4428 2371 4498 ἀπούσης,
2405 4429 2545 4500 ὅπερ
2602 4431 2863 4493 ἐναντίως
2909 4429 3144 4500 πρόσθεν
3176 4430 3445 4498 ἐνόμιζον.
3480 4428 3672 4492 υῦτως

2102 4520 2270 4590 ἁρετὴ
2301 4522 2569 4592 κρείττων
2601 4521 2795 4591 τύχης,
2821 4517 2889 4592 ἦς
2940 4523 3105 4575 ἓνεκα
3146 4523 3193 4575 οἱ
3225 4522 3510 4590 δυσμενεῖς
3541 4523 3675 4573 ἀλαο

2105 4612 2468 4681 ζονευόμενοι,
2501 4610 2623 4666 εἶτα
2649 4614 2761 4667 τῶν
2806 4614 3037 4667 ἐλπίδων
3071 4616 3424 4685 ψευσθέντες,
3452 4613 3666 4683 γέλωτα

2108 4705 2569 4775 προσωφλήκασιν
2595 4705 2656 4758 οὐ
2692 4707 2952 4777 σμικρόν.
2990 4702 2993 4705 ’

2175 4974 2357 5027 Ταῦτα
2384 4976 2460 5039 ὡς
2489 4977 2546 5029 ὲν
2570 4977 2850 5045 κεφαλαίῳ
2869 4978 3000 5046 ἡμῖν
3028 4978 3245 5049 εἴρηται
3269 4992 3283 5006 ⁸
3324 4981 3420 5032 καὶ
3444 4979 3671 5047 νομίζοι-τ

2107 5084 2206 5134 μεν
2235 5066 2412 5129 καλῶς
2465 5068 2839 5139 ἀποδεδεῖχθαι
2892 5070 2992 5137 τὴν
3039 5068 3197 5122 τοῦδε
3232 5067 3415 5136 φύσιν,
3470 5070 3547 5132 ὡς
3601 5066 3673 5141 ἦν

2103 5159 2229 5221 ἀξία
2256 5158 2467 5211 πολλῶν
2494 5160 2733 5213 ἐπαίνων
2752 5175 2766 5189 ·
2803 5162 2851 5213 εἰ
2899 5161 2957 5213 δὲ
2992 5161 3219 5230 προσδεῖ
3247 5163 3341 5214 καὶ
3370 5162 3477 5213 τῶν
3509 5163 3679 5214 καθέ-

2103 5266 2301 5314 καστα,
2336 5250 2505 5313 λέξων
2538 5249 2771 5321 ἔρχομαι
2820 5255 2940 5305 κατ’
2971 5254 3244 5322 ἐπιτομὴν
3272 5253 3398 5305 ὅσον
3442 5250 3554 5305 οἷόν
3588 5271 3671 5307 τε.

2104 5341 2179 5394 Τὸ
2209 5344 2320 5411 γὰρ
2345 5341 2409 5413 δὴ
2435 5343 2619 5411 λέγειν
2650 5345 2882 5415 ἐκτάδην
2908 5346 2975 5399 τὰ
3009 5347 3345 5416 εἰργασμένα
3380 5346 3458 5415 τῷ
3495 5365 3680 5414 μακα-

2108 5433 2229 5503 ρίτῃ
2256 5435 2369 5495 τοῖς
2402 5434 2564 5506 ἔργον
2594 5436 2813 5507 ἔχουσιν
2844 5438 3079 5509 ἱστορεῖν
3114 5439 3444 5508 οἰκειότερον
3480 5441 3545 5491 ἂν
3580 5443 3671 5504 γέ-

2105 5540 2270 5579 νοιτο.
2301 5526 2376 5577 Οὐ
2411 5526 2518 5595 μὴν
2548 5526 2684 5579 ἀλλὰ
2715 5530 2799 5581 διὰ
2822 5529 2922 5599 τὴν
2954 5531 3126 5599 αὐτὴν
3156 5530 3362 5599 ταύτην
3394 5535 3570 5582 αἰτίαν
3608 5534 3670 5582 οὐ

2104 5614 2284 5682 πάντα
2328 5617 2736 5688 καταλέξομεν,
2779 5621 2989 5690 ὅσαπερ
3039 5623 3232 5689 ἐκείνῳ
3289 5622 3670 5690 διεπράττετο.

2107 5707 2321 5773 Ὥσπερ
2357 5709 2466 5778 γὰρ
2517 5710 2579 5761 τὸ
2633 5712 2865 5781 μέγεθος
2910 5710 3021 5766 τῶν
3076 5715 3223 5782 αὐτῷ
3263 5717 3671 5785 πεπραγμένων

2108 5801 2281 5869 εἴργει
2330 5803 2466 5871 πρὸς
2517 5804 2749 5859 ἕκαστον
2802 5808 3232 5873 ὲπεκτείνεσθαι,
3280 5808 3423 5861 οὕτω
3483 5811 3575 5862 :43".
3611 5811 3675 5862 τὸ
