4060 6676
377 469 480 531 197

1114 458 1515 523 THEODORI
1549 451 1907 519 DESPOTJS
1982 450 2379 511 LAUDATIO
2404 451 2816 513 FUNEBRIS.

3529 452 3626 516 1‘38

373 584 582 651 πλῆθος
613 581 674 635 οὔ
707 578 981 647 συγχωρεῖ
1001 575 1410 645 διαζωπίραφεῖν
1440 571 1571 641 ἑξῆς
1603 570 1844 625 ἅπαντα.
1869 565 1941 619 Οὐ
1975 609 1982 628 Α

2085 564 2284 636 iugulis
2308 564 2430 632 ejus
2480 565 2643 618 rebus
2675 564 2999 620 enarrandis
3051 577 3251 623 memet
3312 573 3626 636 extendam,

373 675 493 742 γάρ
549 669 893 742 εὖαρίθμητα
935 667 1173 726 πάντως.
1224 663 1397 733 Οῒμαι
1450 663 1505 715 δὲ
1566 672 1640 731 μη
1688 668 1750 711 :"v
1803 652 1947 710 εἶναι

373 766 543 817 τουτο
609 761 746 831 πρὸς
800 757 1029 828 γνώμην
1074 758 1227 825 ὑμῖν,
1257 756 1403 823 λέγω
1459 754 1520 805 τὸ
1566 753 1641 823 μὴ
1695 751 1947 804 τάκείνου

378 858 564 909 πάντα
589 853 870 925 διεξιέναι.
891 850 1250 920 Ἐπιθυμείτε
1274 846 1383 918 γὰρ
1409 847 1556 908 ίδεῖν,
1596 840 1655 897 εὖ
1687 839 1803 896 οἶδα
1825 841 1951 894 τι.θῦ-

381 966 450 1001 το
499 948 592 1000 καὶ
622 945 767 998 πάνυ
793 943 1121 1010 πέπεισμαι,
1152 938 1345 1007 ὥσπερ
1384 936 1530 997 τινὲς
1558 935 1616 987 ὲν
1644 933 1833 985 πίνακι
1860 948 1953 999 γε·

378 1038 715 1112 γραμμένας
768 1035 867 1098 τὰς
921 1034 1031 1086 τῶν
1091 1031 1390 1102 ἐρωμένων
1424 1028 1664 1090 εἰκόνας,
1696 1028 1786 1078 τὸν
1842 1023 1955 1094 βίον

378 1131 567 1183 πάντα
587 1127 741 1181 τοῦδε
779 1125 1029 1195 τάνδρὸς,
1060 1122 1136 1187 ὡς
1162 1122 1284 1175 ὅλον
1311 1120 1444 1173 ὄντα
1471 1119 1751 1188 θαύματος
1778 1116 1951 1181 ἄξιον.

377 1224 622 1290 Δάξομεν
652 1218 699 1273 δ’
727 1219 861 1280 ῐσως
891 1217 988 1270 καὶ
1012 1215 1224 1269 ἀδικεῖν
1249 1214 1341 1265 τὸν
1374 1212 1484 1265 τῶν
1515 1210 1695 1281 ἔργων
1726 1207 1954 1279 ἀρχιτέο

379 1332 576 1379 κτονα,
600 1315 647 1366 εί
674 1312 751 1383 μὴ
777 1311 839 1364 τὸ
862 1311 971 1363 πᾶν
995 1308 1309 1377 ἑξείποιμεν
1335 1304 1601 1375 ἀκριϐῶς,
1620 1304 1743 1355 ὅσον
1762 1301 1957 1370 ἐκείνῳ

382 1406 775 1475 κατείργαστο.
819 1400 963 1470 Ἐγὼ
988 1401 1033 1455 δ’
1063 1400 1194 1470 ὑμῖν
1223 1396 1555 1467 συμφωνῶν,
1587 1396 1689 1449 ὅσα
1723 1410 1786 1461 γε
1819 1393 1959 1461 πρὸς

386 1499 555 1567 μόνον
601 1495 662 1549 τὸ
712 1493 911 1557 θέλειν,
962 1484 1097 1546 ἐἶτα
1152 1489 1567 1560 παραιτήσομαι
1618 1486 1705 1539 διὰ
1758 1485 1819 1537 τὸ
1864 1483 1959 1537 τοῦ

384 1590 718 1661 πράγματος
752 1586 1088 1660 πρόσαντες,
1123 1584 1169 1636 εί
1208 1583 1285 1654 μὴ
1343 1581 1613 1649 δυναίμην
1645 1578 1961 1631 ἀκολουθεῖν

384 1686 456 1753 τῇ
490 1682 728 1750 θελήσει.
765 1680 914 1750 Νικᾷ
952 1680 1066 1749 γὰρ
1108 1675 1378 1746 δήπουθεν
1419 1672 1661 1743 ἀτεχνῶς
1691 1670 1753 1724 τὸ
1788 1670 1962 1740 παρὸν

386 1776 704 1845 ἐγχείρημα
725 1774 826 1843 τὴν
854 1774 1133 1843 ἡμετέραν
1152 1769 1328 1839 ἰσχὺν,
1365 1765 1530 1821 οὖσάν
1553 1783 1616 1834 γε
1635 1765 1729 1819 καὶ
1753 1763 1963 1817 οἴκοθεν

389 1868 626 1938 ἀδρανῆ,
653 1866 749 1919 καὶ
771 1865 932 1917 πλέον
958 1863 1257 1932 γινομένην
1290 1858 1536 1928 ἐξίτηλον
1560 1857 1635 1927 τῷ
1659 1856 1753 1910 τοῦ
1800 1856 1962 1924 λόγου

2056 655 2135 708 sic
2193 669 2291 708 nec
2346 658 2631 720 permittor
2682 672 2776 723 per
2836 656 3264 723 multitudinem,
3318 673 3377 715 ut
3436 664 3631 717 ordine

2056 750 2240 800 omnia
2280 747 2550 800 delineem
2586 749 3029 817 adscribanique.
3061 749 3168 805 Nec
3199 755 3343 805 enim
3370 770 3632 809 numerus

2056 838 2212 893 facile
2246 838 2369 892 iniri
2399 847 2601 907 potest.
2639 838 2964 908 Quanquam
2998 854 3125 911 puto
3156 845 3297 897 haud
3330 846 3480 899 vobis
3511 861 3634 915 gra-

2057 941 2172 987 tum
2211 932 2330 985 fore
2363 941 2443 994 ut,
2486 934 2733 1001 inquam,
2785 950 2891 987 non
2930 937 3050 1004 ejus
3093 953 3181 991 res
3211 954 3402 992 omnes
3451 948 3632 1007 gestas

2056 1026 2374 1081 edisseram.
2406 1026 2736 1080 Desideratis
2762 1029 2931 1089 enim,
2968 1034 3135 1097 probe
3158 1034 3281 1085 novi
3327 1048 3389 1085 ac
3424 1045 3631 1085 certum

2058 1115 2254 1180 habeo,
2283 1132 2379 1184 pro
2405 1132 2591 1171 eorum
2623 1118 2852 1182 ratione,
2881 1122 2973 1187 qui
2999 1135 3247 1177 amantes
3290 1140 3340 1175 ιιι
3399 1124 3634 1193 imagine

2063 1207 2307 1277 depictas
2348 1223 2537 1262 eorum
2558 1225 2695 1277 quos
2728 1221 2913 1263 amant
2947 1252 2961 1275 ,
3022 1211 3293 1281 imagines
3342 1214 3625 1282 impendio

2061 1303 2248 1355 videre
2271 1310 2432 1355 avent
2462 1340 2478 1364 ,
2508 1310 2565 1355 ut
2588 1314 2642 1355 et
2663 1303 2767 1370 ipsi
2799 1314 2966 1356 totam
2995 1305 3223 1360 videatis
3243 1307 3342 1359 viri
3372 1309 3631 1377 praescip-

2062 1397 2171 1442 tam
2196 1388 2392 1453 vitam,
2424 1405 2552 1458 quas
2578 1398 2691 1444 tota
2728 1392 3155 1449 admirationem
3192 1398 3408 1451 habeat.
3439 1397 3543 1451 Sed
3579 1409 3631 1451 ct

2063 1481 2204 1536 forte
2258 1482 2494 1552 principi
2560 1498 2741 1537 rerum
2797 1486 2978 1554 opiﬁci
3042 1488 3329 1542 videamur
3380 1490 3634 1558 injuriam

2064 1571 2264 1637 facere,
2292 1572 2397 1629 nisi
2443 1588 2529 1629 res
2566 1575 2687 1645 ejus
2744 1585 2886 1633 totas
2938 1589 3193 1635 accurate
3245 1581 3633 1635 edisseramus.

2065 1662 2330 1733 Equidem
2363 1664 2479 1719 sola
2505 1665 2659 1719 vobis
2693 1668 2967 1722 voluntate
3018 1685 3216 1740 gerens
3240 1686 3471 1736 morem,
3497 1688 3638 1740 opus

2069 1758 2427 1827 postmodum
2464 1768 2692 1827 propter
2711 1761 2790 1813 rei
2814 1762 3041 1816 arduam
3072 1764 3410 1818 molitionem
3435 1766 3644 1819 detrec-

2070 1851 2220 1916 tabo,
2240 1850 2331 1920 qui
2352 1849 2683 1905 voluntatem
2703 1853 2965 1907 assectari
2992 1870 3274 1922 nequeam.
3298 1857 3475 1910 Vincit
3495 1858 3639 1911 enim

394 1960 662 2028 σχήματι.
710 1954 920 2007 Οὐκοῦν
946 1956 1010 2006 ἐκ
1056 1953 1165 2004 τῶν
1207 1950 1419 2004 πολλῶν
1447 1966 1506 2002 τε
1534 1949 1629 2001 καὶ
1655 1948 1838 2001 καλῶν
1869 1948 1962 1999 καὶ⁵

2087 1940 2271 2011 iquido
2296 1951 2440 1997 tanta
2478 1944 2647 1998 moles
2679 1955 2920 1999 nostram
2947 1946 3223 2011 virtutem,
3242 1964 3362 2017 quae
3380 1949 3508 2003 olim
3536 1967 3563 2003 a
3583 1965 3642 2003 se

399 2048 678 2117 μεγάλων,
715 2047 878 2100 ama
926 2046 1125 2106 πάντες
1188 2043 1387 2112 ἐκείνῳ
1444 2041 1662 2094 σύνιστε
1713 2056 1966 2109 πεπραγ-

399 2142 561 2211 μένα,
589 2139 647 2202 ὃς
677 2139 784 2207 πρὸ
833 2137 1031 2208 μικροῦ
1061 2134 1182 2204 μεθ’
1210 2134 1367 2203 ἡμῶν
1400 2129 1469 2206 ἦν
1516 2133 1632 2186 νυνὶ
1659 2132 1715 2184 δὲ
1741 2131 1962 2199 γέγονε·

396 2228 503 2297 φεῦ
522 2230 538 2283 ι
558 2228 726 2281 τῶνδε
758 2226 869 2279 τῶν
901 2225 1116 2295 θρήνων
1139 2221 1588 2291 ὕπόθεσις,6λίγα
1618 2220 1846 2290 λέξομεν
1866 2220 1966 2291 ῆῖη

400 2324 495 2375 καί
528 2322 652 2373 κατ’
699 2318 987 2388 ἐπιτομὴν,
1029 2318 1218 2385 ὥσπερ
1269 2314 1509 2386 εἴρηται.
1537 2312 1777 2367 Τοιαῦτα
1836 2314 1968 2381 μέν·

399 2432 483 2467 τοι
522 2430 588 2480 γε
627 2410 869 2474 πάντως,
922 2405 1012 2464 οἷά
1056 2425 1161 2479 περ
1220 2407 1386 2472 δείξει
1444 2406 1534 2459 τὸν
1595 2406 1971 2477 ἐργασάμενον

403 2504 580 2575 ἀληθῆ
609 2502 826 2574 καρπὸν
849 2502 979 2555 ὄντα
1003 2503 1070 2570 τῇ
1104 2502 1261 2571 κοινῇ
1288 2497 1462 2567 ταύτῃ
1508 2496 1695 2565 φύσει,
1728 2495 1823 2548 καί
1850 2510 1975 2548 τινα

400 2596 725 2667 (φιλοτιμίαν
753 2592 1055 2661 ἐξαίρετον.
1088 2593 1162 2644 Οὐ
1184 2584 1469 2659 τοίνυντῷ
1507 2587 1583 2658 μὴ
1616 2588 1797 2642 πάντα
1828 2585 1972 2639 κατὰ

404 2689 571 2760 μέρος
602 2686 859 2752 διεξιέναι
905 2684 1187 2755 νομιστέον
1227 2684 1359 2753 ἡμῖν
1406 2682 1472 2736 ἂν
1518 2681 1604 2749 εἴη
1669 2680 1763 2734 τὸν
1806 2679 1974 2747 ἄνδρα

401 2779 593 2832 τοῦτον
614 2777 838 2830 ἔλαττον
880 2778 1105 2846 σχήσειν
1131 2776 1211 2837 εἰς
1242 2773 1512 2840 εὐδοξίαν.
1544 2773 1618 2824 Τὸ
1644 2772 1750 2842 γὰρ
1782 2770 1972 2841 περιὸν

404 2869 616 2923 ἐκείνου
645 2867 747 2937 τῆς
773 2867 974 2937 ἀρετῆς
1003 2866 1063 2918 τὸ
1098 2865 1369 2935 ἡμέτερον
1411 2864 1588 2917 ἐνδέον
1645 2861 1977 2932 ἀναπληρὼ-

408 2977 518 3014 est.
563 2958 821 3030 ’Δρκέσει
866 2960 976 3027 γὰρ
1008 2957 1067 3011 τὸ
1099 2958 1209 3009 πᾶν
1239 2954 1649 3026 ἐξεργάσασθαι
1707 2953 1801 3007 καὶ
1845 2955 1976 3006 ἕκα-

409 3071 537 3108 στον
567 3054 678 3106 τῶν
704 3052 883 3123 ἔργων
914 3051 1022 3103 τῶν
1072 3049 1261 3115 αὑτοῦ,
1294 3049 1368 3112 ὼς
1403 3048 1569 3119 μηδὲν
1592 3046 1652 3101 ὂν
1685 3048 1794 3100 τῶν
1830 3043 1980 3114 αὐτῷ

409 3145 840 3218 πεπραγμένων,
871 3142 900 3196 ὃ
933 3143 1010 3214 μὴ
1065 3142 1338 3211 μεγίστων
1366 3141 1656 3211 εὐφημιῶν
1704 3139 1855 3204 ἄξιον
1879 3156 1894 3170 ο
1931 3139 1980 3191 εἰ

2066 2032 2370 2097 debllis,ab
2391 2035 2657 2091 orationis
2690 2050 2835 2090 nunc
2876 2038 3286 2108 speeie,multis
3306 2043 3480 2095 evasit
3518 2043 3641 2095 exi-

2069 2123 2192 2178 lior.
2217 2125 2297 2180 Ex
2330 2128 2516 2182 multis
2564 2144 2715 2197 ergo,
2739 2129 2916 2199 iisque
2967 2132 3245 2201 praeclaris
3294 2149 3357 2188 ac
3406 2137 3637 2204 magnis,

2070 2229 2303 2283 quorum
2328 2225 2608 2286 gestorum
2644 2220 2851 2275 conscii
2874 2223 3007 2277 estis
3026 2224 3140 2277 viro
3161 2240 3335 2294 nuper
3356 2226 3639 2285 nobiscum

2073 2306 2393 2373 exsistenti;
2416 2309 2621 2380 quique
2640 2326 2785 2366 nunc
2803 2312 2906 2381 fuit
2921 2312 3025 2367 heu
3051 2315 3063 2367 ί
3092 2316 3248 2370 triste
3264 2330 3642 2386 argumentum

2074 2398 2426 2465 planctuum!
2464 2416 2640 2471 pauca
2689 2403 2939 2472 quaedam
2970 2422 3034 2459 ac
3058 2409 3399 2476 compendio,
3437 2410 3516 2463 uti
3546 2424 3642 2463 su-

2080 2504 2200 2544 mus
2218 2489 2709 2560 prrefati,dicemus
2737 2510 2831 2550 :ea
2853 2505 3032 2551 tamen
3060 2499 3309 2565 omnino,
3328 2501 3525 2568 quibus
3557 2503 3645 2569 qui

2077 2582 2265 2651 gessit,
2301 2597 2463 2638 verus
2488 2586 2674 2654 generi
2704 2598 3005 2641 concessus
3035 2586 3274 2652 fruetus,
3336 2590 3649 2657 eximiaquc

2077 2674 2323 2741 quaedam
2381 2691 2444 2729 ac
2511 2677 2799 2731 ambitiosa
2861 2679 3099 2749 largitio,
3146 2683 3403 2750 cognosci
3458 2684 3647 2751 possit.

2078 2762 2247 2819 Nemo
2266 2766 2452 2836 igitur,
2478 2768 2621 2837 quod
2650 2769 2804 2837 plura
2826 2769 3161 2838 omittamus,
3189 2773 3364 2826 minus
3388 2773 3562 2827 virum
3585 2773 3651 2825 ad

2080 2856 2450 2912 celebritatem
2478 2860 2713 2914 nominis
2757 2861 3071 2915 habiturum
3098 2873 3266 2932 putet.
3293 2863 3422 2933 Ejus
3452 2865 3652 2935 quippe

2081 2948 2357 3024 luculenta
2392 2964 2457 3004 ac
2505 2950 2779 3007 excellens
2803 2954 2980 3007 virtus
3035 2965 3277 3009 nostram
3311 2956 3526 3010 abunde
3555 2957 3655 3009 im-

2081 3042 2250 3112 plebit
2275 3042 2543 3112 inopiam.
2582 3041 2812 3113 Singula
2842 3045 2987 3099 enim
3039 3046 3158 3115 ejus
3197 3059 3475 3116 gestorum
3518 3064 3653 3103 eon-

2086 3133 2312 3186 fecerint
2337 3141 2528 3196 totam,
2564 3118 2798 3201 quoru'm
2832 3150 2901 3188 ne
2929 3150 3069 3190 unus
3088 3147 3173 3190 est
3208 3154 3314 3190 non
3342 3138 3634 3191 maximam

412 3238 488 3307 μή
519 3254 602 3300 τις
630 3235 1011 3306 μειρακιωδῶς
1048 3234 1211 3305 ἔχων,
1237 3232 1297 3298 ἐξ
1325 3232 1592 3303 ἐπιπολῆς
1617 3250 1671 3285 τι
1696 3231 1979 3286 θεάσαιτο.

2086 3223 2295 3278 habens
2371 3223 2600 3293 gloriam
2640 3224 2787 3277 :nisi
2847 3225 2973 3294 quis
3035 3218 3325 3295 puerorum
3380 3244 3531 3281 more
3591 3244 3654 3281 ex

411 3327 651 3381 κακεῖνο
680 3325 729 3378 δ’
755 3324 824 3378 ἂν
874 3323 1116 3392 εῐποιμι,
1150 3323 1235 3375 ὅτι
1263 3320 1528 3385 πολλάκις
1573 3321 1685 3373 κὰκ
1714 3319 1824 3371 τῶν
1849 3334 1975 3385 σμι-

411 3416 562 3487 κρῶν
595 3415 693 3469 καὶ
726 3413 1120 3482 ἁπλουστέρων
1152 3407 1292 3464 εἶναι
1326 3410 1651 3474 δοκούντων,
1692 3408 1746 3461 εί
1771 3409 1835 3475 γέ
1861 3410 1981 3460 ἐστι

411 3507 629 3572 καίρια,
653 3505 752 3575 οὐχ
786 3499 952 3576 ἦττον
977 3504 1146 3573 φύσις
1173 3502 1506 3571 γνωρίζεται
1535 3502 1568 3572 ἢ
1600 3504 1667 3554 ὲκ
1712 3499 1823 3553 τῶν
1855 3498 1982 3551 πολ-

412 3597 528 3652 λῶν
553 3599 647 3650 καὶ
680 3595 1045 3650 παντοδαπῶν
1075 3593 1277 3663 ῑργων,
1307 3592 1504 3662 ῥυθμῷ
1526 3594 1621 3646 καὶ
1652 3591 1805 3655 τάξει
1829 3590 1985 3661 δεδη-

415 3687 707 3756 λωμένων.
751 3685 909 3753 Λέγω
936 3684 994 3738 δὲ
1036 3683 1249 3752 καίρια,
1283 3684 1385 3736 ὅσα
1433 3683 1540 3751 πέρ
1566 3683 1683 3734 ἔστι
1708 3678 1986 3751 δηλωτικὰ

419 3776 673 3846 φυσικῶν
727 3775 1062 3844 ἰδιωμάτων,
1089 3773 1160 3827 δι’
1189 3774 1225 3827 ἃ.
1272 3790 1356 3836 τις
1404 3772 1516 3842 εχει
1546 3772 1726 3843 ψυχὴν
1758 3770 1983 3833 ειδέναι,

418 3866 637 3935 ἐρῶσαν
667 3866 881 3934 ἀγαθὴν
911 3861 1074 3918 εἶναι.
1100 3864 1269 3917 Ὅθεν
1302 3864 1599 3931 ἀνθέξομαι
1628 3861 1731 3932 τῆς
1761 3862 1985 3932 βουλῆς,

417 3958 580 4024 ὀλίγα
605 3959 711 4010 τῶν
733 3956 946 4009 ἐκείνου
972 3957 1207 4023 διεξιὼν,
1242 3956 1338 4008 καὶ
1368 3954 1624 4018 συνελὼν,
1660 3954 1737 4016 ὡς
1766 3947 1878 4005 οἶόν
1903 3967 1987 4005 τε.

508 4227 746 4292 Ἐκεῖνος
778 4227 983 4293 τοίνυν,
1007 4221 1053 4281 ὦ
1076 4227 1295 4295 ἄνδρες,
1324 4230 1354 4280 ὁ
1380 4229 1564 4281 πᾶσαν
1591 4227 1844 4296 γλῶτταν
1872 4241 1994 4278 πει-

425 4317 685 4388 ρωμένην
725 4316 889 4369 αὐτὸν
941 4318 1190 4369 ἐπαινεῖν
1237 4316 1371 4368 εῐσω
1405 4316 1713 4370 πίπτουσαν
1756 4315 1995 4383 ἀποφαί-

426 4425 557 4467 νων,
610 4407 706 4457 και
738 4403 948 4474 περιὼν
994 4406 1100 4470 ἔτι,
1127 4405 1223 4458 καὶ
1274 4406 1552 4474 μεταστάς
1596 4405 1880 4475 ἧδη,παίς
1919 4397 2030 4456 ῶν³

402 4497 642 4569 ’ἀρίστῳ
696 4495 926 4565 βασιλεῖ,
975 4494 1109 4547 πολύ
1138 4511 1190 4546 τι
1235 4498 1350 4555 τοῖς
1385 4495 1527 4548 υἱέσι
1574 4493 1844 4548 δεικνύντι
1875 4495 1999 4561 φιλ-

429 4606 584 4659 τρον,
614 4589 804 4655 ῶσπερ
833 4585 1217 4655 ἁμιλλώμενος
1245 4582 1314 4655 ἦν
1344 4587 1516 4656 αὐτῷ,
1543 4588 1805 4656 μηδαμῶς
1838 4589 1917 4648 εἰς
1936 4587 2000 4639 τὸ

433 4685 639 4749 φιλεῖν,
671 4681 909 4734 κατόπιν
945 4678 1112 4732 αὐτοῦ
1144 4679 1457 4747 λειφθῆναι.
1503 4680 1666 4732 Ὅθεν
1705 4678 2005 4748 θαυμάζων

431 4776 530 4825 καὶ
563 4772 736 4840 φιλῶν
764 4772 929 4841 εἰπερ
962 4785 1047 4833 τις
1073 4770 1233 4832 ἄλλος
1267 4756 1863 4840 Ἀλέξανδροῃπάντα
1907 4770 2006 4839 μὲν

434 4864 607 4931 ἡδέως
631 4862 702 4913 τὰ
725 4862 937 4914 ἐκείνου
970 4862 1062 4912 καὶ
1114 4858 1332 4913 ἁκούων
1359 4855 1451 4930 ἦν,
1491 4861 1584 4912 καὶ⁵
1622 4860 1680 4913 λέ
1696 4876 1819 4927 των,
1855 4858 2007 4912 ὁπότ’

433 4953 564 5019 ἐξῆν
588 4969 601 4984 ⁸
634 4952 693 5005 τὸ
727 4953 807 5016 δὲ,
853 4951 947 5004 τοῦ
980 4952 1188 5023 πατρὸς
1215 4951 1490 5003 Φιλίππου
1519 4952 1656 5020 πρὸς
1684 4952 1850 5004 αὐτόν
1873 4967 2006 5003 ποτε

439 5044 731 5113 εἰρηκότος
763 5082 778 5107 ,
817 5043 964 5096 Φιλῶ
1012 5058 1074 5094 σε
1121 5042 1349 5110 σφόδρα.
1382 5037 1426 5094 ὦ
1472 5045 1593 5103 παῖ,
1631 5046 1722 5094 τἰν
1754 5042 2009 5107 Ἀλέξαν-

435 5138 565 5205 δρον
614 5138 811 5198 εἰπεῖν,
844 5134 1015 5202 Κάγὼ
1066 5136 1205 5202 φιλῶ
1258 5151 1316 5187 σε
1349 5136 1441 5187 τὸν
1476 5134 1718 5204 ἐμαυτοῦ
1747 5136 1964 5202 πατέρα
1986 5148 2005 5164 ο

438 5229 600 5281 τοῦτο
626 5230 683 5281 δὲ
722 5231 931 5280 ἐκεῖνον
958 5226 1121 5291 άξίως
1152 5226 1349 5279 ἑαυτοῦ
1380 5229 1546 5293 φάναι
1581 5225 1822 5290 τριοῦτον
1856 5225 2008 5289 ὄντα,

439 5321 547 5372 οὐδ’
579 5319 881 5372 ὁπωστιοῦν
924 5321 1134 5389 ἡγεῖτο,
1184 5319 1305 5371 οὐδὲ
1358 5319 1556 5389 ῥαδίως
1608 5317 1842 5386 ἔφερεν·
1892 5315 2011 5369 ἀλλ’

442 5410 712 5478 ὴσχύνετο
734 5410 823 5462 διὰ
848 5410 949 5480 τήν
980 5412 1112 5482 πρὸς
1139 5412 1228 5463 τὸν
1253 5411 1422 5480 ἄνδρα
1453 5410 1667 5478 φιλίανι
1705 5410 1767 5461 οὐ
1809 5410 1919 5478 γὰρ
1946 5409 2013 5461 ἂν

443 5501 897 5571 παραιτήσασθαι
942 5503 1033 5555 τὸν
1067 5502 1416 5569 Ἀλέξανδρον
1450 5503 1554 5555 ὑπὸ
1584 5500 1678 5554 τοῦ
1725 5500 2013 5555 διαϐαλλό-

447 5610 632 5663 μενον,
664 5594 744 5662 τῷ
768 5610 831 5660 γε
871 5594 1339 5662 ἀπολογήσασθαι,
1369 5594 1443 5655 ὡς
1469 5594 1566 5646 οὐκ
1598 5594 1845 5646 ἐϐούλετο
1884 5593 2015 5659 ψεύ-

448 5684 891 5755 σασθαι,οῶσπερ
922 5686 1024 5738 οὐκ
1071 5686 1209 5748 ἐνὸν,
1241 5685 1339 5753 τὴν
1386 5686 1478 5737 τοῦ
1529 5689 1733 5756 πατρὸς
1768 5689 2013 5755 ἀγάπην,

446 5778 545 5846 τῆς
596 5778 706 5829 τῶν
760 5777 1037 5845 φιλτάτων
1088 5778 1414 5845 προτιθένται
1443 5817 1457 5843 ,
1493 5779 1662 5845 Κάγώ
1706 5796 1785 5839 σε,
1817 5780 2012 5846 πάτερ,

449 5865 647 5933 εἰπεῖν,
665 5867 827 5937 φιλῶ,
858 5870 953 5921 καὶ
978 5869 1190 5946 φιλήσω
1213 5885 1273 5937 γε
1296 5871 1403 5933 ciet,
1432 5874 1523 5923 καὶ
1543 5872 1601 5923 οὐ
1630 5887 1699 5921 πα
1712 5875 2015 5941 ραχωρήσω

2084 3316 2202 3370 sola
2245 3331 2355 3369 rem
2395 3327 2620 3370 externa
2677 3315 2814 3369 facie
2840 3317 2971 3370 velit
3021 3318 3398 3384 spectandam.
3455 3317 3558 3373 Sed
3599 3328 3653 3372 et

2086 3407 2136 3461 id
2162 3406 2508 3470 aiﬂrtnarim,
2545 3423 2611 3461 ex
2640 3408 2707 3461 iis
2736 3424 2953 3478 quoque
2985 3426 3105 3479 quae
3160 3411 3371 3464 modica
3401 3427 3467 3465 ac
3520 3413 3656 3465 sim-

2086 3501 2313 3570 pliciora
2338 3500 2612 3564 videntur,
2640 3499 2771 3554 dum
2801 3510 2980 3555 tamen
3010 3502 3099 3554 illa
3134 3512 3279 3556 certa
3313 3502 3502 3557 sintac
3527 3517 3655 3571 pro-

2087 3594 2226 3662 pria,
2261 3591 2398 3645 nihil
2432 3607 2573 3661 saepe
2597 3592 2781 3646 minus
2810 3595 3063 3661 cognosci
3098 3602 3369 3658 naturam,
3408 3610 3570 3664 quam
3601 3608 3661 3648 ut

2088 3683 2258 3737 multa
2286 3685 2406 3752 quis
2439 3699 2503 3737 ac
2527 3686 2706 3739 omnis
2734 3685 2950 3752 generis
3023 3700 3188 3753 opera
3223 3685 3415 3738 ordine
3451 3683 3657 3753 produ-

2090 3783 2199 3829 cat.
2227 3775 2388 3827 Certa
2418 3776 2543 3829 dico
2574 3789 2638 3828 ac
2671 3775 2918 3843 propria,
2942 3775 2988 3828 si
3030 3790 3134 3843 qua
3161 3775 3527 3843 proprietates
3556 3789 3658 3827 na—

2089 3874 2230 3919 tura:
2268 3867 2403 3919 satis
2427 3865 2692 3926 indicant,
2718 3862 2790 3917 ac
2822 3865 3022 3933 quibus
3047 3879 3146 3917 ceu
3195 3865 3516 3918 charactere
3570 3867 3657 3917 in-

2093 3957 2362 4026 signiatur
2399 3957 2617 4010 animus
2653 3956 2778 4008 boni
2829 3969 3044 4009 amans.
3100 3954 3207 4009 Pro
3248 3955 3468 4009 consilii
3526 3969 3662 4022 ergo

2092 4049 2303 4100 ratione
2355 4062 2525 4115 pauca
2548 4047 2796 4117 quaedam
2825 4062 2888 4101 ac
2919 4049 3241 4118 compendio
3264 4088 3278 4112 ,
3328 4060 3386 4102 ut
3431 4048 3665 4113 licuerit,

2091 4138 2409 4195 edisseram.

2170 4232 2263 4285 llle
2316 4233 2503 4300 igitur,
2550 4231 2852 4295 auditores,
2920 4232 3076 4298 cujus
3108 4246 3195 4286 res
3251 4229 3524 4300 praeclara:
3570 4229 3667 4283 lin-

2099 4335 2260 4391 guam
2314 4333 2533 4375 omnem
2562 4321 2788 4375 laudare
2826 4321 3132 4376 studentem
3181 4321 3417 4377 debilem
3449 4320 3670 4385 faciant,

2100 4425 2165 4464 ac
2194 4410 2596 4479 obtorpentem,
2641 4411 2757 4465 sive
2781 4425 2907 4465 cum
2954 4412 3444 4485 adhucjsuperstes
3503 4424 3670 4478 esset,

2102 4500 2218 4554 sive
2250 4501 2412 4554 modo
2458 4515 2582 4554 cum
2630 4501 2928 4557 defunctus
2985 4513 3110 4558 est:
3149 4518 3272 4558 cum
3330 4504 3671 4573 imperatoris

2031 4614 2082 4674 ι)
2108 4593 2324 4661 optimi,
2352 4592 2685 4660 multamque
2709 4594 3034 4649 amorisvim
3062 4594 3115 4648 iu
3135 4606 3292 4651 natos
3308 4596 3672 4656 ostendentis,

2109 4685 2290 4752 proles
2322 4696 2489 4750 esset,
2527 4685 2752 4737 omnino
2810 4686 3119 4739 enitebatur
3171 4702 3236 4741 ac
3289 4687 3673 4748 contendebat,

2110 4786 2170 4829 ut
2203 4791 2272 4829 ne
2319 4776 2618 4845 quidquam
2644 4790 2830 4830 amore
2858 4778 3094 4831 cederet.
3124 4776 3488 4843 Quamobrem
3551 4795 3673 4833 cum

2109 4868 2494 4934 admiraretur,
2532 4883 2594 4922 ac
2626 4867 2669 4921 si
2703 4868 2838 4937 quis.
2862 4868 3025 4932 alius,
3062 4870 3674 4935 amaretAlexandrum,

2111 4960 2558 5031 cjuSquelubens
2585 4960 2792 5021 omnia,
2847 4970 3113 5030 quantum
3168 4960 3378 5024 liceret,
3433 4962 3670 5028 audiret,

2113 5055 2425 5121 diceretque
2463 5068 2477 5117 ;
2530 5052 2659 5105 illud
2696 5061 2904 5116 tamen,
2938 5063 2994 5105 ut
3020 5068 3141 5107 cum
3187 5051 3470 5121 Philippus
3519 5063 3673 5122 pater

2113 5142 2440 5209 quandoque
2481 5139 2708 5194 dixisset
2743 5155 2756 5193 :
2818 5137 2927 5209 Ego
2946 5150 2995 5193 te
3039 5141 3122 5209 fili
3158 5156 3299 5204 amo,
3336 5145 3677 5212 responderit

2116 5234 2241 5287 ille:
2278 5231 2392 5301 Ego
2429 5248 2629 5301 quosue
2657 5242 2705 5285 te
2752 5248 2870 5285 amo
2896 5248 3067 5287 meum
3098 5247 3303 5302 patrem
3328 5250 3347 5287 :
3374 5235 3516 5291 haud
3581 5239 3676 5291 illo

2113 5323 2278 5392 digne
2306 5326 2540 5387 dictum,
2579 5338 2700 5376 cum
2756 5334 2938 5378 tantus
2971 5335 3139 5390 esset,
3174 5327 3398 5381 omnino
3442 5329 3679 5383 arbitra-

2117 5416 2300 5481 batur,
2328 5431 2426 5469 nec
2447 5430 2636 5483 mquus
2677 5414 2887 5469 ferebat
2927 5434 2942 5483 ;
2986 5420 3114 5486 quin
3146 5418 3265 5488 ejus
3288 5435 3410 5473 cum
3446 5421 3681 5489 pudebat

2122 5524 2217 5575 pro
2252 5507 2354 5559 viri
2384 5508 2688 5559 reverentia
2721 5524 2735 5571 ;
2763 5508 3021 5560 nimirum
3060 5508 3152 5561 illo
3208 5518 3523 5575 accusante,
3573 5525 3681 5563 non

2121 5600 2455 5650 tletractessc
2482 5610 2579 5665 pro
2603 5592 2891 5650 mendacio
2922 5613 3210 5663 excusare,
3237 5609 3494 5669 tanquam
3513 5600 3681 5667 patris

2120 5690 2465 5742 dilectionem
2515 5689 2848 5755 praeliabcnti
2876 5693 3326 5745 charissimorum
3386 5693 3585 5755 amori,
3620 5709 3683 5747 ea

2120 5781 2283 5832 verba
2318 5782 2369 5833 in
2413 5788 2665 5848 promptu
2700 5796 2806 5832 non
2845 5780 3074 5834 fuissent
3104 5797 3117 5833 :
3150 5766 3256 5847 Ego
3281 5790 3327 5833 te
3344 5796 3567 5849 quoque,
3591 5796 3682 5848 pa—

2125 5883 2222 5935 ter,
2241 5888 2379 5933 amo,
2410 5887 2622 5940 sumque
2646 5888 2845 5938 semper
2870 5881 3165 5935 nutaturus,
3191 5888 3281 5925 nec
3315 5873 3466 5940 facile
3498 5888 3681 5925 aman-
