4060 6622
357 446 471 509 185

1151 442 1965 515 TIIEODORI'DESI‘OTAZ
2010 455 2402 515 LAUDATlO
2444 458 2855 522 FUNEBRIS.

3514 458 3640 522 ‘183

350 560 424 613 οὐ
466 559 570 629 μὴν
602 557 648 610 δ’
679 559 759 623 εἰς
794 559 1093 633 τοῦσχατον
1139 562 1298 633 δόξης
1325 558 1691 637 ἐληλακὸτων,
1742 570 1837 623 καὶ
1878 571 1938 622 τὸ

2045 565 2238 635 patria,
2274 566 2363 636 qui
2403 567 2642 621 illustres
2673 568 2893 638 quidem
2927 580 2989 622 ac
3015 565 3332 632 clari,haud
3365 576 3546 624 tamen
3570 571 3636 624 ad

353 651 574 723 μηδένα
605 652 892 720 λεληθέναι
927 656 997 708 τὰ.
1023 656 1165 710 κατά
1206 660 1368 726 σφᾶς,
1397 659 1598 727 ἀγαθός
1628 678 1690 727 γε
1730 664 1941 724 πάντως

349 746 385 796 ὁ
420 743 622 813 νόμοςο
661 745 749 800 ἵνα
794 747 1033 822 τοσαύτη
1065 751 1360 819 περιουσία
1406 751 1825 822 λαμπρότητος,
1864 753 1941 816 ὡς

355 836 565 908 μηδέσι
597 838 709 893 τῶν
736 842 1027 909 πρωτείων
1054 847 1431 917 παραχωρεῖν,
1492 846 1627 919 μηδὲ
1655 846 1942 916 λεληθέναι

350 929 460 998 τῆς
493 932 598 998 γῆς
645 930 716 983 τὰ
764 932 1005 1002 πέρατα,
1054 933 1125 987 τά
1176 936 1328 1004 σφῶν
1361 934 1817 1007 πλεονεκτήματα
1847 937 1943 989 καὶ

349 1021 462 1090 τὴν
491 1018 712 1091 ἀρετὴν.
748 1021 985 1091 μάλιστα
1012 1024 1232 1078 πάντων
1254 1025 1283 1078 ὁ
1306 1024 1469 1096 νόμος
1489 1020 1647 1091 οὗτος
1672 1027 1735 1080 οὐ
1757 1024 1944 1096 περιδ-

354 1111 532 1174 πτέος
565 1110 767 1176 δόξειεν
789 1113 875 1167 ἄν.
907 1110 983 1167 Τὸ
1005 1116 1117 1187 γὰρ
1150 1116 1417 1187 ὓπερέχον
1439 1118 1646 1173 τούτων
1680 1120 1739 1172 ὲν
1769 1120 1941 1174 ἅπασι

354 1204 585 1257 πάντων
637 1204 804 1257 ’ἑνεκα
842 1201 878 1277 ἦ
909 1206 1010 1260 πού
1036 1225 1100 1276 γε
1130 1208 1411 1280 θαύματος
1440 1211 1613 1277 ἀξιον.
1645 1211 1755 1265 Kal.
1787 1211 1943 1265 τοῦτό

353 1310 430 1362 γε
461 1297 777 1365 συνίστησιν
808 1300 835 1351 ὁ
866 1301 1047 1354 πάντα
1079 1301 1217 1374 λήθῃ
1250 1302 1529 1372 παραδοὺς
1576 1304 1791 1374 χρόνος,
1817 1304 1943 1358 ἀτο-

351 1389 535 1457 vitae;
571 1388 825 1443 ἐνταυθοί
862 1393 924 1446 τὸ
960 1391 1156 1458 είωθὸς
1205 1394 1356 1466 αύτῷ
1399 1397 1623 1466 δρᾶσαι.
1681 1396 1793 1449 Καὶ
1832 1397 1941 1467 γὰρ

351 1482 605 1553 τοσούτῳ
665 1485 812 1554 μέγα
876 1487 1331 1556 ὑπερηκόντισαν
1384 1480 1551 1559 cum
1611 1488 1943 1560 περιφανείᾳ

348 1577 457 1627 καὶ
492 1575 835 1646 κοσμιότητι,
871 1580 966 1632 καὶ
990 1582 1058 1652 τῇ
1084 1579 1193 1632 τῶν
1220 1579 1443 1651 τρόπων
1468 1583 1823 1652 χρηστότητι.
1849 1583 1942 1636 καὶ

348 1668 429 1733 τῇ
458 1666 568 1718 τῶν
594 1670 874 1736 τροπαίων
892 1671 1260 1742 λαμπρότητι,
1292 1673 1405 1742 ὅσῳ
1437 1672 1573 1742 μηδὲ
1598 1672 1780 1744 ῥᾴδιον
1801 1668 1943 1727 εἶναι

322 1757 557 1839 ζδεῖξαι.
591 1761 704 1815 Καὶ
723 1763 884 1816 τοῦτο
903 1763 1095 1833 λέληθε
1118 1765 1216 1833 μὲν
1244 1765 1353 1819 οὐδ’
1375 1765 1616 1819 ὁντινοῦν
1641 1766 1751 1820 τῶν
1775 1767 1945 1822 ἁπάν-

295 1838 470 1904 των
494 1868 510 1884 ο
548 1854 786 1923 παρέχει
819 1855 875 1908 δὲ
904 1858 1117 1920 πάντας
1164 1856 1489 1927 θαυμάζειν,
1520 1856 1614 1923 οὓς
1647 1877 1710 1928 γε
1758 1861 1821 1914 ού
1856 1862 1944 1914 λέ-

2044 673 2322 713 summum
2360 653 2547 729 gloria:
2592 660 2806 714 culmen
2847 675 3096 723 evasere,
3124 664 3196 714 ac
3242 669 3299 713 ut
3350 674 3417 714 ne
3474 676 3636 730 quem

2043 766 2232 806 eorum
2270 768 2359 808 res
2395 754 2644 820 lateant;
2693 754 2829 809 bene
2882 770 3113 825 prorsus
3146 754 3235 807 illa
3281 753 3480 820 habet;
3542 754 3638 810 ubi

2044 853 2227 898 autem
2261 858 2455 899 eorum
2483 845 2672 911 gloria:
2696 853 2881 901 tantus
2907 852 3199 914 exsuperat
3250 846 3529 908 cumulus,
3574 853 3637 897 ut

2044 951 2114 992 ne
2143 936 2232 991 cui
2267 937 2474 1006 primas
2498 946 2682 1007 partes
2710 938 2928 1001 cedant,
2947 951 3047 992 nec
3060 938 3639 1006 eorumpraerogativa:

2043 1039 2108 1079 ac
2158 1025 2377 1095 virtnsJ
2406 1026 2557 1080 orbis
2596 1026 2804 1081 lateant
2835 1026 2990 1081 'llnes
3027 1042 3041 1089 ;
3071 1035 3200 1079 tunc
3231 1026 3472 1079 maxime
3527 1039 3638 1079 non

2044 1118 2347 1184 spernenda
2403 1118 2676 1173 videatur.
2716 1118 2887 1173 Tanta
2921 1120 3123 1187 quippe
3142 1132 3332 1172 eorum
3366 1117 3420 1171 in
3458 1119 3642 1172 omni—

2045 1205 2169 1268 bus.
2208 1220 2271 1261 ac
2294 1209 2443 1263 omni
2481 1218 2637 1278 parte
2676 1210 3027 1277 excellentia,
3058 1210 3177 1279 iure
3214 1210 3409 1263 merito
3458 1210 3640 1263 admio

2043 1302 2245 1354 rationi
2302 1301 2595 1358 habeatur.
2670 1302 2844 1371 ldque
2903 1316 3039 1357 sane
3101 1302 3270 1358 etiam
3348 1301 3640 1357 conﬁrmat

2044 1398 2284 1460 tempus.
2403 1391 2551 1462 quod
2649 1392 3077 1451 universorum
3139 1390 3475 1446 oblivionem
3555 1390 3638 1445 l‘a-
3707 1425 3717 1453 ε

2043 1483 2217 1550 ciens,
2282 1482 2371 1538 hic
2438 1493 2623 1539 tamen
2704 1484 3015 1554 nequiverit
3058 1495 3318 1554 praestare
3364 1482 3512 1554 quod
3557 1492 3641 1537 est

2042 1585 2446 1645 comparatum.
2475 1575 2656 1632 Tanto
2689 1577 2959 1647 siquidem
2993 1592 3225 1633 excessu
3279 1585 3636 1645 superarunt,
3705 1587 3713 1623 ί

2044 1667 2239 1721 crebra
2263 1669 2437 1737 gloria
2472 1684 2536 1724 ac
2570 1670 2879 1729 honestate.
2909 1683 3242 1739 morumque
3270 1668 3532 1729 bonitate,
3573 1683 3638 1721 ac
3703 1688 3706 1692 λ

2046 1770 2375 1829 tropaeorum
2411 1762 2732 1833 splendore,
2764 1772 2823 1817 ut
2846 1777 2947 1817 nec
2982 1760 3142 1817 facile
3173 1761 3387 1816 ostendi
3439 1762 3635 1831 possit,
3700 1752 3705 1765 ³

2043 1865 2221 1920 eaque
2261 1868 2351 1907 res
2380 1853 2657 1907 neminem
2682 1856 2851 1907 latere
2889 1854 3066 1923 potuit
3109 1853 3540 1921 ;convertitque
3585 1853 3637 1905 iu

347 1942 548 2012 ληθεν.
599 1945 768 1999 Ἔνθα
802 1947 868 2016 δὴ
913 1949 1089 2003 ταῦτα
1122 1923 1484 2021 συνέδραμεν,
1511 1952 1539 2004 ὁ
1570 1923 1733 2022 νόμος
1781 1953 1942 2022 ἀναγ-

2049 1943 2490 2011 admirationem,
2518 1945 2565 2000 si
2601 1959 2741 2011 quos
2775 1960 2882 1999 non
2917 1944 3097 2000 latuit.
3136 1943 3238 2000 Ubi
3262 1960 3395 1999 sane
3429 1961 3492 1999 ea
3508 1959 3641 1999 con-

352 2032 672 2095 καιότατος.
710 2033 869 2089 Ἔστι
900 2037 1103 2094 ταῦτα.

447 2122 591 2190 Ἐγὼ
615 2124 670 2177 δὲ
703 2125 968 2199 βούλομαι
995 2128 1093 2185 νῦν
1121 2131 1297 2188 εἰπεῖν
1319 2132 1494 2204 βίαιον
1514 2133 1615 2200 μέν
1642 2152 1786 2190 τισιν
1814 2136 1945 2200 ἴσως

352 2215 541 2283 δόξον,
573 2218 772 2291 ἀληθὲς
800 2222 849 2275 δ’
870 2222 964 2277 οὖν
992 2218 1150 2293 οἶμαι
1180 2227 1582 2297 φανησόμενον.
1623 2228 1686 2283 '0
1721 2229 1830 2301 γάρ
1854 2230 1946 2283 νό-

356 2327 466 2379 μος
505 2312 806 2381 ἀναγκαῖος
856 2313 932 2379 ὡς
975 2314 1217 2385 ἀληθῶς,
1270 2320 1333 2373 ού
1365 2322 1477 2390 μὴν
1521 2321 1572 2374 δ’
1603 2322 1698 2376 ἐπὶ
1725 2324 1945 2378 πάντων

354 2400 536 2464 οὕτως
569 2402 782 2466 ἀπλῶς.
814 2405 934 2458 Ἵνα
958 2406 1069 2476 γὰρ
1102 2407 1410 2478 συνέδραμε
1433 2410 1690 2475 τοσοῦτος
1721 2412 1821 2480 μὲν
1844 2428 1947 2468 σω-

357 2494 456 2564 ρὸς
513 2496 759 2563 ἀγαθῶν,
821 2500 918 2553 καὶ
973 2499 1179 2571 μηδένα
1227 2500 1422 2573 λέληθε
1468 2504 1583 2558 τῶν
1638 2504 1946 2572 ἁπάντων,

355 2587 597 2657 παρέχει
629 2587 687 2641 δὲ
722 2591 858 2643 πᾶσι
887 2589 1214 2661 θαυμάζειν,
1254 2593 1721 2665 ὲκπληττομένοις
1748 2597 1819 2651 τά
1849 2613 1948 2653 καο

354 2677 714 2757 τορθὼματα,
747 2682 849 2734 οὐκ
880 2683 1181 2752 ἀναγκαῖος
1231 2685 1260 2738 ὁ
1289 2686 1457 2757 νόμος
1504 2680 1661 2752 οὗτος
1696 2688 1846 2759 αὐτῷ
1879 2706 1945 2759 γε

352 2770 538 2841 τούτῳ
568 2810 583 2837 ,
615 2766 660 2840 ᾧ
684 2791 746 2841 γε
770 2777 883 2837 τοῖς
917 2776 1101 2841 ἄλλοις
1152 2780 1455 2848 ἀναγκαῖος
1484 2775 1627 2838 εἶναι
1655 2781 1828 2839 δοκεῖ.
1851 2787 1945 2837 Δι-

355 2862 556 2926 καίως.
592 2866 691 2919 Διά
716 2866 807 2934 τίς
836 2868 962 2923 Ὅτι
991 2870 1084 2923 τὸν
1105 2870 1272 2941 νόμον
1306 2868 1462 2941 οἶμαι
1493 2875 1774 2950 τετάχθαι,
1800 2879 1948 2943 ὅπως

353 2956 424 3016 ταί⁴
463 2956 624 3027 ῥίζης
670 2960 887 3027 ἀγαθῆς
939 2964 997 3015 ἐν
1054 2964 1246 3035 ἀγαθῷ
1303 2969 1730 3037 πεφυτευμένης
1761 2969 1947 3040 χωρίῳ

354 3051 559 3118 ἀγαθοὶ
589 3054 724 3106 πᾶσι
751 3054 1027 3125 δειχθῶσι,
1067 3057 1163 3112 καὶ¹
1196 3058 1305 3129 πρὸ
1344 3058 1443 3113 τοῦ
1471 3060 1563 3114 τὸν
1610 3061 1725 3131 βίον
1757 3064 1945 3127 αὐτοῖς

356 3144 619 3213 φανῆναι,
666 3147 763 3199 καὶ
812 3148 965 3218 παρὰ
999 3148 1220 3205 πάντων
1273 3153 1656 3223 ἐπαινεθῆναι.
1725 3155 1944 3212 Ὀποῖον

2049 2037 2348 2102 currerint,
2383 2036 2636 2091 videatur
2662 2036 2754 2091 lex
2780 2054 2995 2093 summe
3026 2038 3365 2093 necessaria.
3389 2036 3461 2091 Ita
3483 2052 3637 2090 vero.

2118 2126 2385 2182 Caeterum
2414 2128 2593 2210 libens
2633 2130 2834 2195 dicam,
2861 2129 3007 2200 quod
3032 2129 3175 2184 forte
3210 2129 3493 2183 nonnullis
3532 2127 3636 2182 llu-

2046 2220 2167 2275 rius
2203 2221 2479 2293 videatur,
2502 2234 2561 2276 ut
2601 2231 2780 2277 tamen
2830 2222 3083 2277 veritatis
3130 2220 3371 2292 speciem
3417 2222 3639 2275 habitu-

2045 2329 2167 2368 rum
2200 2323 2409 2384 putem.
2454 2314 2623 2370 Plane
2655 2316 2877 2384 quidem
2930 2315 3243 2371 necessaria
3298 2316 3429 2380 lex;
3488 2314 3632 2366 haud

2046 2418 2231 2462 tamen
2265 2408 2590 2476 simpliciter
2622 2411 2779 2473 adeo,
2824 2418 2883 2463 ut
2912 2419 3227 2475 spectemus
3266 2423 3481 2462 omnes.
3534 2404 3637 2485 Ubi

2046 2499 2192 2554 enim
2228 2500 2422 2567 ingens
2454 2499 2589 2553 adeo
2617 2501 2901 2554 concurrit
2934 2501 3201 2554 bonorum
3230 2494 3511 2563 cumulus,
3534 2515 3639 2554 nec

2047 2592 2193 2648 ullos
2213 2592 2440 2647 omnino
2473 2593 2625 2654 latet,
2657 2607 2963 2661 omnesque
2986 2593 3260 2646 convertit
3285 2592 3339 2644 in
3386 2590 3631 2645 admira-

2050 2686 2284 2752 tionem,
2320 2687 2667 2755 stupentibus
2709 2686 2969 2740 omnibus
2996 2685 3215 2749 merita;
3241 2685 3384 2738 baud
3411 2700 3638 2754 prorsus

2049 2780 2358 2836 necessaria
2392 2779 2665 2846 videatur,
2697 2795 2762 2833 eo
2791 2779 2931 2848 ipso,
2965 2794 3075 2848 quo
3110 2779 3233 2832 aliis
3268 2778 3517 2832 videatur
3536 2793 3635 2831 ne-

2047 2871 2308 2926 cessaria.
2337 2871 2409 2925 ita
2449 2873 2665 2926 merito.
2696 2870 2970 2938 Quorsum
2990 2887 3120 2927 vero
3142 2872 3166 2925 ?
3187 2871 3344 2937 Quod
3362 2871 3625 2925 nimirum

2049 2982 2110 3019 ea
2139 2967 2356 3020 ratione
2382 2967 2696 3022 existimem
2720 2968 3055 3035 positam,ut
3074 2966 3166 3036 qui
3188 2983 3251 3020 ex
3281 2966 3423 3019 bona
3443 2964 3632 3019 radice

2047 3058 2193 3114 bono
2225 3070 2345 3115 sata
2377 3060 2497 3117 solo
2526 3060 2872 3131 prodierunt,
2894 3060 3019 3114 boni
3056 3060 3316 3113 omnibus
3335 3056 3653 3113 ostendan-i

2048 3159 2160 3217 tur,
2193 3168 2319 3208 cum
2340 3153 2573 3209 necdum
2603 3157 2770 3209 etiam
2800 3168 2992 3209 eorum
3031 3154 3139 3207 vita
3179 3152 3245 3208 sit
3292 3151 3532 3222 prodita,
3570 3163 3637 3204 ac

354 3241 474 3310 γὰρ
501 3236 621 3314 ἀνῇ
660 3242 721 3294 τὸ
754 3244 945 3311 φυτὸν,
976 3246 1071 3299 καὶ
1099 3245 1159 3300 τὺ
1180 3248 1383 3317 χωρίον
1410 3250 1469 3303 ὲν
1499 3242 1542 3317 ᾧ
1577 3250 1940 3319 πεφύτευται,

2047 3244 2295 3300 omnium
2347 3261 2444 3300 ore
2498 3245 2747 3302 laudata.
2790 3245 2983 3312 Qualis
3025 3246 3168 3299 enim
3227 3253 3312 3299 est
3357 3245 3541 3307 arbor,
3571 3256 3637 3293 ac
3686 3234 3689 3241 “

350 3332 602 3387 τοιοῦτον
633 3334 847 3407 ἀνάγκη
880 3337 973 3390 καὶ
1017 3338 1109 3391 τὸν
1154 3339 1369 3410 καρπὸν
1400 3341 1534 3394 αὐτὸ
1566 3341 1778 3413 φέρειν.
1819 3345 1933 3400 Ἐν-

351 3422 531 3478 ταῦθα
562 3426 741 3479 τοίνυν
776 3427 1047 3496 παρέλκον
1097 3423 1254 3499 οἶμαι
1307 3432 1470 3486 τοῦτο
1504 3435 1603 3487 καὶ
1652 3438 1930 3506 περιττόν.

2043 3337 2195 3406 quali
2224 3346 2344 3392 orta
2366 3338 2509 3405 solo,
2532 3339 2698 3394 talem
2738 3353 2961 3407 quoque
3002 3349 3229 3391 necesse
3264 3334 3335 3389 sit
3369 3343 3426 3385 ιιι
3476 3333 3629 3386 {ritc-

2037 3440 2152 3486 tum
2182 3430 2341 3486 ferat.
2373 3430 2485 3487 Hac
2507 3448 2638 3502 ergo
2684 3442 2838 3501 parte
2870 3444 3336 3500 supervacaneam
3380 3441 3442 3481 ac
3492 3425 3636 3476 utiu-

366 3518 428 3571 Ὀ
455 3520 567 3590 γὰρ
594 3520 673 3591 τῷ
700 3520 852 3592 νόμῳ
905 3523 1112 3588 σκοπὸς
1158 3524 1349 3597 ὥσπερ
1382 3527 1693 3598 αὐτόματον
1722 3528 1936 3599 φθάσαν

2045 3537 2153 3580 tam
2176 3523 2513 3580 molitionem
2545 3534 2696 3595 puto.
2722 3525 2817 3581 Hic
2850 3522 3287 3595 siquidem,ejus
3309 3521 3448 3589 legis
3484 3519 3634 3579 linis.

353 3612 573 3681 γέγονε.
608 3614 708 3678 Τίς
753 3616 863 3687 γὰρ
895 3617 1007 3670 τῶν
1037 3620 1259 3673 πάντων
1279 3620 1381 3674 οὐκ
1410 3615 1572 3686 οἶδεν,
1594 3622 1673 3687 ὡς
1713 3623 1799 3694 εῐη
1835 3624 1937 3694 μὲν

355 3703 655 3777 ἡμεγίστη
706 3706 883 3775 πόλις,
918 3709 1020 3779 τὴν
1070 3711 1489 3766 Κωνσταντίνου
1539 3715 1706 3787 φημὶ,
1736 3720 1938 3787 πατρὶς

359 3794 556 3866 ἐκείνῳ
627 3798 835 3867 τάνδρὶ,
869 3801 963 3854 καὶ
1004 3801 1068 3869 δὴ
1099 3803 1194 3854 καὶ
1228 3804 1375 3870 γένει
1423 3804 1501 3875 τῷ
1529 3806 1763 3872 ἐκείνου,
1796 3806 1938 3863 ὥστε

359 3888 458 3941 καὶ
493 3888 700 3942 δεῖσθαι
750 3891 883 3962 παρ’
921 3893 1110 3963 ἑτέρου
1150 3894 1312 3949 τοῦτο
1363 3897 1700 3965 μανθάνεινς
1758 3900 1855 3961 Τίς
1884 3900 1942 3954 δὲ

359 3979 567 4050 ταύτης
590 3980 707 4051 εχει
763 3982 1097 4053 μνησθῆναι,
1159 3987 1255 4039 καὶ
1305 3989 1417 4043 τῶν
1470 3991 1784 4059 φυσάντων,
1811 3993 1942 4048 ἄνευ

360 4075 657 4144 ἐγκωμίων
691 4076 1002 4146 μεγίστων;
1037 4079 1353 4148 Θαυμάζων
1382 4085 1442 4137 δέ
1479 4101 1567 4149 τις
1622 4086 1725 4157 τήν
1750 4104 1811 4140 τε
1839 4106 1945 4143 πα-

357 4166 538 4236 τρίδα,
574 4166 701 4233 τούς
751 4186 815 4222 τε
837 4172 1069 4237 γονέας,
1115 4173 1233 4237 πῶς
1266 4175 1385 4246 οὐχὶ
1424 4179 1521 4231 καὶ
1549 4178 1643 4232 τὸν
1679 4181 1743 4232 ἐκ
1776 4181 1944 4236 τῶνδε

358 4257 571 4323 τούτοις
604 4260 1015 4333 συνεθαύμασεν
1039 4266 1144 4334 ἄν;
1180 4268 1305 4322 Ὅτι
1346 4271 1530 4325 τοίνυν
1560 4275 1737 4327 ταῦτα
1775 4274 1942 4341 οὕτω,

363 4351 464 4407 καὶ
497 4350 691 4406 οὐδένα
720 4353 916 4427 λέληθε
958 4356 1029 4412 τὰ
1067 4361 1210 4413 κατά
1249 4361 1342 4414 τὸν
1371 4362 1470 4415 νῦν
1493 4363 1945 4436 εὐφημούμενον,

366 4441 585 4513 μήποτε
604 4445 900 4515 περίεργον
946 4444 982 4522 ᾖ
1014 4452 1448 4516 κατασκευάζειν
1479 4454 1601 4508 λίαν
1634 4458 1827 4525 σαφὲς,
1851 4462 1947 4517 καὶ

358 4534 632 4591 δεικνύειν
652 4539 953 4609 ἐπιχειρεῖν
978 4542 1040 4594 τὸ
1092 4544 1282 4614 μηδενὶ
1308 4547 1715 4618 κρυπτόμενον.
1755 4548 1814 4605 ’0
1838 4550 1948 4621 γάρ

2000 3628 2005 3633 '
2039 3634 2138 3674 sua
2172 3618 2291 3689 ipse
2335 3629 2555 3690 sponte,
2585 3635 2649 3672 ac
2694 3620 2822 3675 tltro
2844 3620 3151 3688 occupavit.
3183 3617 3318 3683 Quis
3343 3630 3490 3670 enim
3538 3631 3634 3667 ιιι·-

2040 3708 2179 3764 sciat
2221 3709 2498 3775 omnium,
2531 3715 2593 3763 ut
2627 3708 2711 3761 vir
2736 3708 2849 3774 ille,
2904 3712 2999 3763 sed
3031 3715 3086 3761 et
3121 3707 3242 3777 ejus
3281 3720 3482 3775 genus,
3514 3720 3634 3756 ma-

2042 3801 2196 3856 xima
2223 3800 2467 3866 urbium,
2515 3800 2890 3862 Constantini.
2947 3800 3197 3869 inquam,
3239 3797 3401 3861 urbe,
3457 3796 3631 3866 patria

2044 3893 2333 3964 glorietur,
2372 3902 2431 3949 ut
2458 3904 2517 3948 et
2581 3892 2714 3947 illud
2771 3894 2838 3948 ab
2872 3892 2981 3946 alio
3011 3889 3298 3945 docendus
3335 3889 3636 3943 videatur?

2044 3986 2180 4054 Quis
2207 3996 2387 4042 autem
2418 3986 2538 4057 ejus
2564 3994 2851 4057 parentum
2902 3968 3004 4038 nisi
3057 3982 3312 4037 maximis
3376 3982 3632 4036 laudibus

2046 4081 2365 4136 meminisse
2392 4080 2610 4151 possit?
2642 4077 2715 4135 Ut
2745 4079 2868 4147 quis
2891 4093 3045 4142 vero,
3072 4092 3198 4131 cum
3237 4076 3493 4146 patriam,
3514 4084 3627 4129 tum

2046 4182 2298 4240 parentes
2326 4170 2583 4237 miretur,
2637 4170 2730 4239 qui
2764 4185 2875 4225 non
2938 4168 3102 4223 etiam
3135 4167 3244 4222 illis
3288 4178 3469 4221 ortum
3517 4167 3629 4234 puti

2046 4265 2408 4320 admiratione
2443 4272 2804 4334 prosequatur
2832 4262 2856 4317 ?
2885 4263 3024 4319 Cum
3066 4262 3149 4318 sic
3189 4277 3321 4332 ergo
3371 4263 3484 4315 ltzec
3535 4260 3633 4312 ha-

2049 4358 2235 4424 beant,
2308 4373 2413 4413 nec
2471 4359 2572 4413 viri
2619 4358 3116 4426 impraesentiarum
3159 4355 3489 4411 celebrandi
3542 4370 3631 4408 res

2049 4451 2223 4506 ullum
2252 4451 2483 4517 lateant,
2520 4452 2710 4519 utique
2735 4450 2975 4504 otiosum
3001 4450 3073 4504 sit
3118 4458 3178 4503 ut
3224 4449 3275 4504 id
3310 4451 3631 4523 probemus,

2051 4543 2195 4613 quod
2228 4544 2513 4613 perspicue
2543 4544 2752 4597 clarum
2779 4552 2884 4609 est,
2931 4557 2996 4598 ac
3030 4542 3269 4597 nitamur
3317 4546 3630 4599 ostendere.

356 4627 658 4696 διδάσκειν,
715 4627 896 4699 οἶμαι,
943 4633 1295 4703 βουλόμενος,
1326 4638 1403 4701 ὡς
1452 4641 1487 4711 ὴ
1526 4641 1942 4696 Κωνσταντίνου

2053 4638 2198 4708 quod
2220 4637 2351 4692 nulli
2385 4638 2459 4692 sit
2506 4637 2810 4694 occultum.
2865 4634 2970 4703 Qui
3010 4636 3157 4691 enim
3221 4636 3423 4691 docere
3475 4637 3630 4701 velit,

357 4718 501 4787 τῷδε
533 4724 735 4791 πατρὶς
753 4763 771 4789 ,
806 4725 903 4778 καὶ
925 4729 1106 4791 γονεῖς
1146 4729 1198 4782 οί
1228 4728 1436 4801 ταύτης
1458 4734 1823 4804 κοσμήτορες,
1848 4736 1944 4788 καὶ

357 4812 541 4883 ἀγαθή
574 4830 639 4880 γε
686 4815 860 4887 τούτῳ
891 4818 1044 4888 καὶὴ
1081 4820 1283 4889 πατρὶς
1314 4822 1408 4875 καὶ
1434 4823 1484 4875 οί
1517 4824 1814 4891 φύσαντες,
1839 4844 1945 4880 πα-

362 4905 671 4975 ραπλήσιον
713 4908 784 4963 ἂν
822 4910 911 4980 είη
944 4911 1141 4977 ποιῶν,
1171 4912 1366 4985 ὥσπερ
1398 4914 1469 4970 ἂν
1502 4917 1551 4969 εἰ
1578 4918 1704 4982 τοὺς
1732 4918 1944 4989 ἀνθρώ-

355 5013 495 5060 πους
517 4999 792 5053 διδάσκειν
817 5002 1094 5070 ἐϐούλετο,
1124 5006 1439 5077 πληθούσης
1465 5007 1569 5078 τῆς
1587 5009 1819 5079 ἀγορᾶς,
1847 5014 1944 5068 καὶ

354 5091 460 5157 τῆς
493 5091 712 5157 ἀκτῖνος
744 5094 989 5161 ἅπαντας
1043 5098 1473 5172 θερμαινούσης,
1529 5102 1672 5174 ὑπὲρ
1716 5105 1820 5175 γῆν
1850 5080 1942 5160 τὸν

355 5184 515 5255 ἥλιον
547 5182 711 5241 εἶναι.

435 5277 510 5331 υὺ
543 5278 649 5351 μὴν
674 5280 813 5335 ἀλλὰ
853 5284 949 5336 καὶ
977 5284 1105 5355 τῇδε
1152 5287 1533 5356 παραδραμών
1586 5306 1672 5352 τις
1701 5289 1942 5362 ivra?)th

355 5370 573 5422 τουτονὶ
623 5371 715 5424 τὸν
752 5375 867 5436 τοῖς
909 5374 1162 5444 ἀρχαίοις
1222 5376 1450 5430 τεθέντα
1506 5378 1671 5447 νόμον
1715 5380 1939 5452 ἄριστον

356 5464 654 5531 δντα,οὖτε
693 5466 848 5539 παρά
892 5468 1003 5522 τῶν
1036 5469 1284 5538 θεμένων
1319 5466 1476 5539 οἶμαι
1528 5473 1619 5525 τὸν
1654 5473 1843 5544 νόμον,
1890 5477 1938 5528 εί

359 5556 445 5607 εει
480 5556 603 5627 μεθ’
633 5558 793 5626 ἡμῶν
840 5554 1015 5629 ἦσαν,
1049 5558 1178 5613 οὔτε
1212 5562 1345 5633 παρ’
1396 5562 1710 5618 οὑτινοσοῦν
1741 5565 1941 5634 εὐφρο-

357 5648 601 5713 νοῦντος,
628 5647 829 5715 δέξαιτ’
851 5652 918 5706 ἀν
939 5670 1071 5706 ποτε
1098 5654 1329 5726 μέμψιν.
1362 5656 1501 5710 Οὔτε
1532 5659 1643 5729 γὰρ
1669 5661 1702 5728 ἡ
1736 5660 1939 5729 πατρὶς

356 5739 530 5810 αύτῷ,
559 5739 675 5796 οὔθ’
694 5744 748 5796 οί
780 5747 979 5811 γονεῖς,
1010 5747 1250 5812 ἐπιδεεῖς
1280 5747 1380 5819 τῆς
1414 5749 1546 5820 παρ’
1583 5749 1833 5821 ἀλλήλων
1852 5768 1937 5804 τι-

361 5834 474 5896 μῆς
494 5848 509 5863 ⁸
540 5833 642 5887 ἀλλ
668 5835 806 5890 ὀὐδὲ
841 5837 1006 5902 αὐτὸς
1028 5839 1241 5903 ἐκεῖνος
1268 5839 1370 5909 τῆς
1400 5840 1530 5910 παρ’
1562 5842 1744 5895 αὐτῶν
1767 5844 1937 5911 ἀναγ-

360 5923 551 5993 καίως,
599 5929 647 5982 εἰ
701 5931 794 5985 καὶ
827 5933 957 6002 παρ’
981 5931 1229 6005 ἀλλήλων
1275 5935 1422 6002 ὅμως
1449 5934 1795 6005 τετίμηνται,
1833 5953 1936 5989 κα-

2052 4732 2311 4787 habuisse
2338 4732 2591 4801 patriam,
2611 4729 2957 4786 Constantini
2992 4730 3207 4794 urbem,
3237 4739 3628 4799 parentesque,

2049 4824 2198 4879 viros
2235 4824 2476 4894 ejusdem
2515 4823 2814 4893 principes,
2881 4822 3195 4891 bonamque
3219 4822 3268 4875 ei
3301 4821 3534 4890 patriam
3567 4836 3631 4874 ao
3668 4857 3690 4944 ἔ

2052 4926 2299 4944 ---...u..-
2336 4916 2505 4944 ι’..εηηη
2589 4916 2731 4944 Ιιιιιι..
2766 4912 2913 4944 ali-nl
2942 4928 3058 4944 ,νιηη
3093 4914 3364 4944 annon-uin
3412 4912 3601 4944 Γοηηι-ἶι

2052 4926 2302 4988 parentes
2334 4916 2528 4980 fuisse,
2589 4916 2731 4970 haud
2765 4912 2917 4971 aliud
2941 4928 3059 4969 mea
3093 4914 3366 4968 sententia
3411 4912 3629 4968 fecerit.

2050 5025 2215 5080 quam
2251 5019 2311 5065 ut
2342 5011 2502 5079 pleno
2535 5007 2677 5072 foro,
2712 5008 2994 5078 radiisque
3018 5018 3211 5061 metum
3273 5002 3627 5064 facientibus,

2048 5113 2265 5158 exstare
2300 5102 2470 5158 solem
2514 5117 2678 5172 super
2739 5109 2968 5165 terram,
3022 5113 3127 5154 ceu
3185 5096 3392 5153 inscios
3431 5096 3631 5152 docere

2047 5195 2197 5250 velit.

2121 5288 2264 5343 Sane
2286 5295 2343 5340 ut
2369 5303 2432 5341 ea
2467 5286 2591 5357 quis
2619 5288 2849 5347 ratione.
2902 5301 3022 5340 eam
3055 5283 3325 5356 antiquis,
3356 5283 3621 5353 optimam

2046 5378 2197 5433 illam
2217 5420 2229 5441 .
2256 5378 2488 5447 positam
2524 5379 2714 5447 legem,
2742 5378 2997 5446 praesenti
3019 5385 3344 5447 argumento
3364 5375 3628 5429 omitten-

2047 5470 2172 5524 dam
2207 5470 2499 5539 putaverit,
2526 5468 2673 5523 ltaud
2704 5469 2894 5532 ullam.
2926 5471 2995 5523 ab
3027 5470 3095 5525 iis
3127 5469 3262 5539 ipsis
3299 5469 3505 5540 quibus
3554 5469 3631 5524 sit

2046 5565 2242 5632 posita,
2265 5572 2322 5617 ut
2353 5562 2391 5616 ii
2419 5562 2599 5616 adhuc
2632 5562 2684 5614 in
2714 5562 2849 5616 vivis
2878 5569 3126 5630 agerent.
3147 5562 3325 5616 ullove
3343 5561 3621 5630 sapiente.

2047 5653 2523 5722 reprehensionem
2552 5669 2791 5722 unquam
2830 5654 3035 5723 tulerit.
3082 5651 3272 5723 Neque
3298 5653 3448 5708 enim
3504 5650 3632 5707 talis

2045 5749 2374 5805 celebrando
2405 5749 2522 5802 viro
2565 5749 2764 5817 patria,
2798 5757 2892 5802 aut
2942 5757 3214 5817 parentes,
3250 5754 3311 5800 ut
3339 5749 3418 5802 eis
3450 5748 3518 5801 ab
3546 5748 3629 5800 in-

2047 5842 2220 5896 vicem
2252 5842 2515 5896 honorem
2565 5841 2806 5896 mutuari
2853 5856 3078 5896 necesse
3127 5840 3202 5895 sit
3237 5854 3252 5893 :
3285 5850 3340 5894 at
3371 5857 3543 5909 neque
3581 5841 3626 5893 is

2049 5950 2271 5991 necesse
2303 5935 2372 5989 ab
2406 5935 2509 5990 illis
2554 5936 2750 5991 habeat
2786 5952 2799 6001 ;
2840 5936 3053 5988 tametsi
3110 5944 3300 5988 mutuo
3353 5935 3616 5988 honorem
