4060 6672
363 391 461 452 187

1543 395 1936 456 MANUELIS
1978 393 2429 456 PALEOLOGI

3512 383 3621 450 188

360 509 460 563 sibi
510 508 737 576 addunt,
790 510 1066 579 quomodo
1119 514 1308 581 juncta
1382 512 1609 576 lumina,
1677 524 1927 564 mutuum

2052 510 2210 577 ldnsp
2241 509 2400 577 φῶτα
2430 505 2762 574 συναύξοντα
2791 509 2889 577 τὴν
2946 504 3004 573 ἐξ
3042 505 3287 576 ἀλλήλων
3318 500 3617 576 ἀστραπήν

361 602 706 669 splendorem
734 617 798 657 ac
834 602 1034 669 lucem,
1069 604 1311 658 vicissim
1337 605 1650 659 intendunt.
1678 604 1764 658 Uti
1803 617 1932 675 ergo

362 689 571 759 prmfati
609 708 819 757 smnus,
852 703 908 747 ut
930 694 1001 748 sit
1029 697 1167 749 bona
1196 697 1306 759 lex,
1334 695 1477 749 haud
1508 706 1687 751 tamen
1717 697 1935 766 imprae-

365 783 665 839 sentiarum
696 784 1019 837 exornando
1063 784 1181 838 \iro
1234 785 1541 840 necessaria
1578 804 1592 839 :
1647 786 1778 854 quin
1818 784 1931 848 ille,

362 886 426 924 ex
460 872 680 940 propria
736 874 909 940 magis
966 874 1194 937 virtute,
1251 875 1480 942 suisque
1526 875 1642 944 ipse
1700 873 1931 937 meritis,

363 979 527 1030 quam
563 980 627 1017 cx
689 966 885 1033 patria,
924 982 986 1019 ac
1019 967 1155 1028 avis,
1203 982 1510 1038 magnoque
1547 968 1698 1023 illinc
1753 967 1955 1037 splen:

365 1054 518 1117 dore,
541 1056 723 1108 clarus
744 1055 1024 1121 l'uerit..Ut
1043 1069 1221 1113 autem
1248 1060 1413 1112 etiam
1434 1061 1548 1122 illa,
1571 1066 1934 1128 parentesque

366 1160 429 1198 ac
458 1146 566 1208 avi,
605 1158 793 1200 notum
828 1149 1003 1215 illum,
1039 1164 1102 1203 ac
1135 1151 1248 1205 suis
1274 1133 1449 1219 ipsum
1488 1151 1699 1205 meritis
1726 1153 1934 1204 clarum

366 1236 630 1290 notiorem
664 1238 1145 1308 illustrioremque.
1188 1255 1286 1295 sua
1314 1242 1557 1311 ipsorum
1582 1242 1934 1296 reddiderunt

366 1327 589 1394 virtute,
632 1346 694 1384 ac
721 1331 875 1399 juxta
908 1334 1070 1386 modo
1109 1334 1338 1401 positam
1388 1334 1701 1405 imaginem,
1746 1335 1935 1405 gloriae

364 1420 410 1470 ei
440 1421 692 1477 cumulus
723 1422 973 1488 fuerint;
1024 1425 1188 1478 iidem
1240 1425 1416 1480 nihilo
1462 1426 1646 1483 secius
1693 1426 1821 1497 ipsi,
1870 1442 1936 1483 ae

369 1514 563 1577 patria.
624 1514 1018 1571 illustrioribus
1072 1518 1478 1586 augmentis,ac
1534 1519 1715 1574 omnis
1787 1527 1934 1574 retro

365 1608 497 1651 aetas
527 1600 766 1664 tulisset,
801 1603 1059 1658 omnibus
1080 1604 1281 1670 ubique
1305 1620 1400 1674 per
1428 1607 1577 1660 illum
1598 1608 1932 1662 claruerunt.

367 1689 574 1753 Quibus
623 1691 712 1744 ille
762 1694 1099 1747 ornamentis
1148 1697 1315 1749 claret
1347 1735 1364 1759 ,
1403 1697 1469 1751 iis
1501 1712 1721 1766 quoque
1757 1700 1935 1767 patria

369 1796 434 1833 ac
465 1791 736 1847 parentes.
782 1780 871 1835 Sic
899 1783 1046 1836 enim
1096 1783 1278 1839 libens
1332 1787 1387 1838 iu
1432 1786 1657 1854 optimis
1709 1785 1929 1843 accidit.

2040 620 2100 655 τε
2132 605 2229 655 καὶ
2271 600 2619 669 λαμπηδόνα.
2672 597 2873 661 Καθὼς
2904 598 3015 669 ἄρα
3064 594 3241 664 εἶπον,
3289 596 3364 660 ώς
3387 598 3417 650 δ
3447 597 3617 665 νόμος

2040 692 2266 761 ἀγαθὸς,
2305 692 2539 745 ἐνταῦθα
2585 690 2654 745 δι’
2695 692 2855 744 αὑτὸν
2900 692 3003 745 οὐκ
3034 692 3355 759 ἀναγκαῖος.
3396 688 3473 745 Ού
3505 691 3617 758 μὴν

2041 784 2173 835 άλλὰ
2210 783 2304 836 καὶ
2330 785 2357 835 ό
2384 783 2509 844 τοὺς
2544 781 2805 844 ἐπαίνους
2848 782 3141 852 δεχόμενος
3172 780 3302 850 παρ’
3328 780 3483 851 ἡμῶν
3508 781 3616 850 ἢδη

2043 875 2106 926 ἐκ
2137 874 2237 942 τῆς
2269 871 2581 943 προσούσης
2605 871 2804 941 άρετῆς
2838 872 2932 924 καὶ
2963 871 3071 923 τῶν
3088 869 3233 924 ίδίων
3251 870 3618 940 κατορθωμά-

2040 977 2148 1014 των
2196 961 2403 1029 μᾶλλον
2433 958 2813 1029 λαμπρύνεται
2860 958 2895 1029 ἢ
2924 959 3024 1027 τῆς
3059 958 3340 1028 πατρίδος,
3374 958 3617 1030 καὶῆτῶν

2042 1052 2350 1122 φυσάντων,
2388 1052 2481 1105 καὶ
2527 1052 2626 1116 τῆς
2676 1049 2891 1104 ἐκεῖθεν
2925 1050 3062 1121 άγαν
3105 1051 3509 1122 λαμπρότητος.
3549 1052 3614 1102 Εἰ

2040 1144 2097 1197 δὲ
2129 1145 2221 1198 καὶ
2242 1140 2402 1214 αὕτη,
2437 1143 2532 1198 καὶ
2559 1145 2611 1197 οἱ
2644 1146 2845 1211 γονεῖς,
2879 1144 3159 1214 γνώριμον
3190 1143 3321 1197 ὄντα
3345 1143 3440 1196 καὶ
3460 1143 3612 1211 λαμ-

2042 1234 2179 1305 πρὸν
2208 1237 2273 1288 ὲκ
2307 1237 2414 1287 τῶν
2465 1236 2591 1289 καθ’
2626 1235 2815 1299 αὑτὸν,
2866 1235 3289 1305 γνωριμώτερον
3319 1234 3410 1287 τὸν
3439 1234 3614 1302 ἄνδρα

2041 1327 2205 1380 πᾶσιν
2233 1306 2520 1397 άπέφηναν
2541 1329 2608 1397 τῇ
2630 1326 2759 1397 παρ’
2785 1327 2997 1379 ἑαυτῶν
3027 1327 3219 1397 ἀρετῇ,
3248 1326 3342 1379 καὶ
3371 1324 3617 1394 προσθη-

2041 1435 2111 1489 κη
2139 1418 2314 1489 τούτῳ
2369 1418 2528 1489 δόξης
2582 1420 2834 1487 ἐγένοντο
2886 1419 3029 1472 κατὰ
3073 1418 3172 1487 τὴν
3210 1418 3311 1488 ἤδη
3353 1417 3619 1489 ῥηθεῖσαν

2035 1513 2175 1582 ἡμῖν
2200 1511 2389 1567 είκόνε.
2413 1529 2428 1546 ο
2461 1511 2596 1568 ἀλλὰ
2629 1513 2723 1565 καλ⁵
2747 1506 2896 1566 οὗτοι
2922 1512 3016 1565 καὶ
3042 1512 3076 1579 ἡ
3108 1512 3306 1579 πατρὶς
3335 1508 3517 1575 πολλῷ
3548 1524 3619 1574 γε.

2045 1601 2246 1672 μᾶλλον
2284 1604 2644 1674 γνωρίζονται
2688 1604 2758 1658 δι’
2793 1603 2956 1658 αὑτὸν
3002 1605 3113 1665 τοῖς
3149 1601 3465 1672 ἁπανταχοῦ
3504 1602 3618 1667 γῆς

2042 1695 2349 1765 ἀνθρώποις
2376 1696 2409 1765 ἢ
2438 1697 2531 1749 τὸν
2569 1696 2675 1764 πρὸ
2721 1695 2815 1749 τοῦ
2843 1695 3019 1749 πάντα
3050 1695 3270 1766 χρόνον.
3299 1694 3484 1755 Ὅσοις
3513 1692 3619 1760 μὲν

2041 1786 2148 1856 γάρ
2180 1789 2401 1850 ἐκεῖνος,
2450 1787 2544 1840 καὶ
2570 1789 2603 1856 ἡ
2640 1788 2860 1856 πατρὶς,
2892 1787 2987 1840 καὶ
3036 1788 3084 1839 οἱ
3116 1786 3383 1854 φύσαντες
3407 1798 3423 1812 ⁸
3466 1782 3617 1836 οὕτω

372 1869 581 1923 Rursus
604 1886 752 1934 vero,
787 1872 958 1926 claret
981 1873 1070 1928 ille
1102 1875 1381 1941 omnibus,
1417 1878 1508 1930 sed
1536 1888 1589 1931 et
1645 1880 1844 1947 patria,
1883 1888 1937 1934 et

2052 1877 2147 1948 γὰρ
2174 1879 2269 1931 ἐπὶ
2305 1879 2414 1932 τῶν
2437 1879 2678 1948 ἀρίστων
2712 1878 2858 1947 ιριλεῖ
2889 1875 3212 1947 συμϐαίνειν
3231 1892 3246 1907 °
3293 1877 3430 1928 πᾶσι
3472 1874 3516 1927 δ’
3539 1870 3611 1928 αὖ

370 1966 644 2025 parentes.
689 1963 891 2018 Verum
941 1965 1051 2020 sint
1102 1967 1284 2020 omnia
1343 1968 1666 2025 ascribenda
1743 1973 1937 2027 radici.

370 2056 690 2122 Quanquam
721 2055 865 2109 enim
900 2055 1164 2111 illustrior
1193 2073 1413 2127 quoque
1442 2059 1689 2114 redditur
1734 2062 1936 2131 patria,

371 2157 464 2199 ant
518 2155 791 2213 parentes,
854 2158 915 2202 ut
974 2149 1269 2219 ingenuum
1326 2152 1456 2219 quid
1505 2154 1941 2224 prre'clarumque

369 2239 636 2293 ediderint
668 2255 683 2292 :
714 2240 856 2310 quod
884 2250 1060 2296 tamen
1090 2243 1159 2295 ab
1175 2244 1254 2298 eis
1277 2244 1603 2313 productum
1636 2255 1740 2315 est,
1764 2249 1829 2301 ad
1848 2263 1942 2302 eos

372 2332 948 2395 recurrit,adomoin
1007 2334 1233 2389 domum
1291 2336 1439 2391 velut
1503 2337 1739 2401 circulo,
1796 2340 1941 2408 quod

371 2425 546 2476 aiunt.
586 2421 710 2478 Haec
733 2424 1017 2480 hactenus.

442 2690 677 2745 Patriam
701 2690 917 2759 quidem
962 2692 1149 2746 urbem
1170 2690 1374 2761 regiam
1397 2690 1611 2757 habuit,
1645 2706 1707 2747 ac
1724 2693 1941 2748 urbium

375 2791 624 2836 matrem.
646 2782 773 2851 Ejus
795 2797 856 2836 ea
873 2782 1182 2848 celebritas,
1201 2792 1264 2839 ut
1289 2783 1390 2837 sibi
1418 2784 1530 2853 ipsa
1564 2784 1639 2839 sit
1664 2785 1822 2848 satis.
1846 2799 1948 2840 nee

348 2898 351 2901 -
377 2873 578 2927 nostris
607 2875 672 2926 ad
698 2872 922 2941 gloriam
950 2873 1203 2927 laudibus
1228 2883 1403 2942 egeat.
1435 2873 1609 2929 Tanto
1651 2876 1798 2929 enim
1850 2891 1948 2929 ur-

378 2962 536 3020 bilius
562 2965 839 3029 omnibus,
875 2965 921 3020 si
951 2979 1071 3035 qum
1101 2965 1303 3020 habent
1327 2966 1775 3032 admirationem,
1797 2978 1949 3021 ante-

380 3060 572 3120 fertur,
602 3072 663 3111 ac
696 3068 940 3126 praestat,
973 3057 1234 3126 omnique
1259 3057 1529 3112 bonorum
1560 3060 1784 3113 cumqu
1807 3061 1947 3116 citra

383 3149 852 3216 romparationem
882 3160 1124 3218 superat,
1149 3158 1358 3219 quanto
1388 3150 1552 3206 etiam
1580 3150 1781 3205 ﬁnibus
1826 3151 1948 3205 uni-

379 3234 574 3307 veisis,
605 3241 966 3311 gentibusque
994 3256 1057 3296 ac
1086 3241 1308 3311 regibus
1325 3253 1505 3303 terrae.
1523 3244 1805 3298 dominata
1826 3253 1909 3298 est
1929 3286 1945 3308 ,

384 3352 489 3390 non
519 3345 725 3390 tantum
750 3335 1022 3390 exercitus
1049 3336 1443 3391 numerositate
1472 3350 1535 3391 ac
1560 3335 1729 3400 ferro,
1773 3353 1949 3407 quan-

384 3441 495 3481 tum
525 3429 724 3484 virtute
753 3442 816 3480 ac
838 3426 1049 3482 ratione
1108 3428 1435 3497 praepollens
1466 3445 1484 3495 ;
1510 3430 1766 3501 quodque
1806 3431 1951 3484 (Ion.

382 3517 627 3571 stantino
671 3516 955 3586 glorietur,
1018 3532 1180 3571 manu
1227 3525 1446 3572 tenente
1493 3528 1729 3588 sceptra,
1762 3519 1952 3574 eodem

386 3624 592 3670 revera.
618 3624 741 3662 cum
764 3609 1117 3678 imperatore,
1142 3615 1255 3663 tum
1279 3608 1440 3672 duce,
1460 3609 1841 3676 universisque
1858 3610 1956 3663 bos

385 3716 578 3754 norum
611 3699 834 3755 custode
868 3699 1162 3769 ;quodqne
1198 3700 1375 3769 majus
1404 3700 1658 3756 omnibus
1688 3711 1795 3766 est,
1840 3700 1955 3757 Deo

384 3793 580 3846 eximie
610 3804 757 3854 caro,
781 3805 905 3845 cum
926 3791 1154 3846 sincera:
1174 3791 1391 3861 pietatis
1420 3807 1570 3863 ergo.
1596 3799 1711 3846 tum
1735 3803 1956 3861 propter

387 3885 600 3940 virtutis
633 3883 800 3939 t0tius
828 3886 1131 3948 cumulum.
1164 3883 1212 3940 Is
1243 3885 1433 3955 utique
1486 3885 1641 3940 urbis
1681 3886 1955 3949 conditor,

389 3977 619 4032 ueenisi
670 3978 857 4031 divino
908 3989 1038 4031 untu
1085 3991 1148 4032 ac
1193 3977 1730 4047 impulsione;quod
1779 3978 1955 4044 ipsum

390 4070 600 4124 abunde
630 4072 719 4135 sit,
746 4081 1132 4126 sexcentornm
1165 4074 1544 4126 eneomiorum
1572 4072 1712 4133 loco,
1734 4085 1961 4126 sexcen-

392 4173 569 4215 tarum
594 4162 707 4214 viCe
734 4163 1131 4227 laudationum,
1161 4166 1361 4233 quibus
1389 4165 1737 4218 innumeram
1766 4178 1961 4232 quam-

390 4255 512 4304 dam
544 4254 900 4307 ostendamus
931 4254 1165 4309 civitatis
1195 4256 1474 4310 virtutem.
1508 4254 1610 4309 Ubi
1641 4256 1789 4308 enim
1839 4254 1961 4309 talis

390 4353 474 4398 est
498 4346 763 4407 conditor,
794 4348 1119 4415 caelitusque
1149 4348 1332 4401 animo
1377 4346 1674 4400 condendae
1719 4347 1959 4401 studium

393 4438 701 4492 immissum
726 4437 827 4491 l'nit
859 4455 872 4491 :
904 4440 1102 4508 quippe
1133 4440 1346 4494 exstitit
1374 4440 1454 4494 vir
1484 4439 1593 4494 Deo
1631 4439 1860 4503 alllatus,
1897 4454 1961 4492 ac

2037 1969 2243 2032 ἐκεῖνος
2261 1984 2276 1999 ·
2308 1969 2406 2022 καὶ
2427 1968 2489 2038 δὴ
2513 1970 2606 2021 καὶ
2630 1971 2663 2039 ή
2694 1969 2914 2038 πατρὶς,
2944 1968 3041 2022 καὶ
3068 1969 3119 2021 oi
3145 1967 3434 2037 φύσαντες.
3463 1966 3615 2038 Πλὴν

2037 2062 2106 2113 τὰ
2136 2061 2309 2114 πάντα
2336 2060 2613 2128 λογιστέον
2641 2063 2708 2130 τῇ
2742 2060 2886 2131 ῥίζῃ.
2920 2060 2981 2112 Ei
3007 2059 3114 2129 γάρ
3137 2060 3203 2130 δὴ
3232 2060 3327 2114 καὶ
3358 2059 3613 2130 λαμπρο-

2037 2151 2173 2223 τέρα
2206 2151 2530 2205 καθίσταται
2553 2169 2637 2214 τις
2664 2153 2921 2223 πατρὶςῆ
2946 2156 3183 2222 πατέρες
3208 2153 3452 2220 γενναῖον
3476 2152 3619 2218 ἁγα-

2040 2245 2251 2312 γόντες,
2288 2242 2423 2297 ἀλλὰ
2462 2244 2557 2296 καὶ
2611 2242 2772 2296 τοῦτο
2806 2244 2935 2310 παρ’
2976 2244 3160 2297 αὐτῶν
3219 2242 3432 2310 ἐξελθὸν
3457 2281 3473 2306 ,
3535 2244 3619 2304 είς

2040 2336 2237 2397 αὐτοὺς
2281 2335 2607 2404 ἀνατρέχει,
2642 2333 2848 2395 οἴκαδε.
2899 2335 3088 2402 φασιν,
3119 2332 3309 2404 ὥσπερ
3344 2334 3404 2387 ἑν
3430 2331 3618 2400 κύκλῳ

2046 2425 2260 2493 βαδίζον
2283 2441 2298 2456 ’
2334 2423 2569 2478 τοσαῦτά
2611 2440 2675 2490 γε
2707 2425 2841 2493 ἡμῖν
2875 2424 3006 2493 περὶ
3033 2424 3239 2477 τούτων
3260 2438 3277 2454 ο
3338 2424 3423 2477 ἶνα
3445 2422 3502 2475 δὲ
3538 2422 3618 2492 μὴ

2041 2518 2281 2586 δόξωμεν
2311 2517 2558 2570 ἀπειθεῖν
2587 2514 2665 2585 τῷ
2693 2516 2868 2585 νόμῳ,
2911 2516 3379 2586 ἀφοσιωσάμενοι,
3405 2513 3621 2584 ταχέως

2044 2610 2405 2678 ἀλλαξόμεθα.

2120 2705 2322 2773 Πατρὶς
2352 2704 2452 2773 μὲν
2477 2702 2627 2773 αύτῷ
2658 2705 2691 2773 ἡ
2717 2702 3081 2774 βασιλεύουσα
3109 2704 3260 2766 πόλις
3292 2719 3352 2756 τε
3382 2705 3478 2757 καὶ
3510 2718 3617 2772 μηο

2045 2796 2329 2866 τρόπολις·
2357 2796 2480 2866 ἥτις
2507 2798 2793 2866 αύταρκὴς
2831 2797 3023 2867 ἑαυτῇ,
3083 2797 3180 2849 καὶ
3235 2796 3298 2848 ού
3328 2795 3502 2848 δεῖταί
3552 2810 3617 2862 γε

2046 2889 2155 2940 τῶν
2181 2889 2314 2957 παρ’
2347 2889 2506 2957 ἡμῶν
2541 2888 2782 2941 ἐπαίνων
2807 2889 2888 2949 εἰς
2921 2886 3190 2953 εὐδοξίαν.
3225 2885 3479 2953 Τοσούτῳ
3509 2886 3619 2953 γὰρ

2048 2980 2285 3033 καλλίων
2318 2980 2436 3034 ἐστὶ
2466 2980 2576 3034 τῶν
2623 2978 3063 3050 θαυμαζομένων
3097 2979 3308 3032 πόλεων
3362 2976 3616 3039 ἁπασῶν.

2052 3071 2147 3124 καὶ
2199 3069 2431 3140 προῦχει
2488 3070 2718 3137 τούτων,
2782 3071 2877 3124 καὶ
2934 3068 3282 3141 ὑπερϐέϐηκε
3322 3069 3458 3142 πρὸς
3508 3070 3620 3122 πᾶν

1974 3194 2019 3251 C
2050 3162 2384 3230 ἀσύγκριτον
2410 3161 2638 3229 ἀγαθὸν,
2669 3164 2780 3231 ὅσῳ
2808 3163 2903 3214 καὶ
2932 3160 3220 3233 τερμάτων
3277 3155 3448 3230 ἦρχεν
3490 3157 3618 3227 ἑξῆς

2055 3255 2331 3314 ἁπάντων.
2365 3256 2464 3307 καὶ
2508 3253 2707 3318 ἐθνῶν,
2750 3255 2847 3308 καὶ
2889 3253 3159 3323 βασιλέων
3208 3252 3321 3305 τῶν
3370 3251 3620 3319 ἐπὶσγῆς,

2053 3349 2113 3400 ού
2143 3346 2401 3400 τοσοῦτόν
2437 3362 2501 3414 γε
2531 3346 2858 3417 πολυχειρίᾳ
2884 3345 2979 3398 καὶ
3003 3346 3207 3415 σιδήρῳ
3237 3343 3467 3408 νικῶσα,
3495 3342 3623 3395 ὅσον

2053 3439 2222 3509 άρετῇ
2256 3437 2353 3488 καὶ
2383 3437 2549 3504 λόγῳ,
2605 3434 2701 3488 καὶ¹
2750 3435 2828 3502 τῷ
2864 3435 3278 3486 Κωνσταντῖνον
3329 3428 3470 3485 εἶναι
3527 3431 3622 3482 τὸν

2054 3532 2173 3581 ταῖν
2198 3528 2381 3598 χεροῖν
2409 3526 2479 3579 τὰ
2511 3526 2769 3596 σκῆπτρα
2798 3525 3124 3593 κατέχοντα,
3156 3523 3384 3594 βασιλέα
3406 3524 3499 3575 τὸν
3521 3522 3625 3574 αύ-

2053 3621 2146 3674 τδν
2179 3622 2255 3683 ὠς
2289 3617 2510 3688 άληθῶς
2541 3616 2693 3682 ὄντα,
2732 3618 2828 3669 καὶ
2874 3615 3209 3684 στρατηγὸν,
3268 3614 3366 3667 καὶ
3416 3614 3625 3679 ταμίαν

2055 3713 2166 3766 τῶν
2193 3710 2414 3775 ἀγαθῶν
2446 3708 2620 3762 ἅπασι
2651 3725 2666 3741 ο
2712 3709 2809 3762 καὶ
2838 3709 2899 3761 τὸ
2930 3708 3150 3762 πάντων
3187 3706 3498 3770 κάλλιστον,
3543 3704 3625 3773 τῷ

2057 3804 2177 3874 Θεῷ
2251 3803 2623 3873 διαφερόντως
2704 3801 3119 3870 πεφιλημένον,
3180 3800 3277 3854 καὶ
3340 3796 3627 3859 εὐσεϐείας

2060 3894 2424 3966 ἀκραιφνοῦς,
2456 3894 2554 3947 καὶ⁵
2585 3895 2789 3963 άρετῆς
2814 3893 2983 3946 ἕνεκα
3014 3891 3234 3961 πάσης·
3270 3892 3334 3954 ὃς
3363 3906 3427 3958 γε
3460 3889 3630 3958 δομή-

2059 4005 2172 4058 τωρ
2190 3987 2395 4058 ταύτης
2419 3986 2659 4053 ἐγένετο,
2697 3986 2799 4038 οὐκ
2824 3985 2953 4038 ἄνευ
3008 3983 3161 4046 θείας
3220 3985 3486 4054 κινήσεως
3530 3987 3632 4037 καὶ

2063 4082 2263 4149 ῥοπῆς·
2290 4080 2386 4132 καὶ
2413 4078 2560 4130 τοῦθ’
2593 4080 2720 4149 ἡμῖν
2749 4076 2975 4146 ἐξαρκεί
3009 4078 3130 4130 άντὶ
3165 4076 3374 4145 μυρίων
3407 4075 3506 4145 μὲν
3534 4068 3633 4143 FT-

2063 4173 2311 4242 κωμίων,
2350 4171 2561 4242 μυρίων
2619 4171 2678 4223 δὲ
2710 4170 2967 4233 ἐπαίνων,
3026 4170 3228 4238 μυρίαν
3257 4168 3458 4239 ἀρετὴν
3486 4168 3632 4220 ἀπο-

2062 4262 2385 4317 δεικνύντων
2426 4264 2528 4333 τὴν
2560 4263 2719 4315 πόλιν
2745 4262 3002 4332 ἔχουσαν.
3034 4261 3215 4313 Ὅπου
3252 4261 3361 4329 γάρ
3384 4260 3633 4321 τοιοῦτος

2068 4355 2164 4423 μὲν
2187 4356 2215 4408 ὁ
2242 4354 2591 4424 δειμάμενος,
2630 4357 2663 4423 ἡ
2695 4355 2751 4407 δὲ
2781 4354 2929 4423 ὁρμὴ
2953 4352 3053 4421 τῆς
3091 4351 3409 4419 οἰκοδομίας
3443 4349 3637 4402 θεόθεν

2066 4444 2233 4498 αὑτοῦ
2286 4448 2356 4516 τῇ
2399 4446 2546 4516 ψυχῇ
2595 4445 2790 4514 γέγονε
2813 4462 2830 4478 ο
2859 4444 3159 4512 θεόληπτος
3189 4441 3299 4511 γὰρ
3342 4440 3504 4510 ἀνὴρ,
3538 4442 3640 4493 καὶ

392 4530 477 4582 cui
512 4530 692 4583 omnia
711 4545 834 4583 cum
860 4531 964 4583 Deo
984 4539 1302 4600 gererentur
1330 4548 1344 4596 ;
1371 4532 1704 4599 superﬂuum
1748 4531 1950 4600 liquido

2064 4535 2241 4589 πάντα
2265 4535 2442 4604 τούτῳ
2493 4536 2593 4587 σὺν
2622 4533 2743 4605 Θεῷ
2775 4534 3138 4601 διεπράττετο
3163 4548 3178 4563 ο
3234 4532 3527 4601 περίεργον
3564 4531 3637 4583 ἂν

395 4622 486 4683 sit,
517 4629 577 4673 ut
606 4619 709 4672 alia
744 4619 867 4688 quis
896 4620 1106 4673 ratione
1134 4621 1353 4674 studeat
1382 4621 1571 4673 urbem
1603 4620 1847 4683 laudare.
1886 4629 1965 4674 ta-

394 4712 553 4767 tnctsi
601 4711 690 4765 illa
738 4712 1021 4765 innumera
1062 4712 1282 4765 laudum
1331 4719 1650 4779 argumenta
1697 4713 1961 4781 suggerit.

468 4903 721 4956 Parentes
747 4909 948 4964 autem,
981 4916 1041 4953 ac
1069 4900 1362 4970 majorum,
1393 4918 1499 4972 qua
1546 4918 1719 4971 genus
1777 4905 1963 4968 traxit,

398 5003 665 5058 catenam,
687 4993 829 5048 haud
846 5008 940 5062 per
959 4993 1344 5061 tempusl'am'le
1375 4995 1576 5064 possim
1601 5011 1922 5063 percensere
1953 5013 1967 5060 ;

401 5102 499 5139 nec
512 5101 639 5140 vero
668 5086 883 5138 illormn
908 5094 1129 5154 tropaea,
1149 5101 1341 5154 resque
1356 5101 1470 5148 eas.
1491 5088 1691 5156 quibus
1712 5089 1811 5151 illi,
1830 5089 1971 5141 anti—

399 5176 522 5245 quis
554 5175 810 5242 praeclare
832 5182 1004 5243 gesta,
1032 5188 1133 5226 suo
1162 5174 1451 5242 splendore
1472 5175 1793 5230 obscurant.
1829 5175 1971 5230 Sane

400 5276 461 5321 ut
493 5265 616 5333 quis
645 5265 745 5317 hoc
776 5274 1158 5333 persequatur,
1199 5266 1563 5334 impossibilia
1602 5277 1798 5320 tentat.
1837 5268 1969 5323 Mihi

399 5371 531 5410 vero
563 5357 695 5409 satis
732 5354 992 5407 hactenus
1029 5354 1241 5406 videtur
1261 5356 1490 5409 dictum.
1543 5354 1650 5409 Viri
1700 5357 1884 5425 itaque
1915 5358 1969 5411 in

402 5448 579 5503 laudis
606 5455 981 5514 argumentum
1013 5446 1167 5500 nobis
1188 5450 1448 5516 propositi
1469 5457 1726 5517 parentes
1757 5449 1969 5517 avique,

402 5540 546 5593 haud
573 5538 725 5601 ullis,
760 5538 803 5590 si
839 5538 929 5604 qui
961 5539 1071 5591 ullo
1103 5554 1342 5607 unquam
1371 5554 1487 5593 :cvo
1516 5539 1731 5594 laudem
1766 5542 1973 5593 habue-

400 5638 549 5691 runt.
578 5629 833 5683 deteriori
863 5630 981 5684 loco
1012 5631 1180 5700 ;quin
1212 5639 1268 5684 ct
1316 5632 1537 5698 potiori,
1593 5631 1974 5685 universorum

406 5720 666 5788 sull‘ragio
696 5720 929 5775 habendi
954 5722 1240 5776 videantur
1292 5740 1306 5775 :
1352 5723 1445 5791 qui
1479 5723 1975 5791 nimirumantiqua

420 5812 767 5867 successione
802 5814 1026 5881 Augusti
1063 5814 1128 5867 ab
1162 5814 1423 5883 Augustis
1453 5814 1693 5883 optimis,
1723 5814 1976 5867 continua

2064 4630 2147 4699 εἴη
2172 4628 2380 4697 σαφῶς,
2398 4630 2629 4695 κοσμεῖν
2661 4628 2959 4695 πειρᾶσθαι
2989 4625 3090 4696 τὴν
3118 4625 3274 4677 πόλιν
3304 4625 3476 4694 ἑτέρῳ
3501 4625 3637 4691 τρό-

2066 4738 2174 4788 πῳ,
2201 4723 2249 4773 εἰ
2280 4722 2379 4773 καὶ
2410 4722 2647 4790 παρέχει
2675 4719 2880 4789 μυρίας
2909 4718 3009 4779 τὰς
3036 4715 3298 4787 ἀφορμάς
3339 4714 3450 4769 τῶν
3471 4713 3637 4767 ἐπαί-

2064 4830 2192 4866 νων.
2884 4863 2898 4876 ,

2137 4901 2334 4963 Γονὲας
2361 4901 2405 4951 δ’
2446 4900 2535 4961 αὖ,
2570 4899 2663 4952 καὶ
2686 4900 2785 4968 τὴν
2810 4899 2996 4968 σειρὰν
3031 4898 3156 4951 ὅθεν
3190 4899 3251 4950 τὸ
3279 4898 3435 4966 γένος
3462 4897 3640 4967 αὐτῷ,

2069 4995 2172 5046 οὐκ
2210 4994 2281 5046 ἂν
2320 4992 2421 5045 σὺν
2468 4990 2547 5062 τῷ
2581 4992 2761 5062 καιρῷ
2817 4991 3225 5059 καταλέγοιμι·
3267 4992 3466 5045 ούκουν
3518 4993 3646 5045 οὐδὲ

2070 5085 2309 5156 τροπαῖα
2345 5082 2615 5137 τάκείνων
2655 5083 2751 5136 καὶ⁴
2798 5080 3237 5153 κατορθώματα,
3282 5080 3644 5152 ἀμαυροῦντα

2070 5178 2136 5230 τὰ
2170 5176 2279 5228 τῶν
2305 5175 2475 5228 πάλαι
2507 5175 2573 5244 τῇ
2607 5173 2742 5245 παρ’
2767 5175 2981 5227 ἑαυτῶν
3026 5175 3309 5244 ἀστραπῇ.
3361 5166 3484 5225 Είεν
3532 5172 3645 5240 γάρ

2074 5270 2141 5336 ἂν
2195 5267 2511 5333 άνεφίκτοις
2564 5267 2977 5336 ἐπιχειροῦντες
3042 5265 3093 5317 οἱ
3119 5264 3279 5318 τοῦτο
3329 5261 3646 5323 διώκοντες.

2074 5361 2228 5413 Δικῶ
2254 5359 2312 5411 δέ
2344 5375 2434 5426 μοι
2468 5358 2660 5426 ἀρκεῖν
2688 5356 2952 5410 τοσοῦτον
2989 5359 3186 5410 εἰπεῖν.
3214 5356 3279 5409 Οἱ
3312 5355 3496 5409 τοίνυν
3546 5354 3644 5407 εύ-

2076 5448 2432 5519 φημούμενον
2461 5448 2731 5515 φύσαντες
2760 5446 3013 5516 οὐδαμῶς
3057 5463 3170 5501 ’που
3236 5447 3456 5508 πάντως
3490 5443 3649 5498 ἐλάτ-

2075 5558 2205 5602 τους
2226 5558 2239 5570 ·
2276 5539 2482 5608 μᾶλλον
2516 5541 2615 5609 μὲν
2646 5535 2743 5593 οὖν
2785 5539 2882 5591 καὶ
2905 5538 3170 5608 ἀμείνους
3214 5540 3373 5607 φαῖεν
3403 5536 3473 5590 ἂν
3512 5533 3650 5588 πάν-

2077 5648 2189 5694 τες,
2214 5626 2395 5699 οἶμαι,
2426 5631 2536 5683 τῶν
2554 5630 2645 5684 διὰ
2668 5629 2871 5693 παντὸς
2899 5630 3264 5699 ύμνουμένων
3291 5627 3386 5683 τοῦ
3429 5626 3644 5698 χρόνου·

2078 5721 2288 5775 ἄνωθεν
2327 5722 2429 5790 μὲν
2465 5720 2729 5789 βασιλεῖς,
2762 5722 2826 5774 ὲκ
2857 5719 3125 5789 βασιλέων
3164 5720 3407 5789 ἀρίστων
3432 5717 3651 5784 συνεχεῖ

2086 5816 2304 5885 διαδοχῇ
2334 5815 2617 5874 κατιόντες
2640 5830 2653 5845 ·
2691 5813 2911 5881 κόσμιοι
2944 5811 3009 5864 se
3029 5811 3122 5865 καὶ
3165 5811 3436 5879 λαμπροὶ,
3468 5808 3528 5861 ού
3554 5806 3645 5859 διὰ
3703 5838 3723 5851 κ
