4060 6586
324 440 444 507 189

1123 448 1529 510 THEODORI
1571 442 1936 509 DESPOTAE
1982 444 2373 508 LAUDATIO
2414 444 2804 507 FUNEBRIS

3497 437 3601 505 1:10

318 566 389 617 τὸ
427 561 621 633 σχῆμα.
655 563 878 633 μᾶλλον,
909 562 942 631 ἢ
978 564 1057 634 τῷ
1089 563 1233 633 λόγῳ
1259 562 1359 633 ζῇν
1414 563 1648 623 ἐθέλειν,
1680 564 1777 614 καὶ
1807 560 1910 627 τὴν
1944 601 1951 614 η

2040 559 2402 616 lescenderint
2432 560 2595 625 serie,
2628 558 2953 629 honestique
2974 570 3040 612 ac
3085 554 3217 611 clari
3255 552 3597 621 exstiterint,

322 655 623 727 βασιλείαν
654 657 881 723 ἰθύνειν,
919 659 1017 711 καὶ
1045 660 1224 711 ποιεῖν
1252 658 1314 711 εὖ
1372 659 1475 725 τὴν
1509 657 1768 727 πατρίδα,
1818 655 1914 708 καὶ

321 746 448 801 τῶν
483 750 881 820 χρηστοτὲρων
895 749 1120 803 πάντων
1152 750 1453 819 πρυτάνεις
1500 744 1643 801 εἶναι
1673 750 1789 811 τοῖς
1808 746 1913 800 ὑπὸ

321 841 521 909 χεῖρα,
553 841 615 893 Et
642 843 752 912 γάρ
780 843 882 895 καὶ
914 842 975 895 τὸ
1000 846 1189 913 σχῆμα
1219 843 1446 906 τούτους
1464 844 1559 897 καὶ
1590 845 1623 913 ἡ
1655 843 1914 913 πορφύρα

324 931 768 1003 λαμπροτέρους
796 934 1124 1001 ἀπέφαινον,
1154 933 1292 987 ἀλλὰ
1333 935 1429 987 καὶ
1478 933 1634 989 αὐτοί
1670 951 1790 997 πως
1819 933 1917 985 αὖ·

327 1021 423 1083 θις
452 1024 760 1092 ἀπέφαινον
789 1027 975 1078 ἐκεῖνα
1007 1026 1365 1097 λαμπρότερα
1387 1027 1447 1079 ού
1476 1026 1641 1095 μόνον
1671 1024 1789 1095 ὥρᾳ
1804 1022 1912 1076 σώ-

329 1131 536 1180 ματος,
593 1115 730 1168 ἀλλὰ
784 1117 881 1170 καὶ
935 1117 1117 1188 ψυχῆς
1172 1118 1521 1188 κοσμιότητι.
1587 1117 1917 1188 ᾙσχύνοντο

330 1207 477 1274 γὰρ,
508 1207 559 1258 εί
606 1207 768 1275 μόνον
802 1225 867 1276 γε
920 1211 1034 1271 τοῖς
1094 1209 1294 1273 ἔξωθεν
1345 1209 1780 1274 καλλωπίζοιντο
1820 1210 1917 1263 καὶ

329 1300 732 1368 προσκαίροις,
762 1301 900 1355 ἀλλὰ
926 1304 1022 1355 καὶ
1050 1302 1235 1371 πολλῷ
1266 1319 1331 1368 γε
1371 1303 1578 1372 μᾶλλον
1628 1306 1744 1364 τοῖς
1773 1304 1918 1356 οἴκο-

330 1391 437 1442 θεν
460 1391 557 1443 καὶ
597 1393 1021 1462 μονιμωτέροις.
1057 1391 1172 1464 Τῆς
1227 1390 1323 1448 οὖν
1379 1393 1534 1457 θείας
1569 1396 1793 1465 ἀρετῆς,
1850 1393 1917 1447 εὖ

316 1483 653 1550 ’ποιοῦντες,
678 1485 843 1555 μηδὲν
870 1488 957 1539 ἀεὶ
1002 1490 1409 1557 προτιμῶντες,
1456 1483 1630 1558 ἦρχον
1673 1472 1919 1558 ἐννόμως

330 1574 439 1626 καὶ
501 1575 767 1640 εὐσεϐῶς,
830 1579 1082 1648 πατέρων
1126 1579 1331 1649 μᾶλλον
1377 1580 1411 1651 ἢ
1474 1580 1753 1633 δεσποτῶν
1804 1581 1920 1643 τοῖς

332 1668 610 1737 ὑπηκόοις
638 1668 907 1733 σώζοντες
948 1673 1151 1725 τόπον·
1184 1672 1281 1725 καὶ⁸
1328 1672 1773 1742 προκινδυνεύειν
1819 1673 1919 1725 αὐ-

331 1759 454 1811 τῶν
479 1760 801 1829 αἱρούμενοι
830 1762 864 1833 ἢ
898 1763 1170 1835 ῥᾳθυμεῖν
1195 1763 1403 1834 ἕτεροι.
1432 1763 1541 1817 Ἐῶ
1570 1764 1627 1818 δὲ
1657 1763 1923 1833 λέγειντὰ

336 1854 483 1920 περὶ
510 1852 681 1906 τῶνδε
704 1870 720 1885 ·
756 1854 879 1907 ούδέ
929 1856 1040 1925 γὰρ
1075 1856 1441 1927 προκείμενον
1483 1857 1553 1926 ἦν
1603 1859 1739 1927 ἡμῖν
1794 1857 1922 1921 τοὺς

336 1944 550 2014 ἄνδρας
578 1943 808 2009 τούτους
853 1947 1262 2016 ἐγκωμιάζειν·
1292 1947 1456 2003 αὑτὸν
1504 1947 1566 2001 δέ
1607 1948 1799 2001 τοῦτον
1833 1949 1925 2001 τὸν

338 2037 450 2090 νῦν
474 2039 612 2107 ἡμῖν
644 2039 727 2102 είς
780 2040 1062 2109 εὐφημίαν
1089 2043 1482 2110 προκείμενον,
1513 2040 1573 2104 ἐξ
1600 2040 1782 2094 αὐτῶν
1815 2040 1927 2093 τῶν

338 2131 578 2197 ἑαυτοῦ,
608 2131 796 2201 ἡλίκος
848 2128 917 2204 ἦν
954 2132 1055 2205 τὴν
1103 2134 1330 2205 ἀρετὴν,
1393 2133 1734 2187 ἐπιδεικτέον
1794 2135 1929 2205 ἡμῖν

256 2224 259 2225 ⁷
338 2224 532 2275 ἐστιν.

423 2405 681 2478 Ἐτράφη
745 2407 845 2476 μὲν
878 2406 1203 2475 βασιλικῶς,
1260 2407 1325 2460 ἐκ
1371 2406 1582 2460 παίδων
1612 2404 1669 2457 δέ
1716 2405 1930 2458 ἐδείκνυ

341 2501 457 2571 τὴν
484 2500 751 2567 εὐφυΐαν·
792 2501 995 2567 μᾶλλον
1019 2500 1101 2564 δέ,
1155 2500 1366 2553 παιδίον
1406 2499 1503 2562 ὢν,
1552 2501 1722 2552 πᾶσιν
1744 2484 1931 2571 ἐδίδου

348 2592 749 2661 μαντεύεσθαι,
771 2594 920 2656 ὅστις
949 2593 1018 2645 ἂν
1051 2592 1134 2664 εἴη
1198 2591 1406 2661 προϊών
1428 2608 1441 2621 ·
1486 2591 1559 2653 ὡς
1593 2591 1702 2659 ἄρα
1754 2592 1934 2659 πάντη

347 2683 641 2754 βέλτιστος
664 2683 885 2753 πατρίδι
921 2684 1015 2736 καὶ
1040 2682 1259 2751 γονεῦσι
1295 2685 1389 2737 καὶ
1418 2681 1619 2752 φίλοις,
1654 2685 1748 2734 καὶ
1798 2680 1935 2741 ὅλως

348 2770 445 2837 οἷς
471 2777 784 2842 συγγένοιτ’
837 2776 904 2829 ἂν
956 2777 1053 2829 καὶ
1088 2776 1343 2845 μεταδοίη
1377 2776 1475 2841 τῆς
1511 2775 1757 2843 ἐμφύτου
1799 2793 1937 2844 χρη-

348 2870 646 2938 στότητος.
674 2869 783 2922 Καὶ
820 2872 927 2939 μὴν
964 2870 1104 2936 πρὸς
1145 2871 1328 2921 πᾶσαν
1383 2867 1624 2937 μάθησιν
1659 2866 1805 2919 οὕτω
1849 2867 1937 2920 δε-

348 2960 494 3027 ξιῶς
533 2956 670 3029 εἶχε,
696 2960 793 3013 καὶ
859 2960 980 3029 μετ’
1016 2960 1277 3030 ὀξύτητος
1335 2959 1580 3030 ῑτρεχεν,
1642 2959 1787 3012 ὥστε
1832 2964 1931 3014 καὶ

347 3056 462 3115 τὴν
499 3054 809 3123 προθυμίαν
841 3055 952 3107 τῶν
987 3054 1287 3122 σοφιστῶν,
1346 3052 1443 3106 καὶ
1501 3051 1613 3106 τῶν
1659 3053 1942 3125 παιδοτρι-

351 3148 501 3211 6ῶν,
527 3149 620 3201 καὶ
649 3149 759 3200 τῶν
790 3147 970 3201 ὁτιοῦν
1001 3148 1243 3218 χρηστδν
1274 3147 1620 3217 ἐπιτήδευμα
1650 3148 1940 3201 διδασκόν-

1957 1900 1996 1952 Β

2019 669 2124 707 non
2172 664 2278 707 tam
2314 653 2595 722 dignitatis
2644 651 2999 722 praerogativa
3028 662 3193 720 quam
3216 648 3361 715 quod
3383 647 3548 701 vitam
3569 660 3600 700 e

2020 743 2231 797 ratione
2258 743 2651 798 instituendam
2685 750 2936 797 sanctum
2965 739 3277 803 habuerint,
3316 737 3598 807 probeque

2021 836 2312 904 regendum
2347 836 2662 904 imperium,
2688 850 2753 889 ac
2778 833 3168 890 demerendam
3196 831 3456 901 patriam,
3501 829 3601 882 bo-

2022 943 2201 996 naque
2234 928 2668 983 omniasubditis
2705 925 3076 982 concilianda.
3107 922 3435 992 Quanquam
3452 920 3600 975 enim

2021 1022 2185 1074 etiam
2221 1036 2250 1074 a
2279 1020 2545 1091 dignitate
2567 1037 2630 1075 ac
2658 1033 2899 1089 purpura
2936 1017 3199 1072 clariores
3248 1016 3467 1077 tierent,
3517 1014 3605 1082 ip-

2023 1115 2066 1169 si
2088 1115 2450 1171 nihilominus
2485 1114 2786 1170 claritatem
2821 1112 3063 1168 vicissim
3086 1110 3482 1179 rependebant,
3509 1122 3605 1160 ne-

2021 1209 2148 1260 dum
2176 1209 2421 1278 corporis
2434 1218 2663 1264 venusta
2685 1205 2997 1277 sperie,sed
3022 1202 3262 1258 etanimi
3280 1201 3607 1270 cumprimis

2024 1299 2328 1353 honestate.
2351 1296 2406 1352 ld
2426 1298 2624 1369 quippe
2642 1298 2916 1352 ducebant
2946 1295 3152 1365 probro
3167 1306 3219 1347 ut
3246 1302 3474 1347 externo
3491 1298 3610 1343 ιειιι-

2024 1401 2137 1445 tum
2174 1404 2238 1445 ac
2270 1399 2621 1459 temporaneo
2660 1398 2854 1444 ornatu
2883 1388 3147 1443 ambitum
3177 1383 3519 1456 praeferrent.
3551 1390 3611 1432 ut

2026 1497 2132 1537 non
2169 1483 2353 1551 potius
2378 1484 2497 1539 suis
2537 1482 2638 1553 ipsi
2665 1481 2875 1537 meritis
2897 1496 2960 1535 ac
2980 1479 3206 1534 ﬁrmiori
3226 1478 3424 1532 decore
3448 1474 3619 1544 polle-

2024 1584 2164 1635 rent.
2193 1574 2332 1634 Cum
2365 1576 2547 1644 itaque
2572 1573 2743 1644 probo
2779 1587 2868 1628 res
2895 1586 3025 1627 suas
3058 1569 3410 1625 institueutes
3431 1565 3618 1619 consi-

2023 1672 2123 1735 lio,
2144 1670 2277 1725 nihil
2309 1669 2507 1723 divinae
2530 1664 2716 1720 virtuti
2741 1663 3137 1733 praehaberent,
3150 1660 3250 1730 legi
3263 1659 3392 1713 time
3411 1670 3475 1711 ac
3500 1656 3617 1725 pie,
3668 1702 3677 1723 ,

2025 1773 2211 1835 patres
2260 1760 2459 1831 magis,
2494 1773 2662 1829 quam
2700 1754 3029 1812 dominosin
3068 1750 3319 1808 subditos
3356 1756 3604 1818 agentes,

2025 1864 2427 1929 regnaverunt;
2451 1852 2848 1921 lubentiusque
2874 1863 2973 1919 pro
3001 1847 3082 1900 eis
3107 1844 3374 1899 adeuntes
3399 1838 3618 1910 pericu-

2031 1952 2104 2017 la,
2130 1965 2292 2020 quam
2317 1948 2438 2004 aliis
2466 1948 2574 2002 otia
2604 1946 2753 2000 adire
2783 1942 2953 1997 moris
2983 1940 3083 1995 sis.
3110 1938 3312 1993 Verum
3347 1943 3615 2004 prtetereo

2032 2059 2226 2100 eorum
2265 2058 2375 2099 res.
2406 2040 2519 2096 Nec
2544 2040 2691 2095 enim
2723 2038 2778 2092 id
2808 2036 2970 2091 nobis
3002 2033 3106 2088 fuit
3135 2029 3520 2090 constitutum,
3557 2034 3617 2079 ut

2031 2151 2126 2191 eos
2147 2135 2519 2200 iaudaremus,
2549 2134 2643 2187 sed
2670 2141 2727 2185 ut
2750 2130 2936 2200 potius
2984 2128 3164 2182 virum
3196 2123 3357 2179 nobis
3378 2122 3430 2175 in
3452 2135 3607 2188 argu-

2035 2236 2281 2283 mentum
2341 2226 2519 2281 laudis
2560 2223 2931 2294 propositum,
2978 2236 3041 2274 ex
3094 2218 3268 2289 ipsius
3320 2212 3561 2285 propriis
3597 2250 3614 2276 .

2034 2327 2241 2390 quanta
2271 2317 2531 2371 enituerit
2560 2316 2762 2368 virtute
2803 2311 3187 2367 ostendamus.

2105 2398 2201 2465 Ille
2229 2410 2479 2479 equidem
2509 2407 2654 2476 regie
2669 2406 2958 2467 educatus,
2992 2404 3161 2457 multa
3182 2415 3397 2471 apuero
3417 2396 3617 2452 indolis

2036 2503 2286 2558 bonitate
2317 2501 2523 2556 elIulsit
2553 2517 2566 2553 :
2601 2510 2766 2567 atque
2798 2501 2934 2552 adeo
2969 2494 3165 2565 puerili
3230 2495 3412 2547 adhuc
3464 2497 3623 2543 relate

2037 2610 2225 2665 agens,
2251 2593 2374 2663 quis
2392 2608 2651 2661 processu
2683 2589 2947 2659 temporis
2964 2601 3231 2663 evasurus
3248 2591 3415 2641 esset.
3432 2582 3617 2636 omni—

2038 2690 2141 2743 bus
2173 2686 2527 2741 ominandum
2564 2682 2795 2753 praebuit
2822 2701 2836 2737 :
2862 2693 2920 2736 ut
2948 2681 3175 2736 omnino
3225 2677 3415 2747 utique
3470 2673 3614 2744 opti-

2041 2796 2185 2843 mus,
2218 2781 2430 2848 patriae,
2466 2777 2803 2848 parentibus,
2839 2774 3053 2839 amicis,
3083 2787 3147 2827 ac
3172 2785 3399 2842 prorsus
3443 2769 3622 2822 omni-

2041 2870 2163 2936 bus,
2192 2873 2517 2942 quibuscum
2543 2880 2689 2926 esset
2712 2879 3058 2930 versaturus,
3078 2881 3142 2920 ac
3158 2878 3297 2937 quos
3316 2862 3503 2917 innata
3526 2861 3620 2915 illa

2042 2966 2286 3019 bonitate
2319 2975 2461 3019 esset
2508 2963 2910 3033 impertituros.
2945 2958 3119 3013 Tanta
3151 2973 3285 3014 sane
3315 2955 3626 3025 discipiinis

2042 3059 2301 3114 omnibus
2326 3058 2680 3127 capessendis
2713 3056 2996 3111 habilitate
3017 3053 3138 3117 fuit,
3166 3068 3230 3107 ac
3253 3051 3335 3106 sic
3365 3048 3619 3105 celeriter

2044 3168 2237 3207 omnes
2269 3137 2562 3222 percurrit,
2586 3159 2643 3203 ut
2672 3161 2728 3204 et
2774 3148 3150 3216 sophistarum
3185 3160 3249 3199 ac
3301 3141 3628 3210 Iudimagis-

348 3260 495 3305 των,
521 3240 816 3310 ὑπερφυῶς
838 3240 1243 3310 ὐπερήλαυνεν.
1279 3238 1449 3294 Ὅθεν
1498 3241 1727 3302 τούτους
1776 3257 1938 3293 συνε-

2044 3254 2345 3308 trorttm,ac
2364 3241 2406 3297 si
2420 3243 2511 3312 qui
2525 3243 2813 3295 honestum
2828 3238 3029 3307 aliquid
3046 3236 3258 3291 docturi
3278 3234 3626 3295 videbantur,

351 3334 479 3404 χῶς
517 3332 839 3401 διαμςίὸων,
872 3331 1051 3403 ἐξῄτει
1083 3333 1175 3385 τὸν
1198 3331 1486 3397 διδάξοντά
1513 3350 1567 3386 τι
1601 3336 1941 3403 καινότερον,

349 3427 439 3488 ὠς
478 3423 678 3477 αὕτίκα
708 3425 819 3476 πᾶν
846 3422 1172 3489 λαμδάνων,
1216 3424 1356 3492 ὅπερ
1382 3423 1447 3476 ἂν
1506 3419 1654 3494 εἶχον
1714 3426 1939 3483 διδόναι.

352 3520 480 3572 Καὶ
524 3512 592 3589 ἦν
620 3517 719 3579 τὰς
749 3516 971 3587 ἡλικίας
1022 3515 1210 3584 σαφῶς
1246 3518 1509 3587 ἐλέγχων,
1568 3518 1702 3589 ὕλην
1744 3521 1805 3572 οὐ
1854 3522 1945 3573 τὸν

354 3608 559 3681 χρόνον
598 3610 784 3680 μόνον,
834 3608 977 3662 ἀλλὰ
1021 3612 1117 3663 καὶ
1176 3608 1275 3680 τὴν
1334 3610 1498 3678 φύσιν
1548 3611 1813 3681 ἐχούσας·
1849 3614 1944 3665 καὶ

353 3702 527 3772 τήνδε
589 3702 793 3772 μᾶλλον
821 3702 969 3772 ἥπερ
1029 3705 1261 3757 ἐκεῖνον.
1287 3702 1463 3766 Ὠσθ⁹,
1525 3704 1666 3774 ὅπερ
1700 3722 1784 3768 τις
1834 3706 1945 3757 τῶν

359 3795 611 3866 ποιητῶν
644 3793 874 3860 ἐδίδαξε,
909 3796 980 3865 τῇ
1035 3794 1253 3866 γλώττῃ
1298 3793 1589 3865 ἄνθρωπον
1648 3797 1942 3867 ἀνθρώπου

354 3890 650 3959 διαφέρειν
706 3888 985 3954 τοσοῦτον,
1043 3889 1171 3942 ὅσον
1234 3890 1385 3943 ἀετοὶ
1441 3889 1719 3960 κοράκων,
1784 3892 1946 3954 αὐτὸς

360 3977 734 4048 ἔργῳέδειξε,
776 3980 857 4048 τῷ
903 3977 1174 4046 πεφυκότι
1234 3980 1365 4041 τοὺς
1414 3978 1715 4048 ἡλικιώτας
1770 3998 1945 4049 παρε-

360 4066 606 4138 νεγκὼν,
653 4070 778 4122 ὅσον
807 4068 920 4121 οὐδ’
951 4068 1120 4121 ἐδίδου
1143 4068 1377 4134 τούτοις,
1406 4068 1611 4134 ἐρίζειν
1669 4069 1807 4138 πρδς
1844 4071 1945 4123 αύ-

357 4164 460 4216 τδ»
499 4161 1102 4231 ἁμιλλωμένους.Παῖς
1137 4162 1248 4230 γὰρ
1293 4160 1370 4213 ῶν
1416 4161 1520 4224 ἔτι,
1559 4162 1630 4214 τὰ
1686 4164 1795 4214 τῶν
1828 4179 1947 4229 μει-

366 4249 582 4322 ρακίων
612 4251 871 4321 tam:st
909 4252 1002 4303 καὶ
1040 4246 1109 4304 αὖ
1166 4252 1226 4303 ἐν
1288 4251 1464 4304 τοῖσδε
1499 4252 1567 4306 τά
1618 4254 1944 4319 νεανίσκων,

363 4345 463 4396 καὶ
489 4343 559 4395 τά
584 4341 695 4394 τῶν
724 4341 957 4411 ἀνδρῶν,
985 4346 1081 4394 καὶ
1101 4342 1171 4395 τὰ
1209 4343 1627 4415 πρεσϐυτέρων,
1677 4347 1776 4397 καὶ
1807 4346 1946 4408 ὅλως

365 4436 441 4488 τὰ
465 4435 566 4504 τῆς
590 4436 899 4503 κρείττονος
949 4434 1171 4503 ἡλικίας
1218 4436 1278 4487 ὲν
1322 4439 1386 4505 τῇ
1424 4436 1529 4507 πρὸ
1558 4438 1784 4508 ταύτης.
1836 4437 1947 4492 Οὖ-

362 4544 477 4588 τως
503 4527 713 4588 ἐκεῖνος
744 4527 837 4576 ἐπὶ
871 4525 980 4577 τῶν
1012 4524 1194 4593 ἔργων
1225 4524 1445 4592 φθάνων
1501 4523 1569 4597 ἦν
1603 4531 1691 4581 ἀεὶ
1720 4530 1781 4580 τὸ
1828 4530 1945 4585 δέον

365 4617 632 4689 ἐμπειρίᾳ
664 4617 759 4668 καὶ
792 4614 1000 4685 σπουδῇ
1033 4617 1130 4670 καὶ
1162 4617 1378 4683 φρενῶν
1412 4616 1657 4688 ὀξύτητι.
1691 4615 1801 4673 Ἷιν
1847 4623 1945 4689 μὲν

364 4710 622 4774 γονεῦσιν
648 4708 798 4777 ἡδύς·
826 4704 897 4773 ἦν
921 4707 977 4758 δὲ
1016 4707 1305 4772 ἀδελφοῖς·
1332 4704 1401 4777 ἦν
1454 4710 1508 4761 δὲ
1544 4711 1786 4778 ἑταίρυις
1808 4729 1823 4743 .
1877 4709 1946 4783 ἦν

364 4803 423 4857 δὲ
460 4803 712 4863 πολίταις
771 4801 867 4853 καὶ
901 4801 1097 4864 ξένοις,
1129 4802 1275 4869 ῆλιξί
1307 4818 1364 4855 τε
1423 4810 1516 4855 καὶ
1568 4806 1943 4872 πρεσῦὑταις·

366 4894 466 4949 καὶ
526 4894 665 4954 ὅλως
713 4894 882 4945 πᾶσιν
941 4895 999 4944 ἐν
1043 4892 1208 4959 ὅλοις,
1257 4896 1419 4947 παντὶ
1456 4897 1766 4965 κιιρῴλαι
1810 4918 1949 4968 συμ-

366 5002 653 5053 πτωματι.

2046 3337 2247 3391 eximia
2315 3336 2551 3406 quadam
2610 3334 2869 3388 lacilitate
2925 3345 2989 3384 ac
3032 3330 3215 3398 genio,
3269 3327 3619 3382 sedulitatem

2049 3432 2409 3501 prmverterit.
2440 3427 2812 3495 Quamobrem
2833 3426 3093 3479 continue
3120 3423 3259 3477 alios
3284 3438 3346 3476 ex
3373 3420 3495 3474 aliis
3517 3436 3633 3473 ma-

2046 3525 2249 3594 gistros
2321 3531 2562 3585 mutans,
2590 3524 2872 3589 quaerebat
2901 3534 2930 3572 a
2956 3508 3073 3587 ’qtto
3119 3516 3244 3570 novi
3294 3515 3502 3583 aliquid
3544 3516 3631 3567 di-

2050 3623 2269 3679 sceret;
2300 3623 2559 3681 tanquam
2589 3612 2681 3683 qui
2712 3611 2822 3666 cito
2848 3611 3159 3679 perciperet
3199 3609 3407 3675 omnia,
3432 3608 3477 3663 si
3524 3624 3631 3676 qua

2048 3707 2123 3760 illi
2154 3706 2371 3761 tradere
2403 3715 2631 3774 possent
2664 3720 2677 3757 :
2711 3703 3000 3771 palamque
3061 3702 3448 3756 alteruantium
3504 3710 3635 3754 aua-

2048 3812 2178 3861 tnm,
2212 3798 2410 3851 nedum
2444 3812 2640 3861 annos,
2673 3796 2768 3850 sed
2797 3802 2853 3847 et
2885 3804 3133 3848 naturam
3155 3807 3219 3847 ac
3250 3793 3515 3856 indolem,
3550 3802 3632 3846 ato

2046 3905 2149 3961 que
2176 3892 2313 3944 hanc
2337 3888 2621 3959 potissime
2650 3903 2665 3950 ;
2693 3885 3000 3954 subjectum
3027 3884 3312 3954 arguebat.
3356 3881 3634 3949 Quamob-

2044 3998 2161 4038 rem
2199 3994 2373 4051 poetae
2398 3981 2543 4034 illam
2581 3980 2939 4041 sententiam,
2994 3988 3053 4031 ut
3104 3975 3636 4031 nihilminushomi.

2045 4094 2144 4134 nes
2171 4079 2314 4132 inter
2344 4074 2568 4139 referat,
2598 4083 2658 4130 ut
2683 4073 2956 4129 sermonis
2987 4074 3092 4124 vim
3120 4087 3182 4126 ac
3208 4072 3451 4140 linguam
3482 4086 3638 4139 spec-

2048 4182 2148 4237 tes,
2179 4185 2343 4239 quam
2387 4169 2529 4223 inter
2571 4166 2816 4237 aquilam
2847 4180 2911 4218 ac
2965 4177 3193 4219 corvum
3221 4181 3234 4217 :
3263 4178 3447 4217 veram
3512 4165 3633 4231 ipse

2047 4263 2212 4318 rebus
2234 4262 2472 4316 ostendit
2493 4278 2507 4327 ;
2532 4261 2611 4314 sic
2640 4258 2823 4313 indole
2837 4258 3131 4312 cna-laneis
3157 4264 3445 4326 praestans,
3465 4265 3522 4308 ut
3542 4270 3641 4307 ne-

2046 4372 2151 4423 que
2178 4355 2322 4408 ullus
2350 4352 2689 4407 contentioni
2722 4352 2876 4406 locus
2900 4349 3124 4403 relictus
3177 4347 3478 4401 videretur.
3518 4347 3629 4399 Ad-

2053 4447 2159 4500 liuc
2187 4446 2332 4499 enim
2361 4445 2638 4511 exsistens
2665 4457 2818 4511 puer,
2846 4441 3259 4495 adulescentum
3284 4439 3499 4494 colebat
3518 4448 3636 4491 stu-

2052 4538 2175 4603 dia;
2211 4536 2640 4604 adolescensqtte
2683 4577 2697 4600 ,
2753 4534 3054 4601 juvcnum,
3099 4546 3162 4585 ac
3217 4532 3505 4595 virorum,
3578 4545 3642 4586 ac

2054 4631 2332 4687 seniorum
2366 4644 2379 4693 ;
2410 4642 2746 4699 prorsusque
2789 4626 3120 4680 anteriorem
3171 4640 3340 4695 agens
3398 4634 3638 4689 tetatem,

2055 4740 2176 4791 quae
2207 4721 2484 4790 sequentis
2534 4734 2598 4773 ac
2635 4719 2950 4774 maturioris
3005 4728 3208 4773 essent.
3241 4718 3390 4770 Adeo
3424 4731 3641 4787 semper

2054 4817 2277 4881 agendis
2303 4812 2464 4867 rebus
2498 4814 2787 4880 oecupavit
2815 4812 2958 4878 quod
2985 4819 3130 4865 esset
3157 4823 3336 4875 opera:
3379 4809 3638 4876 pretium,
3675 4795 3696 4879 ί

2054 4910 2281 4963 scientia
2317 4907 2406 4961 illa
2433 4924 2495 4961 :tc
2526 4906 2730 4969 studio,
2772 4903 3082 4969 mentisque
3128 4898 3447 4970 sagacitate.
3512 4900 3644 4954 Erat

2057 5007 2214 5070 plane
2243 5003 2419 5055 dulcis
2448 4999 2794 5067 parentibus,
2833 5005 2952 5049 erat
2994 4993 3256 5047 fratribus
3290 5008 3304 5055 ;
3336 5001 3453 5045 erat
3485 4991 3644 5047 soda-

366 5080 512 5133 libus
545 5095 559 5142 ;
591 5087 709 5132 επεὶ
736 5077 946 5132 εῖνῖιηιε
981 5096 995 5141 ;
1041 5089 1153 5132 eral
1189 5079 1513 5148 Perusinis,
1550 5087 1851 5151 :eqnalibns
1877 5097 2101 5160 pariter,
2135 5097 2485 5164 minimaque,
2542 5108 2605 5145 ac
2660 5092 2874 5145 cunctis
2931 5085 3229 5141 tmiversim
3276 5085 3329 5139 in
3384 5085 3643 5141 omnibus

366 5173 519 5226 omni
554 5185 818 5240 tempore,
844 5188 906 5225 ac
945 5186 1124 5225 rerum
1159 5174 1306 5226 omni
1342 5174 1590 5230 incursu.

441 5268 550 5320 Καὶ
606 5266 714 5336 μὴν
773 5266 1028 5319 τοσοῦτον
1059 5268 1374 5335 ὑπερνικῶν
1430 5265 1499 5337 ἦν
1558 5276 1662 5324 κᾶν
1708 5279 1821 5340 τοῖς
1849 5296 1942 5345 γυ.

369 5357 641 5427 μνασίοις,
671 5358 776 5409 κάν
803 5358 922 5418 ταῖς
953 5357 1230 5426 ἁμίλλαις,
1270 5361 1371 5410 κάν
1423 5359 1648 5425 ἅπασιν,
1686 5366 1761 5428 ὡς
1812 5370 1948 5437 μηδὲ

364 5449 575 5503 δεῖσθαι
602 5448 1089 5517 παραϐεσ).ἧσθαι.
1133 5449 1347 5503 Οῦκουν
1389 5454 1441 5519 γ’
1472 5454 1755 5523 ἐφθονεῖτο
1772 5462 1947 5513 τοιοῦ-

362 5560 458 5604 τος
494 5542 591 5603 ὢν,
649 5542 1040 5603 ἀδυνατοῦντος
1096 5542 1192 5595 τοῦ
1218 5545 1416 5609 φθόνου
1453 5546 1589 5615 δρᾷν
1630 5550 1717 5599 ἐπ’
1762 5551 1943 5621 αὐτῷ,

363 5637 502 5705 ὅπερ
547 5633 854 5705 ἐπεφύκει·
894 5632 1011 5711 ἀλλ’
1042 5635 1387 5703 ἐθαυμάζετο
1419 5642 1570 5705 παρά
1611 5641 1720 5692 τῶν
1773 5644 1948 5697 ἀπάν-

364 5744 472 5778 των
532 5727 671 5796 μετά
726 5726 996 5794 τοσαύτης
1068 5728 1400 5798 ὑπερϐολῆς,
1466 5733 1695 5803 ὁπόσης,
1759 5731 1937 5803 signa,

366 5819 430 5867 τὸ
463 5819 631 5871 νικῶν
654 5816 740 5888 ἦν,
779 5815 891 5871 Ἶιν
924 5821 968 5873 δ’
997 5822 1076 5884 εἰς
1104 5822 1403 5892 τοῦςχοιτον
1460 5826 1791 5895 ἀφιγμένον.
1830 5830 1938 5880 Καὶ

373 5908 481 5972 πῶς
502 5911 646 5972 εἰκὸς
697 5912 762 5965 ἂι
796 5916 938 5968 εἴποι
970 5932 1051 5977 τις
1099 5916 1187 5967 tiu
1216 5916 1349 5968 πολὺ
1388 5919 1511 5979 τοὺς
1536 5919 1727 5981 ἄλλους
1759 5922 1924 5988 ὑπερ-

2124 5277 2313 5332 Tantis
2340 5288 2471 5330 sane
2503 5274 2690 5343 gloria:
2708 5272 2945 5328 cumulis
2968 5270 3283 5340 prtestabat,
3322 5269 3639 5342 gymnasio-

2053 5388 2173 5426 rum
2192 5370 2657 5429 exercitatnentis,
2678 5366 3198 5435 certaminibusque,
3221 5379 3285 5418 ac
3305 5365 3507 5419 studiis
3522 5381 3643 5417 οιιι-

2056 5466 2238 5518 nibus.
2258 5471 2315 5515 ttt
2334 5476 2511 5529 neque
2530 5473 2668 5527 opus
2687 5457 2911 5512 haberet
2931 5441 3365 5520 comparatione.
3386 5454 3494 5508 Nec
3513 5470 3643 5509 vero

2054 5569 2176 5604 cum
2204 5550 2325 5604 talis
2348 5557 2514 5611 esset,
2543 5546 2851 5616 patiebatur
2876 5545 3172 5601 invidiam:
3195 5561 3305 5600 non
3334 5547 3548 5600 valente
3578 5563 3641 5600 ea

2054 5645 2105 5697 in
2133 5643 2443 5712 illutnqnod
2466 5651 2588 5694 nata
2605 5652 2719 5696 est:
2744 5642 2875 5710 quin
2898 5642 3078 5710 potius
3115 5641 3348 5698 habebat
3394 5641 3639 5693 omniunt

2054 5736 2495 5795 :nlinirationem,
2516 5733 2677 5800 idque
2696 5741 2844 5785 tanta
2861 5731 3265 5800 exsuperantia,
3290 5740 3491 5799 quanta
3513 5738 3641 5799 puto

2050 5828 2272 5880 victoria
2290 5836 2423 5879 erat.
2444 5825 2513 5877 Ea
2536 5842 2701 5895 porro
2723 5827 2785 5878 ad
2802 5839 3072 5879 summum
3092 5822 3468 5889 cvascrat.Qui
3488 5837 3639 5888 vero,

2050 5919 2280 5989 inquies,
2311 5934 2436 5974 vero
2460 5936 2758 5974 consonum
2785 5917 2871 5983 sit,
2906 5928 2962 5971 ut
3000 5917 3190 5986 grandi
3235 5916 3369 5971 adeo
3406 5930 3637 5971 excessu
