4060 6612
450 388 545 456 l'll

1630 408 2028 472 MANUELIS
2068 413 2514 475 PALEOLOGI

3577 423 3683 490 192

436 518 723 572 superans,
749 521 779 561 a
803 507 951 563 nullo
968 523 1194 577 prorsus
1224 512 1502 572 inividiam
1524 526 1834 589 pateretur?
1861 541 2008 583 secus

2123 529 2399 587 ελάσαντα
2430 539 2505 600 μη
2546 533 2679 599 παρ’
2722 533 3037 588 οὑτινοσοῦν
3078 535 3187 592 τῶν
3220 539 3476 594 ἁπάντων
3533 542 3697 609 δέξα-

434 594 593 662 plane
610 608 983 665 comparatum
1000 599 1264 659 dicemus.
1288 602 1389 670 Qui
1416 608 1561 663 enim
1580 625 1749 681 supra
1788 618 2009 672 modum

435 696 680 756 superat,
715 690 849 744 nihil
878 693 1091 749 invidiae
1119 696 1392 754 obnoxius
1415 702 1506 755 sit.
1558 705 1691 770 Quae
1731 710 1874 762 enim
1926 727 2013 765 res

437 779 663 833 multam
698 780 861 838 habet
888 786 1339 854 admirationem,
1372 792 1543 849 multo
1567 812 1786 865 quoque
1835 805 2011 858 amori

432 885 553 926 esse
584 888 808 930 necesse
842 888 947 932 est.
966 878 1124 945 Quod
1152 892 1337 938 autem
1364 898 1445 939 est
1471 888 1630 943 valde
1662 891 1916 959 charum,
1942 911 2009 950 ac

433 966 607 1020 amori
630 967 881 1036 habetur,
902 987 1008 1041 qua
1026 974 1132 1029 sibi
1155 979 1367 1034 ratione
1390 996 1489 1049 pro
1510 985 1810 1042 accedente
1841 991 2010 1058 glcria
2036 1018 2041 1023 -

441 1056 704 1113 invidiam
736 1062 1480 1135 conﬂuveritiQuamobrem
1535 1076 1741 1133 invidia
1788 1056 2011 1147 aberat,

435 1155 494 1198 ut
515 1147 641 1215 quis
669 1150 849 1209 victus
875 1165 1058 1221 esset;
1093 1159 1283 1214 aderat
1315 1177 1444 1216 vero
1477 1168 1681 1223 amoris
1736 1173 2008 1233 accessio.

433 1254 597 1306 quam
623 1240 744 1310 ejus
784 1260 984 1300 novum
1005 1251 1276 1308 accedens
1298 1254 1589 1313 admiratio
1623 1259 1865 1323 faceret;
1890 1265 2012 1319 uni-

432 1333 691 1402 versique
714 1335 832 1403 eius
862 1339 1175 1402 gaudebant
1200 1344 1476 1404 victoriis.

503 1421 640 1476 Cum
675 1433 803 1478 natu
831 1427 1094 1485 minimus
1151 1434 1375 1490 fratrum
1428 1448 1594 1504 esset,
1652 1443 1785 1499 nulli
1831 1454 2011 1500 tamen

432 1514 701 1595 cessit,ut
726 1533 788 1573 ea
815 1530 1050 1587 spectes,
1096 1526 1297 1594 quibus
1340 1530 1467 1600 quis
1523 1532 1867 1591 admirabilis
1918 1540 2011 1594 sit.

428 1588 566 1659 Nam
589 1617 708 1662 erat
731 1610 990 1678 prudens,
1015 1588 1235 1683 justus,
1287 1588 1445 1676 fortis
1474 1639 1488 1687 ;
1512 1638 1577 1677 ac
1603 1628 1682 1680 vel
1704 1628 1755 1681 in
1783 1630 1870 1696 iis,
1892 1646 2016 1698 quae

433 1697 672 1753 maxime
698 1704 956 1759 terrendo
989 1707 1307 1778 videantur,
1335 1713 1519 1770 inﬂexi
1572 1721 1813 1787 pectoris
1851 1739 1865 1775 :
1901 1724 2015 1791 ple.

430 1803 633 1859 rasque
649 1793 957 1864 voluptates
974 1797 1098 1867 (nec
1127 1802 1274 1857 enim
1292 1820 1467 1876 usque
1490 1809 1628 1863 adeo
1654 1820 1771 1867 erat
1795 1812 2016 1869 homine

2117 622 2261 676 σθαι
2300 623 2531 693 φθόνον;
2564 624 2890 681 Τούναντίον
2950 630 3047 698 μὲν
3074 629 3187 697 οὖν,
3239 633 3266 685 6
3306 633 3417 705 γὰρ
3452 634 3695 707 ὑπερϐε-

2115 714 2302 785 ϐηκὼς
2324 717 2524 786 κομιδῆ
2570 717 2752 787 φθόνῳ
2783 718 2882 789 οὐχ
2936 720 3258 778 ὑποπίπτει.
3293 723 3367 778 Τδ
3396 726 3504 796 γὰρ
3551 728 3696 782 πολῦ

2115 805 2536 878 θαυμαζόμενον
2572 809 2711 864 πολύ
2772 812 3048 880 φιλεῖσθαι
3102 814 3223 871 δέον
3276 817 3393 871 ἐστί
3410 834 3424 849 ·
3487 821 3582 874 καὶ
3624 824 3690 875 τὸ

2115 899 2321 971 σφόδρα
2376 901 2605 971 φιλητὸν
2651 903 2771 966 πῶς
2837 904 2903 958 ἀν
2956 906 3285 977 εὐδοκιμοῦν
3349 911 3690 983 φθονηθείη;

2116 992 2272 1047 Ὠσθ’
2322 993 2574 1063 όφθόνος
2603 996 2709 1065 μὲν
2760 997 2933 1065 ἀπῆν,
2978 999 3141 1053 ὁπότε
3190 1002 3259 1069 γέ
3313 1018 3399 1066 τις
3430 1003 3645 1074 ἡττῷτο
3672 1020 3689 1035 ’

2115 1083 2327 1154 προσῆν
2364 1084 2422 1138 δὲ
2454 1085 2684 1156 φίλτρου
2711 1089 3027 1159 προσθήκη.
3047 1089 3126 1161 τῷ
3157 1092 3289 1161 περ)⁹
3307 1092 3524 1155 ,ἐκεῖνον
3544 1110 3691 1163 συμ-

2114 1175 2381 1230 ϐαίνουσα
2412 1177 2656 1248 θαύματι
2676 1220 2691 1241 ,
2725 1180 2821 1235 καὶ
2848 1182 2961 1244 τοῖς
2999 1182 3212 1238 ἐκείνου
3243 1184 3691 1258 πλεονεκτήμασι

2116 1269 2318 1332 πάντες
2347 1268 2593 1341 ἔχαιρον.

2194 1446 2289 1498 Ὧν
2318 1445 2375 1500 δὲ
2410 1444 2489 1516 τῷ
2511 1449 2694 1520 χρόνῳ
2744 1448 2977 1516 ὕστατος
3015 1454 3123 1505 τῶν
3158 1453 3422 1524 ἀδελφῶν,
3473 1457 3698 1521 οὐδενος

2112 1531 2182 1608 ἦν
2219 1537 2470 1608 ὕστερος,
2518 1542 2609 1611 ἐφ’
2638 1533 2721 1607 οἷς
2769 1561 2855 1608 τις
2879 1544 2947 1600 ἂν
2989 1548 3200 1616 φιλοῖτο
3253 1548 3697 1618 θαυμαζόμενος.

2112 1629 2398 1700 Νουνεχής
2423 1647 2483 1684 τε
2515 1632 2629 1703 γὰρ
2654 1627 2746 1704 ἦν,
2773 1634 3008 1701 δίκαιος,
3040 1638 3307 1708 ἀνδρεῖος,
3338 1640 3561 1711 ἀκλινὴς
3597 1642 3698 1696 mi.

2117 1722 2230 1782 τοῖς
2260 1722 2498 1789 μάλιστα
2539 1725 2821 1797 φοϐεροῖς,
2854 1728 2964 1783 τῶν
3017 1729 3283 1784 πλειόνων
3341 1732 3569 1803 ἡδονῶν,
3630 1735 3695 1787 οὔ

2115 1813 2223 1883 γάρ
2260 1815 2400 1885 ὑπὲρ
2430 1816 2720 1888 ἄνθρωπον
2764 1816 2854 1890 ἦν,
2904 1822 2981 1884 ὡς
3023 1824 3113 1877 ἀεὶ
3161 1826 3386 1895 κρατεῖν
3436 1826 3697 1889 ἁπασῶν,

433 1883 626 1952 major,
660 1894 720 1940 ut
750 1889 995 1943 omnium
1047 1907 1262 1962 semper
1281 1907 1425 1953 esset
1466 1900 1724 1958 dominus
1749 1904 1768 1975 )
1791 1908 2008 1962 omnino

2115 1883 2406 1976 ὑπερορῶν
2445 1883 2801 1965 παντάπασι·
2839 1883 2982 1984 πρὸς
3007 1915 3065 1969 δὲ
3092 1883 3506 1984 τὰς’ὲγκρατῶς
3530 1918 3696 1987 ἔχων,

430 1989 693 2040 spernens
722 1995 737 2045 ;
765 1984 912 2050 quod
938 1990 1233 2051 spectatad
1261 1990 1418 2057 alias,
1446 2008 1507 2048 se
1535 1993 1652 2063 ipse
1674 2000 1964 2055 continens
1990 2019 2004 2066 ;

433 2067 574 2122 haud
591 2084 651 2124 se
668 2070 873 2130 dedens
891 2074 1150 2146 pigritia;
1181 2080 1323 2136 idem
1344 2084 1459 2153 ipse
1481 2090 1795 2145 moderatus
1814 2108 1881 2147 ac
1902 2109 2013 2146 ma-

430 2157 856 2230 guiﬂcusmihil
887 2169 1170 2237 molestus,
1211 2184 1306 2230 aut
1360 2178 1655 2251 quidquam
1690 2182 2006 2242 intolerabi-

433 2252 525 2316 lis,
555 2255 637 2310 vel
673 2256 806 2325 ipsis
821 2266 1221 2330 quoqueservis
1254 2270 1520 2340 emptitiis
1547 2291 1559 2327 :
1586 2277 1789 2345 gravis,
1840 2281 2011 2335 mitis-

429 2354 885 2412 que;oeconomia
906 2366 1192 2423 praestans,
1221 2376 1286 2417 ac
1338 2367 1706 2433 magnanimis
1736 2386 1752 2434 ;
1797 2381 1857 2424 ut
1899 2372 2009 2426 'ali-

429 2440 649 2506 quando
665 2441 954 2503 deﬁciente
980 2448 1196 2506 fortuna
1224 2453 1293 2508 ad
1313 2453 1548 2511 Romani
1576 2459 1788 2529 imperii
1818 2464 2011 2520 hostes

429 2531 536 2600 (sic
562 2536 705 2588 enim
743 2538 833 2592 illa
864 2541 1335 2618 solemuehabet),
1397 2549 1539 2605 idem
1586 2553 1701 2621 ipse
1756 2556 2014 2611 immotus

428 2631 1049 2699 permanserineadem
1101 2639 1166 2690 ad
1226 2639 1406 2708 ipsum
1461 2646 1728 2702 redeunte
1785 2649 2012 2717 (gaudet

428 2715 572 2772 enim
593 2734 814 2791 semper
846 2729 1283 2801 mu'ationibus)
1322 2752 1335 2799 ;
1367 2736 1502 2791 nihil
1536 2738 1661 2791 inde
1693 2740 1863 2793 altum
1922 2758 2013 2795 sa-

428 2814 628 2877 puerit.
648 2814 826 2885 Atque
854 2833 977 2873 cum
1013 2822 1232 2888 quidem
1250 2828 1423 2882 victor
1446 2841 1612 2896 esset,
1638 2832 1852 2888 alienus
1882 2846 2001 2891 erat

424 2919 457 2956 τι
502 2902 668 2968 fastu,
694 2910 785 2977 qui
808 2912 1291 2973 humanam'vitam
1320 2920 1583 2993 Euripum
1607 2927 1773 2982 sciret
1802 2930 2014 2993 ;vietus

427 3009 581 3060 vero,
613 2998 749 3053 nihil
775 3004 1013 3066 graviori
1043 3007 1198 3062 ruina
1226 3010 1575 3069 labascebat:
1606 3032 1669 3071 ac
1692 3018 1737 3072 si
1770 3019 1872 3084 vis,
1896 3034 2016 3078 erat

430 3085 694 3156 invictus,
726 3092 812 3146 cui
846 3095 993 3151 nullo
1020 3098 1182 3153 modo
1207 3102 1423 3158 animus
1446 3106 1801 3163 adversorum
1830 3112 2015 3170 incur-

429 3180 585 3235 sione
619 3185 947 3243 consideret.
1000 3190 1167 3246 Porro
1209 3197 1403 3253 amicis
1455 3199 1501 3255 si
1543 3204 1761 3272 quando
1790 3209 2014 3265 mutatis

2118 1997 2362 2069 ῥαθυμίᾳ
2395 2016 2456 2051 τε
2511 2001 2675 2056 αὐτὸν
2702 2004 2805 2057 οὐκ
2837 2004 3175 2071 ἐκδεδωκὼς,
3207 2008 3235 2059 6
3266 2007 3430 2072 αὐτὸς
3469 2010 3699 2079 μέτριός

2112 2105 2173 2140 τε
2233 2090 2327 2142 καὶ
2389 2094 2862 2167 μεγαλοπρεπής·
2915 2098 3233 2170 ἀνεπαχθὴς
3287 2101 3380 2155 καὶ
3422 2103 3701 2173 μηδαμῶς

2114 2180 2414 2250 ἀφόρητος,
2448 2185 2546 2238 καὶ
2567 2188 2751 2251 αὐτοῖς
2787 2192 2901 2253 τοῖς
2935 2191 3163 2261 ὠνητοῖς
3210 2192 3460 2257 δούλοις·
3494 2195 3697 2265 ἐμϐριο

2116 2267 2217 2336 θὴς
2250 2270 2340 2330 καὶ
2372 2271 2537 2342 ἤπιος
2564 2290 2579 2305 ·
2615 2275 2969 2345 οἰκονομικός
3013 2296 3075 2333 τε
3127 2281 3221 2334 καὶ
3270 2282 3650 2352 μεγαλόψυχος
3674 2302 3695 2317 ⁸

2114 2360 2189 2423 ὡς
2224 2363 2320 2414 καὶ
2344 2364 2442 2431 τῆς
2475 2365 2690 2438 ἀγαθῆς
2717 2386 2847 2425 ποτε
2868 2370 3042 2440 τύχης
3071 2372 3529 2443 αὐτομολησάσης
3553 2375 3697 2444 πρὸς

2114 2453 2240 2515 τοὺς
2276 2455 2409 2523 ἡμῖν
2440 2458 2720 2522 ἐναντίους
2766 2462 2950 2530 (τοῦτο
2980 2462 3043 2534 δὴ
3091 2464 3151 2517 τὸ
3179 2466 3364 2538 ἐκείνῃ
3399 2466 3652 2536 σύνηθες)
3675 2507 3693 2528 .

2114 2541 2269 2608 οὗτος
2299 2547 2458 2610 αὐτὸς
2484 2550 2756 2617 ἄτρεπτος
2773 2542 2880 2625 ’ἦν
2914 2555 3064 2625 αὐτῷ
3094 2556 3138 2608 δ’
3165 2556 3234 2611 αὖ
3278 2558 3697 2626 ἐπανελθούσης

2116 2634 2320 2703 (χαίρει
2374 2641 2484 2709 γὰρ
2527 2644 2617 2696 ἀεὶ
2666 2647 2785 2708 ταῖς
2838 2646 3183 2717 μεταϐολαῖς)
3236 2650 3490 2719 οὐδαμῶς
3544 2654 3695 2720 μέγα

2116 2730 2351 2800 φρονῶν.
2394 2733 2504 2786 Καὶ
2535 2736 2592 2788 ἐν
2652 2736 2753 2804 μὲν
2803 2740 2980 2803 νίκαις
3031 2742 3258 2810 ἄτυφος,
3318 2741 3543 2813 εὐριπον
3597 2745 3692 2796 τὸν
3770 2770 3779 2781 ~

2117 2820 2233 2891 βίον
2264 2824 2659 2895 ἐπιστάμενος,
2726 2831 2823 2883 καὶ¹
2860 2834 2920 2885 τὸ
2974 2832 3170 2900 μέλλον
3234 2834 3453 2898 δεδιώς·
3526 2839 3581 2887 ἐν
3629 2836 3690 2889 δὲ

2116 2917 2313 2987 ἥτταις
2342 2921 2760 2990 ἀκατάπτωτος,
2798 2927 2846 2979 εί
2893 2927 2948 2981 δέ
2982 2926 3189 2997 βούλει,
3248 2932 3345 2985 καί¹
3393 2933 3687 3004 ἀήττητος.

2116 3010 2192 3073 ὡς
2222 3011 2320 3080 τῆς
2341 3011 2520 3083 ψυχῆς
2544 3009 2601 3067 οἷ
2622 3017 2893 3087 μηδαμῶς
2941 3020 3432 3097 ὐποπεπτωκυίας.
3462 3023 3585 3088 Τοῖς
3630 3025 3692 3078 δὲ

2116 3101 2227 3155 τῶν
2267 3104 2440 3173 φίλων
2465 3106 2804 3177 εὐδαίμοσιν,
2854 3112 2902 3164 εἰ
2958 3112 3275 3183 δυστυχίαις
3338 3116 3538 3168 ἐκεῖνοι
3589 3134 3693 3170 πε-

2118 3197 2431 3265 πείρανται,
2458 3198 2643 3268 τηρῶν
2673 3199 2774 3271 τὴν
2811 3202 3041 3273 γνώμην
3074 3205 3371 3271 διετέλεσε,
3404 3207 3495 3259 τὸν
3523 3209 3689 3260 αὐτὸν

429 3273 597 3329 rebus
629 3278 888 3348 iniquiori
916 3281 1134 3338 fortuna
1165 3296 1469 3358 uterentur,
1511 3270 1801 3362 pristinam
1846 3298 2008 3355 bene-

2116 3286 2174 3341 ἐν
2204 3287 2413 3343 ἀπασιν
2450 3291 2908 3363 ἐπιδεικνύμενος
2937 3295 3163 3366 τρόπον,
3195 3299 3308 3351 τῶν
3341 3303 3695 3368 πραγμάτων

426 3366 723 3421 volentiam
761 3370 1027 3442 integram
1051 3377 1288 3444 volebat,
1309 3384 1531 3437 eosdem
1547 3389 1775 3444 omnino
1798 3406 2006 3461 mores,

430 3472 764 3530 quacunque
802 3480 984 3519 rerum
1004 3468 1384 3529 vicissitudine
1400 3478 1716 3535 ostendens.
1735 3479 1847 3540 Nec
1867 3487 2011 3541 enim

428 3548 663 3607 Proteus
697 3555 823 3623 quis
860 3569 1000 3624 erat,
1038 3570 1094 3614 ut
1122 3577 1219 3629 pro
1258 3574 1560 3636 temporum
1588 3573 1739 3628 varia
1802 3577 2014 3635 ratione

431 3645 789 3702 mutationem
838 3652 1065 3707 snhiret.
1100 3656 1337 3712 Noverat
1381 3669 1685 3734 temperare
1744 3671 2011 3738 remedia,

429 3751 493 3791 ac
509 3741 781 3794 contraria
801 3746 1096 3803 contrariis
1114 3751 1429 3809 emendare.
1451 3744 1684 3813 Noverat
1707 3760 1840 3815 nihil
1855 3763 1908 3817 in
1928 3778 2012 3818 re-

428 3829 532 3885 bus
560 3829 817 3890 bumanis
855 3834 1072 3892 ﬁrmum
1099 3842 1431 3913 consistere,
1486 3862 1552 3903 ac
1609 3850 1889 3908 fortunam
1932 3855 2011 3909 vi.

436 3920 850 3981 :issitudinihus
868 3930 1111 3997 gaudere
1137 3949 1151 3986 :
1176 3947 1341 4005 atque
1381 3939 1542 4008 adeo,
1563 3944 2010 4014 eum’tranquillo

427 4009 566 4062 mari
597 4012 905 4083 navigaret,
936 4017 1208 4081 immanes
1253 4031 1609 4098 exspectabat
1669 4009 1893 4099 ﬂuctus,
1943 4049 2009 4091 ac

425 4101 703 4167 cogitabat
729 4115 1133 4181 tempestatem,
1176 4133 1346 4189 seque
1366 4122 1481 4192 ipse
1523 4125 1590 4180 ad
1640 4127 2007 4182 turbationem

424 4205 766 4263 praeparans,
799 4216 923 4256 cum
952 4194 1042 4259 illa
1065 4204 1382 4279 invasisset,
1406 4213 1838 4284 imperturbatus
1859 4226 2006 4273 erat.

423 4280 560 4339 Nam
588 4285 642 4341 in
676 4291 1116 4367 mediisquoque
1138 4280 1546 4359 adversantium
1571 4316 1858 4362 ventorum
1883 4318 1938 4361 tu
1950 4325 2007 4362 r-

423 4375 669 4447 binibus,
698 4396 763 4437 ac
782 4384 1068 4444 minitante
1091 4392 1353 4459 procella.
1379 4404 1439 4450 ut
1456 4398 1864 4466 quamprimum
1883 4413 2004 4453 om-

431 4469 565 4524 nino
589 4476 923 4545 przevaleret,
944 4480 1081 4535 nihil
1109 4490 1288 4540 tamen
1321 4486 1411 4541 ille
1435 4484 1678 4543 ani'mum
1697 4490 2006 4559 desponde-

2118 3374 2420 3449 ἀνωμάλως
2464 3383 2807 3452 φερομένων.
2841 3386 2976 3439 Οὐδὲ
3022 3388 3130 3456 γὰρ
3178 3385 3247 3460 ἦν
3290 3407 3375 3454 τις
3426 3392 3689 3462 Πρωτεὺς
3740 3416 3753 3423 ο

2113 3466 2344 3532 ἐκεῖνος,
2381 3473 2502 3533 ταῖς
2531 3473 2869 3541 μεταϐολαῖς
2902 3477 3013 3531 τῶν
3045 3479 3258 3549 καιρῶν
3292 3481 3692 3552 συμμεταϐάλ-

2112 3559 2222 3613 λων
2250 3562 2438 3617 αὐτόν.
2479 3563 2633 3636 ᾝδει
2656 3570 2987 3637 κεραννύναι
3011 3571 3079 3624 τά
3109 3574 3405 3643 φάρμακα,
3465 3577 3560 3629 καὶ
3590 3580 3691 3629 τά·-

2112 3654 2310 3707 ναντία
2343 3653 2698 3725 διορθοῦσθαι
2746 3663 2862 3725 τοῖς
2912 3663 3199 3727 ἐναντίοις.
3234 3667 3386 3738 ’ῌδει
3421 3668 3588 3736 μηδὲν
3628 3667 3711 3720 ὃν.

2113 3742 2330 3813 βέϐαιον
2358 3746 2470 3799 τῶν
2501 3748 2866 3819 ἀνθρωπίνων
2908 3758 3276 3824 πραγμάτων,
3331 3759 3431 3812 καὶ
3463 3759 3562 3829 τὴν
3588 3761 3688 3814 τύ-

2110 3852 2214 3905 χην
2271 3837 2577 3909 χαίρουσαν
2633 3845 2755 3907 ταῖς
2786 3845 3124 3913 μεταϐολαῖς
3151 3863 3167 3880 ·
3223 3850 3318 3904 καὶ
3351 3851 3441 3904 διὰ
3488 3851 3686 3918 ταῦτα,

2110 3927 2387 3996 εὐπλοῶν,
2435 3932 2747 4003 προσεδόκα
2781 3936 2886 4006 μὲν
2922 3941 3225 4011 τρικυμίαν
3249 3957 3263 3972 ·
3318 3944 3595 4013 ἐλογίζετο
3630 3949 3689 4011 Si

2111 4019 2307 4093 ζάλην,
2336 4025 2434 4079 καὶ
2488 4027 2627 4099 πρὸς
2658 4031 2907 4101 ταραχὴν
2935 4033 3101 4087 αὐτὸν
3146 4034 3476 4105 ἐτοιμάξων,
3522 4042 3687 4095 ἐπελο

2109 4114 2313 4183 θούσης
2344 4117 2445 4171 οὐκ
2469 4120 2822 4191 ἐταράττετο.
2871 4122 3033 4179 Ἐπεὶ
3060 4127 3164 4181 κάν
3213 4129 3410 4198 μέσαις
3454 4130 3687 4204 δυσηνε-

2113 4205 2289 4275 μίαις,
2315 4208 2696 4295 ἀπειλούντων
2727 4213 2837 4268 τῶν
2882 4217 3148 4286 κυμάτων
3180 4218 3553 4295 ὑπερσχήσειν
3588 4227 3689 4278 αὐ-

2108 4296 2236 4350 τίκα
2266 4299 2433 4369 μάλα,
2466 4293 2624 4366 οὗτος
2649 4303 2751 4358 οὐκ
2774 4306 3150 4377 ἀπηγόρεύεν·
3179 4309 3299 4364 ἀλλ’
3322 4308 3394 4382 ἦν
3419 4293 3684 4380 ἐλπίζων

2111 4391 2316 4461 συχνὴν
2375 4393 2642 4465 γαλήνην.
2719 4397 2884 4452 Ὅθεν
2947 4402 3127 4456 πάντα
3184 4402 3285 4472 μὲν
3341 4404 3558 4479 ἔφερεν,
3617 4412 3683 4464 οὐ

2108 4482 2302 4548 ποιῶν,
2335 4483 2399 4538 οὐ
2446 4485 2820 4556 λογιζόμενος,
2882 4491 2944 4546 οὐ
2978 4492 3154 4562 λέγων
3202 4499 3463 4551 ταπεινὸν
3504 4500 3682 4568 οὐδὲν,

423 4561 547 4630 bat;
576 4566 705 4633 quin
732 4569 959 4625 multam
990 4578 1438 4646 tranquillitatem
1468 4583 1758 4651 sperabat.
1793 4584 2003 4650 Quam-

2111 4572 2229 4627 οὐδέ
2290 4577 2539 4644 ἀγεννές.
2606 4578 2700 4634 Ἐν
2759 4582 2938 4638 οὐδενὶ
2961 4584 3018 4638 δὲ
3047 4585 3148 4655 τὴν
3175 4588 3347 4660 ὀφρὺν
3369 4585 3528 4663 ἦρεν,
3558 4561 3685 4650 οὐδέ

425 4653 613 4707 «hrum
670 4656 878 4714 furebat
934 4663 1140 4726 omnia.
1207 4678 1266 4721 ut
1318 4669 1452 4722 nihil
1499 4670 1797 4737 abjcctum,
1865 4673 2002 4728 nihil

425 4742 714 4813 degeneris
736 4752 904 4806 animi
941 4756 1074 4809 vitio
1093 4740 1493 4825 committeret;
1508 4764 1586 4815 vel
1614 4766 1900 4832 cogitaret,
1922 4768 2004 4823 vel

426 4834 652 4891 diceret.
687 4837 851 4897 Nullo
875 4860 1056 4900 rerum
1098 4858 1240 4904 statu
1298 4854 1653 4920 supercilium
1696 4857 2000 4925 attollebat,

427 4943 490 4983 ac
519 4946 617 4986 nec
646 4935 869 4991 verbum
896 4939 1175 5009 jactantia:
1197 4946 1423 5007 protulit
1451 4964 1465 5013 ;
1505 4956 1676 5017 utque
1709 4951 1848 5006 alius
1879 4958 2004 5021 quis

426 5020 652 5074 meliora
685 5022 866 5079 deillo
897 5027 1126 5094 diceret,
1177 5032 1541 5092 erubes-zehat
1587 5043 1797 5104 statim,
1847 5055 1999 5099 actu-

426 5118 652 5183 tumque
692 5133 1004 5177 sermonem
1038 5126 1103 5179 ad
1128 5128 1235 5182 alia
1293 5133 1557 5188 vertebat.
1613 5134 1848 5193 Noverat
1890 5150 1999 5195 tota

424 5204 743 5265 sinceritate
772 5229 992 5269 servare
1021 5217 1365 5299 dignitatem,
1392 5225 1740 5299 illaesumque
1773 5234 2001 5287 omnino

423 5300 568 5353 tueri
602 5304 852 5360 ordinem
888 5324 904 5374 ;
932 5309 1066 5364 nihil
1101 5316 1535 5387 praecipitantius
1568 5337 1750 5393 agere,
1782 5326 2002 5393 quodve

423 5405 806 5462 comparatum
838 5410 985 5454 esset
1035 5403 1339 5461 molestiam
1393 5425 1624 5477 creare;
1656 5422 1883 5481 excepto
1943 5421 2001 5466 ut

422 5487 559 5546 utile
586 5504 745 5545 secus
792 5494 1068 5560 suaderet,
1095 5500 1239 5567 quod
1268 5501 1371 5556 sibi
1404 5519 1620 5571 semper
1649 5506 1795 5560 dulei
1844 5517 1998 5561 ante-

422 5585 738 5652 ponendum
792 5587 946 5644 duxit
978 5595 1153 5661 :quin
1195 5594 1370 5664 magis
1402 5606 1618 5664 gratum
1655 5612 1714 5651 se
1743 5598 1999 5652 oiimibus

423 5678 700 5739 achetum
734 5681 963 5737 miscere
993 5700 1008 5745 ;
1039 5695 1268 5755 excepto
1301 5699 1359 5741 ut
1381 5689 1543 5756 lupus
1567 5689 1764 5757 aliquis
1784 5691 1837 5744 in
1865 5705 1996 5748 oves

424 5770 664 5847 irruens,
697 5769 814 5838 ejus
846 5774 1318 5832 studioarcendus
1342 5791 1485 5832 esset
1520 5796 1533 5831 :
1570 5781 1760 5833 tardus
1791 5782 1854 5833 ad
1882 5781 1995 5836 vin-

421 5862 639 5925 dictam,
664 5878 721 5917 ac
756 5880 1149 5934 fltllllltilltlttzlzzt
1178 5883 1399 5935 prorsus
1424 5872 1701 5934 amittens,
1731 5890 1849 5926 cum
1886 5892 1993 5926 tttu—

2108 4683 2160 4719 τι
2185 4667 2338 4739 ῥῆμα
2367 4670 2586 4740 κόμπου
2611 4674 2954 4746 προήνεγκεν
2973 4693 2989 4712 ·
3008 4679 3126 4733 ἀλλ’
3151 4682 3200 4734 εί
3222 4681 3321 4736 καὶ
3345 4684 3505 4749 ἄλλος
3528 4686 3685 4756 ἔλεγε

2109 4760 2237 4829 περὶ
2283 4761 2451 4815 αὐτοῦ
2489 4763 2557 4817 τὰ
2585 4763 2805 4834 βελτίω,
2841 4769 2869 4820 6
2918 4768 2963 4820 δ’
2993 4770 3238 4843 ἠρυθρία
3269 4790 3329 4828 τε
3376 4776 3560 4841 εὐθὺς,
3591 4781 3685 4831 καὶ

2111 4850 2441 4918 μετέϐαλλεν
2476 4855 2732 4924 ἐπίτηδες
2756 4856 2852 4910 τὸν
2904 4858 3066 4928 λόγον
3113 4863 3200 4931 ἐφ’
3247 4863 3430 4937 ἕτερα.
3484 4870 3685 4939 Τηρεῖν

2111 4939 2210 5008 μὲν
2246 4940 2403 5009 ἐγνω⁸
2429 4944 2489 4996 τὸ
2525 4945 2712 5015 σχῆμα
2773 4944 2919 5017 μάλα
2974 4953 3239 5022 γνησίως·
3279 4955 3574 5023 φυλάττειν
3623 4961 3683 5013 δὲ

2107 5032 2205 5101 τὴν
2234 5034 2390 5099 τάξιν
2417 5035 2727 5107 ἄθραυστον
2754 5040 2915 5105 ὅλως·
2955 5044 3126 5114 μηδὲν
3179 5049 3460 5117 προπετὲς
3503 5052 3685 5120 πράτ-

2104 5138 2239 5189 τειν,
2271 5126 2438 5197 μηδὲν
2468 5129 2577 5183 τῶν
2610 5132 2770 5204 άνιᾷν
2792 5134 3144 5203 πεφυκότων,
3171 5139 3221 5191 εί
3254 5139 3333 5211 μὴ
3368 5142 3507 5213 πρὸς
3536 5158 3684 5212 συμ-

2106 5214 2273 5282 φέρον
2327 5216 2600 5290 ὑπῆρχεν·
2649 5220 2680 5273 ὃ
2732 5236 2797 5289 γε
2845 5221 2957 5276 τῶν
3015 5221 3186 5295 ὴδὲων
3215 5226 3304 5279 ἀεὶ
3359 5227 3680 5297 προύτίθει,-

2106 5303 2246 5359 ἀλλά
2272 5308 2530 5377 μιγνύναι
2561 5311 2728 5364 πᾶσιν
2760 5311 2923 5367 αὐτὸν
2972 5313 3206 5384 ἄλυπον,
3263 5318 3313 5369 εἰ
3348 5319 3423 5390 μή
3451 5336 3534 5382 τις
3586 5319 3681 5373 ὐπ’

2103 5400 2321 5454 ἐκείνου
2383 5403 2645 5474 ποιμένος
2699 5405 3051 5475 ἀπεσοϐεῖτο,
3084 5407 3251 5473 λύκος
3300 5411 3395 5464 ἐπὶ
3443 5413 3685 5485 ποίμνην

2106 5494 2404 5563 ἁλλόμενος
2428 5513 2443 5527 ·
2475 5497 2635 5568 δίκην
2675 5499 2775 5570 μὲν
2807 5500 3056 5571 βραδέως
3081 5502 3408 5575 λαμϐάνειν,
3442 5509 3538 5559 καί
3572 5527 3680 5563 που

2106 5586 2202 5640 καὶ
2222 5589 2614 5660 παραδραμεῖν
2644 5588 2801 5658 δόξαν
2829 5592 3078 5662 ἄμεινον.
3107 5597 3219 5652 Καὶ
3269 5597 3378 5669 γὰρ
3402 5594 3470 5669 ἦν
3508 5600 3682 5668 δήπου

2102 5682 2240 5752 πρὸς
2264 5682 2334 5736 τὰ
2358 5684 2585 5740 τοιαῦτα
2616 5686 2826 5757 νωθρός
2846 5705 2931 5750 τις
2956 5689 3097 5759 ἄγαν
3122 5707 3136 5722 ⁸
3170 5691 3308 5760 πρὸς
3333 5692 3392 5745 δὲ
3439 5693 3509 5746 τὰ
3544 5695 3682 5765 βρα-

2103 5775 2228 5827 δεῖα
2263 5778 2545 5846 παρέχειν,
2567 5777 2662 5831 καὶ
2686 5779 2826 5849 πρὸς
2856 5781 3066 5844 πάντας
3102 5782 3512 5854 ἐλευθεριότητι
3541 5786 3681 5854 χρῆ-

2108 5868 2253 5932 σθαι,
2288 5869 2569 5933 παντελῶς
2619 5872 2940 5936 ἀκάθεκτος,
2980 5872 3187 5951 Νεῖλος,
3225 5875 3473 5939 ἅπαντας
3498 5877 3678 5945 ἄρδων
