4060 6594
389 399 495 462 193
1172 404 1568 466 THEODORI
1614 408 1971 470 DESPOTE
2010 410 2403 471 LAUDATIO
2436 410 2844 472 FUNEBRIS.
3546 415 3650 479 19L

381 521 503 582 τοῖς
533 518 668 588 παρ’
689 519 886 573 ἑαυτοῦ
915 520 1178 590 νάμασιν.
1230 524 1391 595 ᾜδει
1423 525 1503 595 τῷ
1537 529 1688 598 μέσῳ
1726 527 1838 581 τῶν
1868 545 1966 583 κα-

2071 512 2152 599 gis
2177 544 2209 582 e
2241 544 2299 588 re
2327 530 2507 584 visum
2537 539 2680 585 esset
2705 549 2719 596 ;
2740 531 2940 601 quippe
2965 529 3156 585 eratin
3190 530 3458 597 ejusmodi
3491 533 3649 590 valde

380 610 500 664 λῶν
523 611 709 682 ἄκρως
737 614 1030 680 τυγχάνειν
1049 630 1063 646 ο
1090 614 1191 679 τὰς
1237 615 1295 669 δὲ
1349 618 1663 690 ἀκρότητας
1700 620 1773 689 μὴ
1802 636 1966 689 προσ-

2074 623 2598 692 segnis;erogandis
2628 638 2758 677 vero
2780 623 3021 691 praemiis
3056 637 3120 676 ac
3147 624 3482 692 ingenuitate
3514 626 3652 679 inci»

390 700 578 755 ίτσθαι
617 719 634 735 ο
695 704 957 758 ταυταισὶ
988 707 1097 774 γὰρ
1148 706 1422 778 δήπουθεν
1472 709 1724 764 κίνδυνον
1776 712 1966 779 μυρίον

2077 714 2241 766 tatior
2264 723 2404 778 erat,
2422 729 2522 769 nec
2540 715 2768 768 omnino
2788 714 2960 768 teneri
2981 714 3189 781 valens,
3211 714 3313 769 Nili
3342 715 3514 770 instar
3530 717 3650 772 suis

384 794 798 864 ἀνηρτημένον.
856 795 1079 865 Ἦγάπα
1151 801 1530 872 τετριμμένην
1605 800 1857 871 βαδίζων,
1910 803 1966 858 τὸ

2074 805 2363 861 universos
2418 805 2639 861 ﬂuentis
2666 806 2900 860 ubertim
2920 806 3176 877 irrigans.
3195 792 3415 862 Sciebat
3443 808 3647 871 medio,

383 883 640 951 ἀσφαλὲς
670 884 730 935 ὲν
760 883 939 939 ἅπασι
964 885 1148 956 ζητῶν
1205 889 1489 952 κινδύνους
1540 891 1599 944 δὲ
1631 892 1831 961 ῥᾳδίως
1861 891 1972 945 ἐδέ-

385 992 543 1045 χετο,
569 978 634 1030 οὐ
658 979 898 1032 πάντοτε
947 971 1048 1033 καὶ
1107 982 1321 1047 πάντας
1377 984 1567 1057 ἁπλῶς
1598 1000 1614 1019 ο
1649 988 1803 1041 τουτὶ
1860 990 1971 1057 γὰρ

388 1071 780 1143 παραπλήγων
830 1073 1140 1145 ἀνθρώπων
1173 1077 1245 1131 ἂν
1276 1077 1364 1148 εἴη
1389 1094 1407 1111 θ
1439 1079 1556 1133 ἀλλ’
1601 1080 1692 1133 ὅτι
1743 1078 1970 1143 τούτους

385 1163 492 1217 οὐκ
523 1163 651 1234 ἐξῆν
687 1166 828 1235 μετὰ
861 1166 958 1220 τοῦ
1013 1167 1207 1234 καλοῦ,
1241 1172 1338 1223 καὶ
1371 1170 1467 1224 τοῦ
1496 1171 1826 1242 γιγνομένου
1854 1172 1973 1227 δια-

387 1256 611 1322 φυγεῖν.
665 1256 954 1323 Ἑπιεικὴς
1000 1276 1087 1321 τις
1119 1259 1263 1327 ἄγαν
1314 1256 1420 1331 ἦνς
1480 1257 1657 1325 Οὗτος
1708 1262 1766 1317 δὶ
1795 1262 1848 1315 τί
1905 1262 1969 1315 οὐ

394 1345 539 1411 μετὰ
563 1345 768 1416 πολλῆς
789 1351 887 1417 τῆς
919 1349 1228 1432 ὑπερϐολῆς
1250 1367 1266 1417 ;
1295 1352 1482 1423 Θυμοῦ
1505 1353 1728 1422 κρατῶν
1753 1352 1966 1423 ἓτεροςς

394 1437 508 1489 Καὶ
557 1437 668 1508 μὴν
695 1440 753 1491 ἂν
777 1439 957 1510 τούτῳ
996 1442 1479 1515 φιλοτιμησόμιθα
1539 1446 1762 1514 μᾶλλον,
1810 1448 1969 1517 εῐπερ

390 1545 478 1589 τις
504 1529 663 1592 ἄλλος
689 1530 1021 1602 ἀνθρώπων.
1077 1533 1300 1589 Γλῶττα
1344 1536 1564 1601 πολλοῖς
1594 1540 1693 1608 μὲν
1744 1540 1969 1608 γέγονεν

392 1619 599 1691 ἀγαθὴ,
625 1620 807 1693 τούτῳ
833 1623 891 1676 δὲ
921 1623 999 1685 ὡς
1025 1625 1287 1694 μάλιστα.
1324 1627 1402 1682 Οὐ
1457 1627 1568 1699 γὰρ
1598 1625 1667 1700 ἦν
1714 1629 1967 1684 ἀπειθεῖν

392 1710 777 1781 φθεγγομένῳ.
834 1712 1072 1787 Ἡμὲρου
1117 1717 1214 1770 καὶ
1271 1716 1350 1788 τῷ
1403 1719 1722 1790 μειδιάματι
1767 1719 1966 1783 ἀδίκως

396 1804 776 1873 ἀγριαίνοντα.
808 1807 890 1879 Τῇ
917 1808 975 1861 δὲ
1007 1810 1106 1879 τῆς
1136 1809 1384 1881 γλώττης
1406 1812 1635 1882 δυνάμει
1682 1813 1968 1884 χρησάμε-

2071 908 2317 955 extreme
2349 913 2414 953 ac
2446 913 2662 954 summe
2693 899 2913 969 assequi
2963 899 3102 953 bona
3129 915 3144 961 ;
3169 912 3272 954 nec
3324 908 3507 954 tamen
3555 902 3651 955 ad-

2072 992 2606 1055 mittebatextrema,
2635 968 3149 1061 quibt'tsiinnumera
3169 993 3416 1063 pericula
3443 994 3649 1050 haerere

2073 1084 2259 1139 sciret.
2292 1083 2513 1137 Lubens
2547 1084 2842 1139 incedebat
2873 1085 3059 1139 tritam
3083 1085 3253 1148 viam,
3288 1099 3542 1156 quaerens
3588 1089 3649 1143 in

2071 1174 2327 1230 omnibus
2358 1174 2503 1243 quod
2526 1182 2703 1228 tutum
2742 1181 2928 1230 esset:
2957 1174 3199 1245 pericula
3250 1183 3432 1229 tamen
3476 1175 3653 1233 facilis

2070 1266 2298 1333 adibat;
2327 1275 2383 1320 at
2413 1280 2522 1320 non
2563 1280 2802 1337 semper,
2859 1280 2962 1322 nec
3020 1268 3343 1336 simpliciter
3395 1269 3581 1324 omnia
3629 1285 3645 1321 :

2069 1358 2269 1430 quippe
2285 1374 2407 1428 quae
2429 1373 2518 1414 res
2537 1359 2855 1414 temerarios
2871 1373 2933 1414 ac
2949 1360 3188 1415 audaces
3211 1362 3398 1416 deceat
3414 1378 3428 1415 :
3442 1362 3535 1419 sed
3560 1363 3652 1418 ubi

2070 1467 2195 1508 cum
2233 1452 2460 1516 decoro,
2486 1466 2550 1506 ac
2579 1464 2677 1520 per
2708 1452 3057 1508 occasionem
3093 1453 3267 1509 vitare
3295 1469 3404 1509 non
3438 1456 3647 1511 liceret.

2069 1543 2326 1602 Ullumne
2355 1544 2514 1599 valde
2530 1546 2840 1601 modestum
2862 1544 3058 1599 dicas?
3081 1543 3179 1599 Hic
3203 1559 3334 1600 vero
3358 1546 3488 1615 quid
3539 1561 3647 1600 non

2071 1638 2244 1692 multo
2278 1653 2511 1693 excessu
2545 1653 2606 1692 ea
2635 1646 2792 1708 parte
2816 1638 3010 1692 habuit
3040 1638 3063 1691 ?
3090 1638 3346 1693 Aliumue
3382 1640 3477 1693 ira:
3492 1652 3649 1693 com-

2072 1728 2290 1799 potem?
2321 1731 2376 1783 in
2391 1743 2459 1784 eo
2478 1728 2717 1784 maxime
2738 1744 2901 1798 supra
2927 1730 3154 1799 quosvis
3170 1729 3428 1784 mortales
3449 1743 3647 1798 possu-

2074 1833 2197 1873 mus
2229 1818 2473 1886 gloriari.
2528 1816 2656 1872 Fuit
2703 1820 2891 1874 multis
2946 1819 3208 1889 praeclara
3268 1818 3449 1888 lingua
3479 1819 3648 1873 ihuic

393 1912 504 1958 νος,
537 1898 839 1965 μετέϐαλεν
871 1899 940 1954 av
983 1902 1067 1965 είς
1120 1880 1656 1974 φιλανθρωπίανήκαὶ
1682 1880 1792 1973 ἕὴῦ
1834 1880 1966 1957 2....

2072 1880 2531 1973 quam—maxime.
2558 1908 2729 1964 Tanta
2761 1880 3036 1980 siquidem
3078 1909 3319 1979 pollebat
3351 1880 3649 1964 vsermonis

393 1988 505 2040 θῶν
534 1990 797 2059 ὠμότητα
824 1990 922 2062 τὴν
948 1992 1184 2063 πολλήν·
1218 1990 1289 2066 ἦν
1314 1994 1426 2066 γὰρ
1464 1997 1679 2059 ἀστεῖος
1702 2011 1718 2027 θ
1747 1990 1818 2067 ἦν
1848 1996 1969 2067 ἠδι-

393 2095 542 2145 στος,
577 2083 884 2154 προσηνὴς,
934 2084 1224 2155 μειλίχιος,
1257 2087 1466 2150 πάσαις
1494 2089 1612 2153 ταῖς
1659 2087 1851 2157 χάρισι
1875 2104 1971 2141 κε·-

388 2172 704 2241 κραμένος·
745 2174 868 2238 ὅλος
925 2177 1023 2244 μὲν
1072 2175 1349 2246 εὓτορνος,
1406 2177 1484 2241 ὡς
1542 2178 1668 2248 μηδ’
1720 2178 1969 2250 ἡντινοῦν

397 2265 665 2335 παρέχειν
687 2265 862 2333 λαϐὴν
904 2268 984 2329 είς
1008 2268 1239 2338 μῶμον·
1276 2270 1399 2334 ὅλος
1451 2271 1506 2322 δὲ
1543 2268 1814 2337 εὖληπτος
1855 2273 1968 2335 τοῖς

394 2356 560 2408 αὐτὸν
592 2355 780 2409 λαϐεῖν
807 2355 1086 2425 ιθελουσιν
1116 2359 1198 2422 είς
1222 2360 1521 2431 οίκοδομὴν
1556 2360 1743 2414 καλῶν
1762 2361 1966 2431 ἔργων.

402 2448 630 2515 Ἣγιῐτο
650 2448 758 2520 γὰρ
789 2451 1024 2522 πρέπειν
1057 2454 1208 2524 αὑτῷ
1235 2455 1349 2518 τοῖς
1377 2456 1477 2524 μὲν
1520 2453 1818 2521 κακοήθεσι
1873 2456 1970 2508 καὶ

391 2540 541 2593 διεστ
551 2540 862 2609 ραμμένοις
886 2540 1205 2611 ἀνθρώποις
1245 2540 1531 2606 παντελῶς
1526 2542 1871 2615 [ἀχείρωτος
1889 2535 1968 2593 εῖ-

391 2652 505 2702 ναι,
531 2635 766 2706 εὐχερὴς
801 2636 860 2689 δὲ
890 2635 1145 2705 ἀγαθοῖς,
1169 2636 1250 2699 είς
1271 2637 1299 2691 ὅ
1318 2653 1371 2690 τι
1406 2637 1474 2691 ἂν
1501 2635 1657 2689 αὐτοὶ⁵
1689 2634 1963 2688 νεύσαιεν.

391 2727 504 2781 Καὶ
536 2726 646 2797 μὴν
680 2727 792 2780 τῶν
825 2730 1258 2796 συμπιπτόντων
1289 2727 1438 2799 αὐτῷ
1481 2727 1673 2781 δεινῶν
1703 2744 1717 2759 ·
1753 2724 1966 2780 πολλῶν

386 2820 432 2872 δ’
465 2819 629 2884 αὐτὸς
659 2819 1000 2890 πεπείραται
1022 2822 1120 2875 καὶ
1166 2821 1420 2892 μεγάλων
1440 2837 1455 2855 ο
1480 2824 1596 2886 τοῖς
1639 2821 1750 2892 γὰρ
1811 2819 1970 2889 μεγί-

389 2926 541 2973 στοις
599 2911 838 2981 μάλιστα
887 2914 920 2982 ἡ
969 2911 1244 2983 βάσανοςν
1280 2913 1547 2983 κρείττων
1592 2912 1652 2965 οὐ
1715 2911 1966 2982 σμικρῶς

386 3000 589 3072 ὥφθηο
644 3003 755 3056 τῶν
833 3003 894 3057 δὲ
963 3009 1172 3076 καιρῶν
1228 3003 1766 3075 μεταϐαλλομένων,
1824 3003 1970 3054 εκεῖ-

386 3107 486 3153 νος
537 3092 566 3144 ὀ
625 3090 789 3157 αὐτὸς
837 3092 1103 3163 ἔμενεν)
1170 3095 1200 3148 δ
1252 3094 1316 3165 δὴ
1373 3095 1601 3150 σπάνιον
1652 3093 1712 3146 ὲν
1752 3090 1965 3162 ἀνθρώ-

390 3200 535 3247 ποις.

2068 2001 2353 2066 facultate,
2389 2010 2450 2057 ut
2476 2016 2667 2057 omnes
2691 2003 2745 2056 in
2774 2001 3102 2056 sententiam
3144 2006 3299 2055 suam
3345 2016 3511 2056 orans
3553 2016 3650 2058 co-

2069 2102 2238 2164 geret.
2260 2092 2356 2149 Vel
2390 2096 2567 2150 solum
2593 2095 2785 2150 leniter
2805 2095 3012 2157 ridens,
3045 2094 3244 2163 injuste
3265 2104 3646 2163 exasperatum

2072 2188 2316 2243 sedabat.
2336 2187 2438 2244 Ubi
2454 2198 2632 2243 autem
2647 2187 2843 2258 lingua:
2860 2190 2910 2243 vi
2931 2198 3195 2259 uteretur,
3218 2195 3297 2247 vel
3321 2190 3644 2257 Scytharum

2071 2279 2297 2334 multam
2327 2277 2626 2341 feritatem,
2657 2279 2710 2332 iu
2745 2280 2998 2335 humanis
3030 2282 3312 2350 proximos
3335 2283 3561 2338 aﬁectus
3582 2298 3647 2339 ac

2071 2369 2464 2439 benignitatem
2523 2372 2791 2426 mutabat.
2841 2368 2973 2426 Erat
3016 2375 3160 2427 enim
3211 2376 3457 2430 urbanus
3490 2384 3644 2440 ;erat

2069 2458 2449 2520 dulcissimus,
2474 2467 2815 2525 mansuetus,
2847 2460 3100 2522 blandus,
3144 2461 3401 2517 omnibus
3454 2462 3645 2531 gratiis

2070 2558 2424 2619 temperatus.
2445 2551 2569 2605 Erat
2597 2563 2740 2607 tctus
2763 2559 2924 2606 torno
2953 2552 3151 2615 facilis,
3180 2563 3238 2609 ut
3273 2570 3339 2608 ne
3385 2569 3491 2625 qua
3511 2570 3641 2610 ansa

2072 2643 2140 2697 ad
2179 2644 2387 2697 crimen
2417 2653 2626 2714 pateret
2656 2661 2671 2710 ;
2699 2654 2956 2714 totusque
2988 2645 3129 2700 idem
3157 2650 3434 2715 prehenso
3463 2645 3643 2701 facilis

2072 2742 2209 2798 erat,
2240 2743 2296 2788 ut
2329 2734 2450 2803 quis
2478 2734 2545 2787 ad
2568 2733 2984 2790 aedificationem
3044 2736 3311 2790 bonorum
3363 2737 3524 2791 vellet
3566 2746 3645 2791 te»

2069 2839 2220 2879 nere.
2253 2816 2367 2877 lloc
2389 2822 2592 2893 quippe
2618 2823 2719 2876 sibi
2752 2837 3057 2893 congruum
3093 2827 3399 2891 reputabat,
3435 2836 3496 2880 ut
3525 2842 3643 2881 ma-

2069 2914 2231 2981 lignis
2253 2914 2634 2981 perversisqne
2668 2914 2982 2967 hominibus
3025 2915 3250 2969 omnino
3299 2931 3357 2971 se
3400 2916 3642 2986 irrepre-

2070 3000 2391 3054 hensihilem
2444 3010 2708 3066 servaret,
2734 3000 3016 3073 |bonisque
3063 3003 3419 3060 nihilominus
3466 3005 3646 3064 facilis

2067 3093 2377 3155 exsisteret,
2411 3106 2477 3146 ac
2522 3093 2847 3163 indulgeret,
2899 3098 3508 3171 quocunquetaudem
3560 3098 3639 3152 illi

2070 3182 2458 3238 inclinassent.
2511 3181 2756 3251 Denique
2805 3184 3186 3261 ingruentibus
3237 3187 3419 3250 malis,
3472 3188 3642 3242 multa

389 3294 556 3348 porro
579 3281 691 3347 ille,
722 3297 783 3338 ac
808 3282 990 3354 gravia
1011 3283 1134 3338 tulit
1160 3302 1174 3349 ;
1200 3284 1398 3354 quippe
1423 3283 1692 3338 maximos
1749 3282 1986 3336 maxime
2012 3279 2167 3334 decet
2220 3279 2471 3347 probatio
2533 3297 2547 3334 :
2591 3278 2736 3334 haud
2791 3295 2849 3335 se
2889 3281 3235 3336 mediocriter
3301 3282 3640 3353 superiorem

391 3377 656 3443 ostendit,
682 3393 911 3449 ctuuque
940 3387 1184 3451 tempora
1229 3390 1595 3448 mutarentur,
1650 3381 1769 3450 ipse
1819 3376 2173 3432 nihilominus
2203 3376 2344 3430 idem
2369 3375 2471 3431 sibi
2510 3385 2663 3442 erat;
2714 3376 2860 3447 quod
2898 3377 3057 3448 plane
3106 3394 3291 3434 rarum
3349 3379 3403 3434 in
3448 3379 3641 3433 huma-

390 3475 480 3530 uis
528 3476 766 3531 accidat.

464 3570 570 3625 Τὸν
623 3574 795 3645 ἄνδρα
825 3573 1006 3629 τοίνυν
1040 3572 1252 3640 τοῦτον,
1301 3576 1424 3644 ἐμοὶ
1451 3574 1655 3640 δοκεῖν,
1689 3573 1749 3638 ὃς
1781 3571 1848 3626 ἂν
1872 3572 1966 3657 άν-

2147 3562 2215 3619 Ut
2249 3561 2375 3633 quis
2410 3575 2542 3635 ergo
2576 3559 3060 3630 incomparabilem
3089 3561 3244 3616 illum
3292 3570 3499 3632 spectet
3546 3563 3643 3617 bo-

387 3666 620 3736 δριάντα
661 3666 817 3737 φαίη,
852 3667 910 3734 ἐξ
937 3667 1244 3738 ἀδάμαντος
1294 3667 1689 3739 ἀπεξεσμένον,
1747 3667 1849 3720 οὐκ
1887 3665 1952 3718 ἂν

392 3759 658 3829 ἁμάρτοι,
690 3760 912 3830 ἀφορῶν
945 3761 1027 3825 είς
1058 3760 1122 3813 τὸ
1176 3759 1287 3812 τῶν
1319 3758 1505 3817 καλῶν
1549 3758 1959 3829 ἀπαράελητον.

392 3852 519 3904 ὐτι
556 3852 613 3905 δὲ
646 3851 892 3914 τοιοῦτος
913 3848 982 3924 ἦν
1016 3848 1130 3906 οἷον
1156 3854 1184 3905 ὀ
1211 3853 1368 3920 λόγος
1402 3853 1533 3922 ὑμῖν
1579 3850 1752 3915 ἔδειξε
1776 3891 1791 3915 ,
1826 3850 1964 3920 μᾶλ-

388 3944 486 3996 λον
513 3943 557 3996 δ’
586 3945 663 4006 ὡς
699 3945 799 3996 οὐκ
841 3940 910 4014 ἦν
942 3943 1207 4008 τοιοῦτος,
1239 3943 1379 3996 ἀλλὰ
1403 3944 1500 3997 καὶ
1534 3941 1674 3995 πολὺ
1708 3938 1958 4009 βελτίων,

390 4035 555 4099 αὐτὸς
587 4025 796 4098 ἐκεῖνος
827 4035 1135 4100 ἀπέδειξεν,
1195 4029 1275 4097 οἷς
1332 4035 1392 4088 τε
1442 4031 1736 4105 ἔπραττεν,
1765 4025 1849 4093 οἷς
1902 4045 1962 4082 τε

388 4124 555 4196 ἔφερε
613 4124 702 4178 διὰ
760 4124 880 4194 βίου
934 4124 1122 4196 σχεδὸν
1182 4123 1423 4186 παντός’
1489 4122 1693 4194 μᾶλλον
1751 4118 1831 4186 δὲ,
1880 4113 1962 4181 οἷς

390 4220 637 4290 ἔπραττε
656 4219 751 4272 καὶ
783 4216 935 4289 ἐντῷ
965 4219 1199 4289 πάσχειν
1221 4233 1236 4247 ⁸
1267 4218 1362 4270 καὶ
1391 4215 1548 4281 αὖθις
1576 4209 1658 4279 οἷς
1698 4213 1964 4283 ὑφίστατο

392 4312 489 4366 καὶ
522 4314 579 4365 ἐν
610 4310 759 4380 αὑτῷ
790 4310 870 4381 τῷ
927 4302 1215 4381 πρᾶττειν.
1251 4310 1389 4364 Οὐδὲ
1424 4308 1548 4378 ,γὰρ
1601 4307 1797 4379 ⁴Ιλμέλει
1834 4302 1964 4365 ,τῶν

392 4406 624 4458 δεόντων
652 4404 913 4458 οὐδέποτε
936 4421 950 4437 ο
984 4403 1095 4477 οὐδ’
1129 4402 1287 4474 ὤφθη
1320 4402 1382 4471 γέ
1437 4418 1570 4454 ποτε
1600 4414 1966 4453 καταπεπτω-

390 4495 506 4560 κὼς
566 4497 659 4549 ὑπ’
714 4496 953 4565 ἀθυμίας
1017 4496 1282 4566 ἀμέτρου,
1344 4498 1436 4549 καὶ
1472 4492 1665 4563 φόόου,
1722 4488 1965 4545 καὶτῶν

388 4590 654 4642 τοιούτων
686 4606 699 4618 ο
736 4589 851 4643 ἀλλ’
873 4574 995 4642 οὐδὲ
1028 4590 1155 4651 τοὺς
1210 4586 1510 4657 λογισμοὺς
1570 4582 1965 4655 διακεχυμένος

390 4684 486 4735 ἐπὶ
513 4681 671 4745 πολὺ,
704 4680 817 4735 οὔτ’
841 4682 899 4733 ἐν
934 4680 1246 4750 εὐθυμίαις,
1281 4677 1395 4731 οὔτ’
1452 4679 1510 4730 ἐν
1568 4677 1806 4748 ἑορταῖς,
1866 4674 1967 4726 οὐκ

389 4777 450 4827 ὲν
481 4775 754 4841 παιδιαῖς,
783 4774 883 4827 οἰκ
915 4776 971 4827 ὲν
1003 4774 1170 4844 θήρᾳ,
1217 4772 1318 4826 οὐκ
1340 4774 1398 4826 ὲν
1436 4771 1614 4825 οὐδενὶ
1646 4771 1756 4824 τῶν
1792 4767 1967 4821 τοιούσ

392 4884 525 4920 των.
560 4867 686 4919 Οὐδ’
710 4861 781 4935 ἦν
830 4866 1001 4937 ἁργὲς
1023 4867 1082 4917 ἐν
1121 4866 1235 4926 τοῖς
1264 4863 1481 4933 καιροῖς
1506 4862 1620 4925 τοῖς
1648 4856 1967 4932 χαλεπωτά-

2069 3671 2263 3711 norum
2299 3653 2581 3714 decorem,
2619 3651 2766 3706 haud
2802 3662 2931 3720 puto
2963 3668 2992 3706 a
3025 3654 3255 3707 veritate
3298 3667 3512 3717 errans,
3539 3668 3639 3724 po-

2070 3748 2216 3801 litam
2256 3759 2324 3799 ex
2358 3742 2650 3797 adamante
2671 3750 2932 3808 statuam,
2970 3742 3631 3811 subjectumargumento

2068 3836 2247 3890 virum
2280 3846 2597 3901 nuncupare
2628 3832 2818 3901 possit.
2838 3829 2910 3886 Ut
2943 3845 3108 3900 porro
3146 3832 3272 3885 talis
3294 3832 3478 3897 fuerit,
3500 3847 3638 3899 qua-

2068 3930 2175 3983 lem
2208 3926 2363 3981 vobis
2390 3937 2592 3984 .sermo
2628 3923 2873 3978 ostendit
2910 3939 2925 3977 :
2960 3924 3092 3985 imo,
3141 3931 3200 3977 ut
3235 3920 3435 3977 nedum
3492 3924 3641 3986 talis,

2085 4017 2179 4074 sed
2211 4026 2265 4072 et
2298 4016 2458 4086 longe
2485 4013 2832 4085 praestantior
2869 4012 3033 4068 fuerit
3067 4031 3082 4079 ;
3114 4012 3253 4067 idem
3283 4013 3397 4081 ipse
3427 4012 3642 4082 liquido

2069 4109 2341 4183 probavit,
2377 4118 2492 4162 tum
2529 4108 2598 4162 iis
2630 4120 2752 4178 quae
2786 4107 2917 4178 egit,
2956 4116 3070 4185 tum
3106 4122 3228 4174 qua:
3249 4113 3357 4159 tota
3385 4104 3498 4160 fere
3528 4107 3639 4159 vi'a

2072 4203 2212 4257 mala
2230 4200 2491 4257 sustinuit
2515 4216 2530 4265 ;
2549 4209 2713 4270 atque
2735 4200 2871 4255 adeo
2887 4199 2953 4252 iis
2969 4213 3089 4269 qua:
3111 4196 3223 4270 egit
3241 4197 3641 4267 perpetiendo,

2071 4309 2306 4365 quaeque
2337 4294 2536 4349 iterum
2566 4293 2731 4349 etiam
2761 4292 2973 4363 agendo
3006 4305 3300 4361 perpessus
3328 4288 3452 4344 fuit.
3486 4288 3639 4343 Nun-

2072 4404 2237 4460 quam
2270 4387 2416 4442 enim
2460 4385 2727 4458 quidquid
2762 4383 3054 4439 accidisset
3113 4383 3257 4451 quod
3291 4395 3470 4450 opera:
3519 4394 3644 4449 pre-
3706 4396 3713 4401 ·

2072 4482 2207 4537 tium
2239 4488 2377 4544 erat,
2407 4479 2695 4551 neglexit;
2739 4493 2839 4532 nec
2895 4491 3139 4545 unquam
3204 4474 3433 4528 omnino
3490 4476 3642 4527 visus

2072 4584 2157 4630 est
2186 4573 2371 4628 animo
2426 4569 2768 4636 concidisse,
2822 4570 3086 4624 obruente
3142 4567 3396 4621 mtestitia
3448 4564 3639 4629 nimia,

2072 4676 2165 4722 aut
2196 4675 2365 4730 metu,
2394 4664 2572 4718 aliove
2601 4661 2872 4731 ejusmodi
2907 4678 2920 4715 :
2947 4668 3003 4713 at
3033 4674 3215 4729 neque
3253 4656 3424 4713 elfuso
3452 4657 3641 4712 admo-

2073 4758 2202 4813 dum
2243 4757 2450 4819 animo,
2498 4770 2622 4809 cum
2664 4753 2827 4807 etiam
2864 4750 3161 4822 jucundior
3216 4742 3513 4810 videretur,
3556 4747 3659 4806 vel.

2074 4856 2365 4920 agerentur
2396 4846 2519 4901 festi
2548 4853 2853 4923 conventus
2882 4859 2898 4908 ;
2929 4856 3036 4895 non
3087 4841 3142 4894 iu
3197 4839 3364 4902 ludis,
3400 4854 3507 4894 non
3553 4854 3641 4894 ve-

390 4972 532 5024 τοις,
565 4961 661 5014 καὶ
720 4925 1072 5028 σκυθρωποῖς
1114 4975 1227 5011 τισι
1274 4925 1965 5028 πράγμασινοηοῦμενουν

2071 4942 2295 4995 natione
2347 4949 2528 5005 utens,
2575 4952 2683 4991 nou
2741 4950 2801 4989 re
2841 4934 2948 4988 ulla
3000 4932 3291 5013 ejusmodi.
3340 4932 3409 4985 At
3467 4946 3644 5000 neque

393 5051 505 5105 οὐδ’
540 5053 600 5105 ὲν
631 5049 783 5120 αὐτῷ
820 5051 900 5122 τῷ
931 5051 1079 5128 μάλα
1113 5053 1315 5115 νοσεῖν,
1348 5050 1423 5113 ὡς
1446 5049 1617 5120 μηδὲν
1648 5046 1741 5100 τοῦ
1768 5044 1961 5117 χρόνου

400 5146 580 5213 μάτην
611 5143 979 5209 ὀναλὶσκοιτο,
1013 5136 1074 5198 οὗ
1096 5143 1158 5197 τὸ
1192 5141 1465 5214 παρελθὸν
1499 5140 1780 5211 ἀμήχανον
1800 5135 1962 5191 πάλιν

396 5234 601 5303 εὒρεῑν.

472 5413 582 5467 Καὶ
615 5417 725 5482 μὴν
764 5413 844 5476 τὺ,
879 5411 1114 5481 Μέτρον
1156 5413 1437 5482 ἄριστον
1468 5413 1563 5464 καὶ
1618 5411 1699 5475 τὸ,
1760 5408 1967 5475 Μηδὲν

402 5506 574 5575 ἄγαν,
613 5506 706 5557 καὶ
742 5506 898 5568 ὅλως.
932 5507 1141 5575 ὅσαπερ
1170 5508 1281 5569 τοῖς
1318 5506 1487 5559 πάλαι
1534 5505 1715 5572 σοφοῖς
1749 5501 1968 5570 εἴρηται

400 5600 481 5661 ei;
538 5601 639 5669 τὴν
667 5599 775 5653 τῶν
827 5599 975 5667 ἠθῶν
1025 5602 1348 5673 εὐκοσμίαν,
1409 5599 1601 5670 ὥσπερ
1649 5598 1709 5662 ἐξ
1769 5596 1966 5667 ἐράνου

399 5694 684 5757 συλλέξας,
720 5692 889 5745 ποιῶν
938 5693 1343 5748 διατετέλεκεν·
1376 5693 1521 5746 ὥστε
1581 5691 1804 5744 ἐκείνων
1838 5688 1968 5741 ἕκα-

400 5803 522 5849 στος
550 5785 611 5838 ἓν
644 5802 747 5843 που
782 5784 990 5840 τούτων
1028 5786 1250 5856 εἴρηκεν
1272 5804 1285 5818 ·
1323 5780 1479 5848 οὗτος
1509 5786 1565 5837 δὲ
1594 5786 1772 5838 πάντα
1795 5781 1965 5847 ξπρα-

402 5878 520 5942 ξενο
551 5876 696 5931 οὕτω
723 5880 833 5940 τοῖς
864 5877 1006 5940 ὅλοις
1044 5878 1213 5931 ἐνῖκα.
1249 5874 1354 5930 Ἦν
1381 5878 1437 5929 δὲ
1495 5875 1736 5942 τοσούτῳ
1767 5872 1962 5937 δεξιὸς,

2073 5030 2484 5086 molestissimis
2546 5026 2910 5098 temporibus,
2978 5006 3339 5094 tristibusque
3363 5022 3641 5078 nonnullis

2071 5127 2238 5180 rebus
2261 5126 2475 5180 otiosus
2504 5132 2621 5176 erat
2659 5137 2674 5186 ;
2707 5134 2775 5174 ne
2805 5117 2962 5174 valde
2986 5118 3209 5189 quidem
3240 5114 3436 5170 aﬂecta
3489 5115 3638 5168 sani-

2072 5225 2203 5279 tate,
2234 5232 2300 5269 ne
2334 5214 2465 5285 quid
2508 5212 2775 5283 temporis
2800 5225 3036 5265 vacuum
3096 5208 3460 5280 pereﬂiueret,
3493 5205 3638 5276 quod

2072 5317 2131 5363 ut
2148 5306 2432 5378 praeteriit,
2455 5305 2596 5360 nulla
2620 5316 2743 5376 post
2761 5305 2863 5358 hac
2882 5302 3160 5374 diligentia
3182 5299 3425 5359 revocari
3440 5307 3642 5371 potest.

2144 5401 2413 5457 Czeterum
2478 5399 2617 5454 illud
2656 5397 2918 5468 :Optima
2975 5396 3367 5451 mediocritas:
3414 5409 3497 5459 ac,
3560 5389 3643 5445 Ne

2073 5495 2199 5568 quid
2218 5496 2395 5559 nimis,
2415 5493 2773 5561 omninoque,
2798 5499 2856 5544 ut
2873 5489 3002 5560 quid
3024 5489 3264 5557 antiquis
3279 5482 3639 5553 sapientibus,

2075 5586 2470 5658 componendis
2495 5586 2781 5640 honestate
2802 5580 3299 5645 moribus,dictutn
3330 5575 3437 5639 sit;
3474 5574 3523 5626 id
3549 5574 3643 5627 ille

2077 5692 2339 5751 tauquam
2368 5695 2433 5734 ex
2456 5678 2705 5751 symbolo
2727 5675 3011 5741 colligens,
3039 5680 3209 5727 totum
3234 5687 3291 5724 re
3311 5668 3639 5739 prmstabat:

2076 5785 2237 5844 atque
2264 5774 2399 5828 adeo
2428 5786 2550 5827 cum
2610 5770 2841 5841 quisque
2892 5781 3059 5819 unum
3120 5764 3250 5833 quid
3305 5773 3515 5820 eorum,
3580 5771 3642 5809 ac

2076 5868 2353 5939 singulare
2384 5863 2664 5935 quidpiam
2714 5860 2909 5915 eﬂ‘atus
2952 5858 3044 5919 sit,
3099 5854 3215 5926 ipse
3264 5867 3408 5907 unus
3457 5849 3641 5903 omnia
