4060 6612
441 396 543 460 193

1639 393 1795 454 MAN
1812 395 1851 455 U
1868 394 2035 454 ΕΙ..ιὸ
2082 394 2525 454 ΡΑιΛῑΟιοοι

438 506 549 575 egit
584 523 600 561 :
654 506 732 561 sic
764 503 1017 560 vincebat
1054 502 1349 559 universis.
1412 487 1489 557 ita
1529 520 1656 558 vero
1688 514 1845 573 aptus
1871 515 1998 565 erat1

2112 504 2206 556 καὶ
2248 502 2393 557 οὕτω
2431 507 2551 567 ταῖς
2603 504 2859 557 ἁπάντων
2884 503 3205 572 συμόαίνων
3240 507 3507 576 γνώμαις,
3536 516 3687 577 μετᾶ

439 599 628 665 sicque
666 599 1044 652 universorum
1077 596 1275 649 animis
1300 597 1658 667 congruebat,
1679 605 1987 664 opportune

439 704 608 761 agens
629 689 838 751 omnia,
877 704 941 743 ac
973 703 1165 742 omnes
1197 689 1408 741 sincere
1442 689 1648 750 colens.
1692 703 2003 757 quanquam

444 781 608 835 nullis
642 782 799 834 noxie
823 780 1148 849 indulgeret,
1188 789 1247 832 ut
1283 781 1383 847 ipsi
1422 795 1531 833 non
1580 795 1706 834 raro
1763 790 2004 845 actores,

360 907 369 915 -
444 871 693 927 beneficii
717 886 775 924 se
815 887 939 926 reos
980 881 1361 939 agnoscerent,
1396 886 1461 925 ac
1516 881 1737 938 agerent
1778 873 2005 940 gratias,

442 978 568 1018 cum
639 952 803 1021 etiam
836 978 1001 1018 causa
1025 964 1373 1028 cecidissent,
1418 977 1482 1016 ac
1521 972 1704 1017 essent
1756 962 2005 1016 frmtrati
2048 1008 2065 1022 ,

444 1057 556 1114 fine
587 1074 751 1128 supra
804 1071 966 1125 quam
998 1054 1113 1115 alii.
1164 1069 1286 1108 cum
1324 1053 1434 1109 voti
1471 1063 1752 1120 compotes
1825 1053 2006 1107 afl‘erti

447 1160 633 1219 optata
671 1164 950 1218 accepere.
989 1147 1198 1202 Accidit
1226 1146 1400 1210 enim,
1437 1155 1489 1198 ut
1516 1144 2004 1207 nihiletiamdnns,

441 1241 697 1305 delectes,
734 1249 901 1307 utque
927 1241 1167 1294 vicissim
1209 1239 1390 1293 dando
1427 1238 1744 1305 displicens.
1778 1237 2010 1291 Univer-

440 1334 544 1392 εἰει
566 1350 625 1388 se
656 1334 1169 1388 communissimum
1232 1331 1601 1400 permittebat,
1665 1346 1727 1385 ac
1756 1330 2009 1382 'rnaxime

438 1435 626 1496 gratus
650 1425 1129 1494 congressionibus
1160 1436 1312 1480 erat:
1351 1439 1450 1476 nec
1476 1422 1770 1491 quidquam
1801 1431 2003 1482 tamen.

442 1532 654 1571 urorum
685 1516 774 1569 illa
810 1515 1163 1584 ingenuitate,
1215 1516 1376 1568 rebus
1411 1514 1701 1567 ofﬁciebat.
1756 1514 1884 1566 Erat
1932 1512 2009 1565 si-

439 1608 658 1678 quidem
709 1609 905 1677 plenus
962 1606 1391 1662 architectonica
1436 1607 1691 1666 scientia,
1755 1617 1870 1659 tum
1938 1606 2003 1657 ad

440 1698 693 1767 politicos
735 1710 939 1759 mores,
969 1706 1081 1750 tum
1124 1695 1189 1749 ad
1230 1695 1447 1763 negotia
1506 1694 1746 1762 publica,
1792 1692 2005 1759 sibiquc

438 1787 570 1843 satis
606 1787 724 1855 ipse
754 1795 891 1849 erat,
909 1797 966 1840 ut
992 1795 1046 1843 et
1069 1785 1296 1855 singulis
1314 1794 1691 1838 ronsuesceret
1713 1799 1810 1851 pro
1827 1782 2010 1849 cujus-

2108 596 2201 647 τοῦ
2232 595 2521 664 καιροῦπὰ
2555 596 2744 649 δέοντα
2793 596 2986 661 ποιῶν,
3048 600 3141 652 καὶ
3174 600 3415 667 γνησίως
3464 602 3684 664 πάντας

2112 687 2529 757 μετερχόμενος,
2557 688 2619 740 ού
2652 689 2761 757 μήν
2792 706 2900 740 τισι
2956 690 3095 759 πρὸς
3134 689 3343 758 βλάϐην
3378 693 3688 760 χαριζόμε-

2110 797 2221 841 νος,
2262 780 2336 841 ὡς
2358 779 2452 831 καὶ
2502 779 2763 843 πολλάκις
2810 782 2972 849 χάριν
3018 780 3424 848 ὁμολογοῦντας
3468 783 3685 837 εἰδέναι.

2109 872 2234 932 τοὺς
2260 871 2699 939 ὲπαγγέλλοντας
2730 871 2898 941 ἔχειν,
2931 871 2985 923 εί
3009 888 3139 927 ποτε
3169 874 3261 926 καὶ
3315 874 3413 926 τοῦ
3465 875 3682 929 σκοποῦ

2110 962 2506 1032 διημάρτανον,
2538 965 2682 1032 ἥπερ
2712 962 2863 1016 ἄλλοι
2890 963 3017 1027 τοὺς
3061 963 3323 1029 λαϐόντας
3359 959 3434 1021 ὧν
3476 966 3683 1020 ἐπεθύ-

2116 1070 2273 1122 μουν.
2308 1054 2467 1105 Ἔστι
2503 1054 2608 1123 γάρ
2649 1056 2745 1106 xati
2793 1054 2954 1107 δόντα
2995 1054 3164 1125 μηδὲν
3227 1056 3518 1123 εὐφρᾶναι,
3578 1060 3683 1111 καὶ

2110 1145 2421 1197 τούναντίον
2451 1145 2605 1206 αὖθις
2650 1148 2850 1214 εὑρεῖν.
2895 1144 3004 1199 Ἤν
3040 1148 3141 1215 μὲν
3191 1150 3499 1211 κοινότατος
3531 1151 3685 1202 ᾶπα-

2113 1253 2195 1288 σιν
2220 1252 2233 1267 ο
2275 1230 2343 1303 ἦν
2369 1236 2427 1288 δὲ
2460 1239 2581 1299 ταῖς
2620 1238 2931 1299 συνουσίαις
2964 1239 3347 1305 χαριέστατος,
3380 1240 3471 1311 κκαὶ
3498 1240 3585 1292 διὰ
3614 1242 3682 1291 τὸ

2111 1326 2203 1377 τοῦ
2238 1327 2404 1394 ἤθους
2443 1328 2728 1397 ἐλεύθερον
2769 1328 2877 1381 οὐδ’
2903 1329 3207 1382 ὁπωστιοῦν
3243 1331 3529 1400 πράγμασι
3582 1331 3684 1384 λυ-

2113 1419 2460 1487 μαινόμενος.
2504 1421 2749 1491 ’Υπῆρχε
2782 1422 2890 1490 γάρ
2927 1415 3303 1490 πληρέστατος
3348 1425 3681 1490 ἀρχιτεκτο-

2110 1506 2266 1572 νικῆς
2318 1508 2630 1576 ἐπιστήμης
2656 1510 2735 1570 εἷς
2768 1527 2823 1562 τε
2853 1509 2919 1561 τὰ
2948 1511 3201 1564 πολιτικὰ
3232 1511 3340 1580 ἢθη
3370 1512 3450 1574 εἷς
3504 1529 3562 1564 τε
3603 1513 3678 1564 τὰ

2111 1597 2264 1649 κοινὰ
2289 1599 2593 1666 πράγματα
2617 1616 2631 1629 ο
2663 1601 2760 1653 καὶ
2779 1602 3003 1672 ἐξήρκει
3054 1618 3117 1668 γε
3150 1605 3390 1655 συνεῖναι
3420 1602 3514 1654 καὶ⁵
3567 1620 3649 1670 χω

2113 1688 2197 1755 pi;
2226 1689 2478 1751 ἑκάσ;οις
2510 1690 2646 1760 πρὸς
2672 1694 2901 1761 τρόπου,
2930 1693 3027 1744 καὶ
3077 1689 3237 1755 αὖθις
3290 1697 3457 1746 πᾶσιν
3510 1693 3677 1759 ὁμοῦ.

2114 1780 2272 1849 ’ῌδει
2311 1796 2371 1831 τε
2400 1781 2577 1834 δοκεῖν
2600 1782 2925 1851 διαχεῖσθαι,
2956 1786 3048 1835 καὶ
3077 1784 3165 1837 ἀεὶ
3214 1785 3283 1836 τὰ
3334 1785 3677 1853 καιριώτερα

437 1895 544 1949 que
579 1879 824 1934 moribus
846 1892 1016 1946 utque
1043 1878 1320 1944 integrum
1346 1892 1405 1929 se
1436 1874 1710 1927 universis
1739 1880 1998 1925 servaret.

2113 1870 2389 1940 προῦργου
2419 1872 2700 1926 τίθεσθαι·
2750 1874 2845 1931 καὶ
2880 1876 3314 1939 κατασκευάζειν
3346 1877 3518 1928 ἐνίοτε
3574 1893 3677 1943 με·

434 1966 670 2024 Noverat
736 1977 812 2022 ub
850 1978 906 2021 et
955 1967 1229 2020 videretur
1281 1965 1506 2018 hilarior
1539 1962 1797 2026 diﬂ‘undi,
1838 1971 2005 2028 utque

440 2058 800 2114 nihilominus
854 2072 1073 2126 semper
1113 2057 1493 2126 principaliora
1543 2069 1705 2123 opera
1763 2052 1998 2119 pretium

440 2158 721 2226 poneret;
758 2157 923 2218 atque
951 2157 1010 2202 ut
1066 2162 1466 2217 nonnunquam
1509 2161 1596 2200 res
1655 2160 1884 2213 magnas
1942 2157 2003 2196 ac

435 2245 783 2298 admirandas
811 2242 921 2295 ludi
964 2256 1070 2295 non
1109 2238 1385 2293 inhonesti
1423 2236 1601 2305 specie
1624 2244 1847 2303 gereret.

505 2335 643 2390 Cum
679 2334 762 2388 sic
792 2347 921 2401 ergo
948 2341 1107 2385 natus
1145 2342 1312 2392 esset.
1343 2329 1531 2396 sicque
1566 2327 1861 2380 voluntatis
1909 2324 2003 2378 ha~

439 2426 610 2490 heret,
645 2441 708 2479 ac
733 2426 806 2478 ita
838 2422 1365 2485 fuissetinstitutns,
1389 2422 1638 2488 bonaque
1660 2420 1796 2472 adeo
1822 2419 2002 2470 indole

434 2534 498 2573 ac
524 2517 744 2588 ingenio
774 2515 919 2571 facili
940 2515 1197 2583 preditus
1222 2522 1399 2578 esset;
1422 2513 1475 2566 iu
1505 2518 1756 2581 parentes
1784 2509 1999 2577 quidem

433 2608 603 2676 probe
634 2606 900 2677 implevit,
952 2618 1011 2660 ut
1040 2605 1169 2673 quid
1220 2612 1477 2673 parentes
1517 2609 1769 2654 natorum
1806 2600 2002 2668 pietate

436 2699 741 2767 praestanda
792 2706 983 2767 optare
1038 2695 1252 2765 possint
1287 2712 1300 2749 :
1334 2707 1551 2747 summo
1598 2690 1789 2744 amicis
1825 2688 1999 2742 amori

436 2790 581 2854 fuit;
622 2788 895 2844 universis
928 2786 1140 2842 exstitit
1163 2796 1377 2855 portus,
1402 2784 1690 2851 omnisque
1718 2782 1799 2835 eis
1833 2793 2000 2849 gene-

435 2881 513 2934 ris
566 2881 706 2934 bona
743 2880 1080 2935 conciliavit.
1131 2880 1418 2933 Prmclaraa
1465 2878 1602 2929 adeo
1663 2889 1772 2934 res.
1814 2873 2001 2926 hostes

436 2983 653 3037 quoque
692 2968 1111 3033 infensissimos,
1151 2970 1216 3021 ad
1254 2966 1405 3035 pacis
1437 2965 1726 3017 ambienda
1770 2961 1997 3022 foedera,

435 3061 692 3126 omnique
722 3059 883 3113 modo
923 3058 1284 3128 exquirenda,
1321 3056 1659 3124 impulerunt
1687 3096 1701 3117 ,
1735 3064 1896 3121 atque
1945 3062 2001 3106 ut

437 3150 603 3204 semel
680 3148 834 3212 inita,
891 3156 1010 3202 rata
1070 3161 1285 3199 manere
1352 3144 1574 3196 omnino
1644 3142 1999 3195 eniterentur.

2107 1962 2250 2028 γάλα
2288 1980 2347 2015 τε
2378 1964 2474 2016 καὶ
2496 1964 2786 2034 Θαυμαστὰ
2809 1968 3117 2037 πράγματα
3148 1967 3288 2036 μετὰ
3315 1968 3535 2029 παιδιᾶς
3567 1969 3674 2019 ούκ

2106 2054 2202 2107 ἀσέ
2210 2072 2370 2123 μνου.

2175 2322 2331 2379 Οὕτω
2361 2325 2540 2378 τοίνυν
2566 2322 2787 2393 φύσεως
2817 2323 2957 2395 ἔχων
2990 2327 3083 2379 καὶ
3115 2327 3511 2397 προαιρέσεως,
3541 2346 3676 2382 παι-

2106 2413 2350 2477 δεύσεὼς
2386 2432 2443 2467 τε
2475 2416 2571 2467 καὶ
2609 2415 2940 2485 δεξιότητος,
2973 2417 3187 2488 ὑπῆρχε
3220 2417 3321 2488 μὲν
3340 2422 3453 2482 τοῖς
3499 2421 3673 2474 αὐτοῦ

2106 2501 2345 2576 πατράσι
2378 2506 2557 2571 καλῶς
2582 2507 2829 2578 πληρῶν,
2858 2508 2894 2561 ἃ.
2926 2509 2989 2579 δὴ
3037 2511 3275 2579 πατέρες
3314 2505 3549 2576 εὕξαιντ’
3604 2511 3676 2565 ἂν

2106 2597 2257 2668 παρὰ
2281 2597 2391 2651 τῶν
2425 2599 2557 2650 υἱῶν
2590 2598 2786 2669 ἴσχειν,
2822 2600 3037 2669 ὑπῆρχε
3065 2600 3123 2654 δὲ
3164 2603 3276 2663 τοῖς
3305 2602 3477 2671 φίλοις
3529 2604 3663 2671 ἐρα-

3492 445 3507 452 -
3578 400 3685 465 196

2106 2686 2409 2755 σμιώτατος
2432 2704 2446 2719 ·
2478 2683 2546 2757 ἦν
2580 2689 2638 2742 δὲ
2662 2692 2772 2751 τοῖς
2798 2691 2934 2743 πᾶσι
2986 2690 3170 2762 λιμὴν,
3194 2693 3286 2743 καὶ
3315 2693 3672 2747 παντοδαπῶν
3718 2704 3725 2710 ’

2104 2780 2328 2845 ἀγαθῶν
2369 2780 2657 2850 πρύτανις.
2685 2780 2872 2835 Ταῦτα
2901 2783 2996 2837 καὶ
3029 2783 3500 2852 δυσμενεστάτους
3545 2786 3672 2838 ἀνέ-

2105 2872 2261 2925 πειθε
2298 2873 2542 2927 σπονδῶν
2573 2876 2672 2944 μὲν
2712 2876 2852 2943 ἄγαν
2879 2876 3192 2946 ἐπιθυμεῖν,
3245 2877 3419 2930 πάντα
3445 2877 3501 2929 δὲ
3540 2877 3669 2947 τρόο

2107 2978 2206 3014 πον
2243 2961 2450 3028 ζητεῖν,
2492 2962 2639 3024 ὅπως
2704 2963 2885 3017 αὐτῶν
2932 2963 3190 3034 τύχοιεν·
3253 2966 3347 3021 καὶ
3384 2968 3670 3035 τυχόντας,

2106 3053 2322 3105 ἅπαντα
2369 3054 2656 3119 πράττειν,
2720 3054 2849 3106 ὥστ’
2894 3059 3179 3124 ἐπιμεῖναι
3240 3056 3317 3125 τῷ
3361 3060 3669 3128 πράγματι.

2107 3143 2288 3197 Αἴτιον
2323 3146 2375 3197 δὲ
2400 3148 2433 3213 ή
2484 3147 2652 3215 ἀρετὴ
2706 3148 2859 3199 τοῦδε
2901 3148 3147 3215 τάνδρὸς,
3181 3148 3251 3201 δι’
3289 3148 3348 3201 ὃν
3371 3150 3668 3219 ὼρρὠουν

435 3239 488 3295 ιιι
522 3254 684 3309 porro
720 3240 913 3309 agebat
964 3237 1066 3290 viri
1108 3238 1315 3299 virtus,
1360 3234 1519 3302 cujus
1570 3233 1645 3286 illi
1711 3231 1998 3283 formidine

2108 3233 2199 3296 οὓς
2228 3252 2289 3302 γε
2322 3212 2549 3302 ἐφόϐουν
2577 3212 2737 3289 οἱῠδιὰ
2765 3237 2862 3307 τὴν
2884 3212 3053 3307 τύχην
3079 3212 3670 3309 ἐπαιρόμενοιίΜετα·

434 3349 531 3388 cos
548 3333 891 3403 postmodum
924 3329 1244 3391 horrebant.
1261 3328 1459 3397 quibus
1477 3325 1693 3379 fortuna
1712 3323 1991 3387 ell'erente,

435 3434 695 3478 terrorem
719 3422 926 3492 pridem
953 3420 1276 3490 iniecerant.
1304 3417 1423 3472 Jam
1453 3419 1595 3473 enim
1627 3419 1766 3470 facta
1798 3424 1993 3468 ‘rcrum

436 3514 743 3568 mutatione
776 3513 1015 3581 ;quippe
1047 3511 1101 3565 in
1154 3512 1490 3565 contrarium
1555 3510 1779 3561 omnino
1828 3522 1998 3560 versa:

433 3613 608 3667 erant,
645 3618 707 3657 ac
727 3612 931 3659 nostrae
953 3602 1169 3671 quidem
1232 3599 1517 3663 ﬂorebant,
1560 3600 1776 3651 illorum
1818 3608 1995 3651 autem

433 3694 785 3754 diﬁuxerant
822 3711 836 3748 :
870 3693 1059 3761 utique
1086 3707 1313 3747 necesse
1341 3700 1480 3753 erat,
1542 3698 1597 3741 ut
1626 3700 1680 3743 et
1717 3690 1753 3741 ii
1787 3689 1852 3742 de
1878 3704 1999 3742 sen-

433 3785 600 3840 tentia
646 3784 996 3849 decedentes,
1048 3785 1280 3852 tempori
1332 3781 1680 3836 inservirent.
1713 3778 1785 3833 Ea
1815 3781 1997 3849 itaque

433 3877 489 3931 in
521 3879 1035 3946 eumrprmstahant,
1075 3892 1197 3944 quae
1233 3876 1365 3928 olim
1412 3874 1728 3929 decessores
1779 3872 1831 3925 in
1882 3872 1997 3941 ipso

432 3968 581 4020 soliti
613 3977 775 4020 erant
807 3983 823 4031 ;
857 3981 1087 4035 eamque
1115 3966 1257 4020 diem
1290 3968 1442 4019 l'estze
1470 3966 1608 4020 lucis
1660 3964 1783 4019 loco
1835 3965 1995 4035 habe:

431 4056 581 4118 baut,
610 4072 712 4125 qua
754 4072 848 4122 per
879 4059 1126 4110 nuntium
1164 4057 1367 4124 aliquid
1425 4058 1493 4109 ab
1527 4072 1592 4109 eo
1642 4027 1998 4125 epistularum

2103 4060 2219 4127 χῆς,
2269 4062 2343 4124 ὡς
2420 4063 2621 4131 μᾶλλόν
2677 4081 2741 4131 γε
2801 4027 3162 4134 ἔτ’ρόστάττείν
3224 4067 3258 4137 ἢ
3307 4027 3707 4137 ἐπαγγέλλειν

436 4147 804 4215 accepissent.
868 4148 1031 4213 Quod
1062 4148 1108 4201 si
1163 4148 1326 4203 etiam
1376 4147 1582 4217 aliquid
1647 4148 1998 4214 pollicebatur

434 4234 513 4302 (id
544 4249 677 4289 sane
713 4236 781 4289 ab
810 4234 1131 4305 impensiori
1168 4236 1499 4305 prwstantia,
1528 4245 1585 4288 ιιι
1635 4235 1809 4304 magis
1855 4250 1993 4305 pra:-

431 4324 613 4393 cipcre
642 4340 806 4394 quam
841 4327 1082 4394 polliceri
1135 4325 1466 4394 videretur),
1502 4325 1831 4380 occinehant
1857 4339 1993 4394 gau-

431 4416 521 4469 dio
546 4418 1043 4486 acceptaﬁepistola,
1070 4432 1181 4471 rem
1202 4426 1406 4486 gestam
1437 4418 1585 4485 pacis
1614 4428 1990 4487 argumentum

433 4506 722 4570 habentes,
759 4522 919 4576 quam
948 4507 1170 4575 quidem
1191 4509 1329 4562 haud
1358 4517 1578 4578 propter
1603 4508 1990 4577 sediligebant.

431 4598 628 4653 sedne
679 4599 859 4668 perire
925 4600 1270 4667 contingeret
1322 4615 1418 4669 per
1462 4599 1579 4667 ejus
1638 4601 1990 4653 absentiam:

430 4688 575 4754 quod
605 4690 812 4759 pridem
852 4704 1014 4746 secus
1033 4689 1443 4745 existimabant.
1493 4690 1582 4745 Sic
1609 4691 1803 4754 virtus,
1824 4705 1991 4760 quam

432 4783 649 4835 fortuna
686 4792 929 4851 praestat,
962 4796 1059 4851 per
1097 4796 1259 4853 quam
1293 4782 1545 4851 superbia
1574 4783 1834 4844 hostium,
1868 4798 1989 4835 cum

428 4889 524 4929 cos
561 4886 745 4943 postea
772 4890 899 4944 spes
925 4873 1226 4940 fefellisset,
1262 4875 1535 4944 plurimun
1564 4874 1688 4928 fecit
1714 4875 1907 4929 risum.

499 4964 623 5020 llaec
682 4967 948 5021 hactenus
1011 4966 1159 5021 velut
1209 4981 1422 5020 summa
1478 4965 1737 5029 diximus,
1793 4966 1993 5034 quibus

429 5057 645 5110 abunde
676 5056 1003 5112 declaratam
1058 5066 1190 5127 puto
1222 5058 1323 5112 viri
1372 5056 1633 5121 indolem,
1690 5067 1751 5113 ut
1806 5058 1993 5113 multis

429 5148 685 5203 laudibus
714 5158 859 5204 esset
907 5150 1067 5218 digna
1102 5166 1117 5203 :
1154 5151 1237 5204 sin
1268 5159 1448 5205 autem
1509 5151 1721 5220 singula
1769 5164 1989 5218 quoque

428 5239 682 5309 prosequi
716 5239 1179 5309 Oportcat,dicam
1209 5240 1554 5311 compendio,
1599 5249 1804 5310 quanta
1865 5240 1979 5293 fuc-

428 5330 775 5382 ritfacultas.
824 5326 896 5384 Ut
924 5329 1070 5382 enim
1105 5330 1274 5382 beata:
1330 5330 1607 5383 memorial
1665 5329 1767 5381 viri
1826 5326 1988 5396 hujus

427 5421 692 5487 praeclara
718 5431 865 5490 gesta
892 5420 1147 5476 diffusius
1170 5428 1485 5483 narrentur,
1520 5420 1587 5474 iis
1618 5420 1800 5489 potius
1852 5434 1987 5473 con-

429 5519 606 5576 gruat,
639 5526 871 5578 quorum
892 5512 959 5566 sit
983 5513 1216 5576 insituti,
1252 5522 1311 5565 ut
1347 5527 1525 5566 rerum
1554 5521 1828 5582 gestarum
1852 5529 1986 5568 con-

427 5610 613 5656 texant
654 5603 936 5660 historias.
969 5604 1109 5672 Quin
1158 5604 1435 5660 eteadem
1497 5612 1712 5675 quoque
1772 5610 1984 5665 ratione

428 5708 494 5746 ne
532 5694 608 5749 illi
643 5696 860 5764 quidem
904 5706 1055 5767 gesta
1090 5697 1271 5750 omnia
1301 5711 1688 5764 pcrcensuero.
1711 5698 1796 5753 Uti
1834 5702 1979 5755 enim

422 5797 606 5839 rerum
630 5786 698 5841 ab
724 5803 789 5844 eo
815 5797 1088 5857 gestarum
1154 5787 1469 5857 magnitudo
1516 5788 1789 5857 prohibet,
1815 5801 1874 5845 ut
1920 5809 1987 5848 ne

2102 3326 2463 3394 κεκλημένων
2492 3327 2602 3398 γάρ
2625 3327 2733 3380 τῶν
2776 3331 3158 3399 πραγμάτων
3198 3333 3291 3384 καὶ
3344 3337 3450 3402 γὰρ
3509 3334 3669 3385 ἀντέ-

2104 3434 2348 3483 στραπτο
2380 3420 2657 3481 παντελῶς
2681 3459 2697 3484 ,
2753 3422 2848 3472 καὶ
2883 3422 2949 3473 τὰ
2980 3422 3079 3490 μὲν
3131 3423 3372 3493 ἡμέτερα
3401 3424 3571 3495 ἤνθει,
3604 3427 3671 3479 τὰ

2100 3509 2157 3561 δὲ
2189 3512 2416 3563 ἐκείνων
2449 3514 2854 3584 κατερῤυήκεμ
2886 3515 3065 3585 χρεὼν
3099 3514 3168 3588 ἦν
3219 3517 3402 3588 δήπου
3469 3520 3665 3571 κάκεί-

2099 3617 2221 3661 νους
2250 3601 2651 3671 μεταϐαλόντας
2695 3607 3078 3678 συμφέρεσθαι
3132 3604 3373 3673 τούτοις.
3404 3605 3514 3663 Ἦν
3569 3610 3666 3663 οὖν

2099 3693 2295 3763 ἐκείνῳ
2330 3697 2465 3765 παρ’
2511 3696 2714 3766 αὐτῶν,
2745 3699 2781 3753 ἃ
2834 3703 2967 3768 πρὶν
3017 3701 3244 3765 ἐκείνοις
3285 3703 3351 3754 ἐκ
3404 3702 3514 3755 τῶν
3560 3704 3672 3773 πρὸ

2098 3782 2291 3835 τοῦδε⁸
2330 3786 2424 3836 καὶ
2456 3781 2594 3857 ἦγον
2628 3788 2834 3857 ταύτην
2885 3788 3082 3859 ἑορτὴν
3110 3788 3208 3860 τὴν
3241 3789 3479 3861 ἡμέραν,
3538 3793 3595 3842 ἐν

2099 3891 2182 3937 τις
2213 3876 2343 3946 παρ’
2376 3878 2587 3933 ἐκείνου
2621 3879 2755 3951 πρὸς
2785 3880 2982 3944 αὐτοὺς
3014 3876 3117 3952 ἧκε
3152 3883 3327 3951 βραχύ
3356 3897 3409 3933 τι
3430 3882 3669 3951 γράμμα

2100 3970 2365 4035 κομίζων.
2399 3970 2459 4023 El
2492 3972 2547 4022 δὲ
2583 3973 2677 4025 καὶ
2707 3972 3019 4043 ἐπήγγελλέ
3038 3990 3115 4037 τι,
3136 3972 3278 4027 οὓτω
3298 3975 3346 4028 δ’
3380 3975 3439 4041 ἐξ
3462 3975 3667 4043 ὑπεροο

2099 4152 2299 4220 ἐπῇδον
2320 4154 2370 4205 οἱ
2394 4152 2680 4224 δεχόμενοι
2708 4155 2813 4225 τὴν
2840 4157 3151 4227 ἐπιστολὴν,
3183 4161 3485 4230 τεκμήριον
3500 4161 3663 4228 ήγούυ

2100 4260 2254 4309 μενοι
2336 4246 2559 4315 εἰρήνης
2619 4247 2681 4299 τὺ
2755 4250 3053 4319 πραχθέν;
3123 4252 3191 4320 ῆν
3252 4252 3355 4304 οὐκ
3430 4250 3669 4323 ἠγάπων

2095 4331 2164 4385 δι’
2190 4335 2382 4404 αὐτὴν,
2402 4337 2537 4406 ὅπερ
2566 4337 2671 4390 ἔδει
2696 4354 2709 4368 υ
2740 4339 2800 4390 τὸ
2834 4340 2890 4391 δὲ
2935 4339 3011 4409 μὴ
3053 4338 3425 4409 διαφθαρῆναι
3456 4340 3666 4412 ταύτης

2097 4425 2366 4495 ἀπούσης,
2400 4427 2540 4498 ὅπερ
2598 4430 2858 4493 ἐναντίως
2904 4431 3138 4500 πρόσθεν
3171 4434 3440 4501 ἐνόμιζον.
3475 4433 3667 4498 οὓτως

2096 4516 2265 4586 ἀρετὴ
2296 4520 2564 4588 κρείττων
2596 4520 2789 4590 τύχης,
2816 4517 2883 4592 ἦς
2935 4523 3100 4576 ἕνεκα
3140 4525 3187 4577 oi
3220 4524 3505 4594 δυσμενεῖς
3535 4528 3670 4579 ἀλα-

2098 4608 2462 4677 ζονευόμενοι,
2495 4607 2617 4664 εἶτα
2643 4612 2755 4664 τῶν
2800 4613 3031 4669 ἐλπίδων
3065 4618 3418 4686 ψευσθέντες,
3446 4618 3660 4687 γέλωτα

2101 4702 2563 4771 προσωφλήκασιν
2588 4703 2649 4756 ού
2685 4708 2944 4776 σμικρόν.

2166 4970 2348 5023 Ταῦτα
2376 4972 2451 5034 ὡς
2480 4974 2537 5026 ὲν
2562 4975 2841 5043 κεφαλαίῳ
2861 4978 2990 5045 ἡμῖν
3019 4979 3235 5049 εἴρηται
3260 4995 3275 5009 ⁸
3316 4985 3411 5035 καὶ
3436 4985 3659 5053 νομίζον

2097 5078 2198 5129 μεν
2227 5061 2403 5125 καλῶς
2456 5065 2829 5137 ἀποδεδεῖχθαι
2882 5070 2983 5137 τὴν
3030 5070 3188 5124 τοῦδε
3222 5071 3405 5139 φύσιν,
3461 5075 3538 5138 ὡς
3591 5072 3662 5147 ἦν

2093 5154 2219 5215 ἀξία
2246 5154 2457 5207 πολλῶν
2484 5157 2723 5211 ἐπαίνων
2742 5174 2757 5188 ⁸
2792 5162 2840 5213 εἰ
2889 5161 2947 5213 δὲ
2982 5163 3209 5232 προσδεῖ
3237 5166 3331 5217 καὶ
3360 5167 3467 5219 τῶν
3500 5169 3667 5220 καθέ-

2093 5260 2291 5309 καστα,
2325 5246 2494 5310 λέξων
2527 5247 2760 5319 ἔρχομαι
2810 5255 2929 5305 κατ’
2960 5256 3233 5325 ἐπιτομὴν
3261 5257 3387 5309 ὅσον
3430 5255 3543 5311 οἷόν
3578 5277 3657 5313 τε.

2093 5335 2168 5388 Τὸ
2198 5340 2308 5407 γὰρ
2334 5337 2397 5409 δὴ
2424 5340 2607 5408 λέγειν
2639 5344 2870 5415 ἐκτάδην
2896 5347 2965 5399 τὰ
2997 5348 3333 5418 εἰργασμένα
3368 5351 3446 5419 τῷ
3483 5371 3664 5419 μακα-

2096 5428 2216 5499 ρίτῃ
2244 5432 2357 5492 τοῖς
2390 5431 2551 5504 ἔργον
2582 5435 2800 5506 ἔχουσιν
2832 5438 3067 5509 ἱστορεῖν
3101 5442 3432 5512 οἰκειότερον
3468 5447 3533 5496 ἂν
3567 5450 3656 5510 γέ-

2093 5534 2257 5576 νοιτο.
2288 5522 2363 5574 Οὐ
2399 5524 2505 5593 μὴν
2534 5525 2671 5578 ἀλλὰ
2701 5529 2786 5581 διὰ
2809 5529 2910 5599 τὴν
2941 5532 3113 5601 αὐτὴν
3143 5534 3349 5603 ταύτην
3380 5539 3556 5588 αἰτίαν
3595 5540 3654 5588 ού

2090 5609 2271 5664 πάντα
2315 5615 2721 5686 καταλέξομεν,
2766 5621 2976 5691 ὅσαπερ
3025 5624 3218 5692 ἐκείνῳ
3276 5626 3654 5695 διεπράττετο.

2093 5703 2307 5769 Ὥσπερ
2342 5706 2452 5775 γάρ
2503 5707 2564 5758 τὸ
2619 5711 2851 5779 μέγεθος
2897 5712 3007 5767 τῶν
3062 5717 3209 5785 αὐτῷ
3249 5722 3654 5789 πεπραγμένων

2093 5796 2265 5864 εἴργει
2315 5800 2451 5868 πρὸς
2502 5802 2734 5857 ἕκαστον
2788 5808 3217 5875 ἐπε-κτείνεσθαι,
3264 5811 3408 5864 οὕτω
3468 5817 3559 5866 xz".
3598 5816 3657 5868 τὺ

3710 4745 3724 4781 f
