4060 6650
376 442 485 505 197

1124 434 1524 498 TllEODORI
1558 429 1915 495 DESPOTxE
1990 427 2388 488 LAUDATIO
2415 430 2824 491 FUNEBRIS.

3536 432 3634 497 1‘38

369 559 588 625 πλῆθος
618 556 682 610 οὐ
715 554 991 622 συγχωρεῖ
1010 550 1418 621 διαζωγραφεῖν
1448 548 1579 617 ἑξῆς
1611 547 1852 601 ἅπαντα.
1877 542 1949 596 Οὔ
1983 596 1985 604 λ

2089 542 2292 613 iugulis
2316 542 2439 610 ejus
2490 543 2652 596 rebus
2684 543 3007 599 enarrandis
3059 556 3259 603 memet
3320 553 3634 617 extendam,

370 649 499 717 γάρ
556 644 903 716 εύαρίθμητα
943 642 1182 702 πάντως.
1234 638 1406 709 Οἶμαι
1458 639 1513 691 δὲ
1574 648 1648 707 μη
1698 645 1758 688 :‘v
1811 629 1955 687 εἶναι

369 740 551 791 τουτο
616 736 754 806 πρὸς
809 732 1038 803 γνώμην
1082 734 1236 800 ὑμῖν,
1266 732 1412 798 λέγω
1467 730 1529 781 τὸ
1574 729 1649 799 μὴ
1703 727 1954 780 τάκείνου

374 832 571 883 πάντα
597 828 877 897 διεξιέναι.
899 826 1259 895 Ἐπιθυμεῖτε
1283 822 1391 893 γὰρ
1417 823 1564 883 ἰδεῖν,
1604 816 1663 873 εὖ
1695 815 1810 872 οῖδα
1832 818 1959 870 ’τι-ὖ-

378 939 457 975 to
504 923 599 974 καὶ
628 919 775 972 πάνυ
800 918 1129 984 πέπεισμαι,
1161 913 1353 982 ὥσπερ
1392 911 1538 973 τινὲς
1566 911 1623 963 ὲν
1652 908 1840 961 πίνακι
1868 924 1960 975 γε-

375 1012 723 1086 γραμμένας
776 1010 875 1073 τὰς
929 1009 1039 1061 τῶν
1099 1006 1398 1077 ἐρωμένων
1432 1003 1671 1065 εἰκόνας,
1703 1005 1794 1054 τὸν
1850 1000 1963 1071 βίον

375 1105 575 1156 πάντα
595 1102 748 1155 τοῦδε
786 1099 1037 1170 τάνδρὸς,
1068 1098 1143 1162 ὡς
1170 1097 1293 1150 ὅλον
1319 1096 1452 1148 ὄντα
1478 1095 1758 1164 θαύματος
1786 1092 1959 1158 άξιον.

374 1197 629 1263 Δόξομεν
659 1192 707 1247 δ’
735 1194 868 1254 ἴσως
898 1192 997 1244 καὶ
1019 1190 1232 1243 ἀδικεῖν
1258 1189 1349 1239 τὸν
1382 1187 1492 1241 τῶν
1523 1186 1703 1256 ἔργων
1733 1184 1961 1255 ἀρχιτέ-

376 1306 583 1353 κτονα,
606 1289 653 1340 εί
680 1285 757 1357 μὴ
784 1286 846 1338 τδ
869 1285 979 1337 πᾶν
1003 1283 1317 1352 ἑξείποιμεν
1343 1280 1608 1350 ἀκριϐῶς,
1627 1280 1750 1332 ὅσον
1769 1278 1964 1346 ἐκείνῳ

379 1380 781 1448 κατείργαστο.
825 1374 970 1444 Ἐγὼ
996 1376 1041 1430 δ’
1071 1374 1201 1445 ὑμῖν
1231 1372 1562 1442 συμφωνῶν,
1594 1372 1696 1425 ὅσα
1730 1386 1793 1437 γε
1825 1370 1966 1437 πρὸς

385 1472 561 1540 μονον
606 1469 668 1523 τὸ
718 1467 918 1531 θέλειν,
970 1458 1104 1520 ἐἶτα
1160 1464 1573 1535 παραιτήσομαι
1626 1462 1712 1515 διὰ
1765 1462 1825 1513 τὸ
1871 1459 1966 1513 τοῦ

383 1564 724 1635 πράγματος
758 1560 1094 1634 πρόσαντες,
1130 1559 1176 1610 εί
1216 1558 1292 1629 μὴ
1350 1556 1620 1625 δυναίμην
1651 1554 1967 1607 ἀκολουθεῖν

382 1659 462 1726 τῇ
495 1656 734 1725 θελήσει.
771 1654 920 1724 Νικᾷ
959 1654 1073 1724 γάρ
1115 1650 1385 1721 δήπουθεν
1427 1647 1668 1718 ἀτεχνῶς
1698 1646 1760 1700 τὸ
1794 1646 1968 1716 παρὸν

384 1749 709 1819 ἐγχείρημα
730 1748 832 1817 τὴν
859 1748 1139 1817 ἡμετέραν
1159 1744 1335 1814 ίσχυν,
1372 1739 1537 1795 οὖσάν
1560 1757 1623 1809 γε
1642 1740 1735 1794 καὶ
1759 1739 1969 1792 οἴκοθεν

389 1842 631 1911 ἀδρανῆ,
658 1840 754 1893 καὶ
776 1838 938 1891 πλέον
964 1838 1263 1906 γινομένην
1296 1833 1542 1903 ἐξίτηλον
1566 1832 1641 1901 τῷ
1666 1830 1759 1884 τοῦ
1806 1831 1968 1899 λόγου

2064 632 2144 685 sic
2201 647 2299 685 nec
2354 636 2639 698 permittor
2690 650 2783 702 per
2844 635 3272 702 multitudinem,
3326 653 3385 694 ut
3445 644 3639 697 ordine

2064 727 2248 778 omnia
2288 725 2558 777 delinecm
2594 727 3037 796 adscribamque.
3068 729 3175 784 Nec
3207 734 3350 785 enim
3378 750 3639 789 numerus

2063 816 2219 870 facile
2253 816 2377 869 iniri
2407 825 2609 885 potest.
2647 816 2972 887 Quanquam
3005 833 3132 889 puto
3163 824 3304 877 haud
3337 826 3488 878 vobis
3519 842 3642 895 gra-

2065 919 2180 964 tum
2219 909 2338 963 fore
2371 918 2451 972 ut,
2493 912 2740 979 inquam,
2792 928 2898 966 non
2938 915 3058 982 ejus
3099 931 3188 970 res
3218 933 3410 971 omnes
3459 928 3640 986 geslas

2063 1004 2382 1058 edisseram.
2413 1003 2743 1059 Desideratis
2770 1008 2938 1067 etaim.
2975 1012 3142 1076 probe
3165 1012 3288 1064 novi
3334 1027 3397 1065 ac
3431 1024 3637 1064 certum

2066 1092 2261 1157 habeo,
2290 1110 2386 1162 pro
2412 1110 2599 1149 eorum
2630 1096 2859 1161 ratimze,
2887 1101 2980 1165 qui
3006 1114 3253 1155 amantes
3297 1120 3346 1154 .u
3406 1103 3641 1172 imagine

2070 1185 2315 1254 depictas
2355 1201 2545 1240 eorum
2566 1202 2702 1254 quos
2734 1200 2920 1241 amant
2954 1230 2968 1254 ,
3029 1189 3300 1260 imagines
3350 1193 3632 1261 impendio

2068 1280 2256 1331 videre
2279 1288 2439 1332 avent
2469 1318 2485 1342 ,
2514 1288 2573 1333 ut
2596 1291 2649 1332 et
2670 1281 2773 1347 ipsi
2806 1291 2972 1334 totam
3001 1283 3229 1339 videatis
3250 1286 3349 1338 viri
3380 1288 3638 1357 praecip-

2070 1374 2178 1419 tam
2203 1366 2399 1431 .vitam,
2434 1382 2559 1435 quae
2585 1376 2698 1421 tota
2734 1369 3161 1427 admirationem
3198 1376 3414 1429 habeat.
3447 1376 3549 1430 Sed
3585 1389 3638 1430 et

2070 1458 2211 1512 forte
2264 1459 2500 1529 principi
2567 1476 2747 1514 rerum
2803 1464 2984 1532 opifici
3049 1465 3335 1520 videamur
3386 1468 3641 1537 injuriam

2071 1548 2270 1613 lacere,
2297 1549 2402 1605 nisi
2448 1565 2535 1606 res
2572 1552 2694 1622 ejus
2750 1563 2892 1610 totas
2944 1566 3200 1613 accurate
3251 1560 3639 1614 edisseramus.

2070 1637 2336 1709 Equidem
2369 1641 2485 1696 sola
2510 1642 2665 1696 vobis
2696 1646 2973 1700 voluntate
3024 1663 3222 1718 gerens
3247 1666 3477 1715 morem,
3504 1667 3643 1720 opus

2075 1734 2433 1803 postmodum
2469 1746 2699 1805 propter
2717 1738 2795 1790 rei
2820 1740 3046 1793 arduam
3077 1743 3416 1797 molitionem
3441 1745 3650 1798 detrec-

2075 1827 2225 1892 tabo,
2245 1827 2337 1897 qui
2357 1826 2688 1883 voluntatem
2710 1831 2971 1885 assectari
2998 1848 3279 1901 nequeam.
3304 1836 3479 1889 Vincit
3501 1837 3644 1890 enim

394 1933 668 2001 σχήματι.
715 1928 925 1981 Οὐκοῦν
952 1930 1016 1980 ὲκ
1062 1927 1172 1978 τῶν
1214 1925 1425 1978 πολλῶν
1453 1940 1513 1977 τε
1540 1924 1635 1976 καὶ
1661 1923 1843 1976 καλῶν
1875 1923 1968 1974 καὶ

2092 1916 2277 1987 iqnido
2301 1928 2446 1974 tanta
2483 1921 2653 1975 moles
2685 1933 2925 1977 nostram
2952 1924 3229 1989 virtutem,
3247 1942 3367 1996 qum
3385 1928 3513 1982 olim
3541 1946 3569 1982 a
3589 1944 3648 1983 se

398 2021 682 2091 μεγάλων,
719 2020 883 2073 ἅτινα
931 2019 1131 2080 πάντες
1193 2017 1393 2086 ἐκείνῳ
1450 2015 1668 2069 σύνιστε
1719 2031 1971 2085 πεπραγ-

399 2116 567 2184 μένα,
593 2113 651 2175 δς
681 2113 789 2181 πρὸ
837 2111 1036 2182 μικροῦ
1066 2108 1188 2179 μεθ’
1216 2108 1373 2178 ἡμῶν
1406 2104 1475 2180 ἦν
1522 2108 1638 2161 νυνὶ
1665 2107 1721 2159 δὲ
1748 2107 1967 2175 γέγονε·

396 2202 508 2271 φεύ
528 2203 544 2256 l
564 2202 730 2255 τῶνδε
763 2200 873 2253 τῶν
906 2199 1121 2270 θρήνων
1144 2196 1594 2265 ὕπόθεσις,ὁλίγα
1623 2195 1852 2265 λέξομεν
1871 2196 1971 2266 ἦεη

399 2298 500 2348 καί
535 2296 656 2348 κατ’
703 2292 993 2363 ἐπιτομὴν,
1033 2292 1223 2359 ὥσπερ
1274 2289 1515 2360 εῐρηται.
1542 2287 1781 2342 Τοιαῦτα
1840 2290 1973 2357 μέν·

397 2405 488 2441 τοι
528 2403 593 2455 γε
631 2384 872 2448 πάντως,
926 2379 1017 2439 οἷά
1061 2400 1166 2453 περ
1225 2382 1391 2447 δείξει
1450 2382 1539 2434 τὸν
1600 2381 1976 2452 ἐργασάμενον

402 2478 585 2550 ἀληθῆ
612 2476 829 2548 καρπὸν
852 2476 983 2530 ὅντα
1008 2478 1075 2545 τῇ
1109 2477 1267 2545 κοινῇ
1294 2472 1467 2543 ταύτῃ
1514 2471 1700 2541 φύσει,
1733 2472 1827 2523 καί
1855 2486 1979 2524 τινα

397 2570 728 2641 φιλοτιμίαν
756 2566 1059 2636 ἐξαίρετον.
1093 2568 1167 2619 Οὐ
1189 2559 1379 2618 τοίνυν
1393 2565 1474 2634 τῷ
1513 2563 1588 2633 μὴ
1621 2563 1801 2617 πάντα
1833 2561 1977 2615 κατὰ

402 2664 577 2733 μέρος
606 2661 862 2726 διεξιέναι
908 2660 1191 2730 νομιστέον
1231 2658 1364 2729 ἡμῖν
1410 2657 1477 2711 ἂν
1523 2656 1608 2724 εἴη
1674 2655 1767 2709 τὸν
1810 2654 1978 2722 ἄνδρα

400 2753 597 2805 τοῦτον
619 2751 841 2804 ἔλαττον
883 2752 1109 2820 σχήσειν
1135 2750 1215 2812 είς
1247 2748 1515 2815 εὐδοξίαν.
1549 2748 1623 2799 Τὸ
1648 2747 1755 2817 γάρ
1787 2746 1976 2816 περιὸν

403 2842 620 2896 ἐκείνου
649 2841 749 2910 τῆς
776 2841 977 2911 ἀρετῆς
1007 2840 1067 2892 τὸ
1101 2840 1374 2909 ἡμέτερον
1415 2839 1592 2892 ὲνδέον
1649 2836 1981 2908 ἀναπληρώ-

409 2951 524 2988 σει.
567 2932 823 3003 Ἀρκέσει
869 2934 980 3001 γὰρ
1011 2931 1070 2985 τὸ
1102 2933 1212 2984 πᾶν
1243 2929 1652 3000 ἐξεργάσασθαι
1711 2929 1805 2982 καὶ
1849 2930 1981 2981 ἔκα-

411 3044 542 3082 στον
571 3027 682 3080 τῶν
707 3026 886 3096 ἔργων
916 3024 1025 3077 τῶν
1074 3023 1265 3089 αὑτοῦ,
1298 3023 1372 3086 ὡς
1406 3022 1573 3093 μηδὲν
1596 3020 1656 3075 ὃν
1689 3023 1797 3074 τῶν
1834 3019 1983 3089 αὐτῷ

410 3118 843 3191 πεπραγμένων,
874 3116 903 3169 ὅ
936 3117 1013 3187 μὴ
1068 3116 1343 3184 μεγίστων
1370 3115 1660 3186 εὐφημιῶν
1708 3113 1858 3179 ἄξιον
1884 3131 1898 3145 ·
1935 3114 1984 3167 εἰ

2072 2008 2375 2073 debllis,ab
2397 2012 2663 2068 orationis
2696 2029 2841 2069 nunc
2881 2016 3291 2085 specic,multis
3312 2022 3485 2074 evasit
3524 2022 3647 2074 exi-

2073 2099 2303 2157 lior.Ex
2336 2105 2521 2159 multis
2569 2107 2922 2177 ergo,iisque
2972 2110 3251 2179 praeclaris
3299 2128 3361 2167 ac
3412 2116 3642 2183 magnis,

2075 2205 2309 2259 quorum
2334 2203 2613 2263 gestorum
2650 2198 2856 2252 conscii
2879 2201 3011 2254 estis
3030 2202 3145 2255 viro
3166 2219 3340 2272 nuper
3362 2206 3645 2263 nobiscum

2078 2282 2397 2350 exsistenti;
2422 2286 2626 2357 quique
2644 2303 2790 2343 nunc
2808 2290 2911 2357 fuit
2927 2289 3030 2344 heu
3056 2293 3068 2345 !
3097 2294 3253 2348 triste
3269 2309 3647 2364 argumentmn

2079 2375 2431 2442 planctuum!
2470 2393 2645 2447 pauca
2694 2381 2943 2449 quaedam
2975 2399 3038 2437 ac
3063 2387 3404 2454 compendio,
3442 2390 3521 2442 uti
3552 2403 3647 2442 su-

2086 2480 2205 2521 mus
2223 2466 2713 2536 prmfati,dicemus
2741 2489 2755 2528 :
2776 2487 2836 2526 ea
2858 2482 3037 2528 tamen
3065 2477 3313 2543 omnino,
3334 2480 3530 2546 quibus
3562 2483 3650 2549 qui

2081 2558 2269 2626 gessit,
2305 2574 2468 2615 verus
2492 2562 2679 2630 generi
2708 2576 3010 2619 concessus
3040 2564 3278 2629 fructus,
3341 2568 3654 2636 eximiaquc

2081 2650 2327 2717 quaedam
2384 2667 2448 2705 ac
2516 2654 2803 2708 ambitiosa
2865 2655 3104 2726 largitio,
3150 2661 3408 2728 cognosci
3463 2663 3652 2729 possit.

2082 2738 2251 2795 Nemo
2270 2742 2455 2812 igitur,
2482 2744 2625 2813 quod
2655 2747 2809 2813 plura
2830 2747 3165 2815 omittamus,
3194 2751 3369 2804 minus
3393 2752 3567 2805 virum
3589 2751 3655 2804 ad

2084 2832 2454 2888 celebritatem
2482 2836 2717 2891 nominis
2760 2838 3075 2892 habiturum
3102 2851 3271 2909 putet.
3297 2840 3426 2911 Ejus
3456 2843 3657 2913 quippe

2084 2923 2360 3000 luculenta
2396 2941 2460 2980 ac
2508 2927 2783 2983 excellens
2806 2931 2984 2984 virtus
3039 2942 3281 2986 nostram
3314 2934 3530 2989 abunde
3558 2934 3659 2987 im-

2085 3017 2254 3087 plebit
2278 3018 2547 3087 inopiam.
2586 3017 2815 3095 Singula
2846 3022 2990 3076 enim
3042 3024 3162 3093 ejus
3201 3036 3478 3095 gestorum
3521 3042 3657 3081 con-

2089 3108 2315 3161 fecerint
2341 3117 2532 3172 totam,
2567 3094 2802 3178 quoruin
2836 3127 2905 3165 ne
2933 3127 3073 3167 unus
3092 3125 3176 3167 est
3211 3132 3317 3168 non
3346 3117 3637 3169 maximam

412 3211 490 3280 μή
522 3227 606 3273 τις
633 3208 1014 3279 μειρακιωδῶς
1051 3207 1213 3279 ἔχων,
1240 3205 1300 3271 ἐξ
1329 3206 1596 3276 ἐπιπολῆς
1621 3224 1674 3259 τι
1700 3206 1985 3262 θεάσαιτο.

2089 3199 2298 3253 habens
2374 3200 2604 3269 gloriam
2644 3200 2791 3254 :nisi
2850 3202 2977 3271 quis
3038 3196 3328 3272 puerorum
3383 3222 3534 3259 more
3594 3222 3657 3258 ex

412 3300 654 3354 Κάκεῖνο
683 3299 731 3352 δ’
758 3298 827 3351 ἂν
876 3296 1119 3366 εἴποιμι,
1154 3297 1238 3348 ὅτι
1266 3294 1531 3359 πολλάκις
1577 3294 1688 3347 κὰκ
1717 3294 1828 3346 τῶν
1852 3308 1979 3360 σμι-

412 3390 565 3460 κρῶν
598 3389 695 3442 καὶ
729 3387 1123 3457 ἁπλουστέρων
1154 3381 1295 3438 εἶναι
1329 3384 1654 3448 δοκούντων,
1695 3383 1749 3436 εί
1774 3384 1838 3450 γέ
1864 3385 1984 3435 ἐστι

413 3480 632 3545 καίρια,
655 3478 755 3549 οὐχ
788 3472 954 3550 ἦττον
980 3477 1148 3547 φύσις
1176 3476 1508 3546 γνωρίζεται
1538 3476 1571 3547 ἢ
1604 3478 1669 3529 ὲκ
1715 3474 1826 3527 τῶν
1857 3474 1985 3527 πολ-

414 3570 532 3624 λῶν
556 3572 650 3623 καὶ
682 3569 1047 3623 παντοδαπῶν
1077 3567 1279 3637 ῐργων,
1310 3566 1507 3636 ῥυθμῷ
1529 3568 1623 3621 καὶ
1655 3566 1807 3629 τάξει
1832 3565 1987 3635 δεδη-

416 3660 709 3728 λωμένων.
753 3659 911 3727 Λέγω
938 3658 996 3712 δὶ
1038 3658 1251 3726 καίρια,
1285 3659 1387 3710 ὅσα
1435 3657 1543 3726 πέρ
1568 3658 1685 3709 ἔστι
1711 3653 1989 3726 δηλωτικὰ

421 3749 673 3819 φυσικῶν
729 3749 1064 3818 ἰδιωμάτων,
1091 3748 1161 3801 δι’
1192 3748 1227 3801 ἆ
1274 3765 1358 3810 τις
1406 3746 1518 3817 ἔχει
1548 3746 1728 3817 ψυχὴν
1760 3744 1986 3808 ειδέναι,

421 3839 639 3908 ἐρῶσαν
669 3840 884 3907 ἀγαθὴν
913 3835 1075 3892 εἷναι.
1101 3839 1271 3891 Ὅθεν
1304 3838 1601 3905 ἀνθέξομαι
1628 3835 1733 3911 ,τῆς
1764 3836 1988 3906 βουλῆς,

420 3931 582 3997 ὀλίγα
607 3932 712 3983 τῶν
735 3930 947 3983 ἐκείνου
973 3930 1209 3997 διεξιὼν,
1244 3930 1340 3982 καὶ
1370 3928 1626 3992 συνελὼν,
1662 3928 1740 3990 ὡς
1768 3922 1881 3979 οἷόν
1905 3941 1989 3979 τε.

511 4201 747 4265 Ἐκεῖνος
780 4200 984 4266 τοίνυν,
1008 4194 1055 4254 ὦ
1077 4201 1296 4269 ἄνδρες,
1325 4204 1355 4254 ὁ
1381 4203 1566 4255 πᾶσαν
1592 4201 1845 4270 γλῶτταν
1874 4215 1996 4252 πει-

430 4290 686 4360 ρωμένην
725 4289 891 4343 αὐτὸν
942 4292 1191 4343 ἐπαινεῖν
1237 4290 1372 4343 είσω
1406 4290 1715 4344 πίπτουσαν
1757 4289 1997 4357 ἀποφαί-

429 4397 557 4439 νων,
611 4380 707 4430 καὶ
739 4376 948 4447 περιὼν
995 4379 1101 4444 ἔτι,
1127 4379 1224 4431 καὶ
1275 4380 1553 4447 μεταστὰς
1598 4379 1726 4449 ἤδη,
1750 4381 1881 4442 παῖς
1904 4376 1998 4431 ὢν
2020 4372 2031 4390 ³

406 4470 643 4542 ’ἀρίστῳ
697 4468 927 4538 βασιλεῖ,
976 4467 1110 4521 πολύ
1140 4485 1192 4519 τι
1236 4471 1351 4530 τοῖς
1386 4469 1526 4522 υίέσι
1574 4468 1845 4523 δεικνύντι
1876 4470 2000 4536 φίλ-

431 4579 584 4632 τρον,
615 4561 806 4628 ὥσπερ
834 4559 1218 4629 ἁμιλλώμενος
1246 4556 1314 4629 ἦν
1344 4561 1516 4629 αὐτῷ,
1543 4562 1805 4630 μηδαμῶς
1839 4564 1918 4623 εἰς
1936 4563 2001 4614 τὸ

437 4658 640 4721 φιλεῖν,
670 4654 910 4706 κατόπιν
945 4652 1112 4704 αὑτοῦ
1145 4652 1458 4720 λειφθῆναι.
1503 4653 1666 4707 Ὅθεν
1706 4653 2006 4722 θαυμάζων

433 4749 529 4798 καὶ
561 4745 736 4813 φιλῶν
765 4746 930 4814 εἰπερ
962 4759 1048 4805 τις
1073 4743 1234 4805 ἄλλος
1268 4731 1863 4814 Ἀλέξανδροηπάντα
1908 4746 2006 4814 μὲν

437 4836 607 4902 ἡδέως
633 4835 701 4886 τὰ
726 4834 937 4886 ἐκείνου
970 4834 1063 4886 καὶ
1115 4832 1332 4886 ἀκούων
1359 4828 1451 4903 ἦν,
1491 4836 1585 4886 καὶ
1623 4834 1680 4888 λέ
1696 4852 1820 4901 γων,
1856 4834 2007 4887 ὁπότ’

435 4926 562 4993 ἐξῆν
587 4942 601 4955 ’
635 4924 694 4978 τὸ
727 4925 808 4988 δὲ,
854 4924 949 4977 τοῦ
979 4925 1188 4996 πατρὸς
1215 4924 1490 4977 Φιλίππου
1519 4927 1657 4995 πρὸς
1685 4927 1849 4979 αὐτόν
1873 4942 2006 4978 ποτε

441 5016 731 5084 εἰρηκότος
763 5054 779 5079 ,
818 5016 965 5068 Φιλῶ
1012 5030 1075 5067 σε
1123 5016 1350 5084 σφόδρα.
1382 5010 1427 5068 ὦ
1472 5019 1593 5077 παῖ,
1632 5020 1722 5068 τδιν
1754 5017 2009 5082 Ἀλέξαν-

438 5109 564 5177 δρον
613 5111 812 5170 εἰπεῖν,
843 5107 1015 5175 Κάγὼ
1067 5109 1205 5175 φιλῶ
1258 5124 1317 5160 σε
1350 5109 1442 5160 τὸν
1478 5109 1718 5177 ἐμαυτοῦ
1748 5111 1963 5178 πατέρα
1986 5124 2004 5140 ο

441 5200 599 5253 τοῦτο
626 5202 683 5253 δὲ
723 5203 932 5253 ἐκεῖνον
958 5199 1122 5264 ἀξίως
1153 5200 1349 5253 ἑαυτοῦ
1380 5202 1547 5267 φάναι
1581 5199 1822 5263 τριοῦτον
1856 5200 2007 5265 ὄντα,

442 5292 547 5344 οὐδ’
578 5291 881 5345 ὁπωστιοῦν
924 5293 1134 5361 ἡγεῖτο,
1185 5292 1306 5345 οὐδὲ
1359 5276 1557 5362 ῥᾳδίως
1609 5291 1843 5360 ἔφερεν·
1892 5291 2010 5344 ἀλλ’

445 5382 712 5451 ἠσχύνετο
734 5383 823 5435 διὰ
849 5382 949 5452 τήν
980 5385 1113 5455 πρὸς
1139 5384 1228 5436 τὸν
1253 5383 1422 5453 ἄνδρα
1453 5384 1667 5451 φιλίαν·
1705 5384 1767 5435 οὐ
1809 5386 1919 5453 γὰρ
1946 5384 2013 5436 ἂν

445 5474 896 5544 παραιτήσασθαι
942 5475 1033 5527 τὸν
1067 5475 1417 5542 Ἀλέξανδρον
1450 5476 1554 5528 ὑπὸ
1585 5474 1678 5528 τοῦ
1725 5475 2013 5529 διαϐαλλό-

449 5583 631 5635 μενον,
663 5566 744 5635 τῷ
768 5582 831 5633 γε
871 5566 1339 5635 ἀπολογήσασθαι,
1369 5567 1443 5628 ὡς
1469 5567 1567 5619 οὐκ
1598 5567 1845 5619 ἐϐούλετο
1884 5567 2015 5632 ψεύ-

346 5638 359 5650 .
448 5656 891 5727 σασθαι,οῶσπερ
921 5658 1024 5710 οὐκ
1071 5658 1209 5722 ἐνὸν,
1241 5658 1339 5726 τὴν
1385 5659 1478 5710 τοῦ
1529 5662 1733 5729 πατρὸς
1769 5662 2013 5728 ἀγάπην,

445 5751 542 5819 τῆς
593 5750 706 5802 τῶν
760 5749 1037 5818 φιλτάτων
1089 5750 1414 5818 προτιθέντα
1442 5790 1457 5814 ,
1493 5752 1662 5818 Κάγώ
1706 5769 1785 5811 σε,
1818 5754 2011 5819 πάτερ,

447 5838 645 5907 είπεῖν,
664 5840 827 5910 φιλῶ,
858 5844 952 5894 καὶ
977 5842 1190 5917 φιλήσω
1214 5858 1273 5909 γε
1296 5844 1403 5906 ἀεὶ,
1431 5846 1523 5895 καὶ
1543 5846 1601 5896 οὐ
1630 5860 1699 5895 πα
1712 5849 2015 5913 ραχωρὴσω

2087 3292 2205 3345 sola
2248 3307 2358 3345 rem
2398 3303 2623 3346 externa
2679 3292 2817 3345 facie
2844 3294 2974 3347 velit
3024 3294 3561 3361 spectandam..Scd
3603 3307 3656 3350 et

2089 3384 2139 3436 id
2165 3382 2510 3446 allirmarim,
2548 3400 2614 3437 ex
2642 3384 2709 3437 iis
2739 3400 2956 3454 quoque
2988 3402 3108 3456 qua:
3163 3389 3372 3441 modica
3404 3404 3469 3443 ac
3522 3390 3659 3443 sim-

2090 3477 2315 3545 pliciora
2341 3476 2614 3541 videntur,
2642 3474 2773 3530 dum
2803 3486 2982 3531 tamen
3012 3479 3102 3531 illa
3136 3490 3281 3533 certa
3315 3479 3504 3534 siutac
3529 3495 3657 3549 pro-

2091 3570 2229 3637 pria,
2264 3567 2400 3620 nihil
2434 3583 2575 3637 saepe
2599 3568 2782 3622 minus
2812 3572 3065 3638 cognOsci
3100 3579 3371 3636 naturam,
3410 3587 3573 3641 quam
3604 3584 3664 3626 ut

2090 3659 2260 3712 multa
2288 3661 2408 3727 quis
2441 3674 2505 3713 ac
2529 3662 2707 3714 omnis
2736 3660 2952 3728 generis
3025 3677 3189 3731 opera
3224 3662 3418 3715 ordine
3453 3662 3659 3729 produ-

2093 3758 2201 3804 cat.
2229 3750 2390 3802 Certa
2420 3752 2544 3803 dico
2576 3764 2639 3803 ac
2673 3750 2920 3819 propria,
2944 3751 2990 3804 si
3032 3767 3136 3820 qua
3163 3751 3528 3819 proprietates
3558 3767 3661 3804 na-

2093 3849 2233 3893 turae
2270 3841 2405 3893 satis
2429 3840 2693 3901 iudicant,
2718 3838 2791 3893 ac
2823 3840 3023 3908 quibus
3049 3856 3148 3893 ceu
3197 3842 3518 3895 charactere
3573 3845 3659 3895 in-

2095 3931 2363 4000 signiatur
2400 3932 2619 3984 animus
2654 3931 2780 3983 boui
2830 3944 3045 3985 amans.
3102 3930 3209 3986 Pro
3249 3932 3469 3985 consilii
3528 3947 3664 4000 ergo

2094 4023 2305 4074 ratione
2355 4036 2526 4089 pauca
2550 4022 2797 4092 quaedam
2826 4038 2889 4076 ac
2919 4025 3242 4094 compendio
3265 4064 3279 4090 ,
3329 4037 3387 4079 ut
3433 4025 3667 4091 licuerit,

2093 4112 2411 4169 edisseram.

2171 4207 2264 4259 Ille
2317 4208 2503 4275 igitur,
2551 4206 2852 4270 auditores,
2921 4208 3077 4275 cujus
3109 4222 3196 4264 res
3252 4207 3526 4278 praeclarae
3571 4208 3669 4262 liu-

2100 4309 2261 4366 guam
2314 4308 2533 4350 omnem
2562 4296 2789 4351 laudare
2826 4298 3133 4353 studentem
3182 4298 3419 4355 debilem
3450 4298 3672 4364 faciant,

2101 4400 2165 4439 ac
2194 4384 2596 4454 obtorpeutem,
2641 4386 2758 4441 sive
2781 4401 2907 4441 cum
2955 4388 3445 4463 adhuc,superstes
3504 4403 3673 4457 esset,

2103 4475 2219 4530 sive
2249 4476 2412 4530 modo
2459 4492 2582 4531 cum
2630 4477 2929 4534 defunctus
2986 4491 3111 4536 est:
3150 4496 3273 4536 cum
3332 4483 3673 4552 imperatoris

2030 4590 2082 4649 ι)
2109 4569 2325 4637 Optimi,
2352 4568 2685 4637 multamque
2709 4572 3034 4626 amorisvim
3062 4572 3115 4626 iu
3136 4585 3293 4630 natos
3309 4576 3673 4636 ostendentis,

2109 4661 2290 4728 proles
2322 4672 2489 4725 esset,
2527 4662 2752 4715 omnino
2810 4664 3120 4718 enitebatur
3172 4681 3237 4720 ac
3289 4668 3675 4729 contendebat,

2111 4761 2170 4805 ut
2203 4766 2272 4805 ne
2320 4753 2618 4822 quidquam
2643 4768 2830 4807 amore
2858 4756 3095 4809 cederet.
3124 4755 3489 4821 Quamobrem
3553 4776 3675 4813 cum

2109 4844 2494 4911 admiraretur,
2531 4860 2594 4899 ac
2626 4845 2670 4899 si
2703 4847 2838 4914 quis,
2863 4846 3025 4910 alius,
3062 4849 3674 4914 amaretAlexaudrum,

2110 4938 2336 5007 ejusque
2366 4937 2558 4992 lubens
2585 4938 2792 5000 omnia,
2848 4947 3113 5007 quantum
3168 4939 3379 5003 liceret,
3434 4941 3670 5007 audiret,

2112 5031 2425 5098 diceretque
2462 5046 2477 5094 ;
2530 5029 2659 5082 illud
2696 5038 2904 5092 tamen,
2938 5042 2994 5081 ut
3020 5044 3142 5083 cum
3187 5028 3471 5098 Philippus
3520 5042 3674 5101 pater

2112 5118 2440 5185 quandoque
2480 5116 2707 5169 dixisset
2742 5132 2756 5169 :
2818 5110 2995 5184 Egote
3039 5116 3123 5185 ﬁli
3157 5133 3298 5181 amo,
3336 5123 3677 5189 responderit

2114 5210 2241 5263 ille:
2279 5207 2391 5277 Ego
2428 5222 2629 5276 quovue
2655 5217 2704 5259 te
2752 5223 2871 5259 ama
2896 5223 3066 5261 meum
3097 5222 3303 5277 patrem
3328 5227 3346 5264 :
3373 5212 3516 5268 haud
3581 5216 3676 5269 illo

2113 5298 2277 5366 digne
2306 5300 2539 5361 dictum,
2578 5312 2699 5349 cum
2756 5307 2938 5351 tantus
2970 5310 3139 5366 esset,
3173 5303 3398 5356 omnino
3442 5306 3679 5359 arbitra-

2116 5391 2299 5455 batur,
2327 5405 2425 5443 nec
2446 5403 2635 5456 :nquus
2677 5387 2885 5441 ferebat
2926 5407 2941 5456 ;
2986 5394 3114 5459 quin
3146 5393 3264 5463 ejus
3287 5410 3409 5449 eum
3445 5397 3681 5465 pudebat

2120 5498 2217 5549 pro
2252 5481 2353 5532 viri
2383 5480 2687 5532 reverentia
2720 5496 2734 5544 ;
2762 5480 3020 5533 nimirum
3060 5482 3151 5535 illo
3207 5493 3522 5550 accusante,
3572 5500 3680 5538 non

2122 5573 2454 5623 detractessc
2480 5584 2578 5638 pro
2602 5565 2890 5624 mendacio
2921 5587 3209 5637 excusare,
3236 5584 3493 5643 tanquam
3512 5574 3680 5642 patris

2120 5663 2464 5715 dilectionem
2514 5662 2847 5728 prmbabcuti
2874 5666 3324 5718 charissimorttnt
3385 5666 3584 5729 amori,
3619 5683 3682 5721 ea

2120 5754 2281 5805 verba
2317 5754 2368 5805 in
2412 5762 2664 5820 promptu
2699 5769 2805 5805 non
2844 5754 3074 5807 fuissent
3103 5770 3116 5806 :
3149 5740 3255 5820 Ego
3280 5763 3326 5806 te
3343 5769 3566 5821 quoque,
3590 5770 3681 5822 pa-

2123 5856 2222 5907 ter,
2240 5860 2378 5905 amo,
2409 5859 2621 5911 sumque
2645 5860 2844 5911 semper
2868 5853 3164 5907 amaturus,
3190 5860 3279 5896 nec
3313 5845 3465 5911 facile
3498 5861 3680 5898 aman-
