4060 6618
540 368 640 431 199

1721 362 2124 424 MANUELIS
2162 362 2618 424 PALAEOLOGI

3694 360 3788 427 ΞΟ)

528 479 596 529 do
639 474 882 545 superari
926 476 1252 546 permittam,
1317 476 1407 544 qui
1453 475 1604 528 velim
1656 487 1917 544 prwstare
1958 477 2130 545 quod,

2236 494 2284 529 οι
2309 477 2508 549 ῥᾳδίως
2534 477 2644 529 τῶν
2672 477 2959 547 πρωτείων
2987 478 3045 530 ἐν
3069 474 3145 547 τῷ
3174 475 3376 546 φιλεῖν,
3408 474 3596 533 δίκαια
3626 480 3788 548 πράτ-

524 571 612 626 ius
644 568 815 628 habet,
837 578 943 621 tum
973 570 1098 637 quia
1124 585 1215 636 per
1248 579 1295 621 te
1324 570 1444 632 sint,
1465 580 1574 621 tum
1599 564 1725 642 quia
1751 585 1898 623 auter
1936 570 2109 638 pluri-

529 661 830 729 mum,quia
864 659 1161 727 disciplinis
1196 661 1440 714 excultus
1473 677 1714 726 maguaa
1737 662 2131 729 teacccperim,.

530 767 594 806 ac
628 751 833 820 majora
864 766 1063 817 sperent
1094 764 1456 818 accepturum.
1501 751 1594 808 Sic
1625 756 1811 823 itaque
1874 755 2111 809 habebat

529 845 863 913 adspatrem,
899 859 998 897 nec
1026 843 1326 912 quidquam
1377 844 1630 900 dissimili
1674 847 1886 900 ratione
1918 846 2112 909 habuit

529 936 596 990 ad
626 946 876 990 matrem.
904 936 1039 990 Cum
1085 937 1232 990 enim
1280 936 1345 990 ad
1374 952 1569 993 omnes
1612 938 1891 993 modestus
1941 949 2110 1003 esset,

531 1042 630 1082 nec
673 1028 969 1097 quidquam
1002 1029 1375 1082 contentionis
1419 1045 1635 1095 amans,
1686 1034 1895 1086 amoris
1929 1040 2110 1089 tamen

530 1132 595 1171 ac
636 1117 1007 1172 beneﬁcentia:
1061 1118 1305 1186 partibus
1373 1119 1661 1176 universos
1714 1123 1932 1176 vincere
1980 1137 2112 1177 con-

535 1210 797 1263 tendebat
849 1228 864 1275 ;
907 1210 1201 1280 facilisque
1251 1212 1416 1265 vitam
1468 1214 1767 1280 amisisset,
1818 1223 1874 1268 ut
1906 1216 2112 1270 amoris

480 1342 491 1351 .
530 1302 639 1355 vim
677 1310 936 1372 quantam
965 1304 1210 1363 haberet,
1240 1304 1577 1373 ostenderet.
1612 1304 1751 1359 Cum
1776 1320 1904 1363 vero
1929 1306 2109 1361 multa

531 1408 595 1448 ac
625 1409 819 1466 magna
848 1405 1128 1467 superent,
1158 1397 1356 1469 quibus
1383 1397 1585 1465 possim
1613 1397 1687 1450 rei
1727 1398 1903 1453 facere
1930 1398 2110 1464 iidem,

533 1486 620 1541 ubi
657 1497 842 1542 tamen
897 1489 1132 1543 duorum
1189 1499 1398 1544 tantum
1450 1490 1770 1558 meminero,
1824 1508 1936 1545 rem
1976 1493 2115 1548 satis

531 1580 821 1636 confecero
858 1598 874 1636 :
950 1595 1271 1652 quanquam
1309 1593 1364 1638 et
1401 1576 1513 1637 illa'
1553 1585 1745 1645 multis
1806 1586 1873 1643 de
1927 1586 2114 1641 causis

532 1687 652 1727 sum
680 1674 1009 1735 compendio
1038 1676 1286 1730 dicturus
1331 1692 1346 1740 ;
1399 1691 1522 1731 cum
1559 1692 1658 1735 nec
1717 1678 1925 1749 alioqui
1977 1678 2112 1734 mihi

533 1778 718 1819 sermo
744 1763 818 1817 sit
851 1764 917 1817 ad
949 1777 1046 1820 eos
1080 1764 1173 1834 qui
1206 1766 1476 1820 nesciant.

603 1852 872 1926 Vigebaut
908 1857 1073 1923 mala,
1116 1858 1397 1927 tristisque
1414 1861 1586 1925 nobis
1628 1860 1847 1917 fortuna
1879 1860 1943 1919 ad
1974 1877 2122 1920 sum-

535 1964 682 2002 mum
736 1960 1085 2019 provexerat.
1134 1949 1249 2005 Jatn
1320 1952 1588 2022 siquidem
1637 1963 1796 2021 capta
1851 1954 1984 2010 urbe
2017 1953 2118 2024 (l),

536 2058 631 2096 arx
667 2041 740 2097 ita
764 2041 849 2096 vix
883 2056 991 2097 non
1014 2043 1841 2113 proverabatcapturoshostes,
1873 2047 2123 2100 cummi-

537 2137 619 2191 les
640 2136 890 2191 Persicus
910 2135 1080 2189 muris
1116 2136 1364 2190 haereret.
1391 2136 1612 2190 interim
1642 2152 1772 2208 ergo
1798 2152 1857 2195 se
1894 2137 2005 2193 dux
2035 2153 2124 2192 sa-

540 2234 822 2283 cramento
854 2229 1171 2298 obstringit,
1225 2227 1577 2299 obstringunt
1604 2244 1824 2299 quoque
1866 2233 2123 2302 praecipui

539 2322 780 2394 praefecti
816 2323 1520 2392 triliuniquedncolumem
1559 2322 1889 2381 remissuros
1923 2325 1973 2387 in
1993 2340 2126 2395 pro-

538 2415 804 2470 vinciam.
836 2415 967 2469 Erat
998 2414 1112 2468 haec
1148 2413 1342 2469 civitas
1398 2412 1729 2468 Macedonia:
1786 2415 2125 2486 metropolis,

540 2519 605 2559 ac
657 2506 823 2560 urbes
841 2505 1002 2559 alite:
1073 2518 1308 2577 cumque
1352 2504 1487 2558 adeo
1524 2506 1862 2573 parentibus,
1932 2522 2129 2578 meque

543 2598 683 2668 ipso,
709 2613 772 2652 ac
803 2589 1041 2667 quorum
1072 2598 1138 2651 de
1169 2612 1235 2651 eo
1260 2598 1563 2652 deliberare
1604 2599 1886 2663 intererat,
1939 2613 2129 2655 assen-

542 2675 829 2751 tientibus,
856 2701 945 2744 res
974 2688 1028 2741 in
1058 2697 1312 2758 promptu
1336 2696 1499 2749 esset,
1548 2687 1715 2758 coepit
1778 2691 2125 2757 postmodum

542 2787 751 2849 patrem
778 2778 1081 2848 ptenitere:
1141 2779 1217 2833 fui
1253 2795 1381 2835 vero
1433 2780 1549 2851 ipse
1585 2781 1637 2837 in
1677 2796 1865 2845 causa,
1915 2781 2128 2843 tametsi

547 2870 759 2925 nolens.
794 2867 886 2922 Sic
910 2884 1074 2940 porro
1094 2884 1184 2924 res
1216 2869 1428 2933 habuit.

620 3044 700 3101 Me
723 3055 886 3115 caput
910 3059 974 3098 ac
1003 3045 1168 3114 pedes
1191 3045 1539 3100 vulneratum
1596 3048 1650 3101 in
1704 3062 1802 3104 sua
1842 3046 1932 3102 ille
1970 3061 2131 3103 exce-

2213 587 2327 623 τειν
2357 568 2556 622 ὶθέλων
2578 585 2591 599 ·
2639 569 2802 622 τοῦτο
2849 569 2972 635 μὲν,
3007 568 3068 621 τὸ
3104 564 3245 621 εἶναι
3273 569 3421 639 ἔχων
3473 571 3626 639 παρὰ
3657 571 3748 623 σοῦ
3770 585 3783 600 ⁸

2211 662 2372 715 τοῦτο
2393 662 2471 727 δὲ,
2501 661 2564 714 τὺ
2607 661 2815 730 σφόδρα
2861 660 3174 730 φιλεῖσθαιο
3205 661 3369 714 τοῦτο
3399 661 3479 725 δὲ,
3504 662 3567 713 τὸ
3596 677 3789 715 πεπαι-

2213 750 2462 816 δεῦσθαι,
2490 751 2587 805 καὶ
2631 751 2890 820 μεγάλων
2938 750 3158 818 ἀγαθῶν
3199 751 3666 815 ἀπολελαυκέναι,
3699 756 3789 806 καὶ

2212 844 2510 916 ήλπικέναι
2539 843 2813 913 λήψεσθαι
2838 843 3035 915 μείζω.
3058 839 3187 913 Εἶχε
3224 843 3326 913 μὲν
3356 842 3537 910 οὕτως
3566 845 3790 914 αὑτῷτά

2214 935 2352 1007 πρὸς
2394 936 2488 988 τὸν
2550 937 2801 1007 πατέρα·
2837 929 2951 1005 εἶχε
2983 934 3042 987 δὲ
3068 934 3135 987 αὖ
3165 937 3372 1005 ὁμοίως
3405 936 3504 988 καὶ
3550 939 3618 989 τὰ
3663 939 3790 1008 πρὸς

2212 1025 2311 1096 τὴν
2352 1027 2586 1096 μητέρα.
2623 1027 2720 1079 Ὧν
2770 1026 2879 1096 γὰρ
2932 1026 3070 1094 πρὸς
3117 1026 3334 1090 πάντας
3397 1028 3648 1098 μέτριος,
3701 1030 3787 1081 καὶ

2217 1116 2473 1188 μηδαμοῦ
2507 1116 2748 1187 δύσερις,
2783 1116 2930 1171 κατὰ
2968 1116 3029 1168 τδ
3057 1114 3232 1187 φιλεῖν
3262 1121 3361 1170 καὶ
3405 1113 3469 1173 εὖ
3500 1121 3675 1171 ποιεῖν
3703 1123 3792 1173 καὶ

2213 1210 2549 1276 ἀποδιδόναι,
2579 1211 2802 1280 κρατεῖν
2824 1210 3079 1264 ἁπάντων
3109 1209 3445 1278 ἐφιλονείκει
3465 1226 3481 1241 ’
3510 1212 3605 1263 καὶ
3628 1212 3791 1284 ῥᾷστα

2214 1299 2281 1354 ἂν
2307 1300 2487 1369 ἀφῆκε
2526 1300 2618 1351 καὶ
2661 1297 2723 1351 τὸ
2752 1299 2875 1367 ζῇν,
2905 1297 3057 1360 ὅπως
3086 1296 3149 1351 τὸ
3188 1296 3421 1365 φίλτρον
3452 1296 3604 1361 ὅσον,
3634 1297 3792 1349 ἐνδεί-

2217 1390 2399 1461 ξηται.
2439 1390 2660 1444 Πολλῶν
2685 1389 2741 1443 δὲ
2773 1389 2945 1441 ὄντων
2980 1387 3260 1459 μεγάλων,
3291 1388 3366 1441 δι’
3397 1382 3476 1443 ῶν
3512 1389 3579 1442 ἂν
3618 1388 3791 1458 ἔχοιμι

2215 1483 2450 1551 τάληθὲς
2488 1480 2708 1553 δηλοῦν,
2742 1482 2889 1536 δυοῖν
2929 1497 2994 1551 γε
3051 1482 3215 1552 μόνον
3265 1481 3562 1553 μνησθεὶς,
3599 1483 3792 1535 αὐτίκα

2213 1576 2277 1631 τὸ
2329 1578 2437 1629 πᾶν
2497 1573 2874 1644 ἐπιδείξομαι·
2939 1574 3119 1627 καίτοι
3192 1573 3288 1631 καὶ
3330 1573 3515 1628 ταῦτα
3564 1573 3794 1628 συνελὼν

2217 1668 2330 1739 ἐρῶ
2368 1666 2582 1721 πολλῶν
2623 1665 2828 1721 ἔνεκα’
2870 1662 3000 1719 ἐπεὶ
3043 1665 3139 1718 καὶ
3205 1664 3389 1730 ἄλλως
3443 1682 3510 1734 γε
3559 1665 3621 1719 οὐ
3669 1667 3794 1736 πρὶς

2219 1761 2554 1833 ἀγνοοῦντας
2575 1760 2714 1830 ήμῖν
2740 1759 2768 1811 ὁ
2796 1758 2974 1824 λόγος.

2294 1850 2403 1908 Ἦν
2429 1855 2487 1906 ἐν
2519 1853 2673 1925 ἀκμῇ
2703 1849 2771 1903 τὰ
2799 1852 2971 1913 κακὰ,
3002 1848 3096 1904 καὶ
3125 1850 3194 1905 τὰ
3221 1850 3321 1919 τῆς
3351 1846 3654 1922 δυστυχίας
3673 1852 3793 1920 ἡμῖν

2223 1949 2278 2012 ἐς
2310 1946 2480 2014 ἄκρον
2509 1943 2835 2015 ἐληλακότα.
2867 1943 2981 1998 Καὶ
3008 1944 3189 1996 τοίνυν
3212 1944 3309 1997 τοῦ
3340 1945 3448 2015 μὲν
3480 1945 3674 2007 ἄστεος
3700 1944 3791 2013 ήδη

2222 2024 2669 2107 κατειλημμένου
2693 2076 2709 2103 ,
2748 2035 2850 2104 τῆς
2876 2035 2932 2089 δὲ
2970 2034 3321 2107 ἀκροπόλεως
3357 2038 3791 2107 μονονουχιπρο-

2222 2131 2568 2202 καλουμένης
2599 2129 2730 2192 τοὺς
2784 2127 3150 2197 ληψομένους,
3216 2128 3315 2195 τῆς
3373 2129 3647 2199 στρατιᾶς
3705 2127 3791 2195 τῆς

2226 2226 2504 2297 Περσικῆς
2545 2222 3014 2294 προσπελασάσης
3065 2222 3143 2292 τῷ
3176 2224 3367 2293 τείχει,
3399 2223 3673 2293 ὀμνύντος
3708 2223 3793 2291 μὲν

2227 2319 2323 2375 τοῦ
2364 2317 2699 2390 στρατηγοῦ,
2730 2317 3013 2389 ὀμνύντων
3034 2314 3089 2369 δὲ
3116 2314 3221 2369 τῶν
3259 2317 3558 2389 ἐκκρίτων,
3602 2317 3794 2369 ἐκεῖνον

2229 2413 2340 2469 σῶν
2395 2412 2474 2473 είς
2506 2410 2606 2480 τὴν
2640 2407 2810 2465 αὐτοῦ
2862 2408 3260 2479 παραπέμψειν
3305 2409 3529 2479 ἀρχὴν*
3583 2402 3650 2479 ἦν
3676 2405 3730 2459 δὲ
3762 2407 3792 2475 ἠ

2232 2504 2569 2575 μητρόπολις
2594 2502 2935 2566 Μακεδονίας
2970 2502 3068 2557 καὶ
3098 2500 3286 2564 πόλεις
3329 2502 3496 2557 ἄλλαι
3519 2516 3534 2532 ⁸
3563 2501 3592 2554 ὅ
3617 2516 3673 2552 τε
3700 2514 3792 2551 πα·
3871 2506 3880 2519 ⁸

2227 2600 2353 2668 τηρ,
2381 2597 2418 2665 ἦ
2447 2613 2508 2650 τε
2553 2598 2739 2667 μήτηρ
2767 2596 2944 2663 κάγὼ,
2978 2597 3075 2650 καὶ
3111 2590 3192 2658 οἷς
3223 2594 3469 2665 ἐμέλησε
3511 2595 3641 2663 περὶ
3662 2590 3790 2644 ἑκεί-

2230 2707 2323 2745 νου
2380 2688 2797 2759 βουλεύσασθαι,
2834 2686 3212 2749 συναινοῦντες
3256 2680 3405 2757 ἦμεν
3462 2688 3533 2756 τῇ
3590 2684 3793 2754 πράξει,

2229 2782 2385 2844 ὄντος
2407 2780 2462 2834 δὲ
2494 2780 2552 2832 ὲν
2579 2780 2764 2849 χεροῖν
2794 2762 2896 2831 τοῦ
2922 2777 3111 2854 Δἔργου,
3145 2775 3338 2831 ἔπειτα
3368 2776 3681 2846 μετάμελος
3700 2770 3790 2843 ἧκε

2229 2869 2311 2942 τῷ
2337 2872 2539 2942 πατρί’
2589 2866 2657 2940 ἦν
2691 2868 2750 2922 δὲ
2779 2867 2953 2931 αῐτιος
2994 2865 3130 2936 ἐγὼ,
3170 2866 3445 2937 μηδαμῶς
3482 2862 3793 2935 βουλόμενος

2232 2957 2399 3018 εἶναι.
2429 2961 2636 3030 Suvis!)
2665 2960 2721 3014 δὲ
2746 2960 2865 3015 ὡδί.

2305 3055 2665 3126 Τετρωμένον
2703 3068 2771 3123 με
2814 3052 2914 3112 τὴν
2947 3050 3192 3122 κεφαλὴν
3219 3050 3315 3104 καὶ
3357 3049 3441 3103 τὼ
3478 3049 3632 3114 πόδε,
3663 3040 3796 3115 εἶχεν

547 3146 701 3208 perat
725 3152 924 3208 genua.
957 3133 1210 3189 Manebat
1238 3150 1367 3188 vero
1412 3135 1690 3197 immotus,
1732 3152 1800 3191 ne
1841 3138 2127 3192 minimum

551 3228 767 3251 _-.!.I-.~.
810 3240 1000 3251 A-_—..-
1041 3228 1251 3251 ..ηειιιηη
1321 3238 1418 3251 -ι-ιι
1471 3224 1752 3251 -ι1·.-...ι,...-
1790 3228 1841 3251 2..
1893 3242 1976 3251 ...Α
2013 3243 2106 3251 ---Α

2233 3146 2601 3216 ἀνακείμενον
2634 3147 2729 3199 ἐπὶ
2759 3144 2868 3200 τῶν
2907 3146 3173 3212 γονάτων.
3213 3143 3322 3201 Καὶ
3346 3143 3624 3215 διέμεινεν
3652 3136 3797 3205 ἀτρέ-

548 3228 769 3297 quidem
807 3240 1002 3293 corpus
1040 3228 1254 3294 agitans
1279 3265 1292 3287 ,
1321 3238 1420 3294 pro
1470 3224 1773 3281 aﬂ‘ectione.
1790 3228 1845 3282 in
1893 3242 1979 3285 me
2011 3243 2132 3283 sua.

547 3317 766 3374 Sciebat
781 3316 922 3372 enim
941 3316 1249 3385 augendum
1270 3316 1401 3370 mihi
1420 3316 1660 3371 dolorem
1688 3325 1749 3372 ut
1766 3333 1824 3372 se
1858 3318 1974 3387 ipse
2016 3334 2135 3373 tuo-

550 3409 888 3465 veret..Cum
918 3408 997 3463 sic
1021 3423 1153 3480 ergo
1190 3409 1258 3462 ab
1290 3423 1477 3462 amore
1501 3407 1806 3463 indivulsus
1828 3420 1997 3476 esset,
2021 3425 2140 3464 ma-

549 3504 717 3560 nebat
751 3519 899 3559 meas
928 3503 1196 3572 lacrymas
1220 3517 1441 3558 curans.
1468 3501 1624 3556 Haud
1652 3505 1800 3557 enim
1825 3502 1982 3558 facile
2001 3504 2141 3559 fere-

551 3594 645 3648 bat
676 3609 706 3646 a
727 3608 812 3647 me
838 3593 1219 3662 separari,qui
1250 3604 1371 3646 esse
1395 3596 1462 3646 ab
1495 3607 1562 3646 eo
1590 3601 1901 3661 separatum
1937 3592 2139 3649 feram.

550 3685 671 3742 Jam
713 3687 859 3741 enim
884 3686 971 3739 ille
1000 3700 1123 3739 cum
1152 3685 1389 3738 mortuis
1405 3685 1656 3739 conditus
1686 3693 1792 3749 est,
1815 3699 2024 3755 nosque
2046 3686 2141 3741 ad-

553 3780 662 3835 huc
708 3789 1008 3844 exstamns,
1038 3794 1102 3833 ac
1139 3778 1476 3833 sustinemus
1501 3780 1756 3833 sensilem
1785 3780 1929 3834 hunc
1967 3779 2140 3835 solem

555 3871 822 3945 aspicere,
856 3882 1145 3941 postquam
1194 3871 1278 3924 sol
1332 3869 1421 3924 ille
1471 3885 1631 3926 meus
1692 3872 1913 3936 occidit,
1974 3887 2137 3943 quem

557 3981 720 4035 supra
767 3963 1114 4033 splendentes
1141 3961 1305 4018 hosce
1336 3962 1519 4017 radios
1562 3964 1792 4019 charum
1847 3964 2140 4019 habebam.

557 4055 776 4109 Interim
811 4069 940 4121 ergo
973 4051 1104 4107 dum
1141 4066 1322 4107 moras
1356 4052 1545 4118 trahit,
1608 4053 1672 4107 ad
1707 4069 1795 4107 me
1855 4055 2005 4109 venit
2044 4056 2141 4124 qui

559 4145 797 4210 nuntiet,
831 4153 889 4199 ut
931 4152 1082 4212 pater
1129 4143 1416 4197 consilium
1484 4145 1727 4206 mutarit.
1784 4144 1908 4200 vitae
1969 4147 2140 4200 aleam

558 4236 789 4301 veritus,
823 4243 881 4291 ut
911 4234 1153 4303 suspicio
1179 4234 1322 4288 foret
1349 4234 1540 4288 iniisse
1565 4232 1916 4288 Theodorum
1956 4234 2141 4304 fugam

560 4328 681 4398 ipso
733 4325 1019 4398 probante.
1061 4323 1160 4380 Vix
1223 4340 1372 4380 ante
1426 4325 1695 4389 audierat,
1762 4343 1884 4383 cum
1941 4329 2145 4384 nullius

560 4435 748 4486 suasu,
777 4428 940 4474 autve
961 4414 1303 4488 etlspectans.
1333 4418 1429 4488 qui
1480 4418 1885 4485 adhortaretur,
1939 4424 2147 4492 quique

2242 3256 2372 3312 μας,
2404 3239 2672 3310 μηδαμῶς
2705 3239 2766 3291 τδ
2798 3237 2961 3309 σῶμα
2989 3237 3159 3293 κινῶν
3210 3236 3380 3306 οἴκτῳ
3405 3236 3490 3309 τῷ
3520 3233 3656 3305 πρὸς
3688 3229 3798 3300 ἐμὲ.

2242 3332 2427 3400 Ἔγνω
2460 3334 2571 3403 γὰρ
2602 3332 2678 3393 ὡς
2702 3331 2969 3401 κινηθεὶς,
2988 3330 3180 3400 ὀδύνην
3203 3328 3542 3399 προξενήσει
3569 3342 3668 3395 μου
3692 3321 3798 3379 ταῖς

2239 3425 2503 3497 πληγαῖς.
2529 3425 2624 3479 Ὧν
2655 3425 2714 3477 δὲ
2741 3422 3316 3484 δυσαπόσπαστοςδιὰ
3348 3422 3415 3473 τὸ
3446 3419 3647 3493 φιλεῖν,
3683 3413 3802 3482 εμε-

2241 3534 2332 3571 νεν
2388 3517 2787 3587 ἐπιμελόμενός
2842 3530 2944 3584 μου
2996 3512 3275 3580 δακρύων.
3337 3512 3416 3565 Οὐ
3470 3514 3578 3581 γὰρ
3620 3504 3802 3578 ῥαδίως

2241 3610 2406 3681 ἔφερε
2428 3610 2520 3663 τὸν
2550 3609 2683 3678 ἐμὸν
2705 3609 3010 3678 χωρισμὸν,
3032 3606 3127 3661 τοῦ
3160 3610 3252 3660 τὸν
3282 3605 3500 3659 ἐκείνου
3531 3603 3798 3671 φέροντος.

2243 3705 2355 3758 Καὶ
2392 3710 2503 3773 γὰρ
2529 3705 2742 3765 ἐκεῖνος
2799 3702 2939 3773 μετὰ
2967 3702 3074 3754 τῶν
3105 3699 3318 3769 νεκρῶν
3340 3699 3442 3771 ήδη
3478 3699 3799 3765 κέκρυπταιο

2243 3794 2406 3862 ἡμεῖς
2449 3791 2494 3843 δ’
2533 3792 2593 3843 ὲν
2636 3792 2805 3856 ζῶσιν
2837 3791 2917 3844 ἐτι
2949 3790 3280 3859 φαινόμεθα,
3329 3789 3425 3842 καὶ
3471 3782 3685 3841 τουτονὶ
3717 3777 3800 3831 τὸν

2242 3885 2396 3954 ήλιον
2424 3885 2558 3955 ὁρᾷν
2585 3883 2914 3953 ἀνεχόμεθα,
2939 3872 3150 3937 ἐκείνου
3182 3882 3372 3944 δύντος
3419 3881 3529 3933 ὑπὸ
3561 3877 3658 3947 τὴν
3684 3872 3798 3941 γῆν,

2242 3976 2302 4039 ὃς
2347 3973 2417 4046 ἦν
2466 3976 2629 4045 ήδέων
2662 3975 2792 4043 ἐμοὶ
2828 3975 3065 4043 ταυτησὶ
3101 3975 3201 4042 τῆς
3265 3973 3532 4042 λαμπρᾶς
3574 3967 3804 4022 ἀκτῖνος.

2258 4067 2347 4119 Ἐν
2374 4065 2438 4134 δὴ
2471 4066 2550 4135 τῷ
2591 4065 2809 4134 μέλλειν
2843 4065 3076 4128 ἐκεῖνον,
3106 4057 3210 4133 ἦκέ
3244 4078 3327 4124 τις
3360 4061 3644 4130 ἀγγέλλων
3675 4052 3801 4118 πρὸς

2244 4160 2370 4226 ἐμὲ,
2392 4157 2467 4219 ὡς
2498 4158 2526 4208 ό
2559 4157 2741 4228 πατὴρ
2771 4158 3152 4225 μεταμέλοιτο,
3179 4156 3366 4217 δεδιὼς
3402 4153 3534 4223 περὶ
3563 4146 3654 4205 τοῦ
3687 4146 3799 4214 ζῇν.

2246 4251 2312 4302 ἂν
2362 4250 2392 4303 ὁ
2431 4247 2677 4316 δρασμὸς
2732 4247 3049 4316 ὑποπτευθῇ
3101 4244 3435 4314 γεγενῆσθαι
3492 4246 3557 4312 τῇ
3606 4237 3801 4295 ἐκείνου

2248 4341 2462 4412 γνώμῃ.
2489 4341 2596 4394 Καὶ
2616 4339 2674 4403 ὃς
2706 4341 2898 4409 μαθὼν
2924 4341 3015 4393 ὑπ’
3052 4339 3210 4409 ἐμοῦ.
3243 4340 3382 4409 μήτε
3406 4337 3505 4390 τοῦ
3535 4333 3803 4388 πείσοντος

2246 4431 2488 4500 δεηθεὶς,
2533 4432 2672 4501 μήτε
2712 4432 2840 4493 τοὺς
2900 4412 3389 4495 παρακαλέσοντας
3420 4426 3737 4497 ἀναμείνιςο
3769 4416 3799 4484 ἢ

562 4519 781 4583 rogaret
804 4526 869 4565 ne
889 4511 1179 4565 stationem
1216 4511 1491 4569 desereret
1522 4512 1577 4567 in
1630 4528 1907 4571 summum
1966 4515 2130 4569 addu-

2247 4524 2374 4585 τοῖος
2408 4520 2741 4586 ἀξιώσοντας
2780 4521 2922 4592 ὑπὲρ
2947 4522 3048 4592 τῆς
3075 4522 3242 4590 μονῆς
3264 4521 3364 4590 τῆς
3392 4521 3477 4584 είς
3508 4520 3614 4572 πᾶν
3640 4512 3801 4568 δεινὸν

560 4612 775 4658 centem
807 4602 1127 4669 discrimen,
1162 4618 1276 4659 suae
1311 4604 1483 4674 ipsius
1509 4605 1673 4661 saluti
1704 4620 1768 4660 ac
1798 4606 1942 4672 vita,
1964 4617 2144 4677 pater-

563 4709 686 4749 nam
711 4696 999 4764 anteponit
1062 4695 1419 4761 voluntatem,
1455 4710 1525 4751 ne
1574 4712 1753 4759 meum
1803 4699 2018 4768 quidem
2075 4715 2140 4756 ea

561 4795 716 4857 parte
751 4788 1039 4844 consilium
1112 4788 1420 4859 requirens,
1468 4803 1534 4845 ac
1578 4804 1679 4845 nec
1722 4791 1936 4855 matris,
1992 4792 2139 4863 quod

561 4881 747 4951 probis
773 4880 898 4936 [iliis
934 4880 1111 4950 majus
1149 4880 1406 4935 omnibus
1435 4888 1539 4937 est.
1581 4879 1820 4936 Sedebat
1855 4899 1985 4955 ergo
2019 4886 2141 4940 lixis

562 4975 617 5029 in
654 4984 853 5029 terram
886 4974 1213 5038 luminibus,
1258 4971 1550 5045 dirumque
1576 4974 1867 5041 quemdam
1922 4980 2144 5032 carnili-

561 5082 679 5124 cctu
715 5068 900 5122 animo
929 5065 1202 5132 versabat,
1232 5078 1356 5121 cum
1396 5078 1492 5134 per
1521 5080 1645 5120 eum
1699 5075 1890 5133 staret,
1923 5070 2140 5140 quomi-

644 5244 918 5317 (l)]1apta
941 5248 1090 5304 urbe.
1122 5244 1205 5300 Ab
1234 5245 1783 5317 Andronicomajore
1826 5257 1954 5302 natu
1989 5249 2131 5303 lilio-

566 5331 689 5373 rum
714 5313 1121 5382 Cato-Joannis,
1153 5330 1218 5369 ac
1238 5314 1503 5372 Manuelis
1545 5313 1738 5380 fratre,
1771 5321 1964 5373 ambos
1987 5320 2135 5375 obsi-

569 5391 766 5445 dente,
804 5387 1094 5458 impetrato
1126 5401 1157 5440 a
1190 5385 1441 5455 Bejazete
1492 5387 1686 5453 milite,
1721 5396 2009 5458 postquam
2069 5392 2137 5444 ab

568 5457 754 5512 infuso
774 5455 950 5510 oculis
978 5468 1134 5511 aceto
1171 5458 1346 5528 patris
1385 5458 1541 5525 jussu
1574 5462 1644 5512 ob
1671 5455 2137 5528 :cbrrjuratiozierit

568 5530 623 5582 iu
656 5528 832 5598 ipsum
871 5527 1122 5598 nonnihil
1158 5527 1530 5583 convaluisset
1561 5546 1576 5582 :
1624 5527 1807 5598 quam
1849 5530 2137 5584 historiam

568 5606 754 5668 narrat
784 5594 1004 5650 Laonic.
1029 5597 1120 5651 lib.
1156 5611 1190 5649 ll
1218 5614 1232 5660 ;
1258 5613 1323 5668 ex
1351 5614 1461 5667 quo
1478 5594 1727 5654 videatur
1759 5598 1868 5653 dux
1896 5599 2000 5655 iste
2049 5601 2140 5668 qui

569 5666 916 5748 Theodorum
958 5668 1111 5748 abire
1158 5666 1528 5748 permittebat,
1566 5668 1743 5748 fuisse
1778 5669 1894 5748 ipse
1922 5666 2147 5748 Andro-

571 5737 749 5809 nicus,
781 5738 1004 5809 quisoli
1030 5737 1194 5809 patri,
1217 5737 1287 5791 ob
1316 5748 1594 5809 acceptam
1626 5740 1907 5808 iniuriam,
1943 5755 2008 5793 ac
2034 5740 2144 5793 Ma-

572 5807 718 5862 ttueli
770 5806 1057 5878 designato
1110 5806 1464 5878 imperatori,
1507 5806 1756 5867 infensus
1805 5821 1969 5867 esset.
2019 5811 2147 5864 Erat

1540 6550 1767 6565 μνσ--οη--Σ-
1846 6554 1857 6555 κ
1950 6553 2005 6559 .——
2020 6552 2141 6558 ...α-.-

2243 4614 2589 4682 ἁπαγούσης,
2619 4614 2680 4667 τὸ
2701 4613 2795 4667 τοῦ
2822 4614 3029 4684 πατρὸς
3057 4612 3310 4683 βούλημα
3359 4614 3463 4682 τῆς
3498 4612 3633 4672 ἰδίας
3671 4605 3804 4670 ζωῆς

2247 4702 2552 4775 προῦθηκε,
2580 4706 2718 4774 μήτε
2741 4705 2841 4774 τὴν
2867 4706 2889 4755 ὲ
2899 4704 3008 4775 μὴν
3033 4704 3230 4775 βουλὴν
3256 4707 3337 4767 είς
3360 4705 3521 4757 τοῦτο
3551 4700 3801 4770 ζητήσας.

2251 4800 2391 4865 μήτε
2424 4797 2529 4866 μὴν
2560 4798 2658 4863 τὴν
2694 4795 2797 4863 τῆς
2831 4797 3058 4864 μητρὸς,
3092 4796 3310 4850 πάντων
3342 4797 3510 4848 οὔσαιν
3540 4786 3806 4860 ἰσχυροτέ-

2251 4905 2349 4957 ραν
2395 4888 2568 4941 υίέσιν
2619 4886 2655 4942 ἃ
2701 4888 2785 4942 δεῖ
2832 4889 3188 4959 πράττουσιν.
3237 4887 3509 4955 Ἐκάθητο
3562 4883 3625 4949 δὴ
3678 4872 3805 4930 κατὰ

2250 4980 2436 5052 χθονὸς
2465 4979 2691 5049 ὄμματα
2720 4978 2919 5049 πήξας,
2953 4980 3049 5034 καί
3073 4996 3195 5032 τινα
3221 4979 3595 5048 ἀπάνθρωπον
3617 4972 3802 5039 δήμιον

2251 5072 2661 5143 φανταζόμενος
2685 5086 2700 5103 ο
2740 5072 2837 5125 καὶ
2866 5070 3014 5126 τοῦτ’
3063 5073 3263 5137 ἐποίει,
3296 5071 3487 5140 κύριος
3518 5070 3593 5122 ὢν
3633 5062 3802 5127 πάσης

2240 5252 2411 5326 etiam
2444 5252 2769 5311 Theodorus
2799 5266 3058 5325 acceptus
3081 5256 3305 5318 Turcis,
3342 5258 3443 5310 sui)
3473 5251 3669 5326 quibus
3700 5244 3801 5326 iam

2240 5324 2559 5383 meruisset.
2601 5320 3065 5392 postmodumque
3099 5335 3324 5381 ereatus
3350 5328 3461 5378 dux
3491 5320 3526 5375 ξι
3570 5320 3803 5392 Βίξίίιῑθῐθ

2244 5386 2612 5461 expeditione
2651 5398 2702 5449 in
2754 5386 3124 5450 Thessaliam.
3164 5395 3295 5449 Vide
3340 5397 3586 5448 eumdem
3624 5386 3806 5461 [moni-

2244 5458 2367 5517 cunt
2400 5478 2662 5517 :necnon
2697 5463 2950 5529 Frantz.,
2975 5466 3217 5535 quiipsis
3250 5463 3587 5535 temporibus
3621 5456 3803 5535 “urens

2248 5535 2317 5587 ad
2349 5536 2522 5602 ipsam
2573 5550 2749 5604 usque
2792 5526 2944 5590 urbis
2973 5526 3464 5605 expugnationem,
3498 5526 3799 5605 Ρκιξεοιοεῖξ

2246 5598 2612 5659 charissimus
2646 5598 2710 5660 ac
2751 5598 3090 5663 domesticus
3124 5598 3388 5668 militans,
3423 5598 3668 5662 scintilla:
3712 5598 3805 5644 im-

2252 5675 2413 5798 perii,
2445 5689 2607 5743 quam
2660 5679 2775 5746 ipse
2811 5679 3072 5746 appellat,
3124 5685 3412 5746 superstes
3450 5676 3571 5740 l‘nit,
3626 5669 3803 5730 N359ue

2297 5744 2684 5798 almuloaorum
2725 5758 3052 5798 Drosecutus
3086 5756 3191 5798 est.

2297 5744 2695 5814 almulogorum
2725 5744 3052 5816 prosccutus
3086 5756 3191 5805 cst.
