4060 6596
306 375 424 440 201

1109 372 1511 434 THEODORI
1556 369 1913 432 DESPOTAS
1954 367 2350 430 LAUDATIO
2385 357 2802 427 FUNEBRIS.

3486 356 3594 423 202

308 487 653 558 δυσχερείας
679 487 1091 556 ἀπαλλαγῆναι,
1112 488 1178 558 ἢν
1197 490 1223 540 ό
1249 486 1514 556 δυστυχὴς
1534 486 1740 548 ἐκεῖνος
1779 501 1900 536 και-

2013 495 2109 534 nus
2144 481 2210 533 ab
2251 458 2400 531 oinni
2438 479 2524 532 illa
2559 477 2830 540 molestia,
2859 489 3020 544 quam
3061 473 3216 528 triste
3271 472 3402 528 illud
3456 483 3594 528 tem.

311 576 418 646 ρδς
443 579 577 648 ἡμῖν
630 578 903 647 ἐπήνεγκε
938 577 1305 647 πολλαχόθεν·
1347 577 1572 644 ἀγαθῶν
1608 577 1664 630 δὲ
1716 575 1902 638 τεύξε-

310 671 450 721 σθαι
477 671 572 722 καὶ
605 667 751 739 ἡμᾶς
783 669 1178 740 ἐλευθερώσειν
1211 670 1470 734 ἐλπίζων,
1501 671 1638 736 εἴγε
1673 669 1777 735 ἔξω
1808 671 1902 735 γέ-

310 780 468 816 νοιτο
492 763 729 830 δεσμῶν.
781 762 838 814 '0
865 761 910 815 δ’
943 754 1116 815 είλετο
1147 762 1656 832 συγκαθειρχθῆναι
1701 755 1903 832 μᾶλλον

309 857 460 923 ἡμῖν
519 857 576 908 ὲν
611 856 826 923 εἱρκτῇ,
856 855 890 926 ἢ
924 855 989 926 δὴ
1042 857 1134 908 καὶ
1170 855 1295 908 καθ’
1340 855 1514 926 αὑτήν
1551 855 1780 918 θάνατος
1811 851 1901 926 ῆν,

309 948 393 1009 ὡς
430 948 627 1009 είπεῖν,
663 937 872 1000 καὶτὸν
905 949 1014 1001 ἀπὸ
1047 948 1140 1001 τοῦ
1170 947 1361 1017 ξίφους
1427 947 1901 1018 προσαπειλοῦσα.

310 1039 492 1092 ’Ὥστε
528 1037 722 1109 γνώμῃ
760 1038 993 1109 τέθνηκε
1023 1039 1112 1092 διὰ
1134 1043 1234 1110 τὴν
1264 1039 1360 1094 τοῦ
1391 1043 1598 1111 πατρὸς
1628 1041 1867 1110 ὑποψίαν
1886 1057 1901 1072 ⁸

314 1131 464 1198 πρὸς
493 1131 559 1199 ἦν
591 1131 656 1183 ἂν
686 1126 798 1199 εἶχε
841 1131 1010 1203 μυρία
1042 1130 1246 1198 λέγειν,
1284 1133 1340 1184 εἴ
1370 1149 1435 1200 γε
1467 1132 1720 1186 ἐϐούλετο
1753 1151 1826 1186 πα
1843 1151 1904 1204 ρ-

313 1221 622 1275 αιτεῐσθαι.
669 1222 823 1274 Ἐπεὶ
855 1225 952 1275 καὶ
1005 1218 1145 1292 ἦσαν
1199 1226 1249 1277 oi
1288 1225 1549 1278 τάναντία
1576 1225 1654 1292 τῷ
1697 1226 1909 1296 βασιλεῖ

314 1314 597 1381 λέγοντες,
629 1311 710 1378 οἷς
735 1332 798 1384 γε
828 1317 926 1370 καὶ
964 1319 1125 1380 αὐτὸς
1153 1318 1554 1388 συνεστοίχουν.
1593 1320 1764 1372 Ὄντα
1795 1321 1906 1390 γὰρ

313 1408 490 1459 αὐτὸν
521 1407 679 1469 ἐκτὸς
707 1406 761 1459 τί
795 1408 894 1460 ούκ
925 1408 992 1461 ἂν
1031 1409 1172 1480 ὑπὲρ
1212 1411 1371 1480 ἡμῶν
1405 1412 1652 1480 πρᾶξαι;
1684 1412 1906 1476 Ἕξουσι

317 1500 430 1568 μὲν
457 1502 513 1552 αί
547 1501 742 1563 νύκτες
773 1501 1222 1570 ὲναγρυπνοῦντα
1274 1506 1395 1566 ταῖς
1429 1505 1670 1574 βουλαῖς,
1706 1499 1794 1568 αἷς
1840 1506 1908 1557 ἂν

311 1595 474 1662 ἡμᾶς
506 1593 754 1663 ῥύσαιτο,
806 1586 995 1664 ὅρθροι
1031 1595 1112 1661 δὲ,
1155 1588 1544 1666 ἐπιχειρούντα
1592 1599 1763 1652 ἆπασι
1797 1600 1908 1661 τοῖς

314 1685 512 1750 δόξασι
543 1685 789 1753 νύκτωρ,
819 1687 1176 1756 φροντίζοντα
1209 1689 1308 1756 μὲν
1339 1690 1450 1742 τῶν
1476 1690 1730 1752 δεόντων,
1759 1692 1908 1753 ὅπως

313 1777 376 1831 δὲ
395 1779 550 1838 τέλος
572 1777 851 1846 προσῆκον
874 1779 1027 1848 σχοίη
1043 1778 1111 1831 τὰ
1135 1778 1387 1842 δόξαντα,
1410 1780 1587 1834 πάντα
1607 1780 1868 1834 ποιοῦντα
1887 1797 1904 1814 ο

2007 587 2108 640 pus
2165 571 2326 624 nobis
2381 569 2698 632 invexisset,
2753 567 2894 622 liber
2941 565 3222 630 evaderet,
3284 564 3594 635 pessetqne

2007 666 2148 720 bona
2175 663 2461 732 consequi,
2496 677 2562 716 ac
2595 675 2720 731 spes
2749 667 2919 724 esset,
2951 674 3050 712 nos
3078 659 3333 727 deinceps
3391 658 3593 712 libera-

2005 767 2209 820 turum,
2239 766 2294 809 ut
2347 756 2416 810 ab
2455 754 2564 809 illis
2630 753 2746 823 ipse
2801 751 3037 806 vinculis
3093 751 3230 805 liber
3305 751 3592 806 evasisset.

2005 850 2194 903 Maluit
2213 848 2569 902 nihilominus
2596 847 2787 902 eodem
2817 845 3108 900 nobiscum
3140 843 3312 898 teneri
3349 859 3602 908 carcere,

2004 944 2099 1013 qui
2122 945 2237 1012 ipse
2270 938 2367 1012 per
2393 957 2452 996 se
2495 955 2642 994 mors
2677 939 2986 1002 videbatur,
3033 953 3096 992 ac
3130 937 3348 992 abunde
3401 936 3599 990 mortis

2005 1037 2187 1107 gladio
2251 1035 2662 1090 consciscenda:
2741 1042 2946 1087 metum
3025 1033 3321 1101 ingereret.
3395 1029 3601 1096 Quam-

2006 1129 2193 1184 obrem
2257 1137 2317 1182 ιιι
2364 1137 2578 1198 spectes
2609 1125 2778 1181 animi
2805 1124 3427 1195 propositum,.mortem
3459 1121 3602 1176 obiit

2009 1222 2080 1276 ob
2112 1221 2311 1274 nudam
2347 1220 2521 1289 patris
2554 1219 2949 1288 suspicionem,
2978 1217 3067 1270 cui
3116 1217 3405 1270 innumera
3432 1229 3601 1283 Oppo-

2006 1328 2138 1368 nere
2167 1312 2387 1375 licebat,
2425 1322 2484 1366 ut
2511 1311 2730 1381 quidem
2757 1311 3021 1366 voluisset
3090 1309 3386 1379 imperium
3416 1307 3599 1362 detrec

2009 1415 2181 1462 clare.
2231 1403 2368 1458 Nam
2417 1419 2593 1474 neque
2637 1403 2866 1458 deerant
2915 1403 3008 1472 qui
3077 1400 3395 1470 imperatori
3438 1414 3602 1452 secus

2011 1496 2383 1559 consulerent,
2420 1495 2734 1562 inqnorum
2775 1495 2890 1564 ipse
2960 1503 3142 1562 partes
3203 1489 3596 1546 concedebant.

2008 1586 2148 1652 Quid
2183 1587 2326 1640 enim
2359 1587 2448 1640 ille
2512 1601 2633 1639 mox
2669 1585 2887 1653 elapsus
2943 1599 3048 1637 non
3077 1597 3174 1652 pro
3200 1584 3358 1636 nobis
3383 1581 3605 1635 molitno

2007 1692 2105 1729 rus
2133 1685 2274 1730 esset
2297 1675 2320 1728 ?
2345 1675 2512 1728 Erant
2567 1687 2754 1730 noctes
2806 1675 3076 1730 habitune
3117 1675 3424 1728 insomnem
3451 1673 3504 1726 in
3536 1687 3598 1727 ea

2010 1767 2244 1822 consilia
2285 1766 2501 1838 vigilem
2523 1768 2723 1837 quibus
2755 1783 2854 1822 nos
2896 1769 3128 1821 liberare
3173 1775 3389 1834 posset;
3456 1765 3602 1818 dilu-

317 1865 779 1939 ὑπισχνούμενον,
809 1869 1161 1939 ἐγγυώμενον
1194 1872 1336 1942 ὑπὲρ
1364 1874 1470 1926 τᾶν
1489 1874 1910 1943 ὑπεσχημένων

2030 1861 2150 1914 cuia
2172 1875 2320 1922 vero,
2387 1863 2570 1915 omnia
2620 1864 3047 1932 aggredientem,
3110 1875 3232 1928 quae
3279 1875 3374 1928 per
3423 1859 3603 1912 noctis

316 1962 571 2032 ὀμνύντα
609 1961 802 2016 τούτου
833 1961 1034 2029 δεῆσαν
1065 1965 1204 2032 πρὸς
1241 1967 1367 2026 τοὺς
1396 1965 1732 2034 δυναμένους
1759 1965 1902 2029 ἀμύ-

315 2072 476 2108 νειν·
537 2056 704 2126 μηδὲν
769 2056 945 2108 ἐῶντα
999 2056 1109 2108 τῶν
1165 2058 1547 2110 συνοισόντων.
1580 2059 1694 2128 Τὴν
1724 2058 1782 2111 δὲ
1836 2057 1902 2129 δὴ

319 2146 604 2216 βοήθειαν,
652 2146 688 2216 ἢ
722 2146 935 2216 προσῆν
975 2146 1043 2201 ἂν
1100 2148 1320 2210 πάντως
1364 2149 1521 2217 ἡμῖν,
1560 2150 1624 2200 ἐκ
1677 2145 1772 2201 τοῦ
1835 2149 1904 2202 τὰ

315 2236 615 2290 δεινότατα
664 2235 936 2300 ἀπειλεῖν,
975 2235 1028 2288 εί
1057 2253 1142 2299 τις
1186 2236 1252 2290 ἂν
1295 2237 1405 2289 τῶν
1457 2239 1903 2308 σωμάτωνξὴμῖν

317 2328 545 2396 ἅψαιτο,
577 2327 682 2380 ποῦ
712 2345 799 2390 τις
843 2324 914 2382 ἂν
946 2328 1102 2398 θείης
1137 2329 1302 2382 Οὐδὲν
1347 2329 1413 2382 ἂν
1442 2324 1512 2400 ἦν
1541 2331 1678 2400 αὐτῇ
1723 2346 1930 2400 παρα-·

318 2419 561 2488 πλήσιον
605 2421 686 2482 είς
718 2419 778 2471 τὸ
811 2419 912 2489 τὴν
959 2419 1108 2489 ζωὴν
1141 2421 1275 2488 ἡμῖν
1332 2423 1648 2490 συντηρεῖν.
1677 2415 1752 2474 Ἦ
1801 2441 1904 2475 που

316 2513 428 2581 τὴν
463 2511 628 2564 αὑτοῦ
665 2511 832 2580 φύσιν
871 2512 1035 2581 ἀρκεῖ
1083 2514 1173 2564 καὶ
1209 2512 1369 2578 μόνον
1395 2513 1557 2565 τοῦτο
1598 2514 1779 2576 καλῶς
1814 2514 1907 2584 δη-

317 2604 501 2656 λῶσαι
526 2622 542 2668 ;
572 2603 634 2656 Εί
663 2604 773 2675 γὰρ
798 2603 943 2673 ὑπὲρ
975 2602 1216 2672 ὑποψίας
1255 2604 1466 2674 ταύτης
1510 2606 1784 2677 προῦλαϐε
1812 2607 1910 2658 καλ⁹

317 2693 506 2764 νεῦμα
534 2695 760 2763 πατρὸς,
794 2695 888 2746 καὶ
914 2692 976 2746 τὸ
1005 2694 1127 2747 κατ’
1147 2696 1310 2749 αὐτὸν
1333 2697 1619 2766 ἐτεθνήκει
1647 2712 1660 2727 '
1692 2700 1788 2750 καὶ
1813 2699 1908 2751 πό-

321 2805 459 2849 σους
490 2784 555 2840 ἄν
599 2787 866 2859 θανάτους
897 2788 997 2858 οὐχ
1024 2788 1359 2858 ὑπήνεγκεν,
1408 2789 1551 2842 ὥστε
1595 2790 1910 2859 προφανοῦς

318 2879 496 2932 αὑτὸν
544 2879 793 2934 κινδύνου
817 2849 1144 2950 ἱ’ῥύσασθαις
1179 2883 1253 2933 υύ
1293 2880 1544 2951 ζηλωτὴς
1585 2881 1815 2947 ’1σαάκ;
1849 2882 1910 2934 ού

319 2970 426 3025 τοῦ
459 2971 716 3041 Σωτῆρος
741 2971 950 3038 uiator“);
998 2974 1073 3025 Ού
1105 2972 1214 3042 γὰρ
1242 2973 1522 3043 τολμηρὸν
1565 2975 1743 3025 εἰπεῖν
1766 2989 1781 3004 θ
1819 2973 1912 3026 τύ·-

322 3079 434 3126 τιος
463 3064 574 3132 γὰρ
614 3065 747 3133 ἡμῖν
779 3066 994 3126 ἐκεῖνος
1038 3065 1137 3117 καὶ
1169 3064 1539 3134 ύπογραμμδς
1586 3063 1908 3134 πρόκειται,

320 3157 428 3210 καὶ
453 3153 540 3225 εἴη
570 3156 634 3208 ἄν
670 3164 787 3219 πως
834 3156 1236 3225 κεχαρισμένον
1275 3157 1352 3225 τῷ
1378 3155 1588 3208 ἐκείνου
1634 3156 1826 3225 πατρὶ,
1863 3154 1916 3207 εί

322 3265 414 3311 τις
441 3247 706 3318 ζηλώσειε
736 3246 828 3299 τὸν
857 3248 993 3302 υίόν.
1041 3247 1136 3300 ’Ὡν
1173 3247 1230 3300 δὲ
1253 3248 1382 3316 περὶ
1413 3249 1540 3310 τοὺς
1579 3246 1776 3314 γονέας
1799 3256 1912 3299 τοι·
1939 3225 1986 3286 c

321 3339 510 3403 οὗτος,
550 3339 707 3402 ἄλλος
757 3339 894 3409 πρὸς
942 3341 1091 3408 ἡμᾶς
1143 3339 1426 3409 ἀνεφάνη;
1462 3339 1748 3407 Οὐδαμῶς.
1803 3339 1914 3391 Καὶ

323 3433 443 3502 γὰρ
464 3433 678 3486 οἰκοῦσι
699 3432 799 3502 τὴν
822 3433 1068 3502 φρουρὰν
1087 3432 1270 3498 ὀλίγου
1302 3433 1413 3486 δεῖν
1445 3431 1572 3503 τρία
1601 3431 1720 3502 ἐτη,
1741 3431 1914 3485 πολλὰ

324 3523 598 3593 νοσήμαθ⁹
629 3525 759 3593 ἡμῖν
794 3523 1096 3594 ἐπέσκηψε,
1116 3526 1212 3578 καὶ
1240 3523 1532 3594 διηνὼχλει
1558 3525 1756 3593 πικρὸν
1786 3524 1913 3593 ἄχρι

330 3615 536 3683 βάθους
577 3615 922 3684 εἰσδυόμενα,
970 3617 1064 3669 καὶ
1115 3616 1180 3688 δὴ
1229 3617 1326 3669 καὶ
1372 3607 1700 3684 σπλάγχνων
1732 3616 1914 3670 αὐτῶν

329 3711 429 3761 καὶ
451 3709 695 3779 κεφαλῆς
730 3709 806 3777 μὴ
832 3709 1124 3778 φειδόμενα
1146 3725 1159 3739 ·
1192 3709 1318 3762 ἐπεὶ
1353 3709 1409 3761 δὲ
1443 3708 1689 3773 ἐλπίζειν
1716 3710 1816 3762 οὐκ
1841 3703 1911 3779 ἧν

327 3798 693 3866 λυθήσεσθαι,
727 3799 827 3851 ὅσα
861 3815 926 3866 γε
961 3801 1041 3860 εις
1090 3799 1390 3868 λογισμοὺς
1433 3799 1582 3867 ἥκει,
1629 3797 1912 3868 κατηνάγ-

330 3890 469 3954 καζε
495 3889 556 3941 τὸ
601 3892 837 3959 πρᾶγμα
870 3892 963 3943 καὶ
995 3891 1169 3961 αὐτὴν
1218 3891 1283 3960 δὴ
1332 3889 1434 3961 τὴι
1485 3891 1655 3960 ζωὴν,
1683 3890 1744 3942 τὸ
1773 3893 1910 3943 πᾶσι

333 3985 509 4050 φίλον,
547 3983 737 4053 ὥσπερ
767 3988 948 4053 μισεῖν
982 3984 1126 4037 οὕτω
1158 3985 1412 4053 λυπηρὰν
1440 3981 1633 4036 οὖσαν.

2006 1952 2218 2006 silentia
2261 1967 2291 2006 e
2322 1968 2381 2006 re.
2413 1952 2527 2007 visa
2560 1961 2747 2007 essent
2781 1969 2796 2006 :
2825 1968 2887 2008 ea
2948 1961 3233 2006 curantem
3263 1967 3384 2021 quae
3422 1965 3603 2019 opere

2007 2046 2242 2114 pretium
2272 2053 2536 2113 putasset,
2565 2046 2811 2115 nihilque
2865 2060 2971 2098 non
3037 2054 3290 2116 agentem
3356 2053 3416 2098 ιιι
3470 2058 3604 2098 con-

2004 2147 2201 2204 gruum
2234 2135 2324 2190 illa
2363 2136 2521 2190 tinem
2576 2135 2889 2205 acciperent
2921 2153 2936 2200 ;
2963 2137 3429 2206 promittentem,
3453 2150 3603 2206 pro-

2006 2227 2192 2282 missis
2227 2229 2521 2298 sponsione
2543 2238 2823 2284 caventem
2851 2247 2867 2296 ;
2903 2244 3024 2284 sese
3081 2237 3455 2294 sacramento,
3477 2243 3600 2284 cum

2009 2336 2097 2376 res
2123 2320 2310 2386 ferret,
2347 2322 2412 2376 ad
2441 2337 2536 2377 eos
2589 2323 2681 2391 qui
2728 2333 2953 2393 possent
2983 2324 3199 2389 ulcisci,
3255 2324 3604 2392 obstringen-

2008 2414 2325 2480 tem;nihil
2363 2415 2599 2485 denique
2617 2427 2987 2486 opportunum
3042 2418 3284 2488 negotio,
3341 2419 3602 2472 omitten-

2011 2513 2140 2560 tem.
2172 2504 2226 2557 id
2265 2520 2394 2559 vero
2429 2506 2614 2559 auxilii
2662 2506 2806 2574 quod
2854 2507 3200 2575 suppetebat,
3263 2506 3603 2574 gravissimis

2012 2597 2296 2651 intentatis
2335 2599 2522 2660 minis,
2554 2607 2612 2650 ut
2636 2599 2761 2667 quis
2788 2599 3132 2668 corporalem
3193 2599 3354 2652 nobis
3419 2597 3600 2651 hesio-

2012 2704 2134 2744 nem
2193 2690 2436 2760 inﬂigere
2494 2694 2742 2758 auderet,
2797 2707 2906 2762 quo
2969 2693 3092 2746 loco
3150 2689 3402 2761 ponam?
3458 2688 3604 2765 Nihil

2013 2795 2146 2835 sane
2179 2782 2316 2836 adeo
2349 2783 2507 2838 nobis
2556 2799 2799 2853 praisens
2827 2785 2893 2837 ad
2922 2784 3042 2837 vita:
3094 2783 3407 2853 praesidium
3461 2791 3600 2835 erat.

2013 2870 2153 2925 Num
2176 2886 2307 2925 vero
2338 2887 2508 2926 unum
2535 2875 2634 2927 hoc
2664 2888 2728 2928 ac
2755 2875 3035 2943 singulare
3059 2874 3308 2942 prmelari
3339 2873 3459 2927 loco
3476 2873 3606 2926 cha-

2014 2966 2264 3028 racteris,
2286 2966 2451 3019 vitam
2476 2967 2596 3032 ejus
2627 2976 2894 3036 quantum
2931 2983 3066 3037 Opus
3099 2979 3204 3030 est,
3269 2969 3407 3022 satis
3471 2966 3608 3020 insi-

2017 3059 2210 3131 gniat?
2237 3057 2517 3128 Siquidem
2555 3059 2700 3114 enim
2720 3060 2791 3114 ob
2841 3061 3152 3114 lewmeam
3208 3058 3602 3128 suspicionem,

2016 3155 2224 3208 nudum
2258 3154 2437 3221 ipsum
2465 3152 2754 3222 occupavit
2785 3153 2956 3220 patris
3011 3160 3227 3216 nutum,
3261 3157 3606 3218 mortemque

2017 3246 2209 3312 obivit,
2235 3261 2355 3315 quae
2375 3259 2487 3298 suae
2509 3255 2667 3298 erant
2693 3253 2915 3313 partes;
2947 3257 3085 3313 quas
3125 3259 3233 3296 non
3265 3254 3499 3307 mortes,
3534 3243 3604 3295 ab

2017 3348 2206 3409 aperto
2236 3353 2362 3392 eum
2422 3336 2668 3406 periculo
2730 3337 3083 3399 liberaturus,
3133 3335 3332 3389 lubens
3386 3335 3609 3389 obiret?

2016 3425 2208 3482 Nonne
2238 3424 2411 3480 lsaaci
2458 3425 2753 3495 praeclarus
2823 3424 3156 3479 mmulator?
3203 3422 3396 3478 Nonne
3434 3425 3606 3495 ipsius

2017 3533 2238 3589 quoque
2269 3518 2619 3573 Salvatoris?
2673 3516 2781 3572 Nec
2801 3519 2946 3572 enim
3010 3527 3222 3573 temere
3273 3517 3481 3573 dictum
3513 3533 3606 3572 vc-

2017 3613 2110 3665 lim
2137 3628 2151 3665 :
2187 3613 2406 3681 quando
2432 3612 2521 3666 ille
2553 3597 2938 3680 in'exe'mplum
2972 3613 3130 3667 nobis
3163 3612 3480 3681 propositus
3500 3621 3603 3674 est,

2027 3707 2322 3773 placetque
2382 3703 2550 3773 patri,
2615 3712 2672 3757 ut
2746 3719 2868 3757 eum
2937 3705 3282 3758 annulemur.
3343 3705 3444 3769 Qui
3525 3705 3609 3758 sic

2021 3812 2184 3868 porro
2205 3798 2372 3850 animi
2415 3796 2468 3850 in
2502 3806 2753 3864 parentes
2811 3797 3062 3859 habebat,
3121 3810 3353 3851 secusne
3395 3798 3447 3848 in
3501 3796 3610 3848 fra-

2023 3901 2132 3943 tres
2163 3887 2652 3942 habuitZMinime
2701 3891 2965 3957 gentium.
3011 3889 3221 3942 Etenim
3283 3904 3406 3943 cum
3441 3889 3608 3943 trien-
3669 3945 3674 3952 ,

2020 3980 2113 4033 ιιίο
2139 3979 2252 4034 fere
2274 3979 2328 4032 in
2354 3979 2613 4048 praesidio
2641 3995 2890 4035 essemus
2909 3980 3009 4052 (Ι),
3053 3981 3349 4052 multasque
3372 3982 3607 4036 invasis-

280 4123 289 4130 ς
330 4092 456 4138 sent
485 4081 863 4153 mgritudines,
913 4091 1077 4150 atque
1103 4082 1171 4136 ad
1204 4081 1314 4136 ima
1347 4080 1704 4151 pervadentes
1772 4078 1924 4150 gravi
1955 4077 2206 4132 molestia
2242 4085 2587 4146 torquerent,
2621 4091 2685 4131 ac
2727 4092 2905 4147 neque
2961 4078 3240 4133 intesnnis
3317 4078 3455 4148 ipsis
3541 4094 3605 4132 ac

332 4179 498 4250 capiti
525 4185 816 4249 parcerent
853 4192 1138 4246 ;cutnque
1177 4177 1324 4231 nulla
1351 4191 1480 4247 spes
1509 4185 1676 4242 esset,
1734 4183 1794 4230 ut
1851 4175 2150 4229 humanam
2209 4173 2480 4229 rationem
2548 4182 2785 4242 spectes,
2847 4172 3048 4228 futurae
3111 4189 3353 4244 unquam
3411 4175 3608 4228 libera-

334 4274 525 4339 tionis,
558 4286 625 4328 eo
649 4287 738 4328 res
765 4273 948 4343 adegit
1000 4282 1060 4327 ut
1103 4274 1218 4342 ipsa
1253 4273 1509 4328 omnibus
1573 4272 1748 4328 amica
1771 4272 1906 4338 vita,
1936 4271 2204 4341 praetristl
2227 4271 2362 4325 adeo
2398 4286 2462 4325 ac
2491 4270 2776 4338 deplorato
2834 4280 3003 4335 statu,
3040 4271 3185 4325 velut
3216 4271 3343 4326 odio
3364 4281 3528 4326 esset.

417 4367 568 4420 Ἀλλ’
599 4369 658 4420 ὲν
688 4369 810 4440 τοῖς
824 4367 1092 4431 τοιούτοις
1119 4367 1273 4420 οὖσιν
1304 4368 1439 4437 ἡμῖν
1468 4361 1570 4438 ἦκέ
1600 4383 1684 4430 τις
1725 4371 1910 4436 παρα-

341 4456 510 4526 μυθία
549 4457 688 4524 πρὸς
732 4455 895 4523 Θεοῦ,
933 4456 1030 4510 καὶ
1081 4457 1182 4520 τὰς
1219 4455 1421 4526 μικροῦ
1467 4454 1912 4526 βεϐαπτισμένας

2089 4364 2360 4419 Cancrum
2414 4365 2485 4418 ita
2515 4364 2682 4418 rebus
2740 4365 2898 4419 nobis
2953 4366 3308 4434 comparatis,
3361 4367 3603 4435 quaedam

2018 4459 2234 4514 caelitus
2284 4459 2589 4512 consolatio
2679 4458 2908 4523 aﬂulsit,
2959 4474 3204 4529 peneque
3263 4461 3489 4515 obrutos
3529 4471 3607 4515 tot

336 4550 471 4618 ἡμῖν
502 4547 685 4617 ψυχὰς
715 4549 818 4600 ὑπὸ
872 4548 965 4601 τοῦ
996 4548 1239 4618 πλήθους
1269 4546 1376 4600 τῶν
1406 4547 1687 4617 δυσχερῶν
1757 4543 1910 4598 ἑκού-

2021 4551 2266 4605 tristibus
2301 4551 2534 4616 animos,
2569 4551 2714 4619 quod
2757 4557 2892 4607 satis
2947 4553 3230 4606 videretur
3275 4555 3496 4608 tristitia
3533 4556 3608 4607 lc-

336 4643 463 4710 φισέ
498 4653 555 4693 τε
592 4638 817 4704 ἱκανῶς,
847 4641 940 4693 καὶ
987 4639 1362 4710 προσανέσχεν
1385 4641 1479 4694 ἐπὶ
1506 4640 1717 4710 καιρόν.
1761 4638 1826 4693 Ἦ
1855 4639 1913 4690 δὲ

333 4731 402 4805 ἦν
431 4734 541 4804 (τὸν
568 4733 626 4785 δὲ
653 4733 853 4803 τρόπον
885 4734 1096 4799 σιωπῶ,
1131 4733 1407 4804 παρέλκον
1440 4733 1500 4785 δν
1524 4749 1587 4800 γε
1614 4731 1872 4803 ῥηθῆναι)
1898 4748 1913 4763 ο

337 4824 506 4877 αὐτὸν
538 4821 781 4887 ἐξελθεῖν
838 4823 1050 4877 ἐκεῖθεν
1087 4824 1224 4892 μετὰ
1275 4822 1564 4893 συνθηκῶν
1615 4839 1778 4875 τινων
1821 4821 1913 4892 βε-

2018 4640 2183 4701 vavit,
2218 4631 2533 4708 malumque
2561 4642 2628 4694 ad
2662 4650 2879 4711 tempus
2907 4643 3096 4698 mitius
3147 4645 3407 4698 reddidit.
3447 4645 3501 4698 in
3539 4661 3606 4698 eo

2016 4739 2134 4782 erat
2184 4729 2274 4782 illa
2307 4731 2614 4785 consolatio
2673 4733 2917 4798 (modum
2978 4743 3133 4789 taceo
3187 4749 3347 4804 quem
3402 4737 3471 4789 sit
3523 4753 3608 4790 su-

2013 4820 2281 4890 perﬂuum
2312 4821 2536 4891 referre)
2575 4833 2635 4877 ut
2687 4822 3034 4890 Theodorus,
3067 4829 3243 4895 pactis
3276 4831 3603 4897 quihusdam

337 4915 661 4984 ϐαιωμένων
687 4915 874 4984 ὃρκῳ’
910 4916 1007 4968 καὶ
1053 4917 1108 4967 αἱ
1141 4913 1410 4983 συνθῆκαι
1448 4913 1587 4982 δόλῳ
1627 4914 1727 4982 μὲν
1770 4913 1910 4983 ὑπὲρ

2013 4911 2322 4979 iuramento
2354 4912 2606 4978 ﬁrmatis,
2640 4915 2764 4969 inde
2793 4917 2990 4969 exiret.
3040 4917 3117 4970 ita
3152 4933 3344 4987 porro,
3417 4919 3607 4986 utique

338 5005 495 5074 ἡμῶν
530 5005 699 5075 μηδέν
721 5022 773 5056 τι
807 5004 868 5056 τὸ
896 5003 1156 5074 παράπαν
1197 5003 1574 5073 ἐπιχειρῆσαι,
1612 5001 1816 5067 ἐξεῖναι
1855 5003 1910 5057 δὲ

2013 5005 2138 5059 dolo
2172 5004 2433 5070 hosﬁum,
2468 5013 2874 5075 pactum‘erat,
2905 5020 2962 5062 ut
3002 5009 3139 5063 nihil
3190 5010 3281 5064 ille
3311 5025 3409 5079 pro
3443 5011 3605 5066 nobis

337 5092 488 5162 αὐτῷ
513 5093 870 5163 καταλλαγῆς
905 5093 1068 5146 ἕνεκα
1097 5093 1252 5154 δέους
1281 5092 1438 5156 ὲκτδς
1462 5091 1815 5160 διαλέγεσθαι
1835 5092 1915 5163 τῷ

339 5187 552 5258 βασιλεῖ
573 5203 633 5238 τε
668 5184 766 5238 καὶ
799 5186 1010 5259 ἀδελφῷ
1040 5189 1147 5240 πᾶν
1179 5187 1208 5238 ό
1236 5203 1288 5240 τι
1345 5185 1608 5258 βούλοιτο.
1650 5183 1819 5238 Τοῦτό
1849 5202 1912 5253 γε

337 5281 500 5344 εὐθὺς
546 5277 818 5334 ἀκουσθὲν
876 5280 1018 5349 ἐμοὶ,
1050 5281 1223 5354 ἐποίει
1272 5281 1403 5349 ῥᾷον
1456 5279 1768 5333 διακεῖσθαι
1811 5277 1912 5349 τὴν

373 5475 389 5483 -
410 5440 490 5509 (l)
520 5441 653 5493 Cum
687 5436 1051 5509 {eretriennio
1083 5435 1136 5487 in
1167 5435 1418 5503 praesidio
1452 5450 1752 5509 ageremus.
1793 5433 1909 5509 _De—

339 5505 548 5564 tinente
577 5505 1206 5574 AndronicoJSajazetes
1237 5507 1573 5574 truncandos
1611 5505 1909 5567 suadebat,

337 5591 398 5634 ut
423 5582 587 5634 habet
619 5576 842 5632 Laonic.
879 5577 917 5630 l.
956 5591 1016 5638 ιι,
1049 5578 1139 5628 sed
1174 5576 1406 5628 necdum
1439 5573 1790 5628 Andronicus
1827 5575 1908 5627 sic

337 5660 562 5703 exuerat
594 5647 894 5710 hominem,
937 5655 997 5697 ut
1031 5645 1101 5698 ita
1134 5653 1319 5712 posset
1354 5647 1407 5696 in
1444 5646 1653 5697 viscera
1689 5645 1904 5698 saevire.

341 5717 504 5772 Plura
531 5735 596 5773 ac
619 5717 760 5772 scitu
783 5715 947 5784 digna
963 5718 1210 5784 epistolae
1226 5713 1482 5767 Demetrii
1498 5713 1554 5766 in
1578 5713 1744 5785 Regia
1769 5713 1908 5768 Bibl.

342 5803 406 5843 ac
446 5802 512 5843 ea
541 5789 597 5842 in
635 5787 852 5856 primis,
903 5801 1010 5856 qua
1050 5786 1357 5853 gratulatur
1404 5785 1496 5852 its,
1522 5787 1613 5855 qui
1642 5794 1766 5853 post
1787 5798 1909 5839 car-

656 5883 930 5944 Ρηιιοι..
974 5885 1090 5943 Gn.
1128 5881 1330 5943 CLVI.

2025 5096 2360 5150 moliretur:
2400 5098 2566 5152 licere
2632 5107 2836 5162 tamen,
2877 5111 2938 5153 ut
2985 5115 3110 5154 cum
3175 5101 3509 5169 imperatore
3544 5116 3608 5155 ac

2023 5184 2192 5240 fratre
2260 5188 2410 5257 pacis
2465 5203 2630 5243 causa
2679 5191 3020 5259 loqueretur,
3045 5194 3307 5264 quidquid
3371 5195 3609 5266 placuis-

2020 5290 2124 5335 set.
2164 5280 2231 5335 Ut
2274 5297 2402 5336 mox
2459 5284 2662 5351 audivi,
2697 5286 2834 5354 ccepi
2898 5288 3258 5360 animaequior
3318 5290 3457 5357 ﬂeri,
3507 5305 3610 5345 nec

2018 5452 2201 5491 cerem
2233 5436 2400 5514 abeo
2445 5438 2693 5514 liberati,
2714 5441 2992 5514 jamﬁcum
3045 5446 3386 5514 imperatore
3413 5464 3604 5503 versa-

2018 5517 2228 5584 rentur.
2257 5507 2544 5584 Videndus
2566 5507 2788 5584 quoque
2815 5513 3016 5568 Franz.
3053 5517 3090 5568 Ι.
3118 5507 3157 5580 ἰ,
3195 5534 3245 5572 c.
3283 5517 3374 5582 18,
3397 5535 3460 5574 ea
3486 5534 3606 5584 per»

2017 5579 2474 5668 stringensftut
2496 5577 2714 5668 illanuel
2739 5597 2862 5636 cum
2891 5595 3049 5666 patre
3078 5577 3202 5656 fuga
3227 5577 3421 5668 elapsi,
3447 5577 3604 5667 adie-

2019 5647 2131 5727 rint
2175 5658 2230 5727 et
2278 5647 2385 5727 ipsi
2428 5647 2768 5719 Bajazetem,
2809 5669 2872 5708 ac
2891 5647 3167 5724 'grntjam'
3197 5647 3332 5713 curn
3366 5647 3602 5727 imperio

2020 5726 2392 5786 impetrarunt.

3243 5889 3273 5950 7
