4060 6610
467 399 470 402 ’
520 416 638 478 203

1737 413 1892 473 MAN
1906 414 2136 475 UELlS
2163 416 2611 478 PALEOLOGI

3673 419 3780 482 204

520 539 732 588 tantum
763 529 971 585 auditio
1002 528 1268 585 molestia
1321 527 1446 584 fecit
1517 529 1665 599 quod
1718 530 1870 586 solus
1930 532 2083 586 relin-

2203 533 2404 604 ψυχὴν,
2440 535 2535 589 καὶ
2573 534 2650 606 μὴ
2688 533 2944 588 τοσοῦτον
2979 533 3262 604 ἄχθεσθαι,
3297 533 3373 604 τῷ
3412 534 3574 605 μόνον
3610 553 3782 590 κατα-

517 622 771 692 quendus
829 635 1033 684 essem,
1069 627 1335 690 quantum
1360 619 1537 674 solatii
1578 634 1643 674 ac
1699 620 1904 690 gaudii,
1957 622 2101 690 quod

521 713 610 768 ille
638 712 1026 779 revivisceret,
1102 725 1296 780 nempe
1325 725 1353 764 a
1418 711 1677 779 prtesidlo
1729 710 1925 766 exiret.
1971 711 2100 766 Mihi

523 814 671 862 certe
700 805 921 859 videbar
950 819 1075 859 eum
1109 803 1296 858 videre
1336 803 1531 870 (currit
1578 804 1721 858 enim
1753 803 1908 859 velox
1936 805 2104 875 phan-

521 903 657 956 tasia
685 900 752 955 ad
780 914 905 969 quae
933 902 1058 968 quis
1089 899 1565 968 cupit),consueta
1617 907 1917 952 sectantem
1952 899 2118 974 ejuso‘

519 1009 627 1064 que
673 994 817 1047 aetati
842 1007 1107 1062 congrua,
1141 993 1346 1047 versari
1409 1006 1534 1045 cum
1592 992 1896 1061 aequalibus
1943 992 2103 1046 inar-

520 1100 732 1140 morum
757 1085 1026 1154 palaestris
1045 1125 1061 1150 ,
1095 1085 1148 1138 in
1166 1083 1570 1148 venationibus,
1599 1085 1651 1136 in
1683 1083 2098 1147 certaminibus,

519 1195 754 1250 quorum
811 1177 1259 1234 exercitamentis
1313 1184 1579 1244 augentur
1605 1190 1844 1245 corpora
1904 1176 2102 1230 robore

521 1287 586 1328 ac
615 1274 870 1337 sanitate,
926 1271 1196 1340 habetque
1238 1269 1518 1324 conciliari
1575 1267 1771 1338 gloria.
1823 1267 1950 1323 ltro
2001 1283 2102 1338 ego

526 1363 719 1432 bisque
745 1355 943 1418 similia
969 1363 1252 1416 somnians
1284 1362 1540 1432 gaudium
1590 1360 1882 1424 habebam,
1936 1368 2098 1429 puta-

517 1457 752 1526 bamque
789 1455 1035 1525 aspicere
1063 1453 1285 1523 przemia
1318 1460 1714 1522 reportantem,
1759 1452 1903 1522 cingi
1929 1459 2096 1521 caput

513 1562 739 1611 corona,
803 1563 867 1603 ac
931 1546 1198 1617 pmconis
1243 1559 1378 1600 voce
1437 1544 1764 1602 renuntiarL
1811 1545 2098 1598 victorem.

516 1639 746 1694 Multum
791 1639 1060 1707 siquidem
1108 1637 1158 1692 ei
1189 1651 1382 1690 omnes
1417 1637 1470 1691 in
1539 1635 1806 1705 ejusmodi
1863 1636 2100 1689 delatum

515 1733 790 1788 volebant.
832 1729 956 1800 Jam
986 1731 1133 1784 enim
1157 1743 1187 1784 a
1219 1743 1389 1798 puero
1415 1729 1643 1782 sortitus
1694 1736 1832 1789 erat,
1892 1735 1949 1780 ut
1980 1742 2099 1781 om-

513 1821 701 1884 nibus,
732 1819 934 1889 quibus
963 1820 1087 1889 quis
1113 1826 1335 1886 certans
1368 1818 1722 1872 coronandus
1755 1817 1848 1882 sit,
1881 1817 2098 1888 magni-

514 1912 613 1968 lice
654 1920 982 1982 praestaret:
1023 1926 1199 1981 eaque
1232 1910 1285 1964 in
1316 1926 1382 1965 eo
1425 1910 1649 1980 paribus
1690 1926 1816 1966 cum
1875 1926 2102 1982 corpore

509 2004 577 2059 ad
612 2005 911 2074 perfectum
945 2019 1010 2058 ac
1051 2005 1221 2057 robur
1253 2009 1488 2072 augente
1529 2002 1824 2059 crementis
1872 2018 2095 2072 promo-

512 2097 734 2151 vehant.
773 2094 918 2152 Laeta
951 2098 1094 2159 .htec
1137 2111 1351 2152 mecum
1402 2097 1517 2166 ipse
1576 2097 1845 2166 cogitans,
1895 2097 2099 2152 sensim

509 2187 707 2251 tristia,
735 2197 793 2242 ut
821 2189 1029 2253 liceret,
1056 2189 1314 2244 oblivioni
1347 2189 1542 2243 dabam
1579 2203 1594 2241 :
1627 2187 1702 2241 illi
1729 2196 1911 2242 autem
1965 2188 2098 2243 sub-

509 2269 620 2336 ibat
670 2283 796 2344 uri,
827 2281 976 2351 quod
1014 2295 1121 2335 non
1155 2288 1340 2350 posset
1398 2280 1479 2335 sic
1535 2277 1833 2334 desolatum
1890 2279 2096 2340 videre.

581 2373 687 2428 Sed
713 2380 766 2428 et
793 2373 925 2428 illttd
957 2373 1208 2443 angebat.
1242 2372 1359 2427 Non
1390 2371 1534 2428 enim
1594 2371 1938 2441 potefat.qui
1998 2371 2094 2426 Dei

507 2465 704 2519 timore
722 2466 964 2521 nutritus
984 2473 1150 2530 esset,
1167 2475 1346 2533 spreta
1359 2463 1656 2534 juramenti
1672 2463 1953 2534 religione,
1969 2478 2092 2519 cum

503 2558 629 2612 dolo
672 2573 826 2628 opem
861 2557 1026 2616 ferre.
1061 2557 1164 2625 Qui
1187 2557 1375 2612 enim?
1406 2557 1500 2627 qui
1543 2555 1677 2611 nihil
1724 2570 1964 2626 unquam
2001 2571 2095 2626 per

505 2650 756 2703 fraudem
791 2656 858 2705 ac
893 2650 1048 2704 valro
1101 2649 1310 2714 animo,
1341 2649 1504 2704 etiam
1533 2648 1713 2719 capite
1751 2647 2038 2707 annuisset
2075 2663 2089 2700 :

505 2741 675 2796 videri
707 2750 887 2797 autem
921 2757 1107 2797 eorum
1145 2741 1364 2812 penitus
1392 2740 1698 2812 neglexisse
1735 2755 1948 2804 curam,
1972 2740 2094 2810 qui-

503 2833 608 2887 bus
637 2833 809 2888 nihilo
841 2834 1227 2904 pretiosiorem
1258 2833 1499 2888 aniutam
1565 2831 1821 2895 ducebat,
1849 2831 1900 2887 id
1960 2845 2092 2887 vero

504 2940 734 2994 prorsus
759 2925 1101 2984 intolerabile
1125 2925 1371 2995 putabat.
1405 2923 1496 2978 Sic
1522 2938 1681 2991 porro
1709 2931 1829 2977 erat
1862 2936 2088 2991 magna-

505 3018 709 3079 nimus,
733 3025 792 3070 ut
809 3025 864 3070 et
883 3016 1101 3086 iniusta:
1120 3016 1408 3070 sententiae
1426 3015 1690 3070 latoribus
1731 3013 2084 3067 reverentiam

503 3111 751 3164 haberet.
791 3110 930 3202 (Cum
962 3109 1144 3178 itaque
1191 3108 1387 3162 studiis
1429 3107 1585 3162 divisi
1645 3120 1916 3171 essemus,
1965 3120 2086 3161 sero

2207 623 2518 694 λειφθῆναι,
2555 627 2680 680 ὅσον
2711 626 2810 697 τῆς
2839 624 3016 696 λύπης
3055 625 3412 696 κουφίζεσθαι
3455 627 3534 696 τῷ
3566 628 3785 681 ἐκεῖνον

2206 715 2529 782 ἀναϐιῶναι,
2576 717 2720 784 λέγω
2767 717 2832 788 δὴ
2881 718 2942 772 τὸ
2970 718 3069 788 τῆς
3109 721 3355 788 φρουρᾶς
3405 720 3634 786 ἐξιέναι.
3671 721 3787 773 Καὶ

2206 807 2429 861 ἐδόκουν
2451 808 2614 862 αὑτὸν
2642 811 2778 882 όρᾷν
2802 810 3010 880 (τρέχει
3035 811 3200 882 γὰρὴ
3227 812 3502 878 φαντασῗα
3535 812 3621 876 ἐφ’
3648 812 3679 864 ἀ
3702 829 3787 872 τις

2203 896 2326 950 λίαν
2365 899 2644 970 ἐπιθυμεῖ)
2676 901 2732 952 έν
2781 901 2894 964 τοῖς
2928 901 3179 955 εἰωθόσιν
3219 902 3369 965 ὄντα,
3402 902 3497 954 καὶ
3545 902 3614 955 τὰ
3638 904 3786 965 νέοις

2205 991 2488 1061 πρέποντα
2535 994 2678 1062 μετὰ
2705 993 2814 1047 τῶν
2859 995 3066 1064 ἡλίκων
3096 996 3232 1067 δρᾷν
3265 996 3321 1046 ὲν
3353 994 3534 1050 ὃπλων
3567 1011 3782 1064 γυμνα-

2205 1085 2365 1151 σίοις,
2397 1086 2456 1138 ιν
2498 1084 2715 1157 θήραις,
2757 1089 2813 1140 ὲν
2847 1087 3025 1155 ἀγῶσι
3065 1086 3364 1157 χορηγοῦσι
3395 1089 3507 1150 τοῖς
3549 1086 3782 1140 ἀσκοῦσι

2205 1176 2424 1247 σώμασι
2457 1177 2652 1248 ῥώμην
2693 1179 2786 1232 καὶ
2819 1179 3055 1246 ὑγίειαν,
3083 1179 3262 1232 καὶτὸ
3293 1180 3435 1248 μετὰ
3470 1178 3627 1248 δόξης
3652 1177 3788 1249 βιῶ-

2203 1287 2316 1324 ναι.
2359 1270 2540 1324 Ταῦτα
2585 1273 2681 1325 καὶ
2713 1274 2782 1325 τὰ
2811 1272 3039 1326 τοιαῦτα
3093 1273 3480 1343 ὀνειροπολῶν,
3518 1271 3783 1342 ἔχαιρον·

2203 1362 2294 1415 καὶ
2325 1361 2487 1432 ᾤμην
2509 1365 2728 1435 βλέπειν
2757 1365 2920 1420 αὐτὸν
2952 1363 3090 1420 ἆθλά
3113 1384 3173 1420 τε
3204 1366 3511 1436 δεχόμενον,
3562 1366 3658 1419 καὶ
3687 1383 3791 1417 κε-

2204 1457 2380 1527 φαλὴν
2407 1459 2868 1530 στεφανούμενον,
2913 1461 3008 1514 καὶ
3057 1461 3292 1531 νικητὴν
3345 1461 3780 1532 κηρυττόμενον

2205 1551 2330 1602 ἐπεὶ
2383 1552 2518 1605 πολὺ
2565 1551 2624 1606 τὸ
2677 1554 3105 1625 συγκεχωρηκὸς
3163 1549 3232 1626 ἧν
3283 1553 3434 1624 αύτῷ
3482 1553 3634 1622 παρὰ
3671 1553 3788 1606 τῶν

2203 1640 2460 1696 ἁπάντων
2491 1645 2550 1698 ἐν
2584 1647 2694 1708 τοῖς
2743 1648 3032 1710 τοιούτοις.
3087 1646 3160 1698 Τὸ
3188 1645 3298 1717 γὰρ
3335 1648 3393 1699 ὲν
3439 1645 3613 1698 ἅπασι
3645 1661 3795 1712 κρα-

2201 1734 2336 1796 τεῖν,
2367 1734 2424 1800 ἐξ
2451 1729 2526 1789 ὧν
2557 1737 2967 1806 στεφανώσεταί
2997 1755 3082 1801 τις
3118 1737 3318 1801 ἀθλῶν,
3350 1737 3510 1790 τοῦτο
3545 1737 3600 1788 δέ
3629 1737 3677 1788 οἱ
3713 1737 3785 1788 ὲκ

2207 1825 2396 1888 παιδὸς
2422 1826 2666 1892 ὡσπερεὶ
2691 1829 3161 1898 συνεκεκλήρωτο,
3197 1830 3290 1882 καὶ
3320 1825 3671 1880 συνεπεδίδου
3701 1825 3788 1893 τῷ

2211 1921 2448 1986 σώματι,
2474 1918 2611 1988 πρὸς
2640 1919 2958 1986 τελειότητα
2982 1921 3074 1972 καὶ
3108 1920 3302 1990 ῥώμην
3336 1916 3576 1983 αύξοντι.
3608 1915 3791 1970 Ταυτὶ

2207 2007 2314 2076 μὲν
2337 2007 2431 2061 οὖν
2463 2010 2530 2063 τὰ
2566 2009 2877 2077 εὐφραίνειν
2904 2010 3178 2079 δυνάμενα
3202 2006 3628 2076 ἐνθυμούμενος.
3659 2007 3791 2058 ἔπει

2203 2099 2549 2172 λανθανόμην
2573 2102 2648 2165 ὡς
2662 2095 2775 2155 οἷόν
2790 2120 2848 2154 τε
2872 2103 2980 2155 τῶν
3001 2101 3242 2172 ἀνιαρῶν
3263 2118 3278 2134 ο
3306 2099 3500 2170 ἐκείνῳ
3523 2098 3579 2151 δὲ
3602 2097 3786 2152 καίειν

2203 2189 2383 2260 ἐπῄει,
2421 2189 2520 2260 τὴν
2553 2191 2689 2262 ὲμὴν
2721 2192 2782 2245 ού
2810 2192 3030 2262 φέροντι
3066 2191 3328 2262 μόνωσιν.

2273 2372 2348 2424 Οὐ
2383 2371 2489 2441 μὴν
2521 2371 2659 2426 ἀλλά
2688 2375 2909 2427 κάκεῖνο
2940 2373 3087 2428 τόνδε
3128 2373 3473 2444 προσῆγχενο
3518 2368 3643 2424 οὔτε
3672 2372 3782 2441 γὰρ

2199 2464 2320 2517 ὲνὸν
2344 2461 2410 2536 ἦν
2445 2466 2615 2537 αὐτῷ,
2647 2467 3076 2538 ἐντεθραμμένῳ
3109 2465 3186 2536 τῷ
3227 2467 3365 2536 πρὸς
3397 2465 3486 2518 τδν
3515 2465 3653 2519 Θεδν
3688 2464 3781 2532 φά·

2198 2556 2298 2626 σῳ,
2351 2557 2659 2628 ὑπεριδόντι
2706 2559 2834 2622 τοὺς
2868 2558 3088 2626 ὄρχους,
3143 2559 3288 2627 μετά
3333 2557 3485 2610 δόλου
3533 2555 3776 2625 βοηθεῖν.

2199 2648 2406 2716 Πόθεν;
2445 2642 2491 2717 ᾧ
2521 2651 2690 2720 μηδὲν
2724 2650 3004 2719 ἀπατηλὸν
3030 2650 3163 2720 μηδὲ
3212 2648 3636 2718 παλινάγρετον,
3666 2649 3694 2700 ὃ
3724 2665 3777 2699 τι

2196 2742 2300 2793 κᾶν
2329 2741 2542 2813 κεφαλῇ
2591 2743 2886 2797 κατένευσε
2913 2759 2925 2770 ·
2953 2743 3046 2797 καὶ
3075 2741 3134 2795 τδ
3163 2742 3298 2804 ὅλως
3327 2741 3554 2811 ἀμελεῖν
3595 2741 3772 2807 δόξαι,

2194 2823 2267 2884 ὧν
2295 2833 2389 2886 καὶ⁵
2412 2834 2511 2904 τὴν
2535 2833 2700 2888 αὐτοῦ
2723 2833 2900 2906 ψυχὴν
2930 2835 3084 2888 οὐδὲν
3115 2828 3216 2905 ἦγε
3253 2833 3471 2904 βελτίω,
3498 2832 3772 2903 οῦμενουν

2195 2927 2379 2994 ἠγεῖτο
2432 2927 2670 2997 φορητὸν
2725 2927 3121 3006 τὸιπαράπαν·
3167 2921 3234 2998 ἦν
3265 2927 3374 2996 γὰρ
3405 2925 3666 2980 τοσοῦτον
3713 2928 3772 2978 ἐι

2192 3013 2340 3083 αύτῷ
2369 3013 2428 3067 τὸ
2452 3015 2755 3086 φιλότιμον,
2801 3017 2924 3068 ὅσον
2970 3015 3252 3068 εὐλαϐεῖτο
3299 3018 3393 3068 καὶ
3423 3015 3551 3078 τοὺς
3579 3017 3642 3068 ού
3693 3016 3772 3066 δι-

2192 3104 2356 3158 καίαν
2408 3105 2716 3171 ἐξοίσοντας
2767 3107 2976 3177 ψῆφον.
3025 3109 3308 3172 Ἐναντίας
3357 3108 3542 3162 τοίνυν
3598 3108 3772 3178 οὔσης

506 3201 747 3264 tandem,
798 3197 1005 3270 vixque
1061 3200 1233 3282 suasi,
1297 3216 1404 3268 qua
1465 3199 1706 3269 probans
1753 3197 1829 3253 ita
1889 3199 2083 3253 melius

2192 3199 2323 3267 ἡμῖν
2349 3201 2449 3270 τῆς
2485 3198 2780 3270 θελήσεως,
2807 3201 2906 3270 ὀψὲ
2942 3202 3036 3255 καὶ
3084 3204 3245 3270 μόγις
3273 3199 3439 3255 αὑτὸν
3471 3202 3764 3267 ἀνέπεισα,

506 3297 638 3351 mihi
695 3298 918 3366 pariter,
963 3311 1027 3352 ac
1062 3297 1198 3366 patri
1223 3310 1320 3365 per
1351 3295 1402 3350 id
1438 3304 1636 3364 tenpus
1661 3293 1899 3358 absenti,
1952 3309 2083 3350 cou-

501 3389 704 3444 sultum
738 3389 824 3454 iri,
854 3398 916 3444 ut
945 3389 1175 3442 illecum
1212 3387 1406 3442 amicis
1431 3402 1494 3442 ac
1545 3385 1782 3441 inimicis
1832 3400 2081 3447 versans,

502 3481 569 3535 ad
597 3490 862 3552 utrosque
886 3497 1009 3551 quae
1038 3495 1222 3550 opera:
1253 3481 1492 3551 pretium
1519 3488 1706 3536 essent
1726 3519 1742 3545 ,
1773 3479 2084 3549 negotiare-

504 3584 625 3640 tur;
661 3589 770 3644 qua
805 3573 1106 3639 allirmaus,
1131 3575 1213 3628 sic
1282 3588 1368 3628 me
1390 3571 1666 3638 alfectum,
1706 3582 1765 3628 ut
1821 3571 1979 3627 malis
1996 3571 2106 3632 di-,

501 3667 736 3722 rissimis
781 3667 1080 3722 lentandus
1160 3680 1363 3734 essem,
1441 3664 1618 3720 utille
1696 3666 2078 3733 obtemperans

498 3759 650 3810 exire
676 3758 1025 3812 detrectaret.
1089 3755 1180 3810 Sic
1222 3755 1315 3810 ille
1371 3770 1438 3808 ne
1471 3753 1606 3808 falso
1650 3753 1869 3822 quidem
1913 3751 2078 3806 ullam

499 3850 812 3920 opinionem
850 3850 994 3905 inuri
1063 3848 1392 3913 sustinebat,
1450 3846 1705 3917 famaque
1729 3847 1798 3900 ab
1851 3845 1971 3916 ejus
1997 3845 2080 3898 in-

497 3941 623 3996 dole
685 3958 750 3996 ac
793 3943 998 4007 animo,
1068 3939 1523 4008 institutioueque
1577 3939 1929 4000 abhorrente,
1988 3951 2079 3990 as-

499 4034 646 4104 pergi
679 4034 924 4089 timebat.
959 4033 1051 4087 Sic
1090 4033 1143 4086 in
1209 4047 1310 4085 nos
1361 4031 1606 4086 fraterne
1654 4029 1885 4084 ali'eetus
1937 4036 2076 4092 erat,

498 4135 558 4180 ut
589 4141 803 4182 mecum
841 4125 1073 4190 versari,
1112 4139 1277 4194 quam
1310 4138 1434 4178 cum
1477 4122 1600 4176 aliis
1663 4121 1947 4189 voluptate
1973 4119 2078 4176 frui

498 4218 676 4284 potius
739 4218 960 4270 haberet
999 4205 1430 4283 :‘carcerisque
1489 4213 1778 4283 angustiae,
1830 4213 1920 4267 vix
1973 4214 2080 4269 illa:

495 4308 614 4362 alize
645 4323 807 4376 quam
839 4307 1099 4375 sepulcri,
1151 4307 1297 4376 regia
1327 4306 1402 4358 illi
1471 4304 1818 4374 angustiores
1885 4315 2075 4375 erant,

498 4400 848 4469 tenebraaque
877 4413 1042 4467 quam
1091 4399 1226 4452 solis
1275 4397 1529 4466 splendor
1561 4395 2074 4465 desiderabiliores;

496 4509 559 4548 ac
589 4493 833 4554 demum,
857 4491 1041 4545 omnia
1089 4505 1301 4544 mecum
1331 4489 1596 4556 dulciora,
1656 4504 1965 4560 quanquam
1988 4505 2076 4546 es-

2187 3288 2257 3342 τὰ
2285 3290 2392 3357 μὲν
2422 3291 2635 3354 δεικνὺς
2665 3289 2740 3355 ὠς
2788 3292 2997 3362 βέλτιον
3036 3294 3101 3346 ἂν
3140 3293 3355 3360 γένοιτο
3390 3294 3485 3347 καὶ
3513 3294 3642 3361 ἐμοὶ
3674 3301 3768 3347 καὶ

2188 3382 2265 3453 τῷ
2292 3385 2484 3453 πατρὶ,
2516 3384 2615 3438 ούκ
2643 3385 2756 3438 ὄντι
2787 3385 2906 3454 μεθ’
2943 3388 3101 3456 ἡμῶν
3145 3387 3454 3456 τηνικαῦτα
3495 3385 3676 3451 εὔνοις
3708 3405 3766 3440 τε

2195 3478 2290 3530 καὶ
2323 3476 2649 3546 δυσμενέσιν
2678 3478 2842 3531 αὐτὸν
2868 3481 3127 3540 συνεῖναι,
3162 3480 3254 3532 καὶ
3292 3480 3429 3548 πρὸς
3464 3479 3764 3550 ἑκατέρους

2185 3567 2614 3636 διαπράττεσθαι
2648 3569 2715 3622 τὰ
2765 3569 2989 3622 εἰκότα·
3024 3570 3089 3622 τὰ
3126 3570 3172 3622 δ’
3220 3571 3654 3640 ἰσχυριζόμενος.
3689 3571 3764 3632 ὦς

2185 3660 2424 3727 ἐμαυτόν
2458 3677 2575 3722 πως
2613 3661 2944 3731 αἰσθάνομαι
2981 3666 3384 3733 πειρασόμενον
3405 3663 3596 3716 δεινῶν
3627 3666 3764 3731 ἀνη-

2185 3754 2420 3817 κέστων,
2453 3753 2520 3823 ῆν
2546 3753 2849 3824 ἀπειθήσας
2881 3755 3030 3824 ἐμοὶ,
3065 3755 3159 3825 τὴν
3184 3756 3395 3809 ἐκεῖθεν
3416 3755 3598 3820 ἔξοδον
3627 3757 3765 3810 ἀπο-

2189 3844 2455 3913 σείσηται,
2491 3845 2680 3910 Οὕτως
2711 3847 2917 3908 ἐκεῖνος
2965 3848 3028 3900 ού
3080 3847 3416 3917 κατεδέχετο,
3449 3848 3572 3900 οὐδὲ
3629 3847 3761 3915 γοῦν

2182 3935 2349 4006 ψευδῆ
2383 3954 2504 3991 τινα
2532 3937 2691 4004 δόξαν
2721 3938 2829 3992 τῶν
2858 3939 2919 3990 ού
2959 3939 3141 3991 καλῶν
3171 3939 3569 4010 προστριόἧναι
3597 3954 3611 3968 ⁸
3643 3939 3762 3992 ἀλλ’

2183 4030 2370 4084 ἐδεδίει
2407 4032 2504 4085 καὶ
2534 4033 2725 4102 φήμην
2749 4032 3065 4102 ἀπᾴδουσαν
3094 4031 3193 4100 τῆς
3227 4030 3395 4085 αὑτοῦ
3422 4032 3515 4085 καὶ
3541 4032 3762 4099 φύσεως

2185 4123 2277 4176 καὶ
2303 4126 2529 4192 γνώμης
2554 4119 2647 4178 καὶ
2687 4123 2960 4184 παιδείας.
2996 4123 3153 4176 οὖτω
3183 4127 3318 4192 πρὸς
3354 4125 3501 4194 ημᾶς
3537 4123 3762 4190 ἀδελφι-

2181 4213 2292 4274 κὼς
2334 4209 2500 4283 εἶχεν,
2531 4212 2609 4277 ὡς
2655 4211 2863 4282 βέλτιον
2897 4213 3054 4282 ἄγειν
3099 4213 3340 4265 συνεῖναί
3383 4232 3473 4281 μοι
3505 4214 3599 4266 τοῦ
3634 4211 3759 4283 μεθ’

2181 4303 2384 4374 ἑτέρων
2425 4305 2674 4374 τρυφᾷν·
2711 4303 2806 4356 καὶ
2855 4298 2924 4374 ἦν
2975 4303 3126 4374 αύτῷ
3169 4303 3542 4374 δεσμωτήριον
3597 4305 3755 4371 τάφῳ

2180 4397 2568 4468 παραπλήσιον
2594 4395 2702 4450 τῶν
2727 4395 3019 4465 βασιλείων
3062 4396 3470 4468 λαμπρότερον,
3504 4399 3596 4450 καὶ
3626 4397 3755 4448 σκόο

2183 4507 2273 4553 τος
2311 4489 2688 4559 ποθεινότερον
2743 4486 2844 4556 τῆς
2893 4489 3144 4550 ἀκτῖνος·
3205 4489 3300 4542 καὶ
3329 4488 3518 4549 ἁπλῶς
3576 4488 3754 4539 πάντα

496 4593 616 4635 sent
645 4582 964 4642 durissima,
1020 4581 1274 4636 omnibus
1323 4577 1580 4648 deinceps
1611 4578 2068 4662 dulcibus,‘qu0-

2188 4580 2308 4654 hdie)
2355 4581 2425 4632 τά
2461 4579 2579 4650 μετ’
2610 4578 2768 4648 ἐμοῦ,
2814 4580 2862 4632 εί
2896 4581 2990 4658 καὶ
3041 4579 3157 4632 λίαν
3185 4578 3468 4632 δεινότατα
3517 4575 3607 4648 ἦν,
3645 4581 3754 4632 τῶν

494 4690 612 4727 rum
649 4672 763 4742 ipse
789 4686 980 4726 exsors
1022 4685 1192 4726 eram.
1252 4670 1346 4726 Sic
1407 4685 1532 4725 vero
1586 4673 1892 4739 rursusiis,
1945 4689 2068 4744 qua:

493 4767 606 4820 visa
632 4765 763 4819 nnbi
795 4773 978 4819 essent
1001 4761 1426 4826 obsequebatur,
1457 4773 1514 4817 ut
1541 4763 1624 4818 vel
1651 4771 1861 4818 tantum
1885 4778 2064 4820 anuu-

488 4876 579 4914 cre
610 4857 826 4913 abunde
857 4864 1023 4912 esset.
1053 4855 1252 4925 Aitque
1299 4854 1572 4910 facturum
1619 4857 1759 4925 quod
1793 4857 2064 4923 volebam,

487 4969 800 5025 quanquam
829 4951 882 5004 id
921 4949 1055 5005 ﬂens
1085 4963 1292 5002 amare.
1334 4949 1403 5003 At
1431 4963 1530 5019 ego
1552 4989 1566 5013 ,
1595 4951 1698 5006 etsi
1757 4949 1955 5004 mirum
1984 4950 2066 5004 vi-

489 5048 703 5112 deatur,
731 5055 790 5099 ut
851 5045 1016 5098 ﬂente
1059 5044 1170 5108 illo,
1216 5058 1372 5113 aequo
1434 5045 1550 5111 ipse
1603 5046 1787 5099 animo
1835 5059 2062 5105 essem,

489 5138 792 5206 gaudebam
831 5147 1009 5192 tamen
1046 5137 1163 5206 ejus
1195 5137 1365 5205 ipsius
1398 5138 1490 5205 qui
1537 5135 1711 5201 ﬂeret,
1755 5151 1820 5190 ac
1891 5137 2062 5206 patris

485 5230 838 5298 imperatoris
893 5244 1094 5284 amore.
1130 5229 1266 5285 Fore
1295 5231 1442 5286 enim
1495 5227 1752 5299 putabam
1799 5228 1941 5298 patri
1972 5243 2063 5283 so-

488 5323 640 5385 latio,
672 5333 731 5376 ut
763 5324 810 5375 ei
839 5323 1004 5385 filius,
1032 5319 1093 5376 ut
1137 5323 1210 5376 ita
1240 5323 1454 5392 loquar,
1490 5321 1557 5373 ad
1624 5321 1789 5374 vitam
1830 5320 2057 5374 rediret.

484 5416 777 5479 Caeterum,
818 5429 938 5469 cum
965 5416 1122 5470 resin
1155 5424 1408 5487 promptu
1457 5415 1711 5470 omnibus
1760 5412 2056 5476 videretur,

481 5508 627 5562 haud
660 5517 842 5562 tamen
879 5509 1084 5563 exitum
1119 5509 1332 5570 habuit,
1363 5507 1473 5562 Deo
1525 5506 1714 5560 melius
1760 5503 1965 5575 aliquid
1991 5503 2058 5557 de

479 5602 637 5658 nobis
670 5603 1018 5672 disponente,
1045 5613 1104 5656 ut
1140 5618 1206 5657 ne
1257 5602 1517 5655 nimirum
1556 5599 1647 5654 ille
1709 5599 1920 5668 absque
1973 5613 2060 5651 me

479 5709 540 5747 ac
574 5694 937 5761 patreexiret.
991 5694 1146 5759 Quod
1201 5693 1348 5748 enim
1393 5692 1676 5761 impedivit
1738 5689 2060 5755 consilium,

478 5787 730 5838 utnnibus
761 5786 918 5840 nobis
941 5785 1188 5839 elabendi
1237 5799 1266 5839 ο
1293 5797 1512 5839 carcere
1547 5782 1856 5837 communis
1887 5795 2054 5836 causa

483 5879 601 5933 :uit.
637 5876 834 5932 Verum
869 5893 980 5932 rem
1028 5876 1337 5931 accuratius
1392 5873 1712 5938 edissererc,
1763 5887 1933 5943 neque
1965 5888 2054 5926 no-

2174 4689 2238 4739 γε
2267 4671 2437 4742 ἡδέων
2471 4670 2601 4738 ἑξῆς
2641 4669 2925 4736 ἀπάντων,
2960 4665 3034 4725 ὦν
3058 4674 3158 4724 οὐκ
3183 4673 3250 4725 ἀν
3283 4673 3533 4742 μετεῖχον
3563 4672 3748 4736 αὐτός.

2185 4764 2326 4817 Ἀλλ’
2361 4764 2504 4818 οὕτω
2557 4763 2745 4827 πάλιν,
2778 4759 2858 4826 οἷς
2899 4765 2966 4817 ἂν
3013 4766 3202 4836 γνοίην
3235 4764 3505 4826 ἐπείθετο.
3541 4765 3618 4829 ὡς
3651 4769 3752 4836 ἀρ-

2172 4855 2311 4909 κοῦν
2343 4850 2484 4908 εἷναι
2520 4855 2618 4908 καὶ
2646 4853 2877 4909 νεῦσαι·
2911 4855 3005 4908 καὶ
3035 4855 3153 4924 ἔφη’
3174 4855 3406 4924 πράξειν
3455 4854 3483 4908 ὃ
3513 4853 3748 4924 θέλοιμι,

2170 4947 2270 5000 οὐκ
2303 4945 2432 5000 ἀνευ
2458 4944 2552 4998 τοῦ
2586 4945 2864 5017 δακρύειν.
2895 4947 3112 5018 πικρόν.
3153 4945 3294 5014 Ἐγὼ
3324 4947 3392 5009 δ’,
3430 4948 3477 5000 εἰ
3508 4949 3602 4999 καὶ
3644 4964 3746 4998 πα-

2172 5038 2394 5108 ράδοξον
2435 5039 2643 5092 ἐκείνου
2705 5038 2983 5103 κλαίοντος
3015 5038 3292 5107 εὐθυμεῖν,
3333 5039 3487 5110 ὁμῶς
3526 5039 3746 5110 ἔχαιρον

2167 5131 2235 5183 δι’
2269 5131 2435 5184 αὐτὸν
2477 5131 2570 5183 τὸν
2603 5130 2880 5193 κλαίοντα,
2928 5131 3026 5184 καὶ
3060 5129 3289 5199 βασιλέα
3339 5131 3426 5181 τὸν
3465 5129 3738 5198 φύσαντα.

2174 5224 2436 5278 Ἔσεσθαι
2486 5227 2595 5296 γὰρ
2643 5222 2996 5295 παραμυθίαν
3050 5221 3299 5290 ἐνόμιζον
3353 5220 3551 5294 ἐκείνῳ
3593 5225 3740 5294 μάλα

2166 5315 2428 5387 λαμπρὰν
2456 5317 2555 5387 τὴν
2589 5317 2684 5369 τοῦ
2713 5315 2899 5376 παιδὸς
2923 5315 2994 5376 ὡς
3028 5315 3205 5366 είπεῖν
3239 5312 3560 5369 ἀναϐίωσιν.
3579 5315 3741 5371 Ἀλλὰ

2165 5408 2275 5475 γάρ
2301 5411 2387 5461 ὅτε
2416 5411 2582 5462 πᾶσιν
2613 5409 2793 5461 ἐδόκει
2825 5408 2883 5460 ἐν
2913 5407 3095 5476 χεροῖν
3124 5401 3269 5460 εἶναι
3297 5407 3358 5460 τδ
3385 5408 3646 5477 πρᾶγμα,
3681 5410 3740 5460 τὸ

2162 5500 2212 5554 δ’
2243 5501 2342 5554 ούκ
2387 5503 2468 5564 είς
2499 5501 2682 5573 τέλος,
2699 5499 2880 5569 ἐξέϐη,
2917 5499 3008 5552 τοῦ
3041 5499 3179 5551 Θεοῦ
3207 5501 3336 5570 περὶ
3363 5501 3523 5570 ἡμῶν
3554 5505 3740 5573 κρεῖτ-

2164 5592 2254 5646 τόν
2301 5611 2354 5646 τι
2390 5563 2873 5663 προόὶεψιῖμένου,
2895 5590 2987 5643 ῖνα
3017 5590 3097 5662 μὴ
3121 5563 3296 5662 χωρὶς
3331 5563 3468 5663 ἐμοῦ
3516 5563 3611 5646 καί
3639 5594 3733 5648 τοῦ

2163 5687 2368 5753 πατρὸς
2415 5685 2623 5746 ἐκεῖνος
2669 5681 2882 5753 ἐξέλθῃ.
2929 5682 3001 5734 Τὸ
3033 5681 3142 5750 γὰρ
3174 5680 3318 5736 τοῦτ’
3350 5684 3638 5753 ἀνακόψειν
3671 5684 3730 5757 τὸ

2163 5777 2457 5848 βούλευμα,
2497 5775 2632 5829 αὐτὸ
2675 5775 2740 5846 δὴ
2793 5773 2956 5826 τοῦτο
3012 5775 3235 5842 γέγονεν
3265 5775 3441 5828 αἴτιον
3499 5775 3595 5827 τοῦ
3631 5777 3728 5842 τῆς

2159 5871 2381 5942 εἱρκτῆς
2431 5871 2573 5941 ημᾶς
2602 5868 2886 5938 διαδρᾶναι
2939 5868 3151 5930 πάντας
3177 5869 3312 5937 ὁμοῦ
3338 5885 3350 5898 ·
3396 5868 3534 5936 ὅπερ
3566 5871 3723 5939 ἀκρι-
