4060 6586
290 434 410 496 205

1085 421 1482 493 THEODORI
1528 430 1886 492 DESPO'I‘AZ
1929 425 2317 488 LAUDATlO
2349 419 2755 486 FUNEBRIS.

3461 373 3574 483 ξοδ

293 546 419 610 ϐ;ἷ›ς
451 545 682 616 φράζειν
713 543 836 600 οὕτε
870 545 1234 617 προκείμενον
1260 546 1422 618 ἡμῖν,
1449 543 1561 597 οὔτ’
1594 543 1659 597 ἂν
1683 543 1770 614 εἴη
1799 541 1886 596 λε-

1991 540 2074 595 bis
2106 542 2446 610 propositum
2480 545 2589 601 est,
2612 550 2715 591 nec
2761 533 2935 606 possit
2992 541 3300 604 opportune
3324 550 3338 600 ;
3362 546 3487 588 cum
3513 533 3569 588 et

295 641 504 711 χθῆναι
540 641 638 694 σὺν
660 639 837 713 καιρῷ
859 655 873 669 ·
909 638 1089 703 ἄλλως
1119 639 1167 694 θ’
1197 639 1281 693 ὅτι
1311 640 1405 692 καὶ
1445 636 1764 710 περίεργον,
1811 637 1889 688 εί-

294 736 462 790 δόσιν
491 736 716 790 ἅπαντα
747 733 874 804 λιγε
883 753 952 789 ιν.

387 828 580 891 Ὅστις
615 826 713 898 μέν
739 825 832 880 οὖν
855 819 1010 888 οὗτος
1036 819 1105 895 ἦν
1127 823 1264 895 πρός
1291 839 1352 876 τε
1372 822 1567 891 γονέας
1594 818 1692 874 καὶ
1713 819 1886 889 ἡμᾶς,

299 923 410 977 καὶ
435 922 537 992 τὴν
567 920 892 988 συγγένειαν
922 917 1050 988 ἐξῆς
1077 917 1282 981 πᾶσαν,
1308 915 1456 969 δυοῖν
1480 929 1544 982 γε
1567 908 1740 966 τοῖνδε
1773 906 1891 964 τοῐν

295 1013 628 1086 εἰρημένων
658 1009 1036 1080 ἀποδεδεῖχθαί
1085 1027 1177 1081 μοι
1209 1008 1485 1078 φαίνεται,
1527 1001 1608 1068 ὡς
1649 1004 1720 1069 ἐξ
1749 1004 1890 1057 om};

298 1123 466 1176 κων,
485 1105 639 1174 φασὶ,
663 1105 770 1159 τὸν
789 1103 1011 1158 λέοντα
1031 1119 1045 1135 ·
1080 1101 1327 1172 μετιτέον
1347 1100 1402 1154 δέ
1423 1099 1514 1153 τὸν
1537 1098 1697 1166 λόγον
1707 1095 1804 1151 ἐπὶ
1819 1096 1889 1149 τὰ

295 1199 502 1268 πρόσω
521 1240 536 1262 ,
569 1195 934 1266 παραδραμοὺ
943 1213 1105 1266 μενον
1135 1194 1234 1265 μέν
1255 1195 1322 1247 τὰ
1355 1193 1527 1247 πολλὰ
1549 1191 1658 1246 τῶν
1684 1189 1887 1261 ἔργων,

289 1291 508 1359 ὀλίγων
553 1290 596 1343 δ’
614 1286 679 1344 αὖ
717 1289 1018 1359 ἁψόμενονο
1046 1287 1304 1342 τοιούτων
1362 1285 1568 1357 μέντοι,
1596 1287 1737 1340 ῶστε
1788 1284 1890 1354 τὴν

290 1384 521 1437 ἐκείνου
550 1382 813 1438 δύνασθαι
849 1381 1054 1452 ἀρετὴν
1085 1380 1330 1450 φανεράν
1382 1384 1560 1434 ποιεῖν
1581 1395 1597 1410 ⁶
1631 1374 1743 1433 εἷεν
1775 1378 1888 1450 γάρ

291 1478 378 1531 ἂν
409 1479 469 1530 οὐ
502 1477 959 1547 συμπτωμάτων,
995 1477 1056 1530 οὐ
1098 1475 1290 1546 τύχης,
1329 1476 1390 1528 οὐ
1444 1473 1655 1544 καιρῶν
1703 1471 1890 1526 emo“

295 1571 494 1640 μένων
535 1573 649 1634 τοῖς
679 1569 985 1634 ἐναντίοιςο
1021 1568 1200 1624 ταῦτα
1254 1568 1340 1640 δὴ,
1393 1569 1460 1622 τά
1518 1567 1754 1638 Νέρωνα
1793 1566 1888 1619 καὶ

291 1663 736 1733 Σαρδανάπαλον
791 1661 1232 1733 βασιλεύσανταο
1283 1660 1422 1716 ἀλλά
1477 1659 1888 1732 κατορθώματα

289 1757 522 1827 ἀνδρὸς,
549 1758 720 1828 ἀρετῇ
752 1754 1140 1826 συμϐιοῦντος.
1160 1754 1352 1820 Μείξω
1383 1754 1492 1826 γάρ
1521 1755 1631 1808 τῶν
1653 1754 1764 1808 ἀπὸ
1784 1753 1887 1825 τῆς

291 1849 482 1920 τύχης
513 1850 697 1912 ταυτὶ,
733 1847 936 1903 ὁπόταν
1029 1847 1125 1902 καλ⁸
1161 1849 1306 1902 πάνυ
1339 1845 1550 1918 σμικρά
1573 1863 1588 1877 ·
1615 1847 1800 1900 ἐκεῖνα
1824 1845 1883 1899 δέ
1917 1879 1963 1937 Β

293 1943 453 1998 πάνυ
501 1941 758 2014 λαμπρὰ,
790 1942 991 1995 όπόσον
1039 1941 1106 1995 ἄν
1138 1957 1224 2002 τις
1257 1937 1611 2010 ἐνθυμηθείη.
1661 1939 1735 1992 Τὸ
1773 1937 1884 2009 γὰρ

292 2037 506 2110 εὐγενῆ
535 2053 659 2090 τινα
703 2035 800 2090 καὶ
833 2031 1188 2110 εὐπατρίδην,
1219 2030 1313 2084 καὶ
1346 2030 1683 2102 περιφανείᾳ
1709 2031 1883 2102 πολλῇ

296 2108 506 2202 συξῇν,
536 2130 636 2186 καὶ
673 2108 1034 2199 ἀνδραπόδων
1092 2125 1324 2198 πλήθεσι
1354 2123 1755 2198 περιρρεῖσθαι,
1789 2123 1886 2178 καὶ

294 2224 526 2295 πλούτῳ
543 2220 717 2293 συχνῷ
726 2221 920 2292 κομᾷν,
934 2222 1029 2277 καὶ
1048 2222 1217 2276 πᾶσιν
1233 2220 1463 2284 ἐκείνοις
1485 2219 1883 2290 ἐνευδοκιμεῖν,

293 2320 374 2374 δι’
403 2313 481 2375 ὧν
517 2335 578 2371 τε
611 2317 854 2388 τρόπαια
879 2314 989 2369 ἀπὸ
1020 2315 1129 2369 τῶν
1152 2313 1366 2384 ἐχθρῶν
1395 2313 1638 2376 ἵσταται,
1678 2312 1774 2366 καὶ
1803 2305 1886 2376 οἷς

298 2412 372 2466 ἂν
399 2409 801 2481 προσκυνοῐντο
832 2408 881 2461 οί
905 2409 1228 2477 μετέχοντες
1255 2408 1322 2460 ἐκ
1349 2406 1460 2460 τῶν
1473 2406 1754 2477 πανταχοῦ
1784 2403 1886 2476 τῆς

295 2502 634 2574 οἰκουμένης
653 2500 929 2572 περάτων,
950 2493 1048 2558 καὶ
1069 2498 1382 2570 ἀνθρώποις
1398 2497 1709 2562 ἀλλοκότοις
1735 2493 1885 2551 ἔστιν

296 2587 388 2651 ὅτε
448 2592 816 2664 παραγίνεται
872 2591 1133 2660 άλόγιστα
1193 2591 1512 2660 περαίνουσι
1563 2592 1653 2645 τὸν
1700 2588 1885 2643 αὐτῶν

301 2688 426 2759 βίον
452 2702 468 2718 ·
504 2687 677 2756 ἀρετῇ
706 2684 763 2738 δὲ
792 2682 890 2737 καὶ
924 2683 1039 2746 τοῖς
1067 2682 1336 2746 τοιούτοις
1374 2671 1525 2736 osse;
1558 2683 1624 2736 ἂν
1667 2681 1754 2755 εἴη
1786 2682 1885 2754 δή-

298 2799 406 2834 που
459 2778 658 2832 κοινόν.
693 2775 793 2830 Διὰ
825 2775 986 2829 τοῦτό
1027 2793 1091 2844 γε
1127 2775 1358 2840 ἐκεῖνος,
1399 2778 1428 2830 ὁ
1452 2777 1591 2848 πρὸς
1620 2776 1714 2833 τὸν
1747 2779 1884 2834 Θεὸν

296 2873 403 2944 μὲν
439 2871 643 2934 ἀπιὼν,
673 2871 828 2939 ὑμῶν
869 2868 970 2939 μέν
997 2865 1157 2930 αὖθις
1193 2867 1622 2938 ἐπιμελόμενος,
1653 2874 1715 2926 τὸ
1756 2873 1884 2928 3!“);-

293 2967 387 3030 θὸς
433 2963 586 3034 αὐτῷ
623 2963 818 3027 ποιῶν,
845 2963 980 3016 ὅπου
1027 2963 1123 3016 καὶ
1153 2961 1354 3032 μᾶλλον
1392 2962 1594 3029 ἔξεστι,
1631 2963 1739 3018 τῶν
1781 2966 1884 3036 μιν

293 3056 783 3128 ἀπηριθμημένων
819 3046 948 3124 ἑξῆς
992 3053 1252 3108 ἁπάντων
1283 3053 1610 3124 κατεφρόνει
1646 3073 1704 3110 τε
1736 3056 1881 3128 λαμ·

295 3149 483 3218 πρῶς,
524 3147 618 3200 καὶ
643 3147 794 3202 οὐδὲν
823 3146 964 3199 αὐτὰ
1000 3146 1144 3214 μέγα
1167 3140 1418 3216 ἐνόμιζεν
1441 3162 1456 3177 °
1489 3147 1605 3202 οὐδ’
1625 3147 1784 3220 ἠξίου
1813 3165 1879 3219 γε

291 3241 613 3296 ἐπτοεῖσθαι
665 3239 802 3310 πρὸς
835 3238 1008 3303 οὑδέν,
1051 3237 1080 3291 δ
1126 3238 1202 3309 μὴ
1233 3238 1399 3293 καλὸν
1427 3240 1677 3294 οἴκοθεν·
1709 3242 1888 3311 εἴχετο
1915 3248 1954 3301 C

290 3336 348 3390 δέ
387 3334 674 3406 ἐπιμελῶς
727 3333 838 3387 τῶν
867 3333 970 3386 ὅσα
999 3331 1066 3387 ἂν
1113 3331 1314 3400 βελτίω
1370 3335 1655 3403 ποιήσειεν
1713 3335 1885 3405 ἄνδρα

289 3427 464 3480 καλόν
492 3442 553 3478 τε
583 3425 683 3480 καὶ
715 3423 949 3493 ἀγαθὸν,
983 3423 1078 3478 καὶ
1113 3423 1173 3488 ἐξ
1195 3421 1419 3492 ἀγαθῶν
1453 3425 1551 3478 καὶ
1579 3425 1764 3478 καλῶν
1791 3442 1886 3496 γε-

290 3520 524 3588 γονότα.
558 3517 716 3572 Οὕτω
765 3518 877 3589 γάρ
907 3516 1267 3581 πεπαίδευτο,
1301 3517 1400 3572 καὶ
1445 3516 1761 3589 μεμαθήκει
1795 3519 1887 3572 εὑ-

294 3610 399 3675 θὶις
426 3610 670 3681 τεχθεὶς,
694 3609 770 3674 ὡς
797 3611 993 3663 εἰπεῖν.
1014 3607 1461 3679 Ἐπαναληπτέον
1485 3609 1541 3662 δὲ
1566 3609 1627 3663 τὸ
1667 3611 1887 3683 προκεί-

296 3719 492 3773 μενον.

373 3881 506 3955 Εἶχε
539 3882 608 3936 τά
659 3879 962 3951 πράγματα
994 3877 1183 3940 κακῶς
1229 3878 1296 3947 τῇ
1337 3877 1754 3949 Πελοποννήσῳ,
1787 3873 1886 3932 καὶ

295 3978 480 4032 ἐδόκει
510 3975 623 4028 δεῖν
666 3973 831 4027 αὑτὸν
878 3975 1016 4025 ίέναι
1059 3968 1191 4042 παρ’
1217 3969 1392 4040 αὐτήν
1421 3983 1438 3999 ο
1473 3967 1634 4024 λῦσαι
1685 3970 1793 4039 γὰρ
1819 3969 1886 4023 ἂν

298 4075 373 4127 τὰ
425 4071 580 4126 δεινά
611 4069 1052 4142 παραγεγονότα,
1105 4065 1360 4136 καθάπερ
1410 4064 1568 4128 ἀκτὶς
1608 4062 1882 4135 ὁμίχληνθ

299 4165 400 4219 καὶ
428 4162 492 4216 τὸ
536 4162 715 4231 δόγμα
745 4158 1017 4231 κυρωθὶν,
1065 4155 1321 4210 τοσοῦτον
1360 4156 1474 4218 τοῖς
1522 4155 1640 4207 ἐκεῖ
1688 4153 1886 4224 βεϐοή-

301 4256 440 4327 θηκε
471 4254 790 4325 πράγμασι,
825 4251 928 4319 τῆς
959 4251 1151 4320 φήμης
1175 4247 1366 4316 ῶσπερ
1406 4247 1719 4317 ὑποπτέρου
1753 4263 1888 4299 παν-

302 4344 504 4414 ταχόσε
534 4341 966 4413 διαδραμούσης,
994 4341 1121 4394 ὅσον
1146 4339 1248 4392 οὐκ
1280 4338 1347 4394 ἄν
1380 4356 1466 4402 τις
1498 4333 1654 4408 οἶμαι
1684 4339 1888 4408 ῥᾳδίως

305 4437 676 4508 ἐπιδημήσας.
725 4436 899 4498 Αὐτὸς
931 4435 1013 4498 δέ,
1045 4433 1282 4498 ἐλπίζων
1321 4431 1498 4496 οὕτως
1529 4431 1884 4502 ἐκϐήσεσθαι,

305 4529 508 4604 δηλαδὴ
542 4527 720 4589 καλῶς
746 4527 816 4581 τὲ
862 4526 1167 4596 πράγματα
1207 4525 1454 4595 σχήσειν,
1500 4523 1577 4593 τῷ
1605 4525 1730 4586 τοὺς
1777 4522 1881 4576 Πε-

1991 631 2194 704 alioqui
2225 631 2523 687 scientibus
2543 631 2727 686 omnia
2771 629 2845 686 sit
2870 641 3338 698 supervacaneum
3357 626 3566 681 dicere.

2062 811 2202 870 Puto
2231 815 2436 885 itaque,
2489 814 2624 869 satis
2649 813 2941 885 [superque
2985 806 3187 879 duplici
3227 806 3333 862 hac
3378 819 3578 860 narra-

1992 906 2142 962 tione
2165 905 2482 976 probatum,
2518 904 2698 974 qualis
2733 903 2822 959 hic
2852 901 2906 956 in
2939 909 3217 973 parentes,
3251 911 3484 968 nosque,
3513 908 3578 949 ac

1993 992 2258 1068 reliquam
2316 998 2698 1068 cognationem
2759 1003 2925 1056 esset,
2993 1005 3256 1063 tanquam
3291 1005 3357 1046 ea:
3401 1003 3576 1059 ungue

1991 1090 2218 1157 leonem,
2246 1091 2393 1159 quod
2433 1089 2632 1155 aiunt;
2687 1103 2855 1159 porro
2901 1085 3237 1142 traducenda
3287 1081 3467 1138 oratio
3507 1080 3573 1134 ad

1993 1181 2276 1247 ulteriora,
2309 1188 2368 1236 ut
2395 1189 2580 1236 tamen
2627 1180 2883 1251 pleraque
2918 1177 3040 1249 ejus
3077 1191 3304 1247 operum
3344 1185 3575 1244 praeter-

1991 1272 2134 1338 iens,
2195 1289 2368 1344 pauca
2396 1280 2606 1328 tantum
2644 1288 2838 1328 rursus
2871 1271 3226 1342 perstringat,
3259 1283 3324 1323 ex
3375 1266 3577 1337 quibus

1994 1378 2174 1423 tamen
2196 1367 2316 1436 ejus
2351 1367 2638 1437 perspicue
2664 1366 2840 1421 virtus
2862 1365 3099 1420 eluceat.
3142 1362 3354 1432 Quippe
3412 1368 3579 1417 erunt

1989 1474 2100 1515 non
2140 1465 2322 1526 castis,
2348 1474 2458 1514 non
2495 1459 2749 1519 fortunas,
2783 1473 2890 1513 non
2949 1466 3255 1525 temporum
3315 1454 3578 1509 adversa-

1989 1552 2088 1608 riis
2128 1553 2488 1623 iniquiorum.
2523 1551 2648 1608 limo
2684 1566 2918 1622 namque
2970 1549 3202 1605 Neronis
3259 1563 3323 1602 ac
3373 1546 3588 1602 Surda.

1989 1646 2172 1718 napali
2201 1661 2365 1715 regna
2391 1647 2692 1718 insigniant
2727 1663 2742 1712 ;
2801 1645 2896 1702 sed
2927 1645 3028 1699 viri
3079 1644 3282 1699 virtute
3338 1639 3575 1697 viventis

1990 1739 2256 1810 praeclara
2288 1747 2463 1811 gesta.
2497 1738 2624 1816 Haec
2652 1738 2796 1794 enim
2829 1736 3038 1808 majora
3067 1745 3218 1802 sunt,
3246 1748 3408 1806 quam
3447 1745 3574 1802 quae

1992 1847 2021 1886 a
2051 1831 2295 1898 fortuna,
2325 1832 2419 1887 ubi
2457 1832 2626 1886 etiam
2703 1830 2910 1886 fuerint
2963 1829 3257 1885 admodum
3335 1825 3572 1880 modica.

1993 1922 2132 1979 Cum
2163 1933 2348 1980 autem
2391 1923 2547 1980 valde
2581 1922 2890 1994 splendida,
2943 1921 3134 1993 quanti
3164 1921 3256 1976 illa
3295 1918 3411 1974 fieri
3478 1917 3576 1972 dca-

1993 2014 2258 2071 huerlnt?
2289 2015 2427 2072 Nam
2449 2025 2510 2070 ut
2546 2015 2672 2086 quis
2705 2015 2870 2070 nobili
2896 2015 3153 2085 prosapia
3194 2022 3352 2067 ortus
3379 2010 3452 2066 sit
3507 2023 3577 2065 ac

1994 2107 2191 2163 illustri
2248 2109 2450 2178 patria,
2511 2108 2919 2180 admodumque
2963 2105 3248 2176 splendide
3297 2105 3466 2162 vivat.
3509 2117 3576 2157 ac

1993 2200 2066 2256 sit
2113 2200 2483 2258 circumfusus
2544 2215 2828 2258 servorum
2895 2199 3148 2271 agmine,
3221 2196 3576 2267 abundetque

1993 2292 2150 2361 copia
2181 2292 2520 2357 divitiarum,
2547 2293 2697 2347 aciis
2729 2291 2990 2348 omnibus
3038 2291 3224 2346 clarus
3285 2289 3575 2353 habeatur,

1993 2385 2194 2455 quibus
2221 2385 2449 2441 excitari
2478 2385 2679 2442 habent
2715 2393 2940 2453 tropaea
2964 2385 3033 2439 de
3063 2383 3334 2446 hostibus,
3364 2396 3428 2438 ac
3449 2382 3576 2451 qui-

1993 2477 2098 2533 bus
2133 2478 2169 2533 ii
2193 2478 2284 2549 qui
2309 2478 2535 2543 habent,
2591 2479 2662 2533 ab
2692 2479 2845 2534 orbis
2884 2477 3125 2534 universi
3154 2475 3376 2540 ﬁnibus,
3401 2476 3575 2530 honos

1994 2571 2148 2628 ribus
2187 2580 2536 2643 augeantur;
2572 2571 2688 2627 hac
2740 2571 2932 2641 utique
2976 2567 3306 2625 monstrosis
3353 2583 3574 2638 quoque

1995 2663 2336 2731 hominibus,
2378 2679 2442 2720 ac
2461 2664 2692 2720 alienea
2727 2663 2944 2719 ratione
2995 2662 3324 2727 viventibus,
3377 2675 3575 2730 suppe-

1993 2767 2108 2813 tant
2137 2775 2154 2824 ;
2190 2758 2390 2829 quibus
2429 2758 2590 2830 plane
2619 2773 2685 2813 ac
2711 2757 2901 2812 virtuti
2921 2756 3064 2812 nulla
3113 2754 3430 2812 communio
3459 2751 3576 2809 fue-

1993 2853 2082 2904 rit.
2121 2849 2487 2916 Quamobrem
2526 2848 2606 2902 vir
2633 2848 2700 2902 ad
2740 2847 2910 2902 Deum
2942 2845 3242 2916 profectus,
3293 2845 3576 2914 nostrique

1993 2941 2124 3002 illic,
2148 2951 2308 3010 prout
2351 2940 2596 2997 moribus
2637 2940 2873 2996 habebat
2931 2947 3332 3010 comparatum,
3381 2937 3472 2992 ubi
3518 2945 3575 2988 et.

1991 3034 2226 3102 amplius
2280 3031 2448 3099 licet,
2500 3031 2698 3088 iterum
2749 3033 2940 3087 curam
3007 3047 3248 3103 gerens,
3305 3032 3575 3088 recensita

1990 3124 2176 3178 omnia
2205 3123 2484 3194 magnifice
2529 3124 2846 3196 spernebat,
2874 3138 2940 3180 ac
2984 3125 3118 3180 nihil
3179 3126 3359 3198 magni
3415 3137 3577 3196 puta-

1989 3218 2119 3285 bat;
2157 3232 2258 3273 nec
2285 3233 2346 3273 re
2381 3217 2489 3273 ulla
2535 3219 2753 3274 volebat
2808 3217 3163 3274 admirationi
3214 3233 3358 3284 esse,
3405 3234 3572 3290 quam

1990 3310 2035 3364 si
2063 3325 2185 3381 quas
2233 3310 2351 3380 ipsa
2389 3326 2454 3366 ac
2481 3326 2548 3366 ex
2589 3311 2827 3381 propriis
2853 3312 3320 3381 prmelara'esset:
3365 3312 3578 3368 studio-

1988 3417 2049 3458 se
2081 3417 2214 3458 vero
2240 3403 2576 3468 sectabatur,
2610 3405 2658 3459 si
2704 3416 2814 3474 qua
2867 3404 3190 3474 praeclarum
3241 3419 3304 3460 ac
3347 3405 3573 3470 bonum,

1986 3509 2168 3566 exque
2221 3494 2384 3552 bonis
2457 3512 2522 3550 at:
2577 3497 2855 3567 praeclaris
2885 3506 3065 3553 ortum
3121 3498 3398 3553 decerent.
3483 3498 3576 3553 Sic

1990 3602 2227 3657 namque
2261 3589 2546 3644 institutus
2595 3588 2796 3662 fuerat,
2856 3589 3046 3660 sicque
3078 3605 3204 3646 mox
3260 3599 3448 3658 natus,
3513 3601 3574 3645 ttt

1989 3682 2064 3735 ita
2098 3681 2300 3745 dicam,
2348 3681 2636 3737 didicerat.
2684 3683 3033 3738 Resumenda
3105 3684 3268 3738 nobis
3324 3684 3575 3754 subjecta

1991 3774 2240 3830 materia.

2060 3863 2198 3919 Male
2232 3879 2321 3919 res
2394 3863 2752 3934 Peloponnesi
2795 3863 3097 3930 habebant,
3151 3866 3384 3935 ejusque
3440 3865 3577 3920 illuc

1989 3955 2255 4027 profectio
2284 3971 2466 4024 opera:
2498 3956 2733 4026 pretium
2772 3956 3081 4011 videbatur.
3138 3957 3278 4012 Fore
3339 3959 3486 4012 enim
3514 3969 3575 4011 ιιι
3639 3973 3646 3980 ·

1987 4049 2172 4104 statim
2221 4064 2462 4119 praesens
2502 4048 2645 4104 mala
2679 4049 3021 4115 dissolveret,
3053 4051 3130 4104 uti
3167 4050 3579 4105 radius.nebn-~

1989 4141 2116 4196 lam.
2165 4138 2400 4195 Tantum
2451 4141 2722 4210 saneejus
2777 4141 3031 4195 mittendi
3059 4141 3369 4207 decretum,
3426 4143 3583 4197 ΐαιιιει-

1989 4231 2193 4300 ubique
2225 4240 2572 4304 pervagante,
2610 4230 2760 4286 illius
2785 4231 3084 4300 provincia:
3111 4233 3275 4287 rebus
3311 4235 3569 4293 contulit,

1987 4331 2282 4392 quantum,
2336 4331 2491 4412 puto,
2548 4338 2710 4379 nemo
2744 4324 2902 4379 tacile
2937 4324 3201 4394 potuisset
3258 4328 3571 4393 przesentin.

1987 4416 2236 4486 Eumque
2261 4415 2350 4468 ille
2391 4430 2706 4470 successum
2730 4431 2994 4485 sperans,
3044 4416 3351 4487 utinquam
3412 4417 3573 4475 Ρριιςδ

1989 4507 2216 4576 ponnesi
2242 4521 2348 4570 res,
2376 4505 2492 4562 sola
2513 4508 2633 4577 ejus
2664 4507 2809 4562 fama
2843 4509 3107 4577 nominis,
3137 4526 3304 4581 quam
3339 4513 3450 4568 illic
3472 4529 3570 4582 ap-

306 4600 701 4691 λοποννησίους
731 4617 1115 4690 μεμαθηκέναι
1150 4616 1218 4670 τά
1248 4618 1380 4689 περὶ
1423 4615 1604 4679 τοῦδε,
1639 4617 1734 4670 καὶ
1766 4615 1886 4683 μετ’

1991 4600 2165 4667 prime
2198 4609 2386 4654 notam
2420 4600 2604 4664 sciret,-
2635 4611 3105 4670 compunerentur
3145 4620 3159 4657 :
3194 4619 3257 4658 ac
3289 4605 3378 4658 ubi
3407 4610 3568 4674 paulo

307 4714 364 4766 οὺ
402 4712 542 4767 πολὺ
573 4709 764 4782 μαθὼν
793 4711 936 4765 κατὰ
965 4711 1066 4779 τὴν
1094 4708 1256 4774 δόξαν
1305 4707 1671 4780 ἐκϐεϐηκότα,
1701 4707 1890 4776 κέκρι-

310 4822 404 4858 κεν
455 4804 537 4856 Est
589 4800 1098 4873 προσπαραμεῐναι,
1148 4801 1254 4864 ἓως
1287 4799 1374 4865 ἂν,
1430 4801 1612 4854 πάντα
1641 4799 1888 4868 γεγονὼς

311 4901 401 4953 καὶ
427 4896 913 4967 διαπραξάμενος,.
933 4894 1020 4968 ῐδῃ
1051 4895 1150 4965 μὲν
1177 4895 1267 4945 τὸν
1296 4892 1521 4962 βασιλέα
1553 4891 1648 4945 καὶ
1673 4892 1885 4962 πατέρα

308 4993 366 5044 ἐν
384 4993 499 5054 τοῖς
525 4988 779 5043 εἰωθόσιν
801 4987 957 5050 ὅντα,
997 4985 1342 5056 πραγμάτων
1375 4985 1478 5055 μιν
1498 4983 1886 5052 ἀπαλλαγέντα

311 5083 534 5144 τελέως,
569 5081 816 5153 γαλήνης
844 5079 903 5133 δέ
936 5078 1139 5148 λευκῆς
1178 5075 1558 5137 ἀπολαύοντα·
1592 5075 1680 5149 ἴδῃ
1707 5075 1764 5129 δὲ
1791 5075 1888 5129 καὶ

309 5176 407 5244 τὴν
454 5173 672 5244 μητέρα
729 5172 826 5224 σὺν
854 5170 934 5241 τῷ
978 5170 1182 5240 ἑαυτῆς
1208 5169 1380 5240 πατρὶ
1431 5167 1528 5222 καὶ
1556 5169 1696 5238 ζταϊν
1732 5166 1887 5221 ἀδελ·

309 5271 440 5339 φαῖν
491 5267 678 5321 οἴκαδε
732 5262 1134 5318 ἐπανελθοῦσαν
1171 5264 1237 5317 ἐκ
1271 5263 1372 5331 τῆς
1421 5261 1690 5332 φρουρᾶς,
1740 5261 1798 5312 ἐν

309 5361 630 5430 κατείχοντο
656 5358 810 5424 παρὰ
855 5354 965 5410 τῶν
999 5353 1270 5408 Λατίνων.
1303 5353 1476 5407 Οὐδὲν
1524 5353 1637 5423 γὰρ
1679 5346 1792 5423 ἐρῶ
1817 5368 1883 5420 γε

307 5455 473 5509 πλέον
510 5450 728 5505 πολλῶν
761 5448 946 5504 ἕνεκα.

376 5546 554 5600 Ταυτὶ
607 5543 708 5614 μὲν
759 5540 852 5596 οὖν
890 5539 1052 5612 ἐξέϐη
1107 5540 1246 5594 κατὰ
1298 5538 1529 5602 σκοπὸν,
1579 5537 1676 5591 καὶ
1711 5536 1884 5607 πέρας

307 5637 501 5691 ἐλαϐεν
530 5634 760 5702 ἀγαθὸν,
793 5634 1194 5709 συναιρομένης
1220 5631 1320 5700 τῆς
1347 5630 1500 5694 θείας
1520 5628 1716 5700 ῥοπῆς,
1743 5627 1884 5697 μετὰ

309 5731 370 5783 τὸ
400 5730 602 5799 πολλὴν
631 5728 732 5799 μὲν
762 5727 926 5780 αὑτὸν
955 5725 1180 5795 ἀνδρίαν
1214 5725 1310 5777 καὶ
1340 5724 1724 5792 γενναιότητα,
1753 5719 1885 5772 πολ-

311 5819 413 5889 λὴν
443 5818 488 5870 δ’
521 5819 854 5890 ἐγρήγορσιν
884 5817 976 5870 καὶ
1011 5815 1272 5884 σπουδὴν,
1299 5812 1506 5882 πολλὴν
1533 5810 1590 5863 δὲ
1618 5811 1883 5881 φρόνησιν

311 5909 684 5976 ἐπιδείξασθαι
729 5909 807 5978 τῷ
845 5908 980 5979 πρὸς
1023 5909 1150 5969 τοὺς
1193 5905 1458 5966 Λατίνους
1503 5903 1624 5956 τότε
1657 5900 1880 5970 πολέμῳ

1993 4697 2114 4759 post
2139 4690 2218 4744 sic
2262 4691 2438 4760 reipsa
2469 4692 2805 4748 successisse
2839 4695 3117 4763 cognovit,
3143 4707 3326 4748 moras
3351 4695 3515 4764 aliqu.
3539 4712 3563 4745 ς

1991 4778 2286 4835 trabendas
2331 4780 2512 4846 duxit,
2569 4783 2695 4835 dum
2763 4783 2983 4837 tnterim
3028 4781 3206 4837 factus
3263 4784 3474 4848 omnia,
3509 4801 3571 4836 ac

1992 4869 2245 4923 universa
2279 4883 2492 4940 gerens,
2535 4869 2920 4940 imperatorem
2969 4883 3033 4923 ac
3091 4878 3303 4939 patrem
3357 4869 3411 4922 in
3463 4885 3572 4938 prt-

1990 4963 2132 5017 stina
2167 4965 2478 5018 restitutum
2520 4963 2746 5025 videret,
2802 4975 2832 5015 a
2858 4961 3091 5032 negotiis
3151 4959 3389 5030 perfecte
3433 4961 3574 5015 libe-

1991 5073 2134 5120 rum,
2165 5072 2229 5111 ac
2285 5055 2482 5111 blanda
2549 5054 2824 5110 fruentem
2875 5053 3310 5122 tranquillitate;
3359 5053 3570 5108 videret

1989 5164 2120 5205 vero
2149 5158 2204 5204 et
2235 5157 2487 5214 matrem,
2523 5146 2825 5215 matrisque
2846 5155 3081 5216 patrem,-
3105 5160 3170 5201 ac
3199 5159 3438 5210 sorores,
3470 5147 3575 5200 δον.

1990 5258 2138 5296 ιιιιιιιι
2160 5257 2361 5315 pmnes
2389 5253 2640 5295 reversos
2663 5254 2694 5293 a
2730 5237 3010 5309 praesidio,
3041 5251 3153 5308 quo
3186 5236 3368 5293 Latini
3419 5247 3570 5296 tene«

1988 5347 2131 5389 rent.
2155 5332 2264 5391 Nec
2294 5334 2437 5389 enim
2494 5332 2648 5403 plura
2695 5332 2814 5386 hanc
2857 5329 3118 5394 referam,
3169 5331 3334 5401 idque
3383 5330 3569 5385 multis

1986 5427 2054 5480 de
2077 5426 2280 5481 causis.

2059 5517 2153 5574 Sic
2176 5518 2365 5586 utique
2393 5531 2483 5572 res
2543 5524 2957 5578 successerunt,
3005 5529 3072 5569 ac
3096 5514 3298 5568 bonum
3343 5526 3570 5582 accepe-

1967 5619 2116 5666 runt
2150 5611 2332 5677 ilnetn,
2359 5607 2470 5662 Deo
2500 5608 2640 5663 bene
2667 5607 2910 5676 auspice,
2947 5606 3040 5660 ubi
3099 5605 3190 5659 ille
3246 5604 3387 5659 bello
3439 5613 3570 5659 tunc

1985 5713 2176 5759 contra
2215 5703 2458 5766 Latinos,
2519 5701 2749 5756 multam
2809 5699 3210 5762 fortitudinem,
3257 5712 3322 5752 ac
3351 5697 3562 5752 strenui

1986 5798 2156 5852 robur
2177 5797 2369 5858 animi,
2425 5794 2765 5862 multamque
2788 5807 2850 5846 ac
2907 5791 3122 5860 vigilem
3176 5788 3559 5856 diligentiam,

1987 5892 2209 5946 multam
2235 5889 2466 5956 denique
2491 5885 2856 5956 prudentiam,
2887 5899 2984 5952 pro
3029 5883 3227 5952 patria,
3276 5895 3340 5935 ac
3383 5891 3563 5952 gente,
