4060 6608
493 377 598 443 207
1651 374 2051 441 MANUELIS

2171 377 2537 440 iLJEOLOGI
3656 378 3759 442 208

494 487 949 561 parentibusque,
980 485 1282 555 decertans,
1322 484 1678 542 ostendisset.
1728 489 1865 542 Cum
1928 485 2063 539 nihil

2171 490 2309 561 ὑπὲρ
2348 491 2449 561 τῆς
2487 491 2745 561 πατρίδος
2780 509 2837 545 τε
2884 491 2980 546 καὶ
3014 491 3108 546 τοῦ
3139 491 3340 560 γένους
3371 489 3481 561 ⁸καὶ.
3516 490 3629 543 τῶν
3661 508 3790 560 φυο,

494 584 677 651 itaque
706 581 897 636 deesse
928 578 1227 643 videretur,
1264 593 1376 647 quo
1410 578 1495 632 vir
1542 578 1718 633 bonus
1790 586 1844 632 et
1890 578 2068 632 bonus

2174 584 2405 638 σάντων.
2434 583 2620 653 Μηδὲν
2651 580 2745 638 οὖν
2772 580 2909 647 ὅλως
2938 583 3315 655 παραλιπόντι
3359 582 3475 635 τῶν
3518 583 3666 646 ὅσοις
3693 582 3757 636 ἂν

493 674 666 730 videri
688 673 880 743 possit,
903 671 1134 727 delatam
1166 669 1528 746 Peloponnesi
1588 670 1928 739 provinciam
1975 683 2069 722 ac-

444 825 450 830 .
494 768 647 836 cipit,
681 781 790 821 non
813 775 920 819 tam
943 764 1286 819 hereditario
1316 762 1463 830 jure,
1494 777 1657 832 quam
1685 763 1739 817 in
1770 769 2069 833 partem.ac

489 859 861 931 iustissimum
897 855 1341 925 praemium,cum
1377 854 1730 924 impensioris
1759 853 1907 907 illius
1941 866 2061 922 gra-

501 951 754 1008 titudinis
787 951 842 1003 in
873 942 1151 1019 parentes,
1217 956 1330 1000 tum
1385 947 1645 1011 exhibita:
1707 943 2065 1008 fortitudinis,

494 1059 563 1101 ac
626 1044 793 1099 totius
819 1041 940 1111 ejus
1006 1039 1226 1110 reliqum
1300 1037 1542 1093 virtutis.
1604 1037 1856 1093 Arbitror
1922 1035 2068 1090 enim

495 1138 587 1191 hic
620 1134 992 1199 concurrisse,
1012 1143 1072 1186 ut
1092 1145 1200 1201 qua
1245 1129 1368 1197 quis
1396 1130 1590 1185 lubens
1616 1130 1783 1195 dicat,
1819 1143 1929 1199 quo
1944 1127 2069 1198 jure

495 1227 787 1282 admodum
828 1224 1058 1278 delatam
1097 1224 1213 1276 viro
1256 1222 1590 1292 provinciam
1650 1222 1779 1275 velit
1818 1218 2065 1290 probare.

493 1304 875 1388 Accepitergo
906 1330 1083 1385 neque
1122 1314 1292 1384 patris
1332 1322 1721 1382 congruentem
1773 1310 2064 1375 desiderio,

490 1426 596 1467 nec
632 1424 762 1465 vero
794 1409 889 1461 filii
923 1405 1133 1468 virtuti,
1166 1405 1261 1459 sed
1306 1404 1563 1474 praesenti
1607 1404 1780 1473 magis
1809 1403 2071 1467 fortunae,

493 1520 559 1560 ac
588 1502 752 1558 rebus
780 1502 859 1556 sic
898 1500 1132 1554 afﬂictis.
1165 1497 1231 1550 At
1259 1497 1404 1551 enim
1442 1496 1630 1551 videor
1659 1512 1767 1551 non
1813 1505 2067 1552 accurate

492 1596 656 1651 verba
688 1607 1005 1662 usurpasse.
1057 1587 1125 1644 Ut
1170 1589 1294 1657 quis
1318 1589 1462 1643 enim
1491 1602 1619 1643 vero
1665 1587 1964 1658 proximius
1985 1570 2067 1641 di-

426 1672 427 1677 η
493 1695 602 1751 cat,
634 1700 743 1739 non
773 1694 880 1738 tam
908 1683 981 1736 illi
1011 1682 1417 1749 PeIOponncsus
1472 1681 1596 1733 data
1631 1690 1735 1744 εει,
1779 1694 1941 1748 quam
1975 1678 2066 1732 ille

491 1779 888 1848 Peloponneso.
919 1773 1066 1828 Nihil
1090 1773 1235 1827 enim
1257 1772 1344 1825 illa
1370 1787 1464 1839 per
1492 1772 1545 1825 id
1571 1781 1785 1840 tempus
1813 1771 2062 1825 auxiliari

2170 669 2317 743 εἶχεν
2351 675 2493 747 ἀνὴρ
2532 675 2761 745 ἀγαθὸς,
2792 675 2926 729 αὐτό
2956 691 3019 742 γε
3048 675 3192 745 τοῦτ’
3236 675 3390 745 ἀνὴρ
3422 674 3631 742 άγαθδς
3656 691 3759 740 φα-

2169 765 2350 835 νῆναι,
2402 767 2610 821 δίδοται
2655 766 2831 838 τούτῳ
2860 770 2893 835 ή
2949 766 3399 834 Πελοπόννησος,
3431 766 3496 818 ού
3560 765 3758 835 μᾶλλον

2170 858 2373 929 κλῆρος
2400 860 2459 930 ἢ,
2487 861 2669 930 μερὶς,
2704 859 2736 930 ἢ
2768 859 2936 930 γέρας
2984 860 3338 913 δικαιότατον
3374 856 3483 927 τῆς
3527 873 3589 909 τε
3623 856 3754 927 πρὸς

2168 950 2368 1018 γονέας
2421 951 2865 1022 εὐγνωμοσύνης.
2895 951 2992 1020 τῆς
3040 967 3099 1003 τε
3133 949 3394 1019 ἀνδρίας,
3441 943 3513 1020 ἦς
3546 948 3758 1013 ἐπεδεί-

2170 1040 2319 1105 ξατο,
2350 1040 2445 1092 καὶ
2476 1040 2779 1110 συλλήϐδην
2803 1040 2900 1108 τῆς
2946 1039 3140 1109 λοιπῆς
3169 1038 3407 1110 ἀρετῆς.
3440 1034 3617 1106 Οἶμαι
3651 1038 3754 1106 γὰρ

2167 1132 2420 1186 ἐνταυθοῖ
2468 1131 2994 1201 συνδεδραμηκέναι,
3049 1133 3261 1202 ὅσαπερ
3317 1114 3388 1185 άν
3436 1147 3550 1184 τινι
3608 1130 3757 1200 φίλον

2166 1222 2373 1289 λέγειν,
2401 1221 2469 1274 δι’
2499 1215 2574 1275 ὧν
2605 1222 2716 1293 ἔχοι
2763 1221 3036 1276 δεικνύναι
3074 1222 3284 1291 ταύτην
3331 1206 3767 1285 δεδόσθαιτῶδε

2168 1314 2359 1384 τάνδρὶ
2391 1314 2529 1383 μετὰ
2560 1314 2755 1367 πολλοῦ
2782 1313 2875 1367 τοῦ
2909 1314 3141 1368 δικαίου.
3173 1316 3383 1384 Ἔσχεν
3410 1313 3515 1367 οὖν
3546 1314 3753 1374 ἐκεῖνος

2167 1405 2351 1478 τήνδε,
2377 1406 2501 1459 οὔτε
2531 1405 2626 1459 τοῦ
2660 1405 2871 1476 πατρὸς
2902 1409 2967 1475 τῇ
2996 1405 3278 1476 προθυμίᾳ
3313 1405 3750 1475 ξυμϐαίνουσαν,

2167 1499 2292 1551 οὒτε
2346 1500 2455 1567 μὴν
2481 1501 2547 1569 τῇ
2596 1497 2691 1550 τοῦ
2722 1497 2913 1560 παιδὸς
2943 1499 3140 1568 ἀρετῇ,
3194 1497 3335 1552 ἀλλὰ
3380 1501 3451 1568 τῇ
3502 1497 3753 1567 παρούσῃ
3856 1570 3861 1575 γ

2167 1589 2304 1660 τύχῃ
2340 1589 2433 1641 καὶ
2464 1592 2527 1660 τῇ
2575 1587 2684 1642 τῶν
2738 1590 3084 1659 πραγμάτων
3130 1590 3365 1659 ἀπορίᾳ.
3416 1589 3583 1642 Ἀλλά
3628 1589 3753 1657 γὰρ,

2168 1682 2240 1744 ὡς
2273 1681 2469 1744 ἔοικεν,
2504 1681 2603 1734 οὐκ
2630 1681 2877 1750 άκριϐῶς
2909 1685 3020 1745 τοῖς
3064 1681 3327 1752 ὀνόμασιν
3361 1680 3750 1753 ἐχρησάμεθα.

2171 1771 2233 1823 El
2261 1772 2368 1841 γὰρ
2394 1772 2793 1842 τάληοέσιερον
2829 1773 2972 1825 εἴποι
3020 1790 3123 1839 τις,
3161 1773 3220 1824 ού
3261 1773 3477 1842 μᾶλλον
3511 1771 3689 1842 τούτῳ
3719 1772 3748 1841 ή

492 1878 744 1941 poterat,
774 1867 867 1922 sed
914 1865 1036 1937 ejus
1070 1864 1243 1933 magis
1268 1862 1472 1916 auxilio
1502 1863 1733 1929 egebat;
1766 1860 1976 1915 tametsi
2007 1871 2063 1916 et

2171 1863 2576 1933 Πελοπόννησος
2611 1864 2759 1935 ήπερ
2791 1856 2949 1925 οὗτος
2977 1863 3187 1917 δέδοται
3217 1868 3282 1933 τῇ
3324 1864 3749 1932 Πελοποννήσῳ.

490 1963 581 2018 ille
616 1962 697 2019 sic
720 1962 967 2023 haberet,
1020 1956 1154 2011 utei
1188 2022 1191 2025 Α
1222 1954 1390 2009 nihilo
1440 1954 1620 2009 secius
1673 1954 1877 2008 auxilio
1925 1968 2061 2023 epos

2171 1955 2241 2008 Οὐ
2265 1957 2374 2025 γὰρ
2410 1956 2631 2026 βοηθεῖν
2657 1957 2852 2026 ἐκείνῳ
2887 1957 3008 2008 τότε
3048 1956 3336 2027 δυνάμεως
3373 1953 3533 2025 εῖχεν
3556 1971 3571 1986 ⁸
3619 1955 3749 2009 ἀλλὰ

491 2051 791 2122 essenqui
822 2065 997 2120 nuper
1052 2051 1233 2102 nudus
1276 2046 1527 2101 omnibus
1574 2060 1828 2115 egressus
1868 2046 2060 2115 praesi-

2171 2048 2263 2118 τῆς
2306 2047 2470 2100 αὐτοῦ
2527 2045 2779 2117 βοηθείας
2821 2047 3023 2116 μᾶλλον
3074 2044 3486 2120 ἦνοχρῂζουσα
3515 2064 3531 2079 ⁸
3582 2048 3752 2102 καίτοι

491 2148 607 2213 dio,
638 2144 772 2199 nihil
792 2157 888 2213 per
913 2151 1148 2209 tempus,
1187 2145 1528 2192 conmeatus
1566 2136 1860 2191 necessarii
1911 2152 2061 2191 cout-

2171 2141 2418 2200 κάκεῖνος
2471 2136 2713 2202 τοιοῦτος
2772 2135 2838 2211 ἦν
2882 2141 3222 2207 τηνικαῦτα,
3279 2141 3433 2195 ὥστε
3497 2138 3748 2212 βοηθείας

491 2252 685 2308 parare
728 2237 1016 2307 potuisset.
1056 2232 1436 2287 Commeatum
1471 2230 1616 2291 dico,
1667 2243 1943 2283 armorum
1976 2244 2061 2284 ro-

2171 2230 2388 2295 5εῖσθαι,
2419 2231 2575 2299 ψιλὸς
2619 2232 2719 2301 μὲν
2753 2232 2975 2285 πάντων
3041 2234 3140 2302 τῆς
3187 2235 3443 2303 φρουρᾶς
3496 2230 3747 2297 ἐξελθὼν,

493 2330 615 2391 bur,
653 2326 1090 2393 sullieicntesque
1128 2322 1405 2391 pecunias,
1441 2320 1491 2374 in
1544 2321 1855 2376 necessaria
1918 2319 2061 2372 mili-

2171 2325 2333 2396 μηδὲν
2363 2323 2419 2376 δὲ
2449 2323 2698 2392 δυνηθεὶς
2732 2314 2818 2376 διὰ
2866 2324 2958 2376 τὸν
2994 2324 3187 2394 καιρὸν
3219 2323 3569 2395 κτήσασθαι.
3602 2323 3750 2388 Λέγω

495 2431 608 2491 tum
647 2415 1036 2486 impendendas
1067 2412 1338 2476 subsidia,
1379 2426 1442 2466 ac
1465 2411 1688 2466 omnino
1713 2411 1765 2465 in
1806 2425 1924 2480 qua:
1960 2411 2060 2464 im-

2171 2417 2218 2469 ιι
2274 2417 2470 2480 κτῆσιν
2499 2415 2597 2483 τὴν
2629 2416 2736 2467 ἀπὸ
2765 2415 2876 2467 τῶν
2915 2415 3094 2468 ὅπλων
3145 2416 3322 2484 ἰσχὺν,
3355 2415 3456 2469 καὶ
3482 2414 3751 2485 ἀρκοῦντα

492 2509 650 2579 pendi
677 2507 1025 2563 commodum
1055 2505 1321 2558 videatur.
1387 2501 1542 2568 Quod
1587 2505 1731 2558 enim
1783 2502 1848 2556 ad
1875 2502 2056 2571 ingen-

2171 2510 2442 2579 χρήματα,
2480 2507 2658 2570 καλῶς
2695 2492 3101 2578 ἀναλισκόμενα
3139 2508 3217 2570 είς
3242 2510 3312 2561 τὰ
3340 2509 3458 2561 τῶν
3490 2523 3751 2577 στρατιωο

494 2616 576 2657 tcs
612 2603 898 2657 thesauros
960 2607 1189 2667 spectat,
1233 2596 1651 2665 confertumque
1696 2588 2055 2663 marsupium,

2171 2601 2268 2656 τῶν
2294 2601 2596 2671 ἐπιτήδεια,
2628 2599 2722 2652 καὶ
2753 2599 2911 2666 ὅλως,
2942 2599 3050 2669 ὅπη
3088 2601 3339 2672 συνοίσῃ.
3377 2599 3623 2654 Πλοῦτον
3647 2601 3747 2668 γάρ

492 2708 555 2757 ae
582 2706 776 2748 aurum
827 2696 1226 2758 argentumque
1292 2686 1433 2741 male
1455 2692 1736 2755 congesta,
1787 2700 1851 2740 ac
1902 2685 2058 2755 pejus

2171 2689 2240 2742 δτι
2281 2687 2471 2754 πολὺν,
2530 2686 2624 2740 καὶ
2662 2686 2949 2757 βαλάντιον
2988 2688 3171 2757 ἁδρὸν,
3216 2690 3313 2742 καὶ
3361 2692 3615 2761 χρυσίον,
3656 2687 3744 2741 καὶ

492 2793 730 2848 servata,
767 2784 884 2837 haec
909 2780 954 2836 si
983 2778 1300 2845 afﬂuebant,
1336 2777 1758 2847 haudquaquam
1818 2790 2060 2848 appone-

2171 2776 2448 2849 ὶργύριον,
2475 2777 2845 2849 ἀθροιζόμενα
2880 2778 3091 2841 κακῶς,
3124 2779 3219 2833 καὶ
3246 2782 3437 2851 χεῖρον
3475 2780 3738 2850 φυλαττό-

2156 2884 2322 2939 μενα,
2357 2870 2529 2923 ταῦτα
2562 2871 2619 2923 δὲ
2650 2872 2698 2924 εί
2746 2870 2921 2942 ἔρρει,
2975 2873 3036 2924 οὐ
3081 2872 3446 2941 προσετίθετο
3494 2868 3737 2943 καρδίαν,

492 2970 620 3023 vino
647 2966 806 3035 plane
828 2973 961 3018 nutu
989 2978 1050 3018 ac
1074 2962 1356 3027 instinctu,
1394 2975 1499 3015 avo
1522 2960 1649 3015 inde
1694 2969 1944 3030 rogante,
1970 2974 2062 3028 pa-

2171 2961 2239 3033 τῷ
2268 2963 2430 3017 Δαϐὶδ
2462 2964 2807 3031 πειθόμενος.
2829 2964 2976 3032 Πλὴν
2997 2963 3098 3017 ούκ
3129 2963 3260 3016 ἄνευ
3291 2965 3446 3018 θείου
3480 2964 3742 3034 νεύματος

478 3069 621 3113 Δι’υο
673 3052 1018 3121 obsecrante,
1058 3053 1472 3123 patrisjudicio,
1533 3050 1721 3106 matris
1753 3054 2054 3118 voluntate,

2171 3054 2263 3108 καὶ
2296 3057 2491 3126 ῥοπῆς,
2531 3056 2788 3126 δεομένου
2826 3057 2926 3126 μὲν
2955 3059 3166 3111 ἐκεῖθεν
3192 3057 3289 3111 τοῦ
3317 3058 3497 3122 θείου,
3535 3056 3740 3123 ἀξιοῦν-

493 3150 587 3206 sed
610 3156 664 3202 et
699 3162 818 3202 mea
851 3147 1044 3216 ipsius,
1085 3145 1150 3199 ad
1176 3159 1270 3199 vos
1312 3142 1652 3198 desideratus
1678 3143 1845 3208 venit,
1888 3158 2064 3214 quan—

2172 3163 2263 3210 τος
2288 3147 2344 3200 δὲ
2366 3146 2461 3201 τοῦ
2488 3150 2733 3215 πάππου,
2754 3148 2937 3218 κρίσει
2964 3149 3063 3219 μὲν
3086 3152 3152 3220 τῇ
3173 3149 3266 3202 τοῦ
3292 3153 3529 3222 πατρὸς,
3555 3149 3742 3217 γνώμῃ

495 3254 802 3311 quamnon
851 3232 1010 3293 facile
1037 3236 1137 3292 fuit
1182 3236 1426 3305 paternis
1488 3236 1863 3304 maternisque
1911 3235 2069 3289 avelli

2171 3237 2227 3291 δὲ
2254 3241 2318 3309 τῇ
2345 3239 2445 3309 τῆς
2487 3226 2714 3308 μητρὸς,
2747 3239 2942 3310 γνώμῃ
2970 3241 3025 3293 δὲ
3058 3243 3154 3294 καὶ
3184 3243 3461 3313 ἡμετέρᾳ,
3507 3237 3642 3312 ἧκεν
3669 3242 3742 3300 είς

493 3333 770 3397 manibus,
805 3330 999 3385 addam
1027 3343 1155 3383 vero
1190 3337 1244 3383 et
1298 3327 1468 3393 meis;
1512 3326 1710 3381 nedum
1761 3326 1829 3379 ab
1859 3326 2070 3396 impen-

2171 3329 2316 3399 ὑμᾶς
2344 3332 2372 3383 ό
2424 3329 2793 3403 ποθούμενος·
2832 3334 3010 3384 καίτοι
3056 3333 3117 3385 ού
3169 3333 3373 3403 ῥᾳδίως
3426 3333 3740 3386 ἀπέσπαστο

493 3422 623 3477 siori
654 3422 743 3476 illo
761 3420 979 3489 affectu,
1011 3421 1103 3475 sed
1128 3420 1348 3489 etquod
1384 3434 1451 3473 ex
1499 3417 1764 3473 anteactis
1799 3417 1908 3487 jam
1949 3434 2070 3489 prn-

2171 3421 2277 3474 τῶν
2304 3421 2504 3492 χειρῶν
2534 3421 2822 3492 πατρικῶν
2852 3438 2912 3474 τε
2952 3425 3047 3477 καὶ
3092 3424 3402 3494 μητρικῶν,
3450 3427 3738 3494 προσθήσω

494 3516 703 3577 basset,
733 3527 894 3582 qnam
919 3522 1104 3580 posset
1119 3511 1314 3581 juvarc
1356 3508 1698 3580 gravissimis
1729 3509 2067 3578 temporibus

2171 3514 2223 3567 δὲ
2250 3514 2331 3568 ὅτι
2365 3514 2458 3567 καὶ
2487 3514 2598 3567 τῶν
2638 3514 2789 3583 ἐμῶν
2815 3528 2832 3546 ο
2865 3515 2924 3567 οὗ
2960 3514 3048 3567 διὰ
3075 3515 3135 3568 τὸ
3182 3516 3408 3583 φίλτρον
3442 3519 3603 3586 μόνον
3628 3513 3715 3584 ήλί
3731 3544 3738 3551 -

490 2878 585 2930 bat
608 2890 728 2938 cor,
755 2870 974 2927 Davidis
998 2871 1293 2925 obsecutus
1339 2868 1569 2924 consilio
1594 2867 1662 2924 ⁸³.
1694 2867 1956 2923 Caeterum
1982 2866 2063 2922 cli-4

496 3621 559 3659 ac
591 3606 755 3659 rebus
782 3604 1053 3673 aquibus
1092 3603 1324 3657 necdum
1350 3599 1588 3671 perfecte
1644 3606 2067 3655 enterseratlus.

494 3696 634 3763 Quia
665 3707 844 3751 tamen
879 3709 1058 3766 operte
1084 3679 1319 3766 pretium
1364 3702 1499 3758 erat,
1533 3702 1593 3746 ut
1621 3692 1891 3748 obtineret
1926 3693 2068 3764 quod

495 3800 612 3845 crat
683 3791 895 3860 potius,‘
947 3787 1186 3844 obtinuit
1248 3802 1491 3858 quoque,
1550 3786 1804 3856 bonoque
1860 3787 2067 3849 omine,

482 3897 664 3935 uinum
704 3880 833 3952 quid
870 3880 1175 3935 membrum
1212 3879 1281 3934 ab
1322 3882 1582 3937 universo
1632 3893 1862 3948 corpore
1901 3878 2066 3932 vestri

494 3986 657 4025 causa
674 3971 943 4035 avulsum,
966 3970 1123 4024 vobis
1149 3971 1347 4024 illuxit.
1364 3971 1513 4026 Silco
1528 3987 1612 4027 res
1631 3973 1833 4026 interea
1860 3982 2064 4040 gestas,

495 4070 554 4117 ta'.
580 4078 644 4117 ne
679 4063 953 4117 narrando
983 4063 1227 4132 prolixus
1252 4062 1475 4117 emetur.

577 4327 669 4384 Sic
690 4343 819 4398 ergo
845 4331 959 4391 ille,
1004 4327 1172 4398 patris
1197 4326 1399 4396 pariter
1435 4327 1735 4397 matrisque
1768 4342 1830 4382 ac
1852 4328 2070 4383 univer-

495 4442 680 4482 sorum
716 4421 964 4492 precibus
988 4422 1191 4490 Optime
1245 4420 1572 4486 instructus,
1612 4420 2065 4490 prtentiltebatur,

497 4515 698 4586 quibus
727 4514 893 4568 etiam
970 4510 1237 4566 educatus
1277 4518 1443 4576 esset,
1494 4525 1556 4566 ac
1606 4512 1966 4581 promovisset
2001 4513 2067 4567 ad
2096 4482 2148 4541 ί)

496 4606 721 4661 tucllora
755 4619 784 4656 a
854 4605 1057 4657 teneris
1126 4601 1256 4671 ipsis
1321 4602 1613 4672 unguibus,
1667 4604 1842 4658 donec
1866 4605 1933 4659 ad
1979 4622 2072 4660 vos

496 4698 703 4752 missus
735 4705 835 4751 est.
869 4693 940 4748 lis
964 4694 1219 4764 precibus
1254 4688 1642 4761 deducebatur,
1673 4710 1795 4750 cum
1828 4713 1857 4752 a
1898 4698 2068 4768 patria

494 4789 755 4844 dimissus
818 4785 998 4840 navim
1056 4786 1497 4842 conscendisset:
1557 4788 1623 4841 iis
1682 4790 2067 4859 adnavigabat,

495 4877 1092 4952 lugentibus‘cognatis
1129 4892 1193 4932 ac
1264 4876 1708 4945 deducentibus;
1740 4880 1915 4948 iisque
1964 4882 2069 4937 sibi

497 4982 694 5043 prmsto
718 4972 832 5026 fore
881 4970 1139 5040 sperabat
1184 4968 1431 5024 divinum
1496 4987 1719 5026 numen.
1768 4970 1914 5025 Nihil
1954 4974 2073 5028 sine

497 5064 606 5120 illis
647 5072 743 5117 aut
776 5062 1069 5132 cogitabat,
1112 5069 1206 5115 aut
1236 5062 1461 5115 omnino
1492 5063 1685 5130 agebat
1712 5081 1726 5127 ;
1770 5077 1875 5132 qua
1909 5063 2071 5118 etiam

497 5155 563 5209 de
609 5168 776 5209 causa
815 5153 1142 5217 conficiebat
1169 5153 1376 5218 omnia,
1409 5167 1532 5206 cum
1567 5151 1800 5206 dimcilia
1846 5138 2085 5224 quaeque

498 5259 564 5302 ac
615 5245 891 5300 tremenda
927 5243 984 5299 in
1010 5245 1344 5301 contrarium
1379 5244 1429 5298 ei
1461 5243 1735 5298 cederent.

571 5434 710 5502 Quid
749 5450 875 5489 vero
920 5451 1057 5504 opus
1112 5435 1325 5506 singula
1386 5435 1669 5505 prosequi,
1728 5450 2068 5504 qumcunque

501 5529 861 5600 Pcleponnesi
902 5530 1088 5591 urbes,
1121 5527 1225 5582 'vel
1266 5544 1297 5583 a
1348 5528 1542 5582 vicinis
1609 5526 1840 5591 Latinis,
1908 5529 1986 5582 vel
2040 5545 2070 5582 a

502 5618 713 5682 Turcis,
792 5618 931 5671 uzala
999 5620 1369 5683 sustinerent,
1430 5634 1553 5673 cum
1615 5620 1673 5681 ii,
1706 5632 1812 5687 qua
1859 5634 1891 5673 a
1936 5632 2066 5672 eon-

576 5798 620 5830 ³³
652 5797 793 5853 l’sal.
821 5809 930 5863 ut,
966 5795 1049 5849 ll.

2169 3624 2264 3660 κον
2290 3605 2371 3668 ὃν,
2404 3604 2539 3660 ἀλλὰ
2587 3607 2678 3657 καὶ
2710 3605 2800 3658 διὰ
2829 3605 2888 3660 τὸ
2920 3606 3096 3671 δεῖξαι
3145 3608 3261 3669 τοῖς
3296 3608 3597 3676 φθάσασιν,
3632 3600 3738 3663 οἶος

2168 3692 2236 3767 ἦν
2289 3698 2494 3760 ἐκεῖνος
2548 3695 2768 3766 βοηθεῖν
2824 3697 2881 3765 έν
2920 3696 3347 3766 χαλεπωτάτοις
3387 3699 3602 3767 καιροῖς
3651 3694 3740 3748 καὶ

2170 3789 2516 3857 πράγμασιν,
2571 3781 2646 3841 ὧν
2682 3786 2836 3843 οὔπω
2879 3788 3083 3852 τελέως
3132 3784 3276 3860 ἦμεν
3309 3787 3738 3861 ἀπηλλαγμένοι.

2182 3879 2323 3935 Ἀλλ’
2353 3881 2475 3932 ἐπεὶ
2514 3878 2578 3932 τὸ
2618 3881 2866 3950 κρεῖττον
2896 3879 3004 3931 ἔδει
3031 3883 3277 3951 νικῆσαι,
3318 3882 3421 3952 ήδη
3455 3879 3550 3932 καὶ
3594 3875 3730 3951 vavi-

2171 3987 2343 4041 κηκεο
2390 3970 2482 4023 καὶ
2518 3968 2838 4038 ἐπέλαμψεν
2884 3969 3015 4039 ὑμῖν
3044 3970 3222 4040 ἀγαθῇ
3258 3970 3401 4043 τύχῃ
3434 3971 3527 4039 βία
3559 3985 3611 4020 τι
3647 3964 3740 4033 μέο

2169 4064 2261 4125 λος
2292 4060 2526 4133 ἐκραγὲν
2570 4059 2666 4113 τοῦ
2701 4058 2931 4113 καθόλου
2962 4060 3212 4129 σώματος
3255 4062 3412 4131 ὑμῶν
3454 4062 3635 4114 ἕνεκα.
3668 4057 3744 4107 Τὰ

2172 4155 2229 4207 δὲ
2259 4152 2465 4223 μεταξὺ
2508 4151 2719 4219 σιωπῶ,
2748 4154 2809 4205 τὸ
2831 4153 2942 4216 τοῖς
2964 4152 3272 4224 διηγήμασι
3303 4147 3741 4207 συνεκτείνεσθαι

2174 4245 2413 4315 φεύγων.

2244 4337 2454 4403 Οὕτως,
2492 4340 2681 4411 εὐχαῖς
2709 4342 2829 4404 ταῖς
2878 4340 2971 4395 τοῦ
3008 4339 3236 4409 πατρὸς,
3282 4338 3475 4409 ὥσπερ
3514 4334 3613 4391 οὖν
3651 4332 3738 4387 καὶ

2175 4436 2272 4504 τῆς
2310 4435 2539 4506 μητρὸς,
2569 4436 2666 4489 καὶ
2696 4440 2812 4498 ταῖς
2843 4435 2953 4489 τῶν
2983 4434 3262 4500 ἁπάντων,
3296 4435 3496 4504 ἄριστα
3528 4429 3619 4482 καὶ
3645 4441 3739 4476 πε-

2176 4528 2495 4596 φραγμένος
2525 4527 2624 4578 καὶ
2668 4524 3037 4593 ὡπλισμένος,
3071 4524 3479 4594 προεπέμπετο,
3522 4513 3610 4579 αἷς
3652 4513 3739 4567 καὶ

2175 4618 2524 4689 ἁνετρέφετο,
2564 4617 2660 4670 καὶ
2691 4617 2825 4687 πρὸς
2860 4617 2927 4669 τά
2964 4614 3156 4687 βελτίω
3190 4599 3503 4685 προὺχώρέι
3534 4608 3592 4674 ἐξ
3622 4605 3737 4660 όνύ-

2174 4727 2286 4778 χων
2309 4707 2536 4763 ἁπαλῶν
2568 4707 2696 4777 άχρι
2724 4708 2817 4759 καὶ
2843 4705 2939 4759 τοῦ
2982 4705 3107 4776 μεθ’
3137 4705 3293 4775 ὑμῶν
3316 4700 3482 4759 εἶναι.
3512 4697 3738 4757 Ταύταις

2176 4799 2412 4869 ἀνήγετο
2443 4798 2562 4858 ταῖς
2596 4797 2806 4866 εὐχαῖς,
2835 4796 2992 4864 ἀφεῖς
3023 4797 3085 4848 ὲκ
3114 4795 3214 4863 τῆς
3252 4793 3514 4865 πατρίδος
3539 4789 3618 4851 είς
3648 4787 3735 4836 πέο

2176 4888 2342 4955 λαγος
2364 4903 2379 4918 ·
2410 4888 2634 4949 ταύταις
2663 4885 2921 4950 ἀπέπλει,
2951 4885 3059 4938 τῶν
3094 4884 3375 4952 συγγενῶν
3405 4878 3738 4952 δακρυόντων

2177 4977 2295 5048 ἅμα
2325 4978 2421 5032 καὶ
2466 4978 2906 5047 προπεμπόντων
2931 4992 2944 5005 ·
2988 4976 3218 5040 ταύταις
3251 4977 3346 5029 καὶ
3387 4976 3486 5044 τὴν
3519 4970 3623 5026 ἀπὸ
3645 4962 3735 5018 τοῦ

2177 5069 2315 5122 Θεοῦ
2344 5068 2663 5139 συμμαχίαν
2696 5067 2892 5138 ἦλπιζε
2925 5069 3170 5138 σχήσειν.
3219 5066 3387 5121 Οὐδὲν
3416 5067 3449 5135 ἢ
3477 5056 3734 5128 ἐλογίζετο

2181 5161 2214 5231 ἢ
2244 5161 2305 5212 τὺ
2334 5159 2599 5230 παράπαν
2634 5160 2928 5230 εἰργάζετο
2963 5158 3169 5212 τούτων
3213 5160 3343 5213 ἄνευ
3368 5172 3387 5191 ο
3412 5156 3493 5209 διὸ
3523 5169 3614 5208 και
3638 5145 3739 5201 κᾶν

2184 5254 2337 5322 ήνυε,
2368 5252 2478 5306 τῶν
2528 5268 2588 5305 τε
2618 5250 2897 5304 δυσκόλων
2940 5250 3033 5303 καὶ
3083 5248 3335 5318 φοϐερῶν
3361 5247 3551 5318 ὥσπερ
3584 5241 3736 5297 αὐτο·

2191 5344 2376 5413 μάτων
2405 5343 2487 5405 είς
2511 5340 2823 5395 τούναντίον
2859 5339 3372 5411 μετενηνεγμένων.

2251 5435 2434 5488 Πάντα
2477 5432 2576 5502 μὲν
2613 5428 2707 5485 οὖν
2735 5432 2829 5485 καὶ
2867 5430 3076 5484 ἕκαστα
3120 5429 3376 5500 φράζειν,
3412 5430 3513 5483 ὅσα
3553 5441 3610 5479 τε
3636 5416 3732 5474 ύπδ

2177 5526 2287 5578 τῶν
2312 5524 2701 5592 γειτονούντων
2734 5520 2984 5574 Λατίνων
3017 5518 3070 5573 αἱ
3111 5519 3364 5573 ἐνταυθοῖ
3403 5518 3604 5576 πόλεις,
3641 5510 3733 5562 ὅσα

2173 5633 2231 5670 τε
2261 5615 2366 5668 ὑπὸ
2388 5615 2497 5670 τῶν
2524 5613 2785 5685 Τούρκων
2817 5613 3110 5682 ὁφίσταντο
3147 5611 3315 5678 κακὰ,
3346 5610 3605 5664 ἐπιόντων
3634 5596 3726 5668 μὲν
