  <div class='ocr_page' id='page_1' title='image "/cluster/home/n/w/nwhite01/storage/ocr_20150623/156/hvd.32044019208438/144.png"; bbox 0 0 4060 6590; ppageno 0'>
   <div class='ocr_carea' id='block_1_1' title="bbox 386 450 565 516">
    <p class='ocr_par' dir='ltr' id='par_1_1' title="bbox 386 450 565 516">
     <span class='ocr_line' id='line_1_1' title="bbox 386 450 565 516; baseline 0.034 -5"><span class='ocrx_word' id='word_1_1' title='bbox 386 450 496 516; x_wconf 68' lang='lat'><strong>269</strong></span> <span class='ocrx_word' id='word_1_2' title='bbox 560 472 565 475; x_wconf 76' lang='lat'><em>‘</em></span> 
     </span>
    </p>
   </div>
   <div class='ocr_carea' id='block_1_2' title="bbox 1168 460 2847 536">
    <p class='ocr_par' dir='ltr' id='par_1_2' title="bbox 1168 460 2847 536">
     <span class='ocr_line' id='line_1_2' title="bbox 1168 460 2847 536; baseline 0.01 -16"><span class='ocrx_word' id='word_1_3' title='bbox 1168 460 1567 523; x_wconf 78' lang='lat' dir='ltr'><strong>THEODOBI</strong></span> <span class='ocrx_word' id='word_1_4' title='bbox 1605 462 1965 527; x_wconf 70' lang='lat' dir='ltr'><strong>DESPO&#39;NE</strong></span> <span class='ocrx_word' id='word_1_5' title='bbox 2009 466 2396 531; x_wconf 75' lang='lat' dir='ltr'><strong>LAUDATIO</strong></span> <span class='ocrx_word' id='word_1_6' title='bbox 2434 472 2847 536; x_wconf 80' lang='lat' dir='ltr'><strong>FUNEBRIS.</strong></span> 
     </span>
    </p>
   </div>
   <div class='ocr_carea' id='block_1_3' title="bbox 3528 480 3636 546">
    <p class='ocr_par' dir='ltr' id='par_1_3' title="bbox 3528 480 3636 546">
     <span class='ocr_line' id='line_1_3' title="bbox 3528 480 3636 546; baseline 0.019 -2"><span class='ocrx_word' id='word_1_7' title='bbox 3528 480 3636 546; x_wconf 75' lang='lat'><strong>210</strong></span> 
     </span>
    </p>
   </div>
   <div class='ocr_carea' id='block_1_4' title="bbox 386 560 1961 658">
    <p class='ocr_par' dir='ltr' id='par_1_4' title="bbox 386 560 1961 651">
     <span class='ocr_line' id='line_1_4' title="bbox 386 560 1961 651; baseline 0.008 -32"><span class='ocrx_word' id='word_1_8' title='bbox 386 567 579 628; x_wconf 80' lang='grc' dir='ltr'><strong>ῖπποις</strong></span> <span class='ocrx_word' id='word_1_9' title='bbox 604 568 667 621; x_wconf 78' lang='grc' dir='ltr'><strong>ὲκ</strong></span> <span class='ocrx_word' id='word_1_10' title='bbox 692 567 790 637; x_wconf 80' lang='grc' dir='ltr'><strong>τῆς</strong></span> <span class='ocrx_word' id='word_1_11' title='bbox 815 568 1067 640; x_wconf 68' lang='grc' dir='ltr'><strong>ἠπείρου,</strong></span> <span class='ocrx_word' id='word_1_12' title='bbox 1093 573 1357 626; x_wconf 77' lang='grc' dir='ltr'><strong>ἐπιόντων</strong></span> <span class='ocrx_word' id='word_1_13' title='bbox 1379 575 1434 641; x_wconf 71' lang='grc' dir='ltr'><strong>δὲ</strong></span> <span class='ocrx_word' id='word_1_14' title='bbox 1458 577 1614 628; x_wconf 75' lang='grc' dir='ltr'><strong>ναυσὲ</strong></span> <span class='ocrx_word' id='word_1_15' title='bbox 1640 560 1961 651; x_wconf 73' lang='grc' dir='ltr'><strong>λῃστρικαῖς</strong></span> 
     </span>
    </p>
   </div>
   <div class='ocr_carea' id='block_1_5' title="bbox 2045 560 3631 658">
    <p class='ocr_par' dir='ltr' id='par_1_5' title="bbox 2072 572 3631 658">
     <span class='ocr_line' id='line_1_5' title="bbox 2072 572 3631 658; baseline 0.01 -28"><span class='ocrx_word' id='word_1_16' title='bbox 2072 572 2482 652; x_wconf 56' lang='grc' dir='ltr'><strong>ιῖηθηιίίρᾳιιῖει</strong></span> <span class='ocrx_word' id='word_1_17' title='bbox 2510 583 2847 650; x_wconf 79' lang='lat' dir='ltr'><strong>invaderent,</strong></span> <span class='ocrx_word' id='word_1_18' title='bbox 2885 600 2989 658; x_wconf 88' lang='lat' dir='ltr'><strong>qua</strong></span> <span class='ocrx_word' id='word_1_19' title='bbox 3020 601 3049 640; x_wconf 89' lang='lat' dir='ltr'><strong>a</strong></span> <span class='ocrx_word' id='word_1_20' title='bbox 3093 585 3224 639; x_wconf 87' lang='lat' dir='ltr'><strong>mari</strong></span> <span class='ocrx_word' id='word_1_21' title='bbox 3251 588 3486 653; x_wconf 74' lang='lat' dir='ltr'><strong>piraticis</strong></span> <span class='ocrx_word' id='word_1_22' title='bbox 3516 602 3631 645; x_wconf 86' lang='lat' dir='ltr'><strong>ten-</strong></span> 
     </span>
    </p>
   </div>
   <div class='ocr_carea' id='block_1_6' title="bbox 388 656 1957 733">
    <p class='ocr_par' dir='ltr' id='par_1_6' title="bbox 388 656 1957 733">
     <span class='ocr_line' id='line_1_6' title="bbox 388 656 1957 733; baseline 0.01 -25"><span class='ocrx_word' id='word_1_23' title='bbox 388 658 502 709; x_wconf 73' lang='grc' dir='ltr'><strong>ἀπὸ</strong></span> <span class='ocrx_word' id='word_1_24' title='bbox 526 656 617 710; x_wconf 79' lang='grc' dir='ltr'><strong>τοῦ</strong></span> <span class='ocrx_word' id='word_1_25' title='bbox 646 658 919 726; x_wconf 79' lang='grc' dir='ltr'><strong>πελάγους</strong></span> <span class='ocrx_word' id='word_1_26' title='bbox 939 675 954 690; x_wconf 84' lang='grc'><em>’</em></span> <span class='ocrx_word' id='word_1_27' title='bbox 1004 663 1098 715; x_wconf 73' lang='grc' dir='ltr'><strong>καὶ</strong></span> <span class='ocrx_word' id='word_1_28' title='bbox 1126 663 1271 717; x_wconf 77' lang='grc' dir='ltr'><strong>τίσιν</strong></span> <span class='ocrx_word' id='word_1_29' title='bbox 1300 666 1333 731; x_wconf 82' lang='grc' dir='ltr'><strong>ἠ</strong></span> <span class='ocrx_word' id='word_1_30' title='bbox 1380 664 1477 717; x_wconf 74' lang='grc' dir='ltr'><strong>τοῦ</strong></span> <span class='ocrx_word' id='word_1_31' title='bbox 1510 667 1752 733; x_wconf 60' lang='grc' dir='ltr'><strong>Πέλοπος</strong></span> <span class='ocrx_word' id='word_1_32' title='bbox 1796 686 1957 723; x_wconf 85' lang='grc' dir='ltr'><strong>κατε-</strong></span> 
     </span>
    </p>
   </div>
   <div class='ocr_carea' id='block_1_7' title="bbox 384 749 1957 829">
    <p class='ocr_par' dir='ltr' id='par_1_7' title="bbox 384 749 1957 829">
     <span class='ocr_line' id='line_1_7' title="bbox 384 749 1957 829; baseline 0.009 -28"><span class='ocrx_word' id='word_1_33' title='bbox 384 749 609 819; x_wconf 73' lang='grc' dir='ltr'><strong>τρίδετο</strong></span> <span class='ocrx_word' id='word_1_34' title='bbox 639 752 866 821; x_wconf 88' lang='grc' dir='ltr'><strong>τρόποις</strong></span> <span class='ocrx_word' id='word_1_35' title='bbox 889 768 905 784; x_wconf 73' lang='grc'><strong>⁸</strong></span> <span class='ocrx_word' id='word_1_36' title='bbox 934 753 1030 807; x_wconf 78' lang='grc' dir='ltr'><strong>τοῦ</strong></span> <span class='ocrx_word' id='word_1_37' title='bbox 1088 756 1188 827; x_wconf 77' lang='grc' dir='ltr'><strong>μὲν</strong></span> <span class='ocrx_word' id='word_1_38' title='bbox 1225 757 1324 826; x_wconf 80' lang='grc' dir='ltr'><strong>τῆς</strong></span> <span class='ocrx_word' id='word_1_39' title='bbox 1354 758 1560 829; x_wconf 65' lang='grc' dir='ltr'><strong>μητρδς</strong></span> <span class='ocrx_word' id='word_1_40' title='bbox 1597 761 1756 829; x_wconf 75' lang='grc' dir='ltr'><strong>ἡμῶν</strong></span> <span class='ocrx_word' id='word_1_41' title='bbox 1801 761 1957 815; x_wconf 79' lang='grc' dir='ltr'><strong>ἁδελ-</strong></span> 
     </span>
    </p>
   </div>
   <div class='ocr_carea' id='block_1_8' title="bbox 387 839 1958 921">
    <p class='ocr_par' dir='ltr' id='par_1_8' title="bbox 387 839 1958 921">
     <span class='ocr_line' id='line_1_8' title="bbox 387 839 1958 921; baseline 0.008 -30"><span class='ocrx_word' id='word_1_42' title='bbox 387 839 518 908; x_wconf 79' lang='grc' dir='ltr'><strong>φοῦ,</strong></span> <span class='ocrx_word' id='word_1_43' title='bbox 552 839 773 910; x_wconf 76' lang='grc' dir='ltr'><strong>ἀρίστου</strong></span> <span class='ocrx_word' id='word_1_44' title='bbox 805 843 907 912; x_wconf 64' lang='grc' dir='ltr'><strong>μὲν</strong></span> <span class='ocrx_word' id='word_1_45' title='bbox 930 844 1087 907; x_wconf 71' lang='grc' dir='ltr'><strong>ὄντος</strong></span> <span class='ocrx_word' id='word_1_46' title='bbox 1130 848 1231 914; x_wconf 75' lang='grc' dir='ltr'><strong>τὴν</strong></span> <span class='ocrx_word' id='word_1_47' title='bbox 1261 849 1447 914; x_wconf 82' lang='grc' dir='ltr'><strong>φύσιν,</strong></span> <span class='ocrx_word' id='word_1_48' title='bbox 1482 848 1663 912; x_wconf 89' lang='grc' dir='ltr'><strong>καλῶς</strong></span> <span class='ocrx_word' id='word_1_49' title='bbox 1684 849 1739 902; x_wconf 75' lang='grc' dir='ltr'><strong>δὲ</strong></span> <span class='ocrx_word' id='word_1_50' title='bbox 1768 850 1958 921; x_wconf 77' lang='grc' dir='ltr'><strong>ἄρχειν</strong></span> 
     </span>
    </p>
   </div>
   <div class='ocr_carea' id='block_1_9' title="bbox 382 931 1956 1010">
    <p class='ocr_par' dir='ltr' id='par_1_9' title="bbox 382 931 1956 1010">
     <span class='ocr_line' id='line_1_9' title="bbox 382 931 1956 1010; baseline 0.008 -27"><span class='ocrx_word' id='word_1_51' title='bbox 382 931 592 994; x_wconf 70' lang='grc' dir='ltr'><strong>εἰδότος</strong></span> <span class='ocrx_word' id='word_1_52' title='bbox 611 970 628 993; x_wconf 87' lang='grc'><strong>,</strong></span> <span class='ocrx_word' id='word_1_53' title='bbox 662 932 758 985; x_wconf 81' lang='grc' dir='ltr'><strong>τοῦ</strong></span> <span class='ocrx_word' id='word_1_54' title='bbox 783 935 877 987; x_wconf 59' lang='grc' dir='ltr'><strong>καὶ⁵</strong></span> <span class='ocrx_word' id='word_1_55' title='bbox 902 937 1137 1006; x_wconf 75' lang='grc' dir='ltr'><strong>ταυτησὶ</strong></span> <span class='ocrx_word' id='word_1_56' title='bbox 1166 938 1267 1007; x_wconf 80' lang='grc' dir='ltr'><strong>τῆς</strong></span> <span class='ocrx_word' id='word_1_57' title='bbox 1289 938 1386 991; x_wconf 80' lang='grc' dir='ltr'><strong>τοῦ</strong></span> <span class='ocrx_word' id='word_1_58' title='bbox 1415 940 1655 1003; x_wconf 81' lang='grc' dir='ltr'><strong>Πέλοπος</strong></span> <span class='ocrx_word' id='word_1_59' title='bbox 1675 941 1956 1010; x_wconf 76' lang='grc' dir='ltr'><strong>ἄρχοντος,</strong></span> 
     </span>
    </p>
   </div>
   <div class='ocr_carea' id='block_1_10' title="bbox 382 1022 1955 1094">
    <p class='ocr_par' dir='ltr' id='par_1_10' title="bbox 382 1022 1955 1094">
     <span class='ocr_line' id='line_1_10' title="bbox 382 1022 1955 1094; baseline 0.007 -21"><span class='ocrx_word' id='word_1_60' title='bbox 382 1023 486 1093; x_wconf 72' lang='grc' dir='ltr'><strong>ἤδη</strong></span> <span class='ocrx_word' id='word_1_61' title='bbox 520 1025 613 1076; x_wconf 71' lang='grc' dir='ltr'><strong>τὸν</strong></span> <span class='ocrx_word' id='word_1_62' title='bbox 646 1022 762 1093; x_wconf 81' lang='grc' dir='ltr'><strong>βίον</strong></span> <span class='ocrx_word' id='word_1_63' title='bbox 804 1024 1184 1090; x_wconf 79' lang='grc' dir='ltr'><strong>ἀπολιπόντος,</strong></span> <span class='ocrx_word' id='word_1_64' title='bbox 1218 1029 1318 1082; x_wconf 76' lang='grc' dir='ltr'><strong>οὐκ</strong></span> <span class='ocrx_word' id='word_1_65' title='bbox 1366 1031 1458 1083; x_wconf 70' lang='grc' dir='ltr'><strong>ἐπὶ</strong></span> <span class='ocrx_word' id='word_1_66' title='bbox 1489 1033 1639 1084; x_wconf 81' lang='grc' dir='ltr'><strong>παιδί</strong></span> <span class='ocrx_word' id='word_1_67' title='bbox 1676 1049 1785 1084; x_wconf 90' lang='grc' dir='ltr'><strong>τινι</strong></span> <span class='ocrx_word' id='word_1_68' title='bbox 1809 1072 1824 1094; x_wconf 91' lang='grc'><strong>,</strong></span> <span class='ocrx_word' id='word_1_69' title='bbox 1862 1034 1955 1086; x_wconf 80' lang='grc' dir='ltr'><strong>τοῦ</strong></span> 
     </span>
    </p>
   </div>
   <div class='ocr_carea' id='block_1_11' title="bbox 377 1113 1958 1189">
    <p class='ocr_par' dir='ltr' id='par_1_11' title="bbox 377 1113 1958 1189">
     <span class='ocr_line' id='line_1_11' title="bbox 377 1113 1958 1189; baseline 0.008 -24"><span class='ocrx_word' id='word_1_70' title='bbox 377 1113 436 1166; x_wconf 76' lang='grc' dir='ltr'><strong>δὲ</strong></span> <span class='ocrx_word' id='word_1_71' title='bbox 472 1113 705 1182; x_wconf 78' lang='grc' dir='ltr'><strong>ἀδελφοῦ</strong></span> <span class='ocrx_word' id='word_1_72' title='bbox 755 1115 966 1169; x_wconf 64' lang='grc' dir='ltr'><strong>ἐκείνου</strong></span> <span class='ocrx_word' id='word_1_73' title='bbox 998 1117 1099 1188; x_wconf 79' lang='grc' dir='ltr'><strong>τὴν</strong></span> <span class='ocrx_word' id='word_1_74' title='bbox 1140 1119 1315 1189; x_wconf 81' lang='grc' dir='ltr'><strong>ἀρχὴν</strong></span> <span class='ocrx_word' id='word_1_75' title='bbox 1354 1121 1763 1189; x_wconf 74' lang='grc' dir='ltr'><strong>διαδεξαμένου,</strong></span> <span class='ocrx_word' id='word_1_76' title='bbox 1802 1124 1958 1187; x_wconf 77' lang='grc' dir='ltr'><strong>δντος</strong></span> 
     </span>
    </p>
   </div>
   <div class='ocr_carea' id='block_1_12' title="bbox 381 1206 1955 1292">
    <p class='ocr_par' dir='ltr' id='par_1_12' title="bbox 381 1206 1955 1292">
     <span class='ocr_line' id='line_1_12' title="bbox 381 1206 1955 1292; baseline 0.01 -36"><span class='ocrx_word' id='word_1_77' title='bbox 381 1206 486 1266; x_wconf 79' lang='grc' dir='ltr'><strong>μὲν</strong></span> <span class='ocrx_word' id='word_1_78' title='bbox 517 1206 663 1259; x_wconf 80' lang='grc' dir='ltr'><strong>πάνυ</strong></span> <span class='ocrx_word' id='word_1_79' title='bbox 714 1208 977 1277; x_wconf 79' lang='grc' dir='ltr'><strong>χρηστοῦ,</strong></span> <span class='ocrx_word' id='word_1_80' title='bbox 1026 1213 1119 1263; x_wconf 75' lang='grc' dir='ltr'><strong>καὶ</strong></span> <span class='ocrx_word' id='word_1_81' title='bbox 1157 1212 1220 1263; x_wconf 76' lang='grc' dir='ltr'><strong>τὸ</strong></span> <span class='ocrx_word' id='word_1_82' title='bbox 1251 1213 1439 1282; x_wconf 73' lang='grc' dir='ltr'><strong>σχῆμα</strong></span> <span class='ocrx_word' id='word_1_83' title='bbox 1486 1215 1810 1292; x_wconf 67' lang='grc' dir='ltr'><strong>ὑπερτέρου,</strong></span> <span class='ocrx_word' id='word_1_84' title='bbox 1859 1215 1955 1271; x_wconf 69' lang='grc' dir='ltr'><strong>καὶ</strong></span> 
     </span>
    </p>
   </div>
   <div class='ocr_carea' id='block_1_13' title="bbox 376 1296 1956 1377">
    <p class='ocr_par' dir='ltr' id='par_1_13' title="bbox 376 1296 1956 1377">
     <span class='ocr_line' id='line_1_13' title="bbox 376 1296 1956 1377; baseline 0.01 -30"><span class='ocrx_word' id='word_1_85' title='bbox 376 1296 475 1348; x_wconf 82' lang='grc' dir='ltr'><strong>τὸν</strong></span> <span class='ocrx_word' id='word_1_86' title='bbox 503 1301 696 1367; x_wconf 80' lang='grc' dir='ltr'><strong>χρόνον</strong></span> <span class='ocrx_word' id='word_1_87' title='bbox 722 1302 1072 1373; x_wconf 74' lang='grc' dir='ltr'><strong>γεραιτέρου,</strong></span> <span class='ocrx_word' id='word_1_88' title='bbox 1109 1305 1217 1356; x_wconf 77' lang='grc' dir='ltr'><strong>ὑπὸ</strong></span> <span class='ocrx_word' id='word_1_89' title='bbox 1256 1305 1314 1357; x_wconf 79' lang='grc' dir='ltr'><strong>δὲ</strong></span> <span class='ocrx_word' id='word_1_90' title='bbox 1355 1307 1546 1369; x_wconf 76' lang='grc' dir='ltr'><strong>παιδὸς</strong></span> <span class='ocrx_word' id='word_1_91' title='bbox 1587 1307 1843 1377; x_wconf 82' lang='grc' dir='ltr'><strong>θρασέος,</strong></span> <span class='ocrx_word' id='word_1_92' title='bbox 1872 1310 1956 1363; x_wconf 84' lang='grc' dir='ltr'><strong>δεῖ</strong></span> 
     </span>
    </p>
   </div>
   <div class='ocr_carea' id='block_1_14' title="bbox 378 1391 1953 1468">
    <p class='ocr_par' dir='ltr' id='par_1_14' title="bbox 378 1391 1953 1468">
     <span class='ocr_line' id='line_1_14' title="bbox 378 1391 1953 1468; baseline 0.008 -28"><span class='ocrx_word' id='word_1_93' title='bbox 378 1391 494 1459; x_wconf 81' lang='grc' dir='ltr'><strong>γὰρ</strong></span> <span class='ocrx_word' id='word_1_94' title='bbox 519 1391 754 1461; x_wconf 70' lang='grc' dir='ltr'><strong>τάληθὲς</strong></span> <span class='ocrx_word' id='word_1_95' title='bbox 802 1394 1003 1460; x_wconf 74' lang='grc' dir='ltr'><strong>εἰπεῖν,</strong></span> <span class='ocrx_word' id='word_1_96' title='bbox 1034 1396 1387 1465; x_wconf 79' lang='grc' dir='ltr'><strong>κωλυομένου</strong></span> <span class='ocrx_word' id='word_1_97' title='bbox 1437 1401 1614 1451; x_wconf 79' lang='grc' dir='ltr'><strong>ποιεῖν</strong></span> <span class='ocrx_word' id='word_1_98' title='bbox 1643 1399 1711 1451; x_wconf 78' lang='grc' dir='ltr'><strong>τὰ</strong></span> <span class='ocrx_word' id='word_1_99' title='bbox 1746 1400 1953 1468; x_wconf 72' lang='grc' dir='ltr'><strong>δέοντα,</strong></span> 
     </span>
    </p>
   </div>
   <div class='ocr_carea' id='block_1_15' title="bbox 378 1481 1951 1559">
    <p class='ocr_par' dir='ltr' id='par_1_15' title="bbox 378 1481 1951 1559">
     <span class='ocr_line' id='line_1_15' title="bbox 378 1481 1951 1559; baseline 0.007 -27"><span class='ocrx_word' id='word_1_100' title='bbox 378 1482 474 1533; x_wconf 63' lang='grc' dir='ltr'><strong>καῖ⁵</strong></span> <span class='ocrx_word' id='word_1_101' title='bbox 503 1481 592 1535; x_wconf 78' lang='grc' dir='ltr'><strong>διὰ</strong></span> <span class='ocrx_word' id='word_1_102' title='bbox 620 1483 782 1538; x_wconf 80' lang='grc' dir='ltr'><strong>τοῦτο</strong></span> <span class='ocrx_word' id='word_1_103' title='bbox 811 1485 1032 1539; x_wconf 79' lang='grc' dir='ltr'><strong>πάντων</strong></span> <span class='ocrx_word' id='word_1_104' title='bbox 1054 1487 1191 1557; x_wconf 85' lang='grc' dir='ltr'><strong>όμοῦ</strong></span> <span class='ocrx_word' id='word_1_105' title='bbox 1233 1487 1630 1559; x_wconf 69' lang='grc' dir='ltr'><strong>φθειρομένων,</strong></span> <span class='ocrx_word' id='word_1_106' title='bbox 1662 1492 1951 1558; x_wconf 76' lang='grc' dir='ltr'><strong>αὐλητοῦ,</strong></span> 
     </span>
    </p>
   </div>
   <div class='ocr_carea' id='block_1_16' title="bbox 378 1574 1955 1652">
    <p class='ocr_par' dir='ltr' id='par_1_16' title="bbox 378 1574 1955 1652">
     <span class='ocr_line' id='line_1_16' title="bbox 378 1574 1955 1652; baseline 0.009 -29"><span class='ocrx_word' id='word_1_107' title='bbox 378 1574 571 1640; x_wconf 80' lang='grc' dir='ltr'><strong>φασὶν,</strong></span> <span class='ocrx_word' id='word_1_108' title='bbox 603 1575 886 1643; x_wconf 74' lang='grc' dir='ltr'><strong>Ἀραϐίου</strong></span> <span class='ocrx_word' id='word_1_109' title='bbox 906 1594 925 1609; x_wconf 80' lang='grc' dir='ltr'><strong><em>ο</em></strong></span> <span class='ocrx_word' id='word_1_110' title='bbox 953 1580 1007 1630; x_wconf 87' lang='grc' dir='ltr'><strong>τί</strong></span> <span class='ocrx_word' id='word_1_111' title='bbox 1043 1578 1101 1631; x_wconf 74' lang='grc' dir='ltr'><strong>δὲ</strong></span> <span class='ocrx_word' id='word_1_112' title='bbox 1133 1580 1217 1633; x_wconf 84' lang='grc' dir='ltr'><strong>δεῖ</strong></span> <span class='ocrx_word' id='word_1_113' title='bbox 1247 1581 1343 1633; x_wconf 81' lang='grc' dir='ltr'><strong>καὶ</strong></span> <span class='ocrx_word' id='word_1_114' title='bbox 1384 1581 1695 1645; x_wconf 80' lang='grc' dir='ltr'><strong>ἀναξαίνειν</strong></span> <span class='ocrx_word' id='word_1_115' title='bbox 1728 1584 1857 1652; x_wconf 77' lang='grc' dir='ltr'><strong>ὑμῖν</strong></span> <span class='ocrx_word' id='word_1_116' title='bbox 1886 1582 1955 1637; x_wconf 74' lang='grc' dir='ltr'><strong>τὰ</strong></span> 
     </span>
    </p>
   </div>
   <div class='ocr_carea' id='block_1_17' title="bbox 371 1666 1954 1745">
    <p class='ocr_par' dir='ltr' id='par_1_17' title="bbox 371 1666 1954 1745">
     <span class='ocr_line' id='line_1_17' title="bbox 371 1666 1954 1745; baseline 0.008 -29"><span class='ocrx_word' id='word_1_117' title='bbox 371 1666 693 1736; x_wconf 81' lang='grc' dir='ltr'><strong>τραύματα,</strong></span> <span class='ocrx_word' id='word_1_118' title='bbox 743 1667 936 1740; x_wconf 83' lang='grc' dir='ltr'><strong>ῶσπερ</strong></span> <span class='ocrx_word' id='word_1_119' title='bbox 964 1670 1116 1738; x_wconf 71' lang='grc' dir='ltr'><strong>δνυξι</strong></span> <span class='ocrx_word' id='word_1_120' title='bbox 1161 1674 1481 1742; x_wconf 82' lang='grc' dir='ltr'><strong>χρωμένους</strong></span> <span class='ocrx_word' id='word_1_121' title='bbox 1528 1677 1643 1738; x_wconf 88' lang='grc' dir='ltr'><strong>τοῖς</strong></span> <span class='ocrx_word' id='word_1_122' title='bbox 1675 1676 1954 1745; x_wconf 82' lang='grc' dir='ltr'><strong>διηγήμα-</strong></span> 
     </span>
    </p>
   </div>
   <div class='ocr_carea' id='block_1_18' title="bbox 375 1758 1955 1836">
    <p class='ocr_par' dir='ltr' id='par_1_18' title="bbox 375 1758 1955 1836">
     <span class='ocr_line' id='line_1_18' title="bbox 375 1758 1955 1836; baseline 0.007 -26"><span class='ocrx_word' id='word_1_123' title='bbox 375 1774 464 1811; x_wconf 87' lang='grc' dir='ltr'><strong>σιν</strong></span> <span class='ocrx_word' id='word_1_124' title='bbox 490 1774 506 1824; x_wconf 90' lang='grc'><strong>;</strong></span> <span class='ocrx_word' id='word_1_125' title='bbox 532 1758 747 1825; x_wconf 83' lang='grc' dir='ltr'><strong>’Δλλως</strong></span> <span class='ocrx_word' id='word_1_126' title='bbox 773 1776 835 1815; x_wconf 73' lang='grc' dir='ltr'><strong>τε</strong></span> <span class='ocrx_word' id='word_1_127' title='bbox 866 1764 962 1816; x_wconf 76' lang='grc' dir='ltr'><strong>καὶ</strong></span> <span class='ocrx_word' id='word_1_128' title='bbox 990 1764 1304 1835; x_wconf 82' lang='grc' dir='ltr'><strong>περιέργως</strong></span> <span class='ocrx_word' id='word_1_129' title='bbox 1324 1764 1391 1819; x_wconf 75' lang='grc' dir='ltr'><strong>ἃν</strong></span> <span class='ocrx_word' id='word_1_130' title='bbox 1414 1766 1547 1835; x_wconf 80' lang='grc' dir='ltr'><strong>ὑμῖν</strong></span> <span class='ocrx_word' id='word_1_131' title='bbox 1580 1764 1815 1836; x_wconf 81' lang='grc' dir='ltr'><strong>λέγοιτο,</strong></span> <span class='ocrx_word' id='word_1_132' title='bbox 1843 1770 1955 1833; x_wconf 89' lang='grc' dir='ltr'><strong>τοῖς</strong></span> 
     </span>
    </p>
   </div>
   <div class='ocr_carea' id='block_1_19' title="bbox 373 1849 1955 1924">
    <p class='ocr_par' dir='ltr' id='par_1_19' title="bbox 373 1849 1955 1924">
     <span class='ocr_line' id='line_1_19' title="bbox 373 1849 1955 1924; baseline 0.008 -25"><span class='ocrx_word' id='word_1_133' title='bbox 373 1849 434 1900; x_wconf 68' lang='grc' dir='ltr'><strong>ἐν</strong></span> <span class='ocrx_word' id='word_1_134' title='bbox 473 1849 644 1920; x_wconf 77' lang='grc' dir='ltr'><strong>πείρᾳ</strong></span> <span class='ocrx_word' id='word_1_135' title='bbox 672 1851 784 1903; x_wconf 88' lang='grc' dir='ltr'><strong>τῶν</strong></span> <span class='ocrx_word' id='word_1_136' title='bbox 835 1854 1189 1924; x_wconf 77' lang='grc' dir='ltr'><strong>πραγμάτων</strong></span> <span class='ocrx_word' id='word_1_137' title='bbox 1225 1857 1500 1923; x_wconf 77' lang='grc' dir='ltr'><strong>γεγονόσι,</strong></span> <span class='ocrx_word' id='word_1_138' title='bbox 1541 1858 1634 1911; x_wconf 76' lang='grc' dir='ltr'><strong>καὶ</strong></span> <span class='ocrx_word' id='word_1_139' title='bbox 1679 1859 1768 1912; x_wconf 77' lang='grc' dir='ltr'><strong>διὰ</strong></span> <span class='ocrx_word' id='word_1_140' title='bbox 1797 1861 1955 1914; x_wconf 82' lang='grc' dir='ltr'><strong>τοῦτο</strong></span> 
     </span>
    </p>
   </div>
   <div class='ocr_carea' id='block_1_20' title="bbox 2062 673 3636 749">
    <p class='ocr_par' dir='ltr' id='par_1_20' title="bbox 2062 673 3636 749">
     <span class='ocr_line' id='line_1_20' title="bbox 2062 673 3636 749; baseline 0.009 -25"><span class='ocrx_word' id='word_1_141' title='bbox 2062 679 2235 727; x_wconf 86' lang='lat' dir='ltr'><strong>tareut</strong></span> <span class='ocrx_word' id='word_1_142' title='bbox 2260 673 2510 739; x_wconf 89' lang='lat' dir='ltr'><strong>navibus,</strong></span> <span class='ocrx_word' id='word_1_143' title='bbox 2530 691 2594 731; x_wconf 89' lang='lat' dir='ltr'><strong>ac</strong></span> <span class='ocrx_word' id='word_1_144' title='bbox 2624 686 2755 747; x_wconf 86' lang='lat' dir='ltr'><strong>quot</strong></span> <span class='ocrx_word' id='word_1_145' title='bbox 2786 679 2962 733; x_wconf 89' lang='lat' dir='ltr'><strong>modis</strong></span> <span class='ocrx_word' id='word_1_146' title='bbox 2988 694 3049 733; x_wconf 89' lang='lat' dir='ltr'><strong>ea</strong></span> <span class='ocrx_word' id='word_1_147' title='bbox 3111 680 3385 749; x_wconf 74' lang='lat' dir='ltr'><strong>provincia</strong></span> <span class='ocrx_word' id='word_1_148' title='bbox 3424 697 3636 738; x_wconf 81' lang='lat' dir='ltr'><strong>vexare-</strong></span> 
     </span>
    </p>
   </div>
   <div class='ocr_carea' id='block_1_21' title="bbox 2059 769 3632 841">
    <p class='ocr_par' dir='ltr' id='par_1_21' title="bbox 2059 769 3632 841">
     <span class='ocr_line' id='line_1_21' title="bbox 2059 769 3632 841; baseline 0.006 -22"><span class='ocrx_word' id='word_1_149' title='bbox 2059 773 2168 831; x_wconf 90' lang='lat' dir='ltr'><strong>tur,</strong></span> <span class='ocrx_word' id='word_1_150' title='bbox 2188 781 2310 820; x_wconf 90' lang='lat' dir='ltr'><strong>cum</strong></span> <span class='ocrx_word' id='word_1_151' title='bbox 2338 771 2530 823; x_wconf 97' lang='lat' dir='ltr'><strong>matris</strong></span> <span class='ocrx_word' id='word_1_152' title='bbox 2553 769 2772 840; x_wconf 84' lang='lat' dir='ltr'><strong>quidem</strong></span> <span class='ocrx_word' id='word_1_153' title='bbox 2810 772 2996 834; x_wconf 85' lang='lat' dir='ltr'><strong>frater,</strong></span> <span class='ocrx_word' id='word_1_154' title='bbox 3042 771 3244 841; x_wconf 91' lang='lat' dir='ltr'><strong>optima</strong></span> <span class='ocrx_word' id='word_1_155' title='bbox 3296 773 3379 826; x_wconf 85' lang='lat' dir='ltr'><strong>vir</strong></span> <span class='ocrx_word' id='word_1_156' title='bbox 3431 773 3632 838; x_wconf 88' lang='lat' dir='ltr'><strong>indole,</strong></span> 
     </span>
    </p>
   </div>
   <div class='ocr_carea' id='block_1_22' title="bbox 2057 858 3637 939">
    <p class='ocr_par' dir='ltr' id='par_1_22' title="bbox 2057 858 3637 939">
     <span class='ocr_line' id='line_1_22' title="bbox 2057 858 3637 939; baseline 0.006 -29"><span class='ocrx_word' id='word_1_157' title='bbox 2057 870 2120 912; x_wconf 86' lang='lat' dir='ltr'><strong>ac</strong></span> <span class='ocrx_word' id='word_1_158' title='bbox 2151 858 2465 925; x_wconf 62' lang='lat' dir='ltr'><strong>reipublica</strong></span> <span class='ocrx_word' id='word_1_159' title='bbox 2496 861 2746 930; x_wconf 68' lang='lat' dir='ltr'><strong>regenda:</strong></span> <span class='ocrx_word' id='word_1_160' title='bbox 2799 864 2969 932; x_wconf 82' lang='lat' dir='ltr'><strong>probe</strong></span> <span class='ocrx_word' id='word_1_161' title='bbox 3011 880 3232 934; x_wconf 87' lang='lat' dir='ltr'><strong>gnarus,</strong></span> <span class='ocrx_word' id='word_1_162' title='bbox 3266 864 3361 936; x_wconf 88' lang='lat' dir='ltr'><strong>qui</strong></span> <span class='ocrx_word' id='word_1_163' title='bbox 3387 874 3444 920; x_wconf 90' lang='lat' dir='ltr'><strong>et</strong></span> <span class='ocrx_word' id='word_1_164' title='bbox 3484 864 3637 939; x_wconf 64' lang='lat' dir='ltr'><strong>Pelo-</strong></span> 
     </span>
    </p>
   </div>
   <div class='ocr_carea' id='block_1_23' title="bbox 2060 949 3638 1025">
    <p class='ocr_par' dir='ltr' id='par_1_23' title="bbox 2060 949 3638 1025">
     <span class='ocr_line' id='line_1_23' title="bbox 2060 949 3638 1025; baseline 0.007 -24"><span class='ocrx_word' id='word_1_165' title='bbox 2060 949 2287 1017; x_wconf 87' lang='lat' dir='ltr'><strong>ponnesi</strong></span> <span class='ocrx_word' id='word_1_166' title='bbox 2308 952 2683 1019; x_wconf 67' lang='lat' dir='ltr'><strong>praefecturam</strong></span> <span class='ocrx_word' id='word_1_167' title='bbox 2718 955 2961 1023; x_wconf 81' lang='lat' dir='ltr'><strong>gerebat,</strong></span> <span class='ocrx_word' id='word_1_168' title='bbox 3013 955 3126 1025; x_wconf 89' lang='lat' dir='ltr'><strong>jam</strong></span> <span class='ocrx_word' id='word_1_169' title='bbox 3175 956 3316 1010; x_wconf 80' lang='lat' dir='ltr'><strong>vivis</strong></span> <span class='ocrx_word' id='word_1_170' title='bbox 3373 958 3638 1013; x_wconf 79' lang='lat' dir='ltr'><strong>excessis-</strong></span> 
     </span>
    </p>
   </div>
   <div class='ocr_carea' id='block_1_24' title="bbox 2056 1028 3637 1117">
    <p class='ocr_par' dir='ltr' id='par_1_24' title="bbox 2056 1028 3637 1117">
     <span class='ocr_line' id='line_1_24' title="bbox 2056 1028 3637 1117; baseline 0.008 -26"><span class='ocrx_word' id='word_1_171' title='bbox 2056 1028 2159 1105; x_wconf 71' lang='lat' dir='ltr'><strong>set,</strong></span> <span class='ocrx_word' id='word_1_172' title='bbox 2183 1041 2336 1095; x_wconf 86' lang='lat' dir='ltr'><strong>nullo</strong></span> <span class='ocrx_word' id='word_1_173' title='bbox 2361 1044 2553 1099; x_wconf 90' lang='lat' dir='ltr'><strong>relicto</strong></span> <span class='ocrx_word' id='word_1_174' title='bbox 2580 1045 2690 1099; x_wconf 82' lang='lat' dir='ltr'><strong>tilio</strong></span> <span class='ocrx_word' id='word_1_175' title='bbox 2722 1045 2958 1110; x_wconf 66' lang='lat' dir='ltr'><strong>haerede,</strong></span> <span class='ocrx_word' id='word_1_176' title='bbox 3004 1046 3097 1100; x_wconf 91' lang='lat' dir='ltr'><strong>sed</strong></span> <span class='ocrx_word' id='word_1_177' title='bbox 3131 1047 3252 1116; x_wconf 85' lang='lat' dir='ltr'><strong>ejus</strong></span> <span class='ocrx_word' id='word_1_178' title='bbox 3271 1047 3437 1102; x_wconf 90' lang='lat' dir='ltr'><strong>fratre</strong></span> <span class='ocrx_word' id='word_1_179' title='bbox 3465 1049 3637 1117; x_wconf 88' lang='lat' dir='ltr'><strong>impe-</strong></span> 
     </span>
    </p>
   </div>
   <div class='ocr_carea' id='block_1_25' title="bbox 2056 1128 3634 1207">
    <p class='ocr_par' dir='ltr' id='par_1_25' title="bbox 2056 1128 3634 1207">
     <span class='ocr_line' id='line_1_25' title="bbox 2056 1128 3634 1207; baseline 0.01 -28"><span class='ocrx_word' id='word_1_180' title='bbox 2056 1128 2122 1181; x_wconf 90' lang='lat' dir='ltr'><strong>rii</strong></span> <span class='ocrx_word' id='word_1_181' title='bbox 2149 1143 2484 1196; x_wconf 83' lang='lat' dir='ltr'><strong>successore,</strong></span> <span class='ocrx_word' id='word_1_182' title='bbox 2544 1133 2660 1186; x_wconf 81' lang='lat' dir='ltr'><strong>viro</strong></span> <span class='ocrx_word' id='word_1_183' title='bbox 2679 1133 2894 1203; x_wconf 79' lang='lat' dir='ltr'><strong>quidem</strong></span> <span class='ocrx_word' id='word_1_184' title='bbox 2922 1134 3115 1204; x_wconf 91' lang='lat' dir='ltr'><strong>probo,</strong></span> <span class='ocrx_word' id='word_1_185' title='bbox 3145 1144 3405 1206; x_wconf 90' lang='lat' dir='ltr'><strong>atque,ut</strong></span> <span class='ocrx_word' id='word_1_186' title='bbox 3424 1148 3634 1207; x_wconf 67' lang='lat' dir='ltr'><strong>spei-tes</strong></span> 
     </span>
    </p>
   </div>
   <div class='ocr_carea' id='block_1_26' title="bbox 2056 1223 3632 1298">
    <p class='ocr_par' dir='ltr' id='par_1_26' title="bbox 2056 1223 3632 1298">
     <span class='ocr_line' id='line_1_26' title="bbox 2056 1223 3632 1298; baseline 0.009 -29"><span class='ocrx_word' id='word_1_187' title='bbox 2056 1231 2363 1286; x_wconf 83' lang='lat' dir='ltr'><strong>personam,</strong></span> <span class='ocrx_word' id='word_1_188' title='bbox 2410 1223 2670 1292; x_wconf 49' lang='lat' dir='ltr'><strong>p‘ra&#39;claro</strong></span> <span class='ocrx_word' id='word_1_189' title='bbox 2723 1232 2786 1280; x_wconf 83' lang='lat' dir='ltr'><strong>a&#39;c</strong></span> <span class='ocrx_word' id='word_1_190' title='bbox 2857 1235 3073 1280; x_wconf 86' lang='lat' dir='ltr'><strong>senecta</strong></span> <span class='ocrx_word' id='word_1_191' title='bbox 3110 1227 3427 1294; x_wconf 86' lang='lat' dir='ltr'><strong>venerabili,</strong></span> <span class='ocrx_word' id='word_1_192' title='bbox 3471 1245 3632 1298; x_wconf 85' lang='lat' dir='ltr'><strong>quem</strong></span> 
     </span>
    </p>
   </div>
   <div class='ocr_carea' id='block_1_27' title="bbox 2058 1313 3637 1389">
    <p class='ocr_par' dir='ltr' id='par_1_27' title="bbox 2058 1313 3637 1389">
     <span class='ocr_line' id='line_1_27' title="bbox 2058 1313 3637 1389; baseline 0.008 -27"><span class='ocrx_word' id='word_1_193' title='bbox 2058 1319 2235 1387; x_wconf 82' lang='lat' dir='ltr'><strong>tamen</strong></span> <span class='ocrx_word' id='word_1_194' title='bbox 2262 1313 2531 1367; x_wconf 88' lang='lat' dir='ltr'><strong>morosior</strong></span> <span class='ocrx_word' id='word_1_195' title='bbox 2563 1314 2705 1368; x_wconf 81' lang='lat' dir='ltr'><strong>filius</strong></span> <span class='ocrx_word' id='word_1_196' title='bbox 2735 1315 3047 1385; x_wconf 89' lang='lat' dir='ltr'><strong>(dicendum</strong></span> <span class='ocrx_word' id='word_1_197' title='bbox 3082 1318 3227 1371; x_wconf 89' lang='lat' dir='ltr'><strong>enim</strong></span> <span class='ocrx_word' id='word_1_198' title='bbox 3261 1320 3403 1389; x_wconf 89' lang='lat' dir='ltr'><strong>quod</strong></span> <span class='ocrx_word' id='word_1_199' title='bbox 3429 1335 3517 1374; x_wconf 89' lang='lat' dir='ltr'><strong>res</strong></span> <span class='ocrx_word' id='word_1_200' title='bbox 3537 1321 3637 1374; x_wconf 86' lang='lat' dir='ltr'><strong>ha—</strong></span> 
     </span>
    </p>
   </div>
   <div class='ocr_carea' id='block_1_28' title="bbox 2054 1384 3634 1479">
    <p class='ocr_par' dir='ltr' id='par_1_28' title="bbox 2054 1384 3634 1479">
     <span class='ocr_line' id='line_1_28' title="bbox 2054 1384 3634 1479; baseline 0.007 -28"><span class='ocrx_word' id='word_1_201' title='bbox 2054 1384 2166 1467; x_wconf 71' lang='lat' dir='ltr'><strong>bet)</strong></span> <span class='ocrx_word' id='word_1_202' title='bbox 2191 1440 2205 1464; x_wconf 91' lang='lat'><strong>,</strong></span> <span class='ocrx_word' id='word_1_203' title='bbox 2238 1415 2361 1469; x_wconf 52' lang='lat' dir='ltr'><strong>quas.</strong></span> <span class='ocrx_word' id='word_1_204' title='bbox 2382 1411 2764 1472; x_wconf 68' lang='lat' dir='ltr'><strong>esseutopera:</strong></span> <span class='ocrx_word' id='word_1_205' title='bbox 2801 1405 3035 1474; x_wconf 87' lang='lat' dir='ltr'><strong>pretium</strong></span> <span class='ocrx_word' id='word_1_206' title='bbox 3075 1384 3333 1474; x_wconf 68' lang='lat' dir='ltr'><strong>praestare</strong></span> <span class='ocrx_word' id='word_1_207' title='bbox 3375 1409 3634 1479; x_wconf 75' lang='lat' dir='ltr'><strong>prohibe-</strong></span> 
     </span>
    </p>
   </div>
   <div class='ocr_carea' id='block_1_29' title="bbox 2057 1487 3633 1563">
    <p class='ocr_par' dir='ltr' id='par_1_29' title="bbox 2057 1487 3633 1563">
     <span class='ocr_line' id='line_1_29' title="bbox 2057 1487 3633 1563; baseline 0.011 -27"><span class='ocrx_word' id='word_1_208' title='bbox 2057 1493 2167 1550; x_wconf 90' lang='lat' dir='ltr'><strong>ret;</strong></span> <span class='ocrx_word' id='word_1_209' title='bbox 2195 1487 2550 1557; x_wconf 85' lang='lat' dir='ltr'><strong>quamobrem</strong></span> <span class='ocrx_word' id='word_1_210' title='bbox 2583 1492 2764 1544; x_wconf 79' lang='lat' dir='ltr'><strong>omuin</strong></span> <span class='ocrx_word' id='word_1_211' title='bbox 2796 1492 2959 1546; x_wconf 89' lang='lat' dir='ltr'><strong>simul</strong></span> <span class='ocrx_word' id='word_1_212' title='bbox 2993 1509 3213 1563; x_wconf 85' lang='lat' dir='ltr'><strong>pessum</strong></span> <span class='ocrx_word' id='word_1_213' title='bbox 3262 1497 3445 1562; x_wconf 75' lang='lat' dir='ltr'><strong>ibant,</strong></span> <span class='ocrx_word' id='word_1_214' title='bbox 3492 1490 3633 1553; x_wconf 71' lang='lat' dir='ltr'><strong>Are-</strong></span> 
     </span>
    </p>
   </div>
   <div class='ocr_carea' id='block_1_30' title="bbox 2055 1576 3634 1662">
    <p class='ocr_par' dir='ltr' id='par_1_30' title="bbox 2055 1576 3634 1662">
     <span class='ocr_line' id='line_1_30' title="bbox 2055 1576 3634 1662; baseline 0.009 -31"><span class='ocrx_word' id='word_1_215' title='bbox 2055 1576 2160 1643; x_wconf 83' lang='lat' dir='ltr'><strong>bio,</strong></span> <span class='ocrx_word' id='word_1_216' title='bbox 2187 1587 2247 1634; x_wconf 91' lang='lat' dir='ltr'><strong>ut</strong></span> <span class='ocrx_word' id='word_1_217' title='bbox 2267 1580 2478 1647; x_wconf 88' lang='lat' dir='ltr'><strong>dicunt,</strong></span> <span class='ocrx_word' id='word_1_218' title='bbox 2514 1582 2740 1638; x_wconf 79' lang='lat' dir='ltr'><strong>tibicine.</strong></span> <span class='ocrx_word' id='word_1_219' title='bbox 2764 1584 2904 1651; x_wconf 86' lang='lat' dir='ltr'><strong>Quid</strong></span> <span class='ocrx_word' id='word_1_220' title='bbox 2936 1602 3065 1641; x_wconf 89' lang='lat' dir='ltr'><strong>vero</strong></span> <span class='ocrx_word' id='word_1_221' title='bbox 3092 1589 3273 1653; x_wconf 81' lang='lat' dir='ltr'><strong>vobis,</strong></span> <span class='ocrx_word' id='word_1_222' title='bbox 3297 1604 3393 1644; x_wconf 91' lang='lat' dir='ltr'><strong>ceu</strong></span> <span class='ocrx_word' id='word_1_223' title='bbox 3439 1591 3634 1662; x_wconf 84' lang='lat' dir='ltr'><strong>ungui-</strong></span> 
     </span>
    </p>
   </div>
   <div class='ocr_carea' id='block_1_31' title="bbox 2052 1669 3631 1750">
    <p class='ocr_par' dir='ltr' id='par_1_31' title="bbox 2052 1669 3631 1750">
     <span class='ocr_line' id='line_1_31' title="bbox 2052 1669 3631 1750; baseline 0.009 -27"><span class='ocrx_word' id='word_1_224' title='bbox 2052 1669 2177 1736; x_wconf 87' lang='lat' dir='ltr'><strong>bus,</strong></span> <span class='ocrx_word' id='word_1_225' title='bbox 2210 1673 2526 1729; x_wconf 84' lang='lat' dir='ltr'><strong>narratione</strong></span> <span class='ocrx_word' id='word_1_226' title='bbox 2584 1677 2804 1729; x_wconf 82' lang='lat' dir='ltr'><strong>vulnera</strong></span> <span class='ocrx_word' id='word_1_227' title='bbox 2832 1676 3129 1733; x_wconf 79' lang='lat' dir='ltr'><strong>refricem?</strong></span> <span class='ocrx_word' id='word_1_228' title='bbox 3169 1679 3392 1750; x_wconf 85' lang='lat' dir='ltr'><strong>Alioqui</strong></span> <span class='ocrx_word' id='word_1_229' title='bbox 3432 1679 3631 1737; x_wconf 89' lang='lat' dir='ltr'><strong>frustra</strong></span> 
     </span>
    </p>
   </div>
   <div class='ocr_carea' id='block_1_32' title="bbox 2055 1761 3735 1843">
    <p class='ocr_par' dir='ltr' id='par_1_32' title="bbox 2055 1761 3735 1843">
     <span class='ocr_line' id='line_1_32' title="bbox 2055 1761 3735 1843; baseline 0.008 -28"><span class='ocrx_word' id='word_1_230' title='bbox 2055 1761 2505 1829; x_wconf 65' lang='lat' dir='ltr'><strong>baecnarrentur,</strong></span> <span class='ocrx_word' id='word_1_231' title='bbox 2567 1780 2690 1820; x_wconf 90' lang='lat' dir='ltr'><strong>cum</strong></span> <span class='ocrx_word' id='word_1_232' title='bbox 2750 1766 2992 1824; x_wconf 79' lang='lat' dir='ltr'><strong>feceritis</strong></span> <span class='ocrx_word' id='word_1_233' title='bbox 3018 1770 3120 1841; x_wconf 85' lang='lat' dir='ltr'><strong>ipsi</strong></span> <span class='ocrx_word' id='word_1_234' title='bbox 3174 1784 3358 1826; x_wconf 88' lang='lat' dir='ltr'><strong>rerum</strong></span> <span class='ocrx_word' id='word_1_235' title='bbox 3411 1773 3631 1843; x_wconf 86' lang='lat' dir='ltr'><strong>pericu-</strong></span> <span class='ocrx_word' id='word_1_236' title='bbox 3716 1780 3735 1791; x_wconf 73' lang='lat'>‘</span> 
     </span>
    </p>
   </div>
   <div class='ocr_carea' id='block_1_33' title="bbox 2058 1854 3632 1933">
    <p class='ocr_par' dir='ltr' id='par_1_33' title="bbox 2058 1854 3632 1933">
     <span class='ocr_line' id='line_1_33' title="bbox 2058 1854 3632 1933; baseline 0.01 -28"><span class='ocrx_word' id='word_1_237' title='bbox 2058 1854 2199 1919; x_wconf 90' lang='lat' dir='ltr'><strong>lum,</strong></span> <span class='ocrx_word' id='word_1_238' title='bbox 2224 1855 2472 1926; x_wconf 84' lang='lat' dir='ltr'><strong>adeoque</strong></span> <span class='ocrx_word' id='word_1_239' title='bbox 2502 1859 2669 1928; x_wconf 86' lang='lat' dir='ltr'><strong>probe</strong></span> <span class='ocrx_word' id='word_1_240' title='bbox 2697 1860 2909 1916; x_wconf 87' lang='lat' dir='ltr'><strong>sciatis.</strong></span> <span class='ocrx_word' id='word_1_241' title='bbox 2962 1860 3085 1917; x_wconf 87' lang='lat' dir='ltr'><strong>Sint</strong></span> <span class='ocrx_word' id='word_1_242' title='bbox 3132 1863 3317 1933; x_wconf 87' lang='lat' dir='ltr'><strong>itaque</strong></span> <span class='ocrx_word' id='word_1_243' title='bbox 3368 1865 3632 1921; x_wconf 82' lang='lat' dir='ltr'><strong>hactenus</strong></span> 
     </span>
    </p>
   </div>
   <div class='ocr_carea' id='block_1_34' title="bbox 370 1929 1961 2024">
    <p class='ocr_par' dir='ltr' id='par_1_34' title="bbox 370 1938 1960 2021">
     <span class='ocr_line' id='line_1_34' title="bbox 370 1938 1960 2021; baseline 0.008 -29"><span class='ocrx_word' id='word_1_244' title='bbox 370 1938 553 1993; x_wconf 75' lang='grc' dir='ltr'><strong>ταῦτα</strong></span> <span class='ocrx_word' id='word_1_245' title='bbox 593 1942 775 2007; x_wconf 88' lang='grc' dir='ltr'><strong>καλῶς</strong></span> <span class='ocrx_word' id='word_1_246' title='bbox 818 1945 1038 2001; x_wconf 81' lang='grc' dir='ltr'><strong>ιίδόσιν.</strong></span> <span class='ocrx_word' id='word_1_247' title='bbox 1083 1947 1301 2001; x_wconf 82' lang='grc' dir='ltr'><strong>Ἐκεῖνα</strong></span> <span class='ocrx_word' id='word_1_248' title='bbox 1338 1949 1524 2003; x_wconf 83' lang='grc' dir='ltr'><strong>τοίνυν</strong></span> <span class='ocrx_word' id='word_1_249' title='bbox 1555 1951 1611 2002; x_wconf 68' lang='grc' dir='ltr'><strong>ιν</strong></span> <span class='ocrx_word' id='word_1_250' title='bbox 1650 1952 1806 2021; x_wconf 80' lang='grc' dir='ltr'><strong>μέρει</strong></span> <span class='ocrx_word' id='word_1_251' title='bbox 1850 1951 1960 2005; x_wconf 87' lang='grc' dir='ltr'><strong>κεί-</strong></span> 
     </span>
    </p>
   </div>
   <div class='ocr_carea' id='block_1_35' title="bbox 2045 1929 3635 2024">
    <p class='ocr_par' dir='ltr' id='par_1_35' title="bbox 2057 1929 3635 2024">
     <span class='ocr_line' id='line_1_35' title="bbox 2057 1929 3635 2024; baseline 0.009 -28"><span class='ocrx_word' id='word_1_252' title='bbox 2057 1942 2109 1997; x_wconf 82' lang='grc' dir='ltr'><strong>ἰη</strong></span> <span class='ocrx_word' id='word_1_253' title='bbox 2143 1954 2297 2013; x_wconf 86' lang='lat' dir='ltr'><strong>parte</strong></span> <span class='ocrx_word' id='word_1_254' title='bbox 2339 1951 2513 2012; x_wconf 88' lang='lat' dir='ltr'><strong>posita</strong></span> <span class='ocrx_word' id='word_1_255' title='bbox 2541 1963 2557 2002; x_wconf 88' lang='lat'><strong>:</strong></span> <span class='ocrx_word' id='word_1_256' title='bbox 2585 1964 2706 2019; x_wconf 67' lang='lat' dir='ltr'><strong>qua:</strong></span> <span class='ocrx_word' id='word_1_257' title='bbox 2729 1965 2862 2006; x_wconf 87' lang='lat' dir='ltr'><strong>vero</strong></span> <span class='ocrx_word' id='word_1_258' title='bbox 2919 1964 3040 2021; x_wconf 87' lang='lat' dir='ltr'><strong>post</strong></span> <span class='ocrx_word' id='word_1_259' title='bbox 3084 1929 3516 2024; x_wconf 46' lang='lat' dir='ltr'><strong>ejus—deinceps</strong></span> <span class='ocrx_word' id='word_1_260' title='bbox 3536 1958 3635 2011; x_wconf 82' lang='lat' dir='ltr'><strong>ad-</strong></span> 
     </span>
    </p>
   </div>
   <div class='ocr_carea' id='block_1_36' title="bbox 374 2031 1941 2110">
    <p class='ocr_par' dir='ltr' id='par_1_36' title="bbox 374 2031 1941 2110">
     <span class='ocr_line' id='line_1_36' title="bbox 374 2031 1941 2110; baseline 0.009 -27"><span class='ocrx_word' id='word_1_261' title='bbox 374 2031 491 2084; x_wconf 78' lang='grc' dir='ltr'><strong>σθω</strong></span> <span class='ocrx_word' id='word_1_262' title='bbox 512 2049 527 2063; x_wconf 88' lang='grc'><strong>·</strong></span> <span class='ocrx_word' id='word_1_263' title='bbox 555 2034 624 2086; x_wconf 76' lang='grc' dir='ltr'><strong>τὰ</strong></span> <span class='ocrx_word' id='word_1_264' title='bbox 650 2034 709 2089; x_wconf 69' lang='grc' dir='ltr'><strong>δὲ</strong></span> <span class='ocrx_word' id='word_1_265' title='bbox 734 2035 874 2104; x_wconf 77' lang='grc' dir='ltr'><strong>μετὰ</strong></span> <span class='ocrx_word' id='word_1_266' title='bbox 918 2036 1017 2107; x_wconf 74' lang='grc' dir='ltr'><strong>τὴν</strong></span> <span class='ocrx_word' id='word_1_267' title='bbox 1046 2037 1286 2092; x_wconf 70' lang='grc' dir='ltr'><strong>ὶνταῦθα</strong></span> <span class='ocrx_word' id='word_1_268' title='bbox 1328 2039 1626 2110; x_wconf 69' lang='grc' dir='ltr'><strong>ἐπιδημίαν</strong></span> <span class='ocrx_word' id='word_1_269' title='bbox 1659 2041 1756 2095; x_wconf 77' lang='grc' dir='ltr'><strong>τοῦ</strong></span> <span class='ocrx_word' id='word_1_270' title='bbox 1810 2042 1941 2096; x_wconf 73' lang='grc' dir='ltr'><strong>ἑαυ-</strong></span> 
     </span>
    </p>
   </div>
   <div class='ocr_carea' id='block_1_37' title="bbox 369 2115 1943 2205">
    <p class='ocr_par' dir='ltr' id='par_1_37' title="bbox 369 2115 1943 2205">
     <span class='ocr_line' id='line_1_37' title="bbox 369 2115 1943 2205; baseline 0.009 -31"><span class='ocrx_word' id='word_1_271' title='bbox 369 2124 470 2175; x_wconf 72' lang='grc' dir='ltr'><strong>τδν</strong></span> <span class='ocrx_word' id='word_1_272' title='bbox 523 2125 658 2194; x_wconf 73' lang='grc' dir='ltr'><strong>ἡμῖν</strong></span> <span class='ocrx_word' id='word_1_273' title='bbox 712 2115 974 2180; x_wconf 75' lang='grc' dir='ltr'><strong>ὑπόθεσιν</strong></span> <span class='ocrx_word' id='word_1_274' title='bbox 1020 2129 1115 2183; x_wconf 83' lang='grc' dir='ltr'><strong>τοῦ</strong></span> <span class='ocrx_word' id='word_1_275' title='bbox 1166 2130 1438 2200; x_wconf 74' lang='grc' dir='ltr'><strong>παρόντος</strong></span> <span class='ocrx_word' id='word_1_276' title='bbox 1473 2132 1685 2201; x_wconf 80' lang='grc' dir='ltr'><strong>ἀγῶνος</strong></span> <span class='ocrx_word' id='word_1_277' title='bbox 1748 2150 1943 2205; x_wconf 80' lang='grc' dir='ltr'><strong>προτεο</strong></span> 
     </span>
    </p>
   </div>
   <div class='ocr_carea' id='block_1_38' title="bbox 372 2209 1140 2289">
    <p class='ocr_par' dir='ltr' id='par_1_38' title="bbox 372 2209 1140 2289">
     <span class='ocr_line' id='line_1_38' title="bbox 372 2209 1140 2289; baseline 0.017 -28"><span class='ocrx_word' id='word_1_278' title='bbox 372 2209 620 2275; x_wconf 82' lang='grc' dir='ltr'><strong>θεικότος</strong></span> <span class='ocrx_word' id='word_1_279' title='bbox 646 2212 773 2285; x_wconf 71' lang='grc' dir='ltr'>ἑξῆς</span> <span class='ocrx_word' id='word_1_280' title='bbox 798 2216 865 2270; x_wconf 72' lang='grc' dir='ltr'><strong>ἂν</strong></span> <span class='ocrx_word' id='word_1_281' title='bbox 893 2219 1140 2289; x_wconf 73' lang='grc' dir='ltr'><strong>είρητέα.</strong></span> 
     </span>
    </p>
   </div>
   <div class='ocr_carea' id='block_1_39' title="bbox 456 2302 1945 2392">
    <p class='ocr_par' dir='ltr' id='par_1_39' title="bbox 456 2302 1945 2392">
     <span class='ocr_line' id='line_1_39' title="bbox 456 2302 1945 2392; baseline 0.014 -36"><span class='ocrx_word' id='word_1_282' title='bbox 456 2302 699 2368; x_wconf 82' lang='grc' dir='ltr'><strong>Ἐκεῖνος</strong></span> <span class='ocrx_word' id='word_1_283' title='bbox 753 2308 857 2379; x_wconf 85' lang='grc' dir='ltr'><strong>τῆς</strong></span> <span class='ocrx_word' id='word_1_284' title='bbox 899 2309 1038 2373; x_wconf 80' lang='grc' dir='ltr'><strong>νεὼς</strong></span> <span class='ocrx_word' id='word_1_285' title='bbox 1083 2313 1316 2380; x_wconf 76' lang='grc' dir='ltr'><strong>ἀποϐὰς,</strong></span> <span class='ocrx_word' id='word_1_286' title='bbox 1344 2317 1444 2370; x_wconf 77' lang='grc' dir='ltr'><strong>καὶ</strong></span> <span class='ocrx_word' id='word_1_287' title='bbox 1498 2317 1646 2389; x_wconf 83' lang='grc' dir='ltr'><strong>μάλα</strong></span> <span class='ocrx_word' id='word_1_288' title='bbox 1684 2320 1945 2392; x_wconf 82' lang='grc' dir='ltr'><strong>ἀσμένως</strong></span> 
     </span>
    </p>
   </div>
   <div class='ocr_carea' id='block_1_40' title="bbox 369 2393 1944 2482">
    <p class='ocr_par' dir='ltr' id='par_1_40' title="bbox 369 2393 1944 2482">
     <span class='ocr_line' id='line_1_40' title="bbox 369 2393 1944 2482; baseline 0.014 -38"><span class='ocrx_word' id='word_1_289' title='bbox 369 2393 694 2466; x_wconf 77' lang='grc' dir='ltr'><strong>ὑποδεχθεὶς</strong></span> <span class='ocrx_word' id='word_1_290' title='bbox 727 2399 831 2451; x_wconf 74' lang='grc' dir='ltr'><strong>ὑπὸ</strong></span> <span class='ocrx_word' id='word_1_291' title='bbox 863 2401 974 2455; x_wconf 71' lang='grc' dir='ltr'><strong>τῶν</strong></span> <span class='ocrx_word' id='word_1_292' title='bbox 1004 2402 1283 2469; x_wconf 81' lang='grc' dir='ltr'><strong>ἁπάντων,</strong></span> <span class='ocrx_word' id='word_1_293' title='bbox 1311 2407 1372 2461; x_wconf 82' lang='grc' dir='ltr'><strong>οὐ</strong></span> <span class='ocrx_word' id='word_1_294' title='bbox 1405 2409 1615 2477; x_wconf 81' lang='grc' dir='ltr'><strong>προῖὼν</strong></span> <span class='ocrx_word' id='word_1_295' title='bbox 1644 2411 1944 2482; x_wconf 75' lang='grc' dir='ltr'><strong>ἠμαύρωσε</strong></span> 
     </span>
    </p>
   </div>
   <div class='ocr_carea' id='block_1_41' title="bbox 367 2485 1945 2575">
    <p class='ocr_par' dir='ltr' id='par_1_41' title="bbox 367 2485 1945 2575">
     <span class='ocr_line' id='line_1_41' title="bbox 367 2485 1945 2575; baseline 0.015 -38"><span class='ocrx_word' id='word_1_296' title='bbox 367 2485 462 2537; x_wconf 67' lang='grc' dir='ltr'><strong>τὸν</strong></span> <span class='ocrx_word' id='word_1_297' title='bbox 500 2489 581 2549; x_wconf 85' lang='grc' dir='ltr'><strong>είς</strong></span> <span class='ocrx_word' id='word_1_298' title='bbox 636 2489 803 2544; x_wconf 77' lang='grc' dir='ltr'><strong>αὐτὸν</strong></span> <span class='ocrx_word' id='word_1_299' title='bbox 837 2492 1016 2561; x_wconf 76' lang='grc' dir='ltr'><strong>ἔρωτα</strong></span> <span class='ocrx_word' id='word_1_300' title='bbox 1044 2511 1057 2525; x_wconf 91' lang='grc'><strong>·</strong></span> <span class='ocrx_word' id='word_1_301' title='bbox 1087 2496 1247 2550; x_wconf 76' lang='grc' dir='ltr'><strong>τοῦτο</strong></span> <span class='ocrx_word' id='word_1_302' title='bbox 1291 2497 1357 2567; x_wconf 78' lang='grc' dir='ltr'><strong>δὴ</strong></span> <span class='ocrx_word' id='word_1_303' title='bbox 1408 2501 1467 2553; x_wconf 80' lang='grc' dir='ltr'><strong>τὸ</strong></span> <span class='ocrx_word' id='word_1_304' title='bbox 1500 2502 1730 2568; x_wconf 76' lang='grc' dir='ltr'><strong>σύνηθες</strong></span> <span class='ocrx_word' id='word_1_305' title='bbox 1789 2501 1945 2575; x_wconf 76' lang='grc' dir='ltr'><strong>οἶμαι</strong></span> 
     </span>
    </p>
   </div>
   <div class='ocr_carea' id='block_1_42' title="bbox 366 2574 1945 2667">
    <p class='ocr_par' dir='ltr' id='par_1_42' title="bbox 366 2574 1945 2667">
     <span class='ocr_line' id='line_1_42' title="bbox 366 2574 1945 2667; baseline 0.015 -40"><span class='ocrx_word' id='word_1_306' title='bbox 366 2574 553 2637; x_wconf 62' lang='grc' dir='ltr'><strong>ὠςτὰ</strong></span> <span class='ocrx_word' id='word_1_307' title='bbox 584 2578 756 2632; x_wconf 73' lang='grc' dir='ltr'><strong>πολλὰ</strong></span> <span class='ocrx_word' id='word_1_308' title='bbox 785 2583 1064 2654; x_wconf 83' lang='grc' dir='ltr'><strong>πανταχοῦ</strong></span> <span class='ocrx_word' id='word_1_309' title='bbox 1098 2586 1357 2653; x_wconf 67' lang='grc' dir='ltr'><strong>γενέσθαι</strong></span> <span class='ocrx_word' id='word_1_310' title='bbox 1379 2605 1394 2620; x_wconf 90' lang='grc'><strong>·</strong></span> <span class='ocrx_word' id='word_1_311' title='bbox 1434 2590 1552 2644; x_wconf 80' lang='grc' dir='ltr'><strong>ἀλλ’</strong></span> <span class='ocrx_word' id='word_1_312' title='bbox 1589 2588 1658 2664; x_wconf 78' lang='grc' dir='ltr'><strong>ἦν</strong></span> <span class='ocrx_word' id='word_1_313' title='bbox 1690 2574 1945 2667; x_wconf 81' lang='grc' dir='ltr'><strong>λαμπρύ-</strong></span> 
     </span>
    </p>
   </div>
   <div class='ocr_carea' id='block_1_43' title="bbox 366 2666 1945 2753">
    <p class='ocr_par' dir='ltr' id='par_1_43' title="bbox 366 2666 1945 2753">
     <span class='ocr_line' id='line_1_43' title="bbox 366 2666 1945 2753; baseline 0.015 -35"><span class='ocrx_word' id='word_1_314' title='bbox 366 2685 479 2719; x_wconf 87' lang='grc' dir='ltr'><strong>νων</strong></span> <span class='ocrx_word' id='word_1_315' title='bbox 507 2666 638 2739; x_wconf 73' lang='grc' dir='ltr'><strong>ἄχρι</strong></span> <span class='ocrx_word' id='word_1_316' title='bbox 686 2673 910 2738; x_wconf 75' lang='grc' dir='ltr'><strong>παντὸς,</strong></span> <span class='ocrx_word' id='word_1_317' title='bbox 959 2673 1207 2740; x_wconf 68' lang='grc' dir='ltr'><strong>ἅπαντας</strong></span> <span class='ocrx_word' id='word_1_318' title='bbox 1239 2679 1409 2733; x_wconf 87' lang='grc' dir='ltr'><strong>ποιῶν</strong></span> <span class='ocrx_word' id='word_1_319' title='bbox 1447 2677 1510 2736; x_wconf 76' lang='grc' dir='ltr'><strong>εὖ</strong></span> <span class='ocrx_word' id='word_1_320' title='bbox 1536 2699 1551 2714; x_wconf 76' lang='grc' dir='ltr'><strong>ο</strong></span> <span class='ocrx_word' id='word_1_321' title='bbox 1600 2686 1695 2740; x_wconf 79' lang='grc' dir='ltr'><strong>καὶ</strong></span> <span class='ocrx_word' id='word_1_322' title='bbox 1744 2666 1945 2753; x_wconf 84' lang='grc' dir='ltr'><strong>πάντες</strong></span> 
     </span>
    </p>
   </div>
   <div class='ocr_carea' id='block_1_44' title="bbox 364 2753 1945 2844">
    <p class='ocr_par' dir='ltr' id='par_1_44' title="bbox 364 2753 1945 2844">
     <span class='ocr_line' id='line_1_44' title="bbox 364 2753 1945 2844; baseline 0.015 -36"><span class='ocrx_word' id='word_1_323' title='bbox 364 2753 511 2827; x_wconf 76' lang='grc' dir='ltr'><strong>ἦσαν</strong></span> <span class='ocrx_word' id='word_1_324' title='bbox 541 2761 599 2814; x_wconf 70' lang='grc' dir='ltr'><strong>ἐν</strong></span> <span class='ocrx_word' id='word_1_325' title='bbox 632 2762 848 2831; x_wconf 77' lang='grc' dir='ltr'><strong>ἑορταῖς</strong></span> <span class='ocrx_word' id='word_1_326' title='bbox 871 2782 887 2797; x_wconf 79' lang='grc'><strong><em>⁸</em></strong></span> <span class='ocrx_word' id='word_1_327' title='bbox 922 2766 1051 2820; x_wconf 76' lang='grc' dir='ltr'><strong>ἄνευ</strong></span> <span class='ocrx_word' id='word_1_328' title='bbox 1081 2767 1267 2837; x_wconf 82' lang='grc' dir='ltr'><strong>μέντοι</strong></span> <span class='ocrx_word' id='word_1_329' title='bbox 1296 2770 1405 2824; x_wconf 89' lang='grc' dir='ltr'><strong>τῶν</strong></span> <span class='ocrx_word' id='word_1_330' title='bbox 1430 2772 1667 2844; x_wconf 71' lang='grc' dir='ltr'><strong>ἐχθρῶν,</strong></span> <span class='ocrx_word' id='word_1_331' title='bbox 1705 2778 1800 2830; x_wconf 71' lang='grc' dir='ltr'><strong>καὶ</strong></span> <span class='ocrx_word' id='word_1_332' title='bbox 1833 2780 1945 2831; x_wconf 87' lang='grc' dir='ltr'><strong>τῶν</strong></span> 
     </span>
    </p>
   </div>
   <div class='ocr_carea' id='block_1_45' title="bbox 364 2849 1947 2935">
    <p class='ocr_par' dir='ltr' id='par_1_45' title="bbox 364 2849 1947 2935">
     <span class='ocr_line' id='line_1_45' title="bbox 364 2849 1947 2935; baseline 0.014 -33"><span class='ocrx_word' id='word_1_333' title='bbox 364 2849 673 2927; x_wconf 78' lang='grc' dir='ltr'><strong>ἀσελτηρίᾳ</strong></span> <span class='ocrx_word' id='word_1_334' title='bbox 702 2872 763 2909; x_wconf 80' lang='grc' dir='ltr'><strong>τε</strong></span> <span class='ocrx_word' id='word_1_335' title='bbox 795 2859 890 2911; x_wconf 74' lang='grc' dir='ltr'><strong>καὶ</strong></span> <span class='ocrx_word' id='word_1_336' title='bbox 914 2860 1221 2932; x_wconf 71' lang='grc' dir='ltr'><strong>κακοηθείᾳ</strong></span> <span class='ocrx_word' id='word_1_337' title='bbox 1248 2862 1421 2935; x_wconf 76' lang='grc' dir='ltr'><strong>πολλῇ</strong></span> <span class='ocrx_word' id='word_1_338' title='bbox 1454 2866 1768 2933; x_wconf 81' lang='grc' dir='ltr'><strong>συζώντων,</strong></span> <span class='ocrx_word' id='word_1_339' title='bbox 1804 2870 1947 2924; x_wconf 74' lang='grc' dir='ltr'><strong>ὲκεί-</strong></span> 
     </span>
    </p>
   </div>
   <div class='ocr_carea' id='block_1_46' title="bbox 364 2946 1945 3034">
    <p class='ocr_par' dir='ltr' id='par_1_46' title="bbox 364 2946 1945 3034">
     <span class='ocr_line' id='line_1_46' title="bbox 364 2946 1945 3034; baseline 0.013 -37"><span class='ocrx_word' id='word_1_340' title='bbox 364 2962 476 2998; x_wconf 82' lang='grc' dir='ltr'><strong>νων</strong></span> <span class='ocrx_word' id='word_1_341' title='bbox 512 2946 636 3016; x_wconf 79' lang='grc' dir='ltr'><strong>μὲν,</strong></span> <span class='ocrx_word' id='word_1_342' title='bbox 665 2948 763 3003; x_wconf 79' lang='grc' dir='ltr'><strong>ἆτε</strong></span> <span class='ocrx_word' id='word_1_343' title='bbox 801 2950 1104 3007; x_wconf 71' lang='grc' dir='ltr'><strong>δοκούντων</strong></span> <span class='ocrx_word' id='word_1_344' title='bbox 1147 2954 1279 3010; x_wconf 73' lang='grc' dir='ltr'><strong>εἴσω</strong></span> <span class='ocrx_word' id='word_1_345' title='bbox 1321 2959 1565 3030; x_wconf 82' lang='grc' dir='ltr'><strong>σαγήνης</strong></span> <span class='ocrx_word' id='word_1_346' title='bbox 1604 2960 1750 3030; x_wconf 75' lang='grc' dir='ltr'><strong>ὑμᾶς</strong></span> <span class='ocrx_word' id='word_1_347' title='bbox 1777 2960 1945 3034; x_wconf 72' lang='grc' dir='ltr'><strong>ἔχειν,</strong></span> 
     </span>
    </p>
   </div>
   <div class='ocr_carea' id='block_1_47' title="bbox 369 3034 1947 3121">
    <p class='ocr_par' dir='ltr' id='par_1_47' title="bbox 369 3034 1947 3121">
     <span class='ocr_line' id='line_1_47' title="bbox 369 3034 1947 3121; baseline 0.015 -35"><span class='ocrx_word' id='word_1_348' title='bbox 369 3034 541 3104; x_wconf 73' lang='grc' dir='ltr'><strong>μηδὲν</strong></span> <span class='ocrx_word' id='word_1_349' title='bbox 573 3037 681 3092; x_wconf 85' lang='grc' dir='ltr'><strong>τῶν</strong></span> <span class='ocrx_word' id='word_1_350' title='bbox 713 3039 866 3096; x_wconf 75' lang='grc' dir='ltr'><strong>ἔνδον</strong></span> <span class='ocrx_word' id='word_1_351' title='bbox 898 3043 1078 3115; x_wconf 70' lang='grc' dir='ltr'><strong>ἐώσης</strong></span> <span class='ocrx_word' id='word_1_352' title='bbox 1124 3046 1369 3116; x_wconf 69' lang='grc' dir='ltr'><strong>φεύγειν,</strong></span> <span class='ocrx_word' id='word_1_353' title='bbox 1419 3046 1545 3104; x_wconf 75' lang='grc' dir='ltr'><strong>εἶτα</strong></span> <span class='ocrx_word' id='word_1_354' title='bbox 1578 3052 1679 3121; x_wconf 82' lang='grc' dir='ltr'><strong>τῆς</strong></span> <span class='ocrx_word' id='word_1_355' title='bbox 1730 3053 1947 3120; x_wconf 73' lang='grc' dir='ltr'><strong>ἐλπίδος</strong></span> 
     </span>
    </p>
   </div>
   <div class='ocr_carea' id='block_1_48' title="bbox 362 3132 1948 3223">
    <p class='ocr_par' dir='ltr' id='par_1_48' title="bbox 362 3132 1948 3223">
     <span class='ocr_line' id='line_1_48' title="bbox 362 3132 1948 3223; baseline 0.016 -41"><span class='ocrx_word' id='word_1_356' title='bbox 362 3132 816 3223; x_wconf 86' lang='grc' dir='ltr'><strong>διαμαρτόντων,</strong></span> <span class='ocrx_word' id='word_1_357' title='bbox 855 3139 1066 3196; x_wconf 80' lang='grc' dir='ltr'><strong>τούτων</strong></span> <span class='ocrx_word' id='word_1_358' title='bbox 1118 3136 1178 3196; x_wconf 72' lang='lat' dir='ltr'><strong>at</strong></span> <span class='ocrx_word' id='word_1_359' title='bbox 1237 3144 1407 3215; x_wconf 74' lang='grc' dir='ltr'><strong>μηδὲν</strong></span> <span class='ocrx_word' id='word_1_360' title='bbox 1462 3146 1771 3223; x_wconf 74' lang='grc' dir='ltr'><strong>είδότων,ἦ</strong></span> <span class='ocrx_word' id='word_1_361' title='bbox 1825 3156 1948 3214; x_wconf 88' lang='grc' dir='ltr'><strong>ταῖς</strong></span> 
     </span>
    </p>
   </div>
   <div class='ocr_carea' id='block_1_49' title="bbox 363 3222 1946 3305">
    <p class='ocr_par' dir='ltr' id='par_1_49' title="bbox 363 3222 1946 3305">
     <span class='ocr_line' id='line_1_49' title="bbox 363 3222 1946 3305; baseline 0.015 -29"><span class='ocrx_word' id='word_1_362' title='bbox 363 3222 547 3277; x_wconf 75' lang='grc' dir='ltr'><strong>ἄλλων</strong></span> <span class='ocrx_word' id='word_1_363' title='bbox 599 3232 911 3301; x_wconf 79' lang='grc' dir='ltr'><strong>συμφοραῖς</strong></span> <span class='ocrx_word' id='word_1_364' title='bbox 963 3234 1261 3305; x_wconf 79' lang='grc' dir='ltr'><strong>ὲντρυφᾷν,</strong></span> <span class='ocrx_word' id='word_1_365' title='bbox 1312 3235 1484 3292; x_wconf 75' lang='grc' dir='ltr'><strong>ὄντων</strong></span> <span class='ocrx_word' id='word_1_366' title='bbox 1524 3241 1621 3294; x_wconf 71' lang='grc' dir='ltr'><strong>καὶ</strong></span> <span class='ocrx_word' id='word_1_367' title='bbox 1671 3222 1852 3297; x_wconf 81' lang='grc' dir='ltr'><strong>αὐτῶν</strong></span> <span class='ocrx_word' id='word_1_368' title='bbox 1886 3248 1946 3300; x_wconf 74' lang='grc' dir='ltr'><strong>ὲν</strong></span> 
     </span>
    </p>
   </div>
   <div class='ocr_carea' id='block_1_50' title="bbox 2044 2039 3629 2119">
    <p class='ocr_par' dir='ltr' id='par_1_50' title="bbox 2044 2039 3629 2119">
     <span class='ocr_line' id='line_1_50' title="bbox 2044 2039 3629 2119; baseline 0.011 -31"><span class='ocrx_word' id='word_1_369' title='bbox 2044 2043 2261 2089; x_wconf 82' lang='lat' dir='ltr'><strong>ventum</strong></span> <span class='ocrx_word' id='word_1_370' title='bbox 2293 2039 2658 2108; x_wconf 85' lang='lat' dir='ltr'><strong>contigerunt,</strong></span> <span class='ocrx_word' id='word_1_371' title='bbox 2696 2039 2811 2098; x_wconf 69' lang='lat' dir='ltr'><strong>hazc</strong></span> <span class='ocrx_word' id='word_1_372' title='bbox 2847 2046 3225 2115; x_wconf 86' lang='lat' dir='ltr'><strong>prosequenda</strong></span> <span class='ocrx_word' id='word_1_373' title='bbox 3280 2061 3459 2117; x_wconf 67' lang='lat' dir='ltr'><strong>operae</strong></span> <span class='ocrx_word' id='word_1_374' title='bbox 3512 2064 3629 2119; x_wconf 87' lang='lat' dir='ltr'><strong>pre-</strong></span> 
     </span>
    </p>
   </div>
   <div class='ocr_carea' id='block_1_51' title="bbox 2044 2126 2529 2191">
    <p class='ocr_par' dir='ltr' id='par_1_51' title="bbox 2044 2126 2529 2191">
     <span class='ocr_line' id='line_1_51' title="bbox 2044 2126 2529 2191; baseline 0.021 -11"><span class='ocrx_word' id='word_1_375' title='bbox 2044 2126 2177 2182; x_wconf 87' lang='lat' dir='ltr'><strong>tium</strong></span> <span class='ocrx_word' id='word_1_376' title='bbox 2209 2129 2529 2191; x_wconf 53' lang='lat' dir='ltr'><strong>habeamus;</strong></span> 
     </span>
    </p>
   </div>
   <div class='ocr_carea' id='block_1_52' title="bbox 2121 2304 3630 2386">
    <p class='ocr_par' dir='ltr' id='par_1_52' title="bbox 2121 2304 3630 2386">
     <span class='ocr_line' id='line_1_52' title="bbox 2121 2304 3630 2386; baseline 0.007 -21"><span class='ocrx_word' id='word_1_377' title='bbox 2121 2307 2224 2366; x_wconf 81' lang='lat' dir='ltr'><strong>Ubi</strong></span> <span class='ocrx_word' id='word_1_378' title='bbox 2262 2312 2448 2383; x_wconf 88' lang='lat' dir='ltr'><strong>itaque</strong></span> <span class='ocrx_word' id='word_1_379' title='bbox 2473 2315 2599 2370; x_wconf 88' lang='lat' dir='ltr'><strong>navi</strong></span> <span class='ocrx_word' id='word_1_380' title='bbox 2639 2315 2877 2374; x_wconf 88' lang='lat' dir='ltr'><strong>emissus</strong></span> <span class='ocrx_word' id='word_1_381' title='bbox 2904 2327 3069 2386; x_wconf 86' lang='lat' dir='ltr'><strong>esset,</strong></span> <span class='ocrx_word' id='word_1_382' title='bbox 3102 2304 3416 2375; x_wconf 18' lang='lat' dir='ltr'><strong>summa‘ab</strong></span> <span class='ocrx_word' id='word_1_383' title='bbox 3450 2322 3630 2377; x_wconf 88' lang='lat' dir='ltr'><strong>omni-</strong></span> 
     </span>
    </p>
   </div>
   <div class='ocr_carea' id='block_1_53' title="bbox 2045 2401 3626 2477">
    <p class='ocr_par' dir='ltr' id='par_1_53' title="bbox 2045 2401 3626 2477">
     <span class='ocr_line' id='line_1_53' title="bbox 2045 2401 3626 2477; baseline 0.006 -20"><span class='ocrx_word' id='word_1_384' title='bbox 2045 2401 2149 2457; x_wconf 83' lang='lat' dir='ltr'><strong>bus</strong></span> <span class='ocrx_word' id='word_1_385' title='bbox 2172 2402 2357 2459; x_wconf 80' lang='lat' dir='ltr'><strong>laetitia</strong></span> <span class='ocrx_word' id='word_1_386' title='bbox 2386 2417 2672 2477; x_wconf 88' lang='lat' dir='ltr'><strong>susceptus</strong></span> <span class='ocrx_word' id='word_1_387' title='bbox 2704 2419 2786 2463; x_wconf 90' lang='lat' dir='ltr'><strong>est</strong></span> <span class='ocrx_word' id='word_1_388' title='bbox 2814 2429 2827 2476; x_wconf 92' lang='lat'><strong>;</strong></span> <span class='ocrx_word' id='word_1_389' title='bbox 2889 2426 2989 2465; x_wconf 89' lang='lat' dir='ltr'><strong>nec</strong></span> <span class='ocrx_word' id='word_1_390' title='bbox 3022 2427 3145 2466; x_wconf 90' lang='lat' dir='ltr'><strong>eum</strong></span> <span class='ocrx_word' id='word_1_391' title='bbox 3183 2412 3235 2466; x_wconf 92' lang='lat' dir='ltr'><strong>in</strong></span> <span class='ocrx_word' id='word_1_392' title='bbox 3268 2426 3328 2467; x_wconf 92' lang='lat' dir='ltr'><strong>se</strong></span> <span class='ocrx_word' id='word_1_393' title='bbox 3384 2427 3626 2468; x_wconf 85' lang='lat' dir='ltr'><strong>amorem</strong></span> 
     </span>
    </p>
   </div>
   <div class='ocr_carea' id='block_1_54' title="bbox 2051 2497 3632 2573">
    <p class='ocr_par' dir='ltr' id='par_1_54' title="bbox 2051 2497 3632 2573">
     <span class='ocr_line' id='line_1_54' title="bbox 2051 2497 3632 2573; baseline 0.007 -27"><span class='ocrx_word' id='word_1_394' title='bbox 2051 2509 2311 2563; x_wconf 83' lang='lat' dir='ltr'><strong>processu</strong></span> <span class='ocrx_word' id='word_1_395' title='bbox 2345 2497 2684 2565; x_wconf 81' lang='lat' dir='ltr'><strong>obscuravit,</strong></span> <span class='ocrx_word' id='word_1_396' title='bbox 2742 2501 2887 2569; x_wconf 88' lang='lat' dir='ltr'><strong>quod</strong></span> <span class='ocrx_word' id='word_1_397' title='bbox 2926 2502 3249 2573; x_wconf 85' lang='lat' dir='ltr'><strong>plerumque</strong></span> <span class='ocrx_word' id='word_1_398' title='bbox 3273 2504 3458 2559; x_wconf 88' lang='lat' dir='ltr'><strong>videas</strong></span> <span class='ocrx_word' id='word_1_399' title='bbox 3486 2506 3632 2560; x_wconf 85' lang='lat' dir='ltr'><strong>acci-</strong></span> 
     </span>
    </p>
   </div>
   <div class='ocr_carea' id='block_1_55' title="bbox 2047 2588 3630 2665">
    <p class='ocr_par' dir='ltr' id='par_1_55' title="bbox 2047 2588 3630 2665">
     <span class='ocr_line' id='line_1_55' title="bbox 2047 2588 3630 2665; baseline 0.005 -23"><span class='ocrx_word' id='word_1_400' title='bbox 2047 2588 2208 2643; x_wconf 80' lang='lat' dir='ltr'><strong>dere:</strong></span> <span class='ocrx_word' id='word_1_401' title='bbox 2241 2590 2371 2659; x_wconf 87' lang='lat' dir='ltr'><strong>quin</strong></span> <span class='ocrx_word' id='word_1_402' title='bbox 2419 2592 2604 2661; x_wconf 88' lang='lat' dir='ltr'><strong>potius</strong></span> <span class='ocrx_word' id='word_1_403' title='bbox 2658 2593 2946 2648; x_wconf 85' lang='lat' dir='ltr'><strong>universos</strong></span> <span class='ocrx_word' id='word_1_404' title='bbox 2986 2595 3336 2660; x_wconf 89' lang='lat' dir='ltr'><strong>demerendo,</strong></span> <span class='ocrx_word' id='word_1_405' title='bbox 3389 2596 3630 2665; x_wconf 85' lang='lat' dir='ltr'><strong>copiosis</strong></span> 
     </span>
    </p>
   </div>
   <div class='ocr_carea' id='block_1_56' title="bbox 2047 2683 3627 2754">
    <p class='ocr_par' dir='ltr' id='par_1_56' title="bbox 2047 2683 3627 2754">
     <span class='ocr_line' id='line_1_56' title="bbox 2047 2683 3627 2754; baseline 0.003 -21"><span class='ocrx_word' id='word_1_406' title='bbox 2047 2694 2265 2748; x_wconf 80' lang='lat' dir='ltr'><strong>semper</strong></span> <span class='ocrx_word' id='word_1_407' title='bbox 2284 2683 2593 2750; x_wconf 86' lang='lat' dir='ltr'><strong>augmentis</strong></span> <span class='ocrx_word' id='word_1_408' title='bbox 2620 2683 2935 2739; x_wconf 83' lang='lat' dir='ltr'><strong>illustravit.</strong></span> <span class='ocrx_word' id='word_1_409' title='bbox 2984 2685 3160 2741; x_wconf 85' lang='lat' dir='ltr'><strong>Festis</strong></span> <span class='ocrx_word' id='word_1_410' title='bbox 3191 2700 3386 2740; x_wconf 90' lang='lat' dir='ltr'><strong>omnes</strong></span> <span class='ocrx_word' id='word_1_411' title='bbox 3412 2687 3627 2754; x_wconf 75' lang='lat' dir='ltr'><strong>gaudiis</strong></span> 
     </span>
    </p>
   </div>
   <div class='ocr_carea' id='block_1_57' title="bbox 2045 2772 3627 2851">
    <p class='ocr_par' dir='ltr' id='par_1_57' title="bbox 2045 2772 3627 2851">
     <span class='ocr_line' id='line_1_57' title="bbox 2045 2772 3627 2851; baseline 0.005 -28"><span class='ocrx_word' id='word_1_412' title='bbox 2045 2772 2447 2840; x_wconf 86' lang='lat' dir='ltr'><strong>epulabantur;</strong></span> <span class='ocrx_word' id='word_1_413' title='bbox 2479 2773 2523 2827; x_wconf 92' lang='lat' dir='ltr'><strong>si</strong></span> <span class='ocrx_word' id='word_1_414' title='bbox 2580 2782 2765 2829; x_wconf 89' lang='lat' dir='ltr'><strong>tamen</strong></span> <span class='ocrx_word' id='word_1_415' title='bbox 2815 2776 3055 2845; x_wconf 85' lang='lat' dir='ltr'><strong>excipias</strong></span> <span class='ocrx_word' id='word_1_416' title='bbox 3113 2776 3320 2839; x_wconf 89' lang='lat' dir='ltr'><strong>hostes,</strong></span> <span class='ocrx_word' id='word_1_417' title='bbox 3370 2777 3627 2851; x_wconf 80' lang='lat' dir='ltr'><strong>virosque</strong></span> 
     </span>
    </p>
   </div>
   <div class='ocr_carea' id='block_1_58' title="bbox 2048 2862 3627 2939">
    <p class='ocr_par' dir='ltr' id='par_1_58' title="bbox 2048 2862 3627 2939">
     <span class='ocr_line' id='line_1_58' title="bbox 2048 2862 3627 2939; baseline 0.005 -23"><span class='ocrx_word' id='word_1_418' title='bbox 2048 2863 2215 2918; x_wconf 90' lang='lat' dir='ltr'><strong>multa</strong></span> <span class='ocrx_word' id='word_1_419' title='bbox 2250 2866 2469 2920; x_wconf 78' lang='lat' dir='ltr'><strong>vesania</strong></span> <span class='ocrx_word' id='word_1_420' title='bbox 2498 2880 2562 2920; x_wconf 85' lang='lat' dir='ltr'><strong>ac</strong></span> <span class='ocrx_word' id='word_1_421' title='bbox 2587 2862 2907 2923; x_wconf 75' lang='lat' dir='ltr'><strong>morositate</strong></span> <span class='ocrx_word' id='word_1_422' title='bbox 2939 2868 3205 2924; x_wconf 87' lang='lat' dir='ltr'><strong>ducentes</strong></span> <span class='ocrx_word' id='word_1_423' title='bbox 3250 2868 3452 2925; x_wconf 87' lang='lat' dir='ltr'><strong>vitam:</strong></span> <span class='ocrx_word' id='word_1_424' title='bbox 3488 2885 3627 2939; x_wconf 87' lang='lat' dir='ltr'><strong>quo-</strong></span> 
     </span>
    </p>
   </div>
   <div class='ocr_carea' id='block_1_59' title="bbox 2048 2953 3630 3031">
    <p class='ocr_par' dir='ltr' id='par_1_59' title="bbox 2048 2953 3630 3031">
     <span class='ocr_line' id='line_1_59' title="bbox 2048 2953 3630 3031; baseline 0.006 -25"><span class='ocrx_word' id='word_1_425' title='bbox 2048 2967 2168 3007; x_wconf 88' lang='lat' dir='ltr'><strong>rum</strong></span> <span class='ocrx_word' id='word_1_426' title='bbox 2198 2953 2378 3022; x_wconf 89' lang='lat' dir='ltr'><strong>primi,</strong></span> <span class='ocrx_word' id='word_1_427' title='bbox 2416 2970 2538 3010; x_wconf 90' lang='lat' dir='ltr'><strong>cum</strong></span> <span class='ocrx_word' id='word_1_428' title='bbox 2570 2955 2682 3025; x_wconf 85' lang='lat' dir='ltr'><strong>jam</strong></span> <span class='ocrx_word' id='word_1_429' title='bbox 2737 2958 3037 3014; x_wconf 86' lang='lat' dir='ltr'><strong>inevltabili</strong></span> <span class='ocrx_word' id='word_1_430' title='bbox 3091 2975 3292 3031; x_wconf 77' lang='lat' dir='ltr'><strong>sagena</strong></span> <span class='ocrx_word' id='word_1_431' title='bbox 3338 2962 3630 3017; x_wconf 91' lang='lat' dir='ltr'><strong>conclusos</strong></span> 
     </span>
    </p>
   </div>
   <div class='ocr_carea' id='block_1_60' title="bbox 2047 3049 3629 3122">
    <p class='ocr_par' dir='ltr' id='par_1_60' title="bbox 2047 3049 3629 3122">
     <span class='ocr_line' id='line_1_60' title="bbox 2047 3049 3629 3122; baseline 0.006 -24"><span class='ocrx_word' id='word_1_432' title='bbox 2047 3059 2144 3101; x_wconf 86' lang='lat' dir='ltr'><strong>vos</strong></span> <span class='ocrx_word' id='word_1_433' title='bbox 2182 3053 2458 3115; x_wconf 82' lang='lat' dir='ltr'><strong>putarent,</strong></span> <span class='ocrx_word' id='word_1_434' title='bbox 2519 3063 2617 3118; x_wconf 89' lang='lat' dir='ltr'><strong>spe</strong></span> <span class='ocrx_word' id='word_1_435' title='bbox 2650 3049 2904 3122; x_wconf 86' lang='lat' dir='ltr'><strong>deiueeps</strong></span> <span class='ocrx_word' id='word_1_436' title='bbox 2937 3052 3363 3120; x_wconf 86' lang='lat' dir='ltr'><strong>frustrarentur;</strong></span> <span class='ocrx_word' id='word_1_437' title='bbox 3402 3054 3629 3110; x_wconf 81' lang='lat' dir='ltr'><strong>secundi</strong></span> 
     </span>
    </p>
   </div>
   <div class='ocr_carea' id='block_1_61' title="bbox 2046 3138 3627 3211">
    <p class='ocr_par' dir='ltr' id='par_1_61' title="bbox 2046 3138 3627 3211">
     <span class='ocr_line' id='line_1_61' title="bbox 2046 3138 3627 3211; baseline 0.006 -19"><span class='ocrx_word' id='word_1_438' title='bbox 2046 3153 2197 3205; x_wconf 80' lang='lat' dir='ltr'><strong>vero,</strong></span> <span class='ocrx_word' id='word_1_439' title='bbox 2233 3138 2377 3194; x_wconf 89' lang='lat' dir='ltr'><strong>haud</strong></span> <span class='ocrx_word' id='word_1_440' title='bbox 2403 3141 2551 3194; x_wconf 85' lang='lat' dir='ltr'><strong>aliud</strong></span> <span class='ocrx_word' id='word_1_441' title='bbox 2586 3156 2749 3211; x_wconf 89' lang='lat' dir='ltr'><strong>quam</strong></span> <span class='ocrx_word' id='word_1_442' title='bbox 2788 3143 2983 3198; x_wconf 79' lang='lat' dir='ltr'><strong>alienis</strong></span> <span class='ocrx_word' id='word_1_443' title='bbox 3024 3144 3426 3201; x_wconf 83' lang='lat' dir='ltr'><strong>calamitatibus</strong></span> <span class='ocrx_word' id='word_1_444' title='bbox 3473 3146 3627 3203; x_wconf 76' lang='lat' dir='ltr'><strong>dele~</strong></span> 
     </span>
    </p>
   </div>
   <div class='ocr_carea' id='block_1_62' title="bbox 2050 3226 3623 3308">
    <p class='ocr_par' dir='ltr' id='par_1_62' title="bbox 2050 3226 3623 3308">
     <span class='ocr_line' id='line_1_62' title="bbox 2050 3226 3623 3308; baseline 0.006 -24"><span class='ocrx_word' id='word_1_445' title='bbox 2050 3231 2186 3284; x_wconf 87' lang='lat' dir='ltr'><strong>ctari</strong></span> <span class='ocrx_word' id='word_1_446' title='bbox 2221 3241 2462 3299; x_wconf 86' lang='lat' dir='ltr'><strong>nossent,</strong></span> <span class='ocrx_word' id='word_1_447' title='bbox 2493 3226 2615 3289; x_wconf 78' lang='lat' dir='ltr'><strong>cum</strong></span> <span class='ocrx_word' id='word_1_448' title='bbox 2646 3246 2699 3289; x_wconf 89' lang='lat' dir='ltr'><strong>et</strong></span> <span class='ocrx_word' id='word_1_449' title='bbox 2732 3237 2833 3306; x_wconf 92' lang='lat' dir='ltr'><strong>ipsi</strong></span> <span class='ocrx_word' id='word_1_450' title='bbox 2862 3238 3082 3307; x_wconf 87' lang='lat' dir='ltr'><strong>paribus</strong></span> <span class='ocrx_word' id='word_1_451' title='bbox 3110 3237 3375 3308; x_wconf 74' lang='lat' dir='ltr'><strong>implicati</strong></span> <span class='ocrx_word' id='word_1_452' title='bbox 3402 3248 3583 3294; x_wconf 89' lang='lat' dir='ltr'><strong>essent</strong></span> <span class='ocrx_word' id='word_1_453' title='bbox 3609 3256 3623 3305; x_wconf 90' lang='lat'><strong>;</strong></span> 
     </span>
    </p>
   </div>
   <div class='ocr_carea' id='block_1_63' title="bbox 362 3316 1961 3412">
    <p class='ocr_par' dir='ltr' id='par_1_63' title="bbox 362 3316 1937 3412">
     <span class='ocr_line' id='line_1_63' title="bbox 362 3316 1937 3412; baseline 0.015 -45"><span class='ocrx_word' id='word_1_454' title='bbox 362 3316 490 3378; x_wconf 82' lang='grc' dir='ltr'><strong>ταῖς</strong></span> <span class='ocrx_word' id='word_1_455' title='bbox 516 3318 662 3382; x_wconf 85' lang='grc' dir='ltr'><strong>ῖσαις</strong></span> <span class='ocrx_word' id='word_1_456' title='bbox 682 3336 700 3352; x_wconf 81' lang='grc' dir='ltr'><strong><em>ο</em></strong></span> <span class='ocrx_word' id='word_1_457' title='bbox 729 3321 868 3392; x_wconf 80' lang='grc' dir='ltr'><strong>ὅπερ</strong></span> <span class='ocrx_word' id='word_1_458' title='bbox 902 3325 999 3378; x_wconf 74' lang='grc' dir='ltr'><strong>καὶ</strong></span> <span class='ocrx_word' id='word_1_459' title='bbox 1028 3325 1150 3379; x_wconf 87' lang='grc' dir='ltr'><strong>λίαν</strong></span> <span class='ocrx_word' id='word_1_460' title='bbox 1184 3328 1478 3397; x_wconf 81' lang='grc' dir='ltr'><strong>κακόηθες,</strong></span> <span class='ocrx_word' id='word_1_461' title='bbox 1510 3334 1606 3388; x_wconf 74' lang='grc' dir='ltr'><strong>καὶ</strong></span> <span class='ocrx_word' id='word_1_462' title='bbox 1641 3336 1794 3390; x_wconf 79' lang='grc' dir='ltr'><strong>οὐδὲν</strong></span> <span class='ocrx_word' id='word_1_463' title='bbox 1839 3333 1937 3412; x_wconf 77' lang='grc' dir='ltr'><strong>ἦτ-</strong></span> 
     </span>
    </p>
   </div>
   <div class='ocr_carea' id='block_1_64' title="bbox 2045 3316 3625 3412">
    <p class='ocr_par' dir='ltr' id='par_1_64' title="bbox 2045 3320 3625 3400">
     <span class='ocr_line' id='line_1_64' title="bbox 2045 3320 3625 3400; baseline 0.009 -28"><span class='ocrx_word' id='word_1_464' title='bbox 2045 3320 2181 3388; x_wconf 85' lang='lat' dir='ltr'><strong>quod</strong></span> <span class='ocrx_word' id='word_1_465' title='bbox 2215 3320 2372 3390; x_wconf 88' lang='lat' dir='ltr'><strong>plane</strong></span> <span class='ocrx_word' id='word_1_466' title='bbox 2399 3338 2521 3378; x_wconf 90' lang='lat' dir='ltr'><strong>cum</strong></span> <span class='ocrx_word' id='word_1_467' title='bbox 2556 3324 2710 3379; x_wconf 85' lang='lat' dir='ltr'><strong>valde</strong></span> <span class='ocrx_word' id='word_1_468' title='bbox 2732 3341 3033 3394; x_wconf 88' lang='lat' dir='ltr'><strong>morosum,</strong></span> <span class='ocrx_word' id='word_1_469' title='bbox 3065 3336 3176 3381; x_wconf 89' lang='lat' dir='ltr'><strong>tum</strong></span> <span class='ocrx_word' id='word_1_470' title='bbox 3251 3329 3475 3400; x_wconf 64' lang='lat' dir='ltr'><strong>aequalis</strong></span> <span class='ocrx_word' id='word_1_471' title='bbox 3525 3331 3625 3385; x_wconf 80' lang='lat' dir='ltr'><strong>de-</strong></span> 
     </span>
    </p>
   </div>
   <div class='ocr_carea' id='block_1_65' title="bbox 363 3406 1943 3498">
    <p class='ocr_par' dir='ltr' id='par_1_65' title="bbox 363 3406 1943 3498">
     <span class='ocr_line' id='line_1_65' title="bbox 363 3406 1943 3498; baseline 0.018 -42"><span class='ocrx_word' id='word_1_472' title='bbox 363 3421 462 3498; x_wconf 79' lang='grc' dir='ltr'><strong>τον</strong></span> <span class='ocrx_word' id='word_1_473' title='bbox 489 3406 706 3477; x_wconf 77' lang='grc' dir='ltr'><strong>εὔηθες.</strong></span> <span class='ocrx_word' id='word_1_474' title='bbox 735 3413 928 3483; x_wconf 83' lang='grc' dir='ltr'><strong>Χρεὼν</strong></span> <span class='ocrx_word' id='word_1_475' title='bbox 969 3417 1079 3489; x_wconf 80' lang='grc' dir='ltr'><strong>γὰρ</strong></span> <span class='ocrx_word' id='word_1_476' title='bbox 1109 3417 1170 3473; x_wconf 79' lang='grc' dir='ltr'><strong>δν</strong></span> <span class='ocrx_word' id='word_1_477' title='bbox 1199 3420 1339 3493; x_wconf 81' lang='grc' dir='ltr'><strong>ὑπὲρ</strong></span> <span class='ocrx_word' id='word_1_478' title='bbox 1367 3424 1580 3479; x_wconf 77' lang='grc' dir='ltr'><strong>ἑαυτῶν</strong></span> <span class='ocrx_word' id='word_1_479' title='bbox 1621 3406 1875 3498; x_wconf 68' lang='grc' dir='ltr'><strong>τρέμειν,</strong></span> <span class='ocrx_word' id='word_1_480' title='bbox 1896 3432 1943 3485; x_wconf 85' lang='grc' dir='ltr'><strong>οί</strong></span> 
     </span>
    </p>
   </div>
   <div class='ocr_carea' id='block_1_66' title="bbox 361 3497 1940 3589">
    <p class='ocr_par' dir='ltr' id='par_1_66' title="bbox 361 3497 1940 3589">
     <span class='ocr_line' id='line_1_66' title="bbox 361 3497 1940 3589; baseline 0.016 -40"><span class='ocrx_word' id='word_1_481' title='bbox 361 3497 423 3551; x_wconf 67' lang='grc' dir='ltr'><strong>δὲ</strong></span> <span class='ocrx_word' id='word_1_482' title='bbox 451 3500 575 3563; x_wconf 76' lang='grc' dir='ltr'><strong>τοὺς</strong></span> <span class='ocrx_word' id='word_1_483' title='bbox 606 3501 807 3571; x_wconf 68' lang='grc' dir='ltr'><strong>ἥττους</strong></span> <span class='ocrx_word' id='word_1_484' title='bbox 833 3507 1041 3575; x_wconf 74' lang='grc' dir='ltr'><strong>ἤσθιον,</strong></span> <span class='ocrx_word' id='word_1_485' title='bbox 1078 3511 1196 3565; x_wconf 83' lang='grc' dir='ltr'><strong>ὅσοι</strong></span> <span class='ocrx_word' id='word_1_486' title='bbox 1230 3513 1362 3577; x_wconf 80' lang='grc' dir='ltr'><strong>τοὺς</strong></span> <span class='ocrx_word' id='word_1_487' title='bbox 1410 3497 1940 3589; x_wconf 13' lang='grc' dir='ltr'><strong>μείζουςῆδιέφυγον,</strong></span> 
     </span>
    </p>
   </div>
   <div class='ocr_carea' id='block_1_67' title="bbox 363 3591 1943 3680">
    <p class='ocr_par' dir='ltr' id='par_1_67' title="bbox 363 3591 1943 3680">
     <span class='ocr_line' id='line_1_67' title="bbox 363 3591 1943 3680; baseline 0.016 -38"><span class='ocrx_word' id='word_1_488' title='bbox 363 3591 511 3646; x_wconf 81' lang='grc' dir='ltr'><strong>κατὰ</strong></span> <span class='ocrx_word' id='word_1_489' title='bbox 544 3594 671 3657; x_wconf 81' lang='grc' dir='ltr'><strong>τοὺς</strong></span> <span class='ocrx_word' id='word_1_490' title='bbox 727 3596 1152 3672; x_wconf 68' lang='grc' dir='ltr'><strong>ἐζωγρημένους</strong></span> <span class='ocrx_word' id='word_1_491' title='bbox 1211 3605 1386 3680; x_wconf 72' lang='grc' dir='ltr'><strong>ἰχθῦς,</strong></span> <span class='ocrx_word' id='word_1_492' title='bbox 1423 3610 1474 3662; x_wconf 82' lang='lat' dir='ltr'><strong>0i</strong></span> <span class='ocrx_word' id='word_1_493' title='bbox 1520 3609 1783 3675; x_wconf 82' lang='grc' dir='ltr'><strong>πολλάκις</strong></span> <span class='ocrx_word' id='word_1_494' title='bbox 1812 3614 1943 3668; x_wconf 86' lang='grc' dir='ltr'><strong>εῐσω</strong></span> 
     </span>
    </p>
   </div>
   <div class='ocr_carea' id='block_1_68' title="bbox 362 3684 1939 3776">
    <p class='ocr_par' dir='ltr' id='par_1_68' title="bbox 362 3684 1939 3776">
     <span class='ocr_line' id='line_1_68' title="bbox 362 3684 1939 3776; baseline 0.013 -39"><span class='ocrx_word' id='word_1_495' title='bbox 362 3684 588 3756; x_wconf 78' lang='grc' dir='ltr'><strong>κύρτων</strong></span> <span class='ocrx_word' id='word_1_496' title='bbox 622 3691 1075 3776; x_wconf 62' lang='grc' dir='ltr'><strong>κατειλημμένοι,</strong></span> <span class='ocrx_word' id='word_1_497' title='bbox 1121 3698 1182 3750; x_wconf 71' lang='grc' dir='ltr'><strong>τὸ</strong></span> <span class='ocrx_word' id='word_1_498' title='bbox 1211 3700 1333 3753; x_wconf 77' lang='grc' dir='ltr'><strong>κατ’</strong></span> <span class='ocrx_word' id='word_1_499' title='bbox 1361 3701 1586 3768; x_wconf 79' lang='grc' dir='ltr'><strong>αὐτοὺς,</strong></span> <span class='ocrx_word' id='word_1_500' title='bbox 1634 3703 1709 3767; x_wconf 82' lang='grc' dir='ltr'><strong>ὡς</strong></span> <span class='ocrx_word' id='word_1_501' title='bbox 1742 3690 1939 3769; x_wconf 77' lang='grc' dir='ltr'><strong>ἔοικεν,</strong></span> 
     </span>
    </p>
   </div>
   <div class='ocr_carea' id='block_1_69' title="bbox 361 3779 1942 3866">
    <p class='ocr_par' dir='ltr' id='par_1_69' title="bbox 361 3779 1942 3866">
     <span class='ocr_line' id='line_1_69' title="bbox 361 3779 1942 3866; baseline 0.014 -36"><span class='ocrx_word' id='word_1_502' title='bbox 361 3779 644 3847; x_wconf 78' lang='grc' dir='ltr'><strong>ἀγνοοῦσι,</strong></span> <span class='ocrx_word' id='word_1_503' title='bbox 678 3785 777 3838; x_wconf 77' lang='grc' dir='ltr'><strong>καὶ</strong></span> <span class='ocrx_word' id='word_1_504' title='bbox 821 3788 944 3850; x_wconf 75' lang='grc' dir='ltr'><strong>τοὺς</strong></span> <span class='ocrx_word' id='word_1_505' title='bbox 968 3787 1342 3863; x_wconf 83' lang='grc' dir='ltr'><strong>βραχυτέρους</strong></span> <span class='ocrx_word' id='word_1_506' title='bbox 1373 3796 1424 3847; x_wconf 82' lang='lat' dir='ltr'><strong>0i</strong></span> <span class='ocrx_word' id='word_1_507' title='bbox 1464 3795 1690 3866; x_wconf 73' lang='grc' dir='ltr'><strong>μείζους</strong></span> <span class='ocrx_word' id='word_1_508' title='bbox 1735 3797 1942 3851; x_wconf 77' lang='grc' dir='ltr'><strong>ἐσθίον-</strong></span> 
     </span>
    </p>
   </div>
   <div class='ocr_carea' id='block_1_70' title="bbox 360 3872 1937 3961">
    <p class='ocr_par' dir='ltr' id='par_1_70' title="bbox 360 3872 1937 3961">
     <span class='ocr_line' id='line_1_70' title="bbox 360 3872 1937 3961; baseline 0.015 -40"><span class='ocrx_word' id='word_1_509' title='bbox 360 3886 476 3937; x_wconf 81' lang='grc' dir='ltr'><strong>τες,</strong></span> <span class='ocrx_word' id='word_1_510' title='bbox 503 3878 603 3927; x_wconf 70' lang='grc' dir='ltr'><strong>καὶ</strong></span> <span class='ocrx_word' id='word_1_511' title='bbox 642 3872 804 3953; x_wconf 80' lang='grc' dir='ltr'><strong>αὖθις</strong></span> <span class='ocrx_word' id='word_1_512' title='bbox 859 3880 1083 3945; x_wconf 76' lang='grc' dir='ltr'><strong>τούτους</strong></span> <span class='ocrx_word' id='word_1_513' title='bbox 1112 3884 1161 3937; x_wconf 81' lang='grc' dir='ltr'><strong>οἱ</strong></span> <span class='ocrx_word' id='word_1_514' title='bbox 1192 3885 1393 3953; x_wconf 78' lang='grc' dir='ltr'><strong>μᾶλλον</strong></span> <span class='ocrx_word' id='word_1_515' title='bbox 1417 3886 1655 3958; x_wconf 78' lang='grc' dir='ltr'><strong>μείζους,</strong></span> <span class='ocrx_word' id='word_1_516' title='bbox 1679 3889 1937 3961; x_wconf 66' lang='grc' dir='ltr'><strong>ἕρμαιον,</strong></span> 
     </span>
    </p>
   </div>
   <div class='ocr_carea' id='block_1_71' title="bbox 359 3966 1938 4052">
    <p class='ocr_par' dir='ltr' id='par_1_71' title="bbox 359 3966 1938 4052">
     <span class='ocr_line' id='line_1_71' title="bbox 359 3966 1938 4052; baseline 0.011 -34"><span class='ocrx_word' id='word_1_517' title='bbox 359 3966 441 4030; x_wconf 81' lang='grc' dir='ltr'><strong>ὡς</strong></span> <span class='ocrx_word' id='word_1_518' title='bbox 482 3968 680 4033; x_wconf 72' lang='grc' dir='ltr'><strong>εἰπεῖν,</strong></span> <span class='ocrx_word' id='word_1_519' title='bbox 709 3969 972 4040; x_wconf 72' lang='grc' dir='ltr'><strong>ἡγοῦνται</strong></span> <span class='ocrx_word' id='word_1_520' title='bbox 1002 3972 1062 4025; x_wconf 79' lang='grc' dir='ltr'><strong>τὺ</strong></span> <span class='ocrx_word' id='word_1_521' title='bbox 1102 3974 1394 4047; x_wconf 73' lang='grc' dir='ltr'><strong>θήρατρον,</strong></span> <span class='ocrx_word' id='word_1_522' title='bbox 1424 3977 1499 4042; x_wconf 83' lang='grc' dir='ltr'><strong>ὡς</strong></span> <span class='ocrx_word' id='word_1_523' title='bbox 1547 3980 1678 4051; x_wconf 77' lang='grc' dir='ltr'><strong>ῥᾷον</strong></span> <span class='ocrx_word' id='word_1_524' title='bbox 1707 3981 1764 4033; x_wconf 79' lang='grc' dir='ltr'><strong>ὲν</strong></span> <span class='ocrx_word' id='word_1_525' title='bbox 1788 3980 1938 4052; x_wconf 86' lang='grc' dir='ltr'><strong>αὔτῷ</strong></span> 
     </span>
    </p>
   </div>
   <div class='ocr_carea' id='block_1_72' title="bbox 360 4060 1936 4143">
    <p class='ocr_par' dir='ltr' id='par_1_72' title="bbox 360 4060 1936 4143">
     <span class='ocr_line' id='line_1_72' title="bbox 360 4060 1936 4143; baseline 0.01 -32"><span class='ocrx_word' id='word_1_526' title='bbox 360 4060 461 4123; x_wconf 83' lang='grc' dir='ltr'><strong>τὰς</strong></span> <span class='ocrx_word' id='word_1_527' title='bbox 490 4062 766 4143; x_wconf 58' lang='grc' dir='ltr'><strong>γαστέρσί</strong></span> <span class='ocrx_word' id='word_1_528' title='bbox 805 4063 1191 4132; x_wconf 68' lang='grc' dir='ltr'><strong>ὲμπιπλῶντες</strong></span> <span class='ocrx_word' id='word_1_529' title='bbox 1219 4073 1426 4141; x_wconf 77' lang='grc' dir='ltr'><strong>τροφῆς</strong></span> <span class='ocrx_word' id='word_1_530' title='bbox 1463 4072 1609 4143; x_wconf 72' lang='grc' dir='ltr'><strong>ἥπερ</strong></span> <span class='ocrx_word' id='word_1_531' title='bbox 1641 4072 1727 4125; x_wconf 78' lang='grc' dir='ltr'><strong>ἐπ’</strong></span> <span class='ocrx_word' id='word_1_532' title='bbox 1770 4072 1936 4126; x_wconf 79' lang='grc' dir='ltr'><strong>αὐτοῦ</strong></span> 
     </span>
    </p>
   </div>
   <div class='ocr_carea' id='block_1_73' title="bbox 361 4148 1935 4228">
    <p class='ocr_par' dir='ltr' id='par_1_73' title="bbox 361 4148 1935 4228">
     <span class='ocr_line' id='line_1_73' title="bbox 361 4148 1935 4228; baseline 0.01 -28"><span class='ocrx_word' id='word_1_533' title='bbox 361 4148 659 4216; x_wconf 81' lang='grc' dir='ltr'><strong>πελάγους.</strong></span> <span class='ocrx_word' id='word_1_534' title='bbox 691 4148 813 4203; x_wconf 80' lang='grc' dir='ltr'><strong>Τῶν</strong></span> <span class='ocrx_word' id='word_1_535' title='bbox 864 4153 966 4221; x_wconf 73' lang='grc' dir='ltr'><strong>μὲν</strong></span> <span class='ocrx_word' id='word_1_536' title='bbox 1018 4153 1113 4207; x_wconf 81' lang='grc' dir='ltr'><strong>οὖν</strong></span> <span class='ocrx_word' id='word_1_537' title='bbox 1156 4156 1372 4228; x_wconf 75' lang='grc' dir='ltr'><strong>ἐχθρῶν</strong></span> <span class='ocrx_word' id='word_1_538' title='bbox 1401 4159 1662 4227; x_wconf 69' lang='grc' dir='ltr'><strong>ἁπάντων</strong></span> <span class='ocrx_word' id='word_1_539' title='bbox 1690 4160 1798 4215; x_wconf 82' lang='grc' dir='ltr'><strong>ἀπὸ</strong></span> <span class='ocrx_word' id='word_1_540' title='bbox 1840 4163 1935 4217; x_wconf 81' lang='grc' dir='ltr'><strong>τοῦ</strong></span> 
     </span>
    </p>
   </div>
   <div class='ocr_carea' id='block_1_74' title="bbox 361 4238 1940 4318">
    <p class='ocr_par' dir='ltr' id='par_1_74' title="bbox 361 4238 1940 4318">
     <span class='ocr_line' id='line_1_74' title="bbox 361 4238 1940 4318; baseline 0.012 -29"><span class='ocrx_word' id='word_1_541' title='bbox 361 4238 550 4306; x_wconf 73' lang='grc' dir='ltr'><strong>φοϐεῖν</strong></span> <span class='ocrx_word' id='word_1_542' title='bbox 590 4240 682 4292; x_wconf 73' lang='grc' dir='ltr'><strong>ἐπὶ</strong></span> <span class='ocrx_word' id='word_1_543' title='bbox 711 4240 773 4294; x_wconf 79' lang='grc' dir='ltr'><strong>τὸ</strong></span> <span class='ocrx_word' id='word_1_544' title='bbox 803 4243 1052 4312; x_wconf 85' lang='grc' dir='ltr'><strong>φρίττειν</strong></span> <span class='ocrx_word' id='word_1_545' title='bbox 1089 4246 1522 4318; x_wconf 78' lang='grc' dir='ltr'><strong>μεταὸαλόντων,</strong></span> <span class='ocrx_word' id='word_1_546' title='bbox 1570 4253 1680 4306; x_wconf 83' lang='grc' dir='ltr'><strong>τῶν</strong></span> <span class='ocrx_word' id='word_1_547' title='bbox 1719 4253 1778 4306; x_wconf 69' lang='grc' dir='ltr'><strong>δὲ</strong></span> <span class='ocrx_word' id='word_1_548' title='bbox 1824 4269 1940 4307; x_wconf 85' lang='grc' dir='ltr'><strong>-κα-</strong></span> 
     </span>
    </p>
   </div>
   <div class='ocr_carea' id='block_1_75' title="bbox 360 4320 1933 4409">
    <p class='ocr_par' dir='ltr' id='par_1_75' title="bbox 360 4320 1933 4409">
     <span class='ocr_line' id='line_1_75' title="bbox 360 4320 1933 4409; baseline 0.011 -28"><span class='ocrx_word' id='word_1_549' title='bbox 360 4335 623 4401; x_wconf 82' lang='grc' dir='ltr'><strong>κουργεῖν</strong></span> <span class='ocrx_word' id='word_1_550' title='bbox 668 4320 889 4386; x_wconf 71' lang='grc' dir='ltr'><strong>εἰδότων</strong></span> <span class='ocrx_word' id='word_1_551' title='bbox 950 4338 1031 4398; x_wconf 77' lang='grc' dir='ltr'><strong>είς</strong></span> <span class='ocrx_word' id='word_1_552' title='bbox 1086 4340 1372 4407; x_wconf 80' lang='grc' dir='ltr'><strong>χηραμοὺς</strong></span> <span class='ocrx_word' id='word_1_553' title='bbox 1426 4343 1795 4409; x_wconf 84' lang='grc' dir='ltr'><strong>καταδύντων,</strong></span> <span class='ocrx_word' id='word_1_554' title='bbox 1838 4345 1933 4398; x_wconf 81' lang='grc' dir='ltr'><strong>καὶ</strong></span> 
     </span>
    </p>
   </div>
   <div class='ocr_carea' id='block_1_76' title="bbox 358 4416 1934 4507">
    <p class='ocr_par' dir='ltr' id='par_1_76' title="bbox 358 4416 1934 4507">
     <span class='ocr_line' id='line_1_76' title="bbox 358 4416 1934 4507; baseline 0.013 -34"><span class='ocrx_word' id='word_1_555' title='bbox 358 4423 469 4475; x_wconf 82' lang='grc' dir='ltr'><strong>τῶν</strong></span> <span class='ocrx_word' id='word_1_556' title='bbox 495 4424 721 4491; x_wconf 80' lang='grc' dir='ltr'><strong>ἀγαθῶν</strong></span> <span class='ocrx_word' id='word_1_557' title='bbox 760 4416 1133 4496; x_wconf 77' lang='grc' dir='ltr'><strong>σκιρτῶντων,</strong></span> <span class='ocrx_word' id='word_1_558' title='bbox 1167 4431 1243 4493; x_wconf 84' lang='grc' dir='ltr'><strong>ὡς</strong></span> <span class='ocrx_word' id='word_1_559' title='bbox 1294 4432 1442 4503; x_wconf 76' lang='grc' dir='ltr'><strong>μετᾷ</strong></span> <span class='ocrx_word' id='word_1_560' title='bbox 1485 4435 1690 4507; x_wconf 82' lang='grc' dir='ltr'><strong>πολλῆς</strong></span> <span class='ocrx_word' id='word_1_561' title='bbox 1748 4440 1934 4501; x_wconf 84' lang='grc' dir='ltr'><strong>ἀδείας</strong></span> 
     </span>
    </p>
   </div>
   <div class='ocr_carea' id='block_1_77' title="bbox 330 4512 1932 4600">
    <p class='ocr_par' dir='ltr' id='par_1_77' title="bbox 330 4512 1932 4600">
     <span class='ocr_line' id='line_1_77' title="bbox 330 4512 1932 4600; baseline 0.013 -35"><span class='ocrx_word' id='word_1_562' title='bbox 330 4576 334 4580; x_wconf 17' lang='grc' dir='ltr'><strong>Α</strong></span> <span class='ocrx_word' id='word_1_563' title='bbox 360 4512 480 4578; x_wconf 68' lang='grc' dir='ltr'><strong>ἐξὸν</strong></span> <span class='ocrx_word' id='word_1_564' title='bbox 511 4517 698 4571; x_wconf 73' lang='grc' dir='ltr'><strong>ἐκεῖνα</strong></span> <span class='ocrx_word' id='word_1_565' title='bbox 731 4522 929 4587; x_wconf 74' lang='grc' dir='ltr'><strong>ποιεῖν,</strong></span> <span class='ocrx_word' id='word_1_566' title='bbox 976 4521 1045 4574; x_wconf 86' lang='grc' dir='ltr'><strong>δι’</strong></span> <span class='ocrx_word' id='word_1_567' title='bbox 1075 4515 1153 4575; x_wconf 84' lang='grc' dir='ltr'><strong>ὧν</strong></span> <span class='ocrx_word' id='word_1_568' title='bbox 1180 4522 1247 4577; x_wconf 77' lang='grc' dir='ltr'><strong>ἂν</strong></span> <span class='ocrx_word' id='word_1_569' title='bbox 1277 4525 1658 4600; x_wconf 82' lang='grc' dir='ltr'><strong>εὐπορώτεραι</strong></span> <span class='ocrx_word' id='word_1_570' title='bbox 1687 4530 1932 4600; x_wconf 86' lang='grc' dir='ltr'><strong>γένοιντο</strong></span> 
     </span>
    </p>
   </div>
   <div class='ocr_carea' id='block_1_78' title="bbox 361 4605 2012 4710">
    <p class='ocr_par' dir='ltr' id='par_1_78' title="bbox 361 4605 2012 4710">
     <span class='ocr_line' id='line_1_78' title="bbox 361 4605 2012 4710; baseline 0.014 -54"><span class='ocrx_word' id='word_1_571' title='bbox 361 4605 569 4710; x_wconf 61' lang='grc' dir='ltr'><strong>πόλεις,</strong></span> <span class='ocrx_word' id='word_1_572' title='bbox 601 4609 828 4682; x_wconf 81' lang='grc' dir='ltr'><strong>είρήνης</strong></span> <span class='ocrx_word' id='word_1_573' title='bbox 871 4611 1100 4682; x_wconf 80' lang='grc' dir='ltr'><strong>βαθείας</strong></span> <span class='ocrx_word' id='word_1_574' title='bbox 1133 4614 1531 4682; x_wconf 82' lang='grc' dir='ltr'><strong>ἀπολαύουσαι,</strong></span> <span class='ocrx_word' id='word_1_575' title='bbox 1642 4622 1706 4692; x_wconf 83' lang='grc' dir='ltr'><strong>δὴ</strong></span> <span class='ocrx_word' id='word_1_576' title='bbox 1733 4624 1932 4695; x_wconf 74' lang='grc' dir='ltr'><strong>ἔκρείτ·</strong></span> <span class='ocrx_word' id='word_1_577' title='bbox 1961 4651 2012 4710; x_wconf 79' lang='lat' dir='ltr'><strong>D</strong></span> 
     </span>
    </p>
   </div>
   <div class='ocr_carea' id='block_1_79' title="bbox 358 4696 1933 4785">
    <p class='ocr_par' dir='ltr' id='par_1_79' title="bbox 358 4696 1933 4785">
     <span class='ocr_line' id='line_1_79' title="bbox 358 4696 1933 4785; baseline 0.015 -40"><span class='ocrx_word' id='word_1_578' title='bbox 358 4710 467 4747; x_wconf 85' lang='grc' dir='ltr'><strong>των</strong></span> <span class='ocrx_word' id='word_1_579' title='bbox 492 4696 739 4767; x_wconf 77' lang='grc' dir='ltr'><strong>ἀτεχνῶς</strong></span> <span class='ocrx_word' id='word_1_580' title='bbox 774 4701 870 4753; x_wconf 73' lang='grc' dir='ltr'><strong>καὶ</strong></span> <span class='ocrx_word' id='word_1_581' title='bbox 896 4701 1159 4774; x_wconf 81' lang='grc' dir='ltr'><strong>εὐπορίας</strong></span> <span class='ocrx_word' id='word_1_582' title='bbox 1208 4705 1448 4776; x_wconf 73' lang='grc' dir='ltr'><strong>ἁπάσης,</strong></span> <span class='ocrx_word' id='word_1_583' title='bbox 1489 4710 1711 4780; x_wconf 81' lang='grc' dir='ltr'><strong>ἀνεψιὸς</strong></span> <span class='ocrx_word' id='word_1_584' title='bbox 1759 4714 1933 4785; x_wconf 76' lang='grc' dir='ltr'><strong>αὐτῷ,</strong></span> 
     </span>
    </p>
   </div>
   <div class='ocr_carea' id='block_1_80' title="bbox 356 4781 1934 4865">
    <p class='ocr_par' dir='ltr' id='par_1_80' title="bbox 356 4781 1934 4865">
     <span class='ocr_line' id='line_1_80' title="bbox 356 4781 1934 4865; baseline 0.013 -29"><span class='ocrx_word' id='word_1_585' title='bbox 356 4781 419 4835; x_wconf 81' lang='grc' dir='ltr'><strong>οὗ</strong></span> <span class='ocrx_word' id='word_1_586' title='bbox 473 4787 656 4857; x_wconf 83' lang='grc' dir='ltr'><strong>μικρῷ</strong></span> <span class='ocrx_word' id='word_1_587' title='bbox 711 4789 947 4859; x_wconf 79' lang='grc' dir='ltr'><strong>πρόσθεν</strong></span> <span class='ocrx_word' id='word_1_588' title='bbox 999 4793 1378 4865; x_wconf 73' lang='grc' dir='ltr'><strong>ἐμνήσθημεν,</strong></span> <span class='ocrx_word' id='word_1_589' title='bbox 1439 4796 1653 4864; x_wconf 86' lang='grc' dir='ltr'><strong>πολλοῖς</strong></span> <span class='ocrx_word' id='word_1_590' title='bbox 1709 4781 1934 4858; x_wconf 75' lang='grc' dir='ltr'><strong>ἐπέθετο</strong></span> 
     </span>
    </p>
   </div>
   <div class='ocr_carea' id='block_1_81' title="bbox 356 4877 1931 4962">
    <p class='ocr_par' dir='ltr' id='par_1_81' title="bbox 356 4877 1931 4962">
     <span class='ocr_line' id='line_1_81' title="bbox 356 4877 1931 4962; baseline 0.013 -35"><span class='ocrx_word' id='word_1_591' title='bbox 356 4877 605 4946; x_wconf 84' lang='grc' dir='ltr'><strong>τρόποις,</strong></span> <span class='ocrx_word' id='word_1_592' title='bbox 656 4880 923 4952; x_wconf 81' lang='grc' dir='ltr'><strong>Τούρκοις</strong></span> <span class='ocrx_word' id='word_1_593' title='bbox 951 4886 1049 4938; x_wconf 75' lang='grc' dir='ltr'><strong>καὶ</strong></span> <span class='ocrx_word' id='word_1_594' title='bbox 1088 4888 1341 4953; x_wconf 86' lang='grc' dir='ltr'><strong>Λατίνοις</strong></span> <span class='ocrx_word' id='word_1_595' title='bbox 1369 4890 1562 4944; x_wconf 77' lang='grc' dir='ltr'><strong>ἑαυτὸν</strong></span> <span class='ocrx_word' id='word_1_596' title='bbox 1605 4892 1784 4962; x_wconf 79' lang='grc' dir='ltr'><strong>μίξας.</strong></span> <span class='ocrx_word' id='word_1_597' title='bbox 1830 4896 1931 4947; x_wconf 84' lang='grc' dir='ltr'><strong>Εὐ-</strong></span> 
     </span>
    </p>
   </div>
   <div class='ocr_carea' id='block_1_82' title="bbox 357 4966 1930 5055">
    <p class='ocr_par' dir='ltr' id='par_1_82' title="bbox 357 4966 1930 5055">
     <span class='ocr_line' id='line_1_82' title="bbox 357 4966 1930 5055; baseline 0.015 -35"><span class='ocrx_word' id='word_1_598' title='bbox 357 4968 456 5031; x_wconf 77' lang='grc' dir='ltr'><strong>θὺς</strong></span> <span class='ocrx_word' id='word_1_599' title='bbox 484 4966 580 5025; x_wconf 80' lang='grc' dir='ltr'><strong>οὖν</strong></span> <span class='ocrx_word' id='word_1_600' title='bbox 621 4975 798 5028; x_wconf 80' lang='grc' dir='ltr'><strong>πάντα</strong></span> <span class='ocrx_word' id='word_1_601' title='bbox 825 4979 1103 5048; x_wconf 78' lang='grc' dir='ltr'><strong>συνέχεεν,</strong></span> <span class='ocrx_word' id='word_1_602' title='bbox 1130 4981 1239 5035; x_wconf 78' lang='grc' dir='ltr'><strong>ἀπὸ</strong></span> <span class='ocrx_word' id='word_1_603' title='bbox 1270 4984 1513 5055; x_wconf 84' lang='grc' dir='ltr'><strong>γαλήνης</strong></span> <span class='ocrx_word' id='word_1_604' title='bbox 1538 4987 1687 5054; x_wconf 74' lang='grc' dir='ltr'><strong>αἰγὶς</strong></span> <span class='ocrx_word' id='word_1_605' title='bbox 1715 4991 1930 5055; x_wconf 77' lang='grc' dir='ltr'><strong>φανεὶς,</strong></span> 
     </span>
    </p>
   </div>
   <div class='ocr_carea' id='block_1_83' title="bbox 356 5060 1933 5148">
    <p class='ocr_par' dir='ltr' id='par_1_83' title="bbox 356 5060 1933 5148">
     <span class='ocr_line' id='line_1_83' title="bbox 356 5060 1933 5148; baseline 0.013 -34"><span class='ocrx_word' id='word_1_606' title='bbox 356 5060 511 5117; x_wconf 75' lang='grc' dir='ltr'><strong>οὔπω</strong></span> <span class='ocrx_word' id='word_1_607' title='bbox 548 5065 658 5118; x_wconf 85' lang='grc' dir='ltr'><strong>τῶν</strong></span> <span class='ocrx_word' id='word_1_608' title='bbox 714 5072 1058 5139; x_wconf 80' lang='grc' dir='ltr'><strong>πραγμάτων</strong></span> <span class='ocrx_word' id='word_1_609' title='bbox 1083 5076 1174 5127; x_wconf 70' lang='grc' dir='ltr'><strong>ἐπὶ</strong></span> <span class='ocrx_word' id='word_1_610' title='bbox 1204 5076 1440 5140; x_wconf 83' lang='grc' dir='ltr'><strong>κρείττω</strong></span> <span class='ocrx_word' id='word_1_611' title='bbox 1485 5080 1789 5148; x_wconf 82' lang='grc' dir='ltr'><strong>παγέντων.</strong></span> <span class='ocrx_word' id='word_1_612' title='bbox 1822 5076 1933 5135; x_wconf 82' lang='grc' dir='ltr'><strong>Ἦν</strong></span> 
     </span>
    </p>
   </div>
   <div class='ocr_carea' id='block_1_84' title="bbox 354 5150 1932 5238">
    <p class='ocr_par' dir='ltr' id='par_1_84' title="bbox 354 5150 1932 5238">
     <span class='ocr_line' id='line_1_84' title="bbox 354 5150 1932 5238; baseline 0.013 -35"><span class='ocrx_word' id='word_1_613' title='bbox 354 5150 413 5205; x_wconf 76' lang='grc' dir='ltr'><strong>δὲ</strong></span> <span class='ocrx_word' id='word_1_614' title='bbox 443 5156 568 5217; x_wconf 85' lang='grc' dir='ltr'><strong>ταῖς</strong></span> <span class='ocrx_word' id='word_1_615' title='bbox 616 5155 871 5221; x_wconf 82' lang='grc' dir='ltr'><strong>ἀπειλαῖς</strong></span> <span class='ocrx_word' id='word_1_616' title='bbox 920 5160 1175 5232; x_wconf 61' lang='grc' dir='ltr'><strong>φοϐερὸς,</strong></span> <span class='ocrx_word' id='word_1_617' title='bbox 1232 5166 1324 5218; x_wconf 76' lang='grc' dir='ltr'><strong>καὶ</strong></span> <span class='ocrx_word' id='word_1_618' title='bbox 1380 5168 1495 5229; x_wconf 87' lang='grc' dir='ltr'><strong>τοῖς</strong></span> <span class='ocrx_word' id='word_1_619' title='bbox 1533 5167 1717 5238; x_wconf 72' lang='grc' dir='ltr'><strong>ἔργοις</strong></span> <span class='ocrx_word' id='word_1_620' title='bbox 1777 5169 1932 5223; x_wconf 77' lang='grc' dir='ltr'><strong>οὐδὲν</strong></span> 
     </span>
    </p>
   </div>
   <div class='ocr_carea' id='block_1_85' title="bbox 353 5238 1936 5335">
    <p class='ocr_par' dir='ltr' id='par_1_85' title="bbox 353 5238 1936 5335">
     <span class='ocr_line' id='line_1_85' title="bbox 353 5238 1936 5335; baseline 0.013 -38"><span class='ocrx_word' id='word_1_621' title='bbox 353 5238 538 5315; x_wconf 83' lang='grc' dir='ltr'><strong>ἦττον,</strong></span> <span class='ocrx_word' id='word_1_622' title='bbox 589 5247 687 5301; x_wconf 79' lang='grc' dir='ltr'><strong>ἆτε</strong></span> <span class='ocrx_word' id='word_1_623' title='bbox 721 5249 884 5320; x_wconf 79' lang='grc' dir='ltr'><strong>ξένην</strong></span> <span class='ocrx_word' id='word_1_624' title='bbox 936 5253 1077 5324; x_wconf 74' lang='grc' dir='ltr'><strong>ἔχων</strong></span> <span class='ocrx_word' id='word_1_625' title='bbox 1120 5258 1405 5328; x_wconf 81' lang='grc' dir='ltr'><strong>στρατιὰν,</strong></span> <span class='ocrx_word' id='word_1_626' title='bbox 1444 5261 1680 5315; x_wconf 78' lang='grc' dir='ltr'><strong>καὶτῶν</strong></span> <span class='ocrx_word' id='word_1_627' title='bbox 1731 5263 1936 5335; x_wconf 73' lang='grc' dir='ltr'><strong>ἐπιχω-</strong></span> 
     </span>
    </p>
   </div>
   <div class='ocr_carea' id='block_1_86' title="bbox 360 5335 1929 5423">
    <p class='ocr_par' dir='ltr' id='par_1_86' title="bbox 360 5335 1929 5423">
     <span class='ocr_line' id='line_1_86' title="bbox 360 5335 1929 5423; baseline 0.016 -37"><span class='ocrx_word' id='word_1_628' title='bbox 360 5335 492 5404; x_wconf 85' lang='grc' dir='ltr'><strong>ρίων</strong></span> <span class='ocrx_word' id='word_1_629' title='bbox 545 5338 809 5407; x_wconf 85' lang='grc' dir='ltr'><strong>πολλοὺς,</strong></span> <span class='ocrx_word' id='word_1_630' title='bbox 871 5345 966 5397; x_wconf 78' lang='grc' dir='ltr'><strong>καὶ</strong></span> <span class='ocrx_word' id='word_1_631' title='bbox 1026 5349 1272 5419; x_wconf 84' lang='grc' dir='ltr'><strong>κατέχων</strong></span> <span class='ocrx_word' id='word_1_632' title='bbox 1341 5353 1580 5423; x_wconf 81' lang='grc' dir='ltr'><strong>φρούρια</strong></span> <span class='ocrx_word' id='word_1_633' title='bbox 1649 5355 1755 5409; x_wconf 76' lang='grc' dir='ltr'><strong>ὑπὸ</strong></span> <span class='ocrx_word' id='word_1_634' title='bbox 1831 5357 1929 5411; x_wconf 81' lang='grc' dir='ltr'><strong>τοῦ</strong></span> 
     </span>
    </p>
   </div>
   <div class='ocr_carea' id='block_1_87' title="bbox 354 5426 1927 5515">
    <p class='ocr_par' dir='ltr' id='par_1_87' title="bbox 354 5426 1927 5515">
     <span class='ocr_line' id='line_1_87' title="bbox 354 5426 1927 5515; baseline 0.017 -39"><span class='ocrx_word' id='word_1_635' title='bbox 354 5426 564 5496; x_wconf 81' lang='grc' dir='ltr'><strong>πατρὸς</strong></span> <span class='ocrx_word' id='word_1_636' title='bbox 628 5430 781 5501; x_wconf 80' lang='grc' dir='ltr'><strong>αὐτῷ</strong></span> <span class='ocrx_word' id='word_1_637' title='bbox 853 5434 1159 5506; x_wconf 75' lang='grc' dir='ltr'><strong>δεδομένα*</strong></span> <span class='ocrx_word' id='word_1_638' title='bbox 1208 5442 1303 5497; x_wconf 73' lang='grc' dir='ltr'><strong>καὶ</strong></span> <span class='ocrx_word' id='word_1_639' title='bbox 1363 5446 1656 5501; x_wconf 85' lang='grc' dir='ltr'><strong>συνελόντα</strong></span> <span class='ocrx_word' id='word_1_640' title='bbox 1729 5449 1927 5515; x_wconf 73' lang='grc' dir='ltr'><strong>εἰπεῖν,</strong></span> 
     </span>
    </p>
   </div>
   <div class='ocr_carea' id='block_1_88' title="bbox 356 5515 1928 5603">
    <p class='ocr_par' dir='ltr' id='par_1_88' title="bbox 356 5515 1928 5603">
     <span class='ocr_line' id='line_1_88' title="bbox 356 5515 1928 5603; baseline 0.017 -35"><span class='ocrx_word' id='word_1_641' title='bbox 356 5515 499 5587; x_wconf 80' lang='grc' dir='ltr'><strong>πλὴν</strong></span> <span class='ocrx_word' id='word_1_642' title='bbox 559 5520 655 5573; x_wconf 84' lang='grc' dir='ltr'><strong>τοῦ</strong></span> <span class='ocrx_word' id='word_1_643' title='bbox 712 5525 864 5595; x_wconf 79' lang='grc' dir='ltr'><strong>παρὰ</strong></span> <span class='ocrx_word' id='word_1_644' title='bbox 913 5526 1073 5596; x_wconf 85' lang='grc' dir='ltr'><strong>λόγον</strong></span> <span class='ocrx_word' id='word_1_645' title='bbox 1135 5530 1527 5601; x_wconf 77' lang='grc' dir='ltr'><strong>θρασύνεσθαι,</strong></span> <span class='ocrx_word' id='word_1_646' title='bbox 1579 5538 1674 5590; x_wconf 80' lang='grc' dir='ltr'><strong>καὶ</strong></span> <span class='ocrx_word' id='word_1_647' title='bbox 1726 5538 1928 5603; x_wconf 83' lang='grc' dir='ltr'><strong>ἀδίκως</strong></span> 
     </span>
    </p>
   </div>
   <div class='ocr_carea' id='block_1_89' title="bbox 361 5608 1929 5699">
    <p class='ocr_par' dir='ltr' id='par_1_89' title="bbox 361 5608 1929 5699">
     <span class='ocr_line' id='line_1_89' title="bbox 361 5608 1929 5699; baseline 0.008 -27"><span class='ocrx_word' id='word_1_648' title='bbox 361 5608 542 5679; x_wconf 79' lang='grc' dir='ltr'><strong>μάχης</strong></span> <span class='ocrx_word' id='word_1_649' title='bbox 575 5611 843 5682; x_wconf 77' lang='grc' dir='ltr'><strong>ὑπάρξαι,</strong></span> <span class='ocrx_word' id='word_1_650' title='bbox 891 5618 1044 5672; x_wconf 75' lang='grc' dir='ltr'><strong>τᾶλλ’</strong></span> <span class='ocrx_word' id='word_1_651' title='bbox 1074 5622 1172 5675; x_wconf 85' lang='grc' dir='ltr'><strong>οὐκ</strong></span> <span class='ocrx_word' id='word_1_652' title='bbox 1205 5622 1405 5696; x_wconf 76' lang='grc' dir='ltr'><strong>ἁγενὴς</strong></span> <span class='ocrx_word' id='word_1_653' title='bbox 1434 5626 1530 5693; x_wconf 80' lang='grc' dir='ltr'><strong>ὢν,</strong></span> <span class='ocrx_word' id='word_1_654' title='bbox 1575 5628 1691 5683; x_wconf 78' lang='grc' dir='ltr'><strong>οὐδ’</strong></span> <span class='ocrx_word' id='word_1_655' title='bbox 1728 5631 1929 5699; x_wconf 84' lang='grc' dir='ltr'><strong>ἀμέτο-</strong></span> 
     </span>
    </p>
   </div>
   <div class='ocr_carea' id='block_1_90' title="bbox 354 5704 1928 5776">
    <p class='ocr_par' dir='ltr' id='par_1_90' title="bbox 354 5704 1928 5776">
     <span class='ocr_line' id='line_1_90' title="bbox 354 5704 1928 5776; baseline 0.015 -25"><span class='ocrx_word' id='word_1_656' title='bbox 354 5713 447 5766; x_wconf 84' lang='grc' dir='ltr'><strong>χος</strong></span> <span class='ocrx_word' id='word_1_657' title='bbox 478 5704 887 5772; x_wconf 79' lang='grc' dir='ltr'><strong>μηχανημάτων</strong></span> <span class='ocrx_word' id='word_1_658' title='bbox 915 5708 1011 5763; x_wconf 78' lang='grc' dir='ltr'><strong>καὶ</strong></span> <span class='ocrx_word' id='word_1_659' title='bbox 1057 5713 1350 5776; x_wconf 85' lang='grc' dir='ltr'><strong>ποικιλίας.</strong></span> <span class='ocrx_word' id='word_1_660' title='bbox 1384 5715 1613 5772; x_wconf 85' lang='grc' dir='ltr'><strong>Πάντων</strong></span> <span class='ocrx_word' id='word_1_661' title='bbox 1667 5714 1759 5773; x_wconf 83' lang='grc' dir='ltr'><strong>οὖν</strong></span> <span class='ocrx_word' id='word_1_662' title='bbox 1787 5722 1928 5774; x_wconf 81' lang='grc' dir='ltr'><strong>ἀπε-</strong></span> 
     </span>
    </p>
   </div>
   <div class='ocr_carea' id='block_1_91' title="bbox 2048 3413 3630 3490">
    <p class='ocr_par' dir='ltr' id='par_1_91' title="bbox 2048 3413 3630 3490">
     <span class='ocr_line' id='line_1_91' title="bbox 2048 3413 3630 3490; baseline 0.008 -25"><span class='ocrx_word' id='word_1_663' title='bbox 2048 3413 2266 3467; x_wconf 69' lang='lat' dir='ltr'><strong>mentite</strong></span> <span class='ocrx_word' id='word_1_664' title='bbox 2297 3422 2402 3470; x_wconf 88' lang='lat' dir='ltr'><strong>est.</strong></span> <span class='ocrx_word' id='word_1_665' title='bbox 2436 3414 2573 3471; x_wconf 85' lang='lat' dir='ltr'><strong>Cum</strong></span> <span class='ocrx_word' id='word_1_666' title='bbox 2602 3419 2746 3472; x_wconf 86' lang='lat' dir='ltr'><strong>enim</strong></span> <span class='ocrx_word' id='word_1_667' title='bbox 2782 3435 2878 3486; x_wconf 89' lang='lat' dir='ltr'><strong>pro</strong></span> <span class='ocrx_word' id='word_1_668' title='bbox 2906 3435 3006 3475; x_wconf 89' lang='lat' dir='ltr'><strong>sua</strong></span> <span class='ocrx_word' id='word_1_669' title='bbox 3035 3421 3281 3490; x_wconf 90' lang='lat' dir='ltr'><strong>ipsorum</strong></span> <span class='ocrx_word' id='word_1_670' title='bbox 3320 3426 3493 3479; x_wconf 87' lang='lat' dir='ltr'><strong>salute</strong></span> <span class='ocrx_word' id='word_1_671' title='bbox 3522 3434 3630 3479; x_wconf 84' lang='lat' dir='ltr'><strong>tre-</strong></span> 
     </span>
    </p>
   </div>
   <div class='ocr_carea' id='block_1_92' title="bbox 2046 3507 3625 3583">
    <p class='ocr_par' dir='ltr' id='par_1_92' title="bbox 2046 3507 3625 3583">
     <span class='ocr_line' id='line_1_92' title="bbox 2046 3507 3625 3583; baseline 0.008 -24"><span class='ocrx_word' id='word_1_672' title='bbox 2046 3520 2198 3562; x_wconf 88' lang='lat' dir='ltr'><strong>mere</strong></span> <span class='ocrx_word' id='word_1_673' title='bbox 2224 3507 2569 3578; x_wconf 87' lang='lat' dir='ltr'><strong>habuissent,</strong></span> <span class='ocrx_word' id='word_1_674' title='bbox 2602 3512 2637 3565; x_wconf 90' lang='lat' dir='ltr'><strong>ii</strong></span> <span class='ocrx_word' id='word_1_675' title='bbox 2689 3514 2871 3583; x_wconf 80' lang='lat' dir='ltr'><strong>potius</strong></span> <span class='ocrx_word' id='word_1_676' title='bbox 2897 3515 3257 3570; x_wconf 88' lang='lat' dir='ltr'><strong>comedebant</strong></span> <span class='ocrx_word' id='word_1_677' title='bbox 3291 3516 3550 3581; x_wconf 90' lang='lat' dir='ltr'><strong>minores,</strong></span> <span class='ocrx_word' id='word_1_678' title='bbox 3581 3518 3625 3572; x_wconf 89' lang='lat' dir='ltr'><strong>si</strong></span> 
     </span>
    </p>
   </div>
   <div class='ocr_carea' id='block_1_93' title="bbox 2045 3599 3622 3677">
    <p class='ocr_par' dir='ltr' id='par_1_93' title="bbox 2045 3599 3622 3677">
     <span class='ocr_line' id='line_1_93' title="bbox 2045 3599 3622 3677; baseline 0.01 -28"><span class='ocrx_word' id='word_1_679' title='bbox 2045 3600 2137 3667; x_wconf 86' lang='lat' dir='ltr'><strong>qui</strong></span> <span class='ocrx_word' id='word_1_680' title='bbox 2173 3599 2413 3671; x_wconf 81' lang='lat' dir='ltr'><strong>majores</strong></span> <span class='ocrx_word' id='word_1_681' title='bbox 2439 3616 2753 3669; x_wconf 81' lang='lat' dir='ltr'><strong>evaserant,</strong></span> <span class='ocrx_word' id='word_1_682' title='bbox 2788 3607 2864 3659; x_wconf 87' lang='lat' dir='ltr'><strong>uti</strong></span> <span class='ocrx_word' id='word_1_683' title='bbox 2909 3606 2961 3659; x_wconf 91' lang='lat' dir='ltr'><strong>in</strong></span> <span class='ocrx_word' id='word_1_684' title='bbox 2992 3607 3165 3675; x_wconf 83' lang='lat' dir='ltr'><strong>captis</strong></span> <span class='ocrx_word' id='word_1_685' title='bbox 3194 3607 3436 3677; x_wconf 87' lang='lat' dir='ltr'><strong>piscibus</strong></span> <span class='ocrx_word' id='word_1_686' title='bbox 3464 3608 3622 3665; x_wconf 89' lang='lat' dir='ltr'><strong>solet.</strong></span> 
     </span>
    </p>
   </div>
   <div class='ocr_carea' id='block_1_94' title="bbox 2043 3682 3625 3765">
    <p class='ocr_par' dir='ltr' id='par_1_94' title="bbox 2043 3682 3625 3765">
     <span class='ocr_line' id='line_1_94' title="bbox 2043 3682 3625 3765; baseline 0.008 -22"><span class='ocrx_word' id='word_1_687' title='bbox 2043 3687 2192 3756; x_wconf 82' lang='lat' dir='ltr'><strong>Quos</strong></span> <span class='ocrx_word' id='word_1_688' title='bbox 2227 3682 2370 3746; x_wconf 83' lang='lat' dir='ltr'><strong>enim</strong></span> <span class='ocrx_word' id='word_1_689' title='bbox 2400 3709 2597 3765; x_wconf 81' lang='lat' dir='ltr'><strong>sageua</strong></span> <span class='ocrx_word' id='word_1_690' title='bbox 2622 3697 2841 3752; x_wconf 82' lang='lat' dir='ltr'><strong>clausos</strong></span> <span class='ocrx_word' id='word_1_691' title='bbox 2877 3698 3095 3764; x_wconf 85' lang='lat' dir='ltr'><strong>habeat,</strong></span> <span class='ocrx_word' id='word_1_692' title='bbox 3135 3701 3277 3753; x_wconf 83' lang='lat' dir='ltr'><strong>haud</strong></span> <span class='ocrx_word' id='word_1_693' title='bbox 3303 3715 3455 3754; x_wconf 91' lang='lat' dir='ltr'><strong>suam</strong></span> <span class='ocrx_word' id='word_1_694' title='bbox 3488 3701 3625 3755; x_wconf 82' lang='lat' dir='ltr'><strong>satis</strong></span> 
     </span>
    </p>
   </div>
   <div class='ocr_carea' id='block_1_95' title="bbox 2053 3780 3626 3859">
    <p class='ocr_par' dir='ltr' id='par_1_95' title="bbox 2053 3780 3626 3859">
     <span class='ocr_line' id='line_1_95' title="bbox 2053 3780 3626 3859; baseline 0.01 -25"><span class='ocrx_word' id='word_1_695' title='bbox 2053 3780 2289 3837; x_wconf 84' lang='lat' dir='ltr'><strong>scientes</strong></span> <span class='ocrx_word' id='word_1_696' title='bbox 2345 3794 2575 3850; x_wconf 75' lang='lat' dir='ltr'><strong>sortem,</strong></span> <span class='ocrx_word' id='word_1_697' title='bbox 2643 3788 2875 3858; x_wconf 83' lang='lat' dir='ltr'><strong>majores</strong></span> <span class='ocrx_word' id='word_1_698' title='bbox 2932 3789 3032 3859; x_wconf 89' lang='lat' dir='ltr'><strong>ipsi</strong></span> <span class='ocrx_word' id='word_1_699' title='bbox 3098 3786 3441 3847; x_wconf 26' lang='lat' dir='ltr'><strong>munhiorcs‘</strong></span> <span class='ocrx_word' id='word_1_700' title='bbox 3489 3793 3626 3849; x_wconf 87' lang='lat' dir='ltr'><strong>alios</strong></span> 
     </span>
    </p>
   </div>
   <div class='ocr_carea' id='block_1_96' title="bbox 2041 3873 3625 3951">
    <p class='ocr_par' dir='ltr' id='par_1_96' title="bbox 2041 3873 3625 3951">
     <span class='ocr_line' id='line_1_96' title="bbox 2041 3873 3625 3951; baseline 0.008 -23"><span class='ocrx_word' id='word_1_701' title='bbox 2041 3873 2352 3942; x_wconf 76' lang='lat' dir='ltr'><strong>comedunt,</strong></span> <span class='ocrx_word' id='word_1_702' title='bbox 2379 3892 2518 3947; x_wconf 86' lang='lat' dir='ltr'><strong>quos</strong></span> <span class='ocrx_word' id='word_1_703' title='bbox 2556 3877 2704 3948; x_wconf 84' lang='lat' dir='ltr'><strong>ipsos</strong></span> <span class='ocrx_word' id='word_1_704' title='bbox 2752 3894 2944 3935; x_wconf 86' lang='lat' dir='ltr'><strong>rursus</strong></span> <span class='ocrx_word' id='word_1_705' title='bbox 2999 3882 3318 3951; x_wconf 80' lang='lat' dir='ltr'><strong>grandiores</strong></span> <span class='ocrx_word' id='word_1_706' title='bbox 3373 3884 3464 3939; x_wconf 82' lang='lat' dir='ltr'><strong>alii</strong></span> <span class='ocrx_word' id='word_1_707' title='bbox 3512 3887 3625 3943; x_wconf 85' lang='lat' dir='ltr'><strong>sint</strong></span> 
     </span>
    </p>
   </div>
   <div class='ocr_carea' id='block_1_97' title="bbox 2041 3970 3723 4045">
    <p class='ocr_par' dir='ltr' id='par_1_97' title="bbox 2041 3970 3723 4045">
     <span class='ocr_line' id='line_1_97' title="bbox 2041 3970 3723 4045; baseline 0.009 -25"><span class='ocrx_word' id='word_1_708' title='bbox 2041 3970 2377 4029; x_wconf 88' lang='lat' dir='ltr'><strong>comesturi:</strong></span> <span class='ocrx_word' id='word_1_709' title='bbox 2421 3970 2677 4042; x_wconf 88' lang='lat' dir='ltr'><strong>huncque</strong></span> <span class='ocrx_word' id='word_1_710' title='bbox 2711 3974 2956 4040; x_wconf 88' lang='lat' dir='ltr'><strong>modum,</strong></span> <span class='ocrx_word' id='word_1_711' title='bbox 2993 3974 3250 4031; x_wconf 76' lang='lat' dir='ltr'><strong>Mercurii</strong></span> <span class='ocrx_word' id='word_1_712' title='bbox 3286 3986 3419 4045; x_wconf 82' lang='lat' dir='ltr'><strong>rete,</strong></span> <span class='ocrx_word' id='word_1_713' title='bbox 3450 3988 3512 4033; x_wconf 89' lang='lat' dir='ltr'><strong>ut</strong></span> <span class='ocrx_word' id='word_1_714' title='bbox 3545 3976 3625 4034; x_wconf 87' lang='lat' dir='ltr'><strong>sic</strong></span> <span class='ocrx_word' id='word_1_715' title='bbox 3717 4029 3723 4035; x_wconf 92' lang='lat'><strong>.</strong></span> 
     </span>
    </p>
   </div>
   <div class='ocr_carea' id='block_1_98' title="bbox 2040 4055 3624 4137">
    <p class='ocr_par' dir='ltr' id='par_1_98' title="bbox 2040 4055 3624 4137">
     <span class='ocr_line' id='line_1_98' title="bbox 2040 4055 3624 4137; baseline 0.008 -28"><span class='ocrx_word' id='word_1_716' title='bbox 2040 4055 2253 4122; x_wconf 90' lang='lat' dir='ltr'><strong>dicam,</strong></span> <span class='ocrx_word' id='word_1_717' title='bbox 2290 4061 2629 4129; x_wconf 82' lang='lat' dir='ltr'><strong>tanquamiu</strong></span> <span class='ocrx_word' id='word_1_718' title='bbox 2669 4076 2760 4127; x_wconf 85' lang='lat' dir='ltr'><strong>eo,</strong></span> <span class='ocrx_word' id='word_1_719' title='bbox 2826 4079 2988 4133; x_wconf 88' lang='lat' dir='ltr'><strong>quam</strong></span> <span class='ocrx_word' id='word_1_720' title='bbox 3018 4066 3072 4118; x_wconf 92' lang='lat' dir='ltr'><strong>in</strong></span> <span class='ocrx_word' id='word_1_721' title='bbox 3117 4066 3253 4120; x_wconf 91' lang='lat' dir='ltr'><strong>mari</strong></span> <span class='ocrx_word' id='word_1_722' title='bbox 3314 4068 3624 4137; x_wconf 80' lang='lat' dir='ltr'><strong>expeditius</strong></span> 
     </span>
    </p>
   </div>
   <div class='ocr_carea' id='block_1_99' title="bbox 2040 4152 3621 4229">
    <p class='ocr_par' dir='ltr' id='par_1_99' title="bbox 2040 4152 3621 4229">
     <span class='ocr_line' id='line_1_99' title="bbox 2040 4152 3621 4229; baseline 0.008 -28"><span class='ocrx_word' id='word_1_723' title='bbox 2040 4157 2286 4207; x_wconf 83' lang='lat' dir='ltr'><strong>ventrem</strong></span> <span class='ocrx_word' id='word_1_724' title='bbox 2351 4152 2650 4222; x_wconf 88' lang='lat' dir='ltr'><strong>impleturi,</strong></span> <span class='ocrx_word' id='word_1_725' title='bbox 2693 4154 2939 4211; x_wconf 86' lang='lat' dir='ltr'><strong>trahunt.</strong></span> <span class='ocrx_word' id='word_1_726' title='bbox 3020 4156 3157 4212; x_wconf 87' lang='lat' dir='ltr'><strong>Cum</strong></span> <span class='ocrx_word' id='word_1_727' title='bbox 3200 4173 3330 4229; x_wconf 88' lang='lat' dir='ltr'><strong>ergo</strong></span> <span class='ocrx_word' id='word_1_728' title='bbox 3376 4154 3621 4215; x_wconf 79' lang='lat' dir='ltr'><strong>universi</strong></span> 
     </span>
    </p>
   </div>
   <div class='ocr_carea' id='block_1_100' title="bbox 2041 4241 3625 4322">
    <p class='ocr_par' dir='ltr' id='par_1_100' title="bbox 2041 4241 3625 4322">
     <span class='ocr_line' id='line_1_100' title="bbox 2041 4241 3625 4322; baseline 0.008 -28"><span class='ocrx_word' id='word_1_729' title='bbox 2041 4241 2224 4295; x_wconf 80' lang='lat' dir='ltr'><strong>hostes</strong></span> <span class='ocrx_word' id='word_1_730' title='bbox 2274 4242 2343 4298; x_wconf 82' lang='lat' dir='ltr'><strong>ab</strong></span> <span class='ocrx_word' id='word_1_731' title='bbox 2363 4258 2430 4297; x_wconf 91' lang='lat' dir='ltr'><strong>eo</strong></span> <span class='ocrx_word' id='word_1_732' title='bbox 2463 4250 2522 4298; x_wconf 91' lang='lat' dir='ltr'><strong>ut</strong></span> <span class='ocrx_word' id='word_1_733' title='bbox 2552 4250 2817 4301; x_wconf 82' lang='lat' dir='ltr'><strong>terrerent</strong></span> <span class='ocrx_word' id='word_1_734' title='bbox 2869 4247 2924 4302; x_wconf 90' lang='lat' dir='ltr'><strong>in</strong></span> <span class='ocrx_word' id='word_1_735' title='bbox 2954 4255 3219 4304; x_wconf 86' lang='lat' dir='ltr'><strong>terrorem</strong></span> <span class='ocrx_word' id='word_1_736' title='bbox 3272 4250 3375 4320; x_wconf 84' lang='lat' dir='ltr'><strong>ipsi</strong></span> <span class='ocrx_word' id='word_1_737' title='bbox 3401 4264 3625 4322; x_wconf 79' lang='lat' dir='ltr'><strong>ageren-</strong></span> 
     </span>
    </p>
   </div>
   <div class='ocr_carea' id='block_1_101' title="bbox 2038 4334 3622 4405">
    <p class='ocr_par' dir='ltr' id='par_1_101' title="bbox 2038 4334 3622 4405">
     <span class='ocr_line' id='line_1_101' title="bbox 2038 4334 3622 4405; baseline 0.006 -17"><span class='ocrx_word' id='word_1_738' title='bbox 2038 4344 2165 4398; x_wconf 86' lang='lat' dir='ltr'><strong>tur,</strong></span> <span class='ocrx_word' id='word_1_739' title='bbox 2202 4334 2560 4405; x_wconf 88' lang='lat' dir='ltr'><strong>hominesque</strong></span> <span class='ocrx_word' id='word_1_740' title='bbox 2594 4338 2827 4393; x_wconf 87' lang='lat' dir='ltr'><strong>nocendi</strong></span> <span class='ocrx_word' id='word_1_741' title='bbox 2887 4349 3063 4397; x_wconf 90' lang='lat' dir='ltr'><strong>artem</strong></span> <span class='ocrx_word' id='word_1_742' title='bbox 3110 4342 3255 4397; x_wconf 82' lang='lat' dir='ltr'><strong>doctl</strong></span> <span class='ocrx_word' id='word_1_743' title='bbox 3314 4342 3369 4397; x_wconf 94' lang='lat' dir='ltr'><strong>ln</strong></span> <span class='ocrx_word' id='word_1_744' title='bbox 3401 4342 3622 4398; x_wconf 83' lang='lat' dir='ltr'><strong>latibula</strong></span> 
     </span>
    </p>
   </div>
   <div class='ocr_carea' id='block_1_102' title="bbox 2038 4426 3621 4505">
    <p class='ocr_par' dir='ltr' id='par_1_102' title="bbox 2038 4426 3621 4505">
     <span class='ocr_line' id='line_1_102' title="bbox 2038 4426 3621 4505; baseline 0.007 -25"><span class='ocrx_word' id='word_1_745' title='bbox 2038 4441 2098 4481; x_wconf 84' lang='lat' dir='ltr'><strong>se</strong></span> <span class='ocrx_word' id='word_1_746' title='bbox 2128 4426 2524 4495; x_wconf 87' lang='lat' dir='ltr'><strong>subducerent,</strong></span> <span class='ocrx_word' id='word_1_747' title='bbox 2551 4430 2709 4484; x_wconf 88' lang='lat' dir='ltr'><strong>bonis</strong></span> <span class='ocrx_word' id='word_1_748' title='bbox 2734 4432 2953 4486; x_wconf 76' lang='lat' dir='ltr'><strong>interim</strong></span> <span class='ocrx_word' id='word_1_749' title='bbox 2978 4433 3357 4503; x_wconf 74' lang='lat' dir='ltr'><strong>gestientibus,</strong></span> <span class='ocrx_word' id='word_1_750' title='bbox 3387 4436 3531 4505; x_wconf 89' lang='lat' dir='ltr'><strong>quod</strong></span> <span class='ocrx_word' id='word_1_751' title='bbox 3559 4451 3621 4493; x_wconf 89' lang='lat' dir='ltr'><strong>ea</strong></span> 
     </span>
    </p>
   </div>
   <div class='ocr_carea' id='block_1_103' title="bbox 2036 4518 3622 4597">
    <p class='ocr_par' dir='ltr' id='par_1_103' title="bbox 2036 4518 3622 4597">
     <span class='ocr_line' id='line_1_103' title="bbox 2036 4518 3622 4597; baseline 0.006 -24"><span class='ocrx_word' id='word_1_752' title='bbox 2036 4518 2295 4589; x_wconf 88' lang='lat' dir='ltr'><strong>deinceps</strong></span> <span class='ocrx_word' id='word_1_753' title='bbox 2319 4530 2434 4576; x_wconf 93' lang='lat' dir='ltr'><strong>tuto</strong></span> <span class='ocrx_word' id='word_1_754' title='bbox 2456 4521 2747 4578; x_wconf 88' lang='lat' dir='ltr'><strong>admodum</strong></span> <span class='ocrx_word' id='word_1_755' title='bbox 2772 4535 3031 4593; x_wconf 86' lang='lat' dir='ltr'><strong>praestare</strong></span> <span class='ocrx_word' id='word_1_756' title='bbox 3049 4534 3295 4597; x_wconf 86' lang='lat' dir='ltr'><strong>possent,</strong></span> <span class='ocrx_word' id='word_1_757' title='bbox 3338 4543 3402 4582; x_wconf 80' lang='lat' dir='ltr'><strong>ex</strong></span> <span class='ocrx_word' id='word_1_758' title='bbox 3423 4528 3622 4597; x_wconf 86' lang='lat' dir='ltr'><strong>quibus</strong></span> 
     </span>
    </p>
   </div>
   <div class='ocr_carea' id='block_1_104' title="bbox 2038 4612 3621 4691">
    <p class='ocr_par' dir='ltr' id='par_1_104' title="bbox 2038 4612 3621 4691">
     <span class='ocr_line' id='line_1_104' title="bbox 2038 4612 3621 4691; baseline 0.006 -25"><span class='ocrx_word' id='word_1_759' title='bbox 2038 4612 2200 4668; x_wconf 88' lang='lat' dir='ltr'><strong>urbes</strong></span> <span class='ocrx_word' id='word_1_760' title='bbox 2230 4613 2434 4669; x_wconf 88' lang='lat' dir='ltr'><strong>divitiis</strong></span> <span class='ocrx_word' id='word_1_761' title='bbox 2461 4625 2785 4684; x_wconf 82' lang='lat' dir='ltr'><strong>augeantur,</strong></span> <span class='ocrx_word' id='word_1_762' title='bbox 2803 4617 2968 4672; x_wconf 86' lang='lat' dir='ltr'><strong>altam</strong></span> <span class='ocrx_word' id='word_1_763' title='bbox 2990 4627 3210 4689; x_wconf 80' lang='lat' dir='ltr'><strong>agentes</strong></span> <span class='ocrx_word' id='word_1_764' title='bbox 3232 4633 3421 4689; x_wconf 88' lang='lat' dir='ltr'><strong>pacem</strong></span> <span class='ocrx_word' id='word_1_765' title='bbox 3452 4661 3468 4686; x_wconf 93' lang='lat'><strong>,</strong></span> <span class='ocrx_word' id='word_1_766' title='bbox 3498 4636 3621 4691; x_wconf 77' lang='lat' dir='ltr'><strong>quze</strong></span> 
     </span>
    </p>
   </div>
   <div class='ocr_carea' id='block_1_105' title="bbox 2037 4704 3616 4775">
    <p class='ocr_par' dir='ltr' id='par_1_105' title="bbox 2037 4704 3616 4775">
     <span class='ocr_line' id='line_1_105' title="bbox 2037 4704 3616 4775; baseline 0.004 -15"><span class='ocrx_word' id='word_1_767' title='bbox 2037 4714 2092 4760; x_wconf 88' lang='lat' dir='ltr'><strong>et</strong></span> <span class='ocrx_word' id='word_1_768' title='bbox 2128 4704 2243 4775; x_wconf 90' lang='lat' dir='ltr'><strong>ipsa</strong></span> <span class='ocrx_word' id='word_1_769' title='bbox 2293 4706 2500 4760; x_wconf 87' lang='lat' dir='ltr'><strong>divitiis</strong></span> <span class='ocrx_word' id='word_1_770' title='bbox 2528 4708 2789 4764; x_wconf 85' lang='lat' dir='ltr'><strong>omnibus</strong></span> <span class='ocrx_word' id='word_1_771' title='bbox 2821 4711 3017 4765; x_wconf 87' lang='lat' dir='ltr'><strong>melior</strong></span> <span class='ocrx_word' id='word_1_772' title='bbox 3063 4719 3188 4766; x_wconf 90' lang='lat' dir='ltr'><strong>est:</strong></span> <span class='ocrx_word' id='word_1_773' title='bbox 3227 4712 3616 4774; x_wconf 89' lang='lat' dir='ltr'><strong>consobrinus,</strong></span> 
     </span>
    </p>
   </div>
   <div class='ocr_carea' id='block_1_106' title="bbox 2037 4798 3620 4871">
    <p class='ocr_par' dir='ltr' id='par_1_106' title="bbox 2037 4798 3620 4871">
     <span class='ocr_line' id='line_1_106' title="bbox 2037 4798 3620 4871; baseline 0.003 -18"><span class='ocrx_word' id='word_1_774' title='bbox 2037 4799 2189 4867; x_wconf 78' lang='lat' dir='ltr'><strong>cujus</strong></span> <span class='ocrx_word' id='word_1_775' title='bbox 2212 4800 2374 4865; x_wconf 87' lang='lat' dir='ltr'><strong>paulo</strong></span> <span class='ocrx_word' id='word_1_776' title='bbox 2401 4802 2652 4871; x_wconf 86' lang='lat' dir='ltr'><strong>superius</strong></span> <span class='ocrx_word' id='word_1_777' title='bbox 2685 4801 2825 4857; x_wconf 88' lang='lat' dir='ltr'><strong>facta</strong></span> <span class='ocrx_word' id='word_1_778' title='bbox 2886 4812 2969 4858; x_wconf 88' lang='lat' dir='ltr'><strong>est</strong></span> <span class='ocrx_word' id='word_1_779' title='bbox 2998 4798 3225 4869; x_wconf 85' lang='lat' dir='ltr'><strong>mentio,</strong></span> <span class='ocrx_word' id='word_1_780' title='bbox 3249 4802 3448 4860; x_wconf 85' lang='lat' dir='ltr'><strong>Turcis</strong></span> <span class='ocrx_word' id='word_1_781' title='bbox 3474 4819 3532 4859; x_wconf 89' lang='lat' dir='ltr'><strong>se</strong></span> <span class='ocrx_word' id='word_1_782' title='bbox 3556 4820 3620 4858; x_wconf 87' lang='lat' dir='ltr'><strong>ac</strong></span> 
     </span>
    </p>
   </div>
   <div class='ocr_carea' id='block_1_107' title="bbox 2040 4887 3616 4965">
    <p class='ocr_par' dir='ltr' id='par_1_107' title="bbox 2040 4887 3616 4965">
     <span class='ocr_line' id='line_1_107' title="bbox 2040 4887 3616 4965; baseline 0.004 -23"><span class='ocrx_word' id='word_1_783' title='bbox 2040 4887 2245 4945; x_wconf 83' lang='lat' dir='ltr'><strong>Latinis</strong></span> <span class='ocrx_word' id='word_1_784' title='bbox 2276 4892 2535 4957; x_wconf 84' lang='lat' dir='ltr'><strong>miscens,</strong></span> <span class='ocrx_word' id='word_1_785' title='bbox 2563 4893 2751 4949; x_wconf 88' lang='lat' dir='ltr'><strong>multis</strong></span> <span class='ocrx_word' id='word_1_786' title='bbox 2779 4894 2828 4949; x_wconf 89' lang='lat' dir='ltr'><strong>ei</strong></span> <span class='ocrx_word' id='word_1_787' title='bbox 2851 4896 3029 4951; x_wconf 87' lang='lat' dir='ltr'><strong>modis</strong></span> <span class='ocrx_word' id='word_1_788' title='bbox 3066 4896 3337 4965; x_wconf 81' lang='lat' dir='ltr'><strong>negotium</strong></span> <span class='ocrx_word' id='word_1_789' title='bbox 3372 4895 3616 4949; x_wconf 87' lang='lat' dir='ltr'><strong>facessit.</strong></span> 
     </span>
    </p>
   </div>
   <div class='ocr_carea' id='block_1_108' title="bbox 2038 4979 3613 5056">
    <p class='ocr_par' dir='ltr' id='par_1_108' title="bbox 2038 4979 3613 5056">
     <span class='ocr_line' id='line_1_108' title="bbox 2038 4979 3613 5056; baseline 0.003 -22"><span class='ocrx_word' id='word_1_790' title='bbox 2038 4979 2233 5035; x_wconf 88' lang='lat' dir='ltr'><strong>Statim</strong></span> <span class='ocrx_word' id='word_1_791' title='bbox 2265 4999 2399 5054; x_wconf 89' lang='lat' dir='ltr'><strong>ergo</strong></span> <span class='ocrx_word' id='word_1_792' title='bbox 2429 4984 2677 5039; x_wconf 86' lang='lat' dir='ltr'><strong>confudit</strong></span> <span class='ocrx_word' id='word_1_793' title='bbox 2699 4986 2901 5044; x_wconf 89' lang='lat' dir='ltr'><strong>omnia.</strong></span> <span class='ocrx_word' id='word_1_794' title='bbox 2936 5002 3034 5042; x_wconf 84' lang='lat' dir='ltr'><strong>ceu</strong></span> <span class='ocrx_word' id='word_1_795' title='bbox 3066 4986 3230 5039; x_wconf 89' lang='lat' dir='ltr'><strong>turbo</strong></span> <span class='ocrx_word' id='word_1_796' title='bbox 3278 5001 3306 5038; x_wconf 88' lang='lat' dir='ltr'><strong>a</strong></span> <span class='ocrx_word' id='word_1_797' title='bbox 3342 4986 3613 5056; x_wconf 82' lang='lat' dir='ltr'><strong>tranquil-</strong></span> 
     </span>
    </p>
   </div>
   <div class='ocr_carea' id='block_1_109' title="bbox 2036 5068 3609 5142">
    <p class='ocr_par' dir='ltr' id='par_1_109' title="bbox 2036 5068 3609 5142">
     <span class='ocr_line' id='line_1_109' title="bbox 2036 5068 3609 5142; baseline 0.004 -19"><span class='ocrx_word' id='word_1_798' title='bbox 2036 5068 2192 5126; x_wconf 85' lang='lat' dir='ltr'><strong>litate</strong></span> <span class='ocrx_word' id='word_1_799' title='bbox 2221 5088 2529 5142; x_wconf 83' lang='lat' dir='ltr'><strong>emergens,</strong></span> <span class='ocrx_word' id='word_1_800' title='bbox 2559 5089 2685 5128; x_wconf 87' lang='lat' dir='ltr'><strong>cum</strong></span> <span class='ocrx_word' id='word_1_801' title='bbox 2713 5076 2944 5129; x_wconf 89' lang='lat' dir='ltr'><strong>necdum</strong></span> <span class='ocrx_word' id='word_1_802' title='bbox 2992 5088 3079 5128; x_wconf 87' lang='lat' dir='ltr'><strong>res</strong></span> <span class='ocrx_word' id='word_1_803' title='bbox 3110 5074 3335 5128; x_wconf 82' lang='lat' dir='ltr'><strong>ﬁrmiori</strong></span> <span class='ocrx_word' id='word_1_804' title='bbox 3372 5083 3519 5131; x_wconf 89' lang='lat' dir='ltr'><strong>statu</strong></span> <span class='ocrx_word' id='word_1_805' title='bbox 3556 5075 3609 5129; x_wconf 90' lang='lat' dir='ltr'><strong>in</strong></span> 
     </span>
    </p>
   </div>
   <div class='ocr_carea' id='block_1_110' title="bbox 2035 5164 3613 5235">
    <p class='ocr_par' dir='ltr' id='par_1_110' title="bbox 2035 5164 3613 5235">
     <span class='ocr_line' id='line_1_110' title="bbox 2035 5164 3613 5235; baseline 0.003 -15"><span class='ocrx_word' id='word_1_806' title='bbox 2035 5164 2180 5220; x_wconf 86' lang='lat' dir='ltr'><strong>bono</strong></span> <span class='ocrx_word' id='word_1_807' title='bbox 2215 5165 2498 5220; x_wconf 81' lang='lat' dir='ltr'><strong>haberent.</strong></span> <span class='ocrx_word' id='word_1_808' title='bbox 2530 5166 2659 5221; x_wconf 87' lang='lat' dir='ltr'><strong>Erat</strong></span> <span class='ocrx_word' id='word_1_809' title='bbox 2718 5180 2880 5235; x_wconf 89' lang='lat' dir='ltr'><strong>porro</strong></span> <span class='ocrx_word' id='word_1_810' title='bbox 2960 5167 3516 5234; x_wconf 68' lang='lat' dir='ltr'><strong>ministremeudus;</strong></span> <span class='ocrx_word' id='word_1_811' title='bbox 3552 5184 3613 5224; x_wconf 86' lang='lat' dir='ltr'><strong>ac</strong></span> 
     </span>
    </p>
   </div>
   <div class='ocr_carea' id='block_1_111' title="bbox 2034 5254 3607 5333">
    <p class='ocr_par' dir='ltr' id='par_1_111' title="bbox 2034 5254 3607 5333">
     <span class='ocr_line' id='line_1_111' title="bbox 2034 5254 3607 5333; baseline 0.004 -22"><span class='ocrx_word' id='word_1_812' title='bbox 2034 5271 2211 5329; x_wconf 78' lang='lat' dir='ltr'><strong>neque</strong></span> <span class='ocrx_word' id='word_1_813' title='bbox 2241 5273 2331 5314; x_wconf 89' lang='lat' dir='ltr'><strong>res</strong></span> <span class='ocrx_word' id='word_1_814' title='bbox 2360 5254 2425 5312; x_wconf 88' lang='lat' dir='ltr'><strong>ad</strong></span> <span class='ocrx_word' id='word_1_815' title='bbox 2457 5267 2719 5313; x_wconf 87' lang='lat' dir='ltr'><strong>terrorem</strong></span> <span class='ocrx_word' id='word_1_816' title='bbox 2754 5258 2994 5315; x_wconf 90' lang='lat' dir='ltr'><strong>minores</strong></span> <span class='ocrx_word' id='word_1_817' title='bbox 3020 5271 3197 5323; x_wconf 85' lang='lat' dir='ltr'><strong>erant,</strong></span> <span class='ocrx_word' id='word_1_818' title='bbox 3235 5262 3381 5333; x_wconf 82' lang='lat' dir='ltr'><strong>quod</strong></span> <span class='ocrx_word' id='word_1_819' title='bbox 3409 5278 3607 5317; x_wconf 88' lang='lat' dir='ltr'><strong>novum</strong></span> 
     </span>
    </p>
   </div>
   <div class='ocr_carea' id='block_1_112' title="bbox 2034 5351 3607 5425">
    <p class='ocr_par' dir='ltr' id='par_1_112' title="bbox 2034 5351 3607 5425">
     <span class='ocr_line' id='line_1_112' title="bbox 2034 5351 3607 5425; baseline 0.003 -19"><span class='ocrx_word' id='word_1_820' title='bbox 2034 5352 2263 5407; x_wconf 84' lang='lat' dir='ltr'><strong>haberet</strong></span> <span class='ocrx_word' id='word_1_821' title='bbox 2287 5351 2655 5420; x_wconf 90' lang='lat' dir='ltr'><strong>conscriptum</strong></span> <span class='ocrx_word' id='word_1_822' title='bbox 2708 5351 2958 5417; x_wconf 88' lang='lat' dir='ltr'><strong>militem,</strong></span> <span class='ocrx_word' id='word_1_823' title='bbox 2995 5353 3289 5425; x_wconf 84' lang='lat' dir='ltr'><strong>pluresque</strong></span> <span class='ocrx_word' id='word_1_824' title='bbox 3342 5356 3607 5424; x_wconf 72' lang='lat' dir='ltr'><strong>indigena!</strong></span> 
     </span>
    </p>
   </div>
   <div class='ocr_carea' id='block_1_113' title="bbox 2032 5440 3605 5514">
    <p class='ocr_par' dir='ltr' id='par_1_113' title="bbox 2032 5440 3605 5514">
     <span class='ocr_line' id='line_1_113' title="bbox 2032 5440 3605 5514; baseline 0.001 -16"><span class='ocrx_word' id='word_1_825' title='bbox 2032 5444 2101 5499; x_wconf 89' lang='lat' dir='ltr'><strong>ab</strong></span> <span class='ocrx_word' id='word_1_826' title='bbox 2159 5457 2224 5498; x_wconf 89' lang='lat' dir='ltr'><strong>eo</strong></span> <span class='ocrx_word' id='word_1_827' title='bbox 2253 5451 2481 5508; x_wconf 87' lang='lat' dir='ltr'><strong>starent,</strong></span> <span class='ocrx_word' id='word_1_828' title='bbox 2511 5457 2575 5497; x_wconf 90' lang='lat' dir='ltr'><strong>ac</strong></span> <span class='ocrx_word' id='word_1_829' title='bbox 2615 5440 2801 5500; x_wconf 88' lang='lat' dir='ltr'><strong>relicta</strong></span> <span class='ocrx_word' id='word_1_830' title='bbox 2836 5459 2865 5498; x_wconf 87' lang='lat' dir='ltr'><strong>a</strong></span> <span class='ocrx_word' id='word_1_831' title='bbox 2893 5452 3046 5514; x_wconf 89' lang='lat' dir='ltr'><strong>patre</strong></span> <span class='ocrx_word' id='word_1_832' title='bbox 3095 5448 3341 5514; x_wconf 75' lang='lat' dir='ltr'><strong>prtesidia</strong></span> <span class='ocrx_word' id='word_1_833' title='bbox 3381 5455 3605 5501; x_wconf 86' lang='lat' dir='ltr'><strong>teneret.</strong></span> 
     </span>
    </p>
   </div>
   <div class='ocr_carea' id='block_1_114' title="bbox 2032 5533 3604 5605">
    <p class='ocr_par' dir='ltr' id='par_1_114' title="bbox 2032 5533 3604 5605">
     <span class='ocr_line' id='line_1_114' title="bbox 2032 5533 3604 5605; baseline 0.003 -16"><span class='ocrx_word' id='word_1_834' title='bbox 2032 5536 2210 5604; x_wconf 80' lang='lat' dir='ltr'><strong>Atque</strong></span> <span class='ocrx_word' id='word_1_835' title='bbox 2241 5544 2299 5590; x_wconf 88' lang='lat' dir='ltr'><strong>ut</strong></span> <span class='ocrx_word' id='word_1_836' title='bbox 2337 5533 2504 5589; x_wconf 82' lang='lat' dir='ltr'><strong>verbo</strong></span> <span class='ocrx_word' id='word_1_837' title='bbox 2538 5534 2741 5601; x_wconf 90' lang='lat' dir='ltr'><strong>dicam,</strong></span> <span class='ocrx_word' id='word_1_838' title='bbox 2767 5546 2992 5605; x_wconf 81' lang='lat' dir='ltr'><strong>excepta</strong></span> <span class='ocrx_word' id='word_1_839' title='bbox 3023 5536 3117 5591; x_wconf 90' lang='lat' dir='ltr'><strong>illa</strong></span> <span class='ocrx_word' id='word_1_840' title='bbox 3171 5553 3279 5593; x_wconf 87' lang='lat' dir='ltr'><strong>non</strong></span> <span class='ocrx_word' id='word_1_841' title='bbox 3321 5553 3352 5593; x_wconf 90' lang='lat' dir='ltr'><strong>e</strong></span> <span class='ocrx_word' id='word_1_842' title='bbox 3392 5541 3604 5594; x_wconf 86' lang='lat' dir='ltr'><strong>ratione</strong></span> 
     </span>
    </p>
   </div>
   <div class='ocr_carea' id='block_1_115' title="bbox 2033 5627 3609 5698">
    <p class='ocr_par' dir='ltr' id='par_1_115' title="bbox 2033 5627 3609 5698">
     <span class='ocr_line' id='line_1_115' title="bbox 2033 5627 3609 5698; baseline 0.003 -17"><span class='ocrx_word' id='word_1_843' title='bbox 2033 5628 2281 5694; x_wconf 86' lang='lat' dir='ltr'><strong>audacia,</strong></span> <span class='ocrx_word' id='word_1_844' title='bbox 2310 5635 2473 5697; x_wconf 87' lang='lat' dir='ltr'><strong>atque</strong></span> <span class='ocrx_word' id='word_1_845' title='bbox 2501 5636 2560 5684; x_wconf 90' lang='lat' dir='ltr'><strong>ut</strong></span> <span class='ocrx_word' id='word_1_846' title='bbox 2611 5627 2796 5698; x_wconf 89' lang='lat' dir='ltr'><strong>injusti</strong></span> <span class='ocrx_word' id='word_1_847' title='bbox 2851 5629 2983 5684; x_wconf 86' lang='lat' dir='ltr'><strong>belli</strong></span> <span class='ocrx_word' id='word_1_848' title='bbox 3033 5638 3229 5686; x_wconf 82' lang='lat' dir='ltr'><strong>auctor</strong></span> <span class='ocrx_word' id='word_1_849' title='bbox 3271 5640 3436 5697; x_wconf 88' lang='lat' dir='ltr'><strong>esset,</strong></span> <span class='ocrx_word' id='word_1_850' title='bbox 3490 5632 3609 5687; x_wconf 75' lang='lat' dir='ltr'><strong>erat</strong></span> 
     </span>
    </p>
   </div>
   <div class='ocr_carea' id='block_1_116' title="bbox 2033 5718 3604 5792">
    <p class='ocr_par' dir='ltr' id='par_1_116' title="bbox 2033 5718 3604 5792">
     <span class='ocr_line' id='line_1_116' title="bbox 2033 5718 3604 5792; baseline 0.003 -20"><span class='ocrx_word' id='word_1_851' title='bbox 2033 5718 2236 5788; x_wconf 85' lang='lat' dir='ltr'><strong>alioqui</strong></span> <span class='ocrx_word' id='word_1_852' title='bbox 2260 5733 2366 5774; x_wconf 91' lang='lat' dir='ltr'><strong>non</strong></span> <span class='ocrx_word' id='word_1_853' title='bbox 2390 5719 2671 5787; x_wconf 71' lang='lat' dir='ltr'><strong>degeneris</strong></span> <span class='ocrx_word' id='word_1_854' title='bbox 2692 5719 2886 5786; x_wconf 86' lang='lat' dir='ltr'><strong>animi,</strong></span> <span class='ocrx_word' id='word_1_855' title='bbox 2914 5735 3013 5777; x_wconf 92' lang='lat' dir='ltr'><strong>nec</strong></span> <span class='ocrx_word' id='word_1_856' title='bbox 3030 5733 3158 5778; x_wconf 87' lang='lat' dir='ltr'><strong>vero</strong></span> <span class='ocrx_word' id='word_1_857' title='bbox 3175 5734 3368 5791; x_wconf 83' lang='lat' dir='ltr'><strong>expers</strong></span> <span class='ocrx_word' id='word_1_858' title='bbox 3394 5722 3604 5792; x_wconf 72' lang='lat' dir='ltr'><strong>peritia:</strong></span> 
     </span>
    </p>
   </div>
   <div class='ocr_carea' id='block_1_117' title="bbox 2028 5810 3600 5894">
    <p class='ocr_par' dir='ltr' id='par_1_117' title="bbox 2028 5810 3600 5894">
     <span class='ocr_line' id='line_1_117' title="bbox 2028 5810 3600 5894; baseline 0.003 -29"><span class='ocrx_word' id='word_1_859' title='bbox 2028 5810 2238 5865; x_wconf 72' lang='lat' dir='ltr'><strong>bellica:</strong></span> <span class='ocrx_word' id='word_1_860' title='bbox 2268 5824 2331 5865; x_wconf 84' lang='lat' dir='ltr'><strong>ac</strong></span> <span class='ocrx_word' id='word_1_861' title='bbox 2358 5812 2680 5880; x_wconf 70' lang='lat' dir='ltr'><strong>prudentiae.</strong></span> <span class='ocrx_word' id='word_1_862' title='bbox 2720 5810 2856 5866; x_wconf 86' lang='lat' dir='ltr'><strong>Cum</strong></span> <span class='ocrx_word' id='word_1_863' title='bbox 2887 5826 3017 5882; x_wconf 90' lang='lat' dir='ltr'><strong>ergo</strong></span> <span class='ocrx_word' id='word_1_864' title='bbox 3043 5826 3235 5894; x_wconf 78' lang='lat' dir='ltr'><strong>omnes</strong></span> <span class='ocrx_word' id='word_1_865' title='bbox 3263 5813 3317 5867; x_wconf 91' lang='lat' dir='ltr'><strong>in</strong></span> <span class='ocrx_word' id='word_1_866' title='bbox 3347 5813 3600 5884; x_wconf 82' lang='lat' dir='ltr'><strong>despera-</strong></span> 
     </span>
    </p>
   </div>
   <div class='ocr_carea' id='block_1_118' title="bbox 1899 5901 3602 5977">
    <p class='ocr_par' dir='ltr' id='par_1_118' title="bbox 1899 5901 3602 5977">
     <span class='ocr_line' id='line_1_118' title="bbox 1899 5901 3602 5977; baseline 0.002 -21"><span class='ocrx_word' id='word_1_867' title='bbox 1899 5922 1925 5945; x_wconf 56' lang='grc' dir='ltr'>δ</span> <span class='ocrx_word' id='word_1_868' title='bbox 2033 5902 2235 5958; x_wconf 83' lang='lat' dir='ltr'><strong>tionem</strong></span> <span class='ocrx_word' id='word_1_869' title='bbox 2267 5901 2468 5967; x_wconf 83' lang='lat' dir='ltr'><strong>adacti,</strong></span> <span class='ocrx_word' id='word_1_870' title='bbox 2532 5903 2711 5974; x_wconf 85' lang='lat' dir='ltr'><strong>fugam</strong></span> <span class='ocrx_word' id='word_1_871' title='bbox 2745 5902 3117 5973; x_wconf 83' lang='lat' dir='ltr'><strong>consulerent,</strong></span> <span class='ocrx_word' id='word_1_872' title='bbox 3160 5914 3415 5977; x_wconf 85' lang='lat' dir='ltr'><strong>tanquam</strong></span> <span class='ocrx_word' id='word_1_873' title='bbox 3449 5905 3602 5961; x_wconf 76' lang='lat' dir='ltr'><strong>vidc-</strong></span> 
     </span>
    </p>
   </div>
  </div>
