4060 6618
476 384 578 449 193

1673 388 1885 451 MANU
1903 390 2069 451 ELIS
2114 392 2558 453 PALIEOLOGI

3525 449 3541 457 ο
3613 406 3714 469 196

472 494 583 563 egit
618 512 634 550 :
688 496 766 551 sic
799 494 1052 551 vincebat
1087 495 1382 553 universis.
1446 480 1523 551 ita
1562 514 1690 553 vero
1721 509 1878 568 aptus
1904 511 2017 555 erat

2145 502 2240 553 καὶ
2281 501 2427 555 οὕτω
2464 506 2585 566 ταῖς
2636 504 2892 557 ἁπάντων
2918 505 3239 573 συμϐαίνων
3274 511 3542 580 γνώμαις,
3572 522 3715 582 μετὰ

473 588 662 654 sicque
699 589 1078 643 universorum
1111 588 1309 642 animis
1333 591 1691 660 congruebat,
1711 601 2020 659 opportune

471 693 640 750 agens
662 678 871 742 omnia,
910 696 974 733 ac
1006 695 1198 735 omnes
1230 682 1441 734 sincere
1475 682 1681 745 colens,
1725 700 2036 752 quau-quam

476 770 641 824 nullis
674 772 832 825 noxie
856 771 1181 841 indulgeret,
1221 781 1279 825 ut
1315 774 1415 841 ipsi
1455 789 1564 827 non
1612 790 1738 828 raro
1796 785 2036 841 actores,

392 894 401 903 .
476 860 726 915 beneficii
749 877 808 915 se
848 877 971 917 reos
1012 874 1393 930 agnoscerent,
1429 879 1492 918 ac
1548 877 1769 933 agerent
1809 869 2037 935 gratias,

473 967 600 1007 cum
671 942 836 1010 etiam
867 970 1034 1009 causa
1056 956 1405 1021 cecidissent,
1449 971 1513 1010 ac
1553 966 1736 1011 essent
1787 957 2037 1013 frustrati
2080 1005 2096 1019 ,

475 1046 587 1103 ﬁne
619 1063 783 1117 supra
835 1062 997 1116 quam
1029 1045 1144 1107 alii.
1194 1062 1318 1100 eum
1354 1047 1464 1102 voti
1503 1057 1784 1115 compotes
1857 1050 1978 1101 afl‘m
1998 1050 2036 1102 ti

477 1149 663 1207 optata
702 1155 980 1209 accepere.
1020 1139 1228 1194 Accidit
1257 1140 1430 1204 enim,
1468 1149 1520 1192 ut
1547 1138 1859 1195 uihiletiam
1878 1141 2033 1204 dans,

471 1230 727 1295 delectes,
764 1240 931 1298 utque
956 1231 1197 1285 vicissim
1240 1232 1420 1286 dando
1458 1232 1774 1299 displiceas.
1808 1232 2039 1287 Univer-

470 1323 574 1381 sisi
596 1339 655 1377 se
687 1325 1198 1379 communissimum
1262 1325 1630 1393 permittebat,
1694 1340 1756 1380 ac
1785 1326 2038 1379 unaxime

468 1424 656 1484 gratus
679 1417 1158 1484 congressionibus
1189 1429 1340 1473 erat:
1380 1432 1479 1469 nec
1504 1418 1799 1484 quidquam
1830 1426 2032 1478 tamen,

470 1520 682 1559 morum
714 1505 803 1559 illa
839 1506 1191 1575 ingenuitate,
1243 1509 1404 1561 rebus
1439 1508 1729 1562 ofiiciebat.
1784 1509 1913 1562 Erat
1960 1508 2037 1561 si-

467 1597 686 1666 quidem
737 1598 933 1667 plenus
989 1599 1419 1653 architectonica
1463 1601 1718 1661 scientia,
1783 1612 1897 1655 tum
1965 1603 2032 1654 ad

468 1687 720 1755 politicos
762 1701 967 1749 mores,
997 1697 1109 1741 tum
1152 1687 1216 1743 ad
1258 1688 1474 1756 negotia
1532 1689 1773 1756 publica,
1820 1688 2033 1756 sibique

466 1776 598 1831 satis
634 1776 752 1845 ipse
782 1786 919 1839 erat.
936 1788 994 1831 ut
1019 1787 1073 1833 et
1097 1777 1323 1847 singulis
1342 1789 1718 1832 consuescerot
1741 1794 1836 1846 pro
1855 1778 2038 1845 cujus—

2141 593 2234 644 τοῦ
2264 594 2554 663 καιροῦπὰ
2588 595 2777 650 δέοντα
2826 598 3020 663 ποιῶν,
3081 603 3175 654 καὶ
3207 603 3448 670 γνησίως
3497 607 3714 670 πάντας

2145 686 2561 755 μετερχόμενος,
2589 688 2652 740 οὐ
2685 689 2795 757 μήν
2824 707 2932 741 τισι
2989 692 3127 761 πρὸς
3167 692 3375 761 βλάϐην
3410 698 3716 765 χαριζόμε-

2142 794 2253 839 νος,
2293 778 2368 839 ὡς
2390 778 2484 830 καὶ⁸
2534 779 2795 844 πολλάκις
2842 783 3003 851 χάριν
3051 783 3456 851 ὁμολογοῦντας
3500 788 3713 843 εἰδέναι

2141 869 2266 930 τοὺς
2292 870 2731 937 ἐπαγγέλλοντας
2761 872 2930 941 ἔχειν,
2962 873 3016 925 εί
3040 891 3170 928 ποτε
3201 877 3293 929 καὶ
3347 878 3444 930 τοῦ
3497 881 3710 933 σκοποῦ

2141 960 2537 1030 διημάρτανον,
2568 964 2713 1031 ἥπερ
2742 962 2894 1016 ἄλλοι
2922 965 3048 1029 τοὺς
3092 966 3355 1032 λαθόντας
3390 963 3466 1024 ὧν
3508 971 3711 1025 ἐπεθύ-

2146 1067 2303 1119 μουν.
2338 1053 2497 1104 Ἔστι
2534 1053 2638 1122 γὰρ
2679 1057 2776 1106 καὶ
2823 1055 2984 1110 δόντα
3025 1057 3195 1126 μηδὲν
3259 1059 3549 1128 εὐφρᾶναι,
3611 1065 3709 1117 καὶ

2141 1143 2451 1195 τούναντίον
2481 1144 2636 1206 αὖθις
2680 1147 2879 1214 εὑρεῖν.
2925 1145 3034 1201 ’Ἦν
3071 1150 3170 1218 μὲν
3221 1154 3530 1215 κοινότατος
3561 1156 3711 1207 ᾶπα-

2143 1250 2225 1289 σιν
2250 1251 2262 1264 ·
2305 1228 2372 1302 ἦν
2398 1235 2457 1286 δὲ
2489 1238 2611 1298 ταῖς
2649 1239 2960 1300 συνουσίαις
2992 1242 3375 1307 χαριέστατος,
3410 1245 3501 1315 καὶ
3527 1244 3616 1297 διὰ
3644 1247 3708 1296 τὸ

2140 1323 2233 1374 τοῦ
2267 1325 2434 1392 ἤθους
2472 1328 2757 1396 ἐλεύθερον
2798 1329 2905 1382 οὐδ’
2932 1332 3236 1385 ὁπωστιοῦν
3272 1335 3559 1404 πράγμασι
3612 1336 3710 1389 λυ-

2142 1417 2489 1485 μαινόμενος.
2532 1420 2778 1490 ’Υπῆρχε
2810 1423 2919 1491 γάρ
2956 1418 3331 1493 πληρέστατος
3379 1429 3706 1495 ἀρχιτεκτο-

2138 1504 2294 1571 νικῆς
2347 1507 2658 1576 ἐπιστήμης
2684 1509 2763 1571 είς
2796 1528 2851 1563 τε
2881 1511 2947 1563 τὰ
2976 1513 3229 1567 πολιτικὰ
3260 1514 3368 1584 ἢθη
3399 1516 3479 1578 είς
3532 1534 3591 1569 τε
3632 1518 3704 1569 τὰ

2139 1595 2291 1646 κοινὰ
2317 1598 2620 1665 πράγματα
2644 1615 2658 1629 ’
2691 1601 2787 1654 καὶ
2807 1603 3030 1673 ἐξήρκει
3081 1620 3145 1671 γε
3178 1609 3417 1659 συνεῖναι
3447 1607 3541 1659 ml.
3595 1625 3677 1675 χω

2140 1685 2224 1753 pi;
2252 1687 2505 1750 ἑκάσςοις
2537 1691 2673 1760 πρὸς
2699 1694 2928 1761 τρόπον,
2958 1695 3054 1747 καὶ
3105 1692 3264 1758 αὖθις
3318 1701 3484 1750 πᾶσιν
3538 1699 3703 1765 ὁμοῦ-

2141 1777 2299 1847 ⁸ᾘδει
2338 1794 2397 1830 τε
2427 1780 2604 1833 δοκεῖν
2627 1782 2952 1851 διαχεῖσθαι,
2982 1789 3075 1838 καὶ
3105 1787 3192 1839 ἀεὶ
3240 1788 3309 1841 τὰ
3361 1790 3701 1858 καιριώτερα

464 1884 571 1936 que
606 1869 851 1924 moribus
873 1883 1043 1937 utque
1071 1869 1347 1937 integrum
1373 1884 1432 1923 se
1463 1868 1737 1922 universis
1766 1877 2017 1921 servaret

2140 1868 2415 1938 προῠργου
2446 1872 2726 1946 τίθεσθαι·
2777 1875 2871 1933 καὶ
2906 1879 3341 1943 κατασκευάζειν
3372 1881 3543 1932 ἐνίοτε
3600 1898 3701 1948 με-

461 1955 697 2012 Noverat
763 1967 838 2012 ub
876 1969 933 2012 et
982 1958 1255 2012 videretur
1307 1958 1532 2011 hilarior
1566 1957 1823 2021 diffundi,
1864 1967 2031 2025 utque

466 2047 825 2103 nihilominus
880 2063 1099 2117 semper
1138 2049 1518 2118 principaliora
1569 2064 1731 2117 opera
1788 2049 2023 2114 pretium

466 2147 746 2215 poneret;
783 2147 949 2209 atque
976 2148 1035 2193 ut
1091 2155 1490 2209 nonnunquam
1534 2155 1621 2195 res
1680 2155 1909 2208 magnas
1967 2153 2029 2192 ac

460 2233 808 2287 admirandas
836 2232 946 2285 ludi
988 2246 1094 2285 non
1134 2231 1409 2287 inhonesti
1448 2230 1626 2298 specie
1648 2239 1873 2297 gereret.

530 2324 667 2378 Cum
704 2324 786 2378 sic
817 2338 946 2391 ergo
973 2333 1132 2377 natus
1170 2335 1336 2384 esset.
1367 2321 1555 2389 sicque
1591 2322 1885 2374 voluntatis
1933 2321 2027 2374 ba-

462 2413 635 2479 beret,
669 2429 732 2469 ac
757 2416 829 2468 ita
862 2413 1389 2477 fuissetinstitutus,
1413 2415 1662 2482 bonaque
1683 2415 1820 2467 adeo
1846 2415 2025 2467 indole

458 2521 521 2561 ac
549 2505 768 2577 ingenio
797 2505 943 2562 facili
964 2506 1221 2573 praeditus
1245 2515 1422 2571 esset;
1445 2507 1498 2559 iu
1529 2514 1779 2575 parentes
1808 2506 2023 2572 quidem

456 2597 626 2664 probe
658 2596 923 2667 implevit,
975 2609 1034 2650 ut
1063 2596 1192 2664 quid
1243 2606 1500 2665 parentes
1540 2603 1792 2648 natorum
1828 2595 2025 2663 pietate

458 2688 764 2754 praestanda
814 2696 1005 2757 optare
1061 2686 1274 2757 possint
1309 2704 1323 2741 :
1357 2700 1573 2740 summo
1621 2684 1812 2738 amicis
1847 2684 2021 2738 amori

457 2777 604 2842 fuit;
643 2778 917 2834 universis
950 2777 1162 2833 exstitit
1187 2787 1398 2847 portus,
1423 2777 1712 2846 omnisque
1740 2777 1820 2830 eis
1854 2790 2021 2844 gene-

457 2868 535 2922 ris
588 2868 727 2923 bona
765 2870 1101 2924 conciliavit.
1152 2872 1439 2925 Praeclara:
1486 2872 1624 2924 adeo
1684 2884 1793 2929 res,
1836 2869 2022 2921 hostes

457 2971 675 3025 quoque
714 2958 1132 3024 infensissimos,
1172 2962 1236 3013 ad
1276 2960 1426 3027 pacis
1458 2959 1747 3012 ambicnda
1791 2956 2018 3019 foedera,

456 3040 714 3115 omnique
744 3049 903 3103 modo
944 3050 1304 3119 exquirenda,
1342 3049 1721 3116 impulerunt,
1756 3059 1916 3117 atque
1965 3060 2021 3103 ut

458 3138 623 3191 semel
701 3137 854 3201 inita,
912 3146 1030 3192 rata
1091 3152 1306 3189 manere
1372 3137 1594 3189 omnino
1664 3137 2019 3189 eniterentur.

2133 1959 2276 2025 γάλα
2314 1978 2372 2013 τε
2404 1963 2500 2015 καὶ
2521 1963 2812 2034 θαυμαστὰ
2835 1969 3142 2039 πράγματα
3173 1971 3313 2039 μετὰ
3340 1972 3561 2033 παιδιᾶς
3592 1974 3698 2024 οὐκ

2130 2051 2227 2104 άσέ
2235 2069 2395 2121 μνου.

2199 2320 2355 2375 Οὕτω
2385 2324 2564 2377 τοίνυν
2590 2322 2810 2392 φύσεως
2841 2324 2981 2396 ἔχων
3014 2329 3107 2381 καὶ
3139 2331 3534 2400 προαιρέσεως,
3565 2352 3700 2386 παι-

2130 2411 2373 2476 δεύσεώς
2410 2431 2467 2465 τε
2499 2416 2594 2467 καὶ
2632 2415 2963 2487 δεξιότητος,
2996 2419 3211 2491 ὑπῆρχε
3244 2421 3344 2491 μὲν
3364 2426 3476 2486 τοῖς
3523 2426 3695 2479 αὑτοῦ

2129 2499 2368 2573 πατράσι
2402 2506 2581 2571 καλῶς
2605 2507 2852 2579 πληρῶν,
2881 2509 2917 2562 ἃ
2949 2510 3012 2581 δὴ
3060 2513 3298 2582 πατέρες
3337 2509 3573 2580 εὖξαιντ⁹
3626 2516 3699 2571 ἂν

2128 2595 2279 2666 παρὰ
2303 2596 2413 2650 τῶν
2447 2598 2579 2650 υἱῶν
2612 2597 2808 2669 ἴσχειν,
2844 2601 3060 2671 ὑπῆρχε
3087 2602 3146 2657 δὲ
3186 2607 3298 2665 τοῖς
3327 2606 3499 2674 φίλοις
3551 2609 3684 2676 ἐρα-

2128 2684 2431 2753 σμιώτατος
2454 2703 2468 2718 ·
2499 2682 2568 2756 ἧν
2602 2689 2659 2742 δὲ
2684 2692 2794 2752 τοῖς
2820 2692 2956 2744 πᾶσι
3008 2692 3192 2764 λιμὴν,
3216 2697 3308 2747 καὶ
3336 2698 3695 2751 παντοδαπῶν
3732 2710 3740 2716 “

2126 2777 2349 2843 ἀγαθῶν
2390 2778 2678 2849 πρύτανις.
2706 2780 2893 2836 Ταῦτα
2923 2785 3017 2837 καὶ
3050 2784 3522 2855 δυσμενεστάτους
3567 2792 3694 2843 ἀνέ-

2126 2870 2283 2923 πειθε
2319 2872 2563 2926 σπονδῶν
2594 2876 2693 2944 μὲν
2733 2876 2873 2943 ἄγαν
2899 2878 3213 2948 ἐπιθυμεῖν,
3265 2881 3440 2934 πάντα
3466 2882 3522 2934 δὲ
3562 2883 3690 2952 τρό-

2128 2975 2227 3012 πον
2263 2959 2470 3027 ζητεῖν,
2512 2962 2660 3040 ὅπως
2724 2964 2906 3016 αὐτῶν
2952 2965 3211 3036 τύχοιεν⁹
3274 2970 3368 3025 καὶ
3404 2973 3691 3040 τυχόντας,

2126 3050 2341 3103 ἅπαντα
2388 3053 2675 3119 πράττειν,
2740 3055 2868 3107 ὥστ’
2914 3060 3198 3125 ἐπιμεῖναι
3260 3059 3337 3129 τῷ
3380 3064 3689 3133 πράγματι.

2125 3141 2308 3193 Αἴτιον
2342 3144 2395 3195 δὲ
2419 3146 2452 3213 ή
2503 3147 2671 3216 ἀρετὴ
2725 3149 2878 3200 τοῦδε
2920 3149 3167 3217 τάνδρὸς,
3201 3151 3270 3204 δι’
3308 3151 3368 3205 ὃν
3390 3153 3463 3222 ob;
3479 3156 3687 3223 ρὠουν

455 3226 508 3283 ld
542 3243 704 3297 porro
740 3229 933 3298 agebat
983 3229 1086 3281 viri
1127 3229 1335 3291 virtus,
1380 3227 1539 3295 cujus
1590 3227 1665 3279 illi
1731 3226 2017 3278 formidine

2127 3231 2219 3293 οὖς
2246 3250 2308 3301 γε
2341 3208 2567 3301 ἐφόδουν
2596 3208 2755 3289 οίδιὰ
2783 3238 2880 3307 τὴν
2902 3208 3072 3309 τύχην
3097 3208 3689 3312 ἐπαιρόμενοί..Μετα-

454 3336 550 3375 eos
567 3323 910 3390 postmodum
944 3321 1263 3382 horrebant,
1280 3320 1479 3389 quibus
1497 3318 1712 3373 fortuna
1730 3317 2011 3383 efferente,

454 3421 714 3465 terrorem
738 3411 945 3480 pridem
972 3411 1295 3481 iniecerant.
1323 3409 1442 3464 Jam
1472 3412 1613 3465 enim
1646 3412 1785 3464 facta
1816 3417 2011 3463 ‘rerum

455 3502 761 3555 mutatione
795 3503 1033 3571 ;quippe
1066 3501 1119 3555 in
1172 3503 1508 3556 contrarium
1574 3503 1797 3554 omnino
1847 3517 2016 3555 versae

451 3601 626 3656 erant,
662 3606 725 3646 ac
744 3601 948 3648 nostra:
971 3593 1187 3661 quidem
1250 3590 1535 3655 ﬂorebant,
1579 3593 1794 3645 illorum
1836 3603 2012 3645 autem

451 3681 802 3741 «limuxerant
839 3700 853 3737 :
887 3683 1077 3750 utique
1104 3697 1330 3737 necesse
1359 3691 1498 3744 erat,
1560 3690 1614 3734 ut
1643 3692 1697 3736 et
1736 3683 1771 3734 ii
1805 3683 1869 3736 de
1896 3698 2016 3737 seo-

450 3773 617 3827 tentia
663 3773 1013 3838 decedentes,
1065 3776 1297 3843 tempori
1350 3773 1698 3828 inservirent.
1730 3772 1803 3827 Ea
1832 3775 2014 3845 itaque

449 3864 505 3917 in
538 3880 662 3919 cum
682 3869 1051 3935 prmstabant,
1092 3882 1214 3935 quae
1249 3866 1381 3919 olim
1430 3866 1744 3922 decessor-es
1796 3866 1847 3918 in
1898 3867 2014 3936 ipso

447 3955 596 4007 soliti
629 3966 790 4008 erant
823 3971 839 4020 ;
873 3971 1103 4024 eamque
1132 3956 1273 4011 dietn
1306 3959 1459 4011 festae
1486 3958 1624 4012 lucis
1676 3958 1800 4012 loco
1850 3960 2017 4035 habet

447 4043 597 4105 bant,
625 4059 727 4113 qua
770 4060 863 4111 per
894 4049 1142 4099 nuntium
1180 4048 1382 4115 aliquid
1441 4050 1508 4101 ab
1543 4064 1608 4102 eo
1658 4050 2011 4121 epistolarum

451 4135 819 4203 accepissent.
883 4137 1045 4202 Quod
1078 4138 1123 4191 si
1178 4139 1341 4193 etiam
1391 4140 1596 4210 aliquid
1662 4142 2014 4207 pollicebatur

448 4221 527 4289 (id
558 4237 691 4277 sane
728 4224 796 4278 ab
824 4224 1146 4294 impensiori
1182 4228 1514 4296 praestantia,
1542 4238 1599 4281 ut
1649 4230 1823 4298 magis
1868 4246 2008 4299 pra:-

445 4312 627 4380 cipere
656 4328 819 4383 quam
854 4316 1097 4383 polliceri
1149 4317 1480 4387 videretur),
1516 4318 1845 4373 occinebant
1871 4334 2006 4388 gau-

445 4403 534 4456 dio
559 4407 1057 4475 acceptajepistola,
1082 4422 1195 4461 rem
1215 4418 1419 4476 gestam
1451 4411 1599 4478 pacis
1627 4422 2003 4479 argumentum

446 4493 735 4559 habentes,
772 4511 931 4565 quam
961 4496 1183 4565 quidem
1204 4501 1342 4554 haud
1370 4510 1591 4570 propter
1617 4502 2003 4571 sediligebaizt.

443 4586 538 4640 sed
573 4603 640 4642 ne
692 4588 872 4656 perire
938 4590 1283 4658 contingeret
1334 4607 1430 4660 per
1474 4591 1592 4659 ejus
1651 4594 2002 4648 absentiam:

442 4677 586 4740 quod
617 4678 824 4749 pridem
864 4693 1025 4736 secus
1045 4681 1456 4736 existimabant.
1505 4682 1594 4737 Sic
1621 4684 1815 4748 virtus,
1836 4699 2003 4754 quam

444 4769 660 4824 fortuna
697 4782 939 4840 priestat,
972 4786 1071 4841 per
1108 4788 1270 4844 quam
1303 4774 1557 4842 superbia
1586 4775 1846 4838 hostium,
1880 4792 2001 4830 cum

439 4876 535 4917 cos
572 4874 755 4932 postea
783 4879 909 4934 spes
935 4863 1236 4932 fefellisset,
1272 4866 1546 4935 plurimun
1575 4867 1699 4922 fecit
1726 4868 1917 4923 risum.

510 4952 633 5009 llaec
692 4956 957 5011 hactenus
1021 4956 1169 5012 velut
1220 4972 1434 5011 summa
1489 4957 1747 5023 diximus,
1804 4960 2003 5029 quibus

439 5045 655 5099 abunde
685 5046 1013 5102 declaratum
1068 5056 1200 5117 puto
1233 5050 1333 5104 viri
1383 5049 1643 5115 indolem,
1701 5060 1761 5107 ut
1815 5054 2003 5109 multis

439 5136 694 5192 laudibus
723 5147 868 5193 cssrt
916 5140 1076 5208 digna
1112 5156 1127 5193 :
1163 5141 1247 5194 sin
1278 5151 1457 5196 autem
1519 5143 1730 5214 singula
1778 5161 1999 5215 quoque

437 5227 691 5297 prosequi
724 5230 1188 5298 Oporteat,dicam
1218 5232 1563 5303 compendio,
1608 5245 1812 5304 quanta
1874 5236 1989 5290 fue-

436 5318 783 5371 ritfacultas.
832 5316 905 5373 Ut
933 5319 1079 5371 enim
1114 5320 1283 5373 beatae
1338 5323 1615 5377 memoriae
1672 5324 1775 5377 viri
1833 5323 1996 5393 hujus

436 5409 700 5475 praeclara
726 5420 874 5478 gesta
901 5409 1156 5464 diffusius
1177 5420 1492 5476 narrentur,
1528 5414 1594 5468 iis
1625 5416 1807 5483 potius
1860 5432 1995 5471 con-

436 5507 613 5564 gruat,
646 5513 880 5566 quorum
901 5500 967 5554 sit
991 5502 1223 5568 insituti,
1260 5514 1317 5557 ιιι
1353 5519 1531 5559 rerum
1561 5516 1835 5577 gestarum
1859 5525 1993 5565 con-

434 5598 620 5644 texaut
661 5590 944 5649 historias.
977 5592 1117 5661 Quin
1165 5597 1442 5652 eteadem
1503 5608 1719 5670 quoque
1779 5607 1991 5660 ratione

434 5695 501 5733 ne
540 5681 615 5736 illi
650 5684 867 5751 quidem
911 5695 1063 5756 gesta
1097 5689 1278 5743 omnia
1307 5705 1693 5758 pcrcensuero.
1717 5694 1802 5749 Uti
1840 5697 1985 5752 enim

428 5785 613 5827 rerum
636 5773 705 5828 ab
730 5790 796 5831 eo
821 5787 1093 5846 gestarum
1160 5782 1474 5852 magnitudo
1521 5780 1794 5852 prohibet,
1821 5796 1879 5840 ut
1925 5804 1992 5845 ne

2121 3324 2481 3393 κεκλημένων
2510 3327 2621 3398 γὰρ
2643 3328 2751 3380 τῶν
2795 3333 3176 3400 πραγμάτων
3216 3336 3309 3387 καὶ
3362 3341 3469 3406 γὰρ
3528 3338 3688 3390 ἀντὲσ

2122 3430 2366 3480 στραπτο
2398 3419 2675 3481 παντελῶς
2699 3460 2716 3484 ,
2770 3422 2865 3472 καὶ
2900 3423 2967 3474 τὰ
2998 3424 3097 3491 μὲν
3149 3426 3391 3496 ἡμέτερα
3419 3429 3590 3499 ἤνθει,
3624 3432 3690 3485 τὰ
3778 3491 3787 3500 _

2118 3504 2175 3558 δὲ
2207 3509 2433 3562 ἐκείνων
2467 3514 2870 3583 κατερρυήκει·
2903 3518 3083 3586 χρεὼν
3116 3516 3185 3591 ἦν
3236 3521 3420 3591 δήπου
3487 3525 3683 3576 κάκεί-

2117 3614 2239 3658 νους
2267 3600 2667 3681 μεταϐαλόντας
2712 3608 3095 3679 συμφέρεσθαι
3148 3606 3389 3676 τούτοις.
3422 3609 3532 3669 Ἦν
3587 3615 3682 3668 οὖν

2115 3690 2312 3760 ἐκείνῳ
2347 3696 2481 3764 παρ’
2527 3697 2730 3765 αὐτῶν,
2761 3698 2797 3753 ἃ.
2851 3704 2983 3768 πρὶν
3033 3703 3261 3767 ἐκείνοις
3302 3706 3367 3757 ὲκ
3421 3706 3531 3759 τῶν
3579 3710 3687 3778 πρὸ

2115 3778 2307 3832 τοῦδε*
2347 3784 2440 3834 καὶ
2472 3779 2610 3855 ἦγον
2644 3788 2851 3857 ταύτην
2900 3790 3099 3860 ἑορτὴν
3125 3791 3224 3862 τὴν
3256 3792 3495 3864 ἡμέραν,
3555 3798 3613 3848 ἐν

2115 3886 2198 3933 τις
2229 3873 2359 3944 παρ’
2392 3877 2602 3931 ἐκείνου
2636 3880 2771 3951 πρὸς
2800 3881 2998 3945 αὐτοὺς
3030 3877 3133 3954 ἧκε
3167 3886 3342 3954 βραχύ
3371 3901 3424 3937 τι
3446 3887 3683 3957 γράμμα

2116 3966 2381 4032 κομίζων.
2413 3969 2474 4021 Εί
2507 3970 2562 4021 δὲ
2598 3972 2692 4024 καὶ
2722 3973 3130 4044 ὲπήγγελλέτι,
3151 3975 3293 4030 οὕτω
3312 3979 3361 4031 δ’
3395 3979 3454 4045 ἐξ
3477 3980 3681 4049 ὕπερον

2112 4056 2233 4123 χῆς,
2284 4058 2358 4121 ὡς
2435 4062 2635 4129 μᾶλλόν
2692 4081 2756 4131 γε
2816 4069 3177 4135 προστάττειν
3238 4070 3272 4140 ἢ
3321 4072 3717 4141 ὲπαγγέ),λειν“

2114 4148 2314 4216 ἐπῇδον
2334 4151 2384 4201 οἱ
2409 4150 2694 4222 δεχόμενοι
2722 4155 2827 4226 τὴν
2854 4159 3165 4230 ἐπιστολὴν,
3197 4164 3677 4233 τεκμήριονήγοὺο

2115 4255 2267 4305 μενοι
2349 4244 2573 4314 εἰρήνης
2633 4247 2694 4299 τὸ
2768 4251 3067 4321 πραχθέν;
3136 4254 3204 4323 ἣν
3266 4255 3368 4307 οὐκ
3443 4252 3679 4325 ἠγάπων

2108 4327 2177 4381 δι’
2203 4331 2395 4402 αὐτὴν,
2415 4334 2551 4405 ὅπερ
2580 4336 2685 4390 ἔδει
2709 4354 2723 4368 ο
2753 4340 2813 4391 τὸ
2848 4340 2903 4392 δὲ
2948 4340 3024 4411 μὴ
3066 4341 3437 4413 διαφθαρῆναι
3470 4345 3677 4417 ταύτης

2110 4421 2379 4492 ἀπούσης,
2413 4426 2553 4497 ὅπερ
2610 4430 2871 4494 ἐναντίως
2917 4433 3151 4502 πρόσθεν
3184 4436 3453 4505 ἐνόμιζον.
3488 4439 3678 4503 Οὕτως

2042 4560 2083 4613 D
2109 4512 2277 4613 αρετὴ
2308 4518 2576 4613 κρείττοηι
2608 4520 2802 4591 τύχης,
2828 4518 2896 4593 ἦς
2947 4525 3112 4579 ἓνεκα
3152 4528 3200 4580 oi
3232 4528 3518 4597 δυσμενεῖς
3549 4534 3678 4583 ἀλα·

2110 4604 2474 4675 ζονευόμενοι,
2507 4606 2628 4662 εἶτα
2655 4614 2766 4665 τῶν
2812 4614 3043 4670 ἐλπίδων
3076 4620 3429 4688 ψευσθέντες,
3458 4623 3669 4692 γέλωτα

2113 4700 2574 4770 προσωφλήκασιν
2600 4703 2661 4755 οὐ
2696 4709 2956 4777 σμικρόν.
2996 4704 2999 4711 ’

2176 4968 2358 5021 Ταῦτα
2385 4970 2461 5034 ὡς
2490 4974 2547 5026 ὲν
2571 4975 2851 5045 κεφαλαίῳ
2871 4979 3001 5047 ἡμῖν
3029 4981 3245 5052 εἴρηται
3270 4999 3285 5013 '
3326 4989 3420 5039 xui
3445 4990 3669 5058 νομίζω..

2107 5075 2207 5126 μεν
2236 5059 2413 5124 καλῶς
2466 5064 2839 5137 ἀποδεδεῖχθαι
2892 5072 2993 5138 τὴν
3039 5072 3197 5126 τοῦδε
3232 5074 3414 5142 φύσιν,
3470 5079 3548 5142 ὡς
3602 5078 3670 5153 ἦν

2102 5151 2228 5213 ἀξία
2255 5152 2466 5206 πολλῶν
2493 5156 2732 5211 ἐπαίνων
2751 5174 2765 5189 ’
2801 5163 2849 5213 εί
2898 5162 2956 5215 δὲ
2991 5166 3218 5233 προσδεῖ
3246 5170 3340 5221 καὶ
3368 5170 3476 5222 τῶν
3508 5151 3675 5226 καθέ-

2101 5257 2299 5307 καστα,
2334 5244 2502 5309 λέξων
2535 5246 2769 5319 ἔρχομαι
2818 5257 2938 5306 κατ’
2968 5258 3241 5328 ἐπιτομὴν
3269 5259 3395 5312 ὅσον
3439 5258 3552 5315 οἷόν
3588 5283 3667 5319 τε.

2101 5333 2176 5385 Τὸ
2206 5337 2317 5404 γὰρ
2342 5334 2405 5407 δὴ
2432 5337 2615 5407 λέγειν
2647 5344 2878 5415 ἐκτάδην
2904 5347 2972 5400 τὰ
3005 5350 3340 5420 εἰργασμένα
3376 5354 3454 5424 τῷ
3491 5375 3673 5424 μακα-

2103 5425 2224 5496 ρίτῃ
2252 5429 2364 5490 τοῖς
2397 5429 2559 5501 ἔργον
2589 5434 2711 5505 ἔχου
2725 5453 2808 5490 σιν
2839 5439 3074 5512 ἱστορεῖν
3108 5445 3440 5516 οἰκειότερον
3475 5451 3540 5500 ἂν
3575 5455 3664 5515 γέ-

2100 5531 2264 5573 νοιτο.
2295 5519 2370 5571 Οὐ
2405 5522 2512 5591 μὴν
2541 5524 2678 5578 ἀλλὰ
2708 5529 2793 5581 διὰ
2816 5530 2917 5600 τὴν
2948 5534 3120 5602 αὐτὴν
3151 5537 3355 5607 ταύτην
3387 5543 3563 5593 αἰτίαν
3602 5545 3663 5593 οὐ

2096 5606 2277 5660 πάντα
2321 5613 2728 5686 καταλέξομεν,
2772 5622 2982 5693 ὅσαπερ
3031 5626 3225 5695 ἐκείνῳ
3282 5629 3661 5699 διεπράττετο.

2099 5698 2313 5766 ’Ὠσπερ
2349 5704 2458 5774 γὰρ
2509 5706 2571 5757 τὸ
2624 5711 2857 5779 μέγεοος
2902 5712 3012 5768 τῶν
3067 5719 3215 5788 αὐτῷ
3254 5727 3661 5793 πεπραγμένων

2098 5792 2271 5862 εἴργει
2321 5798 2457 5866 πρὸς
2508 5802 2740 5858 ἕκαστον
2793 5808 3223 5879 ὲπεκτείνεσθαι,
3270 5815 3414 5868 οὕτω
3474 5821 3565 5871 κϊὶ
3606 5822 3663 5874 τὸ
