4060 6652
349 461 447 523 197

1079 450 1478 515 THEODORI
1512 444 1870 511 DESl’OTxE
1946 443 2343 503 LAUDATIO
2368 444 2779 505 FUNEBRIS.

3492 445 3590 510 198

345 577 547 643 πλῆθος
578 574 640 627 οὐ
673 571 947 640 συγχωρεῖ
966 568 1373 638 διαζωείραφεῖν
1404 564 1534 633 ἑξῆς
1566 563 1808 618 ἅπαντα.
1832 557 1904 611 Οὐ
1939 607 1944 620 η

2049 557 2247 628 iugulis
2271 556 2394 624 eius
2445 557 2606 610 rebus
2639 556 2963 613 enarrandis
3015 570 3215 616 memet
3276 566 3590 630 extendam,

345 668 458 735 γὰρ
514 662 859 735 εὐαρίθμητα
900 660 1137 719 πάντως.
1188 655 1361 726 Οἶμαι
1413 656 1469 708 δὲ
1529 664 1603 724 μη
1652 661 1671 704 ξ
1687 672 1714 703 ν
1766 645 1911 703 εἶναι

344 759 508 810 τουτο
575 754 712 823 πρὸς
766 750 994 820 γνώμην
1041 751 1192 817 ὑμῖν,
1221 749 1367 815 λέγω
1422 747 1484 799 τὸ
1529 745 1604 815 μὴ
1658 743 1910 797 τάκείνου

348 851 528 902 πάντα
555 845 835 915 διεξιέναι.
857 842 1214 912 Ἐπιθυμεῖτε
1238 840 1346 911 γὰρ
1373 840 1519 900 ἰδεῖν,
1559 832 1618 889 εὖ
1650 831 1766 888 οἶδα
1788 834 1914 886 τι.ιῦ-

350 958 415 993 το
463 941 557 992 καὶ
587 937 732 990 πάνυ
759 936 1085 1002 πέπεισμαι,
1116 931 1309 999 ῶσπερ
1347 928 1493 990 τινες
1521 928 1579 979 ὲν
1607 925 1796 978 πίνακι
1823 940 1916 991 γε·

346 1030 680 1104 γραμμένας
734 1027 833 1091 τὰς
886 1026 996 1079 τῶν
1055 1023 1354 1095 ἐρωμένων
1388 1020 1627 1082 εἰκόνας,
1659 1021 1751 1071 τὸν
1806 1016 1919 1086 βέον

346 1123 531 1175 πάντα
550 1119 707 1173 τοῦδε
745 1117 993 1188 τάνδρὸς,
1025 1115 1099 1180 ὡς
1126 1114 1248 1168 ὅλον
1275 1112 1408 1166 ὄντα
1434 1112 1714 1181 θαύματος
1741 1108 1915 1174 ἄξιον.

345 1216 586 1282 Δόξομεν
617 1211 665 1265 δ’
694 1212 827 1272 ἴσως
857 1210 954 1262 καὶ
977 1207 1188 1261 ἀδικεῖν
1213 1207 1305 1257 τὸν
1338 1205 1448 1257 τῶν
1479 1204 1659 1272 ἔργων
1689 1199 1917 1271 ἀρχιτέ-

347 1324 540 1371 κτονα,
563 1307 611 1358 si
639 1304 717 1375 μὴ
743 1304 804 1356 τὸ
827 1303 937 1355 πᾶν
960 1301 1273 1370 δξείποιμεν
1298 1296 1564 1367 ἀκριϐῶς,
1583 1296 1706 1348 ὅσον
1725 1293 1920 1362 ἐκείνῳ

349 1398 741 1467 κατείργαστο.
784 1393 928 1463 Ἐγὼ
954 1394 997 1448 δ’
1028 1392 1158 1463 ὑμῖν
1188 1388 1519 1459 συμφωνῶν,
1550 1388 1653 1442 ὅσα
1687 1402 1750 1453 γε
1782 1385 1923 1453 πρὸς

354 1491 519 1559 μόνον
565 1488 627 1542 τὺ
678 1486 876 1549 θέλειν,
928 1475 1061 1538 ἐἶτα
1117 1482 1530 1553 παραιτήσομαι
1582 1479 1669 1531 διὰ
1721 1478 1782 1529 τὸ
1827 1475 1923 1529 τοῦ

352 1583 683 1654 πράγματος
717 1578 1051 1652 πρόσαντες,
1087 1577 1133 1628 εἰ
1173 1576 1249 1647 μὴ
1306 1573 1576 1642 δυναίμην
1608 1571 1925 1624 ἀκολουθεῖν

350 1678 421 1745 τῇ
455 1674 693 1743 θελήσει.
730 1672 879 1742 Νικᾷ
917 1672 1031 1741 γὰρ
1073 1668 1341 1738 δήπουθεν
1384 1665 1625 1735 ἀτεχνῶς
1654 1663 1717 1717 τὸ
1751 1663 1925 1733 παρὸν

353 1768 669 1838 ὲγχείρημα
689 1766 791 1835 τὴν
818 1765 1097 1834 ἡμετέραν
1117 1762 1292 1832 ἰσχὺν,
1328 1757 1494 1813 οὖσάν
1516 1774 1580 1826 γε
1598 1757 1692 1811 καὶ
1716 1756 1926 1810 οἴκοθεν

356 1860 590 1930 ἀδρανῆ,
617 1859 714 1911 καὶ
736 1856 898 1909 πλέον
923 1855 1220 1925 γινομένην
1253 1850 1498 1921 ἐξίτηλον
1523 1850 1598 1919 τῷ
1622 1848 1717 1901 τοῦ
1763 1849 1925 1916 λόγου

2020 647 2099 700 sic
2156 662 2255 700 nec
2311 650 2595 713 ιητιι.ὀιιυι“
2646 664 2739 716 per
2799 649 3228 717 multitudinem,
3281 666 3341 708 ut
3400 657 3594 710 ordine

2020 742 2203 793 omnia
2243 740 2513 792 delinecm
2549 742 2993 810 adscribamquc.
3024 742 3131 798 Nec
3163 748 3307 798 cnim
3334 763 3595 803 numerus

2019 830 2175 885 facile
2209 831 2333 884 iniri
2363 840 2565 899 potest.
2602 830 2928 901 Quanquam
2961 847 3089 903 puto
3119 838 3260 890 haud
3293 839 3444 891 vobis
3475 855 3598 908 gra-

2021 934 2135 979 tum
2175 924 2294 978 fore
2326 933 2407 987 ut,
2449 927 2696 993 inquam,
2748 942 2854 980 non
2894 930 3014 997 ejus
3056 946 3144 984 res
3174 947 3366 985 omnes
3415 941 3596 1001 gestas

2019 1019 2337 1073 edisseram.
2370 1018 2698 1073 Desideratis
2726 1022 2895 1082 enim,
2932 1026 3099 1090 probe
3121 1026 3245 1078 novi
3291 1041 3353 1078 ac
3388 1037 3595 1078 certum

2021 1108 2217 1172 habeo,
2246 1125 2342 1176 pro
2368 1124 2555 1164 eorum
2587 1110 2816 1176 ratione,
2844 1116 2937 1179 qui
2963 1129 3210 1169 amantes
3254 1133 3303 1168 ιιι
3363 1117 3597 1186 imagine

2026 1200 2271 1269 depictas
2311 1216 2659 1269 eorumquos
2691 1215 2876 1256 amant
2911 1245 2925 1268 ,
2986 1204 3256 1274 imagines
3306 1208 3588 1275 impendio

2025 1295 2213 1347 videre
2235 1303 2395 1348 avent
2425 1333 2442 1357 ,
2470 1303 2529 1348 ut
2552 1306 2605 1348 et
2625 1296 2730 1362 ipsi
2763 1306 2930 1349 totam
2958 1299 3187 1353 videatis
3207 1300 3305 1352 viri
3336 1302 3594 1371 praecip-

2026 1390 2135 1435 tam
2160 1381 2356 1446 avitam,
2390 1398 2516 1451 quae
2542 1391 2655 1436 tota
2691 1385 3118 1441 admirationem
3156 1391 3371 1444 habeat.
3403 1390 3507 1444 Sed
3542 1403 3595 1444 ot

2027 1474 2168 1529 forte
2222 1474 2458 1545 principi
2524 1492 2704 1529 rerum
2760 1480 2943 1546 opiﬁci
3006 1480 3292 1535 videamur
3344 1482 3598 1551 iniuriam

2028 1564 2227 1630 facere,
2256 1565 2359 1621 nisi
2406 1581 2492 1622 res
2529 1568 2651 1637 ejus
2708 1577 2849 1625 totas
2901 1582 3157 1627 accurate
3209 1574 3597 1628 edisseramus.

2028 1654 2294 1726 Equidem
2327 1656 2442 1712 sola
2468 1658 2623 1711 vobis
2654 1660 2931 1715 voluntate
2982 1678 3180 1732 gerens
3204 1679 3434 1729 morem,
3461 1681 3601 1734 opus

2033 1750 2390 1820 postmodum
2426 1761 2656 1821 propter
2674 1753 2753 1805 rei
2777 1755 3005 1808 arduam
3035 1756 3373 1811 molitionem
3399 1759 3608 1811 detrec-

2033 1843 2183 1908 tabo,
2202 1843 2294 1913 qui
2314 1843 2645 1898 voluntatem
2667 1846 2928 1900 assectari
2955 1862 3238 1915 nequeam.
3262 1849 3438 1903 Vincit
3459 1850 3603 1904 enim

360 1952 627 2020 σχήματι.
674 1946 884 1999 Οὐκοῦν
910 1948 975 1998 ὲκ
1020 1945 1129 1997 τῶν
1171 1942 1382 1996 πολλῶν
1410 1958 1470 1994 τε
1497 1941 1592 1994 καὶ⁴
1619 1941 1801 1994 καλῶν
1832 1940 1926 1992 καὶ

2050 1933 2235 2004 iquido
2259 1944 2403 1990 tanta
2441 1936 2610 1991 moles
2642 1949 2883 1992 nostram
2910 1939 3187 2004 virtutem,
3205 1956 3325 2010 quae
3343 1941 3471 1995 olim
3499 1959 3526 1995 a
3547 1958 3605 1997 se

364 2040 642 2111 μεγάλων,
680 2038 843 2092 ἅτινα
891 2038 1089 2098 πάντες
1152 2036 1351 2104 ἐκείνῳ
1407 2033 1626 2087 σύνιστε
1676 2048 1929 2102 πεπραγ-

367 2135 525 2203 μένα,
553 2132 611 2194 ὃς
641 2132 749 2200 πρὸ
797 2129 995 2200 μικροῦ
1025 2126 1146 2197 μεθ’
1174 2126 1330 2196 ἡμῶν
1364 2122 1433 2198 ἦν
1479 2125 1596 2179 νυνὶ
1622 2124 1678 2176 δὲ
1704 2124 1925 2191 γέγονε·

365 2220 467 2289 φεῦ
486 2222 502 2275 ι
523 2220 690 2272 τῶνδε
722 2218 833 2271 τῶν
865 2217 1079 2287 θρήνων
1103 2213 1551 2282 ὕπόθεσις,ὀλῑγα
1581 2213 1810 2283 λέξομεν
1829 2213 1930 2283 ἧῖη

367 2316 459 2367 καί
492 2313 616 2366 κατ’
663 2310 951 2381 ἐπιτομὴν,
993 2310 1182 2377 ὥσπερ
1233 2307 1472 2378 εἴρηται.
1500 2304 1739 2359 Τοιαῦτα
1799 2306 1931 2373 μέν-

367 2424 448 2460 τοι
486 2421 552 2473 γε
591 2402 833 2467 πάντως,
886 2397 976 2456 οἷά
1021 2418 1125 2471 περ
1184 2399 1350 2463 δείξει
1407 2399 1498 2451 τὸν
1558 2398 1934 2470 ἐργασάμενον

370 2497 544 2568 ἀληθῆ
573 2494 789 2565 καρπὸν
813 2494 942 2547 ὄντα
966 2495 1034 2562 τῇ
1068 2494 1225 2562 κοινῇ
1252 2489 1425 2560 ταύτῃ
1472 2488 1659 2558 φύσει,
1691 2488 1787 2541 καί
1814 2503 1937 2541 τινα

368 2588 688 2659 φιλοτιμίαν
717 2584 1019 2654 ἐξαίρετον.
1053 2585 1126 2637 Οὐ
1148 2576 1339 2636 τοίνυν
1352 2582 1432 2652 τῷ
1471 2579 1546 2650 μὴ
1579 2580 1760 2635 πάντα
1791 2578 1935 2632 κατὰ

372 2682 536 2751 μέρος
565 2679 822 2745 διεξιέναι
868 2677 1150 2747 νομιστέον
1190 2676 1323 2746 ἡμῖν
1369 2674 1435 2728 ἂν
1482 2673 1567 2741 εἴη
1632 2673 1726 2726 τὸν
1769 2672 1938 2740 ἄνδρα

370 2771 557 2824 τοῦτον
579 2769 801 2822 ἔλαττον
844 2770 1069 2838 σχήσειν
1095 2769 1175 2829 εἰς
1207 2765 1475 2832 εὐδοξίαν.
1508 2766 1582 2817 Τὸ
1606 2765 1713 2834 γὰρ
1746 2763 1936 2833 περιὸν

373 2861 579 2915 ἐκείνου
610 2860 711 2929 τῆς
736 2859 937 2929 ἀρετῆς
967 2858 1027 2910 τὸ
1060 2857 1333 2927 ἡμέτερον
1375 2856 1551 2910 ἐνδέον
1608 2854 1940 2924 ἀναπληρώ-

376 2969 480 3007 σει.
527 2950 784 3021 ’Δραέσει
829 2953 940 3019 γὰρ
971 2949 1030 3003 τὸ
1062 2950 1172 3002 πᾶν
1202 2947 1612 3018 ἐξεργάσασθαι
1670 2947 1765 3000 καὶ
1808 2948 1940 2999 ἔκα-

378 3063 500 3100 στον
530 3045 643 3098 τῶν
668 3044 847 3114 ἔργων
877 3043 986 3095 τῶν
1035 3041 1225 3107 αὐτοῦ,
1258 3041 1331 3104 ὡς
1366 3040 1533 3111 μηδὲν
1556 3038 1615 3093 δν
1648 3041 1757 3092 τῶν
1794 3037 1943 3107 αὐτῷ

378 3136 804 3210 πεπραγμένων,
835 3134 864 3188 δ
897 3135 974 3205 μὴ
1029 3134 1303 3203 μεγίστων
1329 3132 1620 3203 εὐφημιῶν
1667 3131 1818 3197 ἄξιον
1843 3148 1857 3163 ·
1894 3132 1944 3184 εἰ

2029 2025 2333 2089 dcbilis,ab
2355 2027 2620 2083 orationis
2653 2044 2798 2083 nunc
2839 2031 3249 2101 specie,multis
3270 2035 3443 2088 evasit
3482 2035 3605 2088 cxi.

2032 2116 2155 2171 lior.
2180 2118 2260 2172 Ex
2293 2120 2479 2175 multis
2527 2122 2880 2192 ergo,iisque
2930 2125 3209 2194 praeclaris
3257 2142 3320 2181 ac
3370 2130 3600 2197 magnis,

2033 2222 2267 2276 quorum
2292 2218 2571 2279 gestorum
2608 2213 2814 2268 conscii
2837 2216 2969 2269 estis
2989 2217 3102 2270 viro
3124 2233 3299 2286 nuper
3320 2219 3603 2279 nobiscum

2036 2299 2355 2366 exsistenti;
2380 2302 2584 2373 quique
2602 2319 2748 2359 nunc
2766 2304 2869 2373 fuit
2886 2305 2988 2359 heu
3014 2308 3027 2361 !
3055 2309 3211 2363 triste
3228 2323 3605 2379 argumenmm

2038 2392 2390 2459 planctuum!
2428 2408 2603 2463 pauca
2652 2396 2902 2465 quaedam
2934 2415 2997 2452 ac
3022 2402 3362 2468 compendio,
3401 2404 3479 2456 uti
3510 2417 3606 2456 suo

2043 2497 2163 2537 mus
2182 2483 2672 2553 praefati,dicemus
2700 2503 2794 2543 :ea
2816 2498 2995 2544 tamen
3024 2492 3272 2559 omnino,
3292 2494 3488 2561 quibus
3520 2497 3608 2562 qui

2040 2575 2228 2644 gessit,
2264 2591 2427 2631 verus
2451 2578 2638 2647 generi
2667 2591 2969 2634 concessus
2998 2579 3237 2645 fructus,
3300 2582 3612 2651 eximieque

2040 2667 2286 2734 quaedam
2344 2684 2407 2722 ac
2474 2671 2762 2725 ambitiosa
2825 2671 3063 2741 largitio,
3109 2676 3367 2743 cognosci
3422 2677 3611 2744 possit.

2040 2755 2210 2811 Nemo
2229 2758 2415 2829 igitur,
2441 2760 2585 2830 quod
2613 2763 2767 2830 plura
2789 2762 3124 2831 omittamus,
3153 2766 3328 2819 minus
3352 2767 3526 2820 virum
3548 2766 3613 2819 ad

2043 2849 2413 2905 celebritatem
2442 2853 2676 2907 nominis
2720 2854 3035 2908 habiturum
3061 2866 3230 2925 putet.
3256 2855 3385 2927 Ejus
3415 2858 3616 2928 quippe

2044 2940 2320 3017 luculentq
2356 2957 2420 2997 ac
2468 2944 2743 3000 excellens
2766 2948 2943 3000 virtus
2999 2958 3240 3002 nostram
3274 2950 3489 3003 abunde
3518 2950 3618 3002 im-

2044 3035 2506 3105 plebitinopiam.
2545 3034 2775 3105 Singula
2806 3038 2950 3092 enim
3002 3039 3121 3109 ejus
3160 3051 3439 3110 gestorum
3481 3057 3616 3097 con—

2049 3126 2274 3180 fecerint
2300 3134 2491 3189 totatn,
2527 3110 2761 3194 quoruin
2796 3144 2864 3181 ne
2892 3143 3033 3183 unus
3052 3141 3136 3183 est
3170 3148 3277 3184 non
3306 3133 3597 3185 maximam

379 3230 451 3299 μή
480 3246 566 3292 τις
594 3226 974 3298 μειρακιωδῶς
1011 3225 1174 3297 ἔχων,
1201 3224 1261 3289 ἐξ
1289 3223 1556 3294 ἐπιπολῆς
1581 3243 1634 3277 τι
1660 3224 1943 3279 θεάσαιτο.

2049 3216 2258 3271 habens
2334 3217 2564 3286 gloriam
2604 3217 2751 3271 :nisi
2809 3218 2936 3287 quis
2998 3212 3288 3288 puerorum
3344 3238 3495 3274 more
3553 3237 3617 3274 ex

379 3319 615 3373 κακεῖνο
644 3317 692 3371 δ’
719 3316 788 3370 ἂν
837 3315 1080 3384 εἴποιμι,
1114 3315 1198 3367 ὅτι
1227 3312 1492 3377 πολλάκις
1537 3312 1648 3365 κάκ
1677 3311 1788 3363 τῶν
1812 3326 1938 3378 σμιο

380 3408 526 3478 κρῶν
559 3407 657 3460 καὶ
690 3405 1084 3475 ἁπλουστέρων
1115 3399 1255 3456 εἶναι
1289 3402 1614 3467 δοκούντων,
1656 3400 1709 3453 ei
1735 3401 1799 3468 γέ
1824 3403 1944 3453 ὲστι

380 3499 593 3565 καίρια,
618 3497 716 3567 οὐχ
749 3490 916 3568 ἦττον
941 3496 1109 3565 φύσις
1137 3494 1469 3564 γνωρίζεται
1499 3494 1533 3565 ἢ
1564 3496 1630 3547 ὲκ
1675 3492 1786 3545 τῶν
1818 3491 1946 3544 πολ-

382 3588 492 3642 λῶν
516 3590 612 3642 καὶ
643 3586 1008 3641 παντοδαπῶν
1038 3586 1240 3655 ἔργων,
1270 3583 1467 3654 ῥυθμῷ
1490 3586 1585 3639 καὶ
1616 3584 1768 3647 τάξει
1792 3583 1948 3653 δεδη-

384 3678 671 3747 λωμένων.
715 3677 872 3745 Λέγω
899 3676 958 3730 δὶ
1000 3676 1213 3744 καίρια,
1246 3676 1348 3728 ὅσα
1396 3675 1504 3744 πέρ
1529 3676 1646 3727 ἐστι
1672 3671 1949 3743 δηλωτικὰ

388 3767 636 3837 φυσικῶν
691 3767 1025 3836 ἰδιωμάτων,
1052 3765 1123 3819 δι’
1153 3765 1188 3819 ά
1235 3782 1319 3828 τις
1367 3764 1479 3834 ἔχει
1509 3764 1689 3835 ψυχὴν
1720 3763 1946 3825 ειδέναι,

388 3858 601 3926 ἐρῶσαν
630 3858 846 3925 ἀγαθὴν
875 3853 1037 3909 εἷναι.
1063 3856 1232 3909 Ὅθεν
1266 3856 1562 3923 ἀνθέξομαι
1591 3853 1693 3924 τῆς
1724 3854 1948 3924 βουλῆς,

389 3949 543 4016 ὀλίγα
569 3950 675 4002 τῶν
697 3948 910 4001 ἐκείνου
935 3948 1171 4015 διεξιὼν,
1206 3948 1301 4000 καλ⁸
1332 3946 1587 4010 συνελὼν,
1624 3945 1701 4008 ὡς
1729 3939 1842 3997 οἶόν
1865 3960 1949 3997 τε.

473 4219 710 4283 Ἐκεῖνος
742 4218 946 4284 τοίνυν,
971 4212 1017 4272 ὧ
1039 4218 1258 4287 ἄνδρες,
1288 4222 1317 4272 ὁ
1343 4220 1528 4273 πᾶσαν
1554 4218 1807 4288 γλῶτταν
1836 4233 1957 4270 πει-

395 4309 648 4378 ρωμένην
688 4307 853 4361 αὑτὸν
904 4310 1153 4361 ἐπαινεῖν
1200 4307 1334 4360 εῐσω
1368 4308 1677 4362 πίπτουσαν
1720 4307 1959 4375 ἀποφαι-

394 4415 520 4459 νων,
574 4399 669 4449 καὶ
701 4394 911 4466 περιὼν
957 4397 1064 4462 ἐτι,
1090 4397 1186 4449 καὶ
1237 4398 1515 4465 μεταστάς
1560 4388 1993 4467 ἧδη,παῖς“ὣν’

393 4489 606 4560 ἀρίστῳ
660 4487 889 4557 βασιλεῖ,
938 4485 1073 4539 πολύ
1101 4503 1154 4538 τι
1198 4489 1313 4547 τοῖς
1348 4487 1490 4540 υιὲσι
1537 4485 1807 4539 δεικνύντι
1839 4487 1962 4553 φίλ-

2048 3309 2164 3363 sola
2207 3324 2318 3363 rem
2358 3320 2583 3363 externa
2639 3308 2777 3362 facie
2803 3310 2934 3363 velit
2984 3312 3361 3377 spectandam.
3388 3368 3391 3371 _
3418 3310 3521 3366 Sed
3562 3322 3616 3365 et

2049 3401 2099 3454 id
2125 3400 2471 3463 afﬂrtnarim,
2508 3416 2575 3454 ex
2603 3401 2669 3454 iis
2699 3417 2917 3471 quoque
2948 3418 3068 3473 qua:
3123 3404 3332 3457 modica
3364 3419 3429 3458 ac
3482 3406 3619 3458 sim-

2050 3494 2275 3563 pliciora
2301 3493 2576 3557 videntur,
2603 3492 2733 3546 dum
2764 3503 2943 3548 tamen
2973 3495 3063 3547 illa
3097 3506 3242 3549 certa
3276 3495 3464 3550 sintac
3490 3511 3617 3564 pro-

2050 3587 2188 3654 pria,
2224 3584 2360 3637 nihil
2395 3600 2536 3654 saepe
2560 3585 2743 3639 minus
2772 3588 3027 3654 cognosci
3061 3596 3332 3653 naturam,
3371 3603 3534 3657 quam
3565 3600 3624 3641 ut

2051 3676 2220 3729 multa
2249 3677 2369 3744 quis
2402 3691 2466 3730 ac
2490 3679 2668 3732 omnis
2696 3678 2913 3745 generis
2986 3693 3152 3747 opera
3186 3678 3378 3731 ordine
3414 3677 3619 3745 produ-

2053 3775 2162 3821 cat.
2190 3767 2351 3820 Certa
2381 3768 2506 3821 dico
2537 3782 2601 3821 ac
2634 3768 2881 3836 propria,
2905 3768 2951 3821 si
2993 3784 3097 3836 qua
3124 3767 3490 3836 proprietates
3519 3782 3621 3820 na-

2053 3866 2193 3911 tum
2230 3859 2366 3911 satis
2391 3857 2655 3918 indicant.
2688 3872 2753 3910 ac
2785 3856 2984 3925 quibus
3010 3872 3109 3909 ceu
3159 3858 3479 3911 charactere
3533 3860 3620 3910 in-

2056 3948 2325 4018 signiatur
2362 3948 2580 4001 animus
2616 3948 2742 4001 boni
2792 3961 3007 4002 amans.
3064 3946 3171 4001 Pro
3211 3947 3430 4001 consilii
3490 3962 3625 4015 ergo

2055 4041 2266 4093 ratione
2317 4054 2488 4107 pauca
2511 4039 2759 4109 quaedam
2788 4055 2851 4092 ac
2881 4040 3203 4110 compendio
3227 4080 3241 4105 ,
3290 4053 3348 4094 ut
3394 4040 3627 4105 licuerit,

2054 4130 2373 4187 edisseram.

2133 4224 2226 4277 Ille
2279 4225 2465 4292 igitur,
2513 4222 2814 4286 auditores,
2882 4224 3039 4290 cujus
3071 4237 3158 4278 res
3214 4221 3487 4293 praeclara:
3532 4221 3630 4275 liu-

2062 4327 2223 4383 guam
2276 4326 2495 4367 omnem
2525 4313 2751 4367 laudare
2789 4313 3095 4368 studentem
3144 4313 3379 4368 debilem
3410 4312 3631 4376 faciant,

2064 4416 2127 4456 ac
2157 4402 2559 4471 obtorpentem,
2603 4403 2720 4457 sive
2744 4417 2869 4457 cum
2917 4404 3406 4477 adhuc.superstes
3465 4415 3633 4469 esset,

2066 4492 2182 4546 sive
2212 4493 2375 4546 modo
2421 4508 2545 4546 cum
2593 4493 2891 4548 defunctus
2948 4505 3073 4550 est:
3112 4510 3235 4549 cum
3293 4496 3633 4565 imperatoris

396 4597 547 4650 τρον,
578 4580 768 4647 ὥσπερ
797 4577 1181 4647 ἁμιλλώμενος
1209 4574 1277 4647 ἦν
1307 4579 1478 4647 αὐτῷ,
1506 4579 1768 4647 μηδαμῶς
1801 4580 1881 4639 εἰς
1899 4579 1944 4631 τί

2072 4585 2288 4653 optimi,
2315 4584 2649 4652 multamque
2672 4587 2877 4640 amoris
2890 4586 2996 4639 vim
3024 4585 3077 4640 in
3098 4597 3255 4643 natos
3271 4587 3634 4647 ostendentis,

402 4677 603 4740 φιλεῖν,
633 4672 873 4725 κατόπιν
908 4670 1075 4723 αὐτοῦ
1108 4670 1421 4739 λειφθῆναι.
1466 4671 1629 4723 ’Ὅθεν
1669 4670 1968 4740 θαυμάζων

399 4768 493 4816 καὶ
525 4764 699 4832 φιλῶν
728 4764 893 4833 εἰπερ
925 4777 1011 4824 τις
1036 4761 1197 4824 ἄλλος
1230 4747 1826 4832 Ἀλέξανδροηπάντα
1871 4762 1969 4830 μὲν

402 4855 571 4921 ἡδέως
596 4854 665 4904 τὰ
689 4853 900 4905 ἐκείνου
933 4853 1026 4904 καὶ
1078 4850 1295 4905 ἀκούων
1322 4847 1414 4921 ἦν,
1454 4852 1548 4904 καὶ
1585 4852 1643 4905 λέ
1659 4869 1782 4918 των,
1818 4850 1971 4904 ὁπότ’

401 4945 526 5012 ἐξῆν
551 4960 564 4975 ·
598 4944 657 4997 τὺ
691 4943 771 5007 δὲ,
818 4942 911 4995 τοῦ
942 4942 1151 5014 πατρὸς
1178 4942 1453 4995 Φιλίππου
1482 4944 1619 5012 πρὸς
1648 4944 1813 4995 αὐτόν
1836 4958 1970 4995 ποτε

406 5035 695 5104 εἰρηκότος
727 5070 743 5097 ,
782 5034 928 5088 Φιλῶ
977 5049 1039 5085 σε
1086 5034 1313 5102 σφόδρα.
1345 5028 1389 5086 ὧ
1435 5037 1556 5095 παῖ,
1594 5037 1685 5085 τὶν
1718 5034 1972 5099 Ἀλέξαν-

403 5128 528 5196 δρον
577 5130 776 5189 εἰπεῖν,
807 5126 978 5193 Κάγὼ
1030 5127 1168 5193 φιλῶ
1221 5143 1279 5179 σε
1312 5128 1403 5178 τὸν
1440 5125 1681 5195 ἐμαυτοῦ
1711 5127 1926 5194 πατέρα
1950 5140 1967 5155 ·

406 5220 563 5272 τοῦτο
590 5221 647 5272 δὲ
686 5223 895 5272 ἐκεῖνον
922 5218 1085 5282 ἀξίως
1117 5218 1312 5271 ἑαυτοῦ
1342 5220 1510 5284 φάναι
1544 5216 1785 5280 τοιοῦτον
1820 5216 1970 5280 δντα,

407 5311 511 5363 οὐδ’
542 5309 845 5363 ὁπωστιοῦν
888 5311 1097 5380 ἡγεῖτο,
1148 5310 1269 5363 οὐδὲ
1322 5311 1520 5380 ῥᾳδίως
1572 5308 1806 5378 ἔφερεν·
1856 5306 1974 5360 ἀλλ’

409 5401 676 5469 ⁴Ιγσχὺνετο
698 5401 787 5453 διὰ
813 5401 913 5471 τὴν
943 5403 1076 5471 πρὸς
1102 5402 1191 5453 τὸν
1217 5401 1385 5470 ἄνδρα
1416 5400 1631 5469 φιλίαν·
1668 5401 1731 5452 οὐ
1772 5402 1882 5469 γὰρ
1910 5400 1976 5453 ἂν

410 5492 860 5561 παραιτήσασθαι
906 5494 997 5545 τὸν
1030 5493 1379 5559 Ἀλέξανδρον
1414 5492 1518 5544 ὑπὸ
1548 5492 1641 5544 τοῦ
1688 5491 1976 5545 διαϐαλλό-

413 5600 596 5653 μενον,
628 5584 708 5653 τῷ
732 5600 796 5651 γε
835 5584 1302 5653 ἀπολογήσασθαι,
1332 5584 1407 5645 ὡς
1433 5584 1530 5635 οὐκ
1561 5584 1808 5636 ἐϐούλετο
1847 5584 1978 5649 ψεύ-

313 5654 326 5667 .
414 5674 855 5744 σασθαι,οῶσπερ
885 5676 987 5728 οὐκ
1034 5677 1173 5740 ἐνὸν,
1205 5676 1303 5744 τὴν
1349 5676 1442 5728 τοῦ
1493 5678 1696 5746 πατρὸς
1732 5679 1976 5745 ἀγάπην,

412 5769 509 5837 τῆς
558 5769 670 5820 τῶν
724 5767 1001 5836 φιλτάτων
1052 5768 1378 5836 προτιθέντα
1406 5808 1420 5832 ,
1456 5770 1625 5835 Κάγώ
1668 5786 1748 5829 σε,
1780 5771 1975 5837 πάτερ,

414 5857 609 5925 εἰπεῖν,
628 5858 791 5929 φιλῶ,
821 5862 916 5912 καὶ
940 5860 1154 5935 φιλήσω
1178 5876 1237 5927 γε
1260 5862 1366 5923 ἀεὶ,
1394 5864 1487 5913 καὶ
1506 5863 1564 5913 οὐ
1593 5867 1979 5930 παραχωρήσει)

2072 4677 2253 4744 proles
2285 4687 2452 4741 esset,
2490 4677 2715 4729 omnino
2773 4677 3082 4731 enitebatur
3133 4694 3199 4732 ac
3251 4678 3635 4739 contendebat.

2073 4777 2133 4821 ut
2166 4782 2235 4821 ne
2282 4767 2581 4836 quidquam
2606 4781 2793 4821 amore
2821 4769 3057 4822 cederet.
3087 4768 3450 4834 Quamobrem
3514 4786 3636 4825 cum

2072 4860 2457 4925 admiraretur,
2494 4874 2557 4913 ac
2589 4859 2632 4913 si
2666 4860 2800 4928 quis.
2825 4860 2988 4923 alius,
3025 4861 3636 4926 amaretAlexandrum,

2074 4954 2300 5022 ejusque
2330 4952 2521 5006 lubens
2548 4952 2754 5013 omnia,
2810 4961 3076 5021 quantum
3131 4952 3341 5016 liceret,
3395 4954 3632 5020 audiret,

2076 5046 2387 5112 diceretque
2426 5060 2440 5109 ;
2494 5043 2622 5097 illud
2659 5052 2866 5107 tamen,
2901 5056 2956 5096 ut
2982 5059 3104 5098 cum
3150 5042 3433 5112 Philippus
3482 5055 3635 5114 pater

2076 5134 2403 5200 quandoque
2444 5131 2671 5185 dixissct
2706 5147 2719 5184 :
2781 5129 2891 5201 Ego
2910 5142 2958 5186 te
3002 5132 3085 5201 ﬁli
3120 5148 3261 5196 amo,
3299 5136 3640 5204 responderit

2078 5225 2204 5278 ille:
2242 5222 2354 5293 Ego
2392 5239 2592 5292 quovue
2619 5233 2667 5277 te
2715 5240 2834 5277 amo
2860 5240 3030 5278 meum
3061 5238 3266 5294 patrem
3291 5242 3310 5279 :
3336 5227 3479 5283 haud
3544 5230 3639 5283 illo

2076 5314 2240 5383 digne
2270 5316 2503 5379 dictum,
2541 5330 2662 5368 cum
2719 5326 2902 5370 tantus
2934 5326 3103 5383 esset,
3137 5319 3362 5373 omnino
3406 5321 3642 5374 arbitra-

2079 5408 2263 5472 batur,
2291 5422 2389 5460 nec
2410 5422 2598 5475 aequus
2640 5406 2849 5461 ferebat
2889 5426 2905 5474 ;
2949 5412 3077 5478 quin
3110 5410 3228 5479 ejus
3251 5427 3373 5464 cum
3409 5412 3644 5481 pudebat

2085 5515 2180 5566 pro
2216 5499 2317 5551 viri
2347 5499 2651 5551 reverentia
2684 5516 2698 5563 ;
2726 5500 2984 5552 nimirum
3024 5500 3116 5553 illo
3170 5509 3486 5567 accusante,
3536 5517 3644 5554 non

2085 5591 2418 5641 detractessc
2444 5603 2542 5657 pro
2566 5584 2854 5642 mendacio
2885 5605 3173 5655 excusare,
3200 5600 3458 5660 tanquam
3476 5591 3644 5659 patris

2083 5681 2428 5733 dilectionem
2478 5681 2811 5747 prmlialmnti
2839 5685 3289 5737 charissimorum
3349 5684 3548 5747 amori,
3584 5701 3646 5739 ea

2084 5772 2245 5823 verba
2281 5773 2332 5823 in
2376 5782 2629 5840 promptu
2662 5788 2769 5824 non
2808 5772 3037 5827 fuissent
3067 5789 3079 5825 :
3113 5759 3219 5839 Ego
3243 5781 3290 5825 te
3307 5788 3530 5841 quoque,
3554 5788 3646 5841 pa-

2088 5874 2186 5927 ter,
2204 5879 2342 5925 amo,
2374 5878 2585 5931 sumun
2609 5880 2808 5930 semper
2833 5873 3128 5928 amaturus,
3154 5880 3243 5916 nec
3277 5864 3430 5931 facile
3462 5880 3644 5917 aman—
