4060 6634
529 361 629 424 199

1708 357 2111 419 MANUELIS
2149 357 2605 419 PAL/EOLOGI

3680 359 3776 425 903

517 471 585 522 do
628 468 870 538 superari
914 469 1240 539 permittam,
1306 470 1396 538 qui
1441 470 1592 523 velim
1645 482 1904 538 prwstare
1946 472 2084 539 quod

2216 490 2272 525 ὀι
2296 472 2495 544 ῥᾳδίως
2521 473 2630 524 τῶν
2659 473 2946 542 πρωτείων
2975 474 3033 527 ὲν
3056 469 3132 544 τῷ
3160 472 3367 542 φιλεῖν,
3399 471 3584 529 δίκαια
3613 477 3775 546 πράτ.

514 564 601 619 ius
633 561 803 621 habet,
826 570 932 614 tum
961 563 1086 631 quia
1113 578 1203 630 per
1237 573 1283 615 te
1312 564 1433 626 sim,
1452 574 1562 615 tum
1587 558 1712 636 quia
1738 580 1886 617 auter
1923 565 2096 633 pluri-

518 653 819 722 mum,quia
853 652 1149 720 disciplinis
1184 655 1428 708 excultus
1462 672 1702 721 magnaa
1724 657 2118 724 teacccperim,.

519 760 583 798 ac
616 744 823 812 majora
852 759 1051 811 sperem
1082 758 1444 812 accepturum.
1490 745 1582 802 Sic
1613 750 1799 817 itaque
1861 750 2098 804 habebat

517 838 850 906 advpatrem,
887 853 987 890 nec
1014 837 1314 906 quidquam
1365 838 1617 893 dissimili
1662 842 1873 895 ratione
1905 840 2098 903 habuit

517 929 585 982 ad
614 938 865 983 matrem.
892 929 1027 983 Cum
1073 930 1220 983 enim
1268 930 1333 984 ad
1362 946 1556 987 omnes
1599 933 1879 988 modestus
1928 943 2096 997 esset,

519 1035 618 1074 nec
662 1020 956 1090 quidquam
989 1022 1362 1075 contentionis
1407 1038 1622 1089 amans,
1673 1029 1882 1087 amoris
1916 1035 2097 1085 tamen

518 1125 582 1163 ac
625 1110 995 1165 beneficentia:
1049 1112 1293 1180 partibus
1360 1113 1649 1170 universos
1700 1117 1919 1171 vincere
1967 1132 2099 1172 con-

522 1202 785 1256 tendebat
837 1221 851 1267 ;
894 1203 1188 1273 facilisque
1238 1206 1404 1259 vitam
1455 1208 1753 1274 amisisset,
1804 1217 1860 1262 ut
1893 1210 2099 1265 amoris

468 1334 479 1341 .
518 1295 626 1347 vim
664 1304 923 1365 quantam
952 1296 1196 1357 haberet,
1227 1298 1564 1353 ostenderet.
1600 1298 1737 1353 Cum
1762 1314 1890 1356 vero
1916 1300 2095 1356 multa

519 1401 583 1441 ac
612 1402 805 1458 magna
835 1398 1115 1460 superent,
1145 1390 1343 1462 quibus
1370 1391 1572 1459 possim
1600 1392 1673 1445 rei
1713 1392 1889 1447 facere
1916 1393 2096 1458 fidem,

520 1478 608 1533 ubi
644 1490 829 1535 tamen
884 1481 1120 1536 duorum
1176 1493 1385 1538 tantum
1436 1484 1757 1552 meminero,
1810 1502 1922 1540 rem
1962 1487 2101 1543 satis

519 1572 862 1629 confecero:
937 1589 1257 1645 quanquam
1295 1587 1350 1631 et
1388 1576 1479 1631 illa
1540 1562 1743 1639 multis
1792 1580 1860 1637 de
1913 1581 2100 1637 causis

519 1679 639 1719 sum
668 1667 995 1729 compendio
1024 1669 1272 1723 dicturus
1318 1685 1332 1734 ;
1385 1684 1508 1725 cum
1545 1686 1645 1729 nec
1703 1673 1910 1743 alioqui
1963 1673 2098 1729 mihi

519 1771 705 1811 sermo
731 1756 804 1809 sit
838 1756 904 1810 ad
935 1770 1033 1813 eos
1067 1757 1160 1828 qui
1193 1759 1463 1814 nesciant.

592 1845 858 1919 Vigebant
894 1850 1060 1917 mala,
1103 1851 1382 1921 triStisque
1398 1854 1572 1911 nobis
1614 1854 1833 1913 fortuna
1864 1855 1929 1913 ad
1959 1872 2108 1915 sum-

522 1956 669 1994 mum
723 1953 1072 2011 provexerat.
1120 1942 1236 1998 Jam
1306 1945 1573 2015 siquidem
1623 1956 1782 2015 capta
1837 1949 1970 2004 urbe
2003 1948 2104 2019 (ι),

522 2050 618 2088 arx
653 2034 725 2090 ita
750 2034 836 2089 vix
869 2049 977 2089 non
1000 2036 1827 2107 promiahatcapturoshostes,
1859 2041 2108 2095 cutnmi-

522 2129 606 2183 les
628 2128 875 2183 Persicus
896 2128 1066 2183 muris
1102 2129 1351 2184 haereret.
1376 2130 1598 2184 interim
1628 2146 1758 2202 ergo
1783 2146 1842 2189 se
1880 2132 1992 2187 dux
2021 2147 2110 2187 sa-

526 2226 808 2275 cramento
840 2221 1156 2291 obstringit,
1211 2220 1562 2292 obstringunt
1590 2238 1810 2294 quoque
1852 2227 2108 2297 praecipui

526 2314 766 2386 prtefecti
802 2316 1506 2384 tribunique,incolumem
1544 2317 1874 2375 remissuros
1908 2319 1959 2382 iu
1978 2335 2111 2391 pro-

524 2407 788 2461 vinciam.
822 2407 952 2461 Erat
984 2407 1097 2462 haec
1134 2406 1327 2462 civitas
1383 2405 1715 2462 Macedoniae
1771 2409 2109 2480 metropolis,

526 2511 591 2551 ac
643 2497 987 2553 urbesaliaa:
1058 2512 1293 2571 rumque
1337 2498 1472 2552 adeo
1509 2499 1846 2567 parentibus,
1918 2517 2114 2573 meque

528 2590 668 2659 ipso,
695 2606 758 2644 ac
789 2582 1025 2659 quorum
1057 2591 1123 2644 de
1154 2605 1221 2645 co
1245 2591 1548 2646 deliberare
1589 2593 1870 2657 intererat,
1923 2608 2114 2648 assen—

528 2667 813 2744 ticnlibus,
841 2694 930 2736 res
960 2681 1013 2734 in
1044 2690 1296 2751 promptu
1321 2690 1484 2747 esset,
1532 2680 1700 2752 erepit
1762 2686 2109 2751 postmodum

527 2779 735 2840 patrem
762 2771 1066 2840 poenitere:
1127 2773 1201 2825 fni
1238 2788 1366 2828 vero
1418 2774 1534 2844 ipse
1569 2775 1622 2830 in
1661 2790 1849 2840 causa,
1898 2776 2113 2837 tametsi

532 2862 743 2917 nolens.
778 2858 871 2914 Sic
894 2876 1059 2932 porro
1081 2877 1169 2916 res
1201 2862 1413 2927 habuit.

605 3037 684 3093 Me
707 3046 869 3107 caput
894 3051 959 3091 ac
987 3037 1152 3107 pedes
1176 3038 1524 3093 vulneratum
1580 3042 1634 3095 in
1688 3056 1785 3097 sua
1826 3040 1916 3097 ille
1953 3056 2114 3097 exce-

2200 582 2314 618 τειν
2344 564 2543 618 ιθέλων
2566 580 2578 595 ·
2627 565 2789 617 τοῦτο
2836 565 2959 631 μὲν,
2994 566 3056 617 τὸ
3092 561 3235 618 εῖναι
3266 565 3412 636 ἔχων
3463 568 3613 636 παρὰ
3645 568 3736 620 σοῦ
3758 583 3771 597 ·

2199 657 2359 710 τοῦτο
2380 657 2458 723 δὲ,
2488 657 2551 710 τὸ
2594 657 2802 726 σφόδρα
2848 656 3124 726 φιλεῖσθαι
3143 674 3160 690 ·
3191 657 3361 710 τοῦτο
3390 658 3469 723 δὲ,
3493 660 3556 710 τὸ
3584 675 3777 713 πεπαι-

2200 745 2449 812 δεῦσθαι,
2477 747 2574 800 καὶ
2618 747 2877 816 μεγάλων
2924 746 3144 814 ἀγαθῶν
3186 747 3654 813 ἀπολελαυκέναι,
3687 754 3777 803 καὶ¹

2199 839 2496 911 ἠλπικέναι
2525 839 2800 909 λήψεσθαι
2825 839 3022 911 μείζω.
3046 836 3174 909 Εἶχε
3211 840 3318 909 μὲν
3347 840 3525 906 οὕτως
3554 842 3698 911 αὐτῷ
3714 845 3779 898 τά

2201 928 2339 1003 πρὸς
2381 931 2474 983 τὸν
2536 932 2787 1003 πατέρα’
2824 925 2938 1000 εἷχε
2970 931 3028 983 δὲ
3055 930 3121 983 αὖ
3152 933 3363 1003 ὁμοίως
3394 934 3493 985 καὶ
3539 936 3607 987 τὰ
3650 937 3779 1005 πρὸς

2198 1020 2298 1092 τὴν
2339 1022 2572 1092 μητέρα.
2610 1023 2707 1075 Ὧν
2756 1022 2866 1092 γὰρ
2918 1022 3056 1090 πρὸς
3103 1023 3325 1087 πάντας
3387 1025 3636 1095 μέτριος,
3687 1028 3776 1078 καὶ

2204 1111 2459 1183 μηδαμοῦ
2493 1112 2735 1183 δύσερις,
2770 1112 2916 1166 κατὰ
2954 1112 3016 1164 τδ
3043 1112 3218 1184 φιλεῖν
3250 1117 3352 1166 καὶ
3395 1109 3458 1169 εὖ
3489 1118 3663 1168 ποιεῖν
3691 1121 3779 1170 καὶ

2200 1206 2535 1271 ἀποδιδόναι,
2565 1207 2788 1276 κρατεῖν
2810 1206 3065 1269 ἁπάντων
3095 1206 3469 1274 ἐφιλονείκει*
3498 1209 3592 1261 καὶ
3616 1209 3780 1281 ῥᾷστα

2200 1294 2267 1349 ἂν
2293 1295 2473 1364 ἀφῆκε
2512 1296 2605 1346 καὶ
2647 1292 2709 1346 τὸ
2739 1295 2862 1363 ζῇν,
2892 1293 3043 1357 ὅπως
3073 1293 3135 1348 τὸ
3174 1293 3411 1362 φίλτρον
3441 1293 3591 1358 ὅσον,
3621 1294 3780 1346 ἐνδεί-

2203 1385 2385 1457 ξηται.
2425 1385 2646 1440 Πολλῶν
2671 1384 2727 1438 δὲ
2759 1385 2931 1437 ὄντων
2966 1383 3248 1455 μεγάλων,
3281 1385 3356 1438 δι’
3386 1379 3464 1441 ὧν
3499 1387 3567 1440 ἂν
3605 1385 3780 1456 ἔχοιμι

2201 1479 2436 1546 τάληθὲς
2473 1475 2694 1549 δηλοῦν,
2728 1478 2875 1531 δυοῖν
2914 1493 2979 1547 γε
3037 1478 3200 1548 μόνον
3252 1478 3549 1550 μνησθεὶς,
3586 1480 3779 1533 αὐτίκα

2199 1572 2262 1626 τὸ
2314 1573 2424 1625 πᾶν
2483 1569 2860 1640 ἐπιδείξομαν
2925 1570 3105 1625 καίτοι
3178 1570 3276 1627 καὶ
3321 1570 3502 1625 ταῦτα
3552 1570 3782 1625 συνελὼν

2203 1663 2314 1735 ἀρῶ
2354 1661 2568 1716 πολλῶν
2609 1661 2814 1717 ἕνεκα·
2858 1658 2986 1716 Επεὶ
3029 1662 3124 1715 καὶ
3190 1660 3378 1727 ἄλλως
3432 1679 3497 1731 γε
3546 1662 3608 1716 οὐ
3657 1664 3782 1734 πρὶς

2204 1756 2539 1828 ἀγνοοῦντας
2559 1756 2699 1826 ἡμῖν
2725 1754 2753 1807 ό
2782 1754 2959 1820 λόγος.

2280 1845 2389 1903 Ἦν
2414 1850 2472 1902 ἐν
2505 1849 2658 1921 ἀκμῇ
2688 1845 2756 1899 τά
2784 1848 2957 1909 κακά,
2987 1845 3082 1901 καὶ
3110 1846 3179 1902 τὰ
3206 1847 3311 1916 τῆς
3341 1844 3641 1918 δυστυχίας
3661 1849 3781 1918 ἡμῖν

2209 1944 2264 2006 ὲς
2295 1941 2465 2010 ἄκρον
2494 1939 2820 2011 ἐληλακότα.
2853 1939 2966 1994 Καὶ
2993 1940 3175 1993 τοίνυν
3197 1940 3296 1993 τοῦ
3329 1942 3436 2011 μὲν
3466 1942 3661 2005 ἄστεος
3687 1941 3779 2011 ἤδη

2207 2018 2654 2102 κατειλημμένου
2678 2071 2694 2100 ,
2733 2032 2835 2100 τῆς
2860 2032 2918 2085 δὲ
2956 2031 3309 2103 ἀκροπόλεως
3346 2036 3639 2104 μονονουχὶ
3658 2048 3779 2103 προ-

2207 2127 2553 2197 καλουμένης
2584 2125 2715 2188 τοὺς
2770 2124 3135 2193 ληψομένους,
3202 2124 3302 2193 τῆς
3362 2126 3633 2196 στρατιᾶ-ς
3691 2124 3779 2193 τῆς

2211 2221 2489 2292 Περσικῆς
2530 2218 2999 2290 προσπελασάσης
3050 2218 3128 2289 τῷ
3161 2220 3356 2290 τείχει,
3386 2219 3659 2290 ὀμνύντος
3692 2220 3781 2288 μὲν

2211 2314 2307 2370 τοῦ
2348 2313 2684 2386 στρατηγοῦ,
2715 2313 2998 2385 ὀμνύντων
3019 2311 3075 2366 δὲ
3100 2310 3206 2365 τῶν
3244 2314 3544 2386 ἐκκρίτων,
3587 2314 3781 2367 ἐκεῖνον

2213 2409 2324 2463 σῶν
2380 2407 2458 2468 είς
2491 2406 2590 2475 τὴν
2625 2403 2794 2462 αὐτοῦ
2846 2404 3245 2475 παραπέμψειν
3292 2406 3515 2477 ἀρχὴν*
3569 2400 3636 2476 ἦν
3662 2402 3717 2456 δὲ
3750 2405 3779 2473 ἠ

2217 2500 2553 2570 μητρόπολις
2579 2498 2920 2561 Μακεδονίας
2955 2498 3053 2553 καὶ
3083 2496 3272 2561 πόλεις
3316 2499 3482 2553 ἄλλαι
3504 2513 3520 2530 ο
3549 2498 3577 2551 ὅ
3601 2514 3658 2550 τε
3686 2511 3780 2551 πα·
3860 2504 3870 2518 ’

2212 2595 2337 2663 τηρ,
2365 2592 2402 2660 ἦ
2431 2608 2492 2645 τε
2537 2593 2724 2663 μήτηρ
2751 2592 2928 2659 κάγὼ,
2963 2593 3060 2646 καὶ
3096 2585 3176 2654 οἷς
3207 2591 3455 2662 ἐμέλησε
3496 2592 3626 2660 περὶ
3648 2587 3777 2642 ἐκεί-

2214 2701 2307 2740 νου
2365 2683 2782 2754 βουλεύσασθαι,
2818 2682 3196 2745 συναινοῦντες
3241 2678 3393 2753 ἦμεν
3448 2684 3517 2753 τῇ
3575 2680 3778 2751 πράξει,

2214 2777 2369 2840 δντος
2390 2775 2446 2829 δὲ
2478 2777 2537 2827 ὲν
2564 2776 2748 2845 χεροῖν
2778 2774 2873 2826 τοῦ
2906 2774 3095 2850 ἔργου,
3130 2772 3324 2827 ἔπειτα
3354 2772 3666 2843 μετάμελος
3687 2767 3777 2841 ἧκε

2213 2865 2295 2936 τῷ
2322 2868 2523 2938 πατρί·
2573 2862 2641 2936 ἦν
2674 2864 2734 2918 δὲ
2763 2863 2937 2927 αἴτιος
2979 2862 3114 2933 ἐγὼ,
3153 2863 3432 2941 μηδαμῶς
3469 2860 3780 2932 βουλόμενος

2216 2952 2384 3013 εἶναι.
2413 2956 2620 3026 Συνέᾷη
2648 2956 2705 3011 δὲ
2729 2956 2849 3011 ὡδί.

2289 3051 2649 3120 Τετρωμένον
2686 3064 2754 3119 μα
2798 3048 2898 3107 τὴν
2931 3046 3175 3118 κεφαλὴν
3203 3047 3299 3101 καὶ
3346 3046 3429 3101 τὼ
3467 3046 3618 3112 πόδε,
3649 3038 3784 3113 εῖχεν

531 3138 685 3200 perat
710 3144 908 3200 genua.
941 3125 1194 3182 Manebat
1223 3142 1351 3181 vero
1397 3128 1673 3193 immotus,
1716 3146 1783 3185 ne
1823 3132 2111 3187 minimum

534 3220 752 3246 ...ιῖι1ιιηι
793 3232 984 3246 Ann-nona
1024 3220 1236 3246 nn:Inno
1304 3232 1402 3246 I\nn
1454 3218 1737 3246 ..κιαι-2η..-
1774 3221 1825 3246 2..
1876 3236 1960 3246 ...Α
1996 3237 2089 3246 η---

2217 3141 2585 3211 ἀνακείμενον
2618 3143 2712 3194 επὶ
2742 3140 2852 3195 τῶν
2890 3143 3156 3209 γονάτων.
3196 3140 3306 3197 Καὶ
3333 3141 3611 3211 διέμεινεν
3639 3135 3785 3203 ἀτρέ-

532 3220 753 3289 quidem
791 3232 986 3286 corpus
1024 3220 1238 3286 agitans
1263 3258 1276 3280 ,
1304 3232 1405 3287 pro
1454 3218 1757 3275 affectione.
1774 3221 1830 3276 in
1876 3236 1962 3279 me
1994 3237 2116 3278 sua.

532 3309 750 3366 Sciebat
765 3308 906 3363 enim
925 3308 1233 3378 augendum
1254 3309 1384 3363 mihi
1404 3309 1644 3364 dolorem
1672 3320 1733 3366 ut
1749 3326 1808 3365 se
1842 3312 1958 3381 ipse
1999 3328 2119 3367 mo—

534 3402 872 3457 veret.-Cum
902 3401 981 3456 sic
1004 3415 1136 3473 ergo
1174 3402 1242 3455 ab
1274 3416 1461 3455 amore
1484 3401 1790 3457 indivnlsus
1812 3413 1981 3470 esset,
2004 3419 2124 3458 ma-

533 3495 701 3551 nebat
734 3511 882 3551 mcas
911 3495 1180 3565 lacrymas
1204 3510 1424 3551 curans.
1451 3495 1607 3550 Haud
1636 3499 1783 3550 enim
1809 3496 1965 3552 facile
1984 3498 2124 3553 fere-

535 3586 628 3640 bat
659 3601 689 3638 a
710 3600 795 3639 me
821 3586 1091 3655 separari,
1111 3586 1202 3655 qui
1233 3598 1355 3640 esse
1378 3589 1446 3639 ab
1478 3601 1545 3640 eo
1573 3594 1900 3655 separatum
1921 3586 2122 3643 feram.

533 3677 654 3733 Jam
696 3679 842 3733 enim
867 3677 954 3732 ille
983 3691 1106 3731 cum
1136 3678 1371 3732 mortuis
1388 3679 1639 3733 conditus
1668 3687 1775 3743 cst,
1798 3693 2007 3749 nosque
2030 3679 2125 3734 ad-

537 3772 644 3826 lmc
691 3781 991 3837 exstamus,
1022 3787 1085 3827 ac
1122 3772 1459 3827 sustinemus
1485 3773 1739 3827 sensilem
1767 3774 1911 3828 hunc
1949 3773 2123 3829 solem

537 3864 805 3936 aspicere,
839 3875 1128 3934 postquam
1177 3864 1261 3917 sol
1314 3862 1404 3917 ille
1454 3879 1613 3919 meus
1674 3866 1896 3929 occidit,
1956 3881 2120 3936 quem

539 3974 702 4027 supra
749 3956 1097 4026 splendentes
1123 3954 1288 4011 hosce
1317 3955 1502 4011 radios
1545 3957 1774 4012 charum
1831 3958 2123 4013 habebam.

539 4048 759 4102 Interim
794 4061 922 4114 ergo
955 4045 1087 4099 dum
1124 4060 1304 4100 moras
1338 4046 1527 4111 trahit,
1590 4047 1655 4100 ad
1689 4063 1777 4101 me
1837 4049 1987 4103 venit
2026 4051 2124 4118 qui

540 4137 779 4203 nuntiet,
813 4146 872 4191 ut
913 4145 1064 4206 pater
1110 4137 1398 4191 consilium
1467 4138 1709 4201 mutarit,
1765 4139 1890 4193 vitae
1950 4141 2122 4194 aleam

540 4228 771 4293 veritus,
805 4236 863 4283 ut
893 4228 1135 4299 suspicio
1161 4227 1304 4282 foret
1331 4227 1522 4281 iniisse
1547 4225 1897 4282 Theodorum
1937 4229 2122 4299 fugam

541 4320 662 4390 ipso
714 4318 1001 4391 probante.
1043 4316 1141 4373 Vix
1204 4334 1354 4373 ante
1407 4319 1677 4383 audierat,
1743 4337 1865 4378 cum
1922 4324 2126 4379 nullius

541 4427 730 4478 suasu,
759 4420 922 4467 autve
943 4408 1284 4481 eispectans,
1315 4411 1410 4480 qui
1462 4411 1866 4479 adhortaretur,
1920 4418 2128 4487 quique

2226 3251 2356 3307 μας,
2388 3234 2656 3305 μηδαμῶς
2688 3235 2750 3287 τδ
2781 3233 2945 3304 σῶμα
2974 3234 3142 3291 κινῶν
3194 3233 3367 3303 οἴκτῳ
3393 3233 3476 3305 τῷ
3505 3231 3640 3303 πρὸς
3673 3226 3784 3298 ἐμέ.

2225 3327 2411 3395 Ἔγνω
2444 3328 2554 3399 γὰρ
2585 3327 2661 3388 ὡς
2685 3327 2952 3397 κινηθεὶς,
2971 3325 3164 3397 ὀδύνην
3186 3325 3527 3395 προξενήσει
3553 3340 3652 3392 μου
3676 3318 3784 3378 ταῖς

2223 3420 2487 3492 πληγαῖς.
2512 3420 2607 3474 Ὧν
2639 3419 2697 3473 δὲ
2724 3418 3299 3483 δυσαπόσπαστοςδιὰ
3332 3419 3403 3471 τὸ
3431 3417 3631 3489 φιλεῖν,
3666 3411 3786 3479 εμε-

2224 3528 2315 3566 νεν
2373 3512 2769 3581 ἐπιμελόμενος
2825 3526 2927 3580 μου
2978 3508 3258 3576 δακρύων.
3321 3511 3404 3563 Οὐ
3455 3512 3562 3578 γὰρ
3604 3502 3787 3577 ῥᾳδίως

2224 3605 2389 3675 ἔφερε
2410 3606 2503 3658 τὸν
2532 3605 2666 3673 ἐμὸν
2689 3605 2993 3674 χωρισμὸν,
3015 3602 3109 3657 τοῦ
3142 3606 3235 3657 τὸν
3265 3603 3484 3656 ἐκείνου
3515 3600 3783 3668 φέροντος.

2226 3700 2339 3753 Καὶ
2375 3705 2485 3769 γὰρ
2512 3700 2725 3760 ἐκεῖνος
2782 3697 2922 3769 μετὰ
2950 3698 3057 3750 τῶν
3087 3696 3301 3765 νεκρῶν
3323 3697 3428 3768 ἤδη
3463 3696 3784 3763 κέκρυπταιο

2226 3788 2389 3857 ἡμεῖς
2431 3786 2477 3838 δ’
2515 3788 2575 3838 ἔν
2619 3788 2788 3851 ζῶσιν
2819 3786 2900 3840 ἔτι
2931 3786 3262 3855 φαινόμεθα,
3311 3787 3412 3839 καὶ
3456 3780 3669 3839 τουτονὶ
3701 3775 3785 3829 τὸν

2226 3880 2379 3949 ἥλιον
2407 3880 2541 3950 ὁρᾷν
2567 3879 2896 3949 ἀνεχόμεθα,
2921 3867 3133 3932 ἐκείνου
3164 3878 3358 3941 δύντος
3405 3878 3513 3931 ὑπὸ
3545 3875 3642 3944 τὴν
3668 3870 3784 3938 γῆν,

2225 3971 2285 4034 ὃς
2330 3967 2399 4041 ἦν
2448 3972 2612 4041 ἡδίων
2645 3971 2774 4039 ἐμοὶ
2811 3971 3047 4038 ταυτησὶ
3083 3971 3183 4039 τῆς
3247 3969 3516 4040 λαμπρᾶς
3558 3964 3789 4020 ἀκτῖνος.

2240 4061 2330 4114 Ἐν
2356 4060 2420 4130 δὴ
2453 4061 2532 4130 τῷ
2573 4060 2791 4130 μέλλειν
2825 4061 3057 4125 ἐκεῖνον,
3088 4053 3192 4130 ἧκέ
3226 4075 3309 4121 τις
3342 4058 3628 4128 ἀγγέλλων
3658 4049 3786 4117 πρὸς

2226 4155 2351 4222 ἐμὲ,
2374 4153 2449 4214 ὡς
2479 4154 2508 4204 ό
2540 4152 2723 4224 πατὴρ
2753 4154 3134 4221 μεταμέλοιτο,
3161 4152 3349 4213 δεδιὼς
3387 4150 3518 4220 περὶ
3546 4144 3638 4202 τοῦ
3672 4144 3785 4213 ζῇν.

2228 4246 2294 4296 ἂν
2344 4245 2373 4298 ό
2406 4242 2659 4312 ,δρασμὸς
2714 4243 3031 4312 ὑποπτευθῇ
3082 4241 3419 4310 γεγενῆσθαι
3476 4243 3542 4309 τῇ
3590 4235 3786 4291 ἐκείνου

2229 4336 2443 4408 γνώμη.
2470 4336 2578 4390 Καὶ
2598 4336 2655 4399 ὃς
2688 4337 2880 4405 μαθὼν
2905 4337 2997 4390 ὑπ’
3034 4335 3192 4405 ἐμοῦ.
3225 4337 3365 4407 μήτε
3390 4334 3488 4387 106
3519 4330 3789 4385 πείσοντος

2227 4426 2469 4496 δεηθεὶς,
2515 4428 2654 4498 μήτε
2694 4427 2823 4489 τοὺς
2881 4408 3372 4492 παρακαλέσοντας
3404 4424 3721 4497 ἀναμείνας.
3755 4415 3785 4483 ἢ

542 4512 851 4575 regaretne
871 4504 1161 4558 stationem
1197 4504 1473 4563 desereret
1504 4506 1560 4560 in
1612 4521 1888 4567 summum
1947 4509 2113 4564 addu-

2229 4520 2355 4582 τοὺς
2389 4516 2723 4583 ἀξιώσοντας
2762 4517 2904 4589 ὑπὲρ
2929 4518 3029 4588 τῆς
3057 4519 3224 4587 μονῆς
3246 4518 3345 4588 τῆς
3375 4519 3460 4581 είς
3491 4517 3597 4569 πᾶν
3624 4510 3786 4566 δεινὸν

542 4604 756 4650 centem
788 4595 1108 4661 discrimen,
1143 4611 1257 4652 suae
1292 4597 1465 4667 ipsius
1491 4598 1653 4654 saluti
1685 4614 1749 4654 ac
1779 4601 1923 4667 vitae,
1944 4612 2125 4672 pater-

544 4701 668 4742 nam
691 4690 980 4757 anteponit
1043 4688 1401 4755 voluntatem,
1436 4704 1506 4745 ne
1554 4706 1733 4753 meum
1784 4694 1999 4762 quidem
2055 4710 2120 4751 ea

542 4787 697 4849 parte
731 4781 1020 4836 consilium
1093 4781 1401 4852 requirens,
1450 4796 1515 4839 ac
1559 4798 1659 4839 nec
1702 4785 1917 4849 matris,
1973 4788 2121 4858 quod

542 4873 728 4943 probis
754 4873 879 4928 ﬁliis
916 4873 1092 4942 majus
1130 4873 1387 4929 omnibus
1415 4882 1519 4931 est.
1560 4874 1799 4931 Sedebat
1835 4893 1966 4950 ergo
1999 4882 2122 4935 fixis

543 4968 597 5021 in
635 4976 834 5021 terram
868 4967 1194 5030 luminibus,
1240 4964 1530 5041 dirumque
1556 4970 1847 5036 quemdam
1902 4975 2126 5027 carnifi-

542 5074 660 5117 cem
696 5061 881 5113 animo
910 5056 1184 5124 versabat,
1213 5072 1337 5113 cum
1376 5072 1473 5128 per
1501 5074 1625 5115 eum
1679 5070 1870 5128 staret,
1903 5066 2121 5134 quomi-

624 5237 899 5312 (t)_(.'epto
922 5239 1071 5312 urbe.
1103 5236 1185 5292 Ab
1214 5238 1762 5312 andronicoimajorc
1806 5251 1935 5297 natu
1970 5244 2110 5298 filio-

546 5324 668 5365 rum
694 5308 823 5361 Calo
851 5305 1102 5373 Joannis,
1134 5322 1198 5362 ac
1219 5308 1483 5367 Manuelis
1524 5305 1717 5374 fratre,
1751 5316 1944 5367 ambos
1968 5316 2116 5370 obsi-

549 5382 746 5452 dente.
784 5379 1074 5452 impetrato
1107 5394 1137 5433 a
1170 5378 1421 5448 Bajazete
1472 5381 1665 5448 milite,
1701 5391 1989 5452 postquam
2049 5388 2117 5438 ab

548 5450 734 5522 infuso
754 5447 931 5503 oeulis
958 5461 1114 5522 aceto
1151 5452 1321 5518 patris
1364 5452 1520 5520 jussu
1553 5455 1624 5506 ob
1650 5447 2117 5522 :‘cuttjurati02tent

548 5522 603 5573 in
635 5520 812 5592 ipsum
850 5520 1101 5592 nonnihil
1137 5521 1510 5578 convaluisset
1540 5540 1555 5576 :
1604 5520 1790 5592 quam
1829 5525 2117 5578 historiam

549 5597 734 5662 narrat
763 5586 984 5662 Laonic.
1008 5590 1099 5662 lib.
1134 5605 1169 5643 Il
1196 5608 1211 5656 ;
1237 5606 1300 5644 ex
1330 5608 1440 5661 quo
1458 5586 1707 5647 vidcaiur
1739 5591 1847 5647 dux
1876 5593 1979 5648 iste
2029 5595 2120 5662 qui

549 5657 895 5739 Theodorum
938 5661 1090 5742 abire
1136 5657 1508 5742 pertitittebat,
1545 5663 1722 5742 fuisse
1757 5663 1873 5742 ipse
1902 5657 2127 5742 Andro-

551 5728 729 5802 uicus,
760 5730 983 5802 quissoli
1009 5728 1173 5802 patri,
1195 5732 1265 5785 ob
1295 5743 1573 5802 acceptam
1605 5728 1886 5801 iniuriam,
1922 5749 1987 5787 ac
2014 5734 2123 5787 Ma-

551 5798 699 5853 nucli
749 5798 1036 5871 designato
1090 5798 1443 5872 imperatori;
1486 5798 1735 5861 infensus
1784 5815 1948 5862 esset.
1998 5806 2126 5859 Erat

2224 4610 2570 4677 ἀπαιτούσης,
2601 4610 2661 4661 τὸ
2682 4608 2777 4664 τοῦ
2803 4610 3010 4680 πατρὸς
3039 4608 3205 4679 βούλη
3217 4628 3293 4680 μα
3341 4611 3445 4680 τῆς
3481 4610 3617 4670 ἰδίας
3654 4603 3789 4668 ζωῆς

2229 4698 2533 4772 προύθηκε,
2561 4702 2700 4770 μήτε
2722 4701 2822 4770 τὴν
2848 4700 2989 4772 ἐμὴν
3014 4701 3211 4771 βουλὴν
3237 4703 3319 4764 είς
3341 4702 3504 4754 10610
3534 4699 3786 4768 ζητήσας.

2232 4796 2372 4860 μήτε
2405 4793 2509 4861 μὴν
2540 4795 2639 4859 τὴν
2675 4791 2778 4859 τῆς
2812 4793 3039 4861 μητρὸς,
3073 4793 3292 4847 πάντων
3324 4795 3492 4845 οὖσαν
3522 4784 3792 4858 ἰσχυροτέ-

2232 4900 2330 4952 ραν
2376 4883 2549 4937 υίέσιν
2599 4882 2635 4938 ἃ
2681 4884 2764 4938 δεῖ
2812 4885 3169 4955 πράττουσιν.
3219 4884 3491 4954 Ἐκάθητο
3546 4881 3607 4946 δὴ
3663 4871 3790 4927 κατά

2230 4975 2416 5047 Χθονδῖ
2445 4974 2671 5045 δμματα
2701 4974 2900 5045 πήξας,
2934 4976 3030 5029 καί
3054 4993 3176 5029 τινα
3202 4976 3577 5046 ἀπάνθρωπον
3600 4970 3788 5038 δήμιον

2232 5067 2642 5137 φανταζόμενος
2666 5082 2681 5099 ο
2721 5069 2817 5121 καὶ
2846 5067 2994 5123 τοῦτ’
3044 5070 3244 5134 ἐποίει,
3276 5068 3469 5137 κύριος
3498 5067 3575 5119 ὣν
3616 5061 3789 5125 ’πάιῐτὶς

2221 5247 2393 5323 etiam
2425 5247 2749 5308 Theodorus
2779 5263 3039 5321 acceptus
3060 5253 3285 5315 Turcis,
3322 5255 3424 5307 sub
3454 5248 3652 5323 quib"?
3683 5242 3787 5309 iam

2221 5318 2539 5378 meruisset.
2581 5316 3045 5389 postmodumque
3079 5332 3304 5377 creatus
3331 5324 3442 5375 dux
3471 5316 3506 5371 Et
3551 5316 3789 5389 Βίξίίίῑθιβ

2224 5384 2593 5449 expeditione
2631 5394 2682 5444 in
2734 5384 3105 5447 Thessaliam.
3142 5392 3275 5446 Vide
3321 5394 3567 5446 cumdcnt
3605 5384 3792 5437 Laoni-

2224 5474 2347 5512 cum
2380 5475 2642 5513 :nccnon
2675 5459 2929 5526 Frantz.,
2954 5463 3042 5531 qui
3063 5464 3197 5531 ipsis
3231 5460 3567 5531 temporibus
3602 5454 3789 5531 floreus

2228 5531 2297 5582 a.l
2329 5532 2502 5597 ipsam
2553 5546 2728 5600 usque
2772 5522 2924 5587 urbis
2952 5522 3443 5601 expugnationem,
3470 5522 3784 5601 Palteolqgis,

2226 5595 2591 5654 charissimus
2625 5595 2690 5655 ac
2731 5595 3070 5659 domesticus
3104 5595 3368 5665 militans,
3403 5595 3649 5659 scintillae
3696 5595 3791 5643 im.

2232 5670 2393 5792 perii,
2425 5685 2587 5738 quam
2640 5674 2755 5742 ipse
2790 5676 3051 5743 appellat,
3104 5683 3391 5743 superstes
3430 5673 3552 5735 fuit,
3606 5668 3788 5728 resqlle

2277 5739 2663 5792 almuloaurum
2704 5755 3031 5792 prosccutus
3064 5753 3169 5792 est.

2277 5739 2674 5809 alatoluguruttt
2704 5739 3031 5811 prosccutus
3064 5753 3169 5802 est.
