  <div class='ocr_page' id='page_1' title='image "/cluster/home/n/w/nwhite01/storage/ocr_20150623/156/hvd.32044019208438/148.png"; bbox 0 0 4060 6588; ppageno 0'>
   <div class='ocr_carea' id='block_1_1' title="bbox 306 361 425 424">
    <p class='ocr_par' dir='ltr' id='par_1_1' title="bbox 306 361 425 424">
     <span class='ocr_line' id='line_1_1' title="bbox 306 361 425 424; baseline -0.008 0"><span class='ocrx_word' id='word_1_1' title='bbox 306 361 425 424; x_wconf 78' lang='grc'><strong>201</strong></span> 
     </span>
    </p>
   </div>
   <div class='ocr_carea' id='block_1_2' title="bbox 1115 350 2809 421">
    <p class='ocr_par' dir='ltr' id='par_1_2' title="bbox 1115 350 2809 421">
     <span class='ocr_line' id='line_1_2' title="bbox 1115 350 2809 421; baseline -0.003 0"><span class='ocrx_word' id='word_1_2' title='bbox 1115 359 1518 421; x_wconf 84' lang='lat' dir='ltr'><strong>THEODORI</strong></span> <span class='ocrx_word' id='word_1_3' title='bbox 1563 357 1921 419; x_wconf 62' lang='lat' dir='ltr'><strong>DESI‘OTE</strong></span> <span class='ocrx_word' id='word_1_4' title='bbox 1963 350 2357 418; x_wconf 63' lang='lat' dir='ltr'><strong>LAUDATIO</strong></span> <span class='ocrx_word' id='word_1_5' title='bbox 2393 355 2809 417; x_wconf 77' lang='lat' dir='ltr'><strong>FUNEBRIS.</strong></span> 
     </span>
    </p>
   </div>
   <div class='ocr_carea' id='block_1_3' title="bbox 3491 355 3598 418">
    <p class='ocr_par' dir='ltr' id='par_1_3' title="bbox 3491 355 3598 418">
     <span class='ocr_line' id='line_1_3' title="bbox 3491 355 3598 418; baseline 0.019 -2"><span class='ocrx_word' id='word_1_6' title='bbox 3491 355 3598 418; x_wconf 74' lang='lat'><strong>202</strong></span> 
     </span>
    </p>
   </div>
   <div class='ocr_carea' id='block_1_4' title="bbox 305 447 1909 544">
    <p class='ocr_par' dir='ltr' id='par_1_4' title="bbox 305 472 1907 544">
     <span class='ocr_line' id='line_1_4' title="bbox 305 472 1907 544; baseline -0.001 -20"><span class='ocrx_word' id='word_1_7' title='bbox 305 472 656 542; x_wconf 81' lang='grc' dir='ltr'>δυσχερείας</span> <span class='ocrx_word' id='word_1_8' title='bbox 683 473 1096 543; x_wconf 79' lang='grc' dir='ltr'>ἀπαλλαγῆναι,</span> <span class='ocrx_word' id='word_1_9' title='bbox 1117 474 1183 544; x_wconf 81' lang='grc' dir='ltr'>ἢν</span> <span class='ocrx_word' id='word_1_10' title='bbox 1203 476 1229 526; x_wconf 87' lang='grc' dir='ltr'><strong>ό</strong></span> <span class='ocrx_word' id='word_1_11' title='bbox 1255 472 1521 543; x_wconf 74' lang='grc' dir='ltr'>δυστυχὴς</span> <span class='ocrx_word' id='word_1_12' title='bbox 1541 474 1748 535; x_wconf 73' lang='grc' dir='ltr'>ἐκεῖνος</span> <span class='ocrx_word' id='word_1_13' title='bbox 1786 489 1907 524; x_wconf 82' lang='grc' dir='ltr'>και-</span> 
     </span>
    </p>
   </div>
   <div class='ocr_carea' id='block_1_5' title="bbox 2011 447 3597 544">
    <p class='ocr_par' dir='ltr' id='par_1_5' title="bbox 2015 447 3597 535">
     <span class='ocr_line' id='line_1_5' title="bbox 2015 447 3597 535; baseline -0.003 -14"><span class='ocrx_word' id='word_1_14' title='bbox 2015 484 2117 522; x_wconf 88' lang='lat' dir='ltr'><strong>nus</strong></span> <span class='ocrx_word' id='word_1_15' title='bbox 2151 469 2217 521; x_wconf 91' lang='lat' dir='ltr'><strong>ab</strong></span> <span class='ocrx_word' id='word_1_16' title='bbox 2259 447 2406 520; x_wconf 75' lang='lat' dir='ltr'><strong>omini</strong></span> <span class='ocrx_word' id='word_1_17' title='bbox 2445 469 2531 522; x_wconf 91' lang='lat' dir='ltr'><strong>illa</strong></span> <span class='ocrx_word' id='word_1_18' title='bbox 2566 467 2836 530; x_wconf 81' lang='lat' dir='ltr'><strong>molestia,</strong></span> <span class='ocrx_word' id='word_1_19' title='bbox 2865 480 3026 535; x_wconf 90' lang='lat' dir='ltr'><strong>quam</strong></span> <span class='ocrx_word' id='word_1_20' title='bbox 3067 465 3221 521; x_wconf 92' lang='lat' dir='ltr'><strong>triste</strong></span> <span class='ocrx_word' id='word_1_21' title='bbox 3276 465 3406 521; x_wconf 90' lang='lat' dir='ltr'><strong>illud</strong></span> <span class='ocrx_word' id='word_1_22' title='bbox 3460 476 3597 522; x_wconf 83' lang='lat' dir='ltr'><strong>tem.</strong></span> 
     </span>
    </p>
   </div>
   <div class='ocr_carea' id='block_1_6' title="bbox 307 561 1908 633">
    <p class='ocr_par' dir='ltr' id='par_1_6' title="bbox 307 561 1908 633">
     <span class='ocr_line' id='line_1_6' title="bbox 307 561 1908 633; baseline 0.001 -19"><span class='ocrx_word' id='word_1_23' title='bbox 307 561 420 631; x_wconf 80' lang='grc' dir='ltr'>ρὸς</span> <span class='ocrx_word' id='word_1_24' title='bbox 444 565 580 633; x_wconf 77' lang='grc' dir='ltr'>ἡμῖν</span> <span class='ocrx_word' id='word_1_25' title='bbox 634 563 908 633; x_wconf 70' lang='grc' dir='ltr'>ἐπήνεγκε</span> <span class='ocrx_word' id='word_1_26' title='bbox 943 563 1311 633; x_wconf 80' lang='grc' dir='ltr'><strong>πολλαχόθεν·</strong></span> <span class='ocrx_word' id='word_1_27' title='bbox 1353 564 1578 630; x_wconf 90' lang='grc' dir='ltr'>ἀγαθῶν</span> <span class='ocrx_word' id='word_1_28' title='bbox 1614 565 1670 617; x_wconf 86' lang='grc' dir='ltr'>δὲ</span> <span class='ocrx_word' id='word_1_29' title='bbox 1723 563 1908 626; x_wconf 81' lang='grc' dir='ltr'>τεύξε-</span> 
     </span>
    </p>
   </div>
   <div class='ocr_carea' id='block_1_7' title="bbox 307 651 1909 726">
    <p class='ocr_par' dir='ltr' id='par_1_7' title="bbox 307 651 1909 726">
     <span class='ocr_line' id='line_1_7' title="bbox 307 651 1909 726; baseline 0.002 -20"><span class='ocrx_word' id='word_1_30' title='bbox 307 656 452 706; x_wconf 81' lang='grc' dir='ltr'>σθαι</span> <span class='ocrx_word' id='word_1_31' title='bbox 479 654 575 708; x_wconf 76' lang='grc' dir='ltr'>καὶ</span> <span class='ocrx_word' id='word_1_32' title='bbox 608 651 755 725; x_wconf 72' lang='grc' dir='ltr'>ἡμᾶς</span> <span class='ocrx_word' id='word_1_33' title='bbox 788 655 1183 726; x_wconf 73' lang='grc' dir='ltr'><strong>ἐλευθερώσειν</strong></span> <span class='ocrx_word' id='word_1_34' title='bbox 1217 656 1476 721; x_wconf 76' lang='grc' dir='ltr'><strong>ἐλπίζων,</strong></span> <span class='ocrx_word' id='word_1_35' title='bbox 1507 658 1560 709; x_wconf 85' lang='grc' dir='ltr'><strong>εί</strong></span> <span class='ocrx_word' id='word_1_36' title='bbox 1582 673 1644 724; x_wconf 90' lang='grc' dir='ltr'><strong>γε</strong></span> <span class='ocrx_word' id='word_1_37' title='bbox 1679 657 1784 723; x_wconf 73' lang='grc' dir='ltr'><strong>ἔξω</strong></span> <span class='ocrx_word' id='word_1_38' title='bbox 1815 659 1909 722; x_wconf 86' lang='grc' dir='ltr'>γέ-</span> 
     </span>
    </p>
   </div>
   <div class='ocr_carea' id='block_1_8' title="bbox 305 740 1909 819">
    <p class='ocr_par' dir='ltr' id='par_1_8' title="bbox 305 740 1909 819">
     <span class='ocr_line' id='line_1_8' title="bbox 305 740 1909 819; baseline 0.001 -19"><span class='ocrx_word' id='word_1_39' title='bbox 305 765 470 801; x_wconf 87' lang='grc' dir='ltr'>νοιτο</span> <span class='ocrx_word' id='word_1_40' title='bbox 495 749 733 815; x_wconf 83' lang='grc' dir='ltr'>δεσμῶν.</span> <span class='ocrx_word' id='word_1_41' title='bbox 785 748 842 800; x_wconf 83' lang='grc'><strong>’0</strong></span> <span class='ocrx_word' id='word_1_42' title='bbox 869 747 915 801; x_wconf 86' lang='grc' dir='ltr'>δ’</span> <span class='ocrx_word' id='word_1_43' title='bbox 948 740 1121 801; x_wconf 77' lang='grc' dir='ltr'>είλετο</span> <span class='ocrx_word' id='word_1_44' title='bbox 1153 749 1662 818; x_wconf 66' lang='grc' dir='ltr'>ωγκαθειρχθῆναι</span> <span class='ocrx_word' id='word_1_45' title='bbox 1707 750 1909 819; x_wconf 78' lang='grc' dir='ltr'>μᾶλλον</span> 
     </span>
    </p>
   </div>
   <div class='ocr_carea' id='block_1_9' title="bbox 305 838 1906 914">
    <p class='ocr_par' dir='ltr' id='par_1_9' title="bbox 305 838 1906 914">
     <span class='ocr_line' id='line_1_9' title="bbox 305 838 1906 914; baseline 0.003 -23"><span class='ocrx_word' id='word_1_46' title='bbox 305 842 460 908; x_wconf 75' lang='grc' dir='ltr'>ἡμῖν</span> <span class='ocrx_word' id='word_1_47' title='bbox 521 843 578 893; x_wconf 92' lang='grc' dir='ltr'><strong>ἐν</strong></span> <span class='ocrx_word' id='word_1_48' title='bbox 614 841 831 909; x_wconf 74' lang='grc' dir='ltr'>εἱρκτῇ,</span> <span class='ocrx_word' id='word_1_49' title='bbox 860 841 894 912; x_wconf 68' lang='grc' dir='ltr'>ἡ</span> <span class='ocrx_word' id='word_1_50' title='bbox 929 840 993 912; x_wconf 78' lang='grc' dir='ltr'>δὴ</span> <span class='ocrx_word' id='word_1_51' title='bbox 1046 842 1139 894; x_wconf 80' lang='grc' dir='ltr'>καὶ</span> <span class='ocrx_word' id='word_1_52' title='bbox 1175 841 1300 895; x_wconf 84' lang='grc' dir='ltr'>καθ’</span> <span class='ocrx_word' id='word_1_53' title='bbox 1345 842 1520 912; x_wconf 80' lang='grc' dir='ltr'>αὐτήν</span> <span class='ocrx_word' id='word_1_54' title='bbox 1556 842 1786 905; x_wconf 81' lang='grc' dir='ltr'>θάνατος</span> <span class='ocrx_word' id='word_1_55' title='bbox 1817 838 1906 914; x_wconf 81' lang='grc' dir='ltr'><strong>ῆν,</strong></span> 
     </span>
    </p>
   </div>
   <div class='ocr_carea' id='block_1_10' title="bbox 304 923 1906 1004">
    <p class='ocr_par' dir='ltr' id='par_1_10' title="bbox 304 923 1906 1004">
     <span class='ocr_line' id='line_1_10' title="bbox 304 923 1906 1004; baseline 0.004 -20"><span class='ocrx_word' id='word_1_56' title='bbox 304 933 394 994; x_wconf 81' lang='grc' dir='ltr'><strong>ὡς</strong></span> <span class='ocrx_word' id='word_1_57' title='bbox 428 933 629 995; x_wconf 77' lang='grc' dir='ltr'>εἰπεῖν,</span> <span class='ocrx_word' id='word_1_58' title='bbox 666 934 761 985; x_wconf 74' lang='grc' dir='ltr'>καὶ</span> <span class='ocrx_word' id='word_1_59' title='bbox 786 923 876 986; x_wconf 69' lang='grc' dir='ltr'><strong>τὸν</strong></span> <span class='ocrx_word' id='word_1_60' title='bbox 909 934 1018 986; x_wconf 80' lang='grc' dir='ltr'>ἀπὸ</span> <span class='ocrx_word' id='word_1_61' title='bbox 1051 934 1145 987; x_wconf 81' lang='grc' dir='ltr'>τοῦ</span> <span class='ocrx_word' id='word_1_62' title='bbox 1175 933 1366 1004; x_wconf 78' lang='grc' dir='ltr'>ξίφους</span> <span class='ocrx_word' id='word_1_63' title='bbox 1432 935 1906 1004; x_wconf 82' lang='grc' dir='ltr'>προσαπειλοῦσα.</span> 
     </span>
    </p>
   </div>
   <div class='ocr_carea' id='block_1_11' title="bbox 305 1023 1906 1098">
    <p class='ocr_par' dir='ltr' id='par_1_11' title="bbox 305 1023 1906 1098">
     <span class='ocr_line' id='line_1_11' title="bbox 305 1023 1906 1098; baseline 0.003 -23"><span class='ocrx_word' id='word_1_64' title='bbox 305 1023 493 1076; x_wconf 80' lang='grc' dir='ltr'>Ὥστε</span> <span class='ocrx_word' id='word_1_65' title='bbox 529 1023 726 1094; x_wconf 82' lang='grc' dir='ltr'>γνώμῃ</span> <span class='ocrx_word' id='word_1_66' title='bbox 765 1024 997 1095; x_wconf 81' lang='grc' dir='ltr'>τέθνηκε</span> <span class='ocrx_word' id='word_1_67' title='bbox 1027 1025 1116 1078; x_wconf 76' lang='grc' dir='ltr'><strong>διὰ</strong></span> <span class='ocrx_word' id='word_1_68' title='bbox 1139 1029 1239 1096; x_wconf 77' lang='grc' dir='ltr'>τὴν</span> <span class='ocrx_word' id='word_1_69' title='bbox 1269 1026 1364 1080; x_wconf 84' lang='grc' dir='ltr'><strong>τοῦ</strong></span> <span class='ocrx_word' id='word_1_70' title='bbox 1396 1030 1603 1098; x_wconf 76' lang='grc' dir='ltr'>πατρὸς</span> <span class='ocrx_word' id='word_1_71' title='bbox 1633 1028 1906 1097; x_wconf 71' lang='grc' dir='ltr'>ὑποψίανο</span> 
     </span>
    </p>
   </div>
   <div class='ocr_carea' id='block_1_12' title="bbox 308 1112 1909 1192">
    <p class='ocr_par' dir='ltr' id='par_1_12' title="bbox 308 1112 1909 1192">
     <span class='ocr_line' id='line_1_12' title="bbox 308 1112 1909 1192; baseline 0.003 -24"><span class='ocrx_word' id='word_1_72' title='bbox 308 1117 464 1183; x_wconf 70' lang='grc' dir='ltr'>πρὸς</span> <span class='ocrx_word' id='word_1_73' title='bbox 494 1117 560 1184; x_wconf 70' lang='grc' dir='ltr'>ἦν</span> <span class='ocrx_word' id='word_1_74' title='bbox 593 1116 659 1168; x_wconf 83' lang='grc' dir='ltr'>ἂν</span> <span class='ocrx_word' id='word_1_75' title='bbox 690 1112 802 1184; x_wconf 78' lang='grc' dir='ltr'>εἶχε</span> <span class='ocrx_word' id='word_1_76' title='bbox 845 1117 1014 1189; x_wconf 79' lang='grc' dir='ltr'>μυρία</span> <span class='ocrx_word' id='word_1_77' title='bbox 1046 1117 1250 1184; x_wconf 83' lang='grc' dir='ltr'>λέγειν,</span> <span class='ocrx_word' id='word_1_78' title='bbox 1289 1119 1345 1170; x_wconf 72' lang='grc' dir='ltr'>εἴ</span> <span class='ocrx_word' id='word_1_79' title='bbox 1375 1136 1440 1187; x_wconf 91' lang='grc' dir='ltr'><strong>γε</strong></span> <span class='ocrx_word' id='word_1_80' title='bbox 1471 1119 1725 1173; x_wconf 75' lang='grc' dir='ltr'>ἐϐούλετο</span> <span class='ocrx_word' id='word_1_81' title='bbox 1758 1138 1909 1192; x_wconf 80' lang='grc' dir='ltr'>παρ-</span> 
     </span>
    </p>
   </div>
   <div class='ocr_carea' id='block_1_13' title="bbox 308 1204 1914 1282">
    <p class='ocr_par' dir='ltr' id='par_1_13' title="bbox 308 1204 1914 1282">
     <span class='ocr_line' id='line_1_13' title="bbox 308 1204 1914 1282; baseline 0.006 -25"><span class='ocrx_word' id='word_1_82' title='bbox 308 1207 623 1261; x_wconf 82' lang='grc' dir='ltr'>αιτεῐσθαι.</span> <span class='ocrx_word' id='word_1_83' title='bbox 673 1207 826 1259; x_wconf 82' lang='grc' dir='ltr'>Ἐπεὶ</span> <span class='ocrx_word' id='word_1_84' title='bbox 858 1211 954 1261; x_wconf 73' lang='grc' dir='ltr'>καὶ</span> <span class='ocrx_word' id='word_1_85' title='bbox 1008 1204 1149 1278; x_wconf 76' lang='grc' dir='ltr'>ἦσαν</span> <span class='ocrx_word' id='word_1_86' title='bbox 1203 1212 1253 1262; x_wconf 75' lang='grc' dir='ltr'>οἱ</span> <span class='ocrx_word' id='word_1_87' title='bbox 1292 1212 1554 1264; x_wconf 88' lang='grc' dir='ltr'>τάναντία</span> <span class='ocrx_word' id='word_1_88' title='bbox 1581 1213 1658 1278; x_wconf 84' lang='grc' dir='ltr'>τῷ</span> <span class='ocrx_word' id='word_1_89' title='bbox 1701 1213 1914 1282; x_wconf 83' lang='grc' dir='ltr'>βασιλεῖ</span> 
     </span>
    </p>
   </div>
   <div class='ocr_carea' id='block_1_14' title="bbox 308 1296 1911 1378">
    <p class='ocr_par' dir='ltr' id='par_1_14' title="bbox 308 1296 1911 1378">
     <span class='ocr_line' id='line_1_14' title="bbox 308 1296 1911 1378; baseline 0.007 -28"><span class='ocrx_word' id='word_1_90' title='bbox 308 1299 599 1366; x_wconf 84' lang='grc' dir='ltr'>λέγοντες,</span> <span class='ocrx_word' id='word_1_91' title='bbox 631 1296 714 1364; x_wconf 77' lang='grc' dir='ltr'><strong>οἷς</strong></span> <span class='ocrx_word' id='word_1_92' title='bbox 738 1317 801 1370; x_wconf 87' lang='grc' dir='ltr'><strong>γε</strong></span> <span class='ocrx_word' id='word_1_93' title='bbox 831 1303 928 1355; x_wconf 77' lang='grc' dir='ltr'>καὶ</span> <span class='ocrx_word' id='word_1_94' title='bbox 967 1305 1129 1366; x_wconf 76' lang='grc' dir='ltr'>αὐτὸς</span> <span class='ocrx_word' id='word_1_95' title='bbox 1157 1305 1558 1374; x_wconf 85' lang='grc' dir='ltr'>συνεστοίχουν.</span> <span class='ocrx_word' id='word_1_96' title='bbox 1598 1307 1768 1360; x_wconf 79' lang='grc' dir='ltr'>Ὀντα</span> <span class='ocrx_word' id='word_1_97' title='bbox 1799 1308 1911 1378; x_wconf 82' lang='grc' dir='ltr'><strong>γὰρ</strong></span> 
     </span>
    </p>
   </div>
   <div class='ocr_carea' id='block_1_15' title="bbox 307 1392 1912 1467">
    <p class='ocr_par' dir='ltr' id='par_1_15' title="bbox 307 1392 1912 1467">
     <span class='ocr_line' id='line_1_15' title="bbox 307 1392 1912 1467; baseline 0.004 -23"><span class='ocrx_word' id='word_1_98' title='bbox 307 1393 492 1444; x_wconf 80' lang='grc' dir='ltr'>αὑτὸν</span> <span class='ocrx_word' id='word_1_99' title='bbox 522 1393 682 1455; x_wconf 73' lang='grc' dir='ltr'>ἐκτὸς</span> <span class='ocrx_word' id='word_1_100' title='bbox 710 1392 765 1445; x_wconf 86' lang='grc' dir='ltr'><strong>τί</strong></span> <span class='ocrx_word' id='word_1_101' title='bbox 797 1394 897 1445; x_wconf 87' lang='grc' dir='ltr'><strong>ούκ</strong></span> <span class='ocrx_word' id='word_1_102' title='bbox 928 1394 995 1446; x_wconf 78' lang='grc' dir='ltr'>ἂν</span> <span class='ocrx_word' id='word_1_103' title='bbox 1035 1395 1176 1466; x_wconf 80' lang='grc' dir='ltr'>ὑπὲρ</span> <span class='ocrx_word' id='word_1_104' title='bbox 1216 1398 1374 1467; x_wconf 77' lang='grc' dir='ltr'>ἡμῶν</span> <span class='ocrx_word' id='word_1_105' title='bbox 1409 1399 1657 1466; x_wconf 72' lang='grc' dir='ltr'>πρᾶξαις</span> <span class='ocrx_word' id='word_1_106' title='bbox 1688 1399 1912 1464; x_wconf 81' lang='grc' dir='ltr'>Ἕξουσι</span> 
     </span>
    </p>
   </div>
   <div class='ocr_carea' id='block_1_16' title="bbox 313 1485 1912 1561">
    <p class='ocr_par' dir='ltr' id='par_1_16' title="bbox 313 1485 1912 1561">
     <span class='ocr_line' id='line_1_16' title="bbox 313 1485 1912 1561; baseline 0.006 -25"><span class='ocrx_word' id='word_1_107' title='bbox 313 1485 426 1554; x_wconf 75' lang='grc' dir='ltr'>μὲν</span> <span class='ocrx_word' id='word_1_108' title='bbox 455 1487 513 1537; x_wconf 88' lang='grc' dir='ltr'><strong>αί</strong></span> <span class='ocrx_word' id='word_1_109' title='bbox 549 1485 745 1548; x_wconf 78' lang='grc' dir='ltr'><strong>νύκτες</strong></span> <span class='ocrx_word' id='word_1_110' title='bbox 776 1487 1226 1556; x_wconf 78' lang='grc' dir='ltr'>ἐναγρυπνοῦντα</span> <span class='ocrx_word' id='word_1_111' title='bbox 1277 1492 1398 1552; x_wconf 82' lang='grc' dir='ltr'>ταῖς</span> <span class='ocrx_word' id='word_1_112' title='bbox 1432 1492 1674 1561; x_wconf 76' lang='grc' dir='ltr'><strong>βουλαῖς,</strong></span> <span class='ocrx_word' id='word_1_113' title='bbox 1710 1487 1798 1555; x_wconf 74' lang='grc' dir='ltr'>αἷς</span> <span class='ocrx_word' id='word_1_114' title='bbox 1844 1493 1912 1545; x_wconf 78' lang='grc' dir='ltr'>ἂν</span> 
     </span>
    </p>
   </div>
   <div class='ocr_carea' id='block_1_17' title="bbox 307 1573 1912 1653">
    <p class='ocr_par' dir='ltr' id='par_1_17' title="bbox 307 1573 1912 1653">
     <span class='ocr_line' id='line_1_17' title="bbox 307 1573 1912 1653; baseline 0.006 -24"><span class='ocrx_word' id='word_1_115' title='bbox 307 1579 474 1647; x_wconf 71' lang='grc' dir='ltr'>ἡμᾶς</span> <span class='ocrx_word' id='word_1_116' title='bbox 506 1579 757 1648; x_wconf 76' lang='grc' dir='ltr'>ῥύσαιτο,</span> <span class='ocrx_word' id='word_1_117' title='bbox 809 1573 998 1649; x_wconf 81' lang='grc' dir='ltr'>δρθροι</span> <span class='ocrx_word' id='word_1_118' title='bbox 1033 1581 1114 1647; x_wconf 85' lang='grc' dir='ltr'>δὲ,</span> <span class='ocrx_word' id='word_1_119' title='bbox 1158 1574 1547 1653; x_wconf 77' lang='grc' dir='ltr'>ἐπιχειρούντα</span> <span class='ocrx_word' id='word_1_120' title='bbox 1595 1586 1766 1639; x_wconf 78' lang='grc' dir='ltr'>ἅπασι</span> <span class='ocrx_word' id='word_1_121' title='bbox 1801 1589 1912 1650; x_wconf 83' lang='grc' dir='ltr'>τοῖς</span> 
     </span>
    </p>
   </div>
   <div class='ocr_carea' id='block_1_18' title="bbox 311 1671 1912 1742">
    <p class='ocr_par' dir='ltr' id='par_1_18' title="bbox 311 1671 1912 1742">
     <span class='ocr_line' id='line_1_18' title="bbox 311 1671 1912 1742; baseline 0.006 -20"><span class='ocrx_word' id='word_1_122' title='bbox 311 1671 512 1736; x_wconf 74' lang='grc' dir='ltr'>δόξασι</span> <span class='ocrx_word' id='word_1_123' title='bbox 545 1671 792 1739; x_wconf 77' lang='grc' dir='ltr'>νύκτωρ,</span> <span class='ocrx_word' id='word_1_124' title='bbox 821 1673 1179 1742; x_wconf 76' lang='grc' dir='ltr'>φροντίζοντα</span> <span class='ocrx_word' id='word_1_125' title='bbox 1213 1675 1312 1741; x_wconf 80' lang='grc' dir='ltr'>μὲν</span> <span class='ocrx_word' id='word_1_126' title='bbox 1342 1676 1454 1728; x_wconf 85' lang='grc' dir='ltr'><strong>τῶν</strong></span> <span class='ocrx_word' id='word_1_127' title='bbox 1479 1677 1733 1740; x_wconf 84' lang='grc' dir='ltr'>δεόντων,</span> <span class='ocrx_word' id='word_1_128' title='bbox 1763 1679 1912 1742; x_wconf 82' lang='grc' dir='ltr'>ὅπως</span> 
     </span>
    </p>
   </div>
   <div class='ocr_carea' id='block_1_19' title="bbox 312 1763 1907 1833">
    <p class='ocr_par' dir='ltr' id='par_1_19' title="bbox 312 1763 1907 1833">
     <span class='ocr_line' id='line_1_19' title="bbox 312 1763 1907 1833; baseline 0.005 -19"><span class='ocrx_word' id='word_1_129' title='bbox 312 1763 375 1816; x_wconf 80' lang='grc' dir='ltr'>δὲ</span> <span class='ocrx_word' id='word_1_130' title='bbox 395 1765 551 1824; x_wconf 77' lang='grc' dir='ltr'>τέλος</span> <span class='ocrx_word' id='word_1_131' title='bbox 573 1763 852 1831; x_wconf 89' lang='grc' dir='ltr'>προσῆκον</span> <span class='ocrx_word' id='word_1_132' title='bbox 875 1765 1030 1833; x_wconf 79' lang='grc' dir='ltr'>σχοίη</span> <span class='ocrx_word' id='word_1_133' title='bbox 1045 1763 1114 1817; x_wconf 81' lang='grc' dir='ltr'><strong>τά</strong></span> <span class='ocrx_word' id='word_1_134' title='bbox 1138 1764 1389 1828; x_wconf 83' lang='grc' dir='ltr'>δόξαντα,</span> <span class='ocrx_word' id='word_1_135' title='bbox 1412 1767 1590 1820; x_wconf 83' lang='grc' dir='ltr'>πάντα</span> <span class='ocrx_word' id='word_1_136' title='bbox 1609 1768 1872 1822; x_wconf 82' lang='grc' dir='ltr'>ποιοῦντα</span> <span class='ocrx_word' id='word_1_137' title='bbox 1891 1785 1907 1802; x_wconf 77' lang='grc' dir='ltr'><strong>ο</strong></span> 
     </span>
    </p>
   </div>
   <div class='ocr_carea' id='block_1_20' title="bbox 317 1852 1920 1931">
    <p class='ocr_par' dir='ltr' id='par_1_20' title="bbox 317 1852 1920 1931">
     <span class='ocr_line' id='line_1_20' title="bbox 317 1852 1920 1931; baseline 0.005 -24"><span class='ocrx_word' id='word_1_138' title='bbox 317 1852 780 1925; x_wconf 80' lang='grc' dir='ltr'>ὑπισχνούμενον,</span> <span class='ocrx_word' id='word_1_139' title='bbox 810 1855 1164 1925; x_wconf 82' lang='grc' dir='ltr'>ἐγγυώμενον</span> <span class='ocrx_word' id='word_1_140' title='bbox 1197 1859 1338 1929; x_wconf 80' lang='grc' dir='ltr'>ὑπὲρ</span> <span class='ocrx_word' id='word_1_141' title='bbox 1366 1861 1473 1912; x_wconf 68' lang='grc' dir='ltr'>τᾶν</span> <span class='ocrx_word' id='word_1_142' title='bbox 1492 1860 1886 1931; x_wconf 77' lang='grc' dir='ltr'><strong>ὑπεσχημένων</strong></span> <span class='ocrx_word' id='word_1_143' title='bbox 1906 1879 1920 1893; x_wconf 87' lang='grc'><strong>·</strong></span> 
     </span>
    </p>
   </div>
   <div class='ocr_carea' id='block_1_21' title="bbox 321 1947 1905 2022">
    <p class='ocr_par' dir='ltr' id='par_1_21' title="bbox 321 1947 1905 2022">
     <span class='ocr_line' id='line_1_21' title="bbox 321 1947 1905 2022; baseline 0.004 -23"><span class='ocrx_word' id='word_1_144' title='bbox 321 1947 572 2018; x_wconf 77' lang='grc' dir='ltr'>ὀμνύντα</span> <span class='ocrx_word' id='word_1_145' title='bbox 610 1947 803 2001; x_wconf 89' lang='grc' dir='ltr'>τούτου</span> <span class='ocrx_word' id='word_1_146' title='bbox 834 1947 1035 2015; x_wconf 79' lang='grc' dir='ltr'><strong>δεῆσαν</strong></span> <span class='ocrx_word' id='word_1_147' title='bbox 1067 1951 1206 2018; x_wconf 83' lang='grc' dir='ltr'>πρὸς</span> <span class='ocrx_word' id='word_1_148' title='bbox 1243 1953 1369 2012; x_wconf 80' lang='grc' dir='ltr'>τοὺς</span> <span class='ocrx_word' id='word_1_149' title='bbox 1398 1952 1734 2022; x_wconf 79' lang='grc' dir='ltr'>δυναμένους</span> <span class='ocrx_word' id='word_1_150' title='bbox 1761 1953 1905 2017; x_wconf 85' lang='grc' dir='ltr'>ἀμύ-</span> 
     </span>
    </p>
   </div>
   <div class='ocr_carea' id='block_1_22' title="bbox 322 2041 1904 2117">
    <p class='ocr_par' dir='ltr' id='par_1_22' title="bbox 322 2041 1904 2117">
     <span class='ocr_line' id='line_1_22' title="bbox 322 2041 1904 2117; baseline 0.004 -25"><span class='ocrx_word' id='word_1_151' title='bbox 322 2057 476 2093; x_wconf 88' lang='grc' dir='ltr'>νειν·</span> <span class='ocrx_word' id='word_1_152' title='bbox 537 2041 705 2112; x_wconf 82' lang='grc' dir='ltr'>μηδέν</span> <span class='ocrx_word' id='word_1_153' title='bbox 771 2042 946 2094; x_wconf 87' lang='grc' dir='ltr'>ἐῶντα</span> <span class='ocrx_word' id='word_1_154' title='bbox 1000 2042 1110 2094; x_wconf 88' lang='grc' dir='ltr'><strong>τῶν</strong></span> <span class='ocrx_word' id='word_1_155' title='bbox 1167 2045 1548 2098; x_wconf 88' lang='grc' dir='ltr'>συνοισόντων.</span> <span class='ocrx_word' id='word_1_156' title='bbox 1582 2045 1696 2115; x_wconf 75' lang='grc' dir='ltr'><strong>Τὴν</strong></span> <span class='ocrx_word' id='word_1_157' title='bbox 1726 2046 1784 2099; x_wconf 82' lang='grc' dir='ltr'><strong>δέ</strong></span> <span class='ocrx_word' id='word_1_158' title='bbox 1839 2045 1904 2117; x_wconf 73' lang='grc' dir='ltr'>δὴ</span> 
     </span>
    </p>
   </div>
   <div class='ocr_carea' id='block_1_23' title="bbox 330 2131 1906 2204">
    <p class='ocr_par' dir='ltr' id='par_1_23' title="bbox 330 2131 1906 2204">
     <span class='ocr_line' id='line_1_23' title="bbox 330 2131 1906 2204; baseline 0.004 -21"><span class='ocrx_word' id='word_1_159' title='bbox 330 2131 604 2202; x_wconf 80' lang='grc' dir='ltr'>βοήθειαν,</span> <span class='ocrx_word' id='word_1_160' title='bbox 653 2131 688 2202; x_wconf 75' lang='grc' dir='ltr'>ἢ</span> <span class='ocrx_word' id='word_1_161' title='bbox 723 2132 936 2201; x_wconf 82' lang='grc' dir='ltr'>προσῆν</span> <span class='ocrx_word' id='word_1_162' title='bbox 976 2132 1044 2187; x_wconf 81' lang='grc' dir='ltr'>ἂν</span> <span class='ocrx_word' id='word_1_163' title='bbox 1101 2134 1338 2200; x_wconf 16' lang='grc' dir='ltr'>πάντως,</span> <span class='ocrx_word' id='word_1_164' title='bbox 1366 2137 1523 2204; x_wconf 73' lang='grc' dir='ltr'>ἡμῖν,</span> <span class='ocrx_word' id='word_1_165' title='bbox 1561 2137 1626 2188; x_wconf 89' lang='grc' dir='ltr'><strong>ἐκ</strong></span> <span class='ocrx_word' id='word_1_166' title='bbox 1679 2133 1774 2188; x_wconf 81' lang='grc' dir='ltr'><strong>τοῦ</strong></span> <span class='ocrx_word' id='word_1_167' title='bbox 1837 2137 1906 2190; x_wconf 79' lang='grc' dir='ltr'>τὰ</span> 
     </span>
    </p>
   </div>
   <div class='ocr_carea' id='block_1_24' title="bbox 330 2221 1905 2296">
    <p class='ocr_par' dir='ltr' id='par_1_24' title="bbox 330 2221 1905 2296">
     <span class='ocr_line' id='line_1_24' title="bbox 330 2221 1905 2296; baseline 0.003 -21"><span class='ocrx_word' id='word_1_168' title='bbox 330 2221 616 2275; x_wconf 78' lang='grc' dir='ltr'>δεινότατα</span> <span class='ocrx_word' id='word_1_169' title='bbox 665 2221 937 2286; x_wconf 74' lang='grc' dir='ltr'>ἀπειλεῖν,</span> <span class='ocrx_word' id='word_1_170' title='bbox 975 2221 1028 2274; x_wconf 79' lang='grc' dir='ltr'><strong>εί</strong></span> <span class='ocrx_word' id='word_1_171' title='bbox 1059 2240 1143 2286; x_wconf 88' lang='grc' dir='ltr'><strong>τις</strong></span> <span class='ocrx_word' id='word_1_172' title='bbox 1187 2223 1254 2276; x_wconf 78' lang='grc' dir='ltr'><strong>ἀν</strong></span> <span class='ocrx_word' id='word_1_173' title='bbox 1296 2224 1407 2276; x_wconf 86' lang='grc' dir='ltr'><strong>τῶν</strong></span> <span class='ocrx_word' id='word_1_174' title='bbox 1459 2226 1905 2296; x_wconf 69' lang='grc' dir='ltr'>σωμάτωνξὴμῖν</span> 
     </span>
    </p>
   </div>
   <div class='ocr_carea' id='block_1_25' title="bbox 336 2310 1908 2388">
    <p class='ocr_par' dir='ltr' id='par_1_25' title="bbox 336 2310 1908 2388">
     <span class='ocr_line' id='line_1_25' title="bbox 336 2310 1908 2388; baseline 0.003 -23"><span class='ocrx_word' id='word_1_175' title='bbox 336 2313 544 2382; x_wconf 75' lang='grc' dir='ltr'>ἅψαιτο,</span> <span class='ocrx_word' id='word_1_176' title='bbox 577 2313 683 2366; x_wconf 82' lang='grc' dir='ltr'><strong>ποῦ</strong></span> <span class='ocrx_word' id='word_1_177' title='bbox 713 2330 800 2375; x_wconf 86' lang='grc' dir='ltr'><strong>τις</strong></span> <span class='ocrx_word' id='word_1_178' title='bbox 844 2310 914 2366; x_wconf 76' lang='grc' dir='ltr'>ἂν</span> <span class='ocrx_word' id='word_1_179' title='bbox 947 2314 1102 2384; x_wconf 87' lang='grc' dir='ltr'>θείη;</span> <span class='ocrx_word' id='word_1_180' title='bbox 1138 2315 1304 2369; x_wconf 80' lang='grc' dir='ltr'>Ούδέν</span> <span class='ocrx_word' id='word_1_181' title='bbox 1347 2316 1414 2368; x_wconf 78' lang='grc' dir='ltr'><strong>ἀν</strong></span> <span class='ocrx_word' id='word_1_182' title='bbox 1444 2311 1514 2386; x_wconf 82' lang='grc' dir='ltr'>ἧν</span> <span class='ocrx_word' id='word_1_183' title='bbox 1543 2318 1680 2387; x_wconf 76' lang='grc' dir='ltr'>αὐτῇ</span> <span class='ocrx_word' id='word_1_184' title='bbox 1725 2334 1908 2388; x_wconf 81' lang='grc' dir='ltr'>παρα-</span> 
     </span>
    </p>
   </div>
   <div class='ocr_carea' id='block_1_26' title="bbox 337 2403 1906 2478">
    <p class='ocr_par' dir='ltr' id='par_1_26' title="bbox 337 2403 1906 2478">
     <span class='ocr_line' id='line_1_26' title="bbox 337 2403 1906 2478; baseline 0.004 -22"><span class='ocrx_word' id='word_1_185' title='bbox 337 2404 559 2474; x_wconf 82' lang='grc' dir='ltr'>πλήσιον</span> <span class='ocrx_word' id='word_1_186' title='bbox 605 2406 686 2467; x_wconf 81' lang='grc' dir='ltr'><strong>είς</strong></span> <span class='ocrx_word' id='word_1_187' title='bbox 718 2405 778 2457; x_wconf 82' lang='grc' dir='ltr'>τὸ</span> <span class='ocrx_word' id='word_1_188' title='bbox 812 2405 912 2475; x_wconf 80' lang='grc' dir='ltr'>τὴν</span> <span class='ocrx_word' id='word_1_189' title='bbox 959 2405 1108 2476; x_wconf 75' lang='grc' dir='ltr'>ζωὴν</span> <span class='ocrx_word' id='word_1_190' title='bbox 1141 2407 1276 2474; x_wconf 75' lang='grc' dir='ltr'>ἡμῖν</span> <span class='ocrx_word' id='word_1_191' title='bbox 1333 2411 1650 2478; x_wconf 84' lang='grc' dir='ltr'>συντηρεῖν.</span> <span class='ocrx_word' id='word_1_192' title='bbox 1679 2403 1753 2461; x_wconf 81' lang='grc' dir='ltr'>Ἦ</span> <span class='ocrx_word' id='word_1_193' title='bbox 1802 2429 1906 2463; x_wconf 82' lang='grc' dir='ltr'><strong>που</strong></span> 
     </span>
    </p>
   </div>
   <div class='ocr_carea' id='block_1_27' title="bbox 337 2497 1908 2571">
    <p class='ocr_par' dir='ltr' id='par_1_27' title="bbox 337 2497 1908 2571">
     <span class='ocr_line' id='line_1_27' title="bbox 337 2497 1908 2571; baseline 0.003 -24"><span class='ocrx_word' id='word_1_194' title='bbox 337 2498 429 2566; x_wconf 77' lang='grc' dir='ltr'>τὴν</span> <span class='ocrx_word' id='word_1_195' title='bbox 462 2497 627 2550; x_wconf 80' lang='grc' dir='ltr'>αὑτοῦ</span> <span class='ocrx_word' id='word_1_196' title='bbox 665 2497 832 2566; x_wconf 81' lang='grc' dir='ltr'>φύσιν</span> <span class='ocrx_word' id='word_1_197' title='bbox 871 2498 1035 2567; x_wconf 83' lang='grc' dir='ltr'>ἀρκεῖ</span> <span class='ocrx_word' id='word_1_198' title='bbox 1083 2500 1173 2550; x_wconf 70' lang='grc' dir='ltr'>καὶ</span> <span class='ocrx_word' id='word_1_199' title='bbox 1210 2499 1369 2565; x_wconf 87' lang='grc' dir='ltr'>μόνον</span> <span class='ocrx_word' id='word_1_200' title='bbox 1395 2500 1558 2552; x_wconf 79' lang='grc' dir='ltr'>τοῦτο</span> <span class='ocrx_word' id='word_1_201' title='bbox 1600 2501 1780 2564; x_wconf 85' lang='grc' dir='ltr'>καλῶς</span> <span class='ocrx_word' id='word_1_202' title='bbox 1815 2501 1908 2571; x_wconf 88' lang='grc' dir='ltr'>δη-</span> 
     </span>
    </p>
   </div>
   <div class='ocr_carea' id='block_1_28' title="bbox 338 2589 1910 2664">
    <p class='ocr_par' dir='ltr' id='par_1_28' title="bbox 338 2589 1910 2664">
     <span class='ocr_line' id='line_1_28' title="bbox 338 2589 1910 2664; baseline 0.004 -24"><span class='ocrx_word' id='word_1_203' title='bbox 338 2590 540 2654; x_wconf 64' lang='lat' dir='ltr'><strong>libeat;</strong></span> <span class='ocrx_word' id='word_1_204' title='bbox 571 2589 634 2642; x_wconf 84' lang='grc' dir='ltr'>Εί</span> <span class='ocrx_word' id='word_1_205' title='bbox 662 2590 772 2661; x_wconf 85' lang='grc' dir='ltr'><strong>γὰρ</strong></span> <span class='ocrx_word' id='word_1_206' title='bbox 798 2589 943 2659; x_wconf 83' lang='grc' dir='ltr'>ὑπὲρ</span> <span class='ocrx_word' id='word_1_207' title='bbox 975 2589 1218 2658; x_wconf 75' lang='grc' dir='ltr'>ὑποψίας</span> <span class='ocrx_word' id='word_1_208' title='bbox 1255 2590 1466 2661; x_wconf 82' lang='grc' dir='ltr'>ταύτης</span> <span class='ocrx_word' id='word_1_209' title='bbox 1511 2593 1784 2664; x_wconf 73' lang='grc' dir='ltr'>προῦλαϐε</span> <span class='ocrx_word' id='word_1_210' title='bbox 1813 2594 1910 2646; x_wconf 59' lang='grc' dir='ltr'><strong>καὶ⁸</strong></span> 
     </span>
    </p>
   </div>
   <div class='ocr_carea' id='block_1_29' title="bbox 338 2679 1908 2753">
    <p class='ocr_par' dir='ltr' id='par_1_29' title="bbox 338 2679 1908 2753">
     <span class='ocr_line' id='line_1_29' title="bbox 338 2679 1908 2753; baseline 0.004 -22"><span class='ocrx_word' id='word_1_211' title='bbox 338 2679 502 2750; x_wconf 78' lang='grc' dir='ltr'>νεῦμα</span> <span class='ocrx_word' id='word_1_212' title='bbox 530 2679 760 2748; x_wconf 80' lang='grc' dir='ltr'>πατρὸς,</span> <span class='ocrx_word' id='word_1_213' title='bbox 794 2681 888 2732; x_wconf 81' lang='grc' dir='ltr'>καὶ</span> <span class='ocrx_word' id='word_1_214' title='bbox 913 2679 976 2731; x_wconf 76' lang='grc' dir='ltr'>τὸ</span> <span class='ocrx_word' id='word_1_215' title='bbox 1005 2680 1126 2732; x_wconf 81' lang='grc' dir='ltr'>κατ’</span> <span class='ocrx_word' id='word_1_216' title='bbox 1147 2683 1310 2735; x_wconf 75' lang='grc' dir='ltr'>αὐτὸν</span> <span class='ocrx_word' id='word_1_217' title='bbox 1333 2685 1620 2753; x_wconf 76' lang='grc' dir='ltr'><strong>ἐτεθνήκει</strong></span> <span class='ocrx_word' id='word_1_218' title='bbox 1647 2700 1661 2714; x_wconf 88' lang='grc'><strong>·</strong></span> <span class='ocrx_word' id='word_1_219' title='bbox 1693 2689 1788 2737; x_wconf 74' lang='grc' dir='ltr'>καὶ</span> <span class='ocrx_word' id='word_1_220' title='bbox 1814 2687 1908 2738; x_wconf 88' lang='grc' dir='ltr'>πό-</span> 
     </span>
    </p>
   </div>
   <div class='ocr_carea' id='block_1_30' title="bbox 339 2771 1910 2847">
    <p class='ocr_par' dir='ltr' id='par_1_30' title="bbox 339 2771 1910 2847">
     <span class='ocr_line' id='line_1_30' title="bbox 339 2771 1910 2847; baseline 0.004 -23"><span class='ocrx_word' id='word_1_221' title='bbox 339 2789 455 2835; x_wconf 80' lang='grc' dir='ltr'>σους</span> <span class='ocrx_word' id='word_1_222' title='bbox 484 2771 553 2827; x_wconf 79' lang='grc' dir='ltr'>ἄν</span> <span class='ocrx_word' id='word_1_223' title='bbox 597 2773 866 2847; x_wconf 71' lang='grc' dir='ltr'>θανάτους</span> <span class='ocrx_word' id='word_1_224' title='bbox 896 2774 996 2844; x_wconf 84' lang='grc' dir='ltr'>οὐχ</span> <span class='ocrx_word' id='word_1_225' title='bbox 1024 2774 1359 2844; x_wconf 82' lang='grc' dir='ltr'>ὑπήνεγκεν,</span> <span class='ocrx_word' id='word_1_226' title='bbox 1408 2775 1551 2830; x_wconf 80' lang='grc' dir='ltr'>ὥστε</span> <span class='ocrx_word' id='word_1_227' title='bbox 1595 2778 1910 2847; x_wconf 74' lang='grc' dir='ltr'>προφανοῦς</span> 
     </span>
    </p>
   </div>
   <div class='ocr_carea' id='block_1_31' title="bbox 338 2835 1910 2938">
    <p class='ocr_par' dir='ltr' id='par_1_31' title="bbox 338 2835 1910 2938">
     <span class='ocr_line' id='line_1_31' title="bbox 338 2835 1910 2938; baseline 0.003 -21"><span class='ocrx_word' id='word_1_228' title='bbox 338 2865 492 2918; x_wconf 70' lang='grc' dir='ltr'>αὐτὸν</span> <span class='ocrx_word' id='word_1_229' title='bbox 540 2865 792 2919; x_wconf 84' lang='grc' dir='ltr'>κινδύνου</span> <span class='ocrx_word' id='word_1_230' title='bbox 815 2835 1143 2936; x_wconf 48' lang='grc' dir='ltr'><strong>χῥύσασθιιιις</strong></span> <span class='ocrx_word' id='word_1_231' title='bbox 1179 2869 1253 2920; x_wconf 80' lang='grc' dir='ltr'><strong>Οὐ</strong></span> <span class='ocrx_word' id='word_1_232' title='bbox 1293 2867 1544 2938; x_wconf 80' lang='grc' dir='ltr'>ζηλωτὴς</span> <span class='ocrx_word' id='word_1_233' title='bbox 1585 2869 1814 2936; x_wconf 57' lang='grc' dir='ltr'>Ἰσαάκ,</span> <span class='ocrx_word' id='word_1_234' title='bbox 1848 2870 1910 2922; x_wconf 86' lang='grc' dir='ltr'><strong>ού</strong></span> 
     </span>
    </p>
   </div>
   <div class='ocr_carea' id='block_1_32' title="bbox 339 2955 1912 3030">
    <p class='ocr_par' dir='ltr' id='par_1_32' title="bbox 339 2955 1912 3030">
     <span class='ocr_line' id='line_1_32' title="bbox 339 2955 1912 3030; baseline 0.003 -20"><span class='ocrx_word' id='word_1_235' title='bbox 339 2955 424 3010; x_wconf 78' lang='grc' dir='ltr'>τοῦ</span> <span class='ocrx_word' id='word_1_236' title='bbox 456 2957 715 3027; x_wconf 80' lang='grc' dir='ltr'>Σωτῆρος</span> <span class='ocrx_word' id='word_1_237' title='bbox 739 2957 906 3011; x_wconf 76' lang='grc' dir='ltr'>αὐτοῦ</span> <span class='ocrx_word' id='word_1_238' title='bbox 933 2974 949 3024; x_wconf 89' lang='grc'><strong>;</strong></span> <span class='ocrx_word' id='word_1_239' title='bbox 997 2960 1072 3011; x_wconf 84' lang='grc' dir='ltr'><strong>Οὐ</strong></span> <span class='ocrx_word' id='word_1_240' title='bbox 1104 2959 1213 3029; x_wconf 86' lang='grc' dir='ltr'>γὰρ</span> <span class='ocrx_word' id='word_1_241' title='bbox 1241 2960 1522 3030; x_wconf 68' lang='grc' dir='ltr'>τολμηρὸν</span> <span class='ocrx_word' id='word_1_242' title='bbox 1565 2963 1743 3014; x_wconf 82' lang='grc' dir='ltr'>εἰπεῖν</span> <span class='ocrx_word' id='word_1_243' title='bbox 1766 2977 1780 2992; x_wconf 77' lang='grc' dir='ltr'><strong>ο</strong></span> <span class='ocrx_word' id='word_1_244' title='bbox 1819 2961 1912 3014; x_wconf 82' lang='grc' dir='ltr'>τύ-</span> 
     </span>
    </p>
   </div>
   <div class='ocr_carea' id='block_1_33' title="bbox 338 3050 1907 3122">
    <p class='ocr_par' dir='ltr' id='par_1_33' title="bbox 338 3050 1907 3122">
     <span class='ocr_line' id='line_1_33' title="bbox 338 3050 1907 3122; baseline 0.002 -22"><span class='ocrx_word' id='word_1_245' title='bbox 338 3064 432 3112; x_wconf 80' lang='grc' dir='ltr'><strong>⁴ιιος</strong></span> <span class='ocrx_word' id='word_1_246' title='bbox 459 3050 570 3119; x_wconf 85' lang='grc' dir='ltr'><strong>γὰρ</strong></span> <span class='ocrx_word' id='word_1_247' title='bbox 613 3051 745 3119; x_wconf 75' lang='grc' dir='ltr'>ἡμῖν</span> <span class='ocrx_word' id='word_1_248' title='bbox 777 3052 992 3113; x_wconf 88' lang='grc' dir='ltr'>ἐκεῖνος</span> <span class='ocrx_word' id='word_1_249' title='bbox 1037 3052 1136 3104; x_wconf 77' lang='grc' dir='ltr'>καὶ</span> <span class='ocrx_word' id='word_1_250' title='bbox 1167 3051 1539 3121; x_wconf 81' lang='grc' dir='ltr'>ὐπογραμμὸς</span> <span class='ocrx_word' id='word_1_251' title='bbox 1586 3051 1907 3122; x_wconf 83' lang='grc' dir='ltr'>πρόκειται,</span> 
     </span>
    </p>
   </div>
   <div class='ocr_carea' id='block_1_34' title="bbox 337 3140 1914 3213">
    <p class='ocr_par' dir='ltr' id='par_1_34' title="bbox 337 3140 1914 3213">
     <span class='ocr_line' id='line_1_34' title="bbox 337 3140 1914 3213; baseline 0 -19"><span class='ocrx_word' id='word_1_252' title='bbox 337 3143 425 3194; x_wconf 83' lang='grc' dir='ltr'>καὶ</span> <span class='ocrx_word' id='word_1_253' title='bbox 449 3140 538 3212; x_wconf 83' lang='grc' dir='ltr'>εἴη</span> <span class='ocrx_word' id='word_1_254' title='bbox 567 3141 633 3195; x_wconf 72' lang='grc' dir='ltr'>ἄν</span> <span class='ocrx_word' id='word_1_255' title='bbox 669 3150 785 3205; x_wconf 77' lang='grc' dir='ltr'><strong>πως</strong></span> <span class='ocrx_word' id='word_1_256' title='bbox 831 3142 1235 3212; x_wconf 78' lang='grc' dir='ltr'>κεχαρισμένον</span> <span class='ocrx_word' id='word_1_257' title='bbox 1274 3143 1350 3212; x_wconf 83' lang='grc' dir='ltr'>τῷ</span> <span class='ocrx_word' id='word_1_258' title='bbox 1377 3142 1588 3195; x_wconf 84' lang='grc' dir='ltr'>ἐκείνου</span> <span class='ocrx_word' id='word_1_259' title='bbox 1634 3144 1825 3213; x_wconf 79' lang='grc' dir='ltr'>πατρὶ,</span> <span class='ocrx_word' id='word_1_260' title='bbox 1861 3143 1914 3196; x_wconf 81' lang='grc' dir='ltr'><strong>ετ</strong></span> 
     </span>
    </p>
   </div>
   <div class='ocr_carea' id='block_1_35' title="bbox 336 3213 1984 3304">
    <p class='ocr_par' dir='ltr' id='par_1_35' title="bbox 336 3213 1984 3304">
     <span class='ocr_line' id='line_1_35' title="bbox 336 3213 1984 3304; baseline 0.002 -20"><span class='ocrx_word' id='word_1_261' title='bbox 336 3250 412 3296; x_wconf 84' lang='grc' dir='ltr'><strong>τις</strong></span> <span class='ocrx_word' id='word_1_262' title='bbox 438 3233 704 3304; x_wconf 80' lang='grc' dir='ltr'>ζηλώσειε</span> <span class='ocrx_word' id='word_1_263' title='bbox 735 3233 825 3285; x_wconf 77' lang='grc' dir='ltr'>τὸν</span> <span class='ocrx_word' id='word_1_264' title='bbox 855 3234 991 3288; x_wconf 82' lang='grc' dir='ltr'>υἱόν.</span> <span class='ocrx_word' id='word_1_265' title='bbox 1039 3233 1134 3288; x_wconf 83' lang='grc' dir='ltr'>Ὢν</span> <span class='ocrx_word' id='word_1_266' title='bbox 1171 3234 1228 3288; x_wconf 84' lang='grc' dir='ltr'><strong>δέ</strong></span> <span class='ocrx_word' id='word_1_267' title='bbox 1251 3235 1380 3304; x_wconf 74' lang='grc' dir='ltr'>περὶ</span> <span class='ocrx_word' id='word_1_268' title='bbox 1412 3236 1539 3298; x_wconf 81' lang='grc' dir='ltr'>τοὺς</span> <span class='ocrx_word' id='word_1_269' title='bbox 1578 3234 1774 3302; x_wconf 83' lang='grc' dir='ltr'>γονέας</span> <span class='ocrx_word' id='word_1_270' title='bbox 1797 3249 1911 3287; x_wconf 86' lang='grc' dir='ltr'>τοι-</span> <span class='ocrx_word' id='word_1_271' title='bbox 1937 3213 1984 3274; x_wconf 80' lang='lat' dir='ltr'>c</span> 
     </span>
    </p>
   </div>
   <div class='ocr_carea' id='block_1_36' title="bbox 337 3325 1912 3396">
    <p class='ocr_par' dir='ltr' id='par_1_36' title="bbox 337 3325 1912 3396">
     <span class='ocr_line' id='line_1_36' title="bbox 337 3325 1912 3396; baseline 0.001 -18"><span class='ocrx_word' id='word_1_272' title='bbox 337 3325 506 3389; x_wconf 80' lang='grc' dir='ltr'>οὗτος,</span> <span class='ocrx_word' id='word_1_273' title='bbox 547 3325 705 3389; x_wconf 77' lang='grc' dir='ltr'>ἄλλος</span> <span class='ocrx_word' id='word_1_274' title='bbox 755 3326 892 3395; x_wconf 83' lang='grc' dir='ltr'>πρὸς</span> <span class='ocrx_word' id='word_1_275' title='bbox 940 3327 1088 3395; x_wconf 81' lang='grc' dir='ltr'>ἡμᾶς</span> <span class='ocrx_word' id='word_1_276' title='bbox 1140 3327 1382 3396; x_wconf 80' lang='grc' dir='ltr'>ἀνεφάνη</span> <span class='ocrx_word' id='word_1_277' title='bbox 1412 3343 1425 3391; x_wconf 90' lang='lat'><strong>;</strong></span> <span class='ocrx_word' id='word_1_278' title='bbox 1459 3327 1746 3395; x_wconf 77' lang='grc' dir='ltr'>Οὐδαμῶς.</span> <span class='ocrx_word' id='word_1_279' title='bbox 1801 3327 1912 3379; x_wconf 77' lang='grc' dir='ltr'><strong>Καὶ</strong></span> 
     </span>
    </p>
   </div>
   <div class='ocr_carea' id='block_1_37' title="bbox 336 3418 1912 3490">
    <p class='ocr_par' dir='ltr' id='par_1_37' title="bbox 336 3418 1912 3490">
     <span class='ocr_line' id='line_1_37' title="bbox 336 3418 1912 3490; baseline 0.002 -19"><span class='ocrx_word' id='word_1_280' title='bbox 336 3419 440 3488; x_wconf 76' lang='grc' dir='ltr'><strong>γὰρ</strong></span> <span class='ocrx_word' id='word_1_281' title='bbox 459 3419 676 3472; x_wconf 81' lang='grc' dir='ltr'>οἰκοῦσι</span> <span class='ocrx_word' id='word_1_282' title='bbox 697 3419 796 3489; x_wconf 81' lang='grc' dir='ltr'>τὴν</span> <span class='ocrx_word' id='word_1_283' title='bbox 819 3420 1066 3489; x_wconf 82' lang='grc' dir='ltr'>φρουρὰν</span> <span class='ocrx_word' id='word_1_284' title='bbox 1084 3419 1268 3486; x_wconf 83' lang='grc' dir='ltr'>ὀλίγου</span> <span class='ocrx_word' id='word_1_285' title='bbox 1299 3421 1411 3473; x_wconf 78' lang='grc' dir='ltr'>δεῖν</span> <span class='ocrx_word' id='word_1_286' title='bbox 1443 3419 1570 3490; x_wconf 90' lang='grc' dir='ltr'>τρία</span> <span class='ocrx_word' id='word_1_287' title='bbox 1599 3418 1718 3490; x_wconf 77' lang='grc' dir='ltr'>ἐτη,</span> <span class='ocrx_word' id='word_1_288' title='bbox 1739 3419 1912 3474; x_wconf 82' lang='grc' dir='ltr'>πολλά</span> 
     </span>
    </p>
   </div>
   <div class='ocr_carea' id='block_1_38' title="bbox 337 3510 1910 3582">
    <p class='ocr_par' dir='ltr' id='par_1_38' title="bbox 337 3510 1910 3582">
     <span class='ocr_line' id='line_1_38' title="bbox 337 3510 1910 3582; baseline 0.003 -21"><span class='ocrx_word' id='word_1_289' title='bbox 337 3510 595 3578; x_wconf 77' lang='grc' dir='ltr'>νοσήμαθ’</span> <span class='ocrx_word' id='word_1_290' title='bbox 626 3511 756 3579; x_wconf 79' lang='grc' dir='ltr'>ἡμῖν</span> <span class='ocrx_word' id='word_1_291' title='bbox 791 3511 1093 3581; x_wconf 74' lang='grc' dir='ltr'>ἐπέσκηψε,</span> <span class='ocrx_word' id='word_1_292' title='bbox 1113 3514 1209 3565; x_wconf 71' lang='grc' dir='ltr'>καὶ</span> <span class='ocrx_word' id='word_1_293' title='bbox 1237 3511 1529 3582; x_wconf 88' lang='grc' dir='ltr'>διηνώχλει</span> <span class='ocrx_word' id='word_1_294' title='bbox 1556 3514 1754 3582; x_wconf 81' lang='grc' dir='ltr'>πικρὸν</span> <span class='ocrx_word' id='word_1_295' title='bbox 1783 3513 1910 3582; x_wconf 85' lang='grc' dir='ltr'>ἄχρι</span> 
     </span>
    </p>
   </div>
   <div class='ocr_carea' id='block_1_39' title="bbox 342 3599 1911 3676">
    <p class='ocr_par' dir='ltr' id='par_1_39' title="bbox 342 3599 1911 3676">
     <span class='ocr_line' id='line_1_39' title="bbox 342 3599 1911 3676; baseline 0.003 -23"><span class='ocrx_word' id='word_1_296' title='bbox 342 3599 531 3666; x_wconf 79' lang='grc' dir='ltr'>βάθους</span> <span class='ocrx_word' id='word_1_297' title='bbox 574 3603 919 3671; x_wconf 75' lang='grc' dir='ltr'>εἰσδυόμενα,</span> <span class='ocrx_word' id='word_1_298' title='bbox 968 3604 1060 3656; x_wconf 75' lang='grc' dir='ltr'>καὶ</span> <span class='ocrx_word' id='word_1_299' title='bbox 1111 3603 1176 3676; x_wconf 78' lang='grc' dir='ltr'>δὴ</span> <span class='ocrx_word' id='word_1_300' title='bbox 1226 3605 1322 3656; x_wconf 72' lang='grc' dir='ltr'>καὶ</span> <span class='ocrx_word' id='word_1_301' title='bbox 1369 3605 1697 3672; x_wconf 84' lang='grc' dir='ltr'>σπλάγχνων</span> <span class='ocrx_word' id='word_1_302' title='bbox 1729 3605 1911 3658; x_wconf 87' lang='grc' dir='ltr'>αὐτῶν</span> 
     </span>
    </p>
   </div>
   <div class='ocr_carea' id='block_1_40' title="bbox 341 3680 1908 3767">
    <p class='ocr_par' dir='ltr' id='par_1_40' title="bbox 341 3680 1908 3767">
     <span class='ocr_line' id='line_1_40' title="bbox 341 3680 1908 3767; baseline 0.003 -23"><span class='ocrx_word' id='word_1_303' title='bbox 341 3695 430 3746; x_wconf 75' lang='grc' dir='ltr'>καὶ</span> <span class='ocrx_word' id='word_1_304' title='bbox 450 3680 692 3765; x_wconf 76' lang='grc' dir='ltr'>κεφαλῆς</span> <span class='ocrx_word' id='word_1_305' title='bbox 727 3696 803 3764; x_wconf 80' lang='grc' dir='ltr'>μὴ</span> <span class='ocrx_word' id='word_1_306' title='bbox 829 3696 1120 3765; x_wconf 83' lang='grc' dir='ltr'>φειδόμενα</span> <span class='ocrx_word' id='word_1_307' title='bbox 1143 3712 1156 3726; x_wconf 76' lang='grc' dir='ltr'><strong>ο</strong></span> <span class='ocrx_word' id='word_1_308' title='bbox 1189 3696 1315 3749; x_wconf 75' lang='grc' dir='ltr'>ἐπεὶ</span> <span class='ocrx_word' id='word_1_309' title='bbox 1349 3696 1406 3749; x_wconf 86' lang='grc' dir='ltr'>δὲ</span> <span class='ocrx_word' id='word_1_310' title='bbox 1440 3695 1686 3760; x_wconf 76' lang='grc' dir='ltr'>ἐλπίζειν</span> <span class='ocrx_word' id='word_1_311' title='bbox 1713 3697 1812 3750; x_wconf 88' lang='grc' dir='ltr'><strong>ούκ</strong></span> <span class='ocrx_word' id='word_1_312' title='bbox 1838 3692 1908 3767; x_wconf 84' lang='grc' dir='ltr'><strong>ῆν</strong></span> 
     </span>
    </p>
   </div>
   <div class='ocr_carea' id='block_1_41' title="bbox 338 3781 1908 3856">
    <p class='ocr_par' dir='ltr' id='par_1_41' title="bbox 338 3781 1908 3856">
     <span class='ocr_line' id='line_1_41' title="bbox 338 3781 1908 3856; baseline 0.007 -26"><span class='ocrx_word' id='word_1_313' title='bbox 338 3781 690 3853; x_wconf 77' lang='grc' dir='ltr'>λυθήσεσθαι,</span> <span class='ocrx_word' id='word_1_314' title='bbox 723 3787 823 3838; x_wconf 80' lang='grc' dir='ltr'>ὅσα</span> <span class='ocrx_word' id='word_1_315' title='bbox 857 3801 922 3852; x_wconf 84' lang='grc' dir='ltr'><strong>γε</strong></span> <span class='ocrx_word' id='word_1_316' title='bbox 957 3787 1037 3848; x_wconf 81' lang='grc' dir='ltr'><strong>εις</strong></span> <span class='ocrx_word' id='word_1_317' title='bbox 1085 3785 1386 3856; x_wconf 79' lang='grc' dir='ltr'>λογισμοὺς</span> <span class='ocrx_word' id='word_1_318' title='bbox 1431 3787 1578 3854; x_wconf 74' lang='grc' dir='ltr'>ἥκει,</span> <span class='ocrx_word' id='word_1_319' title='bbox 1626 3786 1908 3856; x_wconf 72' lang='grc' dir='ltr'>κατηνάγο</span> 
     </span>
    </p>
   </div>
   <div class='ocr_carea' id='block_1_42' title="bbox 340 3875 1907 3949">
    <p class='ocr_par' dir='ltr' id='par_1_42' title="bbox 340 3875 1907 3949">
     <span class='ocr_line' id='line_1_42' title="bbox 340 3875 1907 3949; baseline 0.004 -23"><span class='ocrx_word' id='word_1_320' title='bbox 340 3875 468 3938; x_wconf 78' lang='grc' dir='ltr'>καζε</span> <span class='ocrx_word' id='word_1_321' title='bbox 493 3875 553 3928; x_wconf 77' lang='grc' dir='ltr'>τὸ</span> <span class='ocrx_word' id='word_1_322' title='bbox 599 3879 834 3946; x_wconf 84' lang='grc' dir='ltr'>πρᾶγμα</span> <span class='ocrx_word' id='word_1_323' title='bbox 866 3879 960 3930; x_wconf 77' lang='grc' dir='ltr'><strong>καὶ</strong></span> <span class='ocrx_word' id='word_1_324' title='bbox 990 3879 1165 3949; x_wconf 75' lang='grc' dir='ltr'>αὐτὴν</span> <span class='ocrx_word' id='word_1_325' title='bbox 1214 3878 1279 3948; x_wconf 80' lang='grc' dir='ltr'>δὴ</span> <span class='ocrx_word' id='word_1_326' title='bbox 1328 3878 1430 3948; x_wconf 68' lang='grc' dir='ltr'><strong>τὴ)</strong></span> <span class='ocrx_word' id='word_1_327' title='bbox 1481 3878 1651 3948; x_wconf 79' lang='grc' dir='ltr'>ζωὴν,</span> <span class='ocrx_word' id='word_1_328' title='bbox 1680 3878 1740 3931; x_wconf 81' lang='grc' dir='ltr'>τὸ</span> <span class='ocrx_word' id='word_1_329' title='bbox 1769 3881 1907 3932; x_wconf 76' lang='grc' dir='ltr'>πᾶσι</span> 
     </span>
    </p>
   </div>
   <div class='ocr_carea' id='block_1_43' title="bbox 342 3969 1628 4041">
    <p class='ocr_par' dir='ltr' id='par_1_43' title="bbox 342 3969 1628 4041">
     <span class='ocr_line' id='line_1_43' title="bbox 342 3969 1628 4041; baseline 0.003 -21"><span class='ocrx_word' id='word_1_330' title='bbox 342 3970 507 4034; x_wconf 83' lang='grc' dir='ltr'>φίλον,</span> <span class='ocrx_word' id='word_1_331' title='bbox 535 3969 732 4039; x_wconf 75' lang='grc' dir='ltr'><strong>¹ὥσπερ</strong></span> <span class='ocrx_word' id='word_1_332' title='bbox 762 3975 944 4040; x_wconf 82' lang='grc' dir='ltr'>μισεῖν</span> <span class='ocrx_word' id='word_1_333' title='bbox 977 3971 1122 4024; x_wconf 78' lang='grc' dir='ltr'>οὕτω</span> <span class='ocrx_word' id='word_1_334' title='bbox 1155 3973 1408 4041; x_wconf 81' lang='grc' dir='ltr'>λυπηρὰν</span> <span class='ocrx_word' id='word_1_335' title='bbox 1436 3969 1628 4024; x_wconf 82' lang='grc' dir='ltr'>οὖσαν.</span> 
     </span>
    </p>
   </div>
   <div class='ocr_carea' id='block_1_44' title="bbox 2013 558 3596 629">
    <p class='ocr_par' dir='ltr' id='par_1_44' title="bbox 2013 558 3596 629">
     <span class='ocr_line' id='line_1_44' title="bbox 2013 558 3596 629; baseline -0.002 -17"><span class='ocrx_word' id='word_1_336' title='bbox 2013 575 2115 628; x_wconf 81' lang='lat' dir='ltr'><strong>pus</strong></span> <span class='ocrx_word' id='word_1_337' title='bbox 2173 560 2334 613; x_wconf 85' lang='lat' dir='ltr'><strong>nobis</strong></span> <span class='ocrx_word' id='word_1_338' title='bbox 2388 559 2705 623; x_wconf 77' lang='lat' dir='ltr'><strong>invexisset,</strong></span> <span class='ocrx_word' id='word_1_339' title='bbox 2759 559 2900 613; x_wconf 89' lang='lat' dir='ltr'><strong>liber</strong></span> <span class='ocrx_word' id='word_1_340' title='bbox 2947 558 3227 622; x_wconf 79' lang='lat' dir='ltr'><strong>evaderet,</strong></span> <span class='ocrx_word' id='word_1_341' title='bbox 3289 570 3596 629; x_wconf 67' lang='lat' dir='ltr'><strong>possetque</strong></span> 
     </span>
    </p>
   </div>
   <div class='ocr_carea' id='block_1_45' title="bbox 2014 651 3596 722">
    <p class='ocr_par' dir='ltr' id='par_1_45' title="bbox 2014 651 3596 722">
     <span class='ocr_line' id='line_1_45' title="bbox 2014 651 3596 722; baseline -0.002 -15"><span class='ocrx_word' id='word_1_342' title='bbox 2014 654 2155 708; x_wconf 86' lang='lat' dir='ltr'><strong>bona</strong></span> <span class='ocrx_word' id='word_1_343' title='bbox 2182 652 2467 722; x_wconf 87' lang='lat' dir='ltr'><strong>consequi,</strong></span> <span class='ocrx_word' id='word_1_344' title='bbox 2503 667 2568 706; x_wconf 86' lang='lat' dir='ltr'><strong>ac</strong></span> <span class='ocrx_word' id='word_1_345' title='bbox 2601 666 2727 721; x_wconf 83' lang='lat' dir='ltr'><strong>spes</strong></span> <span class='ocrx_word' id='word_1_346' title='bbox 2756 657 2925 715; x_wconf 80' lang='lat' dir='ltr'><strong>esset,</strong></span> <span class='ocrx_word' id='word_1_347' title='bbox 2957 665 3056 705; x_wconf 91' lang='lat' dir='ltr'><strong>nos</strong></span> <span class='ocrx_word' id='word_1_348' title='bbox 3084 651 3337 720; x_wconf 85' lang='lat' dir='ltr'><strong>deinceps</strong></span> <span class='ocrx_word' id='word_1_349' title='bbox 3396 651 3596 706; x_wconf 86' lang='lat' dir='ltr'><strong>libera-</strong></span> 
     </span>
    </p>
   </div>
   <div class='ocr_carea' id='block_1_46' title="bbox 2012 743 3594 813">
    <p class='ocr_par' dir='ltr' id='par_1_46' title="bbox 2012 743 3594 813">
     <span class='ocr_line' id='line_1_46' title="bbox 2012 743 3594 813; baseline 0 -15"><span class='ocrx_word' id='word_1_350' title='bbox 2012 756 2216 807; x_wconf 87' lang='lat' dir='ltr'><strong>turum,</strong></span> <span class='ocrx_word' id='word_1_351' title='bbox 2245 755 2301 798; x_wconf 89' lang='lat' dir='ltr'><strong>ut</strong></span> <span class='ocrx_word' id='word_1_352' title='bbox 2353 745 2422 799; x_wconf 92' lang='lat' dir='ltr'><strong>ab</strong></span> <span class='ocrx_word' id='word_1_353' title='bbox 2461 743 2570 798; x_wconf 84' lang='lat' dir='ltr'><strong>illis</strong></span> <span class='ocrx_word' id='word_1_354' title='bbox 2637 743 2753 813; x_wconf 90' lang='lat' dir='ltr'><strong>ipse</strong></span> <span class='ocrx_word' id='word_1_355' title='bbox 2807 743 3042 797; x_wconf 86' lang='lat' dir='ltr'><strong>vinculis</strong></span> <span class='ocrx_word' id='word_1_356' title='bbox 3099 743 3234 796; x_wconf 90' lang='lat' dir='ltr'><strong>liber</strong></span> <span class='ocrx_word' id='word_1_357' title='bbox 3309 744 3594 798; x_wconf 78' lang='lat' dir='ltr'><strong>evasisset.</strong></span> 
     </span>
    </p>
   </div>
   <div class='ocr_carea' id='block_1_47' title="bbox 2012 835 3595 901">
    <p class='ocr_par' dir='ltr' id='par_1_47' title="bbox 2012 835 3595 901">
     <span class='ocr_line' id='line_1_47' title="bbox 2012 835 3595 901; baseline 0 -10"><span class='ocrx_word' id='word_1_358' title='bbox 2012 838 2200 892; x_wconf 84' lang='lat' dir='ltr'><strong>Maluit</strong></span> <span class='ocrx_word' id='word_1_359' title='bbox 2219 837 2575 891; x_wconf 82' lang='lat' dir='ltr'><strong>nihilominus</strong></span> <span class='ocrx_word' id='word_1_360' title='bbox 2602 837 2793 892; x_wconf 90' lang='lat' dir='ltr'><strong>eodem</strong></span> <span class='ocrx_word' id='word_1_361' title='bbox 2822 837 3113 891; x_wconf 82' lang='lat' dir='ltr'><strong>nobiscum</strong></span> <span class='ocrx_word' id='word_1_362' title='bbox 3144 835 3316 889; x_wconf 90' lang='lat' dir='ltr'><strong>teneri</strong></span> <span class='ocrx_word' id='word_1_363' title='bbox 3353 851 3595 901; x_wconf 87' lang='lat' dir='ltr'><strong>carcere,</strong></span> 
     </span>
    </p>
   </div>
   <div class='ocr_carea' id='block_1_48' title="bbox 2010 927 3602 1001">
    <p class='ocr_par' dir='ltr' id='par_1_48' title="bbox 2010 927 3602 1001">
     <span class='ocr_line' id='line_1_48' title="bbox 2010 927 3602 1001; baseline -0.001 -18"><span class='ocrx_word' id='word_1_364' title='bbox 2010 933 2104 1001; x_wconf 79' lang='lat' dir='ltr'><strong>qui</strong></span> <span class='ocrx_word' id='word_1_365' title='bbox 2129 933 2242 1000; x_wconf 89' lang='lat' dir='ltr'><strong>ipse</strong></span> <span class='ocrx_word' id='word_1_366' title='bbox 2277 927 2372 1000; x_wconf 83' lang='lat' dir='ltr'><strong>per</strong></span> <span class='ocrx_word' id='word_1_367' title='bbox 2399 947 2458 985; x_wconf 84' lang='lat' dir='ltr'><strong>se</strong></span> <span class='ocrx_word' id='word_1_368' title='bbox 2501 945 2648 984; x_wconf 91' lang='lat' dir='ltr'><strong>mors</strong></span> <span class='ocrx_word' id='word_1_369' title='bbox 2683 929 2990 993; x_wconf 74' lang='lat' dir='ltr'><strong>videbatur,</strong></span> <span class='ocrx_word' id='word_1_370' title='bbox 3038 944 3101 983; x_wconf 91' lang='lat' dir='ltr'><strong>ac</strong></span> <span class='ocrx_word' id='word_1_371' title='bbox 3135 929 3352 983; x_wconf 80' lang='lat' dir='ltr'><strong>abunde</strong></span> <span class='ocrx_word' id='word_1_372' title='bbox 3405 929 3602 982; x_wconf 90' lang='lat' dir='ltr'><strong>mortis</strong></span> 
     </span>
    </p>
   </div>
   <div class='ocr_carea' id='block_1_49' title="bbox 2011 1021 3602 1094">
    <p class='ocr_par' dir='ltr' id='par_1_49' title="bbox 2011 1021 3602 1094">
     <span class='ocr_line' id='line_1_49' title="bbox 2011 1021 3602 1094; baseline -0.002 -16"><span class='ocrx_word' id='word_1_373' title='bbox 2011 1025 2193 1094; x_wconf 81' lang='lat' dir='ltr'><strong>gladio</strong></span> <span class='ocrx_word' id='word_1_374' title='bbox 2257 1024 2667 1079; x_wconf 76' lang='lat' dir='ltr'><strong>consciscenda:</strong></span> <span class='ocrx_word' id='word_1_375' title='bbox 2746 1031 2952 1077; x_wconf 92' lang='lat' dir='ltr'><strong>metum</strong></span> <span class='ocrx_word' id='word_1_376' title='bbox 3029 1023 3325 1092; x_wconf 83' lang='lat' dir='ltr'><strong>ingereret.</strong></span> <span class='ocrx_word' id='word_1_377' title='bbox 3399 1021 3602 1088; x_wconf 87' lang='lat' dir='ltr'><strong>Quam—</strong></span> 
     </span>
    </p>
   </div>
   <div class='ocr_carea' id='block_1_50' title="bbox 2011 1113 3604 1186">
    <p class='ocr_par' dir='ltr' id='par_1_50' title="bbox 2011 1113 3604 1186">
     <span class='ocr_line' id='line_1_50' title="bbox 2011 1113 3604 1186; baseline -0.003 -16"><span class='ocrx_word' id='word_1_378' title='bbox 2011 1117 2198 1171; x_wconf 90' lang='lat' dir='ltr'><strong>obrem</strong></span> <span class='ocrx_word' id='word_1_379' title='bbox 2263 1126 2322 1170; x_wconf 93' lang='lat' dir='ltr'><strong>ut</strong></span> <span class='ocrx_word' id='word_1_380' title='bbox 2369 1126 2583 1186; x_wconf 88' lang='lat' dir='ltr'><strong>spectes</strong></span> <span class='ocrx_word' id='word_1_381' title='bbox 2614 1115 2784 1170; x_wconf 90' lang='lat' dir='ltr'><strong>animi</strong></span> <span class='ocrx_word' id='word_1_382' title='bbox 2810 1114 3184 1185; x_wconf 89' lang='lat' dir='ltr'><strong>propositum,-</strong></span> <span class='ocrx_word' id='word_1_383' title='bbox 3200 1124 3430 1168; x_wconf 89' lang='lat' dir='ltr'><strong>mortem</strong></span> <span class='ocrx_word' id='word_1_384' title='bbox 3461 1113 3604 1168; x_wconf 90' lang='lat' dir='ltr'><strong>obiit</strong></span> 
     </span>
    </p>
   </div>
   <div class='ocr_carea' id='block_1_51' title="bbox 2014 1208 3604 1278">
    <p class='ocr_par' dir='ltr' id='par_1_51' title="bbox 2014 1208 3604 1278">
     <span class='ocr_line' id='line_1_51' title="bbox 2014 1208 3604 1278; baseline -0.003 -15"><span class='ocrx_word' id='word_1_385' title='bbox 2014 1210 2085 1263; x_wconf 89' lang='lat' dir='ltr'><strong>ob</strong></span> <span class='ocrx_word' id='word_1_386' title='bbox 2117 1208 2316 1262; x_wconf 90' lang='lat' dir='ltr'><strong>nudam</strong></span> <span class='ocrx_word' id='word_1_387' title='bbox 2352 1209 2526 1278; x_wconf 82' lang='lat' dir='ltr'><strong>patris</strong></span> <span class='ocrx_word' id='word_1_388' title='bbox 2559 1208 2954 1278; x_wconf 88' lang='lat' dir='ltr'><strong>suspicionem,</strong></span> <span class='ocrx_word' id='word_1_389' title='bbox 2983 1208 3071 1261; x_wconf 88' lang='lat' dir='ltr'><strong>cui</strong></span> <span class='ocrx_word' id='word_1_390' title='bbox 3120 1208 3408 1261; x_wconf 90' lang='lat' dir='ltr'><strong>innumera</strong></span> <span class='ocrx_word' id='word_1_391' title='bbox 3435 1221 3604 1275; x_wconf 81' lang='lat' dir='ltr'><strong>Oppo-</strong></span> 
     </span>
    </p>
   </div>
   <div class='ocr_carea' id='block_1_52' title="bbox 2010 1299 3602 1370">
    <p class='ocr_par' dir='ltr' id='par_1_52' title="bbox 2010 1299 3602 1370">
     <span class='ocr_line' id='line_1_52' title="bbox 2010 1299 3602 1370; baseline -0.001 -15"><span class='ocrx_word' id='word_1_392' title='bbox 2010 1315 2142 1355; x_wconf 90' lang='lat' dir='ltr'><strong>nere</strong></span> <span class='ocrx_word' id='word_1_393' title='bbox 2171 1300 2392 1364; x_wconf 89' lang='lat' dir='ltr'><strong>licebat,</strong></span> <span class='ocrx_word' id='word_1_394' title='bbox 2428 1311 2487 1355; x_wconf 89' lang='lat' dir='ltr'><strong>ut</strong></span> <span class='ocrx_word' id='word_1_395' title='bbox 2515 1301 2734 1370; x_wconf 81' lang='lat' dir='ltr'><strong>quidem</strong></span> <span class='ocrx_word' id='word_1_396' title='bbox 2761 1301 3025 1355; x_wconf 86' lang='lat' dir='ltr'><strong>voluisset</strong></span> <span class='ocrx_word' id='word_1_397' title='bbox 3095 1300 3389 1370; x_wconf 90' lang='lat' dir='ltr'><strong>imperium</strong></span> <span class='ocrx_word' id='word_1_398' title='bbox 3419 1299 3602 1353; x_wconf 80' lang='lat' dir='ltr'><strong>detre-</strong></span> 
     </span>
    </p>
   </div>
   <div class='ocr_carea' id='block_1_53' title="bbox 2013 1391 3604 1462">
    <p class='ocr_par' dir='ltr' id='par_1_53' title="bbox 2013 1391 3604 1462">
     <span class='ocr_line' id='line_1_53' title="bbox 2013 1391 3604 1462; baseline -0.004 -12"><span class='ocrx_word' id='word_1_399' title='bbox 2013 1403 2185 1450; x_wconf 90' lang='lat' dir='ltr'><strong>ctare.</strong></span> <span class='ocrx_word' id='word_1_400' title='bbox 2236 1392 2372 1446; x_wconf 85' lang='lat' dir='ltr'><strong>Nam</strong></span> <span class='ocrx_word' id='word_1_401' title='bbox 2421 1408 2597 1462; x_wconf 91' lang='lat' dir='ltr'><strong>neque</strong></span> <span class='ocrx_word' id='word_1_402' title='bbox 2641 1393 2869 1448; x_wconf 87' lang='lat' dir='ltr'><strong>deerant</strong></span> <span class='ocrx_word' id='word_1_403' title='bbox 2919 1393 3012 1462; x_wconf 93' lang='lat' dir='ltr'><strong>qui</strong></span> <span class='ocrx_word' id='word_1_404' title='bbox 3081 1391 3398 1461; x_wconf 85' lang='lat' dir='ltr'><strong>imperatori</strong></span> <span class='ocrx_word' id='word_1_405' title='bbox 3441 1406 3604 1444; x_wconf 89' lang='lat' dir='ltr'><strong>secus</strong></span> 
     </span>
    </p>
   </div>
   <div class='ocr_carea' id='block_1_54' title="bbox 2015 1481 3598 1553">
    <p class='ocr_par' dir='ltr' id='par_1_54' title="bbox 2015 1481 3598 1553">
     <span class='ocr_line' id='line_1_54' title="bbox 2015 1481 3598 1553; baseline -0.005 -14"><span class='ocrx_word' id='word_1_406' title='bbox 2015 1485 2387 1547; x_wconf 75' lang='lat' dir='ltr'><strong>cnnsulereut,</strong></span> <span class='ocrx_word' id='word_1_407' title='bbox 2424 1483 2477 1536; x_wconf 90' lang='lat' dir='ltr'><strong>iu</strong></span> <span class='ocrx_word' id='word_1_408' title='bbox 2504 1499 2738 1551; x_wconf 88' lang='lat' dir='ltr'><strong>quorum</strong></span> <span class='ocrx_word' id='word_1_409' title='bbox 2779 1485 2894 1553; x_wconf 88' lang='lat' dir='ltr'><strong>ipse</strong></span> <span class='ocrx_word' id='word_1_410' title='bbox 2963 1493 3146 1552; x_wconf 90' lang='lat' dir='ltr'><strong>partes</strong></span> <span class='ocrx_word' id='word_1_411' title='bbox 3206 1481 3598 1536; x_wconf 80' lang='lat' dir='ltr'><strong>concedebam.</strong></span> 
     </span>
    </p>
   </div>
   <div class='ocr_carea' id='block_1_55' title="bbox 2012 1573 3606 1643">
    <p class='ocr_par' dir='ltr' id='par_1_55' title="bbox 2012 1573 3606 1643">
     <span class='ocr_line' id='line_1_55' title="bbox 2012 1573 3606 1643; baseline -0.001 -17"><span class='ocrx_word' id='word_1_412' title='bbox 2012 1574 2151 1640; x_wconf 81' lang='lat' dir='ltr'><strong>Quid</strong></span> <span class='ocrx_word' id='word_1_413' title='bbox 2186 1575 2329 1628; x_wconf 91' lang='lat' dir='ltr'><strong>enim</strong></span> <span class='ocrx_word' id='word_1_414' title='bbox 2362 1576 2452 1628; x_wconf 84' lang='lat' dir='ltr'><strong>ille</strong></span> <span class='ocrx_word' id='word_1_415' title='bbox 2497 1590 2637 1628; x_wconf 80' lang='lat' dir='ltr'><strong>mox</strong></span> <span class='ocrx_word' id='word_1_416' title='bbox 2672 1575 2891 1643; x_wconf 88' lang='lat' dir='ltr'><strong>elapsus</strong></span> <span class='ocrx_word' id='word_1_417' title='bbox 2946 1591 3051 1628; x_wconf 87' lang='lat' dir='ltr'><strong>non</strong></span> <span class='ocrx_word' id='word_1_418' title='bbox 3079 1589 3176 1642; x_wconf 89' lang='lat' dir='ltr'><strong>pro</strong></span> <span class='ocrx_word' id='word_1_419' title='bbox 3203 1575 3360 1627; x_wconf 89' lang='lat' dir='ltr'><strong>nobis</strong></span> <span class='ocrx_word' id='word_1_420' title='bbox 3385 1573 3606 1627; x_wconf 88' lang='lat' dir='ltr'><strong>molitu-</strong></span> 
     </span>
    </p>
   </div>
   <div class='ocr_carea' id='block_1_56' title="bbox 2011 1664 3600 1720">
    <p class='ocr_par' dir='ltr' id='par_1_56' title="bbox 2011 1664 3600 1720">
     <span class='ocr_line' id='line_1_56' title="bbox 2011 1664 3600 1720; baseline -0.001 -2"><span class='ocrx_word' id='word_1_421' title='bbox 2011 1679 2109 1718; x_wconf 81' lang='lat' dir='ltr'><strong>rus</strong></span> <span class='ocrx_word' id='word_1_422' title='bbox 2137 1665 2324 1718; x_wconf 84' lang='lat' dir='ltr'><strong>esset?</strong></span> <span class='ocrx_word' id='word_1_423' title='bbox 2348 1664 2515 1716; x_wconf 80' lang='lat' dir='ltr'><strong>Erant</strong></span> <span class='ocrx_word' id='word_1_424' title='bbox 2571 1677 2756 1719; x_wconf 80' lang='lat' dir='ltr'><strong>noctes</strong></span> <span class='ocrx_word' id='word_1_425' title='bbox 2809 1665 3079 1720; x_wconf 74' lang='lat' dir='ltr'><strong>habitune</strong></span> <span class='ocrx_word' id='word_1_426' title='bbox 3120 1667 3426 1719; x_wconf 87' lang='lat' dir='ltr'><strong>insomnem</strong></span> <span class='ocrx_word' id='word_1_427' title='bbox 3453 1665 3506 1718; x_wconf 90' lang='lat' dir='ltr'><strong>in</strong></span> <span class='ocrx_word' id='word_1_428' title='bbox 3538 1680 3600 1719; x_wconf 90' lang='lat' dir='ltr'><strong>ea</strong></span> 
     </span>
    </p>
   </div>
   <div class='ocr_carea' id='block_1_57' title="bbox 2013 1755 3603 1827">
    <p class='ocr_par' dir='ltr' id='par_1_57' title="bbox 2013 1755 3603 1827">
     <span class='ocr_line' id='line_1_57' title="bbox 2013 1755 3603 1827; baseline -0.001 -17"><span class='ocrx_word' id='word_1_429' title='bbox 2013 1756 2246 1810; x_wconf 86' lang='lat' dir='ltr'><strong>consilia</strong></span> <span class='ocrx_word' id='word_1_430' title='bbox 2287 1755 2504 1827; x_wconf 82' lang='lat' dir='ltr'><strong>vigilem</strong></span> <span class='ocrx_word' id='word_1_431' title='bbox 2525 1757 2726 1826; x_wconf 81' lang='lat' dir='ltr'><strong>quibus</strong></span> <span class='ocrx_word' id='word_1_432' title='bbox 2758 1772 2857 1812; x_wconf 91' lang='lat' dir='ltr'><strong>nos</strong></span> <span class='ocrx_word' id='word_1_433' title='bbox 2899 1759 3130 1812; x_wconf 79' lang='lat' dir='ltr'><strong>liberare</strong></span> <span class='ocrx_word' id='word_1_434' title='bbox 3176 1767 3391 1825; x_wconf 87' lang='lat' dir='ltr'><strong>posset;</strong></span> <span class='ocrx_word' id='word_1_435' title='bbox 3457 1757 3603 1810; x_wconf 84' lang='lat' dir='ltr'><strong>dilu-</strong></span> 
     </span>
    </p>
   </div>
   <div class='ocr_carea' id='block_1_58' title="bbox 1961 1849 3604 1922">
    <p class='ocr_par' dir='ltr' id='par_1_58' title="bbox 1961 1849 3604 1922">
     <span class='ocr_line' id='line_1_58' title="bbox 1961 1849 3604 1922; baseline 0.002 -22"><span class='ocrx_word' id='word_1_436' title='bbox 1961 1859 2002 1914; x_wconf 75' lang='lat' dir='ltr'><strong>B</strong></span> <span class='ocrx_word' id='word_1_437' title='bbox 2033 1849 2153 1902; x_wconf 85' lang='lat' dir='ltr'><strong>rula</strong></span> <span class='ocrx_word' id='word_1_438' title='bbox 2174 1863 2322 1910; x_wconf 88' lang='lat' dir='ltr'><strong>vero.</strong></span> <span class='ocrx_word' id='word_1_439' title='bbox 2390 1852 2572 1905; x_wconf 90' lang='lat' dir='ltr'><strong>omnia</strong></span> <span class='ocrx_word' id='word_1_440' title='bbox 2623 1853 3050 1922; x_wconf 77' lang='lat' dir='ltr'><strong>aggredieutem,</strong></span> <span class='ocrx_word' id='word_1_441' title='bbox 3113 1866 3234 1919; x_wconf 66' lang='lat' dir='ltr'><strong>quae</strong></span> <span class='ocrx_word' id='word_1_442' title='bbox 3281 1867 3375 1920; x_wconf 90' lang='lat' dir='ltr'><strong>per</strong></span> <span class='ocrx_word' id='word_1_443' title='bbox 3425 1851 3604 1905; x_wconf 88' lang='lat' dir='ltr'><strong>noctis</strong></span> 
     </span>
    </p>
   </div>
   <div class='ocr_carea' id='block_1_59' title="bbox 2009 1940 3604 2012">
    <p class='ocr_par' dir='ltr' id='par_1_59' title="bbox 2009 1940 3604 2012">
     <span class='ocr_line' id='line_1_59' title="bbox 2009 1940 3604 2012; baseline 0.001 -20"><span class='ocrx_word' id='word_1_444' title='bbox 2009 1940 2220 1995; x_wconf 88' lang='lat' dir='ltr'><strong>silentia</strong></span> <span class='ocrx_word' id='word_1_445' title='bbox 2263 1956 2293 1995; x_wconf 90' lang='lat' dir='ltr'><strong>e</strong></span> <span class='ocrx_word' id='word_1_446' title='bbox 2325 1957 2384 1994; x_wconf 87' lang='lat' dir='ltr'><strong>re</strong></span> <span class='ocrx_word' id='word_1_447' title='bbox 2416 1941 2529 1996; x_wconf 90' lang='lat' dir='ltr'><strong>visa</strong></span> <span class='ocrx_word' id='word_1_448' title='bbox 2562 1951 2750 1997; x_wconf 91' lang='lat' dir='ltr'><strong>essent</strong></span> <span class='ocrx_word' id='word_1_449' title='bbox 2784 1960 2798 1996; x_wconf 73' lang='grc' dir='ltr'>ε</span> <span class='ocrx_word' id='word_1_450' title='bbox 2828 1958 2890 1997; x_wconf 90' lang='lat' dir='ltr'><strong>ea</strong></span> <span class='ocrx_word' id='word_1_451' title='bbox 2950 1952 3235 1996; x_wconf 87' lang='lat' dir='ltr'><strong>curantem</strong></span> <span class='ocrx_word' id='word_1_452' title='bbox 3265 1958 3385 2012; x_wconf 75' lang='lat' dir='ltr'><strong>quze</strong></span> <span class='ocrx_word' id='word_1_453' title='bbox 3423 1957 3604 2011; x_wconf 65' lang='lat' dir='ltr'><strong>operi:</strong></span> 
     </span>
    </p>
   </div>
   <div class='ocr_carea' id='block_1_60' title="bbox 2009 2034 3604 2108">
    <p class='ocr_par' dir='ltr' id='par_1_60' title="bbox 2009 2034 3604 2108">
     <span class='ocr_line' id='line_1_60' title="bbox 2009 2034 3604 2108; baseline 0.001 -22"><span class='ocrx_word' id='word_1_454' title='bbox 2009 2034 2245 2102; x_wconf 88' lang='lat' dir='ltr'><strong>pretium</strong></span> <span class='ocrx_word' id='word_1_455' title='bbox 2275 2042 2538 2102; x_wconf 81' lang='lat' dir='ltr'><strong>putasset,</strong></span> <span class='ocrx_word' id='word_1_456' title='bbox 2567 2035 2814 2104; x_wconf 87' lang='lat' dir='ltr'><strong>nihilque</strong></span> <span class='ocrx_word' id='word_1_457' title='bbox 2867 2051 2973 2088; x_wconf 84' lang='lat' dir='ltr'><strong>non</strong></span> <span class='ocrx_word' id='word_1_458' title='bbox 3039 2045 3292 2108; x_wconf 78' lang='lat' dir='ltr'><strong>agentem</strong></span> <span class='ocrx_word' id='word_1_459' title='bbox 3357 2045 3417 2090; x_wconf 92' lang='lat' dir='ltr'><strong>ut</strong></span> <span class='ocrx_word' id='word_1_460' title='bbox 3471 2049 3604 2090; x_wconf 90' lang='lat' dir='ltr'><strong>con-</strong></span> 
     </span>
    </p>
   </div>
   <div class='ocr_carea' id='block_1_61' title="bbox 2006 2123 3603 2198">
    <p class='ocr_par' dir='ltr' id='par_1_61' title="bbox 2006 2123 3603 2198">
     <span class='ocr_line' id='line_1_61' title="bbox 2006 2123 3603 2198; baseline 0.002 -23"><span class='ocrx_word' id='word_1_461' title='bbox 2006 2137 2203 2193; x_wconf 75' lang='lat' dir='ltr'><strong>gruum</strong></span> <span class='ocrx_word' id='word_1_462' title='bbox 2236 2123 2326 2179; x_wconf 86' lang='lat' dir='ltr'><strong>illa</strong></span> <span class='ocrx_word' id='word_1_463' title='bbox 2364 2125 2523 2180; x_wconf 83' lang='lat' dir='ltr'><strong>ﬁnem</strong></span> <span class='ocrx_word' id='word_1_464' title='bbox 2578 2125 2892 2194; x_wconf 87' lang='lat' dir='ltr'><strong>acciperent</strong></span> <span class='ocrx_word' id='word_1_465' title='bbox 2923 2143 2938 2190; x_wconf 89' lang='lat'><strong>;</strong></span> <span class='ocrx_word' id='word_1_466' title='bbox 2965 2129 3430 2196; x_wconf 81' lang='lat' dir='ltr'><strong>promittentem,</strong></span> <span class='ocrx_word' id='word_1_467' title='bbox 3477 2141 3603 2198; x_wconf 84' lang='lat' dir='ltr'><strong>pro-</strong></span> 
     </span>
    </p>
   </div>
   <div class='ocr_carea' id='block_1_62' title="bbox 2009 2217 3600 2287">
    <p class='ocr_par' dir='ltr' id='par_1_62' title="bbox 2009 2217 3600 2287">
     <span class='ocr_line' id='line_1_62' title="bbox 2009 2217 3600 2287; baseline 0.002 -17"><span class='ocrx_word' id='word_1_468' title='bbox 2009 2217 2194 2271; x_wconf 88' lang='lat' dir='ltr'><strong>missis</strong></span> <span class='ocrx_word' id='word_1_469' title='bbox 2228 2218 2522 2287; x_wconf 85' lang='lat' dir='ltr'><strong>sponsione</strong></span> <span class='ocrx_word' id='word_1_470' title='bbox 2545 2227 2825 2273; x_wconf 78' lang='lat' dir='ltr'><strong>caventem</strong></span> <span class='ocrx_word' id='word_1_471' title='bbox 2853 2237 2868 2286; x_wconf 89' lang='lat'><strong>;</strong></span> <span class='ocrx_word' id='word_1_472' title='bbox 2904 2234 3026 2274; x_wconf 87' lang='lat' dir='ltr'><strong>sese</strong></span> <span class='ocrx_word' id='word_1_473' title='bbox 3083 2229 3456 2284; x_wconf 86' lang='lat' dir='ltr'><strong>sacramento,</strong></span> <span class='ocrx_word' id='word_1_474' title='bbox 3477 2235 3600 2275; x_wconf 90' lang='lat' dir='ltr'><strong>cum</strong></span> 
     </span>
    </p>
   </div>
   <div class='ocr_carea' id='block_1_63' title="bbox 2011 2309 3604 2383">
    <p class='ocr_par' dir='ltr' id='par_1_63' title="bbox 2011 2309 3604 2383">
     <span class='ocr_line' id='line_1_63' title="bbox 2011 2309 3604 2383; baseline 0.004 -21"><span class='ocrx_word' id='word_1_475' title='bbox 2011 2324 2098 2364; x_wconf 85' lang='lat' dir='ltr'><strong>res</strong></span> <span class='ocrx_word' id='word_1_476' title='bbox 2125 2309 2311 2375; x_wconf 80' lang='lat' dir='ltr'><strong>ferret,</strong></span> <span class='ocrx_word' id='word_1_477' title='bbox 2348 2311 2413 2365; x_wconf 91' lang='lat' dir='ltr'><strong>ad</strong></span> <span class='ocrx_word' id='word_1_478' title='bbox 2442 2325 2537 2366; x_wconf 83' lang='lat' dir='ltr'><strong>eos</strong></span> <span class='ocrx_word' id='word_1_479' title='bbox 2590 2312 2682 2381; x_wconf 87' lang='lat' dir='ltr'><strong>qui</strong></span> <span class='ocrx_word' id='word_1_480' title='bbox 2729 2324 2955 2383; x_wconf 89' lang='lat' dir='ltr'><strong>possent</strong></span> <span class='ocrx_word' id='word_1_481' title='bbox 2985 2314 3199 2379; x_wconf 91' lang='lat' dir='ltr'><strong>ulcisci,</strong></span> <span class='ocrx_word' id='word_1_482' title='bbox 3255 2315 3604 2383; x_wconf 78' lang='lat' dir='ltr'><strong>obstringen-</strong></span> 
     </span>
    </p>
   </div>
   <div class='ocr_carea' id='block_1_64' title="bbox 2010 2403 3602 2479">
    <p class='ocr_par' dir='ltr' id='par_1_64' title="bbox 2010 2403 3602 2479">
     <span class='ocr_line' id='line_1_64' title="bbox 2010 2403 3602 2479; baseline 0.003 -25"><span class='ocrx_word' id='word_1_483' title='bbox 2010 2409 2116 2455; x_wconf 90' lang='lat' dir='ltr'><strong>tem</strong></span> <span class='ocrx_word' id='word_1_484' title='bbox 2147 2418 2163 2468; x_wconf 90' lang='lat'><strong>;</strong></span> <span class='ocrx_word' id='word_1_485' title='bbox 2191 2403 2326 2456; x_wconf 88' lang='lat' dir='ltr'><strong>nihil</strong></span> <span class='ocrx_word' id='word_1_486' title='bbox 2364 2404 2600 2474; x_wconf 90' lang='lat' dir='ltr'><strong>denique</strong></span> <span class='ocrx_word' id='word_1_487' title='bbox 2618 2417 2988 2476; x_wconf 82' lang='lat' dir='ltr'><strong>Opportunum</strong></span> <span class='ocrx_word' id='word_1_488' title='bbox 3043 2409 3284 2479; x_wconf 77' lang='lat' dir='ltr'><strong>negotio,</strong></span> <span class='ocrx_word' id='word_1_489' title='bbox 3341 2409 3602 2462; x_wconf 87' lang='lat' dir='ltr'><strong>omitten-</strong></span> 
     </span>
    </p>
   </div>
   <div class='ocr_carea' id='block_1_65' title="bbox 2011 2493 3603 2565">
    <p class='ocr_par' dir='ltr' id='par_1_65' title="bbox 2011 2493 3603 2565">
     <span class='ocr_line' id='line_1_65' title="bbox 2011 2493 3603 2565; baseline 0.002 -19"><span class='ocrx_word' id='word_1_490' title='bbox 2011 2501 2141 2548; x_wconf 88' lang='lat' dir='ltr'><strong>tem.</strong></span> <span class='ocrx_word' id='word_1_491' title='bbox 2172 2493 2226 2546; x_wconf 79' lang='grc' dir='ltr'>ω</span> <span class='ocrx_word' id='word_1_492' title='bbox 2265 2496 2614 2548; x_wconf 50' lang='grc' dir='ltr'>νοεονιιιιιίιίἱ</span> <span class='ocrx_word' id='word_1_493' title='bbox 2663 2496 2806 2564; x_wconf 92' lang='lat' dir='ltr'><strong>quod</strong></span> <span class='ocrx_word' id='word_1_494' title='bbox 2855 2497 3201 2565; x_wconf 88' lang='lat' dir='ltr'><strong>suppetebat,</strong></span> <span class='ocrx_word' id='word_1_495' title='bbox 3263 2497 3603 2565; x_wconf 78' lang='lat' dir='ltr'><strong>gravissimis</strong></span> 
     </span>
    </p>
   </div>
   <div class='ocr_carea' id='block_1_66' title="bbox 2013 2585 3599 2658">
    <p class='ocr_par' dir='ltr' id='par_1_66' title="bbox 2013 2585 3599 2658">
     <span class='ocr_line' id='line_1_66' title="bbox 2013 2585 3599 2658; baseline 0.003 -20"><span class='ocrx_word' id='word_1_496' title='bbox 2013 2585 2296 2639; x_wconf 83' lang='lat' dir='ltr'><strong>intentatis</strong></span> <span class='ocrx_word' id='word_1_497' title='bbox 2336 2588 2522 2649; x_wconf 87' lang='lat' dir='ltr'><strong>minis,</strong></span> <span class='ocrx_word' id='word_1_498' title='bbox 2555 2597 2613 2640; x_wconf 95' lang='lat' dir='ltr'><strong>ut</strong></span> <span class='ocrx_word' id='word_1_499' title='bbox 2637 2589 2761 2657; x_wconf 79' lang='lat' dir='ltr'><strong>quis</strong></span> <span class='ocrx_word' id='word_1_500' title='bbox 2789 2589 3132 2658; x_wconf 76' lang='lat' dir='ltr'><strong>corporalem</strong></span> <span class='ocrx_word' id='word_1_501' title='bbox 3193 2590 3354 2642; x_wconf 87' lang='lat' dir='ltr'><strong>nobis</strong></span> <span class='ocrx_word' id='word_1_502' title='bbox 3419 2589 3599 2642; x_wconf 73' lang='lat' dir='ltr'><strong>hesio-</strong></span> 
     </span>
    </p>
   </div>
   <div class='ocr_carea' id='block_1_67' title="bbox 2012 2679 3603 2757">
    <p class='ocr_par' dir='ltr' id='par_1_67' title="bbox 2012 2679 3603 2757">
     <span class='ocr_line' id='line_1_67' title="bbox 2012 2679 3603 2757; baseline 0.001 -26"><span class='ocrx_word' id='word_1_503' title='bbox 2012 2693 2136 2732; x_wconf 90' lang='lat' dir='ltr'><strong>nem</strong></span> <span class='ocrx_word' id='word_1_504' title='bbox 2193 2679 2436 2748; x_wconf 78' lang='lat' dir='ltr'><strong>inﬂigere</strong></span> <span class='ocrx_word' id='word_1_505' title='bbox 2494 2683 2742 2748; x_wconf 89' lang='lat' dir='ltr'><strong>auderet,</strong></span> <span class='ocrx_word' id='word_1_506' title='bbox 2797 2697 2906 2752; x_wconf 91' lang='lat' dir='ltr'><strong>quo</strong></span> <span class='ocrx_word' id='word_1_507' title='bbox 2969 2683 3092 2736; x_wconf 88' lang='lat' dir='ltr'><strong>loco</strong></span> <span class='ocrx_word' id='word_1_508' title='bbox 3150 2682 3402 2752; x_wconf 74' lang='lat' dir='ltr'><strong>ponam?</strong></span> <span class='ocrx_word' id='word_1_509' title='bbox 3457 2680 3603 2757; x_wconf 74' lang='lat' dir='ltr'><strong>Nihil</strong></span> 
     </span>
    </p>
   </div>
   <div class='ocr_carea' id='block_1_68' title="bbox 2013 2771 3600 2843">
    <p class='ocr_par' dir='ltr' id='par_1_68' title="bbox 2013 2771 3600 2843">
     <span class='ocr_line' id='line_1_68' title="bbox 2013 2771 3600 2843; baseline 0.001 -20"><span class='ocrx_word' id='word_1_510' title='bbox 2013 2783 2146 2824; x_wconf 87' lang='lat' dir='ltr'><strong>sane</strong></span> <span class='ocrx_word' id='word_1_511' title='bbox 2179 2771 2316 2824; x_wconf 89' lang='lat' dir='ltr'><strong>adeo</strong></span> <span class='ocrx_word' id='word_1_512' title='bbox 2348 2773 2507 2827; x_wconf 90' lang='lat' dir='ltr'><strong>nobis</strong></span> <span class='ocrx_word' id='word_1_513' title='bbox 2557 2789 2798 2842; x_wconf 66' lang='lat' dir='ltr'><strong>prmsens</strong></span> <span class='ocrx_word' id='word_1_514' title='bbox 2826 2775 2892 2826; x_wconf 87' lang='lat' dir='ltr'><strong>ad</strong></span> <span class='ocrx_word' id='word_1_515' title='bbox 2921 2774 3042 2827; x_wconf 70' lang='lat' dir='ltr'><strong>vita:</strong></span> <span class='ocrx_word' id='word_1_516' title='bbox 3094 2773 3406 2843; x_wconf 63' lang='lat' dir='ltr'><strong>praesidium</strong></span> <span class='ocrx_word' id='word_1_517' title='bbox 3460 2783 3600 2826; x_wconf 87' lang='lat' dir='ltr'><strong>erat.</strong></span> 
     </span>
    </p>
   </div>
   <div class='ocr_carea' id='block_1_69' title="bbox 2012 2858 3605 2932">
    <p class='ocr_par' dir='ltr' id='par_1_69' title="bbox 2012 2858 3605 2932">
     <span class='ocr_line' id='line_1_69' title="bbox 2012 2858 3605 2932; baseline 0.002 -18"><span class='ocrx_word' id='word_1_518' title='bbox 2012 2858 2153 2914; x_wconf 73' lang='lat' dir='ltr'><strong>Num</strong></span> <span class='ocrx_word' id='word_1_519' title='bbox 2177 2875 2306 2914; x_wconf 85' lang='lat' dir='ltr'><strong>vero</strong></span> <span class='ocrx_word' id='word_1_520' title='bbox 2337 2877 2506 2914; x_wconf 87' lang='lat' dir='ltr'><strong>unum</strong></span> <span class='ocrx_word' id='word_1_521' title='bbox 2534 2863 2634 2916; x_wconf 85' lang='lat' dir='ltr'><strong>hoc</strong></span> <span class='ocrx_word' id='word_1_522' title='bbox 2663 2877 2727 2917; x_wconf 89' lang='lat' dir='ltr'><strong>ac</strong></span> <span class='ocrx_word' id='word_1_523' title='bbox 2755 2864 3035 2932; x_wconf 81' lang='lat' dir='ltr'><strong>singulare</strong></span> <span class='ocrx_word' id='word_1_524' title='bbox 3058 2865 3308 2932; x_wconf 65' lang='lat' dir='ltr'><strong>praeclari</strong></span> <span class='ocrx_word' id='word_1_525' title='bbox 3337 2864 3458 2918; x_wconf 89' lang='lat' dir='ltr'><strong>loco</strong></span> <span class='ocrx_word' id='word_1_526' title='bbox 3475 2864 3605 2917; x_wconf 81' lang='lat' dir='ltr'><strong>cha-</strong></span> 
     </span>
    </p>
   </div>
   <div class='ocr_carea' id='block_1_70' title="bbox 2014 2955 3606 3027">
    <p class='ocr_par' dir='ltr' id='par_1_70' title="bbox 2014 2955 3606 3027">
     <span class='ocr_line' id='line_1_70' title="bbox 2014 2955 3606 3027; baseline 0.003 -21"><span class='ocrx_word' id='word_1_527' title='bbox 2014 2955 2263 3017; x_wconf 88' lang='lat' dir='ltr'><strong>racteris,</strong></span> <span class='ocrx_word' id='word_1_528' title='bbox 2285 2955 2450 3008; x_wconf 88' lang='lat' dir='ltr'><strong>vitam</strong></span> <span class='ocrx_word' id='word_1_529' title='bbox 2476 2956 2596 3021; x_wconf 89' lang='lat' dir='ltr'><strong>ejus</strong></span> <span class='ocrx_word' id='word_1_530' title='bbox 2627 2966 2893 3026; x_wconf 90' lang='lat' dir='ltr'><strong>quantum</strong></span> <span class='ocrx_word' id='word_1_531' title='bbox 2929 2973 3066 3027; x_wconf 84' lang='lat' dir='ltr'><strong>cpus</strong></span> <span class='ocrx_word' id='word_1_532' title='bbox 3099 2969 3204 3021; x_wconf 85' lang='lat' dir='ltr'><strong>est,</strong></span> <span class='ocrx_word' id='word_1_533' title='bbox 3268 2960 3406 3012; x_wconf 88' lang='lat' dir='ltr'><strong>satis</strong></span> <span class='ocrx_word' id='word_1_534' title='bbox 3471 2958 3606 3011; x_wconf 81' lang='lat' dir='ltr'><strong>iusi—</strong></span> 
     </span>
    </p>
   </div>
   <div class='ocr_carea' id='block_1_71' title="bbox 2015 3046 3600 3119">
    <p class='ocr_par' dir='ltr' id='par_1_71' title="bbox 2015 3046 3600 3119">
     <span class='ocr_line' id='line_1_71' title="bbox 2015 3046 3600 3119; baseline 0.001 -18"><span class='ocrx_word' id='word_1_535' title='bbox 2015 3047 2208 3119; x_wconf 81' lang='lat' dir='ltr'><strong>guiat?</strong></span> <span class='ocrx_word' id='word_1_536' title='bbox 2236 3046 2517 3117; x_wconf 87' lang='lat' dir='ltr'><strong>Siquidem</strong></span> <span class='ocrx_word' id='word_1_537' title='bbox 2555 3049 2700 3104; x_wconf 90' lang='lat' dir='ltr'><strong>enim</strong></span> <span class='ocrx_word' id='word_1_538' title='bbox 2719 3050 2790 3104; x_wconf 92' lang='lat' dir='ltr'><strong>ob</strong></span> <span class='ocrx_word' id='word_1_539' title='bbox 2840 3050 3009 3104; x_wconf 74' lang='lat' dir='ltr'><strong>levrm</strong></span> <span class='ocrx_word' id='word_1_540' title='bbox 3032 3067 3151 3104; x_wconf 89' lang='lat' dir='ltr'><strong>eam</strong></span> <span class='ocrx_word' id='word_1_541' title='bbox 3207 3049 3600 3119; x_wconf 81' lang='lat' dir='ltr'><strong>suSpicionem,</strong></span> 
     </span>
    </p>
   </div>
   <div class='ocr_carea' id='block_1_72' title="bbox 2015 3142 3604 3212">
    <p class='ocr_par' dir='ltr' id='par_1_72' title="bbox 2015 3142 3604 3212">
     <span class='ocr_line' id='line_1_72' title="bbox 2015 3142 3604 3212; baseline -0.002 -15"><span class='ocrx_word' id='word_1_542' title='bbox 2015 3144 2222 3197; x_wconf 82' lang='lat' dir='ltr'><strong>nmium</strong></span> <span class='ocrx_word' id='word_1_543' title='bbox 2257 3143 2436 3210; x_wconf 90' lang='lat' dir='ltr'><strong>ipsum</strong></span> <span class='ocrx_word' id='word_1_544' title='bbox 2463 3142 2752 3212; x_wconf 88' lang='lat' dir='ltr'><strong>occupavit</strong></span> <span class='ocrx_word' id='word_1_545' title='bbox 2784 3143 2955 3210; x_wconf 88' lang='lat' dir='ltr'><strong>patris</strong></span> <span class='ocrx_word' id='word_1_546' title='bbox 3009 3151 3226 3208; x_wconf 91' lang='lat' dir='ltr'><strong>nutum,</strong></span> <span class='ocrx_word' id='word_1_547' title='bbox 3259 3149 3604 3210; x_wconf 88' lang='lat' dir='ltr'><strong>mortemque</strong></span> 
     </span>
    </p>
   </div>
   <div class='ocr_carea' id='block_1_73' title="bbox 2016 3235 3601 3304">
    <p class='ocr_par' dir='ltr' id='par_1_73' title="bbox 2016 3235 3601 3304">
     <span class='ocr_line' id='line_1_73' title="bbox 2016 3235 3601 3304; baseline -0.002 -14"><span class='ocrx_word' id='word_1_548' title='bbox 2016 3235 2208 3301; x_wconf 90' lang='lat' dir='ltr'><strong>obivit,</strong></span> <span class='ocrx_word' id='word_1_549' title='bbox 2233 3250 2353 3304; x_wconf 86' lang='lat' dir='ltr'><strong>quae</strong></span> <span class='ocrx_word' id='word_1_550' title='bbox 2373 3249 2486 3288; x_wconf 68' lang='lat' dir='ltr'><strong>sua:</strong></span> <span class='ocrx_word' id='word_1_551' title='bbox 2507 3245 2666 3288; x_wconf 90' lang='lat' dir='ltr'><strong>erant</strong></span> <span class='ocrx_word' id='word_1_552' title='bbox 2691 3243 2873 3303; x_wconf 88' lang='lat' dir='ltr'><strong>partes</strong></span> <span class='ocrx_word' id='word_1_553' title='bbox 2899 3250 2914 3298; x_wconf 91' lang='lat'><strong>;</strong></span> <span class='ocrx_word' id='word_1_554' title='bbox 2945 3249 3084 3304; x_wconf 86' lang='lat' dir='ltr'><strong>quas</strong></span> <span class='ocrx_word' id='word_1_555' title='bbox 3124 3251 3231 3288; x_wconf 90' lang='lat' dir='ltr'><strong>non</strong></span> <span class='ocrx_word' id='word_1_556' title='bbox 3263 3245 3497 3299; x_wconf 88' lang='lat' dir='ltr'><strong>mortes,</strong></span> <span class='ocrx_word' id='word_1_557' title='bbox 3531 3235 3601 3287; x_wconf 87' lang='lat' dir='ltr'><strong>ab</strong></span> 
     </span>
    </p>
   </div>
   <div class='ocr_carea' id='block_1_74' title="bbox 2015 3325 3606 3397">
    <p class='ocr_par' dir='ltr' id='par_1_74' title="bbox 2015 3325 3606 3397">
     <span class='ocr_line' id='line_1_74' title="bbox 2015 3325 3606 3397; baseline -0.001 -17"><span class='ocrx_word' id='word_1_558' title='bbox 2015 3337 2204 3397; x_wconf 86' lang='lat' dir='ltr'><strong>aperto</strong></span> <span class='ocrx_word' id='word_1_559' title='bbox 2234 3342 2360 3381; x_wconf 90' lang='lat' dir='ltr'><strong>eum</strong></span> <span class='ocrx_word' id='word_1_560' title='bbox 2420 3325 2666 3396; x_wconf 90' lang='lat' dir='ltr'><strong>periculo</strong></span> <span class='ocrx_word' id='word_1_561' title='bbox 2728 3326 3081 3390; x_wconf 82' lang='lat' dir='ltr'><strong>liberaturus,</strong></span> <span class='ocrx_word' id='word_1_562' title='bbox 3132 3326 3329 3381; x_wconf 88' lang='lat' dir='ltr'><strong>lubens</strong></span> <span class='ocrx_word' id='word_1_563' title='bbox 3384 3327 3606 3381; x_wconf 70' lang='lat' dir='ltr'><strong>obiret?</strong></span> 
     </span>
    </p>
   </div>
   <div class='ocr_carea' id='block_1_75' title="bbox 2015 3413 3603 3486">
    <p class='ocr_par' dir='ltr' id='par_1_75' title="bbox 2015 3413 3603 3486">
     <span class='ocr_line' id='line_1_75' title="bbox 2015 3413 3603 3486; baseline 0.001 -18"><span class='ocrx_word' id='word_1_564' title='bbox 2015 3413 2206 3470; x_wconf 85' lang='lat' dir='ltr'><strong>Nonne</strong></span> <span class='ocrx_word' id='word_1_565' title='bbox 2237 3413 2408 3470; x_wconf 87' lang='lat' dir='ltr'><strong>lsaaci</strong></span> <span class='ocrx_word' id='word_1_566' title='bbox 2456 3415 2751 3485; x_wconf 65' lang='lat' dir='ltr'><strong>praeclarus</strong></span> <span class='ocrx_word' id='word_1_567' title='bbox 2821 3416 3154 3470; x_wconf 67' lang='lat' dir='ltr'><strong>aemulator?</strong></span> <span class='ocrx_word' id='word_1_568' title='bbox 3200 3414 3393 3470; x_wconf 83' lang='lat' dir='ltr'><strong>Nonne</strong></span> <span class='ocrx_word' id='word_1_569' title='bbox 3431 3417 3603 3486; x_wconf 86' lang='lat' dir='ltr'><strong>ipsius</strong></span> 
     </span>
    </p>
   </div>
   <div class='ocr_carea' id='block_1_76' title="bbox 2015 3507 3603 3579">
    <p class='ocr_par' dir='ltr' id='par_1_76' title="bbox 2015 3507 3603 3579">
     <span class='ocr_line' id='line_1_76' title="bbox 2015 3507 3603 3579; baseline 0.001 -17"><span class='ocrx_word' id='word_1_570' title='bbox 2015 3523 2235 3579; x_wconf 91' lang='lat' dir='ltr'><strong>quoque</strong></span> <span class='ocrx_word' id='word_1_571' title='bbox 2266 3508 2569 3563; x_wconf 90' lang='lat' dir='ltr'><strong>Salvatoris</strong></span> <span class='ocrx_word' id='word_1_572' title='bbox 2595 3508 2618 3560; x_wconf 68' lang='grc'><strong><em>2</em></strong></span> <span class='ocrx_word' id='word_1_573' title='bbox 2670 3507 2779 3562; x_wconf 82' lang='lat' dir='ltr'><strong>Nec</strong></span> <span class='ocrx_word' id='word_1_574' title='bbox 2799 3509 2944 3562; x_wconf 90' lang='lat' dir='ltr'><strong>enim</strong></span> <span class='ocrx_word' id='word_1_575' title='bbox 3009 3519 3219 3564; x_wconf 85' lang='lat' dir='ltr'><strong>temere</strong></span> <span class='ocrx_word' id='word_1_576' title='bbox 3271 3509 3478 3564; x_wconf 88' lang='lat' dir='ltr'><strong>dictum</strong></span> <span class='ocrx_word' id='word_1_577' title='bbox 3510 3525 3603 3564; x_wconf 92' lang='lat' dir='ltr'><strong>ve-</strong></span> 
     </span>
    </p>
   </div>
   <div class='ocr_carea' id='block_1_77' title="bbox 2014 3587 3600 3673">
    <p class='ocr_par' dir='ltr' id='par_1_77' title="bbox 2014 3587 3600 3673">
     <span class='ocr_line' id='line_1_77' title="bbox 2014 3587 3600 3673; baseline 0.001 -18"><span class='ocrx_word' id='word_1_578' title='bbox 2014 3603 2108 3655; x_wconf 85' lang='lat' dir='ltr'><strong>lim</strong></span> <span class='ocrx_word' id='word_1_579' title='bbox 2135 3618 2149 3655; x_wconf 89' lang='lat'><strong>:</strong></span> <span class='ocrx_word' id='word_1_580' title='bbox 2185 3604 2404 3671; x_wconf 89' lang='lat' dir='ltr'><strong>quando</strong></span> <span class='ocrx_word' id='word_1_581' title='bbox 2429 3602 2518 3656; x_wconf 91' lang='lat' dir='ltr'><strong>ille</strong></span> <span class='ocrx_word' id='word_1_582' title='bbox 2551 3587 2936 3671; x_wconf 40' lang='lat' dir='ltr'><strong>in&#39;exemplum</strong></span> <span class='ocrx_word' id='word_1_583' title='bbox 2970 3604 3127 3659; x_wconf 91' lang='lat' dir='ltr'><strong>nobis</strong></span> <span class='ocrx_word' id='word_1_584' title='bbox 3160 3604 3476 3673; x_wconf 87' lang='lat' dir='ltr'><strong>propositus</strong></span> <span class='ocrx_word' id='word_1_585' title='bbox 3497 3613 3600 3666; x_wconf 83' lang='lat' dir='ltr'><strong>est.</strong></span> 
     </span>
    </p>
   </div>
   <div class='ocr_carea' id='block_1_78' title="bbox 2025 3693 3606 3763">
    <p class='ocr_par' dir='ltr' id='par_1_78' title="bbox 2025 3693 3606 3763">
     <span class='ocr_line' id='line_1_78' title="bbox 2025 3693 3606 3763; baseline 0.001 -16"><span class='ocrx_word' id='word_1_586' title='bbox 2025 3696 2319 3763; x_wconf 85' lang='lat' dir='ltr'><strong>placetque</strong></span> <span class='ocrx_word' id='word_1_587' title='bbox 2379 3693 2547 3763; x_wconf 90' lang='lat' dir='ltr'><strong>patri,</strong></span> <span class='ocrx_word' id='word_1_588' title='bbox 2613 3703 2670 3747; x_wconf 90' lang='lat' dir='ltr'><strong>ut</strong></span> <span class='ocrx_word' id='word_1_589' title='bbox 2743 3709 2866 3748; x_wconf 92' lang='lat' dir='ltr'><strong>eum</strong></span> <span class='ocrx_word' id='word_1_590' title='bbox 2935 3696 3279 3750; x_wconf 67' lang='lat' dir='ltr'><strong>aemulemur.</strong></span> <span class='ocrx_word' id='word_1_591' title='bbox 3339 3696 3441 3761; x_wconf 87' lang='lat' dir='ltr'><strong>Qui</strong></span> <span class='ocrx_word' id='word_1_592' title='bbox 3521 3698 3606 3749; x_wconf 91' lang='lat' dir='ltr'><strong>sic</strong></span> 
     </span>
    </p>
   </div>
   <div class='ocr_carea' id='block_1_79' title="bbox 2018 3786 3606 3857">
    <p class='ocr_par' dir='ltr' id='par_1_79' title="bbox 2018 3786 3606 3857">
     <span class='ocr_line' id='line_1_79' title="bbox 2018 3786 3606 3857; baseline -0.001 -16"><span class='ocrx_word' id='word_1_593' title='bbox 2018 3801 2182 3857; x_wconf 89' lang='lat' dir='ltr'><strong>porro</strong></span> <span class='ocrx_word' id='word_1_594' title='bbox 2203 3788 2369 3841; x_wconf 89' lang='lat' dir='ltr'><strong>animi</strong></span> <span class='ocrx_word' id='word_1_595' title='bbox 2411 3786 2465 3840; x_wconf 92' lang='lat' dir='ltr'><strong>in</strong></span> <span class='ocrx_word' id='word_1_596' title='bbox 2499 3797 2750 3855; x_wconf 90' lang='lat' dir='ltr'><strong>parentes</strong></span> <span class='ocrx_word' id='word_1_597' title='bbox 2807 3787 3060 3851; x_wconf 83' lang='lat' dir='ltr'><strong>habebat,</strong></span> <span class='ocrx_word' id='word_1_598' title='bbox 3117 3802 3350 3842; x_wconf 88' lang='lat' dir='ltr'><strong>secusne</strong></span> <span class='ocrx_word' id='word_1_599' title='bbox 3392 3789 3443 3839; x_wconf 89' lang='lat' dir='ltr'><strong>in</strong></span> <span class='ocrx_word' id='word_1_600' title='bbox 3497 3788 3606 3840; x_wconf 82' lang='lat' dir='ltr'><strong>fra-</strong></span> 
     </span>
    </p>
   </div>
   <div class='ocr_carea' id='block_1_80' title="bbox 2020 3877 3604 3947">
    <p class='ocr_par' dir='ltr' id='par_1_80' title="bbox 2020 3877 3604 3947">
     <span class='ocr_line' id='line_1_80' title="bbox 2020 3877 3604 3947; baseline -0.001 -14"><span class='ocrx_word' id='word_1_601' title='bbox 2020 3891 2129 3933; x_wconf 86' lang='lat' dir='ltr'><strong>tres</strong></span> <span class='ocrx_word' id='word_1_602' title='bbox 2160 3878 2348 3932; x_wconf 86' lang='lat' dir='ltr'><strong>habuit</strong></span> <span class='ocrx_word' id='word_1_603' title='bbox 2375 3879 2398 3931; x_wconf 72' lang='lat'>2</span> <span class='ocrx_word' id='word_1_604' title='bbox 2429 3877 2649 3932; x_wconf 79' lang='lat' dir='ltr'><strong>Minime</strong></span> <span class='ocrx_word' id='word_1_605' title='bbox 2698 3882 2962 3947; x_wconf 83' lang='lat' dir='ltr'><strong>gentium.</strong></span> <span class='ocrx_word' id='word_1_606' title='bbox 3007 3880 3216 3933; x_wconf 84' lang='lat' dir='ltr'><strong>Etenim</strong></span> <span class='ocrx_word' id='word_1_607' title='bbox 3279 3895 3402 3934; x_wconf 87' lang='lat' dir='ltr'><strong>cum</strong></span> <span class='ocrx_word' id='word_1_608' title='bbox 3437 3881 3604 3935; x_wconf 86' lang='lat' dir='ltr'><strong>trien-</strong></span> 
     </span>
    </p>
   </div>
   <div class='ocr_carea' id='block_1_81' title="bbox 2017 3969 3602 4044">
    <p class='ocr_par' dir='ltr' id='par_1_81' title="bbox 2017 3969 3602 4044">
     <span class='ocr_line' id='line_1_81' title="bbox 2017 3969 3602 4044; baseline 0.004 -22"><span class='ocrx_word' id='word_1_609' title='bbox 2017 3969 2110 4022; x_wconf 91' lang='lat' dir='ltr'><strong>nio</strong></span> <span class='ocrx_word' id='word_1_610' title='bbox 2136 3970 2248 4023; x_wconf 79' lang='lat' dir='ltr'><strong>fere</strong></span> <span class='ocrx_word' id='word_1_611' title='bbox 2270 3969 2324 4022; x_wconf 90' lang='lat' dir='ltr'><strong>in</strong></span> <span class='ocrx_word' id='word_1_612' title='bbox 2351 3969 2610 4038; x_wconf 61' lang='lat' dir='ltr'><strong>praesidio</strong></span> <span class='ocrx_word' id='word_1_613' title='bbox 2637 3985 2886 4026; x_wconf 89' lang='lat' dir='ltr'><strong>essemus</strong></span> <span class='ocrx_word' id='word_1_614' title='bbox 2906 3971 3006 4042; x_wconf 89' lang='lat' dir='ltr'><strong>(l),</strong></span> <span class='ocrx_word' id='word_1_615' title='bbox 3049 3973 3344 4044; x_wconf 64' lang='lat' dir='ltr'><strong>multaeque</strong></span> <span class='ocrx_word' id='word_1_616' title='bbox 3368 3974 3602 4029; x_wconf 86' lang='lat' dir='ltr'><strong>invasis-</strong></span> 
     </span>
    </p>
   </div>
   <div class='ocr_carea' id='block_1_82' title="bbox 297 4067 3600 4140">
    <p class='ocr_par' dir='ltr' id='par_1_82' title="bbox 297 4067 3600 4140">
     <span class='ocr_line' id='line_1_82' title="bbox 297 4067 3600 4140; baseline 0.001 -17"><span class='ocrx_word' id='word_1_617' title='bbox 297 4106 300 4109; x_wconf 86' lang='lat'><strong><em>-</em></strong></span> <span class='ocrx_word' id='word_1_618' title='bbox 339 4078 455 4123; x_wconf 83' lang='lat' dir='ltr'><strong>sent</strong></span> <span class='ocrx_word' id='word_1_619' title='bbox 482 4068 859 4140; x_wconf 66' lang='lat' dir='ltr'><strong>atgritudines,</strong></span> <span class='ocrx_word' id='word_1_620' title='bbox 908 4077 1072 4138; x_wconf 82' lang='lat' dir='ltr'><strong>atque</strong></span> <span class='ocrx_word' id='word_1_621' title='bbox 1098 4069 1166 4124; x_wconf 89' lang='lat' dir='ltr'><strong>ad</strong></span> <span class='ocrx_word' id='word_1_622' title='bbox 1199 4069 1308 4123; x_wconf 83' lang='lat' dir='ltr'><strong>ima</strong></span> <span class='ocrx_word' id='word_1_623' title='bbox 1342 4067 1700 4138; x_wconf 87' lang='lat' dir='ltr'><strong>pervadentes</strong></span> <span class='ocrx_word' id='word_1_624' title='bbox 1768 4067 1920 4139; x_wconf 77' lang='lat' dir='ltr'><strong>gravi</strong></span> <span class='ocrx_word' id='word_1_625' title='bbox 1952 4067 2201 4122; x_wconf 89' lang='lat' dir='ltr'><strong>molestia</strong></span> <span class='ocrx_word' id='word_1_626' title='bbox 2238 4076 2583 4137; x_wconf 86' lang='lat' dir='ltr'><strong>torquerent,</strong></span> <span class='ocrx_word' id='word_1_627' title='bbox 2617 4082 2682 4122; x_wconf 87' lang='lat' dir='ltr'><strong>ac</strong></span> <span class='ocrx_word' id='word_1_628' title='bbox 2723 4083 2900 4139; x_wconf 86' lang='lat' dir='ltr'><strong>neque</strong></span> <span class='ocrx_word' id='word_1_629' title='bbox 2957 4069 3235 4125; x_wconf 81' lang='lat' dir='ltr'><strong>intestinis</strong></span> <span class='ocrx_word' id='word_1_630' title='bbox 3312 4070 3450 4140; x_wconf 89' lang='lat' dir='ltr'><strong>ipsis</strong></span> <span class='ocrx_word' id='word_1_631' title='bbox 3536 4086 3600 4125; x_wconf 87' lang='lat' dir='ltr'><strong>ac</strong></span> 
     </span>
    </p>
   </div>
   <div class='ocr_carea' id='block_1_83' title="bbox 339 4163 3602 4236">
    <p class='ocr_par' dir='ltr' id='par_1_83' title="bbox 339 4163 3602 4236">
     <span class='ocr_line' id='line_1_83' title="bbox 339 4163 3602 4236; baseline -0 -15"><span class='ocrx_word' id='word_1_632' title='bbox 339 4166 495 4236; x_wconf 81' lang='lat' dir='ltr'><strong>capiti</strong></span> <span class='ocrx_word' id='word_1_633' title='bbox 522 4173 1133 4236; x_wconf 86' lang='lat' dir='ltr'><strong>parcerent;cumque</strong></span> <span class='ocrx_word' id='word_1_634' title='bbox 1171 4165 1319 4218; x_wconf 90' lang='lat' dir='ltr'><strong>nulla</strong></span> <span class='ocrx_word' id='word_1_635' title='bbox 1347 4179 1474 4234; x_wconf 84' lang='lat' dir='ltr'><strong>spes</strong></span> <span class='ocrx_word' id='word_1_636' title='bbox 1504 4173 1672 4231; x_wconf 84' lang='lat' dir='ltr'><strong>esset,</strong></span> <span class='ocrx_word' id='word_1_637' title='bbox 1729 4172 1789 4218; x_wconf 91' lang='lat' dir='ltr'><strong>ut</strong></span> <span class='ocrx_word' id='word_1_638' title='bbox 1847 4163 2146 4218; x_wconf 84' lang='lat' dir='ltr'><strong>humanam</strong></span> <span class='ocrx_word' id='word_1_639' title='bbox 2205 4163 2476 4219; x_wconf 85' lang='lat' dir='ltr'><strong>rationem</strong></span> <span class='ocrx_word' id='word_1_640' title='bbox 2545 4173 2781 4234; x_wconf 82' lang='lat' dir='ltr'><strong>spectes,</strong></span> <span class='ocrx_word' id='word_1_641' title='bbox 2843 4163 3043 4220; x_wconf 75' lang='lat' dir='ltr'><strong>futura:</strong></span> <span class='ocrx_word' id='word_1_642' title='bbox 3107 4182 3348 4236; x_wconf 87' lang='lat' dir='ltr'><strong>unquam</strong></span> <span class='ocrx_word' id='word_1_643' title='bbox 3405 4167 3602 4221; x_wconf 84' lang='lat' dir='ltr'><strong>libera-</strong></span> 
     </span>
    </p>
   </div>
   <div class='ocr_carea' id='block_1_84' title="bbox 341 4259 3522 4331">
    <p class='ocr_par' dir='ltr' id='par_1_84' title="bbox 341 4259 3522 4331">
     <span class='ocr_line' id='line_1_84' title="bbox 341 4259 3522 4331; baseline 0.001 -19"><span class='ocrx_word' id='word_1_644' title='bbox 341 4259 520 4326; x_wconf 89' lang='lat' dir='ltr'><strong>tionis,</strong></span> <span class='ocrx_word' id='word_1_645' title='bbox 553 4273 620 4314; x_wconf 90' lang='lat' dir='ltr'><strong>eo</strong></span> <span class='ocrx_word' id='word_1_646' title='bbox 644 4275 733 4315; x_wconf 89' lang='lat' dir='ltr'><strong>res</strong></span> <span class='ocrx_word' id='word_1_647' title='bbox 759 4259 942 4330; x_wconf 76' lang='lat' dir='ltr'><strong>adegit</strong></span> <span class='ocrx_word' id='word_1_648' title='bbox 995 4270 1055 4315; x_wconf 92' lang='lat' dir='ltr'><strong>ut</strong></span> <span class='ocrx_word' id='word_1_649' title='bbox 1098 4261 1212 4330; x_wconf 89' lang='lat' dir='ltr'><strong>ipsa</strong></span> <span class='ocrx_word' id='word_1_650' title='bbox 1247 4261 1504 4318; x_wconf 88' lang='lat' dir='ltr'><strong>omnibus</strong></span> <span class='ocrx_word' id='word_1_651' title='bbox 1569 4261 1744 4316; x_wconf 84' lang='lat' dir='ltr'><strong>amica</strong></span> <span class='ocrx_word' id='word_1_652' title='bbox 1768 4261 1902 4328; x_wconf 90' lang='lat' dir='ltr'><strong>vita,</strong></span> <span class='ocrx_word' id='word_1_653' title='bbox 1931 4261 2199 4331; x_wconf 71' lang='lat' dir='ltr'><strong>pnetristl</strong></span> <span class='ocrx_word' id='word_1_654' title='bbox 2222 4261 2358 4316; x_wconf 81' lang='lat' dir='ltr'><strong>adeo</strong></span> <span class='ocrx_word' id='word_1_655' title='bbox 2394 4277 2457 4316; x_wconf 87' lang='lat' dir='ltr'><strong>ac</strong></span> <span class='ocrx_word' id='word_1_656' title='bbox 2487 4261 2772 4329; x_wconf 88' lang='lat' dir='ltr'><strong>deplorato</strong></span> <span class='ocrx_word' id='word_1_657' title='bbox 2830 4272 2999 4326; x_wconf 87' lang='lat' dir='ltr'><strong>statu,</strong></span> <span class='ocrx_word' id='word_1_658' title='bbox 3035 4263 3180 4317; x_wconf 92' lang='lat' dir='ltr'><strong>velut</strong></span> <span class='ocrx_word' id='word_1_659' title='bbox 3211 4263 3338 4318; x_wconf 83' lang='lat' dir='ltr'><strong>odio</strong></span> <span class='ocrx_word' id='word_1_660' title='bbox 3359 4274 3522 4319; x_wconf 89' lang='lat' dir='ltr'><strong>esset.</strong></span> 
     </span>
    </p>
   </div>
   <div class='ocr_carea' id='block_1_85' title="bbox 417 4350 1906 4428">
    <p class='ocr_par' dir='ltr' id='par_1_85' title="bbox 417 4350 1906 4428">
     <span class='ocr_line' id='line_1_85' title="bbox 417 4350 1906 4428; baseline 0.001 -21"><span class='ocrx_word' id='word_1_661' title='bbox 417 4353 562 4407; x_wconf 82' lang='grc' dir='ltr'>Ἀλλ’</span> <span class='ocrx_word' id='word_1_662' title='bbox 595 4355 652 4408; x_wconf 86' lang='grc' dir='ltr'><strong>ἐν</strong></span> <span class='ocrx_word' id='word_1_663' title='bbox 682 4356 804 4428; x_wconf 67' lang='grc' dir='ltr'>τοῖς</span> <span class='ocrx_word' id='word_1_664' title='bbox 819 4355 1087 4419; x_wconf 84' lang='grc' dir='ltr'>τοιούτοις</span> <span class='ocrx_word' id='word_1_665' title='bbox 1114 4354 1267 4408; x_wconf 79' lang='grc' dir='ltr'>οὖσιν</span> <span class='ocrx_word' id='word_1_666' title='bbox 1298 4356 1432 4426; x_wconf 78' lang='grc' dir='ltr'>ἡμῖν</span> <span class='ocrx_word' id='word_1_667' title='bbox 1462 4350 1565 4426; x_wconf 78' lang='grc' dir='ltr'>ἧκέ</span> <span class='ocrx_word' id='word_1_668' title='bbox 1595 4372 1679 4419; x_wconf 87' lang='grc' dir='ltr'><strong>τις</strong></span> <span class='ocrx_word' id='word_1_669' title='bbox 1721 4361 1906 4426; x_wconf 78' lang='grc' dir='ltr'>παρα-</span> 
     </span>
    </p>
   </div>
   <div class='ocr_carea' id='block_1_86' title="bbox 344 4442 1907 4514">
    <p class='ocr_par' dir='ltr' id='par_1_86' title="bbox 344 4442 1907 4514">
     <span class='ocr_line' id='line_1_86' title="bbox 344 4442 1907 4514; baseline 0 -19"><span class='ocrx_word' id='word_1_670' title='bbox 344 4442 504 4510; x_wconf 83' lang='grc' dir='ltr'>μυθία</span> <span class='ocrx_word' id='word_1_671' title='bbox 542 4444 682 4511; x_wconf 78' lang='grc' dir='ltr'>πρὸς</span> <span class='ocrx_word' id='word_1_672' title='bbox 727 4443 890 4511; x_wconf 80' lang='grc' dir='ltr'>Θεοῦ,</span> <span class='ocrx_word' id='word_1_673' title='bbox 927 4443 1023 4496; x_wconf 80' lang='grc' dir='ltr'><strong>καὶ</strong></span> <span class='ocrx_word' id='word_1_674' title='bbox 1075 4444 1176 4508; x_wconf 83' lang='grc' dir='ltr'>τὰς</span> <span class='ocrx_word' id='word_1_675' title='bbox 1213 4443 1415 4514; x_wconf 76' lang='grc' dir='ltr'>μικροῦ</span> <span class='ocrx_word' id='word_1_676' title='bbox 1461 4443 1907 4514; x_wconf 71' lang='grc' dir='ltr'>βεϐαπτισμένοις</span> 
     </span>
    </p>
   </div>
   <div class='ocr_carea' id='block_1_87' title="bbox 2084 4354 3598 4428">
    <p class='ocr_par' dir='ltr' id='par_1_87' title="bbox 2084 4354 3598 4428">
     <span class='ocr_line' id='line_1_87' title="bbox 2084 4354 3598 4428; baseline 0.003 -20"><span class='ocrx_word' id='word_1_677' title='bbox 2084 4354 2355 4409; x_wconf 69' lang='lat' dir='ltr'><strong>Caeterum</strong></span> <span class='ocrx_word' id='word_1_678' title='bbox 2410 4356 2480 4409; x_wconf 89' lang='lat' dir='ltr'><strong>ita</strong></span> <span class='ocrx_word' id='word_1_679' title='bbox 2511 4356 2678 4410; x_wconf 88' lang='lat' dir='ltr'><strong>rebus</strong></span> <span class='ocrx_word' id='word_1_680' title='bbox 2735 4357 2894 4411; x_wconf 87' lang='lat' dir='ltr'><strong>nobis</strong></span> <span class='ocrx_word' id='word_1_681' title='bbox 2948 4358 3303 4425; x_wconf 89' lang='lat' dir='ltr'><strong>comparatis,</strong></span> <span class='ocrx_word' id='word_1_682' title='bbox 3355 4360 3598 4428; x_wconf 70' lang='lat' dir='ltr'><strong>quardam</strong></span> 
     </span>
    </p>
   </div>
   <div class='ocr_carea' id='block_1_88' title="bbox 2013 4449 3601 4521">
    <p class='ocr_par' dir='ltr' id='par_1_88' title="bbox 2013 4449 3601 4521">
     <span class='ocr_line' id='line_1_88' title="bbox 2013 4449 3601 4521; baseline 0.003 -18"><span class='ocrx_word' id='word_1_683' title='bbox 2013 4449 2230 4504; x_wconf 60' lang='lat' dir='ltr'><strong>caelitus</strong></span> <span class='ocrx_word' id='word_1_684' title='bbox 2279 4449 2584 4503; x_wconf 89' lang='lat' dir='ltr'><strong>consolatio</strong></span> <span class='ocrx_word' id='word_1_685' title='bbox 2673 4449 2903 4514; x_wconf 80' lang='lat' dir='ltr'><strong>allulsit,</strong></span> <span class='ocrx_word' id='word_1_686' title='bbox 2954 4466 3200 4521; x_wconf 86' lang='lat' dir='ltr'><strong>peneque</strong></span> <span class='ocrx_word' id='word_1_687' title='bbox 3258 4453 3484 4508; x_wconf 86' lang='lat' dir='ltr'><strong>obrutos</strong></span> <span class='ocrx_word' id='word_1_688' title='bbox 3524 4463 3601 4508; x_wconf 88' lang='lat' dir='ltr'><strong>tot</strong></span> 
     </span>
    </p>
   </div>
   <div class='ocr_carea' id='block_1_89' title="bbox 339 4533 1909 4630">
    <p class='ocr_par' dir='ltr' id='par_1_89' title="bbox 339 4533 1907 4606">
     <span class='ocr_line' id='line_1_89' title="bbox 339 4533 1907 4606; baseline 0.001 -21"><span class='ocrx_word' id='word_1_689' title='bbox 339 4535 466 4603; x_wconf 77' lang='grc' dir='ltr'>ἡμῖν</span> <span class='ocrx_word' id='word_1_690' title='bbox 496 4533 678 4604; x_wconf 81' lang='grc' dir='ltr'>ψυχὰς</span> <span class='ocrx_word' id='word_1_691' title='bbox 709 4537 813 4587; x_wconf 81' lang='grc' dir='ltr'>ὑπὸ</span> <span class='ocrx_word' id='word_1_692' title='bbox 865 4535 958 4588; x_wconf 79' lang='grc' dir='ltr'>τοῦ</span> <span class='ocrx_word' id='word_1_693' title='bbox 990 4536 1232 4606; x_wconf 84' lang='grc' dir='ltr'>πλήθους</span> <span class='ocrx_word' id='word_1_694' title='bbox 1263 4534 1370 4588; x_wconf 88' lang='grc' dir='ltr'><strong>τῶν</strong></span> <span class='ocrx_word' id='word_1_695' title='bbox 1399 4535 1682 4606; x_wconf 82' lang='grc' dir='ltr'>δυσχερῶν</span> <span class='ocrx_word' id='word_1_696' title='bbox 1751 4533 1907 4588; x_wconf 88' lang='grc' dir='ltr'>ἐκού-</span> 
     </span>
    </p>
   </div>
   <div class='ocr_carea' id='block_1_90' title="bbox 2011 4533 3601 4630">
    <p class='ocr_par' dir='ltr' id='par_1_90' title="bbox 2016 4541 3601 4610">
     <span class='ocr_line' id='line_1_90' title="bbox 2016 4541 3601 4610; baseline 0.003 -16"><span class='ocrx_word' id='word_1_697' title='bbox 2016 4541 2262 4596; x_wconf 87' lang='lat' dir='ltr'><strong>tristibus</strong></span> <span class='ocrx_word' id='word_1_698' title='bbox 2295 4541 2530 4607; x_wconf 86' lang='lat' dir='ltr'><strong>animos,</strong></span> <span class='ocrx_word' id='word_1_699' title='bbox 2565 4543 2709 4610; x_wconf 85' lang='lat' dir='ltr'><strong>quod</strong></span> <span class='ocrx_word' id='word_1_700' title='bbox 2753 4549 2887 4598; x_wconf 88' lang='lat' dir='ltr'><strong>satis</strong></span> <span class='ocrx_word' id='word_1_701' title='bbox 2942 4544 3225 4598; x_wconf 85' lang='lat' dir='ltr'><strong>videretur</strong></span> <span class='ocrx_word' id='word_1_702' title='bbox 3269 4547 3490 4600; x_wconf 83' lang='lat' dir='ltr'><strong>tristitia</strong></span> <span class='ocrx_word' id='word_1_703' title='bbox 3527 4548 3601 4599; x_wconf 92' lang='lat' dir='ltr'><strong>Ic-</strong></span> 
     </span>
    </p>
   </div>
   <div class='ocr_carea' id='block_1_91' title="bbox 341 4626 1907 4698">
    <p class='ocr_par' dir='ltr' id='par_1_91' title="bbox 341 4626 1907 4698">
     <span class='ocr_line' id='line_1_91' title="bbox 341 4626 1907 4698; baseline 0.001 -20"><span class='ocrx_word' id='word_1_704' title='bbox 341 4628 458 4694; x_wconf 80' lang='grc' dir='ltr'><strong>φισέ</strong></span> <span class='ocrx_word' id='word_1_705' title='bbox 493 4645 550 4680; x_wconf 90' lang='grc' dir='ltr'>τε</span> <span class='ocrx_word' id='word_1_706' title='bbox 586 4626 811 4691; x_wconf 72' lang='grc' dir='ltr'>ἱκανῶς,</span> <span class='ocrx_word' id='word_1_707' title='bbox 840 4629 934 4680; x_wconf 76' lang='grc' dir='ltr'>καὶ</span> <span class='ocrx_word' id='word_1_708' title='bbox 979 4628 1355 4698; x_wconf 84' lang='grc' dir='ltr'>προσανέσχεν</span> <span class='ocrx_word' id='word_1_709' title='bbox 1379 4630 1472 4684; x_wconf 70' lang='grc' dir='ltr'>ἐπὶ</span> <span class='ocrx_word' id='word_1_710' title='bbox 1500 4630 1711 4698; x_wconf 89' lang='grc' dir='ltr'>καιρόν.</span> <span class='ocrx_word' id='word_1_711' title='bbox 1755 4627 1820 4683; x_wconf 82' lang='grc' dir='ltr'><em>Ἦ</em></span> <span class='ocrx_word' id='word_1_712' title='bbox 1849 4629 1907 4680; x_wconf 86' lang='grc' dir='ltr'><strong>δέ</strong></span> 
     </span>
    </p>
   </div>
   <div class='ocr_carea' id='block_1_92' title="bbox 338 4715 1907 4794">
    <p class='ocr_par' dir='ltr' id='par_1_92' title="bbox 338 4715 1907 4794">
     <span class='ocr_line' id='line_1_92' title="bbox 338 4715 1907 4794; baseline 0.001 -22"><span class='ocrx_word' id='word_1_713' title='bbox 338 4715 401 4790; x_wconf 78' lang='grc' dir='ltr'>ἦν</span> <span class='ocrx_word' id='word_1_714' title='bbox 428 4720 536 4790; x_wconf 76' lang='grc' dir='ltr'>(τὸν</span> <span class='ocrx_word' id='word_1_715' title='bbox 563 4721 620 4773; x_wconf 83' lang='grc' dir='ltr'><strong>δέ</strong></span> <span class='ocrx_word' id='word_1_716' title='bbox 647 4721 847 4790; x_wconf 82' lang='grc' dir='ltr'>τρόπον</span> <span class='ocrx_word' id='word_1_717' title='bbox 879 4721 1089 4787; x_wconf 87' lang='grc' dir='ltr'>σιωπῶ,</span> <span class='ocrx_word' id='word_1_718' title='bbox 1124 4721 1400 4792; x_wconf 78' lang='grc' dir='ltr'>παρέλκον</span> <span class='ocrx_word' id='word_1_719' title='bbox 1433 4722 1494 4774; x_wconf 81' lang='grc' dir='ltr'><strong>δν</strong></span> <span class='ocrx_word' id='word_1_720' title='bbox 1517 4739 1580 4789; x_wconf 88' lang='grc' dir='ltr'><strong>γε</strong></span> <span class='ocrx_word' id='word_1_721' title='bbox 1607 4721 1866 4794; x_wconf 75' lang='grc' dir='ltr'>ῥηθῆναι)</span> <span class='ocrx_word' id='word_1_722' title='bbox 1891 4738 1907 4753; x_wconf 77' lang='grc' dir='ltr'><strong>ο</strong></span> 
     </span>
    </p>
   </div>
   <div class='ocr_carea' id='block_1_93' title="bbox 340 4809 1906 4882">
    <p class='ocr_par' dir='ltr' id='par_1_93' title="bbox 340 4809 1906 4882">
     <span class='ocr_line' id='line_1_93' title="bbox 340 4809 1906 4882; baseline 0.001 -20"><span class='ocrx_word' id='word_1_723' title='bbox 340 4810 500 4864; x_wconf 84' lang='grc' dir='ltr'>αὐτὸν</span> <span class='ocrx_word' id='word_1_724' title='bbox 533 4809 774 4875; x_wconf 77' lang='grc' dir='ltr'>ἐξελθεῖν</span> <span class='ocrx_word' id='word_1_725' title='bbox 831 4811 1044 4864; x_wconf 79' lang='grc' dir='ltr'>ἐκεῖθεν</span> <span class='ocrx_word' id='word_1_726' title='bbox 1080 4812 1217 4881; x_wconf 86' lang='grc' dir='ltr'><strong>μετά</strong></span> <span class='ocrx_word' id='word_1_727' title='bbox 1267 4811 1556 4882; x_wconf 86' lang='grc' dir='ltr'>συνθηκῶν</span> <span class='ocrx_word' id='word_1_728' title='bbox 1608 4829 1772 4865; x_wconf 88' lang='grc' dir='ltr'>τινων</span> <span class='ocrx_word' id='word_1_729' title='bbox 1816 4812 1906 4882; x_wconf 85' lang='grc' dir='ltr'><strong>βε-</strong></span> 
     </span>
    </p>
   </div>
   <div class='ocr_carea' id='block_1_94' title="bbox 340 4901 1906 4973">
    <p class='ocr_par' dir='ltr' id='par_1_94' title="bbox 340 4901 1906 4973">
     <span class='ocr_line' id='line_1_94' title="bbox 340 4901 1906 4973; baseline 0.003 -21"><span class='ocrx_word' id='word_1_730' title='bbox 340 4901 655 4971; x_wconf 78' lang='grc' dir='ltr'>ϐαιωμένων</span> <span class='ocrx_word' id='word_1_731' title='bbox 681 4903 830 4972; x_wconf 86' lang='grc' dir='ltr'>ὅρκῳ</span> <span class='ocrx_word' id='word_1_732' title='bbox 852 4918 867 4933; x_wconf 78' lang='grc' dir='ltr'><strong>ο</strong></span> <span class='ocrx_word' id='word_1_733' title='bbox 902 4904 999 4956; x_wconf 74' lang='grc' dir='ltr'>καὶ</span> <span class='ocrx_word' id='word_1_734' title='bbox 1045 4905 1100 4956; x_wconf 82' lang='grc' dir='ltr'>αἱ</span> <span class='ocrx_word' id='word_1_735' title='bbox 1133 4901 1402 4972; x_wconf 87' lang='grc' dir='ltr'>συνθῆκαι</span> <span class='ocrx_word' id='word_1_736' title='bbox 1440 4902 1580 4972; x_wconf 86' lang='grc' dir='ltr'>δόλῳ</span> <span class='ocrx_word' id='word_1_737' title='bbox 1621 4904 1720 4972; x_wconf 82' lang='grc' dir='ltr'>μὲν</span> <span class='ocrx_word' id='word_1_738' title='bbox 1763 4903 1906 4973; x_wconf 80' lang='grc' dir='ltr'>ὑπὲρ</span> 
     </span>
    </p>
   </div>
   <div class='ocr_carea' id='block_1_95' title="bbox 340 4991 1905 5064">
    <p class='ocr_par' dir='ltr' id='par_1_95' title="bbox 340 4991 1905 5064">
     <span class='ocr_line' id='line_1_95' title="bbox 340 4991 1905 5064; baseline 0.003 -22"><span class='ocrx_word' id='word_1_739' title='bbox 340 4991 490 5060; x_wconf 76' lang='grc' dir='ltr'>ημῶν</span> <span class='ocrx_word' id='word_1_740' title='bbox 525 4992 693 5062; x_wconf 82' lang='grc' dir='ltr'>μηδέν</span> <span class='ocrx_word' id='word_1_741' title='bbox 714 5010 766 5044; x_wconf 83' lang='grc' dir='ltr'><strong>τι</strong></span> <span class='ocrx_word' id='word_1_742' title='bbox 800 4993 860 5045; x_wconf 82' lang='grc' dir='ltr'>τὸ</span> <span class='ocrx_word' id='word_1_743' title='bbox 887 4992 1149 5063; x_wconf 83' lang='grc' dir='ltr'>παράπαν</span> <span class='ocrx_word' id='word_1_744' title='bbox 1189 4992 1568 5064; x_wconf 82' lang='grc' dir='ltr'>ἐπιχειρῆσαι,</span> <span class='ocrx_word' id='word_1_745' title='bbox 1605 4992 1810 5057; x_wconf 77' lang='grc' dir='ltr'>ἐξεῖναι</span> <span class='ocrx_word' id='word_1_746' title='bbox 1847 4993 1905 5048; x_wconf 73' lang='grc' dir='ltr'>δὲ</span> 
     </span>
    </p>
   </div>
   <div class='ocr_carea' id='block_1_96' title="bbox 339 5079 1908 5154">
    <p class='ocr_par' dir='ltr' id='par_1_96' title="bbox 339 5079 1908 5154">
     <span class='ocr_line' id='line_1_96' title="bbox 339 5079 1908 5154; baseline 0.003 -22"><span class='ocrx_word' id='word_1_747' title='bbox 339 5079 484 5149; x_wconf 83' lang='grc' dir='ltr'>αύτῷ</span> <span class='ocrx_word' id='word_1_748' title='bbox 508 5081 862 5151; x_wconf 87' lang='grc' dir='ltr'>καταλλαγῆς</span> <span class='ocrx_word' id='word_1_749' title='bbox 897 5082 1060 5136; x_wconf 81' lang='grc' dir='ltr'>ἓνεκα</span> <span class='ocrx_word' id='word_1_750' title='bbox 1089 5082 1244 5144; x_wconf 81' lang='grc' dir='ltr'>δέους</span> <span class='ocrx_word' id='word_1_751' title='bbox 1272 5083 1429 5146; x_wconf 80' lang='grc' dir='ltr'>ἐκτὸς</span> <span class='ocrx_word' id='word_1_752' title='bbox 1454 5082 1808 5150; x_wconf 81' lang='grc' dir='ltr'>διαλέγεσθαι</span> <span class='ocrx_word' id='word_1_753' title='bbox 1828 5083 1908 5154; x_wconf 84' lang='grc' dir='ltr'>τῷ</span> 
     </span>
    </p>
   </div>
   <div class='ocr_carea' id='block_1_97' title="bbox 341 5173 1905 5248">
    <p class='ocr_par' dir='ltr' id='par_1_97' title="bbox 341 5173 1905 5248">
     <span class='ocr_line' id='line_1_97' title="bbox 341 5173 1905 5248; baseline 0.002 -21"><span class='ocrx_word' id='word_1_754' title='bbox 341 5174 546 5244; x_wconf 81' lang='grc' dir='ltr'>βασιλεῖ</span> <span class='ocrx_word' id='word_1_755' title='bbox 566 5190 625 5226; x_wconf 88' lang='grc' dir='ltr'><strong>τε</strong></span> <span class='ocrx_word' id='word_1_756' title='bbox 661 5173 759 5226; x_wconf 60' lang='grc' dir='ltr'><strong>καὶ⁵</strong></span> <span class='ocrx_word' id='word_1_757' title='bbox 791 5175 1002 5248; x_wconf 81' lang='grc' dir='ltr'>ἀδελφῷ</span> <span class='ocrx_word' id='word_1_758' title='bbox 1031 5178 1138 5230; x_wconf 80' lang='grc' dir='ltr'>πᾶν</span> <span class='ocrx_word' id='word_1_759' title='bbox 1170 5177 1199 5228; x_wconf 81' lang='grc' dir='ltr'><strong>ὅ</strong></span> <span class='ocrx_word' id='word_1_760' title='bbox 1227 5193 1280 5229; x_wconf 88' lang='grc' dir='ltr'><strong>τι</strong></span> <span class='ocrx_word' id='word_1_761' title='bbox 1337 5176 1599 5248; x_wconf 85' lang='grc' dir='ltr'>βούλοιτο.</span> <span class='ocrx_word' id='word_1_762' title='bbox 1642 5174 1812 5230; x_wconf 77' lang='grc' dir='ltr'>Τοῦτό</span> <span class='ocrx_word' id='word_1_763' title='bbox 1841 5193 1905 5244; x_wconf 86' lang='grc' dir='ltr'><strong>γε</strong></span> 
     </span>
    </p>
   </div>
   <div class='ocr_carea' id='block_1_98' title="bbox 339 5265 1904 5340">
    <p class='ocr_par' dir='ltr' id='par_1_98' title="bbox 339 5265 1904 5340">
     <span class='ocr_line' id='line_1_98' title="bbox 339 5265 1904 5340; baseline 0.001 -20"><span class='ocrx_word' id='word_1_764' title='bbox 339 5268 495 5331; x_wconf 71' lang='grc' dir='ltr'>εὐθὺς</span> <span class='ocrx_word' id='word_1_765' title='bbox 539 5265 810 5322; x_wconf 81' lang='grc' dir='ltr'>ἀκουσθὲν</span> <span class='ocrx_word' id='word_1_766' title='bbox 868 5269 1008 5338; x_wconf 75' lang='grc' dir='ltr'>ἐμοὶ,</span> <span class='ocrx_word' id='word_1_767' title='bbox 1041 5271 1214 5322; x_wconf 83' lang='grc' dir='ltr'>ἐποίει</span> <span class='ocrx_word' id='word_1_768' title='bbox 1263 5271 1394 5340; x_wconf 77' lang='grc' dir='ltr'>ῥᾷον</span> <span class='ocrx_word' id='word_1_769' title='bbox 1447 5268 1760 5324; x_wconf 75' lang='grc' dir='ltr'>διακεῖσθαι</span> <span class='ocrx_word' id='word_1_770' title='bbox 1803 5268 1904 5340; x_wconf 74' lang='grc' dir='ltr'>τὴν</span> 
     </span>
    </p>
   </div>
   <div class='ocr_carea' id='block_1_99' title="bbox 373 5424 1902 5495">
    <p class='ocr_par' dir='ltr' id='par_1_99' title="bbox 373 5424 1902 5495">
     <span class='ocr_line' id='line_1_99' title="bbox 373 5424 1902 5495; baseline 0 -16"><span class='ocrx_word' id='word_1_771' title='bbox 373 5427 484 5495; x_wconf 81' lang='grc'><strong>-(1)</strong></span> <span class='ocrx_word' id='word_1_772' title='bbox 514 5428 646 5481; x_wconf 81' lang='lat' dir='ltr'><strong>Cum</strong></span> <span class='ocrx_word' id='word_1_773' title='bbox 679 5425 788 5495; x_wconf 75' lang='lat' dir='ltr'><strong>fere</strong></span> <span class='ocrx_word' id='word_1_774' title='bbox 817 5425 1041 5478; x_wconf 82' lang='lat' dir='ltr'><strong>triennio</strong></span> <span class='ocrx_word' id='word_1_775' title='bbox 1073 5425 1128 5477; x_wconf 82' lang='lat' dir='ltr'><strong>in</strong></span> <span class='ocrx_word' id='word_1_776' title='bbox 1158 5425 1408 5493; x_wconf 64' lang='lat' dir='ltr'><strong>praesidio</strong></span> <span class='ocrx_word' id='word_1_777' title='bbox 1443 5441 1745 5494; x_wconf 80' lang='lat' dir='ltr'><strong>ageremus.</strong></span> <span class='ocrx_word' id='word_1_778' title='bbox 1785 5424 1902 5479; x_wconf 87' lang='lat' dir='ltr'><strong>De-</strong></span> 
     </span>
    </p>
   </div>
   <div class='ocr_carea' id='block_1_100' title="bbox 339 5496 1901 5564">
    <p class='ocr_par' dir='ltr' id='par_1_100' title="bbox 339 5496 1901 5564">
     <span class='ocr_line' id='line_1_100' title="bbox 339 5496 1901 5564; baseline -0.002 -15"><span class='ocrx_word' id='word_1_779' title='bbox 339 5496 540 5552; x_wconf 87' lang='lat' dir='ltr'><strong>tineute</strong></span> <span class='ocrx_word' id='word_1_780' title='bbox 570 5496 1197 5564; x_wconf 69' lang='lat' dir='ltr'><strong>Andronico,l$ajazetes</strong></span> <span class='ocrx_word' id='word_1_781' title='bbox 1228 5499 1564 5549; x_wconf 87' lang='lat' dir='ltr'><strong>truncandos</strong></span> <span class='ocrx_word' id='word_1_782' title='bbox 1602 5497 1901 5559; x_wconf 87' lang='lat' dir='ltr'><strong>suadebat,</strong></span> 
     </span>
    </p>
   </div>
   <div class='ocr_carea' id='block_1_101' title="bbox 339 5565 1900 5627">
    <p class='ocr_par' dir='ltr' id='par_1_101' title="bbox 339 5565 1900 5627">
     <span class='ocr_line' id='line_1_101' title="bbox 339 5565 1900 5627; baseline -0.001 -8"><span class='ocrx_word' id='word_1_783' title='bbox 339 5578 396 5620; x_wconf 91' lang='lat' dir='ltr'><strong>ut</strong></span> <span class='ocrx_word' id='word_1_784' title='bbox 420 5569 580 5621; x_wconf 85' lang='lat' dir='ltr'><strong>habet</strong></span> <span class='ocrx_word' id='word_1_785' title='bbox 611 5565 833 5622; x_wconf 80' lang='lat' dir='ltr'><strong>Laonic.</strong></span> <span class='ocrx_word' id='word_1_786' title='bbox 869 5566 908 5619; x_wconf 96' lang='lat' dir='ltr'><strong>l.</strong></span> <span class='ocrx_word' id='word_1_787' title='bbox 947 5581 1006 5627; x_wconf 90' lang='lat' dir='ltr'><strong>ll,</strong></span> <span class='ocrx_word' id='word_1_788' title='bbox 1039 5568 1130 5618; x_wconf 89' lang='lat' dir='ltr'><strong>sed</strong></span> <span class='ocrx_word' id='word_1_789' title='bbox 1165 5567 1396 5619; x_wconf 88' lang='lat' dir='ltr'><strong>necdum</strong></span> <span class='ocrx_word' id='word_1_790' title='bbox 1429 5565 1781 5620; x_wconf 83' lang='lat' dir='ltr'><strong>Andronicus</strong></span> <span class='ocrx_word' id='word_1_791' title='bbox 1818 5567 1900 5619; x_wconf 90' lang='lat' dir='ltr'><strong>sic</strong></span> 
     </span>
    </p>
   </div>
   <div class='ocr_carea' id='block_1_102' title="bbox 338 5635 1895 5703">
    <p class='ocr_par' dir='ltr' id='par_1_102' title="bbox 338 5635 1895 5703">
     <span class='ocr_line' id='line_1_102' title="bbox 338 5635 1895 5703; baseline 0.001 -17"><span class='ocrx_word' id='word_1_792' title='bbox 338 5648 556 5691; x_wconf 74' lang='lat' dir='ltr'><strong>exuerat</strong></span> <span class='ocrx_word' id='word_1_793' title='bbox 586 5636 885 5700; x_wconf 87' lang='lat' dir='ltr'><strong>hominem,</strong></span> <span class='ocrx_word' id='word_1_794' title='bbox 927 5645 987 5687; x_wconf 90' lang='lat' dir='ltr'><strong>ut</strong></span> <span class='ocrx_word' id='word_1_795' title='bbox 1021 5635 1091 5688; x_wconf 90' lang='lat' dir='ltr'><strong>ita</strong></span> <span class='ocrx_word' id='word_1_796' title='bbox 1124 5644 1309 5703; x_wconf 90' lang='lat' dir='ltr'><strong>posset</strong></span> <span class='ocrx_word' id='word_1_797' title='bbox 1345 5638 1396 5688; x_wconf 89' lang='lat' dir='ltr'><strong>in</strong></span> <span class='ocrx_word' id='word_1_798' title='bbox 1434 5638 1644 5689; x_wconf 86' lang='lat' dir='ltr'><strong>viscera</strong></span> <span class='ocrx_word' id='word_1_799' title='bbox 1681 5638 1895 5690; x_wconf 66' lang='lat' dir='ltr'><strong>saevire.</strong></span> 
     </span>
    </p>
   </div>
   <div class='ocr_carea' id='block_1_103' title="bbox 341 5703 1898 5774">
    <p class='ocr_par' dir='ltr' id='par_1_103' title="bbox 341 5703 1898 5774">
     <span class='ocr_line' id='line_1_103' title="bbox 341 5703 1898 5774; baseline 0.004 -20"><span class='ocrx_word' id='word_1_800' title='bbox 341 5703 498 5759; x_wconf 79' lang='lat' dir='ltr'><strong>Plura</strong></span> <span class='ocrx_word' id='word_1_801' title='bbox 524 5723 588 5761; x_wconf 85' lang='lat' dir='ltr'><strong>ac</strong></span> <span class='ocrx_word' id='word_1_802' title='bbox 611 5706 750 5760; x_wconf 86' lang='lat' dir='ltr'><strong>scitu</strong></span> <span class='ocrx_word' id='word_1_803' title='bbox 774 5705 937 5774; x_wconf 73' lang='lat' dir='ltr'><strong>digna</strong></span> <span class='ocrx_word' id='word_1_804' title='bbox 953 5709 1200 5774; x_wconf 79' lang='lat' dir='ltr'><strong>epistolae</strong></span> <span class='ocrx_word' id='word_1_805' title='bbox 1217 5703 1472 5759; x_wconf 87' lang='lat' dir='ltr'><strong>Demetrii</strong></span> <span class='ocrx_word' id='word_1_806' title='bbox 1488 5705 1544 5758; x_wconf 91' lang='lat' dir='ltr'><strong>iu</strong></span> <span class='ocrx_word' id='word_1_807' title='bbox 1568 5705 1734 5774; x_wconf 78' lang='lat' dir='ltr'><strong>Regia</strong></span> <span class='ocrx_word' id='word_1_808' title='bbox 1759 5705 1898 5760; x_wconf 86' lang='lat' dir='ltr'><strong>Bibl.</strong></span> 
     </span>
    </p>
   </div>
   <div class='ocr_carea' id='block_1_104' title="bbox 343 5776 1899 5846">
    <p class='ocr_par' dir='ltr' id='par_1_104' title="bbox 343 5776 1899 5846">
     <span class='ocr_line' id='line_1_104' title="bbox 343 5776 1899 5846; baseline 0.002 -19"><span class='ocrx_word' id='word_1_809' title='bbox 343 5790 403 5830; x_wconf 90' lang='lat' dir='ltr'><strong>ac</strong></span> <span class='ocrx_word' id='word_1_810' title='bbox 441 5777 589 5831; x_wconf 85' lang='lat' dir='ltr'><strong>eain</strong></span> <span class='ocrx_word' id='word_1_811' title='bbox 627 5777 842 5844; x_wconf 88' lang='lat' dir='ltr'><strong>primis,</strong></span> <span class='ocrx_word' id='word_1_812' title='bbox 893 5791 1000 5846; x_wconf 90' lang='lat' dir='ltr'><strong>qua</strong></span> <span class='ocrx_word' id='word_1_813' title='bbox 1039 5776 1346 5844; x_wconf 78' lang='lat' dir='ltr'><strong>gratulatur</strong></span> <span class='ocrx_word' id='word_1_814' title='bbox 1395 5776 1486 5842; x_wconf 84' lang='lat' dir='ltr'><strong>its,</strong></span> <span class='ocrx_word' id='word_1_815' title='bbox 1511 5779 1603 5846; x_wconf 88' lang='lat' dir='ltr'><strong>qui</strong></span> <span class='ocrx_word' id='word_1_816' title='bbox 1632 5786 1756 5845; x_wconf 85' lang='lat' dir='ltr'><strong>post</strong></span> <span class='ocrx_word' id='word_1_817' title='bbox 1777 5791 1899 5831; x_wconf 88' lang='lat' dir='ltr'><strong>car-</strong></span> 
     </span>
    </p>
   </div>
   <div class='ocr_carea' id='block_1_105' title="bbox 648 5872 1319 5935">
    <p class='ocr_par' dir='ltr' id='par_1_105' title="bbox 648 5872 1319 5935">
     <span class='ocr_line' id='line_1_105' title="bbox 648 5872 1319 5935; baseline 0.006 -5"><span class='ocrx_word' id='word_1_818' title='bbox 648 5872 919 5934; x_wconf 74' lang='grc' dir='ltr'>Ρηιιοι.</span> <span class='ocrx_word' id='word_1_819' title='bbox 963 5875 1079 5935; x_wconf 79' lang='lat' dir='ltr'><strong>Gn.</strong></span> <span class='ocrx_word' id='word_1_820' title='bbox 1117 5873 1319 5934; x_wconf 80' lang='lat' dir='ltr'><strong>CLVI.</strong></span> 
     </span>
    </p>
   </div>
   <div class='ocr_carea' id='block_1_106' title="bbox 2012 4623 3600 4702">
    <p class='ocr_par' dir='ltr' id='par_1_106' title="bbox 2012 4623 3600 4702">
     <span class='ocr_line' id='line_1_106' title="bbox 2012 4623 3600 4702; baseline 0.003 -18"><span class='ocrx_word' id='word_1_821' title='bbox 2012 4630 2178 4692; x_wconf 83' lang='lat' dir='ltr'><strong>vavit,</strong></span> <span class='ocrx_word' id='word_1_822' title='bbox 2213 4623 2528 4700; x_wconf 82' lang='lat' dir='ltr'><strong>malumque</strong></span> <span class='ocrx_word' id='word_1_823' title='bbox 2556 4634 2622 4685; x_wconf 91' lang='lat' dir='ltr'><strong>ad</strong></span> <span class='ocrx_word' id='word_1_824' title='bbox 2657 4641 2874 4702; x_wconf 88' lang='lat' dir='ltr'><strong>tempus</strong></span> <span class='ocrx_word' id='word_1_825' title='bbox 2903 4634 3091 4689; x_wconf 88' lang='lat' dir='ltr'><strong>mitius</strong></span> <span class='ocrx_word' id='word_1_826' title='bbox 3141 4637 3401 4690; x_wconf 86' lang='lat' dir='ltr'><strong>reddidit.</strong></span> <span class='ocrx_word' id='word_1_827' title='bbox 3442 4637 3495 4690; x_wconf 84' lang='lat' dir='ltr'><strong>In</strong></span> <span class='ocrx_word' id='word_1_828' title='bbox 3533 4653 3600 4690; x_wconf 86' lang='lat' dir='ltr'><strong>eo</strong></span> 
     </span>
    </p>
   </div>
   <div class='ocr_carea' id='block_1_107' title="bbox 2010 4719 3600 4796">
    <p class='ocr_par' dir='ltr' id='par_1_107' title="bbox 2010 4719 3600 4796">
     <span class='ocr_line' id='line_1_107' title="bbox 2010 4719 3600 4796; baseline 0.006 -24"><span class='ocrx_word' id='word_1_829' title='bbox 2010 4729 2128 4772; x_wconf 91' lang='lat' dir='ltr'><strong>erat</strong></span> <span class='ocrx_word' id='word_1_830' title='bbox 2178 4719 2268 4772; x_wconf 90' lang='lat' dir='ltr'><strong>illa</strong></span> <span class='ocrx_word' id='word_1_831' title='bbox 2301 4721 2609 4776; x_wconf 86' lang='lat' dir='ltr'><strong>consolatio</strong></span> <span class='ocrx_word' id='word_1_832' title='bbox 2668 4725 2911 4789; x_wconf 89' lang='lat' dir='ltr'><strong>(modum</strong></span> <span class='ocrx_word' id='word_1_833' title='bbox 2971 4735 3128 4781; x_wconf 90' lang='lat' dir='ltr'><strong>taceo</strong></span> <span class='ocrx_word' id='word_1_834' title='bbox 3181 4739 3341 4796; x_wconf 88' lang='lat' dir='ltr'><strong>quem</strong></span> <span class='ocrx_word' id='word_1_835' title='bbox 3395 4729 3464 4781; x_wconf 89' lang='lat' dir='ltr'><strong>sit</strong></span> <span class='ocrx_word' id='word_1_836' title='bbox 3517 4745 3600 4782; x_wconf 86' lang='lat' dir='ltr'><strong>su-</strong></span> 
     </span>
    </p>
   </div>
   <div class='ocr_carea' id='block_1_108' title="bbox 2007 4811 3596 4888">
    <p class='ocr_par' dir='ltr' id='par_1_108' title="bbox 2007 4811 3596 4888">
     <span class='ocr_line' id='line_1_108' title="bbox 2007 4811 3596 4888; baseline 0.006 -24"><span class='ocrx_word' id='word_1_837' title='bbox 2007 4811 2275 4880; x_wconf 85' lang='lat' dir='ltr'><strong>perﬂuum</strong></span> <span class='ocrx_word' id='word_1_838' title='bbox 2307 4812 2530 4882; x_wconf 78' lang='lat' dir='ltr'><strong>referre)</strong></span> <span class='ocrx_word' id='word_1_839' title='bbox 2569 4825 2629 4868; x_wconf 92' lang='lat' dir='ltr'><strong>ut</strong></span> <span class='ocrx_word' id='word_1_840' title='bbox 2681 4813 3028 4882; x_wconf 84' lang='lat' dir='ltr'><strong>Theodorus,</strong></span> <span class='ocrx_word' id='word_1_841' title='bbox 3062 4820 3237 4888; x_wconf 84' lang='lat' dir='ltr'><strong>pactis</strong></span> <span class='ocrx_word' id='word_1_842' title='bbox 3270 4822 3596 4888; x_wconf 73' lang='lat' dir='ltr'><strong>quibusdam</strong></span> 
     </span>
    </p>
   </div>
   <div class='ocr_carea' id='block_1_109' title="bbox 2000 4901 3600 4978">
    <p class='ocr_par' dir='ltr' id='par_1_109' title="bbox 2000 4901 3600 4978">
     <span class='ocr_line' id='line_1_109' title="bbox 2000 4901 3600 4978; baseline 0.006 -24"><span class='ocrx_word' id='word_1_843' title='bbox 2000 4901 2316 4970; x_wconf 88' lang='lat' dir='ltr'><strong>jurameuto</strong></span> <span class='ocrx_word' id='word_1_844' title='bbox 2347 4904 2600 4969; x_wconf 81' lang='lat' dir='ltr'><strong>ﬁrmatis,</strong></span> <span class='ocrx_word' id='word_1_845' title='bbox 2634 4906 2759 4960; x_wconf 88' lang='lat' dir='ltr'><strong>inde</strong></span> <span class='ocrx_word' id='word_1_846' title='bbox 2787 4908 2984 4962; x_wconf 78' lang='lat' dir='ltr'><strong>exiret.</strong></span> <span class='ocrx_word' id='word_1_847' title='bbox 3034 4908 3111 4963; x_wconf 83' lang='lat' dir='ltr'><strong>ita</strong></span> <span class='ocrx_word' id='word_1_848' title='bbox 3145 4925 3337 4978; x_wconf 90' lang='lat' dir='ltr'><strong>porro,</strong></span> <span class='ocrx_word' id='word_1_849' title='bbox 3409 4911 3600 4978; x_wconf 89' lang='lat' dir='ltr'><strong>utique</strong></span> 
     </span>
    </p>
   </div>
   <div class='ocr_carea' id='block_1_110' title="bbox 2003 4996 3598 5071">
    <p class='ocr_par' dir='ltr' id='par_1_110' title="bbox 2003 4996 3598 5071">
     <span class='ocr_line' id='line_1_110' title="bbox 2003 4996 3598 5071; baseline 0.006 -23"><span class='ocrx_word' id='word_1_850' title='bbox 2003 4996 2132 5050; x_wconf 88' lang='lat' dir='ltr'><strong>dolo</strong></span> <span class='ocrx_word' id='word_1_851' title='bbox 2165 4996 2427 5062; x_wconf 87' lang='lat' dir='ltr'><strong>hostium,</strong></span> <span class='ocrx_word' id='word_1_852' title='bbox 2461 5005 2867 5067; x_wconf 84' lang='lat' dir='ltr'><strong>pactum‘erat,</strong></span> <span class='ocrx_word' id='word_1_853' title='bbox 2899 5012 2956 5055; x_wconf 89' lang='lat' dir='ltr'><strong>ut</strong></span> <span class='ocrx_word' id='word_1_854' title='bbox 2995 5002 3132 5055; x_wconf 88' lang='lat' dir='ltr'><strong>nihil</strong></span> <span class='ocrx_word' id='word_1_855' title='bbox 3184 5003 3273 5056; x_wconf 89' lang='lat' dir='ltr'><strong>ille</strong></span> <span class='ocrx_word' id='word_1_856' title='bbox 3303 5017 3402 5071; x_wconf 91' lang='lat' dir='ltr'><strong>pro</strong></span> <span class='ocrx_word' id='word_1_857' title='bbox 3436 5003 3598 5058; x_wconf 89' lang='lat' dir='ltr'><strong>nobis</strong></span> 
     </span>
    </p>
   </div>
   <div class='ocr_carea' id='block_1_111' title="bbox 2019 5087 3601 5162">
    <p class='ocr_par' dir='ltr' id='par_1_111' title="bbox 2019 5087 3601 5162">
     <span class='ocr_line' id='line_1_111' title="bbox 2019 5087 3601 5162; baseline 0.006 -22"><span class='ocrx_word' id='word_1_858' title='bbox 2019 5087 2354 5142; x_wconf 90' lang='lat' dir='ltr'><strong>moliretur:</strong></span> <span class='ocrx_word' id='word_1_859' title='bbox 2393 5091 2559 5144; x_wconf 87' lang='lat' dir='ltr'><strong>licere</strong></span> <span class='ocrx_word' id='word_1_860' title='bbox 2625 5099 2830 5154; x_wconf 89' lang='lat' dir='ltr'><strong>tamen,</strong></span> <span class='ocrx_word' id='word_1_861' title='bbox 2871 5103 2931 5146; x_wconf 88' lang='lat' dir='ltr'><strong>ut</strong></span> <span class='ocrx_word' id='word_1_862' title='bbox 2977 5107 3102 5147; x_wconf 90' lang='lat' dir='ltr'><strong>cum</strong></span> <span class='ocrx_word' id='word_1_863' title='bbox 3166 5093 3502 5162; x_wconf 85' lang='lat' dir='ltr'><strong>imperatore</strong></span> <span class='ocrx_word' id='word_1_864' title='bbox 3537 5109 3601 5148; x_wconf 89' lang='lat' dir='ltr'><strong>ac</strong></span> 
     </span>
    </p>
   </div>
   <div class='ocr_carea' id='block_1_112' title="bbox 2016 5175 3602 5258">
    <p class='ocr_par' dir='ltr' id='par_1_112' title="bbox 2016 5175 3602 5258">
     <span class='ocr_line' id='line_1_112' title="bbox 2016 5175 3602 5258; baseline 0.008 -28"><span class='ocrx_word' id='word_1_865' title='bbox 2016 5175 2185 5233; x_wconf 78' lang='lat' dir='ltr'><strong>fratre</strong></span> <span class='ocrx_word' id='word_1_866' title='bbox 2253 5181 2402 5250; x_wconf 90' lang='lat' dir='ltr'><strong>pacis</strong></span> <span class='ocrx_word' id='word_1_867' title='bbox 2457 5196 2624 5237; x_wconf 89' lang='lat' dir='ltr'><strong>causa</strong></span> <span class='ocrx_word' id='word_1_868' title='bbox 2671 5184 3013 5252; x_wconf 85' lang='lat' dir='ltr'><strong>loqueretur,</strong></span> <span class='ocrx_word' id='word_1_869' title='bbox 3037 5187 3299 5257; x_wconf 85' lang='lat' dir='ltr'><strong>quidquid</strong></span> <span class='ocrx_word' id='word_1_870' title='bbox 3363 5189 3602 5258; x_wconf 87' lang='lat' dir='ltr'><strong>placuis-</strong></span> 
     </span>
    </p>
   </div>
   <div class='ocr_carea' id='block_1_113' title="bbox 2013 5272 3602 5353">
    <p class='ocr_par' dir='ltr' id='par_1_113' title="bbox 2013 5272 3602 5353">
     <span class='ocr_line' id='line_1_113' title="bbox 2013 5272 3602 5353; baseline 0.008 -27"><span class='ocrx_word' id='word_1_871' title='bbox 2013 5282 2117 5327; x_wconf 88' lang='lat' dir='ltr'><strong>sct.</strong></span> <span class='ocrx_word' id='word_1_872' title='bbox 2157 5272 2224 5328; x_wconf 85' lang='lat' dir='ltr'><strong>Ut</strong></span> <span class='ocrx_word' id='word_1_873' title='bbox 2268 5289 2394 5328; x_wconf 78' lang='lat' dir='ltr'><strong>mox</strong></span> <span class='ocrx_word' id='word_1_874' title='bbox 2452 5277 2654 5345; x_wconf 88' lang='lat' dir='ltr'><strong>audivi,</strong></span> <span class='ocrx_word' id='word_1_875' title='bbox 2689 5279 2827 5347; x_wconf 67' lang='lat' dir='ltr'><strong>coepi</strong></span> <span class='ocrx_word' id='word_1_876' title='bbox 2891 5281 3249 5353; x_wconf 64' lang='lat' dir='ltr'><strong>animaequior</strong></span> <span class='ocrx_word' id='word_1_877' title='bbox 3309 5283 3449 5350; x_wconf 79' lang='lat' dir='ltr'><strong>ﬂeri,</strong></span> <span class='ocrx_word' id='word_1_878' title='bbox 3500 5298 3602 5338; x_wconf 81' lang='lat' dir='ltr'><strong>nec</strong></span> 
     </span>
    </p>
   </div>
   <div class='ocr_carea' id='block_1_114' title="bbox 2011 5429 3596 5508">
    <p class='ocr_par' dir='ltr' id='par_1_114' title="bbox 2011 5429 3596 5508">
     <span class='ocr_line' id='line_1_114' title="bbox 2011 5429 3596 5508; baseline 0.008 -25"><span class='ocrx_word' id='word_1_879' title='bbox 2011 5443 2193 5483; x_wconf 89' lang='lat' dir='ltr'><strong>cerem</strong></span> <span class='ocrx_word' id='word_1_880' title='bbox 2225 5429 2392 5508; x_wconf 55' lang='lat' dir='ltr'><strong>abeo</strong></span> <span class='ocrx_word' id='word_1_881' title='bbox 2438 5431 2984 5508; x_wconf 19' lang='lat' dir='ltr'><strong>liberati,jamﬁcum</strong></span> <span class='ocrx_word' id='word_1_882' title='bbox 3038 5440 3378 5508; x_wconf 86' lang='lat' dir='ltr'><strong>imperatore</strong></span> <span class='ocrx_word' id='word_1_883' title='bbox 3405 5457 3596 5496; x_wconf 78' lang='lat' dir='ltr'><strong>versa-</strong></span> 
     </span>
    </p>
   </div>
   <div class='ocr_carea' id='block_1_115' title="bbox 2011 5500 3598 5579">
    <p class='ocr_par' dir='ltr' id='par_1_115' title="bbox 2011 5500 3598 5579">
     <span class='ocr_line' id='line_1_115' title="bbox 2011 5500 3598 5579; baseline 0.009 -29"><span class='ocrx_word' id='word_1_884' title='bbox 2011 5509 2221 5579; x_wconf 75' lang='lat' dir='ltr'><strong>rentur.</strong></span> <span class='ocrx_word' id='word_1_885' title='bbox 2249 5500 2536 5579; x_wconf 70' lang='lat' dir='ltr'><strong>Videndus</strong></span> <span class='ocrx_word' id='word_1_886' title='bbox 2558 5500 2780 5579; x_wconf 76' lang='lat' dir='ltr'><strong>quoque</strong></span> <span class='ocrx_word' id='word_1_887' title='bbox 2807 5507 3008 5563; x_wconf 76' lang='lat' dir='ltr'><strong>Fraur.</strong></span> <span class='ocrx_word' id='word_1_888' title='bbox 3046 5511 3081 5562; x_wconf 92' lang='lat' dir='ltr'><strong>l.</strong></span> <span class='ocrx_word' id='word_1_889' title='bbox 3110 5500 3148 5574; x_wconf 72' lang='grc' dir='ltr'>ἰ,</span> <span class='ocrx_word' id='word_1_890' title='bbox 3185 5528 3236 5566; x_wconf 89' lang='lat' dir='ltr'><strong>c.</strong></span> <span class='ocrx_word' id='word_1_891' title='bbox 3273 5511 3365 5576; x_wconf 72' lang='lat' dir='ltr'><strong>I8,</strong></span> <span class='ocrx_word' id='word_1_892' title='bbox 3389 5530 3451 5568; x_wconf 86' lang='lat' dir='ltr'><strong>ea</strong></span> <span class='ocrx_word' id='word_1_893' title='bbox 3477 5528 3598 5578; x_wconf 86' lang='lat' dir='ltr'><strong>per.-</strong></span> 
     </span>
    </p>
   </div>
   <div class='ocr_carea' id='block_1_116' title="bbox 2009 5572 3595 5663">
    <p class='ocr_par' dir='ltr' id='par_1_116' title="bbox 2009 5572 3595 5663">
     <span class='ocr_line' id='line_1_116' title="bbox 2009 5572 3595 5663; baseline 0.01 -44"><span class='ocrx_word' id='word_1_894' title='bbox 2009 5572 2310 5663; x_wconf 57' lang='lat' dir='ltr'><strong>stripgens,</strong></span> <span class='ocrx_word' id='word_1_895' title='bbox 2338 5580 2466 5663; x_wconf 53' lang='lat' dir='ltr'><strong>etut</strong></span> <span class='ocrx_word' id='word_1_896' title='bbox 2488 5572 2706 5655; x_wconf 64' lang='lat' dir='ltr'><strong>hianuel</strong></span> <span class='ocrx_word' id='word_1_897' title='bbox 2731 5592 2854 5631; x_wconf 89' lang='lat' dir='ltr'><strong>eum</strong></span> <span class='ocrx_word' id='word_1_898' title='bbox 2883 5589 3040 5660; x_wconf 70' lang='lat' dir='ltr'><strong>patre</strong></span> <span class='ocrx_word' id='word_1_899' title='bbox 3069 5572 3193 5650; x_wconf 69' lang='lat' dir='ltr'><strong>fuga</strong></span> <span class='ocrx_word' id='word_1_900' title='bbox 3218 5572 3412 5663; x_wconf 61' lang='lat' dir='ltr'><strong>elapsi,</strong></span> <span class='ocrx_word' id='word_1_901' title='bbox 3438 5572 3595 5636; x_wconf 80' lang='lat' dir='ltr'><strong>adie-</strong></span> 
     </span>
    </p>
   </div>
   <div class='ocr_carea' id='block_1_117' title="bbox 2010 5639 3593 5722">
    <p class='ocr_par' dir='ltr' id='par_1_117' title="bbox 2010 5639 3593 5722">
     <span class='ocr_line' id='line_1_117' title="bbox 2010 5639 3593 5722; baseline 0.009 -31"><span class='ocrx_word' id='word_1_902' title='bbox 2010 5639 2124 5720; x_wconf 80' lang='lat' dir='ltr'><strong>rint</strong></span> <span class='ocrx_word' id='word_1_903' title='bbox 2164 5650 2222 5722; x_wconf 81' lang='lat' dir='ltr'><strong>et</strong></span> <span class='ocrx_word' id='word_1_904' title='bbox 2269 5640 2376 5722; x_wconf 76' lang='lat' dir='ltr'><strong>ipsi</strong></span> <span class='ocrx_word' id='word_1_905' title='bbox 2419 5639 2760 5714; x_wconf 86' lang='lat' dir='ltr'><strong>Bajazetem,</strong></span> <span class='ocrx_word' id='word_1_906' title='bbox 2800 5663 2863 5703; x_wconf 91' lang='lat' dir='ltr'><strong>ac</strong></span> <span class='ocrx_word' id='word_1_907' title='bbox 2883 5639 3158 5720; x_wconf 63' lang='grc' dir='ltr'>ἐπίωσιιῖ</span> <span class='ocrx_word' id='word_1_908' title='bbox 3187 5639 3322 5708; x_wconf 69' lang='lat' dir='ltr'><strong>cum</strong></span> <span class='ocrx_word' id='word_1_909' title='bbox 3357 5639 3593 5722; x_wconf 65' lang='lat' dir='ltr'><strong>imperio</strong></span> 
     </span>
    </p>
   </div>
   <div class='ocr_carea' id='block_1_118' title="bbox 2011 5719 2383 5779">
    <p class='ocr_par' dir='ltr' id='par_1_118' title="bbox 2011 5719 2383 5779">
     <span class='ocr_line' id='line_1_118' title="bbox 2011 5719 2383 5779; baseline 0 -15"><span class='ocrx_word' id='word_1_910' title='bbox 2011 5719 2383 5779; x_wconf 81' lang='lat' dir='ltr'><strong>Impetrartnt.</strong></span> 
     </span>
    </p>
   </div>
   <div class='ocr_carea' id='block_1_119' title="bbox 3233 5883 3263 5944">
    <p class='ocr_par' dir='ltr' id='par_1_119' title="bbox 3233 5883 3263 5944">
     <span class='ocr_line' id='line_1_119' title="bbox 3233 5883 3263 5944; baseline 0 0"><span class='ocrx_word' id='word_1_911' title='bbox 3233 5883 3263 5944; x_wconf 83' lang='grc'>7</span> 
     </span>
    </p>
   </div>
  </div>
