  <div class='ocr_page' id='page_1' title='image "/cluster/home/n/w/nwhite01/storage/ocr_20150623/156/hvd.32044019208438/149.png"; bbox 0 0 4060 6612; ppageno 0'>
   <div class='ocr_carea' id='block_1_1' title="bbox 546 411 664 473">
    <p class='ocr_par' dir='ltr' id='par_1_1' title="bbox 546 411 664 473">
     <span class='ocr_line' id='line_1_1' title="bbox 546 411 664 473; baseline 0 -1"><span class='ocrx_word' id='word_1_1' title='bbox 546 411 664 473; x_wconf 75' lang='lat'><strong>203</strong></span> 
     </span>
    </p>
   </div>
   <div class='ocr_carea' id='block_1_2' title="bbox 1763 409 2637 473">
    <p class='ocr_par' dir='ltr' id='par_1_2' title="bbox 1763 409 2637 473">
     <span class='ocr_line' id='line_1_2' title="bbox 1763 409 2637 473; baseline 0.008 -7"><span class='ocrx_word' id='word_1_2' title='bbox 1763 409 2162 470; x_wconf 71' lang='lat' dir='ltr'><strong>MANUELIS</strong></span> <span class='ocrx_word' id='word_1_3' title='bbox 2191 411 2637 473; x_wconf 64' lang='lat' dir='ltr'><strong>PALEOLOGI</strong></span> 
     </span>
    </p>
   </div>
   <div class='ocr_carea' id='block_1_3' title="bbox 3696 416 3787 479">
    <p class='ocr_par' dir='ltr' id='par_1_3' title="bbox 3696 416 3787 479">
     <span class='ocr_line' id='line_1_3' title="bbox 3696 416 3787 479; baseline 0 -1"><span class='ocrx_word' id='word_1_4' title='bbox 3696 416 3787 479; x_wconf 70' lang='lat'><strong>204</strong></span> 
     </span>
    </p>
   </div>
   <div class='ocr_carea' id='block_1_4' title="bbox 546 522 2108 601">
    <p class='ocr_par' dir='ltr' id='par_1_4' title="bbox 546 522 2108 593">
     <span class='ocr_line' id='line_1_4' title="bbox 546 522 2108 593; baseline -0.001 -11"><span class='ocrx_word' id='word_1_5' title='bbox 546 534 758 582; x_wconf 88' lang='lat' dir='ltr'><strong>tantum</strong></span> <span class='ocrx_word' id='word_1_6' title='bbox 790 524 997 580; x_wconf 75' lang='lat' dir='ltr'><strong>auditio</strong></span> <span class='ocrx_word' id='word_1_7' title='bbox 1028 523 1293 579; x_wconf 61' lang='lat' dir='ltr'><strong>molestias</strong></span> <span class='ocrx_word' id='word_1_8' title='bbox 1347 522 1472 579; x_wconf 76' lang='lat' dir='ltr'><strong>fecit</strong></span> <span class='ocrx_word' id='word_1_9' title='bbox 1544 524 1691 593; x_wconf 88' lang='lat' dir='ltr'><strong>quod</strong></span> <span class='ocrx_word' id='word_1_10' title='bbox 1744 526 1896 581; x_wconf 88' lang='lat' dir='ltr'><strong>solus</strong></span> <span class='ocrx_word' id='word_1_11' title='bbox 1956 527 2108 581; x_wconf 88' lang='lat' dir='ltr'><strong>relin-</strong></span> 
     </span>
    </p>
   </div>
   <div class='ocr_carea' id='block_1_5' title="bbox 2212 522 3791 601">
    <p class='ocr_par' dir='ltr' id='par_1_5' title="bbox 2229 528 3791 601">
     <span class='ocr_line' id='line_1_5' title="bbox 2229 528 3791 601; baseline 0.004 -21"><span class='ocrx_word' id='word_1_12' title='bbox 2229 528 2431 598; x_wconf 77' lang='grc' dir='ltr'>ψυχὴν,</span> <span class='ocrx_word' id='word_1_13' title='bbox 2466 531 2561 584; x_wconf 78' lang='grc' dir='ltr'><strong>καὶ</strong></span> <span class='ocrx_word' id='word_1_14' title='bbox 2600 529 2677 601; x_wconf 80' lang='grc' dir='ltr'>μὴ</span> <span class='ocrx_word' id='word_1_15' title='bbox 2715 529 2969 583; x_wconf 78' lang='grc' dir='ltr'>τοσοῦτον</span> <span class='ocrx_word' id='word_1_16' title='bbox 3005 529 3287 599; x_wconf 73' lang='grc' dir='ltr'>ἄχθεσθαι,</span> <span class='ocrx_word' id='word_1_17' title='bbox 3324 528 3404 599; x_wconf 84' lang='grc' dir='ltr'>τῷ</span> <span class='ocrx_word' id='word_1_18' title='bbox 3445 529 3605 599; x_wconf 87' lang='grc' dir='ltr'>μόνον</span> <span class='ocrx_word' id='word_1_19' title='bbox 3638 550 3791 586; x_wconf 65' lang='grc' dir='ltr'>κατα-</span> 
     </span>
    </p>
   </div>
   <div class='ocr_carea' id='block_1_6' title="bbox 544 614 2126 685">
    <p class='ocr_par' dir='ltr' id='par_1_6' title="bbox 544 614 2126 685">
     <span class='ocr_line' id='line_1_6' title="bbox 544 614 2126 685; baseline 0.003 -17"><span class='ocrx_word' id='word_1_20' title='bbox 544 617 797 685; x_wconf 86' lang='lat' dir='ltr'><strong>quendus</strong></span> <span class='ocrx_word' id='word_1_21' title='bbox 856 629 1059 678; x_wconf 85' lang='lat' dir='ltr'><strong>essem,</strong></span> <span class='ocrx_word' id='word_1_22' title='bbox 1096 622 1361 684; x_wconf 87' lang='lat' dir='ltr'><strong>quantum</strong></span> <span class='ocrx_word' id='word_1_23' title='bbox 1386 614 1563 669; x_wconf 77' lang='lat' dir='ltr'><strong>solatii</strong></span> <span class='ocrx_word' id='word_1_24' title='bbox 1604 629 1668 668; x_wconf 93' lang='lat' dir='ltr'><strong>ac</strong></span> <span class='ocrx_word' id='word_1_25' title='bbox 1724 615 1930 685; x_wconf 93' lang='lat' dir='ltr'><strong>gaudii,</strong></span> <span class='ocrx_word' id='word_1_26' title='bbox 1982 618 2126 685; x_wconf 89' lang='lat' dir='ltr'><strong>quod</strong></span> 
     </span>
    </p>
   </div>
   <div class='ocr_carea' id='block_1_7' title="bbox 547 705 2126 775">
    <p class='ocr_par' dir='ltr' id='par_1_7' title="bbox 547 705 2126 775">
     <span class='ocr_line' id='line_1_7' title="bbox 547 705 2126 775; baseline -0.001 -13"><span class='ocrx_word' id='word_1_27' title='bbox 547 707 635 762; x_wconf 91' lang='lat' dir='ltr'><strong>ille</strong></span> <span class='ocrx_word' id='word_1_28' title='bbox 665 706 1052 773; x_wconf 80' lang='lat' dir='ltr'><strong>revivisceret,</strong></span> <span class='ocrx_word' id='word_1_29' title='bbox 1129 720 1322 775; x_wconf 88' lang='lat' dir='ltr'><strong>nempe</strong></span> <span class='ocrx_word' id='word_1_30' title='bbox 1351 720 1379 759; x_wconf 90' lang='lat' dir='ltr'><strong>a</strong></span> <span class='ocrx_word' id='word_1_31' title='bbox 1445 705 1702 774; x_wconf 72' lang='lat' dir='ltr'><strong>przesidto</strong></span> <span class='ocrx_word' id='word_1_32' title='bbox 1755 705 1950 761; x_wconf 82' lang='lat' dir='ltr'><strong>exiret.</strong></span> <span class='ocrx_word' id='word_1_33' title='bbox 1997 706 2126 761; x_wconf 79' lang='lat' dir='ltr'><strong>Mihi</strong></span> 
     </span>
    </p>
   </div>
   <div class='ocr_carea' id='block_1_8' title="bbox 549 798 2130 869">
    <p class='ocr_par' dir='ltr' id='par_1_8' title="bbox 549 798 2130 869">
     <span class='ocr_line' id='line_1_8' title="bbox 549 798 2130 869; baseline -0.001 -15"><span class='ocrx_word' id='word_1_34' title='bbox 549 809 697 855; x_wconf 82' lang='lat' dir='ltr'><strong>certe</strong></span> <span class='ocrx_word' id='word_1_35' title='bbox 726 799 947 853; x_wconf 88' lang='lat' dir='ltr'><strong>videbar</strong></span> <span class='ocrx_word' id='word_1_36' title='bbox 976 814 1101 853; x_wconf 90' lang='lat' dir='ltr'><strong>eum</strong></span> <span class='ocrx_word' id='word_1_37' title='bbox 1136 798 1321 853; x_wconf 87' lang='lat' dir='ltr'><strong>videre</strong></span> <span class='ocrx_word' id='word_1_38' title='bbox 1362 798 1557 864; x_wconf 88' lang='lat' dir='ltr'><strong>(currit</strong></span> <span class='ocrx_word' id='word_1_39' title='bbox 1604 798 1747 853; x_wconf 90' lang='lat' dir='ltr'><strong>enim</strong></span> <span class='ocrx_word' id='word_1_40' title='bbox 1780 798 1933 853; x_wconf 81' lang='lat' dir='ltr'><strong>velox</strong></span> <span class='ocrx_word' id='word_1_41' title='bbox 1962 801 2130 869; x_wconf 63' lang='lat' dir='ltr'><strong>phano</strong></span> 
     </span>
    </p>
   </div>
   <div class='ocr_carea' id='block_1_9' title="bbox 548 894 2141 967">
    <p class='ocr_par' dir='ltr' id='par_1_9' title="bbox 548 894 2141 967">
     <span class='ocr_line' id='line_1_9' title="bbox 548 894 2141 967; baseline -0.001 -18"><span class='ocrx_word' id='word_1_42' title='bbox 548 898 683 950; x_wconf 88' lang='lat' dir='ltr'><strong>tasia</strong></span> <span class='ocrx_word' id='word_1_43' title='bbox 711 894 779 949; x_wconf 89' lang='lat' dir='ltr'><strong>ad</strong></span> <span class='ocrx_word' id='word_1_44' title='bbox 806 909 931 963; x_wconf 58' lang='lat' dir='ltr'><strong>quae</strong></span> <span class='ocrx_word' id='word_1_45' title='bbox 960 897 1084 963; x_wconf 85' lang='lat' dir='ltr'><strong>quis</strong></span> <span class='ocrx_word' id='word_1_46' title='bbox 1115 894 1591 962; x_wconf 88' lang='lat' dir='ltr'><strong>cupit),consueta</strong></span> <span class='ocrx_word' id='word_1_47' title='bbox 1643 902 1943 947; x_wconf 82' lang='lat' dir='ltr'><strong>sectantem</strong></span> <span class='ocrx_word' id='word_1_48' title='bbox 1978 894 2141 967; x_wconf 38' lang='lat' dir='ltr'><strong>ejus:</strong></span> 
     </span>
    </p>
   </div>
   <div class='ocr_carea' id='block_1_10' title="bbox 546 986 2129 1058">
    <p class='ocr_par' dir='ltr' id='par_1_10' title="bbox 546 986 2129 1058">
     <span class='ocr_line' id='line_1_10' title="bbox 546 986 2129 1058; baseline -0.004 -15"><span class='ocrx_word' id='word_1_49' title='bbox 546 1004 653 1058; x_wconf 85' lang='lat' dir='ltr'><strong>que</strong></span> <span class='ocrx_word' id='word_1_50' title='bbox 700 989 843 1041; x_wconf 75' lang='lat' dir='ltr'><strong>zetati</strong></span> <span class='ocrx_word' id='word_1_51' title='bbox 868 1001 1133 1057; x_wconf 87' lang='lat' dir='ltr'><strong>congrua,</strong></span> <span class='ocrx_word' id='word_1_52' title='bbox 1167 987 1372 1041; x_wconf 85' lang='lat' dir='ltr'><strong>versari</strong></span> <span class='ocrx_word' id='word_1_53' title='bbox 1436 1001 1560 1040; x_wconf 91' lang='lat' dir='ltr'><strong>cum</strong></span> <span class='ocrx_word' id='word_1_54' title='bbox 1618 987 1922 1055; x_wconf 74' lang='lat' dir='ltr'><strong>aequalibus</strong></span> <span class='ocrx_word' id='word_1_55' title='bbox 1969 986 2129 1040; x_wconf 85' lang='lat' dir='ltr'><strong>inar-</strong></span> 
     </span>
    </p>
   </div>
   <div class='ocr_carea' id='block_1_11' title="bbox 547 1078 2125 1148">
    <p class='ocr_par' dir='ltr' id='par_1_11' title="bbox 547 1078 2125 1148">
     <span class='ocr_line' id='line_1_11' title="bbox 547 1078 2125 1148; baseline -0.001 -14"><span class='ocrx_word' id='word_1_56' title='bbox 547 1095 758 1134; x_wconf 88' lang='lat' dir='ltr'><strong>morum</strong></span> <span class='ocrx_word' id='word_1_57' title='bbox 782 1079 1052 1148; x_wconf 65' lang='lat' dir='ltr'><strong>palaestris</strong></span> <span class='ocrx_word' id='word_1_58' title='bbox 1072 1120 1087 1143; x_wconf 91' lang='lat'><strong>,</strong></span> <span class='ocrx_word' id='word_1_59' title='bbox 1122 1079 1174 1132; x_wconf 92' lang='lat' dir='ltr'><strong>in</strong></span> <span class='ocrx_word' id='word_1_60' title='bbox 1192 1078 1596 1142; x_wconf 78' lang='lat' dir='ltr'><strong>venationibus,</strong></span> <span class='ocrx_word' id='word_1_61' title='bbox 1625 1079 1677 1131; x_wconf 93' lang='lat' dir='ltr'><strong>in</strong></span> <span class='ocrx_word' id='word_1_62' title='bbox 1710 1078 2125 1142; x_wconf 81' lang='lat' dir='ltr'><strong>certaminibus.</strong></span> 
     </span>
    </p>
   </div>
   <div class='ocr_carea' id='block_1_12' title="bbox 546 1171 2128 1245">
    <p class='ocr_par' dir='ltr' id='par_1_12' title="bbox 546 1171 2128 1245">
     <span class='ocr_line' id='line_1_12' title="bbox 546 1171 2128 1245; baseline -0.002 -18"><span class='ocrx_word' id='word_1_63' title='bbox 546 1189 779 1245; x_wconf 91' lang='lat' dir='ltr'><strong>quorum</strong></span> <span class='ocrx_word' id='word_1_64' title='bbox 838 1172 1285 1227; x_wconf 82' lang='lat' dir='ltr'><strong>exercitamentis</strong></span> <span class='ocrx_word' id='word_1_65' title='bbox 1339 1178 1606 1239; x_wconf 81' lang='lat' dir='ltr'><strong>augentur</strong></span> <span class='ocrx_word' id='word_1_66' title='bbox 1632 1185 1871 1239; x_wconf 86' lang='lat' dir='ltr'><strong>corpora</strong></span> <span class='ocrx_word' id='word_1_67' title='bbox 1931 1171 2128 1225; x_wconf 87' lang='lat' dir='ltr'><strong>robore</strong></span> 
     </span>
    </p>
   </div>
   <div class='ocr_carea' id='block_1_13' title="bbox 548 1262 2127 1335">
    <p class='ocr_par' dir='ltr' id='par_1_13' title="bbox 548 1262 2127 1335">
     <span class='ocr_line' id='line_1_13' title="bbox 548 1262 2127 1335; baseline -0.001 -17"><span class='ocrx_word' id='word_1_68' title='bbox 548 1280 613 1322; x_wconf 88' lang='lat' dir='ltr'><strong>ae</strong></span> <span class='ocrx_word' id='word_1_69' title='bbox 641 1269 896 1331; x_wconf 78' lang='lat' dir='ltr'><strong>sanitate,</strong></span> <span class='ocrx_word' id='word_1_70' title='bbox 952 1266 1222 1335; x_wconf 82' lang='lat' dir='ltr'><strong>habetque</strong></span> <span class='ocrx_word' id='word_1_71' title='bbox 1265 1264 1543 1318; x_wconf 88' lang='lat' dir='ltr'><strong>conciliari</strong></span> <span class='ocrx_word' id='word_1_72' title='bbox 1602 1262 1797 1333; x_wconf 77' lang='lat' dir='ltr'><strong>gloria.</strong></span> <span class='ocrx_word' id='word_1_73' title='bbox 1850 1262 1976 1317; x_wconf 69' lang='lat' dir='ltr'><strong>Ha&#39;c</strong></span> <span class='ocrx_word' id='word_1_74' title='bbox 2028 1278 2127 1332; x_wconf 88' lang='lat' dir='ltr'><strong>ego</strong></span> 
     </span>
    </p>
   </div>
   <div class='ocr_carea' id='block_1_14' title="bbox 552 1350 2124 1427">
    <p class='ocr_par' dir='ltr' id='par_1_14' title="bbox 552 1350 2124 1427">
     <span class='ocr_line' id='line_1_14' title="bbox 552 1350 2124 1427; baseline -0.002 -17"><span class='ocrx_word' id='word_1_75' title='bbox 552 1357 745 1426; x_wconf 71' lang='lat' dir='ltr'><strong>hisque</strong></span> <span class='ocrx_word' id='word_1_76' title='bbox 772 1350 969 1412; x_wconf 83' lang='lat' dir='ltr'><strong>similia</strong></span> <span class='ocrx_word' id='word_1_77' title='bbox 996 1357 1278 1411; x_wconf 88' lang='lat' dir='ltr'><strong>somnians</strong></span> <span class='ocrx_word' id='word_1_78' title='bbox 1310 1356 1566 1427; x_wconf 75' lang='lat' dir='ltr'><strong>gaudium</strong></span> <span class='ocrx_word' id='word_1_79' title='bbox 1616 1355 1908 1419; x_wconf 81' lang='lat' dir='ltr'><strong>habebam,</strong></span> <span class='ocrx_word' id='word_1_80' title='bbox 1962 1362 2124 1424; x_wconf 88' lang='lat' dir='ltr'><strong>puta-</strong></span> 
     </span>
    </p>
   </div>
   <div class='ocr_carea' id='block_1_15' title="bbox 543 1446 2122 1519">
    <p class='ocr_par' dir='ltr' id='par_1_15' title="bbox 543 1446 2122 1519">
     <span class='ocr_line' id='line_1_15' title="bbox 543 1446 2122 1519; baseline -0.003 -16"><span class='ocrx_word' id='word_1_81' title='bbox 543 1451 778 1519; x_wconf 84' lang='lat' dir='ltr'><strong>bamque</strong></span> <span class='ocrx_word' id='word_1_82' title='bbox 816 1449 1061 1518; x_wconf 87' lang='lat' dir='ltr'><strong>aspicere</strong></span> <span class='ocrx_word' id='word_1_83' title='bbox 1089 1448 1311 1517; x_wconf 73' lang='lat' dir='ltr'><strong>praemia</strong></span> <span class='ocrx_word' id='word_1_84' title='bbox 1344 1455 1739 1516; x_wconf 84' lang='lat' dir='ltr'><strong>reportantem,</strong></span> <span class='ocrx_word' id='word_1_85' title='bbox 1785 1446 1928 1516; x_wconf 85' lang='lat' dir='ltr'><strong>cingi</strong></span> <span class='ocrx_word' id='word_1_86' title='bbox 1955 1454 2122 1515; x_wconf 89' lang='lat' dir='ltr'><strong>caput</strong></span> 
     </span>
    </p>
   </div>
   <div class='ocr_carea' id='block_1_16' title="bbox 540 1539 2124 1610">
    <p class='ocr_par' dir='ltr' id='par_1_16' title="bbox 540 1539 2124 1610">
     <span class='ocr_line' id='line_1_16' title="bbox 540 1539 2124 1610; baseline -0.001 -15"><span class='ocrx_word' id='word_1_87' title='bbox 540 1557 766 1605; x_wconf 82' lang='lat' dir='ltr'><strong>corona,</strong></span> <span class='ocrx_word' id='word_1_88' title='bbox 830 1557 893 1597; x_wconf 90' lang='lat' dir='ltr'><strong>ac</strong></span> <span class='ocrx_word' id='word_1_89' title='bbox 958 1540 1225 1610; x_wconf 70' lang='lat' dir='ltr'><strong>prmconis</strong></span> <span class='ocrx_word' id='word_1_90' title='bbox 1270 1554 1404 1593; x_wconf 83' lang='lat' dir='ltr'><strong>voce</strong></span> <span class='ocrx_word' id='word_1_91' title='bbox 1463 1539 1787 1595; x_wconf 70' lang='lat' dir='ltr'><strong>renuntiarL</strong></span> <span class='ocrx_word' id='word_1_92' title='bbox 1837 1540 2124 1593; x_wconf 78' lang='lat' dir='ltr'><strong>victorem.</strong></span> 
     </span>
    </p>
   </div>
   <div class='ocr_carea' id='block_1_17' title="bbox 543 1630 2125 1701">
    <p class='ocr_par' dir='ltr' id='par_1_17' title="bbox 543 1630 2125 1701">
     <span class='ocr_line' id='line_1_17' title="bbox 543 1630 2125 1701; baseline -0.003 -14"><span class='ocrx_word' id='word_1_93' title='bbox 543 1633 772 1688; x_wconf 86' lang='lat' dir='ltr'><strong>Multum</strong></span> <span class='ocrx_word' id='word_1_94' title='bbox 818 1633 1086 1701; x_wconf 86' lang='lat' dir='ltr'><strong>siquidem</strong></span> <span class='ocrx_word' id='word_1_95' title='bbox 1135 1632 1185 1686; x_wconf 88' lang='lat' dir='ltr'><strong>ei</strong></span> <span class='ocrx_word' id='word_1_96' title='bbox 1216 1646 1407 1685; x_wconf 87' lang='lat' dir='ltr'><strong>omnes</strong></span> <span class='ocrx_word' id='word_1_97' title='bbox 1444 1630 1496 1684; x_wconf 92' lang='lat' dir='ltr'><strong>in</strong></span> <span class='ocrx_word' id='word_1_98' title='bbox 1564 1630 1832 1699; x_wconf 77' lang='lat' dir='ltr'><strong>ejusmodi</strong></span> <span class='ocrx_word' id='word_1_99' title='bbox 1888 1631 2125 1683; x_wconf 88' lang='lat' dir='ltr'><strong>delatum</strong></span> 
     </span>
    </p>
   </div>
   <div class='ocr_carea' id='block_1_18' title="bbox 541 1723 2125 1793">
    <p class='ocr_par' dir='ltr' id='par_1_18' title="bbox 541 1723 2125 1793">
     <span class='ocr_line' id='line_1_18' title="bbox 541 1723 2125 1793; baseline -0.003 -14"><span class='ocrx_word' id='word_1_100' title='bbox 541 1727 816 1781; x_wconf 88' lang='lat' dir='ltr'><strong>volebant.</strong></span> <span class='ocrx_word' id='word_1_101' title='bbox 859 1724 981 1793; x_wconf 86' lang='lat' dir='ltr'><strong>Jam</strong></span> <span class='ocrx_word' id='word_1_102' title='bbox 1012 1725 1159 1779; x_wconf 87' lang='lat' dir='ltr'><strong>enim</strong></span> <span class='ocrx_word' id='word_1_103' title='bbox 1183 1737 1213 1777; x_wconf 91' lang='lat' dir='ltr'><strong>a</strong></span> <span class='ocrx_word' id='word_1_104' title='bbox 1246 1738 1415 1793; x_wconf 87' lang='lat' dir='ltr'><strong>puero</strong></span> <span class='ocrx_word' id='word_1_105' title='bbox 1440 1723 1668 1777; x_wconf 82' lang='lat' dir='ltr'><strong>sortitus</strong></span> <span class='ocrx_word' id='word_1_106' title='bbox 1720 1730 1857 1783; x_wconf 89' lang='lat' dir='ltr'><strong>erat,</strong></span> <span class='ocrx_word' id='word_1_107' title='bbox 1918 1729 1974 1774; x_wconf 89' lang='lat' dir='ltr'><strong>ut</strong></span> <span class='ocrx_word' id='word_1_108' title='bbox 2006 1736 2125 1775; x_wconf 87' lang='lat' dir='ltr'><strong>om-</strong></span> 
     </span>
    </p>
   </div>
   <div class='ocr_carea' id='block_1_19' title="bbox 540 1812 2124 1883">
    <p class='ocr_par' dir='ltr' id='par_1_19' title="bbox 540 1812 2124 1883">
     <span class='ocr_line' id='line_1_19' title="bbox 540 1812 2124 1883; baseline -0.003 -15"><span class='ocrx_word' id='word_1_109' title='bbox 540 1816 727 1878; x_wconf 77' lang='lat' dir='ltr'><strong>nibus,</strong></span> <span class='ocrx_word' id='word_1_110' title='bbox 758 1814 959 1883; x_wconf 86' lang='lat' dir='ltr'><strong>quibus</strong></span> <span class='ocrx_word' id='word_1_111' title='bbox 990 1814 1112 1883; x_wconf 91' lang='lat' dir='ltr'><strong>quis</strong></span> <span class='ocrx_word' id='word_1_112' title='bbox 1139 1820 1360 1867; x_wconf 90' lang='lat' dir='ltr'><strong>certans</strong></span> <span class='ocrx_word' id='word_1_113' title='bbox 1394 1812 1747 1866; x_wconf 77' lang='lat' dir='ltr'><strong>coronandus</strong></span> <span class='ocrx_word' id='word_1_114' title='bbox 1780 1812 1873 1876; x_wconf 86' lang='lat' dir='ltr'><strong>sit,</strong></span> <span class='ocrx_word' id='word_1_115' title='bbox 1907 1812 2124 1883; x_wconf 83' lang='lat' dir='ltr'><strong>magni-</strong></span> 
     </span>
    </p>
   </div>
   <div class='ocr_carea' id='block_1_20' title="bbox 541 1904 2128 1975">
    <p class='ocr_par' dir='ltr' id='par_1_20' title="bbox 541 1904 2128 1975">
     <span class='ocr_line' id='line_1_20' title="bbox 541 1904 2128 1975; baseline 0.001 -16"><span class='ocrx_word' id='word_1_116' title='bbox 541 1907 639 1961; x_wconf 87' lang='lat' dir='ltr'><strong>tice</strong></span> <span class='ocrx_word' id='word_1_117' title='bbox 680 1914 1008 1975; x_wconf 70' lang='lat' dir='ltr'><strong>praestaret:</strong></span> <span class='ocrx_word' id='word_1_118' title='bbox 1049 1920 1224 1975; x_wconf 90' lang='lat' dir='ltr'><strong>eaque</strong></span> <span class='ocrx_word' id='word_1_119' title='bbox 1258 1904 1310 1958; x_wconf 93' lang='lat' dir='ltr'><strong>in</strong></span> <span class='ocrx_word' id='word_1_120' title='bbox 1342 1920 1407 1959; x_wconf 91' lang='lat' dir='ltr'><strong>eo</strong></span> <span class='ocrx_word' id='word_1_121' title='bbox 1451 1904 1674 1974; x_wconf 87' lang='lat' dir='ltr'><strong>paribus</strong></span> <span class='ocrx_word' id='word_1_122' title='bbox 1716 1920 1841 1959; x_wconf 93' lang='lat' dir='ltr'><strong>cum</strong></span> <span class='ocrx_word' id='word_1_123' title='bbox 1901 1920 2128 1975; x_wconf 86' lang='lat' dir='ltr'><strong>corpore</strong></span> 
     </span>
    </p>
   </div>
   <div class='ocr_carea' id='block_1_21' title="bbox 536 1997 2120 2067">
    <p class='ocr_par' dir='ltr' id='par_1_21' title="bbox 536 1997 2120 2067">
     <span class='ocr_line' id='line_1_21' title="bbox 536 1997 2120 2067; baseline 0.001 -15"><span class='ocrx_word' id='word_1_124' title='bbox 536 1998 603 2052; x_wconf 86' lang='lat' dir='ltr'><strong>ad</strong></span> <span class='ocrx_word' id='word_1_125' title='bbox 639 1998 937 2067; x_wconf 82' lang='lat' dir='ltr'><strong>perfectum</strong></span> <span class='ocrx_word' id='word_1_126' title='bbox 972 2013 1036 2052; x_wconf 92' lang='lat' dir='ltr'><strong>ac</strong></span> <span class='ocrx_word' id='word_1_127' title='bbox 1077 1998 1247 2051; x_wconf 88' lang='lat' dir='ltr'><strong>robur</strong></span> <span class='ocrx_word' id='word_1_128' title='bbox 1278 2003 1513 2065; x_wconf 83' lang='lat' dir='ltr'><strong>augente</strong></span> <span class='ocrx_word' id='word_1_129' title='bbox 1555 1997 1849 2053; x_wconf 87' lang='lat' dir='ltr'><strong>crementis</strong></span> <span class='ocrx_word' id='word_1_130' title='bbox 1898 2012 2120 2066; x_wconf 89' lang='lat' dir='ltr'><strong>promo-</strong></span> 
     </span>
    </p>
   </div>
   <div class='ocr_carea' id='block_1_22' title="bbox 538 2088 2124 2160">
    <p class='ocr_par' dir='ltr' id='par_1_22' title="bbox 538 2088 2124 2160">
     <span class='ocr_line' id='line_1_22' title="bbox 538 2088 2124 2160; baseline 0.003 -19"><span class='ocrx_word' id='word_1_131' title='bbox 538 2091 760 2144; x_wconf 82' lang='lat' dir='ltr'><strong>vebant.</strong></span> <span class='ocrx_word' id='word_1_132' title='bbox 799 2088 943 2146; x_wconf 76' lang='lat' dir='ltr'><strong>Lzeta</strong></span> <span class='ocrx_word' id='word_1_133' title='bbox 978 2092 1119 2153; x_wconf 68' lang='lat' dir='ltr'><strong>.haec</strong></span> <span class='ocrx_word' id='word_1_134' title='bbox 1163 2106 1376 2145; x_wconf 88' lang='lat' dir='ltr'><strong>mecum</strong></span> <span class='ocrx_word' id='word_1_135' title='bbox 1428 2092 1542 2160; x_wconf 91' lang='lat' dir='ltr'><strong>ipse</strong></span> <span class='ocrx_word' id='word_1_136' title='bbox 1602 2091 1870 2160; x_wconf 87' lang='lat' dir='ltr'><strong>cogitans,</strong></span> <span class='ocrx_word' id='word_1_137' title='bbox 1920 2092 2124 2146; x_wconf 86' lang='lat' dir='ltr'><strong>sensim</strong></span> 
     </span>
    </p>
   </div>
   <div class='ocr_carea' id='block_1_23' title="bbox 538 2181 2124 2246">
    <p class='ocr_par' dir='ltr' id='par_1_23' title="bbox 538 2181 2124 2246">
     <span class='ocr_line' id='line_1_23' title="bbox 538 2181 2124 2246; baseline 0.003 -13"><span class='ocrx_word' id='word_1_138' title='bbox 538 2181 733 2245; x_wconf 89' lang='lat' dir='ltr'><strong>tristia,</strong></span> <span class='ocrx_word' id='word_1_139' title='bbox 762 2191 819 2236; x_wconf 90' lang='lat' dir='ltr'><strong>ut</strong></span> <span class='ocrx_word' id='word_1_140' title='bbox 847 2182 1055 2246; x_wconf 85' lang='lat' dir='ltr'><strong>liceret,</strong></span> <span class='ocrx_word' id='word_1_141' title='bbox 1082 2182 1340 2237; x_wconf 84' lang='lat' dir='ltr'><strong>oblivioni</strong></span> <span class='ocrx_word' id='word_1_142' title='bbox 1373 2182 1568 2236; x_wconf 84' lang='lat' dir='ltr'><strong>dabam</strong></span> <span class='ocrx_word' id='word_1_143' title='bbox 1604 2198 1619 2235; x_wconf 89' lang='lat'><strong>:</strong></span> <span class='ocrx_word' id='word_1_144' title='bbox 1653 2181 1728 2235; x_wconf 92' lang='lat' dir='ltr'><strong>illi</strong></span> <span class='ocrx_word' id='word_1_145' title='bbox 1756 2190 1936 2236; x_wconf 89' lang='lat' dir='ltr'><strong>autem</strong></span> <span class='ocrx_word' id='word_1_146' title='bbox 1990 2182 2124 2237; x_wconf 91' lang='lat' dir='ltr'><strong>sub-</strong></span> 
     </span>
    </p>
   </div>
   <div class='ocr_carea' id='block_1_24' title="bbox 536 2263 2121 2345">
    <p class='ocr_par' dir='ltr' id='par_1_24' title="bbox 536 2263 2121 2345">
     <span class='ocr_line' id='line_1_24' title="bbox 536 2263 2121 2345; baseline 0.002 -16"><span class='ocrx_word' id='word_1_147' title='bbox 536 2263 646 2329; x_wconf 87' lang='lat' dir='ltr'><strong>ibat</strong></span> <span class='ocrx_word' id='word_1_148' title='bbox 697 2277 822 2338; x_wconf 90' lang='lat' dir='ltr'><strong>uri,</strong></span> <span class='ocrx_word' id='word_1_149' title='bbox 853 2275 1002 2345; x_wconf 89' lang='lat' dir='ltr'><strong>quod</strong></span> <span class='ocrx_word' id='word_1_150' title='bbox 1040 2290 1147 2328; x_wconf 93' lang='lat' dir='ltr'><strong>non</strong></span> <span class='ocrx_word' id='word_1_151' title='bbox 1181 2282 1366 2343; x_wconf 85' lang='lat' dir='ltr'><strong>posset</strong></span> <span class='ocrx_word' id='word_1_152' title='bbox 1424 2274 1505 2328; x_wconf 88' lang='lat' dir='ltr'><strong>sic</strong></span> <span class='ocrx_word' id='word_1_153' title='bbox 1561 2271 1859 2328; x_wconf 84' lang='lat' dir='ltr'><strong>desolatum</strong></span> <span class='ocrx_word' id='word_1_154' title='bbox 1915 2273 2121 2333; x_wconf 87' lang='lat' dir='ltr'><strong>videre.</strong></span> 
     </span>
    </p>
   </div>
   <div class='ocr_carea' id='block_1_25' title="bbox 608 2365 2119 2436">
    <p class='ocr_par' dir='ltr' id='par_1_25' title="bbox 608 2365 2119 2436">
     <span class='ocr_line' id='line_1_25' title="bbox 608 2365 2119 2436; baseline -0.001 -16"><span class='ocrx_word' id='word_1_155' title='bbox 608 2366 713 2421; x_wconf 90' lang='lat' dir='ltr'><strong>Sed</strong></span> <span class='ocrx_word' id='word_1_156' title='bbox 739 2374 792 2422; x_wconf 87' lang='lat' dir='ltr'><strong>et</strong></span> <span class='ocrx_word' id='word_1_157' title='bbox 820 2367 950 2421; x_wconf 87' lang='lat' dir='ltr'><strong>illud</strong></span> <span class='ocrx_word' id='word_1_158' title='bbox 983 2367 1235 2436; x_wconf 87' lang='lat' dir='ltr'><strong>angebat.</strong></span> <span class='ocrx_word' id='word_1_159' title='bbox 1268 2366 1385 2420; x_wconf 85' lang='lat' dir='ltr'><strong>Non</strong></span> <span class='ocrx_word' id='word_1_160' title='bbox 1417 2366 1560 2421; x_wconf 86' lang='lat' dir='ltr'><strong>enim</strong></span> <span class='ocrx_word' id='word_1_161' title='bbox 1620 2365 1965 2435; x_wconf 73' lang='lat' dir='ltr'><strong>poterat,qui</strong></span> <span class='ocrx_word' id='word_1_162' title='bbox 2024 2365 2119 2420; x_wconf 88' lang='lat' dir='ltr'><strong>Dei</strong></span> 
     </span>
    </p>
   </div>
   <div class='ocr_carea' id='block_1_26' title="bbox 534 2457 2117 2528">
    <p class='ocr_par' dir='ltr' id='par_1_26' title="bbox 534 2457 2117 2528">
     <span class='ocr_line' id='line_1_26' title="bbox 534 2457 2117 2528; baseline 0.001 -18"><span class='ocrx_word' id='word_1_163' title='bbox 534 2459 730 2512; x_wconf 83' lang='lat' dir='ltr'><strong>timore</strong></span> <span class='ocrx_word' id='word_1_164' title='bbox 748 2460 989 2515; x_wconf 91' lang='lat' dir='ltr'><strong>nutritus</strong></span> <span class='ocrx_word' id='word_1_165' title='bbox 1010 2468 1177 2525; x_wconf 87' lang='lat' dir='ltr'><strong>esset,</strong></span> <span class='ocrx_word' id='word_1_166' title='bbox 1193 2469 1373 2527; x_wconf 88' lang='lat' dir='ltr'><strong>spreta</strong></span> <span class='ocrx_word' id='word_1_167' title='bbox 1387 2457 1683 2527; x_wconf 89' lang='lat' dir='ltr'><strong>juramenti</strong></span> <span class='ocrx_word' id='word_1_168' title='bbox 1698 2457 1978 2528; x_wconf 86' lang='lat' dir='ltr'><strong>religione,</strong></span> <span class='ocrx_word' id='word_1_169' title='bbox 1994 2472 2117 2512; x_wconf 91' lang='lat' dir='ltr'><strong>cum</strong></span> 
     </span>
    </p>
   </div>
   <div class='ocr_carea' id='block_1_27' title="bbox 530 2550 2121 2621">
    <p class='ocr_par' dir='ltr' id='par_1_27' title="bbox 530 2550 2121 2621">
     <span class='ocr_line' id='line_1_27' title="bbox 530 2550 2121 2621; baseline 0.001 -18"><span class='ocrx_word' id='word_1_170' title='bbox 530 2552 656 2606; x_wconf 87' lang='lat' dir='ltr'><strong>dolo</strong></span> <span class='ocrx_word' id='word_1_171' title='bbox 699 2567 852 2621; x_wconf 91' lang='lat' dir='ltr'><strong>opem</strong></span> <span class='ocrx_word' id='word_1_172' title='bbox 888 2551 1052 2609; x_wconf 81' lang='lat' dir='ltr'><strong>ferre.</strong></span> <span class='ocrx_word' id='word_1_173' title='bbox 1087 2551 1190 2619; x_wconf 85' lang='lat' dir='ltr'><strong>Qui</strong></span> <span class='ocrx_word' id='word_1_174' title='bbox 1214 2552 1402 2606; x_wconf 83' lang='lat' dir='ltr'><strong>enim?</strong></span> <span class='ocrx_word' id='word_1_175' title='bbox 1433 2550 1526 2621; x_wconf 89' lang='lat' dir='ltr'><strong>qui</strong></span> <span class='ocrx_word' id='word_1_176' title='bbox 1570 2550 1703 2605; x_wconf 83' lang='lat' dir='ltr'><strong>nihil</strong></span> <span class='ocrx_word' id='word_1_177' title='bbox 1750 2564 1990 2620; x_wconf 87' lang='lat' dir='ltr'><strong>unquam</strong></span> <span class='ocrx_word' id='word_1_178' title='bbox 2026 2565 2121 2620; x_wconf 90' lang='lat' dir='ltr'><strong>per</strong></span> 
     </span>
    </p>
   </div>
   <div class='ocr_carea' id='block_1_28' title="bbox 533 2642 2114 2713">
    <p class='ocr_par' dir='ltr' id='par_1_28' title="bbox 533 2642 2114 2713">
     <span class='ocr_line' id='line_1_28' title="bbox 533 2642 2114 2713; baseline -0.001 -18"><span class='ocrx_word' id='word_1_179' title='bbox 533 2644 782 2697; x_wconf 78' lang='lat' dir='ltr'><strong>fraudem</strong></span> <span class='ocrx_word' id='word_1_180' title='bbox 818 2650 883 2698; x_wconf 84' lang='lat' dir='ltr'><strong>ac</strong></span> <span class='ocrx_word' id='word_1_181' title='bbox 919 2644 1074 2698; x_wconf 83' lang='lat' dir='ltr'><strong>valro</strong></span> <span class='ocrx_word' id='word_1_182' title='bbox 1128 2643 1335 2709; x_wconf 86' lang='lat' dir='ltr'><strong>animo,</strong></span> <span class='ocrx_word' id='word_1_183' title='bbox 1368 2644 1529 2698; x_wconf 85' lang='lat' dir='ltr'><strong>etiam</strong></span> <span class='ocrx_word' id='word_1_184' title='bbox 1560 2642 1739 2713; x_wconf 80' lang='lat' dir='ltr'><strong>capite</strong></span> <span class='ocrx_word' id='word_1_185' title='bbox 1776 2642 2062 2701; x_wconf 82' lang='lat' dir='ltr'><strong>annuisset</strong></span> <span class='ocrx_word' id='word_1_186' title='bbox 2100 2658 2114 2694; x_wconf 88' lang='lat'><strong>:</strong></span> 
     </span>
    </p>
   </div>
   <div class='ocr_carea' id='block_1_29' title="bbox 532 2728 2119 2806">
    <p class='ocr_par' dir='ltr' id='par_1_29' title="bbox 532 2728 2119 2806">
     <span class='ocr_line' id='line_1_29' title="bbox 532 2728 2119 2806; baseline 0 -19"><span class='ocrx_word' id='word_1_187' title='bbox 532 2735 701 2790; x_wconf 87' lang='lat' dir='ltr'><strong>videri</strong></span> <span class='ocrx_word' id='word_1_188' title='bbox 734 2744 913 2791; x_wconf 89' lang='lat' dir='ltr'><strong>autem</strong></span> <span class='ocrx_word' id='word_1_189' title='bbox 947 2751 1133 2791; x_wconf 87' lang='lat' dir='ltr'><strong>eorum</strong></span> <span class='ocrx_word' id='word_1_190' title='bbox 1172 2736 1390 2805; x_wconf 88' lang='lat' dir='ltr'><strong>penitus</strong></span> <span class='ocrx_word' id='word_1_191' title='bbox 1418 2735 1723 2806; x_wconf 82' lang='lat' dir='ltr'><strong>neglexisse</strong></span> <span class='ocrx_word' id='word_1_192' title='bbox 1760 2728 1973 2799; x_wconf 82' lang='lat' dir='ltr'><strong>curam,</strong></span> <span class='ocrx_word' id='word_1_193' title='bbox 1997 2735 2119 2804; x_wconf 90' lang='lat' dir='ltr'><strong>qui-</strong></span> 
     </span>
    </p>
   </div>
   <div class='ocr_carea' id='block_1_30' title="bbox 530 2826 2117 2897">
    <p class='ocr_par' dir='ltr' id='par_1_30' title="bbox 530 2826 2117 2897">
     <span class='ocr_line' id='line_1_30' title="bbox 530 2826 2117 2897; baseline 0.001 -17"><span class='ocrx_word' id='word_1_194' title='bbox 530 2827 634 2881; x_wconf 89' lang='lat' dir='ltr'><strong>bus</strong></span> <span class='ocrx_word' id='word_1_195' title='bbox 665 2827 835 2882; x_wconf 90' lang='lat' dir='ltr'><strong>nihilo</strong></span> <span class='ocrx_word' id='word_1_196' title='bbox 868 2828 1253 2897; x_wconf 87' lang='lat' dir='ltr'><strong>pretiosiorem</strong></span> <span class='ocrx_word' id='word_1_197' title='bbox 1284 2828 1524 2881; x_wconf 86' lang='lat' dir='ltr'><strong>animam</strong></span> <span class='ocrx_word' id='word_1_198' title='bbox 1590 2826 1846 2889; x_wconf 87' lang='lat' dir='ltr'><strong>ducebat,</strong></span> <span class='ocrx_word' id='word_1_199' title='bbox 1875 2826 1925 2881; x_wconf 91' lang='lat' dir='ltr'><strong>id</strong></span> <span class='ocrx_word' id='word_1_200' title='bbox 1985 2840 2117 2881; x_wconf 87' lang='lat' dir='ltr'><strong>vero</strong></span> 
     </span>
    </p>
   </div>
   <div class='ocr_carea' id='block_1_31' title="bbox 530 2917 2113 2988">
    <p class='ocr_par' dir='ltr' id='par_1_31' title="bbox 530 2917 2113 2988">
     <span class='ocr_line' id='line_1_31' title="bbox 530 2917 2113 2988; baseline -0.001 -17"><span class='ocrx_word' id='word_1_201' title='bbox 530 2934 759 2987; x_wconf 82' lang='lat' dir='ltr'><strong>prorsus</strong></span> <span class='ocrx_word' id='word_1_202' title='bbox 785 2919 1127 2977; x_wconf 85' lang='lat' dir='ltr'><strong>intolerabile</strong></span> <span class='ocrx_word' id='word_1_203' title='bbox 1151 2920 1396 2988; x_wconf 86' lang='lat' dir='ltr'><strong>putabat.</strong></span> <span class='ocrx_word' id='word_1_204' title='bbox 1430 2917 1521 2973; x_wconf 87' lang='lat' dir='ltr'><strong>Sic</strong></span> <span class='ocrx_word' id='word_1_205' title='bbox 1547 2932 1706 2985; x_wconf 86' lang='lat' dir='ltr'><strong>porro</strong></span> <span class='ocrx_word' id='word_1_206' title='bbox 1734 2926 1854 2971; x_wconf 84' lang='lat' dir='ltr'><strong>erat</strong></span> <span class='ocrx_word' id='word_1_207' title='bbox 1888 2931 2113 2986; x_wconf 87' lang='lat' dir='ltr'><strong>magna-</strong></span> 
     </span>
    </p>
   </div>
   <div class='ocr_carea' id='block_1_32' title="bbox 530 3008 2110 3080">
    <p class='ocr_par' dir='ltr' id='par_1_32' title="bbox 530 3008 2110 3080">
     <span class='ocr_line' id='line_1_32' title="bbox 530 3008 2110 3080; baseline -0.002 -17"><span class='ocrx_word' id='word_1_208' title='bbox 530 3011 734 3073; x_wconf 89' lang='lat' dir='ltr'><strong>nimus,</strong></span> <span class='ocrx_word' id='word_1_209' title='bbox 758 3020 817 3063; x_wconf 90' lang='lat' dir='ltr'><strong>ut</strong></span> <span class='ocrx_word' id='word_1_210' title='bbox 836 3020 888 3064; x_wconf 90' lang='lat' dir='ltr'><strong>et</strong></span> <span class='ocrx_word' id='word_1_211' title='bbox 908 3011 1126 3080; x_wconf 75' lang='lat' dir='ltr'><strong>injusta:</strong></span> <span class='ocrx_word' id='word_1_212' title='bbox 1146 3010 1433 3064; x_wconf 65' lang='lat' dir='ltr'><strong>sententiae</strong></span> <span class='ocrx_word' id='word_1_213' title='bbox 1452 3010 1715 3065; x_wconf 86' lang='lat' dir='ltr'><strong>latoribus</strong></span> <span class='ocrx_word' id='word_1_214' title='bbox 1757 3008 2110 3061; x_wconf 84' lang='lat' dir='ltr'><strong>reverentiam</strong></span> 
     </span>
    </p>
   </div>
   <div class='ocr_carea' id='block_1_33' title="bbox 529 3101 2111 3171">
    <p class='ocr_par' dir='ltr' id='par_1_33' title="bbox 529 3101 2111 3171">
     <span class='ocr_line' id='line_1_33' title="bbox 529 3101 2111 3171; baseline -0.001 -15"><span class='ocrx_word' id='word_1_215' title='bbox 529 3105 776 3157; x_wconf 85' lang='lat' dir='ltr'><strong>haberet.</strong></span> <span class='ocrx_word' id='word_1_216' title='bbox 820 3104 955 3171; x_wconf 66' lang='lat' dir='ltr'><strong>Cum</strong></span> <span class='ocrx_word' id='word_1_217' title='bbox 987 3103 1168 3171; x_wconf 89' lang='lat' dir='ltr'><strong>itaque</strong></span> <span class='ocrx_word' id='word_1_218' title='bbox 1216 3102 1412 3155; x_wconf 89' lang='lat' dir='ltr'><strong>studiis</strong></span> <span class='ocrx_word' id='word_1_219' title='bbox 1454 3101 1611 3155; x_wconf 88' lang='lat' dir='ltr'><strong>divisi</strong></span> <span class='ocrx_word' id='word_1_220' title='bbox 1670 3114 1940 3165; x_wconf 84' lang='lat' dir='ltr'><strong>essemus,</strong></span> <span class='ocrx_word' id='word_1_221' title='bbox 1990 3115 2111 3155; x_wconf 91' lang='lat' dir='ltr'><strong>sero</strong></span> 
     </span>
    </p>
   </div>
   <div class='ocr_carea' id='block_1_34' title="bbox 532 3162 2109 3263">
    <p class='ocr_par' dir='ltr' id='par_1_34' title="bbox 532 3162 2109 3263">
     <span class='ocr_line' id='line_1_34' title="bbox 532 3162 2109 3263; baseline -0.001 -15"><span class='ocrx_word' id='word_1_222' title='bbox 532 3195 773 3257; x_wconf 85' lang='lat' dir='ltr'><strong>tandem,</strong></span> <span class='ocrx_word' id='word_1_223' title='bbox 816 3162 1030 3263; x_wconf 35' lang='lat' dir='ltr'><strong>{vixque</strong></span> <span class='ocrx_word' id='word_1_224' title='bbox 1087 3194 1258 3258; x_wconf 85' lang='lat' dir='ltr'><strong>suasi,</strong></span> <span class='ocrx_word' id='word_1_225' title='bbox 1322 3209 1430 3262; x_wconf 88' lang='lat' dir='ltr'><strong>qua</strong></span> <span class='ocrx_word' id='word_1_226' title='bbox 1490 3193 1731 3262; x_wconf 86' lang='lat' dir='ltr'><strong>probans</strong></span> <span class='ocrx_word' id='word_1_227' title='bbox 1778 3191 1854 3246; x_wconf 86' lang='lat' dir='ltr'><strong>ita</strong></span> <span class='ocrx_word' id='word_1_228' title='bbox 1915 3193 2109 3246; x_wconf 89' lang='lat' dir='ltr'><strong>melius</strong></span> 
     </span>
    </p>
   </div>
   <div class='ocr_carea' id='block_1_35' title="bbox 532 3269 2109 3360">
    <p class='ocr_par' dir='ltr' id='par_1_35' title="bbox 532 3269 2109 3360">
     <span class='ocr_line' id='line_1_35' title="bbox 532 3269 2109 3360; baseline -0.002 -18"><span class='ocrx_word' id='word_1_229' title='bbox 532 3290 662 3345; x_wconf 90' lang='lat' dir='ltr'><strong>mihi</strong></span> <span class='ocrx_word' id='word_1_230' title='bbox 721 3291 943 3360; x_wconf 84' lang='lat' dir='ltr'><strong>pariter,</strong></span> <span class='ocrx_word' id='word_1_231' title='bbox 988 3305 1053 3345; x_wconf 86' lang='lat' dir='ltr'><strong>ac</strong></span> <span class='ocrx_word' id='word_1_232' title='bbox 1088 3290 1223 3359; x_wconf 85' lang='lat' dir='ltr'><strong>patri</strong></span> <span class='ocrx_word' id='word_1_233' title='bbox 1247 3269 1346 3359; x_wconf 86' lang='lat' dir='ltr'><strong>per</strong></span> <span class='ocrx_word' id='word_1_234' title='bbox 1378 3289 1427 3343; x_wconf 87' lang='lat' dir='ltr'><strong>id</strong></span> <span class='ocrx_word' id='word_1_235' title='bbox 1464 3297 1662 3358; x_wconf 91' lang='lat' dir='ltr'><strong>tenpus</strong></span> <span class='ocrx_word' id='word_1_236' title='bbox 1686 3287 1925 3351; x_wconf 89' lang='lat' dir='ltr'><strong>absenti,</strong></span> <span class='ocrx_word' id='word_1_237' title='bbox 1977 3302 2109 3343; x_wconf 88' lang='lat' dir='ltr'><strong>con-</strong></span> 
     </span>
    </p>
   </div>
   <div class='ocr_carea' id='block_1_36' title="bbox 527 3379 2106 3446">
    <p class='ocr_par' dir='ltr' id='par_1_36' title="bbox 527 3379 2106 3446">
     <span class='ocr_line' id='line_1_36' title="bbox 527 3379 2106 3446; baseline -0.001 -11"><span class='ocrx_word' id='word_1_238' title='bbox 527 3382 729 3437; x_wconf 86' lang='lat' dir='ltr'><strong>sultum</strong></span> <span class='ocrx_word' id='word_1_239' title='bbox 763 3382 849 3446; x_wconf 91' lang='lat' dir='ltr'><strong>iri,</strong></span> <span class='ocrx_word' id='word_1_240' title='bbox 881 3391 940 3438; x_wconf 88' lang='lat' dir='ltr'><strong>ut</strong></span> <span class='ocrx_word' id='word_1_241' title='bbox 971 3382 1058 3436; x_wconf 92' lang='lat' dir='ltr'><strong>ille</strong></span> <span class='ocrx_word' id='word_1_242' title='bbox 1077 3396 1200 3435; x_wconf 90' lang='lat' dir='ltr'><strong>cum</strong></span> <span class='ocrx_word' id='word_1_243' title='bbox 1238 3380 1432 3435; x_wconf 78' lang='lat' dir='ltr'><strong>amicis</strong></span> <span class='ocrx_word' id='word_1_244' title='bbox 1457 3395 1519 3436; x_wconf 91' lang='lat' dir='ltr'><strong>ac</strong></span> <span class='ocrx_word' id='word_1_245' title='bbox 1571 3379 1807 3435; x_wconf 89' lang='lat' dir='ltr'><strong>inimicis</strong></span> <span class='ocrx_word' id='word_1_246' title='bbox 1858 3394 2106 3441; x_wconf 86' lang='lat' dir='ltr'><strong>versans.</strong></span> 
     </span>
    </p>
   </div>
   <div class='ocr_carea' id='block_1_37' title="bbox 528 3474 2109 3545">
    <p class='ocr_par' dir='ltr' id='par_1_37' title="bbox 528 3474 2109 3545">
     <span class='ocr_line' id='line_1_37' title="bbox 528 3474 2109 3545; baseline -0.002 -18"><span class='ocrx_word' id='word_1_247' title='bbox 528 3474 594 3528; x_wconf 90' lang='lat' dir='ltr'><strong>ad</strong></span> <span class='ocrx_word' id='word_1_248' title='bbox 623 3484 886 3545; x_wconf 89' lang='lat' dir='ltr'><strong>utrosque</strong></span> <span class='ocrx_word' id='word_1_249' title='bbox 911 3490 1034 3544; x_wconf 69' lang='lat' dir='ltr'><strong>quae</strong></span> <span class='ocrx_word' id='word_1_250' title='bbox 1064 3489 1247 3544; x_wconf 73' lang='lat' dir='ltr'><strong>operae</strong></span> <span class='ocrx_word' id='word_1_251' title='bbox 1280 3475 1518 3544; x_wconf 89' lang='lat' dir='ltr'><strong>pretium</strong></span> <span class='ocrx_word' id='word_1_252' title='bbox 1545 3482 1732 3529; x_wconf 87' lang='lat' dir='ltr'><strong>essent</strong></span> <span class='ocrx_word' id='word_1_253' title='bbox 1752 3513 1768 3538; x_wconf 90' lang='lat'><strong>,</strong></span> <span class='ocrx_word' id='word_1_254' title='bbox 1798 3474 2109 3543; x_wconf 81' lang='lat' dir='ltr'><strong>negotiare-</strong></span> 
     </span>
    </p>
   </div>
   <div class='ocr_carea' id='block_1_38' title="bbox 529 3565 2108 3637">
    <p class='ocr_par' dir='ltr' id='par_1_38' title="bbox 529 3565 2108 3637">
     <span class='ocr_line' id='line_1_38' title="bbox 529 3565 2108 3637; baseline -0.001 -16"><span class='ocrx_word' id='word_1_255' title='bbox 529 3577 650 3633; x_wconf 90' lang='lat' dir='ltr'><strong>tur;</strong></span> <span class='ocrx_word' id='word_1_256' title='bbox 687 3583 795 3637; x_wconf 88' lang='lat' dir='ltr'><strong>qua</strong></span> <span class='ocrx_word' id='word_1_257' title='bbox 830 3567 1131 3633; x_wconf 87' lang='lat' dir='ltr'><strong>allirmans,</strong></span> <span class='ocrx_word' id='word_1_258' title='bbox 1158 3568 1238 3622; x_wconf 92' lang='lat' dir='ltr'><strong>sic</strong></span> <span class='ocrx_word' id='word_1_259' title='bbox 1308 3582 1393 3621; x_wconf 90' lang='lat' dir='ltr'><strong>me</strong></span> <span class='ocrx_word' id='word_1_260' title='bbox 1415 3565 1691 3631; x_wconf 72' lang='lat' dir='ltr'><strong>allectum,</strong></span> <span class='ocrx_word' id='word_1_261' title='bbox 1731 3576 1789 3621; x_wconf 89' lang='lat' dir='ltr'><strong>ut</strong></span> <span class='ocrx_word' id='word_1_262' title='bbox 1846 3566 2004 3621; x_wconf 87' lang='lat' dir='ltr'><strong>malis</strong></span> <span class='ocrx_word' id='word_1_263' title='bbox 2022 3565 2108 3619; x_wconf 82' lang='lat' dir='ltr'><strong>di-</strong></span> 
     </span>
    </p>
   </div>
   <div class='ocr_carea' id='block_1_39' title="bbox 526 3658 2103 3729">
    <p class='ocr_par' dir='ltr' id='par_1_39' title="bbox 526 3658 2103 3729">
     <span class='ocr_line' id='line_1_39' title="bbox 526 3658 2103 3729; baseline -0.001 -16"><span class='ocrx_word' id='word_1_264' title='bbox 526 3660 761 3715; x_wconf 85' lang='lat' dir='ltr'><strong>rissimis</strong></span> <span class='ocrx_word' id='word_1_265' title='bbox 807 3660 1105 3715; x_wconf 80' lang='lat' dir='ltr'><strong>lentandus</strong></span> <span class='ocrx_word' id='word_1_266' title='bbox 1186 3674 1387 3729; x_wconf 84' lang='lat' dir='ltr'><strong>essem,</strong></span> <span class='ocrx_word' id='word_1_267' title='bbox 1467 3658 1643 3713; x_wconf 89' lang='lat' dir='ltr'><strong>utille</strong></span> <span class='ocrx_word' id='word_1_268' title='bbox 1721 3660 2103 3727; x_wconf 89' lang='lat' dir='ltr'><strong>obtemperans</strong></span> 
     </span>
    </p>
   </div>
   <div class='ocr_carea' id='block_1_40' title="bbox 524 3746 2103 3816">
    <p class='ocr_par' dir='ltr' id='par_1_40' title="bbox 524 3746 2103 3816">
     <span class='ocr_line' id='line_1_40' title="bbox 524 3746 2103 3816; baseline -0.003 -14"><span class='ocrx_word' id='word_1_269' title='bbox 524 3753 675 3803; x_wconf 77' lang='lat' dir='ltr'><strong>exire</strong></span> <span class='ocrx_word' id='word_1_270' title='bbox 701 3751 1051 3805; x_wconf 88' lang='lat' dir='ltr'><strong>detrectaret.</strong></span> <span class='ocrx_word' id='word_1_271' title='bbox 1114 3749 1205 3803; x_wconf 87' lang='lat' dir='ltr'><strong>Sic</strong></span> <span class='ocrx_word' id='word_1_272' title='bbox 1248 3748 1340 3804; x_wconf 89' lang='lat' dir='ltr'><strong>ille</strong></span> <span class='ocrx_word' id='word_1_273' title='bbox 1396 3764 1463 3802; x_wconf 91' lang='lat' dir='ltr'><strong>ne</strong></span> <span class='ocrx_word' id='word_1_274' title='bbox 1497 3747 1631 3801; x_wconf 79' lang='lat' dir='ltr'><strong>falso</strong></span> <span class='ocrx_word' id='word_1_275' title='bbox 1675 3747 1894 3816; x_wconf 91' lang='lat' dir='ltr'><strong>quidem</strong></span> <span class='ocrx_word' id='word_1_276' title='bbox 1938 3746 2103 3800; x_wconf 91' lang='lat' dir='ltr'><strong>ullam</strong></span> 
     </span>
    </p>
   </div>
   <div class='ocr_carea' id='block_1_41' title="bbox 525 3839 2104 3912">
    <p class='ocr_par' dir='ltr' id='par_1_41' title="bbox 525 3839 2104 3912">
     <span class='ocr_line' id='line_1_41' title="bbox 525 3839 2104 3912; baseline -0.003 -16"><span class='ocrx_word' id='word_1_277' title='bbox 525 3844 837 3912; x_wconf 89' lang='lat' dir='ltr'><strong>opinionem</strong></span> <span class='ocrx_word' id='word_1_278' title='bbox 875 3844 1019 3898; x_wconf 91' lang='lat' dir='ltr'><strong>inuri</strong></span> <span class='ocrx_word' id='word_1_279' title='bbox 1088 3842 1417 3907; x_wconf 86' lang='lat' dir='ltr'><strong>sustinebat,</strong></span> <span class='ocrx_word' id='word_1_280' title='bbox 1475 3840 1730 3911; x_wconf 76' lang='lat' dir='ltr'><strong>famaque</strong></span> <span class='ocrx_word' id='word_1_281' title='bbox 1754 3842 1823 3894; x_wconf 90' lang='lat' dir='ltr'><strong>ab</strong></span> <span class='ocrx_word' id='word_1_282' title='bbox 1875 3840 1995 3910; x_wconf 88' lang='lat' dir='ltr'><strong>ejus</strong></span> <span class='ocrx_word' id='word_1_283' title='bbox 2020 3839 2104 3892; x_wconf 81' lang='lat' dir='ltr'><strong>in-</strong></span> 
     </span>
    </p>
   </div>
   <div class='ocr_carea' id='block_1_42' title="bbox 523 3933 2103 4002">
    <p class='ocr_par' dir='ltr' id='par_1_42' title="bbox 523 3933 2103 4002">
     <span class='ocr_line' id='line_1_42' title="bbox 523 3933 2103 4002; baseline -0.003 -13"><span class='ocrx_word' id='word_1_284' title='bbox 523 3935 647 3989; x_wconf 88' lang='lat' dir='ltr'><strong>dole</strong></span> <span class='ocrx_word' id='word_1_285' title='bbox 711 3952 775 3989; x_wconf 90' lang='lat' dir='ltr'><strong>ac</strong></span> <span class='ocrx_word' id='word_1_286' title='bbox 818 3936 1024 4001; x_wconf 91' lang='lat' dir='ltr'><strong>animo,</strong></span> <span class='ocrx_word' id='word_1_287' title='bbox 1093 3933 1547 4002; x_wconf 86' lang='lat' dir='ltr'><strong>institutioncque</strong></span> <span class='ocrx_word' id='word_1_288' title='bbox 1602 3933 1954 3996; x_wconf 78' lang='lat' dir='ltr'><strong>abhorrente,</strong></span> <span class='ocrx_word' id='word_1_289' title='bbox 2012 3946 2103 3985; x_wconf 84' lang='lat' dir='ltr'><strong>as-</strong></span> 
     </span>
    </p>
   </div>
   <div class='ocr_carea' id='block_1_43' title="bbox 524 4024 2101 4097">
    <p class='ocr_par' dir='ltr' id='par_1_43' title="bbox 524 4024 2101 4097">
     <span class='ocr_line' id='line_1_43' title="bbox 524 4024 2101 4097; baseline -0.004 -15"><span class='ocrx_word' id='word_1_290' title='bbox 524 4028 671 4097; x_wconf 87' lang='lat' dir='ltr'><strong>pergi</strong></span> <span class='ocrx_word' id='word_1_291' title='bbox 704 4028 949 4082; x_wconf 89' lang='lat' dir='ltr'><strong>timebat.</strong></span> <span class='ocrx_word' id='word_1_292' title='bbox 984 4028 1076 4081; x_wconf 79' lang='lat' dir='ltr'><strong>Sic</strong></span> <span class='ocrx_word' id='word_1_293' title='bbox 1115 4028 1167 4080; x_wconf 90' lang='lat' dir='ltr'><strong>in</strong></span> <span class='ocrx_word' id='word_1_294' title='bbox 1233 4041 1334 4079; x_wconf 90' lang='lat' dir='ltr'><strong>nos</strong></span> <span class='ocrx_word' id='word_1_295' title='bbox 1386 4025 1630 4080; x_wconf 81' lang='lat' dir='ltr'><strong>fraterne</strong></span> <span class='ocrx_word' id='word_1_296' title='bbox 1678 4024 1909 4079; x_wconf 68' lang='lat' dir='ltr'><strong>allectus</strong></span> <span class='ocrx_word' id='word_1_297' title='bbox 1960 4031 2101 4087; x_wconf 90' lang='lat' dir='ltr'><strong>erat,</strong></span> 
     </span>
    </p>
   </div>
   <div class='ocr_carea' id='block_1_44' title="bbox 522 4115 2102 4187">
    <p class='ocr_par' dir='ltr' id='par_1_44' title="bbox 522 4115 2102 4187">
     <span class='ocr_line' id='line_1_44' title="bbox 522 4115 2102 4187; baseline -0.001 -17"><span class='ocrx_word' id='word_1_298' title='bbox 522 4129 582 4173; x_wconf 88' lang='lat' dir='ltr'><strong>nt</strong></span> <span class='ocrx_word' id='word_1_299' title='bbox 613 4136 827 4176; x_wconf 88' lang='lat' dir='ltr'><strong>mecum</strong></span> <span class='ocrx_word' id='word_1_300' title='bbox 866 4118 1097 4183; x_wconf 85' lang='lat' dir='ltr'><strong>versari,</strong></span> <span class='ocrx_word' id='word_1_301' title='bbox 1137 4133 1301 4187; x_wconf 90' lang='lat' dir='ltr'><strong>quam</strong></span> <span class='ocrx_word' id='word_1_302' title='bbox 1334 4132 1458 4172; x_wconf 90' lang='lat' dir='ltr'><strong>cum</strong></span> <span class='ocrx_word' id='word_1_303' title='bbox 1500 4117 1623 4171; x_wconf 87' lang='lat' dir='ltr'><strong>aliis</strong></span> <span class='ocrx_word' id='word_1_304' title='bbox 1688 4116 1971 4184; x_wconf 80' lang='lat' dir='ltr'><strong>voluptate</strong></span> <span class='ocrx_word' id='word_1_305' title='bbox 1997 4115 2102 4169; x_wconf 77' lang='lat' dir='ltr'><strong>frui</strong></span> 
     </span>
    </p>
   </div>
   <div class='ocr_carea' id='block_1_45' title="bbox 522 4199 2105 4278">
    <p class='ocr_par' dir='ltr' id='par_1_45' title="bbox 522 4199 2105 4278">
     <span class='ocr_line' id='line_1_45' title="bbox 522 4199 2105 4278; baseline 0.001 -18"><span class='ocrx_word' id='word_1_306' title='bbox 522 4212 700 4278; x_wconf 80' lang='lat' dir='ltr'><strong>potius</strong></span> <span class='ocrx_word' id='word_1_307' title='bbox 763 4212 985 4264; x_wconf 79' lang='lat' dir='ltr'><strong>haberet</strong></span> <span class='ocrx_word' id='word_1_308' title='bbox 1023 4199 1453 4277; x_wconf 63' lang='lat' dir='ltr'><strong>:‘carcerisque</strong></span> <span class='ocrx_word' id='word_1_309' title='bbox 1513 4208 1801 4277; x_wconf 63' lang='lat' dir='ltr'><strong>angustiw,</strong></span> <span class='ocrx_word' id='word_1_310' title='bbox 1854 4208 1943 4261; x_wconf 85' lang='lat' dir='ltr'><strong>vix</strong></span> <span class='ocrx_word' id='word_1_311' title='bbox 1997 4209 2105 4262; x_wconf 63' lang='lat' dir='ltr'><strong>illa:</strong></span> 
     </span>
    </p>
   </div>
   <div class='ocr_carea' id='block_1_46' title="bbox 519 4300 2100 4371">
    <p class='ocr_par' dir='ltr' id='par_1_46' title="bbox 519 4300 2100 4371">
     <span class='ocr_line' id='line_1_46' title="bbox 519 4300 2100 4371; baseline -0.002 -15"><span class='ocrx_word' id='word_1_312' title='bbox 519 4302 638 4356; x_wconf 76' lang='lat' dir='ltr'><strong>alia:</strong></span> <span class='ocrx_word' id='word_1_313' title='bbox 669 4318 830 4370; x_wconf 89' lang='lat' dir='ltr'><strong>quam</strong></span> <span class='ocrx_word' id='word_1_314' title='bbox 863 4301 1122 4369; x_wconf 82' lang='lat' dir='ltr'><strong>sepulcri,</strong></span> <span class='ocrx_word' id='word_1_315' title='bbox 1175 4302 1320 4371; x_wconf 83' lang='lat' dir='ltr'><strong>regia</strong></span> <span class='ocrx_word' id='word_1_316' title='bbox 1352 4301 1425 4353; x_wconf 92' lang='lat' dir='ltr'><strong>illi</strong></span> <span class='ocrx_word' id='word_1_317' title='bbox 1494 4300 1842 4369; x_wconf 82' lang='lat' dir='ltr'><strong>angustiores</strong></span> <span class='ocrx_word' id='word_1_318' title='bbox 1909 4309 2100 4368; x_wconf 87' lang='lat' dir='ltr'><strong>erant,</strong></span> 
     </span>
    </p>
   </div>
   <div class='ocr_carea' id='block_1_47' title="bbox 522 4390 2099 4462">
    <p class='ocr_par' dir='ltr' id='par_1_47' title="bbox 522 4390 2099 4462">
     <span class='ocr_line' id='line_1_47' title="bbox 522 4390 2099 4462; baseline 0.002 -18"><span class='ocrx_word' id='word_1_319' title='bbox 522 4393 871 4462; x_wconf 60' lang='lat' dir='ltr'><strong>tenebraeque</strong></span> <span class='ocrx_word' id='word_1_320' title='bbox 901 4409 1065 4460; x_wconf 90' lang='lat' dir='ltr'><strong>quam</strong></span> <span class='ocrx_word' id='word_1_321' title='bbox 1114 4394 1249 4447; x_wconf 89' lang='lat' dir='ltr'><strong>solis</strong></span> <span class='ocrx_word' id='word_1_322' title='bbox 1298 4393 1552 4461; x_wconf 72' lang='lat' dir='ltr'><strong>Splendor</strong></span> <span class='ocrx_word' id='word_1_323' title='bbox 1585 4390 2099 4457; x_wconf 87' lang='lat' dir='ltr'><strong>desiderabiliores;</strong></span> 
     </span>
    </p>
   </div>
   <div class='ocr_carea' id='block_1_48' title="bbox 520 4484 2101 4553">
    <p class='ocr_par' dir='ltr' id='par_1_48' title="bbox 520 4484 2101 4553">
     <span class='ocr_line' id='line_1_48' title="bbox 520 4484 2101 4553; baseline -0.001 -14"><span class='ocrx_word' id='word_1_324' title='bbox 520 4502 583 4541; x_wconf 80' lang='lat' dir='ltr'><strong>ac</strong></span> <span class='ocrx_word' id='word_1_325' title='bbox 613 4487 856 4548; x_wconf 88' lang='lat' dir='ltr'><strong>demum,</strong></span> <span class='ocrx_word' id='word_1_326' title='bbox 880 4486 1063 4539; x_wconf 89' lang='lat' dir='ltr'><strong>omnia</strong></span> <span class='ocrx_word' id='word_1_327' title='bbox 1112 4500 1325 4540; x_wconf 89' lang='lat' dir='ltr'><strong>mecum</strong></span> <span class='ocrx_word' id='word_1_328' title='bbox 1354 4484 1621 4552; x_wconf 85' lang='lat' dir='ltr'><strong>dulciora,</strong></span> <span class='ocrx_word' id='word_1_329' title='bbox 1681 4498 1990 4553; x_wconf 86' lang='lat' dir='ltr'><strong>quanquam</strong></span> <span class='ocrx_word' id='word_1_330' title='bbox 2013 4498 2101 4539; x_wconf 84' lang='lat' dir='ltr'><strong>es-</strong></span> 
     </span>
    </p>
   </div>
   <div class='ocr_carea' id='block_1_49' title="bbox 2164 1877 2203 1931">
    <p class='ocr_par' dir='ltr' id='par_1_49' title="bbox 2164 1877 2203 1931">
     <span class='ocr_line' id='line_1_49' title="bbox 2164 1877 2203 1931; baseline 0 0"><span class='ocrx_word' id='word_1_331' title='bbox 2164 1877 2203 1931; x_wconf 79' lang='grc' dir='ltr'><strong>Β</strong></span> 
     </span>
    </p>
   </div>
   <div class='ocr_carea' id='block_1_50' title="bbox 2233 618 3793 692">
    <p class='ocr_par' dir='ltr' id='par_1_50' title="bbox 2233 618 3793 692">
     <span class='ocr_line' id='line_1_50' title="bbox 2233 618 3793 692; baseline 0.005 -22"><span class='ocrx_word' id='word_1_332' title='bbox 2233 618 2544 688; x_wconf 82' lang='grc' dir='ltr'>λειφθῆναι,</span> <span class='ocrx_word' id='word_1_333' title='bbox 2581 622 2706 674; x_wconf 84' lang='grc' dir='ltr'>ὅσον</span> <span class='ocrx_word' id='word_1_334' title='bbox 2738 622 2836 692; x_wconf 80' lang='grc' dir='ltr'><strong>τῆς</strong></span> <span class='ocrx_word' id='word_1_335' title='bbox 2865 620 3041 691; x_wconf 80' lang='grc' dir='ltr'>λύπης</span> <span class='ocrx_word' id='word_1_336' title='bbox 3082 620 3445 690; x_wconf 78' lang='grc' dir='ltr'><strong>κουφίζεσθαι</strong></span> <span class='ocrx_word' id='word_1_337' title='bbox 3489 622 3567 691; x_wconf 78' lang='grc' dir='ltr'><strong>τῷ</strong></span> <span class='ocrx_word' id='word_1_338' title='bbox 3598 624 3793 677; x_wconf 81' lang='grc' dir='ltr'>ἐκεῖνον</span> 
     </span>
    </p>
   </div>
   <div class='ocr_carea' id='block_1_51' title="bbox 2232 710 3794 783">
    <p class='ocr_par' dir='ltr' id='par_1_51' title="bbox 2232 710 3794 783">
     <span class='ocr_line' id='line_1_51' title="bbox 2232 710 3794 783; baseline 0.004 -22"><span class='ocrx_word' id='word_1_339' title='bbox 2232 710 2555 777; x_wconf 77' lang='grc' dir='ltr'>ἀναϐιῶναι,</span> <span class='ocrx_word' id='word_1_340' title='bbox 2602 713 2746 779; x_wconf 80' lang='grc' dir='ltr'>λέγω</span> <span class='ocrx_word' id='word_1_341' title='bbox 2793 712 2858 783; x_wconf 77' lang='grc' dir='ltr'>δὴ</span> <span class='ocrx_word' id='word_1_342' title='bbox 2907 713 2967 767; x_wconf 78' lang='grc' dir='ltr'>τὸ</span> <span class='ocrx_word' id='word_1_343' title='bbox 2996 714 3095 783; x_wconf 85' lang='grc' dir='ltr'>τῆς</span> <span class='ocrx_word' id='word_1_344' title='bbox 3135 716 3385 783; x_wconf 73' lang='grc' dir='ltr'>φρουρᾶς</span> <span class='ocrx_word' id='word_1_345' title='bbox 3439 715 3661 781; x_wconf 77' lang='grc' dir='ltr'><strong>ἐξιέναι.</strong></span> <span class='ocrx_word' id='word_1_346' title='bbox 3696 718 3794 769; x_wconf 75' lang='grc' dir='ltr'>Καὶ</span> 
     </span>
    </p>
   </div>
   <div class='ocr_carea' id='block_1_52' title="bbox 2232 802 3794 876">
    <p class='ocr_par' dir='ltr' id='par_1_52' title="bbox 2232 802 3794 876">
     <span class='ocr_line' id='line_1_52' title="bbox 2232 802 3794 876; baseline 0.004 -23"><span class='ocrx_word' id='word_1_347' title='bbox 2232 802 2455 856; x_wconf 82' lang='grc' dir='ltr'>ἐδόκουν</span> <span class='ocrx_word' id='word_1_348' title='bbox 2478 803 2640 857; x_wconf 80' lang='grc' dir='ltr'>αὑτὸν</span> <span class='ocrx_word' id='word_1_349' title='bbox 2668 806 2803 876; x_wconf 81' lang='grc' dir='ltr'>ὀρᾷν</span> <span class='ocrx_word' id='word_1_350' title='bbox 2828 806 3036 875; x_wconf 79' lang='grc' dir='ltr'><strong>(τρέχει</strong></span> <span class='ocrx_word' id='word_1_351' title='bbox 3060 807 3171 874; x_wconf 83' lang='grc' dir='ltr'><strong>γὰρ</strong></span> <span class='ocrx_word' id='word_1_352' title='bbox 3193 808 3225 876; x_wconf 85' lang='grc' dir='ltr'>ὴ</span> <span class='ocrx_word' id='word_1_353' title='bbox 3254 807 3536 873; x_wconf 79' lang='grc' dir='ltr'>φαντασῗα</span> <span class='ocrx_word' id='word_1_354' title='bbox 3569 807 3650 871; x_wconf 81' lang='grc' dir='ltr'>ἐφ’</span> <span class='ocrx_word' id='word_1_355' title='bbox 3674 808 3703 860; x_wconf 80' lang='grc' dir='ltr'><strong>ἆ</strong></span> <span class='ocrx_word' id='word_1_356' title='bbox 3723 825 3794 868; x_wconf 73' lang='grc' dir='ltr'>τις</span> 
     </span>
    </p>
   </div>
   <div class='ocr_carea' id='block_1_53' title="bbox 2229 890 3793 964">
    <p class='ocr_par' dir='ltr' id='par_1_53' title="bbox 2229 890 3793 964">
     <span class='ocr_line' id='line_1_53' title="bbox 2229 890 3793 964; baseline 0.005 -23"><span class='ocrx_word' id='word_1_357' title='bbox 2229 890 2352 945; x_wconf 90' lang='grc' dir='ltr'>λίαν</span> <span class='ocrx_word' id='word_1_358' title='bbox 2391 894 2670 964; x_wconf 77' lang='grc' dir='ltr'>ἐπιθυμεῖ)</span> <span class='ocrx_word' id='word_1_359' title='bbox 2702 896 2758 946; x_wconf 85' lang='grc' dir='ltr'><strong>ἐν</strong></span> <span class='ocrx_word' id='word_1_360' title='bbox 2808 896 2920 958; x_wconf 87' lang='grc' dir='ltr'>τοῖς</span> <span class='ocrx_word' id='word_1_361' title='bbox 2954 896 3205 950; x_wconf 80' lang='grc' dir='ltr'><strong>εἰωθόσιν</strong></span> <span class='ocrx_word' id='word_1_362' title='bbox 3244 897 3400 960; x_wconf 79' lang='grc' dir='ltr'>ὄντα,</span> <span class='ocrx_word' id='word_1_363' title='bbox 3435 898 3531 949; x_wconf 76' lang='grc' dir='ltr'><strong>καὶ</strong></span> <span class='ocrx_word' id='word_1_364' title='bbox 3579 898 3644 951; x_wconf 78' lang='grc' dir='ltr'>τὰ</span> <span class='ocrx_word' id='word_1_365' title='bbox 3666 900 3793 960; x_wconf 77' lang='grc' dir='ltr'>νέοις</span> 
     </span>
    </p>
   </div>
   <div class='ocr_carea' id='block_1_54' title="bbox 2231 986 3790 1062">
    <p class='ocr_par' dir='ltr' id='par_1_54' title="bbox 2231 986 3790 1062">
     <span class='ocr_line' id='line_1_54' title="bbox 2231 986 3790 1062; baseline 0.003 -24"><span class='ocrx_word' id='word_1_366' title='bbox 2231 986 2514 1056; x_wconf 80' lang='grc' dir='ltr'><strong>πρέποντα</strong></span> <span class='ocrx_word' id='word_1_367' title='bbox 2562 989 2703 1057; x_wconf 79' lang='grc' dir='ltr'>μετὰ</span> <span class='ocrx_word' id='word_1_368' title='bbox 2732 988 2840 1042; x_wconf 83' lang='grc' dir='ltr'>τῶν</span> <span class='ocrx_word' id='word_1_369' title='bbox 2884 989 3092 1059; x_wconf 78' lang='grc' dir='ltr'><strong>ἡλίκων</strong></span> <span class='ocrx_word' id='word_1_370' title='bbox 3122 990 3257 1062; x_wconf 81' lang='grc' dir='ltr'>δρᾷν</span> <span class='ocrx_word' id='word_1_371' title='bbox 3290 991 3349 1041; x_wconf 83' lang='grc' dir='ltr'>ὲν</span> <span class='ocrx_word' id='word_1_372' title='bbox 3384 990 3567 1044; x_wconf 87' lang='grc' dir='ltr'>ὃπλων</span> <span class='ocrx_word' id='word_1_373' title='bbox 3601 1007 3790 1059; x_wconf 83' lang='grc' dir='ltr'>γυμνα-</span> 
     </span>
    </p>
   </div>
   <div class='ocr_carea' id='block_1_55' title="bbox 2231 1079 3789 1152">
    <p class='ocr_par' dir='ltr' id='par_1_55' title="bbox 2231 1079 3789 1152">
     <span class='ocr_line' id='line_1_55' title="bbox 2231 1079 3789 1152; baseline 0.003 -22"><span class='ocrx_word' id='word_1_374' title='bbox 2231 1079 2391 1145; x_wconf 91' lang='grc' dir='ltr'>σίοις,</span> <span class='ocrx_word' id='word_1_375' title='bbox 2423 1081 2482 1133; x_wconf 78' lang='grc' dir='ltr'><strong>ἐν</strong></span> <span class='ocrx_word' id='word_1_376' title='bbox 2524 1079 2741 1151; x_wconf 84' lang='grc' dir='ltr'>θήραις,</span> <span class='ocrx_word' id='word_1_377' title='bbox 2783 1083 2838 1134; x_wconf 84' lang='grc' dir='ltr'><strong>ἐν</strong></span> <span class='ocrx_word' id='word_1_378' title='bbox 2874 1081 3050 1149; x_wconf 81' lang='grc' dir='ltr'>ἀγῶσι</span> <span class='ocrx_word' id='word_1_379' title='bbox 3091 1081 3394 1152; x_wconf 82' lang='grc' dir='ltr'><strong>χορηγοῦσι</strong></span> <span class='ocrx_word' id='word_1_380' title='bbox 3427 1084 3541 1144; x_wconf 77' lang='grc' dir='ltr'>τοῖς</span> <span class='ocrx_word' id='word_1_381' title='bbox 3584 1082 3789 1135; x_wconf 80' lang='grc' dir='ltr'><strong>ἀσκοῦσι</strong></span> 
     </span>
    </p>
   </div>
   <div class='ocr_carea' id='block_1_56' title="bbox 2231 1171 3794 1244">
    <p class='ocr_par' dir='ltr' id='par_1_56' title="bbox 2231 1171 3794 1244">
     <span class='ocr_line' id='line_1_56' title="bbox 2231 1171 3794 1244; baseline 0 -20"><span class='ocrx_word' id='word_1_382' title='bbox 2231 1171 2449 1241; x_wconf 85' lang='grc' dir='ltr'>σώμασι</span> <span class='ocrx_word' id='word_1_383' title='bbox 2483 1171 2678 1243; x_wconf 79' lang='grc' dir='ltr'>ῥώμην</span> <span class='ocrx_word' id='word_1_384' title='bbox 2718 1174 2811 1226; x_wconf 78' lang='grc' dir='ltr'><strong>καὶ</strong></span> <span class='ocrx_word' id='word_1_385' title='bbox 2845 1174 3080 1240; x_wconf 79' lang='grc' dir='ltr'>ὑγίειαν,</span> <span class='ocrx_word' id='word_1_386' title='bbox 3108 1174 3288 1227; x_wconf 76' lang='grc' dir='ltr'>καὶτὸ</span> <span class='ocrx_word' id='word_1_387' title='bbox 3320 1175 3469 1242; x_wconf 86' lang='grc' dir='ltr'><strong>μετά</strong></span> <span class='ocrx_word' id='word_1_388' title='bbox 3504 1173 3657 1243; x_wconf 81' lang='grc' dir='ltr'>δόξης</span> <span class='ocrx_word' id='word_1_389' title='bbox 3681 1172 3794 1244; x_wconf 77' lang='grc' dir='ltr'><strong>βιῶ-</strong></span> 
     </span>
    </p>
   </div>
   <div class='ocr_carea' id='block_1_57' title="bbox 2229 1264 3791 1338">
    <p class='ocr_par' dir='ltr' id='par_1_57' title="bbox 2229 1264 3791 1338">
     <span class='ocr_line' id='line_1_57' title="bbox 2229 1264 3791 1338; baseline 0.001 -22"><span class='ocrx_word' id='word_1_390' title='bbox 2229 1281 2341 1318; x_wconf 93' lang='grc' dir='ltr'>ναι.</span> <span class='ocrx_word' id='word_1_391' title='bbox 2385 1264 2566 1318; x_wconf 80' lang='grc' dir='ltr'>Ταῦτα</span> <span class='ocrx_word' id='word_1_392' title='bbox 2610 1268 2706 1319; x_wconf 84' lang='grc' dir='ltr'><strong>καὶ</strong></span> <span class='ocrx_word' id='word_1_393' title='bbox 2739 1269 2807 1319; x_wconf 84' lang='grc' dir='ltr'><strong>τά</strong></span> <span class='ocrx_word' id='word_1_394' title='bbox 2838 1267 3064 1320; x_wconf 80' lang='grc' dir='ltr'>τοιαῦτα</span> <span class='ocrx_word' id='word_1_395' title='bbox 3119 1268 3515 1338; x_wconf 80' lang='grc' dir='ltr'><strong>ὀνειροπολῶν,</strong></span> <span class='ocrx_word' id='word_1_396' title='bbox 3553 1266 3791 1337; x_wconf 55' lang='grc' dir='ltr'>ἔχαιρον</span> 
     </span>
    </p>
   </div>
   <div class='ocr_carea' id='block_1_58' title="bbox 2229 1356 3797 1431">
    <p class='ocr_par' dir='ltr' id='par_1_58' title="bbox 2229 1356 3797 1431">
     <span class='ocr_line' id='line_1_58' title="bbox 2229 1356 3797 1431; baseline 0.001 -22"><span class='ocrx_word' id='word_1_397' title='bbox 2229 1358 2320 1409; x_wconf 71' lang='grc' dir='ltr'>καὶ</span> <span class='ocrx_word' id='word_1_398' title='bbox 2351 1356 2513 1427; x_wconf 79' lang='grc' dir='ltr'>ᾤμην</span> <span class='ocrx_word' id='word_1_399' title='bbox 2534 1360 2753 1429; x_wconf 82' lang='grc' dir='ltr'><strong>βλέπειν</strong></span> <span class='ocrx_word' id='word_1_400' title='bbox 2784 1360 2945 1414; x_wconf 81' lang='grc' dir='ltr'>αὐτὸν</span> <span class='ocrx_word' id='word_1_401' title='bbox 2978 1358 3115 1415; x_wconf 84' lang='grc' dir='ltr'>ἆθλά</span> <span class='ocrx_word' id='word_1_402' title='bbox 3139 1378 3199 1414; x_wconf 85' lang='grc' dir='ltr'><strong>τε</strong></span> <span class='ocrx_word' id='word_1_403' title='bbox 3230 1361 3545 1431; x_wconf 82' lang='grc' dir='ltr'><strong>δεχόμενον,</strong></span> <span class='ocrx_word' id='word_1_404' title='bbox 3597 1361 3687 1413; x_wconf 81' lang='grc' dir='ltr'><strong>καὶ</strong></span> <span class='ocrx_word' id='word_1_405' title='bbox 3714 1377 3797 1411; x_wconf 82' lang='grc' dir='ltr'>κε-</span> 
     </span>
    </p>
   </div>
   <div class='ocr_carea' id='block_1_59' title="bbox 2230 1452 3787 1527">
    <p class='ocr_par' dir='ltr' id='par_1_59' title="bbox 2230 1452 3787 1527">
     <span class='ocr_line' id='line_1_59' title="bbox 2230 1452 3787 1527; baseline 0.002 -24"><span class='ocrx_word' id='word_1_406' title='bbox 2230 1452 2405 1521; x_wconf 80' lang='grc' dir='ltr'>φαλὴν</span> <span class='ocrx_word' id='word_1_407' title='bbox 2433 1453 2893 1525; x_wconf 79' lang='grc' dir='ltr'>στεφανούμενον,</span> <span class='ocrx_word' id='word_1_408' title='bbox 2939 1456 3033 1509; x_wconf 75' lang='grc' dir='ltr'>καὶ</span> <span class='ocrx_word' id='word_1_409' title='bbox 3084 1456 3317 1526; x_wconf 81' lang='grc' dir='ltr'>νικητὴν</span> <span class='ocrx_word' id='word_1_410' title='bbox 3374 1455 3787 1527; x_wconf 83' lang='grc' dir='ltr'>κηρυττόμενον·</span> 
     </span>
    </p>
   </div>
   <div class='ocr_carea' id='block_1_60' title="bbox 2232 1544 3794 1620">
    <p class='ocr_par' dir='ltr' id='par_1_60' title="bbox 2232 1544 3794 1620">
     <span class='ocr_line' id='line_1_60' title="bbox 2232 1544 3794 1620; baseline 0 -24"><span class='ocrx_word' id='word_1_411' title='bbox 2232 1545 2356 1597; x_wconf 73' lang='grc' dir='ltr'>ἐπεὶ</span> <span class='ocrx_word' id='word_1_412' title='bbox 2409 1546 2543 1599; x_wconf 74' lang='grc' dir='ltr'>πολὺ</span> <span class='ocrx_word' id='word_1_413' title='bbox 2590 1546 2650 1600; x_wconf 85' lang='grc' dir='ltr'>τὸ</span> <span class='ocrx_word' id='word_1_414' title='bbox 2704 1549 3130 1619; x_wconf 81' lang='grc' dir='ltr'><strong>συγκεχωρηκὸς</strong></span> <span class='ocrx_word' id='word_1_415' title='bbox 3188 1544 3257 1620; x_wconf 82' lang='grc' dir='ltr'>ἦν</span> <span class='ocrx_word' id='word_1_416' title='bbox 3309 1548 3467 1618; x_wconf 82' lang='grc' dir='ltr'>αὐτῷ</span> <span class='ocrx_word' id='word_1_417' title='bbox 3517 1547 3664 1616; x_wconf 75' lang='grc' dir='ltr'>παρὰ</span> <span class='ocrx_word' id='word_1_418' title='bbox 3700 1547 3794 1599; x_wconf 85' lang='grc' dir='ltr'>τῶν</span> 
     </span>
    </p>
   </div>
   <div class='ocr_carea' id='block_1_61' title="bbox 2228 1634 3798 1711">
    <p class='ocr_par' dir='ltr' id='par_1_61' title="bbox 2228 1634 3798 1711">
     <span class='ocr_line' id='line_1_61' title="bbox 2228 1634 3798 1711; baseline 0.002 -23"><span class='ocrx_word' id='word_1_419' title='bbox 2228 1634 2486 1690; x_wconf 77' lang='grc' dir='ltr'>ἁπάντων</span> <span class='ocrx_word' id='word_1_420' title='bbox 2518 1640 2575 1692; x_wconf 90' lang='grc' dir='ltr'><strong>ἐν</strong></span> <span class='ocrx_word' id='word_1_421' title='bbox 2610 1642 2720 1703; x_wconf 88' lang='grc' dir='ltr'>τοῖς</span> <span class='ocrx_word' id='word_1_422' title='bbox 2769 1643 3057 1704; x_wconf 77' lang='grc' dir='ltr'>τοιούτοις.</span> <span class='ocrx_word' id='word_1_423' title='bbox 3112 1641 3185 1693; x_wconf 78' lang='grc' dir='ltr'><strong>Τὸ</strong></span> <span class='ocrx_word' id='word_1_424' title='bbox 3215 1640 3324 1711; x_wconf 89' lang='grc' dir='ltr'><strong>γάρ</strong></span> <span class='ocrx_word' id='word_1_425' title='bbox 3364 1642 3424 1693; x_wconf 87' lang='grc' dir='ltr'><strong>ἐν</strong></span> <span class='ocrx_word' id='word_1_426' title='bbox 3474 1640 3646 1693; x_wconf 73' lang='grc' dir='ltr'>ἅπασι</span> <span class='ocrx_word' id='word_1_427' title='bbox 3676 1654 3798 1705; x_wconf 86' lang='grc' dir='ltr'>κρα-</span> 
     </span>
    </p>
   </div>
   <div class='ocr_carea' id='block_1_62' title="bbox 2228 1724 3791 1799">
    <p class='ocr_par' dir='ltr' id='par_1_62' title="bbox 2228 1724 3791 1799">
     <span class='ocr_line' id='line_1_62' title="bbox 2228 1724 3791 1799; baseline -0.008 -7"><span class='ocrx_word' id='word_1_428' title='bbox 2228 1728 2362 1791; x_wconf 79' lang='grc' dir='ltr'>τεῖν.</span> <span class='ocrx_word' id='word_1_429' title='bbox 2393 1729 2450 1795; x_wconf 75' lang='grc' dir='ltr'><strong>ἐξ</strong></span> <span class='ocrx_word' id='word_1_430' title='bbox 2477 1724 2552 1783; x_wconf 85' lang='grc' dir='ltr'>ὧν</span> <span class='ocrx_word' id='word_1_431' title='bbox 2582 1732 2992 1799; x_wconf 83' lang='grc' dir='ltr'>στεφανώσεταί</span> <span class='ocrx_word' id='word_1_432' title='bbox 3023 1750 3108 1795; x_wconf 90' lang='grc' dir='ltr'><strong>τις</strong></span> <span class='ocrx_word' id='word_1_433' title='bbox 3144 1732 3345 1795; x_wconf 84' lang='grc' dir='ltr'>ἀθλῶν,</span> <span class='ocrx_word' id='word_1_434' title='bbox 3380 1732 3545 1785; x_wconf 81' lang='grc' dir='ltr'>τοῦτο</span> <span class='ocrx_word' id='word_1_435' title='bbox 3580 1731 3634 1783; x_wconf 79' lang='grc' dir='ltr'>δέ</span> <span class='ocrx_word' id='word_1_436' title='bbox 3661 1732 3705 1781; x_wconf 82' lang='grc' dir='ltr'>οἱ</span> <span class='ocrx_word' id='word_1_437' title='bbox 3735 1730 3791 1781; x_wconf 84' lang='grc' dir='ltr'><strong>ἐκ</strong></span> 
     </span>
    </p>
   </div>
   <div class='ocr_carea' id='block_1_63' title="bbox 2233 1819 3793 1893">
    <p class='ocr_par' dir='ltr' id='par_1_63' title="bbox 2233 1819 3793 1893">
     <span class='ocr_line' id='line_1_63' title="bbox 2233 1819 3793 1893; baseline -0.003 -22"><span class='ocrx_word' id='word_1_438' title='bbox 2233 1820 2421 1882; x_wconf 81' lang='grc' dir='ltr'>παιδὸς</span> <span class='ocrx_word' id='word_1_439' title='bbox 2448 1821 2691 1886; x_wconf 77' lang='grc' dir='ltr'>ὡσπερεὶ</span> <span class='ocrx_word' id='word_1_440' title='bbox 2717 1824 3015 1893; x_wconf 85' lang='grc' dir='ltr'>συνεκεκλή</span> <span class='ocrx_word' id='word_1_441' title='bbox 3028 1841 3187 1892; x_wconf 87' lang='grc' dir='ltr'>ρωτο,</span> <span class='ocrx_word' id='word_1_442' title='bbox 3222 1825 3316 1876; x_wconf 69' lang='grc' dir='ltr'>καὶ</span> <span class='ocrx_word' id='word_1_443' title='bbox 3349 1819 3698 1875; x_wconf 80' lang='grc' dir='ltr'>συνεπεδίδου</span> <span class='ocrx_word' id='word_1_444' title='bbox 3725 1819 3793 1885; x_wconf 82' lang='grc' dir='ltr'>τῷ</span> 
     </span>
    </p>
   </div>
   <div class='ocr_carea' id='block_1_64' title="bbox 2237 1908 3795 1984">
    <p class='ocr_par' dir='ltr' id='par_1_64' title="bbox 2237 1908 3795 1984">
     <span class='ocr_line' id='line_1_64' title="bbox 2237 1908 3795 1984; baseline -0.001 -22"><span class='ocrx_word' id='word_1_445' title='bbox 2237 1916 2473 1979; x_wconf 81' lang='grc' dir='ltr'>σώματι,</span> <span class='ocrx_word' id='word_1_446' title='bbox 2500 1913 2637 1982; x_wconf 82' lang='grc' dir='ltr'>πρὸς</span> <span class='ocrx_word' id='word_1_447' title='bbox 2665 1914 2984 1981; x_wconf 81' lang='grc' dir='ltr'><strong>τελειότητα</strong></span> <span class='ocrx_word' id='word_1_448' title='bbox 3008 1915 3099 1966; x_wconf 73' lang='grc' dir='ltr'><strong>καί</strong></span> <span class='ocrx_word' id='word_1_449' title='bbox 3133 1914 3329 1984; x_wconf 76' lang='grc' dir='ltr'>ῥώμην</span> <span class='ocrx_word' id='word_1_450' title='bbox 3364 1912 3611 1977; x_wconf 76' lang='grc' dir='ltr'>αὗξοντι.</span> <span class='ocrx_word' id='word_1_451' title='bbox 3641 1908 3795 1962; x_wconf 70' lang='grc' dir='ltr'>Ταυτὶ</span> 
     </span>
    </p>
   </div>
   <div class='ocr_carea' id='block_1_65' title="bbox 2234 2001 3795 2073">
    <p class='ocr_par' dir='ltr' id='par_1_65' title="bbox 2234 2001 3795 2073">
     <span class='ocr_line' id='line_1_65' title="bbox 2234 2001 3795 2073; baseline -0.003 -18"><span class='ocrx_word' id='word_1_452' title='bbox 2234 2002 2339 2071; x_wconf 86' lang='grc' dir='ltr'>μὲν</span> <span class='ocrx_word' id='word_1_453' title='bbox 2363 2001 2456 2055; x_wconf 84' lang='grc' dir='ltr'>οὖν</span> <span class='ocrx_word' id='word_1_454' title='bbox 2488 2004 2555 2057; x_wconf 74' lang='grc' dir='ltr'>τὰ</span> <span class='ocrx_word' id='word_1_455' title='bbox 2592 2004 2902 2071; x_wconf 71' lang='grc' dir='ltr'>εὐφραίνειν</span> <span class='ocrx_word' id='word_1_456' title='bbox 2930 2005 3203 2073; x_wconf 85' lang='grc' dir='ltr'>δυνάμενα</span> <span class='ocrx_word' id='word_1_457' title='bbox 3227 2001 3658 2071; x_wconf 75' lang='grc' dir='ltr'>ἐνθυμούμενος,</span> <span class='ocrx_word' id='word_1_458' title='bbox 3686 2001 3795 2051; x_wconf 88' lang='grc' dir='ltr'>ἐπε-</span> 
     </span>
    </p>
   </div>
   <div class='ocr_carea' id='block_1_66' title="bbox 2228 2090 3792 2166">
    <p class='ocr_par' dir='ltr' id='par_1_66' title="bbox 2228 2090 3792 2166">
     <span class='ocr_line' id='line_1_66' title="bbox 2228 2090 3792 2166; baseline -0.004 -19"><span class='ocrx_word' id='word_1_459' title='bbox 2228 2094 2575 2166; x_wconf 83' lang='grc' dir='ltr'>λανθανόμην</span> <span class='ocrx_word' id='word_1_460' title='bbox 2599 2096 2674 2159; x_wconf 83' lang='grc' dir='ltr'>ὡς</span> <span class='ocrx_word' id='word_1_461' title='bbox 2688 2090 2801 2149; x_wconf 75' lang='grc' dir='ltr'>οἷόν</span> <span class='ocrx_word' id='word_1_462' title='bbox 2816 2114 2874 2149; x_wconf 89' lang='grc' dir='ltr'><strong>τε</strong></span> <span class='ocrx_word' id='word_1_463' title='bbox 2898 2097 3005 2149; x_wconf 76' lang='grc' dir='ltr'>τῶν</span> <span class='ocrx_word' id='word_1_464' title='bbox 3027 2096 3267 2166; x_wconf 81' lang='grc' dir='ltr'>ἀνιαρῶν</span> <span class='ocrx_word' id='word_1_465' title='bbox 3288 2113 3304 2129; x_wconf 78' lang='grc' dir='ltr'><strong>ο</strong></span> <span class='ocrx_word' id='word_1_466' title='bbox 3334 2094 3535 2164; x_wconf 78' lang='grc' dir='ltr'>ἐκείνῳ</span> <span class='ocrx_word' id='word_1_467' title='bbox 3558 2092 3613 2145; x_wconf 81' lang='grc' dir='ltr'><strong>δέ</strong></span> <span class='ocrx_word' id='word_1_468' title='bbox 3634 2090 3792 2146; x_wconf 78' lang='grc' dir='ltr'>καίειν</span> 
     </span>
    </p>
   </div>
   <div class='ocr_carea' id='block_1_67' title="bbox 2229 2183 3355 2257">
    <p class='ocr_par' dir='ltr' id='par_1_67' title="bbox 2229 2183 3355 2257">
     <span class='ocr_line' id='line_1_67' title="bbox 2229 2183 3355 2257; baseline 0.008 -24"><span class='ocrx_word' id='word_1_469' title='bbox 2229 2184 2409 2254; x_wconf 74' lang='grc' dir='ltr'>ἐπῄει,</span> <span class='ocrx_word' id='word_1_470' title='bbox 2446 2183 2545 2254; x_wconf 83' lang='grc' dir='ltr'>τὴν</span> <span class='ocrx_word' id='word_1_471' title='bbox 2578 2185 2715 2255; x_wconf 79' lang='grc' dir='ltr'>ἐμὴν</span> <span class='ocrx_word' id='word_1_472' title='bbox 2747 2186 2807 2239; x_wconf 81' lang='grc' dir='ltr'>οὐ</span> <span class='ocrx_word' id='word_1_473' title='bbox 2836 2187 3055 2257; x_wconf 80' lang='grc' dir='ltr'>φέροντι</span> <span class='ocrx_word' id='word_1_474' title='bbox 3091 2186 3355 2256; x_wconf 81' lang='grc' dir='ltr'>μόνωσιν.</span> 
     </span>
    </p>
   </div>
   <div class='ocr_carea' id='block_1_68' title="bbox 2299 2362 3787 2439">
    <p class='ocr_par' dir='ltr' id='par_1_68' title="bbox 2299 2362 3787 2439">
     <span class='ocr_line' id='line_1_68' title="bbox 2299 2362 3787 2439; baseline 0.001 -22"><span class='ocrx_word' id='word_1_475' title='bbox 2299 2366 2373 2417; x_wconf 82' lang='grc' dir='ltr'><strong>Οὐ</strong></span> <span class='ocrx_word' id='word_1_476' title='bbox 2409 2365 2514 2435; x_wconf 75' lang='grc' dir='ltr'>μὴν</span> <span class='ocrx_word' id='word_1_477' title='bbox 2547 2366 2684 2420; x_wconf 86' lang='grc' dir='ltr'><strong>ἀλλά</strong></span> <span class='ocrx_word' id='word_1_478' title='bbox 2714 2369 2934 2421; x_wconf 66' lang='grc' dir='ltr'>κακεῖνο</span> <span class='ocrx_word' id='word_1_479' title='bbox 2966 2367 3112 2422; x_wconf 80' lang='grc' dir='ltr'>τόνδε</span> <span class='ocrx_word' id='word_1_480' title='bbox 3154 2368 3507 2439; x_wconf 79' lang='grc' dir='ltr'>προσῆγχεν·</span> <span class='ocrx_word' id='word_1_481' title='bbox 3552 2362 3670 2418; x_wconf 75' lang='grc' dir='ltr'>οὔτε</span> <span class='ocrx_word' id='word_1_482' title='bbox 3696 2363 3787 2431; x_wconf 71' lang='grc' dir='ltr'>γᾶρ</span> 
     </span>
    </p>
   </div>
   <div class='ocr_carea' id='block_1_69' title="bbox 2225 2454 3787 2532">
    <p class='ocr_par' dir='ltr' id='par_1_69' title="bbox 2225 2454 3787 2532">
     <span class='ocr_line' id='line_1_69' title="bbox 2225 2454 3787 2532; baseline 0.011 -22"><span class='ocrx_word' id='word_1_483' title='bbox 2225 2459 2345 2511; x_wconf 82' lang='grc' dir='ltr'>ἐνὸν</span> <span class='ocrx_word' id='word_1_484' title='bbox 2369 2455 2435 2529; x_wconf 75' lang='grc' dir='ltr'>ἦν</span> <span class='ocrx_word' id='word_1_485' title='bbox 2470 2460 2640 2530; x_wconf 82' lang='grc' dir='ltr'>αὐτῷ,</span> <span class='ocrx_word' id='word_1_486' title='bbox 2673 2461 3101 2532; x_wconf 82' lang='grc' dir='ltr'>ὲντεθραμμένῳ</span> <span class='ocrx_word' id='word_1_487' title='bbox 3136 2460 3211 2530; x_wconf 84' lang='grc' dir='ltr'>τῷ</span> <span class='ocrx_word' id='word_1_488' title='bbox 3253 2462 3393 2530; x_wconf 61' lang='grc' dir='ltr'>πρὸς</span> <span class='ocrx_word' id='word_1_489' title='bbox 3428 2460 3519 2512; x_wconf 58' lang='grc' dir='ltr'><strong>τὸν</strong></span> <span class='ocrx_word' id='word_1_490' title='bbox 3549 2458 3678 2513; x_wconf 74' lang='grc' dir='ltr'>θεδν</span> <span class='ocrx_word' id='word_1_491' title='bbox 3709 2454 3787 2523; x_wconf 63' lang='grc' dir='ltr'><strong>φ⁶⁹</strong></span> 
     </span>
    </p>
   </div>
   <div class='ocr_carea' id='block_1_70' title="bbox 2224 2548 3782 2622">
    <p class='ocr_par' dir='ltr' id='par_1_70' title="bbox 2224 2548 3782 2622">
     <span class='ocr_line' id='line_1_70' title="bbox 2224 2548 3782 2622; baseline -0.003 -19"><span class='ocrx_word' id='word_1_492' title='bbox 2224 2550 2323 2621; x_wconf 74' lang='grc' dir='ltr'><strong>σῳ,</strong></span> <span class='ocrx_word' id='word_1_493' title='bbox 2376 2551 2684 2622; x_wconf 81' lang='grc' dir='ltr'>ὑπεριδόντι</span> <span class='ocrx_word' id='word_1_494' title='bbox 2732 2554 2860 2616; x_wconf 78' lang='grc' dir='ltr'>τοὺς</span> <span class='ocrx_word' id='word_1_495' title='bbox 2894 2552 3113 2621; x_wconf 84' lang='grc' dir='ltr'>ὅρκους,</span> <span class='ocrx_word' id='word_1_496' title='bbox 3169 2553 3313 2621; x_wconf 83' lang='grc' dir='ltr'><strong>μετά</strong></span> <span class='ocrx_word' id='word_1_497' title='bbox 3361 2552 3518 2604; x_wconf 85' lang='grc' dir='ltr'>δόλου</span> <span class='ocrx_word' id='word_1_498' title='bbox 3566 2548 3782 2619; x_wconf 64' lang='grc' dir='ltr'>βοηθεῖ).</span> 
     </span>
    </p>
   </div>
   <div class='ocr_carea' id='block_1_71' title="bbox 2225 2636 3784 2715">
    <p class='ocr_par' dir='ltr' id='par_1_71' title="bbox 2225 2636 3784 2715">
     <span class='ocr_line' id='line_1_71' title="bbox 2225 2636 3784 2715; baseline -0.004 -20"><span class='ocrx_word' id='word_1_499' title='bbox 2225 2643 2431 2710; x_wconf 85' lang='grc' dir='ltr'>Πόθεν;</span> <span class='ocrx_word' id='word_1_500' title='bbox 2471 2636 2516 2711; x_wconf 80' lang='grc' dir='ltr'><strong>ᾧ</strong></span> <span class='ocrx_word' id='word_1_501' title='bbox 2546 2645 2715 2714; x_wconf 79' lang='grc' dir='ltr'>μηδὲν</span> <span class='ocrx_word' id='word_1_502' title='bbox 2750 2645 3029 2714; x_wconf 74' lang='grc' dir='ltr'>ἀπατηλὸν</span> <span class='ocrx_word' id='word_1_503' title='bbox 3056 2644 3188 2715; x_wconf 79' lang='grc' dir='ltr'>μηδὲ</span> <span class='ocrx_word' id='word_1_504' title='bbox 3237 2643 3663 2712; x_wconf 79' lang='grc' dir='ltr'>παλινάγρετον,</span> <span class='ocrx_word' id='word_1_505' title='bbox 3689 2641 3714 2692; x_wconf 83' lang='grc' dir='ltr'>ὁ</span> <span class='ocrx_word' id='word_1_506' title='bbox 3739 2655 3784 2689; x_wconf 87' lang='grc' dir='ltr'><strong>τι</strong></span> 
     </span>
    </p>
   </div>
   <div class='ocr_carea' id='block_1_72' title="bbox 2222 2734 3778 2808">
    <p class='ocr_par' dir='ltr' id='par_1_72' title="bbox 2222 2734 3778 2808">
     <span class='ocr_line' id='line_1_72' title="bbox 2222 2734 3778 2808; baseline 0.003 -21"><span class='ocrx_word' id='word_1_507' title='bbox 2222 2737 2325 2788; x_wconf 70' lang='grc' dir='ltr'>κᾶν</span> <span class='ocrx_word' id='word_1_508' title='bbox 2355 2736 2567 2808; x_wconf 80' lang='grc' dir='ltr'>κεφαλῇ</span> <span class='ocrx_word' id='word_1_509' title='bbox 2618 2737 2911 2791; x_wconf 83' lang='grc' dir='ltr'>κατένευσε</span> <span class='ocrx_word' id='word_1_510' title='bbox 2939 2754 2950 2765; x_wconf 87' lang='grc'><strong>·</strong></span> <span class='ocrx_word' id='word_1_511' title='bbox 2979 2738 3071 2791; x_wconf 65' lang='grc' dir='ltr'><strong>καλ⁵</strong></span> <span class='ocrx_word' id='word_1_512' title='bbox 3100 2736 3159 2789; x_wconf 86' lang='grc' dir='ltr'><strong>τδ</strong></span> <span class='ocrx_word' id='word_1_513' title='bbox 3187 2737 3324 2799; x_wconf 85' lang='grc' dir='ltr'>ὅλως</span> <span class='ocrx_word' id='word_1_514' title='bbox 3355 2736 3586 2806; x_wconf 84' lang='grc' dir='ltr'>ἀμελεῖν</span> <span class='ocrx_word' id='word_1_515' title='bbox 3626 2734 3778 2798; x_wconf 75' lang='grc' dir='ltr'>δόξαι.</span> 
     </span>
    </p>
   </div>
   <div class='ocr_carea' id='block_1_73' title="bbox 2219 2819 3778 2900">
    <p class='ocr_par' dir='ltr' id='par_1_73' title="bbox 2219 2819 3778 2900">
     <span class='ocr_line' id='line_1_73' title="bbox 2219 2819 3778 2900; baseline -0.003 -21"><span class='ocrx_word' id='word_1_516' title='bbox 2219 2819 2292 2879; x_wconf 82' lang='grc' dir='ltr'>ὧν</span> <span class='ocrx_word' id='word_1_517' title='bbox 2320 2828 2413 2880; x_wconf 77' lang='grc' dir='ltr'><strong>καὶ</strong></span> <span class='ocrx_word' id='word_1_518' title='bbox 2438 2829 2536 2898; x_wconf 78' lang='grc' dir='ltr'><strong>τὴν</strong></span> <span class='ocrx_word' id='word_1_519' title='bbox 2560 2828 2726 2881; x_wconf 81' lang='grc' dir='ltr'>αὐτοῦ</span> <span class='ocrx_word' id='word_1_520' title='bbox 2748 2828 2925 2900; x_wconf 73' lang='grc' dir='ltr'>ψυχὴν</span> <span class='ocrx_word' id='word_1_521' title='bbox 2955 2829 3110 2881; x_wconf 82' lang='grc' dir='ltr'>οὐδὲν</span> <span class='ocrx_word' id='word_1_522' title='bbox 3140 2823 3242 2899; x_wconf 70' lang='grc' dir='ltr'>ἦγε</span> <span class='ocrx_word' id='word_1_523' title='bbox 3278 2827 3503 2898; x_wconf 80' lang='grc' dir='ltr'>βελτίω,</span> <span class='ocrx_word' id='word_1_524' title='bbox 3530 2826 3778 2896; x_wconf 77' lang='grc' dir='ltr'>οὔμενουν</span> 
     </span>
    </p>
   </div>
   <div class='ocr_carea' id='block_1_74' title="bbox 2220 2916 3779 3001">
    <p class='ocr_par' dir='ltr' id='par_1_74' title="bbox 2220 2916 3779 3001">
     <span class='ocr_line' id='line_1_74' title="bbox 2220 2916 3779 3001; baseline -0.002 -29"><span class='ocrx_word' id='word_1_525' title='bbox 2220 2922 2404 2989; x_wconf 79' lang='grc' dir='ltr'>ἡγεῖτο</span> <span class='ocrx_word' id='word_1_526' title='bbox 2457 2921 2695 2992; x_wconf 80' lang='grc' dir='ltr'>φορητὸν</span> <span class='ocrx_word' id='word_1_527' title='bbox 2750 2922 3106 3001; x_wconf 44' lang='grc' dir='ltr'>τόπαράπαν</span> <span class='ocrx_word' id='word_1_528' title='bbox 3132 2937 3146 2949; x_wconf 65' lang='grc' dir='ltr'><strong>ν</strong></span> <span class='ocrx_word' id='word_1_529' title='bbox 3193 2916 3260 2992; x_wconf 75' lang='grc' dir='ltr'>ἦν</span> <span class='ocrx_word' id='word_1_530' title='bbox 3290 2922 3403 2992; x_wconf 81' lang='grc' dir='ltr'>γὰρ</span> <span class='ocrx_word' id='word_1_531' title='bbox 3436 2919 3688 2975; x_wconf 80' lang='grc' dir='ltr'>τοσοῦτον</span> <span class='ocrx_word' id='word_1_532' title='bbox 3728 2916 3779 2966; x_wconf 69' lang='grc' dir='ltr'><strong>ἐι</strong></span> 
     </span>
    </p>
   </div>
   <div class='ocr_carea' id='block_1_75' title="bbox 2217 3006 3778 3081">
    <p class='ocr_par' dir='ltr' id='par_1_75' title="bbox 2217 3006 3778 3081">
     <span class='ocr_line' id='line_1_75' title="bbox 2217 3006 3778 3081; baseline 0.001 -22"><span class='ocrx_word' id='word_1_533' title='bbox 2217 3008 2364 3077; x_wconf 78' lang='grc' dir='ltr'>αὐτῷ</span> <span class='ocrx_word' id='word_1_534' title='bbox 2394 3008 2453 3060; x_wconf 79' lang='grc' dir='ltr'>τὸ</span> <span class='ocrx_word' id='word_1_535' title='bbox 2477 3010 2780 3081; x_wconf 83' lang='grc' dir='ltr'>φιλότιμον,</span> <span class='ocrx_word' id='word_1_536' title='bbox 2826 3011 2949 3063; x_wconf 80' lang='grc' dir='ltr'>ὅσον</span> <span class='ocrx_word' id='word_1_537' title='bbox 2996 3009 3277 3062; x_wconf 69' lang='grc' dir='ltr'>εὐλαϐεῖτο</span> <span class='ocrx_word' id='word_1_538' title='bbox 3325 3013 3421 3063; x_wconf 74' lang='grc' dir='ltr'><strong>καὶ</strong></span> <span class='ocrx_word' id='word_1_539' title='bbox 3454 3011 3582 3072; x_wconf 73' lang='grc' dir='ltr'>τοὺς</span> <span class='ocrx_word' id='word_1_540' title='bbox 3609 3009 3667 3060; x_wconf 86' lang='grc' dir='ltr'>οὐ</span> <span class='ocrx_word' id='word_1_541' title='bbox 3711 3006 3778 3056; x_wconf 76' lang='grc' dir='ltr'>δι-</span> 
     </span>
    </p>
   </div>
   <div class='ocr_carea' id='block_1_76' title="bbox 2218 3098 3778 3171">
    <p class='ocr_par' dir='ltr' id='par_1_76' title="bbox 2218 3098 3778 3171">
     <span class='ocr_line' id='line_1_76' title="bbox 2218 3098 3778 3171; baseline 0 -21"><span class='ocrx_word' id='word_1_542' title='bbox 2218 3098 2381 3152; x_wconf 83' lang='grc' dir='ltr'>καίαν</span> <span class='ocrx_word' id='word_1_543' title='bbox 2434 3100 2740 3165; x_wconf 77' lang='grc' dir='ltr'>ἐξοίσοντας</span> <span class='ocrx_word' id='word_1_544' title='bbox 2793 3102 3000 3171; x_wconf 73' lang='grc' dir='ltr'>ψῆφον.</span> <span class='ocrx_word' id='word_1_545' title='bbox 3050 3104 3333 3167; x_wconf 82' lang='grc' dir='ltr'>Ἐναντίας</span> <span class='ocrx_word' id='word_1_546' title='bbox 3385 3103 3572 3157; x_wconf 89' lang='grc' dir='ltr'>τοίνυν</span> <span class='ocrx_word' id='word_1_547' title='bbox 3628 3099 3778 3166; x_wconf 75' lang='grc' dir='ltr'>οὔσης</span> 
     </span>
    </p>
   </div>
   <div class='ocr_carea' id='block_1_77' title="bbox 2137 3192 3771 3290">
    <p class='ocr_par' dir='ltr' id='par_1_77' title="bbox 2137 3192 3771 3290">
     <span class='ocr_line' id='line_1_77' title="bbox 2137 3192 3771 3290; baseline -0.029 -3"><span class='ocrx_word' id='word_1_548' title='bbox 2137 3230 2180 3290; x_wconf 90' lang='lat' dir='ltr'>C</span> <span class='ocrx_word' id='word_1_549' title='bbox 2217 3194 2348 3261; x_wconf 57' lang='grc' dir='ltr'><strong>ἡμῖν</strong></span> <span class='ocrx_word' id='word_1_550' title='bbox 2374 3195 2474 3264; x_wconf 60' lang='grc' dir='ltr'><strong>τῆς</strong></span> <span class='ocrx_word' id='word_1_551' title='bbox 2510 3192 2805 3263; x_wconf 42' lang='lat' dir='ltr'><strong>adipem?»</strong></span> <span class='ocrx_word' id='word_1_552' title='bbox 2833 3195 2931 3264; x_wconf 63' lang='grc' dir='ltr'><strong>ὀψὲ</strong></span> <span class='ocrx_word' id='word_1_553' title='bbox 2968 3196 3060 3248; x_wconf 62' lang='grc' dir='ltr'><strong>καὶ</strong></span> <span class='ocrx_word' id='word_1_554' title='bbox 3109 3198 3269 3264; x_wconf 68' lang='grc' dir='ltr'>μόγις</span> <span class='ocrx_word' id='word_1_555' title='bbox 3299 3196 3470 3250; x_wconf 74' lang='grc' dir='ltr'>αὑτὸν</span> <span class='ocrx_word' id='word_1_556' title='bbox 3503 3195 3771 3253; x_wconf 73' lang='grc' dir='ltr'>ἀνέπεισα,</span> 
     </span>
    </p>
   </div>
   <div class='ocr_carea' id='block_1_78' title="bbox 2212 3282 3776 3356">
    <p class='ocr_par' dir='ltr' id='par_1_78' title="bbox 2212 3282 3776 3356">
     <span class='ocr_line' id='line_1_78' title="bbox 2212 3282 3776 3356; baseline -0.001 -20"><span class='ocrx_word' id='word_1_557' title='bbox 2212 3282 2282 3336; x_wconf 74' lang='grc' dir='ltr'>τὰ</span> <span class='ocrx_word' id='word_1_558' title='bbox 2308 3284 2417 3351; x_wconf 57' lang='grc' dir='ltr'>,μὲν</span> <span class='ocrx_word' id='word_1_559' title='bbox 2447 3286 2660 3349; x_wconf 84' lang='grc' dir='ltr'>δεικνὺς</span> <span class='ocrx_word' id='word_1_560' title='bbox 2690 3284 2765 3349; x_wconf 83' lang='grc' dir='ltr'>ὡς</span> <span class='ocrx_word' id='word_1_561' title='bbox 2812 3286 3022 3356; x_wconf 77' lang='grc' dir='ltr'>βέλτιον</span> <span class='ocrx_word' id='word_1_562' title='bbox 3060 3287 3125 3340; x_wconf 78' lang='grc' dir='ltr'>ἂν</span> <span class='ocrx_word' id='word_1_563' title='bbox 3165 3289 3381 3355; x_wconf 74' lang='grc' dir='ltr'>γένοιτο</span> <span class='ocrx_word' id='word_1_564' title='bbox 3420 3289 3517 3343; x_wconf 77' lang='grc' dir='ltr'>καὶ</span> <span class='ocrx_word' id='word_1_565' title='bbox 3546 3285 3666 3353; x_wconf 79' lang='grc' dir='ltr'>ἐμοὶ</span> <span class='ocrx_word' id='word_1_566' title='bbox 3694 3288 3776 3336; x_wconf 72' lang='grc' dir='ltr'><strong>καὶ</strong></span> 
     </span>
    </p>
   </div>
   <div class='ocr_carea' id='block_1_79' title="bbox 2213 3376 3774 3451">
    <p class='ocr_par' dir='ltr' id='par_1_79' title="bbox 2213 3376 3774 3451">
     <span class='ocr_line' id='line_1_79' title="bbox 2213 3376 3774 3451; baseline 0 -22"><span class='ocrx_word' id='word_1_567' title='bbox 2213 3376 2290 3447; x_wconf 79' lang='grc' dir='ltr'>τῷ</span> <span class='ocrx_word' id='word_1_568' title='bbox 2318 3380 2507 3447; x_wconf 80' lang='grc' dir='ltr'>πατρὶ,</span> <span class='ocrx_word' id='word_1_569' title='bbox 2541 3378 2639 3432; x_wconf 83' lang='grc' dir='ltr'>οὐκ</span> <span class='ocrx_word' id='word_1_570' title='bbox 2668 3380 2780 3432; x_wconf 76' lang='grc' dir='ltr'>ὄντι</span> <span class='ocrx_word' id='word_1_571' title='bbox 2812 3379 2931 3448; x_wconf 82' lang='grc' dir='ltr'>μεθ’</span> <span class='ocrx_word' id='word_1_572' title='bbox 2968 3382 3126 3450; x_wconf 70' lang='grc' dir='ltr'>ἡμῶν</span> <span class='ocrx_word' id='word_1_573' title='bbox 3169 3383 3485 3451; x_wconf 77' lang='grc' dir='ltr'>τηνικαῦτα</span> <span class='ocrx_word' id='word_1_574' title='bbox 3526 3378 3696 3440; x_wconf 76' lang='grc' dir='ltr'>εΰνεις</span> <span class='ocrx_word' id='word_1_575' title='bbox 3724 3391 3774 3425; x_wconf 75' lang='grc' dir='ltr'><strong>τε</strong></span> 
     </span>
    </p>
   </div>
   <div class='ocr_carea' id='block_1_80' title="bbox 2221 3471 3773 3543">
    <p class='ocr_par' dir='ltr' id='par_1_80' title="bbox 2221 3471 3773 3543">
     <span class='ocr_line' id='line_1_80' title="bbox 2221 3471 3773 3543; baseline 0.003 -20"><span class='ocrx_word' id='word_1_576' title='bbox 2221 3472 2315 3524; x_wconf 76' lang='grc' dir='ltr'><strong>καὶ</strong></span> <span class='ocrx_word' id='word_1_577' title='bbox 2348 3471 2673 3540; x_wconf 84' lang='grc' dir='ltr'>δυσμενέσιν</span> <span class='ocrx_word' id='word_1_578' title='bbox 2703 3472 2867 3525; x_wconf 81' lang='grc' dir='ltr'>αὑτὸν</span> <span class='ocrx_word' id='word_1_579' title='bbox 2894 3476 3151 3534; x_wconf 81' lang='grc' dir='ltr'>συνεῖναι,</span> <span class='ocrx_word' id='word_1_580' title='bbox 3187 3475 3279 3526; x_wconf 80' lang='grc' dir='ltr'><strong>καὶ</strong></span> <span class='ocrx_word' id='word_1_581' title='bbox 3317 3474 3459 3543; x_wconf 83' lang='grc' dir='ltr'>πρὸς</span> <span class='ocrx_word' id='word_1_582' title='bbox 3495 3471 3773 3540; x_wconf 75' lang='grc' dir='ltr'>ἑκατέρους</span> 
     </span>
    </p>
   </div>
   <div class='ocr_carea' id='block_1_81' title="bbox 2210 3558 3772 3635">
    <p class='ocr_par' dir='ltr' id='par_1_81' title="bbox 2210 3558 3772 3635">
     <span class='ocr_line' id='line_1_81' title="bbox 2210 3558 3772 3635; baseline 0.003 -22"><span class='ocrx_word' id='word_1_583' title='bbox 2210 3562 2638 3631; x_wconf 82' lang='grc' dir='ltr'>διαπράττεσθαι</span> <span class='ocrx_word' id='word_1_584' title='bbox 2672 3565 2739 3616; x_wconf 75' lang='grc' dir='ltr'>τὰ</span> <span class='ocrx_word' id='word_1_585' title='bbox 2790 3564 3013 3616; x_wconf 83' lang='grc' dir='ltr'>εἰκότα·</span> <span class='ocrx_word' id='word_1_586' title='bbox 3049 3564 3113 3617; x_wconf 72' lang='grc' dir='ltr'>τὰ</span> <span class='ocrx_word' id='word_1_587' title='bbox 3151 3565 3196 3616; x_wconf 81' lang='grc' dir='ltr'>δ’</span> <span class='ocrx_word' id='word_1_588' title='bbox 3245 3566 3676 3635; x_wconf 81' lang='grc' dir='ltr'>ίσχυριζόμενος.</span> <span class='ocrx_word' id='word_1_589' title='bbox 3707 3558 3772 3617; x_wconf 77' lang='grc' dir='ltr'>ὡς</span> 
     </span>
    </p>
   </div>
   <div class='ocr_carea' id='block_1_82' title="bbox 2210 3655 3773 3727">
    <p class='ocr_par' dir='ltr' id='par_1_82' title="bbox 2210 3655 3773 3727">
     <span class='ocr_line' id='line_1_82' title="bbox 2210 3655 3773 3727; baseline -0.001 -21"><span class='ocrx_word' id='word_1_590' title='bbox 2210 3655 2449 3721; x_wconf 84' lang='grc' dir='ltr'>ἐμαυτόν</span> <span class='ocrx_word' id='word_1_591' title='bbox 2483 3671 2600 3717; x_wconf 87' lang='grc' dir='ltr'><strong>πως</strong></span> <span class='ocrx_word' id='word_1_592' title='bbox 2638 3655 2969 3725; x_wconf 74' lang='grc' dir='ltr'>αἰσθάνομαι</span> <span class='ocrx_word' id='word_1_593' title='bbox 3006 3660 3408 3727; x_wconf 73' lang='grc' dir='ltr'>πειραςόμενον</span> <span class='ocrx_word' id='word_1_594' title='bbox 3434 3658 3623 3710; x_wconf 86' lang='grc' dir='ltr'>δεινῶν</span> <span class='ocrx_word' id='word_1_595' title='bbox 3651 3656 3773 3717; x_wconf 71' lang='grc' dir='ltr'>ἀνη-</span> 
     </span>
    </p>
   </div>
   <div class='ocr_carea' id='block_1_83' title="bbox 2211 3747 3773 3820">
    <p class='ocr_par' dir='ltr' id='par_1_83' title="bbox 2211 3747 3773 3820">
     <span class='ocr_line' id='line_1_83' title="bbox 2211 3747 3773 3820; baseline -0.003 -21"><span class='ocrx_word' id='word_1_596' title='bbox 2211 3748 2445 3811; x_wconf 74' lang='grc' dir='ltr'>κέστων,</span> <span class='ocrx_word' id='word_1_597' title='bbox 2479 3747 2544 3817; x_wconf 80' lang='grc' dir='ltr'>ῆν</span> <span class='ocrx_word' id='word_1_598' title='bbox 2570 3748 2873 3819; x_wconf 81' lang='grc' dir='ltr'>ἀπειθήσας</span> <span class='ocrx_word' id='word_1_599' title='bbox 2906 3750 3054 3819; x_wconf 75' lang='grc' dir='ltr'>ἐμοὶ,</span> <span class='ocrx_word' id='word_1_600' title='bbox 3090 3750 3184 3820; x_wconf 73' lang='grc' dir='ltr'>τὴν</span> <span class='ocrx_word' id='word_1_601' title='bbox 3209 3751 3421 3803; x_wconf 84' lang='grc' dir='ltr'>ἐκεῖθεν</span> <span class='ocrx_word' id='word_1_602' title='bbox 3444 3750 3624 3815; x_wconf 80' lang='grc' dir='ltr'>ἔξοδον</span> <span class='ocrx_word' id='word_1_603' title='bbox 3652 3747 3773 3799; x_wconf 88' lang='grc' dir='ltr'>ἀπο-</span> 
     </span>
    </p>
   </div>
   <div class='ocr_carea' id='block_1_84' title="bbox 2213 3834 3770 3912">
    <p class='ocr_par' dir='ltr' id='par_1_84' title="bbox 2213 3834 3770 3912">
     <span class='ocr_line' id='line_1_84' title="bbox 2213 3834 3770 3912; baseline 0 -23"><span class='ocrx_word' id='word_1_604' title='bbox 2213 3838 2479 3907; x_wconf 83' lang='grc' dir='ltr'>σείσηται.</span> <span class='ocrx_word' id='word_1_605' title='bbox 2516 3840 2704 3903; x_wconf 78' lang='grc' dir='ltr'>Οὕτως</span> <span class='ocrx_word' id='word_1_606' title='bbox 2735 3841 2941 3902; x_wconf 83' lang='grc' dir='ltr'>ἐκεῖνος</span> <span class='ocrx_word' id='word_1_607' title='bbox 2990 3843 3051 3894; x_wconf 82' lang='grc' dir='ltr'>οὐ</span> <span class='ocrx_word' id='word_1_608' title='bbox 3104 3842 3444 3912; x_wconf 84' lang='grc' dir='ltr'>κατεδέχετο,</span> <span class='ocrx_word' id='word_1_609' title='bbox 3478 3841 3599 3894; x_wconf 66' lang='grc' dir='ltr'>οὐδὲ</span> <span class='ocrx_word' id='word_1_610' title='bbox 3653 3834 3770 3904; x_wconf 75' lang='grc' dir='ltr'>γοῦν</span> 
     </span>
    </p>
   </div>
   <div class='ocr_carea' id='block_1_85' title="bbox 2207 3924 3771 4005">
    <p class='ocr_par' dir='ltr' id='par_1_85' title="bbox 2207 3924 3771 4005">
     <span class='ocr_line' id='line_1_85' title="bbox 2207 3924 3771 4005; baseline -0.004 -23"><span class='ocrx_word' id='word_1_611' title='bbox 2207 3930 2374 4000; x_wconf 62' lang='grc' dir='ltr'>ψευδῆ</span> <span class='ocrx_word' id='word_1_612' title='bbox 2408 3948 2528 3985; x_wconf 90' lang='grc' dir='ltr'>τινα</span> <span class='ocrx_word' id='word_1_613' title='bbox 2557 3932 2715 3998; x_wconf 80' lang='grc' dir='ltr'>δόξαν</span> <span class='ocrx_word' id='word_1_614' title='bbox 2746 3932 2853 3986; x_wconf 84' lang='grc' dir='ltr'>τῶν</span> <span class='ocrx_word' id='word_1_615' title='bbox 2882 3933 2943 3984; x_wconf 74' lang='grc' dir='ltr'>οὐ</span> <span class='ocrx_word' id='word_1_616' title='bbox 2983 3934 3165 3985; x_wconf 77' lang='grc' dir='ltr'>καλῶν</span> <span class='ocrx_word' id='word_1_617' title='bbox 3196 3935 3595 4005; x_wconf 74' lang='grc' dir='ltr'>προστριϐἧναι</span> <span class='ocrx_word' id='word_1_618' title='bbox 3622 3946 3635 3959; x_wconf 80' lang='grc'><strong><em>⁸</em></strong></span> <span class='ocrx_word' id='word_1_619' title='bbox 3666 3924 3771 3980; x_wconf 82' lang='grc' dir='ltr'>ἀλλ’</span> 
     </span>
    </p>
   </div>
   <div class='ocr_carea' id='block_1_86' title="bbox 2207 4023 3771 4096">
    <p class='ocr_par' dir='ltr' id='par_1_86' title="bbox 2207 4023 3771 4096">
     <span class='ocr_line' id='line_1_86' title="bbox 2207 4023 3771 4096; baseline 0.003 -20"><span class='ocrx_word' id='word_1_620' title='bbox 2207 4024 2394 4077; x_wconf 83' lang='grc' dir='ltr'>ἐδεδίει</span> <span class='ocrx_word' id='word_1_621' title='bbox 2432 4025 2528 4078; x_wconf 77' lang='grc' dir='ltr'><strong>καὶ</strong></span> <span class='ocrx_word' id='word_1_622' title='bbox 2558 4027 2750 4095; x_wconf 79' lang='grc' dir='ltr'>φήμην</span> <span class='ocrx_word' id='word_1_623' title='bbox 2774 4027 3089 4096; x_wconf 81' lang='grc' dir='ltr'>ἀπᾴδουσαν</span> <span class='ocrx_word' id='word_1_624' title='bbox 3118 4025 3217 4094; x_wconf 81' lang='grc' dir='ltr'>τῆς</span> <span class='ocrx_word' id='word_1_625' title='bbox 3251 4024 3419 4079; x_wconf 74' lang='grc' dir='ltr'>αὑτοῦ</span> <span class='ocrx_word' id='word_1_626' title='bbox 3449 4026 3543 4079; x_wconf 71' lang='grc' dir='ltr'>καὶ</span> <span class='ocrx_word' id='word_1_627' title='bbox 3569 4023 3771 4091; x_wconf 78' lang='grc' dir='ltr'>φύσεως</span> 
     </span>
    </p>
   </div>
   <div class='ocr_carea' id='block_1_87' title="bbox 2209 4112 3770 4189">
    <p class='ocr_par' dir='ltr' id='par_1_87' title="bbox 2209 4112 3770 4189">
     <span class='ocr_line' id='line_1_87' title="bbox 2209 4112 3770 4189; baseline -0.001 -20"><span class='ocrx_word' id='word_1_628' title='bbox 2209 4117 2302 4169; x_wconf 79' lang='grc' dir='ltr'>καὶ</span> <span class='ocrx_word' id='word_1_629' title='bbox 2326 4120 2553 4185; x_wconf 82' lang='grc' dir='ltr'>γνώμης</span> <span class='ocrx_word' id='word_1_630' title='bbox 2579 4112 2671 4170; x_wconf 74' lang='grc' dir='ltr'><strong>καί</strong></span> <span class='ocrx_word' id='word_1_631' title='bbox 2712 4118 2984 4179; x_wconf 78' lang='grc' dir='ltr'>παιδείας.</span> <span class='ocrx_word' id='word_1_632' title='bbox 3020 4118 3177 4171; x_wconf 73' lang='grc' dir='ltr'>Οὕτω</span> <span class='ocrx_word' id='word_1_633' title='bbox 3207 4122 3342 4187; x_wconf 73' lang='grc' dir='ltr'>πρδς</span> <span class='ocrx_word' id='word_1_634' title='bbox 3379 4120 3527 4189; x_wconf 78' lang='grc' dir='ltr'>ἡμᾶς</span> <span class='ocrx_word' id='word_1_635' title='bbox 3564 4113 3770 4176; x_wconf 48' lang='grc' dir='ltr'>ἀδελφ-</span> 
     </span>
    </p>
   </div>
   <div class='ocr_carea' id='block_1_88' title="bbox 2207 4195 3768 4277">
    <p class='ocr_par' dir='ltr' id='par_1_88' title="bbox 2207 4195 3768 4277">
     <span class='ocr_line' id='line_1_88' title="bbox 2207 4195 3768 4277; baseline -0.008 -9"><span class='ocrx_word' id='word_1_636' title='bbox 2207 4207 2316 4267; x_wconf 75' lang='grc' dir='ltr'>κῶς</span> <span class='ocrx_word' id='word_1_637' title='bbox 2359 4202 2525 4276; x_wconf 72' lang='grc' dir='ltr'>εἶχεν,</span> <span class='ocrx_word' id='word_1_638' title='bbox 2556 4206 2633 4270; x_wconf 83' lang='grc' dir='ltr'><strong>ὡς</strong></span> <span class='ocrx_word' id='word_1_639' title='bbox 2679 4206 2887 4277; x_wconf 81' lang='grc' dir='ltr'>βέλτιον</span> <span class='ocrx_word' id='word_1_640' title='bbox 2922 4208 3078 4276; x_wconf 82' lang='grc' dir='ltr'>ἄγειν</span> <span class='ocrx_word' id='word_1_641' title='bbox 3123 4208 3363 4260; x_wconf 88' lang='grc' dir='ltr'>συνεῖναί</span> <span class='ocrx_word' id='word_1_642' title='bbox 3407 4226 3499 4276; x_wconf 87' lang='grc' dir='ltr'><strong>μοι</strong></span> <span class='ocrx_word' id='word_1_643' title='bbox 3532 4205 3623 4257; x_wconf 78' lang='grc' dir='ltr'><strong>τοῦ</strong></span> <span class='ocrx_word' id='word_1_644' title='bbox 3657 4195 3768 4271; x_wconf 71' lang='grc' dir='ltr'>μεθ’</span> 
     </span>
    </p>
   </div>
   <div class='ocr_carea' id='block_1_89' title="bbox 2206 4292 3764 4369">
    <p class='ocr_par' dir='ltr' id='par_1_89' title="bbox 2206 4292 3764 4369">
     <span class='ocr_line' id='line_1_89' title="bbox 2206 4292 3764 4369; baseline 0.002 -19"><span class='ocrx_word' id='word_1_645' title='bbox 2206 4296 2408 4367; x_wconf 83' lang='grc' dir='ltr'>ἐτέρων</span> <span class='ocrx_word' id='word_1_646' title='bbox 2450 4298 2699 4368; x_wconf 81' lang='grc' dir='ltr'>τρυφᾷν·</span> <span class='ocrx_word' id='word_1_647' title='bbox 2736 4297 2831 4349; x_wconf 77' lang='grc' dir='ltr'>καὶ</span> <span class='ocrx_word' id='word_1_648' title='bbox 2880 4292 2948 4368; x_wconf 75' lang='grc' dir='ltr'>ἦν</span> <span class='ocrx_word' id='word_1_649' title='bbox 2999 4297 3150 4367; x_wconf 81' lang='grc' dir='ltr'>αὐτῷ</span> <span class='ocrx_word' id='word_1_650' title='bbox 3193 4298 3567 4369; x_wconf 78' lang='grc' dir='ltr'>δεσμωτήριον</span> <span class='ocrx_word' id='word_1_651' title='bbox 3620 4293 3764 4358; x_wconf 65' lang='grc' dir='ltr'><strong>τάφῳ</strong></span> 
     </span>
    </p>
   </div>
   <div class='ocr_carea' id='block_1_90' title="bbox 2205 4382 3765 4462">
    <p class='ocr_par' dir='ltr' id='par_1_90' title="bbox 2205 4382 3765 4462">
     <span class='ocr_line' id='line_1_90' title="bbox 2205 4382 3765 4462; baseline -0.006 -20"><span class='ocrx_word' id='word_1_652' title='bbox 2205 4390 2592 4461; x_wconf 83' lang='grc' dir='ltr'>παραπλήσιον</span> <span class='ocrx_word' id='word_1_653' title='bbox 2619 4390 2726 4443; x_wconf 84' lang='grc' dir='ltr'>τῶν</span> <span class='ocrx_word' id='word_1_654' title='bbox 2752 4389 3043 4459; x_wconf 79' lang='grc' dir='ltr'>βασιλείων</span> <span class='ocrx_word' id='word_1_655' title='bbox 3087 4390 3495 4462; x_wconf 67' lang='grc' dir='ltr'>λαμπρότερον.</span> <span class='ocrx_word' id='word_1_656' title='bbox 3529 4390 3619 4443; x_wconf 81' lang='grc' dir='ltr'><strong>καὶ</strong></span> <span class='ocrx_word' id='word_1_657' title='bbox 3648 4382 3765 4435; x_wconf 85' lang='grc' dir='ltr'>σκό-</span> 
     </span>
    </p>
   </div>
   <div class='ocr_carea' id='block_1_91' title="bbox 2208 4477 3763 4552">
    <p class='ocr_par' dir='ltr' id='par_1_91' title="bbox 2208 4477 3763 4552">
     <span class='ocr_line' id='line_1_91' title="bbox 2208 4477 3763 4552; baseline -0.003 -18"><span class='ocrx_word' id='word_1_658' title='bbox 2208 4500 2297 4545; x_wconf 83' lang='grc' dir='ltr'><strong>τος</strong></span> <span class='ocrx_word' id='word_1_659' title='bbox 2335 4481 2712 4552; x_wconf 75' lang='grc' dir='ltr'>ποθεινότερον</span> <span class='ocrx_word' id='word_1_660' title='bbox 2767 4481 2868 4550; x_wconf 84' lang='grc' dir='ltr'><strong>τῆς</strong></span> <span class='ocrx_word' id='word_1_661' title='bbox 2918 4484 3169 4545; x_wconf 74' lang='grc' dir='ltr'>ἀκτῖνοςσ</span> <span class='ocrx_word' id='word_1_662' title='bbox 3228 4484 3324 4537; x_wconf 73' lang='grc' dir='ltr'>καὶ</span> <span class='ocrx_word' id='word_1_663' title='bbox 3353 4484 3542 4543; x_wconf 83' lang='grc' dir='ltr'>ἁπλῶς</span> <span class='ocrx_word' id='word_1_664' title='bbox 3599 4477 3763 4530; x_wconf 67' lang='grc' dir='ltr'>πάντα</span> 
     </span>
    </p>
   </div>
   <div class='ocr_carea' id='block_1_92' title="bbox 518 4566 2108 4653">
    <p class='ocr_par' dir='ltr' id='par_1_92' title="bbox 518 4573 2092 4653">
     <span class='ocr_line' id='line_1_92' title="bbox 518 4573 2092 4653; baseline 0.001 -25"><span class='ocrx_word' id='word_1_665' title='bbox 518 4587 639 4629; x_wconf 74' lang='lat' dir='ltr'><strong>sent</strong></span> <span class='ocrx_word' id='word_1_666' title='bbox 668 4576 987 4637; x_wconf 88' lang='lat' dir='ltr'><strong>durissima,</strong></span> <span class='ocrx_word' id='word_1_667' title='bbox 1043 4576 1297 4630; x_wconf 88' lang='lat' dir='ltr'><strong>omnibus</strong></span> <span class='ocrx_word' id='word_1_668' title='bbox 1346 4573 1604 4643; x_wconf 87' lang='lat' dir='ltr'><strong>deinceps</strong></span> <span class='ocrx_word' id='word_1_669' title='bbox 1636 4573 2092 4653; x_wconf 30' lang='lat' dir='ltr'><strong>dulcibusaquo-</strong></span> 
     </span>
    </p>
   </div>
   <div class='ocr_carea' id='block_1_93' title="bbox 2212 4566 3764 4653">
    <p class='ocr_par' dir='ltr' id='par_1_93' title="bbox 2212 4566 3764 4649">
     <span class='ocr_line' id='line_1_93' title="bbox 2212 4566 3764 4649; baseline -0.003 -21"><span class='ocrx_word' id='word_1_670' title='bbox 2212 4572 2332 4647; x_wconf 63' lang='grc' dir='ltr'>ἡδίω</span> <span class='ocrx_word' id='word_1_671' title='bbox 2379 4573 2449 4624; x_wconf 82' lang='grc' dir='ltr'>τὰ</span> <span class='ocrx_word' id='word_1_672' title='bbox 2485 4572 2603 4643; x_wconf 78' lang='grc' dir='ltr'>μετ’</span> <span class='ocrx_word' id='word_1_673' title='bbox 2634 4572 2792 4642; x_wconf 77' lang='grc' dir='ltr'>ἐμοῦ,</span> <span class='ocrx_word' id='word_1_674' title='bbox 2838 4574 2886 4626; x_wconf 89' lang='grc' dir='ltr'><strong>εί</strong></span> <span class='ocrx_word' id='word_1_675' title='bbox 2921 4575 3013 4649; x_wconf 75' lang='grc' dir='ltr'>καὶ</span> <span class='ocrx_word' id='word_1_676' title='bbox 3065 4574 3181 4627; x_wconf 82' lang='grc' dir='ltr'>λίαν</span> <span class='ocrx_word' id='word_1_677' title='bbox 3210 4574 3493 4626; x_wconf 78' lang='grc' dir='ltr'>δεινότατα</span> <span class='ocrx_word' id='word_1_678' title='bbox 3541 4569 3627 4641; x_wconf 78' lang='grc' dir='ltr'>ἦν.</span> <span class='ocrx_word' id='word_1_679' title='bbox 3664 4566 3764 4618; x_wconf 72' lang='grc' dir='ltr'>τῶν</span> 
     </span>
    </p>
   </div>
   <div class='ocr_carea' id='block_1_94' title="bbox 518 4666 2093 4736">
    <p class='ocr_par' dir='ltr' id='par_1_94' title="bbox 518 4666 2093 4736">
     <span class='ocr_line' id='line_1_94' title="bbox 518 4666 2093 4736; baseline 0.001 -16"><span class='ocrx_word' id='word_1_680' title='bbox 518 4684 636 4721; x_wconf 91' lang='lat' dir='ltr'><strong>rum</strong></span> <span class='ocrx_word' id='word_1_681' title='bbox 672 4666 786 4736; x_wconf 88' lang='lat' dir='ltr'><strong>ipse</strong></span> <span class='ocrx_word' id='word_1_682' title='bbox 812 4682 1003 4722; x_wconf 80' lang='lat' dir='ltr'><strong>exsors</strong></span> <span class='ocrx_word' id='word_1_683' title='bbox 1045 4680 1215 4722; x_wconf 81' lang='lat' dir='ltr'><strong>erant.</strong></span> <span class='ocrx_word' id='word_1_684' title='bbox 1275 4666 1369 4721; x_wconf 87' lang='lat' dir='ltr'><strong>Sic</strong></span> <span class='ocrx_word' id='word_1_685' title='bbox 1431 4680 1556 4719; x_wconf 83' lang='lat' dir='ltr'><strong>vero</strong></span> <span class='ocrx_word' id='word_1_686' title='bbox 1612 4679 1802 4720; x_wconf 89' lang='lat' dir='ltr'><strong>rursus</strong></span> <span class='ocrx_word' id='word_1_687' title='bbox 1831 4666 1917 4731; x_wconf 88' lang='lat' dir='ltr'><strong>iis,</strong></span> <span class='ocrx_word' id='word_1_688' title='bbox 1970 4682 2093 4735; x_wconf 62' lang='lat' dir='ltr'><strong>quae</strong></span> 
     </span>
    </p>
   </div>
   <div class='ocr_carea' id='block_1_95' title="bbox 516 4757 2088 4822">
    <p class='ocr_par' dir='ltr' id='par_1_95' title="bbox 516 4757 2088 4822">
     <span class='ocr_line' id='line_1_95' title="bbox 516 4757 2088 4822; baseline 0 -11"><span class='ocrx_word' id='word_1_689' title='bbox 516 4762 629 4814; x_wconf 74' lang='lat' dir='ltr'><strong>visa</strong></span> <span class='ocrx_word' id='word_1_690' title='bbox 656 4760 786 4814; x_wconf 82' lang='lat' dir='ltr'><strong>mihi</strong></span> <span class='ocrx_word' id='word_1_691' title='bbox 818 4769 1001 4815; x_wconf 91' lang='lat' dir='ltr'><strong>essent</strong></span> <span class='ocrx_word' id='word_1_692' title='bbox 1024 4757 1449 4822; x_wconf 88' lang='lat' dir='ltr'><strong>obsequebatur,</strong></span> <span class='ocrx_word' id='word_1_693' title='bbox 1482 4767 1538 4810; x_wconf 93' lang='lat' dir='ltr'><strong>ut</strong></span> <span class='ocrx_word' id='word_1_694' title='bbox 1565 4757 1649 4811; x_wconf 87' lang='lat' dir='ltr'><strong>vel</strong></span> <span class='ocrx_word' id='word_1_695' title='bbox 1676 4764 1886 4810; x_wconf 89' lang='lat' dir='ltr'><strong>tantum</strong></span> <span class='ocrx_word' id='word_1_696' title='bbox 1910 4770 2088 4811; x_wconf 86' lang='lat' dir='ltr'><strong>annu-</strong></span> 
     </span>
    </p>
   </div>
   <div class='ocr_carea' id='block_1_96' title="bbox 512 4849 2088 4920">
    <p class='ocr_par' dir='ltr' id='par_1_96' title="bbox 512 4849 2088 4920">
     <span class='ocr_line' id='line_1_96' title="bbox 512 4849 2088 4920; baseline -0.003 -13"><span class='ocrx_word' id='word_1_697' title='bbox 512 4871 603 4907; x_wconf 81' lang='lat' dir='ltr'><strong>erc</strong></span> <span class='ocrx_word' id='word_1_698' title='bbox 634 4852 849 4908; x_wconf 83' lang='lat' dir='ltr'><strong>abunde</strong></span> <span class='ocrx_word' id='word_1_699' title='bbox 880 4861 1045 4907; x_wconf 84' lang='lat' dir='ltr'><strong>esset.</strong></span> <span class='ocrx_word' id='word_1_700' title='bbox 1076 4851 1275 4920; x_wconf 87' lang='lat' dir='ltr'><strong>Aitque</strong></span> <span class='ocrx_word' id='word_1_701' title='bbox 1322 4849 1597 4904; x_wconf 77' lang='lat' dir='ltr'><strong>facturum</strong></span> <span class='ocrx_word' id='word_1_702' title='bbox 1644 4850 1784 4917; x_wconf 84' lang='lat' dir='ltr'><strong>quod</strong></span> <span class='ocrx_word' id='word_1_703' title='bbox 1818 4850 2088 4915; x_wconf 89' lang='lat' dir='ltr'><strong>volebam,</strong></span> 
     </span>
    </p>
   </div>
   <div class='ocr_carea' id='block_1_97' title="bbox 511 4941 2090 5019">
    <p class='ocr_par' dir='ltr' id='par_1_97' title="bbox 511 4941 2090 5019">
     <span class='ocr_line' id='line_1_97' title="bbox 511 4941 2090 5019; baseline -0.004 -17"><span class='ocrx_word' id='word_1_704' title='bbox 511 4964 823 5019; x_wconf 86' lang='lat' dir='ltr'><strong>quanquam</strong></span> <span class='ocrx_word' id='word_1_705' title='bbox 852 4947 905 5000; x_wconf 86' lang='lat' dir='ltr'><strong>id</strong></span> <span class='ocrx_word' id='word_1_706' title='bbox 943 4945 1078 5000; x_wconf 89' lang='lat' dir='ltr'><strong>lleus</strong></span> <span class='ocrx_word' id='word_1_707' title='bbox 1108 4958 1315 4997; x_wconf 85' lang='lat' dir='ltr'><strong>amare.</strong></span> <span class='ocrx_word' id='word_1_708' title='bbox 1359 4943 1428 4997; x_wconf 84' lang='lat' dir='ltr'><strong>At</strong></span> <span class='ocrx_word' id='word_1_709' title='bbox 1457 4957 1555 5011; x_wconf 84' lang='lat' dir='ltr'><strong>ego</strong></span> <span class='ocrx_word' id='word_1_710' title='bbox 1577 4982 1591 5005; x_wconf 89' lang='lat'><strong>,</strong></span> <span class='ocrx_word' id='word_1_711' title='bbox 1620 4943 1722 4998; x_wconf 88' lang='lat' dir='ltr'><strong>etsi</strong></span> <span class='ocrx_word' id='word_1_712' title='bbox 1782 4941 1980 4995; x_wconf 91' lang='lat' dir='ltr'><strong>mirum</strong></span> <span class='ocrx_word' id='word_1_713' title='bbox 2009 4943 2090 4997; x_wconf 86' lang='lat' dir='ltr'><strong>vi-</strong></span> 
     </span>
    </p>
   </div>
   <div class='ocr_carea' id='block_1_98' title="bbox 512 5037 2086 5107">
    <p class='ocr_par' dir='ltr' id='par_1_98' title="bbox 512 5037 2086 5107">
     <span class='ocr_line' id='line_1_98' title="bbox 512 5037 2086 5107; baseline -0.004 -13"><span class='ocrx_word' id='word_1_714' title='bbox 512 5043 726 5107; x_wconf 78' lang='lat' dir='ltr'><strong>deatur,</strong></span> <span class='ocrx_word' id='word_1_715' title='bbox 754 5050 813 5094; x_wconf 91' lang='lat' dir='ltr'><strong>ut</strong></span> <span class='ocrx_word' id='word_1_716' title='bbox 875 5040 1039 5093; x_wconf 87' lang='lat' dir='ltr'><strong>llente</strong></span> <span class='ocrx_word' id='word_1_717' title='bbox 1082 5040 1194 5102; x_wconf 92' lang='lat' dir='ltr'><strong>illo,</strong></span> <span class='ocrx_word' id='word_1_718' title='bbox 1240 5051 1397 5106; x_wconf 61' lang='lat' dir='ltr'><strong>aequo</strong></span> <span class='ocrx_word' id='word_1_719' title='bbox 1459 5037 1574 5103; x_wconf 89' lang='lat' dir='ltr'><strong>ipse</strong></span> <span class='ocrx_word' id='word_1_720' title='bbox 1628 5038 1812 5090; x_wconf 91' lang='lat' dir='ltr'><strong>animo</strong></span> <span class='ocrx_word' id='word_1_721' title='bbox 1860 5052 2037 5092; x_wconf 88' lang='lat' dir='ltr'><strong>essem</strong></span> <span class='ocrx_word' id='word_1_722' title='bbox 2072 5074 2086 5098; x_wconf 89' lang='lat'><strong>,</strong></span> 
     </span>
    </p>
   </div>
   <div class='ocr_carea' id='block_1_99' title="bbox 512 5127 2086 5201">
    <p class='ocr_par' dir='ltr' id='par_1_99' title="bbox 512 5127 2086 5201">
     <span class='ocr_line' id='line_1_99' title="bbox 512 5127 2086 5201; baseline -0.001 -16"><span class='ocrx_word' id='word_1_723' title='bbox 512 5134 814 5201; x_wconf 84' lang='lat' dir='ltr'><strong>gaudebam</strong></span> <span class='ocrx_word' id='word_1_724' title='bbox 854 5143 1032 5187; x_wconf 87' lang='lat' dir='ltr'><strong>tamen</strong></span> <span class='ocrx_word' id='word_1_725' title='bbox 1070 5131 1187 5200; x_wconf 89' lang='lat' dir='ltr'><strong>ejus</strong></span> <span class='ocrx_word' id='word_1_726' title='bbox 1220 5131 1389 5199; x_wconf 89' lang='lat' dir='ltr'><strong>ipsius</strong></span> <span class='ocrx_word' id='word_1_727' title='bbox 1423 5130 1515 5197; x_wconf 88' lang='lat' dir='ltr'><strong>qui</strong></span> <span class='ocrx_word' id='word_1_728' title='bbox 1562 5127 1734 5193; x_wconf 81' lang='lat' dir='ltr'><strong>ﬂeret,</strong></span> <span class='ocrx_word' id='word_1_729' title='bbox 1780 5143 1844 5183; x_wconf 91' lang='lat' dir='ltr'><strong>ac</strong></span> <span class='ocrx_word' id='word_1_730' title='bbox 1916 5130 2086 5198; x_wconf 88' lang='lat' dir='ltr'><strong>patris</strong></span> 
     </span>
    </p>
   </div>
   <div class='ocr_carea' id='block_1_100' title="bbox 508 5220 2086 5293">
    <p class='ocr_par' dir='ltr' id='par_1_100' title="bbox 508 5220 2086 5293">
     <span class='ocr_line' id='line_1_100' title="bbox 508 5220 2086 5293; baseline -0.002 -14"><span class='ocrx_word' id='word_1_731' title='bbox 508 5226 859 5293; x_wconf 80' lang='lat' dir='ltr'><strong>imperatoris</strong></span> <span class='ocrx_word' id='word_1_732' title='bbox 916 5240 1118 5279; x_wconf 88' lang='lat' dir='ltr'><strong>amore.</strong></span> <span class='ocrx_word' id='word_1_733' title='bbox 1154 5222 1291 5277; x_wconf 83' lang='lat' dir='ltr'><strong>Fore</strong></span> <span class='ocrx_word' id='word_1_734' title='bbox 1320 5224 1465 5277; x_wconf 88' lang='lat' dir='ltr'><strong>enim</strong></span> <span class='ocrx_word' id='word_1_735' title='bbox 1519 5220 1775 5291; x_wconf 85' lang='lat' dir='ltr'><strong>putabam</strong></span> <span class='ocrx_word' id='word_1_736' title='bbox 1823 5221 1965 5290; x_wconf 81' lang='lat' dir='ltr'><strong>patri</strong></span> <span class='ocrx_word' id='word_1_737' title='bbox 1996 5237 2086 5276; x_wconf 82' lang='lat' dir='ltr'><strong>so-</strong></span> 
     </span>
    </p>
   </div>
   <div class='ocr_carea' id='block_1_101' title="bbox 510 5313 2080 5384">
    <p class='ocr_par' dir='ltr' id='par_1_101' title="bbox 510 5313 2080 5384">
     <span class='ocr_line' id='line_1_101' title="bbox 510 5313 2080 5384; baseline -0.004 -13"><span class='ocrx_word' id='word_1_738' title='bbox 510 5318 662 5381; x_wconf 76' lang='lat' dir='ltr'><strong>latio,</strong></span> <span class='ocrx_word' id='word_1_739' title='bbox 694 5329 753 5371; x_wconf 90' lang='lat' dir='ltr'><strong>ut</strong></span> <span class='ocrx_word' id='word_1_740' title='bbox 786 5320 833 5370; x_wconf 85' lang='lat' dir='ltr'><strong>ei</strong></span> <span class='ocrx_word' id='word_1_741' title='bbox 862 5318 1028 5379; x_wconf 88' lang='lat' dir='ltr'><strong>lilius,</strong></span> <span class='ocrx_word' id='word_1_742' title='bbox 1056 5314 1117 5369; x_wconf 90' lang='lat' dir='ltr'><strong>ut</strong></span> <span class='ocrx_word' id='word_1_743' title='bbox 1162 5316 1235 5369; x_wconf 89' lang='lat' dir='ltr'><strong>ita</strong></span> <span class='ocrx_word' id='word_1_744' title='bbox 1264 5314 1479 5384; x_wconf 88' lang='lat' dir='ltr'><strong>loquar,</strong></span> <span class='ocrx_word' id='word_1_745' title='bbox 1515 5313 1581 5366; x_wconf 85' lang='lat' dir='ltr'><strong>ad</strong></span> <span class='ocrx_word' id='word_1_746' title='bbox 1648 5314 1813 5367; x_wconf 86' lang='lat' dir='ltr'><strong>vitam</strong></span> <span class='ocrx_word' id='word_1_747' title='bbox 1853 5313 2080 5367; x_wconf 88' lang='lat' dir='ltr'><strong>rediret.</strong></span> 
     </span>
    </p>
   </div>
   <div class='ocr_carea' id='block_1_102' title="bbox 506 5406 2079 5479">
    <p class='ocr_par' dir='ltr' id='par_1_102' title="bbox 506 5406 2079 5479">
     <span class='ocr_line' id='line_1_102' title="bbox 506 5406 2079 5479; baseline -0.004 -14"><span class='ocrx_word' id='word_1_748' title='bbox 506 5412 799 5475; x_wconf 72' lang='lat' dir='ltr'><strong>Caeterum,</strong></span> <span class='ocrx_word' id='word_1_749' title='bbox 840 5425 961 5464; x_wconf 90' lang='lat' dir='ltr'><strong>cum</strong></span> <span class='ocrx_word' id='word_1_750' title='bbox 990 5409 1145 5463; x_wconf 86' lang='lat' dir='ltr'><strong>resin</strong></span> <span class='ocrx_word' id='word_1_751' title='bbox 1180 5416 1432 5479; x_wconf 86' lang='lat' dir='ltr'><strong>promptu</strong></span> <span class='ocrx_word' id='word_1_752' title='bbox 1482 5408 1735 5463; x_wconf 84' lang='lat' dir='ltr'><strong>omnibus</strong></span> <span class='ocrx_word' id='word_1_753' title='bbox 1784 5406 2079 5468; x_wconf 86' lang='lat' dir='ltr'><strong>videretur,</strong></span> 
     </span>
    </p>
   </div>
   <div class='ocr_carea' id='block_1_103' title="bbox 503 5496 2082 5568">
    <p class='ocr_par' dir='ltr' id='par_1_103' title="bbox 503 5496 2082 5568">
     <span class='ocr_line' id='line_1_103' title="bbox 503 5496 2082 5568; baseline -0.005 -11"><span class='ocrx_word' id='word_1_754' title='bbox 503 5504 649 5557; x_wconf 89' lang='lat' dir='ltr'><strong>haud</strong></span> <span class='ocrx_word' id='word_1_755' title='bbox 683 5513 865 5557; x_wconf 87' lang='lat' dir='ltr'><strong>tamen</strong></span> <span class='ocrx_word' id='word_1_756' title='bbox 902 5502 1107 5557; x_wconf 90' lang='lat' dir='ltr'><strong>exitum</strong></span> <span class='ocrx_word' id='word_1_757' title='bbox 1144 5501 1356 5563; x_wconf 87' lang='lat' dir='ltr'><strong>habuit,</strong></span> <span class='ocrx_word' id='word_1_758' title='bbox 1387 5500 1497 5555; x_wconf 88' lang='lat' dir='ltr'><strong>Deo</strong></span> <span class='ocrx_word' id='word_1_759' title='bbox 1549 5500 1737 5553; x_wconf 87' lang='lat' dir='ltr'><strong>melius</strong></span> <span class='ocrx_word' id='word_1_760' title='bbox 1783 5496 1988 5568; x_wconf 85' lang='lat' dir='ltr'><strong>aliquid</strong></span> <span class='ocrx_word' id='word_1_761' title='bbox 2014 5496 2082 5550; x_wconf 87' lang='lat' dir='ltr'><strong>de</strong></span> 
     </span>
    </p>
   </div>
   <div class='ocr_carea' id='block_1_104' title="bbox 501 5592 2083 5666">
    <p class='ocr_par' dir='ltr' id='par_1_104' title="bbox 501 5592 2083 5666">
     <span class='ocr_line' id='line_1_104' title="bbox 501 5592 2083 5666; baseline -0.005 -15"><span class='ocrx_word' id='word_1_762' title='bbox 501 5597 660 5653; x_wconf 89' lang='lat' dir='ltr'><strong>nobis</strong></span> <span class='ocrx_word' id='word_1_763' title='bbox 694 5598 1041 5666; x_wconf 82' lang='lat' dir='ltr'><strong>disponente,</strong></span> <span class='ocrx_word' id='word_1_764' title='bbox 1069 5606 1128 5649; x_wconf 90' lang='lat' dir='ltr'><strong>ut</strong></span> <span class='ocrx_word' id='word_1_765' title='bbox 1163 5610 1230 5649; x_wconf 90' lang='lat' dir='ltr'><strong>ne</strong></span> <span class='ocrx_word' id='word_1_766' title='bbox 1281 5595 1540 5649; x_wconf 83' lang='lat' dir='ltr'><strong>nimirum</strong></span> <span class='ocrx_word' id='word_1_767' title='bbox 1580 5593 1670 5648; x_wconf 83' lang='lat' dir='ltr'><strong>ille</strong></span> <span class='ocrx_word' id='word_1_768' title='bbox 1733 5592 1943 5661; x_wconf 88' lang='lat' dir='ltr'><strong>absque</strong></span> <span class='ocrx_word' id='word_1_769' title='bbox 1997 5605 2083 5644; x_wconf 89' lang='lat' dir='ltr'><strong>me</strong></span> 
     </span>
    </p>
   </div>
   <div class='ocr_carea' id='block_1_105' title="bbox 501 5683 2080 5756">
    <p class='ocr_par' dir='ltr' id='par_1_105' title="bbox 501 5683 2080 5756">
     <span class='ocr_line' id='line_1_105' title="bbox 501 5683 2080 5756; baseline -0.004 -14"><span class='ocrx_word' id='word_1_770' title='bbox 501 5705 562 5742; x_wconf 82' lang='lat' dir='ltr'><strong>ac</strong></span> <span class='ocrx_word' id='word_1_771' title='bbox 597 5688 959 5756; x_wconf 81' lang='lat' dir='ltr'><strong>patreexiret.</strong></span> <span class='ocrx_word' id='word_1_772' title='bbox 1014 5688 1169 5753; x_wconf 82' lang='lat' dir='ltr'><strong>Quod</strong></span> <span class='ocrx_word' id='word_1_773' title='bbox 1225 5686 1371 5741; x_wconf 86' lang='lat' dir='ltr'><strong>enim</strong></span> <span class='ocrx_word' id='word_1_774' title='bbox 1418 5685 1699 5754; x_wconf 86' lang='lat' dir='ltr'><strong>impedivit</strong></span> <span class='ocrx_word' id='word_1_775' title='bbox 1762 5683 2080 5747; x_wconf 90' lang='lat' dir='ltr'><strong>consilium,</strong></span> 
     </span>
    </p>
   </div>
   <div class='ocr_carea' id='block_1_106' title="bbox 500 5776 2077 5833">
    <p class='ocr_par' dir='ltr' id='par_1_106' title="bbox 500 5776 2077 5833">
     <span class='ocr_line' id='line_1_106' title="bbox 500 5776 2077 5833; baseline -0.002 -3"><span class='ocrx_word' id='word_1_776' title='bbox 500 5782 752 5832; x_wconf 72' lang='grc' dir='ltr'>(ιιιιιιὶιιιις</span> <span class='ocrx_word' id='word_1_777' title='bbox 784 5781 941 5833; x_wconf 83' lang='lat' dir='ltr'><strong>nobis</strong></span> <span class='ocrx_word' id='word_1_778' title='bbox 964 5778 1211 5833; x_wconf 79' lang='lat' dir='ltr'><strong>elabendi</strong></span> <span class='ocrx_word' id='word_1_779' title='bbox 1260 5793 1289 5833; x_wconf 91' lang='lat' dir='ltr'><strong>e</strong></span> <span class='ocrx_word' id='word_1_780' title='bbox 1316 5791 1536 5833; x_wconf 81' lang='lat' dir='ltr'><strong>carcere</strong></span> <span class='ocrx_word' id='word_1_781' title='bbox 1570 5776 1880 5830; x_wconf 87' lang='lat' dir='ltr'><strong>communis</strong></span> <span class='ocrx_word' id='word_1_782' title='bbox 1911 5789 2077 5829; x_wconf 88' lang='lat' dir='ltr'><strong>causa</strong></span> 
     </span>
    </p>
   </div>
   <div class='ocr_carea' id='block_1_107' title="bbox 504 5867 2077 5936">
    <p class='ocr_par' dir='ltr' id='par_1_107' title="bbox 504 5867 2077 5936">
     <span class='ocr_line' id='line_1_107' title="bbox 504 5867 2077 5936; baseline -0.005 -9"><span class='ocrx_word' id='word_1_783' title='bbox 504 5875 623 5928; x_wconf 82' lang='lat' dir='ltr'><strong>:uit.</strong></span> <span class='ocrx_word' id='word_1_784' title='bbox 660 5871 855 5927; x_wconf 71' lang='lat' dir='ltr'><strong>Verum</strong></span> <span class='ocrx_word' id='word_1_785' title='bbox 892 5888 1001 5926; x_wconf 89' lang='lat' dir='ltr'><strong>rem</strong></span> <span class='ocrx_word' id='word_1_786' title='bbox 1050 5870 1359 5925; x_wconf 77' lang='lat' dir='ltr'><strong>accuratius</strong></span> <span class='ocrx_word' id='word_1_787' title='bbox 1416 5867 1735 5930; x_wconf 70' lang='lat' dir='ltr'><strong>edissererr,</strong></span> <span class='ocrx_word' id='word_1_788' title='bbox 1787 5880 1956 5936; x_wconf 72' lang='lat' dir='ltr'><strong>neque</strong></span> <span class='ocrx_word' id='word_1_789' title='bbox 1989 5881 2077 5919; x_wconf 83' lang='lat' dir='ltr'><strong>no-</strong></span> 
     </span>
    </p>
   </div>
   <div class='ocr_carea' id='block_1_108' title="bbox 2199 4658 3757 4737">
    <p class='ocr_par' dir='ltr' id='par_1_108' title="bbox 2199 4658 3757 4737">
     <span class='ocr_line' id='line_1_108' title="bbox 2199 4658 3757 4737; baseline -0.003 -20"><span class='ocrx_word' id='word_1_790' title='bbox 2199 4681 2262 4731; x_wconf 87' lang='grc' dir='ltr'><strong>γε</strong></span> <span class='ocrx_word' id='word_1_791' title='bbox 2291 4664 2461 4734; x_wconf 83' lang='grc' dir='ltr'>ήδὲων</span> <span class='ocrx_word' id='word_1_792' title='bbox 2495 4663 2625 4732; x_wconf 79' lang='grc' dir='ltr'>ἑξῆς</span> <span class='ocrx_word' id='word_1_793' title='bbox 2665 4665 2949 4731; x_wconf 81' lang='grc' dir='ltr'>ἁπάντων,</span> <span class='ocrx_word' id='word_1_794' title='bbox 2984 4660 3058 4719; x_wconf 83' lang='grc' dir='ltr'>ὧν</span> <span class='ocrx_word' id='word_1_795' title='bbox 3082 4669 3182 4719; x_wconf 85' lang='grc' dir='ltr'>οὐκ</span> <span class='ocrx_word' id='word_1_796' title='bbox 3208 4668 3274 4719; x_wconf 81' lang='grc' dir='ltr'>ἂν</span> <span class='ocrx_word' id='word_1_797' title='bbox 3307 4668 3556 4737; x_wconf 68' lang='grc' dir='ltr'>μετεῖχον</span> <span class='ocrx_word' id='word_1_798' title='bbox 3586 4658 3757 4720; x_wconf 72' lang='grc' dir='ltr'>αὑτός.</span> 
     </span>
    </p>
   </div>
   <div class='ocr_carea' id='block_1_109' title="bbox 2210 4754 3761 4829">
    <p class='ocr_par' dir='ltr' id='par_1_109' title="bbox 2210 4754 3761 4829">
     <span class='ocr_line' id='line_1_109' title="bbox 2210 4754 3761 4829; baseline -0.002 -20"><span class='ocrx_word' id='word_1_799' title='bbox 2210 4757 2350 4809; x_wconf 79' lang='grc' dir='ltr'>Ἀλλ’</span> <span class='ocrx_word' id='word_1_800' title='bbox 2385 4757 2527 4811; x_wconf 73' lang='grc' dir='ltr'>οὕτω</span> <span class='ocrx_word' id='word_1_801' title='bbox 2581 4757 2768 4821; x_wconf 79' lang='grc' dir='ltr'>πάλιν,</span> <span class='ocrx_word' id='word_1_802' title='bbox 2802 4754 2882 4820; x_wconf 77' lang='grc' dir='ltr'>οἷς</span> <span class='ocrx_word' id='word_1_803' title='bbox 2923 4760 2989 4811; x_wconf 81' lang='grc' dir='ltr'>ἂν</span> <span class='ocrx_word' id='word_1_804' title='bbox 3037 4760 3226 4829; x_wconf 82' lang='grc' dir='ltr'>γνοίην</span> <span class='ocrx_word' id='word_1_805' title='bbox 3258 4758 3528 4820; x_wconf 84' lang='grc' dir='ltr'>ἐπείθετο,</span> <span class='ocrx_word' id='word_1_806' title='bbox 3564 4758 3637 4818; x_wconf 88' lang='grc' dir='ltr'>ὠς</span> <span class='ocrx_word' id='word_1_807' title='bbox 3669 4755 3761 4821; x_wconf 82' lang='grc' dir='ltr'>ἀρ-</span> 
     </span>
    </p>
   </div>
   <div class='ocr_carea' id='block_1_110' title="bbox 2196 4844 3756 4919">
    <p class='ocr_par' dir='ltr' id='par_1_110' title="bbox 2196 4844 3756 4919">
     <span class='ocr_line' id='line_1_110' title="bbox 2196 4844 3756 4919; baseline -0.001 -19"><span class='ocrx_word' id='word_1_808' title='bbox 2196 4847 2335 4902; x_wconf 79' lang='grc' dir='ltr'>κοῦν</span> <span class='ocrx_word' id='word_1_809' title='bbox 2367 4844 2509 4901; x_wconf 76' lang='grc' dir='ltr'>εἶναι</span> <span class='ocrx_word' id='word_1_810' title='bbox 2544 4849 2641 4901; x_wconf 69' lang='grc' dir='ltr'>καὶ</span> <span class='ocrx_word' id='word_1_811' title='bbox 2670 4848 2858 4902; x_wconf 79' lang='grc' dir='ltr'>νεῦσαι</span> <span class='ocrx_word' id='word_1_812' title='bbox 2883 4863 2900 4880; x_wconf 79' lang='grc'><strong><em>⁸</em></strong></span> <span class='ocrx_word' id='word_1_813' title='bbox 2935 4849 3028 4902; x_wconf 74' lang='grc' dir='ltr'><strong>καὶ</strong></span> <span class='ocrx_word' id='word_1_814' title='bbox 3059 4849 3162 4919; x_wconf 79' lang='grc' dir='ltr'><strong>ἔφη</strong></span> <span class='ocrx_word' id='word_1_815' title='bbox 3198 4850 3429 4919; x_wconf 78' lang='grc' dir='ltr'>πράξειν</span> <span class='ocrx_word' id='word_1_816' title='bbox 3479 4849 3507 4903; x_wconf 81' lang='grc' dir='ltr'><strong>ὃ</strong></span> <span class='ocrx_word' id='word_1_817' title='bbox 3537 4845 3756 4910; x_wconf 73' lang='grc' dir='ltr'>θέλοιμι.</span> 
     </span>
    </p>
   </div>
   <div class='ocr_carea' id='block_1_111' title="bbox 2194 4938 3754 5011">
    <p class='ocr_par' dir='ltr' id='par_1_111' title="bbox 2194 4938 3754 5011">
     <span class='ocr_line' id='line_1_111' title="bbox 2194 4938 3754 5011; baseline 0 -21"><span class='ocrx_word' id='word_1_818' title='bbox 2194 4940 2293 4993; x_wconf 80' lang='grc' dir='ltr'>οὐκ</span> <span class='ocrx_word' id='word_1_819' title='bbox 2327 4938 2455 4992; x_wconf 75' lang='grc' dir='ltr'>ἄνευ</span> <span class='ocrx_word' id='word_1_820' title='bbox 2482 4939 2575 4992; x_wconf 82' lang='grc' dir='ltr'><strong>τοῦ</strong></span> <span class='ocrx_word' id='word_1_821' title='bbox 2610 4940 2887 5011; x_wconf 32' lang='grc' dir='ltr'>δακρύεινῠ</span> <span class='ocrx_word' id='word_1_822' title='bbox 2919 4942 3135 5011; x_wconf 75' lang='grc' dir='ltr'>πικρόν.</span> <span class='ocrx_word' id='word_1_823' title='bbox 3177 4940 3317 5007; x_wconf 81' lang='grc' dir='ltr'><strong>Ἐγὼ</strong></span> <span class='ocrx_word' id='word_1_824' title='bbox 3347 4942 3416 5003; x_wconf 83' lang='grc' dir='ltr'><strong>δ’,</strong></span> <span class='ocrx_word' id='word_1_825' title='bbox 3454 4943 3501 4993; x_wconf 81' lang='grc' dir='ltr'>εἰ</span> <span class='ocrx_word' id='word_1_826' title='bbox 3532 4940 3621 4992; x_wconf 77' lang='grc' dir='ltr'>καὶ</span> <span class='ocrx_word' id='word_1_827' title='bbox 3661 4949 3754 4983; x_wconf 83' lang='grc' dir='ltr'>πα-</span> 
     </span>
    </p>
   </div>
   <div class='ocr_carea' id='block_1_112' title="bbox 2196 5031 3754 5104">
    <p class='ocr_par' dir='ltr' id='par_1_112' title="bbox 2196 5031 3754 5104">
     <span class='ocr_line' id='line_1_112' title="bbox 2196 5031 3754 5104; baseline -0.003 -21"><span class='ocrx_word' id='word_1_828' title='bbox 2196 5031 2417 5101; x_wconf 80' lang='grc' dir='ltr'>ράδοξον</span> <span class='ocrx_word' id='word_1_829' title='bbox 2458 5032 2667 5085; x_wconf 85' lang='grc' dir='ltr'>ἐκείνου</span> <span class='ocrx_word' id='word_1_830' title='bbox 2729 5032 3007 5097; x_wconf 89' lang='grc' dir='ltr'>κλαίοντος</span> <span class='ocrx_word' id='word_1_831' title='bbox 3040 5033 3316 5101; x_wconf 73' lang='grc' dir='ltr'>εὐθυμεῖν,</span> <span class='ocrx_word' id='word_1_832' title='bbox 3356 5034 3509 5104; x_wconf 83' lang='grc' dir='ltr'>όμῶς</span> <span class='ocrx_word' id='word_1_833' title='bbox 3548 5031 3754 5099; x_wconf 72' lang='grc' dir='ltr'>ἔχαιρον</span> 
     </span>
    </p>
   </div>
   <div class='ocr_carea' id='block_1_113' title="bbox 2191 5122 3745 5193">
    <p class='ocr_par' dir='ltr' id='par_1_113' title="bbox 2191 5122 3745 5193">
     <span class='ocr_line' id='line_1_113' title="bbox 2191 5122 3745 5193; baseline -0.006 -17"><span class='ocrx_word' id='word_1_834' title='bbox 2191 5124 2258 5176; x_wconf 78' lang='grc' dir='ltr'>δι’</span> <span class='ocrx_word' id='word_1_835' title='bbox 2293 5124 2458 5177; x_wconf 73' lang='grc' dir='ltr'>αὑτὸν</span> <span class='ocrx_word' id='word_1_836' title='bbox 2502 5125 2593 5176; x_wconf 74' lang='grc' dir='ltr'>τὸν</span> <span class='ocrx_word' id='word_1_837' title='bbox 2627 5124 2904 5187; x_wconf 82' lang='grc' dir='ltr'>κλαίοντα,</span> <span class='ocrx_word' id='word_1_838' title='bbox 2952 5126 3049 5177; x_wconf 79' lang='grc' dir='ltr'>καὶ</span> <span class='ocrx_word' id='word_1_839' title='bbox 3084 5124 3312 5193; x_wconf 83' lang='grc' dir='ltr'>βασιλέα</span> <span class='ocrx_word' id='word_1_840' title='bbox 3362 5125 3449 5175; x_wconf 81' lang='grc' dir='ltr'>τὸν</span> <span class='ocrx_word' id='word_1_841' title='bbox 3488 5122 3745 5192; x_wconf 76' lang='grc' dir='ltr'>φύσαντα.</span> 
     </span>
    </p>
   </div>
   <div class='ocr_carea' id='block_1_114' title="bbox 2198 5211 3747 5289">
    <p class='ocr_par' dir='ltr' id='par_1_114' title="bbox 2198 5211 3747 5289">
     <span class='ocr_line' id='line_1_114' title="bbox 2198 5211 3747 5289; baseline -0.006 -18"><span class='ocrx_word' id='word_1_842' title='bbox 2198 5217 2459 5271; x_wconf 82' lang='grc' dir='ltr'>Ἐσεσθαι</span> <span class='ocrx_word' id='word_1_843' title='bbox 2509 5221 2619 5289; x_wconf 74' lang='grc' dir='ltr'><strong>γὰρ</strong></span> <span class='ocrx_word' id='word_1_844' title='bbox 2667 5216 3020 5289; x_wconf 82' lang='grc' dir='ltr'>παραμυθίαν</span> <span class='ocrx_word' id='word_1_845' title='bbox 3074 5215 3322 5285; x_wconf 80' lang='grc' dir='ltr'>ἐνόμιζον</span> <span class='ocrx_word' id='word_1_846' title='bbox 3376 5214 3572 5286; x_wconf 86' lang='grc' dir='ltr'>ἐκείνῳ</span> <span class='ocrx_word' id='word_1_847' title='bbox 3612 5211 3747 5282; x_wconf 64' lang='grc' dir='ltr'>μάλα</span> 
     </span>
    </p>
   </div>
   <div class='ocr_carea' id='block_1_115' title="bbox 2190 5300 3747 5381">
    <p class='ocr_par' dir='ltr' id='par_1_115' title="bbox 2190 5300 3747 5381">
     <span class='ocr_line' id='line_1_115' title="bbox 2190 5300 3747 5381; baseline -0.006 -16"><span class='ocrx_word' id='word_1_848' title='bbox 2190 5309 2452 5380; x_wconf 68' lang='grc' dir='ltr'>λαμπρὰν</span> <span class='ocrx_word' id='word_1_849' title='bbox 2480 5312 2578 5381; x_wconf 84' lang='grc' dir='ltr'>τὴν</span> <span class='ocrx_word' id='word_1_850' title='bbox 2612 5311 2707 5362; x_wconf 83' lang='grc' dir='ltr'><strong>τοῦ</strong></span> <span class='ocrx_word' id='word_1_851' title='bbox 2736 5310 2923 5370; x_wconf 77' lang='grc' dir='ltr'>παιδὸς</span> <span class='ocrx_word' id='word_1_852' title='bbox 2946 5309 3017 5370; x_wconf 76' lang='grc' dir='ltr'>ὡς</span> <span class='ocrx_word' id='word_1_853' title='bbox 3052 5308 3228 5360; x_wconf 82' lang='grc' dir='ltr'>είπεῖν</span> <span class='ocrx_word' id='word_1_854' title='bbox 3262 5307 3580 5363; x_wconf 79' lang='grc' dir='ltr'>ἀναϐίωσιν.</span> <span class='ocrx_word' id='word_1_855' title='bbox 3599 5300 3747 5356; x_wconf 65' lang='grc' dir='ltr'>Ἀλλὰ</span> 
     </span>
    </p>
   </div>
   <div class='ocr_carea' id='block_1_116' title="bbox 2189 5391 3745 5471">
    <p class='ocr_par' dir='ltr' id='par_1_116' title="bbox 2189 5391 3745 5471">
     <span class='ocr_line' id='line_1_116' title="bbox 2189 5391 3745 5471; baseline -0.006 -14"><span class='ocrx_word' id='word_1_856' title='bbox 2189 5402 2298 5469; x_wconf 82' lang='grc' dir='ltr'>γὰρ</span> <span class='ocrx_word' id='word_1_857' title='bbox 2324 5404 2410 5455; x_wconf 83' lang='grc' dir='ltr'>ὅτε</span> <span class='ocrx_word' id='word_1_858' title='bbox 2440 5405 2605 5455; x_wconf 76' lang='grc' dir='ltr'>πᾶσιν</span> <span class='ocrx_word' id='word_1_859' title='bbox 2636 5402 2816 5455; x_wconf 80' lang='grc' dir='ltr'>ἐδόκει</span> <span class='ocrx_word' id='word_1_860' title='bbox 2848 5401 3118 5469; x_wconf 62' lang='grc' dir='ltr'>ἐνιχεροῖν</span> <span class='ocrx_word' id='word_1_861' title='bbox 3148 5396 3292 5453; x_wconf 76' lang='grc' dir='ltr'>εἶναι</span> <span class='ocrx_word' id='word_1_862' title='bbox 3321 5402 3380 5454; x_wconf 82' lang='grc' dir='ltr'><strong>τὸ</strong></span> <span class='ocrx_word' id='word_1_863' title='bbox 3408 5403 3660 5471; x_wconf 77' lang='grc' dir='ltr'>πρᾶγμα,</span> <span class='ocrx_word' id='word_1_864' title='bbox 3693 5391 3745 5441; x_wconf 76' lang='grc' dir='ltr'>τὸ</span> 
     </span>
    </p>
   </div>
   <div class='ocr_carea' id='block_1_117' title="bbox 2186 5490 3744 5564">
    <p class='ocr_par' dir='ltr' id='par_1_117' title="bbox 2186 5490 3744 5564">
     <span class='ocr_line' id='line_1_117' title="bbox 2186 5490 3744 5564; baseline -0.006 -16"><span class='ocrx_word' id='word_1_865' title='bbox 2186 5494 2235 5548; x_wconf 76' lang='grc' dir='ltr'>δ’</span> <span class='ocrx_word' id='word_1_866' title='bbox 2266 5495 2365 5548; x_wconf 88' lang='grc' dir='ltr'>οὐκ</span> <span class='ocrx_word' id='word_1_867' title='bbox 2410 5496 2490 5557; x_wconf 87' lang='grc' dir='ltr'><strong>είς</strong></span> <span class='ocrx_word' id='word_1_868' title='bbox 2522 5496 2703 5564; x_wconf 65' lang='grc' dir='ltr'><strong>τέλοςΔ</strong></span> <span class='ocrx_word' id='word_1_869' title='bbox 2722 5494 2904 5563; x_wconf 71' lang='grc' dir='ltr'>ἐξέϐη,</span> <span class='ocrx_word' id='word_1_870' title='bbox 2940 5494 3032 5546; x_wconf 80' lang='grc' dir='ltr'><strong>τοῦ</strong></span> <span class='ocrx_word' id='word_1_871' title='bbox 3064 5492 3201 5545; x_wconf 79' lang='grc' dir='ltr'>Θεοῦ</span> <span class='ocrx_word' id='word_1_872' title='bbox 3230 5495 3359 5563; x_wconf 76' lang='grc' dir='ltr'>περὶ</span> <span class='ocrx_word' id='word_1_873' title='bbox 3386 5495 3544 5564; x_wconf 80' lang='grc' dir='ltr'>ἡμῶν</span> <span class='ocrx_word' id='word_1_874' title='bbox 3574 5490 3744 5561; x_wconf 73' lang='grc' dir='ltr'>κρεῖτ-</span> 
     </span>
    </p>
   </div>
   <div class='ocr_carea' id='block_1_118' title="bbox 2188 5557 3739 5658">
    <p class='ocr_par' dir='ltr' id='par_1_118' title="bbox 2188 5557 3739 5658">
     <span class='ocr_line' id='line_1_118' title="bbox 2188 5557 3739 5658; baseline -0.008 -20"><span class='ocrx_word' id='word_1_875' title='bbox 2188 5586 2277 5639; x_wconf 87' lang='grc' dir='ltr'><strong>τόν</strong></span> <span class='ocrx_word' id='word_1_876' title='bbox 2325 5605 2376 5640; x_wconf 88' lang='grc' dir='ltr'><strong>τι</strong></span> <span class='ocrx_word' id='word_1_877' title='bbox 2413 5557 2886 5657; x_wconf 60' lang='grc' dir='ltr'>προὸὶεψὲμένου,</span> <span class='ocrx_word' id='word_1_878' title='bbox 2918 5584 3010 5637; x_wconf 74' lang='grc' dir='ltr'>ἵνα</span> <span class='ocrx_word' id='word_1_879' title='bbox 3040 5584 3117 5655; x_wconf 75' lang='grc' dir='ltr'>μὴ</span> <span class='ocrx_word' id='word_1_880' title='bbox 3144 5557 3319 5655; x_wconf 76' lang='grc' dir='ltr'>χωρὶς</span> <span class='ocrx_word' id='word_1_881' title='bbox 3354 5557 3490 5658; x_wconf 68' lang='grc' dir='ltr'>ἐμοῦ</span> <span class='ocrx_word' id='word_1_882' title='bbox 3538 5557 3626 5637; x_wconf 69' lang='grc' dir='ltr'><strong>καί</strong></span> <span class='ocrx_word' id='word_1_883' title='bbox 3652 5574 3739 5630; x_wconf 81' lang='grc' dir='ltr'>τοῦ</span> 
     </span>
    </p>
   </div>
   <div class='ocr_carea' id='block_1_119' title="bbox 2186 5665 3735 5747">
    <p class='ocr_par' dir='ltr' id='par_1_119' title="bbox 2186 5665 3735 5747">
     <span class='ocr_line' id='line_1_119' title="bbox 2186 5665 3735 5747; baseline -0.004 -17"><span class='ocrx_word' id='word_1_884' title='bbox 2186 5682 2391 5747; x_wconf 79' lang='grc' dir='ltr'>πατρὸς</span> <span class='ocrx_word' id='word_1_885' title='bbox 2438 5680 2645 5739; x_wconf 84' lang='grc' dir='ltr'>ἐκεῖνος</span> <span class='ocrx_word' id='word_1_886' title='bbox 2692 5676 2905 5747; x_wconf 78' lang='grc' dir='ltr'>ἐξέλθῃ.</span> <span class='ocrx_word' id='word_1_887' title='bbox 2952 5676 3024 5728; x_wconf 85' lang='grc' dir='ltr'>Τὸ</span> <span class='ocrx_word' id='word_1_888' title='bbox 3056 5675 3165 5744; x_wconf 80' lang='grc' dir='ltr'><strong>γὰρ</strong></span> <span class='ocrx_word' id='word_1_889' title='bbox 3197 5675 3341 5730; x_wconf 79' lang='grc' dir='ltr'>τοῦτ’</span> <span class='ocrx_word' id='word_1_890' title='bbox 3374 5675 3650 5745; x_wconf 62' lang='grc' dir='ltr'>ἀνακόψειν</span> <span class='ocrx_word' id='word_1_891' title='bbox 3682 5665 3735 5739; x_wconf 60' lang='grc' dir='ltr'>ῖδ</span> 
     </span>
    </p>
   </div>
   <div class='ocr_carea' id='block_1_120' title="bbox 2186 5760 3734 5841">
    <p class='ocr_par' dir='ltr' id='par_1_120' title="bbox 2186 5760 3734 5841">
     <span class='ocr_line' id='line_1_120' title="bbox 2186 5760 3734 5841; baseline -0.005 -18"><span class='ocrx_word' id='word_1_892' title='bbox 2186 5770 2479 5841; x_wconf 79' lang='grc' dir='ltr'>βούλευμα,</span> <span class='ocrx_word' id='word_1_893' title='bbox 2520 5770 2654 5823; x_wconf 67' lang='grc' dir='ltr'>αὐτὸ</span> <span class='ocrx_word' id='word_1_894' title='bbox 2699 5769 2763 5838; x_wconf 76' lang='grc' dir='ltr'>δὴ</span> <span class='ocrx_word' id='word_1_895' title='bbox 2816 5768 2979 5820; x_wconf 82' lang='grc' dir='ltr'>τοῦτο</span> <span class='ocrx_word' id='word_1_896' title='bbox 3035 5769 3257 5836; x_wconf 81' lang='grc' dir='ltr'>γέγονεν</span> <span class='ocrx_word' id='word_1_897' title='bbox 3289 5770 3464 5822; x_wconf 67' lang='grc' dir='ltr'>αἴτιον</span> <span class='ocrx_word' id='word_1_898' title='bbox 3521 5765 3611 5821; x_wconf 77' lang='grc' dir='ltr'><strong>τοῦ</strong></span> <span class='ocrx_word' id='word_1_899' title='bbox 3645 5760 3734 5824; x_wconf 74' lang='grc' dir='ltr'><strong>τῆς</strong></span> 
     </span>
    </p>
   </div>
   <div class='ocr_carea' id='block_1_121' title="bbox 2182 5860 3729 5935">
    <p class='ocr_par' dir='ltr' id='par_1_121' title="bbox 2182 5860 3729 5935">
     <span class='ocr_line' id='line_1_121' title="bbox 2182 5860 3729 5935; baseline -0.007 -19"><span class='ocrx_word' id='word_1_900' title='bbox 2182 5864 2404 5935; x_wconf 75' lang='grc' dir='ltr'>εἱρκτῆς</span> <span class='ocrx_word' id='word_1_901' title='bbox 2455 5865 2596 5935; x_wconf 67' lang='grc' dir='ltr'>ἡμᾶς</span> <span class='ocrx_word' id='word_1_902' title='bbox 2625 5862 2908 5931; x_wconf 78' lang='grc' dir='ltr'>διαδρᾶναι</span> <span class='ocrx_word' id='word_1_903' title='bbox 2962 5863 3174 5924; x_wconf 69' lang='grc' dir='ltr'>πάντας</span> <span class='ocrx_word' id='word_1_904' title='bbox 3200 5863 3335 5931; x_wconf 73' lang='grc' dir='ltr'>ὁμοῦ</span> <span class='ocrx_word' id='word_1_905' title='bbox 3361 5880 3373 5893; x_wconf 67' lang='grc'>⁸</span> <span class='ocrx_word' id='word_1_906' title='bbox 3419 5863 3554 5929; x_wconf 78' lang='grc' dir='ltr'>ὅπερ</span> <span class='ocrx_word' id='word_1_907' title='bbox 3584 5860 3729 5923; x_wconf 79' lang='grc' dir='ltr'>ἀκρι-</span> 
     </span>
    </p>
   </div>
  </div>
