4060 6602
337 435 458 497 205

1136 422 1533 494 THEODORI
1579 431 1936 494 DESPO'I‘A!
1979 424 2367 490 LAUDATIO
2399 419 2805 487 FUNEBBIS.

3511 413 3623 484 203

341 546 468 610 ϐςῦς
500 545 733 617 φράζειν
764 545 887 600 οὔτε
921 545 1285 618 προκείμενον
1311 547 1472 619 ήμϊν,
1499 544 1612 598 οὒτ’
1645 544 1710 598 ἂν
1734 545 1821 614 εἴη
1849 542 1937 597 λε-

2042 541 2124 596 bis
2157 542 2496 610 propositum
2530 546 2640 602 est,
2663 551 2765 592 nec
2811 534 2985 606 possit
3042 542 3350 605 Opportune
3373 551 3388 600 ;
3411 547 3537 588 cum
3563 534 3620 588 et

344 641 554 712 χθῆναι
590 640 688 694 σὺν
711 639 888 714 καιρῷ
909 657 924 670 '
960 639 1140 704 ἄλλως
1170 639 1218 695 θ’
1247 640 1332 694 ὅτι
1361 641 1456 693 καὶ
1497 637 1815 710 περίεργον,
1861 637 1940 689 εί-

345 737 512 791 δόσιν
541 737 766 791 ἅπαντα
798 735 1003 805 λέγειν.

437 829 629 892 Ὅστις
665 826 764 899 μὲν
789 825 882 880 οῦν
905 819 1061 888 οὗτος
1087 820 1156 896 ἦν
1177 824 1314 896 πρός
1343 840 1403 877 τε
1423 823 1618 891 γονέας
1645 818 1742 874 καὶ
1763 819 1936 889 ἡμᾶς,

352 923 460 978 καὶ
484 923 586 993 τὴν
616 921 942 989 συγγένειαν
973 917 1101 989 ἑξῆς
1129 917 1333 982 πᾶσαν,
1359 915 1507 969 δυοῖν
1531 929 1595 982 γε
1618 905 1790 967 τοῖνδε
1825 906 1941 964 τοῐν

349 1013 679 1086 εἰρημένοιν
709 1010 1087 1081 ἀποδεδεῖχθαί
1136 1027 1228 1081 μοι
1260 1009 1536 1079 φαίνεται,
1578 1001 1658 1068 ὡς
1699 1005 1770 1070 ἐξ
1799 1005 1940 1058 ὀνύέ

353 1125 516 1178 κων,
535 1106 689 1176 φασὶ,
714 1105 821 1160 τὸν
839 1105 1062 1159 λέοντα
1082 1120 1096 1135 ο
1131 1102 1379 1173 μετιτέον
1398 1101 1453 1154 δὲ
1475 1100 1565 1154 τὸν
1588 1099 1747 1166 λόγον
1759 1096 1855 1152 ἐπὶ
1869 1096 1940 1149 τὰ

351 1200 552 1269 πρόσω
570 1240 586 1263 ,
619 1196 1156 1267 παραδραμούμενον
1186 1195 1285 1266 μὲν
1306 1195 1373 1248 τὰ,
1406 1193 1578 1247 πολλὰ
1600 1191 1709 1247 τῶν
1734 1189 1938 1262 ἔργων,

347 1292 557 1360 ὀλίγων
602 1286 730 1344 δἀῦ
767 1290 1068 1360 ἁψόμενον·
1097 1287 1356 1343 τοιούτων
1413 1286 1619 1357 μέντοι,
1647 1287 1787 1340 ὥστε
1838 1285 1940 1354 τήν

347 1385 570 1438 ἐκείνου
599 1383 864 1438 δύνασθαι
899 1382 1105 1453 ἀρετὴν
1136 1381 1381 1450 φανερὰν
1434 1384 1611 1434 ποιεῖν
1631 1395 1647 1411 ·
1681 1374 1794 1433 εἷεν
1826 1378 1938 1450 γὰρ

349 1479 430 1532 ἂν
460 1479 520 1532 οὐ
552 1477 1009 1548 συμπτωμάτων,
1046 1477 1107 1529 οὐ
1149 1474 1341 1546 τύχης,
1380 1477 1441 1528 οὐ
1495 1473 1706 1544 καιρῶν
1754 1471 1940 1526 ἐπιθεί-

353 1571 543 1640 μένων
585 1573 699 1634 τοῖς
728 1570 1036 1633 ἐναντίοιςο
1072 1569 1251 1624 ταῦτα
1305 1568 1392 1640 δὴ,
1444 1569 1511 1622 τὰ
1569 1567 1804 1638 Νέρωνα
1843 1566 1939 1620 καὶ

350 1663 786 1733 Σαρδανάπαλον
841 1661 1283 1733 βασιλεύσαντω
1334 1660 1473 1716 ἀλλὰ
1528 1659 1938 1732 κατορθώματα

347 1757 572 1828 ἀνδρὸς,
600 1757 771 1829 ἀρετῇ
802 1754 1190 1827 συμϐιοῦντος.
1210 1754 1404 1820 Μείζω
1434 1755 1544 1826 γὰρ
1573 1754 1682 1808 τῶν
1705 1755 1814 1808 ἀπὸ
1834 1753 1938 1824 τῆς

347 1850 532 1921 τύχης
563 1850 748 1914 ταυτὶ,
783 1847 987 1903 ὁπόταν
1079 1847 1176 1902 καὶ
1211 1849 1356 1902 πάνυ
1389 1846 1600 1918 σμικρά
1625 1863 1639 1877 ·
1665 1847 1852 1900 ἐκεῖνα
1875 1845 1932 1899 δέ

348 1944 504 1998 πάνυ
551 1943 808 2014 λαμπρὰ,
840 1943 1041 1995 ὁπόσον
1090 1941 1157 1995 ἄν
1189 1957 1274 2004 τις
1307 1938 1662 2011 ἐνθυμηθείη.
1712 1939 1786 1992 Τὸ
1823 1937 1934 2009 γὰρ

346 2037 556 2110 εὐγενῆ
584 2053 709 2092 τινα
753 2036 850 2090 καὶ
883 2032 1238 2110 εὐπατρίδην,
1269 2030 1363 2084 καὶ
1396 2031 1733 2104 περιφανείᾳ
1760 2031 1934 2102 πολλῇ

350 2109 556 2203 συζῇν,
586 2131 686 2187 καὶ
723 2109 1085 2200 ἁνδραπῦδων
1143 2126 1375 2198 πλήθεσι
1404 2125 1806 2198 περιρρεῖσθαι,
1840 2123 1937 2178 καὶ

347 2225 576 2296 πλούτῳ
593 2221 971 2293 συχνῷκομᾷν,
984 2223 1080 2277 καὶ
1099 2223 1268 2277 πᾶσιν
1284 2221 1514 2285 ἐκείνοις
1535 2220 1934 2290 ἐνευδοκιμεῖν,

346 2320 428 2374 δι’
457 2314 533 2376 ὧν
568 2335 629 2372 τε
661 2318 904 2388 τρόπαια
930 2315 1039 2369 ἀπὸ
1070 2316 1180 2369 τῶν
1203 2314 1417 2385 ἐχθρῶν
1446 2313 1688 2377 ἵσταται,
1729 2313 1824 2366 καὶ
1853 2305 1937 2376 οἷς

351 2412 429 2466 ἂν
454 2410 852 2481 προσκυνοίντο
882 2409 931 2461 οί
955 2409 1278 2478 μετέχοντες
1305 2409 1372 2461 ἐκ
1401 2407 1510 2461 τῶν
1524 2407 1804 2477 πανταχοῦ
1834 2404 1936 2477 τῆς

345 2503 684 2574 οἰκουμένης
703 2501 980 2572 περάτων,
1000 2494 1098 2558 καὶ
1120 2498 1432 2571 ἀνθρώποις
1449 2497 1759 2562 ἀλλοκότοις
1785 2495 1935 2552 ἐστιν

347 2599 446 2651 ὅτε
503 2593 867 2665 παραγίνεται
923 2591 1184 2660 ἀλόγιστα
1244 2591 1563 2661 περαίνουσι
1613 2592 1704 2645 τὸν
1751 2589 1935 2644 αὐτῶν

353 2688 483 2759 βίον
507 2702 522 2718 ·
556 2686 727 2757 ἀρετῇ
757 2684 814 2738 δὲ
842 2682 940 2737 καὶ
975 2683 1089 2746 τοῖς
1118 2683 1387 2746 τοιούτοις
1425 2671 1576 2737 οὐδὲν
1609 2682 1675 2736 ἂν
1718 2681 1805 2754 εἴη
1836 2682 1936 2753 δή-

352 2798 464 2834 που
513 2778 709 2833 κοινόν.
743 2776 844 2830 Διὰ
876 2775 1036 2829 τοῦτό
1078 2792 1142 2844 γε
1177 2776 1408 2840 ἐκεῖνος,
1449 2778 1478 2830 ὁ
1503 2777 1642 2848 πρὸς
1670 2777 1764 2832 τὸν
1798 2778 1934 2834 Θεδν

350 2873 461 2944 μὲν
495 2871 694 2934 ἀπιὼν,
724 2870 878 2940 ὑμῶν
919 2869 1021 2939 μὲν
1049 2864 1208 2930 αὖθις
1244 2868 1672 2938 ἐπιμελόμενος,
1704 2873 1766 2926 τὸ
1806 2873 1934 2928 clm.-

347 2967 446 3030 θὸς
489 2963 637 3035 αὐτῷ
673 2963 868 3028 ποιῶν,
895 2963 1031 3016 ὅπου
1077 2963 1174 3016 καὶ
1204 2961 1406 3032 μᾶλλον
1443 2963 1644 3029 ἔξεστι,
1682 2964 1790 3018 τῶν
1831 2966 1934 3036 μέν

346 3056 832 3127 ἀπηριθμημένων
868 3046 998 3124 ἑξῆς
1043 3053 1302 3108 ἁπάντων
1335 3053 1661 3125 κατεφρόνει
1697 3074 1754 3110 τε
1786 3056 1930 3128 λαμ-

349 3147 536 3217 πρῶς,
576 3147 669 3200 καὶ
694 3147 845 3200 οὑδέν
873 3146 1014 3198 αὐτὰ
1051 3146 1195 3214 μέγα
1218 3141 1468 3216 ἐνόμιζεν
1492 3163 1507 3177 ·
1540 3147 1656 3202 οὐδ’
1676 3148 1834 3220 ἠξίου
1863 3165 1929 3218 γε

346 3241 664 3295 ἐπτοεῖσθαι
715 3239 853 3310 πρὸς
885 3238 1059 3304 οὒδέν,
1101 3237 1131 3291 δ
1177 3238 1252 3308 μὴ
1284 3238 1450 3293 καλὸν
1478 3239 1693 3294 οἴκοθεν
1712 3255 1728 3271 '
1759 3242 1938 3310 εἴχετο
1965 3248 2004 3301 C

344 3335 409 3388 δέ
446 3333 725 3404 ἐπιμελῶς
777 3333 889 3386 τῶν
918 3333 1021 3386 ὅσα
1051 3331 1118 3387 ἂν
1164 3330 1364 3400 βελτίω
1421 3334 1706 3403 ποιήσειεν
1763 3335 1935 3404 ἄνδρα

346 3425 518 3480 καλόν
545 3442 604 3478 τε
634 3425 733 3480 καὶ
766 3423 1000 3493 ἀγαθὸν,
1033 3423 1129 3478 καὶ
1163 3422 1224 3488 ἐξ
1245 3421 1470 3492 ἀγαθῶν
1504 3424 1602 3478 καὶ
1629 3425 1815 3478 καλῶν
1842 3442 1936 3496 γε-

346 3519 574 3586 γονότα.
609 3516 766 3572 οὕτω
815 3517 928 3589 γὰρ
957 3515 1318 3582 πεπαίδευτο,
1352 3517 1452 3572 καὶ
1496 3516 1811 3588 μεμαθήκει
1846 3519 1937 3572 εὑ-

352 3610 456 3674 θῦς
481 3610 720 3681 τεχθεὶς,
745 3609 820 3673 ὡς
847 3611 1044 3663 εἰπεῖν,
1065 3606 1512 3679 Ἐπαναληπτέον
1535 3608 1592 3662 δὲ
1617 3609 1678 3663 τὸ
1717 3611 1937 3682 προκεί-

354 3719 544 3772 μενον.

429 3881 558 3955 Εἶχε
589 3882 658 3936 τὰ
709 3879 1013 3951 πράγματα
1046 3876 1234 3939 κακῶς
1280 3878 1347 3947 τῇ
1387 3877 1804 3949 Πελοποννήσῳ,
1838 3873 1936 3932 καὶ

351 3978 532 4031 ἐδόκει
561 3975 672 4028 δείν
717 3974 881 4028 αὑτὸν
929 3975 1067 4026 ἰέναι
1110 3968 1242 4042 παρ’
1268 3969 1442 4039 αὑτήν
1471 3983 1488 3998 ο
1524 3967 1685 4023 λῦσαι
1735 3970 1844 4039 γὰρ
1869 3969 1936 4024 ἂν

353 4074 427 4126 τὰ
477 4071 630 4126 δεινὰ
661 4069 1104 4142 παραγεγονότα,
1155 4065 1411 4136 καθάπερ
1461 4064 1619 4128 ἀκτὶς
1659 4063 1931 4134 ὁμίχλην·

353 4165 454 4218 καὶ
481 4162 542 4217 τὸ
585 4162 766 4231 δόγμα
796 4158 1068 4231 κυρωθὲν,
1117 4155 1372 4210 τοσοῦτον
1411 4156 1525 4218 τοῖς
1573 4155 1691 4207 ἐκεῖ
1739 4153 1937 4224 βεϐοή-

354 4256 492 4327 θηκε
523 4254 841 4325 πράγμασι,
876 4252 978 4320 τῆς
1009 4251 1202 4320 φήμης
1226 4247 1418 4316 ὥσπερ
1457 4247 1770 4317 ὑποπτέρου
1804 4263 1938 4300 παν-

354 4344 554 4414 ταχόσε
584 4342 1018 4413 διαδραμοὺσης,
1044 4341 1172 4394 ὅσον
1197 4339 1298 4393 οὐκ
1331 4338 1398 4395 ἄν
1431 4356 1516 4402 τις
1549 4333 1705 4408 οἶμαι
1735 4338 1938 4408 ῥᾳδίως

357 4438 726 4507 ἐπιδημήσας.
775 4436 950 4498 Δῦτδς
982 4435 1064 4498 δὲ,
1096 4433 1334 4498 ἐλπίζων
1371 4432 1549 4495 οὕτως
1580 4431 1934 4502 ὲκϐήσεσθαι,

356 4529 558 4606 δηλαδή
592 4527 771 4589 καλῶς
797 4527 867 4581 τὰ
913 4527 1218 4596 πράγματα
1258 4525 1505 4594 σχήσειν,
1551 4522 1627 4592 τῷ
1655 4525 1781 4585 τοὺς
1827 4522 1932 4576 Πε-

2041 631 2244 704 alioqui
2275 631 2573 687 scientibus
2593 631 2777 686 omnia
2821 629 2896 686 sit
2920 641 3388 699 supervacaneum
3407 627 3617 682 dicere.

2113 811 2252 871 Puto
2281 815 2487 885 itaque,
2539 815 2674 870 satis
2699 813 2990 886 [superque
3035 807 3237 880 duplici
3277 806 3383 862 hac
3428 819 3627 860 narra-

2042 906 2193 962 tione
2216 905 2532 976 probatum,
2569 905 2748 975 qualis
2784 904 2872 959 hic
2903 902 2956 956 in
2989 909 3267 973 parentes,
3301 912 3534 968 nosque.
3563 909 3628 949 ac

2043 993 2308 1069 reliquam
2367 998 2748 1068 cognationem
2809 1003 2975 1056 esset.
3043 1004 3306 1063 tanquam
3341 1006 3407 1046 ea:
3451 1004 3626 1059 ungue

2041 1090 2269 1157 leonem,
2296 1090 2443 1160 quod
2484 1089 2683 1156 aiunt;
2737 1102 2906 1159 porro
2952 1085 3287 1142 traducenda
3338 1082 3517 1138 oratio
3556 1081 3624 1135 ad

2043 1182 2326 1247 ulteriora,
2359 1189 2418 1236 ut
2445 1189 2630 1236 tamen
2676 1180 2934 1251 pleraque
2969 1178 3090 1249 ejus
3127 1190 3355 1248 operum
3394 1186 3626 1245 praeter-

2043 1273 2184 1338 iens,
2245 1289 2418 1344 pauca
2446 1281 2656 1328 tantum
2695 1288 2888 1330 rursus
2922 1271 3276 1342 perstringat,
3310 1283 3376 1324 ex
3425 1267 3627 1338 quibus

2045 1379 2224 1424 tamen
2246 1367 2366 1436 ejus
2401 1368 2688 1437 perspicue
2714 1367 2890 1421 virtus
2913 1365 3150 1420 eluceat.
3193 1363 3404 1433 Quippe
3462 1368 3629 1417 erunt

2040 1474 2150 1515 non
2190 1465 2373 1525 casus,
2398 1475 2508 1514 non
2545 1459 2800 1519 fortunae.
2833 1473 2941 1514 non
2999 1467 3306 1526 temporum
3365 1455 3628 1509 adversa-

2039 1553 2139 1608 riis
2179 1553 2538 1624 iniquiorum.
2573 1552 2698 1608 Haec
2734 1567 2968 1622 namque
3020 1549 3252 1606 Neronis
3309 1563 3374 1603 ac
3423 1547 3636 1602 Sardac.

2040 1647 2222 1718 napall
2251 1662 2415 1715 regna
2441 1647 2743 1718 insigniant
2777 1664 2792 1712 ;
2851 1646 2946 1702 sed
2978 1646 3078 1699 viri
3129 1645 3333 1699 virtute
3387 1641 3624 1696 viventis

2041 1739 2306 1810 praeclara
2339 1747 2514 1812 gesta.
2547 1739 2674 1815 Haac
2702 1739 2846 1794 enim
2879 1737 3089 1808 majora
3117 1745 3269 1802 sunt,
3296 1749 3458 1806 quam
3497 1746 3623 1803 quae

2043 1847 2072 1886 a
2102 1831 2345 1898 fortuna,
2377 1832 2470 1887 ubi
2507 1832 2676 1886 etiam
2753 1830 2960 1886 fuerint
3013 1829 3307 1886 admodum
3385 1825 3622 1881 modica.

2045 1923 2182 1979 Cum
2214 1933 2398 1980 autem
2441 1923 2597 1980 valde
2631 1922 2941 1994 splendida,
2994 1921 3185 1993 quanti
3214 1921 3306 1976 illa
3345 1918 3462 1974 ﬁeri
3529 1917 3626 1972 tie-‘-

2044 2015 2308 2071 buerint?
2340 2015 2477 2071 Nam
2499 2025 2560 2070 ut
2597 2015 2722 2086 quis
2756 2014 2921 2070 nobili
2947 2015 3203 2085 prosapia
3245 2022 3402 2067 ortus
3429 2011 3502 2066 sit
3557 2024 3627 2065 ac

2045 2107 2242 2163 illustri
2298 2109 2500 2178 patria.
2562 2109 2970 2179 admodumque
3013 2105 3298 2176 splendide
3347 2105 3516 2162 vivat.
3559 2118 3626 2158 ac

2043 2200 2116 2256 sit
2163 2199 2534 2258 circumfusus
2594 2215 2878 2258 servorum
2946 2199 3199 2270 agmine,
3272 2196 3626 2267 abundetqne

2044 2293 2200 2360 copia
2231 2291 2570 2357 divitiarum,
2597 2293 2748 2347 aciis
2781 2291 3042 2348 omnibus
3089 2291 3275 2346 clarus
3335 2289 3625 2354 trahentur.

2043 2385 2245 2456 quibus
2272 2384 2500 2441 excitari
2528 2385 2730 2442 habent
2766 2392 2992 2453 tropaea
3015 2384 3084 2439 de
3113 2382 3385 2446 hostibus,
3414 2396 3478 2437 ac
3499 2382 3626 2451 qni-

2043 2477 2148 2534 bus
2183 2479 2219 2533 ii
2242 2479 2334 2550 qui
2359 2478 2585 2543 habent.
2642 2479 2712 2534 ab
2742 2479 2896 2535 orbis
2935 2477 3175 2534 universi
3205 2475 3427 2540 ﬁnibus,
3451 2476 3626 2530 bonu-

2044 2571 2198 2628 rihns
2237 2580 2586 2644 augeantur;
2622 2571 2738 2628 htec
2790 2571 2982 2641 utique
3026 2568 3357 2625 monstrosis
3404 2583 3624 2638 quoque

2045 2663 2387 2731 hominibus,
2428 2680 2492 2721 ac
2511 2664 2742 2720 alienea
2778 2663 2995 2719 ratione
3046 2663 3375 2727 viventibus,
3427 2675 3626 2730 suppe-

2043 2767 2158 2813 tant
2188 2776 2204 2824 ;
2241 2759 2441 2829 quibus
2479 2758 2640 2831 plane
2669 2773 2734 2813 ac
2761 2757 2951 2812 virtuti
2971 2756 3114 2812 nulla
3164 2754 3480 2812 communio
3509 2751 3626 2809 fue-

2043 2853 2133 2904 rit.
2172 2849 2536 2916 Quamobrem
2576 2849 2656 2902 vir
2684 2848 2750 2902 ad
2790 2848 2960 2902 Deum
2992 2846 3292 2917 profectus,-
3344 2844 3627 2913 nostrique

2043 2941 2174 3002 illic.
2197 2952 2358 3011 prout
2401 2940 2647 2997 moribus
2688 2940 2924 2996 habebat
2981 2947 3383 3010 comparatum,
3432 2937 3523 2992 ubi
3569 2944 3626 2988 rt

2041 3033 2276 3102 amplius
2331 3031 2498 3099 licet,
2550 3031 2748 3088 iterum
2799 3034 2990 3088 curam
3057 3047 3298 3104 gerens,
3355 3031 3625 3086 recensita

2040 3124 2226 3178 omnia
2256 3123 2535 3193 magniﬁce
2580 3123 2896 3195 spernebat,
2924 3139 2989 3180 ac
3033 3125 3167 3180 nihil
3229 3125 3409 3198 magni
3465 3137 3627 3196 puta-

2039 3218 2170 3285 bat;
2207 3232 2308 3272 nec
2336 3233 2396 3272 re
2431 3217 2539 3272 ulla
2585 3218 2804 3273 volebat
2858 3215 3212 3274 admirationi
3263 3234 3408 3284 esse,
3455 3234 3622 3290 quam

2040 3310 2086 3365 si
2114 3325 2235 3380 quae
2284 3309 2401 3380 ipsa
2440 3325 2505 3366 ac
2533 3325 2598 3366 ex
2639 3311 2877 3381 propriis
2904 3311 3370 3381 prmclara'esset:
3416 3312 3628 3368 studio-

2039 3417 2099 3457 se
2132 3417 2264 3458 vero
2291 3403 2626 3468 sectabatur,
2661 3404 2708 3458 ei
2755 3415 2864 3474 qua
2917 3403 3240 3474 prasclarum
3291 3419 3355 3460 ac
3398 3404 3624 3470 bonum,

2037 3509 2219 3566 exque
2270 3494 2435 3551 bonis
2507 3511 2572 3550 at:
2627 3496 2905 3567 praeclaris
2935 3506 3115 3552 ortum
3171 3498 3449 3554 decerent.
3533 3499 3627 3553 Sic

2040 3602 2277 3657 namque
2311 3589 2596 3644 institutus
2645 3587 2846 3662 fuerat,
2907 3589 3096 3660 sicque
3128 3606 3255 3645 mox
3311 3599 3499 3658 nattts,
3564 3601 3626 3645 ttt

2039 3681 2114 3735 ita
2148 3681 2351 3745 dicam,
2398 3681 2687 3738 didicerat.
2734 3682 3084 3738 Resumenda
3156 3684 3318 3738 nobis
3375 3684 3626 3755 subjecta

2041 3774 2290 3830 materia.

2109 3863 2248 3918 Male
2283 3880 2371 3920 res
2445 3863 2802 3933 Peloponnesi
2845 3863 3148 3930 habebant,
3202 3866 3435 3935 ejusque
3491 3866 3628 3920 illuc.

2039 3955 2305 4027 proiectio
2335 3971 2516 4024 opera:
2549 3956 2784 4026 pretium
2823 3956 3132 4012 videbatur.
3189 3957 3328 4012 Fore
3390 3959 3537 4012 enim
3565 3969 3625 4011 ut
3689 3972 3697 3979 '

2037 4048 2222 4104 statim
2271 4064 2512 4119 praesens
2552 4048 2695 4104 mala
2729 4049 3072 4114 dissolveret,
3105 4050 3180 4104 uti
3217 4050 3626 4104 ratlius.nebn-

2039 4141 2166 4195 lam.
2214 4138 2450 4195 Tantum
2501 4140 2772 4210 saneejus
2827 4141 3081 4195 mittendi
3109 4141 3419 4206 decretum,
3476 4142 3633 4197 fatua.

2039 4230 2243 4300 ubique
2275 4241 2622 4305 pervagante,
2660 4230 2810 4284 illius
2836 4230 3135 4300 provincia:
3162 4233 3325 4286 rebus
3361 4234 3620 4293 contulit,

2037 4330 2332 4392 quantum,
2387 4332 2541 4410 ppto,
2597 4337 2760 4379 nemo
2793 4323 2953 4378 tacile
2987 4324 3251 4394 potuisset
3309 4327 3622 4393 przesentizt.

2037 4416 2286 4486 Eumque
2311 4415 2401 4468 ille
2442 4430 2755 4470 successum
2780 4431 3044 4485 sperans.
3095 4423 3154 4469 ut
3181 4415 3401 4487 inquam
3462 4417 3623 4474 Ρριιμ

2039 4507 2266 4575 punuesi
2292 4521 2399 4570 res,
2427 4505 2543 4562 sola
2563 4508 2682 4576 ejus
2713 4507 2859 4562 fama
2893 4509 3158 4577 nominis,
3187 4526 3355 4582 quam
3389 4513 3501 4567 illic
3523 4529 3621 4582 ap-

357 4603 753 4690 λοποννησίους
783 4617 1166 4690 μεμαθηκέναι
1201 4616 1269 4670 τὰ
1299 4617 1431 4688 περὶ
1474 4615 1654 4678 τοῦδε,
1690 4617 1785 4668 καὶ
1817 4614 1936 4682 μετ’

2041 4599 2215 4667 prime
2249 4608 2436 4654 notam
2471 4599 2657 4664 sciret,-
2685 4611 3155 4670 componerentur
3196 4620 3210 4657 :
3245 4619 3308 4658 ac
3339 4604 3427 4658 ubi
3453 4609 3619 4674 paulu

356 4714 416 4766 οὐ
454 4712 593 4767 πολὺ
623 4710 815 4782 μαθὼν
845 4711 987 4764 κατὰ
1016 4711 1116 4778 τὴν
1145 4708 1307 4773 δόξαν
1356 4707 1722 4779 ἐκϐεϐηκότα,
1751 4707 1939 4776 κέκρι-

359 4822 455 4858 κεν
505 4804 588 4856 ἔτι
640 4801 1148 4873 προσπαραμείναι,
1199 4800 1304 4863 ἓως
1338 4799 1425 4865 ἂν,
1481 4800 1663 4853 πάντα
1692 4799 1938 4868 γεγονὼς

361 4900 454 4953 καὶ
479 4896 964 4967 διαπραξάμενος,
983 4894 1070 4967 ίδῃ
1101 4894 1201 4964 μὲν
1227 4895 1318 4945 τὸν
1347 4891 1571 4962 βασιλέα
1604 4891 1698 4944 καὶ
1723 4892 1935 4961 πατέρα

360 4993 418 5045 ἐν
436 4993 549 5055 τοῖς
576 4988 830 5043 εἰωθόσιν
853 4987 1008 5050 ὅντα,
1047 4985 1392 5055 πραγμάτων
1425 4984 1528 5054 μέν
1548 4983 1937 5051 ἀπαλλαγέντα

363 5083 586 5144 τελέως,
620 5081 867 5153 γαλήνης
895 5079 954 5133 δὲ
988 5078 1190 5148 λευκῆς
1229 5075 1608 5131 ἀπολαύοντα·
1643 5075 1730 5148 ίδῃ
1757 5074 1814 5128 δὲ
1842 5075 1938 5128 καὶ

362 5177 460 5244 τὴν
507 5173 723 5244 μητέρα
779 5172 877 5224 σὺν
905 5169 985 5241 τῷ
1029 5171 1233 5240 ἑαυτῆς
1259 5169 1430 5240 πατρὶ
1481 5166 1578 5221 καὶ
1606 5169 1746 5237 ζταῐν
1783 5165 1938 5220 ἁδελ-

363 5270 493 5339 φαῖν
543 5266 729 5322 οῐκαδε
783 5263 1184 5319 ἐπανελθοῦσαν
1221 5264 1287 5318 ἐκ
1322 5263 1422 5331 τῆς
1471 5261 1740 5332 φρουρᾶς,
1790 5260 1848 5313 ἐν

363 5361 681 5430 κατείχοντο
707 5358 861 5424 παρὰ
907 5355 1016 5410 τῶν
1049 5354 1320 5408 Λατίνων.
1353 5352 1527 5407 οὑδέν
1574 5353 1687 5424 γὰρ
1730 5348 1843 5423 ἐρῶ
1868 5369 1934 5421 γε

362 5454 526 5508 πλέον
562 5449 778 5505 πολλῶν
813 5448 998 5503 ἕνεκα.
1153 5460 1161 5469 ·

430 5546 605 5599 Ταυτὶ
659 5543 760 5613 μὲν
810 5540 903 5596 οῦν
941 5539 1104 5610 ἐξέϐη
1158 5540 1296 5594 κατὰ
1348 5538 1579 5601 σκοπὸν,
1630 5537 1726 5590 καὶ
1761 5536 1934 5607 πέρας

361 5636 554 5690 ἐλαϐεν
583 5634 812 5702 ἀγαθὸν,
845 5634 1246 5702 συναιρομένης
1271 5631 1370 5700 τῆς
1397 5629 1550 5694 θείας
1570 5628 1766 5698 ῥοπῆς,
1794 5627 1934 5696 μετὰ

361 5731 425 5782 τὸ
454 5729 655 5798 πολλὴν
683 5728 784 5798 μὲν
814 5727 978 5780 αὐτὸν
1006 5725 1230 5795 ἀνδρίαν
1263 5725 1359 5777 καὶ
1390 5724 1774 5791 γενναιότητα,
1804 5719 1936 5772 πολ-

364 5818 466 5888 λὴν
497 5818 541 5869 δ’
574 5818 907 5889 ἐγρήγορσιν
935 5817 1028 5870 καὶ
1063 5815 1322 5885 σπουδὴν,
1350 5812 1556 5882 πολλὴν
1582 5810 1640 5863 δὲ
1668 5809 1934 5881 φρόνησιν

364 5909 737 5976 ἐπιδείξασθαι
782 5909 860 5978 τῷ
897 5909 1032 5979 πρὸς
1074 5909 1200 5970 τοὺς
1244 5906 1507 5966 Λατίνους
1553 5903 1674 5956 τότε
1707 5900 1931 5970 πολέμῳ

2043 4697 2164 4759 post
2189 4689 2268 4743 sic
2312 4690 2489 4760 reipsa
2519 4691 2854 4748 successisse
2889 4695 3168 4762 cognovit,
3193 4708 3377 4748 moras
3402 4695 3566 4764 aliqu.
3590 4711 3614 4745 ς

2042 4777 2336 4834 trahendas
2381 4780 2562 4845 duxit,
2619 4783 2745 4835 dum
2813 4783 3034 4836 interim
3079 4781 3257 4837 factus
3313 4784 3523 4848 omnia,
3559 4801 3621 4836 3c

2042 4869 2294 4922 universa
2329 4883 2543 4939 gerens,
2586 4869 2970 4940 imperatorem
3020 4883 3084 4922 ac
3143 4878 3353 4939 patrem
3407 4869 3460 4922 in
3513 4885 3622 4938 prt-

2040 4963 2182 5016 stina
2217 4965 2529 5018 restitutum
2571 4961 2795 5025 videret,
2851 4975 2882 5014 a
2908 4960 3142 5031 negotiis
3201 4958 3439 5030 perfecte
3483 4961 3625 5015 libr».

2041 5073 2184 5133 rum,
2215 5072 2278 5110 ac
2334 5054 2532 5110 blanda
2600 5053 2873 5108 fruentem
2925 5053 3360 5122 tranquillitate;
3409 5053 3621 5108 videret

2039 5163 2170 5204 vero
2199 5158 2253 5204 et
2283 5157 2538 5213 matrem,
2574 5145 2875 5214 matrisque
2898 5155 3130 5216 patrem,-
3156 5159 3221 5200 ae
3250 5158 3489 5210 sorores,
3521 5147 3626 5200 (10--

2041 5258 2188 5296 ωιιιη
2210 5257 2411 5315 pmnes
2439 5253 2690 5296 reversos
2713 5253 2744 5292 a
2780 5238 3060 5309 praesidio,
3091 5251 3204 5308 quo
3237 5236 3418 5292 Latini
3470 5247 3620 5296 teneo

2039 5347 2181 5389 rent.
2204 5332 2313 5391 Nec
2343 5334 2487 5390 enim
2544 5332 2698 5404 plura
2745 5332 2865 5386 hac
2907 5329 3168 5394 referam,
3220 5330 3385 5400 idque
3434 5330 3620 5385 multis

2037 5427 2105 5480 de
2127 5426 2329 5482 causis.

2111 5518 2204 5573 Sic
2227 5518 2415 5586 utique
2443 5531 2534 5573 res
2594 5525 3006 5579 successerunt,
3055 5529 3122 5569 ac
3146 5515 3348 5568 bonum
3393 5527 3620 5583 accepe-

2038 5618 2167 5664 runt
2200 5611 2382 5676 tinem,
2410 5607 2521 5662 Deo
2550 5608 2691 5662 bene
2718 5607 2959 5676 auSpice,
2997 5607 3090 5660 ubi
3149 5606 3241 5661 ille
3297 5605 3438 5660 bello
3490 5615 3620 5660 tunc

2036 5712 2228 5759 contra
2266 5703 2508 5766 Latinos,
2570 5701 2799 5756 multam
2860 5699 3260 5764 fortitudinem,
3307 5714 3372 5753 ac
3402 5698 3613 5753 strenui

2037 5798 2207 5852 robur
2227 5781 2419 5858 animi,
2475 5793 2815 5862 multamque
2838 5807 2901 5846 ac
2956 5791 3173 5860 vigilem
3227 5790 3610 5858 diligentiam,

2037 5892 2260 5946 multam
2286 5888 2516 5956 denique
2541 5885 2906 5957 prudentiam,
2937 5899 3034 5952 pro
3080 5884 3278 5953 patria,
3327 5897 3391 5936 ac
3433 5893 3614 5953 gente,
