4060 6610
485 374 590 441 2ῦ7

1643 372 2042 439 MANUELIS
2084 373 2528 437 PALEOLOGI

3664 372 3770 436 208

486 485 940 559 parentibusque,
971 483 1275 555 decertans.
1315 482 1669 555 ostendisset.
1720 485 1857 539 Cum
1918 482 2054 537 nihil

2163 487 2301 559 ὑπὲρ
2339 487 2441 558 τῆς
2478 488 2736 558 πατρίδος
2771 506 2827 542 τε
2876 488 2971 543 καὶ
3005 488 3100 542 τοῦ
3130 488 3341 557 γένους
3372 485 3485 557 ,καὶ
3520 484 3637 539 τῶν
3670 503 3802 555 φυο.

486 581 669 648 itaque
697 578 889 633 deesse
919 575 1218 640 videretur,
1256 590 1368 645 quo
1402 575 1486 629 vir
1533 575 1709 630 bonus
1781 584 1836 629 et
1884 575 2060 629 bonus

485 671 658 727 videri
680 670 872 740 possit,
894 668 1125 724 delatam
1158 667 1520 737 Peloponnesi
1580 667 1919 736 provinciam
1966 680 2060 720 ac-

436 822 441 829 .
486 765 639 833 cipit,
673 778 782 819 non
805 772 911 816 tam
935 761 1279 816 hereditario
1308 759 1454 828 jure,
1485 775 1649 830 quam
1676 760 1730 813 in
1761 767 2060 830 partem.ac

482 856 853 929 justissimum
889 852 1332 923 praemium,cum
1368 852 1721 921 impcnsioris
1750 850 1898 903 illius
1932 862 2052 918 gra-

492 949 746 1006 titudinis
778 948 833 1001 in
864 941 1143 1016 parentes,
1209 954 1322 998 tum
1378 944 1636 1001 exhibita
1699 940 2056 1005 fortitudinis,

486 1056 561 1098 ac.
617 1042 785 1096 totius
811 1038 932 1108 ejus
997 1036 1218 1107 reliqum
1292 1034 1534 1090 virtutis.
1596 1035 1847 1089 Arbitror
1914 1031 2059 1087 enim

486 1135 579 1189 hic
613 1131 984 1196 concurrisse,
1004 1140 1064 1183 ut
1084 1143 1191 1199 qua
1237 1126 1360 1195 quis
1389 1127 1582 1182 lubens
1608 1127 1775 1193 dicat,
1811 1124 2060 1197 quojure

487 1224 780 1279 admodum
820 1222 1050 1276 delatam
1089 1221 1205 1272 viro
1249 1218 1583 1289 provinciam
1642 1218 1770 1272 velit
1810 1216 2057 1287 probare.

485 1302 713 1386 Accépit
736 1329 867 1384 ergo
898 1327 1075 1381 neque
1114 1311 1283 1381 patris
1324 1320 1713 1379 congruentem
1765 1307 2056 1372 desiderio,

483 1423 588 1464 nec
624 1422 754 1462 vero
786 1406 880 1459 filii
914 1403 1125 1465 virtuti.
1158 1401 1254 1456 sed
1297 1401 1555 1470 praesenti
1599 1401 1771 1470 magis
1801 1400 2063 1465 fortunae,

485 1517 551 1557 ac
581 1500 744 1555 rebus
773 1499 851 1553 sic
890 1496 1124 1551 amictis.
1158 1494 1223 1547 At
1252 1494 1396 1548 enim
1435 1493 1623 1548 videor
1651 1508 1759 1547 non
1804 1501 2059 1548 accurate

484 1592 648 1649 verba
681 1604 996 1660 usurpasse.
1049 1585 1117 1641 Ut
1162 1587 1286 1654 quis
1310 1586 1453 1639 enim
1483 1599 1611 1639 vero
1657 1585 1957 1655 proximius
1977 1568 2059 1639 di-

2165 580 2396 635 σάντων.
2426 579 2611 650 Μηδὲν
2643 576 2736 635 οὖν
2763 576 2900 644 ὅλως
2929 580 3315 652 παραλιπόντι
3359 578 3479 631 τῶν
3523 578 3675 640 ὅσοις
3703 577 3768 630 ἂν

2161 666 2308 740 εῖχεν
2342 672 2484 744 ἀνὴρ
2523 671 2752 741 ἀγαθὸς,
2784 671 2917 726 αὑτό
2947 688 3010 740 γε
3039 671 3183 741 τοῦτ’
3233 671 3391 741 ἀνὴρ
3424 668 3639 738 ἀγαθὸς
3666 686 3770 736 φα-

2160 762 2342 832 νῆναι,
2393 764 2601 818 δίδοται
2647 763 2822 835 τούτῳ
2851 766 2884 832 ἡ
2940 763 3400 831 Πελοπόννησος,
3434 761 3500 815 οὐ
3567 760 3769 831 μᾶλλον

2162 855 2364 926 κλῆρος
2392 856 2450 927 ἢ,
2478 857 2660 927 μερὶς,
2695 856 2727 927 ἢ
2760 856 2927 927 γέρας
2976 856 3338 909 δικαιότατον
3376 852 3487 923 τῆς
3532 869 3597 905 τε
3631 851 3766 922 πρὸς

2160 947 2359 1015 γονέας
2412 948 2857 1018 εὐγνωμοσύνης,
2886 948 2983 1017 τῆς
3031 963 3091 1000 τε
3125 946 3395 1016 ἀνδρίας,
3443 938 3518 1016 ἦς
3551 944 3769 997 ἐπεδεί-

2162 1037 2310 1102 ξατο,
2342 1037 2437 1089 καὶ
2468 1036 2770 1107 συλλήϐδην
2794 1037 2891 1104 τῆς
2937 1036 3132 1105 λοιπῆς
3160 1034 3408 1107 ἀρετῆς.
3443 1030 3624 1103 Οῐμαι
3660 1033 3766 1102 γὰρ

2160 1129 2411 1183 ἐνταυθοῖ
2459 1128 2985 1198 συνδεδραμηκέναι,
3040 1130 3257 1198 ὅσαπερ
3314 1129 3388 1181 ἄν
3438 1144 3556 1180 τινι
3615 1126 3769 1196 φίλον

2158 1219 2364 1285 λέγειν,
2393 1218 2461 1271 δι’
2490 1212 2565 1272 ὧν
2596 1219 2708 1289 ἔχοι
2755 1218 3028 1273 δεικνύναι
3066 1218 3281 1287 ταύτην
3329 1202 3611 1271 δεδόσθαι
3632 1215 3781 1281 τῷδε,

2159 1311 2350 1381 τάνδρὶ
2382 1311 2520 1380 μετά
2552 1311 2746 1363 πολλοῦ
2773 1310 2866 1364 τοῦ
2901 1311 3132 1365 δικαίου.
3165 1313 3383 1380 Ἔσχεν
3410 1309 3518 1363 οὖν
3551 1310 3764 1369 ἐκεῖνος

2158 1402 2342 1476 τήνδε,
2369 1403 2493 1455 οὔτε
2518 1390 2618 1455 τοῦ
2651 1402 2863 1472 πατρὸς
2893 1406 2959 1472 τῇ
2988 1402 3273 1472 προθυμίᾳ
3310 1402 3761 1472 ξυμϐαίνουσαν,

2160 1495 2284 1548 οὕτε
2337 1496 2446 1564 μὴν
2472 1497 2539 1565 τῇ
2588 1493 2682 1547 τοῦ
2713 1494 2904 1557 παιδος
2935 1495 3131 1564 ἀρετῇ,
3185 1494 3333 1548 ἀλλὰ
3379 1497 3453 1564 τῇ
3505 1493 3762 1564 παρούσῃ

2157 1585 2296 1656 τύχῃ
2332 1586 2424 1638 καὶ
2455 1589 2519 1656 τῇ
2566 1584 2675 1638 τῶν
2729 1572 3076 1655 πραγμάτων
3121 1586 3363 1655 ἀπορίᾳ.
3416 1585 3588 1638 Ἀλλά
3635 1585 3765 1654 γὰρ,

485 1692 595 1748 cat,
626 1696 735 1736 non
765 1691 872 1736 tam
899 1680 973 1733 illi
1003 1679 1408 1746 Peloponnesus
1464 1677 1587 1730 data
1623 1687 1727 1741 est,
1771 1691 1932 1744 quam
1967 1674 2058 1729 ille

2163 1679 2232 1740 ὡς
2265 1678 2461 1741 ἔοικεν,
2495 1677 2595 1731 οὐκ
2622 1677 2869 1747 ἀκριϐῶς
2900 1681 3011 1742 τοῖς
3055 1677 3323 1749 ὀνόμασιν
3359 1676 3760 1749 ἐχρησάμεθα.

483 1776 880 1845 Peloponneso.
911 1770 1057 1825 Nihil
1082 1769 1226 1824 enim
1249 1769 1336 1822 illa
1362 1784 1456 1836 per
1484 1769 1536 1822 id
1563 1777 1776 1836 tempus
1804 1768 2054 1822 auxiliari

2163 1768 2225 1820 El
2252 1769 2360 1837 γάρ
2386 1768 2784 1839 τάληθέσιερον
2821 1769 2964 1822 εἴποι
3012 1786 3115 1835 τις,
3153 1769 3212 1821 ού
3254 1769 3478 1839 μᾶλλον
3514 1768 3698 1838 τούτῳ
3728 1769 3759 1838 ἡ

483 1875 736 1938 poterat,
765 1863 858 1919 sed
906 1862 1027 1933 ejus
1062 1860 1234 1931 magis
1259 1859 1463 1913 auxilio
1494 1859 1725 1925 egebat;
1758 1857 1969 1912 tametsi
1999 1867 2054 1912 et

2163 1859 2567 1930 Πελοπόννησος
2602 1861 2751 1932 ἥπερ
2784 1852 2941 1922 οὗτος
2969 1859 3179 1914 δέδοται
3208 1864 3275 1930 τῇ
3319 1861 3760 1930 Πελοποννήσῳ.

482 1961 574 2015 ille
608 1958 688 2017 sic
712 1958 958 2020 haberet,
1012 1966 1071 2007 ut
1097 1954 1145 2006 ei
1178 2018 1183 2023 1
1213 1951 1381 2006 nihilo
1431 1950 1611 2006 secius
1665 1950 1869 2004 auxilio
1917 1965 2053 2019 opus

2163 1952 2233 2005 Οὐ
2257 1953 2366 2022 γὰρ
2403 1953 2623 2022 βοηθεῖν
2649 1953 2844 2022 ἐκείνῳ
2879 1953 3000 2004 τότε
3040 1952 3331 2021 δυνάμεως
3370 1950 3535 2022 εἶχεν
3559 1968 3575 1982 ⁶
3625 1952 3760 2005 ἀλλὰ

483 2049 783 2119 e_sset:qui
814 2062 989 2117 nuper
1043 2048 1225 2099 nudus
1267 2043 1518 2098 onmibus
1565 2057 1820 2112 egressus
1860 2042 2052 2112 praesi-

2163 2045 2256 2114 τῆς
2298 2044 2462 2097 αὑτοῦ
2518 2042 2771 2114 βοηθείας
2813 2044 3014 2113 μᾶλλον
3066 2041 3487 2116 ἦνοχρῂζουσα
3517 2061 3532 2076 ’
3586 2044 3762 2098 καίτοι

482 2145 598 2209 dio,
630 2141 764 2196 nihil
784 2154 880 2210 per
904 2147 1140 2205 tempus,
1179 2149 1278 2188 con
1306 2141 1520 2189 meatus
1557 2133 1853 2188 necessarii
1903 2148 2054 2187 com-

2163 2137 2410 2196 κάκεῖνος
2463 2134 2705 2199 τοιοῦτος
2763 2132 2830 2209 ἦν
2874 2137 3214 2203 τηνικαῦτα,
3272 2137 3431 2191 ὥστε
3499 2134 3757 2208 βοηθείας

483 2249 677 2305 parare
719 2233 1008 2302 potuisset.
1047 2229 1427 2283 Commeatum
1463 2226 1608 2288 dico.
1660 2239 1936 2280 armorum
1968 2241 2053 2280 ro-

2163 2227 2380 2292 Βεῑσθαι,
2412 2227 2567 2295 ψιλὸς
2611 2228 2710 2296 μὲν
2745 2229 2967 2281 πάντων
3033 2229 3132 2298 τῆς
3178 2232 3441 2299 φρουρᾶς
3496 2228 3757 2293 ἐξελθὼν,

484 2327 606 2387 bur,
645 2322 1082 2390 suilicientesque
1120 2318 1397 2387 pecunias,
1433 2316 1484 2370 in
1537 2317 1847 2372 necessaria
1910 2315 2054 2368 mili-

2163 2321 2325 2392 μηδὲν
2355 2319 2411 2373 δὲ
2441 2319 2690 2388 δυνηθεὶς
2724 2309 2810 2373 διὰ
2858 2321 2950 2372 τὸν
2985 2320 3179 2390 καιρὸν
3211 2320 3571 2391 κτήσασθαι.
3606 2320 3760 2385 Λέγω

486 2428 600 2479 tum
639 2412 1028 2483 impendendas
1059 2409 1331 2473 subsidia,
1371 2422 1434 2462 ac
1458 2408 1680 2462 omnino
1706 2408 1757 2461 in
1798 2422 1917 2476 quae
1952 2406 2053 2460 im-

2163 2412 2211 2465 Βὲ
2266 2413 2462 2476 κτῆσιν
2491 2412 2589 2479 τὴν
2621 2413 2728 2464 ἀπὸ
2758 2412 2868 2463 τῶν
2907 2410 3086 2464 ὃπλων
3136 2412 3315 2480 ἰσχὺν,
3350 2412 3454 2466 καὶ
3482 2411 3760 2483 ἀρκοῦντα

485 2506 642 2576 pendi
668 2503 1017 2559 commodum
1047 2501 1314 2555 videatur.
1379 2498 1534 2565 Quod
1579 2501 1724 2554 enim
1775 2498 1840 2552 ad
1867 2498 2049 2568 ingen-

2163 2505 2434 2576 χρήματα,
2472 2504 2651 2566 καλῶς
2688 2488 3093 2574 ἀναλισκόμενα
3130 2504 3209 2566 είς
3234 2507 3304 2557 τά
3333 2505 3455 2558 τῶν
3489 2521 3760 2573 στρατιω-

486 2612 567 2654 tes
604 2599 890 2653 thesauros
952 2603 1182 2663 spectat,
1226 2592 1644 2662 confertamque
1688 2591 2047 2660 marsupium,

483 2706 547 2753 ac
575 2703 768 2745 aurum
819 2693 1218 2755 argentumque
1285 2682 1426 2738 male
1447 2688 1729 2752 congesta,
1779 2697 1843 2737 ac
1894 2682 2050 2752 pejus

484 2790 723 2845 servata,
760 2781 875 2834 haec
901 2776 947 2832 si
976 2775 1292 2841 affluebant,
1329 2774 1750 2844 haudquaquam
1810 2788 2051 2846 appone-

2151 2597 2261 2652 τῶν
2286 2597 2587 2667 ἐπιτήδεια,
2619 2595 2714 2649 καὶ
2745 2595 2903 2661 δλως,
2934 2595 3042 2665 ὅπη
3080 2596 3332 2667 συνοίσῃ.
3372 2596 3626 2651 Πλοῦτον
3651 2597 3756 2665 γὰρ

2151 2685 2232 2739 ὃτι
2273 2683 2464 2750 πολὺν,
2523 2682 2616 2736 καὶ
2653 2682 2940 2754 βαλάντιον
2981 2684 3163 2754 άδρδν,
3207 2686 3306 2738 καὶ
3355 2688 3619 2758 χρυσίον,
3660 2685 3753 2739 καὶ

2152 2773 2441 2847 ἀργύριον,
2467 2774 2837 2845 ἀθροιζόμενα
2872 2775 3083 2839 κακῶς,
3116 2776 3211 2829 καὶ
3238 2779 3434 2848 χεῖρον
3473 2777 3747 2846 φυλαττό-

483 2875 577 2927 bat
600 2887 720 2935 cor,
748 2867 966 2924 Davidis
990 2868 1285 2922 obsecutus
1332 2866 1561 2922 consilio
1587 2865 1654 2922 ⁵³.
1686 2865 1948 2920 Caeterum
1974 2863 2054 2919 di-

2163 2884 2313 2937 μενα,
2349 2867 2522 2920 ταῦτα
2555 2867 2611 2920 δὲ
2643 2869 2691 2920 εί
2739 2866 2913 2938 ἔρρει,
2967 2869 3029 2920 οὐ
3072 2869 3444 2937 προσετίθετο
3494 2866 3748 2940 καρδίαν,

483 2967 612 3021 vino
639 2963 798 3033 plane
820 2969 953 3014 nutu
981 2975 1042 3014 ac
1067 2960 1348 3024 instinctu,
1387 2973 1491 3013 avo
1515 2957 1641 3012 inde
1686 2967 1935 3028 rogante,
1962 2972 2054 3026 pa-

2163 2959 2231 3029 εῷ
2260 2960 2422 3014 Δαϐὶδ
2454 2960 2799 3028 πειθόμενος.
2821 2960 2967 3029 Πλὴν
2989 2959 3090 3012 οὐκ
3121 2959 3252 3013 ἄνευ
3283 2961 3445 3014 θείου
3480 2961 3753 3031 νεύματος

470 3066 613 3110 eruo
642 3054 1011 3118 obsecrante,
1050 3052 1219 3120 patris
1235 3049 1464 3119 judicio,
1526 3047 1713 3103 matris
1745 3051 2046 3115 voluntate,

2163 3051 2255 3105 καὶ
2289 3054 2483 3123 ῥοπῆς,
2524 3052 2781 3122 δεομένου
2818 3054 2919 3123 μὲν
2947 3054 3159 3107 ἐκεῖθεν
3184 3054 3281 3106 τοῦ
3308 3054 3496 3119 θείου,
3536 3054 3750 3121 ἀξιοῦν-

485 3147 579 3202 sed
602 3153 655 3199 et
691 3159 811 3199 mea
843 3144 1036 3213 ipsius,
1077 3142 1141 3197 ad
1168 3156 1262 3196 vos
1304 3139 1645 3195 desideratus
1670 3140 1837 3205 venit,
1880 3156 2057 3211 quan-

2165 3159 2255 3207 τος
2280 3144 2336 3196 δὲ
2358 3143 2452 3198 τοῦ
2480 3146 2726 3213 πάππου,
2748 3145 2930 3214 κρίσει
2956 3145 3055 3215 μὲν
3078 3148 3144 3216 τῇ
3165 3145 3258 3199 τοῦ
3284 3150 3529 3218 πατρὸς,
3556 3146 3750 3215 γνώμῃ

487 3252 651 3308 quam
684 3251 794 3292 non
842 3229 1002 3290 facile
1029 3233 1130 3289 fuit
1174 3233 1418 3302 paternis
1480 3232 1855 3301 maternisque
1903 3231 2058 3286 avelli

2163 3233 2219 3288 δὲ
2247 3237 2310 3305 τῇ
2337 3236 2437 3305 τῆς
2479 3222 2708 3304 μητρὸς,
2740 3235 2934 3306 γνώμῃ
2962 3237 3017 3289 δὲ
3051 3239 3146 3290 καὶ
3177 3239 3458 3310 ἡμετέρᾳ,
3505 3234 3646 3309 ἧκεν
3674 3239 3751 3299 είς

486 3328 762 3394 manibus,
797 3327 991 3382 addam
1020 3339 1147 3381 vero
1182 3334 1236 3380 et
1290 3324 1461 3391 meis;
1504 3322 1702 3377 nedum
1754 3323 1821 3376 ab
1851 3322 2058 3392 impen-

2163 3326 2308 3395 ὑμᾶς
2336 3328 2364 3379 ὁ
2416 3326 2787 3396 ποθούμενος’
2824 3330 3002 3380 καίτοι
3048 3329 3109 3381 ού
3160 3329 3366 3399 ῥαδίως
3421 3331 3748 3383 ἀπέσπαστο

485 3420 614 3474 siori
645 3419 735 3473 illo
753 3416 970 3487 affectu,
1002 3418 1095 3472 sed
1121 3416 1341 3485 etquod
1376 3430 1442 3471 ex
1491 3414 1757 3470 anteactis
1792 3413 1901 3484 jam
1942 3430 2058 3485 pro-

2163 3417 2270 3471 τῶν
2296 3417 2497 3488 χειρῶν
2526 3417 2815 3489 πατρικῶν
2844 3435 2905 3471 τε
2944 3421 3039 3473 καὶ
3084 3420 3397 3490 μητρικῶν,
3447 3424 3746 3491 προσθήσω

485 3513 695 3574 basset,
725 3523 885 3579 quam
911 3518 1096 3577 posset
1111 3508 1307 3578 juvarc
1349 3504 1691 3576 gravissimis
1722 3505 2058 3575 temporibus

2163 3510 2216 3562 δὲ
2242 3510 2324 3564 δτι
2358 3510 2451 3563 καὶ
2480 3510 2591 3563 τῶν
2631 3510 2781 3579 ὲμῶν
2807 3525 2824 3542 ·
2857 3510 2916 3564 οὐ
2953 3510 3040 3563 διὰ
3067 3511 3127 3565 τὸ
3174 3512 3403 3579 φίλτρον
3438 3516 3604 3582 μόνον
3632 3511 3745 3582 ἠλί-

487 3618 550 3656 ac
582 3603 746 3656 rebus
774 3601 1045 3670 aquibus
1084 3599 1316 3654 necdum
1342 3596 1581 3667 perfecte
1637 3603 2058 3652 emerserarIus.

2163 3619 2256 3655 κον
2283 3601 2363 3664 ὃν,
2396 3601 2532 3657 ἀλλὰ
2580 3604 2670 3653 καὶ
2703 3602 2792 3654 διὰ
2821 3602 2881 3655 τὸ
2912 3602 3088 3667 δεῖξαι
3138 3604 3253 3665 τοῖς
3288 3604 3598 3672 φθάσασιν,
3634 3598 3745 3661 οἷος

486 3694 626 3760 Quia
657 3704 837 3748 tamen
871 3706 1050 3763 (ψει-ιο
1076 3692 1312 3764 pretium
1357 3698 1492 3755 erat,
1525 3698 1585 3743 ut
1614 3688 1884 3744 obtineret
1918 3690 2058 3760 quod

2163 3688 2229 3764 ἦν
2282 3695 2487 3757 ἐκεῖνος
2541 3691 2761 3762 βοηθεῖν
2816 3694 2873 3761 έν
2913 3693 3338 3763 ’χαλεπωτάτοις
3381 3696 3604 3763 καιροῖς
3655 3692 3747 3746 καὶ

486 3797 605 3842 erat
675 3788 885 3857 potius,
939 3785 1178 3841 obtinuit
1241 3798 1484 3854 quoque,
1542 3782 1796 3852 bonoque
1848 3783 2060 3845 omine,

473 3893 656 3931 ~unum
696 3878 825 3949 quid
862 3877 1166 3932 membrum
1204 3876 1273 3930 ab
1315 3878 1575 3934 universo
1624 3889 1855 3944 corpore
1894 3874 2059 3930 vestri

485 3982 649 4022 causa
666 3968 936 4032 avulsum,
957 3967 1115 4022 vobis
1142 3967 1339 4021 illuxit.
1358 3968 1505 4023 Silco
1521 3983 1604 4024 res
1623 3969 1825 4022 interea
1852 3979 2056 4036 gestas,

486 4067 546 4114 tt'.
572 4076 636 4114 ne
671 4061 945 4115 narrando
975 4060 1219 4129 prolixus
1244 4059 1468 4114 alliciar.

569 4325 661 4380 Sic
682 4340 811 4394 ergo
837 4327 950 4387 ille,
995 4323 1164 4394 patris
1188 4322 1390 4392 pariter
1427 4323 1728 4393 matrisque
1760 4339 1822 4378 ac
1844 4324 2063 4378 univer-

488 4437 672 4478 sorum
707 4418 957 4489 precibus
979 4418 1184 4486 Optime
1237 4416 1564 4482 instructus,
1605 4415 2059 4485 praemittebatur,

489 4512 690 4582 quibus
719 4510 885 4564 etiam
961 4506 1228 4562 educatus
1269 4514 1435 4572 esset,
1486 4522 1548 4562 ac
1600 4508 1959 4577 promovisset
1993 4508 2059 4562 ad

488 4602 775 4657 melloraa
847 4600 1049 4653 teneris
1118 4597 1248 4667 ipsis
1315 4599 1605 4667 unguibus,
1660 4599 1835 4654 donec
1859 4599 1926 4654 ad
1972 4616 2064 4655 vos

488 4694 694 4748 missus
726 4701 827 4747 est.
862 4688 932 4744 lis
958 4690 1212 4759 precibus
1247 4684 1635 4757 deducebatur,
1666 4706 1787 4745 cum
1821 4708 1849 4746 a
1891 4693 2061 4763 patria

487 4785 747 4841 dimissus
811 4781 991 4836 navim
1049 4782 1490 4836 conscendisset:
1550 4782 1616 4836 iis
1676 4785 2060 4854 adnavigabat,

488 4874 1084 4948 lugentibuscognatis
1122 4888 1185 4928 ac
1257 4871 1701 4941 deducentibus;
1733 4875 1907 4943 iisque
1957 4875 2061 4931 sibi

489 4979 686 5040 praesto
711 4968 826 5023 fore
875 4967 1132 5036 sperabat
1177 4963 1425 5019 divinum
1488 4981 1712 5021 numen.
1761 4964 1907 5020 Nihil
1947 4968 2066 5022 sine

489 5060 598 5115 illis
640 5069 735 5114 aut
769 5058 1061 5129 cogitabat,
1104 5064 1199 5111 aut
1229 5057 1454 5111 omnino
1484 5058 1719 5126 agebat;
1763 5072 1868 5127 qua
1902 5058 2064 5112 etiam

489 5152 555 5206 de
601 5164 768 5205 causa
808 5150 1134 5211 conficiebat
1161 5148 1368 5214 omnia,
1402 5163 1524 5202 cum
1560 5146 1793 5201 difficilia
1840 5164 2069 5219 quaeque

490 5255 556 5297 ac
607 5240 885 5296 tremenda
921 5239 978 5294 in
1003 5240 1338 5296 contrarium
1371 5239 1423 5293 ei
1454 5238 1728 5294 cederent.

564 5429 705 5497 Quid
742 5444 870 5484 vero
914 5445 1051 5498 opus
1105 5429 1318 5500 singula
1379 5430 1661 5500 prosequi,
1721 5444 2061 5500 quacunque

494 5523 857 5595 Peleponnesi
897 5524 1082 5584 urbes,
1114 5521 1217 5577 'vel
1259 5539 1289 5578 a
1341 5523 1535 5578 vicinis
1601 5522 1833 5586 Latinis,
1901 5523 1979 5576 vel
2034 5539 2063 5576 a

495 5613 707 5678 Turcis,
788 5612 926 5665 mala
993 5614 1362 5678 sustinerent,
1423 5630 1546 5668 cum
1608 5616 1665 5677 ii,
1699 5628 1805 5683 qua
1852 5629 1883 5668 a
1930 5627 2059 5667 con-

569 5794 613 5826 ⁸³
646 5792 788 5849 Psal.
817 5805 924 5859 ut,
956 5790 1042 5844 li.

2163 3785 2509 3854 πράγμασιν,
2563 3777 2639 3837 ὧν
2674 3782 2829 3839 οὔπω
2872 3784 3076 3848 τελέως
3124 3779 3267 3857 ἦμεν
3302 3784 3744 3857 ἀπηλλαγμένοι.

2174 3876 2316 3932 Ἀλλ’
2345 3878 2467 3929 ἐπεὶ
2507 3874 2570 3929 τδ
2610 3878 2858 3947 κρεῖττον
2889 3875 2997 3927 ἔδει
3023 3879 3270 3946 νικῆσαι,
3310 3878 3415 3949 ἤδη
3450 3877 3549 3929 καὶ
3595 3873 3736 3928 νενί-

2164 3983 2335 4038 κηκε⁶
2382 3967 2475 4019 καὶ
2510 3964 2830 4035 ἐπέλαμψεν
2877 3965 3007 4034 ὑμῖν
3037 3966 3214 4036 ἀγαθῇ
3251 3965 3392 4039 τύχῃ
3426 3968 3523 4037 βίᾳ
3556 3982 3610 4018 τι
3648 3963 3745 4032 μέο

2161 4060 2253 4121 λος
2285 4057 2518 4129 ἐκραγὲν
2563 4055 2659 4109 τοῦ
2694 4054 2924 4109 καθόλου
2955 4056 3205 4125 σώματος
3247 4059 3403 4128 ὑμῶν
3448 4059 3635 4111 ἕνεκα.
3670 4055 3748 4106 Τὰ

2164 4150 2221 4203 δὲ
2252 4148 2457 4219 μεταξὺ
2500 4146 2712 4214 σιωπῶ,
2740 4149 2801 4201 τὸ
2824 4148 2934 4211 τοῖς
2956 4148 3264 4219 διηγήμασι
3296 4146 3744 4205 συνεκτείνεσθαι

2167 4241 2406 4311 φεύγων.

2237 4332 2447 4398 Οὕτως,
2484 4335 2674 4406 εὐχαῖς
2702 4337 2821 4399 ταῖς
2871 4336 2964 4390 τοῦ
3000 4336 3228 4405 πατρὸς,
3276 4334 3469 4406 ὥσπερ
3510 4331 3611 4389 οὖν
3651 4331 3742 4385 καὶ

2167 4431 2265 4499 τῆς
2302 4430 2531 4500 μητρὸς,
2561 4431 2658 4484 καὶ
2688 4435 2805 4494 ταῖς
2836 4431 2945 4484 τῶν
2976 4429 3254 4496 ἁπάντων,
3288 4431 3491 4500 ἄριστα,
3523 4426 3619 4479 καὶ
3646 4439 3744 4474 πε-

2169 4522 2487 4591 φραγμένος
2518 4522 2616 4573 καὶ⁵
2661 4519 3030 4587 ὡπλισμένος,
3063 4519 3473 4589 προεπέμπετο,
3518 4510 3608 4576 αἷς
3652 4511 3742 4566 καὶ

2168 4613 2517 4684 ἀνετρέφετο,
2557 4613 2652 4665 καὶ
2683 4613 2818 4682 πρὸς
2852 4612 2920 4664 τά
2956 4610 3148 4682 βελτίω
3183 4595 3496 4681 προύχώρέι
3529 4605 3590 4671 ἐξ
3621 4604 3741 4657 ὀνύ-

2167 4721 2279 4773 χων
2301 4703 2529 4757 ἁπαλῶν
2560 4702 2689 4772 ἄχρι
2717 4702 2809 4754 καὶ
2835 4699 2931 4755 τοῦ
2974 4701 3099 4771 μεθ’
3130 4701 3286 4770 ὑμῶν
3308 4696 3475 4754 εῖναι.
3506 4694 3742 4757 Ταύταις

2169 4793 2405 4864 ἀνήγετο
2436 4792 2554 4853 ταῖς
2586 4792 2798 4861 εὐχαῖς,
2827 4791 2985 4859 ἀφεὶς
3015 4793 3077 4844 ὲκ
3106 4790 3207 4859 τῆς
3245 4789 3508 4860 πατρίδος
3534 4787 3617 4849 είς
3648 4786 3738 4835 πέ-

2169 4883 2334 4950 λαγος
2356 4898 2372 4913 ⁸
2403 4883 2627 4943 ταύταις
2656 4881 2913 4946 ἀπέπλει,
2943 4880 3051 4933 τῶν
3086 4880 3368 4948 συγγενῶν
3397 4876 3741 4949 δακρυόντων

2170 4972 2288 5043 ἅμα
2318 4973 2414 5027 καὶ
2458 4973 2898 5042 προπεμπόντων
2923 4987 2936 5001 '
2981 4972 3210 5036 ταύταις
3243 4972 3338 5025 καὶ
3379 4972 3479 5040 τὴν
3513 4967 3621 5023 ἀπὸ
3644 4960 3738 5016 τοῦ

2170 5063 2308 5117 Θεοῦ
2337 5062 2656 5134 συμμαχίαν
2688 5062 2885 5133 ἤλπιζε
2917 5064 3162 5134 σχήσειν.
3208 5062 3379 5117 Οὐδὲν
3407 5062 3441 5130 ἢ
3469 5054 3737 5126 ἐλογίζετο

2174 5155 2207 5227 ἢ
2237 5156 2298 5207 τὸ
2327 5153 2592 5225 παράπαν
2627 5155 2920 5224 εἰργάξετο
2956 5154 3161 5207 τούτων
3205 5156 3335 5208 ἄνευ
3360 5167 3379 5186 ο
3404 5152 3486 5205 διὸ
3517 5166 3611 5204 και
3636 5145 3742 5199 πᾶν

2177 5249 2330 5316 ῆνοε,
2361 5247 2471 5301 τῶν
2521 5262 2581 5300 τε
2611 5245 2890 5299 δυσκόλων
2932 5246 3026 5299 καὶ
3075 5243 3327 5314 φοϐερῶν
3354 5242 3546 5314 ὥσπερ
3579 5240 3738 5295 αὑτο-

2184 5338 2370 5407 μάτων
2397 5337 2480 5399 είς
2504 5335 2816 5390 τούναντίον
2852 5335 3365 5405 μετενηνεγμένων.

2243 5429 2427 5482 Πάντα
2470 5427 2569 5497 μὲν
2606 5423 2700 5480 οὖν
2727 5427 2821 5479 καὶ
2860 5425 3069 5479 ἕκαστα
3113 5425 3369 5496 φράζειν,
3404 5424 3507 5479 ὅσα
3548 5438 3607 5476 τε
3634 5416 3734 5472 ὑπὸ

2171 5520 2280 5571 τῶν
2305 5518 2694 5586 γειτονούντων
2727 5515 2977 5569 Λατίνων
3009 5515 3063 5568 αἱ
3103 5515 3356 5569 ἐνταυθοῖ
3395 5514 3600 5573 πόλεις,
3639 5508 3736 5560 ὅσα

2166 5627 2225 5665 τε
2254 5609 2360 5662 ὑπὸ
2381 5609 2490 5663 τῶν
2517 5607 2778 5679 Τούρκων
2810 5608 3103 5676 ὑφίσταντο
3139 5607 3307 5673 κακὰ,
3338 5605 3603 5660 ἐπιόντων
3632 5594 3729 5666 μὲν
