4060 6600
358 458 483 525 Ξῦθ

1159 462 1557 525 THEODORI
1595 463 1955 526 ΒΕΞΡΟΤιΕ
1999 463 2386 526 LAUDATIO
2424 465 2837 528 FUNEBRIS.

3517 466 3626 532 210

359 576 571 636 ἶπποις
596 575 659 629 ὲκ
684 575 780 644 τῆς
805 575 1058 646 ἠπείρου,
1084 576 1348 629 ἐπιόντων
1371 578 1426 643 δὲ
1449 578 1605 630 ναυσὶ
1632 558 1953 651 λῃστρικαῖς

2063 567 2473 647 ιίηεηῑίξοιιιιίε
2500 577 2838 643 invaderent,
2875 591 2980 649 qua
3011 591 3040 631 a
3083 575 3215 628 mari
3242 568 3477 642 piraticis
3507 588 3622 631 ten-

364 666 492 719 ἀπὸ
516 665 609 718 τοῦ
638 666 911 733 πελάγους
931 680 946 696 ο
996 668 1089 720 καὶ
1117 666 1262 721 τίσιν
1291 669 1324 734 ή
1372 666 1469 720 τοῦ
1502 668 1743 733 Πέλοπος
1787 686 1948 721 κατε·

359 758 602 828 τρίϐετο
632 758 858 828 τρόποις
881 775 897 790 ο
928 758 1022 813 τοῦ
1081 760 1180 831 μὲν
1217 761 1316 829 τῆς
1347 760 1553 830 μητρὶς
1590 762 1749 829 ήμῶν
1793 760 1949 814 ἁδελ-

363 849 511 918 φοῦ,
546 847 766 919 ἀρίστου
799 849 900 918 μὲν
924 849 1080 911 ὄντος
1123 852 1224 918 τὴν
1255 852 1441 918 φύσιν,
1474 849 1657 912 καλῶς
1677 849 1732 902 δὲ
1761 849 1950 920 ἄρχειν

360 941 586 1002 εξδότος
605 978 622 1001 ,
656 939 753 992 τοῦ
777 942 872 994 καὶ
896 941 1131 1010 ταυτησὶ
1160 942 1261 1011 τῆς
1283 940 1380 993 τοῦ
1409 941 1649 1004 Πέλοπος
1669 941 1950 1010 ἄρχοντος,

358 1033 479 1103 ἤδη
514 1033 608 1084 τὸν
641 1030 755 1100 βίον
799 1031 1178 1094 ἀπολιπόντος,
1213 1033 1313 1085 οὐκ
1361 1033 1452 1085 ἐπὶ
1484 1033 1633 1085 παιδί
1670 1049 1779 1085 τινι
1804 1071 1818 1093 ,
1857 1032 1949 1085 τοῦ

356 1122 429 1174 δὲ
466 1120 699 1189 ἀδελφοῦ
749 1122 962 1175 ἑκείνου
992 1122 1095 1192 τὴν
1135 1122 1310 1192 ἀρχὴν
1349 1122 1758 1190 διαδεξαμένου,
1798 1124 1953 1186 δντος

360 1214 480 1275 μὲν
513 1215 659 1268 πάνυ
709 1213 973 1284 χρηστοῦ,
1021 1217 1115 1268 καὶ
1154 1215 1216 1267 τὸ
1247 1214 1436 1284 σχῆμα
1481 1202 1805 1286 ὑπερτέρου,
1854 1214 1950 1269 καὶ

356 1306 469 1358 τὸν
499 1309 692 1376 χρόνον
718 1307 1068 1378 γεραιτέρου,
1105 1308 1213 1360 ὑπὸ
1252 1308 1310 1360 δὲ
1352 1308 1542 1371 παιδὸς
1583 1308 1839 1377 θρασέος,
1868 1308 1952 1362 δεῖ

360 1400 489 1468 γὰρ
516 1398 751 1469 τάληθὲς
800 1401 1001 1465 εἰπεῖν,
1031 1400 1384 1468 κωλυομένου
1434 1403 1611 1452 ποιεῖν
1640 1399 1708 1451 τὰ
1743 1399 1950 1466 δέοντα,

361 1488 471 1542 καί
500 1490 590 1543 διά
618 1490 780 1545 τοῦτο
809 1491 1029 1545 πάντων
1052 1491 1189 1561 ὁμοῦ
1230 1490 1628 1562 φθειρομένων,
1660 1490 1949 1557 αὐλητοῦ,

363 1583 569 1650 φασιν,
601 1583 884 1650 Ἀραϐίου
904 1599 922 1615 ⁶
952 1585 1005 1636 τί
1042 1583 1099 1636 δὲ
1131 1584 1215 1637 δεῖ
1246 1584 1342 1636 καὶ
1382 1582 1693 1647 ἀναξαίνειν
1727 1583 1855 1653 ὑμῖν
1884 1580 1953 1635 τὰ

357 1675 692 1744 ¹τραύματα,
742 1674 934 1745 ῶσπερ
964 1676 1115 1742 δνυξι
1161 1677 1480 1746 χρωμένους
1527 1677 1642 1738 τοῖς
1674 1674 1952 1744 διηγήμα-

363 1784 463 1820 σιν
489 1784 505 1832 ;
532 1766 747 1831 ’Δλλως
773 1784 835 1821 τε
865 1769 962 1821 καὶ
989 1768 1303 1839 περιέργως
1324 1766 1390 1821 ἂν
1414 1768 1546 1836 ὑμῖν
1579 1764 1814 1835 λέγοιτο,
1842 1768 1955 1831 τοῖς

362 1859 436 1908 ὲν
472 1857 643 1928 πείρᾳ
672 1858 784 1910 τῶν
835 1859 1189 1929 πραγμάτων
1224 1859 1500 1926 γεγονόσι,
1540 1858 1634 1911 καλ⁵
1679 1858 1768 1911 διὰ
1797 1859 1955 1912 τοῦτο

2054 677 2227 723 tarent
2251 668 2502 733 navibus,
2522 685 2585 724 ac
2615 679 2747 740 quot
2778 671 2953 725 modis
2980 685 3041 723 ea
3102 668 3377 738 provincia
3415 685 3627 724 vexare-

2051 771 2161 828 tur,
2180 777 2303 816 cum
2330 765 2523 818 matris
2545 763 2764 834 quidem
2803 764 2988 824 frater,
3034 760 3236 830 optima
3288 761 3371 814 vir
3423 759 3624 824 indole,

2050 868 2113 908 ac
2144 855 2457 922 reipublice
2489 854 2739 923 regenda:
2792 856 2962 924 probe
3003 869 3224 924 gnarus,
3258 852 3436 924 quiet
3477 851 3630 927 Pelo-

2053 945 2281 1014 ponnesi
2302 946 2677 1015 praefecturam
2711 947 2954 1016 gerebat,
3007 946 3119 1015 jam
3169 944 3308 999 vivis
3367 944 3631 1000 excessis-

2050 1044 2153 1101 sct,
2177 1037 2330 1091 nullo
2356 1038 2684 1093 relicto'iilio
2716 1037 2952 1101 haerede,
2998 1035 3091 1090 sed
3125 1036 3246 1105 ejus
3265 1035 3430 1090 fratre
3458 1035 3631 1104 impe-

2050 1125 2115 1178 rii
2144 1139 2479 1190 successore,
2538 1126 2655 1179 viro
2673 1125 2889 1196 quidem
2916 1124 3110 1195 probo,
3140 1133 3400 1195 atque,ut
3419 1135 3628 1194 spei-tes

2052 1228 2359 1282 personam,
2405 1217 2665 1286 praeclaro
2718 1225 2799 1273 a’c‘
2852 1226 3069 1271 senecta
3106 1215 3423 1281 venerabili,
3466 1231 3627 1285 quem

2054 1316 2231 1360 tamen
2258 1307 2527 1361 morosior
2558 1308 2702 1361 filius
2731 1291 3042 1376 (dicendum
3079 1308 3223 1360 enim
3256 1307 3399 1377 quod
3425 1322 3513 1361 res
3532 1307 3633 1360 ha-

2050 1380 2162 1464 bet)
2188 1436 2201 1460 ,
2235 1410 2357 1464 qua:
2379 1405 2761 1464 essentoperae
2797 1396 3032 1466 pretium
3072 1405 3330 1465 praestare
3372 1396 3630 1467 prohibe-

2053 1490 2165 1547 ret;
2192 1482 2547 1552 quamobrem
2580 1484 2762 1536 omnia
2792 1483 2957 1538 simul
2990 1499 3210 1553 pessum
3260 1486 3441 1549 ibant,
3489 1485 3631 1539 Ara-

2052 1573 2157 1639 bio,
2184 1584 2245 1630 ut
2265 1576 2476 1641 dicunt,
2512 1576 2739 1631 tibicine.
2762 1576 2901 1642 Quid
2934 1592 3063 1631 vero
3090 1578 3270 1641 vobis,
3295 1591 3391 1632 ceu
3435 1577 3632 1649 ungui-

2051 1666 2175 1733 bus,
2208 1667 2525 1723 narratione
2582 1670 2803 1721 vulnera
2831 1668 3127 1723 refricem?
3167 1668 3391 1738 Alioqui
3430 1667 3630 1723 frustra

2053 1758 2504 1823 haecnarrentur,
2566 1774 2689 1813 eum
2750 1759 2992 1815 feceritis
3018 1760 3119 1831 ipsi
3173 1773 3358 1814 rerum
3410 1759 3630 1830 pericu-
3716 1764 3735 1775 ‘

2057 1851 2199 1914 lum,
2224 1851 2472 1921 adeoque
2502 1852 2669 1922 probe
2697 1852 2909 1908 sciatis.
2962 1850 3085 1907 Sint
3132 1853 3317 1922 itaque
3369 1852 3631 1907 hactenus

362 1947 554 2002 ταῦτα
580 1926 777 2013 καλῶς
819 1926 1039 2005 είδόσιν.
1084 1951 1302 2004 Ἐκεῖνα
1339 1950 1525 2004 τοίνυν
1556 1951 1612 2003 ἑν
1651 1951 1807 2020 μέρει
1851 1950 1960 2004 κεί-

2058 1939 2111 1993 in
2143 1949 2298 2009 parte
2339 1945 2514 2007 posita
2541 1957 2558 1995 :
2586 1956 2707 2012 quae
2730 1958 2863 1998 vero
2919 1954 3041 2012 post
3085 1942 3206 2013 ejus
3258 1942 3517 2011 deinceps
3537 1944 3635 1997 ad-

365 2040 490 2093 σθω
512 2057 529 2071 ³
556 2042 625 2093 τά
651 2041 710 2096 δὲ
736 2041 876 2111 μετὰ
920 2041 1019 2112 τὴν
1048 2040 1287 2095 ενταῦθα
1329 2042 1627 2111 ἐπιδημίαν
1660 2041 1757 2094 τοῦ
1811 2041 1942 2094 ἑαυ-

363 2133 471 2185 τὸν
525 2132 660 2201 ημῖν
714 2120 977 2186 ὑπόθεσίν
1022 2132 1118 2187 τοῦ
1168 2133 1440 2203 παρόντος
1475 2132 1687 2201 ἀγῶνος
1750 2148 1945 2203 προτε-

366 2218 624 2282 θεικότος
648 2218 776 2291 ἑξῆς
800 2222 869 2275 ἂν
897 2224 1143 2293 είρητέα.
1942 2224 1945 2225 ⁷

459 2310 703 2375 Ἐκεῖνος
757 2314 860 2385 τῆς
902 2314 1042 2377 νεὼς
1087 2316 1320 2383 ἀποϐάς,
1348 2317 1447 2372 καὶ
1501 2317 1650 2390 μάλα
1688 2319 1949 2393 ἀσμένως

367 2403 698 2474 ὑποδεχθεὶς
731 2405 835 2458 ὑπὸ
868 2406 978 2461 τῶν
1008 2407 1286 2472 ἁπάντων,
1315 2409 1377 2463 οὐ
1409 2409 1618 2478 προῖὼν
1648 2411 1948 2481 ἠμαύρωσε

366 2495 464 2546 τὸν
503 2498 585 2558 είς
640 2496 808 2551 αὐτὸν
842 2497 1021 2566 ἔρωτα
1049 2516 1062 2529 ·
1092 2500 1252 2553 τούτο
1296 2500 1362 2569 δὴ
1412 2502 1472 2554 τδ
1505 2502 1735 2568 σύνηθες
1794 2499 1950 2574 οἶμαι

367 2584 460 2646 ὡς.
484 2584 557 2639 τά
589 2586 761 2638 πολλὰ
791 2587 1069 2658 πανταχοῦ
1104 2589 1362 2656 γενέσθαι.
1384 2606 1400 2622 ⁸
1439 2591 1557 2645 ἀλλ’
1594 2588 1663 2664 ἦν
1695 2592 1949 2665 λαμπρύο

368 2694 483 2728 νων
513 2674 644 2747 ἄχρι
692 2678 915 2744 παντὸς,
965 2678 1213 2743 ἅπαντας
1245 2681 1416 2734 ποιῶν
1454 2678 1515 2736 εὖ
1542 2700 1557 2715 ·
1606 2685 1701 2740 καὶ
1750 2685 1951 2750 πάντες

367 2763 518 2836 ἦσαν
548 2770 606 2821 ὲν
639 2769 855 2838 ἑορταῖς
878 2787 894 2803 ο
929 2771 1058 2825 ἄνευ
1088 2771 1274 2841 μέντοι
1303 2772 1413 2827 τῶν
1436 2773 1673 2844 ἐχθρῶν,
1712 2777 1807 2829 καὶ
1840 2777 1951 2829 τῶν

369 2858 680 2933 ἀσελτηρίᾳ
708 2878 771 2915 τε
802 2864 897 2916 καὶ
921 2863 1228 2935 κακοηθείᾳ
1255 2865 1428 2935 πολλῇ
1462 2866 1775 2932 συζώντων,
1812 2869 1954 2921 ὲκεί-

370 2970 483 3007 νων
520 2954 644 3024 μὲν,
673 2956 772 3010 άτε
809 2955 1113 3011 δοκούντων
1154 2957 1288 3012 είσω
1330 2959 1573 3030 σαγήνης
1612 2958 1757 3029 ὑμᾶς
1785 2959 1952 3033 ἔχειν,

377 3043 549 3114 μηδὲν
583 3044 689 3099 τῶν
722 3046 875 3101 ἔνδον
907 3048 1087 3119 ἐώσης
1133 3049 1378 3119 φεύγειν,
1428 3046 1555 3104 εἶτα
1586 3052 1688 3120 τῆς
1739 3052 1955 3118 ἐλπίδος

370 3142 825 3211 διαμαρτόντων,
864 3144 1076 3199 τούτων
1129 3140 1187 3198 δὲ
1247 3145 1416 3217 μηδὲν
1472 3147 1781 3221 εῖδότων,ῆ
1834 3153 1957 3212 ταῖς

372 3230 556 3285 ἄλλων
609 3237 921 3306 συμφοραῖς
974 3238 1271 3307 ὲντρυφᾷν,
1323 3237 1494 3292 ὄντων
1535 3241 1631 3294 καὶ
1681 3242 1863 3296 αὐτῶν
1897 3247 1956 3297 έν

2046 2039 2262 2086 ventum
2294 2033 2660 2102 contigerunt,
2698 2032 2812 2090 haec
2850 2035 3226 2106 prosequenda
3281 2044 3461 2105 opera:
3512 2050 3630 2105 pre-

2046 2123 2179 2179 tium
2212 2125 2531 2184 habeamust

2125 2304 2227 2362 Ubi
2265 2307 2452 2378 itaque
2477 2308 2601 2363 navi
2642 2307 2880 2364 emissus
2908 2316 3072 2376 esset,
3105 2323 3319 2364 summa
3352 2309 3419 2363 ab
3453 2307 3634 2363 omni-

2049 2398 2152 2453 bus
2175 2396 2361 2454 laetitia
2390 2410 2676 2471 susceptus
2707 2410 2790 2456 est
2818 2420 2831 2468 ;
2893 2416 2993 2456 nec
3025 2416 3149 2455 eum
3187 2400 3239 2454 in
3273 2415 3332 2454 se
3388 2414 3630 2454 amorem

2055 2506 2316 2560 processu
2350 2492 2688 2557 obscuravit,
2746 2491 2891 2560 quod
2930 2492 3253 2569 plerumque
3278 2491 3463 2546 videas
3491 2492 3637 2546 acci-

2053 2584 2213 2639 dere:
2247 2585 2377 2655 quin
2424 2572 2609 2655 potius
2663 2585 2950 2640 universos
2991 2584 3341 2648 demerendo,
3395 2582 3635 2661 copiosis

2053 2690 2271 2743 semper
2291 2676 2598 2745 augmentis
2626 2675 2941 2730 illustravit.
2991 2675 3166 2730 Festis
3197 2688 3392 2728 omnes
3419 2673 3634 2740 gaudiis

2052 2768 2454 2837 epulabantur;
2485 2767 2530 2821 si
2586 2775 2770 2822 tamen
2821 2766 3062 2836 excipias
3119 2765 3327 2827 hostes.
3377 2764 3634 2834 virosque

2056 2859 2222 2913 multa
2258 2860 2477 2914 vesania
2505 2873 2569 2913 ae
2594 2854 2913 2914 morositate
2947 2859 3212 2913 ducentes
3258 2856 3460 2913 vitam:
3495 2870 3635 2925 quo-

2056 2963 2176 3003 rum
2205 2948 2386 3018 primi,
2425 2963 2547 3004 cum
2578 2948 2690 3018 jam
2745 2949 3045 3005 inevitabili
3099 2964 3300 3020 sageua
3346 2948 3639 3004 conclusos

2056 3056 2153 3097 vos
2191 3049 2467 3111 putarent,
2528 3056 2626 3111 spe
2658 3041 2913 3112 deinceps
2946 3042 3372 3107 frustrarentur;
3411 3038 3639 3097 secundi

2055 3150 2206 3200 vero,
2242 3134 2386 3189 haud
2413 3135 2559 3189 aliud
2595 3150 2758 3204 quam
2797 3134 2993 3189 alienis
3033 3135 3436 3190 calamitatibus
3482 3132 3637 3189 dele~

2060 3227 2195 3281 ctari
2231 3235 2473 3293 nossent,
2502 3222 2625 3283 cum
2655 3238 2709 3282 et
2741 3228 2843 3298 ipsi
2871 3228 3093 3298 paribus
3121 3225 3385 3297 implicati
3412 3234 3594 3280 essent
3619 3241 3633 3291 ;

373 3324 502 3386 ταῖς
527 3325 672 3388 ῖσαις
692 3342 709 3358 ο
741 3327 878 3397 ὅπερ
914 3328 1010 3381 καὶ
1039 3328 1161 3382 λίαν
1196 3330 1489 3398 κακόηθες,
1521 3335 1617 3388 καὶ
1652 3335 1806 3388 οὐδὲν
1850 3322 1948 3410 ἦτ-

2056 3316 2191 3385 quod
2225 3316 2383 3385 plane
2409 3332 2533 3372 eum
2566 3317 2720 3371 valde
2743 3333 3045 3385 morosum,
3076 3326 3187 3371 tum
3262 3316 3486 3388 aequalis
3536 3317 3637 3371 deo

376 3429 473 3466 τον
500 3413 717 3484 εὔηθες.
746 3418 939 3488 Χρεὼν
981 3420 1092 3492 γὰρ
1121 3419 1183 3475 δν
1211 3422 1351 3494 ὑπὲρ
1379 3425 1592 3479 ἑαυτῶν
1632 3428 1880 3497 τρέμειν,
1907 3430 1955 3483 oi

374 3506 434 3560 δὲ
462 3509 587 3570 τοὺς
618 3509 818 3579 ἥττους
844 3512 1055 3579 ήσθιον,
1091 3513 1209 3567 ὅσοι
1243 3514 1373 3579 τοὺς
1422 3516 1952 3587 μείζουςδιέφυγον,

377 3600 523 3654 κατὰ
556 3602 683 3664 τοὺς
739 3603 1166 3677 ὲζωγρημένους
1224 3607 1400 3681 ίχθῦς,
1436 3610 1487 3663 oi
1534 3609 1795 3674 πολλάκις
1824 3612 1956 3666 είσω

378 3694 601 3764 κύρτων
635 3698 1089 3769 κατειλημμένοι,
1135 3702 1195 3754 τὸ
1225 3702 1348 3756 κατ’
1375 3703 1600 3768 αὐτοὺς,
1647 3702 1723 3767 ὡς
1756 3690 1952 3766 ἔοικεν,

379 3787 659 3855 ἀγνοοῦσι,
692 3791 791 3844 καὶ
835 3793 958 3855 τοὺς
983 3792 1356 3865 βραχυτέρους
1388 3797 1439 3848 οί
1478 3795 1705 3866 μείζους
1749 3795 1957 3849 ἐσθίον-

378 3894 490 3944 τες,
517 3885 617 3934 καὶ
657 3878 818 3959 αὖθις
874 3884 1098 3949 τούτους
1127 3887 1176 3940 oi
1208 3886 1409 3955 μᾶλλον
1433 3886 1671 3957 μείζους,
1694 3888 1951 3960 ἕρμαιον,

377 3975 456 4039 ὥς
497 3976 695 4039 εἰπεῖν,
724 3974 988 4046 ἡγοῦνται
1017 3976 1078 4029 τὸ
1117 3977 1410 4049 θήρατρον,
1441 3977 1515 4041 ὡς
1564 3979 1693 4049 ῥᾷον
1723 3979 1779 4031 ὲν
1804 3977 1954 4048 αὐτῷ

379 4068 477 4131 τὰς
506 4070 782 4142 γασσιτέρῃ⁹
821 4068 1207 4137 ὲμπιπ).ῶντες
1236 4073 1444 4141 τροφῆς
1481 4071 1626 4142 ἥπερ
1658 4070 1744 4123 ἐπ’
1787 4069 1951 4123 αὑτοῦ

389 4106 474 4131 ...ς
520 4106 749 4139 ,ωηερε
821 4106 1204 4137 ..ν-...ηηυηην
1247 4106 1441 4141 υννγης
1487 4106 1626 4142 quq.
1658 4106 1726 4123 ε..
1787 4106 1951 4123 ..νων

380 4156 677 4224 πελάγους.
707 4106 829 4209 1'ch
882 4158 982 4226 μὲν
1035 4157 1131 4210 οὖν
1172 4158 1390 4230 ἐχθρῶν
1418 4159 1679 4227 ἁπάντων
1707 4157 1815 4213 ἀπὸ
1857 4159 1951 4213 τοῦ

380 4246 568 4315 φοϐεῖν
608 4247 699 4299 ἐπὶ
729 4246 791 4300 τὸ
821 4248 1070 4318 φρίττειν
1107 4248 1540 4318 μεταϐαλόντων,
1588 4251 1698 4305 τῶν
1736 4251 1796 4305 δὲ
1842 4266 1957 4304 νκα-

381 4343 642 4409 κουργεῖν
686 4338 907 4392 εἰδότων
969 4342 1049 4403 είς
1104 4341 1391 4410 χηραμοῦς
1444 4343 1813 4406 καταδύντων,
1857 4343 1951 4395 καὶ

379 4432 487 4484 τῶν
514 4431 740 4499 ἀγαθῶν
779 4424 1151 4499 σκιρτῶντων,
1186 4433 1263 4495 ὡς
1314 4433 1462 4504 μετὰ,
1504 4435 1710 4506 πολλῆς
1768 4437 1953 4499 ἀδείας

382 4521 500 4587 ἐξὸν
530 4524 719 4577 ἐκεῖνα
751 4526 949 4591 ποιεῖν,
996 4525 1064 4578 δι’
1095 4518 1173 4579 ὧν
1200 4525 1266 4579 ἂν
1297 4527 1678 4600 εύπορώτεραι
1708 4528 1951 4598 γένοιντο

384 4614 589 4706 πόλεις,
623 4616 849 4706 είρήνης
893 4616 1120 4706 βαθείας
1154 4617 1552 4682 ἀπολαύουσαι,
1663 4620 1726 4690 δὴ
1753 4621 1952 4692 ἷκρείτ-
1982 4647 2032 4706 D

380 4720 489 4756 των
515 4704 760 4774 ἀτεχνῶς
796 4706 891 4759 καὶ
918 4705 1180 4778 εὐπορίας
1229 4707 1470 4778 ἀπάσης,
1510 4709 1732 4779 ἀνεψιὸς
1780 4710 1954 4782 αὐτῷ,

380 4790 440 4844 οὗ
495 4795 677 4863 μικρῷ
733 4795 970 4865 πρόσθεν
1021 4796 1401 4867 ἐμνήσθημεν,
1462 4796 1675 4864 πολλοῖς
1731 4801 1956 4855 ἐπέθετο

380 4886 628 4953 τρόποις,
678 4887 946 4959 Τούρκοις
973 4878 1072 4943 val.
1111 4892 1363 4955 Λατίνοις
1392 4891 1585 4945 ἑαυτὸν
1627 4892 1806 4961 μίξας.
1852 4894 1954 4945 Εὐ-

383 4978 480 5039 θὺς
508 4974 605 5033 οὖν
644 4982 822 5035 πάντα
849 4984 1126 5053 συνέχεεν,
1155 4985 1263 5037 ἀπὸ
1294 4986 1536 5055 γαλήνης
1561 4987 1710 5054 αίγὶς
1738 4989 1953 5054 φανεὶς,

382 5069 535 5125 οὔπω
572 5072 682 5126 τῶν
738 5076 1081 5145 πραγμάτων
1108 5079 1198 5130 ἐπὶ
1229 5078 1465 5143 κρείττω
1508 5080 1813 5147 παγέντων.
1846 5075 1957 5133 Ἦν

381 5160 437 5214 δὲ
468 5163 592 5225 ταῖς
641 5162 896 5226 ἀπειλαῖς
945 5164 1201 5236 φοϐερὸς,
1257 5167 1350 5220 καὶ
1405 5168 1520 5230 τοῖς
1558 5167 1741 5238 ἔργοις
1801 5168 1956 5221 οὐδὲν

381 5247 564 5324 ἧττον,
616 5253 713 5308 ἆτε
746 5255 910 5326 ξένην
962 5257 1101 5328 ἔχων
1146 5259 1432 5329 στρατιὰν,
1469 5261 1705 5315 καὶτῶν
1756 5262 1961 5333 ἐπιχω-

386 5345 519 5413 ρίων
571 5345 835 5413 πολλοὺς,
897 5350 992 5402 καὶ
1052 5342 1299 5423 κατέχων
1369 5352 1607 5424 φρούρια
1675 5354 1781 5408 ύπδ
1857 5354 1956 5409 τοῦ

383 5435 591 5505 πατρὸς
655 5437 808 5508 αύτῷ
881 5439 1187 5510 δεδομέναν
1235 5444 1331 5499 καὶ
1391 5445 1683 5500 συνελόντα
1756 5448 1954 5512 εἰπεῖν,

385 5525 527 5597 πλὴν
586 5527 683 5581 τοῦ
739 5531 892 5601 παρὰ
941 5532 1101 5601 λόγον
1163 5533 1555 5604 θρασύνεσθαι,
1607 5538 1702 5590 καὶ
1754 5537 1957 5600 ἀδίκως

390 5617 570 5688 μάχης
604 5619 872 5688 ὑπάρξαι,
919 5623 1072 5677 τᾶλλ’
1102 5624 1201 5678 ούκ
1233 5624 1435 5697 άγενὴς
1462 5626 1559 5693 ὢν,
1604 5628 1720 5682 οὐδ’
1757 5628 1958 5697 ἀμέτο-

384 5723 477 5776 χος
506 5710 916 5780 μηχανημάτων
944 5712 1040 5768 καὶ
1086 5715 1380 5778 ποικιλίας.
1413 5715 1643 5770 Πάντων
1696 5712 1789 5771 οὖν
1816 5720 1957 5771 άπε-

384 5798 695 5865 γνωκότων,
745 5802 841 5853 καὶ
877 5804 1363 5873 συμϐουλευόντων
1400 5807 1554 5878 αὐτῷ
1601 5807 1849 5879 φεύγειν,
1880 5807 1957 5870 ὡς

383 5887 444 5939 ού
473 5887 782 5947 δοκούντων
812 5892 1040 5951 δυνατὸν
1073 5898 1211 5966 πρὸς
1258 5898 1534 5970 τοσαύτην
1565 5898 1834 5970 σύρροιαν
1863 5899 1956 5953 άν-

2059 3409 2277 3462 ιηεηιίω
2308 3416 2414 3464 est.
2447 3407 2584 3464 Cum
2613 3412 2758 3465 enim
2793 3426 2889 3477 pro
2918 3425 3018 3465 sua
3047 3410 3293 3479 ipsorum
3331 3413 3505 3466 salute
3534 3421 3642 3465 tre-

2059 3517 2210 3557 mere
2234 3502 2581 3572 habuissent,
2614 3504 2650 3558 ii
2701 3506 2883 3574 potius
2909 3503 3269 3560 comedebant
3303 3504 3563 3567 minores,
3593 3504 3637 3557 si

2057 3596 2150 3663 qui
2184 3594 2426 3665 majores
2452 3608 2765 3660 evaserant,
2801 3598 2877 3651 uti
2921 3596 2974 3650 in
3005 3596 3178 3665 captis
3206 3595 3449 3665 piscibus
3476 3594 3636 3651 solet.

2056 3684 2205 3752 Quos
2240 3676 2384 3741 enim
2413 3703 2612 3758 sagena
2636 3689 2855 3742 clausos
2890 3688 3108 3754 habeat,
3148 3689 3290 3741 haud
3316 3702 3469 3741 suam
3501 3687 3638 3741 satis

2067 3775 2302 3831 scientes
2359 3787 2589 3843 sortem,
2657 3779 2890 3849 majores
2946 3779 3047 3849 ipsi
3113 3779 3439 3834 munitiorcs
3504 3779 3640 3835 alios

2056 3867 2367 3934 comedunt,
2394 3885 2533 3940 quos
2570 3870 2719 3940 ipsos
2767 3886 2959 3926 rursus
2992 3871 3333 3940 grandiores
3388 3871 3479 3926 alii
3527 3873 3640 3929 sint

2056 3964 2393 4023 comesturi:
2436 3964 2693 4035 huncque
2727 3965 2971 4030 modum,
3008 3964 3266 4020 Mercurii
3300 3972 3436 4032 rete,
3467 3974 3528 4019 ut
3561 3965 3641 4019 sic
3732 4013 3738 4021 .

2056 4050 2269 4116 dicam,
2306 4060 2566 4122 tanquam
2592 4053 2645 4106 in
2686 4068 2777 4118 eo,
2843 4069 3004 4123 quam
3033 4055 3088 4107 in
3133 4053 3269 4109 mari
3330 4054 3640 4124 expeditius

2057 4152 2303 4203 ventrem
2367 4146 2667 4216 impleturi,
2710 4145 2956 4201 trahunt.
3036 4146 3173 4201 Cum
3216 4161 3346 4217 ergo
3392 4140 3637 4201 universi

2058 4236 2242 4290 hostes
2292 4236 2361 4292 ab
2381 4251 2448 4292 eo
2479 4243 2539 4291 ut
2569 4244 2836 4291 terrerent
2887 4237 2942 4291 in
2971 4245 3236 4293 terrorem
3290 4237 3392 4307 ipsi
3417 4251 3642 4308 ageren-

2056 4340 2183 4393 tur,
2219 4329 2579 4398 hominesque
2612 4329 2845 4384 noeendi
2906 4338 3079 4385 artem
3128 4329 3274 4385 docti
3331 4329 3387 4384 in
3418 4327 3640 4382 latibula

2056 4436 2116 4477 se
2147 4421 2543 4488 subducerent,
2571 4422 2729 4476 bonis
2753 4422 2972 4476 interim
2996 4421 3375 4492 gestientibus,
3406 4421 3550 4491 quod
3578 4435 3640 4478 ea

2056 4514 2315 4584 deinceps
2339 4524 2453 4569 tuto
2476 4514 2767 4569 admodum
2791 4524 3051 4584 praestare
3067 4522 3314 4586 possent,
3357 4530 3421 4569 ex
3443 4513 3642 4584 quibus

2058 4608 2220 4663 urbes
2250 4607 2455 4662 divitiis
2482 4616 2805 4677 augeantur,
2824 4607 2987 4661 altam
3009 4615 3231 4678 agentes
3252 4620 3441 4677 pacem
3472 4647 3488 4672 ,
3518 4620 3641 4677 quae

2058 4709 2114 4755 et
2150 4699 2264 4770 ipsa
2314 4699 2522 4754 divitiis
2549 4699 2810 4754 omnibus
2842 4700 3037 4755 melior
3083 4708 3209 4755 est:
3248 4698 3637 4760 consobrinus,

2059 4794 2212 4863 cujus
2234 4795 2395 4860 paulo
2423 4794 2674 4864 superius
2707 4793 2848 4847 facta
2908 4801 2991 4848 est
3019 4788 3247 4857 mentio,
3271 4790 3470 4846 Turcis
3494 4804 3554 4845 se
3578 4805 3642 4843 ac

2063 4883 2268 4940 Latinis
2299 4887 2558 4949 miscens,
2586 4884 2774 4940 multis
2802 4885 2850 4940 ei
2874 4885 3052 4940 modis
3089 4885 3359 4954 negotium
3394 4882 3638 4936 facessit.

2062 4975 2256 5031 Statim
2288 4993 2420 5048 ergo
2452 4977 2701 5031 confudit
2722 4977 2924 5035 omnia.
2960 4992 3057 5031 ceu
3089 4976 3253 5029 turbo
3302 4989 3330 5027 a
3367 4973 3636 5043 tranquilo

2059 5066 2217 5123 litate
2244 5081 2554 5137 emergens,
2584 5082 2709 5121 cum
2736 5066 2968 5121 necdum
3016 5079 3103 5119 res
3134 5063 3359 5117 firmiori
3396 5070 3544 5118 statu
3580 5063 3634 5116 in

2059 5162 2205 5218 bono
2241 5162 2523 5215 haberent.
2554 5159 2684 5214 Erat
2743 5172 2905 5228 porro
2985 5155 3541 5220 ministremcndns;
3576 5170 3638 5210 ac

2060 5268 2237 5325 neque
2266 5267 2356 5308 res
2385 5250 2451 5306 ad
2483 5261 2745 5307 terrorem
2779 5251 3020 5306 minores
3046 5260 3223 5310 erant.
3261 5249 3406 5321 quod
3435 5264 3633 5303 novum

2060 5349 2289 5403 haberet
2314 5345 2681 5413 conscriptum
2734 5344 2985 5408 militem,
3021 5344 3315 5414 pluresque
3368 5343 3634 5409 indigenae

2060 5440 2128 5494 ab
2186 5451 2251 5492 eo
2280 5445 2508 5500 starent,
2539 5450 2603 5490 ac
2640 5434 2829 5492 relicta
2863 5451 2893 5490 a
2920 5444 3073 5506 patre
3122 5436 3369 5504 praesidia
3408 5438 3631 5486 teneret.

2060 5532 2237 5599 Atque
2269 5538 2327 5582 ut
2365 5526 2532 5581 verbo
2566 5526 2768 5593 dicam,
2795 5536 3019 5595 excepta
3051 5527 3144 5580 illa
3198 5541 3307 5580 non
3349 5539 3380 5579 e
3420 5524 3632 5577 ratione

2061 5621 2309 5685 audacia,
2338 5627 2501 5689 atque
2529 5628 2588 5674 ut
2638 5618 2825 5688 injusti
2880 5618 3011 5673 belli
3061 5626 3254 5673 auctor
3300 5625 3464 5681 esset,
3518 5614 3637 5670 erat

2062 5711 2264 5781 alioqui
2289 5725 2395 5765 non
2419 5709 2700 5776 degeneris
2721 5708 2915 5774 animi,
2943 5723 3042 5764 nec
3058 5720 3188 5764 vero
3204 5721 3397 5776 expers
3422 5704 3634 5775 peritia:

2058 5803 2268 5859 bellicae
2298 5816 2361 5856 ac
2387 5801 2710 5871 prudentiae.
2750 5799 2886 5855 Cum
2917 5813 3047 5868 ergo
3072 5812 3265 5878 omnes
3293 5797 3347 5851 in
3377 5797 3630 5867 despera-

2064 5896 2266 5953 tionem
2297 5892 2498 5956 adaetl,
2562 5892 2741 5962 fugam
2775 5888 3147 5957 consulerent,
3190 5899 3445 5961 tanquam
3479 5888 3633 5943 vidc-
