4060 6598
474 367 573 435 211

1630 376 2035 448 MANUELIS
2060 388 2519 479 ‘PALIEOLOGI

3645 388 3754 452 212

424 506 623 573 ῳτοιυι-
659 507 765 548 non
788 505 950 561 posse
1005 492 1141 561 ﬁeri,
1175 501 1235 549 ut
1266 503 1428 551 tantat-
1461 496 1534 550 illi
1566 498 1832 554 malorum
1884 502 2044 555 inun-

2153 502 2433 556 Βίστασθαι
2486 503 2693 567 κακῶν,
2723 502 2835 557 ὁδὲ
2886 502 3137 557 τεθνάναι
3188 502 3501 573 πρόθυμος
3548 494 3621 571 ἧν
3652 501 3759 569 πρὸ

475 587 685 646 dationi
720 601 865 642 unus
887 585 1006 653 ipse
1035 584 1358 657 obsisteret:
1388 591 1675 657 sccusiile,
1697 593 1836 646 mori
1866 608 2052 663 prom-

484 690 631 747 ptus.
658 694 820 748 quam
844 686 901 732 ut
923 678 1283 734 committeret
1306 680 1530 750 aliquid,
1557 682 1702 753 quod
1728 683 1907 739 minus
1929 700 2056 751 per-

476 782 670 822 sonam
689 782 845 821 suam
877 781 939 819 ac
961 766 1122 821 vitam
1148 767 1637 839 deceretffsicque,
1655 786 1779 825 cum
1806 780 2056 841 parentes

479 874 544 914 ac
576 874 749 929 genus
776 859 1114 923 universum,
1157 868 1269 913 tum
1303 868 1567 929 praeterea
1604 860 1724 931 ejus
1756 863 2055 917 admirato-

475 968 565 1007 res
593 953 833 1020 virtutis,
861 966 1130 1023 suamque
1156 954 1270 1023 ipse
1293 953 1549 1020 indolem,
1575 957 1775 1023 probro
1795 956 2052 1011 alliceret.

475 1046 624 1100 Bene
654 1046 838 1115 itaque
858 1046 925 1100 de
957 1044 1088 1113 Deo,
1119 1061 1183 1101 ac
1208 1056 1491 1116 parentum
1522 1049 1797 1117 precibus,
1828 1048 2053 1118 suisque

476 1136 612 1191 adeo
642 1137 817 1206 ipsius
851 1138 1118 1203 moribus,
1162 1138 1353 1204 fretus,
1387 1156 1451 1195 ac
1496 1141 1641 1209 quod
1701 1141 1923 1195 invasor
1958 1141 2050 1196 in-

469 1228 621 1299 juste
652 1228 939 1298 imperium
972 1240 1208 1299 pararet,
1243 1231 1392 1301 juste
1441 1248 1500 1287 se
1534 1235 1643 1287 vim
1701 1233 2052 1304 propulsatu-

474 1334 597 1372 rum
670 1320 926 1388 sperabat
964 1338 978 1374 :
1014 1322 1236 1392 reliquis
1306 1324 1451 1377 enim
1500 1325 1753 1380 omnibus
1812 1327 2051 1383 hostium

475 1411 801 1480 praestabant
831 1421 1037 1485 partes.

544 1502 858 1569 Enimvero,
889 1520 1010 1560 cum
1030 1520 1096 1561 eo
1118 1522 1205 1562 res
1226 1519 1367 1563 statu
1396 1509 1654 1566 haberent
1694 1514 1746 1566 in
1775 1516 2050 1579 novacula,

482 1604 544 1648 ut
570 1595 761 1649 aiunt:
797 1598 1073 1666 negotium
1105 1608 1276 1653 totum
1308 1592 1474 1670 probe
1497 1602 1737 1673 dirigens
1758 1606 2054 1672 sapientia,

479 1689 721 1756 ecquod
750 1689 947 1757 cuique
970 1692 1285 1747 conducens
1301 1704 1447 1749 esset
1469 1698 1683 1765 egregie
1704 1696 2051 1765 diSpensans,

472 1779 731 1848 juvenem
763 1783 983 1851 quidem
1010 1783 1079 1839 ab
1113 1782 1366 1839 humanis
1410 1786 1625 1852 tollens,
1663 1788 1900 1843 inhibuit
1927 1804 2051 1858 age-

478 1887 560 1936 re,
593 1873 737 1941 quod
774 1873 959 1931 animo
1010 1876 1367 1931 constitutum
1416 1888 1569 1934 erat:
1614 1878 1817 1935 dixerit
1871 1880 2052 1945 alius,
2083 1853 2127 1912 Β

478 1963 627 2032 quod
651 1964 699 2018 ei
731 1966 931 2019 malum
963 1976 1129 2032 esset,
1180 1968 1335 2023 vobis
1388 1979 1566 2023 autem
1622 1972 1923 2040 despotam,
1954 1971 2052 2028 Pe-

481 2058 759 2124 loponnesi
801 2059 965 2115 totius
994 2060 1277 2115 dominum
1328 2061 1592 2129 praefecit,
1636 2064 2051 2133 appellationem

479 2150 644 2203 rebus
671 2150 1084 2208 confirmantem
1121 2168 1136 2218 ;
1166 2154 1299 2208 nihil
1350 2155 1547 2226 quippe
1572 2156 1797 2229 omnino
1828 2157 2044 2226 agebat,

479 2252 571 2295 aut
605 2242 859 2301 volvebat
885 2244 1094 2312 animo,
1126 2260 1290 2314 quam
1331 2248 1474 2315 quod
1506 2246 1747 2302 modeste
1795 2264 1859 2303 ac
1881 2265 1912 2305 e
1943 2249 2052 2303 vir-

480 2344 597 2397 tute
654 2335 1045 2402 rempublicam
1070 2347 1344 2406 gerentcm
1369 2340 1622 2396 deceret:
1651 2330 1770 2409 qua:
1786 2356 1876 2396 res
1906 2341 2049 2397 tanta

478 2426 689 2488 volans,
742 2440 837 2481 eos
870 2441 1089 2498 quoque
1133 2430 1199 2483 ad
1253 2431 1608 2485 sobrietatem
1642 2432 1924 2499 compulit,
1956 2436 2050 2503 qui

479 2535 595 2573 rem
626 2520 748 2588 ejus
790 2521 921 2575 nihil
951 2523 1183 2578 scirent:
1222 2524 1504 2594 plurisque
1534 2524 1807 2581 faciebant
1835 2541 2048 2594 omnes,

478 2616 540 2661 ut
570 2607 714 2676 quod
749 2608 842 2663 ille
871 2620 1084 2679 gratum
1120 2612 1361 2677 haberet,
1394 2624 1719 2683 praestarent
1748 2655 1763 2682 ,
1798 2616 2051 2687 idemque

476 2699 623 2754 dictu
655 2701 744 2765 sit,
773 2703 916 2771 quod
944 2702 1054 2758 Deo
1087 2713 1297 2773 gratum
1325 2715 1489 2761 esset.

550 2792 714 2847 Fama
748 2793 914 2862 igitur
940 2795 1142 2865 ubique
1197 2809 1546 2867 pervagante,
1604 2807 1660 2853 ut
1688 2800 1772 2852 vir
1826 2797 2048 2869 quidam

478 2884 820 2941 admirabilis
872 2887 983 2940 hac
1045 2903 1109 2943 ac
1140 2888 1227 2942 illa
1260 2890 1401 2943 bona
1440 2891 1710 2947 universis
1740 2901 2047 2961 praestaret,

479 2990 587 3036 non
619 2991 869 3045 quaerens
899 2979 1045 3047 quod
1096 2995 1253 3035 suum
1285 2991 1450 3047 esset,
1486 2982 1579 3038 sed
1611 2983 1756 3051 quod
1783 2984 2046 3041 aliorum:

479 3080 587 3121 11011
622 3066 765 3119 enim
791 3066 961 3120 latent
988 3082 1329 3122 summorum
1362 3084 1452 3124 res
1482 3086 1497 3125 ζ
1528 3071 1594 3125 ad
1626 3086 1750 3126 eum
1807 3072 2048 3128 conﬂue-

481 3158 634 3221 bant,
668 3172 790 3211 cum
824 3158 1033 3223 vicinae,
1062 3170 1175 3213 tum
1207 3159 1422 3231 longius
1450 3162 1640 3230 posita:
1669 3172 1879 3230 gentes.
1911 3164 2042 3217 Nam
2075 3195 2116 3251 ο

479 3248 652 3303 virtus
680 3262 768 3307 res
823 3257 905 3303 est
932 3249 1264 3306 desiderium
1314 3250 1541 3316 habens,
1581 3251 1852 3319 bonisque
1881 3264 2050 3313 attra-

478 3340 672 3397 hendis
734 3342 925 3411 majori
959 3357 1121 3411 supra
1153 3352 1458 3413 magnetem
1506 3342 1825 3401 eﬂicacitate
1863 3347 2047 3415 pollet.

478 3431 613 3485 Cum
638 3445 766 3500 ergo
786 3432 1095 3499 continens,
1118 3443 1229 3488 tum
1259 3450 1410 3488 mare
1442 3433 1777 3495 conﬂuentes
1805 3434 2052 3493 ferebant

460 3524 709 3593 ’p0puios
736 3544 750 3591 ;
777 3535 1002 3596 eratque
1048 3527 1206 3583 dulce
1234 3529 1364 3599 quid
1386 3528 1452 3583 ad
1477 3530 1877 3600 spectaculum,
1906 3534 2052 3603 quod

479 3631 575 3685 per
609 3616 739 3672 illud
775 3631 989 3689 tempus
1023 3620 1206 3677 ﬁebat.
1246 3618 1487 3677 Deserta
1507 3620 1710 3691 pridem
1773 3624 1935 3680 urbes
1986 3638 2053 3679 ac

478 3709 593 3764 loca
653 3725 821 3767 novos
871 3713 1094 3769 colonos
1164 3713 1459 3780 habebant,
1511 3714 1792 3784 saltusque
1867 3725 2051 3772 aratro

476 3800 971 3869 sciudebantur,ac
1023 3812 1132 3862 tota
1188 3805 1553 3861 mundabatur
1620 3806 1806 3876 regio:
1855 3807 1946 3862 sed
1998 3815 2053 3861 et

482 3892 652 3946 multa
680 3893 798 3949 loca
825 3908 1038 3964 aspera,
1068 3895 1232 3951 nullis
1263 3896 1390 3951 olim
1424 3906 1784 3966 praeterquam
1824 3895 2053 3952 latroni-

476 3986 578 4045 bus
607 3990 913 4057 commoda,
952 3990 1159 4046 leniora
1193 3990 1403 4057 eﬂema,
1423 4007 1488 4047 ac
1522 3991 1820 4061 peritorum
1887 4006 2056 4047 aran-

478 4078 533 4135 di
558 4080 814 4137 manibus
844 4082 1109 4147 cicurata,
1164 4082 1453 4139 mandatas
1483 4083 1732 4148 arbores,
1780 4097 1846 4137 ac
1875 4082 2054 4138 omnis

478 4172 692 4240 generis
718 4172 926 4229 semina
963 4173 1316 4242 recipiebant.
1351 4172 1541 4245 Sed‘et
1576 4174 1882 4242 lliyriorum
1909 4174 2051 4230 dena

479 4264 702 4325 circiter
760 4265 951 4330 millia,
1014 4273 1224 4319 mutato
1283 4264 1570 4319 confertim
1629 4265 1767 4328 solo,
1799 4264 2051 4321 adductis

482 4356 606 4409 tiliis
638 4368 703 4408 ac
728 4354 1011 4420 uxoribus,
1053 4354 1491 4424 substantiisque
1537 4370 1606 4413 ac
1641 4371 1857 4425 pecore,
1916 4359 2052 4419 Isth-

480 4462 628 4500 mum
659 4444 967 4514 petieruut;
996 4444 1226 4514 lixisque
1256 4444 1367 4499 illic
1401 4446 1793 4513 tabernaculis,
1813 4463 1876 4505 ac
1906 4459 2049 4509 stra-

2152 595 2249 649 τοῦ
2304 596 2582 664 ποιῆσαιδ
2622 595 2700 666 μὴ
2746 596 2986 665 προσῆκε
3026 595 3105 666 τῷ
3143 612 3201 648 τε
3252 593 3478 648 ἑαυτοῦ
3510 592 3757 662 σχήματι

2156 689 2250 740 καὶ
2282 688 2361 755 τῷ
2395 686 2515 756 βίῳ,
2563 689 2654 740 καὶ
2684 689 2856 759 ταύτῃ
2885 704 2947 755 γε
2997 687 3327 757 περιφανῶς
3376 684 3757 756 καταισχῦναι

2151 780 2277 843 τούς
2315 797 2375 833 τε
2404 783 2618 847 γονέας,
2647 781 2743 833 καὶ
2772 783 2879 835 πᾶν
2907 781 2966 834 τὸ
2990 782 3176 848 γένος,
3206 782 3309 833 καὶ
3350 777 3601 847 προσέτι
3633 777 3759 839 τοὺς

2154 872 2253 940 τὴν
2284 871 2486 941 ἀρετὴν
2539 872 2942 941 Θαυμάζοντας,
2990 875 3084 926 καὶ
3132 871 3305 941 φύσιν
3356 871 3471 938 τὴν
3517 872 3785 943 ἐκείνου.ι

2167 964 2482 1017 Ἐπεποίθει
2506 964 2563 1016 δὲ
2592 963 2734 1033 Θεῷ,
2768 964 2863 1016 καὶ
2894 963 3013 1025 ταῖς
3044 961 3153 1015 τῶν
3193 961 3517 1029 φυσὰντων
3544 960 3755 1030 εὐχαῖς,

2152 1057 2245 1110 καὶ
2275 1058 2386 1119 τοῖς
2411 1056 2608 1109 ἑαυτοῦ
2655 1057 2901 1124 τρόποις,
2931 1054 3009 1125 τῷ
3056 1071 3116 1107 τε
3154 1053 3371 1116 ἀδίκως
3427 1051 3533 1105 τοῦ
3572 1052 3756 1104 ἐπιόν-

2152 1161 2246 1209 τος
2277 1144 2377 1215 τὴν
2401 1145 2576 1215 ἀρχὴν
2605 1144 3085 1214 σφετεριζομένου,
3138 1144 3309 1197 αὑτὸν
3335 1142 3584 1205 δικαίως
3613 1141 3757 1211 ἀμύ-

2153 1236 2363 1291 νεσθαι.
2402 1236 2488 1289 Ἐν
2519 1237 2628 1305 γάρ
2661 1240 2774 1300 τοῖς
2824 1236 3007 1302 ἄλλοις
3039 1236 3243 1292 ἅπασιν
3274 1236 3334 1291 οῖ
3370 1234 3757 1304 πολεμοῦντες

2151 1327 2569 1382 ἐπλεονέκτουν.

2238 1511 2380 1564 Ἀλλ’
2406 1513 2465 1565 ὲν
2517 1511 2724 1573 τούτοις
2769 1511 3071 1579 ἱσταμένων
3116 1511 3226 1563 τῶν
3269 1507 3650 1578 πραγμάτων
3685 1507 3758 1571 ὡς

2151 1603 2245 1655 ἐπὶ
2288 1602 2473 1672 ξυροῦ.
2526 1604 2712 1669 φασιν,
2744 1602 2777 1669 ἡ
2809 1601 2991 1662 καλῶς
3023 1598 3278 1653 ίθύνουσα
3314 1599 3496 1665 σοφία
3543 1598 3666 1651 τόδε
3698 1597 3755 1650 τδ

2152 1696 2281 1753 πᾶν.
2315 1696 2407 1746 καὶ
2460 1693 2874 1763 πρυτανεύουσα
2923 1692 2984 1744 τὸ
3021 1692 3306 1761 συμφέρον
3360 1690 3623 1758 ἑκάστῳ,
3667 1690 3754 1741 τὸν

2158 1789 2257 1858 μὲν
2289 1789 2506 1840 νεανίαν
2559 1788 2785 1849 ἐκεῖνον,
2828 1785 2937 1837 τῶν
2985 1786 3112 1855 τῇδε
3161 1784 3606 1853 μεταστήσασα,
3656 1781 3753 1833 οὐκ

2156 1879 2308 1932 εἴασε
2344 1879 2605 1947 πράττειν
2634 1880 2701 1931 τὰ
2740 1877 2883 1930 κατὰ
2929 1878 3087 1929 νοῦνο
3122 1875 3282 1938 ἄλλος
3314 1875 3364 1927 δ’
3401 1875 3473 1929 ἂν
3508 1870 3663 1937 εἷπε,
3687 1872 3753 1925 τὰ

2156 1970 2281 2024 καθ’
2321 1969 2516 2023 ἑαυτοῦ
2540 1986 2551 1999 ·
2585 1970 2676 2023 τὸν
2699 1970 2754 2022 δὲ
2787 1969 3055 2035 δεσπότην
3089 1969 3215 2038 ὑμῖν
3240 1967 3536 2034 δεσπότην
3569 1967 3749 2033 πάσης

2154 2061 2321 2127 ἔδειξε
2378 2063 2476 2130 τῆς
2522 2062 2959 2129 Πελοποννήσου,
3020 2060 3203 2128 ἔργοις
3253 2059 3608 2127 βεϐαιοῦντα
3653 2059 3750 2127 τὴν

2154 2153 2367 2224 κλῆσιν.
2404 2153 2569 2206 Οὐδὲν
2610 2156 2718 2221 γὰρ
2771 2153 2905 2215 δλως
2938 2153 3195 2219 πράττων
3229 2148 3301 2223 ἦν
3351 2152 3387 2223 ἢ
3419 2142 3747 2219 διανοο*ύμε-

2154 2262 2265 2309 νος,
2301 2244 2329 2297 ὃ
2362 2243 2437 2314 μὴ
2472 2246 2751 2314 προσῆκεν
2793 2243 3049 2304 ἐπιεικῶς
3082 2243 3330 2313 ἄρχοντι.
3364 2242 3553 2297 Τοῦτο
3577 2242 3635 2295 δὲ
3657 2239 3748 2308 6?;-

2152 2335 2243 2389 λον
2300 2336 2544 2405 γεγονὸς,
2598 2338 2899 2405 σωφρονεῖν
2954 2335 3232 2405 ἠνάγκαζε
3288 2335 3398 2390 atat
3459 2336 3596 2397 τοὺς
3650 2334 3745 2386 οὐκ

2152 2424 2361 2491 εἰδότας
2380 2444 2394 2461 ’
2431 2432 2523 2482 καὶ
2559 2427 2756 2482 πολλοῦ
2784 2428 2851 2483 ἂν
2883 2432 3086 2492 πάντες
3129 2427 3445 2497 ἠλλάξαντο
3476 2428 3543 2481 τὸ
3573 2428 3745 2480 ποιεῖν

2151 2523 2215 2576 τὸ
2241 2522 2412 2593 τούτῳ
2440 2522 2835 2592 κεχαρισμένον
2858 2562 2874 2587 ,
2903 2521 3069 2575 ταυτδ
3098 2520 3146 2575 δ’
3178 2520 3363 2575 είπεῖν
3393 2522 3494 2575 καὶ
3525 2518 3670 2589 Θεῷ.

2224 2788 2645 2858 Διαδραμούσης
2687 2788 2783 2842 οὖν
2832 2788 3143 2858 πανταχόσε
3183 2786 3284 2857 τῆς
3334 2788 3563 2859 φήμης,
3599 2783 3674 2846 ὡς
3710 2785 3737 2836 6

2154 2881 2304 2935 δεῖνα
2331 2880 2647 2949 Θαυμαστὸς
2677 2879 2748 2934 τά
2779 2882 2873 2933 καὶ
2899 2880 2964 2933 τὲ
2989 2880 3283 2950 εἰργάσατο
3319 2881 3502 2933 πᾶσιν
3531 2874 3729 2945 ἀγαθὰ,

2151 2974 2210 3028 ού
2248 2971 2427 3044 ζητῶν
2473 2974 2532 3025 τὸ
2563 2973 2781 3037 ἑαυτοῦ,
2818 2972 2958 3028 ἀλλὰ
2999 2974 3060 3027 τὸ
3088 2972 3199 3028 τῶν
3245 2973 3487 3043 ἐτέρων·
3518 2972 3591 3025 τὰ
3630 2970 3734 3039 γὰρ

2154 3064 2261 3117 τῶν
2293 3066 2565 3134 μεγίστων
2590 3067 2651 3119 οὐ
2694 3066 3022 3138 κρύπτεται·
3056 3067 3353 3139 συνέρρεον
3385 3066 3521 3135 ἔθνη
3566 3061 3734 3116 «and

2151 3155 2225 3216 ὡς
2257 3156 2421 3210 αύτδν
2445 3156 2553 3211 τῶν
2590 3175 2649 3211 τε
2677 3159 2958 3229 ἐγγυτέρω
2992 3161 3085 3213 καὶ
3140 3157 3597 3230 πορρωτάτω.Ίί
3628 3155 3732 3224 γὰρ

2153 3248 2323 3318 ἁρετὴ
2375 3249 2647 3315 ποθεινὸν,
2701 3251 2795 3305 καὶ
2854 3251 3186 3321 παρελαύνω
3236 3256 3507 3321 μαγνίτιν
3563 3249 3728 3310 λίϐον.
3802 3278 3805 3279 ν

2153 3339 2495 3408 ἐφελκομένη
2522 3340 2649 3404 τοὺς
2678 3340 2941 3410 ἀγαθούς.
2992 3339 3245 3412 Ἐκόμιζε
3274 3342 3340 3413 δὴ
3372 3344 3473 3396 καὶ⁹
3504 3342 3731 3412 ἤπειρος

2153 3430 2248 3484 καὶ
2297 3428 2543 3483 Θάλασσα
2590 3434 2716 3493 τοὺς
2772 3420 3215 3502 ἐπιδημοῦντας*
3272 3435 3370 3488 καὶ
3421 3429 3493 3503 ἦν
3544 3431 3646 3499 ἡδύ
3678 3444 3729 3480 τι

2154 3520 2452 3578 θεάσασθαι
2528 3524 2587 3575 τδ
2642 3526 2762 3577 κατ’
2818 3527 2996 3580 ἐκεῖνο
3050 3523 3250 3596 καιροῦ
3315 3523 3726 3597 πραττόμενον.

2157 3613 2359 3683 ’ῼκουν
2387 3614 2437 3666 ei
2478 3614 2727 3681 νεήλυδες
2772 3615 2871 3678 τὰς
2906 3617 3218 3686 ἀοικήτους,
3258 3616 3359 3675 καὶ
3395 3616 3541 3685 ἄλση
3572 3626 3731 3667 κατε-

2153 3706 2403 3776 τέμνετο,
2428 3709 2524 3760 καὶ
2551 3708 2871 3778 ὲκαθαίρετο
2897 3709 3073 3780 χῶρος
3099 3710 3245 3773 ἅπας
3269 3726 3284 3741 ο
3322 3709 3503 3765 πολλά
3533 3725 3592 3761 τε
3632 3706 3728 3759 αύ-

2154 3798 2263 3851 τῶν
2291 3797 2583 3869 ἀνημέρων
2623 3802 2861 3871 χωρίων,
2898 3801 3040 3873 ἆπερ
3081 3800 3295 3856 οὐδέσιν
3334 3801 3558 3872 ὑπῆρχε
3598 3796 3729 3868 χρή-

2156 3904 2294 3959 σιμα
2332 3889 2472 3961 πλὴν
2508 3890 2752 3961 λῃσταῖς,
2792 3893 3090 3966 ἡμεροῦτο,
3121 3894 3215 3947 καὶ
3263 3893 3487 3965 ἐδέχετο
3535 3891 3721 3960 φυτδνς

2154 3984 2249 4036 καὶ
2302 3983 2647 4038 παντοδαπὸν
2697 3986 2940 4057 σπέρμα,
2991 3987 3209 4040 εἴκοντα
3262 3988 3422 4057 χερσὶ
3471 3983 3724 4053 γηπόνων

2153 4073 2322 4144 ἀροῦν
2364 4076 2628 4148 είδότωνκ
2652 4077 2810 4133 ’Δλλὰ
2851 4080 2946 4131 καὶ
3007 4078 3254 4146 Ἰλλυριοὶ
3296 4060 3429 4148 πὲρὶ
3485 4070 3723 4145 μυριάδα

2153 4162 2340 4233 ἁθρόοι
2372 4144 2800 4237 μτοικήὲαντες
2826 4167 2942 4237 ἅμα
2964 4169 3122 4223 παισί
3147 4144 3205 4222 τε
3238 4169 3334 4223 καὶ
3360 4144 3602 4237 γυναιξὶ,
3632 4160 3723 4215 καὶ

2151 4261 2272 4323 ταῖς
2305 4260 2517 4325 οὐσίαις
2547 4262 2642 4316 καὶ
2674 4263 2977 4333 Θρέμμασι,
3006 4263 3100 4315 τὸν
3132 4261 3354 4332 Ἰσθμὸν
3381 4256 3683 4315 κατέλαϐον
3702 4268 3718 4284 ⁸

2154 4351 2322 4414 αὑτοῦ
2369 4353 2427 4407 δὲ
2470 4355 2777 4425 πηξάμενοι
2823 4355 2919 4417 τὰς
2953 4354 3176 4424 σκηνὰς,
3215 4355 3311 4408 καὶ
3358 4354 3457 4415 τὰς
3507 4348 3719 4406 κλισίας

2152 4444 2529 4516 ἐκτείναντες,
2552 4448 2707 4501 αὐτοὶ
2745 4447 2853 4500 τῶν
2894 4446 3016 4499 καθ’
3043 4446 3269 4511 ἑαυτοὺς
3298 4441 3439 4517 ἦσαν
3475 4440 3713 4510 ἀγγελοιο

480 4538 550 4597 tis
579 4536 816 4601 lectulis,
840 4551 1064 4591 suarum
1099 4536 1202 4607 ipsi
1226 4538 1605 4593 rerumnuntii
1642 4554 1741 4608 pro
1767 4540 2050 4611 inopinato

2155 4534 2332 4599 οὕτως
2371 4538 2631 4608 ἐξαίφνης
2660 4521 3042 4614 παρεγένοντο.
3076 4533 3209 4591 Εἶτα
3245 4536 3493 4606 μηδόλως
3526 4529 3721 4603 p.81“,-

479 4629 713 4689 adventu
756 4627 997 4684 fuerunt.
1031 4627 1111 4683 Ad
1144 4628 1279 4695 haec,
1342 4630 1490 4685 nulla
1550 4646 1722 4699 mora,
1783 4649 2046 4706 perquam

478 4720 820 4789 magnificam
870 4719 1192 4788 legationem
1232 4721 1298 4776 ad
1353 4736 1475 4777 eum
1530 4722 1881 4794 instruentes,
1926 4743 2049 4798 per-

477 4813 864 4878 contabantur,
890 4811 1020 4881 quid
1040 4811 1109 4867 de
1135 4811 1242 4868 illis
1265 4826 1443 4885 operae
1486 4814 1719 4882 pretium
1756 4819 1858 4887 ipsi
1903 4820 2051 4876 vide-

478 4910 661 4957 retur:
695 4900 914 4971 sibique
942 4900 1300 4957 constitutum
1363 4902 1603 4975 aiebant,
1654 4916 1714 4962 ut
1763 4907 2048 4979 impetrata

477 4994 635 5047 venia
667 4994 823 5049 sedes
869 4994 1096 5064 agerent
1131 5007 1194 5049 ac
1251 4994 1475 5052 omnino
1531 5008 1856 5068 praestarent
1899 5003 2048 5074 quod

479 5084 559 5144 illi
588 5086 765 5142 visum
798 5094 963 5142 esset.
1015 5086 1110 5141 ille
1147 5088 1348 5157 gaudio
1403 5092 1634 5161 receptis
1687 5094 1898 5165 legatis,
1952 5111 2049 5167 per

478 5191 596 5239 eos,
627 5175 746 5244 ejus
775 5176 876 5231 sibi
915 5178 1097 5246 populi
1132 5179 1518 5238 ducesadesse
1543 5182 1717 5253 jubet.
1751 5184 1889 5241 Tum
1918 5200 2048 5242 vero

480 5276 541 5329 ut
562 5282 622 5324 se
657 5277 1157 5336 repraesentassent,
1210 5273 1461 5341 prudenti
1491 5275 1788 5331 admodum
1819 5278 2048 5333 oonsilio

482 5366 727 5421 amanter
757 5358 1093 5427 amplexans,
1124 5359 1429 5433 innataque
1475 5364 1779 5422 dulcedinis
1827 5374 2047 5438 gustum

482 5450 712 5517 iaciens,
743 5450 843 5506 sibi
876 5451 1095 5521 illectat,
1128 5470 1197 5510 ne
1257 5458 1438 5526 petitis
1477 5458 1697 5531 quidem
1734 5458 2044 5523 obsidibus,

482 5552 577 5605 aut
606 5542 700 5613 qui
728 5542 831 5604 fide
860 5542 1134 5615 juberent,
1166 5562 1355 5607 eorum
1388 5552 1522 5607 satis
1547 5552 1614 5607 ad
1658 5550 1817 5606 ﬁdem
1856 5565 2048 5607 sacra-

481 5646 723 5691 mentum
759 5634 1003 5694 habens:
1044 5654 1355 5711 quanquam
1389 5652 1549 5698 erant
1577 5652 1829 5698 auctores
1863 5640 2046 5705 multi,

480 5727 614 5781 nihil
647 5728 699 5783 id
730 5728 969 5786 alienum
1002 5747 1031 5787 a
1064 5734 1275 5789 ratione
1296 5734 1561 5799 dicentes,
1592 5742 1651 5788 ut
1697 5748 1764 5788 ne
1796 5732 1909 5787 ullo
1934 5745 2051 5786 mo-

482 5822 549 5887 do
594 5823 877 5901 reciperet,
911 5832 1024 5883 tum
1060 5826 1206 5903 quod
1239 5824 1529 5889 multitudo
1562 5824 1841 5892 formidini
1881 5830 2047 5895 esset,

2151 4643 2369 4697 σαντες,
2390 4630 2691 4700 πρεσϐείαν
2715 4628 2858 4682 πάνυ
2881 4628 3140 4700 λαμπρὰν
3158 4628 3297 4699 πρὸς
3317 4628 3375 4681 δν
3395 4622 3715 4697 ἀφικνοῦντο

2150 4718 2493 4789 πέμψαντες,
2540 4719 2925 4781 ἐπυνθάνοντο.
2965 4720 3020 4773 τί
3047 4718 3165 4773 ποτ’
3199 4720 3267 4773 ἂν
3299 4719 3385 4789 εῖη
3428 4718 3491 4771 τὸ
3530 4710 3715 4769 δοκοῦν

2150 4813 2344 4885 ἐκείνῳ
2380 4816 2509 4885 περὶ
2537 4814 2720 4868 αὐτῶν
2745 4830 2760 4844 ·
2795 4814 2891 4867 καὶ
2914 4815 3280 4885 παρεδήλουν,
3311 4813 3387 4877 ὡς
3413 4811 3709 4883 βούλονται,

2149 4902 2501 4972 τούνδόσιμον
2547 4902 2806 4966 λαϐόντες
2832 4903 2963 4975 παρ’
2996 4904 3186 4970 αὑτοῦ,
3216 4906 3312 4958 καὶ
3341 4903 3571 4957 εἰσιέναι
3619 4895 3713 4949 καὶ

2151 4995 2359 5063 μεῖναι,
2402 4992 2498 5047 καὶ
2531 4994 2676 5063 ἅπερ
2724 4994 2790 5047 ἂν
2823 4994 2909 5048 ὅδε
2955 4995 3112 5066 γνοίη
3173 4994 3440 5064 πράττειν
3492 4985 3706 5047 αὐτούς.

2161 5085 2221 5138 '0
2253 5086 2309 5139 δὲ
2336 5087 2430 5141 καὶ
2458 5086 2673 5156 δέχεται
2702 5086 2829 5150 τοὺς
2873 5087 3133 5154 πρέσϐεις
3172 5086 3447 5154 ἁσμένως,
3481 5082 3573 5136 καὶ
3616 5092 3709 5131 κα-

2152 5175 2237 5229 λεῖ
2266 5175 2398 5247 παρ’
2428 5176 2621 5234 ἑαυτὸν
2646 5175 2734 5229 διὰ
2769 5176 3054 5247 πρέσϐεων
3079 5177 3305 5229 τουτωνὶ
3338 5178 3464 5239 τοὺς
3492 5172 3709 5237 ἐξηγου-

2155 5268 2353 5337 μένους
2391 5267 2501 5321 τῶν
2543 5267 2742 5324 ἄλλων.
2776 5268 2884 5321 Καὶ
2919 5268 3463 5338 φιλοφρονησάμενος
3512 5257 3705 5317 αὐτοὺς

2153 5358 2601 5431 παραγεγονότς
2632 5356 2823 5422 δεξιῶς
2856 5358 3017 5426 ἄγαν,
3063 5358 3159 5412 καὶ
3190 5358 3290 5427 τῆς
3316 5357 3556 5426 ἐμφύτου
3579 5347 3704 5419 γεύ-

2155 5470 2255 5519 σας
2308 5453 2666 5522 γλυκύτητος,
2716 5452 3015 5504 ἐπισπᾶται
3067 5450 3165 5512 τὰς
3221 5449 3403 5503 αὐτῶν
3452 5445 3701 5517 γνώμας⁹

2155 5547 2293 5616 μήτε
2326 5545 2370 5597 δ’
2392 5545 2575 5614 ὅμηρα
2610 5542 2811 5607 λαϐὼν,
2851 5544 2989 5611 μήτε
3025 5541 3228 5610 ἐγγύας
3255 5542 3504 5612 αἰτήσας,
3532 5537 3705 5604 ὅρκοις

2151 5636 2402 5708 ἠρκέσθη
2444 5638 2555 5699 τοῖς
2608 5634 2739 5702 παρ’
2797 5633 3018 5689 αὐτῶνθ
3054 5633 3346 5702 καίτοιπερ
3389 5632 3438 5687 οἱ
3490 5625 3700 5682 πλείους

2152 5730 2451 5801 παρῄνουν,
2484 5728 2634 5783 οὐδὲν
2662 5728 2947 5797 ἀλόγιστον
2992 5728 3263 5795 λέγοντες,
3301 5722 3565 5795 μηδαμῶς
3605 5711 3699 5767 αὐ·

2151 5821 2277 5885 τοὺς
2306 5818 2586 5888 δέξασθαι,
2608 5818 2670 5874 τό
2710 5836 2770 5874 τε
2802 5819 3004 5889 πλῆθος
3028 5817 3281 5887 δεδιότες,
3312 5818 3406 5872 καὶ
3441 5812 3498 5869 τὸ
3528 5807 3695 5863 ἱθεσιν
