4060 6586
344 399 526 502 213,

1175 405 1565 468 THEODORI
1641 409 1958 486 DESEOTI
2023 367 2413 478 LAUDNATIO
2455 421 2866 480 FUNEBRIS.

3507 422 3614 486 ειι

345 519 587 587 ἑτέροις
620 516 866 578 ἐκείνους
891 516 988 585 ζῇν
1019 517 1413 583 ὑποπτεύοντες
1447 521 1620 574 αίτιον
1645 526 1925 580 σκανδάλοι

2049 536 2162 582 tum
2213 530 2356 598 quod
2409 531 2729 586 scandalum
2762 531 2999 588 creaturi
3053 533 3390 597 viderentur,
3425 547 3524 604 pro
3554 553 3620 589 eo

341 602 736 680 γενήσεσθαι.
777 607 1013 670 Ἐκεῑνος
1038 609 1097 662 δὲ
1131 611 1378 664 πιστεύει
1415 612 1534 680 μὲν,
1561 614 1775 669 οἴκοθεν
1801 617 1942 688 ἔχων

337 699 425 750 τὸ
467 695 662 760 πιστὸς
690 691 858 750 εἶναι’
886 697 914 750 δ
946 698 1055 769 γάρ
1093 714 1176 760 τις
1217 701 1350 768 ἔχει.
1379 701 1585 768 δίδωσι,
1629 707 1724 760 καὶ
1747 709 1774 760 ὃ
1801 710 1940 776 ἔστι,

339 789 653 857 λογίζεται
687 790 778 842 καὶ
809 789 934 852 τοὺς
961 791 1178 856 λοιποὺς
1212 787 1379 848 εἷναιο
1409 797 1582 851 πείθει
1608 800 1664 853 δὲ
1696 802 1791 854 καὶ
1816 803 1942 857 ἐαυ-

336 881 484 944 τδλν,
531 882 624 934 καὶ
666 881 883 945 ἄλλους,
927 882 1219 954 λογισμοὺς
1260 889 1561 957 προτείνων
1605 892 1940 966 ἀναντιρῤή-

329 991 514 1036 τους,
549 973 620 1038 ὥς
652 975 756 1028 κᾶν
807 973 1120 1054 βουληθεῖεν
1152 979 1352 1033 ἐκεῖνοι
1407 983 1576 1036 κακόν
1611 1002 1666 1039 τι
1713 986 1934 1057 δρᾶσαι,

331 1067 464 1118 οὐκ
495 1068 564 1121 ἄν
597 1085 728 1118 ποτε
777 1067 1096 1134 δυνηθεῖενο
1126 1070 1220 1123 καὶ
1255 1071 1345 1126 διὰ
1394 1075 1554 1129 τοῦτο
1595 1078 1716 1132 οὐδὲ
1752 1079 1942 1150 βουλή-

344 1173 581 1213 σονται.
629 1158 822 1228 Ἐξέϐη
853 1160 898 1213 δ’
927 1161 1118 1232 ὥσπερ
1146 1165 1306 1230 αὐτὸς
1337 1166 1557 1237 ἐνόμισε
1579 1186 1638 1223 τε
1668 1172 1764 1226 καὶ
1789 1174 1940 1242 ισχυ-

345 1249 575 1318 ρξζετο.
609 1251 721 1304 Καὶ
746 1251 908 1305 τοῦτο
938 1255 1060 1323 τρία
1095 1257 1252 1310 ταυτὶ
1293 1265 1847 1334 προσμαρτυρήσειεν
1869 1267 1938 1320 ἂν

341 1339 541 1408 αὐτῷ,
574 1341 942 1408 ἀξιοπιστίαν,
983 1345 1228 1416 ἀνδρίαν,
1280 1351 1573 1421 φρόνησιν’
1609 1355 1686 1426 τῷ
1715 1359 1938 1413 πιστεύ-

344 1450 484 1494 σαι,
519 1433 598 1503 τῷ
625 1435 926 1505 θαρῤἦσαι,
966 1438 1041 1508 τῷ
1069 1441 1249 1504 καλῶς
1299 1445 1690 1514 στοχάσασθαι.
1726 1450 1936 1505 κτᾶται

339 1527 660 1596 τοιγαροῦν
681 1530 943 1600 στρατιὰν
967 1531 1260 1604 τοσαύτην,
1281 1536 1382 1590 οὐκ
1398 1539 1622 1610 ἄπειρον
1655 1542 1757 1611 μὲν
1772 1561 1938 1613 τραυ·⁵

345 1619 824 1691 μάτωνμάγαθὴν
859 1623 914 1674 δὲ
966 1624 1034 1677 τὰ
1071 1625 1328 1696 πολέμια,
1363 1630 1530 1699 μηδὲν
1575 1637 1932 1703 προσαναλώ-

337 1726 459 1772 σας
489 1711 524 1778 ἢ
569 1715 696 1780 τρία
730 1713 931 1777 ταῦτα,
976 1715 1202 1787 γνώμης
1230 1719 1492 1790 ὀξύτητα,
1525 1725 1774 1797 γλώττης
1821 1729 1932 1782 δει-

338 1802 587 1870 νὸτητα,
630 1806 850 1876 τρόπων
885 1811 1231 1882 χρηστότητα
1259 1830 1271 1844 ·
1317 1814 1548 1871 ἕκαστον
1584 1821 1770 1892 χρῆμα
1805 1822 1931 1877 ἀκέ-

332 1909 552 1948 νωτον.

433 2067 620 2166 -Ῑξχων
646 2089 708 2140 γε
743 2073 923 2127 τοίνυν
955 2063 1155 2154 αύῖοὺς
1184 2083 1320 2152 πρὸς
1355 2088 1418 2156 τῇ
1455 2087 1556 2156 τῆς
1586 2089 1930 2166 Πελοποννὴ-

338 2179 449 2213 con
482 2161 732 2231 δυνάμει,
770 2167 828 2219 ού
869 2174 1080 2242 σμικρᾷ
1114 2174 1205 2226 καὶ
1237 2178 1546 2250 καθἀὑτὴν
1578 2183 1732 2256 οὔσῃ,
1754 2204 1928 2257 προσο

338 2253 534 2324 θήκην
587 2256 669 2308 ὅτι
717 2260 1006 2329 μεγίστην,
1039 2264 1167 2332 ῥᾷον
1198 2266 1230 2335 ἦ
1272 2284 1354 2330 τις
1391 2269 1457 2323 ἂν
1488 2253 1743 2342 ἐνόμιζεν
1772 2253 1833 2332 εί)
1860 2280 1927 2334 τὰ

338 2346 498 2397 κατὰ
535 2345 660 2399 νοῦν
686 2348 892 2404 διέθετο
943 2354 1137 2409 πάντα.
1173 2357 1230 2410 Ei
1267 2363 1375 2432 γὰρ
1407 2361 1469 2432 δὴ
1504 2371 1596 2418 καὶ
1639 2371 1812 2439 μικρά
1839 2389 1925 2436 τις

340 2441 584 2536 ἐπιϐολὴ
615 2443 676 2494 τὸ
705 2446 812 2496 πᾶν
847 2447 1024 2515 ἰσχύει
1058 2450 1339 2520 πολλάκις,
1372 2457 1403 2526 ἡ
1440 2463 1675 2532 τοσαύτη
1711 2465 1810 2532 μὲν
1847 2466 1926 2536 τῷ

347 2531 578 2626 πλήθει,
605 2534 749 2626 ,καλὴ
779 2537 836 2590 δὲ
868 2541 962 2592 καὶ
993 2542 1057 2611 τῇ
1084 2542 1194 2595 τῶν
1216 2544 1530 2615 πολεμικῶν
1558 2531 1841 2626 ἐμπειρίᾳ,
1873 2531 1926 2609 τί

340 2624 454 2676 ούκ
488 2625 556 2677 ἂν
586 2625 755 2696 ἔδρα;
798 2629 872 2680 Ού
903 2631 1031 2702 γὰρ,
1064 2633 1243 2689 καίτοι
1276 2639 1397 2691 καθ’
1447 2641 1676 2709 ἑαυτοὺς
1716 2624 1924 2717 προθύ-

346 2730 496 2780 μους
527 2731 587 2767 τε
614 2718 710 2770 καὶ
755 2718 992 2786 ἀγαθοὺς
1029 2725 1368 2792 στρατιώτας
1397 2729 1581 2796 ὄντας,
1614 2735 1676 2787 ού
1722 2738 1924 2806 προσέο

342 2804 478 2858 θετο
541 2808 770 2877 ποιῆσαι
822 2812 1046 2876 τούτους
1104 2815 1386 2885 βελτίους’
1439 2821 1556 2876 ἀλλ’
1614 2804 1924 2898 ἐπηύξησεν

345 2899 562 2963 αὐτοῖς,
598 2900 789 2972 ῶσπερ
819 2904 910 2958 οὖν
940 2905 1002 2959 «ea
1033 2910 1171 2981 πρὸς
1215 2912 1381 2964 αὑτὸν
1421 2915 1666 2986 φίλτρον,
1696 2919 1838 2975 οὕτω
1865 2924 1923 2977 δὲ

346 2991 453 3045 καὶ
483 2992 550 3046 τά
573 2997 915 3066 χρηστότερα
943 3000 1142 3065 πάντα,
1171 3002 1347 3071 λέγων
1377 3009 1472 3060 καὶ
1499 3009 1822 3077 ὑποδεικνὺς
1857 3018 1925 3070 τὰ

349 3087 631 3154 πρακτέα.
668 3088 779 3142 Καὶ
803 3089 957 3160 δηλοῖ
1005 3094 1074 3146 τὰ
1106 3094 1172 3148 δι’
1207 3097 1388 3150 αὐτῶν
1434 3101 1630 3173 ἐκείνῳ
1669 3121 1922 3176 πεπραγο

2043 623 2187 691 quod
2221 623 2344 677 aliis
2377 626 2622 681 moribus
2651 626 2919 683 viverent.
2957 625 3228 690 Caeterum
3260 626 3352 680 ille
3373 641 3619 681 commo-

2040 715 2135 769 dat
2158 715 2379 784 quidem
2405 716 2584 781 fidem,
2609 718 2702 787 qui
2729 734 2760 774 ιι
2783 733 2844 773 se
2863 719 2978 789 ipse
3003 718 3163 772 fidem
3196 717 3438 775 haberet.
3464 718 3619 783 Quod

2042 806 2166 874 quis
2197 807 2342 862 enim
2375 808 2556 873 habet,
2587 809 2748 863 etiam
2777 809 2892 872 dat,
2944 825 3011 864 ac
3038 808 3183 877 quod
3220 815 3305 862 est
3340 808 3475 874 ipse,
3519 809 3624 862 hoc

2041 898 2182 954 alios
2211 915 2428 970 quoque
2453 901 2767 956 existimat:
2826 917 2950 956 cum
2991 916 3120 956 vero
3144 900 3270 964 sibi.
3327 910 3442 955 tum
3499 900 3621 954 aliis

2041 989 2258 1051 suadet,
2289 991 2622 1046 firmissimis
2653 992 2930 1046 rationum
2961 993 3281 1056 momentis,
3313 1007 3380 1045 ne
3431 992 3476 1047 si
3533 1006 3622 1046 ve-

2043 1079 2162 1145 lint,
2198 1095 2360 1149 posse
2381 1096 2476 1136 eos
2503 1081 2634 1150 quid
2673 1082 2796 1136 mali
2835 1081 3054 1145 facere;
3095 1096 3269 1152 eoque
3303 1081 3419 1136 fore
3453 1089 3512 1134 ut
3567 1089 3623 1134 rt

2041 1173 2215 1227 nolint
2240 1211 2255 1236 ,
2291 1174 2585 1242 evenitque
2606 1174 2683 1229 uti
2721 1183 3014 1229 censuerat
3037 1174 3154 1244 ipse
3185 1188 3252 1228 ac
3277 1174 3576 1228 aliirmarat
3604 1193 3618 1240 ;

2019 1279 2160 1333 .qute
2193 1279 2323 1320 sane
2361 1281 2448 1320 res
2504 1266 2604 1319 tria
2635 1266 2748 1320 haec
2779 1265 2855 1320 illi
2890 1266 3108 1321 abunde
3133 1266 3370 1331 astruit;
3421 1275 3617 1321 aucto—

2041 1359 2253 1412 ritatem
2281 1358 2346 1411 ad
2376 1357 2564 1421 fidem,
2596 1358 2995 1424 fortitudinem,
3058 1359 3424 1438 prudentiam,
3462 1359 3614 1429 quod

2037 1447 2292 1503 habuerit
2326 1449 2509 1522 fidem,
2551 1450 2696 1518 quod
2732 1450 3009 1513 fiduciam,
3083 1451 3227 1520 quod
3250 1451 3400 1506 [bene
3436 1453 3623 1519 conje-

2038 1540 2224 1594 c1arit.
2257 1540 2409 1595 Adeo
2427 1556 2557 1610 ergo
2582 1542 3181 1600 numerosum‘militem
3199 1555 3505 1614 comparat.
3534 1545 3621 1600 ni-

2033 1630 2112 1685 hil
2143 1631 2296 1686 illum
2328 1633 2611 1688 vulnerum
2639 1633 2826 1688 rudem
2851 1674 2865 1697 ,
2894 1635 3036 1689 bello
3069 1643 3256 1690 autent
3296 1637 3618 1705 cumprimis

2034 1732 2431 1791 opportunum,
2464 1738 2584 1775 cum
2621 1733 2814 1789 praeter
2853 1723 2966 1777 lucc
2995 1723 3098 1777 tria
3123 1760 3137 1786 ,
3193 1723 3368 1777 nullos
3405 1723 3622 1791 posuiso

2035 1824 2118 1868 set
2145 1823 2417 1883 sumptus,
2456 1829 2708 1881 sagacem
2741 1815 3008 1875 animum.
3047 1817 3239 1884 linguae
3279 1815 3390 1868 vim
3427 1853 3442 1876 ,
3494 1829 3615 1868 mo—
3649 1807 3656 1812 ’

2036 1921 2156 1961 rum
2193 1906 2513 1971 bonitatem,
2547 1908 2862 1962 thesaurum
2895 1908 3052 1978 plane
3095 1907 3309 1979 singula
3345 1906 3619 1960 inexhauo

2036 2005 2206 2050 stum.
3201 2043 3213 2049 -

2098 2089 2235 2145 Cum
2263 2091 2447 2159 itaque
2477 2103 2703 2162 excepta
2767 2087 3128 2163 Peloponnesi
3158 2093 3376 2156 virtute,
3411 2107 3530 2162 quae
3565 2101 3619 2145 ct

2035 2181 2153 2252 ipsa
2183 2198 2278 2253 per
2298 2200 2357 2240 se
2381 2199 2490 2240 non
2521 2186 2734 2241 molica
2762 2195 2929 2252 esset,
2963 2185 3218 2240 rnaximze
3242 2199 3338 2238 eos
3393 2183 3618 2238 haberet

2034 2274 2368 2330 accessionis
2398 2276 2540 2342 loco,
2576 2275 2768 2346 majori
2793 2271 2957 2346 supra
2998 2291 3218 2331 omnem
3243 2275 3618 2330 existimatio-

2033 2377 2160 2416 nem
2199 2363 2479 2431 facilitate,
2511 2367 2646 2420 bene
2671 2382 2737 2421 ex
2765 2368 2947 2422 animo
3000 2367 3184 2421 omnia
3219 2366 3616 2421 constituebat.
3648 2355 3650 2357 ’

2034 2455 2266 2522 Quando
2298 2457 2446 2511 enim
2475 2458 2686 2513 modica
2719 2474 2938 2529 quoque
2962 2459 3209 2514 accessio
3238 2473 3348 2512 non
3379 2473 3506 2512 raro
3529 2464 3616 2510 ιο-

2033 2559 2148 2603 tum
2175 2561 2418 2620 praestat,
2445 2551 2576 2619 quid
2604 2565 2710 2606 non
2744 2560 2892 2605 tanta
2921 2551 3031 2614 illa,
3068 2551 3259 2620 reique
3300 2549 3437 2603 adeo
3465 2549 3616 2603 belli-

2032 2656 2110 2698 ca:
2141 2645 2331 2711 peritia
2363 2654 2648 2714 praestans,
2683 2642 3002 2698 confectura
3045 2642 3202 2696 erat?
3232 2639 3420 2710 Neque
3469 2640 3614 2694 enim

2031 2749 2342 2804 quanquam
2397 2751 2492 2806 per
2512 2751 2572 2790 se
2629 2735 2840 2789 alarres
2895 2750 2958 2789 ac
3019 2732 3230 2790 strenui
3266 2731 3616 2797 erant,omi-

2032 2828 2200 2892 sit,ut
2231 2829 2482 2885 meliores
2514 2827 2745 2884 ediceret
2770 2829 2933 2898 ;quin
2964 2829 3095 2893 imo,
3125 2828 3204 2882 uti
3234 2840 3424 2881 eorum
3463 2825 3517 2878 in
3557 2839 3616 2878 se

2032 2935 2297 2986 amorem,
2330 2921 2409 2976 sic
2433 2931 2485 2976 et
2509 2922 2729 2976 meliora
2757 2920 2943 2976 omnia
2968 2920 3048 2975 eis
3072 2919 3294 2974 adauxit
3319 2959 3333 2981 ,
3363 2931 3470 2987 qua
3497 2931 3619 2970 veru

2035 3013 2139 3077 bis,
2168 3029 2275 3083 qua
2317 3013 2486 3070 rebus
2516 3025 2860 3076 monstrans,
2891 3027 3016 3083 quae
3045 3011 3187 3066 facto
3219 3026 3359 3080 opus
3385 3017 3572 3066 essent
3599 3025 3611 3060 :

2033 3107 2382 3176 produntque
2402 3121 2499 3176 per
2513 3121 2610 3163 eos
2644 3107 2710 3160 ab
2731 3107 2822 3160 illo
2849 3116 2998 3176 gesta
3022 3122 3038 3171 ;
3069 3119 3380 3174 quanquam
3401 3102 3480 3156 eis
3505 3116 3612 3156 nor.

352 3178 523 3246 μένα,
548 3179 600 3233 si
631 3182 724 3234 καὶ⁵
753 3182 829 3252 μὴ
855 3184 916 3236 τὸ
931 3186 1049 3278 πᾶν
1081 3187 1261 3252 αὐτοῖς
1287 3191 1606 3261 ἀνατίθημι.
1634 3197 1755 3260 Πῶς
1778 3202 1921 3269 γάρ;

2032 3200 2214 3255 omnia
2247 3209 2472 3270 accepta
2507 3198 2706 3255 refero.
2752 3200 2854 3265 Qui
2879 3199 3064 3253 enim?
3096 3198 3289 3252 Nonne
3337 3198 3482 3251 enim
3515 3195 3616 3249 ιω-
3675 3211 3683 3222 ί

345 3272 427 3324 Ού
457 3272 566 3342 γὰρ
594 3271 873 3342 δυσμενῶν
901 3271 1014 3330 εἷλε
1045 3277 1248 3343 πόλεις,
1277 3283 1377 3346 τὰς
1408 3286 1508 3353 μὲν
1562 3288 1926 3361 πολιορκήσας

343 3380 410 3416 τε
450 3365 547 3418 καὶ
598 3367 1122 3435 παραστησάμενος,
1170 3371 1270 3435 τὰς
1323 3374 1368 3426 δ’
1399 3378 1649 3434 αὐτοϐοεὶ
1697 3381 1776 3454 τῷ
1824 3402 1920 3437 ιτιο⁸

346 3456 528 3526 λέρῳ,
561 3459 657 3521 τὰς
688 3458 911 3524 πλείους
940 3461 994 3515 δὲ
1031 3463 1126 3516 καὶ
1168 3465 1456 3532 φθασάσας
1489 3471 1590 3540 τὴν
1623 3476 1722 3542 τῆς
1763 3493 1928 3547 στρα·

347 3549 478 3610 τιᾶς
504 3548 712 3614 ἔφοδον,
768 3552 862 3604 καὶ
906 3554 1038 3620 πρὶν
1081 3553 1175 3607 τοῦ
1206 3556 1418 3629 ταύτην
1463 3560 1631 3630 ἐγγὺς
1672 3567 1925 3633 γενέσθαι

333 3641 796 3718 παραδοθείσαςς
843 3643 916 3696 Ού
952 3644 1194 3712 δεδιότας
1242 3649 1412 3718 ἔδειξε
1443 3655 1570 3719 τοὺς
1616 3657 1927 3730 δεδιττομέ-

351 3750 514 3799 ww;
548 3735 621 3787 Ού
648 3734 827 3788 πάντα
858 3735 1012 3790 ταῦτ’
1043 3739 1218 3794 ἐποίει
1253 3744 1384 3806 τοὺς
1411 3745 1700 3817 δυσμενεῖς
1726 3750 1926 3822 θρασυ-

354 3824 615 3894 νομένους
666 3826 786 3889 ταῖς
842 3826 947 3897 πρὸ
1003 3828 1100 3896 τῆς
1143 3831 1308 3885 αὑτοῦ
1362 3838 1670 3905 παρουσίας
1721 3840 1924 3908 νίκαις,

353 3917 770 3987 κατεπτηχότας
813 3918 1101 3986 φαίνεσθαι
1159 3924 1254 3977 καὶ
1299 3932 1925 4001 κατῃσχυμμένους,ἆτε

352 4009 418 4077 δὴ
453 4011 546 4062 τοῦ
575 4010 811 4080 θράσους
844 4014 1053 4078 αὐτοῖς,
1087 4017 1182 4068 καὶ
1211 4017 1322 4069 τῶν
1351 4018 1438 4086 ἐφ’
1475 4015 1558 4084 οἷς
1597 4024 1738 4092 μέγα
1769 4027 1928 4096 ἐφρό-

352 4119 497 4167 νουν,
527 4103 664 4172 πρὸς
693 4107 1008 4160 τούναντίον
1039 4111 1405 4180 τραπέντων-ς
1431 4114 1506 4167 Ού
1539 4118 1922 4190 παρῃτοῦντος

357 4195 431 4248 υύ
485 4197 896 4264 προσεκύνουνς
952 4201 1067 4253 υύκ
1121 4203 1446 4258 ἀπεδίδοσαν
1499 4206 1720 4263 ἅπαντα
1757 4212 1925 4280 εμετά

354 4289 673 4360 προσθήκης
715 4291 782 4343 τὰ
818 4293 1149 4361 ήρπαγμὲνα
1179 4313 1194 4357 ;
1227 4297 1301 4350 Οὐ
1354 4299 1556 4367 φόρους
1610 4305 1924 4372 προσεδίδο-

355 4397 472 4442 σαν,
507 4382 556 4434 οἳ
603 4382 697 4434 καὶ
751 4382 884 4454 δναρ
909 4383 1057 4438 τοῦτ’
1107 4387 1330 4453 ίδόντες,
1377 4393 1678 4463 ἀπεπήδων
1712 4397 1782 4450 ἂν
1825 4401 1925 4467 τῆς

351 4471 556 4539 κλίνης,
592 4472 668 4541 τῷ
698 4475 1091 4547 ἀπροσδοκήτῳ
1126 4478 1416 4548 βληθέντες
1441 4500 1454 4549 ;
1476 4484 1552 4538 Οὐ
1582 4486 1743 4542 τοῦτο
1775 4489 1924 4559 ἥδιον

2028 3294 2191 3349 stium
2208 3293 2953 3364 copiturbesialiasquidem
2991 3292 3353 3362 expugnando
3382 3307 3446 3346 ac
3485 3305 3613 3346 cum

2027 3387 2332 3444 obsedisset
2356 3404 2372 3454 ;
2397 3387 2534 3442 alias
2559 3387 2680 3456 ipso
2709 3387 2829 3442 belli
2853 3389 3116 3450 clamore,
3137 3401 3203 3440 ac
3223 3386 3398 3455 prima
3430 3385 3612 3440 statim

2029 3479 2366 3549 irruptione;
2409 3480 2590 3548 plures
2622 3493 2842 3550 qu0que
2871 3495 2996 3534 cum
3017 3478 3318 3535 exercitum
3350 3477 3615 3533 invaden.

2028 3577 2135 3624 tem
2167 3579 2549 3636 occupassent,
2578 3586 2641 3624 ac
2675 3570 2906 3626 necdum
2955 3570 3180 3640 prOpius
3205 3573 3447 3634 admoto,
3488 3583 3613 3623 sese

2026 3661 2382 3728 dedidissent,
2404 3662 2428 3716 Ἰ
2455 3661 2647 3718 Nonne
2669 3663 2862 3719 solitos
2881 3673 3088 3721 terrere
3116 3665 3168 3717 in
3192 3673 3460 3717 terrorem
3482 3660 3616 3730 egit?

2002 3752 2217 3808 —Nonne
2241 3754 2309 3808 iis
2340 3755 2598 3808 omnibus
2637 3753 2820 3819 ﬁebat,
2853 3762 2912 3808 ut
2939 3755 3030 3822 qui
3063 3762 3190 3808 ante
3245 3753 3364 3821 ejus
3395 3753 3450 3806 in
3478 3767 3612 3820 pro-

2030 3841 2262 3896 vinciam
2308 3842 2622 3908 adventum,
2655 3861 2720 3898 ex
2763 3844 3044 3914 prioribus
3071 3844 3319 3898 victoriis
3369 3845 3612 3905 insolen-

2029 3931 2199 3987 tiores
2226 3934 2554 3998 evasissent,
2600 3935 2815 3989 attoniti
2860 3935 3121 4004 deinceps
3153 3933 3482 4002 confusique
3535 3939 3612 3989 vi-

2027 4023 2311 4089 derentur,
2337 4025 2538 4095 quibus
2565 4027 2790 4082 audacia
2820 4027 2934 4090 illa,
2964 4041 3027 4082 ac
3058 4027 3265 4097 quibus
3292 4027 3613 4082 attollebant

2028 4116 2266 4180 animos.
2292 4117 2348 4171 in
2384 4119 2722 4172 contrarium
2749 4117 3053 4174 cederent?
3105 4117 3296 4172 Nonne
3347 4118 3612 4188 depreca-

2029 4206 2278 4262 bantur?
2308 4207 2502 4265 Nonne
2527 4210 2931 4265 venerabantur
2959 4210 2983 4264 ?
3006 4209 3199 4266 Nonne
3221 4219 3373 4280 rapta
3425 4212 3611 4266 omnia

2027 4313 2150 4352 cum
2189 4301 2503 4356 accessione
2533 4301 2876 4358 reddebant?
2918 4299 3110 4356 Nonne
3149 4302 3376 4371 insuper
3404 4302 3610 4372 pende-

2028 4392 2160 4448 bant
2187 4394 2410 4457 tributa,
2475 4397 2570 4466 qui
2598 4406 2655 4450 ut
2683 4396 2739 4450 in
2769 4397 2981 4452 somnis
3018 4397 3304 4462 vidissent,
3359 4387 3610 4466 inexspe-

2025 4489 2174 4536 ctato
2201 4482 2318 4537 visu
2347 4485 2544 4548 territi,
2561 4499 2592 4541 e
2615 4493 2790 4540 strato
2818 4483 3159 4555 prosilissent
3180 4485 3204 4538 ?
3227 4485 3417 4540 Nonne
3435 4486 3613 4540 dulci-

354 4565 535 4622 αὐτοῖς
585 4564 660 4628 ώς
716 4567 980 4622 κινδύνων
1035 4571 1384 4628 ἀπαλλάττον
1433 4576 1466 4646 ἢ
1515 4577 1589 4632 ,τὸ
1638 4580 1922 4649 εἰληφέναι

2031 4589 2095 4629 us
2125 4574 2228 4628 hoc
2259 4575 2554 4644 habebant,
2589 4593 2700 4647 quo
2723 4586 2908 4632 essent
2947 4591 2977 4630 a
3026 4577 3283 4646 periculis
3311 4577 3608 4640 immunes,

353 4655 620 4722 πρόσθενς
649 4656 764 4710 Ούκ
793 4658 1072 4712 ἐδούλευον
1107 4662 1228 4730 μεθ’
1287 4664 1488 4730 ὅπλων,
1519 4659 1602 4729 οἷς
1649 4684 1709 4736 γε
1738 4668 1921 4739 ληίζε-

353 4745 472 4801 σθαι
506 4747 608 4818 τὴν
645 4749 924 4819 ἡμετέραν
967 4753 1058 4804 καὶ
1102 4753 1231 4807 ἄνευ
1262 4754 1444 4810 ὃπλων
1473 4759 1783 4829 πανήγυρίς
1832 4779 1918 4825 τις

351 4837 558 4902 ἐδόκεις
615 4839 726 4892 Καὶ
758 4841 950 4894 σιωπῶ
992 4844 1091 4912 τὴν
1145 4845 1450 4916 πρίγγιπος
1499 4850 1918 4920 ὑπερηφανείαν

353 4929 447 4999 τὴν
479 4929 705 5000 πολλὴν,
758 4933 942 4998 αὐτοῖς
989 4937 1102 4998 τοῖς
1162 4935 1490 5006 πράγμασιν
1542 4942 1914 5013 ἐλεγχθεῖσαν.

351 5020 419 5072 Οὐ
450 5021 560 5092 γὰρ
589 5017 655 5092 ἦν
705 5024 1028 5093 ἀκροϐατῶν
1057 5043 1073 5093 ;
1107 5028 1206 5098 οὐχ
1238 5030 1379 5100 ὑπὲρ
1433 5033 1611 5101 νεφῶν
1637 5051 1652 5099 ;
1691 5036 1805 5087 Ούκ
1837 5037 1917 5099 εἰς

339 5113 642 5184 τοῦσχατον
668 5117 870 5184 ἀφῖκτο
907 5114 1230 5182 ἀλαζονείας
1256 5121 1474 5192 ἀπάσης
1504 5140 1518 5188 ;
1569 5125 1707 5179 Ἀλλ’
1736 5129 1764 5180 ὁ
1805 5144 1918 5179 τοι-

349 5203 499 5267 οῦτος
533 5204 634 5275 μὲν
676 5209 790 5269 τοῖς
821 5207 1106 5279 λογισμοῖς
1130 5214 1225 5266 καὶ⁵
1271 5215 1386 5279 τοῖς
1427 5214 1632 5284 λόγοις,
1672 5219 1916 5284 τοιοῦτος

349 5293 400 5348 δὲ
431 5299 542 5360 τοῖς
584 5299 850 5368 σχήμασι,
888 5302 984 5356 καὶ
1024 5305 1191 5357 πᾶσιν
1242 5301 1324 5370 οἷς
1366 5305 1434 5360 ἂν
1477 5309 1722 5377 φαίνοιτο
1770 5310 1916 5380 μέγα

354 5390 563 5458 φρονῶν
613 5391 922 5462 ἄνθρωπος,
978 5397 1094 5458 τοῖς
1146 5396 1334 5468 ἔργοις
1381 5398 1568 5462 ἄλλοις
1621 5399 1916 5470 δέδεικται,

350 5481 465 5534 οὐδὲ
497 5483 695 5538 πολλοῦ
748 5485 843 5539 τοῦ
884 5487 1092 5555 μεταξὺ
1146 5490 1455 5557 γεγονότος.
1518 5492 1754 5561 Ὀλίγοις
1803 5496 1915 5567 γὰρ

353 5571 610 5642 ἐντυχὼν,
665 5569 740 5627 ὧν
791 5592 936 5640 τινες
989 5578 1076 5648 ἐφ’
1129 5579 1410 5651 ἱππαρίων
1463 5586 1742 5654 πονηρῶν,
1788 5587 1914 5640 τότε

353 5663 578 5731 πρώτως
624 5662 782 5734 οἶμαι
835 5669 1231 5739 γυμνώσαντες
1279 5674 1372 5724 ἐπὶ
1401 5675 1527 5740 τοὺς
1570 5677 1800 5746 ἐχθροὺς
1851 5680 1916 5732 ca

354 5752 520 5820 ξίφος,
556 5757 583 5809 ὁ
608 5758 836 5829 θρασὺς,
891 5763 919 5813 ὁ
959 5761 1184 5832 γαῦρος,
1227 5767 1255 5817 δ
1284 5766 1473 5834 πολὺς,
1525 5769 1666 5836 μετὰ
1701 5771 1914 5827 πολλῶν

355 5845 556 5902 ἱππέων
585 5850 779 5920 ἐπιὼν,
814 5854 906 5907 καὶ
937 5854 1154 5920 πολλοῖς
1185 5857 1432 5922 ὁπλίταις
1470 5861 1914 5935 περικνκλούμμ

2022 4683 2184 4737 quam
2211 4669 2355 4738 quod
2382 4671 2532 4740 prius
2553 4686 2879 4740 acceperant
2899 4672 2923 4725 ‘i
2947 4669 3142 4728 Nonne
3172 4669 3484 4724 serviebant
3507 4670 3610 4723 snh

2021 4761 2210 4825 armis,
2245 4762 2446 4830 quibus
2469 4762 2649 4816 fuerat
2677 4761 2814 4818 festa
2838 4763 2955 4818 dies
2973 4770 3033 4815 ut
3052 4762 3135 4816 vel
3152 4763 3389 4815 inermes
3404 4769 3606 4814 terram

2023 4863 2265 4908 nostram
2301 4854 2640 4923 diriperent?
2683 4855 2853 4910 Porro
2897 4856 3034 4910 sileo
3063 4856 3326 4926 principis
3380 4853 3606 4907 multam

2021 4946 2351 5013 superbiam,
2375 4949 2586 5002 abunde
2637 4965 2701 5002 ex
2767 4948 2929 5002 rebus
2974 4957 3309 5015 coargutam.
3337 4945 3527 5000 Nonne
3561 4948 3608 4998 is

2019 5038 2278 5092 extremis
2299 5039 2482 5107 digitis
2507 5054 2571 5093 ac
2596 5038 2736 5094 fastu
2758 5037 3082 5093 incedebat?
3104 5036 3295 5092 Nonne
3315 5051 3480 5107 supra
3504 5053 3605 5091 nu-

2020 5128 2161 5186 bes?
2186 5129 2382 5206 Nonne.
2413 5140 2760 5200 promoverat
2787 5131 2854 5185 ad
2881 5143 3150 5185 summam
3183 5130 3605 5200 arrogantiam?

2021 5223 2114 5279 llle
2136 5224 2495 5280 nihilominus
2518 5226 2599 5281 sic
2630 5225 2797 5280 animi
2821 5226 3005 5282 sensis
3029 5240 3096 5281 ac
3144 5225 3327 5281 verbis
3356 5225 3564 5280 habens
3583 5267 3598 5290 ,

2020 5315 2102 5370 sic
2125 5329 2255 5372 vero
2282 5316 2488 5379 verbis.
2524 5316 2818 5372 inﬂexione
2852 5332 2916 5372 ac
2945 5317 3162 5384 habitu,
3215 5318 3600 5389 omnibusque,

2021 5406 2220 5474 quibus
2255 5407 2376 5476 quis
2437 5409 2677 5463 animum
2730 5419 3026 5466 tumentem
3077 5411 3293 5481 prodat,
3330 5412 3472 5467 alius
3534 5425 3598 5464 ex

2021 5496 2184 5554 rebus
2225 5497 2474 5566 proditus
2496 5507 2599 5562 est,
2630 5515 2735 5556 nec
2773 5502 2827 5556 id
2887 5503 3062 5558 multo
3106 5502 3366 5573 deinceps
3401 5503 3602 5572 relapso

2022 5596 2286 5657 tempore.
2321 5588 2518 5645 Paucis
2545 5591 2814 5660 siquidem
2848 5593 3071 5648 obviam
3130 5592 3331 5657 factus,
3363 5607 3598 5662 quorum

2017 5691 2135 5736 erat
2163 5683 2486 5749 equisonum
2514 5682 2693 5752 aliqua
2745 5700 2962 5749 manus,
2997 5699 3062 5739 ac
3105 5699 3294 5740 eorum
3315 5685 3406 5753 qui
3455 5697 3600 5736 nun-

2018 5783 2181 5841 quam
2215 5773 2352 5830 forte
2377 5775 2615 5844 gladium
2649 5777 2702 5832 in
2731 5777 2916 5833 hostes
2971 5777 3325 5834 strinxissent
3353 5817 3366 5842 ,
3403 5777 3598 5831 audax

2021 5865 2127 5930 ille,
2161 5867 2251 5923 ille
2285 5883 2568 5940 arrogans,
2604 5869 3098 5940 illejaetabundus,
3122 5872 3212 5942 qui
3239 5871 3407 5926 multo
3446 5871 3598 5937 equi-
