4060 6590
493 372 593 441 211

1648 382 2052 454 MANUELIS
2088 394 2537 455 PALIEOLOGI

3642 397 3745 461 212

444 511 642 577 vretur
678 512 783 552 non
806 510 969 566 posse
1024 498 1160 566 fieri,
1193 506 1253 553 ut
1284 509 1446 556 tantae
1478 501 1552 555 illi
1584 504 1850 559 malorum
1902 507 2061 561 inun-

2166 507 2450 562 θίστασθαι
2504 508 2710 574 κακῶν,
2740 510 2768 563 δ
2793 508 2850 562 δὲ
2903 508 3154 564 τεθνάναι
3208 508 3508 580 πρόθυμος
3551 502 3620 579 ἦν
3649 510 3749 578 πρὸ

493 592 704 651 dationi
740 606 883 647 unus
905 590 1024 658 ipse
1052 589 1376 663 obsisteret:
1406 608 1565 651 secus
1584 596 1693 661 ille,
1714 599 1853 652 mori
1883 613 2070 669 prom-

502 694 650 751 ptus,
677 698 839 753 quam
862 691 920 737 ut
942 683 1300 739 committeret
1324 685 1548 755 aliquid,
1574 687 1720 758 quod
1746 688 1925 744 minus
1946 705 2073 757 per-

494 788 689 826 sonam
708 786 863 826 suam
896 785 958 823 ac
979 770 1140 825 vitam
1166 772 1655 844 deceretffsicque,
1673 791 1796 830 cum
1823 784 2073 846 parentes

497 879 562 919 ac
594 878 767 933 genus
794 863 1132 927 universum,
1175 873 1287 917 tum
1321 873 1584 933 praeterea
1622 864 1741 936 ejus
1774 868 2072 922 admirato-

493 972 583 1011 res
612 957 851 1024 virtutis,
879 970 1148 1027 suamque
1174 958 1287 1027 ipse
1311 958 1566 1024 indolem,
1592 962 1792 1029 probro
1812 960 2068 1016 alliceret.

494 1050 643 1104 Bene
672 1051 856 1119 itaque
877 1050 943 1105 de
975 1049 1106 1117 Deo,
1137 1066 1202 1106 ac
1225 1062 1508 1120 parentum
1539 1054 1815 1122 precibus,
1845 1053 2071 1123 suisque

494 1140 630 1195 adeo
661 1141 835 1210 ipsius
869 1143 1135 1207 moribus,
1180 1143 1371 1209 fretus,
1404 1161 1468 1199 ac
1513 1145 1659 1214 quod
1718 1146 1940 1201 iuvasor
1975 1146 2067 1201 in-

488 1233 640 1303 juste
670 1232 957 1302 imperium
990 1244 1225 1303 pararet,
1261 1236 1410 1305 jusle
1459 1252 1517 1292 se
1551 1239 1660 1292 vim
1719 1239 2068 1310 propulsatu-

493 1338 615 1375 rum
688 1324 944 1393 sperabat
982 1343 996 1379 :
1032 1327 1253 1397 reliquis
1323 1329 1468 1383 enim
1517 1329 1770 1385 omnibus
1830 1332 2067 1388 hostium

493 1415 819 1485 praestabant
848 1424 1055 1491 partes.

561 1505 876 1573 Enimvero,
906 1524 1028 1564 cum
1048 1524 1114 1564 eo
1136 1526 1222 1566 res
1243 1523 1384 1568 statu
1413 1513 1671 1571 haberent
1710 1518 1763 1571 in
1791 1521 2067 1584 novacula,

500 1608 563 1651 ut
588 1598 779 1652 aiunt:
815 1602 1090 1670 negotium
1123 1613 1293 1657 totum
1325 1596 1489 1674 probe
1513 1606 1754 1678 dirigens
1774 1611 2070 1677 sapientia,

497 1693 739 1759 sequod
768 1693 965 1761 cuique
988 1696 1302 1751 conducens
1319 1708 1464 1753 esset
1486 1702 1700 1769 egregie
1721 1701 2067 1770 dispensans,

490 1783 749 1852 juvenem
782 1787 1000 1855 quidem
1028 1787 1096 1842 ab
1130 1787 1382 1843 humanis
1427 1791 1642 1857 tollens,
1680 1792 1916 1847 inhibuit
1942 1808 2068 1862 age-

2169 600 2266 655 τοῦ
2321 602 2599 670 ποιῆσαιὸ
2638 601 2717 672 μὴ
2762 603 3003 672 προσῆκε
3042 602 3122 673 τῷ
3160 619 3222 655 τε
3274 601 3485 655 ἑαυτοῦ
3516 600 3747 670 σχήματι

2174 694 2267 745 καὶ
2300 694 2378 761 τῷ
2413 692 2532 762 βίῳ,
2580 695 2671 746 καὶ
2701 695 2872 765 ταύτῃ
2902 710 2964 762 γε
3014 694 3344 764 περιφανῶς
3390 692 3747 764 καταισχῦναι

2168 785 2294 849 τούς
2332 803 2392 839 τε
2420 789 2635 852 γονέας,
2664 788 2759 839 καὶ
2788 789 2895 841 πᾶν
2924 787 2983 840 τὸ
3007 788 3193 855 γένος,
3224 789 3327 840 καὶ
3365 784 3600 855 προσέτι
3630 786 3748 848 τοὺς

2170 877 2270 945 τὴν
2301 876 2503 947 ἀρετὴν
2556 878 2959 947 Θαυμάζοντας,
3006 882 3100 932 καὶ
3149 878 3323 948 φύσιν
3371 878 3479 945 τὴν
3523 879 3773 953 ὲκείνου.ξ

2184 970 2499 1023 Ἐπεποίθει
2523 969 2580 1022 δὲ
2608 969 2751 1038 Θεῷ,
2784 970 2880 1023 καὶ
2910 970 3030 1031 ταῖς
3061 968 3169 1021 τῶν
3209 968 3521 1035 φυσάντων
3547 968 3746 1038 εὐχαῖς,

2169 1062 2262 1115 καὶ
2292 1064 2403 1125 τοῖς
2427 1061 2624 1115 ἑαυτοῦ
2672 1063 2917 1130 τρόποις,
2948 1060 3025 1131 τῷ
3073 1078 3132 1113 τε
3170 1060 3385 1123 ἀδίκως
3438 1059 3537 1112 τοῦ
3574 1060 3747 1113 ἐπιόν-

2169 1167 2263 1214 τος
2293 1150 2394 1220 τὴν
2418 1150 2593 1221 ἀρχὴν
2621 1150 3101 1220 σφετεριζομένου,
3153 1151 3327 1204 αὐτὸν
3351 1150 3585 1213 δικαίως
3611 1149 3748 1219 ἀμύ-

2170 1242 2380 1297 νεσθαι.
2419 1242 2504 1295 Ἐν
2535 1242 2644 1311 γὰρ
2677 1245 2791 1305 τοῖς
2840 1242 3024 1308 ἄλλοις
3055 1242 3261 1299 ἅπασιν
3294 1243 3349 1297 of
3384 1242 3749 1312 πολεμοῦντες

2168 1332 2584 1387 ἐπλεονέκτουν.

2254 1517 2396 1570 Ἀλλ’
2422 1518 2480 1570 ἐν
2533 1516 2740 1579 τούτοις
2784 1517 3087 1585 ἱσταμένων
3132 1517 3241 1569 τῶν
3289 1514 3648 1585 πραγμάτων
3681 1515 3751 1579 ὡς

2167 1608 2261 1660 ἐπὶ
2304 1607 2489 1676 ξυροῦ,
2541 1610 2728 1674 φασιν,
2760 1608 2793 1675 ἡ
2824 1607 3007 1668 καλῶς
3038 1604 3298 1659 ίθύνουσα
3331 1606 3503 1672 σοφία
3547 1605 3664 1658 τάδε
3694 1605 3749 1658 τὸ

2167 1702 2297 1759 πᾶν,
2331 1702 2423 1752 καὶ
2475 1699 2889 1768 πρυτανεύουσα
2938 1699 3000 1750 τὸ
3037 1698 3324 1767 συμφέρον
3375 1698 3623 1766 ἑκάστῳ,
3664 1697 3747 1748 τὸν

2174 1794 2273 1862 μὲν
2305 1794 2522 1845 νεανίαν
2574 1793 2801 1855 ἐκεῖνον,
2843 1791 2953 1843 τῶν
3001 1792 3127 1861 τῇδε
3175 1790 3607 1859 μεταστήσασα,
3654 1788 3746 1841 οὐκ

496 1891 578 1939 re,
611 1877 755 1945 quod
792 1877 976 1934 animo
1027 1880 1384 1935 constitutum
1433 1892 1585 1939 erat:
1631 1883 1833 1942 dixerit
1887 1885 2065 1950 alius,

2172 1857 2323 1937 εἴασε
2360 1884 2621 1953 πράττειν
2649 1885 2717 1937 τὰ
2756 1882 2898 1936 κατὰ
2945 1857 3102 1936 νοῦν⁶
3137 1857 3301 1945 ἄλλος
3330 1882 3379 1934 δ’
3413 1857 3481 1935 αν
3514 1878 3660 1943 εἷπε,
3684 1879 3746 1932 τὰ

496 1966 644 2036 quod
668 1968 717 2022 ei
749 1970 947 2024 malum
979 1980 1146 2036 esset,
1198 1972 1351 2028 vobis
1404 1984 1583 2028 autem
1638 1976 1939 2045 despotam,
1970 1976 2068 2033 Pe~

499 2061 777 2127 loponnesi
819 2063 982 2119 totius
1011 2064 1294 2120 dominum
1345 2066 1607 2134 praefecit,
1652 2069 2065 2137 appellationem

496 2153 661 2207 rebus
689 2154 1102 2211 confirmantem
1137 2172 1153 2222 ;
1182 2159 1316 2213 nihil
1366 2160 1563 2230 quippe
1588 2161 1813 2233 omnino
1843 2163 2059 2231 agebat,

496 2255 589 2298 ant
622 2245 876 2305 volvebat
902 2249 1111 2315 animo,
1143 2264 1306 2318 quam
1348 2252 1491 2319 quod
1521 2251 1762 2307 modeste
1810 2268 1875 2309 ac
1896 2270 1927 2309 e
1958 2255 2067 2309 vir-

497 2347 614 2402 tute
671 2339 1061 2406 rempublicam
1087 2352 1360 2411 gerentem
1385 2344 1637 2400 deceret:
1667 2336 1785 2413 qua:
1801 2361 1891 2401 res
1921 2346 2065 2402 fama

495 2429 706 2492 volans,
759 2444 854 2484 eos
886 2445 1106 2501 quoque
1149 2433 1215 2487 ad
1270 2435 1623 2489 sobrietatem
1658 2437 1939 2504 compulit,
1971 2441 2064 2509 qui

496 2538 612 2577 rem
643 2524 764 2591 ejus
807 2524 938 2578 nihil
967 2526 1199 2582 scirent:
1238 2528 1519 2598 plurisque
1548 2528 1823 2586 faciebant
1850 2546 2063 2599 omnes,

496 2620 557 2663 ut
588 2611 730 2679 quod
765 2612 858 2666 ille
888 2624 1100 2682 gratum
1135 2615 1376 2681 haberet,
1410 2629 1734 2687 praestarent
1762 2660 1777 2687 ,
1813 2621 2066 2693 idemque

494 2701 639 2757 dictu
671 2704 760 2768 sit,
789 2706 932 2774 quod
959 2705 1069 2761 Deo
1103 2717 1312 2776 gratum
1341 2719 1504 2765 esset.

566 2795 730 2850 Fama
764 2796 930 2865 igitur
956 2799 1158 2869 ubique
1213 2813 1560 2872 pervagante,
1618 2812 1675 2858 ut
1703 2805 1787 2857 vir
1841 2802 2062 2873 quidam

494 2886 836 2943 admirabilis
888 2891 998 2945 haec
1061 2906 1125 2947 ac
1154 2892 1242 2946 illa
1276 2894 1416 2948 bona
1456 2896 1724 2952 universis
1755 2908 2062 2967 praestaret,

496 2994 603 3041 non
636 2995 884 3049 querens
915 2983 1061 3052 quod
1111 2999 1268 3039 suum
1300 2996 1465 3052 esset,
1501 2987 1594 3043 sed
1626 2989 1770 3057 quod
1798 2990 2060 3047 aliorum:

495 3083 604 3123 non
639 3069 781 3123 enim
808 3070 976 3124 latent
1004 3087 1344 3127 summorum
1378 3089 1467 3129 res
1496 3091 1512 3131 :
1542 3076 1613 3130 ad
1640 3091 1765 3132 eum
1821 3078 2062 3137 conflue-

497 3161 650 3224 bant,
683 3176 806 3215 cum
840 3163 1049 3227 vicinze,
1077 3176 1190 3218 tum
1222 3164 1437 3236 longius
1464 3167 1655 3235 positae
1683 3178 1893 3236 gentes.
1924 3170 2056 3223 Nam
2089 3201 2131 3258 ο

495 3251 667 3304 \‘irttts
696 3266 784 3309 res
839 3262 920 3307 est
948 3253 1278 3311 desiderium
1329 3255 1555 3322 habens,
1595 3257 1866 3325 bonisque
1894 3270 2064 3319 attra-

494 3344 688 3400 hendis
749 3346 941 3416 majori
974 3362 1136 3417 supra
1169 3357 1471 3418 magnetem
1520 3348 1839 3407 efl‘tcacitate
1876 3353 2061 3421 pollet.

494 3434 628 3488 Cum
652 3449 781 3504 ergo
802 3436 1109 3503 continens,
1132 3448 1244 3494 tum
1273 3455 1424 3493 mare
1456 3439 1791 3501 confluentes
1819 3441 2065 3499 ferebant

474 3528 724 3597 'populos
750 3548 765 3595 ;
792 3540 1016 3600 eratque
1062 3532 1221 3587 dulce
1249 3535 1377 3605 quid
1400 3534 1465 3589 ad
1491 3537 1890 3606 spectaculum,
1918 3541 2065 3609 quod

494 3634 590 3689 per
623 3620 753 3676 illud
790 3634 1003 3694 tempus
1037 3625 1220 3683 fiebat.
1260 3623 1500 3683 Deserta
1520 3626 1724 3697 pridem
1786 3631 1948 3686 urbes
1999 3644 2066 3687 ac

492 3713 608 3768 loca
667 3730 835 3771 novos
885 3717 1108 3773 colonos
1178 3718 1472 3786 habebant,
1523 3721 1805 3791 saltusque
1879 3732 2064 3779 aratro

490 3804 898 3874 scindebantur,
919 3822 984 3864 ac
1036 3817 1144 3866 tota
1201 3811 1565 3869 mundabatur
1632 3813 1817 3883 regio:
1866 3814 1958 3870 sed
2010 3824 2066 3869 et

496 3896 665 3950 multa
694 3897 811 3953 loca
837 3913 1050 3969 aspera,
1080 3900 1245 3956 nullis
1276 3902 1403 3957 olim
1436 3912 1796 3973 praeterquam
1837 3904 2065 3960 latroni-

489 3989 592 4047 bus
621 3995 926 4062 commoda,
965 3996 1171 4052 leniora
1205 3996 1415 4064 effecta,
1435 4014 1500 4054 ac
1533 3999 1831 4069 peritorum
1899 4014 2068 4055 aran-

491 4082 547 4137 di
572 4084 828 4142 manibus
856 4087 1122 4153 cicurata,
1176 4089 1465 4146 mandatas
1495 4090 1744 4157 arbores,
1791 4106 1859 4146 ac
1887 4090 2066 4148 omnis

491 4176 706 4245 generis
731 4178 938 4234 semina
975 4180 1328 4249 recipiebant.
1362 4179 1552 4253 Sed‘et
1587 4182 1894 4251 Illyriorum
1921 4184 2062 4239 dena

492 4269 714 4331 circiter
771 4270 964 4337 millia,
1025 4279 1235 4326 mutato
1295 4272 1581 4328 confertim
1640 4275 1778 4339 solo,
1810 4274 2063 4331 adductis

495 4360 619 4414 tiliis
651 4374 715 4415 ac
740 4361 1023 4427 uxoribus,
1064 4362 1502 4433 substantiisque
1544 4379 1616 4421 ac
1652 4380 1868 4435 pecore,
1927 4368 2064 4428 Isth-

493 4467 641 4505 mum
671 4450 979 4521 petierunt;
1006 4451 1237 4523 flxisque
1267 4453 1378 4508 illic
1412 4455 1804 4523 tabernaculis,
1823 4473 1888 4514 ac
1917 4468 2061 4517 stra-

2171 1975 2297 2028 καθ’
2336 1975 2531 2028 ἑαυτοῦ
2555 1992 2567 2004 ·
2600 1975 2691 2029 τὸν
2714 1975 2769 2028 δὲ
2802 1975 3071 2041 δεσπότην
3104 1975 3231 2044 ὑμῖν
3256 1974 3541 2042 δεσπότην
3572 1974 3744 2041 πάσης

2169 2066 2337 2132 ἔδειξε
2394 2068 2491 2136 τῆς
2538 2067 2974 2135 Πελοποννήσου,
3035 2066 3217 2135 ἔργοις
3270 2066 3609 2134 βεϐαιοῦντα
3652 2066 3744 2134 τὴν

2169 2158 2382 2230 κλῆσιν.
2420 2158 2585 2212 Οὐδὲν
2624 2161 2733 2227 γὰρ
2786 2158 2921 2221 ὅλως
2953 2159 3210 2225 πράττων
3244 2154 3319 2230 ἦν
3366 2149 3742 2230 ηδιανοοῗύμε-

2169 2267 2280 2314 νοὶ,
2316 2249 2344 2303 ὃ
2378 2248 2452 2319 μὴ
2488 2252 2767 2319 προσῆκεν
2809 2249 3064 2311 επιεικῶς
3096 2249 3345 2320 ἄρχοντι.
3378 2249 3557 2303 Τοῦτο
3580 2249 3635 2302 δὲ
3656 2246 3743 2315 δῇ-

2166 2340 2258 2395 λον
2315 2342 2559 2411 γεγονὸς,
2614 2344 2914 2411 σωφρονεῖν
2969 2342 3247 2411 ἠνάγκαζε
3306 2342 3410 2398 καὶ
3468 2342 3599 2404 τούς
3650 2341 3741 2393 οὐκ

2167 2429 2375 2497 εἰδότας
2395 2450 2410 2467 ο
2445 2438 2538 2487 καὶ
2574 2433 2771 2488 πολλοῦ
2798 2434 2866 2488 ἂν
2899 2437 3101 2498 πάντες
3144 2434 3455 2504 ἠλλάξαντο
3485 2435 3549 2488 τὸ
3578 2435 3741 2487 ποιεῖν

2166 2529 2230 2582 τὸ
2257 2528 2427 2599 τούτῳ
2455 2528 2850 2598 κεχαρισμένον
2873 2568 2889 2594 ,
2917 2527 3084 2582 ταυτὸ
3113 2526 3160 2582 δ’
3193 2527 3377 2581 εἰπεῖν
3406 2528 3503 2582 καὶ
3532 2525 3670 2596 Θεῷ.

2238 2794 2659 2864 Διαδραμούσης
2702 2795 2797 2848 οὖν
2847 2795 3156 2863 πανταχόσε
3197 2793 3300 2863 τῆς
3350 2794 3571 2865 φήμης,
3605 2790 3676 2853 ὡς
3710 2791 3736 2843 ὁ

2168 2887 2319 2941 δεῖνα
2346 2886 2661 2955 θαυμαστὸς
2692 2886 2762 2941 τὰ
2793 2888 2887 2939 καὶ
2914 2888 2978 2939 τι
3002 2886 3297 2956 εἰργάσατο
3337 2887 3514 2940 πᾶσιν
3541 2880 3730 2952 ἀγαθὰ,

2165 2980 2224 3033 οὐ
2262 2977 2441 3050 ζητῶν
2487 2981 2547 3032 τὺ
2577 2979 2795 3043 ἑαυτοῦ.
2833 2979 2972 3034 ἀλλὰ
3012 2980 3074 3033 τὸ
3102 2979 3212 3034 τῶν
3259 2980 3499 3049 ἑτέρων·
3528 2979 3599 3032 τὰ
3636 2976 3735 3045 γὰρ

2167 3070 2275 3123 τῶν
2306 3072 2579 3140 μεγίστων
2604 3073 2665 3126 οὐ
2709 3072 3036 3144 κρύπτεταυ
3069 3074 3370 3146 συνέρρεον
3401 3073 3531 3142 ἔθνη
3575 3068 3735 3123 πολλὰ

2165 3161 2239 3223 ὡς
2270 3162 2434 3217 αὐτὸν
2459 3163 2568 3218 τῶν
2605 3182 2663 3218 τε
2690 3166 2972 3235 ἐγγυτέρω
3006 3167 3097 3220 καὶ
3153 3164 3523 3237 πορρωτάτω.
3542 3164 3604 3216 ἸΙ
3634 3161 3733 3230 γὰρ

2166 3254 2337 3325 ἀρετὴ
2389 3256 2661 3321 ποθεινὸν,
2715 3257 2809 3311 καὶ
2868 3257 3199 3327 παρελαύνει
3250 3263 3517 3327 μαγνίτιν
3571 3255 3729 3316 λίθον.

2167 3345 2508 3415 ἐφελκομένη
2536 3348 2663 3411 τοὺς
2692 3347 2954 3416 ἀγαθούς.
3005 3346 3258 3418 Ἑκόμιζε
3288 3349 3356 3420 δὴ
3388 3351 3484 3403 καὶ
3514 3349 3732 3420 {premo-3

2166 3437 2262 3491 xui.
2310 3436 2556 3490 θάλασσα
2604 3440 2730 3500 τοὺς
2786 3427 3229 3508 ἐπιδημοῦντας·
3286 3442 3385 3495 καὶ
3434 3436 3504 3510 ἦν
3553 3437 3650 3505 ἡδύ
3680 3450 3730 3487 τι

2167 3528 2465 3587 Θεάσασθαι
2541 3530 2600 3583 τδ
2655 3533 2775 3583 κατ’
2831 3534 3009 3586 ἐκεῖνο
3062 3530 3263 3602 καιροῦ
3330 3530 3727 3604 πραττόμενον.

2170 3621 2373 3690 ’ῼκουν
2400 3621 2450 3673 of
2490 3621 2741 3689 νεήλυδες
2784 3621 2884 3685 τὰς
2919 3624 3231 3693 ἀοικήτους,
3271 3625 3374 3681 καὶ
3409 3624 3549 3692 ἄλση
3579 3633 3731 3674 κατε-

2166 3714 2415 3783 τέμνετο,
2441 3716 2537 3767 καὶ
2564 3715 2884 3784 ἑκαϐαίρετο
2910 3716 3087 3786 χῶρος
3111 3716 3258 3780 ἄπας
3282 3732 3297 3748 ο
3336 3716 3514 3771 πολλά
3542 3732 3599 3767 τε
3638 3712 3729 3765 αύ-

2166 3806 2276 3859 τῶν
2304 3805 2595 3876 ἀνημέρων
2636 3809 2874 3878 χωρίων,
2910 3807 3053 3879 ειπερ
3093 3807 3308 3862 οὐδέσιν
3349 3807 3566 3879 ὑπῆρχε
3605 3803 3731 3875 χρή-

2169 3912 2306 3968 σιμα
2344 3896 2485 3968 πλὴν
2521 3897 2765 3969 λῃσταῖς,
2804 3899 3103 3972 ἡμεροῦτο,
3134 3901 3228 3954 καὶ
3275 3900 3498 3972 ιδέχετο
3543 3898 3724 3967 φυτῖνν

2167 3992 2261 4044 καὶ
2314 3990 2659 4045 παντοδαπὸν
2709 3993 2953 4063 σπέρμα,
3004 3994 3221 4047 είκοντα
3274 3996 3435 4065 χερσὶ
3482 3990 3726 4060 γηπόνων

2165 4081 2333 4153 ἀροῦν
2376 4083 2822 4155 εἰδότωνηἋλλὰ
2863 4086 2958 4138 καὶ
3019 4085 3267 4153 Ἰλλυριοὶ
3309 4068 3441 4155 at:sz
3496 4077 3726 4153 μυριάδα

2165 4151 2351 4241 ἀθρόοι
2384 4151 2812 4243 μετοικήδαντες
2838 4173 2955 4243 ἅμα
2976 4175 3135 4230 παισί
3159 4151 3217 4230 τε
3250 4176 3347 4230 καὶ
3373 4151 3610 4244 γυναιξῖ,
3638 4167 3725 4222 καὶ

2163 4270 2283 4330 ταῖς
2317 4267 2529 4331 οὐσίαις
2559 4268 2654 4322 καὶ
2686 4269 2989 4339 θρέμμασι,
3018 4271 3112 4323 τὸν
3145 4269 3367 4340 Ἰσθμὸν
3394 4263 3687 4324 κατέλαϐον
3707 4274 3721 4290 ·

2166 4359 2334 4421 αὐτοῦ
2380 4360 2439 4414 δὲ
2482 4361 2789 4431 πηξάμενοι
2835 4361 2931 4424 τὰς
2965 4361 3188 4431 σκηνὰς,
3227 4362 3323 4415 καὶ
3371 4362 3469 4423 τὰς
3518 4356 3722 4413 κλισίας

2164 4452 2539 4521 ἐκτείναντες,
2563 4454 2719 4506 αὐτοὶ
2756 4452 2865 4506 τῶν
2906 4453 3028 4533 καθ’
3055 4453 3280 4518 ιαυτοὺς
3310 4448 3451 4525 ἦσαν
3486 4447 3716 4517 ἄγγελον

493 4543 563 4602 tis
592 4543 827 4609 lectulis,
851 4559 1075 4599 suarum
1110 4545 1213 4615 ipsi
1236 4548 1615 4603 rerumnuntii
1652 4564 1752 4618 pro
1777 4550 2061 4620 inOpinato

2167 4542 2344 4605 οὕτως
2383 4543 2643 4613 ἐξαίφνης
2671 4531 3054 4619 παρεγένοντο.
3087 4540 3221 4599 Εἶτα
3257 4545 3503 4614 μηδόλως
3535 4537 3723 4611 μελλῆ⁶

491 4635 725 4696 adventu
766 4635 1008 4693 fuerunt.
1041 4636 1122 4691 Ad
1154 4638 1289 4705 haec,
1351 4640 1501 4695 nulla
1559 4656 1733 4708 mora,
1794 4658 2058 4715 perquam

489 4728 831 4796 magnificam
880 4728 1202 4797 legationem
1241 4731 1307 4785 ad
1363 4746 1486 4786 eum
1540 4732 1892 4802 instruentes,
1937 4750 2061 4805 per-

488 4821 874 4886 contabantur,
900 4820 1029 4890 quid
1050 4820 1119 4876 de
1145 4820 1252 4877 illis
1274 4835 1453 4895 operae
1495 4824 1731 4892 pretium
1768 4828 1869 4895 ipsi
1914 4826 2063 4883 vide-

488 4917 671 4965 retur:
704 4908 925 4979 sibique
951 4910 1309 4966 constitutum
1373 4912 1613 4982 aiebant,
1664 4924 1725 4971 ut
1775 4915 2060 4985 impetrata

487 5001 645 5055 venia
677 5002 833 5057 sedes
878 5002 1106 5073 figerent
1141 5016 1203 5058 ac
1260 5004 1485 5060 omnino
1542 5016 1867 5076 praestarent
1910 5009 2059 5079 quod

489 5091 570 5151 illi
598 5094 774 5149 visum
808 5103 972 5151 esset.
1024 5095 1120 5151 Ille
1157 5097 1358 5166 gaudio
1414 5100 1645 5168 receptis
1697 5100 1909 5171 legatis,
1963 5117 2060 5172 per

489 5198 607 5246 eos,
637 5184 756 5252 ejus
784 5185 885 5239 sibi
923 5186 1106 5255 populi
1141 5188 1529 5245 ducesadesse
1554 5190 1729 5260 jubet.
1762 5190 1901 5245 Tum
1929 5206 2059 5247 vero

490 5282 551 5336 ut
572 5290 632 5332 se
666 5286 1167 5344 repraesentassent,
1220 5280 1473 5348 prudenti
1502 5282 1799 5337 admodum
1830 5284 2058 5339 oonsilio

492 5373 736 5429 amanter
766 5366 1102 5435 amplexans,
1134 5367 1441 5439 innataque
1486 5370 1790 5427 dulcedinis
1837 5381 2057 5443 gustum

492 5457 721 5527 faciens,
752 5458 853 5514 sibi
884 5459 1105 5527 illectat,
1138 5477 1208 5517 ne
1268 5463 1449 5533 petitis
1488 5464 1709 5535 quidem
1745 5464 2055 5530 obsidibus,

493 5560 587 5612 aut
615 5550 709 5620 qui
736 5550 841 5612 fide
870 5550 1145 5621 juberent,
1176 5568 1366 5615 eorum
1399 5557 1533 5612 satis
1558 5557 1625 5612 ad
1669 5556 1828 5612 fidem
1864 5571 2059 5613 sacra-

491 5654 732 5699 mentum
767 5642 1013 5701 habens:
1054 5661 1366 5717 quanquam
1400 5658 1559 5703 erant
1588 5658 1839 5704 auctores
1873 5648 2055 5713 multi,

490 5734 625 5787 nihil
656 5735 708 5788 id
739 5735 979 5793 alienum
1011 5753 1041 5792 a
1074 5740 1285 5794 ratione
1306 5739 1572 5804 dicentes,
1603 5748 1662 5794 ut
1708 5754 1775 5793 ne
1807 5739 1919 5794 ullo
1944 5752 2061 5794 mo-

491 5828 559 5893 do
603 5830 887 5905 reciperet,
920 5838 1035 5889 tum
1070 5832 1215 5909 quod
1249 5830 1540 5891 multitudo
1573 5830 1852 5897 formidini
1890 5838 2057 5903 esset,

2163 4650 2381 4702 σαντες,
2401 4635 2703 4705 πρεσϐείαν
2726 4635 2871 4689 πάνυ
2892 4635 3152 4708 λαμπρὰν
3170 4636 3308 4707 πρὸς
3329 4636 3387 4690 ὃν
3408 4629 3719 4705 ἀφικνοῦντο

2162 4724 2505 4796 πέμψαντες,
2551 4725 2937 4788 ὶπυνθάνοντο.
2978 4727 3032 4781 τί
3059 4727 3177 4781 ποτ’
3211 4728 3279 4781 ἂν
3311 4727 3397 4797 εῐη
3440 4726 3502 4779 τὸ
3540 4718 3719 4777 δοκοῦν

2161 4819 2355 4891 ἐκείνῳ
2391 4822 2520 4890 περὶ
2548 4820 2731 4875 αὐτῶν
2756 4837 2771 4851 ’
2806 4822 2903 4875 καὶ
2926 4822 3291 4893 παρεδήλουν,
3322 4822 3398 4886 ὡς
3424 4819 3713 4891 βούλονται,

2161 4908 2512 4978 τούνδόσιμον
2558 4909 2817 4974 λαϐόντες
2844 4912 2975 4984 παρ’
3008 4912 3198 4979 αὐτοῦ,
3228 4915 3324 4967 καὶ
3353 4911 3579 4966 εἰσιέναι
3625 4902 3717 4956 καὶ

2163 5001 2369 5069 μεῖναι,
2413 4999 2509 5054 καὶ
2542 5001 2687 5071 ἆπερ
2735 5002 2801 5055 ἂν
2834 5002 2921 5057 ὅδε
2967 5003 3124 5073 γνοίη
3185 5002 3451 5073 πράττειν
3502 4992 3711 5055 αὐτούς.

2172 5091 2231 5145 '0
2264 5092 2320 5145 δὲ
2347 5094 2441 5147 καὶ
2470 5092 2684 5164 δέχεται
2713 5094 2841 5158 τοὺς
2885 5095 3145 5162 πρέσϐεις
3184 5094 3458 5163 ἀσμένως,
3491 5089 3581 5144 καὶ
3623 5100 3714 5139 κα·

2163 5182 2247 5236 λετ
2277 5182 2409 5254 παρ’
2439 5184 2632 5241 ἑαυτὸν
2657 5183 2745 5237 διὰ
2780 5184 3065 5255 πρέσϐεων
3090 5186 3317 5238 τουτωνὶ
3349 5186 3475 5247 τοὺς
3502 5180 3713 5245 ἐξηγουα

2166 5275 2363 5344 μένους
2402 5274 2511 5329 τῶν
2554 5275 2753 5333 ἄλλων.
2786 5277 2896 5330 Καὶ
2931 5276 3474 5348 φιλοφρονησάμενος
3521 5265 3710 5324 αὐτοὺς

2164 5366 2612 5438 παρα-γεγονότα
2643 5364 2834 5431 δεξιῶς
2866 5367 3028 5435 ἄγαν,
3074 5368 3171 5421 καλ⁵
3202 5367 3301 5436 τῆς
3327 5365 3565 5435 ἐμφύτου
3588 5355 3709 5428 γεύ-

2165 5477 2266 5528 σας
2318 5461 2676 5531 γλυκύτητος,
2726 5461 3026 5513 ἐπισπᾶται
3078 5460 3176 5522 τὰς
3233 5458 3413 5512 αὐτῶν
3463 5453 3705 5525 γνὼμας’

2165 5554 2302 5625 μήτε
2337 5553 2381 5606 δ’
2402 5553 2585 5623 ὅμηρα
2620 5551 2822 5616 λαϐὼν,
2861 5554 2999 5621 μήτε
3035 5550 3239 5620 ἐγγύας
3266 5552 3513 5621 αἰτήσας,
3540 5544 3710 5612 ὅρκοις

2160 5644 2413 5715 ἠρκέσθη
2455 5646 2566 5708 τοῖς
2618 5643 2749 5712 παρ’
2807 5642 3029 5698 αὐτῶν·
3065 5643 3356 5712 καίτοιπερ
3399 5642 3448 5696 οἱ
3500 5633 3706 5734 πλείους

2162 5738 2461 5810 παρῄνουν,
2494 5737 2645 5792 οὐδὲν
2672 5737 2958 5807 ἀλόγιστον
3003 5737 3273 5805 λέγοντες,
3311 5730 3573 5806 μηδαμῶς
3612 5730 3704 5774 αι)-

2161 5829 2287 5893 τούς
2316 5826 2596 5897 δέξασθαι,
2619 5827 2680 5884 τό
2720 5845 2780 5884 τε
2813 5829 3015 5900 πλῆθος
3039 5827 3291 5897 δεδιότες,
3322 5827 3416 5882 καὶ
3451 5822 3508 5877 τὸ
3538 5816 3702 5871 ἔθεσιν
