4060 6592
351 410 516 512 ειιι⁸

1159 412 1555 474 THEODORI
1631 415 1948 490 DESL’OTI
2014 416 2403 480 LAUDATIO
2445 418 2857 478 FUNEBRIS.

3497 413 3604 478 2N

353 531 574 597 ἑτέροις
605 525 848 588 ἐκείνους
874 525 972 594 ζῇν
1003 526 1403 590 ὑποπτεύοντες
1437 527 1611 581 αίτιον
1637 531 1935 584 σκανδάλου

2041 539 2153 584 tum
2205 531 2347 600 quod
2400 530 2720 585 scandalum
2753 527 2990 584 creaturi
3045 527 3381 590 viderentur,
3416 539 3514 596 pro
3545 544 3611 580 eo

349 613 720 690 γενήσεσθαι.
762 617 997 680 Ἐκεῖνος
1023 618 1082 671 δὲ
1118 618 1367 672 πιστεύει
1405 619 1526 688 μὲν,
1552 620 1767 674 οἴκοθεν
1794 622 1934 692 ἔχων

347 711 420 762 τὸ
463 706 648 771 πιστὸς
677 702 842 760 εἶναι’
871 706 898 759 ὃ
931 707 1041 778 γάρ
1079 723 1164 769 τις
1205 709 1340 777 ἔχει,
1370 708 1577 774 δίδωσι,
1622 713 1716 765 καὶ
1740 714 1767 765 ὅ
1793 715 1932 780 ἐστι,

348 799 640 869 λογίζεται
673 800 765 853 καὶ
794 799 919 862 τοὺς
947 801 1166 865 λοιποὺς
1201 795 1370 855 εἶναι’
1400 805 1575 858 πείθει
1601 805 1658 859 δὲ
1690 807 1784 859 καὶ
1810 808 1936 860 ἐαυ-

346 892 479 955 τὶν,
524 894 613 944 καὶ
654 891 870 956 ἄλλους,
914 893 1209 964 λογισμοὺς
1251 896 1555 966 προτείνων
1599 898 1934 970 May-up“-

341 1000 507 1048 τους,
540 979 609 1050 ὥς
641 985 744 1039 κᾶν
795 984 1110 1064 βουληθεῖεν
1143 987 1345 1041 ἐκείνοι
1400 990 1571 1044 κακόν
1605 1008 1660 1045 τι
1708 991 1929 1062 δρᾶσαι.

344 1079 461 1130 οὐκ
491 1080 556 1132 ἀν
589 1095 717 1130 ποτε
765 1077 1049 1145 δυνηθεῖεν
1071 1093 1086 1111 ·
1117 1079 1212 1132 καὶ
1247 1080 1338 1134 διά
1388 1082 1549 1136 τοῦτο
1590 1083 1711 1138 οὐδὲ
1747 1083 1937 1154 βουλή-

353 1183 574 1225 σονται.
619 1169 811 1239 Ἐξέϐη
842 1171 888 1224 δ’
917 1171 1109 1242 ὥσπερ
1138 1173 1300 1238 αὐτὸς
1331 1174 1552 1245 ὲνόμισέ
1575 1193 1633 1230 τε
1663 1177 1760 1231 καὶ
1785 1179 1936 1247 ίσχυ-

354 1261 569 1330 ρέζετο.
601 1263 712 1316 Καὶ
737 1262 899 1316 τοῦτο
929 1265 1052 1334 τρία
1087 1267 1246 1318 ταυτὶ
1288 1271 1844 1340 προσμαρτυρήσειεν
1865 1271 1935 1324 ἀν

351 1352 536 1420 αὐτῷ,
569 1353 934 1419 ἀξιοπιστίαν,
975 1356 1223 1426 ἀνδρίαν,
1275 1359 1570 1429 φρόνησιν·
1606 1361 1683 1431 τῷ
1712 1362 1936 1417 πιστεῦ-

353 1462 482 1507 σαι,
515 1445 592 1515 τῷ
618 1447 920 1516 θαρρῆσαι,
958 1449 1034 1519 τῷ
1063 1451 1244 1514 καλῶς
1295 1453 1688 1522 στοχάσασθαι.
1724 1455 1934 1509 Κτᾶται

348 1539 654 1609 τοιγαροῦν
675 1542 936 1612 στρατιὰν
961 1542 1256 1614 τοσαύτην,
1279 1545 1379 1598 οὐκ
1396 1547 1621 1617 ἄπειρον
1655 1547 1756 1617 μὲν
1771 1565 1936 1617 τραυ-

353 1632 577 1698 μάτων,
593 1632 818 1703 κάγαθὴν
853 1634 908 1686 δὲ
961 1635 1030 1688 τὰ
1067 1636 1325 1706 πολέμια,
1361 1638 1530 1707 μηδὲν
1574 1641 1932 1710 προσαναλώ-

344 1738 459 1785 σας
489 1722 521 1791 ἦ
566 1727 691 1793 τρία
726 1725 927 1788 ταῦτα.
972 1727 1199 1797 γνώμης
1227 1729 1491 1799 ὀξύτητα,
1525 1731 1774 1802 γλώττης
1821 1733 1934 1786 δει-

345 1815 585 1884 νὸτητα,
627 1818 846 1888 τρόπων
882 1822 1229 1893 χρηστότητα
1257 1839 1270 1853 ο
1315 1823 1548 1877 ἕκαστον
1584 1827 1771 1897 χρῆμα
1806 1825 1932 1880 ἀκέ-

339 1921 550 1961 νωτον.

434 2080 619 2150 Ἔχων
645 2101 707 2152 γε
742 2086 922 2139 τοίνυν
955 2075 1155 2167 αύξοὺς
1184 2092 1320 2162 πρδς
1357 2096 1421 2163 τῇ
1457 2095 1558 2164 τῆς
1588 2095 1932 2170 Πελοποννή-

343 2192 454 2226 σου
485 2174 730 2244 δυνάμει,
769 2179 828 2231 ού
869 2184 1080 2253 σμικρᾷ
1115 2183 1206 2236 καὶ
1238 2186 1548 2257 καθἀὑτὴν
1580 2188 1736 2260 οὔσῃ,
1758 2209 1932 2262 προσι-

343 2267 536 2336 Θήκην
587 2268 668 2321 ὅτι
717 2272 1007 2341 μεγίστην,
1041 2275 1169 2344 ῥᾷον
1199 2276 1232 2344 ή
1274 2293 1356 2339 τις
1394 2277 1460 2331 ἂν
1492 2280 1748 2348 ἐνόμιζεν
1777 2279 1837 2336 εὖ
1865 2283 1932 2338 τὰ

341 2358 502 2410 κατὰ
539 2357 660 2412 νοῦν
686 2361 894 2416 διέθετο
945 2365 1140 2420 πάντα.
1175 2366 1233 2420 Ei
1270 2371 1379 2440 γάρ
1411 2369 1473 2440 δὴ
1508 2377 1600 2424 καὶ
1645 2375 1818 2444 μικρά
1845 2393 1931 2440 τις

343 2453 588 2524 ἑπιδολὴ
617 2456 677 2506 τὸ
706 2459 813 2508 πᾶν
849 2459 1026 2527 ἰσχύει
1061 2460 1344 2528 πολλάκις,
1376 2465 1407 2534 ή
1445 2469 1681 2538 τοσαύτη
1717 2469 1815 2537 μὲν
1853 2469 1932 2539 τῷ

349 2545 582 2614 πλήθει,
612 2547 752 2617 καλὴ
781 2549 838 2602 δὲ
870 2553 966 2604 καὶ
995 2553 1060 2622 τῇ
1088 2552 1198 2605 τῶν
1219 2553 1535 2624 πολεμικῶν
1564 2558 1848 2630 ἐμπειρίᾳ,
1880 2559 1933 2612 τί

344 2637 460 2690 οὐκ
494 2638 562 2690 ἀν
590 2638 758 2709 ἔδρα;
801 2641 876 2692 Ού
907 2642 1036 2713 γὰρ,
1069 2643 1248 2699 καίτοι
1282 2647 1403 2700 καθ’
1454 2649 1683 2715 ἑαυτοὺς
1723 2651 1932 2722 προθύο

349 2744 502 2794 μους
533 2744 591 2780 τε
618 2731 713 2783 καὶ
759 2730 998 2798 ἀγαθοὺς
1034 2735 1374 2802 στρατιώτας
1405 2736 1588 2802 ὖντας,
1622 2740 1683 2792 ού
1729 2741 1932 2810 προσέ·

345 2817 484 2871 θετο
548 2821 775 2891 ποιῆσαι
827 2824 1052 2887 τούτους
1110 2825 1393 2896 βελτίουςο
1447 2828 1564 2882 ἀλλ’
1622 2829 1933 2902 ἐπηύξησεν

348 2913 568 2976 αὐτοῖς,
603 2913 794 2985 ῶσπερ
824 2916 916 2969 οὖν
946 2916 1008 2970 τὸ
1039 2920 1178 2991 πρὸς
1222 2920 1390 2972 αὐτὸν
1429 2921 1676 2992 φίλτρον,
1705 2923 1848 2978 οὕτω
1875 2927 1933 2979 δὲ

349 3004 462 3058 καὶ
490 3005 557 3060 τά
580 3009 922 3078 χρηστότερα
950 3011 1149 3075 πάντα,
1179 3011 1356 3080 λέγων
1387 3015 1481 3067 καὶ
1508 3015 1832 3080 ὑποδεικνὺς
1867 3021 1935 3072 τὰ

352 3101 638 3166 πρακτέα.
675 3101 786 3154 Καὶ
811 3101 964 3172 δηλοῖ
1013 3105 1081 3157 τὰ
1114 3104 1180 3158 δι’
1216 3105 1397 3158 αὐτῶν
1444 3107 1640 3178 ἐκείνῳ
1679 3126 1933 3180 πεπραγο

2035 625 2179 693 quod
2213 623 2336 678 aliis
2369 624 2614 680 moribus
2644 623 2911 679 viverent.
2947 620 3220 686 (laterum
3251 619 3344 674 ille
3365 633 3611 674 commo-

2033 717 2128 772 dat
2151 715 2371 786 quidem
2397 715 2577 779 fidem,
2601 715 2695 785 qui
2722 731 2753 771 a
2777 730 2836 770 se
2856 715 2971 785 ipse
2997 713 3155 768 ﬁdem
3189 711 3430 767 haberet.
3457 709 3611 774 Quod

2035 808 2160 876 quis
2190 807 2336 864 enim
2367 808 2549 872 habet,
2580 807 2741 861 etiam
2771 806 2886 869 dat,
2938 821 3004 860 ac
3031 803 3176 872 quod
3213 808 3298 856 est
3333 801 3468 867 ipse,
3511 800 3616 853 hoc

2035 900 2176 956 alios
2205 915 2422 971 quoque
2447 900 2762 955 existimat:
2820 913 2944 953 cum
2984 910 3115 951 vero
3138 894 3264 957 sibi,
3321 903 3437 948 tum
3493 891 3615 945 aliis

2036 991 2253 1052 suadet,
2284 991 2616 1045 firmissimis
2648 990 2924 1044 rationum
2956 987 3276 1050 momentis,
3308 1000 3375 1038 ne
3426 983 3470 1039 si
3527 997 3616 1036 ve-

2037 1082 2157 1147 lint,
2195 1096 2356 1150 posse
2377 1096 2472 1136 eos
2499 1080 2630 1150 quid
2669 1079 2792 1134 mali
2830 1077 3050 1141 facere;
3091 1091 3264 1146 eoque
3298 1074 3414 1128 fore
3449 1081 3507 1126 ut
3562 1080 3618 1125 ct

2037 1175 2212 1230 nolint
2237 1212 2252 1238 ,
2287 1174 2581 1242 evenitque
2602 1172 2680 1227 uti
2717 1178 3009 1226 censuerat
3034 1169 3150 1239 ipse
3182 1181 3248 1222 ac
3273 1166 3572 1221 aﬂirmarat
3600 1183 3614 1231 ;

2017 1281 2157 1335 .qua:
2190 1281 2320 1321 sane
2357 1281 2445 1320 res
2495 1265 2600 1328 tria
2631 1264 2746 1317 haec
2776 1262 2852 1316 illi
2887 1261 3104 1316 abunde
3130 1259 3366 1324 astruit;
3417 1266 3613 1312 aucto-

2038 1361 2250 1413 ritatem
2278 1359 2343 1412 ad
2373 1357 2562 1420 fidem,
2593 1356 2992 1419 fortitudinem,
3055 1353 3422 1433 prudentiam,
3459 1350 3612 1420 quod

2035 1449 2291 1505 habuerit
2325 1449 2507 1520 fidem,
2550 1447 2693 1516 quod
2730 1446 3008 1509 fiduciam,
3081 1445 3225 1515 quod
3249 1445 3398 1498 bene
3434 1443 3621 1510 conje-

2037 1541 2224 1598 ctarit.
2255 1541 2408 1595 Adeo
2426 1556 2556 1609 ergo
2581 1553 2931 1595 numerosum
2953 1537 3180 1594 militem
3199 1547 3504 1607 comparat.
3533 1536 3620 1590 ni-

2033 1633 2112 1687 hil
2143 1632 2296 1687 illum
2327 1632 2610 1687 vulnerum
2639 1631 2826 1686 rudem
2851 1671 2865 1693 ,
2893 1629 3036 1685 bello
3069 1637 3256 1684 autem
3295 1629 3618 1696 cumprimis

2035 1732 2432 1793 opportunum,
2465 1737 2585 1775 cum
2622 1730 2814 1788 praeter
2852 1719 2966 1772 luce
2995 1717 3100 1772 tria
3123 1755 3138 1779 .
3193 1717 3369 1770 nullos
3404 1714 3623 1784 posuis-

2036 1826 2118 1869 set
2147 1823 2418 1884 sumptus,
2457 1827 2708 1880 sagacem
2741 1811 3010 1870 animum,
3047 1811 3240 1878 lingua:
3281 1807 3391 1860 vim
3427 1845 3443 1868 ,
3496 1820 3616 1859 mo-
3649 1797 3658 1802 ’

2039 1923 2158 1962 rutn
2195 1907 2516 1970 bonitatem,
2548 1906 2864 1960 thesaurum
2896 1903 3054 1974 plane
3097 1901 3311 1972 singula
3347 1898 3620 1952 inexhau-

2038 2007 2208 2052 stum.
3205 2036 3214 2043 .

2101 2091 2238 2147 Cum
2266 2091 2450 2159 itaque
2481 2101 2706 2160 excepta
2770 2082 3131 2160 Peloponnesi
3161 2087 3379 2149 virtute,
3413 2098 3533 2153 quae
3567 2091 3621 2136 et

2038 2184 2156 2253 ipsa
2188 2199 2282 2254 per
2303 2199 2360 2240 se
2385 2198 2494 2239 non
2525 2184 2738 2238 molica
2766 2191 2933 2247 esset,
2967 2179 3221 2234 maximae
3245 2191 3342 2231 eos
3397 2175 3621 2229 haberet

2039 2274 2372 2330 accessionis
2402 2275 2546 2340 loco,
2581 2271 2772 2343 majori
2797 2266 2961 2342 supra
3002 2285 3222 2325 omnem
3246 2265 3622 2324 existimatio-

2040 2379 2164 2418 nem
2204 2363 2484 2430 facilitate,
2516 2366 2652 2419 bene
2676 2379 2742 2418 ex
2771 2364 2952 2417 animo
3005 2361 3190 2415 omnia
3224 2357 3620 2414 constituebat.

2039 2456 2272 2524 Quando
2304 2456 2452 2511 enim
2482 2456 2692 2510 modica
2725 2469 2944 2525 quoque
2968 2453 3215 2509 accessio
3243 2465 3353 2504 non
3385 2464 3511 2503 raro
3534 2454 3621 2500 to-

2041 2560 2154 2605 tum
2183 2560 2425 2621 praestat,
2451 2549 2582 2618 quid
2610 2562 2717 2602 non
2751 2556 2898 2601 tanta
2927 2546 3037 2610 illa,
3075 2545 3265 2613 reique
3306 2541 3443 2595 adeo
3471 2539 3623 2594 belli-

2039 2658 2118 2698 ca:
2149 2645 2339 2712 peritia
2371 2653 2655 2713 praestans,
2691 2638 3009 2695 confectura
3052 2635 3209 2690 erat?
3239 2631 3425 2702 Neque
3475 2631 3620 2684 enim

2039 2750 2350 2805 quanquam
2404 2749 2580 2804 perse
2637 2732 2848 2786 alarrcs
2902 2745 2966 2784 ac
3027 2725 3237 2784 strenui
3273 2733 3450 2789 erant,
3479 2722 3624 2776 orni-

2041 2830 2208 2893 sit,ut
2239 2828 2492 2883 meliores
2523 2825 2754 2881 cﬂiceret
2779 2825 2942 2894 ;quin
2972 2823 3104 2888 imo,
3133 2821 3208 2875 uti
3243 2833 3432 2874 eorum
3471 2817 3525 2870 in
3565 2830 3624 2868 se

2041 2935 2307 2986 amorem,
2340 2920 2419 2976 sic
2442 2929 2494 2975 et
2518 2919 2738 2973 meliora
2767 2915 2952 2972 omnia
2977 2915 3057 2969 eis
3081 2912 3302 2966 adauxit
3328 2951 3342 2973 ,
3372 2923 3478 2978 qua
3505 2921 3627 2961 veru

2045 3015 2150 3077 bis,
2178 3028 2286 3083 qua
2329 3011 2496 3068 rebus
2526 3021 2869 3071 monstrans.
2901 3022 3026 3078 quae
3054 3005 3197 3060 facto
3229 3019 3369 3073 opus
3395 3007 3582 3057 essent
3608 3016 3620 3050 :

2044 3107 2392 3176 produntque
2414 3119 2510 3175 per
2525 3119 2620 3160 eos
2655 3103 2833 3157 abillo
2860 3111 3009 3172 gesta
3032 3117 3048 3166 ;
3079 3111 3390 3168 quanquam
3411 3093 3490 3148 eis
3515 3107 3622 3146 non

356 3191 532 3260 μένα,
557 3193 608 3246 εί
639 3195 732 3247 καὶ
761 3194 838 3264 μή
864 3195 924 3248 τὸ
947 3197 1058 3250 πᾶν
1090 3197 1271 3261 αὐτοῖς
1297 3198 1617 3267 ἀνατίθημι.
1645 3201 1766 3264 Πῶς
1789 3205 1933 3272 γάρ;

2043 3201 2226 3255 omnia
2259 3207 2483 3269 accepta
2519 3195 2718 3252 refero.
2763 3195 2865 3262 Qui
2890 3194 3076 3248 enim?
3108 3191 3300 3246 Nonne
3347 3189 3492 3243 enim
3526 3185 3628 3240 ho-
3687 3201 3692 3210 λ

349 3285 436 3337 Οὐ
466 3285 575 3355 γὰρ
602 3283 882 3355 δυσμενῶν
911 3281 1024 3342 εἷλε
1054 3287 1258 3352 πόλεις,
1288 3291 1388 3354 τὰς
1419 3293 1520 3360 μὲν
1574 3293 1938 3365 πολιορκήσας

348 3394 422 3429 τε
460 3378 556 3431 καὶ
608 3379 1132 3447 παραστησάμενος,
1181 3381 1281 3444 τὰς
1335 3382 1380 3434 δ’
1411 3384 1662 3438 αὐτοϐοεὶ
1710 3385 1789 3458 τῷ
1837 3404 1932 3440 πο·

350 3469 540 3538 λέμῳ,
571 3472 666 3534 τὰς
699 3471 922 3536 πλείους
951 3472 1006 3526 δὲ
1042 3473 1137 3526 καὶ
1179 3475 1469 3541 φθασάσας
1502 3477 1603 3545 τὴν
1636 3481 1736 3547 τῆς
1776 3496 1942 3550 στρα-

354 3563 490 3624 τιᾶς
517 3561 723 3627 ἔφοδον,
779 3564 874 3616 καὶ
918 3565 1050 3631 πρὶν
1093 3563 1188 3617 τοῦ
1219 3564 1431 3636 ταύτην
1476 3567 1645 3636 ἐγγὺς
1686 3570 1940 3637 γενέσθαι

339 3654 808 3732 ,παραδοθείσακ
855 3655 928 3708 Ού
965 3655 1206 3722 δεδιότας
1256 3658 1426 3726 ἔδειξε
1458 3661 1585 3725 τοὺς
1631 3662 1943 3733 δεδιττομέρ

357 3764 528 3811 νουςς
561 3748 634 3800 Οὐ
661 3746 841 3801 πάντα
871 3747 1025 3802 ταῦτ’
1056 3749 1232 3802 ἐποίει
1267 3751 1399 3814 τοὺς
1426 3751 1715 3822 δυσμενεῖς
1742 3754 1941 3825 θρασυ·

360 3837 628 3907 νομένους
680 3838 799 3901 ταῖς
856 3837 961 3908 πρὸ
1017 3838 1114 3906 τῆς
1158 3839 1323 3894 αὐτοῦ
1378 3843 1686 3911 παρουσίας
1737 3844 1940 3910 νίκαις,

361 3929 784 3999 κατεπτηχότας
828 3930 1116 3997 φαίνεσθαι
1174 3933 1270 3986 καὶ
1315 3936 1942 4006 κατῃσχυμμένους,ἆτε

359 4023 432 4090 δὴ
467 4023 561 4074 τοῦ
590 4023 826 4092 Θράσους
860 4025 1069 4088 αὐτοῖς,
1103 4025 1198 4076 καὶ
1228 4025 1339 4077 τῶν
1368 4024 1456 4093 ἀφ’
1491 4020 1576 4089 οἷς
1614 4027 1756 4096 μέγα
1786 4028 1946 4099 ἐφρό-

359 4133 514 4178 νουν,
543 4116 680 4184 πρὸς
709 4117 1025 4170 τούναντίον
1057 4119 1423 4190 τραπέντωνος
1449 4120 1524 4173 Ού
1557 4121 1902 4194 παρῃτοῦντο
1925 4141 1941 4188 ;

365 4207 447 4262 οὐ
502 4209 914 4278 προσεκύνουνς
969 4211 1085 4263 υύκ
1139 4211 1464 4264 ἀπεδίδοσαν
1518 4211 1740 4267 ἅπαντα
1776 4215 1944 4282 εμετά

362 4301 691 4372 προσθήκης
733 4303 800 4354 τὰ
836 4303 1168 4372 ήρπαγμίνα
1199 4322 1212 4365 ;
1246 4305 1320 4357 Οὐ
1373 4305 1575 4374 φόρους
1629 4307 1944 4377 προσεδίδο-

364 4411 490 4454 σαν,
526 4394 575 4445 οἳ
622 4394 715 4446 καὶ
769 4393 903 4464 ὄναρ
928 4393 1076 4447 τοῦτ’
1127 4395 1350 4460 ίδόντες,
1397 4399 1699 4468 ἀπεπήδων
1732 4401 1802 4454 ἂν
1845 4403 1945 4469 τῆς

361 4484 576 4550 κλίνης.
611 4483 688 4552 τῷ
717 4487 1112 4556 ἀπροσδοκήτῳ
1147 4486 1436 4556 βληθέντες
1462 4489 1573 4554 ςού
1603 4490 1764 4545 τοῦτο
1795 4491 1945 4562 ἥδιον

2039 3290 2965 3363 stiumcepiturbesialiasquidem
3003 3284 3364 3356 expugnando
3394 3298 3458 3338 ac
3496 3296 3625 3337 cum

2040 3387 2345 3444 obsedisset
2369 3403 2385 3453 ;
2410 3385 2547 3440 alias
2572 3385 2692 3454 ipso
2722 3383 2842 3438 belli
2866 3384 3128 3443 clamore,
3149 3394 3216 3434 ac
3236 3378 3410 3448 prima
3442 3376 3624 3431 statim

2043 3479 2380 3549 irruptione;
2423 3477 2604 3546 plures
2635 3490 2856 3546 quoque
2884 3489 3010 3529 cum
3030 3471 3331 3529 exercitum
3363 3467 3628 3524 invaden-

2042 3579 2150 3625 tem
2181 3577 2563 3635 occupassent,
2592 3583 2655 3621 ac
2690 3566 2920 3622 necdum
2969 3563 3194 3634 pr0pius
3219 3565 3461 3625 admoto,
3503 3573 3626 3613 sese

2041 3662 2396 3727 dedidissent,
2419 3660 2443 3714 1
2471 3659 2662 3714 Nonne
2683 3659 2876 3714 solitos
2895 3667 3102 3716 terrere
3130 3659 3183 3710 in
3207 3666 3474 3710 terrorem
3496 3650 3630 3720 egit?

2018 3753 2232 3808 -Nonne
2257 3753 2324 3806 iis
2355 3752 2614 3807 omnibus
2653 3749 2835 3814 fiebat,
2869 3756 2927 3803 ut
2955 3748 3045 3816 qui
3078 3756 3205 3800 ante
3260 3745 3380 3814 ejus
3410 3745 3464 3798 in
3493 3757 3627 3811 pro-

2047 3841 2278 3896 vinciam
2324 3840 2638 3904 adventum,
2670 3857 2736 3894 ex
2779 3839 3060 3910 prioribus
3087 3837 3335 3891 victoriis
3387 3837 3628 3896 insolen-

2047 3932 2216 3987 tiores
2243 3931 2572 3995 evasissent,
2617 3930 2832 3985 attoniti
2876 3930 3138 3998 deinceps
3170 3925 3498 3996 confusique
3552 3930 3630 3980 vi-

2045 4023 2329 4088 derentur,
2354 4023 2556 4093 quibus
2583 4023 2807 4078 audacia
2837 4022 2952 4086 illa,
2981 4036 3045 4076 ac
3076 4021 3283 4092 quibus
3309 4019 3631 4074 attollebant

2047 4116 2284 4180 animos,
2310 4116 2366 4170 in
2402 4115 2740 4170 contrarium
2767 4113 3072 4170 cederent?
3123 4111 3315 4167 Nonne
3365 4111 3631 4181 depreca-

2048 4207 2297 4262 bantur?
2327 4206 2522 4263 Nonne
2545 4207 2950 4261 venerabantur
2978 4205 3002 4260 ?
3026 4205 3219 4261 Nonne
3240 4213 3393 4274 rapta
3445 4205 3630 4260 omnia

2047 4314 2170 4353 cum
2209 4299 2522 4356 accessione
2552 4298 2894 4355 reddebant?
2937 4296 3130 4352 Nonne
3169 4297 3396 4366 insuper
3425 4295 3632 4367 pende-

2048 4393 2181 4448 bant
2207 4394 2430 4456 tributa,
2494 4394 2590 4465 qui
2617 4403 2675 4447 ut
2703 4393 2759 4448 in
2789 4392 3002 4448 somnis
3039 4392 3324 4457 vidissent,
3379 4381 3632 4460 inexspe-

2046 4491 2196 4537 ctato
2222 4482 2339 4537 visu
2368 4483 2565 4546 territi,
2581 4497 2612 4538 e
2635 4491 2811 4537 strato
2839 4480 3180 4552 prosilissent
3201 4480 3225 4534 ?
3248 4479 3439 4535 Nonne
3457 4481 3635 4536 dulci-

365 4577 554 4635 αὐτοῖς
603 4575 680 4639 ὡς
737 4577 1002 4632 κινδύνων
1056 4580 1406 4634 ἀπαλλάττον
1454 4581 1488 4650 ἢ
1548 4581 1610 4636 τὸ
1660 4583 1938 4652 εἰληφέναι

2053 4589 2116 4630 us
2145 4575 2250 4628 hoc
2280 4574 2575 4642 habebant,
2610 4591 2721 4645 quo
2745 4582 2930 4629 essent
2969 4588 2999 4626 a
3048 4572 3306 4642 periculis
3334 4572 3631 4635 immunes.

365 4667 641 4735 πρόσθενς
670 4668 785 4721 Ούκ
815 4668 1094 4722 ἐδούλευον
1129 4669 1250 4738 μεθ’
1309 4670 1510 4735 ὃπλων,
1541 4664 1624 4734 οἷς
1671 4687 1732 4739 γε
1760 4671 1944 4742 ληίζε-

365 4758 492 4813 σθαι
527 4758 628 4830 τὴν
666 4759 946 4829 ἡμετέραν
990 4761 1082 4812 καὶ
1126 4760 1254 4814 ἄνευ
1285 4761 1468 4816 ὅπλων
1495 4762 1806 4834 πανήγυρις
1855 4781 1940 4827 τις

367 4849 579 4913 ἐδόκεις
637 4850 748 4903 Καὶ
781 4849 973 4904 σιωπῶ
1015 4852 1115 4920 τὴν
1169 4851 1474 4923 πρίγγιπος
1522 4855 1942 4924 ὑπερηφανείαν

369 4941 469 5011 τήν
500 4940 728 5011 πολλὴν,
782 4942 966 5006 αὐτοῖς
1014 4945 1126 5006 τοῖς
1187 4942 1514 5013 πράγμασιν
1567 4946 1938 5016 ὲλεγχθεῐσαν.

366 5032 441 5084 Οὐ
472 5033 583 5103 γάρ
611 5027 678 5102 ἦν
730 5033 1053 5102 ἀκροϐατῶν
1082 5050 1099 5100 ;
1133 5035 1231 5104 οὐχ
1263 5036 1404 5105 ὑπὲρ
1459 5037 1636 5105 νεφῶν
1662 5054 1677 5102 ;
1716 5039 1830 5090 Οὐκ
1862 5038 1942 5101 είς

364 5125 666 5196 τοῦσχατον
693 5127 896 5194 ἀφῖκτο
933 5121 1257 5188 ἀλαζονείας
1283 5127 1500 5196 ἁπάσης
1530 5145 1544 5192 ;
1595 5128 1733 5182 Ἀλλ’
1762 5132 1790 5183 ὁ
1831 5146 1944 5181 τοι-

365 5215 523 5278 οῦτος
558 5215 659 5286 μὲν
702 5218 816 5278 τοῖς
847 5216 1133 5286 λογισμοῖς
1157 5219 1253 5272 καὶ
1299 5220 1412 5283 τοῖς
1453 5218 1658 5287 λόγοις,
1699 5221 1943 5285 τοιοῦτος

366 5305 423 5360 δὲ
454 5309 568 5370 τοῖς
610 5309 878 5378 σχήμασι,
916 5309 1012 5362 καὶ
1052 5312 1219 5364 πᾶσιν
1269 5306 1352 5375 οἷς
1394 5309 1461 5364 ἂν
1505 5313 1750 5380 φαίνοιτο
1797 5311 1943 5382 μέγα

371 5400 590 5470 φρονῶν
640 5399 952 5470 ἄνθρωπος,
1008 5403 1123 5464 τοῖς
1175 5401 1363 5473 ἔργοις
1410 5402 1596 5465 ἄλλοις
1649 5403 1944 5468 δέδεικται,

367 5493 491 5544 οὐδὲ
524 5492 723 5547 πολλοῦ
777 5492 872 5546 τοῦ
914 5493 1122 5562 μεταξὺ
1176 5495 1485 5562 γεγονότος.
1547 5495 1784 5564 Ὀλίγοις
1831 5497 1944 5568 γὰρ

371 5580 638 5652 ἐντυχὼν,
693 5578 770 5635 ῶν
820 5599 966 5646 τινες
1019 5583 1106 5653 ἐφ’
1159 5584 1440 5655 ίππαρίων
1493 5588 1771 5656 πονηρῶν,
1818 5587 1944 5641 τότε

372 5673 606 5742 πρώτως
653 5671 812 5743 οἶμαι
865 5675 1262 5745 γυμνώσαντες
1309 5678 1402 5728 ἐπὶ
1431 5678 1558 5742 τοὺς
1601 5679 1830 5748 ἐχθροὺς
1882 5681 1946 5733 τδ

373 5763 549 5830 ξίφος,
585 5765 613 5818 ὁ
637 5767 868 5837 θρασὺς,
923 5768 952 5819 ὁ
991 5767 1216 5836 γαῦρος,
1259 5771 1287 5822 ό
1316 5769 1505 5836 πολὺς,
1556 5771 1698 5838 μετὰ
1732 5771 1945 5826 πολλῶν

375 5857 586 5911 ἱππέων
616 5857 811 5926 ἐπιών,
847 5860 939 5913 καὶ
970 5859 1186 5924 πολλοῖς
1217 5860 1465 5924 ὁπλίταις
1503 5879 1568 5916 πε
1580 5862 1946 5934 ρικυκλούνμί-

2045 4685 2206 4739 quam
2233 4669 2378 4738 quod
2404 4671 2554 4740 prius
2573 4669 2944 4738 acceperant?
2970 4666 3165 4724 Nonne
3195 4665 3508 4720 serviebant
3530 4665 3633 4719 sub

2044 4761 2234 4826 armis,
2267 4761 2469 4830 quibus
2493 4761 2671 4815 fuerat
2700 4759 2837 4816 l'esta
2861 4761 2978 4816 dies
2995 4767 3056 4812 ut
3075 4759 3158 4812 vel
3176 4759 3414 4811 inermes
3428 4764 3632 4810 terram

2047 4864 2288 4908 nostram
2325 4853 2663 4922 diriperent?
2707 4853 2876 4908 Porro
2920 4853 3058 4908 sileo
3087 4851 3351 4922 principis
3405 4848 3631 4902 multam

2045 4946 2376 5014 superbiam,
2399 4947 2611 5001 abunde
2661 4963 2725 5001 ex
2791 4946 2954 5000 rebus
2999 4952 3334 5010 coargutam.
3362 4940 3552 4994 Nonne
3587 4942 3633 4992 is

2044 5038 2303 5092 extremis
2324 5038 2506 5106 digitis
2532 5053 2596 5092 ac
2621 5036 2761 5091 fastu
2783 5033 3107 5090 inet-debat?
3129 5031 3321 5086 Nonne
3340 5045 3506 5101 supra
3529 5046 3631 5085 nu-

2045 5130 2141 5186 bes
2164 5131 2187 5184 ?
2212 5129 2408 5204 Nonne.
2439 5137 2785 5198 promoverat
2813 5127 2880 5181 ad
2906 5139 3176 5181 summam
3209 5123 3631 5194 arrogantiam?

2047 5224 2141 5279 Ille
2163 5224 2520 5278 nihilominus
2544 5223 2625 5277 sic
2656 5220 2823 5274 animi
2847 5221 3032 5276 sensis
3056 5234 3122 5274 ac
3170 5218 3354 5275 verbis
3382 5219 3591 5273 habens
3610 5260 3625 5282 ,

2048 5315 2130 5371 sic
2152 5328 2282 5370 vero
2309 5313 2514 5374 verbis.
2551 5311 2844 5367 inflexione
2879 5326 2943 5367 ac
2972 5311 3189 5377 habitu,
3243 5311 3628 5381 omnibusque,

2049 5405 2248 5474 quibus
2283 5405 2404 5474 quis
2464 5405 2705 5459 animum
2757 5413 3054 5460 tumentem
3105 5404 3321 5474 prodat,
3358 5405 3500 5458 alius
3563 5418 3626 5456 ex

2050 5495 2212 5552 rebus
2254 5495 2502 5564 proditus
2524 5503 2628 5558 est,
2659 5509 2763 5550 nec
2801 5496 2855 5550 id
2916 5497 3090 5551 multo
3134 5496 3395 5566 deinceps
3445 5495 3632 5564 elapso

2051 5596 2315 5655 tempore.
2349 5585 2546 5641 Paucis
2573 5586 2843 5656 siquidem
2877 5587 3101 5642 obviam
3158 5585 3360 5649 factus,
3392 5598 3628 5653 quorum

2049 5690 2166 5734 erat
2193 5680 2516 5746 equisonum
2544 5678 2723 5748 aliqua
2775 5695 2993 5743 manus,
3027 5692 3092 5732 ac
3135 5691 3326 5731 eorum
3345 5676 3436 5744 qui
3486 5689 3632 5728 nun-

2049 5786 2213 5840 quam
2247 5770 2383 5826 forte
2408 5772 2646 5840 gladium
2679 5773 2733 5827 in
2762 5771 2947 5826 hostes
3003 5769 3356 5826 strinxissent
3385 5807 3398 5832 ,
3450 5768 3630 5822 audax

2051 5864 2160 5929 ille,
2194 5864 2282 5919 ille
2317 5879 2600 5936 arrogans,
2635 5862 3130 5934 illejactabundus,
3153 5863 3244 5933 qui
3271 5861 3439 5916 multo
3479 5863 3630 5929 equi-
