4060 6664
424 411 530 488 215

1584 379 1997 488 ΜΑΝῖΙΕιῐὲ
2031 427 2476 489 PALrEOLOGI

3640 426 3748 489 216
3801 468 3803 470 -

393 539 480 623 ,ιε
519 529 822 586 instructus
856 531 1157 600 invaderet,
1191 536 1486 608 multisque
1514 541 1757 610 undique
1779 541 2009 606 armatis

2137 542 2213 605 id;
2262 559 2320 594 τε
2361 542 2458 596 καί
2509 540 3072 612 περιστοιχιζόμενος,
3129 541 3242 593 καὶ
3300 537 3552 610 θαρῥῶν
3599 538 3767 593 πολυ-

426 622 800 679 circumfusus
822 637 887 680 ac
908 625 1147 683 vallatus
1175 639 1342 696 esset,
1376 646 1778 700 uumerosaqus
1812 633 1903 687 illa
1931 647 2024 686 ca-

424 713 696 781 taphracti
721 714 912 770 militis
966 717 1200 774 cohorte
1254 732 1640 790 praesumeret,
1693 738 1792 779 nec
1826 739 2022 778 manus

423 805 644 874 quidem
677 808 937 864 sustinuit
969 825 1280 877 conserere,
1308 815 1400 870 sed
1429 826 1481 870 et
1501 825 1632 886 puto
1660 817 1811 887 prior
1841 816 2024 870 omni-

427 894 532 948 bus
619 896 856 966 arripuit
919 899 1128 968 fugam,
1188 917 1314 958 cum
1377 907 1610 960 necdum
1689 920 2024 978 congressus

425 997 606 1053 esset,
667 997 1033 1058 opportunum
1094 993 1393 1060 arbitrans,
1427 1005 1483 1050 ut
1567 997 1770 1051 lanceae
1831 1012 1896 1053 ac
1922 1013 2022 1052 en-

427 1080 507 1137 sis
568 1080 686 1135 loco
749 1081 1004 1138 stimulos
1076 1099 1141 1139 ac
1196 1087 1460 1142 scuticam
1519 1089 1822 1142 adhiberet.
1881 1089 2025 1142 Sane

429 1173 521 1231 ubi
545 1189 744 1244 equum
767 1175 997 1232 habenis
1021 1186 1168 1232 retro
1198 1178 1516 1244 inﬂexisset,
1547 1189 1769 1250 tergaqn
1789 1181 2024 1234 evertis-

430 1270 514 1315 set
549 1263 853 1317 volentibus
909 1264 1144 1334 insequi,
1179 1267 1321 1322 haud
1380 1268 1531 1335 prius
1561 1285 1590 1322 a
1617 1257 1745 1339 fuga
1790 1270 2020 1325 destitit.

430 1369 593 1421 quam
627 1369 750 1408 cum
787 1370 930 1409 unus
963 1369 1235 1429 nostrum,
1270 1375 1378 1413 non
1429 1361 1598 1415 hasta
1636 1362 1880 1430 cuspide,
1928 1365 2023 1416 sed

433 1445 692 1500 inanibus
735 1447 995 1514 cepisset.
1038 1446 1139 1502 Hic
1194 1464 1324 1503 vero
1356 1452 1520 1518 quis?
1550 1450 1690 1505 Nnm
1731 1452 1837 1506 dux
1869 1467 2024 1506 exer-

428 1538 616 1591 citus?
645 1537 1102 1609 Haudquaquam.
1130 1541 1413 1611 Siquidem
1441 1545 1588 1602 enim
1616 1546 1836 1600 Achaiae
1865 1547 2014 1616 prin-

425 1644 555 1700 ceps
611 1646 678 1685 eo
717 1633 904 1701 praelia
960 1634 1214 1689 manibus
1281 1651 1416 1690 usus
1467 1647 1636 1699 esset,
1671 1639 1746 1692 uti
1776 1648 1829 1692 et
1853 1638 2023 1692 armis

428 1722 659 1778 habebat
693 1724 955 1790 uti,haud
989 1727 1058 1780 ab
1083 1727 1214 1790 alio,
1252 1737 1406 1797 puto,
1439 1744 1602 1798 quam
1639 1729 1707 1784 ab
1749 1731 2022 1786 exercitus

429 1816 588 1878 duce,
614 1816 912 1884 capiendus
939 1816 1154 1873 fuisset.
1183 1817 1312 1872 Erat
1367 1822 1571 1889 quippe
1597 1821 1678 1874 vir
1702 1821 1860 1890 plane
1884 1830 2021 1876 stre-

428 1922 572 1962 uitus
603 1922 668 1962 ac
700 1906 897 1974 fortis;
947 1924 1140 1978 nempe
1199 1909 1431 1965 Baoum.
1469 1911 1520 1966 Is
1549 1911 1694 1966 enim
1727 1927 1852 1967 cum
1879 1914 2018 1982 apud

429 2013 519 2054 me
551 2015 789 2066 merens,
816 2009 928 2055 tum
964 2001 1056 2056 ubi
1079 2001 1512 2072 Peloponnesum
1533 2004 1780 2073 petisset,
1809 2005 2017 2059 clarum

429 2090 689 2145 omnibus
748 2091 851 2145 viri
878 2091 1070 2159 optimi
1093 2093 1368 2160 specimen
1392 2095 1643 2162 praebuit.
1673 2092 1810 2158 Quia
1839 2102 2019 2146 tamen

430 2179 522 2234 ille
555 2180 691 2233 nihil
753 2191 900 2235 retro
931 2180 1236 2260 aspiciens,
1280 2191 1423 2237 totus
1456 2183 1510 2236 in
1575 2182 1756 2251 fugam
1816 2181 2022 2236 etIusus

435 2283 573 2333 erat,
614 2272 1088 2327 haudlicuitduci
1151 2274 1447 2338 exercitus,
1493 2284 1550 2328 ut
1571 2274 1787 2330 deserto
1833 2274 2022 2328 ordine

436 2364 655 2435 longius
706 2364 1106 2434 insequeretur.
1168 2363 1309 2420 Num
1345 2381 1475 2422 vero
1506 2366 1628 2434 quis
1662 2378 1908 2420 nostrum
1940 2367 2024 2419 vir

432 2455 652 2520 nobilis,
683 2463 776 2509 aut
803 2457 1028 2510 omnino
1062 2455 1220 2511 fortis
1249 2458 1558 2512 dedi-litium
1611 2456 1845 2526 accepit?
1872 2454 1949 2509 Ne
1973 2455 2022 2508 id

432 2547 685 2615 quidem:
716 2563 874 2601 nemo
928 2548 1156 2611 talium;
1201 2563 1265 2602 ac
1321 2563 1498 2615 neque
1547 2563 1770 2618 prorsus
1828 2547 2024 2615 aliquis

434 2639 661 2708 Spiritus
692 2641 922 2706 habens,
954 2641 1046 2696 sed
1078 2642 1170 2712 qui
1209 2641 1338 2694 tuba
1369 2641 1597 2695 haberet
1629 2639 1836 2708 agenda
1888 2653 2024 2708 praes

433 2749 676 2799 monere,
705 2750 768 2789 ac
796 2727 1143 2799 caduceator,
1172 2750 1296 2790 cum
1332 2734 1566 2804 turpiter
1621 2733 1910 2788 dedititius
1937 2731 2027 2786 ille

443 2827 580 2880 nihil
613 2836 808 2896 praeter
841 2828 1004 2882 vitam
1042 2837 1280 2896 rogaret.

507 2917 777 2974 Caeterum
803 2919 1023 2991 ingenui
1054 2935 1276 2990 quoque
1290 2937 1355 2976 ac,
1386 2921 1600 2998 nobiles
1618 2921 1864 2990 quidam,
1899 2929 2022 2974 cum

437 3020 635 3079 praeter
668 3011 932 3066 decorum
964 3029 1125 3068 omne
1160 3015 1212 3068 in
1251 3014 1490 3068 hostium
1529 3024 1658 3069 tunc
1693 3015 1891 3070 castris
1919 3013 2026 3068 mi-

439 3103 661 3159 litarent
685 3141 702 3167 ,
741 3105 884 3173 quod
930 3113 986 3160 et
1015 3106 1212 3161 habeat
1245 3106 1683 3166 admirationem,
1719 3115 1774 3161 et
1801 3107 1903 3175 ipsi
1939 3120 2029 3160 ca-

2127 632 2315 704 χειρίᾳ
2345 634 2441 686 καὶ
2481 631 2682 702 σιδηρᾷ
2710 631 2976 700 φάλαγγι,
3004 630 3123 684 οὐῶ
3155 629 3313 698 γοῦν
3349 629 3770 699 συμπλακῆναι

2126 722 2249 774 τότε
2299 722 2540 793 ὑπέστηο
2595 723 2711 776 ἀλλ’
2759 720 2916 793 οῐμαι
2963 723 3058 777 καὶ
3111 725 3237 776 τῶν
3295 721 3501 776 ἄλλων
3545 723 3770 792 πρῶτος

2127 814 2400 882 ἐτράπετο
2442 814 2549 886 πρὸ
2581 815 2680 886 τῆς
2707 816 3058 886 συμπλοκῆς,
3087 815 3254 886 ὤραν
3315 810 3478 866 εἷναί
3525 814 3581 888 οῖ
3619 814 3773 881 νομέ-

2129 922 2228 970 σας
2258 909 2380 961 ἀντὶ
2403 907 2631 976 δόρατος
2685 909 2778 961 καὶ
2805 907 2993 976 ξίφους
3020 908 3289 978 κέντροις
3313 922 3382 958 τε
3411 904 3516 957 καὶ
3539 904 3770 973 μάστιγι

2127 997 2604 1068 καταχρήσασθαι.
2652 999 2764 1051 Καὶ
2793 1005 2973 1053 τοίνυν
3001 1000 3064 1052 ὲκ
3103 996 3386 1050 τούπίσω
3420 997 3555 1055 ταῖς
3587 993 3766 1055 ἡνίαις

2127 1094 2219 1146 τὸν
2273 1094 2440 1145 ίππον
2499 1091 2759 1162 στρέψας,
2819 1092 2943 1156 δοὺς
3000 1093 3070 1144 τὰ
3115 1091 3280 1144 νῶτα
3342 1090 3470 1150 τοῖς
3541 1085 3767 1140 διώκειν

2130 1183 2500 1253 βουλομένοις,
2531 1185 2558 1234 ὁ
2588 1185 2644 1237 δὲ
2681 1184 2932 1252 ἔφευγεν,
2959 1184 3064 1245 ἓως
3106 1177 3227 1236 εἷλε
3259 1181 3482 1235 τοῦτόν
3511 1196 3604 1240 τις
3649 1180 3769 1230 ταῖν

2127 1279 2330 1346 χεροῖν,
2361 1276 2479 1328 ἀλλ’
2529 1277 2628 1328 οὐκ
2669 1278 2864 1346 αἰχμῇ.
2911 1275 3081 1337 Οὗτος
3127 1274 3185 1327 δὲ
3222 1273 3365 1337 τίς;
3407 1271 3478 1324 Ὀ
3518 1285 3768 1339 στρατη·

2126 1373 2264 1438 γός;
2309 1357 2582 1438 Οὖδαμῶς
2606 1386 2618 1399 ’
2647 1371 2696 1421 εί
2729 1373 2838 1438 γὰρ
2890 1369 3094 1438 ἐχρῆτο
3133 1368 3266 1420 ταῖν
3296 1365 3532 1436 χεροῖν,
3570 1361 3766 1429 ὥσπερ

2126 1462 2296 1532 ἐχρῆν
2333 1462 2429 1514 καὶ
2457 1463 2570 1524 τοῖς
2614 1461 2824 1524 ὅπλοις,
2858 1462 2884 1513 ὁ
2919 1461 3018 1528 τῆς
3064 1459 3312 1528 Ἀχαΐας
3376 1458 3502 1508 τότ’
3549 1455 3763 1525 ἄρχων,

2127 1557 2204 1622 μὴ
2232 1555 2297 1608 ἂν
2349 1554 2512 1608 αὑτὸν
2546 1549 2701 1622 οἶμαι
2731 1554 2871 1605 ὲλεῖν
2906 1552 3113 1622 μηδένα
3162 1552 3385 1618 ἕτερον
3425 1549 3548 1600 τῶν
3591 1547 3769 1599 ἁπάνο

2124 1664 2233 1700 των
2255 1648 2363 1717 πρὺ
2385 1646 2480 1700 τοῦ
2509 1645 2612 1714 τῆς
2634 1647 2905 1714 στρατιᾶς
2930 1646 3229 1714 ἡγεμόνος.
3257 1639 3390 1694 Ἠν
3425 1641 3548 1711 γὰρ
3578 1641 3760 1693 πάντα

2127 1739 2331 1804 ἀγαθὸς
2363 1740 2458 1790 καὶ
2491 1740 2738 1807 ἀνδρεῖος
2767 1753 2780 1769 ο
2819 1734 3016 1788 Ῥαοῢν
3045 1733 3154 1800 γὰρ
3186 1728 3264 1803 ἦν
3305 1734 3337 1784 6
3374 1731 3634 1801 χρηστός
3659 1745 3678 1762 ο
3705 1729 3764 1791 ὃς

2127 1828 2224 1880 καὶ
2256 1829 2388 1897 παρ’
2419 1828 2542 1896 ἐμοὶ
2597 1827 2776 1896 μένων
2815 1825 2920 1888 ἔτι,
2953 1825 3046 1876 καὶ
3083 1824 3362 1875 ἐνταυθοῖ
3425 1835 3754 1890 παραγεγοο

2129 1921 2233 1983 νὼς
2262 1922 2454 1974 οὐδένα
2485 1920 2701 1990 λέληθε,
2753 1919 3026 1988 βέλτιστος
3075 1916 3171 1971 ῶν.
3226 1915 3404 1968 Ἐπεὶ
3440 1914 3491 1966 δ’
3549 1916 3760 1974 ἐκεῖνος

2130 2015 2350 2085 πτερῶν
2375 2015 2568 2080 ἐδεῖτο,
2603 2013 3018 2083 ἀμεταστρεπτὶ
3054 2010 3313 2080 φεύγων,
3372 2011 3487 2063 οὐκ
3517 2007 3652 2078 ἐξῆν
3682 2006 3755 2076 τῷ

2131 2105 2428 2175 στρατηγῷ
2492 2105 2714 2175 μακρὰν
2755 2085 3033 2168 ποιεῖσθαι
3073 2109 3174 2172 τὴν
3225 2102 3465 2166 δίωξιν,
3528 2097 3755 2152 καταλιν

2132 2203 2286 2252 πόντι
2313 2198 2411 2269 τὴν
2442 2199 2620 2262 τάξιν.
2655 2197 2793 2251 Ἀλλ’
2832 2197 3183 2266 αἰχμάλωτος
3213 2195 3454 2256 ἐκεῖνος
3479 2188 3749 2261 γεγονὼς.

2131 2295 2239 2345 τινὶ
2263 2293 2374 2344 τῶν
2415 2290 2549 2362 παρ’
2593 2292 2726 2363 ἡμῖν
2762 2289 3024 2357 εὐγενῶν,
3055 2289 3087 2359 ἢ
3117 2287 3229 2340 τῶν
3265 2287 3567 2356 ἀνδρείων
3616 2282 3750 2343 ὅλως

2130 2387 2387 2452 ὲγένετο;
2425 2383 2727 2451 Οὐδαμῶς·
2765 2382 2944 2434 οὐδενὶ
2973 2380 3098 2434 οὕτε
3139 2379 3251 2434 τῶν
3282 2377 3597 2450 τοιούτων,
3632 2371 3748 2426 οὔτε

2131 2476 2241 2528 τῶν
2269 2475 2408 2536 ὅλως
2438 2473 2777 2542 μετεχόντων
2802 2470 3154 2540 φρονήματος
3175 2482 3190 2496 ⁶
3227 2467 3386 2522 ἀλλὰ
3412 2466 3498 2536 τῷ
3528 2467 3599 2534 τῇ
3631 2460 3748 2514 σάλο

2134 2584 2293 2636 πιγγι
2323 2570 2392 2637 τῇ
2421 2567 2655 2636 στρατιᾷ
2695 2565 2763 2617 τὰ
2812 2562 3065 2634 πρακτέα
3097 2562 3450 2632 σημαίνοντι
3503 2551 3749 2626 αἰσχρῶς
3840 2634 3844 2640 η

2134 2661 2298 2723 αὐτὸν
2331 2658 2556 2724 ἔδωκεν,
2597 2657 2862 2711 ἱκετεύων
2901 2653 3042 2724 ὑπὲρ
3079 2653 3180 2722 τῆς
3207 2653 3371 2723 ζωῆς
3409 2651 3618 2725 μόνης.

2207 2931 2282 2984 Οὐ
2319 2928 2425 2998 μὴν
2455 2927 2591 2981 ἀλλὰ
2621 2926 2716 2980 καὶ
2762 2925 3003 2992 εὐγενεῖς
3033 2940 3179 2987 τινες
3223 2923 3464 2994 ἄνδρες,
3499 2918 3657 2991 παρὰ
3685 2917 3742 2968 τὸ

2137 3023 2418 3090 προσῆκον
2451 3018 2777 3080 ἅπαν-ὅντες
2817 3018 2940 3078 τότε
2990 3015 3115 3069 καθ’
3153 3017 3342 3085 ἡμῶν,
3382 3014 3685 3078 ὲάλωσανξο
3714 3007 3741 3060 ὃ

2138 3116 2202 3185 δὴ
2235 3113 2330 3167 καὶ
2379 3113 2609 3180 παρεῖχε
2642 3107 2971 3176 θαυμάζειν.
3029 3107 3366 3160 Τοὺναντίον
3413 3105 3532 3175 γὰρ
3575 3101 3740 3171 ἐχρῆν

439 3199 517 3268 pti
543 3209 694 3253 sunt.
729 3199 898 3253 Plane
925 3214 1049 3252 vero
1074 3215 1234 3254 secus
1259 3198 1570 3268 oportebat,
1601 3200 1876 3279 multisde
1902 3215 2031 3254 cau-

2137 3205 2352 3260 πολλῶν
2379 3203 2564 3256 ἕνεκα.
2599 3199 2806 3264 Τίνωνς
2842 3198 3222 3269 Προσήκοντες
3249 3191 3406 3266 ἦσαν
3440 3194 3584 3267 ἡμῖν
3618 3187 3737 3241 καθ’

443 3289 542 3345 sis.
567 3287 703 3344 Nam
740 3303 840 3344 uos
893 3289 1156 3358 sanguine
1197 3291 1620 3358 contingebant;
1662 3306 1756 3346 eos
1778 3292 2031 3345 demeru-

442 3399 692 3447 eramus,
720 3398 843 3437 cum
903 3382 981 3437 illi
1007 3384 1220 3452 priores
1254 3383 1389 3437 nihil
1433 3383 1840 3450 contulissent;
1874 3397 2033 3438 acce-

444 3487 639 3544 perant
672 3490 780 3530 non
814 3475 1062 3530 modicos
1099 3475 1339 3530 honores
1370 3491 1385 3540 ;
1412 3477 1558 3530 ultro
1593 3492 1652 3531 se
1687 3483 2031 3531 sacremento

443 3568 878 3632 obstrinxerant,
909 3568 1069 3637 cujus
1100 3568 1421 3638 religionem
1456 3569 1626 3622 etiam
1663 3568 1830 3622 homo
1882 3566 2031 3621 l'erus

446 3669 760 3715 revereatur
797 3675 860 3714 ac
889 3660 1015 3714 velit
1040 3659 1342 3730 integram:
1373 3659 1729 3724 oﬂ'enderant,
1749 3674 1873 3713 cum
1899 3658 2033 3712 nihil

445 3751 682 3807 fuissent
708 3751 858 3818 laesi;
890 3767 988 3821 pro
1012 3766 1077 3806 eo
1110 3761 1170 3806 ut
1202 3752 1398 3806 darent
1456 3767 1674 3821 pmnas,
1707 3765 1832 3804 cum
1870 3749 2058 3803 nobis-

446 3853 592 3901 esset
622 3844 677 3899 in
706 3852 958 3915 promptu
1001 3843 1225 3910 ulcisci,
1270 3843 1537 3897 auxilium
1573 3843 1758 3914 potius
1786 3841 2034 3898 secundo

453 3946 837 4007 impetrat-ant,
869 3952 937 3992 eo
969 3938 1050 3994 eis
1089 3936 1231 3991 bello
1279 3935 1504 4002 infesto,
1570 3950 1680 4004 quo
1718 3951 1843 3990 cum
1874 3933 2036 4003 paulo

450 4039 596 4099 post,
635 4030 782 4085 bello
823 4030 877 4083 in
915 4045 1019 4085 nos
1049 4028 1310 4092 conﬂato,
1339 4028 1564 4096 turpeid
1590 4029 1734 4081 factu
1763 4042 1828 4080 ac
1856 4034 2032 4091 atrox,

449 4135 646 4177 manus
705 4120 908 4174 auxilio
952 4120 1277 4188 junxerunt.
1329 4117 1497 4172 Plane
1566 4131 1745 4186 Operae
1798 4117 2036 4186 pretium

450 4221 592 4276 erat,
622 4221 683 4267 ut
702 4221 757 4266 et
789 4210 955 4264 vitam
989 4210 1161 4265 nostri
1221 4223 1386 4263 causa
1422 4196 1782 4277 spernerent;
1817 4207 1855 4260 ii
1885 4221 2037 4274 vero,

453 4321 577 4361 cum
603 4304 675 4358 ita
705 4317 887 4373 opera:
917 4302 1152 4372 pretium
1180 4310 1346 4364 esset,
1379 4300 1516 4354 nihil
1544 4299 1812 4366 ejusmodi
1843 4301 1896 4352 in
1923 4298 2041 4352 ani-

454 4394 606 4450 mum
633 4395 975 4457 indecentes,
995 4393 1132 4448 nihil
1159 4392 1265 4448 nisi
1290 4408 1466 4463 nugas
1487 4393 1672 4446 omnia
1697 4391 2034 4461 cogitabant,

458 4505 587 4544 cum
618 4488 702 4541 vir
728 4488 967 4557 quisque
1004 4487 1248 4555 sapiens,
1287 4501 1354 4540 ne
1391 4486 1677 4539 minimum
1707 4485 1837 4553 quid
1872 4485 2042 4554 negli-

459 4583 697 4653 gendum
750 4563 1041 4649 potaturus
1090 4585 1256 4634 esset.
1318 4576 1615 4642 Caeterum,
1665 4579 1752 4632 cui
1794 4577 2034 4646 plurium
2070 4565 2113 4618 ῐ)

460 4674 716 4738 aliorum,
751 4685 1055 4741 eorumque
1085 4669 1354 4739 majorum
1388 4683 1452 4724 ac
1479 4668 1780 4724 clariorum
1807 4678 2042 4739 tropaeo-

461 4782 583 4822 rum
607 4764 949 4829 accessione,
973 4763 1078 4816 hoc
1104 4775 1345 4831 quoque,
1365 4761 1708 4831 splendidum
1734 4760 1866 4815 illud
1897 4761 2044 4816 exci-

463 4871 634 4915 latum
695 4867 867 4917 esset.
903 4855 1142 4924 ingenue
1166 4867 1232 4907 ac
1263 4852 1551 4907 clementia
1588 4852 1696 4908 illis
1717 4862 1900 4920 utens,
1935 4852 2036 4907 do-

464 4969 614 5008 mum
638 4952 789 5006 abire
819 4948 1105 5020 permisit;
1166 4960 1480 5016 quanquam
1538 4945 1671 5000 nihil
1703 4947 1840 5016 grati
1872 4945 2038 4999 animi

466 5052 824 5100 monumento
863 5041 934 5096 ab
960 5041 1041 5096 eis
1089 5049 1446 5108 accepturum
1482 5048 1746 5108 speraret.
1783 5037 2047 5104 Quamvis

467 5138 613 5192 enim
640 5152 707 5190 ex
732 5135 800 5190 iis
831 5149 952 5203 quae
979 5131 1369 5202 pracesissent
1399 5131 1542 5184 haud
1568 5131 1797 5186 obscura
1826 5129 2044 5184 futuro-

467 5243 590 5284 rum
643 5225 796 5280 notio
855 5223 1178 5286 haberetur,
1243 5222 1332 5277 ille
1385 5222 1742 5277 nihilominus
1790 5236 1820 5273 a
1851 5230 2043 5274 natura

468 5330 846 5390 comparatum
874 5317 1105 5379 habens,
1139 5325 1200 5370 ut
1235 5316 1416 5371 bonus
1443 5325 1623 5381 esset,
1655 5315 1800 5370 haud
1835 5313 1937 5367 sibi
1965 5311 2045 5366 l'a-

468 5414 653 5470 ciebat
686 5411 844 5476 satis,
871 5408 980 5464 nisi
1003 5408 1154 5478 ipsos
1185 5424 1403 5480 quoque
1433 5409 1620 5464 hostes
1647 5410 2042 5461 demereretur.

471 5505 865 5574 Quamobrem,
901 5502 1005 5557 etsi
1051 5503 1328 5558 anteriora
1358 5502 1570 5572 liquido
1609 5501 1795 5555 futura
1840 5498 2047 5553 indica-

474 5609 615 5666 rent,
643 5599 762 5669 ipse
792 5606 972 5651 tamen
1034 5595 1087 5650 id
1134 5596 1312 5650 solum
1363 5595 1647 5665 spectabat
1693 5591 1840 5662 quod
1881 5591 2047 5645 hone-

474 5703 618 5748 stum
650 5697 818 5756 esset,
845 5703 911 5744 ac
950 5703 1019 5743 ne
1067 5703 1128 5743 re
1168 5688 1275 5742 ulla
1305 5702 1336 5741 a
1365 5687 1567 5741 decoro
1597 5682 1904 5738 decederet.
1939 5681 2046 5736 Eos

475 5796 641 5854 porro
665 5784 783 5853 -qui
835 5781 964 5838 boni
1015 5796 1141 5836 esse
1181 5789 1493 5843 renuereut,
1554 5779 1779 5832 timebat
1822 5775 2043 5844 quidem

475 5891 640 5947 quam
673 5875 985 5938 minimum,
1005 5887 1168 5945 quam
1198 5854 1434 5928 maxime
1455 5869 2044 5945 autemmiserabatur.

2132 3297 2276 3370 αἷμα
2300 3313 2315 3328 ⁸
2348 3294 2408 3350 εὖ
2442 3293 2748 3348 πεπόνθασι
2780 3291 2910 3362 παρ’
2941 3290 3123 3360 ἡμῶν,
3159 3289 3340 3358 μηδὲν
3373 3295 3740 3362 προεισενεγ-

2133 3394 2327 3453 κόντες
2353 3404 2366 3420 ⁸
2393 3388 2562 3457 τιμῆς
2588 3385 2908 3439 ἀπέλαυσαν
2937 3383 2996 3435 οὐ
3028 3382 3270 3451 σμικρᾶς
3295 3397 3309 3409 ·
3344 3380 3556 3450 ὅρκους
3587 3376 3739 3428 ἐκου-

2136 3485 2285 3546 σίους
2325 3481 2628 3550 παρέσχον,
2659 3477 2754 3542 οὓς
2779 3476 2886 3534 κᾶν
2911 3475 3052 3544 ἀνὴρ
3079 3475 3346 3542 ἀγροῖκος
3387 3465 3737 3540 ὀμωμοκὼς,

2133 3573 2336 3647 ᾐδέσθη
2360 3588 2418 3624 τε
2438 3569 2755 3633 διαπαντὸς,
2777 3567 2872 3621 καὶ
2895 3566 3220 3636 διετήρησεν
3243 3562 3506 3632 ἀκριϐῶς
3531 3576 3548 3592 ο
3567 3573 3739 3626 προσ-

2135 3667 2525 3738 κεκρούκασιν,
2563 3663 2891 3734 ἠδικημένοι
2920 3661 3042 3732 μηδ’
3071 3657 3278 3712 ὁτιοῦν.
3317 3659 3478 3710 ’Δντὶ
3530 3653 3630 3706 τοῦ
3662 3648 3738 3702 δί-

2135 3780 2240 3833 κην
2270 3759 2479 3824 δοῦναι,
2521 3757 2720 3826 παρὸν,
2771 3757 2819 3810 οἱ
2849 3755 2906 3806 δὲ
2932 3755 3026 3806 καὶ
3075 3751 3334 3823 βοηθείας
3369 3745 3538 3811 αὖθις
3580 3742 3737 3833 £367-

2137 3826 2301 3923 χανον
2327 3847 2459 3919 παρ’
2503 3847 2684 3918 ἡμῶν,
2727 3846 2818 3898 ὑπ’
2847 3843 3058 3898 ἐκείνου
3113 3840 3554 3910 πολεμούμενοι,
3598 3826 3644 3901 ᾧ
3670 3847 3732 3898 γε

2142 3944 2338 4015 μικρὸν
2373 3941 2599 4010 ὕστερον
2632 3937 2758 3992 καθ’
2788 3936 2944 4007 ἡμῶν
2983 3935 3358 4005 συνεμάχουν,
3412 3927 3647 3999 αἰσχρόν
3669 3939 3730 4015 τι

2138 4013 2233 4089 καὶ
2260 4033 2474 4086 ἀνόσιον
2522 4031 2667 4101 μάλα
2707 4027 2970 4100 δρῶντες.
3015 4026 3166 4079 Ἔδει
3199 4026 3298 4089 μὲν
3329 4024 3447 4094 γὰρ
3499 4018 3598 4072 καὶ
3632 4013 3728 4082 τῆς

2140 4128 2284 4197 ζωῆς
2316 4125 2459 4194 ὑπὲρ
2487 4124 2646 4194 ἡμῶν
2676 4111 2879 4184 αὐτοὺς
2909 4120 3202 4188 ἁλογῆσαι,
3251 4118 3455 4171 τούτου
3488 4113 3690 4182 δεῆσαν
3713 4121 3729 4136 ’

2140 4221 2190 4272 οἱ
2220 4219 2300 4284 δὲ,
2337 4218 2527 4288 μηδὲν,
2558 4215 2634 4278 ὡς
2665 4214 2830 4278 ἔοικε,
2866 4212 3147 4284 προσῆκον
3179 4208 3616 4279 ἐνθυμηθέντες,
3645 4198 3734 4252 οὐ·

2141 4313 2230 4366 δὲν
2270 4311 2501 4382 ἢλῆρον
2545 4310 2726 4363 πάντα
2771 4305 3066 4375 ἐνόμισαν·
3102 4297 3178 4356 ὧν
3220 4303 3316 4354 καὶ
3354 4297 3730 4373 σμικρότατον

2141 4404 2243 4457 οὐκ
2275 4403 2343 4456 ἂν
2377 4399 2717 4470 ὑπεροπτέον
2767 4397 2946 4451 ἐδόκει
2974 4396 3082 4451 οὐδ’
3113 4393 3318 4464 ὁτῳοῦν
3365 4392 3499 4445 νοῦν
3530 4389 3728 4457 ἔχοντι.

2155 4493 2296 4549 Ἀλλ’
2330 4487 2374 4562 ᾧ
2405 4493 2501 4548 καλ⁹
2529 4491 2691 4545 τοῦτο
2724 4493 2784 4542 τὸ
2813 4488 3069 4558 λαμπρὸν
3116 4487 3242 4556 έστη
3283 4485 3560 4554 τρόπαιον
3594 4475 3728 4544 πρὸς

2143 4588 2360 4651 πολλοῖς
2404 4586 2498 4640 καὶ
2527 4584 2744 4654 μείζοσι
2771 4583 2866 4634 καὶ
2904 4579 3184 4633 καλλίοσιν
3223 4576 3457 4642 ἑτέροις,
3491 4565 3727 4638 εὐγενῶς

2141 4679 2236 4731 καὶ
2268 4676 2674 4745 φιλανθρώπως
2723 4673 2910 4736 αὐτοῖς
2956 4670 3332 4742 χρησάμενος,
3385 4663 3574 4718 οἴκαδε
3605 4655 3727 4712 τοὺ-

2141 4786 2268 4832 τους
2300 4769 2483 4822 εἴασεν
2532 4764 2815 4829 ἀπελθεῖν,
2849 4764 3030 4818 καίτοι
3085 4761 3254 4833 μηδὲν
3304 4757 3550 4820 ἐλπίζων
3598 4747 3724 4818 παρ’

2144 4858 2327 4913 αὐτῶν
2357 4856 2648 4925 εὔγνωμον
2695 4847 3104 4924 ἀπολήψεσθαι.
3138 4852 3197 4904 El
3225 4850 3337 4921 γὰρ
3381 4850 3482 4902 καὶ
3506 4845 3568 4897 τὸ
3601 4837 3725 4910 μέλ-

2141 4951 2236 5003 λον
2267 4948 2434 5017 σαφὲς
2477 4947 2696 5018 ὑπῆρχε
2743 4947 2857 5010 τοῖς
2894 4945 2997 5014 ἢδη
3041 4942 3484 5012 πεπραγμένοις,
3532 4929 3666 4987 ἀλλά
3696 4927 3721 4978 ὅ

2143 5041 2402 5111 πεφυκὼς
2435 5039 2641 5108 ἀγαθὸς
2691 5033 2834 5092 εἶναι
2879 5037 2981 5091 οὐκ
3011 5037 3224 5112 ἠγάπα,
3256 5035 3304 5086 εἰ
3346 5034 3422 5102 μὴ
3473 5027 3568 5082 καὶ
3599 5022 3719 5080 τοὺς

2145 5135 2375 5206 ἐχθροὺς
2401 5132 2460 5186 εὖ
2497 5131 2767 5202 ποιήσειε.
2799 5128 2910 5183 Καὶ
2936 5129 3025 5182 διὰ
3053 5125 3236 5190 τοῦτο,
3269 5125 3380 5177 τῶν
3426 5113 3719 5190 προλαϐόν-

2146 5245 2256 5280 των
2291 5225 2480 5295 σαφῶς
2524 5222 2831 5291 δηλούντων
2857 5221 3007 5282 ὅπως
3035 5218 3193 5271 ἔσται
3241 5216 3308 5270 τὰ
3356 5212 3477 5285 μετ’
3521 5208 3714 5295 ὲκεῖνᾳ,

2148 5316 2357 5380 ἐκεῖνός
2377 5292 2388 5295 -
2410 5332 2473 5383 γε
2507 5314 2645 5382 πρὸς
2675 5313 2837 5381 μόνον
2876 5309 3072 5363 ἔϐλεπε
3099 5308 3164 5361 τὸ
3215 5307 3402 5372 καλὸν,
3435 5304 3530 5357 καὶ
3577 5297 3628 5349 τί
3655 5292 3714 5346 ἂν

2150 5410 2388 5479 πράξας,
2421 5407 2497 5478 μὴ
2529 5403 2858 5474 παρεξέλθοι
2890 5401 2986 5456 τοῦ
3017 5418 3081 5466 γε
3110 5400 3472 5470 καθήκοντος.
3501 5391 3636 5448 Tati;
3659 5397 3712 5434 τε

2148 5504 2248 5552 οὐκ
2276 5497 2560 5558 ἐθέλοντας
2595 5495 2835 5563 ἀγαθοὺς
2872 5488 3013 5546 εἶναι
3040 5491 3230 5544 ἐδεδίει
3262 5491 3360 5558 μὲν
3382 5489 3456 5550 ὡς
3493 5485 3707 5554 ἥκιστα,

2146 5592 2294 5662 mea:
2327 5591 2382 5644 δὲ
2415 5590 2492 5652 ὠς
2542 5589 2803 5658 μάλιστα.
2848 5585 3038 5638 Βίαιον
3083 5583 3192 5652 γάρ
3234 5599 3288 5635 τι
3341 5581 3403 5634 τδ
3436 5569 3709 5662 πεφυκᾷς⁶

2151 5660 2256 5737 κᾶν
2283 5685 2462 5736 έκεῖνο
2495 5681 2632 5751 πρός
2658 5697 2710 5732 τι
2746 5677 3016 5750 καθέλκῃ,
3045 5677 3105 5728 οὐ
3142 5675 3371 5728 δύναταί
3399 5688 3483 5733 τις
3524 5660 3708 5738 ῥᾳδίως

2153 5774 2534 5830 ἀνθίστασθαι.
2574 5773 2812 5825 Ἐκεῖνον
2862 5769 2918 5821 δὲ
2969 5768 3030 5821 τὸ
3085 5753 3332 5835 πεφυκὸς
3378 5765 3459 5825 είς
3518 5751 3708 5825 ἀγαθὸν

2153 5862 2322 5934 εἷλκε,
2357 5864 2451 5920 καὶ
2507 5866 2718 5935 προσῆν
2762 5865 2795 5934 ἡ
2831 5860 2924 5915 τοῦ
2962 5858 3234 5932 βελτίονος
3271 5857 3407 5923 ἕξις.
3440 5853 3628 5921 Ἄμφω
3652 5840 3704 5892 δὲ
