4060 6590
327 431 446 497 217

1131 431 1529 490 THEODORI
1576 429 1935 491 DESPOTAE
1977 430 2369 492 LAUDATIO
2400 436 2814 496 FUNEBRIS.

3495 431 3612 498 218

331 543 501 596 ταυτὶ
544 540 1051 610 συνδεδραμτκότα,
1087 545 1338 611 κατεῖχεν
1367 541 1613 610 ἀκριϐῶς
1662 543 1719 594 ὲν
1747 541 1826 610 τῷ
1862 537 1921 594 εὖ
1954 547 1972 603 1

2059 541 2159 598 iam
2220 556 2415 601 natura
2456 549 2588 618 quid
2651 549 2952 602 violentum
2995 557 3112 612 est;
3147 561 3244 600 nec
3272 555 3329 600 ut
3361 548 3484 616 quis
3509 545 3615 600 ali-

339 635 529 687 ποιεῖν
564 635 776 694 πάντας
816 632 1124 702 βούλεσθαι.

2035 652 2145 704 quo
2170 639 2296 692 velit
2322 641 2559 702 trahere,
2583 641 2638 693 in
2666 640 2952 695 adversam
2979 650 3184 710 partem
3215 639 3372 692 facile
3393 637 3615 721 inflexe-

336 730 436 792 rit,
481 730 758 784 Trahehat
811 730 902 784 illa
937 732 988 784 in
1017 733 1238 794 bonum,
1286 731 1474 801 illique
1517 729 1637 799 ejus
1659 731 1905 802 ponderi,
1937 734 2179 788 melioris
2212 736 2431 791 habitus
2461 738 2686 793 cumulo
2767 737 3084 802 accedebat,
3139 751 3262 805 qua
3322 735 3482 789 ambo
3536 738 3617 797 sic

338 833 627 887 conserta,
679 824 734 878 in
767 827 1044 894 proposito
1101 825 1417 880 demerendi
1467 840 1658 880 onmes
1686 824 1923 894 perfecte
1964 828 2244 884 tenebant.

420 919 557 988 Περὶ
591 919 648 971 δὲ
679 919 792 972 τῶν
827 919 1326 990 αὐτομολησάντων
1376 921 1454 982 είς
1495 922 1623 983 τούς
1668 921 1919 991 ἐχθροὺς,

339 1011 444 1064 καὶ
480 1011 622 1080 μετὰ
647 1010 760 1064 τῶν
788 1011 970 1064 λύκων
999 1014 1075 1075 ὡς
1105 1015 1282 1065 εἰπεῖν
1311 1014 1640 1081 γενομένων,
1682 1013 1776 1066 καὶ
1804 1015 1926 1067 ἐπι-

341 1102 671 1170 θυμούντων
704 1102 808 1170 μὲν
852 1104 1061 1156 ἐσθίειν
1091 1103 1190 1166 τὰς
1230 1105 1338 1156 τῶν
1367 1103 1658 1172 ὁμοφύλων
1689 1105 1923 1174 σάρκας,

2093 924 2234 990 Quid
2266 927 2546 982 enimvero
2607 927 2675 982 de
2705 927 2771 982 iis
2803 927 2988 981 dicere
3028 933 3260 995 spectat.
3291 924 3380 993 qui
3416 925 3480 978 ad
3516 924 3616 977 ho-

2025 1023 2188 1074 stium
2251 1031 2429 1074 castra
2486 1023 2878 1092 perfugiSsent.
2941 1036 3004 1074 ac
3046 1037 3167 1072 cum
3224 1020 3392 1086 lupis.
3449 1028 3507 1072 ut
3540 1019 3614 1073 ita

2027 1112 2227 1178 dicam,
2252 1127 2626 1179 versarentur,
2667 1115 2758 1184 qui
2824 1116 3044 1181 quidem
3082 1113 3366 1183 gentilium
3393 1127 3616 1184 suorum

344 1193 644 1246 ἐσθιόντων
697 1194 756 1247 δὲ
786 1195 885 1256 τὰς
923 1195 1084 1260 ίδίας,
1117 1195 1169 1248 τί
1210 1196 1275 1251 ἄν
1323 1213 1411 1259 τις
1454 1197 1646 1263 λέγοι;
1705 1197 1933 1266 Μακρὸν

2059 1218 2232 1256 :arnes
2272 1205 2562 1258 comedere
2613 1214 2900 1274 cuperent.
2954 1220 3190 1271 suasque
3224 1203 3326 1272 ipsi
3363 1204 3619 1255 enmede-

351 1285 624 1340 τάκείνων
675 1286 1006 1353 διεξελθεῖν⁸
1042 1287 1138 1340 καὶ
1183 1287 1393 1357 βέλτιον
1438 1288 1615 1342 ταῦτα
1649 1288 1931 1358 παραδρα-

2039 1296 2193 1348 rent?
2215 1295 2493 1350 Prolixum
2524 1307 2668 1351 esset
2700 1298 2766 1350 ab
2786 1299 2866 1351 eis
2890 1306 3197 1366 perpetrata
3231 1295 3456 1372 referre,
3481 1310 3622 1361 pra:-

351 1381 482 1448 μεῖν
505 1379 649 1449 ἢπερ
676 1380 1016 1434 ἐπιτίθεσθαι
1043 1383 1380 1454 μελαγχολίᾳ
1405 1385 1701 1453 νοσήσασιν
1726 1384 1820 1436 ἀνθ
1833 1383 1936 1452 ρῶ-

2059 1396 2257 1456 ιιιιιψιθ
2311 1387 2585 1453 omittere,
2615 1403 2781 1457 quam
2837 1389 2915 1443 sic
2962 1398 3078 1441 atra
3116 1388 3222 1441 bile
3247 1377 3624 1441 laborantibus

349 1485 508 1533 ποις.
543 1469 721 1533 Ὂλως
763 1471 840 1535 δὲ,
872 1471 1031 1541 είπερ
1059 1472 1120 1524 οὐ
1165 1473 1330 1526 καλὸν
1373 1469 1440 1542 ἧν
1470 1473 1706 1530 ἐκείνοις
1739 1473 1806 1525 τὰ
1833 1472 1934 1523 κάξ

351 1577 521 1614 κιστα
549 1561 896 1631 δεδρακέναι,
947 1564 1072 1616 οὐδὲ
1103 1564 1229 1630 ἐμοὶ
1268 1564 1445 1634 δήπου
1481 1564 1745 1634 φέρεσθαι
1794 1565 1936 1618 κατὰ

316 1647 466 1723 ’τῶν
497 1653 824 1722 ἀνθρώπων.
873 1655 1014 1724 Ἐρῶ
1057 1655 1139 1720 δὲ,
1173 1657 1228 1708 τί
1255 1655 1315 1707 τὸ
1347 1659 1540 1708 πεῖσαν
1575 1654 1774 1717 αὐτοὺς
1809 1655 1936 1707 καθ’

350 1749 390 1816 ἡ
402 1747 521 1815 μῶν
550 1746 944 1814 θρασύνεσθαι,
995 1747 1164 1816 μηδὲν
1195 1748 1451 1816 ἐγκαλεῖν
1491 1748 1717 1816 ἔχοντας
1744 1785 1759 1810 ,
1807 1746 1841 1815 ἢ
1876 1746 1939 1798 τὸ

356 1838 440 1908 μὴ
470 1838 649 1891 θέλειν
679 1837 948 1908 ἄρχεσθαι
981 1839 1070 1906 ὑφ’
1101 1835 1161 1892 οὗ
1194 1856 1258 1907 γε
1285 1838 1498 1892 δίκαιον
1530 1834 1620 1909 ἧν.

437 2027 586 2080 Ἴστε
632 2041 740 2078 που
787 2025 878 2076 τὸν
917 2024 1136 2094 Πέρσην
1191 2027 1420 2089 ἐκεῖνον,
1452 2025 1545 2078 τὸν
1595 2026 1937 2098 ῐῙαγιαζίτην

356 2121 528 2187 λέγω,
559 2119 652 2172 τδν
694 2119 889 2180 Ἀσίας
921 2118 1181 2188 ἄρχοντα,
1216 2121 1306 2173 τὸν
1333 2120 1604 2190 Εὐρώπης
1641 2122 1852 2190 κύριον,
1883 2123 1940 2187 ὃς

357 2211 640 2280 ἀφόρητός
661 2229 748 2274 τις
769 2211 866 2275 ὢν,
895 2211 1017 2264 οὐδὲ
1047 2211 1283 2280 φορητὸν
1312 2213 1521 2282 ἡγεῖτο,
1556 2213 1794 2282 ἄρχοντά
1817 2231 1941 2267 τινα

357 2302 697 2374 Χριστιανὶν
740 2302 1130 2373 ὀνομάζεσθαι.
1172 2302 1344 2365 Οὗτος
1380 2302 1449 2374 ἦν
1492 2306 1526 2374 ἡ
1566 2303 1773 2357 τούτων
1809 2305 1943 2374 θρα-

362 2395 536 2464 σύτης
557 2411 572 2426 ο
605 2395 800 2448 τούτου
826 2399 894 2467 τῇ
925 2396 1151 2464 δυνάμει
1180 2396 1534 2466 θαρροῦντες,
1570 2396 1667 2452 καλ⁵
1709 2400 1846 2468 πρός
1879 2415 1943 2466 γε

361 2485 446 2541 ἔτι
475 2489 542 2556 τῇ
573 2486 875 2559 δυσμενείᾳ
911 2488 1024 2541 τῶν
1069 2488 1461 2554 γειτονούντων
1492 2493 1626 2561 ἡμῖν
1672 2493 1942 2560 Λατίνων,

362 2583 479 2644 τοῖς
530 2582 653 2635 καθ’
691 2581 852 2649 ἡμῶν
905 2583 1226 2652 ἐπεχείρουν
1253 2597 1268 2613 ·
1302 2583 1437 2636 ἀλλὰ
1477 2583 1584 2653 μὴν
1637 2585 1734 2639 καὶ
1783 2580 1941 2649 οὗτος

365 2671 534 2734 αὐτὸς
581 2673 608 2724 ὀ
661 2672 1099 2740 δυσμενέστατος
1154 2674 1280 2745 θὴρ,
1315 2675 1655 2748 ἀμφοτέροις
1701 2677 1942 2748 θαρρῶν,

364 2763 484 2825 τοῖς
516 2762 676 2831 ἡμῶν
721 2763 948 2816 ἐπέθετο
981 2764 1309 2834 πράγμασι·
1343 2768 1438 2819 καὶ
1469 2765 1687 2837 θατέρῳ
1717 2768 1949 2836 θάτερον

374 2854 540 2923 μέρος
571 2855 664 2906 καὶ
704 2855 965 2923 ἡκονᾶτο,
997 2857 1092 2908 καὶ
1120 2857 1474 2928 παρωξύνετο
1517 2861 1657 2912 κατά
1683 2861 1810 2922 τούς
1839 2859 1949 2911 τῶν

369 2947 574 3016 χοίρων
605 2947 847 3010 ὀδόντας.

444 3032 571 3090 Εἶεν
589 3038 602 3053 ⁸
628 3036 964 3106 βούλομαικᾶ
988 3038 1218 3092 καθόλου
1245 3041 1401 3108 λόγον
1423 3042 1615 3105 εἰπεῖν,
1681 3043 1772 3095 τὸν
1803 3043 1951 3097 δεῖνα

373 3129 472 3182 καὶ
492 3127 583 3181 τὸν
611 3129 762 3182 δεῖνα
791 3131 1170 3202 παραδραμών
1191 3147 1206 3163 ο
1240 3134 1383 3202 φημὶ
1416 3131 1500 3203 δὴ,
1541 3134 1668 3197 τοὺς
1719 3135 1954 3204 αὐτομο-

371 3221 604 3283 λοῦντας
656 3221 1020 3291 Χριστιανοὺς
1063 3225 1306 3277 τουτοισὶ
1332 3227 1449 3288 τοῖς
1483 3225 1608 3278 καθ’
1638 3226 1796 3296 ἡμῶν
1822 3227 1952 3280 ἀσε-

2041 1478 2578 1535 insultare.Prorsus
2603 1494 2730 1534 vero
2764 1487 2824 1533 ut
2849 1495 3024 1549 neque
3058 1480 3135 1534 illi
3165 1495 3346 1548 opera:
3383 1480 3618 1547 pretium

2046 1571 2315 1625 habebant
2341 1572 2578 1640 pessima
2618 1582 2861 1642 patrare,
2902 1574 2983 1626 sic
3026 1588 3122 1628 nec
3153 1588 3253 1640 ego
3301 1565 3529 1624 habeam
3565 1578 3625 1624 ut

2047 1665 2102 1719 in
2134 1666 2258 1721 illos
2281 1665 2450 1720 ferar.
2512 1665 2698 1721 Dicam
2754 1682 2906 1731 vero,
2965 1667 3112 1720 unde
3161 1665 3252 1719 ille
3299 1664 3380 1717 eis
3404 1657 3622 1717 animus

2047 1758 2362 1821 coaluisset,
2413 1767 2472 1812 ut
2522 1759 2578 1812 in
2638 1772 2740 1812 nos
2790 1758 2864 1810 ita
2914 1757 3334 1819 insolescerent,
3371 1755 3463 1824 qui
3489 1753 3624 1808 nihil

2051 1849 2453 1904 criminandum
2510 1850 2798 1912 haberent,
2859 1865 3021 1918 quam
3064 1847 3209 1917 quod
3246 1846 3458 1926 nollent
3504 1847 3626 1915 eius

1960 1937 2000 1992 Β
2030 1943 2188 1996 subdi
2215 1943 2465 2012 imperio,
2499 1944 2587 1998 cui
2622 1943 2752 2014 jure
2779 1942 2978 1997 subditi
3006 1949 3210 1996 essent.

2120 2033 2284 2088 Scitis
2307 2035 2463 2103 plane
2491 2035 2711 2088 Persam
2746 2034 2897 2087 illum
2919 2073 2932 2095 ,
2970 2033 3278 2097 Bajazetem
3310 2029 3462 2093 dico,
3485 2026 3628 2082 Asiae

2048 2125 2431 2193 imperantem,
2493 2140 2558 2178 ac
2597 2125 2829 2193 Eumpze
2882 2124 3165 2178 dominum
3195 2161 3209 2184 ,
3265 2130 3326 2174 ut
3351 2119 3534 2190 gravis
3564 2134 3630 2172 ac

2048 2218 2412 2272 intolerabilis
2435 2218 2726 2283 exsistens,
2745 2233 2814 2272 ne
2841 2216 3122 2271 ferendum
3147 2211 3371 2282 quidem
3397 2211 3450 2264 in
3473 2209 3633 2265 Chrio

2050 2311 2242 2365 stianis
2309 2310 2568 2378 principis
2612 2326 2808 2364 nomen
2855 2316 3094 2379 putaret.
3133 2304 3230 2360 Hic
3254 2306 3364 2359 illis
3393 2303 3628 2359 addebat

2052 2400 2285 2455 animos.
2322 2400 2450 2467 Ejus
2482 2400 2601 2454 freti
2639 2400 3017 2470 potentia.nec
3046 2413 3155 2452 non
3185 2397 3491 2450 vicinorum
3526 2409 3630 2447 no-

2052 2491 2138 2545 bis
2165 2491 2484 2546 Latinorum
2520 2493 2704 2547 hostili
2741 2491 2959 2546 feritate
2985 2531 2999 2554 ,
3037 2491 3239 2544 nostris
3268 2489 3632 2542 imminebant

2052 2585 2219 2638 rebus
2252 2603 2266 2639 :
2303 2585 2393 2639 sed
2435 2595 2486 2639 et
2519 2583 2792 2638 ferissima
2828 2582 3006 2638 bellua
3034 2582 3284 2650 utrisque
3345 2580 3541 2641 fidens,
3572 2577 3629 2631 in

2057 2693 2161 2732 nos
2199 2678 2528 2742 invadebat;
2588 2678 2870 2746 ambteque
2900 2684 3106 2745 partes,
3138 2682 3347 2743 partem
3378 2671 3631 2736 alteram,

2060 2767 2396 2836 ringentium
2430 2781 2720 2837 porcorum
2755 2781 2927 2832 more,
2962 2764 3202 2820 vicissim
3263 2762 3538 2817 acuebant
3568 2774 3632 2814 ac

2058 2858 2371 2913 irritabant.

2131 3041 2223 3096 Sic
2253 3055 2381 3094 vero
2423 3023 2587 3094 habet
2616 3040 2809 3109 (porro
2865 3039 3014 3093 lubet
3069 3039 3320 3092 universe
3347 3036 3549 3099 dicere,
3577 3043 3636 3090 ut

2060 3141 2378 3203 praeteream
2404 3130 2707 3201 singulos);
2744 3130 2935 3196 habet,
2967 3129 3215 3198 inquam,
3242 3135 3300 3181 ut
3333 3125 3635 3181 Christiani

2062 3227 2116 3280 in
2151 3225 2451 3279 infidelium
2496 3221 2656 3276 nobis
2689 3221 2922 3275 hostium
2957 3221 3153 3275 castris
3188 3217 3428 3286 perfuga:
3473 3211 3638 3284 liqui-

374 3315 497 3366 ϐέσι
531 3285 852 3381 περιφανῶς
915 3315 1243 3382 μαίνεσθαι·
1280 3285 1483 3386 μᾶλλον
1531 3317 1588 3371 δὲ
1638 3285 1731 3373 καὶ
1779 3319 1953 3390 χείρω

2059 3319 2130 3373 do
2162 3318 2340 3372 insani
2375 3317 2506 3380 sint,
2543 3326 2706 3381 atque
2745 3313 2884 3367 adeo
2913 3313 2982 3366 iis
3006 3312 3281 3366 deteriora
3337 3306 3636 3378 agant,qui

376 3408 554 3460 ποιεῖν
584 3404 695 3458 τῶν
741 3405 1135 3476 βεϐλαμμένων
1179 3408 1278 3471 τὰς
1311 3410 1538 3478 φρένας.
1587 3410 1820 3464 Ἐκεῖνοι
1858 3411 1956 3481 μὲν

376 3501 510 3572 γὰρ,
539 3501 635 3552 ἐὰν
663 3499 758 3553 καὶ
789 3497 940 3568 ξίφος
981 3499 1166 3553 ὧσωσι
1197 3501 1321 3554 καθ’
1347 3503 1549 3568 αὐτῶν,
1583 3502 1708 3556 οὐτε
1738 3504 1836 3567 τὰς
1860 3505 1958 3556 αὐ-

375 3594 489 3646 τῶν
519 3592 699 3664 ψυχὰς
728 3593 993 3661 ἔϐλαψαν,
1021 3594 1114 3649 καὶ
1145 3593 1338 3664 μίσους
1364 3595 1463 3663 μὲν
1483 3595 1754 3664 οὐδαμῶς,
1773 3596 1958 3658 ἐλέους

377 3686 437 3738 δὲ
464 3686 616 3756 παρὰ
645 3687 756 3738 τῶν
784 3683 1041 3754 ὁρώντων
1068 3685 1288 3756 τύχοιεν
1315 3687 1382 3741 ἄν
1405 3701 1420 3716 θ
1451 3685 1677 3750 τούτους
1705 3687 1762 3741 δὲ
1789 3688 1958 3757 πολλὴ

378 3779 598 3850 ἀνάγκη
649 3779 804 3849 μῖσος
853 3778 998 3847 ἔχειν
1047 3779 1104 3833 ἑν
1151 3777 1546 3849 σωφρονοῦσιν,
1597 3767 1832 3834 ἐθελοντὶ
1861 3782 1960 3844 τὰς

379 3872 594 3926 ἑαυτῶν
615 3870 941 3940 μολύνοντας
958 3869 1137 3941 ψυχὰς
1165 3870 1256 3924 διὰ
1284 3870 1477 3923 πασῶν
1498 3871 1606 3924 τῶν
1633 3873 1956 3942 αίσθήσεων.

392 3964 759 4035 Ἐπιθυμοῦσι
782 3963 895 4034 γὰρ
921 3964 1121 4034 εὑρεῖν,
1154 3959 1228 4018 ὧν
1256 3963 1399 4034 ἕνεχ’
1427 3958 1562 4035 ἦκον
1585 3964 1646 4017 τδ
1677 3963 1958 4034 καταρχὰς

381 4062 464 4121 εἰς
501 4057 628 4120 τοὺς
679 4059 779 4125 τῆς
814 4056 1052 4118 πίστεως
1103 4054 1374 4126 ἐχθρούςο
1406 4050 1637 4108 πλοῦτόν
1682 4072 1740 4108 τε
1795 4055 1959 4124 λέγω,

383 4150 691 4216 καὶδόξαν,
719 4150 814 4204 καὶ
849 4149 950 4202 ὅσα
975 4166 1040 4218 γε
1089 4149 1168 4219 τῷ
1219 4149 1343 4218 τῇδε
1374 4149 1476 4219 βίῳ
1523 4148 1766 4218 τερπνὰ⁶
1815 4148 1963 4216 ἀμή-

381 4261 546 4314 χανον
579 4210 912 4296 ⁷δὲνστούτων
967 4210 1192 4312 τυχεῖν,
1374 4210 1539 4312 ,ἡδεῖς
1592 4210 1962 4312 φαινομένους

381 4337 636 4398 ἐκείνοις,
660 4336 812 4404 ,πρὸς
833 4333 927 4396 οὓς
951 4351 1014 4400 γε
1049 4335 1438 4404 ηὐτομόλησαν
1457 4350 1471 4365 ο
1504 4334 1648 4404 ἡδεῖς
1668 4333 1724 4388 δὲ
1752 4335 1962 4398 τούτοις

381 4427 673 4496 φαίνεσθαι
722 4427 782 4479 οὐ
831 4425 940 4478 τῶν
971 4425 1342 4495 ἐνδεχομένων
1393 4425 1530 4489 ἐστὶ,
1581 4425 1654 4495 μὴ
1693 4426 1963 4496 πρότερον

383 4524 600 4574 ἅπαντα
622 4516 1152 4589 διαπραττομένους,
1182 4511 1262 4578 οἷς
1280 4518 1479 4569 ἐκεῖνοι
1504 4517 1782 4586 χαίρουσι·
1806 4515 1965 4569 τοῦτο

2061 3409 2190 3464 lzeso
2219 3408 2449 3464 cerebro
2511 3415 2641 3462 sunt
2680 3405 2883 3460 insani.
2929 3404 3007 3458 llli
3040 3404 3280 3472 {quippe,
3325 3401 3409 3454 vel
3443 3399 3488 3455 si
3521 3399 3638 3466 gla-

2059 3503 2212 3556 dium
2243 3501 2298 3554 in
2328 3514 2386 3554 se
2416 3500 2658 3568 adigant,
2691 3498 2832 3552 nihil
2879 3506 3060 3551 tamen
3103 3494 3342 3550 laeserint
3385 3490 3635 3546 animas:

2059 3593 2374 3662 nullmnque
2397 3594 2518 3647 inde
2545 3591 2874 3646 contrahant
2908 3589 3121 3653 odium,
3148 3587 3240 3640 sed
3276 3585 3503 3639 multam
3539 3597 3639 3652 po-

2063 3688 2170 3741 tius
2228 3687 2638 3740 miserationem
2692 3683 3004 3738 videntibus
3058 3680 3299 3734 faciant:
3334 3693 3460 3732 cum
3498 3676 3632 3730 illos

2062 3778 2288 3832 omnino
2364 3791 2586 3832 necesse
2648 3775 2720 3829 sit
2778 3774 2918 3842 apud
2979 3772 3193 3827 sobrios
3230 3782 3480 3838 quosque
3531 3767 3637 3822 sibi

2064 3871 2248 3926 odium
2277 3871 2535 3933 conflare,
2572 3869 2662 3938 qui
2692 3876 2888 3936 sponte
2945 3883 3043 3936 per
3070 3879 3261 3919 sensus
3301 3876 3492 3916 omnes
3525 3861 3642 3913 aui-

2065 3977 2184 4015 mas
2222 3976 2351 4015 suas
2383 3959 2654 4028 polluant.
2689 3957 2762 4011 Ea
2803 3957 2948 4011 enim
2979 3954 3177 4024 oppido
3213 3954 3449 4022 cupiunt
3477 3952 3634 4004 inve-

2064 4057 2204 4119 nire,
2233 4069 2464 4125 quorum
2501 4067 2666 4107 causa
2698 4067 2726 4104 a
2760 4049 3036 4121 principio
3069 4046 3136 4100 ad
3169 4045 3292 4100 fidei
3327 4045 3513 4098 hostes
3547 4042 3642 4096 de-

2065 4147 2242 4202 fecere
2270 4164 2284 4212 ;
2321 4160 2514 4213 nempe
2562 4143 2804 4206 divitias,
2844 4149 2895 4195 et
2922 4140 3177 4209 gloriam,
3210 4153 3273 4191 ac
3299 4137 3345 4190 si
3375 4150 3481 4203 qua
3511 4142 3643 4187 sunt

2065 4239 2407 4295 delectabilia
2443 4238 2610 4307 hujus
2649 4236 2774 4290 vitae
2808 4253 2821 4288 :
2856 4233 2970 4287 fieri
3003 4241 3184 4284 autem
3211 4244 3315 4281 non
3345 4231 3544 4296 potest,
3583 4233 3642 4278 ut

2068 4334 2180 4387 htec
2259 4333 2326 4385 ab
2386 4331 2492 4384 illis
2539 4338 2974 4398 consequantur,
3033 4325 3136 4380 nisi
3193 4339 3251 4379 se
3303 4323 3373 4376 iis
3457 4329 3644 4390 gratos

2067 4439 2396 4492 componere
2466 4424 2750 4484 studeant,
2812 4421 2916 4476 nisi
2955 4418 3413 4490 praestentomnia
3439 4416 3642 4485 quibus

2067 4515 2142 4568 illi
2199 4513 2461 4582 gaudent;
2533 4513 2585 4564 id
2633 4521 2814 4566 autem
2889 4510 3035 4563 haud
3093 4507 3321 4561 omnino
3370 4505 3515 4558 aliud
3547 4505 3640 4564 sit.

380 4612 439 4664 δέ
480 4613 596 4663 ἐστι
633 4611 850 4670 πάντως
898 4607 1253 4680 βαρϐαρικῶς
1283 4625 1341 4660 τε
1388 4607 1511 4678 ζῇν,
1545 4609 1640 4660 καὶ
1685 4608 1969 4678 ἀθεμίτοις

2073 4621 2236 4674 quam
2271 4620 2425 4659 more
2465 4603 2680 4658 barbari
2731 4605 2936 4665 vivere.
3002 4617 3065 4656 ac
3097 4610 3292 4670 sponte
3325 4615 3384 4653 se
3415 4597 3642 4651 nefariis

381 4701 652 4770 πράξεσιν
686 4700 868 4753 ἑκοντὶ
919 4701 1018 4762 τὰς
1066 4698 1278 4752 ἑαυτῶν
1329 4698 1582 4766 μολύνειν
1629 4700 1830 4770 ψυχάς.
1863 4697 1966 4766 ,Τὰ

2072 4697 2385 4752 actionibus
2443 4695 2848 4750 contaminare.
2883 4693 3014 4760 Quae
3047 4708 3178 4762 ergo
3207 4691 3313 4744 illis
3362 4688 3640 4753 accidunt,

379 4792 593 4855 τούτοις
622 4791 731 4859 ἄρα
755 4792 1122 4860 συμϐαίνοντα
1151 4794 1218 4845 τὰ
1267 4795 1381 4854 τοῖς
1414 4794 1762 4862 μαινομένοις
1789 4794 1964 4863 ὕπερ-

378 4887 678 4954 ηκόντισεο
731 4888 828 4939 καὶ
901 4885 1098 4954 μίσους
1139 4887 1240 4954 μὶν
1291 4885 1374 4938 ὅτι
1423 4884 1645 4950 πολλοῦ,
1693 4884 1880 4946 ἐλέους
1910 4885 1967 4938 δὲ

381 4977 596 5039 οὐδενὸς
627 4976 768 5040 ἄξιοι
823 4979 956 5030 πᾶσι
988 4978 1370 5047 κριθήσονται,
1403 4976 1480 5046 τῷ
1515 4992 1574 5029 τε
1616 4975 1810 5047 γνώμῃ
1852 4978 1966 5038 τοῖς

381 5070 579 5129 κακοῖς
625 5070 853 5130 ἑαυτοὺς
917 5069 1208 5130 ἐκδιδόναι,
1262 5067 1341 5138 τῷ
1390 5086 1450 5122 τε
1483 5070 1582 5139 τὴν
1628 5067 1810 5139 ψυχὴν
1844 5067 1968 5120 ἀντὶ

385 5160 480 5232 τοῦ
514 5161 767 5230 σώματος
795 5160 1087 5230 βλάπτειν*
1119 5162 1181 5213 τὸ
1207 5161 1262 5213 δὲ
1300 5162 1520 5215 πάντων
1547 5161 1966 5232 σχετλιώτατον,

378 5228 469 5306 bu
513 5228 714 5322 τὸμὲν
756 5228 854 5314 τὰς
891 5253 1071 5322 ψυχὰς
1117 5253 1447 5321 προδιδόναι,
1497 5228 1612 5306 καί-
1635 5254 1735 5322 τὴν
1787 5250 1968 5304 αὐτῶν

381 5331 939 5456 ῑτιμὴντκαθυϐρίσαι,
971 5347 1064 5398 καὶ
1094 5347 1201 5398 πᾶν
1228 5347 1290 5398 τὸ
1321 5340 1502 5414 γένος,
1532 5347 1680 5398 πᾶσα
1711 5345 1926 5412 ἀνάγκη
1949 5359 1964 5374 ·

383 5429 509 5515 ξάνθ’
541 5429 615 5489 ὧν
648 5437 704 5489 δὲ
733 5433 906 5490 ταῦτα
937 5437 1204 5506 πράττειν
1245 5438 1606 5507 προάγονται,
1654 5436 1688 5504 ἦ
1716 5435 1839 5488 οὐδὲ
1868 5435 1969 5504 τὴν

392 5526 617 5598 πρώτην
651 5529 834 5590 αὐτοῖς
859 5530 1278 5597 παραγίγνεται,
1311 5529 1343 5598 ἢ
1373 5528 1474 5580 οὐκ
1512 5527 1603 5579 ἐπὶ
1639 5525 1834 5596 μακρῷ
1863 5541 1966 5576 πα-

395 5620 643 5686 ραμένει,
671 5621 875 5673 ὁπόταν
921 5623 1018 5676 καὶ
1057 5621 1457 5692 παραγένηται.
1495 5619 1659 5672 Ὅθεν
1691 5621 1784 5671 καὶ
1813 5618 1970 5688 δίκην

393 5711 748 5778 πομφόλυγος
799 5710 965 5774 ὀξέως
1019 5712 1162 5780 ἄγαν
1198 5709 1676 5780 ὑπερφυσώμενοι,
1716 5709 1863 5776 λέγω
1910 5709 1968 5762 δὲ

393 5801 520 5864 τούς
550 5818 614 5870 γε
645 5802 936 5867 δοκοῦντας
979 5805 1133 5875 παρὰ
1171 5806 1284 5866 τοῖς
1315 5803 1540 5856 ἀσεϐέσι
1581 5803 1765 5873 χώραν
1801 5804 1967 5873 εὐρη-

396 5893 550 5949 κέναι
607 5896 920 5975 καλλίστην,
977 5897 1148 5966 ὀξέως
1195 5899 1338 5967 ἄγαν
1381 5897 1476 5951 καὶ
1517 5896 1966 5968 διαρῤήγνυνται,

2068 4790 2228 4860 longe
2263 4790 2331 4844 iis
2369 4799 2497 4846 sunt
2538 4789 2836 4854 deteriora,
2865 4803 2987 4857 qua:
3021 4787 3272 4848 furiosis,
3313 4795 3642 4849 summoque

2067 4883 2322 4936 omnibus
2343 4883 2488 4945 odio,
2515 4882 2659 4936 nulla
2688 4890 2868 4936 autem
2901 4878 3248 4934 miseratione
3267 4870 3640 4943 prosequendi

2067 4974 2372 5036 vidcantur,
2404 4984 2516 5029 tum
2544 4977 2672 5044 quia
2703 4989 2800 5028 sua
2833 4987 2893 5028 se
2926 4971 3205 5025 voluntate
3228 4964 3388 5020 malis
3417 4962 3640 5027 dedant,

2071 5076 2186 5120 tum
2228 5067 2352 5136 quia
2399 5067 2644 5136 corporis
2686 5067 2808 5119 loco
2842 5064 3041 5118 laedant
3092 5060 3370 5112 animam:
3405 5069 3468 5109 ac
3499 5054 3642 5122 quod

2069 5160 2321 5214 omnibus
2363 5157 2892 5214 miserabilissimum
2943 5152 3212 5214 videatur,
3249 5149 3394 5219 quod
3417 5146 3644 5201 omnino

2070 5267 2354 5307 necessum
2380 5252 2610 5307 habeant
2635 5260 2692 5304 ut
2712 5248 2939 5318 perdant
2956 5246 3174 5315 quidem
3201 5242 3434 5303 animas,
3457 5253 3641 5292 suum-

2071 5360 2177 5414 que
2213 5347 2450 5415 ipsorum
2503 5349 2790 5408 honorem,
2825 5357 2889 5397 ac
2934 5353 3106 5411 genus
3173 5336 3487 5390 universum
3518 5344 3646 5401 pro-

2070 5440 2172 5494 bro
2200 5440 2454 5495 alIiriaut.
2481 5440 2778 5503 C:eterum,
2811 5451 2930 5504 quae
2957 5433 3022 5488 ad
3052 5429 3428 5498 haecimpellat
3455 5439 3642 5491 causa,

2073 5532 2224 5584 vela
2281 5531 2550 5599 principio
2605 5530 2750 5583 nulla
2809 5529 3061 5589 exsistat,
3113 5523 3196 5578 vel
3239 5531 3298 5575 ut
3350 5518 3646 5588 aliquando

2073 5621 2367 5684 exstiterit,
2394 5621 2536 5675 haud
2588 5621 2883 5674 admodum
2925 5619 2999 5673 sit
3040 5618 3321 5672 duratura.
3363 5608 3648 5677 Quamob-

2071 5727 2187 5768 rem
2255 5713 2417 5766 etiam
2465 5712 2530 5765 ad
2581 5711 2754 5765 instar
2793 5711 2950 5764 bullte
2983 5709 3090 5764 cito
3124 5704 3292 5761 inflati
3335 5715 3399 5756 ac
3432 5711 3645 5754 tumen-

2075 5813 2192 5868 tes;
2221 5803 2336 5870 qui,
2370 5802 2593 5871 inquam
2617 5841 2630 5864 ,
2663 5800 2841 5855 locum
2874 5799 3147 5868 optimum
3182 5809 3246 5847 ac
3268 5791 3463 5845 fortem
3497 5789 3638 5855 apud

2073 5895 2318 5953 infideles
2345 5894 2490 5950 nacti
2519 5893 2767 5949 videntur
2793 5909 2808 5948 :
2836 5892 2945 5946 cito
2975 5890 3388 5957 dirumpuntur,
3420 5880 3639 5936 inanes-
