4060 6636
457 391 569 455 9ἰο

1626 397 1677 457 Μ
1693 400 1731 455 Α
1748 396 1793 453 Ν
1807 395 1857 455 U
1872 392 2041 455 ELIS
2082 395 2173 455 PA
2184 394 2529 456 LAEOLOGI

3699 392 3807 454 εει]

457 523 567 585 que
633 505 745 561 illis
785 505 956 560 animi
983 521 1048 562 ac
1079 506 1245 563 flatus
1274 506 1329 562 in
1384 507 1616 567 nihilum
1653 509 1874 565 crdunt.
1913 506 2040 562 Jurc

2144 508 2235 560 xci
2264 507 2345 569 είς
2374 505 2529 561 οὐδὲν
2566 505 2749 572 αὐτοῖς
2771 508 2997 581 τελευτᾷ
3026 508 3085 563 τὸ
3112 506 3303 563 κενὸν
3348 507 3671 577 φρόνημα.
3703 510 3798 562 Et).

460 600 511 653 id
546 598 789 670 quidem.
821 598 909 654 Ut.
942 599 1087 661 enim
1122 614 1311 654 eorum
1347 598 1569 669 segnius
1594 600 1907 654 voluntates
1943 613 2032 655 se-

457 698 721 758 quantur,
757 691 1127 759 suspectiores
1165 689 1367 755 effecti.
1421 704 1548 745 mox
1581 699 2028 754 contemnuntur.

460 791 724 851 tauquam
743 798 929 837 eorum
947 782 1145 837 studiis
1170 783 1349 836 minus
1374 792 1681 852 congruant
1706 800 1721 838 :
1746 797 1811 837 ae
1824 792 2032 851 quanto

461 885 620 945 putas
648 874 1289 943 habenturdespicatui?
1322 873 1419 930 Siu
1441 884 1625 930 autem
1652 874 1841 932 faciles
1874 890 2028 931 acce-

458 959 610 1031 dant,
638 968 706 1021 iis
727 983 849 1034 quze
878 967 993 1020 visa
1026 966 1136 1020 siut
1183 965 1460 1033 Barbaris,
1520 969 1689 1023 velint
1728 968 1805 1023 illi
1837 984 2031 1025 eorum

458 1059 673 1128 legibus
703 1074 767 1114 ac
787 1059 1033 1114 moribus
1073 1060 1175 1122 uti,
1218 1050 1387 1131 utque
1424 1062 1545 1115 dira
1570 1061 1909 1117 immanitate
1937 1079 2032 1134 ge-

460 1167 563 1207 nus
600 1151 827 1219 perdere
867 1160 1160 1218 satagunt;
1199 1154 1302 1207 hac
1330 1170 1553 1224 quoque
1611 1170 1720 1211 non
1755 1157 2031 1213 immerito

455 1242 644 1296 odium
696 1242 960 1305 referunt,
1015 1255 1234 1314 promer
1294 1245 1444 1301 illam
1488 1246 1542 1300 iu
1576 1263 1750 1317 genus
1788 1263 1851 1304 ac
1899 1264 2032 1305 suos

459 1336 834 1391 rrudelitatem
860 1351 875 1390 :
906 1352 1007 1392 nec
1048 1348 1277 1408 propter
1301 1348 1544 1394 mutatos
1567 1356 1773 1405 mores,
1794 1357 1858 1396 ac
1885 1344 2033 1411 quod

460 1423 526 1478 ad
574 1424 887 1479 institutum
922 1424 1068 1480 aliud
1120 1426 1559 1496 commigrarint,
1596 1428 1818 1487 laudem
1856 1431 1924 1484 ab
1953 1430 2035 1485 eis

462 1513 683 1577 habent,
754 1524 1013 1585 tanquam
1072 1516 1177 1570 visi
1225 1517 1415 1573 faciles
1472 1520 1539 1575 ad
1571 1538 1691 1590 quae
1723 1522 1849 1588 quis
1881 1524 2031 1579 velit.

458 1610 823 1675 Quamobrem
873 1614 1036 1668 etiam
1074 1600 1202 1687 ‘nou
1225 1612 1308 1669 eis
1344 1614 1605 1690 credunt,
1641 1625 1700 1671 ut
1727 1619 1839 1672 sint
1863 1618 1917 1672 in
1951 1633 2035 1672 se-

459 1703 654 1767 cundis
681 1706 1106 1774 perseveraturi.
1141 1705 1273 1760 Jure
1320 1709 1594 1778 equidem.
1631 1708 1734 1775 Qui
1769 1709 1916 1764 enim
1956 1707 2039 1763 fa-

459 1797 567 1850 cile
594 1796 730 1852 adeo
765 1814 945 1854 mores
998 1802 1345 1857 conculcavit
1376 1804 1580 1870 quibus
1634 1802 2032 1870 consuevisset,

459 1903 568 1954 qua
627 1889 698 1945 sit
755 1890 965 1946 ratione
1023 1903 1283 1949 accurate
1322 1905 1666 1960 servaturus,
1694 1911 1833 1965 quos
1863 1911 2033 1966 nuper

460 1979 743 2045 auiplexus
764 1982 891 2036 est?
922 1979 1052 2037 ltem
1083 1983 1177 2054 qui
1201 1985 1373 2039 malus
1393 1994 1479 2039 est
1506 1986 1559 2038 in
1583 2000 1755 2054 genus
1787 1998 1850 2039 ac
1878 1999 2032 2047 suos,

462 2068 650 2139 utique
676 2078 731 2124 et
763 2072 815 2125 in
847 2075 1111 2141 scipsum.
1145 2070 1280 2126 Nam
1315 2089 1442 2143 pars
1470 2076 1785 2130 continetur
1809 2075 1861 2129 in
1895 2082 2033 2130 toto.

461 2164 528 2217 At
552 2164 645 2232 qui
672 2164 850 2219 malus
881 2173 969 2220 est
1003 2166 1056 2219 in
1087 2166 1350 2235 seipsum,
1371 2166 1425 2221 in
1467 2181 1628 2237 quem
1659 2165 1826 2220 alium
1867 2165 2038 2234 possit

462 2256 641 2310 hnnus
675 2256 829 2312 esse?
882 2256 1025 2322 Quin
1075 2258 1186 2311 imo
1219 2266 1279 2312 ut
1305 2257 1622 2327 diligentius
1665 2260 2036 2322 attendamus,

460 2348 551 2404 hic
586 2349 709 2404 talis
761 2365 874 2404 sua:
928 2349 1101 2421 ipsius
1137 2351 1489 2407 conscientiae
1543 2346 1762 2407 odihilis
1797 2352 2033 2423 est:qui
2075 2379 2082 2387 ο

460 2456 595 2496 vero
618 2456 726 2497 non
751 2442 1057 2497 universis?
1080 2441 1279 2497 Verum
1312 2444 1442 2513 quid
1471 2444 1586 2500 haec
1615 2444 1759 2506 dico.
1793 2444 1886 2513 qui
1913 2459 2040 2512 pos—

463 2536 569 2592 sim
605 2538 748 2607 quod
772 2546 851 2593 est
887 2536 1065 2607 majus
1099 2536 1439 2592 ostendere?
1468 2536 1655 2606 Neque
1675 2536 1823 2590 enim
1852 2537 2034 2591 since-

464 2645 581 2685 ram
634 2629 689 2687 in
748 2628 1027 2686 Christum
1084 2628 1244 2684 ﬁdem
1295 2644 1359 2683 at:
1389 2627 1793 2684 confessionem
1820 2640 2040 2681 servare

462 2733 714 2792 possunt.
756 2721 971 2793 thuid
1017 2721 1315 2789 νει-οτρυί
1348 2721 1493 2776 enim
1528 2722 1705 2789 pactis
1731 2735 1857 2775 cum
1882 2719 2041 2774 Chri-

464 2827 551 2871 sto
574 2814 795 2885 iuratis,
816 2830 1128 2886 supremam
1156 2814 1212 2870 in
1238 2830 1362 2871 eum
1413 2814 1712 2869 amicitiam
1744 2813 2038 2881 odiumque

464 2908 520 2963 in
552 2909 829 2992 distingues
878 2907 1110 2992 polliciti
1161 2919 1330 2972 sunt;
1364 2920 1524 2961 secus
1562 2916 1744 2960 tamen
1774 2907 2037 2977 deinceps

466 2986 743 3068 praestant.
773 2998 887 3054 lmo
918 2986 990 3053 sit
1020 2996 1268 3065 apertius
1298 2997 1594 3052 dicendum
1627 3013 1692 3052 ac
1725 2997 1854 3052 mali
1891 2997 2038 3051 indi-

426 3092 431 3095 ‘
463 3091 638 3146 cauda
655 3090 918 3160 gravitas,
946 3098 1151 3161 quanta
1168 3090 1240 3143 sit
1263 3105 1277 3144 :
1302 3088 1395 3158 qui
1424 3087 1674 3144 labentes
1697 3104 1822 3144 cum
1855 3088 2042 3144 Maho-

466 3184 743 3239 metbanis
768 3193 962 3254 agunt,
984 3185 1198 3254 eisque.
1232 3197 1359 3238 cum
1393 3181 1518 3236 fidei
1542 3182 1727 3237 hostes
1751 3183 2037 3246 exsistant,

464 3286 659 3331 contra
690 3290 792 3330 uos
821 3275 1089 3330 auxilium
1125 3275 1329 3338 ferunt,
1355 3272 1578 3328 inimica
1628 3274 1746 3328 acie
1774 3273 2038 3328 adversus

467 3364 808 3433 Salvatorem
859 3379 926 3420 ac
960 3364 1248 3419 Dominum
1280 3360 1495 3428 Jesum,
1524 3362 1619 3433 qui
1653 3362 1882 3419 exsistat
1915 3360 2037 3416 iidei

466 3469 661 3515 auctor
682 3497 699 3523 ,
753 3456 1094 3524 consistunt,
1119 3455 1413 3528 palamque
1464 3455 1518 3510 in
1551 3470 1676 3512 eum
1709 3454 1909 3510 bellum
1942 3469 2035 3525 ge—

466 3560 614 3607 I'llﬂl.

540 3644 645 3699 Sed
680 3652 733 3699 et
751 3642 895 3699 aliud
930 3656 1035 3698 non
1056 3641 1261 3697 bonum
1278 3641 1559 3711 sequitur,
1589 3638 1701 3703 nisi
1730 3638 1865 3694 velis
1881 3636 2038 3695 valde

468 3736 696 3807 malum.
732 3733 857 3791 Suis
878 3734 1084 3804 quippe
1108 3732 1186 3788 illi
1224 3733 1389 3788 rebus
1428 3748 1493 3787 ac
1523 3731 1691 3801 gestis
1744 3729 2026 3786 Mahome-
2116 3756 2129 3775 ο

470 3830 616 3884 them
665 3825 986 3897 prophetam
1030 3825 1351 3881 ostendunt.
1389 3822 1522 3879 Nam
1556 3822 1821 3879 scelestus
1845 3821 2032 3885 homo,

468 3919 720 3989 gentibus
758 3933 788 3972 a
818 3931 878 3973 se
937 3914 1204 3986 deceptis,
1236 3929 1299 3971 ac
1343 3913 1645 3986 compulsis
1697 3914 1752 3968 in
1768 3925 2033 3978 errorem,

466 4011 752 4068 victoriam
778 4009 846 4065 de
892 4018 1079 4064 nostra
1108 4023 1175 4062 ac
1207 4005 1647 4063 Christianorum
1719 4013 1877 4074 gente
1905 4017 2034 4074 pro-

466 4105 636 4162 misit.
685 4102 790 4170 Qui
824 4116 956 4169 ergo
990 4100 1099 4156 illis
1146 4099 1217 4155 ad
1269 4098 1554 4157 victoriam
1622 4110 1784 4164 opem
1829 4092 2033 4160 ferunt,

469 4195 754 4251 mendacio
785 4193 975 4263 utique
1014 4191 1175 4247 Iidem
1226 4196 1503 4244 astruuut.
1535 4187 1925 4255 Quamobrem,
1953 4185 2033 4240 uti

467 4287 716 4341 dicebam
780 4284 965 4349 modo,
1022 4281 1197 4336 nostri
1244 4281 1320 4334 illi
1371 4280 1559 4345 hostes
1620 4279 1675 4333 in
1736 4268 2061 4332 iutidet'tnm'

469 4377 665 4434 rastris
710 4373 972 4444 perfugas.
1000 4360 1197 4426 insano
1230 4370 1408 4440 palam
1444 4368 1626 4424 furore
1659 4368 1930 4435 feruntur,
1971 4382 2036 4423 ac

469 4470 538 4524 iis
594 4465 691 4538 qui
716 4465 875 4520 hcsos
899 4461 1105 4519 habent
1134 4476 1317 4526 renes,
1373 4454 1641 4515 deteriora
1692 4458 1936 4514 faciunt:
1974 4474 2038 4514 ac

469 4562 650 4631 plane.
699 4572 824 4613 cum
875 4553 933 4609 in
984 4568 1045 4610 se
1095 4553 1196 4624 ipsi
1250 4552 1489 4621 gladium
1544 4551 1846 4621 impellant,
1906 4566 2037 4608 suas

472 4653 645 4726 magis
668 4652 909 4722 ipsorum
931 4649 1142 4704 animas
1168 4662 1329 4718 quam
1367 4662 1465 4701 uos
1496 4645 1788 4717 impetuut.

542 4766 842 4837 Besumpto
893 4772 1079 4818 autem
1131 4775 1407 4828 sermone,
1464 4775 1585 4828 quae
1610 4767 1741 4815 sunt
1785 4758 2042 4828 deinceps

470 4871 895 4930 prosequamur.
955 4853 1194 4910 Invicem
1247 4866 1308 4907 se
1355 4851 1423 4907 ad
1453 4852 1596 4907 mala
1644 4850 2042 4921 provocabant,

468 4962 690 5021 satrapa
720 4948 926 5020 pariter
946 4988 964 5006 .
993 4948 1198 5017 quique
1231 4945 1375 5012 apud
1408 4959 1535 4999 eum
1571 4942 1811 5014 perfuga
1840 4951 2040 4997 erant:

474 5058 540 5099 ac
558 5058 667 5115 qua
678 5042 892 5098 ratione
914 5048 1103 5096 vector
1117 5037 1365 5095 actuario
1379 5039 1545 5092 remis
1575 5043 1755 5096 utens,
1783 5032 2042 5101 scapham

468 5135 689 5205 quidem
737 5134 967 5204 remigio
997 5136 1129 5206 agit,
1187 5131 1415 5201 ipseque
1468 5127 1710 5183 vicissim
1741 5125 1812 5181 ab
1840 5122 2045 5191 scapha

472 5230 714 5297 rapitur:
738 5227 821 5282 sic
850 5226 925 5281 illi
951 5240 1190 5297 quoque,
1226 5238 1354 5279 cum
1386 5224 1439 5277 in
1491 5234 1617 5283 nos,
1656 5233 1751 5289 per
1771 5230 2044 5271 summam

477 5315 733 5381 iniuriam
805 5313 1055 5370 infideles
1104 5313 1228 5381 illos
1276 5317 1525 5383 agerent,
1577 5307 1684 5379 ipsi
1724 5307 1793 5361 ab
1844 5305 1924 5361 eis
1967 5305 2047 5359 vi.

477 5407 691 5462 cissitu'
723 5404 1367 5475 raptabantur.luvieem
1426 5402 1617 5474 itaque
1660 5407 2046 5472 provocantes.

477 5496 710 5554 invicem
794 5497 1114 5564 irritantes,
1172 5512 1237 5553 ac
1299 5497 1404 5553 sibi
1473 5504 1667 5550 mutuo
1745 5492 2048 5555 stimulus,

480 5587 561 5641 uti
591 5585 647 5642 in
694 5602 893 5657 pueros
919 5587 974 5642 iu
1011 5604 1109 5643 vos
1158 5589 1492 5651 invaserant,
1527 5601 1591 5641 ac
1631 5586 1802 5642 multa
1855 5585 1929 5648 vi,
1960 5598 2053 5638 ve—

482 5690 599 5738 stra
640 5680 828 5737 omnia
900 5689 1280 5737 transversum
1335 5690 1593 5751 agentes.
1626 5678 2052 5735 labefactaturos

478 5772 782 5842 putabant,
842 5771 1061 5828 tametsi
1117 5771 1256 5826 nihil
1324 5770 1736 5835 conficiebant,
1788 5767 1910 5838 ejus
1970 5766 2051 5823 si-

480 5862 705 5934 quidem
740 5864 920 5923 virtus
948 5863 1275 5936 obsistebat,
1306 5880 1467 5937 quem
1505 5864 1583 5921 illi
1617 5856 2002 5933 cxpugnabuut
2032 5875 2049 5928 ;

2136 600 2333 668 λόγως.
2377 603 2439 655 El
2472 600 2574 670 μὲν
2608 602 2718 671 γὰρ
2747 601 2944 672 νωθροί
2974 618 3117 666 τινες
3176 598 3318 654 εἷεν
3350 600 3521 672 πρὸς
3555 600 3628 654 τὸ
3655 600 3799 656 ἑκεί-

2134 707 2243 745 νων
2274 691 2508 761 θέλημα,
2540 691 2773 746 ὕποπτοι
2810 695 3115 763 γενόμενοι,
3149 690 3354 755 εὐθὺς
3401 693 3801 762 καταπεφρό-

2134 800 2348 854 νηνται.
2377 783 2455 846 ὡς
2482 783 2559 856 μὴ
2594 785 2985 854 συμϐαίνοντες
3035 785 3241 848 αὐτοῖς
3266 801 3285 816 ο
3333 784 3445 837 καὶ
3481 783 3799 853 παρορῶντ

2134 892 2245 939 ται,
2274 876 2393 938 πῶς
2419 875 2521 929 οίει
2545 891 2562 908 ο
2593 878 2643 931 εί
2673 876 2730 929 δὲ
2770 878 2969 948 ῥᾳδίως
3009 878 3539 949 προστρέχοντες,
3593 873 3683 937 οἷς
3729 878 3797 930 ἂν

2134 966 2183 1017 οἱ
2219 964 2483 1037 βάρϐαροι
2543 968 2863 1038 βούλοιντοο
2910 969 3196 1039 βούλοιντο
3246 970 3307 1023 δ’
3344 969 3429 1023 ἂν
3486 969 3617 1021 καὶι
3644 968 3797 1022 ἔθεσι

2134 1058 2230 1112 καὶ
2262 1060 2451 1128 νόμοις
2489 1063 2600 1124 τοῖς
2652 1044 2833 1116 αὐτῶν
2871 1062 3097 1125 τούτους
3126 1061 3437 1135 χρῆσθαι,
3474 1060 3585 1115 καὶ
3614 1065 3679 1114 τὸ
3704 1065 3779 1129 γὲι

2135 1168 2227 1214 νος
2265 1151 2501 1221 ἀφειδῶς
2544 1152 2926 1224 διαφθείρεινο
2977 1154 3291 1223 μισοῦνται
3352 1154 3474 1221 μὲν
3531 1151 3692 1222 μάλα
3719 1153 3795 1205 δι-

2136 1247 2303 1306 καίως
2354 1245 2517 1299 ἑνεκα
2563 1249 2662 1316 τῆς
2725 1247 2805 1309 sl;
2853 1246 2913 1300 τὸ
2950 1248 3105 1312 γένος
3143 1245 3522 1317 ὠμότητος·
3573 1246 3683 1315 τῆς
3730 1246 3790 1298 δὲ

2133 1336 2227 1390 τοῦ
2274 1336 2439 1408 ἤθους
2475 1336 2809 1408 μεταϐολῆς,
2856 1339 2951 1391 καὶ
2993 1339 3095 1402 τῆς
3121 1339 3222 1392 τοῦ
3275 1336 3420 1408 βίου
3475 1337 3791 1407 μεταπτώ-
3870 1351 3891 1367 '

2137 1445 2299 1497 σεως,
2332 1430 2574 1485 ἐπαίνων
2608 1430 2669 1483 οὐ
2717 1432 3049 1501 τυγχάνουσι
3084 1430 3225 1503 παρ’
3283 1432 3532 1498 αὐτοῖς,
3571 1430 3665 1484 ἆτ’
3692 1432 3786 1484 εὐ-

2135 1524 2317 1592 χερεῐς
2351 1524 2665 1591 φαινόμενοι
2696 1523 2837 1594 πρὸς
2869 1523 2898 1577 ὅ
2928 1541 2980 1576 τι
3009 1524 3081 1576 ἄν
3107 1541 3191 1587 τις
3224 1522 3549 1594 βούλοιτο.
3580 1522 3691 1576 Διὰ
3716 1522 3784 1591 δὴ

2134 1614 2294 1667 τοῦτο
2322 1614 2443 1669 οῦδὲ
2472 1614 2844 1681 πιστεύονται,
2880 1616 2955 1679 ὡς
2987 1618 3094 1686 ἄρα
3120 1633 3184 1684 γε
3221 1616 3530 1684 μενοῦσιν
3552 1618 3629 1669 νιν
3662 1617 3821 1699 τοῖς

2135 1706 2434 1776 δευτέροις.
2495 1707 2756 1770 Εἰκότως.
2797 1708 2861 1763 ’0
2909 1708 3017 1779 γὰρ
3049 1709 3305 1772 εὐκόλως
3349 1709 3465 1776 ἔθη
3515 1722 3780 1763 καταπα-

2138 1800 2333 1868 τήσας,
2362 1790 2443 1862 οἷς
2474 1799 2849 1869 συμϐεϐίωκε,
2881 1799 2995 1862 πῶς
3027 1801 3094 1855 ἂν
3120 1800 3355 1870 τηρήσε
3369 1816 3458 1852 ιεν
3485 1798 3774 1868 ἀκριϐῶς,

2138 1890 2281 1959 ἅπερ
2328 1890 2387 1955 ἑξ
2427 1891 2690 1958 ύπογυίου
2740 1890 2993 1956 ἑδέξατος
3030 1891 3137 1942 Ka‘t
3188 1889 3373 1954 αὖθις
3402 1892 3436 1941 ὁ
3477 1889 3564 1959 τῷ
3621 1890 3775 1955 γένει

2139 1984 2306 2048 κακὸς
2325 1985 2417 2037 καὶ
2443 1984 2622 2054 ἑαυτῷ
2652 1983 2897 2055 δηλονότι
2920 1985 3006 2035 ’ἑν
3036 1984 3141 2053 γὰρ
3160 1984 3246 2054 τῷ
3277 1983 3545 2037 καθόλου
3584 1984 3649 2037 τὸ
3679 1982 3771 2051 μέ-

2141 2094 2255 2148 ρος.
2305 2074 2367 2132 Ὀ
2389 2078 2445 2132 δὲ
2476 2075 2656 2149 ἑαυτῷ
2686 2077 2856 2139 κακὸς
2880 2075 2996 2140 πῶς
3020 2075 3086 2129 ἂν
3115 2075 3304 2146 ἑτέρῳ
3350 2074 3621 2146 χρηστός
3651 2090 3666 2139 ;
3696 2074 3771 2126 οὐ

2140 2169 2247 2243 μὴν
2286 2169 2400 2223 ἀλλ’
2435 2171 2485 2223 εί
2516 2170 2612 2224 καὶ
2642 2168 2801 2222 τοῦτο
2832 2156 3223 2237 ’θεωρήσωμεν
3254 2166 3765 2236 ἀκριϐέστερον,ό

2138 2259 2380 2323 τοιοῦτος
2417 2261 2512 2314 καὶ
2566 2260 2644 2328 τῷ
2709 2261 2824 2332 ίδίῳ
2874 2259 3140 2313 συνειδότι
3191 2258 3457 2329 μισητδς
3494 2257 3766 2312 καθίστα-

2138 2371 2247 2409 ται.
2276 2353 2385 2408 Καὶ
2426 2353 2541 2416 πῶς
2564 2353 2664 2407 οὐκ
2696 2352 2763 2407 ἂν
2797 2354 3042 2416 ﬁrmem;
3084 2352 3247 2406 Ἀλλὰ
3274 2350 3335 2404 τί
3370 2349 3567 2404 ταῦτά
3594 2366 3760 2419 φημι,

2138 2445 2274 2499 ὅπου
2307 2461 2369 2511 γε
2401 2445 2462 2496 τὸ
2495 2444 2681 2514 μεῖξον
2711 2442 2820 2515 ἔχω
2851 2444 3163 2506 δεικνύναι;
3197 2442 3346 2496 Οὐδὲ
3389 2442 3513 2511 γὰρ
3548 2439 3654 2510 τὴν
3683 2440 3761 2500 εἰς
3833 2483 3836 2485 .

2141 2534 2379 2605 Χριστὸν
2404 2535 2699 2606 ὁμολογίαν
2730 2538 2821 2589 καὶ
2848 2535 3034 2588 πίστιν
3061 2530 3173 2588 οἷόν
3213 2551 3279 2588 τε
3314 2536 3531 2605 τηρεῖν
3558 2532 3759 2593 αὐτοὺς

2140 2629 2440 2700 ἀκραιφνῆ.
2481 2630 2635 2684 Διατί
2662 2645 2681 2695 ς
2711 2629 2837 2682 ’Ὁτι
2884 2628 2961 2697 τῷ
2997 2627 3219 2699 Χριστῷ
3271 2626 3755 2696 συνταττόμενοι,

2143 2720 2329 2789 φιλίαν
2364 2719 2466 2790 μὲν
2493 2719 2647 2789 αὑτῷ
2689 2717 2789 2790 τὴν
2823 2719 3084 2791 ἐσχάτην,
3120 2717 3328 2789 ἔχθραν
3360 2717 3428 2770 δὲ
3464 2716 3575 2787 τὴν
3622 2713 3752 2785 πρὸς

2140 2814 2267 2875 τοὺς
2287 2811 2545 2882 δαίμονας
2565 2810 2960 2881 ὑπισχνοῦνται
2983 2827 2998 2841 ·
3013 2804 3134 2864 εἶτα
3149 2810 3488 2864 τούναντίον
3511 2804 3748 2860 ποιοῦσι.

2141 2902 2364 2957 Μᾶλλον
2393 2903 2451 2957 δὲ
2483 2904 2821 2973 σαφέστερον
2870 2905 3046 2957 εἰπεῖν
3077 2904 3206 2974 χρὴ.
3251 2904 3356 2958 καὶ
3387 2901 3650 2971 δηλῶσαι
3691 2899 3746 2952 τὸ

2141 2994 2330 3060 κακὸν,
2365 2995 2493 3049 ὅσον
2518 3012 2531 3026 ⁶
2558 2998 2675 3060 τοῖς
2721 2998 2830 3067 γὰρ
2853 2995 2948 3051 τοῦ
2996 2996 3246 3066 Minimo
3305 2990 3476 3049 οὗτοι
3525 2993 3718 3048 συνδια

2142 3091 2353 3163 τρίϐειν
2390 3092 2695 3158 ἐθέλοντες,
2742 3093 2978 3147 καὶτῶν
3018 3092 3136 3147 καθ’
3171 3094 3337 3165 ἡμῶν
3384 3089 3743 3160 συνεφαπτό·

2145 3199 2301 3254 μενοι
2334 3184 2547 3247 τούτοις
2574 3184 2779 3256 ἔργων,
2811 3186 3030 3256 ἐχθροῖς
3059 3187 3159 3253 τῆς
3198 3184 3457 3248 πίστεως
3492 3182 3638 3247 οὖσι,
3665 3178 3740 3248 τῷ

2145 3277 2363 3348 Σωτῆρι
2413 3278 2794 3349 διαμάχονται,
2846 3278 2923 3349 τῷ
2961 3279 3221 3334 δεδωκότι
3255 3280 3362 3347 τὴν
3401 3278 3619 3341 πίστιν,
3650 3273 3740 3328 καὶ

2147 3369 2397 3442 φανερῶς
2431 3370 2583 3442 αὐτῷ
2619 3370 2977 3444 πολεμοῦσιν.

2210 3582 2450 3651 νἘπεται
2501 3596 2557 3652 δέ
2601 3615 2653 3652 τι
2706 3598 2802 3651 καὶ
2835 3597 3026 3668 ἕτερον
3069 3598 3128 3651 οὐ
3179 3597 3367 3668 καλὸν,
3415 3602 3503 3655 ὅτι
3539 3598 3615 3670 μὴ
3642 3594 3731 3650 καὶ

2135 3691 2261 3746 λίαν
2286 3691 2479 3744 κακόν.
2527 3689 2615 3755 Ἐξ
2648 3685 2725 3743 ὧν
2761 3689 2870 3761 γὰρ
2907 3681 3057 3743 οὗτοι
3098 3689 3563 3764 διαπράττονται,
3599 3704 3726 3759 προ·

2140 3783 2322 3853 φήτην
2346 3780 2440 3834 τδν
2491 3780 2740 3850 Μωόιμεθ
2795 3782 3214 3850 ἀποφαίνουσιν.
3261 3782 3514 3846 Ἐκεῖνος
3562 3780 3671 3852 γὰρ
3699 3778 3726 3829 ὁ

2141 3872 2335 3945 μιαρὸς
2367 3875 2481 3936 τοῖς
2510 3871 2955 3945 ἐξηπατημένοις
2986 3890 3044 3927 τε
3071 3876 3167 3928 καὶ
3204 3875 3600 3947 βεϐιασμένως
3631 3872 3723 3927 ὑπ’

2135 3966 2350 4019 ἐκείνου
2411 3964 2604 4034 γένεσι
2667 3965 2828 4043 νίκην
2883 3966 3009 4019 κιο*
3080 3967 3240 4039 ἡμῶν
3312 3968 3721 4039 ἐπηγγείλατο·

2140 4060 2293 4114 αὐτοὶ
2324 4060 2405 4123 δὲ,
2438 4054 2519 4123 οἷς
2565 4057 3043 4129 συλλαμϐάνουσιν
3095 4060 3327 4126 ἐκείνοις
3356 4064 3443 4126 είς
3482 4062 3541 4115 τὸ
3590 4074 3723 4112 νενι-

2137 4154 2392 4221 κηκέναι.
2428 4151 2685 4222 ἀφορμὰς
2717 4152 3052 4224 παρέχουῃν
3088 4151 3170 4216 είς
3213 4153 3273 4206 τὸ
3327 4150 3619 4206 πιστεύειν
3646 4146 3721 4216 τῷ

2135 4242 2351 4313 ψεύδεν
2380 4241 2513 4295 ὥσθ’
2541 4243 2680 4312 ὅπερ
2723 4241 2895 4314 ἔφθην
2930 4241 3122 4310 εἰπὼν,
3157 4243 3207 4297 oi
3266 4244 3396 4299 καθ’
3426 4243 3585 4315 ἡμῶν
3625 4241 3719 4295 αύ-

2140 4330 2501 4403 τομολοῦντες
2561 4334 2700 4404 πρὸς
2751 4335 2968 4398 ἀσεϐεῖς
3027 4336 3348 4406 περιφανῶς
3412 4337 3715 4408 μαίνονται,
3783 4346 3796 4383 t

2141 4427 2236 4478 καὶ
2287 4424 2397 4478 τῶν
2429 4425 2830 4495 βεϐλαμμένων
2879 4427 2980 4490 τὰς
3027 4429 3232 4496 φρένας
3267 4429 3440 4498 χείρω
3472 4425 3713 4480 ποιοῦσι⁸

2138 4516 2233 4570 καὶ
2286 4517 2351 4588 δὴ
2408 4519 2531 4572 καθ’
2585 4518 2796 4573 ἑαυτῶν
2850 4521 2911 4572 τὸ
2975 4519 3131 4588 ξίφος
3185 4519 3376 4591 ὥσπερ
3430 4518 3712 4589 ᾤθοῦντες,

2061 4594 2119 4656 Ι)
2147 4609 2349 4679 μᾶλλον
2378 4612 2500 4675 ταῖς
2534 4611 2714 4665 αὐτῶν
2738 4610 2937 4684 ψυχαῖς
2982 4614 3129 4685 ἤπερ
3164 4613 3300 4684 ἡμῖν
3333 4612 3711 4684 διαμάχονται.

2229 4741 2390 4797 Ἀλλὰ
2446 4744 2557 4813 γὰρ
2608 4742 2863 4814 ἐχώμεθα
2918 4742 3030 4798 τῶν
3082 4742 3232 4811 ἑξῆς.
3283 4740 3711 4798 ἑπαναλαϐόντες

2147 4834 2241 4888 τὸν
2272 4835 2458 4904 λόγον.
2497 4833 2830 4903 Παρώξυνον
2874 4836 3146 4906 ἀλλήλους
3178 4837 3312 4906 πρὸς
3340 4838 3408 4893 τὰ
3438 4835 3580 4891 κακὰ
3602 4832 3630 4886 ὃ
3656 4846 3710 4886 τε

2152 4928 2464 4998 σατράπης,
2499 4930 2552 4983 οἰ
2584 4945 2643 4981 τε
2671 4929 2810 4999 πρὸς
2839 4930 3051 4985 ἐκεῖνον
3078 4930 3554 5001 αὐτομολήσαντες
3575 4944 3589 4958 ·
3627 4924 3712 4980 καὶ

2150 5020 2342 5091 ὥσπερ
2390 5038 2471 5083 τις
2524 5019 2811 5092 χρώμενος
2840 5022 2901 5074 ἑν
2941 5020 3157 5093 ἀκατίῳ
3194 5022 3435 5087 κώπαις,
3470 5020 3589 5088 ἄγει
3621 5018 3708 5087 μὲν

2150 5114 2216 5183 τῇ
2258 5112 2469 5184 εἰρεσίᾳ
2524 5111 2585 5166 τὸ
2635 5111 2865 5182 σκάφος,
2896 5112 3124 5182 φέρεται
3171 5111 3216 5166 δ’
3268 5107 3427 5172 αὖθις
3472 5106 3572 5162 ὑπὸ
3622 5100 3705 5156 τοῦ

2154 5205 2398 5273 σκάφους
2418 5219 2432 5233 ⁸
2463 5203 2637 5267 οὕτως
2671 5206 2870 5259 ἐκεῖνοι
2901 5205 3029 5266 τοὺς
3065 5204 3285 5268 ἀσεϐεῖς
3317 5204 3442 5258 καθ’
3472 5199 3625 5272 ἡμῶν
3655 5208 3722 5252 se

2151 5294 2288 5371 ἦγον
2318 5298 2392 5361 ὡς
2441 5299 2542 5353 οὐκ
2590 5295 2789 5368 ὤφελε,
2821 5297 2915 5352 κα)⁵
2965 5297 3059 5352 ὑπ’
3108 5296 3335 5352 ἐκείνων
3387 5293 3541 5358 αὖθις
3596 5287 3707 5355 irpi-

2157 5408 2336 5463 ροντο.
2370 5392 2495 5446 Καὶ
2538 5389 2719 5444 τοίνυν
2774 5389 2870 5444 ὑπ’
2923 5388 3172 5460 ἀλλήλων
3219 5385 3702 5461 παρακαλούμενοι.

2158 5490 2250 5540 καὶ
2278 5483 2542 5554 ἀλλήλους
2574 5480 3036 5553 παροτρύνοντες,
3078 5481 3177 5541 καὶ
3213 5481 3378 5534 οίονεί
3419 5497 3472 5533 τι
3501 5476 3703 5540 κέντρον

2159 5579 2436 5647 γινόμενοι
2492 5576 2816 5645 ἑκατέροις,
2879 5572 2955 5631 ὡς
3025 5573 3119 5626 ἐπὶ
3179 5570 3377 5635 παῖδας
3431 5568 3514 5637 ἐφ’
3578 5557 3704 5629 ὑμᾶς

2158 5671 2330 5742 ᾔεσαν
2350 5683 2367 5699 ⁸
2407 5668 2503 5720 καὶ
2530 5664 2699 5737 ᾤοντό
2728 5680 2793 5735 γε
2831 5661 3338 5733 καταστρέψεσθαι,
3370 5656 3696 5742 παρασύρονᾳ·

2160 5737 2252 5825 τες
2283 5760 2452 5832 πολλῇ
2477 5764 2545 5830 τῇ
2573 5759 2727 5832 ῥύμῃ
2757 5759 2823 5811 τὰ
2860 5755 2985 5811 καθ’
3012 5757 3157 5825 Qui;
3190 5754 3407 5810 ἅπαντα
3432 5769 3446 5786 ’
3482 5751 3628 5823 ἢνυον

2163 5855 2314 5927 ὅμως
2337 5830 2511 5907 οὐδέν.
2552 5830 2787 5920 ’Ᾰντέῑχε
2838 5848 2943 5918 γὰρ
2978 5848 3011 5916 ἠ
3045 5847 3213 5914 ἀρετὴ
3256 5846 3351 5901 τοῦ
3383 5830 3697 5901 πο).ειιουμέ⁸
