4060 6618
346 431 457 494 ΞΞΙ

1160 438 1566 500 THEODORI
1611 439 1981 500 DESPU'LE
2026 441 2418 503 LAUDATIO
2460 441 2879 504 FUNEBRIS.

3518 446 3622 509 22?

346 567 451 602 νου
472 567 484 580 ·
511 546 579 622 ἦς
608 549 882 618 δήπουθεν
913 552 972 602 τδ
999 568 1062 603 1::
1075 553 1191 622 ριδν
1218 553 1476 606 τοσοῦτον
1509 548 1576 623 ἦν
1601 553 1734 621 παρ’
1757 552 1926 622 αὐτῷ,

2037 553 2196 621 cujus
2245 563 2394 609 tanta
2459 553 2514 608 in
2555 568 2623 608 eo
2676 553 2994 624 praeeuntis
3044 563 3185 617 erat,
3215 561 3272 608 ut
3307 556 3510 626 ubique
3529 575 3619 615 vo-

347 643 434 704 ὼς
489 641 689 696 δ.δὸναι
736 629 1011 714 πανῗταχοῦ
1054 649 1284 715 κρατεῖν
1327 646 1662 716 βουλομένῳ,
1713 647 1940 716 εὐμενὲς

345 735 416 788 1:6
461 734 619 788 Θεῖον
649 735 848 804 ἔχοντι.

436 827 595 882 Ἐπεὶ
635 829 692 882 δὲ
746 831 968 884 ἅπαντα
1021 831 1122 900 μὲν
1169 831 1638 900 διαπραξαμένοις
1697 834 1810 896 τοῖς
1840 850 1942 886 κα-

349 921 676 989 κοδαίμοσιν
732 923 816 986 είς
857 924 1009 978 οὐδὲν
1051 923 1250 993 ἐχώρει
1311 925 1384 978 τὰ
1447 925 1577 978 καθ’
1607 925 1785 994 ὑμῶν,
1821 926 1940 978 ἐ.δὸ-

349 1029 446 1066 κει
499 1013 556 1066 δὲ
609 1015 640 1083 ἡ
706 1018 766 1066 ἐν
823 1018 892 1086 τῇ
957 1015 1195 1086 Εὐρώπη
1275 1015 1592 1086 βαρῆαρικὴ
1665 1017 1937 1086 δύναμις,

348 1106 528 1162 πολλὰ
597 1107 879 1162 κύκλωθεν
954 1111 1264 1180 πράγματα
1336 1110 1576 1178 ἔχουσα,
1634 1110 1710 1179 μὴ
1775 1111 1939 1166 δύνα-

349 1198 483 1252 σθαι
532 1200 728 1269 ῥᾳδίως
791 1200 1020 1254 εἰσιέναι
1072 1202 1168 1256 τὸν
1235 1201 1476 1270 Ἰσθμὸν,
1533 1204 1629 1255 καὶ
1691 1203 1938 1273 συνεχῶς

343 1291 512 1344 τοῦτο
543 1296 737 1360 ποιαί,
767 1296 864 1348 καὶ
911 1297 1026 1357 τοῖς
1077 1294 1175 1349 τοῦ
1233 1296 1516 1366 σατράπου
1570 1294 1937 1365 βουλεύμασιν

343 1385 682 1453 ὖπηρετείνο
730 1388 1016 1459 ἀμηχανίᾳ
1069 1388 1528 1458 κατασχεθέντες,
1583 1387 1935 1458 εἰσηγοῦνται

337 1474 526 1544 τούτῳ
563 1475 817 1544 διαϐῆναι
871 1476 966 1529 τὸν
1021 1476 1425 1544 Ἑλλήσποντον
1480 1476 1541 1542 ἐξ
1603 1477 1790 1541 Ἀσίας
1841 1479 1936 1532 ἐπὶ

339 1568 598 1639 Θρᾴκην,
631 1570 730 1622 καὶ
780 1570 1013 1639 ταυτηνί
1059 1569 1428 1640 παρελθόντα,
1483 1571 1542 1632 ἐς
1588 1570 1935 1625 Μακεδονίαν

338 1659 709 1728 ἐπιδημῆσαι,
741 1659 998 1714 κάκεῖθεν
1023 1659 1495 1729 μεταπέμψασθαι
1520 1660 1608 1712 διὰ
1634 1660 1934 1730 πρεσϐείας

336 1752 444 1806 τὸν
477 1753 610 1823 ἐμὸν
664 1753 898 1824 ἀδελφὸν
939 1755 1016 1818 ὼς
1071 1754 1238 1808 αὑτὸν
1269 1737 1470 1817 ἐλθεῖν,
1523 1753 1820 1825 ἀπειλῆσαί
1871 1772 1934 1810 τε

333 1845 498 1899 δεινὰ
528 1846 746 1917 ὑπούλῳ
775 1847 966 1916 τρόπῳ
993 1847 1082 1902 διά
1107 1863 1300 1913 τινων,
1333 1848 1400 1902 ἂν
1428 1846 1505 1918 μὴ
1544 1848 1930 1919 παραγένηται

335 1938 699 2002 ὑπακούσαςο
755 1941 1012 2011 φανερῶς
1069 1941 1127 1994 δέ
1185 1942 1234 1994 δί
1305 1940 1480 1994 πολλὰ
1547 1941 1646 1994 καὶ
1712 1941 1930 2010 μεγάλα

335 2030 704 2102 ὑποσχέσθαι,
736 2033 805 2087 τὰ
847 2033 949 2101 μὲν
993 2033 1081 2087 διὰ
1123 2033 1234 2087 τῶν
1289 2033 1594 2103 πρέσϐεων,
1621 2033 1688 2086 τὰ
1734 2033 1790 2088 δὲ
1839 2052 1929 2104 μι-

335 2127 510 2192 κραίς
536 2127 656 2189 ταῖς
705 2126 1055 2190 ἐπιστολαῖςο
1086 2122 1231 2180 εἶναι
1284 2125 1342 2180 δὲ
1379 2125 1474 2178 καὶ
1521 2123 1678 2178 ταῦτ⁹
1723 2127 1782 2178 ἐν
1810 2128 1932 2190 ταῖς

336 2217 728 2284 ὑποσχέσεσιν.
761 2219 1008 2274 ἀνιάσειν
1059 2219 1162 2290 μὲν
1190 2219 1262 2284 ὡς
1303 2220 1528 2290 ἥκιστα,
1563 2221 1826 2289 τιμήσειν
1870 2219 1928 2273 δὲ

2045 643 2202 707 lenti,
2247 645 2385 700 bene
2417 643 2466 699 ei
2495 643 2736 714 prapitio
2780 641 3040 709 Numine,
3068 644 3356 701 victoriam
3413 651 3621 718 prabe-
3725 705 3734 716 ,

2044 744 2149 791 ret.

2113 827 2270 893 Quod
2297 845 2428 884 vero
2462 829 2648 884 omnia
2680 829 2732 882 in
2765 817 3231 885 vosnefariorum
3256 830 3543 888 molimina
3569 833 3622 888 in

2042 921 2277 976 nihilum
2304 923 2580 984 cederent,
2608 922 2996 990 videreturque
3036 924 3404 979 Barbarornm
3433 925 3487 979 in
3518 925 3622 980 Eu-

2043 1030 2174 1084 ropa
2204 1017 2415 1083 positus
2437 1017 2738 1077 exercitus,
2765 1015 2958 1070 multis
2978 1017 3223 1086 undique
3245 1019 3507 1088 obseptus
3533 1036 3621 1072 ne-

2039 1107 2224 1176 gotiis,
2260 1107 2404 1162 haud
2432 1108 2591 1162 facile
2623 1107 2676 1162 in
2709 1106 2974 1162 Isthmum
3010 1123 3172 1177 posse
3208 1109 3496 1172 invadere,
3519 1111 3613 1178 ju-

2037 1200 2203 1270 giqne
2236 1201 2553 1256 incursione
2576 1202 2853 1268 regionem
2892 1210 3108 1256 vastare
3149 1217 3212 1257 ac
3250 1213 3482 1272 satrapa:
3510 1219 3602 1256 ser

2037 1292 2153 1346 γει-ο
2181 1293 2458 1347 consiliis:
2501 1294 2720 1349 consilii
2754 1309 2968 1364 inopes,
3001 1303 3260 1349 auctores
3285 1304 3436 1354 sunt.
3463 1304 3520 1348 nt
3555 1309 3618 1348 ex

2038 1385 2164 1441 Asia
2197 1386 2251 1440 in
2309 1386 2597 1441 Thraciam
2639 1403 2734 1458 per
2790 1387 3206 1456 Hellespontum
3261 1389 3621 1452 transmittat,

2038 1483 2464 1551 praeteriensque
2527 1489 2675 1549 petat
2729 1481 3126 1547 Macedoniam,
3159 1497 3222 1536 ac
3259 1482 3386 1536 inde
3416 1497 3512 1552 per
3539 1482 3622 1536 le-

2037 1581 2194 1640 gatos
2235 1571 2454 1626 fratrem
2513 1587 2692 1626 meum
2736 1573 2839 1628 sibi
2903 1573 3100 1628 adesse
3154 1573 3366 1644 jubeat,
3405 1576 3623 1629 occulte

2037 1679 2166 1717 vero
2192 1663 2457 1718 immissis
2516 1663 2964 1719 snsurratoribus
3004 1665 3146 1718 mala
3171 1665 3354 1735 gravia
3385 1665 3622 1720 commi-

2035 1767 2218 1821 netur,
2267 1757 2372 1812 nisi
2431 1771 2643 1812 morem
2698 1771 2894 1823 gerens
2939 1757 3200 1822 accedat;
3249 1757 3520 1826 pluraque
3554 1773 3621 1812 ac

2037 1865 2253 1920 magna,
2301 1865 2407 1918 qua
2463 1863 2558 1917 per
2599 1849 2830 1918 legatos,
2868 1864 2977 1919 qua
3025 1849 3286 1904 brevibus
3327 1850 3620 1904 destinatis

1963 1918 2005 1975 θ
2033 1918 2304 2011 epistolis,
2353 1941 2659 2008 promittat.
2693 1938 2822 1994 llatc
2849 1918 3031 1998 autem
3063 1937 3182 1994 fore
3210 1938 3616 2008 promittenda:

2038 2034 2154 2089 fore
2185 2045 2242 2089 ut
2268 2034 2403 2088 nihil
2457 2033 2791 2093 contristet;
2831 2042 2892 2086 ut
2918 2032 3174 2087 maximis
3218 2040 3415 2098 augeat
3442 2031 3619 2085 hono-

2036 2129 2210 2196 ribus,
2243 2142 2308 2182 ac
2341 2143 2504 2196 quam
2549 2127 2698 2181 brevi
2728 2129 3005 2190 remittat,
3037 2141 3139 2180 nec
3171 2127 3467 2196 quidquam
3501 2139 3620 2178 am-

2039 2192 2186 2290 plius
2211 2222 2320 2274 nlla
2357 2236 2589 2290 prorsus
2607 2235 2666 2273 re
2697 2219 3004 2274 molestiam
3039 2218 3225 2273 faciat.

330 2309 419 2372 ὡς
449 2310 711 2378 μάλιστα,
745 2312 842 2366 καὶ
896 2312 1294 2384 παραπέμψειν
1345 2313 1512 2368 αὐτὸν
1559 2313 1638 2377 ὡς
1667 2314 1928 2386 τάχιστα,
1968 2313 2064 2366 καὶ
2120 2313 2389 2384 μηδαμῶς
2439 2312 2640 2386 μηκέτι
2683 2312 3058 2384 διενοχλήσειν
3125 2312 3276 2383 αὐτῷ
3330 2314 3461 2383 περὶ
3507 2328 3615 2384 μη-

333 2403 495 2467 δενὸς
523 2405 631 2459 τῶν
659 2407 940 2464 ἁπάντων.

412 2497 598 2551 Ταῦτα
636 2499 738 2567 μὲν
769 2495 864 2554 οὖν
891 2503 1094 2556 ἐκεῖνοι
1128 2504 1266 2573 πρὸς
1294 2503 1391 2558 τὸν
1433 2506 1724 2575 σατράπην
1753 2521 1768 2534 ⁸
1805 2505 1835 2557 6
1873 2478 1930 2557 δὲ

334 2590 588 2660 ἐπείσθη.
643 2597 738 2643 καὶ
789 2593 969 2646 πάντα
1016 2597 1250 2664 πράττει
1290 2596 1732 2667 κακοηθέστερον
1781 2597 1929 2668 ἥπερ

333 2681 494 2750 αὖτῷ
535 2681 946 2739 συνεϐούλευον.
991 2685 1053 2738 Εἰ
1105 2686 1216 2755 γὰρ
1253 2686 1460 2755 φαῦλον
1493 2689 1588 2741 ἐπὶ
1617 2687 1797 2757 φαῦλα
1832 2706 1934 2742 κα-

330 2773 492 2827 λέσει
535 2791 642 2838 τις,
688 2774 720 2844 ἢ
770 2775 864 2828 καὶ
914 2777 1157 2846 χρηστὸν
1204 2779 1291 2831 ἐπ’
1339 2779 1542 2844 ἀγαθὰ,
1586 2779 1792 2834 Λυδὸν
1837 2782 1930 2847 εἰς

333 2863 576 2928 πεδίον,
629 2867 785 2932 φασί.
822 2866 932 2920 Καὶ
983 2866 1049 2936 δὴ
1095 2867 1193 2920 καὶ
1247 2862 1411 2931 οὗτος
1457 2869 1553 2922 ἐπὶ
1611 2869 1769 2939 κακῷ
1818 2870 1928 2923 τῶν

345 2953 670 3026 Ῥωμαίων,
700 2959 745 3034 ἢ
769 2960 862 3012 καὶ
898 2961 1053 3030 κοινῇ
1094 2959 1206 3014 τῶν
1233 2959 1568 3031 ἀνθρώπων,
1609 2961 1928 3034 προκεκλη-

341 3052 531 3118 μένος,
561 3051 773 3121 ἔτρεχε,
808 3051 980 3122 πολλῇ
1041 3051 1348 3122 κακοηθείᾳ
1405 3051 1588 3121 βάψας
1634 3054 1729 3106 τὸν
1754 3053 1926 3109 δόλον.

333 3143 452 3198 Καὶ
485 3143 599 3204 πῶς
638 3143 749 3213 γὰρ
777 3144 878 3200 οὐκ
911 3143 1139 3212 ἔμελλεν
1166 3146 1264 3214 οὐχ
1306 3147 1457 3208 ὅπως
1508 3148 1749 3215 τρέχειν,
1789 3148 1928 3203 ἀλλὰ

2101 2497 2182 2552 ita
2239 2495 2462 2565 quidem
2522 2493 2600 2549 illi
2645 2494 2710 2549 ad
2748 2503 3024 2564 satrapam
3053 2513 3069 2553 :
3103 2496 3192 2550 ille
3222 2512 3387 2566 porro
3421 2499 3620 2554 credit'

2030 2592 2375 2660 nequiusque
2436 2604 2500 2644 ac
2534 2589 2608 2642 illi
2641 2590 2992 2654 suasissent,
3044 2591 3301 2646 universa
3345 2596 3506 2662 gerit.
3542 2593 3614 2650 Ut

2027 2681 2173 2736 enim
2207 2681 2334 2750 quis
2401 2681 2453 2734 in
2491 2680 2632 2735 mala
2689 2689 2951 2749 provocet
2977 2682 3203 2745 malum,
3231 2693 3326 2738 aut
3349 2684 3514 2738 etiam
3543 2685 3600 2739 in

2027 2772 2168 2830 bona
2221 2774 2452 2834 bonum,
2490 2771 2695 2842 Lydum
2724 2772 2780 2824 in
2801 2787 3068 2840 campum,
3116 2775 3292 2829 aiunt.
3339 2775 3495 2829 Hunc
3523 2775 3617 2832 ille

2034 2881 2166 2922 sane
2197 2865 2444 2928 modum,
2508 2865 2563 2918 in
2595 2863 2994 2928 Romanorum,
3056 2879 3153 2921 seu
3181 2867 3343 2920 etiam
3377 2868 3602 2922 immani

2036 2957 2208 3013 totius
2233 2959 2454 3027 generis
2483 2967 2817 3026 provocatus
2853 2957 3078 3021 malum,
3117 2972 3217 3013 sua
3269 2952 3386 3028 ipse
3418 2968 3616 3028 sponte

2035 3049 2318 3104 incitatior
2338 3049 2617 3113 currebat,
2637 3047 2919 3118 multaque
2944 3048 3149 3104 malitia
3179 3050 3374 3104 suebat
3402 3041 3612 3104 dolum.

2035 3141 2138 3208 Qui
2169 3141 2337 3207 enim,
2386 3142 2584 3196 nedum
2613 3156 2806 3206 cursu,
2862 3143 2955 3199 sed
2988 3152 3042 3198 et
3073 3143 3288 3219 volans,
3343 3154 3401 3199 ut
3429 3155 3483 3200 ct
3514 3145 3614 3199 alre

336 3236 437 3287 καὶ
489 3232 776 3296 πέτεσθαι,
807 3232 970 3304 εἰπερ
1018 3234 1155 3302 ἐνῆν
1188 3234 1360 3304 φῦσαι
1407 3236 1607 3306 πτερὰ,
1641 3239 1668 3291 6
1696 3237 1775 3308 τῷ
1815 3239 1922 3292 2a-

2029 3235 2254 3290 adnasci
2305 3235 2640 3304 potuissent,
2693 3243 2994 3306 appeteret,
3039 3238 3134 3307 qui
3183 3238 3402 3292 Satana:
3455 3239 3615 3293 obse-

332 3329 439 3382 τᾶν
481 3327 951 3397 ὑπηρετοῦμενος,
983 3321 1136 3396 ᾧτινι
1188 3323 1424 3398 τοῦργον
1472 3330 1629 3383 οὐδὲν
1661 3329 1853 3403 ἕτερον
1887 3331 1920 3402 ἢ

334 3423 401 3473 τ’)
443 3421 692 3490 μηχανὰς
724 3420 866 3475 κατὰ
893 3418 1006 3475 τῶν
1037 3420 1247 3475 πιστῶν
1296 3421 1559 3489 πλέκεινς
1595 3423 1790 3478 Καίτοι
1828 3423 1925 3478 καὶ

331 3507 495 3576 οὗτος
527 3513 748 3567 οἴκοθεν
781 3513 934 3566 οὐδὲν
964 3513 996 3584 ἢ
1045 3513 1232 3577 δόλους
1283 3513 1499 3580 ὤδινεν,
1529 3517 1634 3578 ἕως
1668 3517 1923 3571 ἐδεδώκει

332 3608 516 3676 δίκην,
547 3602 622 3661 ὧν
669 3607 749 3669 εἰς
787 3607 918 3671 τοὺς
959 3607 1071 3660 τῶν
1104 3607 1350 3662 εὐσεϐῶν
1391 3608 1651 3678 ἐξύϐρισε
1699 3611 1920 3672 παῖδας.

336 3702 453 3753 Καὶ
512 3700 696 3754 τοίνυν
750 3701 845 3754 καὶ
903 3700 1003 3770 τὴν
1050 3700 1280 3770 λεοντῆν
1340 3701 1436 3754 καὶ
1483 3705 1584 3774 τὴν
1628 3703 1924 3776 ἀλωπεκῆν

332 3793 563 3859 ὑποδὺς,
596 3793 694 3846 καὶ
740 3792 954 3863 συχνῶς
995 3792 1167 3856 αὐτὰς
1195 3792 1575 3848 ὑπαλλάττων
1599 3835 1615 3860 ,
1652 3793 1924 3865 κρύπτειν

332 3884 558 3956 ἐνόμιζε
608 3885 703 3938 τδν
749 3884 920 3961 aitagit
962 3885 1195 3964 σκοπόν.
1243 3883 1303 3938 Ὀ
1334 3884 1390 3938 δὲ
1425 3885 1520 3939 καὶ
1570 3885 1695 3941 λίαν
1745 3888 1924 3958 σαφὴς

329 3975 402 4050 ἦν
438 3994 454 4009 ·
508 3979 597 4032 ἵνα
647 3978 758 4048 γὰρ
800 3977 902 4050 ἕλῃ
944 3979 1037 4032 τδν
1089 3977 1378 4049 τρέχοντα,
1423 3979 1518 4031 καί⁵
1558 3978 1656 4042 τὰς
1709 3981 1923 4032 ἐκείνου

333 4073 761 4142 παραστήσηται
790 4071 992 4138 πόλεις,
1025 4071 1126 4124 καὶ
1156 4069 1340 4142 ψυχὰς
1371 4068 1510 4142 ὁμοῦ
1562 4074 1659 4125 καὶ
1690 4071 1924 4143 σώματα

331 4163 649 4237 διαφθείρῃ.

353 4345 360 4350 ’
407 4347 600 4404 Ταῦτα
651 4350 752 4419 μὲν
801 4347 897 4402 οὖν
944 4349 1037 4402 τὸν
1088 4348 1320 4416 ἀδελφὸν
1373 4349 1438 4403 οὐ
1498 4349 1752 4404 διέλαθε·
1800 4351 1924 4415 πῶς

333 4442 480 4510 γὰρς
527 4441 638 4494 δέει
690 4441 876 4509 μέντοι
927 4441 1024 4494 τοῦ
1061 4442 1138 4512 μὴ
1168 4441 1321 4506 δόξαι
1356 4440 1562 4512 μᾶλλον
1588 4442 1856 4511 φιλόζωος
1885 4442 1919 4514 ἢ

334 4531 725 4603 φιλάνθρωπος
758 4532 854 4584 καὶ
902 4533 1192 4601 φιλότιμος
1224 4527 1364 4588 εἶναι
1397 4535 1621 4606 δέχεται
1665 4536 1758 4590 τὸν
1805 4537 1922 4591 κίν-

2028 3329 2218 3400 quium
2250 3339 2559 3400 praestaret,
2593 3331 2681 3384 cui
2718 3329 2768 3384 id
2827 3344 2995 3384 unum
3026 3345 3205 3400 operae
3238 3332 3471 3401 pretium
3504 3340 3609 3394 est,

2026 3432 2086 3478 ut
2115 3423 2397 3478 machinas
2441 3424 2710 3493 dolosque
2773 3433 2956 3479 nectat
3000 3423 3056 3479 in
3116 3425 3318 3480 Christi
3378 3423 3615 3481 fideles?

2027 3514 2358 3583 Quanquam
2412 3525 2466 3570 et
2504 3516 2622 3582 ipse
2673 3515 2806 3570 nihil
2862 3531 2894 3572 a
2942 3532 3017 3573 se
3049 3518 3196 3572 aliud
3243 3533 3405 3588 quam
3451 3519 3610 3574 dolos

2025 3611 2343 3679 parturiret,
2404 3611 2578 3664 donec
2614 3611 2915 3667 ulciscente
2957 3609 3194 3666 Numine
3245 3627 3434 3679 pmnas
3459 3612 3612 3667 dedit

2025 3717 2214 3758 earnm
2253 3695 2604 3772 injuriarum,
2639 3704 2844 3772 quibus
2878 3703 3066 3760 ﬁdeles
3106 3713 3375 3759 vesasset.
3403 3705 3610 3760 Leoni-

2026 3809 2152 3848 nam
2194 3794 2380 3863 itaque
2407 3809 2472 3849 ac
2493 3794 2773 3864 vulpinam
2807 3795 3052 3860 indutus,
3090 3795 3388 3865 ambasque
3416 3797 3611 3854 crebro

2028 3896 2268 3948 mutans,
2321 3883 2655 3938 destinatum
2693 3897 2752 3938 se
2785 3882 2950 3937 finem
3017 3884 3324 3937 celaturum
3359 3886 3608 3954 putabat.

2033 3973 2128 4028 ille
2189 3974 2550 4028 nihilominus
2576 3972 2736 4027 valde
2771 3974 2960 4041 utique
2990 3973 3320 4041 perspicuus
3350 3981 3491 4030 erat.
3527 3975 3606 4030 Eo

2027 4065 2227 4135 quippe
2285 4080 2398 4119 rem
2464 4073 2634 4118 totam
2705 4063 3050 4129 moliebatur,
3109 4073 3167 4118 ut
3219 4078 3604 4123 occurrentem

2026 4166 2266 4225 caperet,
2299 4157 2532 4227 ejusque
2564 4157 2730 4212 urbes
2761 4157 2814 4210 in
2844 4155 3179 4213 deditionem
3213 4159 3512 4230 acciperet,
3543 4175 3610 4216 ae

2026 4254 2239 4310 animas
2261 4253 2424 4309 simul
2449 4269 2514 4324 ac
2541 4269 2775 4324 corpora
2812 4254 3087 4324 perderet.

2103 4345 2260 4400 Haud
2283 4347 2479 4415 itaque
2523 4346 2747 4402 fratrem
2805 4348 2893 4402 illa
2930 4348 3254 4404 latuerunt:
3306 4349 3400 4419 qui
3459 4349 3607 4404 enim

2025 4439 2375 4509 potuissent?
2398 4437 2619 4494 Veritus
2642 4449 2844 4504 tamen,
2872 4455 2941 4494 ne
2965 4441 3090 4494 vine
3121 4442 3409 4496 amantior
3439 4457 3604 4512 quam

2028 4530 2192 4585 olﬁcii
2221 4545 2286 4585 ac
2315 4532 2547 4586 honoris
2595 4532 2898 4597 videretur,
2934 4533 3240 4602 periculum
3286 4550 3385 4604 pro
3416 4536 3605 4592 multis

332 4626 491 4679 δυνον
530 4625 675 4697 ὑπὲρ
702 4624 814 4679 τῶν
861 4625 1078 4680 πολλῶν
1104 4643 1118 4657 ’
1150 4626 1210 4690 ὃς
1239 4627 1302 4682 οὐ
1347 4627 1542 4683 τοῦτον
1585 4629 1914 4700 πρώτιστον,

2029 4621 2160 4676 adit.
2194 4620 2305 4677 Nec
2349 4638 2481 4677 vero
2511 4623 2647 4678 illud
2681 4623 2944 4693 primum,
2999 4624 3075 4678 uti
3129 4639 3231 4679 nec
3257 4635 3598 4694 postremum

331 4717 528 4788 ὥσπερ
564 4718 677 4772 οὐδ’
729 4715 983 4783 ὕστατον,
1032 4719 1266 4789 ὑπέστη.
1305 4721 1427 4775 Alei.
1476 4723 1585 4792 γὰρ
1620 4723 1722 4793 τῆς
1753 4723 1920 4777 αὐτοῦ

331 4809 485 4880 ζωῆς
539 4809 722 4878 ὀλίγον
770 4809 968 4880 ἔμελεν
1051 4808 1201 4881 αὐτῷ
1249 4810 1394 4881 ὑπὲρ
1442 4811 1627 4882 δόξης,
1674 4814 1771 4868 καὶ
1821 4814 1920 4868 τοῦ

332 4907 553 4973 γένους,
590 4901 688 4957 καὶ
729 4901 922 4964 ἁπλῶς
959 4899 1056 4956 τοῦ
1105 4903 1434 4972 γιγνομένου
1489 4904 1722 4969 παντὸς,
1760 4905 1920 4969 εἰδὼς

334 4997 431 5049 καὶ
462 4992 610 5048 τοῦτ’
638 4991 907 5065 ἀκριϐῶς.
936 4993 1014 5058 ὡς
1059 4993 1121 5048 τὸ
1171 4993 1281 5048 τῶν
1322 4995 1602 5065 ἀρχόντων
1635 4997 1920 5069 συμφέρον

297 5089 390 5152 ῤἐν
433 5085 514 5156 τῷ
556 5083 668 5138 τῶν
715 5085 1039 5156 ἀρχομένων
1089 5083 1352 5154 ἄντικρυς
1385 5087 1590 5141 κεῖται.
1622 5085 1788 5140 Ὅθεν
1818 5088 1920 5156 τὴν

336 5178 559 5231 ζειιείνων
591 5175 944 5247 εὐδαιμονίαν
978 5175 1117 5230 ἰδίαν
1151 5169 1293 5230 εῖναι
1344 5175 1606 5246 νομίζων,
1636 5179 1752 5240 τοίς
1781 5180 1917 5232 πᾶσι

335 5267 514 5320 πάντα
569 5268 810 5338 ἐγένετο,
845 5268 932 5321 ἵνα
971 5267 1177 5331 πάντες
1226 5265 1290 5320 εὖ
1333 5265 1627 5337 πράξαιεν.
1657 5267 1817 5322 Οὕτω
1848 5269 1916 5324 τὰ

331 5359 478 5430 ὑπὲρ
508 5361 712 5427 αὐτων,
739 5359 930 5428 ὥσπερ
971 5359 1040 5413 τὰ
1068 5360 1210 5430 ὑπὲρ
1253 5359 1423 5413 αὐτοῦ
1453 5359 1674 5428 ἐνόμιζέ
1718 5378 1780 5413 τε
1821 5362 1917 5415 καὶ

329 5451 628 5525 ἔπραττεν,
663 5449 723 5508 εὖ
763 5453 967 5509 ποιῶνο
1009 5452 1108 5508 καὶ
1156 5456 1224 5508 τὰ
1271 5452 1574 5522 ἀλγύνοντα
1604 5453 1792 5524 ἔφερε,
1823 5453 1918 5508 καὶ

330 5546 461 5613 τοὺς
487 5548 632 5618 μετὰ
655 5546 815 5617 δόξης
847 5545 1136 5612 κινδύνους
1171 5545 1372 5618 ῥᾳδίως
1405 5546 1697 5616 ὑφίστατο.

406 5725 570 5789 Ὀλος
619 5721 712 5780 οὖν
758 5726 947 5798 γέμων
983 5726 1288 5796 λογισμῶν,
1323 5720 1400 5780 ὧν
1446 5726 1550 5779 κᾶν
1596 5728 1942 5793 Πλάτωνες..

335 5817 444 5871 κᾶν
486 5817 857 5889 Ἀλέξανδροι,
885 5819 915 5871 6
947 5817 1131 5890 πατὴρ
1163 5818 1314 5888 ὑμῖν,
1345 5818 1372 5870 6
1403 5818 1581 5888 φίλος,
1615 5820 1643 5871 6
1690 5820 1915 5873 παιδευ-

334 5907 456 5980 τὴς,
475 5911 504 5963 6
541 5909 895 5980 φροντιστὴς,
925 5911 951 5963 6
981 5908 1257 5981 κηδεμὼν,
1276 5910 1304 5962 6
1329 5909 1621 5982 δεσπότης,
1643 5911 1671 5965 6
1699 5911 1790 5966 τὸν
1825 5912 1912 5964 τά·

2025 4713 2180 4768 adiit.
2209 4714 2440 4784 Semper
2466 4714 2614 4770 enim
2654 4717 2885 4772 minoris
2948 4715 3242 4772 aestimavit
3289 4718 3456 4773 vitam
3496 4725 3638 4788 pra!

2023 4805 2195 4875 gloria
2238 4820 2302 4860 ac
2325 4817 2507 4873 gente,
2529 4821 2595 4861 ac
2619 4807 2799 4877 siquid
2833 4809 3127 4863 universim
3161 4824 3343 4878 Operae
3361 4815 3599 4880 pretium

2021 4899 2336 4964 videretur:
2398 4898 2491 4968 qui
2548 4899 2652 4954 hoc
2712 4915 2934 4970 quoque
2983 4900 3269 4969 perspicue
3300 4911 3510 4966 nosset,
3543 4911 3604 4956 ut

2023 4990 2446 5061 magistratuum
2501 4991 2926 5060 principumque
2972 4991 3186 5046 utilitas
3243 4993 3296 5044 in
3348 4992 3600 5046 subdito-

2022 5097 2142 5136 rum
2183 5084 2428 5139 vicissim
2493 5083 2802 5138 commodis
2830 5082 3009 5151 posita
3037 5081 3130 5135 sit.
3173 5083 3378 5135 Eorum
3408 5083 3599 5153 itaque

2022 5172 2340 5230 felicitatem
2421 5189 2580 5230 suam
2638 5173 2815 5243 ipsius
2868 5180 3044 5239 ratus,
3103 5174 3362 5230 omnibus
3413 5177 3598 5232 omnia

2020 5266 2204 5333 ﬁebat,
2238 5276 2300 5321 ut
2328 5265 2587 5326 omnibus
2618 5263 2999 5320 benefaceret:
3042 5265 3122 5321 sic
3145 5267 3254 5321 illis
3286 5282 3350 5323 ac
3372 5269 3473 5323 sibi
3497 5269 3598 5339 ipsi

2019 5356 2382 5411 conducibilia
2415 5353 2700 5424 reputabat
2759 5354 2966 5424 pariter
2997 5355 3326 5426 agebatque,
3354 5372 3478 5411 cum
3522 5357 3596 5412 ita

2021 5449 2310 5503 honestum
2367 5447 2660 5511 suaderet;
2695 5445 3038 5518 ferebatque,
3089 5464 3213 5517 qnze
3251 5449 3478 5504 molesm
3509 5465 3599 5503 es-

2019 5547 2164 5603 sent,
2201 5553 2266 5594 ac
2287 5538 2531 5610 pericula
2589 5538 2843 5593 habentia
2874 5539 3104 5611 gloriam
3157 5538 3316 5595 facile
3359 5539 3598 5595 sustine-

2020 5629 2135 5685 bat.

2090 5721 2263 5779 Totus
2293 5738 2424 5794 ergo
2452 5725 2522 5780 iis
2547 5726 2876 5795 cogitatibus
2898 5727 3112 5797 plenus,
3141 5727 3341 5796 quibus
3371 5723 3452 5776 vel
3472 5722 3596 5777 Pla-

2020 5827 2193 5882 tones,
2228 5817 2311 5874 vel
2342 5820 2656 5884 Alexandri,
2695 5830 2848 5892 pater
2877 5823 2964 5877 ille
2996 5831 3196 5885 vester,
3219 5819 3309 5873 ille
3341 5818 3593 5884 amicus;

2017 5920 2337 5983 praeceptor,
2395 5913 2698 5985 prudentiae
2747 5913 2958 5982 doctor,
2989 5921 3230 5980 curator,
3283 5911 3591 5978 dominus;
