4060 6618
478 429 586 494 223

1598 430 2001 490 MANUELIS
2036 431 2173 491 PAL
2186 431 2475 494 EOLOGI

3730 430 3843 496 ρει

475 546 566 600 ille
591 542 735 614 apud
786 555 885 596 vos
916 556 1131 613 agens;
1177 556 1304 596 cum
1351 543 1575 609 medici,
1629 555 1742 597 tum
1788 546 2045 614 pastoris,

2155 565 2255 600 πον
2286 547 2530 618 ἀκριϐῶς
2560 546 2864 612 διασώζων,
2898 548 3063 618 ἡνίκα
3096 546 3213 600 σὺν
3258 546 3424 615 ὑμῖν
3462 540 3571 617 ἦν,
3608 545 3735 599 τῶν
3774 563 3837 601 τε

470 635 985 706 gubernatorisque,
1036 649 1101 688 ac
1134 634 1378 688 omnium
1425 634 1683 704 deinceps
1712 636 2037 689 salutarium

475 741 659 782 rerum
685 726 891 794 pariter
923 739 989 779 ac
1019 725 1319 789 nominum,
1351 724 1591 794 perfecte
1614 725 1792 779 locum
1827 735 2039 792 tenens,

474 832 769 886 quemque,
805 827 864 870 ut
901 818 1084 871 omnia
1115 816 1279 872 verbo
1311 817 1667 885 complectar,
1702 819 1909 873 nullum
1940 815 2039 871 de-

480 909 663 963 ﬁceret
703 909 907 961 bonum
933 924 951 961 :
986 922 1046 962 se
1106 908 1223 976 ipse
1252 922 1353 976 pro
1380 908 1521 971 suis.
1553 917 1721 977 atque
1753 908 1889 962 adeo
1916 907 2040 974 plu-

476 1003 634 1056 rimis
664 1001 806 1063 aliis,
855 1016 1143 1071 spernens,
1174 1012 1449 1071 satrapam
1487 1002 1622 1066 adit,
1678 1017 1801 1055 cum
1835 1002 2040 1055 nullam

481 1093 632 1161 prius
662 1093 896 1145 adeundi
935 1092 1157 1159 fecisset
1183 1108 1360 1161 spem,
1392 1096 1504 1147 imo
1534 1103 1785 1162 negasset
1814 1092 2038 1156 iturum,

482 1197 542 1238 ut
558 1201 623 1238 ex
656 1186 929 1253 insperata
983 1187 1269 1252 praesentia
1298 1187 1513 1240 dulcius
1547 1187 1805 1249 alliceret,
1836 1201 2043 1257 proque

477 1274 556 1327 rei
613 1275 1077 1344 inexspectatione
1132 1277 1339 1345 gratior
1397 1286 1631 1347 tyranno
1684 1289 2038 1347 occurreret,

477 1364 748 1434 simulque
805 1368 1115 1423 ostenderet
1147 1368 1448 1437 profectum
1496 1383 1557 1424 se
1588 1372 1895 1436 voluntate,
1931 1388 2042 1427 non

475 1458 604 1526 quia
642 1459 731 1513 ille
788 1461 1068 1516 blanditiis
1123 1472 1219 1516 aut
1275 1464 1440 1519 minis
1483 1463 1808 1535 decepisset.
1873 1465 2034 1521 Illum

480 1551 685 1621 itaque.
718 1568 926 1623 nosque
979 1553 1030 1609 ei
1063 1556 1266 1619 socios,
1299 1558 1391 1624 qui
1432 1558 1648 1625 priores
1679 1558 2039 1623 venissemus,

478 1640 698 1700 Pherris
751 1647 880 1701 urbe
905 1646 1132 1702 invenit.
1188 1646 1400 1702 Etenim
1433 1649 1537 1717 ipsi
1574 1665 1815 1720 quoque,
1852 1664 2045 1705 accer-

481 1744 643 1791 sente
674 1736 787 1802 illo,
813 1753 1161 1800 veneramus.
1196 1754 1320 1794 cum
1363 1744 1818 1811 gravis’quaadam
1852 1758 2044 1799 neces-

478 1826 637 1890 sitas,
668 1843 766 1897 pro
793 1830 1132 1887 subditorum
1160 1832 1495 1903 depellendis
1561 1836 1837 1904 periculis.
1869 1850 1934 1891 eo
1956 1850 2043 1891 me

479 1925 609 1972 tunc
641 1921 1011 1988 praemisisset.
1040 1923 1152 1982 Hoc
1182 1939 1346 1995 porro
1367 1924 1714 1981 interdictum
1745 1927 1904 1983 nobis
1945 1944 2044 1983 vo-

479 2009 781 2075 lueramus,
811 2019 870 2066 ut
910 2028 997 2076 ne,
1033 2013 1280 2083 inqttam,
1303 2016 1579 2073 adiremus
1624 2018 1808 2073 simul.
1834 2017 2046 2087 Quippe

480 2100 765 2156 videbatur
805 2103 946 2161 haud
993 2104 1065 2158 ita
1118 2113 1231 2158 tuta
1282 2114 1471 2161 nostra
1503 2107 1569 2161 ad
1601 2122 1724 2162 cum
1755 2107 2043 2176 profectio,

481 2208 605 2248 cum
641 2194 732 2247 ille
761 2195 971 2263 pridem
1004 2197 1247 2265 iniquam
1284 2198 1339 2252 in
1365 2214 1464 2254 nos
1492 2214 1681 2255 necem
1719 2201 2041 2271 parturiret.

480 2281 691 2336 Accidit
717 2292 894 2337 tamen
925 2284 1142 2352 plenum
1177 2286 1310 2342 illud
1333 2289 1548 2353 timore,
1583 2303 1707 2344 cum
1735 2306 1836 2360 ego
1861 2292 2044 2347 adhuc

482 2386 606 2425 eum
639 2372 783 2426 domi
815 2382 1088 2441 putarem,
1123 2376 1281 2462 isque
1310 2378 1554 2433 vicissim
1593 2380 1831 2450 idipsum
1858 2382 1927 2436 de
1957 2398 2042 2435 me

483 2463 769 2531 cogitaret,
818 2479 882 2520 ac
915 2466 1153 2521 velntex
1180 2470 1434 2524 condicto
1488 2485 1735 2527 essemus
1777 2472 2041 2541 proiecti,

483 2555 811 2620 eademdie,
851 2566 909 2611 ut
940 2558 1076 2613 bene
1133 2562 1478 2616 meminerim
1508 2577 1533 2627 ',
1562 2578 1626 2618 ac
1653 2565 1697 2618 si
1722 2565 1826 2632 vis,
1855 2567 2042 2621 eadem

380 2722 387 2731 .
485 2649 600 2718 ipsa
628 2649 782 2705 hora.
816 2650 920 2706 Sed
950 2660 1004 2705 et
1031 2653 1230 2707 accidit
1254 2654 1386 2723 quid
1410 2656 1586 2725 pejus,
1612 2664 1674 2711 ut
1705 2672 1898 2727 nempe
1920 2674 2047 2713 etn-

484 2755 583 2795 nes
608 2740 715 2795 ullo
743 2742 906 2797 modo
923 2742 1358 2800 Christianorum
1392 2747 1561 2803 duces
1587 2747 1794 2804 circum
1820 2748 2045 2806 Persam

484 2831 748 2900 stiparent
772 2849 788 2898 ;
821 2833 914 2901 qui
951 2834 1209 2889 nimirum
1243 2836 1308 2891 ad
1328 2851 1454 2892 eum
1479 2836 1639 2902 itare,
1665 2840 1826 2908 eique
1850 2839 2047 2895 adesse

484 2923 628 2977 soliti
671 2933 846 2978 erant.
879 2924 1049 2980 Multo
1121 2928 1327 2997 quippe
1381 2929 1563 2984 studio
1593 2939 2046 2999 congregaverat,

486 3029 829 3092 communem
863 3016 1104 3071 omnium
1136 3017 1416 3073 interitum
1440 3021 1729 3077 meditans.
1765 3021 1936 3078 Porro
1968 3023 2043 3076 illi

488 3120 667 3173 operte
691 3107 864 3181 magis
889 3107 1123 3176 pretium
1147 3118 1489 3176 putaverant,
1514 3120 1573 3165 ut
1603 3112 1723 3181 ejus
1746 3121 2047 3168 conventus

2148 638 2370 708 ἰατρῶν,
2410 638 2517 691 τῶν
2549 655 2608 691 τε
2635 639 2932 708 ποιμένων,
2965 638 3075 691 τῶν
3099 656 3166 691 τε
3206 637 3380 690 κυϐε
3394 635 3677 706 ρνητῶν,
3714 636 3831 689 τῶν

2145 746 2202 781 τε
2226 728 2511 799 σωτηρίων
2566 728 2693 797 ἐξῆς
2748 729 3008 783 ἁπάντων
3066 731 3169 782 καὶ
3242 728 3669 800 πραγμάτων
3726 729 3829 781 καὶ

2145 823 2524 892 προσρήσεων,
2556 824 2654 875 καὶ
2692 823 2779 875 ἵνα
2808 822 2870 876 τὸ
2913 825 3023 876 πᾶν
3054 822 3335 890 εἴποιμι,
3374 813 3431 888 ᾧ
3478 820 3679 889 μηδὲν
3708 821 3829 874 τῶν

2145 913 2364 980 ἀγαθῶν
2422 912 2486 966 οὐ
2548 914 2751 983 παρῆν,
2781 914 3083 981 ἀφειδήσας
3134 911 3387 967 ἑαυτοῦ
3450 911 3653 964 ἕνεκα
3705 912 3824 963 τῶν

2145 1002 2364 1063 ἑαυτοῦ,
2397 1002 2492 1055 καὶ
2519 1002 2585 1071 δὴ
2613 1004 2709 1056 καὶ
2743 1003 3015 1058 πλείστων
3048 1004 3313 1071 ἐτέρων,
3365 1003 3633 1073 ἔρχεται
3673 1004 3820 1071 πρὸς

2144 1095 2236 1147 τὸν
2269 1095 2574 1163 σατράπην,
2613 1095 2689 1164 μὴ
2722 1096 2849 1158 δοὺς
2879 1096 3029 1165 αὐτῷ
3058 1097 3372 1164 πρότερον
3423 1095 3713 1163 θσρῤεἶν-
3735 1094 3817 1157 ὡς

2144 1185 2399 1253 ἀφίξεται
2420 1201 2434 1214 ⁸
2467 1185 2603 1238 ἀλλὰ
2632 1187 2969 1249 τούναντίον,
2999 1185 3450 1254 ἀπαγορεύσας
3487 1185 3608 1256 τὴν
3656 1185 3817 1237 ἕλευ-

2147 1294 2251 1343 σιν,
2285 1273 2406 1352 ίν“ᾖ
2432 1280 2527 1332 κει.)⁵
2577 1278 2744 1330 πλέον
2785 1278 2919 1348 ἡδὺς
2963 1278 3172 1347 φανεὶς,
3214 1268 3525 1347 μηδόλαίς
3573 1276 3807 1340 ἐλπιζό-

2148 1388 2331 1441 μενοζ,
2361 1359 2459 1433 καὶ
2482 1368 2560 1439 τῷ
2584 1370 2986 1441 ἀπροσδοκήτῳ
3023 1368 3118 1422 τοῦ
3151 1370 3558 1439 πράγματος
3594 1367 3809 1437 ἐκείνῳ

2148 1464 2347 1536 μᾶλλον
2394 1464 2726 1536 χαρίσηται·
2782 1462 2930 1535 δείξῃ
2982 1462 3040 1515 δὲ
3093 1460 3318 1533 γνώμῃ
3401 1462 3569 1529 πρὸς
3628 1460 3805 1513 αὐτὸν

2144 1556 2553 1628 παραγεγονὼς,
2581 1556 2676 1609 καὶ
2719 1556 2781 1608 οὐ
2806 1557 2931 1615 ταῖς
2964 1554 3240 1615 θωπείαις
3297 1552 3505 1607 αὐτοῦ
3540 1554 3652 1604 καὶ
3679 1555 3804 1615 ταῖς

2145 1647 2400 1710 ἀπειλαῖς
2454 1645 2841 1716 ἐξαπατηθείς.
2883 1646 3144 1716 Εὑρίσκει
3187 1644 3416 1698 τοίνυν
3468 1642 3687 1697 τοῦτον
3738 1645 3797 1695 ἐν

2145 1741 2262 1802 ταῖς
2313 1741 2570 1811 Φερραϊς,
2610 1739 2722 1801 ,καὶ
2773 1739 2943 1807 ἡμᾶς,
2980 1740 3191 1791 ἐκεῖνον
3244 1737 3648 1804 φθάσαντας,
3697 1735 3799 1787 σὺν

2069 1876 2119 1937 Β
2148 1833 2317 1902 αύτῷ.
2346 1833 2656 1901 Πεμπταῐοι
2690 1830 2801 1901 γὰρ
2842 1826 2986 1900 ἦμεν
3039 1830 3335 1891 ἐλθόντες,
3394 1829 3679 1935 ἀνάγκης
3706 1827 3787 1937 ’δη

2147 1940 2291 1985 τινος
2323 1923 2552 1992 ἰσχυρᾶς
2585 1922 2726 1991 ὑπὲρ
2757 1920 2852 1974 τοῦ
2887 1919 3152 1991 ρνσθῆναι
3184 1920 3499 1973 κινδύνων
3527 1918 3672 1982 τοὺς
3699 1918 3790 1984 ὑφ’

2144 2011 2294 2081 ἡμᾶς
2322 2010 2501 2063 ἐκεϊσέ
2538 2027 2606 2079 με
2642 2010 2764 2063 τότε
2813 2009 3312 2079 παραπεμψάσης.
3350 2007 3581 2061 Καίτοι
3618 2007 3785 2060 τοῦτο

2143 2104 2276 2172 ἡμῖν
2308 2101 2591 2164 παντελῶς
2639 2102 2714 2164 ὡς
2761 2100 3071 2170 ἀπείρητο’
3097 2100 3249 2167 λέγω
3290 2100 3367 2170 δὴ
3401 2101 3472 2153 τὸ
3523 2099 3781 2169 ἀμφοτέ-

2147 2212 2273 2267 ρους
2298 2194 2458 2266 “πρδς
2498 2195 2710 2248 ἐκεῖνον
2743 2192 2861 2263 ἅμα
2889 2192 3354 2262 παραγενέσθαι.
3407 2191 3639 2245 Ἐδόκει
3671 2192 3776 2258 γὰρ

2144 2287 2245 2341 οὐκ
2286 2286 2529 2356 ἀσφαλὲς
2560 2283 2738 2355 ταύτῃ
2770 2284 3031 2353 γενέσθαι
3079 2282 3181 2354 τὴν
3218 2283 3548 2353 ἡμετέραν
3582 2282 3774 2349 ἐπιδη-

2150 2379 2280 2449 μίαν
2313 2381 2467 2447 παρά
2513 2377 2606 2432 τὸν
2663 2377 2833 2430 πάλαι
2882 2376 3005 2429 καθ’
3044 2375 3204 2444 ἡμῶν
3245 2364 3468 2429 ᾶδίκον
3501 2373 3768 2427 ὠδίνοντα

2145 2469 2324 2538 φόνον.
2359 2467 2565 2538 Συνέϐη
2602 2466 2647 2521 δ’
2692 2468 2842 2538 ὅμως
2889 2468 2951 2521 sb
2983 2468 3234 2539 φοϐερὸν,
3270 2467 3434 2538 ἐμοῦ
3478 2467 3593 2534 μὲν
3620 2467 3762 2519 οἴκοι

2148 2562 2332 2633 μένειν
2358 2562 2566 2614 ἐκεῖνον
2592 2560 2677 2614 ἐτι
2715 2558 3050 2629 νομίζοντος,
3086 2559 3363 2613 κάκείνου
3397 2560 3449 2614 δ’
3485 2558 3562 2612 αὖ
3591 2557 3762 2611 ’πάλιν

2146 2653 2275 2723 περὶ
2307 2652 2444 2721 ἐμοῦ
2477 2651 2544 2705 τὰ
2590 2653 2681 2705 ῐσα
2702 2649 3109 2722 ’λογιζομένων
3144 2651 3240 2705 καὶ
3272 2650 3494 2722 ὥσπερ
3525 2654 3595 2705 ἐκ
3640 2665 3763 2703 συν-

2148 2744 2390 2816 θήματος
2439 2742 2654 2798 οῐκοθεν
2701 2742 3033 2807 ἐξελθόντων
3064 2742 3313 2813 ἡμέραν,
3361 2744 3420 2796 εί
3460 2744 3757 2813 μέμνημαι

2148 2838 2351 2901 καλῶς,
2406 2836 2507 2908 τὴν
2570 2836 2777 2905 αὐτήνο
2807 2836 2856 2887 εί
2915 2834 3098 2902 βούλει
3140 2833 3196 2887 δέ
3254 2851 3354 2901 γε,
3413 2835 3517 2889 καὶ
3581 2831 3754 2902 ὥραν.

2146 2929 2418 2982 Συνέπεσε
2474 2926 2532 2980 δέ
2588 2943 2642 2980 τι
2695 2926 2791 2979 καὶ
2846 2926 3047 2995 χεῖρον.
3085 2920 3240 2979 Εἶναι
3292 2925 3417 2998 γὰρ
3465 2926 3621 2993 ἀμφὶ
3663 2922 3751 2975 τὸν

2147 3024 2366 3090 Πέρσην
2404 3021 2531 3084 τοὺς
2563 3018 2660 3074 καὶ
2710 3017 2963 3073 ὁπωσοῦν
3014 3018 3441 3086 ἐξηγουμένους
3484 3019 3751 3085 Χριστια-

2147 3112 2254 3167 νῶν
2276 3128 2293 3145 ·
2326 3112 2471 3180 λέγω
2497 3111 2555 3164 δὲ
2598 3110 2725 3174 τοὺς
2750 3109 3011 3172 εἰωθότας
3038 3109 3115 3172 ὡς
3144 3109 3314 3162 αὑτὸν
3354 3105 3743 3179 ἀφικνεῖσθαι.

406 3236 415 3243 ρ
486 3198 659 3251 aleam
695 3196 966 3261 subirent,
994 3213 1158 3268 quam
1194 3206 1254 3253 ut
1277 3200 1491 3269 iubenti
1521 3216 1726 3256 morem
1753 3216 1863 3256 non
1894 3217 2049 3272 gere-

2161 3205 2400 3268 Ἐκείνός
2450 3222 2510 3258 τε
2552 3204 2667 3274 γὰρ
2702 3202 2901 3267 αὐτοὺς
2931 3202 3209 3271 ἐπιμελῶς
3244 3201 3547 3272 ἥθροιζεν,
3577 3198 3745 3269 ἄρδην

486 3300 627 3344 rent.
655 3286 762 3344 Res
791 3303 922 3344 sane
946 3288 1099 3358 plena
1114 3284 1374 3358 “periculo
1396 3292 1652 3347 omnibus
1670 3293 1864 3349 merito
1896 3293 2081 3351 vide-'

486 3382 670 3450 batur,
694 3392 752 3437 nt
775 3384 841 3438 ad
864 3398 988 3438 eum
1012 3383 1252 3439 universi
1274 3383 1437 3440 simul
1466 3384 1829 3443 conﬂuerent.
1863 3387 2051 3459 Neque

487 3474 632 3530 enim
689 3484 844 3530 erant
881 3476 975 3547 qui
1015 3479 1191 3533 virum
1246 3477 1554 3542 nescirent,
1606 3478 1835 3549 ejusque
1864 3465 1924 3535 in
1953 3495 2050 3536 eos

487 3565 861 3621 voluntatem:
923 3567 1044 3638 ejus
1106 3579 1286 3624 tamen
1342 3571 1615 3628 mandatis
1665 3571 1812 3627 nolle
1842 3587 2053 3629 morem
2100 3572 2105 3575 “

488 3674 698 3735 gerere,
729 3660 779 3713 id
816 3674 947 3715 vero
989 3661 1257 3731 gravioris
1288 3660 1448 3731 longe
1500 3662 1728 3732 periculi
1756 3663 2048 3719 ducebant.

486 3749 674 3820 Neque
703 3751 848 3806 enim
866 3767 1008 3817 esse,
1030 3754 1124 3820 qui
1149 3762 1471 3823 contempta!
1497 3753 1765 3824 jussionis
1791 3756 2050 3825 injuriam

489 3843 675 3908 ferret,
717 3852 813 3898 aut
841 3845 946 3899 sibi
995 3845 1112 3915 ipse
1139 3846 1378 3916 quietem
1420 3848 1790 3911 imperaturus
1851 3853 2045 3906 esset:

491 3934 607 3989 fore
632 3943 833 4005 autem,
884 3945 1157 3993 ntomnes
1188 3938 1347 3994 vellet
1408 3939 1613 4009 perire,
1674 3950 1844 4008 utque
1867 3939 2053 3993 volens

491 4027 720 4094 perdere
747 4038 977 4097 posset.
1014 4026 1214 4083 Malum
1256 4029 1442 4099 itaque
1487 4029 1631 4084 malo
1665 4038 2049 4099 praeoptantes,

490 4131 757 4189 suamque
840 4118 949 4173 Deo
1015 4121 1462 4177 commendantes
1540 4128 1788 4187 sortem;
1862 4132 1929 4173 ac
1997 4118 2052 4172 in

492 4221 587 4271 spe
638 4217 955 4277 peragentes
1017 4207 1143 4272 iter,
1168 4209 1272 4264 vite
1295 4225 1355 4265 se
1394 4211 1605 4266 incerto
1638 4209 2050 4267 commiserant.

492 4299 664 4354 κακοῦ
714 4299 883 4354 κακὸν
928 4300 1309 4371 προελόμενοι,
1338 4303 1576 4373 ἥπτοντο
1621 4302 1723 4372 τῆς
1756 4300 1902 4368 ὁδοῦ,
1966 4298 2086 4368 Θεῷ
2150 4296 2212 4351 τὸ
2272 4297 2392 4350 κατ’
2454 4296 2654 4360 αὐτοὺς
2712 4294 3139 4368 ἐπιτρέποντες,

490 4392 789 4455 ὁδεύοντες.

2147 3297 2406 3368 ἀφανίσαι
2441 3297 2649 3358 πάντας
2682 3293 3037 3365 βουλόμενος·
3070 3292 3254 3355 αὐτοῖς
3286 3278 3381 3348 τί
3404 3292 3524 3346 δεῖν
3569 3289 3744 3343 ἐδόκει

2150 3389 2587 3459 παραγενέσθαι.
2618 3388 2713 3443 καὶ
2753 3388 2847 3441 τὸν
2890 3387 3000 3440 ἀπὸ
3032 3386 3190 3441 τοῦδε
3238 3387 3458 3453 μᾶλλον
3487 3380 3742 3448 δέξασθαι

2151 3481 2394 3535 κίνδυνον
2422 3479 2455 3548 ἦ
2489 3481 2579 3531 τὸν
2618 3480 2684 3532 ἐκ
2716 3476 2813 3532 τοῦ
2871 3476 3224 3546 παρακοῦσαι
3255 3476 3357 3529 τοῦ
3412 3475 3741 3528 ἐπιτάττον-

2148 3590 2261 3638 τος.
2293 3569 2445 3626 Εἶναι
2474 3573 2574 3641 μὲν
2624 3570 2734 3641 γὰρ
2768 3569 3019 3624 κινδύνου
3078 3570 3281 3638 μεστὸν
3343 3569 3447 3623 καὶ
3495 3566 3558 3621 τὸ
3609 3563 3738 3632 πρὸς
3784 3634 3787 3641 Ι

2152 3666 2310 3719 αὐτὸν
2339 3665 2457 3735 ἅμα
2479 3662 2920 3734 παραγεγονέναι
2945 3662 3146 3719 πάντες
3177 3661 3427 3729 εὐλόγως
3460 3655 3733 3729 ἐνόμιζον.

2153 3754 2290 3811 Οὐδέ
2340 3755 2451 3824 γὰρ
2495 3753 2726 3824 ἠγνόουν
2777 3753 2872 3806 τὸν
2903 3751 3095 3821 ἄνδρα,
3128 3751 3225 3804 καὶ
3254 3751 3360 3820 τὴν
3391 3749 3523 3820 περὶ
3553 3743 3730 3799 αὐτῶν

2156 3844 2364 3899 ἐκείνου
2388 3843 2652 3897 διάνοιαν.
2683 3842 2756 3894 Tb
2780 3842 2835 3895 δέ
2866 3841 2943 3912 μὴ
2984 3843 3100 3904 τοῖς
3132 3840 3328 3894 τούτου
3362 3837 3730 3910 προστάγμα-

2156 3950 2242 3988 σιν
2273 3932 2444 3987 εῐκειν
2476 3931 2658 4001 πολλῷ
2693 3931 3077 4003 χαλεπωτέραν
3109 3916 3388 3985 κινδύνου.
3422 3931 3578 3999 Μήτε
3624 3926 3728 3992 γὰρ

2154 4023 2323 4079 οῐσειν
2350 4023 2514 4076 αὐτὸν
2548 4024 2645 4093 τὴν
2675 4024 2738 4075 ἐκ
2768 4021 2868 4089 τῆς
2918 4021 3206 4092 παρακοῆς
3248 4020 3438 4090 ὓϐριν,
3474 4014 3602 4088 μήτ’
3627 4012 3724 4065 οὐκ

2154 4116 2525 4185 ἀνασχόμενον
2558 4112 2882 4183 ἡσυχάζειν,
2917 4112 3053 4166 ἀλλά
3087 4113 3343 4180 θελήσειν
3378 4112 3482 4183 μὲν
3532 4103 3724 4164 αὐτοὺς

2157 4205 2483 4275 διαφθεῖραι,
2500 4203 2806 4273 θελήσαντα
2830 4203 2909 4267 δὲ,
2937 4202 3286 4273 δυνήσεσθαι.
3314 4202 3427 4257 Καὶ
3453 4200 3541 4252 διὰ
3560 4196 3725 4249 ταῦτα

3192 4294 3288 4349 καὶ
3353 4293 3455 4347 σὺν
3509 4286 3727 4343 ἐλπίσιν

565 4568 872 4633 Enimvero,
889 4569 1034 4640 quod
1062 4569 1127 4625 de
1162 4584 1247 4625 me
1278 4585 1497 4640 quoque
1523 4584 1586 4626 ac
1614 4570 1784 4627 fratre
1817 4585 2050 4641 persua-

2172 4626 2181 4635 ,
2227 4564 2301 4622 Ού
2332 4565 2439 4636 μὴν
2471 4563 2604 4617 ἀλλὰ
2633 4562 2726 4617 καὶ
2755 4559 2816 4614 τὸ
2850 4559 3130 4615 πιστεύειν
3160 4559 3399 4623 ἐκείνους
3426 4557 3552 4627 περὶ
3583 4549 3717 4622 ἐμοῦ

494 4678 615 4718 sum
647 4662 927 4724 haberent,
977 4660 1119 4716 baud
1170 4659 1287 4716 fore
1322 4660 1485 4717 simul
1522 4672 1648 4717 tunc
1675 4662 1923 4718 adituros
1952 4663 2055 4718 im-

494 4756 870 4812 manissimam
927 4755 1202 4810 belluam:
1238 4755 1333 4825 qui
1387 4755 1645 4811 nimirum
1689 4756 1915 4823 scirent,
1945 4773 2056 4813 non

496 4846 639 4915 quod
664 4846 949 4901 accidisset
981 4846 1223 4910 fortuna,
1264 4846 1356 4900 sed
1386 4847 1529 4915 quod
1561 4856 1713 4902 esset
1742 4847 1901 4903 nobis
1926 4863 2059 4903 con-

482 4939 761 5011 .stitutnm,
819 4952 1069 5007 magnam
1158 4944 1364 5007 partem
1416 4938 1665 4993 timorem
1712 4937 2056 5007 dispellebat,

490 5025 806 5095 iustamque
855 5025 1188 5080 submovens
1224 5025 1618 5094 suspicionem,
1643 5028 1832 5081 venire
1865 5027 2061 5081 invita-

499 5115 610 5169 bat.
640 5113 917 5170 Noverant
971 5116 1114 5170 enim
1143 5115 1278 5183 fore,
1307 5127 1365 5172 ut
1395 5115 1594 5172 inferni
1631 5116 1807 5173 instar
1836 5118 2059 5172 univer—

497 5208 573 5260 sis
631 5196 985 5262 absorbeudis
1037 5207 1199 5261 hians
1251 5219 1538 5279 tyrannus,
1588 5209 1710 5279 jure
1769 5208 1962 5262 merito
1993 5209 2083 5262 ti--

498 5299 752 5354 mendum
807 5299 1052 5364 haberet,
1102 5316 1171 5356 ne
1194 5302 1243 5356 ei
1290 5304 1348 5365 in
1379 5301 1715 5357 contrarium
1768 5301 2060 5356 consilium

496 5400 820 5471 verteretur,
850 5399 908 5444 ut
933 5391 987 5444 in
1017 5407 1203 5446 omnes
1226 5393 1572 5462 impudenter
1593 5401 1809 5464 putaret
1829 5393 2063 5447 saevien-

497 5482 648 5545 dum,
713 5496 837 5535 cum
872 5496 974 5536 nos
1012 5482 1065 5536 in
1102 5491 1373 5551 potestate
1428 5486 1638 5552 positos
1675 5500 1782 5541 non
1817 5486 2061 5541 haberet.

502 5573 603 5628 Ubi
634 5582 815 5628 autem
851 5573 1157 5635 venientes.
1188 5589 1273 5628 me
1310 5590 1434 5629 cum
1464 5574 1631 5630 l‘ratre
1662 5578 1803 5646 apud
1840 5576 2063 5632 Persam

503 5662 778 5728 viderunt,
822 5676 884 5716 ac
926 5662 1159 5718 scientes
1206 5678 1320 5717 rem
1350 5664 1616 5720 accidisse
1648 5676 1843 5735 praeter
1872 5682 2061 5723 eorum

508 5763 765 5818 mentem,
808 5753 989 5823 lingua
1017 5755 1083 5809 ad
1128 5755 1347 5826 longum
1405 5765 1619 5826 tempus
1644 5758 1898 5818 merente.
1930 5758 2068 5813 nihil

504 5844 678 5902 mutui
713 5847 983 5903 sermonis
1019 5846 1266 5903 conferre
1299 5856 1614 5918 potuerunt.
1642 5845 1710 5903 Ut
1766 5860 1946 5905 autem
1981 5865 2066 5906 re-

2155 4659 2366 4716 καὶτοῦ
2402 4655 2655 4725 ἀδελφοῦ,
2685 4642 2892 4724 ὡςόύχ
2926 4654 3044 4725 ἅμα
3077 4652 3381 4724 τηνικαῦτα
3410 4645 3710 4718 ἀφιξόμεθα

2156 4752 2294 4822 πρὸς
2326 4750 2416 4804 τὸν
2450 4747 2757 4802 δεινότατον
2790 4746 2958 4816 θῆρα,
2989 4746 3049 4798 ού
3078 4744 3188 4814 γὰρ
3226 4746 3286 4796 τὸ
3336 4741 3548 4813 συμϐὰν
3576 4733 3711 4791 κατὰ

2155 4844 2346 4915 τύχην,
2377 4840 2512 4895 ἀλλὰ
2539 4841 2636 4910 τὴν
2663 4837 3061 4910 κεκυρωμένην
3089 4838 3222 4908 ημῖν
3247 4836 3550 4906 ἠπίσταντο
3581 4825 3711 4897 rw};-

2161 4951 2290 5002 μην,
2314 4932 2376 4984 τδ
2409 4929 2543 4983 πολὺ
2582 4929 2678 4982 τοῦ
2710 4927 2878 4997 φόϐου
2918 4926 3262 4986 διεσκέδασε,
3293 4926 3391 4980 καὶ
3424 4917 3709 4993 παρεκάλει

2160 5021 2596 5092 παραγίνεσθαι,
2661 5020 2876 5074 δικαίαν
2951 5019 3188 5089 ὑποψίαν
3260 5014 3704 5087 ἀποκρουόμενον.

2164 5114 2400 5185 ᾚδεσαν
2434 5113 2541 5183 γὰρ
2597 5112 2674 5174 ὡς
2724 5113 2753 5165 6
2785 5112 2943 5181 δίκην
2974 5113 3101 5183 ᾅδου
3138 5107 3405 5181 κεχηνὼς,
3440 5101 3705 5162 καταπιεῖν

2160 5207 2284 5268 τοὺς
2332 5205 2541 5268 πάντας
2594 5206 2906 5274 ἐφιέμενος,
2939 5205 3126 5267 δεδιὼς
3163 5203 3390 5267 εἰκότως
3438 5201 3604 5283 ἔσται,
3633 5191 3702 5283 μὴ

2162 5297 2299 5367 πρὸς
2345 5298 2655 5351 τούναντίον
2699 5297 2849 5366 αὐτῷ
2898 5297 2957 5350 τὸ
3009 5296 3262 5367 βούλημα
3318 5281 3704 5364 περισταίη,ἃν

2165 5390 2308 5443 κατὰ
2362 5391 2581 5443 πάντων
2635 5390 3065 5462 ἀναισχυντήσῃ,
3112 5390 3213 5441 οὐκ
3269 5390 3328 5442 ὲν
3374 5388 3492 5440 ταῖν
3542 5376 3706 5452 χεροῖν

2165 5480 2314 5551 ἡμᾶς
2357 5478 2517 5549 ἔχων.
2567 5479 2709 5533 ’Ἀλλ’
2762 5479 3030 5544 ἐλθόντες,
3070 5479 3162 5533 καὶ
3206 5480 3300 5532 τὸν
3350 5470 3570 5544 ἀδελφὺν
3617 5466 3707 5553 σὺν.

2167 5572 2289 5639 ἐμοὶ
2317 5571 2466 5641 παρά
2485 5570 2563 5642 τῷ
2588 5571 2770 5642 Πέρσῃ
2801 5569 3148 5640 θεασάμενοι,
3167 5568 3389 5637 γνόντες
3412 5566 3471 5621 τὸ
3491 5561 3701 5632 πρᾶγμα

2169 5663 2467 5734 ἐκϐεϐηκὸς
2496 5664 2645 5735 παρᾶ
2681 5662 2782 5732 τὴν
2812 5663 3038 5716 ἐκείνων
3076 5661 3258 5727 δόξαν,
3294 5656 3504 5731 ἀφωνία
3528 5664 3697 5721 συσχε-

2153 5754 2352 5820 .θέντες
2387 5756 2478 5810 ἐπὶ
2513 5756 2734 5827 μακρῷ,
2763 5755 2918 5809 οὐδέν
2946 5772 3000 5808 τι
3049 5754 3187 5823 πρὸς
3222 5754 3485 5824 ἀλλήλους
3530 5742 3700 5814 ἔφθέῖ⁶

2169 5863 2350 5917 γοντο.
2394 5846 2484 5912 '0;
2532 5846 2580 5900 δ’
2628 5846 3036 5916 ἀνενεγκόντες,
3074 5844 3170 5914 ὀψὲ
3212 5845 3305 5900 καὶ
3362 5843 3514 5913 μόγις
3554 5830 3691 5906 ῥῆξαι
