4060 6612
347 407 463 473 225

1133 409 1540 470 THEODORI
1580 404 1940 469 ΒΕΞΡΟΤίΕ
1982 405 2375 466 LAUDATIO
2399 406 2811 470 FUNEBRIS.

3494 410 3600 477 $326

347 522 540 599 φωνὴν
590 520 950 590 ἐδυνήθησαν,
1009 520 1219 593 ταύτην
1266 522 1332 592 δὴ
1391 502 1617 593 πρώτην
1666 519 1959 588 ἀφέντεςμ

2045 516 2270 583 sumptis
2307 516 2538 583 animis,
2562 531 2689 575 sero
2719 518 2934 575 tandem
2956 519 3328 589 vixquelicnit
3352 538 3603 592 rumpere

336 611 916 683 Διαπεφωνήπαμεν,
950 613 1187 684 ἐϐόησαν
1222 614 1483 676 ἅπαντες.

425 790 642 845 Τούτων
688 791 753 862 δὴ
829 791 1333 864 συναθροισθέντων
1414 791 1722 865 τηνικαῦτα
1800 794 1924 862 μεθ’

347 885 512 953 ἡμῶν
541 884 610 957 (ὣ
649 885 770 948 πῶς
810 886 989 940 πάντα
1031 886 1308 957 συνέρρει,
1342 890 1438 941 καὶ
1482 888 1619 958 πρὸς
1649 888 1822 958 αὐτὴν
1850 887 1927 952 ὡς

298 1032 309 1043 ,
352 976 422 1029 ἄν
451 994 532 1040 τις
561 976 705 1030 εῖποι
740 977 842 1048 τὴν
876 979 1122 1048 κορυφὴν
1148 978 1249 1047 τῆς
1278 981 1464 1051 ἀκμῆς
1479 981 1769 1034 ἀνεϐίϐασε
1800 982 1925 1043 τοὺς

349 1070 614 1140 φόϐουςί)
677 1070 871 1140 νέηλυς
930 1072 993 1125 ἐκ
1048 1072 1353 1143 Σηλυϐρίας
1409 1074 1772 1142 παραγίνεται
1828 1075 1928 1127 καὶ

351 1161 611 1229 βασιλεὺς
648 1163 675 1214 6
706 1162 1044 1232 ἀδελφιδοῦς.
1079 1163 1253 1217 Τοῦτο
1298 1165 1354 1217 δὲ
1410 1162 1481 1218 αὖ
1527 1167 1675 1236 ἡμᾶς
1705 1165 1800 1219 ἐπὶ
1829 1182 1921 1218 τοο

354 1253 547 1305 σοῦτον
579 1254 854 1324 συνέχεεν,
883 1256 1009 1309 ὅσον
1050 1258 1145 1310 καὶ
1177 1258 1544 1327 ἀπειρηκέναι
1577 1259 1923 1323 παντάπασι,

352 1346 458 1398 καὶ
488 1345 745 1416 δεηθῆναι
771 1348 1068 1416 διαθηκῶν,
1087 1349 1115 1403 δ
1154 1351 1332 1403 ποιεῖν
1355 1353 1573 1420 ἀνάγκη
1614 1353 1767 1405 πᾶσα
1799 1354 1927 1414 τοὺς

350 1438 457 1509 τὴν
510 1440 700 1493 ἐλπίδα
750 1442 850 1510 τῆς
903 1441 1049 1513 ζωῆς
1102 1442 1573 1513 ἀποϐεϐληκότας.
1626 1442 1742 1495 Καὶ
1782 1438 1926 1515 ἦμεν

349 1533 521 1602 ἄρνες
549 1535 607 1585 ἐν
639 1532 789 1603 μέσῳ
813 1533 1016 1597 λύκων,
1051 1533 1209 1588 τοῦτο
1235 1535 1299 1604 δὴ
1328 1535 1391 1589 τὸ
1426 1535 1505 1603 τῷ
1532 1536 1748 1606 Σωτῆρι
1786 1554 1927 1607 χρη·

351 1626 621 1695 ματισθέν
672 1627 811 1697 πρὸς
861 1628 987 1691 τοὺς
1040 1628 1324 1698 μαθητὰς,
1352 1627 1653 1692 πατοῦντες
1691 1629 1791 1697 μέν
1828 1630 1928 1693 τὰς

347 1716 468 1769 τῶν
498 1716 707 1785 ἐχθρῶν
742 1718 1009 1785 κεφαλὰς,
1038 1719 1217 1788 δφεὼν
1244 1738 1303 1772 τε
1338 1721 1433 1774 καὶ
1462 1720 1742 1791 σκορπίων
1773 1723 1926 1776 ἀντι-

2035 619 2249 671 vocem,
2278 607 2421 661 hanc
2452 609 2688 677 primam
2726 608 3007 666 mittentes
3032 651 3047 676 ,
3076 612 3453 669 clamaverust
3482 630 3602 671 om-

2036 709 2134 750 nes
2158 711 2173 748 :
2205 697 2628 766 Desperam‘mus.

2105 785 2242 840 Cum
2303 803 2434 856 ergo
2500 789 2536 842 ii
2575 791 2629 843 iu
2693 790 2840 846 hunc
2891 793 3114 848 modum
3167 809 3273 847 una
3320 796 3603 850 nobiscum

2033 880 2347 948 congregati
2375 888 2585 946 essent,
2634 884 2692 950 (ο
2729 886 3007 952 quomodo
3030 883 3371 939 conﬂuebant
3396 893 3603 947 omnia.

2035 968 2200 1039 inque
2231 986 2505 1025 summum
2537 974 2677 1047 aciei
2733 976 3038 1045 cuspidem,
3067 988 3125 1031 ut
3172 978 3253 1031 sic
3283 978 3499 1047 loquar,
3535 982 3603 1031 ti-

2034 1056 2215 1117 mores
2234 1061 2483 1119 ferebant
2515 1064 2555 1134 ι)
2576 1042 2737 1120 ’νειιίι
2757 1082 2948 1123 recens
2964 1085 3028 1123 ex
3057 1068 3608 1139 Selyhriaimperator

2036 1168 2227 1221 nepos.
2255 1153 2367 1209 Hoc
2400 1171 2569 1225 porro
2599 1158 2817 1213 abunde
2836 1160 2921 1215 sic
2956 1162 3222 1225 ccul'udit,
3256 1164 3385 1217 utin
3414 1164 3608 1231 despc—

2036 1247 2304 1300 rationem
2344 1248 2572 1302 omnino
2629 1259 2872 1319 cogeret,
2917 1267 2983 1307 ac
3029 1268 3129 1308 ceu
3183 1256 3463 1323 desperata
3499 1257 3608 1309 vita

2034 1339 2103 1391 ad
2142 1349 2592 1397 testamentorum
2641 1354 2862 1412 cogeret
2908 1348 3147 1403 tabulas.
3208 1348 3438 1405 Eramus
3483 1353 3605 1420 agni
3680 1368 3689 1373 *

2036 1429 2091 1483 in
2122 1431 2300 1486 medio
2324 1432 2594 1501 luporum.
2624 1439 2814 1503 quales
2846 1438 3063 1492 Dusuini
3109 1445 3396 1494 oraculum
3430 1442 3600 1495 disci—
3646 1480 3656 1489 .

2037 1521 2193 1588 pulos
2216 1522 2400 1587 habet,
2436 1524 2785 1597 hostiumque
2817 1530 2993 1596 capita
3031 1531 3205 1584 instar
3256 1534 3504 1599 aspidem
3544 1548 3607 1585 ac

2038 1612 2388 1679 scorpionum
2435 1616 2734 1680 calcantes,
2767 1618 2902 1672 nihil
2946 1621 3133 1675 damni
3180 1620 3252 1674 ab
3277 1620 3357 1675 eis
3394 1620 3610 1674 fereba-

2041 1719 2184 1769 mus,
2214 1707 2330 1772 ejus
2376 1707 2716 1763 ambulantes
2767 1711 2890 1775 tide,
2949 1712 3106 1778 cujus
3161 1720 3246 1766 est
3310 1693 3628 1782 potestatis.

349 1826 493 1879 κρυς
522 1810 689 1862 τόπον
719 1809 1115 1873 διασωξόντων.
1148 1815 1243 1868 καὶ
1276 1814 1553 1883 μηδεμίαν
1583 1816 1714 1882 παρ’
1745 1814 1929 1868 αὐτῶν

2045 1796 2269 1851 salvare.
2300 1795 2481 1853 Meum
2522 1815 2688 1867 porro
2724 1801 2951 1857 fratrem
2983 1804 3125 1865 haud
3166 1804 3323 1865 laetus
3374 1804 3610 1874 suscipit

351 1873 725 1973 ὑπομένοντες
740 1903 985 1971 ⁸βλὸιϐην,
1012 1905 1197 1959 πίστει
1243 1873 1607 1980 πορευόμενοι
1643 1873 1739 1961 τοῦ
1770 1908 1933 1962 δύνα-

2045 1887 2202 1940 horno
2235 1888 2411 1943 bellua
2446 1907 2459 1943 :
2487 1891 2576 1944 cui
2613 1892 2873 1949 nimirum
2910 1893 3021 1949 alte
3046 1904 3189 1952 esset
3224 1897 3413 1950 animo
3442 1873 3604 1965 repo-

354 2009 455 2060 μιν
488 1992 700 2062 ἔχοντος
735 1988 957 2056 σώζειν.
1012 1994 1376 2069 ’Υποδέχεται
1420 1999 1485 2069 δή
1537 2017 1629 2068 μοι
1659 2002 1751 2054 τὸν
1783 2001 1937 2056 ἀδελ-

353 2082 459 2148 φὸν
496 2084 524 2135 6
558 2082 666 2152 θὴρ
719 2083 931 2148 ἐκεῖνος
986 2085 1099 2139 οὒτ’
1137 2084 1411 2158 ἀσμένως,
1449 2086 1564 2161 εἷχε
1607 2090 1717 2161 γὰρ
1780 2091 1940 2159 μετό-

353 2174 521 2226 πισθε
570 2174 729 2228 κότον
775 2166 918 2246 δφρα
974 2177 1172 2250 τελέσῃ
1214 2181 1273 2234 ἐν
1337 2182 1595 2251 στήθεσιν
1635 2177 1936 2245 οἷσιν,οῠτ’

353 2265 539 2341 ἀηδῶς
572 2266 632 2318 τό
664 2283 727 2332 γε
764 2266 945 2321 δοκεῖν
968 2285 984 2299 ·
1025 2268 1296 2340 ᾐσχύνετο
1323 2271 1459 2343 γὰρ,
1487 2273 1536 2326 εί
1587 2275 1682 2325 καὶ
1733 2275 1811 2344 μὴ
1839 2276 1939 2339 τάς

355 2355 499 2422 πρὸς
528 2354 619 2407 τὸν
652 2356 884 2426 ἀδελφὸν
929 2359 1287 2430 ὑποσχέσεις,
1309 2363 1428 2417 ἀλλ’
1460 2366 1612 2436 ἡμᾶς
1641 2383 1726 2437 τε,
1751 2368 1847 2420 καὶ
1875 2367 1937 2421 τὸ

352 2446 509 2513 δόξαι
549 2447 688 2517 μηδὲ
740 2449 873 2517 γοῦν
904 2450 1044 2520 πρὸς
1073 2451 1223 2522 ὥραν
1264 2454 1484 2525 ἰσχύσαι
1520 2455 1614 2511 τὸν
1661 2456 1741 2512 ἐδν
1788 2456 1941 2514 ἔνδον

352 2543 680 2611 κατασχεῖν,
713 2542 832 2595 ἀλλ’
867 2544 1070 2599 αὐτίκα
1100 2547 1296 2602 τοῦτον
1321 2550 1549 2620 ἐμέσαι.

430 2629 918 2702 Οὖτωτοιγαροῦν
963 2635 1336 2706 διακείμενος,
1368 2640 1642 2713 βούλευμα
1683 2642 1901 2715 δέχεται
1923 2662 1940 2679 ο

354 2718 461 2772 οὐκ
497 2717 607 2788 ἐρῶ
633 2737 696 2789 τε
732 2720 839 2775 ὑπὸ
871 2723 1039 2777 τίνων
1062 2740 1076 2755 ·
1118 2725 1260 2780 ἔστω
1302 2728 1359 2782 δέ
1392 2729 1496 2784 ὑπὸ
1529 2730 1625 2785 τοῦ
1659 2732 1940 2803 δαίμονος,

353 2809 417 2863 ὃν
458 2811 553 2864 ἐπὶ
585 2810 684 2881 τῆς
729 2812 896 2867 αὐτοῦ
945 2812 1128 2887 ψυχῆς
1174 2818 1413 2891 ἔφερεν·
1462 2823 1793 2880 ἀποκτεῖναι
1841 2827 1943 2895 μὲν

355 2902 533 2971 ἡμᾶς,
567 2903 661 2958 καὶ
696 2903 800 2976 τὴν
832 2907 1111 2979 ἡμετέραν
1143 2912 1328 2967 πᾶσαν
1354 2912 1536 2969 οἰκίαν
1559 2955 1576 2984 ,
1618 2918 1942 2974 ἀποκτεῖναι

356 2992 418 3045 δέ
442 2994 570 3057 τοὺς
616 2996 724 3049 τῶν
762 2997 1007 3053 εὐσεϐῶν
1045 2999 1333 3072 ἄρχοντας.
1384 3005 1559 3060 Τοῦτο
1601 3008 1711 3077 γάρ
1753 3007 1942 3078 βουλό-

363 3101 529 3153 μενος
581 3086 888 3159 πόρρωθεν,
922 3091 1044 3145 τότε
1085 3093 1195 3147 δεῖν
1240 3093 1398 3168 ᾠήθη
1440 3097 1851 3167 διαπράξασθαι
1880 3102 1941 3156 τὸ

360 3177 553 3268 ἀγοςί
578 3178 747 3268 ῖνξὼς
782 3181 1010 3268 ἔφασκε,
1054 3184 1148 3238 τὸν
1184 3187 1363 3258 χῶρον
1391 3190 1558 3243 αὑτοῦ
1599 3192 1945 3264 καθάραντος
1969 3208 2014 3268 c

361 3262 430 3313 ἐκ
485 3264 594 3316 τῶν
646 3265 921 3333 ἀκανθῶν,
951 3272 1102 3341 ἡμᾶς
1141 3272 1205 3345 δὴ
1254 3274 1450 3344 λέγων,
1482 3277 1576 3349 ἐξῇ
1624 3262 1757 3344 τοῖς
1783 3282 1940 3336 τοῦδε

363 3353 525 3443 παισὶ
573 3353 647 3424 μὴ
691 3358 817 3420 τοὺς
855 3357 1023 3423 πόδας
1059 3363 1242 3419 αὐτῶν
1277 3367 1593 3435 αἱμάττειν,
1626 3373 1687 3425 ἐν
1712 3372 1789 3443 τῷ
1829 3374 1940 3427 τῶν

365 3441 715 3513 Χριστιανῶν
769 3452 1185 3520 κατορχείσθαι.
1250 3456 1493 3524 Ἐκεῖνος
1550 3461 1650 3530 μὲν
1709 3441 1941 3519 τοιαῦτα

362 3534 714 3590 ἐϐουλεύετο·
741 3540 818 3608 τῷ
850 3540 896 3592 δ’
926 3543 1165 3613 ἀληθινῷ
1199 3547 1432 3620 δεσπότῃ
1463 3553 1555 3603 καὶ
1584 3553 1646 3605 ού
1681 3554 1942 3624 μισθωτῷ

365 3629 590 3695 ποιμένι
623 3631 684 3681 οὐ
722 3633 895 3685 ταῦτα
927 3639 1187 3707 περὶτῶν
1219 3642 1510 3710 προϐάτων
1534 3647 1734 3704 ἐδόκει.
1764 3649 1943 3702 Ἐκεῖ-

366 3737 461 3782 νος
511 3721 611 3813 μὲν
649 3724 758 3793 γάρ
794 3726 872 3795 τῷ
914 3731 1229 3801 στρατηγῷ,
1260 3735 1518 3806 εὐνοῦχος
1558 3739 1604 3791 δ’
1644 3733 1798 3805 οὗτος
1849 3738 1938 3813 ἦν,

365 3811 738 3905 προσέταττεν
784 3817 933 3886 ἡμᾶς
979 3821 1190 3876 ἀνελεῖν
1234 3824 1490 3897 νύκτωρ,
1540 3834 1633 3883 καὶ
1677 3811 1942 3905 μηδαμῶς

364 3903 545 3967 ἄλλως
571 3907 781 3975 πρᾶξαι
805 3923 819 3939 ’
864 3912 914 3963 εί
943 3911 1000 3964 δὲ
1048 3915 1149 3984 μὴ,
1176 3915 1478 3989 ἠπείλησεν
1510 3922 1662 3994 αὑτῷ
1707 3903 1942 3980 θανάτου

363 3998 641 4067 τιμήσειν,
688 4001 831 4053 Ἀλλ’
867 4005 894 4055 6
924 4004 1069 4068 ’Θεὸς
1121 4008 1421 4065 ἐπέταττεν
1470 4013 1621 4084 αὐτῷ
1674 4016 1944 4086 μηδαμῶς

364 4087 528 4143 τοῦτο
581 4091 809 4162 πρᾶξαι.
860 4094 970 4147 Καὶ
1019 4096 1275 4165 γέγονεν,
1322 4096 1498 4172 οἶμαι,
1554 4107 1943 4175 παραπλήσιον

360 4180 444 4249 τῷ
484 4196 616 4235 ποτε
667 4183 804 4253 ὑπὲρ
833 4186 930 4255 τῆς
979 4188 1200 4260 Σάρρας
1228 4192 1602 4266 γεγενημένῳ.
1639 4197 1704 4250 Ὃ
1737 4196 1801 4267 δὴ
1834 4215 1943 4267 μα-

364 4271 479 4326 θὼν
504 4276 533 4327 6
571 4278 792 4345 φονεὺς,
826 4279 947 4331 ἀντὶ
979 4281 1075 4333 τοῦ
1108 4283 1297 4346 κακῶς
1350 4286 1576 4357 ποιῆσαι
1622 4288 1713 4342 τὸν
1765 4292 1946 4361 παρή-

363 4380 519 4427 item,
552 4366 582 4417 6
609 4364 666 4419 δέ
714 4366 865 4436 αὑτῷ
896 4369 991 4421 καὶ
1021 4370 1251 4440 χάριτας
1280 4370 1553 4442 ὡμολόγει
1595 4374 1694 4446 τῆς
1729 4375 1946 4445 ἀγαθῆς

370 4453 712 4523 μελλήσεως,
745 4457 993 4526 φάσκων,
1025 4458 1101 4522 ὡς
1133 4446 1298 4524 εὐθὺς
1337 4462 1530 4528 εἰπὼν,
1575 4464 1789 4534 σφοδρῴ
1834 4484 1944 4519 τινι

2038 1978 2205 2033 situm
2239 1991 2294 2033 ut
2319 1994 2557 2037 veterem
2575 1984 2833 2054 deinceps
2855 1986 2993 2040 iram
3021 1987 3378 2043 ulcisceretur
3413 1998 3613 2042 :atnc-

2039 2086 2148 2140 que
2170 2072 2468 2135 morosius.
2500 2082 2560 2129 ut
2589 2076 2898 2134 videbatur.
2925 2078 3298 2135 Reverebatur
3331 2081 3502 2143 enim,
3523 2079 3611 2133 sin

2041 2161 2215 2217 laetas
2264 2163 2419 2220 fratri
2475 2168 2897 2235 promissiones,
2944 2181 3000 2226 at
3022 2186 3109 2227 me
3157 2173 3375 2236 saltem,
3425 2187 3491 2225 ac
3542 2188 3612 2224 ne

2041 2253 2315 2309 videretur
2344 2272 2411 2310 ue
2439 2256 2507 2311 ad
2534 2257 2743 2323 .horam
2771 2274 2936 2330 posse
2994 2260 3150 2315 intus
3190 2276 3461 2317 venenum
3480 2275 3615 2315 con-

2042 2344 2194 2413 dere,
2230 2346 2324 2402 sed
2347 2347 2479 2403 illud
2514 2349 2702 2405 statim
2730 2352 2852 2421 cogi
2887 2366 3162 2408 evomere.

2116 2616 2254 2673 Cum
2303 2618 2384 2675 sic
2432 2618 2616 2689 itaque
2651 2620 2819 2674 animi
2872 2620 3117 2683 haberet,
3158 2620 3446 2675 consilium
3492 2620 3613 2675 init.

2047 2710 2228 2769 Nolim
2265 2713 2449 2767 dicere
2479 2728 2588 2783 quo
2626 2721 2870 2768 auctore.
2904 2711 3033 2767 Esto
3063 2722 3116 2766 ut
3137 2713 3258 2781 ejus
3279 2724 3475 2771 auctor
3493 2713 3614 2765 dia-

2044 2805 2204 2862 holus
2254 2803 2437 2868 fuerit,
2472 2818 2632 2872 quem
2692 2802 2898 2859 ferebat
2937 2813 3155 2873 pectore
3190 2821 3204 2858 :
3243 2813 3300 2858 ut
3357 2803 3614 2858 nimirum

2047 2910 2147 2951 nos
2211 2904 2491 2964 totamque
2520 2905 2763 2951 nostram
2803 2897 3026 2964 stirpem
3075 2897 3301 2957 deleret.
3348 2896 3618 2962 simulque

2045 3002 2264 3055 oumes,
2317 2987 2412 3056 qui
2443 2985 2687 3041 ﬁdelium
2741 2989 2905 3042 rebus
2947 2997 3272 3057 praeessent,
3315 2985 3615 3042 occideret.

2046 3078 2164 3135 Jam
2194 3080 2347 3141 enim
2375 3079 2502 3133 olim
2536 3080 2609 3132 ita
2637 3078 2822 3133 animo
2856 3080 3081 3143 habens,
3117 3079 3443 3148 patrandum
3485 3084 3617 3131 tunc

2047 3172 2261 3227 facinus
2308 3173 2561 3242 putavit;
2599 3181 2657 3227 ut
2702 3172 2991 3235 nimirum,
3036 3171 3302 3225 mundata
3321 3170 3388 3224 ab
3440 3170 3620 3239 spinis

2046 3264 2268 3331 regione
2287 3263 2411 3331 (nos
2438 3264 2627 3333 Spinas
2651 3262 3003 3332 intelligens),
3034 3263 3156 3333 ejus
3186 3263 3618 3317 liliisincruento
3698 3276 3703 3283 ι

2046 3354 2185 3424 pede
2237 3353 2680 3408 Christianorum
2734 3353 2852 3408 solo
2903 3354 3106 3408 saltare
3152 3344 3357 3407 liceret.
3418 3353 3496 3405 Ac
3528 3351 3620 3405 ille

2043 3444 2262 3514 quidem
2319 3444 2605 3498 consilium
2680 3444 2781 3498 hoc
2862 3444 3100 3511 agitabat
3150 3461 3164 3509 ;
3215 3459 3380 3499 verus
3436 3452 3618 3497 autem

2044 3534 2333 3597 Dominus.
2377 3536 2619 3604 nihilque
2676 3536 3051 3590 mercenarius
3106 3547 3311 3604 pastor,
3364 3550 3522 3589 secus
3551 3537 3623 3588 de

2047 3628 2204 3681 nobis
2237 3627 2585 3681 decernebat.
2620 3624 2793 3681 Jussit
2830 3641 2993 3695 porro
3021 3626 3145 3681 duci
3185 3627 3477 3691 exercitus,
3524 3628 3621 3693 qui

2045 3718 2334 3775 eunuchus
2364 3726 2507 3783 erat,
2545 3730 2603 3772 ut
2635 3734 2736 3771 nos
2761 3724 2922 3771 noctu
2969 3718 3320 3782 interﬁceret,
3352 3732 3455 3772 nec
3511 3719 3623 3772 ullo

2046 3810 2210 3865 modo
2239 3824 2350 3864 rem
2390 3810 2668 3864 omitteret
2698 3828 2710 3863 :
2739 3793 2827 3863 sin
2861 3819 3065 3871 autem,
3118 3808 3484 3864 comminatus
3536 3821 3621 3863 est

2047 3882 2182 3966 fore,
2211 3910 2268 3957 ut
2301 3902 2419 3971 ejus
2443 3901 2604 3971 capiti
2654 3911 2849 3956 Staret.
2909 3899 3112 3954 Verum
3146 3902 3405 3971 praecepit
3453 3899 3615 3958 Deus.

2046 4008 2106 4054 ut
2136 4013 2203 4052 ne
2232 3995 2459 4058 faceret,
2486 3995 2791 4066 acciditque
2846 4009 2952 4050 non
2994 3995 3246 4050 absimile
3278 3995 3351 4059 ei,
3377 3996 3520 4065 quod
3565 3998 3617 4050 iu

2047 4089 2250 4146 Sarrha
2279 4090 2407 4143 olim
2437 4089 2728 4144 accidisset
2745 4088 2835 4142 δ”.
2860 4087 2928 4144 Ut
2953 4098 3134 4143 autem
3159 4087 3428 4143 homicida
3448 4089 3621 4143 resci-

2045 4183 2146 4248 vit,
2167 4180 2365 4236 nedum
2402 4181 2712 4236 ministrum
2752 4194 2858 4235 non
2875 4178 3055 4235 affecit
3079 4194 3237 4248 pinna
3264 4182 3356 4249 qui
3393 4195 3499 4255 non
3523 4181 3621 4236 ob-

2047 4278 2269 4329 secutus
2298 4279 2464 4335 esset,
2500 4258 2747 4325 utetiam
2777 4270 3035 4327 habuerit
3072 4271 3297 4340 gratias,
3317 4272 3463 4342 quod
3482 4272 3624 4329 bene

2047 4364 2352 4420 distulisset
2381 4362 2694 4418 :alllrmans
2722 4378 2847 4418 mox
2877 4362 3003 4419 data
3035 4364 3331 4427 sententia.
3384 4366 3528 4422 haud
3558 4383 3625 4422 se
3678 4418 3685 4433 ,

2047 4458 2240 4513 leviter
2268 4457 2343 4511 rei
2368 4455 2722 4526 paenituisse;
2755 4471 2876 4525 qua:
2889 4455 3050 4526 plane
3084 4458 3320 4512 mutatio
3349 4456 3494 4512 haud
3514 4458 3624 4513 alio

366 4545 587 4611 βάλοιτο
626 4548 925 4621 μεταμέλῳ
950 4565 965 4580 ο
994 4551 1053 4613 ὃς
1086 4568 1151 4619 γε
1183 4553 1283 4624 οὐχ
1322 4554 1593 4623 ἑτέρωθεν
1623 4552 1691 4629 ἦν
1718 4558 1751 4628 ἢ
1788 4560 1942 4630 παρά

2045 4550 2408 4619 εγρηίιιιυειιιι
2442 4546 2551 4603 Deo
2583 4559 2826 4603 auctore.

363 4637 503 4690 Θεοῦ
544 4638 787 4702 πάντως.
1102 4699 1108 4704 ,

378 4794 397 4801 ’
436 4727 544 4784 Ἦν
574 4733 735 4785 ταυτί
764 4747 779 4763 ⁵
808 4733 906 4785 καὶ
935 4734 962 4786 6
994 4734 1188 4804 Αίθίοψ
1216 4736 1315 4805 τὴν
1362 4735 1543 4807 ψυχὴν
1572 4738 1671 4792 οὐκ
1718 4740 1943 4797 ἐδύνατο

362 4822 465 4892 τὴν
502 4821 768 4892 μελανίαν
796 4823 1166 4894 ἀπονίψασθαι
1192 4830 1209 4847 ⁸
1247 4825 1383 4880 ἀλλά
1422 4826 1640 4896 πρῶτον
1674 4831 1943 4900 ἐξεμέσας

364 4915 464 4986 τὴν
510 4914 706 4985 ὀργὴν,
736 4915 806 4969 δι’
837 4909 915 4970 ὧν
961 4917 1042 4979 είς
1098 4917 1226 4995 τοὺς
1282 4920 1589 4990 ἡμετέρους
1642 4920 1948 4994 ἐξύϐρισεν,

365 5006 608 5075 ἐκκόψας
643 5008 742 5077 μέν
765 5007 1081 5077 ὀφθαλμοὺς
1113 5010 1177 5063 ἐκ
1208 5011 1303 5063 τοῦ
1341 5012 1629 5080 ναυτικοῦ,
1661 5016 1953 5088 ἀποκόψας

365 5097 423 5150 δὲ
455 5101 668 5169 χεῖρας,
720 5101 817 5154 καὶ
861 5100 1032 5153 πολλά
1081 5118 1194 5156 τισι
1235 5103 1344 5155 τῶν
1378 5105 1435 5157 ἐν
1477 5106 1624 5171 τέλει
1656 5107 1955 5178 ἐπαγαγὼν

367 5192 451 5253 εἰς
502 5190 787 5261 αἰσχύνην,
823 5195 920 5249 κα)⁸
946 5193 1149 5268 -ταύτῃ
1198 5194 1289 5248 τὸν
1347 5196 1447 5250 οὐκ
1501 5196 1727 5266 εὔλογον
1770 5186 1954 5271 θυμὸν

365 5282 718 5349 ἀναπαύσας,
761 5284 959 5339 ἔπειτα
1002 5301 1071 5355 με
1118 5286 1238 5339 λίαν
1284 5287 1521 5359 εὐήθως.
1548 5287 1609 5342 ὃν
1636 5270 1815 5360 ἠδίκει
1857 5270 1952 5346 καὶ

364 5373 679 5445 κατῄσχυνε
732 5376 949 5446 μυρίοις
997 5371 1355 5449 ἀδικήμασιν,
1390 5381 1655 5451 ἐπειρᾶτο
1697 5382 1951 5437 διαλλάτ-

366 5481 505 5529 τειν,
537 5465 736 5536 δώροις
783 5468 1128 5538 δεξιούμενός
1183 5487 1243 5522 τε
1300 5471 1398 5524 καὶ
1454 5472 1690 5541 πέμπων
1741 5475 1948 5541 οἶκαδε,

370 5555 563 5627 ῶσπερ
612 5560 663 5611 οί
712 5561 781 5614 τά
828 5563 1020 5617 παιδία
1066 5563 1392 5633 τρωγαλίοις
1442 5565 1781 5637 ἡμεροῦντες
1813 5569 1951 5639 μετά

366 5648 471 5711 τὰς
519 5650 738 5721 πληγάς
786 5653 1072 5714 κλαίοντα.
1116 5655 1176 5710 ὐ
1225 5656 1495 5727 λογισμὸς
1553 5657 1831 5729 φανερός’
1859 5659 1950 5714 ῖνα

444 5827 516 5863 ⁸³⁸
548 5833 663 5888 Gen
727 5852 811 5899 xx,
846 5836 901 5889 9..

2124 4727 2222 4783 llis
2251 4727 2324 4782 ita
2350 4730 2542 4795 gestis,
2598 4725 2733 4780 nihil
2775 4734 2956 4781 tamen
2996 4726 3181 4781 animo
3221 4725 3474 4798 Ethiops
3537 4729 3623 4783 ni-

2055 4819 2333 4891 gredinem
2368 4818 2551 4874 eluere
2592 4822 2771 4887 potuit
2796 4836 2809 4872 :
2838 4836 3023 4875 verum
3061 4820 3153 4873 ubi
3199 4822 3434 4889 primum
3486 4822 3620 4874 iram

2052 4913 2407 4979 evomuisset,
2440 4913 2803 4983 gravibusque
2833 4915 3046 4982 injuriis
3074 4914 3346 4982 pulsasset
3375 4925 3619 4977 nostros,
3728 4948 3733 4951 ι

2054 5005 2333 5061 nonnullis
2358 5005 2771 5061 classiariorum
2809 5003 3084 5059 ell'odisset
3112 5006 3326 5065 oculos,
3344 5019 3408 5059 ac
3424 5018 3620 5059 manus
3646 5069 3671 5079 δ

2052 5107 2413 5168 amputasset,
2453 5099 2696 5168 virisque
2728 5096 3085 5166 optimatibus
3116 5096 3289 5150 multa
3310 5096 3624 5167 irrogasset

2052 5190 2275 5262 probra,
2297 5192 2448 5247 velut
2466 5206 2530 5245 ea
2560 5190 2799 5245 vindicta
2827 5190 3067 5247 alienum
3096 5190 3356 5244 aratione
3376 5189 3621 5244 furorem

2058 5285 2330 5351 sedasset,
2360 5285 2531 5340 stulte
2581 5282 2878 5338 admodum
2917 5290 3103 5352 postea
3125 5320 3140 5344 ,
3167 5296 3329 5351 quem
3390 5291 3471 5336 tot
3504 5298 3623 5335 mo-

2058 5376 2145 5432 dis
2177 5377 2408 5432 laesisset
2435 5391 2498 5431 ac
2535 5374 2897 5437 confudisset,
2947 5373 3241 5428 conciliare
3291 5374 3621 5436 enitebatur,

2059 5469 2384 5523 muneribus
2416 5466 2703 5523 delinitnm
2751 5476 2816 5521 ac
2847 5465 3130 5533 donatum,
3151 5466 3371 5520 domum
3432 5467 3622 5519 remit—

2059 5575 2180 5619 tens
2216 5582 2231 5619 :
2264 5572 2524 5633 tanquam
2555 5561 2746 5617 ﬂentes
2774 5560 2900 5631 quis
2937 5573 3136 5630 pueros
3164 5574 3194 5614 a
3230 5560 3419 5629 virgis,
3454 5557 3623 5613 bella-

2057 5658 2155 5713 riis
2185 5650 2382 5728 placet.
2405 5655 2535 5727 Ejus
2561 5669 2728 5726 porro
2759 5654 2980 5709 animus
3007 5652 3155 5710 haud
3186 5652 3459 5707 obscurus
3478 5660 3619 5709 erat.
