4060 6632
445 430 549 510 921
1571 432 1969 503 MANI'IELIS
1998 438 2077 499 ΡΑ

2182 434 2443 501 EULOGI
3600 431 3707 497 228

455 564 722 620 Nimirum
753 575 819 614 eo
849 566 962 614 tota
980 557 1195 615 ferebat
1218 555 1488 619 fabula,ut
1517 553 1744 609 fratrem
1774 559 2021 622 postmo-
2059 554 2077 606 Α

2182 554 2236 625 ἂρ
2272 555 2576 624 μετέπειτα
2607 551 2746 622 δήσῃ
2783 549 2877 603 τδν
2913 541 3161 616 ἀδελφόν.
3189 544 3265 599 οὗ
3312 545 3420 615 γάρ
3458 544 3710 613 ἀσφαλὲς

457 655 587 710 dum
625 654 681 708 in
738 652 952 705 vincula
1010 650 1271 711 mitteret.
1307 646 1462 701 Haitd
1491 645 1637 699 enim
1665 651 1844 697 tutum
1881 639 2029 694 vide—

2182 648 2390 717 νόμιζεν
2420 644 2565 702 εῖναι
2604 648 2664 700 τὸ
2690 646 2813 698 κατ’
2842 644 3046 714 ἀμφοῖν
3080 644 3320 695 ἐκτεῖναι
3358 641 3457 703 τὰς
3488 642 3707 710 χεῖρας·

462 745 649 800 batur.
670 749 729 793 ut
760 740 953 793 ambos
982 738 1141 792 simul
1166 743 1791 806 appeteret,quanqnam
1817 737 2032 800 poterat

2182 759 2275 812 περ
2312 742 2534 795 ἐδύνατο
2581 744 2700 810 μὴν,
2754 738 2938 791 θεόθεν
2982 736 3040 791 δὲ
3088 734 3480 805 τυφλούμενος,
3511 734 3706 803 ἠγνόει
3796 724 3811 731 ’

2138 832 2297 887 τοῦτο
2342 832 2640 902 δυνάμενος
2668 847 2681 859 ⁵
2730 829 2919 898 ὥσπερ
2968 828 3089 881 οὐδὲ
3136 826 3298 881 τοῦτο
3348 824 3602 894 συνῆκεν,
3632 826 3716 885 ὡς

2139 927 2239 996 οὐχ
2265 924 2377 991 ἔξει
2399 924 2497 992 τὴν
2523 923 2662 994 ὲμὴν
2693 921 2773 975 ἔτι
2805 920 3007 989 φιλίαν.
3051 917 3194 971 Ἀλλ’
3229 914 3450 985 ἐνόμισε
3488 931 3555 984 με
3590 912 3715 978 ἕξις

2140 1017 2410 1089 πατήσειν
2457 1016 2637 1082 λόγοις
2670 1014 2908 1082 ἐσχάτης
2960 1009 3314 1079 ἀϐελτηρίας,
3342 1007 3584 1061 τοσαῦτα
3616 1005 3718 1075 μὲν

464 1116 524 1159 ιιι
558 1120 787 1159 summa:
811 1105 1026 1172 iucptia:
1046 1101 1228 1156 verbis
1251 1099 1560 1161 deluderet,
1577 1104 1702 1166 post
1726 1102 1807 1149 tot
1832 1092 2035 1148 nostris

2182 1112 2222 1173 ίς
2252 1107 2378 1171 τοὺς
2414 1108 2719 1178 ἡμετέρους
2764 1104 3013 1173 ὑϐρίσας,
3058 1103 3148 1157 τὸν
3182 1102 3242 1156 δὲ
3275 1100 3505 1169 ἀδελφὺν
3546 1098 3739 1161 κατέ-ι

464 1177 733 1266 irregatas
763 1197 1016 1264 injurias,
1038 1208 1100 1248 ac
1119 1209 1243 1247 cum
1268 1191 1489 1245 fratrem
1512 1189 1691 1243 adhuc
1709 1188 1763 1240 in
1786 1186 2036 1239 manibus

2182 1219 2253 1255 wv
2300 1203 2358 1254 ὲν
2400 1177 2585 1271 χεροῖν
2636 1198 2742 1261 ἔτι,
2788 1197 2973 1258 πόλεις
3020 1212 3082 1249 τε
3133 1192 3299 1249 αὐτοῦ
3342 1193 3442 1256 τὰς
3493 1192 3721 1260 μείζους

467 1297 696 1350 teneret,
737 1288 965 1355 ejusque
998 1285 1300 1355 praecipuas
1334 1282 1633 1341 urbcs.ceu
1668 1288 1895 1347 paterna
1930 1274 2040 1328 bte-

2182 1308 2337 1359 m‘tep
2402 1292 2555 1355 τινὰς
2621 1290 2884 1362 πατρῴας
2938 1287 3224 1347 ἁπαιτῶν,
3280 1288 3377 1341 καὶ
3444 1301 3722 1354 προσεπι-

466 1382 695 1437 reditate
712 1382 777 1434 ad
800 1382 977 1448 ipsum
998 1386 1325 1445 spectantes,
1351 1383 1621 1443 repeteret
1644 1384 1850 1439 :eaque
1885 1369 2041 1421 daret

2182 1389 2378 1451 άττων,
2414 1386 2449 1441 ἃ
2482 1386 2582 1440 οὐκ
2612 1384 2679 1439 ἄν
2717 1401 2800 1449 τις
2848 1381 2912 1437 εὖ
2962 1380 3177 1452 φρονῶν
3228 1377 3593 1449 δορυαλώτοις
3628 1377 3725 1429 άν-

463 1478 609 1547 jura,
643 1490 762 1543 quae
794 1489 893 1526 nec
938 1472 1075 1525 bello
1106 1468 1279 1538 captis
1309 1467 1526 1536 sapiens
1573 1463 1666 1532 qui
1714 1463 2008 1529 simponat.
2146 1479 2359 1552 δράσω,

539 1568 631 1623 Sic
688 1580 816 1634 ergo
861 1564 1109 1625 allectus,
1163 1560 1553 1621 Macedoniam,
1596 1570 1662 1610 ac
1708 1565 1821 1608 tum
1871 1554 2041 1607 Thes-

2220 1572 2379 1625 Οὖτω
2421 1569 2602 1623 τοίνυν
2633 1568 2928 1630 διαθέσεως
2968 1566 3131 1637 ἔχων,
3159 1564 3433 1635 διέρχεται
3467 1561 3567 1629 μὲν
3600 1561 3727 1614 Μα-

470 1662 659 1713 ⁸³¹ί³η¹
708 1658 1024 1729 Ρ-’τιιτδηείῑν
1083 1658 1339 1720 venitque
1396 1653 1449 1705 i"
1510 1648 1785 1713 Hellade'“
1821 1662 1884 1701 ac
1926 1663 2041 1700 "‘3‘
2149 1661 2418 1723 κεδονίαν,
2458 1661 2734 1729 διέρχεται
2776 1656 2834 1710 δὲ
2861 1653 3183 1718 Θετταλίαν,
3214 1648 3631 1719 καταλαμϐάνει
3662 1647 3721 1699 δὲ

468 1755 643 1822 jorem
704 1751 988 1802 Achaiam.
1032 1746 1148 1800 Illic
1201 1758 1331 1798 vero
1387 1743 1587 1797 educto
1638 1757 1833 1797 rursus
1880 1756 2041 1795 exer-

2182 1754 2247 1822 ὴν
2309 1750 2556 1805 Ἑλλάδα.
2614 1747 2792 1804 Αὐτοῦ
2845 1747 2903 1801 δὲ
2961 1744 3028 1800 αὖ
3084 1739 3725 1816 στρατοπεδευσάμενος,

473 1846 609 1906 citu,
662 1857 724 1896 ac
772 1840 960 1893 metari
1017 1842 1226 1901 volens,
1280 1835 1425 1905 quod
1492 1836 1770 1904 regionem
1830 1834 2043 1888 videret

2182 1843 2244 1900 ιαὶ
2273 1842 2556 1912 διατρίψαι
2578 1834 3022 1914 βεϐουλευμένος,
3048 1839 3145 1893 ἅτε
3174 1836 3269 1892 τὸν
3293 1837 3472 1906 χῶρον
3500 1830 3726 1886 εὔϐοτον

476 1933 695 2004 pascuis
735 1934 980 1992 uberem,
1017 1944 1080 1983 ac
1116 1926 1388 1982 venationi
1422 1926 1794 1991 commodam,
1848 1940 2042 1981 neces-

479 2025 737 2092 sarioqne
767 2021 1094 2077 connueatui
1128 2019 1346 2074 abunde
1374 2026 1763 2089 opportunam,
1814 2016 2049 2087 quadam

2182 2037 2276 2084 ἱεια
2328 2028 2409 2100 τῷ
2475 2028 2694 2099 στρατῷ
2760 2027 3024 2098 παρέχειν
3090 2021 3343 2093 ἀφθόνως
3401 2017 3727 2087 δυνάμενον,

478 2115 720 2182 tandem,
755 2117 897 2168 haud
938 2115 1161 2169 omnino
1192 2121 1319 2168 uota
1349 2113 1461 2176 die,
1506 2112 1785 2183 ingenium
1824 2125 2054 2181 prorsus

2182 2122 2333 2178 ἱπειθ’
2383 2122 2627 2192 ἡμέραν,
2663 2120 2764 2174 οὐκ
2804 2113 2923 2172 οἶδα
2973 2114 3170 2185 πόσην,
3216 2112 3415 2181 γυμνοῖ
3438 2108 3538 2181 τὴν
3565 2107 3729 2178 φύσιν

480 2208 706 2277 detegit,
738 2208 1225 2276 impudentiusque
1254 2221 1317 2261 ac
1338 2205 1491 2259 omni
1540 2215 1686 2259 retro
1716 2215 1962 2273 tempore
1988 2217 2053 2257 e0

2182 2215 2445 2279 ιπιεικῶς,
2477 2215 2571 2268 καὶ
2616 2214 2813 2285 χρῆται
2867 2209 3039 2281 ταύτῃ
3082 2207 3269 2261 λοιπὸν
3324 2203 3551 2273 ἁναίδην
3583 2203 3729 2271 ἤπερ

483 2300 674 2362 utitur,
712 2297 865 2351 nullo
904 2299 1064 2366 plane
1098 2297 1363 2366 deinceps
1392 2294 1579 2351 colore
1608 2293 1797 2348 valens
1848 2300 2051 2363 tegere.

2182 2309 2270 2380 τρὸ
2319 2308 2451 2363 τοῦ·
2496 2308 2619 2362 οὐδὲ
2679 2306 2791 2376 γὰρ
2845 2302 2955 2358 οὐδ’
3013 2300 3218 2371 ὁτῳοῦν
3272 2295 3732 2370 περικαλύμματι

486 2390 652 2444 Misso
704 2390 890 2458 itaque
924 2388 1179 2443 lictorum
1226 2402 1361 2453 uno,
1411 2388 1703 2442 universos
1743 2383 1961 2439 feritate
1994 2396 2057 2438 ac

2182 2402 2363 2473 ταύτην
2395 2399 2475 2455 ἔτι
2499 2399 2767 2467 κρύπτειν
2795 2397 3039 2452 ἐδύνατο.
3078 2393 3309 2464 Πέμψας
3358 2388 3453 2445 οὖν
3492 2388 3593 2442 ἕνα
3631 2388 3729 2456 δή·

485 2480 808 2535 crudelitate
830 2481 1103 2541 vincente,
1129 2479 1214 2532 cui
1245 2493 1446 2533 nomen
1478 2476 1684 2536 Mures.
1719 2475 1911 2529 urbem
1948 2476 2055 2528 Ar-

2182 2510 2310 2558 ιιον,
2366 2493 2503 2547 πολὺ
2563 2490 2977 2563 παρενεγκόντα
3028 2487 3155 2551 τοὺς
3204 2485 3401 2548 ἄλλους
3466 2482 3733 2553 θηριωδὲᾳ

486 2589 584 2643 gos
611 2573 801 2626 donari
833 2570 988 2641 petit,
1022 2586 1086 2625 ac
1122 2571 1256 2625 alias
1304 2571 1509 2639 plures.
1540 2567 1660 2621 Jam
1692 2568 1895 2637 quippe
1944 2564 2059 2620 Mo-

2182 2589 2261 2641 ιαὶ
2296 2586 2562 2656 ὠμότητι,
2589 2587 2618 2639 6
2647 2584 2870 2657 Μούρης
2895 2583 3077 2653 -δνομα
3118 2579 3289 2651 αὐτῷ,
3330 2579 3473 2632 αίτεῖ
3502 2578 3562 2630 τὸ
3596 2578 3734 2644 Ἀρ·

489 2667 823 2720 nembasiam
856 2674 1162 2732 acceperat,
1194 2664 1356 2717 inane
1387 2661 1621 2731 pretium
1655 2658 2055 2728 redemptionis

2182 2694 2260 2747 ro;
2283 2676 2415 2748 παρ’
2447 2675 2613 2729 αὑτοῦ
2672 2675 2890 2745 σύναμα
2934 2671 3177 2726 πλείοσιν
3208 2669 3406 2731 ἄλλοις.
3440 2666 3736 2735 Μονεμϐα-

486 2760 688 2821 datam,
721 2772 842 2811 cum
875 2755 1278 2825 adjacentibus,
1316 2768 1417 2808 nec
1455 2753 1663 2822 paucis,
1700 2765 1800 2804 nec
1857 2750 2055 2817 exigua

2182 2769 2257 2822 ιία
2282 2767 2390 2838 γὰρ
2416 2767 2517 2838 ἤδη
2556 2766 2807 2836 εῖληπτο,
2842 2763 3039 2834 λύτρον
3078 2762 3312 2831 μάταιον
3342 2760 3559 2813 δοθεῖσα
3594 2757 3735 2825 πρδς

490 2851 707 2914 \irtute,
749 2850 981 2916 oppidis.
1020 2848 1281 2916 Equidem
1333 2845 1698 2899 dimissurum
1746 2842 2045 2911 polliceba-

2182 2864 2280 2924 τοῖς
2338 2860 2500 2929 πέριξ
2555 2857 2870 2929 πολιχνίοις,
2906 2855 3019 2910 οὔτ’
3066 2854 3292 2923 ὀλίγοις,
3344 2850 3468 2905 οὔτε
3522 2849 3738 2918 φαύλην

492 2954 603 3007 tur,
636 2942 729 2996 ubi
753 2941 1057 3009 accepisset
1084 2955 1098 2993 :
1130 2938 1406 3007 accipiens
1439 2950 1569 2990 vero
1599 2950 1792 2989 rursus
1817 2934 2056 3003 petebat,

2182 2952 2397 3021 Βύναμιν
2436 2950 2673 3020 ἔχουσιν.
2739 2949 3085 3017 ’Υπισχνεῖτο
3138 2946 3237 3016 μὲν
3284 2944 3393 3014 γὰρ
3440 2939 3738 2996 ἀπολύσειν

492 3034 583 3101 qui
619 3032 685 3085 ad
705 3032 953 3083 ultimum
976 3029 1269 3091 devorans,
1290 3042 1358 3079 ne
1378 3038 1545 3079 unum
1572 3040 1732 3094 quem
1764 3037 2059 3091 superesse

2182 3043 2312 3113 μετὰ
2368 3043 2428 3095 τὸ
2482 3042 2711 3094 λαϐεῖν’
2749 3040 3042 3109 λαμϐάνων
3101 3039 3178 3103 δὲ,
3233 3036 3388 3099 αὖθις
3440 3036 3596 3109 ᾔτει·
3638 3035 3738 3085 καὶ

493 3124 674 3182 vellet.
713 3122 875 3173 homo
908 3120 1093 3172 animo
1125 3117 1377 3187 Cyclops,
1401 3116 1489 3169 cui
1524 3116 1776 3184 impietas
1842 3116 2061 3168 cmcitas

2182 3135 2328 3188 τοῦτο
2364 3137 2603 3205 συνεχῶς
2645 3134 2937 3204 ἔπραττεν,
2978 3130 3126 3184 οὒτίν
3158 3145 3221 3197 γε
3255 3127 3419 3181 αὑτὸν
3459 3124 3741 3193 ἀποφῆναι

497 3222 664 3270 esset.
714 3210 1046 3279 impudentia
1135 3207 1275 3261 antri
1329 3207 1593 3259 rationem
1639 3206 1882 3259 haberet.
1927 3205 2061 3259 Nam

2182 3229 2364 3292 θέλων,
2396 3228 2650 3297 πύματον
2678 3226 2951 3296 ὲδόμενος,
2980 3226 3008 3278 6
3041 3223 3144 3291 τὴν
3172 3221 3352 3291 ψυχὴν
3398 3220 3474 3281 ὡς
3520 3218 3743 3287 ἀληθῶς

498 3305 591 3359 hic
630 3317 848 3373 quoque
898 3309 1084 3370 pastor
1131 3310 1268 3365 erat,
1316 3301 1400 3353 sin
1430 3300 1615 3351 ovium
1677 3300 1753 3351 uti
1802 3297 2069 3366 Polyphe-

2182 3320 2415 3390 Κύκλωψ
2441 3318 2535 3382 ὢν,
2569 3318 2708 3389 ἔχων
2750 3318 2850 3386 τὴν
2884 3316 3137 3372 ἀσέϐειαν
3174 3314 3469 3382 τύφλωσιν,
3499 3310 3595 3364 καὶ
3639 3312 3745 3377 τὴν

501 3412 646 3459 tuus,
681 3406 738 3448 at
783 3395 1061 3447 hominum
1099 3407 1232 3446 sane
1274 3392 1360 3444 vix
1424 3390 1723 3459 quidquam
1785 3403 1813 3441 a
1869 3387 2072 3442 belluis

2182 3414 2448 3467 ὶναίδειαν
2488 3412 2706 3481 ἄντρον.
2759 3410 2913 3464 Ἐπεί
2959 3425 3044 3461 τοι
3093 3408 3187 3460 καὶ
3230 3406 3437 3475 ποιμὴν
3466 3404 3617 3466 οὗτος
3646 3398 3739 3472 ἦν.

500 3488 893 3541 diﬂ‘ewntium.

459 844 722 900 praestare
750 849 764 896 ;
795 832 904 884 Deo
929 839 1108 884 tamen
1132 836 1396 885 cwcante.
1432 839 1492 880 se
1526 837 1687 892 posse
1724 818 2028 874 nesciebat.

457 920 569 976 Nec
599 921 649 975 id
684 935 808 974 vero
837 920 1095 973 barharns
1124 917 1411 980 intellexit,
1438 914 1557 969 fore
1602 921 1761 967 utme
1781 910 2034 978 deinceps

462 1015 698 1068 amicum
732 1026 839 1064 non
868 1012 1114 1064 haberet.
1140 1010 1405 1063 Carterum
1466 1004 1835 1060 arbitrabatur
1891 1001 2033 1065 fore,

2175 3509 2224 3558 εἰ
2285 3504 2360 3574 μὴ
2404 3504 2695 3574 προϐάτων
2742 3502 2934 3569 ὥσπερ
2995 3502 3225 3566 ἐκεῖνος,
3274 3499 3391 3552 ἀλλ’
3436 3495 3746 3569 ἀνθρώπων

2180 3599 2343 3670 μηδὲν
2379 3598 2748 3667 διαφερόντων
2781 3595 3009 3665 Θηρίων.

2248 3692 2313 3744 Τί
2341 3690 2431 3743 οὖν
2468 3690 2635 3759 ἐχρῆν
2686 3688 2779 3741 τὸν
2827 3688 3059 3756 ἀδελφὸν
3087 3684 3529 3757 διαπράξασθαι;
3571 3684 3749 3740 ’Δπαο

2177 3784 2350 3838 τεῶνα
2393 3786 2487 3836 καὶ
2513 3783 2757 3852 ψεύστην
2796 3779 2984 3834 τοῦτον
3025 3779 3361 3842 άποκαλεῖν;
3397 3775 3747 3845 ὲξελέγχειν;

2181 3876 2558 3942 ἀπωθεῖσθαι;
2599 3873 2929 3940 διαπτύειν;
2983 3872 3150 3943 μηδὲν
3186 3888 3238 3924 τι
3272 3867 3747 3940 προπηλακισμυῦ

2182 3968 2516 4037 παραλιπεῖν
2546 3963 2718 4031 εἶδοςς
2754 3966 2864 4019 Καὶ
2920 3965 2969 4018 τί
3010 3964 3075 4018 ἂν
3120 3960 3189 4035 ἦν
3228 3964 3437 4023 ἐκεῖνος
3487 3960 3751 4031 κερδᾶναι

2181 4060 2354 4128 ταύτῃ
2386 4058 2679 4125 ποιοῦντα;
2712 4056 2922 4118 ’Δλλως
2948 4073 3003 4108 τε
3030 4054 3151 4107 οὐδὲ
3186 4056 3434 4121 ἀπέγνω,
3480 4051 3623 4105 ὥστε
3655 4057 3754 4105 καὶ

2183 4155 2349 4219 ὁμόσε
2399 4152 2670 4222 χωρῆσαι.
2722 4149 2863 4202 ’Δλλ⁹
2904 4149 3208 4216 ἀντιλέγειν
3242 4164 3304 4215 γε
3338 4147 3468 4215 ἄχρι
3519 4146 3749 4207 τέλουςς

2184 4242 2355 4295 Τοῦτο
2405 4242 2470 4313 δὴ
2526 4244 2619 4295 καὶ
2658 4244 2885 4311 γέγονεν
2930 4241 3035 4303 ἕως
3081 4240 3232 4308 ὲξῆν.
3276 4237 3435 4292 Ἀλλὰ
3484 4236 3753 4307 μηδαμῶς

574 3689 714 3756 Quid
749 3689 974 3743 fratrem
1009 3688 1213 3740 interea
1235 3699 1411 3754 Oper-.e
1445 3683 1676 3753 pretium
1702 3690 1818 3735 erat
1856 3678 2074 3734 facere?

510 3784 646 3838 Num
702 3782 1043 3836 seductorem
1109 3794 1174 3833 ac
1222 3776 1537 3831 mendacem
1590 3774 1742 3828 illum
1795 3771 2077 3825 vocitare?

514 3874 649 3925 Num
712 3887 1012 3940 coarguere
1040 3867 1467 3924 ?Snbmovere?
1497 3865 1772 3933 Despnere
1818 3863 2075 3917 ?l\'n|lum

510 3965 690 4033 probri
723 3979 892 4033 genus
925 3964 978 4015 in
1008 3977 1129 4014 cum
1155 3959 1450 4013 omittere?
1483 3957 1623 4024 Quid
1647 3959 1925 4011 enimvero
1954 3955 2081 4010 inde

507 4058 778 4111 Commodi
838 4055 1111 4107 retulisset
1157 4053 1179 4105 ?
1231 4052 1496 4105 Prmterea
1546 4067 1615 4104 ne
1664 4066 1811 4117 spem
1860 4048 2080 4113 quidem

511 4146 729 4215 abierit,
765 4156 822 4197 ut
865 4154 1119 4197 conserto
1142 4143 1308 4195 etiam
1347 4141 1481 4210 pede
1518 4138 1855 4207 procederet.
1897 4139 2082 4190 Enim-

513 4254 639 4289 vero
696 4246 812 4289 erat
849 4236 1193 4290 obstinatius.
1249 4248 1311 4285 ac
1360 4247 1532 4300 usque
1565 4232 1616 4284 in
1653 4231 1810 4283 linem
1862 4238 2085 4283 contra-

513 4325 850 4379 dicendum?
878 4325 968 4376 Sic
996 4336 1220 4391 quoque
1256 4323 1343 4375 ille
1372 4322 1582 4383 habuit,
1623 4320 1863 4388 quandiu
1908 4318 2077 4374 facere

2186 4335 2508 4389 ύπενδοῦναι
2569 4335 2674 4388 κᾶν
2708 4334 2735 4387 ὃ
2786 4351 2837 4386 τι
2895 4334 3145 4402 γένοιτος
3186 4331 3329 4384 Ἀλλ’
3378 4330 3480 4384 οὐκ
3517 4326 3586 4400 ἦν
3625 4329 3754 4382 νοῦν

516 4419 687 4471 licuit.
748 4420 813 4468 At
864 4414 1012 4465 nullo
1056 4414 1219 4466 modo
1251 4421 1371 4466 crat
1428 4409 1757 4473 cedendum,
1811 4410 2077 4481 quidquid

2189 4427 2401 4497 ἔχοντος
2460 4428 2708 4481 ἀπειθεῖν
2757 4426 3071 4489 διαπαντὸς,
3117 4423 3493 4494 ὲπισειομένου
3543 4423 3754 4491 γυμνοῦ

517 4505 847 4561 accidisset?
881 4502 1077 4556 Verum
1130 4510 1249 4556 erat
1310 4518 1415 4555 non
1447 4502 1564 4555 sani
1617 4502 1837 4571 capitis,
1891 4510 1949 4554 ut
1996 4502 2077 4555 cui

2189 4520 2281 4571 τοῦ
2337 4518 2545 4587 ξίφους.
2566 4514 2676 4571 Ἦν
2719 4518 2828 4586 γὰρ
2873 4518 2941 4571 ἂν
2974 4516 3217 4586 ἀτεχνῶς
3262 4510 3398 4570 ὦσαι
3442 4515 3603 4567 τοῦτο
3632 4515 3756 4566 καθ’

520 4600 751 4653 nudatus
780 4597 926 4651 ensis
963 4594 1323 4658 incumberet,
1354 4608 1748 4664 usquequaque
1779 4594 2077 4648 obstinatus

2192 4608 2404 4663 ἑαυτοῦ.
2446 4610 2604 4661 Ἀλλὰ
2636 4607 2842 4678 πρᾶξαι
2877 4609 2943 4660 τὰ
2966 4608 3223 4661 δοκοῦντα
3246 4607 3359 4668 τοῖς
3382 4604 3620 4676 ἐχθροῖς,
3658 4607 3756 4657 καὶ

520 4689 857 4760 persisteret.
896 4684 1049 4739 Haud
1085 4685 1230 4738 enim
1260 4685 1411 4737 aliud
1457 4694 1598 4748 erat,
1660 4699 1822 4752 quam
1882 4698 2003 4736 eum
2029 4685 2077 4737 in

2186 4703 2253 4752 τὰ
2284 4701 2479 4754 ἑαυτοῦ
2528 4701 2703 4754 πάντα
2748 4700 3038 4770 προέσθαι,
3092 4699 3229 4769 ὑπὲρ
3285 4698 3448 4768 μόνου
3508 4698 3603 4751 τοῦ
3650 4715 3759 4749 σω·

518 4796 578 4837 se
607 4781 902 4851 impellere.
931 4778 1195 4833 Sedenim
1253 4788 1373 4831 erat
1398 4777 1762 4847 prmstandum
1785 4776 1928 4845 quod
1988 4777 2077 4829 lm-

2190 4792 2383 4862 θῆναις
2429 4792 2588 4847 Ἀλλᾶ
2620 4792 2835 4863 πρῶτον
2875 4794 2972 4863 μὲν
3008 4792 3169 4844 τοῦτο
3210 4790 3364 4845 οὐδὲν
3392 4790 3542 4855 ὑγιές
3584 4804 3753 4858 φασι·

2157 1937 2514 2007 θεασάμενος,
2543 1936 2641 1990 καὶ
2681 1934 2819 2006 πρὸς
2866 1932 3042 2003 θήραν
3068 1928 3290 1999 ἀγαθὸν,
3328 1927 3399 1981 τὰ
3449 1924 3495 1978 δ’
3535 1924 3731 1991 δπιτή-
3826 1956 3843 1973 ς

521 4875 622 4930 stis
654 4873 836 4937 vellet,
889 4886 952 4927 ac
989 4872 1269 4941 prodenda
1294 4872 1477 4924 omnia
1507 4880 1567 4923 ut
1628 4884 1730 4923 una
1766 4872 1916 4924 solus
1960 4882 2089 4924 con-

520 4966 820 5021 staret?!“
859 4965 911 5019 hi
944 4966 1177 5035 primum
1209 4963 1429 5033 quidem
1462 4963 1599 5016 nihil
1631 4964 1929 5033 quidquam
1988 4965 2090 5018 hoc

520 5061 638 5111 sani
674 5058 977 5123 loquuntur
1006 5074 1022 5109 :
1067 5070 1163 5109 nec
1192 5056 1284 5109 ille
1314 5069 1550 5123 unquam
1580 5069 1951 5110 consensuros
1971 5064 2091 5109 erat

521 5148 608 5201 cui
647 5147 825 5214 tnajus
856 5146 1110 5201 omnibus
1141 5146 1454 5207 haberetur,
1496 5153 1554 5197 nt
1581 5159 1649 5197 ne
1679 5145 1810 5213 quid
1845 5160 2088 5213 unquam

523 5244 679 5303 turpe
703 5236 1089 5296 committeret,
1113 5233 1320 5302 quique
1366 5236 1721 5289 brevissimos
1760 5249 1935 5289 annos
1964 5251 2089 5289 cum

521 5327 688 5396 gloria
756 5326 1090 5395 longissimis
1125 5327 1244 5380 sine
1276 5327 1446 5396 gloria
1488 5328 1678 5382 lubens
1710 5335 2087 5397 prmoptasset.

522 5419 784 5472 Praaterea
826 5416 967 5471 haud
995 5418 1039 5471 is
1065 5419 1283 5472 animus
1319 5419 1606 5473 homicidae
1656 5432 1797 5485 erat,
1862 5431 1919 5473 ut
1944 5420 2094 5475 acci-

525 5518 675 5579 peret
705 5508 912 5571 omnia,
945 5524 1007 5561 ac
1040 5517 1152 5561 tum
1189 5510 1498 5577 quiest-cret
1530 5528 1544 5562 ε
1584 5512 1676 5563 sed
1712 5520 1769 5563 ut
1804 5524 2091 5579 postquam

522 5601 841 5669 accepisset,
880 5601 1121 5655 datorem
1169 5602 1463 5655 occideret.
1502 5602 1628 5655 Erat
1681 5604 1866 5672 itaque
1914 5604 2094 5655 llcllas

524 5706 617 5759 per
641 5691 690 5743 id
724 5700 934 5757 tempus
960 5689 1157 5744 similis
1184 5689 1320 5744 freto
1345 5692 1564 5745 Siciliae.
1590 5691 1679 5745 Illa
1702 5676 1836 5746 sane
1867 5682 2095 5758 satrapae

523 5781 766 5844 insania,
805 5780 1124 5849 lictorisque
1178 5781 1512 5835 minabunda
1567 5783 1823 5846 monitio,
1874 5783 2095 5851 gravius

522 5870 649 5936 quid
686 5869 958 5941 Charybdi
1003 5887 1064 5925 ac
1098 5871 1260 5926 Scilla
1286 5872 1632 5937 videbantur,
1665 5889 1896 5942 quarum
1931 5874 2095 5926 nudis

525 5961 659 6028 ipsis
692 5964 1002 6018 nominibus
1036 5974 1210 6019 terror
1238 5975 1678 6034 contemperatus
1707 5978 1809 6019 est.

2190 4886 2285 4938 καὶ
2316 4886 2415 4938 οὐκ
2449 4884 2514 4939 ἂν
2545 4884 2743 4954 ἠξίωσέ
2767 4900 2896 4935 ποτε
2925 4884 3209 4953 πράττειν,
3236 4883 3291 4944 ὅς
3328 4897 3389 4948 γε
3424 4881 3514 4933 τοῦ
3556 4882 3758 4945 παντὸς

2192 4978 2356 5049 ἐτίμα
2387 4979 2447 5030 τὸ
2481 4978 2649 5047 μηδέν
2687 4995 2741 5031 τι
2769 4977 2876 5031 τῶν
2932 4977 3177 5046 αἰσχρῶν
3227 4991 3357 5028 ποτε
3388 4974 3636 5044 πράξειν,
3666 4976 3762 5027 καὶ

2192 5071 2398 5141 χαίρων
2445 5070 2512 5124 ἂν
2541 5068 2809 5139 ἠλλάξατο
2833 5070 2928 5123 τοῦ
2960 5069 3124 5139 ζῆσαι
3172 5069 3438 5138 μήκιστον
3470 5068 3665 5135 χρόνον
3699 5066 3760 5119 ού

2196 5163 2335 5234 μετά
2359 5162 2517 5230 δόξης
2552 5162 2666 5233 βίον
2700 5161 2818 5233 μετ’
2856 5162 3103 5225 εὐκλείας
3139 5160 3499 5230 βραχύτατον.
3528 5160 3763 5212 Ἔπειτα

2194 5257 2290 5308 καὶ
2332 5254 2409 5326 τῷ
2440 5258 2591 5324 φονεῖ
2633 5256 2734 5308 ούκ
2761 5256 2871 5324 ἄρα
2901 5253 3049 5307 τοῦτ’
3098 5249 3164 5323 ἦν
3194 5256 3222 5307 ὁ
3262 5253 3543 5322 λογισμὸς,
3576 5250 3765 5303 λαϐεῖν

2195 5350 2265 5402 τά
2310 5350 2491 5401 πάντα
2537 5348 2633 5401 καὶ
2674 5350 2905 5417 ἠρεμεῖν
2933 5364 2948 5379 '
2987 5347 3125 5401 ἀλλὰ
3180 5348 3318 5416 μετὰ
3350 5348 3411 5398 τὸ
3456 5345 3644 5397 λαϐεῖν
3676 5347 3767 5398 τὸν
3854 5338 3857 5339 ν

2193 5439 2462 5491 δεδωκότα
2507 5440 2739 5491 ὰιελεῖν.
2774 5440 2935 5491 Ὥστε
2975 5439 3229 5508 πορθμὸς
3263 5437 3542 5498 Σικελικὸς
3572 5441 3606 5505 ἢ
3650 5438 3768 5489 Ἐλ-

2194 5530 2289 5592 λάς
2349 5548 2464 5593 πως
2521 5531 2727 5598 πέφηνε
2762 5529 3060 5597 τηνικαῦτα
3084 5545 3113 5601 ο,
3142 5531 3236 5581 καὶ
3266 5531 3298 5599 ἡ
3333 5527 3426 5581 τοῦ
3479 5527 3765 5597 σατράπου

2200 5623 2385 5689 μανία,
2422 5623 2517 5674 καὶ
2567 5623 2599 5690 ἡ
2650 5620 2744 5672 τοῦ
2778 5621 2973 5690 δημίου
3012 5620 3171 5690 δῆθεν
3206 5621 3527 5689 παραίνεσις
3563 5621 3764 5688 ἀπειλῇ

2200 5713 2647 5783 συγκεκραμένη,
2696 5711 3076 5779 χαλεπώτεραι
3114 5712 3390 5779 πεφήνασι
3432 5710 3767 5775 Χαρύϐδεως

2198 5822 2257 5857 τε
2311 5806 2406 5856 καὶ
2450 5803 2700 5869 Σκίλλης,
2734 5796 2807 5853 ὧν
2853 5802 2946 5853 καὶ
2996 5803 3108 5862 τοῖς
3158 5802 3391 5868 ὀνόμασι
3450 5802 3621 5869 φρίκη
3675 5801 3767 5851 κέ-

2206 5913 2424 5963 κραταμ
