4060 6612
545 364 650 433 231

1679 363 2084 424 MANUELIS
2126 361 2574 423 PAL‘EOLOGI

3717 367 3816 430 9.32

545 486 762 543 xei-ant,
796 493 918 533 cum
948 488 1145 548 prrcter
1170 479 1418 533 omnium
1457 491 1635 548 spem,
1670 485 1898 548 excepta
1925 487 2106 531 tamen

2227 476 2575 545 τεταγμένον,
2631 475 2731 528 οἰκ
2782 474 3027 545 ἔφθασαν
3085 476 3315 543 ἰδόντες,
3355 471 3540 546 οἶμαι,
3580 475 3677 548 τὴν
3725 481 3817 533 Κό-

544 572 734 626 matris
764 585 828 624 ac
863 586 1004 634 mea,
1062 572 1243 624 virum
1303 579 1590 626 strenuum
1659 571 1869 624 vident.
1932 567 2118 638 Neque

541 663 686 716 enim
717 677 1041 730 generosum
1077 663 1178 715 viri
1219 664 1465 716 animum
1498 661 1900 726 nesciebamus,
1945 663 2118 716 hono-

544 756 726 824 risque
753 765 1026 809 amantem
1083 771 1148 809 ac
1180 756 1442 822 periculi:
1478 757 1571 810 sed
1599 771 1776 824 neque
1806 772 1893 810 res
1925 770 2120 824 praeter

543 841 939 897 conscientiam
978 854 1256 898 evenerat.
1293 842 1526 898 Eramus
1553 861 1680 914 ergo
1705 845 1852 898 velut
1887 860 2119 913 suspen-

541 947 600 988 sa
639 945 853 998 aura,nt
885 936 963 988 vel
1003 936 1404 1004 deprecabilem
1463 951 1528 990 ac
1584 938 1795 991 tristem
1864 937 2117 990 nuntium

543 1026 882 1090 audiremus,
921 1026 1000 1079 vel
1053 1026 1196 1096 quod
1248 1042 1433 1092 nemo,
1479 1035 1603 1080 ante
1661 1025 1739 1081 rei
1773 1035 2026 1082 eventum
2058 1041 2122 1080 ac

541 1118 713 1186 ipsam
741 1134 852 1173 rem
882 1120 1076 1183 visam,
1120 1117 1424 1173 crediturus
1461 1117 1775 1173 videbatur.

611 1293 809 1350 Multos
856 1286 1106 1364 equidem
1141 1306 1354 1364 tempus
1390 1295 1660 1360 exhibuit,
1707 1295 1830 1366 fuga
1881 1296 2062 1367 lapsos
2092 1313 2121 1351 a

540 1388 838 1441 tenentium
879 1388 1149 1448 manibus.
1199 1384 1620 1457 compedesque,
1668 1403 1733 1444 ac
1783 1399 2028 1455 catenas,
2071 1401 2126 1444 et

538 1493 810 1543 carceres,
847 1479 977 1531 nihil
1009 1494 1200 1532 aerum
1232 1477 1515 1532 industriae
1547 1495 1608 1532 ac
1646 1477 1866 1548 ingenio
1899 1496 2124 1550 compa-

541 1580 678 1633 rata,
730 1571 984 1623 ostendit.
1025 1568 1128 1623 Sed
1175 1579 1229 1623 et
1273 1571 1495 1640 quidam
1554 1571 1699 1626 hunc
1748 1573 1963 1627 modum
1998 1572 2124 1642 fuga

540 1663 697 1732 lapsi,
729 1665 879 1732 ipsus
903 1678 1121 1732 quoque
1146 1664 1538 1718 miraculowm
1563 1674 1838 1730 auctores,
1867 1680 1966 1735 pro
1988 1682 2127 1736 pra:-

541 1758 662 1812 sidii
714 1757 948 1820 ratione,
983 1771 1092 1824 quo
1133 1758 1482 1822 tenebantur,
1520 1759 1618 1814 visi
1664 1769 1796 1814 sunt
1839 1774 2123 1830 superare.

2226 568 2431 637 ρινθον,
2491 569 2588 621 καὶ
2639 568 2806 635 ὁρῶσι
2874 567 2967 620 τὸν
3032 570 3285 634 γενναῖον
3349 569 3511 638 παρά
3571 569 3668 632 τὰς
3719 573 3816 624 τῶν

2225 662 2452 713 πάντων
2485 659 2736 721 έλπίδας’
2775 661 2835 712 οῦ
2891 658 3001 729 μὴν
3035 661 3182 731 παρὰ
3211 660 3316 722 τὰς
3352 659 3458 728 τῆς
3497 661 3702 731 μητρὸς
3733 670 3816 721 καὶ

2225 755 2322 816 τὰς
2373 755 2671 824 ἡμετέρας.
2707 752 2844 805 Οῦτε
2897 757 3007 822 γὰρ
3049 753 3146 820 τὴν
3199 753 3297 805 τοῦ
3351 755 3552 824 ἀνδρὸς
3589 758 3811 821 γενναιό-

2224 863 2387 914 τητα,
2419 845 2514 898 καὶ
2541 847 2601 898 τὸ
2632 845 2919 915 φιλότιμόν
2949 863 3003 897 τε
3043 847 3135 899 καὶ
3175 841 3564 915 φιλοκίνδυνον
3597 848 3815 917 ἠγνοοῦ-

2229 956 2372 1007 μενο
2421 939 2517 990 καὶ
2577 938 2636 990 τὸ
2691 939 2928 1008 πρᾶγμα
2981 939 3079 990 οὐκ
3131 937 3234 1004 ἔξω
3275 937 3381 1008 τῆς
3433 938 3580 1008 ὲμῆς
3614 940 3813 1006 ἐγένετο

2227 1029 2480 1100 γνώμης.
2518 1030 2736 1098 Ὠσπερ
2774 1028 2871 1082 οὖν
2920 1030 3196 1101 μετέωρον
3224 1029 3332 1100 τὴν
3384 1030 3560 1101 ἀκοὴν
3589 1031 3810 1104 εἴχομεν,

2227 1122 2631 1192 ἢάπευκταίαν
2681 1122 2944 1191 ἀγγελίαν
2993 1121 3360 1184 ἀκούσεσθαι.
3412 1123 3448 1196 ἦ
3507 1123 3571 1176 τὸ
3633 1123 3812 1195 μηδενὶ

2230 1217 2624 1286 πιστευόμενον
2649 1217 2782 1284 πρὶν
2817 1217 3073 1285 γενέσθαι
3110 1213 3202 1271 καὶ
3228 1211 3525 1289 θεαθῆναι.

2300 1308 2538 1373 Πολλοὺς
2575 1310 2672 1375 μὲν
2704 1304 2798 1362 οῦν
2826 1311 2854 1360 ό
2895 1311 3091 1380 χρόνος
3128 1311 3246 1373 ’τὰς
3279 1313 3481 1381 χεῖρας
3518 1310 3628 1364 τῶν
3665 1329 3814 1367 κατε-

2228 1404 2433 1473 χόντων
2447 1401 2896 1474 διολισθήσαντας
2915 1403 3107 1468 ἔδειξε,
3133 1404 3228 1455 καὶ
3246 1403 3446 1470 πέδας,
3467 1401 3566 1457 καὶ
3585 1405 3810 1473 ἁλύσεις,

2233 1496 2324 1547 καὶ
2341 1494 2724 1563 δεσμωτήρια,
2747 1493 2901 1546 οὐδὲν
2925 1493 3055 1545 ὄντα
3084 1494 3222 1562 πρὸς
3243 1491 3349 1563 τὴν
3379 1487 3615 1546 ἐκείνων
3651 1495 3811 1562 εὐμη-

2231 1583 2461 1654 χανίαν
2516 1587 2662 1649 τινὲς
2719 1585 2777 1638 δὲ
2827 1585 3172 1652 διαδράντες,
3226 1585 3494 1648 καὶτοὺς
3547 1581 3808 1654 θαυματο-

2233 1677 2423 1740 ποιοὺς
2455 1679 2820 1747 παρενεγκεῖν
2850 1677 3045 1744 ἔδοξαν
3071 1695 3085 1709 ⁸
3119 1678 3296 1742 οὕτως
3336 1680 3583 1750 ἰσχυρῶς
3617 1682 3803 1750 ἐφρου-

2238 1767 2598 1838 ροῦντο.Ἀλλ’
2629 1770 2682 1822 ετ
2703 1787 2787 1832 τις
2812 1770 2913 1841 τὴν
2943 1766 3231 1841 παροῦσαν
3269 1773 3538 1843 μηχανὴν
3567 1775 3806 1840 παραδά-

539 1842 610 1903 Ut
641 1848 766 1916 quis
801 1857 978 1900 tamen
1014 1845 1288 1901 Theo-lori
1324 1855 1606 1914 conatum,
1639 1864 1761 1904 cum
1790 1859 1950 1905 relate
1983 1853 2124 1920 prio-

2233 1863 2312 1914 λοι
2339 1864 2460 1937 ⁴ταῖς
2489 1861 2599 1915 τῶν
2623 1863 2928 1934 προτέρων,
2961 1864 3218 1934 οὐδαμῶς
3253 1867 3634 1937 ἀγενεστέραν
3660 1869 3808 1937 stipi;-

539 1943 693 1994 ribus
722 1939 850 1992 velit
886 1937 1159 2004 conferre,
1208 1939 1341 1992 nillil
1371 1940 1552 1994 minus
1583 1936 1662 1994 eis
1691 1951 2015 2011 generosum
2043 1958 2131 1998 ex-

541 2032 782 2087 hibuisse
817 2033 1107 2096 invenerit,
1153 2043 1211 2086 ut
1251 2031 1542 2102 diligenter
1575 2033 1841 2098 attendat,
1880 2050 2004 2088 cum
2046 2045 2130 2089 te.

545 2136 764 2182 nentem
790 2142 893 2195 qna
921 2126 1149 2196 polleret
1173 2125 1402 2192 malitia,
1435 2135 1547 2180 tum
1579 2127 1802 2181 modum
1839 2144 1948 2197 quo
1980 2139 2130 2184 tene-

543 2231 646 2286 ret,
681 2230 848 2290 utque
885 2229 1086 2284 tertus,
1121 2219 1360 2274 tenentis
1414 2229 1648 2295 conatus
1699 2235 1891 2275 omnes
1938 2221 2129 2276 inanes

541 2312 862 2367 ostenderit.
898 2311 988 2366 Sic
1017 2326 1185 2381 porro
1217 2311 1502 2365 tenebant.
1535 2309 1667 2366 Erat
1698 2311 1771 2365 illi
1793 2311 2019 2380 jubente
2053 2322 2129 2382 ty-

543 2419 714 2458 ranno
747 2405 911 2458 fixum
946 2405 1351 2458 tabernaculum
1383 2404 1450 2458 ad
1495 2406 1663 2474 ripam
1715 2406 1997 2475 cujusdam
2025 2407 2128 2461 ﬂu-

544 2497 705 2553 minis
739 2514 752 2551 :
783 2512 978 2551 nomen
1013 2496 1258 2551 ﬂuminis
1284 2497 1603 2564 Sperchius,
1634 2497 1904 2566 profundo
1928 2499 2130 2569 ubique

541 2592 755 2659 gurgite
785 2589 1046 2643 deﬂuens.
1087 2591 1215 2658 Ejus
1255 2587 1372 2658 ripa
1404 2600 1514 2642 tota
1557 2589 1664 2644 late
1691 2591 1912 2661 regione
1941 2607 2124 2646 assur-

540 2698 695 2752 gens,
733 2683 877 2752 quod
913 2691 1024 2735 tota
1073 2680 1279 2746 ﬂuento
1315 2682 1637 2746 ambiretur,
1674 2681 1760 2736 vix
1796 2698 1900 2736 non
1936 2685 2127 2738 insula:

540 2776 771 2830 formam
797 2772 1093 2828 exhibebat
1125 2792 1138 2827 :
1168 2782 1436 2829 nocturna
1469 2790 1596 2830 vero
1630 2774 1901 2840 custodia,
1933 2791 2124 2830 nume-

541 2883 665 2922 rosa
687 2869 915 2922 cohorte
939 2877 1223 2932 constans,
1279 2867 1520 2936 undique
1545 2867 1900 2922 tabernaculo
1924 2876 2130 2923 turma-

543 2961 636 3012 tim
662 2957 854 3021 allusa,
895 2967 1119 3025 totaque
1167 2959 1448 3029 angustias
1487 2959 1606 3013 illas
1631 2955 1911 3028 diligentia
1939 2961 2128 3029 przesi-

539 3052 632 3105 dio
660 3059 895 3112 tenente,
935 3053 1155 3120 ignique
1195 3067 1258 3105 ac
1300 3052 1593 3106 cantilenis
1639 3053 1856 3122 vigilias
1888 3054 2122 3114 solante.

2235 1969 2339 2016 σει.
2391 1957 2681 2027 θεωρήσας
2734 1958 2981 2028 ἀκριϐῶς
3006 1960 3095 2012 τόν
3119 1977 3178 2012 τε
3231 1964 3546 2032 κατέχοντα
3577 1965 3718 2027 ὅστις
3746 1958 3805 2034 ἦν

2233 2047 2326 2099 ἐπὶ
2357 2046 2616 2118 πονηρία,
2664 2049 2756 2101 τόν
2790 2066 2850 2102 τε
2891 2051 3096 2120 τρόπον
3145 2045 3190 2120 ᾧ
3241 2055 3497 2122 κατεῖχε,
3554 2057 3645 2108 καὶ
3676 2055 3801 2116 ὅπως

2231 2137 2424 2192 τοῦτον
2456 2140 2622 2193 ἕωλον
2673 2141 2702 2192 ό
2732 2145 3101 2213 κατεχόμενος
3126 2145 3356 2210 ἔδειξεν.
3383 2147 3581 2215 Εἴχετο
3611 2145 3667 2201 δὲ
3699 2147 3797 2200 ὡδί.

2206 2279 2208 2282 ,
2234 2233 2412 2302 Σκηνή
2432 2250 2515 2297 τις
2543 2228 2610 2303 ἦν
2642 2231 2789 2306 αὐτῷ
2815 2238 3101 2306 πεπηγυῖα
3128 2238 3256 2307 περί
3282 2255 3413 2293 τινα
3443 2237 3541 2292 τοῦ
3572 2239 3797 2308 ποταμοῦ

2232 2317 2398 2400 ὄχθην
2435 2327 2558 2379 κατ’
2595 2327 2865 2398 ἐπιταγὴν
2913 2329 3010 2382 τοῦ
3046 2332 3340 2400 τυράννου.
3377 2333 3443 2388 'O
3475 2333 3535 2386 δὲ
3580 2334 3800 2402 ποταμὸς

2232 2417 2322 2470 τὸν
2353 2418 2648 2489 Σπερχειὸς
2689 2413 2789 2492 (l),
2822 2419 2996 2494 βαθύν
3027 2441 3149 2477 τινα
3183 2424 3277 2478 τὸν
3315 2425 3454 2494 ῥοῦν
3497 2424 3663 2479 αὑτοῦ
3698 2421 3796 2478 δια·

2233 2513 2436 2572 παντὸς
2489 2513 2816 2583 ποιούμενος
2844 2530 2858 2546 ’
2909 2517 2943 2584 ἡ
2989 2515 3122 2588 δχθη
3155 2517 3211 2570 δὲ
3251 2519 3396 2587 πρὸς
3432 2519 3571 2589 ὕψος
3603 2521 3795 2590 ἠρμένη

2230 2599 2318 2656 διά
2361 2605 2562 2667 παντὸς
2593 2605 2685 2659 τοῦ
2717 2607 2921 2676 χωρίου
2949 2625 2962 2640 ·
2995 2609 3046 2674 δ,
3094 2609 3172 2678 τῷ
3203 2611 3596 2666 κεκλυκῶσθαι
3629 2612 3793 2684 ῥοθίῳ.
3876 2611 3889 2630 ⁸

2230 2693 2416 2763 ὀλίγου
2443 2697 2672 2752 ἀποδέον
2702 2688 2770 2770 ἦν
2805 2692 2899 2752 τοῦ
2927 2701 3072 2771 νήσῳ
3109 2702 3375 2759 ἐοικέναι.
3423 2706 3492 2758 Ἦ
3521 2706 3578 2759 δὲ
3599 2704 3794 2772 νύκτωρ

2232 2789 2485 2860 φυλακὴ,
2519 2779 2592 2862 ,ἦν
2643 2793 2699 2845 δὲ
2754 2794 2972 2863 φάλαγξ
3022 2794 3477 2866 πολυάνθρωπος,
3540 2797 3792 2868 σεοιχηδίν

2234 2883 2706 2950 περικυκλοῦντες
2735 2882 2833 2955 τὴν
2875 2887 3104 2956 σκηνὴν,
3139 2885 3232 2939 καὶ
3270 2888 3366 2941 τὸν
3395 2889 3579 2957 ὀλίγον
3626 2888 3793 2956 ίσθμδν

2231 2973 2442 3043 ἐκεῖνον
2483 2971 2903 3046 διακατέχοντες
2935 2975 3204 3047 ἀκριϐῶς,
3250 2983 3388 3054 πυρί
3430 3002 3490 3036 τε
3541 2982 3791 3053 χρώμενοι

2231 3066 2326 3118 καὶ
2365 3065 2564 3135 ᾠδαῖς,
2623 3069 2745 3121 οὐδὲ
2801 3069 2933 3138 γοῦν
2974 3072 3112 3140 πρὸς
3160 3072 3313 3143 ὥραν
3367 3076 3679 3128 ἐκάθευδον.
3728 3073 3791 3123 0'3

541 3156 609 3196 ne
625 3141 690 3194 ad
717 3142 902 3195 horam
928 3139 1144 3209 quidem
1163 3156 1367 3196 somno
1391 3138 1722 3212 indulgebat.
1751 3141 1956 3197 Nedum
1982 3144 2124 3198 enim

2231 3159 2338 3228 γάρ
2369 3159 2613 3228 φυλακὰς
2638 3161 2973 3232 ὴγρύπνουν,
3015 3138 3151 3217 ἀλλά
3171 3138 3272 3236 την
3299 3166 3463 3220 νύχθ’
3493 3169 3642 3237 ὅλην,
3667 3164 3792 3218 οὕτω

540 3232 841 3303 vigilabant
876 3231 1108 3301 vigilias,
1150 3248 1338 3286 verum
1391 3242 1446 3288 et
1495 3242 1682 3288 noctes
1715 3242 1876 3298 totas,
1913 3233 1986 3287 ita
2029 3235 2122 3304 ju-

541 3325 702 3378 bente
748 3331 992 3393 Satrapa.
1033 3325 1308 3379 ducebant
1354 3325 1646 3379 insomnes.
1683 3324 1760 3379 Ac
1800 3342 1866 3380 ne
1907 3329 1957 3379 in
2004 3328 2124 3382 lon-

535 3409 666 3486 'gum
699 3432 1006 3470 sermonem
1042 3417 1379 3485 protraham,
1417 3425 1574 3471 erant
1603 3427 1655 3471 et
1697 3418 1903 3487 reliqua
1939 3422 2122 3475 omnia

543 3524 804 3578 perquam
846 3508 932 3562 his
960 3508 1184 3570 similia.
1222 3509 1264 3562 si
1294 3524 1400 3578 qua
1434 3509 1632 3563 nedum
1667 3511 1903 3564 aliorum
1939 3527 2123 3566 acces-

542 3601 720 3663 sione,
746 3601 838 3654 sed
872 3609 924 3654 et
956 3600 1069 3669 ipsa
1098 3616 1193 3670 per
1221 3617 1278 3654 se
1304 3601 1541 3670 singula,
1567 3602 1699 3656 satis
1722 3603 1788 3655 ad
1817 3604 2120 3666 custodiam

542 3691 868 3746 videbantur
901 3711 915 3746 :
955 3705 1074 3761 qua:
1107 3691 1290 3744 omnia
1325 3692 1423 3744 viri
1461 3693 1623 3746 unius
1661 3694 1862 3747 virtute
1903 3695 2122 3749 fuerunt

538 3781 842 3835 casulilata.
872 3779 1194 3850 Quanquam
1227 3798 1402 3849 neque
1423 3783 1674 3838 hostibus
1701 3785 1996 3853 probabilis
2043 3786 2125 3840 ul-

540 3873 623 3927 lus
654 3873 852 3927 inesset
888 3873 1072 3938 timor,
1115 3881 1174 3927 ut
1207 3873 1296 3928 ille
1327 3891 1567 3943 unquam
1606 3886 1686 3929 tot
1721 3877 2123 3946 impedimentis

541 3967 852 4036 prohibitus
873 3977 1056 4034 posset
1079 3966 1357 4036 aufugere,
1390 3984 1488 4022 nec
1515 3969 1720 4025 nostris
1752 3971 1974 4024 omnino
2007 3983 2124 4024 ten-

450 4049 454 4052 »
541 4059 702 4112 fanda
739 4057 861 4128 fuga
895 4067 1206 4126 putaretur.
1242 4059 1378 4112 lllud
1426 4074 1642 4129 quoque
1672 4061 1796 4129 jure
1827 4063 2120 4116 admodum

539 4150 958 4203 admirationem
1003 4151 1237 4214 habeat;
1275 4149 1408 4202 nulli
1440 4150 1585 4203 enim
1635 4151 1704 4204 ab
1737 4167 1802 4205 eo
1845 4162 2121 4220 gestorum

540 4241 735 4296 cedere
768 4241 1040 4304 videatur,
1077 4249 1136 4294 ut
1156 4256 1281 4294 cum
1330 4255 1474 4309 saepe
1504 4242 1678 4308 solus,
1706 4241 1969 4296 veletiam
1994 4259 2125 4313 pau—

540 4332 621 4387 cis
657 4331 826 4386 sociis
864 4331 1050 4401 fugere
1087 4331 1354 4395 licuisset,
1391 4330 1537 4385 haud
1587 4341 1765 4386 tamen
1801 4333 2124 4388 sustinuerit

542 4424 907 4491 malueritque
935 4462 949 4487 ,
980 4433 1074 4478 aut
1101 4423 1279 4478 redire
1303 4424 1531 4494 domum.
1555 4439 1679 4477 cum
1710 4425 1909 4493 quibus
1932 4427 2119 4492 exivit,

541 4527 777 4572 autcum
804 4516 884 4570 eis
909 4517 1070 4570 mori.

609 4607 822 4663 Norunt
868 4624 1003 4664 sane
1047 4610 1288 4666 universi
1337 4621 1397 4666 ut
1446 4610 1738 4681 aufugerit,
1789 4627 1894 4682 qua
1953 4629 2114 4671 nemo

539 4701 681 4756 alius
717 4702 951 4764 ratione,
983 4702 1132 4757 nullo
1165 4703 1369 4758 amisso
1399 4705 1482 4757 vel
1513 4720 1706 4758 eorum
1734 4705 1824 4774 qui
1855 4707 1922 4760 ab
1948 4708 2116 4778 impe-

537 4794 795 4850 dinientis
849 4805 1236 4863 sequerentur,
1283 4810 1348 4849 ac
1380 4810 1480 4850 nec
1517 4797 1628 4850 ullo
1658 4798 1996 4863 desiderato,
2029 4801 2147 4859 cui,

537 4902 775 4955 genuum
831 4885 1001 4940 robur
1040 4888 1225 4942 minus
1273 4899 1580 4957 suppeteret
1636 4891 1702 4944 ad
1749 4893 2119 4947 necessarium

537 4979 816 5034 incessum
857 4998 870 5035 :
911 4991 1083 5050 utque
1141 4979 1267 5051 fuga
1322 4981 1506 5051 lapsus
1551 4997 1652 5037 ceu
1692 4985 1930 5040 volucris
1975 5001 2124 5054 qua:-

535 5071 682 5134 dam,
707 5070 823 5140 jam
861 5080 986 5126 ante
1012 5060 1294 5140 profectos
1318 5074 1390 5127 sit
1419 5059 1729 5139 assecutus,
1759 5087 1922 5147 atque
1954 5095 2017 5132 ea
2066 5095 2125 5134 re

536 5163 686 5217 inani
719 5178 885 5217 cursu
939 5162 1196 5234 fatigatos
1237 5177 1629 5234 persequentes
1665 5169 1992 5236 ostenderit,
2025 5186 2120 5224 eo-

535 5269 770 5322 rumque
801 5254 1114 5310 molitiones
1147 5269 1211 5310 ac
1240 5257 1491 5321 consilia,
1523 5258 1666 5311 haud
1697 5274 1860 5315 secus
1887 5276 1952 5316 ac
2011 5275 2122 5316 eo-

538 5359 655 5397 rum
716 5345 914 5415 capitis
996 5347 1299 5416 pridianam
1363 5350 1733 5404 temulentiam
1789 5351 2120 5406 confuderit:

538 5437 743 5493 subtile
790 5453 924 5493 vero
959 5440 1090 5493 illud
1144 5441 1284 5510 fugae
1335 5442 1590 5498 molimen
1640 5459 1704 5498 ac
1738 5444 1954 5508 modus,
1993 5459 2122 5513 quo,

536 5544 701 5599 quem
738 5544 834 5598 par
851 5541 988 5595 erat,
1007 5531 1299 5601 desputum
1325 5534 1606 5588 ostendit:
1641 5545 1808 5605 utque
1845 5547 2020 5590 telum
2066 5537 2130 5591 il-

539 5622 629 5678 lud
658 5623 960 5689 inventum,
985 5639 1182 5694 resque
1212 5625 1426 5681 interim
1461 5636 1634 5698 gesta,
1662 5629 1942 5696 sapientia.-
1971 5631 2128 5697 plena

2225 3248 2418 3302 δοκοῦν
2457 3251 2536 3318 τῷ
2571 3253 2850 3322 σατράπῃ.
2882 3253 2992 3305 Καὶ
3040 3254 3127 3307 ἵνα
3163 3254 3240 3325 μὴ
3277 3258 3498 3329 μακρὴν
3545 3255 3794 3316 ἀποτεγίνω

2225 3337 2404 3409 λόγον,
2448 3342 2543 3394 καὶ
2596 3343 2764 3396 τᾶλλα
2798 3343 3016 3398 ἅπαντα
3047 3344 3262 3410 τούτοις
3303 3344 3373 3417 ἦν
3424 3348 3668 3418 ἀκριϐῶς
3712 3347 3794 3413 t9-

2226 3433 2451 3502 άμιλλα,
2485 3435 2587 3488 ὅσα
2629 3430 2913 3505 ἐνομίζετο
2965 3438 3104 3507 πρὸς
3151 3439 3404 3513 φυλακὴν
3455 3441 3790 3513 ἐξαρκέσεινο

2226 3528 2324 3598 οὐχ
2378 3529 2529 3592 ὅπως
2571 3528 2688 3598 ἅμα
2728 3531 3167 3601 συντεταγμένα,
3203 3532 3343 3586 ἀλλά
3377 3538 3473 3589 καὶ
3505 3531 3793 3605 διῃρημένα

2227 3619 2593 3673 καθέκαστον.
2631 3621 2697 3672 Ἃ
2737 3619 2800 3688 δὴ
2837 3621 3023 3675 ’πάντα⁴
3061 3624 3270 3693 μάταια
3305 3627 3428 3690 ἐνὸς
3461 3627 3653 3696 ἀνδρὸς
3698 3624 3792 3676 ἀπ·

2227 3706 2425 3775 έφηνεν
2456 3706 2649 3777 ἀρετή.
2683 3707 2875 3761 Καίτοι
2905 3708 3026 3763 οὔτε
3063 3714 3178 3775 τοῖς
3208 3713 3429 3784 ἐχθροῖς
3458 3715 3517 3766 τὸ
3556 3713 3693 3774 εἰκὸς
3715 3710 3791 3762 λο-

2226 3798 2540 3869 γιζομένοις
2567 3801 2832 3868 φοϐητέον
2861 3794 3003 3856 εἶναι
3037 3805 3216 3858 ἐδόκει
3256 3807 3318 3859 τὸ
3355 3800 3650 3877 δυνηθῆναι
3680 3821 3792 3857 του·

2223 3895 2335 3947 τονί
2373 3911 2501 3947 ποτε
2532 3894 2838 3964 διαδρᾶναι,
2869 3898 3142 3951 τοσούτων
3179 3899 3350 3953 ὀντων
3403 3902 3514 3954 τῶν
3553 3897 3792 3968 κωλυμά·

2223 4003 2350 4049 των,
2386 3983 2508 4038 οὔτε
2533 3988 2645 4050 τοῖς
2673 3989 2966 4058 ἡμετέροις
2997 3991 3352 4061 ἐγχειρητέος
3383 3996 3411 4047 ό
3444 3992 3680 4065 δρασμὸς
3712 4005 3790 4041 τοο

2224 4075 2492 4146 παράπαν
2539 4077 2839 4146 ἐνομίζετο.
2887 4078 3204 4149 Θαυμάσειε
3243 4083 3290 4134 δ’
3336 4084 3403 4137 ἄν
3453 4103 3539 4147 τις
3581 4084 3791 4135 κάκεῖνο

2227 4167 2373 4235 μάλα
2411 4168 2636 4231 δικαίως
2657 4185 2671 4199 ο
2720 4170 2933 4233 οὐδενὸς
2961 4173 3071 4242 γὰρ
3121 4174 3342 4228 ἔλαττον
3366 4177 3486 4245 ἔχει
3517 4175 3622 4227 τῶν
3654 4169 3788 4239 αύτῴ

2224 4259 2724 4330 διαπεπραγμένων
2750 4275 2763 4290 ⁸
2821 4263 3084 4328 πολλάκις
3133 4267 3241 4335 γὰρ
3275 4261 3577 4338 δυνάμενος
3616 4267 3784 4334 μόνος.

2224 4352 2257 4422 ἢ
2301 4354 2396 4406 καὶ
2447 4356 2564 4424 μετ’
2607 4356 2806 4424 ὀλίγων
2834 4357 3141 4426 διαφυγεῖν,
3199 4361 3296 4412 οῦκ
3337 4363 3600 4433 ἠνέσχετο
3626 4377 3639 4390 ·
3681 4352 3786 4410 ἀλλ’

2227 4444 2424 4507 είλετο,
2456 4446 2487 4517 ἢ
2525 4440 2646 4516 μεθ⁴
2681 4442 2756 4501 ὧν
2795 4448 3019 4520 ἐξῆλθεν
3046 4453 3350 4518 ἐπανιέναι,
3445 4457 3542 4508 σὺν
3572 4451 3786 4509 ἐκείνοις

2157 4522 2200 4578 θ
2231 4536 2540 4591 ἀποθανεῖν.

2295 4627 2421 4681 Ὅτι
2477 4633 2574 4697 μὲν
2607 4625 2700 4682 οὖν
2731 4629 3026 4701 εἰργάσατο
3075 4634 3166 4686 τὸν
3205 4633 3447 4706 δρασμὸν
3479 4635 3551 4697 ὡς
3597 4632 3694 4685 οὐκ
3727 4628 3785 4681 ἂν

2224 4719 2435 4789 ⁹εέτερος,
2477 4722 2683 4789 μηδένα
2727 4723 2864 4793 μήτε
2894 4727 3000 4777 τῶν
3031 4728 3121 4777 ἐπὶ
3153 4727 3216 4779 τὸ
3270 4731 3622 4798 σκευοφορεῖν
3666 4724 3785 4773 ἑπο-

2231 4809 2409 4878 μένων
2446 4810 2758 4876 ἀποϐαλὼν,
2803 4814 2941 4882 μήτε
2980 4815 3216 4885 γέροντά
3251 4836 3394 4880 τινα,
3511 4818 3578 4869 τὰ
3617 4806 3784 4882 γόνατ’

2227 4900 2292 4952 ἂν
2323 4902 2609 4968 ὴπιστεῖτο
2641 4901 2781 4970 np”;
2819 4899 2918 4973 τὴν
2951 4906 3258 4972 ἀναγκαίαν
3297 4907 3530 4976 βάδισιν,
3564 4905 3653 4958 καὶ
3679 4901 3785 4951 δια-

2221 4992 2375 5060 δρὰς,
2399 4992 2592 5062 ὥσπερ
2617 4994 2924 5064 ὑπόπτερος
2946 4995 3149 5065 ἔφθασε
3169 4999 3296 5060 τοὺς
3327 4995 3777 5067 προαπελθόντας,

2224 5084 2507 5137 καὶτοῦτο
2557 5086 2796 5154 πράξας,
2843 5088 3091 5159 ἀπέφηνε
3140 5092 3263 5154 τοὺς
3293 5093 3590 5152 διώκοντας
3632 5082 3778 5139 αὐτὸν

2221 5179 2348 5248 είκῆ
2378 5179 2468 5231 τὸν
2500 5181 2700 5249 δρόμον
2733 5185 3162 5252 πεποιημένους,
3193 5186 3288 5238 καὶ
3324 5187 3422 5249 τὰς
3451 5185 3557 5240 τῶν
3587 5177 3777 5252 ἐχθρῶν

2224 5271 2474 5339 μηχανὰς
2523 5271 2714 5344 ὥσπερ
2764 5275 3139 5344 ἑωλοκρασίαν
3191 5278 3419 5348 κατέχεε
3470 5278 3570 5347 τῆς
3615 5267 3776 5325 αὐτῶν

2223 5365 2490 5433 κορυφῆς,
2521 5357 2707 5420 ἅπασί
2721 5367 2878 5437 δῆλον
2900 5383 2914 5398 °
2945 5369 3312 5440 διηγήσασθαι
3337 5373 3394 5424 δὲ
3425 5373 3518 5440 τὴν
3547 5361 3773 5439 μηχανὴν

2223 5456 2316 5509 τοῦ
2373 5456 2616 5527 δρασμοῦ
2661 5461 2752 5512 καὶ
2809 5461 2899 5514 τὸν
2942 5463 3167 5533 τρόπον,
3201 5463 3269 5516 δι’
3312 5459 3372 5516 οὗ
3421 5464 3774 5516 κατάπτυστον

2226 5547 2448 5612 ἔδειξεν,
2476 5549 2536 5602 ὃν
2565 5551 2752 5621 ἐχρῆν,
2786 5555 2881 5605 καὶ
2909 5553 2984 5616 ὡς
3013 5555 3229 5608 ἐπίνοιά
3258 5573 3317 5609 τε
3351 5558 3499 5610 πᾶσα
3531 5555 3620 5607 καὶ
3652 5543 3778 5616 πρᾶ-

2232 5634 2311 5698 ξις
2362 5639 2394 5704 ή
2449 5640 2580 5708 περ).
2624 5639 2795 5694 ταῦτα
2840 5642 3060 5713 πλήρης
3109 5646 3210 5714 μὲν
3243 5647 3458 5714 σοφίας,
3484 5644 3687 5711 πλήρης
3724 5633 3774 5685 δὲ

611 5812 689 5884 (Ι)
722 5811 906 5870 Schol.
945 5815 1072 5872 iusti
1113 5835 1126 5871 :
1168 5791 1340 5879 Οὗτός
1360 5817 1524 5883 ἐστιν,
1559 5818 1588 5869 ὀ
1618 5816 1712 5873 νῦν
1765 5817 2105 5890 καλούμενος

2227 5823 2362 5890 ιλὰς.
2399 5823 2490 5881 Est
2515 5827 2610 5882 hoc
2637 5832 2834 5898 [lumen
2868 5835 3008 5902 quod
3032 5838 3482 5907 nuncappellamr
3515 5829 3704 5888 Helias.
