4060 6584
347 381 470 444 2'37
1143 375 1553 442 THEODORI
1593 371 1955 436 DESPOTE
2001 368 2392 433 LAUDATIO
2433 368 2841 430 FUNEBRIS.
3500 365 3607 426 298

360 498 573 569 σοῦσης
607 499 665 553 δδ
717 499 882 570 μέχρι
918 497 1159 562 παντόςῐ
1201 497 1267 551 Ὦ
1300 497 1530 564 νεφέλης
1567 493 1806 566 ζοφερᾶς
1838 495 1935 546 καὶ

2040 491 2344 546 duratura!
2383 488 2428 544 0
2459 490 2814 560 caliginosam
2857 488 3195 556 densamque
3246 487 3473 550 nubem,
3499 501 3606 555 qua

357 592 626 660 παχείας,
653 591 886 662 ἀφείσης
932 590 1213 661 χάλαζαν,
1248 588 1530 660 βλάψασαν
1575 587 1704 656 ἑξῆς
1755 587 1935 639 πᾶσαν

2041 583 2252 652 grando
2295 581 2462 636 missa
2525 580 2761 650 depluit,
2823 595 2985 634 omne
3016 580 3270 648 deinceps
3309 580 3609 648 deperdens

367 683 637 756 βλάστην,
674 685 771 739 καὶ
810 686 921 739 πᾶν
969 683 1176 754 ὡραῖον
1199 722 1214 747 ,
1264 681 1361 736 καὶ⁸
1401 681 1576 750 λήῖον,
1610 680 1704 731 καὶ
1743 677 1934 746 φυτὸν,

359 777 469 828 καὶ
497 773 636 835 ὅλως
665 774 790 828 ὅσον
815 774 880 826 ἐκ
906 773 1011 842 γῆς
1034 773 1116 835 είς
1153 774 1343 843 χρείαν
1386 771 1419 836 ἦ
1457 769 1792 841 παραψυχήν
1823 770 1936 821 ὲστι

357 867 482 924 τοῖς
501 864 854 936 ἀνθρώποιςι
881 866 946 918 ’Ὢ
980 865 1212 933 βροντῆς
1239 863 1641 932 ἀποτροπαίου,
1674 861 1939 930 σεισάσης

359 953 497 1006 νοῦν
527 951 605 1023 τῷ
648 954 914 1023 πατάγῳί
959 954 1026 1009 Ὢ
1071 954 1338 1021 τυφῶνος,
1365 952 1676 1022 ὀφθαλμοὺς
1710 951 1938 1022 καρδίας

357 1041 771 1111 πηρὼσαντοςί
807 1043 871 1095 Ὦ
904 1043 1190 1113 κεραυνῶν
1218 1043 1494 1112 φοϐερῶν,
1525 1043 1691 1109 ὀξέως
1735 1043 1938 1112 φρένας

333 1137 809 1206 ,λυμηναμένωνί
866 1137 930 1190 Ὦ
976 1139 1305 1210 πρηστῆρος
1367 1139 1637 1208 ὀλεθρίου,
1697 1138 1938 1200 διανοίας

355 1227 843 1298 ἀποτεφροῦντοςι
884 1230 948 1282 Ὠ
1000 1231 1238 1300 πληγῆς,
1280 1219 1449 1302 λῆρον
1497 1231 1784 1300 δεικνύσης
1833 1231 1939 1284 πᾶν

352 1319 726 1390 ἀλεξητήριον
757 1321 1090 1392 φάρμακονί
1128 1324 1195 1376 Ὠ
1223 1340 1316 1394 μοι
1350 1322 1604 1385 πένθους,
1637 1323 1807 1391 πέρας
1839 1323 1939 1375 οὐκ

353 1411 615 1480 ἔχοντοςί
653 1412 717 1464 Ὢ
748 1411 897 1483 ζωῆς
929 1413 992 1466 οὐ
1034 1414 1302 1486 φορητῆς,
1335 1415 1383 1466 εί
1423 1413 1500 1484 μὴ
1535 1413 1605 1466 δι’
1634 1413 1937 1475 εὐσέϐειαν,

352 1502 439 1566 ῶς
495 1504 594 1557 οὐκ
644 1503 722 1558 ἔτ’
751 1504 811 1557 δν
855 1505 1051 1574 ἐφετὸν
1106 1506 1166 1560 τὸ
1223 1505 1346 1578 ζῇν,
1394 1505 1520 1577 ἐμοὶ
1567 1505 1668 1574 μὲν
1701 1503 1940 1575 μάλιστα

354 1597 608 1650 πάντων·
664 1595 857 1651 ἔπειτα
911 1597 1007 1649 καὶ
1051 1599 1219 1651 πᾶσιν
1273 1598 1527 1661 ἐκείνοις,
1579 1596 1777 1658 οἵτινές
1821 1613 1938 1658 σου,

350 1687 484 1756 φίλε
520 1687 681 1752 Θεοῦ,
718 1688 818 1759 τὴν
849 1686 1016 1758 φύσιν
1052 1688 1128 1752 ὡς
1158 1689 1444 1760 ἐξαίρετος
1486 1688 1724 1760 ᾕδεσανί
1765 1686 1939 1739 Τοῦτο

348 1773 427 1849 ἦν
468 1777 577 1848 ἀρα
625 1778 812 1830 ὲκεῖνα
857 1778 929 1831 τά
976 1776 1260 1849 πόρρωθεν
1302 1778 1583 1846 μηνύοντα
1632 1773 1939 1845 μεταϐολὴν

353 1871 711 1941 πραγμάτων
767 1869 986 1924 ίπὶντά
1044 1869 1232 1942 χείρω.
1299 1869 1492 1939 Ἡμεῖς
1537 1869 1594 1924 δὲ
1643 1867 1937 1938 βλέποντες

354 1962 676 2033 ὲπηδῶμεν,
717 1962 1039 2032 νομίζοντες
1087 1960 1308 2015 ἔσεσθαι
1367 1961 1429 2014 τὺ
1477 1961 1650 2014 δεινὸν
1683 1960 1775 2018 ἐπὶ
1809 1959 1939 2022 τοὺς

355 2057 594 2127 ἐχθροὺς
621 2095 638 2121 ,
694 2057 852 2110 ίνίων
902 2057 1060 2110 τοῦτο
1115 2058 1558 2128 μαντευομένων.
1603 2055 1740 2110 Νυνὶ
1770 2055 1814 2108 δ’
1844 2054 1941 2107 ἑκ-

356 2150 558 2211 ϐάντος
589 2148 685 2202 τοῦ
746 2149 920 2204 κακοῦ
970 2150 1094 2205 καθ’
1150 2149 1348 2221 ήμῶν,
1398 2150 1492 2204 καὶ
1540 2149 1937 2220 καθαψαμένου

361 2243 689 2310 περιφανῶς
721 2243 968 2310 πάντων,
1005 2243 1081 2307 ῶς
1125 2244 1279 2306 ὄντος
1325 2243 1423 2312 μὲν
1455 2241 1600 2297 οὕτω
1653 2241 1938 2311 μεγίστου,

355 2333 515 2397 ϐντος
559 2334 616 2388 δὲ
666 2335 811 2389 οὕτω
855 2335 1079 2406 πικροῦ,
1113 2335 1266 2399 δντος
1302 2334 1360 2388 δὲ
1386 2334 1746 2406 ἀδιορθὼτου,
1775 2335 1932 2388 οὐδὲν

357 2426 494 2481 ἄλλο
519 2425 773 2480 λείπεται
814 2427 846 2498 ἢ
877 2428 977 2497 ζῇν
1008 2429 1065 2480 ὲν
1103 2427 1387 2497 ἀθυμίαις,
1413 2427 1850 2496 ὀλοφυρομένους
1875 2443 1936 2480 τε

354 2519 461 2572 καὶ⁵
503 2519 840 2582 πενθοῦντας
873 2520 968 2574 τὸν
1014 2520 1195 2574 πάντα
1247 2521 1459 2591 χρόνον.
1493 2522 1568 2573 Οὐ
1623 2521 1732 2590 μήν
1762 2536 1825 2588 γε
1867 2519 1938 2572 δι’

353 2611 576 2662 ἐκεῖνον
635 2591 817 2675 αδτὺν,
868 2609 926 2673 δς
972 2610 1082 2665 τῶν
1135 2611 1418 2682 ἡμετέρων
1443 2610 1648 2663 τούτων
1681 2610 1930 2663 ἀπαλλα-

353 2705 504 2770 γεὶς,
546 2698 832 2770 τελμάτων
861 2717 923 2754 τε
957 2700 1052 2756 καὶ
1094 2701 1260 2769 ζόφου
1308 2699 1506 2755 πολλοῦ
1555 2701 1724 2771 μηδὲν
1749 2702 1937 2772 διαφεο

361 2793 592 2863 ρὸντων,
628 2790 764 2860 πρὸς
807 2792 908 2863 τὴν
955 2792 1177 2863 αἰθρίαν
1202 2791 1420 2863 ἐκείνην
1448 2794 1548 2864 τὴν
1576 2792 1810 2864 ἀληκτον
1841 2794 1936 2846 καὶ

353 2884 463 2954 τὴν
485 2883 677 2954 ἀγήρω
712 2883 858 2954 ζωὴν
891 2883 1115 2953 μετέϐη·
1151 2885 1268 2947 πῶς
1319 2885 1428 2954 γάρ
1455 2901 1470 2950 ;
1525 2883 1664 2938 ἀλλά
1687 2883 1754 2937 δι’
1785 2885 1934 2954 ἡμᾶς

355 2973 583 3039 αὐτοὺς,
616 2975 668 3028 οἳ
696 2975 784 3028 διὰ
835 2974 1000 3046 μόνον
1043 2976 1106 3028 τὸ
1156 2977 1402 3042 πενθεῖν,
1454 2975 1531 3040 ὡς
1581 2975 1749 3041 ἔοικε,
1778 2993 1940 3029 κατε-

356 3065 695 3136 λείφθημεν.
743 3068 858 3123 Καὶ
907 3068 992 3122 ὅτι
1038 3068 1196 3121 ταῦθ’
1243 3067 1416 3130 οὕτως
1468 3067 1604 3138 ἔχει,
1639 3068 1935 3141 σκοπῶμεν

360 3159 664 3228 ἀκριϐέστε
674 3177 764 3229 ρον
792 3159 990 3230 ταύτῃ.

448 3248 690 3312 Ἐκεῖνος
747 3251 906 3321 ἡμῶν
956 3250 1218 3316 διαστὰς,
1268 3252 1538 3324 τετύχηκε
1607 3255 1707 3324 μὲν
1759 3255 1932 3310 Θεοῦο

358 3341 747 3412 ἐγγέγραπται
803 3341 860 3395 δὲ
915 3343 995 3413 τῷ
1050 3342 1158 3396 τῶν
1210 3343 1500 3415 μακαρίων
1533 3335 1716 3418 ’χορῷ,
1751 3347 1808 3399 ἔν
1855 3343 1938 3412 οἷς

359 3432 560 3486 πολλοὶ
586 3433 684 3487 καὶ
718 3431 828 3486 τῶν
858 3433 1008 3504 αὒτῷ
1039 3434 1446 3504 προσηκόντων
1493 3439 1676 3508 πατήρ
1705 3455 1764 3491 τε
1795 3439 1932 3494 πάν-

351 3539 432 3576 τα
487 3522 711 3590 ἀγαθὸς,
766 3523 863 3578 καὶ
915 3526 1100 3595 μήτηρ
1139 3525 1292 3579 οὐδὲν
1318 3526 1516 3596 ἦττωνο
1544 3528 1686 3581 οὕτω
1726 3530 1833 3600 γάρ
1865 3547 1934 3601 με

361 3614 550 3669 πείθει
578 3614 806 3688 θαρρεῖν
851 3617 913 3670 τὸ
943 3617 1075 3689 παρ’
1107 3619 1289 3682 αὐτοῖς
1341 3619 1586 3686 εὐσεϐὲς,
1619 3604 1799 3677 καὶ⁸τδ
1826 3623 1936 3677 τῶν

363 3705 589 3775 τρόπων
619 3705 795 3771 εὐθέςο
824 3709 1026 3779 ἀρίστη
1067 3727 1126 3763 τε
1181 3709 1499 3782 ἀδελφότης,
1529 3714 1624 3768 καὶ
1653 3716 1935 3784 προγόνων

357 3795 578 3866 ὅμιλος,
611 3796 710 3851 καὶ
744 3797 841 3851 οὐκ
871 3798 1044 3866 ὀλίγοι
1073 3799 1180 3852 τῶν
1211 3800 1398 3869 φίλων.
1439 3803 1502 3855 Εί
1532 3805 1663 3871 γοῦν
1701 3808 1793 3859 καὶ
1826 3806 1936 3860 τῶν

356 3888 658 3959 ἐρωμένων
694 3888 853 3958 ἡμῶν
885 3888 1246 3961 κεχώρισται,
1303 3887 1386 3956 οἷς
1447 3893 1629 3948 συνὼν
1671 3895 1932 3966 ἡδόμενος

356 3979 614 4046 διετέλει,
647 3979 783 4042 ἀλλά
814 3979 876 4032 τὸ
911 3983 1152 4035 συνεῖναι
1198 3982 1388 4036 τοῦτον
1425 3985 1538 4047 τοῖς
1573 3985 1797 4053 φύσασι,
1831 3989 1929 4063 καί

360 4069 586 4133 πολλοῖς
612 4071 726 4124 τῶν
747 4074 1030 4141 συγγενῶν
1072 4072 1166 4125 καὶ
1201 4073 1471 4145 συνήθων,
1515 4077 1674 4146 ἡμῶν
1706 4093 1770 4145 γε
1798 4079 1935 4132 πάν-

357 4179 476 4225 τως
501 4163 598 4233 οὐχ
643 4163 853 4233 ἥττοσι,
901 4164 994 4217 καὶ
1027 4163 1162 4233 πρός
1196 4181 1260 4233 γε
1308 4165 1390 4219 ἔτι
1450 4170 1562 4230 τοῖς
1613 4171 1930 4240 μακαρίοις,

360 4251 462 4304 καὶ
502 4253 600 4304 σὺν
629 4252 815 4315 αὐτοῖς
849 4251 927 4323 τῷ
956 4252 1099 4325 Θεῷ,
1133 4254 1314 4325 πολλῷ
1360 4256 1426 4310 ἀν
1459 4257 1607 4328 ῆδιον
1636 4257 1810 4328 τοὺτῳ
1841 4261 1934 4328 γέ-
1965 4330 1973 4337 ¹

359 4358 512 4396 νοιτο
552 4341 646 4395 τοῦ
693 4342 814 4413 μεθ’
843 4345 1002 4414 ήμῶν
1050 4343 1210 4412 εἶναι,
1240 4347 1296 4399 εί
1337 4365 1399 4416 γε
1438 4349 1531 4402 καὶ
1554 4351 1932 4422 παραϐάλλειν

361 4432 489 4497 ἐξόν
523 4435 693 4488 ἐστιν.
728 4435 891 4505 Ἡμῖν
942 4436 997 4490 δὲ
1044 4438 1252 4492 τούτων
1301 4439 1664 4510 ζημιωθεῖσιν
1696 4445 1850 4498 οὐδέν
1877 4462 1930 4498 τι

2039 687 2284 743 germen,
2307 685 2633 741 omnemque
2657 671 2915 736 fructum,
2938 686 3002 727 ac
3027 680 3259 741 segetes,
3285 683 3609 740 omnemque

2040 765 2316 827 arborem,
2361 779 2424 818 ac
2454 765 2501 818 si
2541 763 2674 833 quid
2709 765 2932 818 omnino
2970 773 3116 819 terra
3147 763 3419 834 germinat
3464 762 3610 832 quod

2043 858 2296 912 humana;
2330 858 2451 912 vita:
2482 856 2768 928 refrigerio
2791 857 2895 913 sit!
2925 856 2968 913 0
2999 857 3342 926 deprecabile
3382 858 3610 919 tonitru,

2041 947 2188 1017 quod
2222 946 2462 1001 animum
2491 945 2704 1016 fragore
2733 948 3043 1002 concussit!
3076 949 3118 1000 0
3164 947 3482 1017 typhonem,
3519 947 3610 1015 qui

2041 1035 2231 1091 oculos
2262 1036 2442 1092 cordis
2467 1037 2722 1091 raecavit!
2759 1034 2804 1092 0
2833 1037 3099 1092 horrenda
3125 1035 3379 1101 fulmina,
3412 1037 3611 1105 quibus

2042 1127 2225 1182 statim
2262 1143 2415 1184 mens
2476 1129 2677 1183 oblazsa
2714 1130 2821 1183 sit!
2872 1126 2916 1183 0
2945 1128 3239 1184 exitiosum
3274 1138 3612 1198 praesterem,

2042 1221 2258 1276 animos
2304 1221 2728 1276 inciuerantem!
2761 1219 2805 1276 0
2835 1221 3068 1291 plagam,
3115 1222 3418 1278 remedium
3452 1236 3611 1275 omne

2042 1324 2425 1376 averruncum,
2481 1327 2653 1382 nugas
2696 1313 3110 1367 ostendenteml
3155 1313 3198 1368 0
3233 1312 3440 1369 luctum
3476 1313 3612 1368 mihi
3674 1305 3691 1318 ’

2042 1402 2352 1458 inﬁnitum!
2396 1401 2441 1458 0
2479 1405 2668 1467 vitam,
2697 1403 2798 1459 nisi
2831 1405 2952 1459 solo
2988 1405 3212 1474 pietatis
3250 1405 3473 1470 intuitu,
3512 1406 3610 1460 mi-

2042 1497 2187 1550 nime
2246 1495 2554 1564 ferendam,
2607 1499 2750 1569 quod
2800 1499 2943 1553 haud
2979 1501 3117 1555 ultra
3149 1501 3202 1554 in
3236 1502 3378 1556 votis
3408 1502 3611 1556 haben-

2041 1587 2170 1642 dum
2204 1589 2277 1644 sit
2307 1593 2489 1647 vivere
2516 1608 2530 1658 ;
2561 1607 2685 1648 cum
2716 1593 2990 1664 pra2cipue
3013 1594 3168 1660 mihi,
3201 1604 3312 1650 tum
3348 1596 3457 1650 illis
3488 1597 3612 1649 uni-

2044 1682 2243 1748 versis,
2307 1685 2398 1752 qui
2431 1682 2602 1747 tuam,
2643 1685 2818 1740 amice
2850 1684 2969 1751 Dei,
3003 1685 3240 1740 indolem
3270 1697 3612 1755 perspectam

2044 1772 2330 1839 haberent,
2362 1790 2522 1843 quam
2567 1776 2773 1830 eximia
2826 1787 2988 1832 esset.
3042 1778 3171 1833 Erat
3208 1779 3309 1833 boc
3338 1778 3496 1848 plane
3524 1780 3612 1834 illa

1965 1842 2012 1902 Β
2039 1873 2255 1920 ostensa
2277 1882 2396 1936 qua:
2414 1868 2650 1924 futuram
2687 1886 2868 1926 rerum
2892 1873 2944 1926 in
2983 1871 3226 1927 deterius
3252 1874 3611 1926 mutationem

2038 1956 2247 2026 pridem
2280 1959 2686 2031 signiﬁcabant.
2723 1962 2831 2018 Nos
2854 1979 3018 2034 porro
3049 1965 3295 2020 videntes
3341 1965 3611 2035 gestieba-

2041 2063 2183 2113 mus,
2221 2051 2316 2120 qui
2371 2055 2736 2120 quorumdam
2793 2058 3046 2124 persuasi
3074 2057 3368 2123 vaticiniis,
3406 2057 3612 2111 malum

2039 2140 2091 2195 in
2147 2142 2334 2198 hostes
2396 2148 2710 2202 vertendum
2798 2161 3134 2218 putaremus.
3215 2149 3371 2205 Nunc
3429 2157 3611 2204 autem

2035 2243 2325 2303 postquam
2357 2235 2485 2291 illud
2519 2239 2573 2292 in
2604 2255 2704 2296 nos
2745 2242 2948 2308 evenit,
2991 2256 3288 2314 omnesque
3324 2244 3525 2313 palam,
3555 2255 3614 2297 ut

2034 2328 2179 2396 quod
2213 2327 2284 2382 ita
2336 2331 2660 2399 maximum,
2705 2334 2778 2388 ita
2813 2335 3095 2400 acerbum,
3124 2351 3188 2391 ac
3221 2336 3338 2392 sine
3370 2337 3614 2391 remedio

2033 2419 2288 2485 exsistat,
2322 2420 2585 2489 adfecerit,
2631 2425 2768 2479 nihil
2821 2426 2966 2481 aliud
3007 2429 3276 2498 reliquum
3317 2437 3420 2492 est,
3448 2445 3610 2498 quam

2037 2521 2095 2564 ut
2127 2509 2374 2580 lugentes
2399 2528 2464 2569 ac
2482 2515 2868 2582 lamentantes,
2903 2527 3078 2574 totum
3106 2521 3365 2591 deinceps
3395 2530 3611 2590 tempus

2035 2600 2090 2656 in
2132 2605 2396 2660 maestitia
2447 2607 2744 2665 vivamus:
2787 2626 2895 2665 non
2926 2612 3147 2682 quidem
3179 2624 3405 2684 propter
3432 2613 3608 2677 illum,

2033 2695 2128 2762 qni
2167 2696 2237 2750 ab
2293 2699 2546 2756 humanis
2603 2701 2743 2768 istis,
2799 2705 2885 2758 vix
2919 2706 3220 2775 quidquam
3258 2722 3494 2774 acuano,
3546 2724 3610 2764 ac

2037 2785 2205 2839 multa
2228 2787 2479 2858 caligine,
2504 2791 2743 2849 diversis
2768 2795 3055 2862 liberatus,
3083 2799 3148 2851 ad
3182 2798 3608 2855 indefectibilem

2032 2878 2200 2943 illam,
2229 2894 2293 2934 ac
2325 2882 2464 2936 senii
2505 2885 2746 2941 nesciam
2781 2890 3132 2945 serenitatem
3195 2893 3469 2947 transivit.
3505 2892 3612 2961 Qui

2035 2969 2182 3025 enim
2218 2970 2291 3026 ita
2319 2975 2638 3042 possimus?
2665 2979 2766 3034 sed
2804 2992 3025 3052 propter
3049 2999 3150 3039 nos
3180 2984 3349 3054 ipsos,
3378 2988 3473 3057 qui
3495 2989 3612 3043 sola

2051 3079 2216 3142 causa
2249 3066 2466 3138 lugendi
2500 3070 2784 3129 videamur
2804 3076 2999 3131 relicti.
3034 3078 3125 3133 Sic
3155 3089 3336 3135 autem
3366 3097 3480 3137 rem
3522 3083 3614 3137 ha~

1961 3183 2005 3244 ο
2037 3156 2187 3222 bere,
2221 3175 2316 3230 per
2341 3163 2487 3218 hunc
2513 3165 2730 3221 modum
2751 3171 3064 3227 accuratius
3092 3175 3468 3242 exquiramus.

2113 3250 2206 3304 ille
2252 3252 2321 3305 ab
2355 3253 2594 3310 humana
2622 3261 3024 3317 consuetudine
3055 3263 3348 3333 abjunctus
3371 3307 3385 3332 ,
3444 3267 3610 3324 Deum

2044 3352 2380 3400 consecutus
2405 3355 2487 3401 est
2514 3365 2528 3412 ;
2561 3347 2771 3419 fuitque
2793 3349 3090 3422 inscriptus
3115 3355 3396 3412 beatorum
3419 3360 3609 3425 choro,

2039 3433 2182 3488 inter
2209 3449 2347 3506 quos
2379 3439 2534 3492 multi
2564 3449 2691 3494 sunt
2733 3441 2850 3512 ejus
2891 3447 3142 3514 cognati;
3189 3464 3311 3504 cum
3348 3459 3503 3520 pater
3529 3456 3614 3508 vir

2038 3523 2300 3592 optimus,
2363 3533 2478 3580 tum
2511 3539 2683 3584 mater
2740 3532 2876 3586 nihil
2910 3534 3001 3588 illo
3050 3535 3311 3593 deterior.
3341 3541 3431 3596 Sic
3461 3544 3609 3598 enim

2037 3613 2292 3669 ﬁduciam
2325 3616 2452 3671 facit
2482 3633 2672 3673 eorum
2703 3622 2900 3690 pietas,
2937 3640 3000 3680 ac
3042 3641 3257 3683 morum
3291 3610 3560 3690 rectitudo
3591 3655 3607 3690 :

2037 3706 2242 3775 Optima
2306 3715 2530 3780 quoque
2584 3709 2818 3766 fratrum
2888 3718 3189 3786 sodalitas,
3244 3737 3308 3776 ac
3374 3741 3604 3780 avorum

2036 3798 2224 3862 turba,
2289 3801 2562 3870 amicique.
2596 3805 2798 3872 plures.
2840 3806 3164 3880 Quanquam
3201 3828 3331 3885 ergo
3364 3832 3394 3870 a
3426 3819 3604 3886 nobis,

2036 3904 2173 3958 quos
2212 3906 2402 3946 amore
2453 3906 2895 3964 prosequerctur,
2933 3915 2996 3956 ac
3025 3917 3261 3972 quorum
3295 3907 3608 3966 delcctaba~

2039 3989 2126 4034 tur
2157 3984 2594 4050 consuetudine,
2641 3987 2807 4043 fuerit
2859 4005 3181 4063 separatus;
3241 4000 3388 4069 quod
3423 4011 3602 4060 tamen

2035 4084 2161 4127 cum
2224 4076 2566 4144 parentibus,
2605 4080 2903 4155 multisque
2960 4098 3318 4154 cognatorum
3348 4109 3412 4148 ac
3442 4095 3606 4150 fami-

2035 4162 2273 4230 liarium,
2308 4167 2444 4221 nihil
2471 4170 2698 4226 omnino
2729 4174 2891 4230 nobis
2921 4176 3296 4239 deterioribus
3328 4196 3492 4256 agat;
3535 4191 3603 4244 ad

2036 4256 2150 4312 haec
2203 4273 2331 4314 vero
2365 4276 2489 4315 cum
2522 4262 2714 4329 beatis,
2749 4267 2976 4340 ipsoque
3010 4271 3235 4344 insuper
3283 4279 3413 4344 Deo,
3447 4281 3608 4353 longe

2035 4348 2225 4418 utique
2263 4350 2566 4419 jucundius
2626 4354 2842 4425 habeat,
2876 4376 3043 4431 quam
3075 4374 3134 4419 ut
3167 4381 3478 4428 versaretur
3510 4348 3608 4430 no-

2034 4439 2267 4506 hiscum,
2303 4451 2361 4495 ut
2401 4443 2568 4498 ullam
2601 4448 2678 4502 rei
2715 4456 3184 4522 comparationem
3218 4459 3356 4518 inire
3407 4467 3607 4523 conde-

359 4525 753 4594 παραπλήσιον
789 4524 1130 4595 συμϐέϐηκε.
1183 4527 1338 4590 Τίνος
1371 4528 1481 4597 γὰρ
1513 4529 1579 4582 ἀν
1611 4533 1705 4583 καὶ
1747 4530 1929 4602 τύκοι-

2036 4538 2190 4585 ccat:
2226 4531 2384 4586 nobis
2405 4543 2606 4602 autem,
2640 4539 2733 4606 qui
2765 4539 2958 4596 borum
2981 4543 3280 4604 fecerimus
3303 4553 3603 4624 jacturam,

363 4630 471 4683 μεν
498 4612 724 4684 τάνδρὸς
756 4616 966 4668 ἐκείνου
1012 4614 1324 4686 βελτίονος;
1377 4618 1546 4688 Δῆλον
1586 4619 1662 4682 ὡς
1691 4619 1925 4684 οὐδενός·

363 4707 487 4770 πῶς
526 4709 656 4780 γάρ,
691 4708 782 4763 τοῦ
839 4710 1088 4780 μηδαμοῦ
1129 4711 1320 4777 ὀντος;
1365 4713 1505 4766 Ἀλλ’
1531 4714 1653 4767 οὐδὲ
1683 4715 1930 4786 λυπηρὸν

359 4799 557 4869 ἐκείνῳ
590 4800 954 4870 συμϐήσεται,
989 4801 1138 4871 ζωῆς
1183 4803 1282 4871 τῆς
1318 4803 1625 4872 ἀπεράντου
1657 4791 1929 4880 μετεσχη-

361 4889 507 4952 κότι,
553 4889 649 4942 καῖ⁵
679 4888 840 4958 δόξης
871 4885 963 4954 αὖ,
1003 4891 1104 4944 καλ⁵
1132 4895 1364 4963 τρυφῆς,
1408 4893 1628 4964 ἀλήκτῳ
1656 4893 1758 4966 βίῳ
1790 4913 1928 4966 συμ-

370 4978 697 5034 ϐαινουσῶν.
737 4977 902 5050 Ἦμῖν
931 4978 979 5032 δ’
1011 4980 1254 5035 οἰκοῦσιν
1284 4982 1365 5035 ἔτι
1405 4983 1466 5035 τὸ
1497 4983 1677 5053 σῶμα,
1717 4984 1929 5039 πολλῶν

364 5067 555 5121 κακῶν
607 5064 795 5150 αξτιον
835 5065 991 5122 εἶπεν
1047 5070 1114 5123 ἀν
1165 5071 1416 5138 Πλάτων,
1470 5072 1684 5138 πολλοῖς
1718 5075 1928 5147 ἀνάγκη

373 5157 670 5229 μίγνυσθαι
697 5161 813 5225 τοῖς
845 5160 1062 5227 δεινοῖς,
1088 5154 1163 5216 ῶν
1201 5161 1252 5215 οί
1291 5165 1662 5234 μεταστάντες
1684 5167 1931 5237 ἀπηλλά-

365 5267 604 5322 γησαν.,

433 5516 508 5570 Οὐ
541 5516 701 5586 μόνον
725 5516 908 5570 τοίνυν
936 5516 1284 5587 ἀπήλλακται
1311 5522 1642 5594 δυσχερειῶν
1667 5527 1750 5580 ὅτι
1781 5527 1932 5581 πλείο

366 5625 531 5676 στων,
561 5609 629 5671 ἃς
673 5610 891 5678 ἀνάγκη
925 5610 1018 5662 τὸν
1051 5611 1243 5682 θνητὸν
1277 5619 1616 5684 περινοστεῖν
1645 5619 1797 5672 τόνδε
1842 5620 1933 5673 κό-

365 5717 525 5767 σμον’
554 5699 691 5752 ἀλλά
718 5699 814 5752 καί
872 5699 982 5752 τῶν
1012 5702 1262 5755 ἐνταυθοῖ
1291 5705 1474 5759 καλῶν
1508 5706 1931 5777 ὀνομαζομένων

363 5791 545 5862 πολλῷ
578 5792 908 5858 κρειττόνων
936 5793 1224 5863 τετΰχηκε.
1278 5797 1360 5850 Td:
1408 5800 1515 5868 γὰρ
1555 5802 1670 5852 ἐκεῖ
1701 5801 1842 5856 καλά
1868 5819 1928 5856 τε

598 5886 870 5947 Parnm.
911 5887 1027 5948 Gn.
1071 5887 1264 5952 CLVI.

2035 4621 2172 4676 nihil
2199 4623 2465 4692 ejusmodi
2498 4629 2702 4685 evenit.
2737 4629 2872 4686 Nam
2905 4636 3032 4704 quid
3067 4639 3141 4693 rei
3172 4643 3447 4710 possimus
3472 4621 3606 4702 con;

2033 4714 2210 4782 sequi,
2247 4724 2304 4770 ut
2339 4715 2471 4772 illud
2502 4719 2618 4774 viro
2677 4725 2937 4791 praestet?
2983 4726 3177 4798 Liquet
3218 4738 3442 4792 omnino
3491 4755 3603 4794 non

2032 4819 2193 4874 posse
2241 4807 2563 4878 quidquam.
2618 4812 2901 4879 Quomodo
2951 4819 3119 4886 enim,
3169 4838 3290 4878 cum
3344 4828 3481 4882 nihil
3535 4833 3606 4887 sit

2036 4893 2184 4948 tale?
2215 4895 2284 4948 At
2323 4912 2500 4968 neque
2532 4902 2686 4955 triste
2717 4905 2848 4972 quid
2881 4906 2959 4960 illi
2990 4909 3274 4977 acciderit,
3301 4915 3394 4982 qui
3426 4917 3604 4975 lactus

2034 4983 2104 5036 sit
2129 4984 2399 5056 particeps
2435 4987 2864 5049 interminabilis
2899 4997 3044 5062 vitae,
3095 5000 3390 5074 gloriaeque
3427 5017 3481 5061 et
3504 5024 3604 5062 vo-

2032 5071 2276 5164 luptatis,
2334 5093 2456 5146 quae
2489 5081 2612 5135 vitae
2647 5081 2723 5137 illi
2761 5085 3116 5145 iudel'ectibili
3177 5071 3434 5164 congruae
3469 5098 3602 5154 sint.

2033 5163 2206 5220 Nobis‘
2237 5177 2422 5223 autem
2453 5171 2548 5241 qui
2574 5188 2775 5243 corpus
2831 5179 3008 5233 adhuc
3030 5163 3370 5240 domicilium
3406 5186 3605 5244 habea-

2033 5273 2178 5324 mus,
2240 5262 2384 5328 quod
2409 5263 2566 5318 Plato
2588 5269 2828 5336 plurium
2864 5272 3133 5326 malorum
3163 5289 3386 5333 causam
3420 5285 3606 5350 appel-

2032 5348 2191 5418 lavit,
2228 5366 2451 5409 necesse
2501 5356 2572 5410 sit
2607 5359 2793 5415 multis
2817 5361 3087 5431 implicari
3129 5365 3310 5435 malis,
3342 5385 3372 5425 a
3404 5348 3606 5442 qui—bus

2033 5439 2276 5496 defuncti
2299 5445 2501 5500 saeculo
2531 5455 2660 5513 sunt
2687 5449 2927 5508 liberati.

2105 5531 2310 5587 Nedum
2371 5550 2500 5605 erga
2529 5553 2560 5592 a
2591 5539 2858 5598 molestiis
2903 5545 3154 5614 plurimis
3192 5549 3453 5607 liberatus
3499 5564 3600 5621 est,

2034 5638 2173 5693 quas
2209 5641 2432 5683 necesse
2469 5638 2554 5686 est
2602 5635 2866 5691 mundum
2903 5639 3047 5695 hunc
3079 5644 3482 5713 corruptibilem
3509 5645 3606 5699 ob-

2035 5717 2243 5785 vagari,
2280 5719 2372 5773 sed
2421 5733 2473 5776 et
2497 5722 2640 5778 bona
2705 5729 2908 5782 nostris
2953 5730 3031 5785 sic
3078 5734 3404 5796 nuncupatis
3444 5735 3605 5806 longe

2034 5807 2248 5876 potiora
2269 5809 2496 5882 adeptus
2514 5824 2617 5874 est.
2639 5815 2770 5882 Quae
2819 5820 2962 5874 enim
2992 5837 3108 5877 aevo
3131 5824 3223 5877 illo
3238 5825 3460 5895 pulchra
3478 5838 3604 5882 sunt

3136 5915 3207 5977 10
