4060 6614
460 329 566 388 299

1654 337 2052 400 MANUELIS
2099 338 2553 404 PAL/EOLOGI

3609 344 3729 408 300

460 465 522 500 ne
560 446 695 502 bona
759 455 909 517 ta‘nto
959 447 1166 505 nostris
1222 447 1558 518 praecellunt,
1619 461 1824 521 quanto
1859 453 2026 508 iocor.

2147 456 2241 509 καὶ
2280 455 2459 525 ἀγαθὰ
2517 454 2760 528 τοσούτῳ
2819 455 3047 531 προύχει
3100 457 3213 512 τῶν
3261 456 3536 529 ἐνταυθοῖ,
3591 459 3728 513 ὅσον

461 538 738 610 ruptibilia
797 540 1130 609 corruptioni
1187 541 1471 596 obnoxiis:
1533 551 1853 614 tantumque
1904 546 2038 600 illud

459 636 749 690 amborum
770 634 1085 698 discrimen,
1122 641 1180 688 ut
1211 646 1387 705 neque
1408 634 1592 701 lingua
1625 636 1804 692 doceri
1823 645 2036 708 possit:

458 736 698 782 mentem
727 741 947 800 quoque
980 725 1131 780 carni
1160 726 1434 795 alligatam
1465 726 1617 782 intus
1650 729 1934 784 cadentem
1973 744 2038 789 ac

459 821 658 874 victam
693 819 954 874 ostendit.
995 817 1099 871 Sed
1135 827 1190 873 et
1218 833 1284 875 eo
1313 834 1535 889 quoque
1570 820 1696 874 vitae
1726 820 1873 876 illius
1902 819 2038 879 deli-

458 914 556 969 cia:
583 919 862 982 praestant,
894 910 1038 982 quod
1075 924 1102 963 a
1134 920 1318 967 nostra
1363 911 1449 968 illa
1474 911 1708 968 colluvie
1730 927 1880 982 purae
1903 913 2033 970 sint.

460 1006 563 1063 llic
593 1007 738 1062 enim
765 1020 832 1062 ne
859 1003 1085 1058 minima
1131 1005 1352 1074 quidem
1395 1003 1586 1060 lwtitia
1620 1012 1724 1067 est,
1765 1008 1831 1061 ad
1862 1020 2037 1077 usque

462 1103 622 1154 linem
669 1097 930 1166 omnique
973 1111 1198 1167 prorsus
1253 1096 1650 1168 injucunditate
1713 1111 1914 1152 vacans
1971 1112 2038 1153 ac

460 1196 735 1249 molestia.
799 1191 978 1262 Atque
1010 1189 1145 1244 adeo
1177 1198 1234 1244 ut
1285 1189 1578 1262 diligenter
1604 1197 1816 1244 tantum
1847 1187 2034 1244 consi-

458 1289 741 1350 deremus,
800 1283 1029 1353 liquebit
1075 1283 1256 1352 plane,
1292 1289 1350 1335 ut
1412 1281 1693 1337 molestior
1721 1297 1848 1350 pars
1872 1295 2036 1350 snpe-

460 1379 572 1431 rior
606 1377 697 1431 sit.
730 1375 872 1444 Quin
932 1384 983 1427 et
1017 1372 1154 1430 illud
1209 1371 1370 1428 nobis
1433 1370 1655 1427 cumulo
1706 1371 2034 1426 incumbens

458 1473 685 1532 malum,
710 1470 870 1535 longe
904 1466 1228 1524 mmstitiam
1284 1464 1656 1520 molestiorem
1690 1462 1842 1519 facit.
1883 1463 2032 1519 Prae-

456 1565 628 1618 sentis
650 1562 852 1631 quippe
876 1559 976 1616 :evi
1010 1559 1213 1624 tristia,
1241 1559 1478 1613 maximo
1497 1557 1599 1612 hoc
1616 1557 1825 1613 obrutis
1841 1556 2031 1624 fluctu,

458 1655 642 1712 multis
667 1654 914 1723 partibus
943 1653 1197 1723 graviora
1223 1651 1394 1705 fiunt:
1427 1649 1654 1718 ipsaque
1685 1648 1843 1714 adeo,
1863 1648 2034 1717 siqua

457 1749 599 1802 bona
648 1760 710 1800 ac
765 1743 946 1801 dulcia
1006 1744 1250 1794 humano
1302 1755 1404 1796 usu
1453 1746 1858 1808 nuncupantur,
1879 1753 1949 1794 ne
1977 1735 2033 1792 id

2143 546 2389 601 ἀθάνατα
2423 548 2655 618 θνητῶν.
2710 549 2820 603 Καὶ
2865 551 2980 602 τοῖν
3025 550 3171 606 δυοῖν
3211 549 3271 602 rb
3300 549 3560 620 διάφορον
3589 551 3722 603 οὔτε

2143 639 2360 712 γλώττῃ
2418 639 2714 705 διδακτὸν,
2771 641 2896 695 νοῦν
2949 659 3009 696 τε
3079 643 3245 712 σαρκὶ
3301 642 3718 712 δεσμούμενον.

2140 731 2274 784 είσω
2319 734 2593 786 πίπτοντα
2631 733 2898 788 δείκνυσι.
2952 734 3284 788 Πλειινεκτεῖ
3312 734 3369 787 δὲ
3404 735 3507 788 κάν
3535 733 3720 804 τούτῳ

2139 822 2206 874 τὰ
2233 822 2327 891 τῆς
2353 823 2710 888 ἀπολαύσεως
2741 825 2841 896 τῆς
2874 826 3012 893 ἐκεῖ,
3035 825 3116 879 ὅτι
3147 825 3465 882 παντάπασι
3495 825 3720 896 καθαρὰ

2143 915 2251 968 τῶν
2304 915 2593 986 ἡμετέρων
2647 920 2880 970 τουτωνὶ
2934 915 3243 988 συρφετῶν.
3305 915 3569 970 Ἐνταῦθα
3597 917 3718 986 γὰρ

2140 1005 2248 1058 οὐδ’
2280 1006 2461 1059 ὁτιοῦν
2499 1007 2616 1060 ἐστι
2644 1007 2751 1064 τῶν
2782 1010 2862 1072 εἰς
2891 1007 3238 1078 εὐφροσύνην
3278 1006 3368 1061 διά
3398 1005 3583 1067 τέλους
3611 1021 3718 1058 κα·-

2139 1097 2372 1169 θαρεῦον
2413 1098 2631 1170 ἀηδίας.
2680 1099 2860 1154 Μόνον
2910 1101 3020 1172 γὰρ
3062 1099 3156 1154 οῦν
3212 1096 3507 1154 σκοποῦσιν
3541 1100 3712 1168 ἀκρι-

2136 1191 2418 1263 6έστερον,
2449 1194 2919 1266 ὲπικρατέστερον
2952 1186 3308 1265 εὑρεθήσεται
3348 1191 3410 1246 τὸ
3452 1190 3716 1262 δυσχερές

2139 1302 2335 1356 στερον
2369 1284 2558 1355 μέρος.
2613 1285 2776 1341 Ἀλλά
2825 1287 2933 1358 μὴν
2962 1287 3057 1340 καὶ
3088 1286 3235 1340 τοῦθ’
3268 1287 3402 1356 ἡμῖν
3433 1283 3714 1339 ἐπίκειται

2135 1378 2196 1430 rb
2233 1377 2448 1446 δεινῶν
2477 1377 2872 1449 χαλεπωτέραν
2917 1378 3119 1448 κομιδῆ
3167 1379 3267 1450 τὴν
3307 1377 3550 1446 ἀθυμίαν
3585 1392 3715 1428 ποε-

2134 1463 2250 1518 οῦν.
2288 1465 2370 1518 Τά
2411 1482 2472 1518 τε
2523 1465 2634 1538 γὰρ
2667 1467 2868 1538 ἀνιαρά
2895 1465 2990 1520 τοῦ
3023 1469 3295 1538 παρόντος
3333 1466 3450 1538 βίου
3481 1465 3614 1520 πολύ
3649 1483 3719 1520 τι

2136 1558 2502 1628 χαλεπώτερα
2535 1558 2806 1628 γίγνεται,
2861 1559 3315 1631 βεϐαπτισμένοις
3348 1560 3454 1614 ὑπὸ
3483 1559 3576 1613 τοῦ
3610 1577 3720 1631 με-

2135 1647 2322 1717 γίστου
2371 1647 2615 1719 κύματος
2665 1650 2856 1704 τούτου
2883 1667 2896 1682 ⁸
2946 1651 3043 1706 καὶ
3097 1651 3132 1706 ἀ
3176 1651 3320 1707 καλά
3351 1668 3413 1705 τε
3449 1653 3543 1706 καὶ
3571 1652 3717 1722 ἡδέα

2137 1745 2666 1812 προσαγορεύομεν,
2706 1745 2826 1799 οὐδὲ
2877 1744 3011 1814 γοῦν
3058 1745 3134 1809 ώς
3177 1745 3292 1816 ἔχει
3355 1743 3572 1814 φύσεως
3622 1745 3719 1798 ἔτι

409 1874 412 1878 -
457 1839 675 1908 quidem
718 1835 861 1906 quod
924 1833 1125 1888 habent
1171 1839 1402 1898 natura,
1462 1831 1699 1902 amplius
1753 1831 2026 1884 videntur.

2139 1809 2412 1901 volverat.
2457 1809 2650 1889 καίτοι
2702 1837 2756 1890 τί
2796 1809 2902 1890 καὶ⁷
2950 1809 3244 1908 μέμνημαῖ
3297 1809 3481 1892 καλῶν
3522 1809 3581 1890 τε
3611 1838 3719 1889 καὶ⁵

453 1931 776 2004 Quanquam
803 1967 818 1991 ,
858 1925 986 1996 quid
1021 1925 1291 1980 bonorum
1324 1923 1545 1976 memini
1576 1931 1737 1992 atque
1760 1921 2030 1997 dulcium,

457 2021 680 2094 quando
714 2021 781 2075 iis
815 2033 1062 2091 quoque,
1099 2034 1219 2086 quae
1253 2017 1482 2077 delicias
1536 2017 1792 2083 babeant,
1825 2015 2033 2085 absque

457 2117 628 2170 beata:
681 2111 957 2168 memoria:
1000 2111 1118 2164 viro
1168 2107 1300 2173 frui,
1363 2107 1566 2162 malum
1599 2116 1820 2163 estnon
1855 2105 2036 2162 feren-

455 2209 618 2272 dum;
682 2215 850 2272 utque
915 2203 997 2257 vel
1035 2200 1136 2256 bos
1189 2199 1372 2256 radios
1420 2199 1593 2264 dicas,
1648 2213 1884 2269 quorum
1941 2197 2034 2253 ille

453 2314 622 2356 usura
680 2297 927 2367 privatus
981 2294 1072 2348 sit.
1106 2291 1212 2348 Sed
1247 2306 1349 2347 nec
1385 2290 1527 2345 bona
1581 2289 1852 2356 valetudo,
1885 2304 1950 2346 ac
1982 2288 2028 2344 si

453 2409 559 2464 qua
589 2399 714 2446 sunt
740 2403 835 2459 per
859 2403 916 2448 se
946 2387 1112 2448 bona,
1134 2384 1316 2456 magni
1335 2384 1592 2453 deinceps
1620 2398 1649 2438 a
1675 2383 1832 2438 nobis
1855 2383 1982 2438 fiant
2009 2398 2026 2438 :

447 2483 732 2558 quomodo
777 2480 946 2544 enim,
1006 2478 1208 2548 quibus
1241 2491 1310 2531 ne
1367 2475 1548 2546 ipsum
1596 2475 1816 2544 quidem
1848 2475 2029 2530 vivere

440 2590 680 2648 prorsus
736 2574 986 2630 videatur
1020 2570 1226 2626 bonum
1254 2568 1278 2623 τ
1327 2567 1482 2635 Quod
1516 2567 1660 2623 enim
1692 2581 1884 2621 eorum
1921 2567 2031 2626 sint

450 2675 703 2740 separata
731 2677 984 2735 Corpora,
1018 2676 1252 2732 quorum
1281 2659 1631 2731 inseparabili
1662 2657 1879 2714 vinculo
1905 2658 2026 2714 ani-

2129 1925 2324 1995 ἡδέων,
2371 1925 2520 1980 ὁπότ’
2569 1927 2680 1980 οὐδ’
2719 1929 2945 1983 ἀνεκτόν
3005 1931 3122 1984 ἐστι
3171 1931 3280 1983 τῶν
3339 1930 3714 1984 ἀπολαυστῶν

2129 2017 2427 2071 ἀπολαύειν
2462 2019 2592 2073 ἀνευ
2628 2010 2842 2074 ἐκείνου
2884 2021 2978 2075 τοῦ
3035 2022 3366 2094 μακαρίτου,
3417 2023 3538 2076 οὐδὲ
3568 2039 3713 2075 ταυ-

2127 2109 2257 2180 τησὶ
2285 2110 2386 2180 τῆς
2411 2112 2654 2178 ἀκτῖνος,
2696 2107 2919 2185 ἧστινος
2947 2116 3155 2177 ἐκεῖνος
3184 2115 3515 2186 ὲστέρηται;
3561 2113 3713 2167 Ἀλλ’

2129 2201 2341 2256 οὐδὲτὸ
2376 2203 2659 2270 εὐεκτεῖν,
2698 2207 2797 2259 καὶ
2852 2207 2952 2260 ὅσα
3001 2206 3129 2260 καθ’
3171 2207 3313 2260 αὑτά
3363 2205 3527 2271 καλὰ,
3573 2206 3714 2276 περὶ

2131 2295 2390 2348 πλείστου
2437 2297 2636 2362 γένοιτ’
2671 2297 2737 2353 ἀν
2767 2301 2897 2369 ἡμῖν
2930 2299 3030 2354 ἔτι.
3062 2287 3271 2365 Πόθεν;
3313 2295 3409 2360 Οἷς
3461 2315 3526 2368 γε
3579 2298 3712 2370 μηδ’

2132 2386 2267 2438 αὐτὸ
2295 2388 2355 2440 rb
2383 2386 2482 2458 ζῇν
2532 2388 2738 2458 ἀγαθὸν
2770 2391 2904 2454 ὅλως
2947 2392 3217 2460 φαίνεται.
3268 2391 3343 2443 'l‘b
3386 2390 3494 2461 γάρ
3530 2405 3714 2459 κεχω-

2134 2477 2319 2548 ρίσθαι
2366 2480 2433 2532 τὰ
2468 2480 2722 2550 σώματα,
2771 2475 2848 2536 ὧν
2885 2482 2942 2538 αἱ
2991 2482 3162 2553 ψυχαὶ
3195 2479 3515 2552 ἀχώριστοι,
3555 2478 3716 2531 οὐδὲν

2132 2568 2196 2639 es
2221 2556 2329 2621 τῶν
2358 2569 2606 2640 τερπνῶν
2638 2571 2894 2643 καθαρῶς
2918 2573 2976 2627 ὲν
3008 2571 3085 2643 τῷ
3106 2570 3470 2642 καθεστηκότι
3496 2569 3710 2639 μένειν,

2132 2658 2228 2712 καὶ
2259 2660 2407 2715 τοῦθ’
2439 2662 2468 2716 ὃ
2499 2664 2718 2733 λέγεται
2744 2665 2983 2738 τερπνὸν
3005 2663 3085 2718 ἔτι
3115 2664 3421 2736 κρίνεσθαι.

451 2765 524 2821 ιιιί
552 2762 727 2835 juncti
771 2767 977 2827 essent,
1028 2756 1240 2812 nullum
1274 2753 1591 2813 delectabile
1630 2752 1857 2810 omnino
1891 2761 2145 2810 constare
2198 2752 2351 2822 sinit,
2379 2765 2546 2827 utque
2610 2756 2792 2813 adhuc
2849 2757 2995 2827 quod
3042 2758 3264 2825 dicitur,
3327 2757 3503 2826 reipsa
3555 2757 3706 2816 dele-

441 2854 648 2920 ctabile
677 2860 917 2924 putetur.

521 2949 602 3004 Illi
635 2947 851 3018 quidem
878 2945 1044 3002 multa
1063 2944 1229 3016 pedes
1257 2942 1524 3014 gravitate
1553 2943 1719 3000 sociis
1756 2941 2015 3016 martyri-

449 3043 555 3098 bus
585 3040 787 3096 cboros
817 3039 1040 3116 ducent,
1066 3037 1162 3102 qui
1193 3050 1373 3106 neque
1405 3037 1494 3092 hic
1525 3036 1774 3092 incedere
1804 3045 2022 3108 poterat

2201 2939 2368 3010 Αὖτῷ
2417 2938 2518 3012 μὲν
2571 2932 2669 2995 οὖν
2717 2938 2768 2994 οῖ
2821 2939 2980 3004 πόδες
3033 2938 3361 3012 χορεύσουσι
3410 2939 3549 3012 μετά
3593 2939 3710 3005 τῶν

2133 3032 2434 3104 μαρτύρων
2475 3034 2690 3104 σεμνῶς
2733 3033 2895 3102 ἄγαν,
2945 3033 3023 3102 τῷ
3063 3033 3197 3104 μηδὲ
3242 3032 3482 3103 βαδίζειν
3513 3032 3705 3086 ένθάδε

450 3136 544 3206 ubi
573 3132 800 3188 morbus
817 3131 1164 3186 obtinuisset.
1194 3127 1346 3184 Mitto
1362 3129 1509 3186 enim
1538 3127 1724 3185 dicere
1751 3129 1872 3200 ejus
1897 3130 2026 3186 illos

2129 3125 2417 3191 δύνασθαι,
2457 3126 2599 3196 μετά
2648 3125 2709 3178 τὸ
2758 3125 2856 3197 τὴν
2905 3125 3062 3178 νόσον
3115 3126 3543 3196 κεκρατηκέναι.
3592 3124 3703 3178 Ἐῶ

441 3241 548 3298 pro
581 3226 784 3282 virtute
815 3215 1030 3285 cursus.
1057 3221 1305 3292 Quandiu
1337 3219 1564 3276 facultas
1608 3229 1726 3276 erat
1767 3237 1783 3275 :
1816 3220 2032 3296 ellulget

448 3331 579 3374 vero
630 3316 848 3372 animus
895 3314 1096 3374 nedum
1147 3321 1372 3383 propter
1404 3311 1527 3367 fidei
1562 3311 1736 3366 zelum
1778 3329 1792 3366 :
1829 3312 2030 3383 quippe

449 3413 500 3467 in
529 3425 596 3470 eo
637 3409 840 3464 nmltus
871 3407 1123 3477 vigebat;
1193 3413 1480 3476 propteer
1547 3403 1782 3474 pericula
1833 3402 2032 3473 quibus

443 3514 548 3566 pro
577 3505 736 3568 gente
787 3493 1081 3552 defunctus
1127 3494 1242 3549 sit:
1282 3493 1452 3549 multa
1497 3492 1764 3562 siquidem
1798 3493 1934 3548 obiit
1965 3507 2030 3548 ac

445 3592 641 3645 crebra
670 3606 684 3644 :
721 3587 814 3644 sed
847 3587 970 3656 quia
1001 3595 1114 3642 toto
1142 3586 1306 3641 etiam
1339 3599 1570 3654 corpore
1599 3601 1628 3638 a
1666 3585 1792 3641 mali
1815 3585 2032 3644 acerbi.

448 3693 557 3738 tate
583 3682 701 3736 dire
729 3681 993 3743 lacerato,
1018 3693 1084 3734 ne
1139 3681 1367 3733 verbum
1421 3677 1637 3745 quidem
1675 3683 1735 3732 ut
1771 3692 2025 3748 magnum

444 3783 539 3828 aut
568 3787 794 3842 parvum
825 3770 998 3835 dicas,
1035 3768 1321 3838 degeneris
1350 3769 1561 3824 miserit
1607 3768 1808 3824 indicio
1833 3768 2025 3835 animi,

437 3883 621 3940 quove
648 3874 932 3936 angustum
958 3871 1150 3933 pectus
1173 3859 1425 3932 proderet
1460 3869 1663 3932 :atque
1687 3863 1846 3926 adeo,
1879 3862 2026 3933 quod

447 3974 553 4012 non
586 3954 811 4012 multam
843 3953 1067 4008 haberet
1099 3952 1398 4022 gratiarum
1459 3952 1756 4018 actionem,
1801 3953 1878 4007 uti
1907 3952 2022 4024 jam

445 4049 698 4118 superius
727 4048 906 4100 oratio
936 4045 1196 4100 ostendit.
1231 4043 1596 4110 Quamobrem
1631 4045 1742 4108 ille,
1776 4059 1808 4099 a
1861 4046 2025 4114 palae-

445 4152 556 4194 stru
591 4141 656 4192 ad
683 4153 916 4193 coronas
935 4152 998 4190 ac
1033 4135 1457 4205 praeminatque
1491 4149 1520 4188 a
1565 4135 1930 4194 deterioribus
1968 4144 2023 4192 ct

440 4230 604 4283 ﬂuxis
656 4230 721 4281 ad
750 4230 955 4298 potiora
1010 4241 1072 4281 ac
1105 4225 1224 4280 sine
1260 4233 1406 4278 motu
1467 4224 1770 4283 constantia
1801 4235 2024 4284 vocatus

435 4320 546 4371 fuit
580 4336 593 4381 ;
629 4333 725 4372 nos
759 4329 942 4370 autem
975 4324 1034 4369 ut
1057 4324 1111 4368 et
1145 4321 1272 4370 ante
1308 4313 1583 4380 dicebam,
1613 4323 1726 4371 toto
1757 4315 2019 4386 deinceps

449 4422 691 4480 tempore
719 4409 873 4466 male,
895 4405 1139 4460 habituri
1174 4421 1408 4472 sumus;
1440 4406 1534 4480 qui
1564 4421 1631 4462 eo
1675 4406 1896 4476 quidem
1925 4423 2018 4462 ca—

2141 3215 2254 3286 γάρ
2278 3216 2460 3284 λέγειν
2491 3216 2618 3276 τοὺς
2643 3215 2783 3284 ὑπὲρ
2801 3214 2999 3286 ἀρετῆς
3024 3213 3286 3287 δρόμους,
3310 3215 3416 3279 ἕως
3443 3214 3574 3284 ἐξῆν
3605 3209 3700 3286 ἦν.

2148 3307 2481 3377 Ἀστράπτει
2513 3307 2572 3360 δὶ
2603 3309 2636 3377 ἡ
2676 3307 2824 3378 ψυχὴ
2882 3305 2944 3360 οὐ
2981 3307 3141 3376 μόνον
3169 3305 3260 3361 διὰ
3299 3306 3390 3358 τὸν
3423 3305 3566 3374 ὑπὲρ
3597 3304 3700 3376 τῆς

2135 3400 2371 3464 πίστεως
2404 3399 2586 3469 ζῆλον,
2629 3399 2799 3463 πολὺς
2838 3401 2946 3471 γὰρ
2984 3395 3052 3471 ἦν
3079 3399 3216 3470 παρ’
3246 3397 3416 3469 αὐτῷ,
3445 3398 3542 3452 καὶ
3570 3400 3701 3460 τοὺς

2133 3491 2276 3563 ὑπὲρ
2301 3491 2395 3544 τοῦ
2438 3491 2632 3560 γένους
2674 3490 2976 3558 κινδύνους,
3015 3491 3245 3556 πολλοὺς
3270 3491 3382 3563 γὰρ
3415 3489 3702 3560 ἀνεδέχετο

2131 3583 2226 3637 καὶ
2255 3583 2494 3647 πυκνούς
2515 3601 2530 3615 ’
2562 3583 2678 3638 ἀλλ’
2707 3584 2788 3637 ὅτι
2824 3585 2918 3637 καὶ
2946 3583 3038 3638 τοῦ
3071 3583 3323 3654 σώματος
3351 3583 3498 3654 αὐτῷ
3527 3599 3700 3636 κατα·

2129 3675 2462 3746 τεμνομένου
2485 3678 2548 3747 τῇ
2577 3674 2668 3730 τοῦ
2697 3675 2869 3730 κακοῦ
2894 3674 3208 3747 δριμύτητι,
3230 3671 3406 3742 οὐδὲν,
3433 3673 3495 3728 ού
3527 3675 3695 3744 μέγα,

2127 3766 2188 3819 οὐ
2215 3769 2448 3836 σμικρὸν
2480 3767 2632 3838 ῥῆμα
2653 3769 2968 3838 προήγαγεν
2998 3768 3242 3835 ἀγεννὲς,
3267 3767 3301 3838 ἢ
3330 3765 3698 3839 μικροψυχίαν

2129 3864 2466 3933 ὑποφαῖνον·
2520 3863 2724 3934 μᾶλλον
2770 3863 2826 3915 δὲ
2883 3864 2996 3918 οὐδ’
3035 3863 3246 3928 ὁτιοῦν,
3303 3863 3332 3916 δ
3377 3862 3451 3934 μὴ
3493 3863 3697 3934 πολλῆς

2128 3956 2298 4026 ἔγεμε
2339 3957 2436 4027 τῆς
2469 3955 2851 4026 εὐχαριστίας,
2879 3955 2956 4020 ώς
3003 3958 3032 4010 ό
3060 3955 3217 4026 λόγος
3246 3955 3534 4026 προλαὸὼν
3562 3955 3700 4008 ἔδειο

2128 4047 2238 4116 ξεν.
2270 4047 2425 4104 Ἵλατ’
2479 4049 2687 4112 ἐκεῖνος
2740 4048 2802 4114 ἐξ
2852 4045 3080 4117 ἀγώνων
3124 4047 3260 4117 πρὸς
3308 4037 3612 4117 στεφάνούξ
3639 4027 3697 4102 τὶ

2124 4144 2220 4195 καὶ
2251 4140 2410 4210 γέρα,
2453 4139 2549 4192 καὶ
2583 4139 2688 4192 ὑπὸ
2713 4139 2824 4194 τῶν
2858 4137 3210 4210 φαυλοτέρων
3241 4156 3300 4192 τε
3329 4139 3424 4208 καὶ
3460 4138 3698 4209 ῥεόντων

2124 4233 2217 4284 tiri
2248 4235 2315 4284 τά
2354 4229 2590 4300 κρείττω
2616 4229 2712 4283 καὶ
2755 4231 2832 4301 μὴ
2861 4230 3161 4300 κινούμενα
3205 4230 3488 4300 κέκληται·
3527 4230 3690 4300 ἡμεῖς

2121 4323 2176 4376 δὲ
2217 4322 2346 4392 ἀρα,
2377 4321 2452 4384 ὡς
2494 4320 2559 4391 δὴ
2600 4321 2696 4375 καὶ
2728 4319 3000 4392 προύφην,
3056 4321 3147 4376 τόν
3204 4336 3268 4390 γε
3313 4320 3440 4389 ἑξῆς
3475 4322 3693 4374 ἅπαντα

2123 4412 2314 4483 χρόνον
2365 4408 2552 4472 κακῶς
2589 4409 3007 4480 διακεισόμεθν
3041 4409 3399 4480 ἐστερημένοι
3447 4409 3547 4478 μὲν
3589 4408 3691 4460 αῦ-

443 4517 688 4565 reamus,
717 4516 877 4571 quem
913 4498 1065 4554 nullo
1091 4498 1199 4552 alio
1227 4513 1476 4554 essemus
1511 4499 1845 4569 redemptori
1873 4517 1888 4564 ;
1923 4515 2012 4555 ca-

2129 4503 2238 4597 ιοῦ,
2265 4499 2324 4597 διν
2376 4500 2443 4597 ἀν
2496 4500 2859 4597 τοῦῌπαντὸς
2904 4501 3253 4597 ηλλαξόμεθα
3278 4499 3691 4597 ,ῌὲστερημένοι

429 4608 660 4649 reamus
683 4607 812 4646 vero
850 4590 919 4644 iis
943 4605 1165 4660 quoque
1200 4590 1384 4654 bonis,
1424 4603 1662 4659 quorum
1698 4589 1789 4646 ille
1823 4601 2016 4646 auctor

441 4694 613 4746 esset,
661 4698 766 4756 qua
806 4681 1058 4752 prmbens
1089 4679 1156 4736 ad
1195 4678 1371 4736 instar
1404 4679 1597 4746 fontis,
1633 4681 1727 4750 qui
1761 4696 2014 4736 nonnun-

433 4792 606 4850 quam
635 4774 930 4832 consulens
954 4787 1048 4826 seu
1077 4772 1225 4826 omni
1256 4772 1420 4826 modo
1455 4773 1768 4841 providens.

518 4869 810 4924 Enimvero
841 4865 1017 4921 sentio
1045 4862 1188 4919 baud
1221 4878 1350 4920 sane
1373 4863 1714 4920 conclusisse
1742 4878 1757 4917 :
1788 4880 2014 4936 vosque,

435 4975 566 5016 cum
617 4973 856 5030 praesens
889 4957 1203 5012 auditorum
1243 4969 1468 5020 corona,
1505 4965 1614 5009 tum
1658 4955 1702 5011 si
1743 4955 1837 5025 qui
1878 4957 2016 5019 forte

443 5062 692 5120 usquam'
721 5049 935 5103 huncce
987 5043 1454 5104 commentarium
1495 5047 1686 5101 lceturi
1735 5047 1890 5112 estis,
1923 5064 2015 5101 ve-

423 5142 589 5196 .niam
621 5141 787 5194 errati
823 5153 979 5210 rogo.
1015 5138 1146 5208 Ejus
1194 5138 1382 5196 forsan
1417 5139 1575 5194 dolor
1607 5139 1660 5193 in
1697 5153 1861 5194 causa
1894 5140 2015 5203 fuit,

440 5234 532 5301 qui
569 5233 902 5288 bebeniorem
935 5231 1184 5287 molestia
1210 5233 1455 5288 animum
1492 5231 1704 5288 fecerit.
1728 5231 2012 5298 Quodnam

433 5341 571 5379 vero
619 5324 749 5378 illud
789 5325 1081 5384 erratum?
1128 5324 1248 5380 Jam
1290 5340 1411 5379 sum
1443 5323 1708 5380 dicturus.
1748 5322 2013 5378 Nimirum

439 5418 815 5488 pronuntiavi,
841 5419 1015 5471 virum
1049 5418 1208 5474 nobis
1237 5419 1504 5487 Optimum
1531 5433 1594 5474 ac
1619 5417 1824 5474 eximie
1844 5417 2016 5472 dilec-

420 5517 576 5575 tum,
600 5507 826 5562 omnino
849 5508 1252 5564 immortalibus
1277 5509 1433 5564 bonis
1455 5519 1704 5577 Oporterc
1729 5513 2011 5563 donatum.

435 5599 493 5653 ld
526 5600 688 5670 plane
722 5615 938 5657 verum.
990 5599 1082 5656 Sic
1113 5602 1257 5654 enim
1298 5601 1584 5670 probatum
1615 5602 1852 5658 arbitror
1893 5617 2012 5655 eam

429 5707 582 5762 spem
617 5693 834 5749 decere.
876 5692 986 5747 Nos
1035 5701 1242 5755 autem,
1288 5691 1464 5762 ipsius
1491 5692 1762 5761 iacturam
1798 5708 2011 5762 paSsOS,

428 5785 527 5856 qui
556 5787 928 5846 maximorum
960 5795 1125 5856 atque
1157 5784 1394 5856 plurium
1423 5784 1583 5840 nobis
1610 5775 1877 5841 bonorum
1919 5801 2015 5839 au-

2122 4593 2180 4646 δὲ
2209 4584 2312 4645 καὶ
2343 4591 2450 4644 τῶν
2486 4589 2726 4659 ἀγαθῶν,
2759 4584 2833 4644 ὧν
2865 4591 3040 4655 αἴτιος
3089 4586 3157 4662 ἦν
3206 4591 3432 4652 ἐκεῖνος,
3477 4589 3544 4641 τὰ
3595 4589 3691 4657 μὲν

2118 4683 2293 4745 διδοὺς
2338 4682 2414 4744 ώς
2463 4681 2574 4736 ἀπὸ
2629 4681 2837 4751 πηγῆς,
2867 4680 2936 4736 τά
2967 4681 3025 4734 δέ
3075 4697 3176 4733 που
3231 4677 3686 4749 συμϐουλεύωνῆ

2121 4778 2522 4846 προνοούμενος
2559 4773 2777 4828 ἅπαντα
2805 4773 3031 4843 τρόπον.
3637 4791 3642 4795 ·

2205 4867 2368 4920 Ἀ).λά
2407 4867 2520 4936 γὰρ
2564 4865 2896 4934 αίσθάνομαι
2942 4864 3243 4935 οὐχ’ύγιῶς
3290 4867 3686 4938 συμπεράνας·

2121 4957 2218 5012 καὶ
2239 4956 2355 5012 δότε
2391 4972 2483 5027 μοι
2511 4955 2844 5026 συγγνώμην
2874 4955 3219 5024 ἡμαρτηκότι
3251 4958 3306 5013 οῖ
3328 4973 3388 5009 τε
3421 4959 3690 5026 παρόντες

2117 5050 2413 5121 ἀκροαταὶ,
2446 5051 2544 5103 καλ⁸
2577 5049 2625 5102 οί
2671 5047 2750 5117 τῷ
2784 5049 3182 5118 συγγράμματι
3213 5052 3388 5120 τούτῳ
3453 5051 3686 5121 ὁπουδή-

2122 5157 2254 5194 ποτε
2285 5141 2446 5210 τυχὸν
2490 5139 2888 5212 ὲντευξόμενοι.
2915 5139 3074 5202 Ἴσως
3104 5157 3194 5210 μοι
3229 5141 3293 5195 rb
3329 5142 3502 5206 πάθος
3529 5143 3688 5197 τοῦτο

2119 5232 2512 5302 προύξένησεν,
2545 5235 2926 5304 ἐργασάμενον
2950 5233 3298 5305 ἀμϐλύτερον
3323 5236 3414 5288 τὸν
3447 5233 3594 5291 νοῦν.
3620 5234 3688 5289 Τί

2117 5325 2266 5378 δὲτὸ
2306 5326 2654 5396 ἀμάρτημα;
2710 5326 2848 5398 Ἤδη
2893 5327 3053 5393 λέξω.
3101 5327 3496 5398 ’Δπεφηνάμην
3543 5325 3683 5383 εἶναι

2115 5416 2229 5470 δεῖν
2260 5417 2352 5470 τὸν
2391 5417 2612 5489 ἄριστον
2645 5419 2796 5489 ἠμῖν
2845 5422 2940 5475 καὶ
2979 5420 3348 5490 διαφερόντως
3381 5421 3687 5492 πεφιλημέ-

2119 5525 2210 5560 νον
2258 5510 2317 5561 ὲν
2363 5510 2586 5578 ἀγαθοῖς
2616 5510 2938 5581 ἀκηράτοις
2967 5512 3112 5566 τοῦτ’
3133 5513 3356 5581 ἀληθές·
3389 5512 3534 5567 οὕτω
3569 5514 3681 5587 γὰρ

2117 5600 2364 5663 ἐλπίζειν
2409 5604 2710 5672 προσήκειν
2767 5598 2923 5674 οἶμαι
2980 5605 3282 5676 δεδεῖχθαιο
3334 5607 3479 5678 ὑμᾶς
3533 5606 3579 5661 δ’
3621 5609 3684 5662 ιν

2116 5691 2316 5755 λύπαις
2360 5695 2450 5746 τὸν
2482 5696 2660 5748 πάντα
2709 5697 2923 5765 χρόνον,
2979 5699 3140 5753 αὐτόν
3173 5717 3234 5768 γε
3267 5701 3437 5771 δήπου
3473 5700 3686 5769 ζημιω-

2118 5784 2333 5852 θέντας,
2363 5786 2420 5850 ὃς
2449 5781 2516 5857 ἦν
2548 5789 2717 5851 αἴτιος
2751 5788 2902 5858 ὑμῖν,
2946 5791 3037 5843 καὶ
3071 5786 3138 5861 ἧν
3163 5791 3248 5858 ἂν,
3282 5793 3333 5845 εί
3357 5808 3419 5860 γε
3455 5792 3682 5864 περιῆν,
