4060 6620
299 380 394 446 301

1104 379 1504 443 THEODORI
1537 377 1899 440 DESPOT/E
1930 378 2079 440 LAU
2094 377 2321 438 DATIO
2366 378 2778 440 FUNEBRIS.

3452 369 3562 433 30!

305 504 593 578 μεγίστων
624 498 990 555 καὶπολλῶν
1031 496 1276 567 ἀγαθῶν.
1304 497 1476 551 Τοῦτο
1511 495 1887 562 ἀτοπώτατον,
1923 549 1924 553 η

2009 503 2116 548 :tor
2141 503 2309 560 esset,
2343 506 2569 564 eratque
2591 494 2830 558 futurus,
2860 502 2918 548 ut
2946 502 3089 549 esset
3117 503 3417 562 superstes,
3450 500 3564 544 toto

217 647 219 649 ,
301 598 399 651 καὶ
436 593 702 664 ἀτεχνῶς
746 593 1036 662 αἰνίγματι
1066 592 1262 655 ἐοικός·
1305 592 1483 660 είὸτῳ
1507 606 1573 659 γε
1605 589 1890 660 βουλοίμε-

301 691 370 743 θα
409 690 524 744 πᾶν
576 687 814 756 ἀγαθὸν,
839 685 1106 755 καὶ¹ὑπὲρ
1137 680 1200 740 οῦ
1229 688 1336 741 πᾶν
1365 685 1539 738 δεινὸν
1576 683 1894 754 ὑπέστημεν

295 783 383 848 ἂν,
436 783 698 835 αἰωνίων
739 781 968 850 ἀγαθῶν
1022 781 1236 834 ἐκείνου
1289 778 1677 848 τετυχηκότος,
1730 778 1891 846 ἡμεῖς

296 874 626 942 ἀνιώμεθα,
672 874 760 930 διά
803 875 868 929 τὸ
897 875 1036 946 πρὸς
1090 868 1283 942 καιρόν
1326 889 1449 924 τινα
1478 870 1668 924 τούτου
1704 871 1894 938 στέρε-

297 964 448 1018 σθαι.
488 964 600 1034 Εῖη
636 965 745 1032 γὰρ
775 965 844 1018 ἂν
874 962 1049 1018 ταῦτα
1097 961 1513 1032 ὁμολογοῦντος,
1548 963 1624 1023 ὡς
1655 963 1722 1014 τὰ
1754 959 1894 1029 ἡμέ-

295 1072 432 1125 τερα
479 1055 641 1110 καλὰ
677 1055 781 1125 πρὸ
828 1054 941 1108 τῶν
971 1056 1188 1108 ἐκείνου
1232 1053 1557 1123 ποιούμεθα.
1597 1053 1708 1107 Καὶ
1737 1051 1893 1121 φίλον

291 1142 358 1216 ἦν
414 1148 564 1215 ἡμῖν
632 1146 800 1200 αὑτὸν
829 1144 955 1218 μεθ’
992 1147 1152 1215 ἡμῶν
1182 1141 1346 1210 εἶναι,
1379 1145 1441 1197 οὑ
1490 1145 1554 1198 δι’
1586 1145 1770 1210 αὑτὸν,
1801 1144 1895 1196 καὶ
1927 1185 1932 1190 .

292 1242 353 1288 το
385 1237 702 1306 συμφέρον
731 1235 921 1301 αὑτοῦ,
977 1237 1010 1305 ἢ
1050 1236 1120 1290 δι’
1168 1237 1316 1306 ἡμᾶς
1351 1236 1448 1288 καὶ
1495 1235 1556 1289 τδ
1594 1235 1891 1304 ἡμέτερον.

289 1327 408 1379 Οὐκ
458 1325 561 1397 ἄρ’
600 1326 830 1398 ἀγάπης
885 1326 1075 1395 ὑγιοῦς
1125 1326 1188 1378 τὸ
1218 1325 1308 1378 διὰ
1344 1325 1448 1378 τῶν
1478 1324 1655 1392 λόγων
1687 1325 1896 1377 τούτων

295 1417 865 1486 συμπεραινόμενον,
904 1415 1046 1469 ἀλλὰ
1095 1416 1318 1485 μακράν
1365 1430 1468 1467 που
1500 1413 1708 1484 ταύτης
1740 1415 1893 1485 ἀπῳ-

291 1510 620 1579 κισμένον,
660 1510 757 1562 καὶ
822 1503 939 1563 οἷον
994 1508 1298 1562 εκπτωτον.
1364 1506 1566 1576 Ἐχρῆν
1623 1505 1732 1576 γὰρ
1787 1505 1896 1557 πᾶν

289 1598 660 1652 τούναντίον
702 1599 778 1670 μὴ
814 1598 882 1652 τὰ
925 1599 1126 1652 ’κείνου
1180 1597 1414 1666 δεύτερα
1461 1596 1570 1650 τῶν
1611 1596 1896 1666 ἡμετέρων

291 1690 592 1744 τίθεσθαι.
618 1692 796 1745 Τοῦτο
827 1694 938 1761 γάρ
967 1692 1100 1758 ἡμῖν
1137 1691 1436 1760 προσήκειν
1468 1689 1731 1760 ἠγοῦμαι,
1757 1688 1898 1758 ὑπὲρ

295 1785 453 1852 ἡμᾶς
497 1784 718 1847 αὑτοὺς
750 1782 928 1852 φιλεῖν
961 1781 1126 1836 αὑτὸν
1157 1779 1620 1852 ίσχυριζομένοις.

2001 586 2264 658 deinceps
2297 596 2544 656 tempore
2576 589 2629 641 in
2661 587 2900 643 tristitiis
2931 597 3267 642 versztturos.
3297 584 3412 640 Hoc
3436 600 3566 638 vero

1999 679 2484 743 absurdissimum,
2508 681 2796 751 palamque
2831 680 3080 734 videatur
3116 678 3388 748 :eulgmati
3411 677 3569 731 simi-

2002 773 2073 836 le,
2125 779 2185 826 ut
2214 787 2340 827 cum
2378 772 2447 839 is,
2471 774 2559 828 cui
2586 787 2748 826 omne
2771 773 3034 826 vellemus
3073 775 3303 831 bonum,
3331 784 3394 823 ac
3412 768 3571 837 cujus

2002 877 2170 918 causa
2208 864 2415 918 malum
2458 877 2620 918 omne
2666 864 3150 926 sustinuissemus,
3193 861 3335 916 bona
3366 869 3569 912 aeterna

2001 965 2328 1012 consecutus
2357 957 2451 1021 sit,
2480 972 2578 1012 nos
2599 957 2840 1022 interim,
2871 957 2991 1025 ejus
3014 955 3081 1010 ad
3108 965 3322 1023 tempus
3351 952 3572 1020 aliquod

2003 1046 2309 1114 privatione
2359 1047 2665 1103 trisleutur.
2709 1046 2833 1102 Sint
2870 1048 3032 1118 plane
3086 1047 3198 1100 lucc
3225 1050 3570 1113 argumento.

2003 1145 2063 1190 ut
2091 1145 2280 1192 nostra
2323 1138 2502 1208 pluris
2536 1137 2704 1204 bona,
2739 1153 2907 1208 quam
2964 1137 3085 1206 ejus
3136 1135 3444 1198 faciamus;
3486 1144 3570 1187 ut-

2000 1245 2109 1300 que
2140 1231 2262 1300 ejus
2287 1231 2534 1284 lubentes
2557 1231 2903 1298 przesentiant
2936 1231 3279 1291 haberemus,
3315 1242 3419 1281 non
3446 1240 3571 1294 pro-

2001 1333 2119 1393 pter
2141 1323 2342 1392 ipsum,
2363 1336 2427 1377 ac
2445 1323 2588 1392 quod
2614 1322 2662 1376 ei
2680 1323 3028 1376 commodum
3052 1329 3220 1384 esset,
3241 1321 3333 1374 sed
3353 1327 3574 1388 prepter

2002 1430 2105 1470 nos
2136 1431 2198 1467 ac
2235 1425 2476 1469 nostram
2513 1415 2820 1470 utilitatem.
2857 1415 3009 1468 Haud
3047 1430 3180 1484 ergo
3225 1415 3454 1468 sincera:
3487 1410 3573 1464 di-

2004 1505 2278 1570 lectionis,
2318 1506 2464 1575 quod
2497 1505 2582 1560 his
2619 1504 2801 1559 verbis
2833 1505 3156 1559 conclusum
3189 1503 3330 1565 fuit;
3377 1504 3471 1559 sed
3509 1503 3577 1555 ab

2004 1612 2068 1653 ea
2107 1613 2271 1668 quam
2300 1598 2460 1667 longe
2490 1606 2760 1652 remotum
2802 1609 2866 1652 ac
2902 1596 3050 1651 velut
3079 1594 3415 1650 abortivum.
3447 1592 3581 1647 οης-

2007 1692 2139 1748 nino
2170 1693 2316 1746 enim
2363 1706 2523 1746 secus
2568 1691 2877 1761 oportebat,
2919 1703 2976 1744 ut
3010 1705 3077 1744 ne
3106 1690 3226 1758 ejus
3255 1703 3343 1744 res
3373 1688 3580 1742 nostris

2006 1783 2487 1853 posthaberemus.
2525 1781 2640 1836 Hoc
2683 1781 2886 1850 quippe
2934 1781 3173 1834 arbitror
3223 1794 3324 1834 nos
3362 1778 3579 1842 decere,

1935 1899 1978 1955 Β
2008 1877 2102 1947 qui
2133 1876 2268 1947 ipsis
2292 1877 2475 1940 nobis,
2499 1891 2624 1930 eum
2658 1889 2759 1930 nos
2789 1875 3091 1944 impensius
3110 1887 3296 1927 amare
3327 1873 3552 1927 adstrua

367 2051 493 2106 Καὶ
548 2053 744 2105 τοίνυν
789 2051 1030 2120 ἐμαυτὸν
1058 2050 1371 2119 ἐξελέγξας,
1414 2051 1904 2121 παραιτησάμενος

300 2143 515 2208 ἱκανῶς
539 2141 734 2215 οἶμαι,
759 2144 883 2214 ἥκω
913 2145 1262 2214 παραινεσων
1301 2143 1362 2209 ἕξ
1395 2145 1733 2216 ἀντιρρόπου
1769 2143 1902 2213 πρδς

301 2237 558 2307 ἐμαυτοῦ
595 2237 914 2310 διόρθωσιν,
971 2239 1068 2292 καὶ
1118 2238 1390 2307 ὑμετέραν
1439 2237 1730 2307 ὠφέλειαν·
1776 2254 1905 2304 συγ-

303 2331 534 2400 χαίρειν
593 2348 661 2386 τε
714 2331 795 2403 τῷ
844 2331 1104 2402 ὑμετέρῳ
1131 2332 1372 2402 δεσπότῃ
1422 2331 1522 2402 τῆς
1547 2329 1907 2394 ἀπολαύσεως

303 2425 404 2494 τῆς
460 2425 621 2489 εκεῖ,
675 2427 770 2479 καὶ
831 2424 908 2496 μὴ
943 2425 1332 2495 καταχρῆσθαι
1365 2426 1433 2496 τῇ
1485 2423 1657 2495 λύπῃ.
1695 2425 1777 2487 είς
1809 2421 1906 2492 τὴν

307 2516 624 2586 ὑμετέραν
637 2517 968 2588 ἀφορῶντας
998 2516 1205 2586 ζημίαν
1243 2519 1340 2582 τῆς
1374 2515 1765 2584 μεταστάσεως
1789 2515 1908 2568 ἓνε-

307 2621 382 2660 κα
425 2607 538 2678 τῆς
593 2606 793 2664 αὑτοῦ.
827 2607 1058 2661 Πάντων
1111 2607 1223 2674 γὰρ
1276 2603 1622 2674 ἀλογώτατον
1671 2603 1907 2658 ἐνταῦθα

313 2700 415 2768 μὶν
445 2700 728 2770 ἀλγοῦντι
777 2699 958 2771 τούτῳ
996 2699 1389 2770 συνάχθεσθαι,
1421 2700 1541 2752 ἐκεῖ
1565 2699 1621 2754 δὲ
1657 2700 1908 2771 ἡδομένῳ

315 2793 392 2864 μὴ
422 2794 792 2866 συνήδεσθαι.
829 2793 1092 2849 Φθονοῦσι
1123 2793 1221 2864 μὶν
1251 2794 1361 2865 γὰρ
1405 2793 1740 2865 ἀνθρώποις,
1772 2792 1910 2860 μᾶλ-

309 2885 400 2941 λον
460 2888 524 2943 δὲ
579 2888 697 2943 οὐδ’
738 2888 973 2952 ἐκείνοις
1021 2885 1316 2958 ἀσχάλλειν
1372 2883 1529 2957 οἶμαι
1578 2887 1904 2957 προσήκειν,

306 2978 358 3031 εί
403 2995 495 3043 τις
576 2979 643 3051 δὴ
695 2978 1000 3049 τετύχηκεν
1053 2979 1291 3033 αἰωνίων
1332 2977 1558 3047 ἀγαθῶν
1603 2977 1904 3046 μεταστὰς.

310 3071 474 3142 εἴπερ
511 3071 669 3143 μηδὲ
717 3075 829 3134 τοῖς
869 3071 929 3137 ἐξ
990 3069 1276 3125 ἀκενὼτου
1314 3071 1496 3142 πηγῆς
1525 3070 1740 3124 πίνουσι
1771 3068 1906 3137 φθο-

310 3165 550 3237 νήσειεν
594 3162 670 3220 ’ἀν
700 3183 787 3231 τις
819 3166 1063 3221 πάντων.
1093 3167 1168 3219 Τὸ
1190 3166 1302 3236 γὰρ
1351 3166 1570 3236 φθονεῖν
1619 3165 1682 3220 εὑ
1728 3165 1904 3237 πρὰτ·

2007 1985 2150 2025 mus.

2078 2059 2161 2118 Me
2206 2061 2322 2131 ipse
2361 2061 2536 2132 igitur
2579 2077 2839 2133 arguens,
2875 2075 2938 2117 ac
2969 2061 3105 2116 satis
3156 2068 3286 2128 puto
3333 2070 3576 2113 errorem

2007 2154 2359 2224 deprecatus,
2391 2155 2634 2210 vicissim
2686 2156 2968 2210 hortatum
2999 2155 3182 2218 venio,
3221 2166 3356 2207 mete
3407 2151 3582 2219 ipsius

2006 2245 2408 2300 emendationis
2433 2257 2565 2316 ergo
2595 2253 2899 2315 vestraeque
2925 2244 3195 2308 utilitatis,
3235 2252 3292 2296 ut
3324 2257 3432 2297 una
3457 2256 3582 2296 cum
3695 2246 3702 2250 ”

2008 2345 2192 2392 vestro
2229 2338 2478 2406 despota.
2507 2336 2628 2406 ejus
2657 2337 2841 2408 gaudii
2872 2351 3036 2398 causa
3076 2351 3187 2406 quo
3212 2336 3324 2391 illic
3347 2334 3588 2405 perfrui-

2007 2438 2122 2495 tur,
2154 2430 2444 2499 gaudeatis
2472 2449 2486 2496 ;
2518 2444 2618 2485 nec
2645 2430 2699 2485 in
2733 2439 2970 2486 vestram
3005 2431 3277 2500 iacturam
3313 2429 3587 2500 aspicien-

2009 2530 2113 2589 tes,
2159 2522 2303 2592 quod
2336 2523 2426 2578 ille
2457 2521 2584 2577 hinc
2627 2521 2973 2592 migraverit.
3010 2523 3250 2578 tristitia:
3299 2537 3582 2592 perperam

2009 2614 2358 2686 indulgeatis.
2389 2614 2565 2682 Quam
2591 2617 2828 2671 maxime
2851 2617 2996 2671 enim
3028 2632 3058 2672 a
3085 2619 3295 2671 ratione
3319 2617 3582 2682 alienum,

1997 2715 2068 2760 -ιιι
2101 2721 2225 2760 cum
2262 2722 2328 2762 eo
2373 2707 2514 2763 male
2568 2708 2656 2763 hic
2687 2709 2921 2764 habente
2953 2709 3293 2774 doleremus,
3346 2725 3586 2779 cumque

2007 2797 2202 2852 eodem
2244 2798 2356 2853 illic
2407 2799 2724 2864 deliciante,
2773 2816 2882 2854 non
2927 2802 3268 2858 deliciemur.
3321 2802 3388 2857 Ut
3435 2803 3582 2858 enim

2007 2890 2132 2958 quis
2160 2890 2389 2946 moleste
2430 2891 2589 2956 forat,
2626 2892 2766 2947 bona
2790 2893 3028 2963 aliquem
3055 2903 3279 2957 aeterna,
3305 2910 3333 2947 a
3357 2910 3586 2965 corpore

2010 2981 2334 3048 migrantem
2371 2994 2754 3047 consecutum,
2812 2985 2974 3054 plane
3005 3001 3092 3042 res
3142 2987 3360 3042 invidia:
3389 2988 3500 3053 sit;
3533 3002 3586 3044 at

2008 3083 2184 3140 neque
2221 3071 2476 3140 invidiae;
2520 3089 2682 3129 neruo
2711 3074 2980 3145 siquidem
3011 3075 3254 3132 invideat
3283 3075 3488 3132 biben'i
3518 3093 3583 3134 ex

2010 3159 2339 3218 inexhausto
2365 3161 2515 3220 fonte
2549 3179 2613 3220 ac
2646 3165 2895 3233 perenni.
2931 3163 3003 3222 Ut
3033 3166 3178 3220 enim
3213 3166 3361 3222 felici
3399 3183 3584 3222 rerum

311 3275 528 3328 τουσιν,
581 3260 692 3313 ἀπὸ
744 3257 839 3315 τοῦ
892 3259 1140 3329 νομίζειν
1191 3260 1318 3322 τοὺς
1372 3260 1706 3328 φθονοῦντας
1755 3257 1911 3311 ἔλατ-

2013 3267 2273 3310 successu
2300 3254 2502 3310 invidia
2519 3254 2810 3324 conﬂetur,
2829 3274 2894 3315 eo
2912 3270 3284 3330 comparatum
3308 3273 3413 3327 est,
3437 3263 3583 3333 quod

255 3417 257 3422 η
314 3353 562 3408 τοῦσθαι
615 3353 688 3406 τὰ
745 3353 870 3406 κατ’
898 3352 1123 3418 αὐτοὺς,
1173 3355 1242 3422 τῇ
1290 3351 1399 3405 τῶν
1443 3351 1908 3422 εὐδαιμονούντων

318 3444 635 3517 εὐπραγίᾳ,
683 3445 831 3514 φιλεῖ
882 3444 1160 3514 γίνεσθαι.
1214 3445 1393 3514 Ἢμᾶς
1439 3444 1497 3498 δὲ
1551 3444 1724 3516 τούτῳ
1777 3459 1910 3512 συγ-

319 3536 554 3607 χαίρειν
593 3537 712 3604 δεῖ,
748 3539 807 3592 ιν
855 3537 1064 3609 ὑστέρᾳ
1104 3554 1167 3605 γε
1220 3537 1492 3607 θεμένους
1541 3537 1606 3590 τὰ
1659 3538 1911 3608 ἡμέτερα

323 3629 466 3684 καλά
489 3629 608 3698 τῆς
637 3629 986 3701 εὐδαιμονίας
1021 3630 1257 3696 ἐκείνου,
1291 3629 1597 3701 μεταϐολὴν
1626 3631 1727 3684 οὐκ
1759 3632 1910 3685 ξκδε-

325 3721 596 3792 χομένης.
659 3720 751 3776 Ἐν
797 3722 977 3792 καιρῷ
1029 3722 1076 3776 δ’
1125 3722 1194 3776 ἃν
1232 3723 1444 3791 γένοιτο
1499 3722 1600 3791 τῆς
1641 3725 1938 3794 παραινέ-.

331 3817 464 3878 satis;
497 3813 776 3884 ἅψασθαι.
807 3815 956 3884 Φημὶ
985 3814 1050 3886 δὴ
1074 3816 1311 3885 πρέπειν
1344 3816 1480 3885 ἡμῖν
1508 3815 1608 3868 οὑκ
1636 3816 1911 3885 ἀναλγητὶ

329 3906 427 3975 μὲν
462 3908 667 3979 φέρειν
715 3907 816 3977 τὴν
861 3906 1074 3960 ἐκείνου
1109 3908 1391 3978 στιίρησιν,
1447 3908 1638 3978 ὥσπερ
1665 3907 1910 3976 ἠλιθίους

331 3996 711 4082 ὑπῡχοντας.
748 4000 884 4054 Οὑδὲ
923 4001 1034 4070 γὰρ
1063 4000 1298 4072 ιροῦμεν
1332 3998 1487 4053 οὐδὲν
1508 4038 1523 4063 ,
1566 3999 1692 4054 οῦτε
1720 4017 1910 4071 φορτι-

331 4091 446 4159 κὸν,
492 4092 623 4148 οὔτε
661 4093 859 4165 βίαιον.
905 4094 1100 4164 Φέριιν
1143 4094 1191 4148 δ’
1238 4089 1332 4148 οὖν
1375 4093 1567 4164 πράως
1615 4094 1910 4163 πειρᾶσθαι

335 4185 393 4237 τὸ
424 4191 500 4257 τῇ
539 4186 768 4257 προνοίᾳ
802 4185 984 4253 δόξαν,
1015 4187 1114 4240 καὶ
1146 4189 1267 4249 ταῖς
1317 4186 1550 4254 ἀγαθαῖς
1582 4187 1816 4252 ἐλπίσιν,
1845 4186 1910 4251 ἃς

338 4280 468 4348 περὶ
526 4277 698 4334 αὑτοῦ
748 4278 952 4341 πάντες
995 4279 1215 4349 ἔχομεν,
1262 4279 1525 4345 επιεικῶς
1551 4279 1800 4351 ἣδεσθαι.
1850 4281 1912 4334 Ei

340 4371 437 4438 μὲν
476 4373 596 4439 γὰρ
627 4369 696 4424 τὰ
749 4372 892 4441 μετὰ
935 4371 1113 4425 ταῦτα
1162 4355 1319 4426 ούδὲν
1368 4368 1507 4428 εἶναι
1557 4374 1910 4444 ἐνομίζομεν,

337 4459 495 4523 ἄλλος
553 4459 622 4514 ἂν
669 4456 738 4531 ἦν
781 4461 974 4530 λόγος’
1017 4463 1138 4515 ἐπεὶ
1190 4464 1249 4516 δὲ
1286 4465 1503 4527 παντως
1551 4469 1642 4518 καὶ
1674 4465 1913 4532 δεδιδαγ-

2015 3343 2183 3400 inridi
2218 3346 2448 3402 aliorum
2498 3345 2776 3419 prosperis
2817 3352 2981 3407 rebus
3031 3369 3162 3409 suas
3215 3355 3388 3409 minui
3435 3356 3585 3410 arbi-

2016 3445 2250 3492 trentur.
2303 3440 2470 3496 Nobis
2518 3450 2725 3510 autem,
2779 3444 2874 3514 qui
2921 3456 3108 3500 nostra
3145 3446 3284 3500 bona
3339 3447 3584 3502 felicitati

2013 3529 2155 3596 ejus,
2178 3531 2311 3584 nulli
2343 3532 2602 3603 deinceps
2637 3536 2926 3590 mutatiOui
2960 3537 3231 3604 obnoxia),
3260 3540 3586 3610 posthaben-

2013 3636 2158 3686 mus,
2191 3621 2267 3675 illi
2299 3624 2501 3694 oppido
2531 3627 2984 3697 congaudendum
3015 3632 3108 3685 sit.
3144 3629 3242 3684 llic
3274 3647 3438 3701 porro
3461 3649 3590 3702 ope-

2015 3728 2087 3766 rae
2123 3716 2360 3784 pretium
2396 3719 2756 3774 monitionem
2797 3723 3167 3792 auspicemur.
3223 3725 3354 3779 Dico
3401 3724 3588 3796 itaque

2017 3807 2175 3861 nobis
2200 3822 2503 3879 congruum
2527 3827 2672 3876 esse,
2708 3828 2817 3868 non
2857 3815 3076 3884 quidem
3113 3825 3172 3870 ut
3204 3816 3354 3870 nullo
3381 3817 3587 3873 doloris

2014 3915 2202 3967 sensu,
2256 3910 2517 3973 tanquam
2560 3907 2711 3962 stulti
2754 3922 3026 3971 essemus,
3073 3909 3193 3978 ejus
3225 3910 3585 3979 privationem

2015 3991 2260 4050 feramus
2289 4014 2303 4051 :
2340 4011 2518 4066 neque
2545 3998 2690 4055 enim
2720 4014 2884 4071 grave
2919 4001 3123 4071 aliquid
3159 4011 3255 4056 aut
3287 4003 3585 4059 violentum

2015 4087 2218 4144 dicturi
2249 4103 2440 4146 sumus
2467 4108 2480 4156 ;
2511 4091 2605 4148 sed
2639 4103 2700 4147 ut
2731 4109 2992 4149 conemur
3021 4095 3218 4150 leniter
3243 4096 3406 4163 ferre,
3438 4101 3586 4168 quod

2015 4182 2369 4250 providentia
2401 4183 2578 4264 visum
2625 4187 2737 4250 sit;
2779 4187 3067 4257 bonisque,
3099 4205 3236 4260 quas
3279 4207 3472 4246 omnes
3514 4194 3588 4246 de

2015 4272 2110 4328 illo
2135 4273 2418 4340 habemus,
2437 4277 2938 4346 exspectationibus
2961 4281 3206 4337 modeste
3229 4282 3587 4348 delectemur,

2018 4365 2162 4423 Sane
2191 4370 2437 4438 quidem,
2485 4382 2546 4425 ut
2576 4370 2750 4427 futuri
2787 4375 2886 4428 sevi
2921 4389 3010 4430 res
3043 4376 3176 4429 nihil
3209 4392 3332 4432 esse
3363 4389 3590 4448 putare-

2018 4476 2162 4525 mus,
2187 4461 2328 4517 alius
2352 4465 2512 4516 nobis
2541 4480 2721 4521 sermo
2743 4479 2906 4522 esset.
2933 4469 3228 4538 Postquam
3258 4481 3437 4526 autem
3475 4489 3592 4528 om-

343 4553 508 4621 μεθα,
540 4554 639 4608 καὶ
686 4553 889 4616 παντὸς
922 4555 1127 4624 μᾶλλον
1158 4555 1496 4626 πιστεύομεν
1516 4595 1533 4621 ,
1583 4556 1742 4610 σκιὰν
1771 4555 1912 4610 εἶναι

2021 4554 2150 4608 ηἱιιο
2175 4555 2346 4610 etiam
2380 4555 2528 4611 docti
2555 4573 2767 4624 sumus,
2801 4575 3046 4631 veroque
3079 4564 3225 4617 omni
3259 4565 3464 4620 certius
3491 4565 3590 4618 ha-

339 4647 492 4703 τόνδε
532 4647 626 4701 τὸν
669 4647 806 4717 βίον,
856 4647 950 4702 καὶ
997 4648 1116 4702 ὁδὸν
1157 4649 1292 4718 πρὸς
1343 4649 1436 4702 τὸν
1469 4649 1790 4719 μετέπειτα,
1827 4666 1916 4718 μι-

342 4742 447 4806 κρὰ
484 4739 594 4796 τῶν
649 4741 780 4812 τῇδε
829 4742 1139 4811 φροντίζειν
1170 4743 1301 4812 χρὴ,
1343 4742 1438 4796 καὶ
1487 4746 1616 4814 περὶ
1661 4745 1769 4796 τῶν
1799 4744 1918 4796 ἐκεῖ

347 4834 624 4887 ποιεῖσθαι
657 4835 751 4886 τὸν
783 4835 966 4889 πάντα
996 4835 1176 4903 λόγον.
1229 4836 1342 4888 Καὶ
1383 4826 1450 4906 ’δὴ
1476 4836 1622 4889 δυοῖν
1661 4836 1912 4906 θάτερον·

350 4926 444 4994 χρὴ
474 4925 588 4993 γὰρ
621 4924 798 4997 δήπου
827 4928 980 4980 τόνδε
1012 4928 1342 4996 φιλοῦντας,
1384 4929 1644 4984 τοσοῦτον
1681 4931 1825 5000 μέγα
1851 4946 1916 4983 τε

350 5017 434 5069 ταὶ
491 5017 654 5084 πολὺ,
711 5019 910 5072 ὁπόσον
967 5019 1203 5092 ἕκαστος
1256 5021 1406 5091 ἔργῳ
1445 5023 1710 5089 δείκνυσι,
1758 5021 1790 5091 ἢ
1839 5023 1916 5092 μὴ

344 5108 590 5178 νομίζειν
631 5107 773 5164 εἶναι
829 5111 971 5181 μετά
1025 5112 1184 5175 Θεοῦ,
1222 5113 1527 5186 ,καὶταύτῃ
1566 5115 1758 5168 τοῦτον
1795 5114 1918 5168 ὀδύ-

347 5201 560 5268 ρεσθαι,
597 5203 792 5274 μηδενὶ
821 5205 1246 5274 κατεχομένους,
1281 5208 1418 5276 μήτε
1468 5207 1738 5278 λογισμῷ,
1775 5211 1916 5279 μήτε

345 5290 573 5367 λόγῳ,ἢ
627 5298 892 5352 τάναντία
941 5298 1290 5364 δοξάζοντας,
1347 5300 1444 5353 καὶ
1495 5302 1761 5354 τάναντία
1807 5302 1918 5355 τῶν

345 5385 596 5459 ὀδυρμῶν
649 5393 943 5461 πράττειν.
988 5391 1148 5445 una
1200 5391 1306 5462 μὴν
1351 5393 1557 5446 ἐκεῖνον
1587 5393 1916 5462 πιστεύομεν

345 5473 481 5533 εἶναι
531 5479 635 5550 μὲν
669 5484 727 5535 ἰν
771 5482 1003 5553 καθαρῷ
1053 5483 1227 5553 λύπης
1278 5484 1494 5555 ἁπάσης
1530 5486 1737 5556 χωρίῳ·
1775 5481 1916 5538 εἶναι

343 5566 398 5624 δὲ
425 5571 483 5623 ὲν
515 5573 692 5642 φίλων
727 5576 934 5644 χοροῖς·
969 5570 1108 5626 εἶναι
1159 5574 1216 5628 δὲ
1267 5575 1324 5629 ὲν
1358 5575 1659 5644 συγγενῶνο
1689 5570 1829 5629 εἶναι
1859 5575 1917 5628 δὲ

345 5661 402 5715 ὲν
431 5665 510 5733 τῷ
543 5668 710 5733 φωτὶ,
741 5666 771 5722 ὃ
807 5665 979 5732 φανὶν
1017 5665 1163 5719 κατά
1197 5665 1390 5736 καιρὸν
1413 5707 1430 5734 ,
1468 5665 1731 5720 σκοτώσει
1761 5667 1914 5722 τόνδε

344 5756 431 5809 τὸν
455 5757 612 5826 ἥλιον
647 5763 715 5831 τῇ
760 5761 931 5831 πολλῇ
969 5759 1337 5831 λαμπρότητι.
1375 5761 1486 5813 Καὶ
1528 5759 1557 5813 δ
1598 5759 1663 5831 δὴ
1693 5761 1916 5816 πάντων

347 5845 690 5918 ὑπέρκειται,
739 5850 932 5906 τοῦτον
984 5853 1144 5922 ἡμεῖς
1172 5849 1506 5920 πιστεύομεν
1534 5852 1805 5923 συνῆφθαι
1835 5853 1914 5923 τῷ

2018 4647 2234 4712 bemus,
2294 4651 2544 4704 umbram
2595 4667 2716 4708 esse
2766 4653 2870 4707 hoc
2899 4655 3188 4719 steculnm,
3222 4657 3476 4726 viamque
3524 4661 3589 4710 ad

2019 4738 2266 4796 futurum
2306 4742 2463 4811 illud,
2496 4743 2643 4799 haud
2679 4745 2842 4814 plane
2887 4746 3192 4816 impensior
3227 4749 3312 4803 bis
3343 4750 3588 4804 habenda

2019 4847 2175 4898 cura,
2195 4833 2414 4888 illorum
2431 4845 2614 4889 autem
2639 4837 2864 4892 omnino
2887 4838 3136 4892 habenda
3163 4838 3233 4889 sit
3256 4839 3414 4890 ratio.
3448 4838 3590 4891 Duo-

2019 4938 2143 4977 rum
2176 4925 2378 4994 quippe
2420 4926 2649 4980 alterum
2675 4941 2900 4982 necesse
2930 4934 3012 4982 est
3045 4944 3060 4981 :
3093 4938 3152 4981 ut
3181 4928 3275 4996 qui
3305 4931 3471 4983 vitam
3514 4929 3586 4983 ita

2020 5015 2269 5085 impense
2292 5017 2607 5084 diligamus,
2645 5019 2723 5073 uti
2763 5019 2998 5088 quisque
3029 5017 3172 5073 facto
3205 5019 3468 5087 ostendit,
3504 5024 3589 5076 vel

2021 5123 2130 5162 non
2165 5107 2458 5164 credamus
2493 5125 2616 5165 esse
2651 5125 2778 5164 cum
2809 5109 2944 5174 Deo,
2975 5123 3153 5178 eaque
3183 5109 3336 5164 illum
3368 5111 3485 5167 dire
3509 5113 3592 5167 lu-

2019 5217 2266 5274 geamus,
2298 5217 2424 5256 cum
2451 5217 2550 5258 nec
2567 5201 2835 5273 cogitatio
2865 5202 3046 5272 aliqua
3073 5217 3174 5257 nec
3205 5204 3346 5258 ratio
3371 5211 3587 5260 teneat:

2021 5296 2103 5350 vel
2138 5297 2417 5350 contraria
2453 5297 2774 5361 sentientes,
2807 5298 3089 5353 contraria
3122 5309 3342 5368 quoque
3371 5297 3590 5368 gemiti-

2017 5385 2122 5440 bus
2173 5401 2421 5456 agamus.
2473 5386 2746 5442 Caeterum
2791 5389 3071 5444 credimus
3121 5388 3176 5443 iu
3212 5389 3332 5444 loco
3371 5403 3493 5444 esse
3523 5389 3590 5441 ah

2019 5477 2169 5531 omni
2206 5477 2429 5532 tristitia
2461 5493 2672 5533 vacuo:
2706 5483 2759 5533 iu
2785 5481 3089 5536 amicorum
3130 5495 3196 5535 ae
3231 5493 3589 5551 cognatorum

2018 5569 2225 5624 versari
2245 5569 2430 5625 choris
2455 5587 2469 5636 ;
2493 5585 2615 5626 esse
2643 5573 2695 5625 in
2725 5573 2954 5630 lumine.
2990 5573 3137 5644 quod
3172 5573 3468 5642 aliquando
3495 5588 3592 5646 ap-

2019 5676 2240 5733 parens,
2277 5662 2446 5718 solem
2481 5662 2625 5717 hunc
2651 5663 2866 5735 fulgore
2899 5666 3070 5720 multo
3095 5667 3165 5720 sit
3188 5667 3544 5720 obscuratum
3573 5683 3586 5719 :
3634 5662 3637 5663 ⁷

2019 5755 2275 5826 quodque
2320 5757 2588 5811 universis
2631 5759 2706 5813 sit
2757 5759 3131 5828 praestantius,
3164 5757 3591 5813 credimusasse

2020 5850 2378 5921 conjunctum
2409 5849 2680 5906 Salvatori
2717 5850 2959 5919 Christo,
2998 5851 3253 5907 Ecclesiae
3293 5852 3462 5909 totius
3492 5867 3587 5908 ca-
