4060 6620
294 466 411 527 ἒῖίῖὃ

1072 473 1470 537 THEODORI
1516 473 1880 535 DESPOTJ‘Z
1912 476 2303 536 LAUDATIO
2344 475 2752 538 FUNEBRIS.

3455 468 3591 529 τιθεῖ
3614 444 3617 445 ί

296 582 733 651 ἀπαλλαγέντας
764 582 971 639 τούτων
993 589 1201 656 τυχεῖν,
1229 588 1339 660 πρὸ
1365 587 1460 643 τοῦ
1490 589 1640 655 τινὸς
1672 591 1783 645 τῶν
1813 591 1934 650 είολ

2018 588 2198 644 ientcs
2231 604 2294 644 ea
2345 588 2637 660 consequi,
2700 585 2864 641 nullis
2916 583 3187 639 hactenus
3214 580 3567 652 prazfatorutn

301 677 572 746 ρημένων
617 679 937 746 μετασχεῖν,
967 679 1063 749 τῆς
1092 679 1355 751 δευτέρας
1380 682 1600 746 πάντως
1628 682 1695 737 ἂν
1722 684 1886 754 γενη-

303 766 477 832 σετθε
522 769 743 839 μοίρας,
788 771 954 824 κάκεῖ
988 771 1099 825 τῶν
1143 773 1271 843 τῇδε
1302 774 1728 846 προκρίναντες.
1761 773 1888 837 Πῶς

300 859 404 913 οὖν
431 859 496 912 οὐ
529 860 884 915 παντάπασιν
913 862 1139 929 ἄτοπον,
1171 867 1220 918 εί
1254 864 1397 934 ἅπερ
1444 865 1677 930 ἕκαστος
1709 866 1889 935 ἑαυτῷ

307 948 594 1019 βούλεται,
642 950 821 1005 ταῦτα
866 952 944 1021 μὴ
993 953 1138 1025 ὑπὲρ
1197 956 1309 1009 τῶν
1355 956 1527 1026 φίλων
1572 956 1888 1027 θελήσειενς

317 1045 732 1115 Ἐνθυμὼμεθα
776 1044 834 1099 δὲ
865 1046 1123 1101 κάκεῖνοο
1175 1050 1226 1100 εί
1252 1050 1318 1103 ὲκ
1364 1049 1459 1103 τοῦ
1493 1050 1700 1122 σφόδρα
1739 1049 1892 1104 τόνδε

305 1135 589 1204 φιλεῖσθαι
621 1137 756 1208 παρ’
805 1138 987 1210 ἡμῶν,
1038 1139 1367 1206 ἀπελθόντος
1420 1142 1749 1214 ὀδυρόμεθα,
1795 1144 1892 1195 καὶ

304 1228 415 1297 τὴν
446 1228 595 1299 ζωὴν
623 1229 796 1299 χείρω
831 1231 1151 1301 νομίζομεν,
1188 1232 1225 1303 ἢ
1257 1236 1306 1287 εί
1350 1234 1604 1297 θανόντες
1647 1234 1897 1303 ἀπηλλά-

305 1318 518 1388 ξαμεν,
556 1320 845 1390 πρόδηλον,
867 1322 951 1374 ὅτι
983 1323 1235 1386 κάκεῖνος
1266 1324 1439 1392 φιλῶν
1473 1325 1640 1394 ἡμᾶς,
1672 1325 1897 1395 φίλτρον

306 1409 595 1479 μηδαμῶς
623 1411 851 1465 ελπτον
878 1412 1097 1466 τουτουτ
1122 1414 1219 1466 τοῦ
1254 1415 1389 1486 παρ’
1409 1416 1439 1484 ἠ
1449 1416 1565 1484 μῶν
1595 1416 1730 1486 πρὸς
1757 1415 1900 1469 ἐκεῖ·

306 1519 434 1567 νον,
485 1501 587 1572 τὴν
630 1505 893 1574 ταχίστην
946 1504 1015 1559 ἂν
1072 1506 1364 1576 ἠγάπησεν
1410 1500 1899 1580 ἀπελθεῖν,’ήμῶν

306 1594 536 1647 ἐκείνου
567 1596 1045 1665 προαπελθόντων.
1079 1598 1188 1652 Καὶ
1225 1600 1374 1669 μάλα
1405 1600 1653 1663 εἰκότως.
1688 1600 1751 1654 Ei
1788 1601 1899 1671 γὰρ

307 1681 387 1756 ἦν
415 1686 555 1756 ἡμῖν
583 1687 768 1758 εὑρεῖν
804 1689 1158 1761 παραμυθίαν
1186 1693 1290 1761 τῆς
1317 1691 1520 1761 λύπης,
1566 1693 1806 1764 κάκείνῳ
1833 1692 1901 1748 ἂν

311 1779 571 1846 γένοιτο·
595 1780 646 1834 εἰ
676 1779 780 1852 οὐχ
823 1777 937 1835 οἷόν
984 1800 1042 1838 τε
1072 1783 1230 1853 ἡμῖν,
1279 1783 1393 1838 οὐδ’
1422 1786 1621 1855 ἐκείνῳ
1682 1786 1902 1851 πάντως

313 1871 391 1927 ἂν
432 1866 529 1944 ἦν.

396 2008 474 2062 Τὸ
508 2009 607 2073 μὲν
653 2010 747 2065 οὖν
783 2013 1054 2083 ἑπόμενον
1094 2016 1207 2081 τοῖς
1251 2017 1569 2087 είρημινοις
1615 2017 1793 2081 ἔστιν,
1820 2015 1900 2081 ὡς

320 2102 437 2172 ἄρα
461 2105 712 2174 κρεῖττον
736 2106 995 2161 ἀπελθεῖν
1020 2109 1127 2179 πρὸ
1142 2109 1254 2163 τῶν
1275 2109 1692 2181 φιλουμένων,ἢ
1720 2110 1904 2175 ζῶντα

322 2196 539 2249 τούτων
562 2198 873 2265 στερεῖσθαι
896 2199 964 2266 τῇ
1005 2198 1338 2269 μεταστάσει
1372 2198 1483 2252 τῶν
1503 2199 1654 2270 τῇδε.
1690 2199 1833 2268 Ἐγὼ
1857 2199 1905 2254 δ’

326 2283 427 2341 οὗν
450 2287 605 2358 ὅμως
629 2291 907 2361 χρήσομαι
939 2292 1295 2363 μετριωτέρῳ
1321 2290 1400 2363 τῷ
1423 2291 1589 2362 λόγῳ.
1618 2292 1697 2361 Φη
1707 2290 1767 2361 μὶ
1789 2285 1907 2355 οὖν,

329 2382 407 2447 ὡς
436 2381 495 2436 εῐ
520 2399 610 2447 τις
653 2384 791 2455 ἡμῖν
836 2384 1075 2453 κάκείνῳ
1111 2382 1428 2454 προΰθηκεν
1479 2383 1712 2456 αἵρεσιν,
1762 2384 1913 2454 ἡμᾶς

332 2477 552 2530 ἐκείνου
599 2475 1054 2547 προαπελθεῖν,ἢ
1098 2476 1429 2543 τούναντίον,
1471 2476 1632 2548 ήμῶν
1677 2477 1909 2541 ἐκεῖνον,

337 2567 597 2621 ὕπόθεσιν
621 2567 921 2641 παρέσχεν
949 2567 1015 2622 ἀν
1046 2568 1406 2640 ἀμφοτέροις,
1435 2570 1499 2623 οὐ
1534 2568 1728 2641 ῥᾳδίαν
1756 2568 1914 2641 ἔχου-

338 2677 438 2714 σαν
466 2660 674 2743 κρίσιν.
726 2661 852 2714 Είτε
911 2661 1021 2730 γὰρ
1056 2661 1223 2715 καλὸν
1266 2667 1327 2715 τὸ
1369 2664 1494 2732 ζῇν,
1536 2661 1671 2715 ἀλλά
1718 2662 1779 2714 τὸ
1812 2661 1913 2715 σὺν

304 2820 307 2825 _
338 2755 485 2826 λύπῃ
511 2756 754 2826 διηνεκεῖ
788 2758 1142 2810 παντάπασιν
1198 2757 1509 2827 ἀφόρητον·
1551 2756 1662 2811 εῐτε
1722 2758 1913 2809 ὲπιθυυ

343 2848 519 2919 μητδν
547 2848 901 2919 ἀπηλλάχθαι
920 2847 1036 2902 τῶν
1062 2848 1406 2913 λυπούντων,
1438 2847 1576 2903 ἀλλὰ
1606 2848 1668 2902 τὺ
1695 2847 1787 2902 διὰ
1819 2847 1916 2901 θα-

339 2942 528 3006 νάτου,
561 2940 689 3009 ὅνγε
718 2941 992 3012 πέφρικεν
1020 2940 1168 3003 ἄπας
1208 2941 1520 3012 ἄνθρωπος,
1551 2938 1614 2995 οὕ
1651 2958 1739 3011 μοι
1766 2941 1918 2995 δοκεῖ

345 3034 531 3105 ῥᾴδιον
585 3029 726 3087 εἶναι
773 3033 1041 3103 θελῆσαι,
1073 3033 1165 3096 Ὠς
1206 3029 1302 3088 οὖν
1351 3032 1525 3102 μηδὲν
1567 3031 1821 3104 εὔκριτον
1856 3026 1959 3086 δν’

1992 684 2293 751 perceptis,
2334 692 2672 751 postremum
2701 679 2804 735 hoc
2837 676 3062 749 omnino
3094 674 3390 736 electuros,
3420 680 3573 743 post-

1990 775 2262 830 habentes
2290 788 2412 843 quae.
2439 780 2575 828 sunt
2604 772 2705 828 aevi
2762 769 3071 840 prmsentis,
3106 768 3177 824 iis
3216 780 3336 835 qua:
3376 765 3567 822 futuri.

1990 860 2181 917 Nonne
2210 878 2339 934 ergo
2384 876 2615 932 prorsus
2649 860 2975 920 absmdum,
3015 867 3075 912 ut
3106 872 3229 928 qua:
3280 855 3384 911 sibi
3420 855 3574 924 quis-

1991 970 2098 1027 que
2129 955 2279 1018 velit,
2309 970 2371 1009 ea
2404 956 2540 1008 nolit
2563 968 2662 1024 pro
2705 953 2901 1008 amicis
2931 951 3080 1006 lSed
3112 961 3167 1006 et
3192 950 3326 1004 illud
3371 964 3573 1019 pense-

1994 1062 2137 1113 mus,
2175 1046 2447 1116 siquidem
2515 1062 2583 1103 eo
2622 1046 2767 1116 quod
2826 1044 3077 1115 impense
3135 1058 3405 1115 amemus,
3474 1056 3576 1110 pro

1993 1138 2537 1209 defunctolugemus,
2578 1139 2856 1209 vitamque
2898 1138 3225 1192 deteriorem
3294 1145 3573 1206 putamus,

1994 1247 2159 1302 quam
2206 1230 2260 1287 sl
2308 1231 2512 1285 mortui
2561 1246 2807 1286 essemus
2864 1246 2885 1297 ;
2942 1229 3115 1299 liquet
3167 1227 3342 1300 palam
3398 1235 3457 1280 ut
3518 1238 3571 1281 et

1996 1324 2085 1380 ille
2106 1339 2205 1378 nos
2225 1339 2441 1385 amans,
2462 1324 2625 1394 idque
2658 1339 2722 1378 ea
2770 1324 2977 1379 amoris
3003 1324 3075 1387 vi,
3092 1338 3214 1393 quas
3231 1322 3365 1377 nihil
3392 1333 3581 1377 nostro

1997 1419 2307 1473 mortalium
2334 1422 2690 1488 cedat,quam
2721 1419 2990 1475 citissime
3020 1419 3156 1473 mori
3188 1418 3473 1480 voluisset,
3512 1428 3573 1471 ut

1998 1510 2093 1566 illo
2114 1527 2213 1565 nos
2236 1511 2450 1581 priores
2483 1511 2936 1567 decessissemus.
2972 1512 3145 1582 Atque
3172 1511 3226 1567 id
3252 1512 3470 1567 merito.
3494 1510 3583 1564 Si-

1999 1607 2216 1675 quidem
2250 1605 2393 1661 enim
2429 1607 2679 1662 levamen
2727 1606 2960 1661 tristitiae
3016 1605 3261 1660 invenire
3295 1619 3583 1676 possumus

1999 1707 2185 1768 posset
2206 1699 2370 1756 etillo
2401 1716 2418 1766 ;
2454 1700 2538 1754 sin
2569 1714 2676 1754 non
2738 1714 3064 1770 possumus,
3092 1714 3192 1755 nec
3225 1698 3314 1754 ille
3360 1697 3585 1753 omnino

2001 1800 2181 1861 posset
2192 1831 2208 1846 .

2075 2016 2131 2073 Id
2157 2034 2287 2089 ergo
2317 2034 2380 2074 ex
2413 2019 2579 2075 dictis
2610 2033 2959 2089 consequens
2987 2019 3044 2074 lit
3076 2027 3339 2090 pras'are
3372 2028 3429 2075 ut
3461 2029 3590 2073 ante

2007 2112 2206 2167 charos
2230 2111 2488 2186 decedas,
2511 2127 2674 2181 quam
2709 2121 2770 2167 ut
2797 2112 2986 2169 vivens
3017 2113 3088 2169 iis
3108 2114 3345 2185 priveris
3391 2128 3585 2168 eorum

2010 2204 2337 2275 migratione
2370 2220 2400 2257 a
2456 2203 2586 2259 vita.
2647 2202 2760 2277 Ego
2812 2205 3176 2273 nihilominus
3231 2206 3589 2261 moderatiori

2013 2308 2269 2349 sermone
2320 2304 2490 2349 utar:
2541 2293 2669 2349 dico
2723 2310 2877 2367 ergo,
2932 2305 2993 2351 ut
3038 2298 3161 2367 quis
3212 2298 3372 2352 nobis
3404 2297 3591 2368 illique
3632 2278 3639 2284 ’

2013 2386 2322 2457 eligendum
2365 2395 2719 2457 proponeret,
2748 2398 2808 2443 ut
2849 2397 2943 2444 aut
2974 2388 3074 2460 ipsi
3127 2390 3339 2460 priores
3373 2390 3464 2444 illo
3500 2390 3594 2444 dc-

2014 2485 2359 2549 cederemus,
2392 2490 2487 2538 aut
2508 2498 2538 2539 e
2567 2482 2879 2544 contra,llle
2904 2483 3068 2539 nobis
3095 2484 3246 2553 prior
3296 2497 3591 2553 argumen-

2017 2584 2131 2631 tum
2166 2576 2419 2644 utrisque
2447 2574 2714 2646 prteberet
2746 2574 2891 2630 haud
2914 2575 3135 2645 judicio
3180 2575 3360 2630 facile.
3402 2574 3591 2641 Quan-

2014 2682 2177 2737 quam
2201 2668 2353 2722 enim
2379 2667 2583 2722 bonum
2615 2676 2700 2721 est
2743 2667 2950 2733 vivere,
2999 2666 3115 2739 iugi
3168 2676 3352 2723 tamen
3408 2668 3599 2720 vivere

2016 2760 2262 2822 tristitia,
2293 2758 2517 2813 omnino
2548 2759 2913 2814 intolerabile.
2936 2757 3263 2829 Quanquam
3287 2773 3420 2813 .vero
3437 2767 3596 2828 opta-

2016 2852 2125 2908 bile
2173 2867 2202 2906 a
2230 2851 2479 2907 tristibus
2507 2841 2752 2919 librrai-i,
2776 2860 2834 2906 ut
2851 2858 3032 2907 tamen
3050 2866 3145 2922 per
3164 2860 3415 2916 mortem,
3431 2866 3593 2919 quam

2015 2957 2209 3001 omnes
2240 2944 2489 3005 horrent,-
2521 2942 2668 2997 haud
2701 2943 2848 2999 ullus
2877 2951 3011 3014 puto
3047 2943 3211 2998 facile
3246 2944 3302 2997 in
3343 2942 3592 2997 animum

2020 3034 2267 3101 inducat,
2328 3043 2388 3091 ιιι
2419 3036 2569 3094 velit.
2600 3035 2892 3106 Tanquam
2948 3051 3080 3107 ergo
3130 3036 3334 3107 quibus
3382 3035 3595 3105 potiora

344 3126 480 3196 ἡμῖν
503 3125 632 3195 περὶ
662 3126 869 3179 τούτων
888 3125 1068 3195 εὑρεῖν
1099 3123 1323 3194 ζητοῦσι
1350 3125 1410 3179 τὸ
1434 3125 1666 3196 βέλτιον,
1704 3124 1928 3194 στέργω

2019 3124 2449 3196 inquirentibus,
2470 3129 2611 3190 haud
2633 3127 2793 3183 facile
2821 3127 2946 3182 site
2970 3141 3030 3182 re
3056 3126 3328 3197 judicare.
3362 3126 3598 3180 libentes

350 3218 450 3288 μὲν
486 3215 550 3269 τὺ
587 3217 653 3287 τῇ
689 3215 920 3287 προνοίᾳ
963 3214 1146 3280 δόξαν,
1177 3216 1402 3284 ἄμεινον
1432 3213 1791 3284 οἰκονομούσῃ
1847 3214 1919 3268 τὰ

346 3311 471 3364 καθ’
500 3311 674 3381 ἡμᾶς,
710 3310 744 3380 ἢ
782 3310 945 3379 ἡμεῖς
983 3307 1311 3378 βουλόμεθα.
1349 3307 1484 3370 Θεὸς
1513 3308 1615 3376 μὲν
1656 3307 1764 3378 γὰρ
1796 3306 1917 3359 ἐπί-

349 3418 564 3465 σταται,
599 3402 687 3454 καὶ
716 3400 962 3469 δύναται,
997 3401 1090 3454 καὶ
1126 3400 1401 3469 βούλεται,
1432 3400 1493 3454 τὸ
1524 3400 1660 3453 πᾶσι
1698 3397 1919 3452 λυσιτε-

348 3494 513 3565 λῆσον
532 3511 548 3528 ο
582 3496 747 3567 ἡμεῖς
774 3494 832 3548 δὲ
867 3495 976 3548 τῶν
1006 3494 1267 3567 χειρόνων
1292 3493 1608 3564 ὀρεγόμεθα
1631 3492 1919 3558 πολλάκις,

350 3585 418 3639 τὰ
463 3584 659 3654 βελτίω
699 3582 1070 3650 διαπτύοντες,
1118 3578 1506 3655 παρδνεχειν,
1540 3568 1651 3639 καί
1675 3584 1745 3636 τά
1798 3582 1923 3637 καθ’

354 3676 512 3747 ήμῶν
547 3675 731 3730 αὐτῶν
762 3676 885 3730 ἀντὶ
934 3676 1042 3730 τῶν
1094 3676 1239 3746 ὑπὲρ
1278 3676 1437 3746 ἡμῶν
1469 3673 1790 3744 ἀγνοοῦντες
1837 3675 1925 3745 ἑρ-

353 3767 661 3838 γαζόμεθα.
693 3766 850 3820 Ἵλατ’
880 3761 1038 3839 οἶμαι
1064 3770 1159 3821 καὶ
1201 3768 1264 3821 τὸ
1291 3768 1515 3837 ἄμεινον
1549 3766 1806 3836 οὐδαμῶς
1839 3767 1925 3819 ὲν-

354 3862 533 3918 ταῦθα
561 3861 843 3918 λέλεκται.

424 4081 518 4151 Μὴ
544 4079 613 4151 δὴ
642 4078 911 4150 πρότερον
935 4077 1030 4133 τοῦ
1057 4078 1163 4134 νεὼ
1191 4078 1568 4152 προέλθωμεν,
1596 4079 1728 4150 πρὶν
1756 4077 1788 4149 ἢ
1816 4079 1930 4143 τοῖς

357 4169 642 4239 λογισμοῖς
660 4168 953 4240 ἐπιτρέψαι
978 4170 1185 4239 τοσῷδε
1208 4164 1372 4241 μόνον
1396 4169 1641 4239 χρῆσθαι
1667 4171 1734 4240 τῇ
1756 4165 1927 4240 λύπῃ,

358 4268 465 4336 ὅσῳ
490 4263 628 4336 μηδὲ
657 4262 750 4317 τδν
769 4263 904 4316 Θεὸν
932 4261 1239 4333 παροξῦναι
1269 4261 1346 4334 τῷ
1369 4263 1467 4333 τῆς
1489 4259 1726 4332 ἀθυμίας
1761 4261 1932 4330 ὑπερε-

359 4360 634 4420 ϐάλλοντι,
698 4358 836 4427 μήτε
893 4355 987 4409 τὸν
1045 4355 1326 4426 δρώμενον
1385 4355 1629 4409 ἀνιᾶσαι.
1686 4347 1769 4406 Ἦ
1822 4352 1930 4424 γὰρ

359 4451 665 4511 ἀνιάσεται,
702 4451 751 4502 εί
782 4451 842 4503 τδ
871 4447 1014 4501 θεῖον
1047 4447 1513 4518 παροργίσαιμεν,
1546 4445 1642 4499 καὶ
1662 4443 1838 4499 ταῦτα
1860 4444 1930 4499 δι’

1947 3245 1992 3305 c
2020 3218 2421 3287 amplectamur
2444 3220 2591 3289 quod
2617 3220 2792 3275 visum
2831 3228 2935 3276 est'
2954 3219 3336 3289 providentiae,
3379 3228 3597 3272 nostras

2020 3324 2108 3366 res
2139 3310 2333 3366 melius
2363 3311 2705 3383 dispensanti
2729 3326 2893 3382 quam
2924 3311 3007 3366 vel
3058 3311 3164 3380 ipsi
3206 3310 3458 3366 velimus.
3493 3309 3595 3363 Sa-

2021 3419 2089 3458 ne
2111 3404 2256 3458 enim
2289 3401 2433 3458 Deus
2464 3405 2647 3458 omnia
2684 3404 2811 3467 scit,
2858 3411 3146 3474 potestque
3194 3419 3259 3458 ac
3289 3403 3407 3458 vult
3450 3404 3605 3472 quod

2023 3491 2295 3548 universis
2331 3492 2602 3553 conducat
2628 3511 2643 3548 :
2665 3509 2766 3549 nos
2792 3504 2979 3549 autem
3010 3508 3117 3548 nou
3150 3507 3276 3548 raro
3328 3493 3600 3548 deteriora

2022 3585 2353 3655 appetimus,
2388 3586 2589 3654 spretis
2617 3585 2775 3641 bonis
2808 3600 2934 3640 cum
2966 3585 3181 3640 illorum
3214 3584 3369 3653 copia
3396 3599 3600 3655 suppe-

2025 3679 2087 3732 tit
2123 3697 2141 3741 ;
2169 3691 2375 3747 proque
2410 3692 2478 3735 eo
2505 3688 2562 3739 ut
2586 3679 2750 3733 nobis
2780 3679 2923 3734 bona
2953 3692 3272 3747 operemur,
3316 3693 3413 3747 per
3445 3677 3601 3745 igno-

2025 3767 2261 3823 rantiam
2301 3781 2420 3836 qua:
2453 3769 2612 3822 nobis
2646 3776 2777 3822 sunt
2806 3768 2946 3821 mala
2966 3767 3202 3836 agimus.
3231 3766 3601 3832 Quamobrem

2026 3857 2282 3913 existimo
2324 3873 2669 3929 nequaquam
2694 3860 2782 3915 hic
2807 3858 2975 3913 fuisse
3001 3858 3203 3913 dictum
3228 3857 3374 3927 quod
3407 3855 3605 3912 melius

2028 3958 2132 4006 εει.

2099 4087 2178 4143 Ne
2204 4088 2357 4159 prius
2387 4101 2520 4160 ergo
2553 4086 2756 4158 templo
2787 4102 3067 4156 exeamus,
3092 4102 3256 4158 quam
3284 4089 3435 4144 utita
3459 4088 3605 4143 dun-

2032 4189 2182 4237 taxat
2200 4179 2477 4237 tristitiam
2495 4179 2695 4235 animis
2720 4180 3118 4250 permittamus,
3141 4191 3200 4236 ut
3233 4181 3349 4253 ejus
3374 4197 3604 4239 excessu

2032 4273 2260 4330 minime
2292 4271 2459 4351 Deum
2501 4272 2806 4337 irritemus,
2839 4282 3003 4327 autve
3031 4272 3293 4328 dilectum
3350 4272 3604 4328 oﬂ‘cnda-

2033 4379 2172 4419 mus.
2213 4363 2356 4419 Sane
2403 4364 2551 4417 enim
2612 4360 2859 4417 futurum
2901 4372 3074 4419 estut
3124 4363 3215 4418 ille
3268 4362 3601 4426 offendatur,

2034 4455 2303 4526 siquidem
2330 4453 2733 4509 irritaverimus
2763 4452 2933 4509 Deum
2962 4472 2975 4521 ;
3006 4453 3169 4525 idque
3192 4454 3313 4525 ejus
3356 4456 3606 4525 cumpri-

360 4544 522 4598 αὐτὸν
558 4545 665 4596 καὶ
685 4543 787 4611 τὴν
833 4542 1041 4594 ἐνθένδε
1072 4540 1228 4595 τοῦδε
1278 4527 1529 4609 πορείαν.
1573 4538 1851 4608 Δείξωμεν
1873 4538 1930 4591 δὲ

2035 4549 2141 4604 mis
2170 4562 2359 4613 causa,
2387 4561 2450 4603 ac
2467 4555 2687 4618 propter
2716 4546 3093 4617 migrationem
3127 4547 3393 4616 ipsiusab
3416 4550 3609 4603 huma-

360 4637 453 4689 καὶ
484 4636 613 4695 τοὺς
644 4632 904 4702 ἐραστὰς,
934 4632 1013 4701 τῷ
1041 4632 1356 4687 ἀναλίσκειν
1382 4631 1522 4702 ὑπὲρ
1549 4634 1644 4702 τῆς
1670 4629 1764 4684 τοῦ
1794 4631 1933 4701 ἐρω-

363 4729 427 4798 μέ
444 4746 526 4785 θου
551 4726 758 4797 ψυχῆς,
784 4726 932 4788 ὅπως
960 4724 1028 4778 ἂν
1055 4724 1285 4787 ῑκαστος
1331 4722 1572 4803 δύναιτο..
1609 4727 1706 4776 καὶ
1753 4723 1932 4793 κρίνοι

362 4819 593 4891 πρέπειν
638 4816 810 4886 αὐτῷ.
849 4815 1020 4869 Τοῦτο
1069 4816 1178 4887 γὰρ
1226 4816 1420 4886 ἐκείνῳ
1477 4816 1636 4885 μόνον
1689 4832 1932 4868 συνεισε-

363 4913 582 4980 νεγκεῖν
615 4909 818 4973 πάντες
846 4909 1067 4979 ἔχομεν,
1100 4910 1195 4963 καὶ
1223 4907 1384 4962 τοῦτο
1413 4907 1482 4962 αὖ
1511 4908 1774 4973 ὶπίδειξις
1802 4908 1935 4978 ἀλη-

363 5003 598 5070 θεστάτη
628 5000 875 5053 λεῖπεται
908 4999 1008 5062 τῆς
1028 5000 1106 5063 είς
1136 5000 1348 5054 ἐκεῖνον
1373 4998 1593 5069 ἀγάπης
1618 5016 1634 5031 ο
1670 5000 1767 5053 καὶ
1799 5016 1933 5052 συν-

362 5097 503 5149 οίσει
553 5092 654 5165 μὲν
682 5092 926 5160 κάκείνῳ
968 5091 1242 5161 ἀνθρώπῳ
1284 5092 1576 5161 πεφυκότι,
1644 5094 1740 5147 καὶ
1776 5089 1933 5163 πηλῷ

364 5185 439 5257 τῷ
469 5185 686 5255 σώματι
738 5183 913 5253 τούτῳ
946 5183 1328 5252 συγγεγονότι,
1371 5177 1415 5252 ᾧ
1453 5183 1530 5256 μὴ
1571 5179 1683 5237 οἶόν
1711 5200 1769 5237 τε
1806 5200 1936 5238 συν-

364 5278 494 5330 όντα
536 5275 778 5345 καθαρὸν
841 5275 1188 5329 παντάπασιν
1221 5275 1511 5345 εὑρεθῆναι
1536 5292 1553 5309 ·
1604 5275 1842 5329 συνοίσει
1877 5276 1935 5330 δὲ

367 5370 463 5422 καὶ
495 5367 650 5437 ὑμῖν,
672 5367 769 5420 ἆτε
790 5366 854 5437 δὴ
882 5367 978 5419 καὶ
1007 5368 1128 5421 δέον
1150 5366 1562 5438 ἀποπληροῦσιν
1581 5368 1735 5439 ἀνδρὶ
1761 5368 1937 5421 πάντα

366 5460 562 5528 ἀγαθῷ
599 5461 697 5513 καὶ
744 5460 1004 5533 δεσπότῃ,
1056 5461 1152 5513 καὶ
1181 5460 1342 5532 αἰτίῳ
1371 5477 1434 5529 γε
1465 5460 1675 5514 πολλῶν
1705 5460 1798 5516 καὶ
1840 5477 1939 5531 με-

368 5553 551 5620 γάλων
582 5553 804 5620 ἀγαθῶν
850 5553 1119 5622 γεγονότι,
1166 5556 1265 5607 καὶ
1320 5553 1417 5608 νῦν
1447 5556 1711 5626 μεγίστην
1761 5555 1937 5624 ἔχοντι

371 5644 553 5713 χώραν
576 5644 730 5714 παρά
766 5645 908 5714 θεῷ,
939 5646 1037 5699 καὶ
1080 5645 1396 5716 τευξομένῳ
1441 5646 1714 5716 μείζονος,
1744 5648 1874 5700 ὅταν
1905 5647 1938 5716 ἡ

368 5737 522 5806 κοινὴ
558 5734 654 5787 τοῦ
704 5736 897 5803 γένους
947 5738 1102 5791 ἑστία
1129 5740 1224 5790 καὶ
1261 5739 1444 5809 μήτηρ
1494 5739 1589 5809 ἥδε
1637 5738 1709 5807 γῆ
1752 5735 1940 5809 ἀποδῷ

372 5830 449 5900 τῷ
475 5826 755 5897 πνεύματι
799 5830 861 5882 τὸ
905 5833 1251 5900 συνεργῆσαν
1300 5832 1461 5901 σῶμα
1497 5831 1631 5900 πρὸς
1659 5833 1727 5884 τὰ
1774 5830 1938 5896 καλὰ,

373 5926 451 5985 εἰς
483 5919 644 5987 δόξαν
675 5935 735 5973 τε
769 5922 865 5976 καὶ
887 5922 1231 5994 εὐφροσύνην
1263 5922 1501 5991 αἰώνιον,
1536 5916 1610 5978 ὧν
1653 5923 1745 5978 καὶ
1780 5922 1940 5991 ἡμεῖς

2037 4640 2143 4695 nis.
2178 4639 2257 4693 Eo
2281 4649 2460 4693 autem
2503 4637 2605 4708 ipsi
2648 4652 2750 4694 nos
2789 4648 3060 4694 amatores
3112 4641 3487 4704 ostendamus,
3549 4648 3616 4695 ut

2037 4746 2137 4799 pro
2174 4729 2325 4785 ehari
2373 4728 2557 4784 anima
2610 4730 3017 4799 impendamus.
3083 4740 3349 4801 quantum
3408 4731 3610 4801 cuique

2036 4822 2196 4875 liceat
2230 4834 2294 4874 ac
2323 4829 2473 4890 putet
2509 4833 2568 4874 se
2593 4818 2807 4874 decere.
2841 4817 2897 4873 id
2930 4819 3074 4874 enim
3120 4818 3300 4874 solum
3364 4818 3606 4874 universi

2037 4911 2091 4966 in
2118 4925 2244 4965 eum
2265 4908 2522 4966 conferre
2557 4908 2826 4964 habemus
2862 4923 3075 4977 :eaque
3115 4909 3340 4962 omnino
3384 4908 3612 4963 verissi-

2036 5021 2122 5073 ma
2159 5011 2350 5068 restat,
2409 5011 2613 5058 nostra:
2663 5001 2719 5054 in
2767 5001 2919 5055 illum
2971 4998 3285 5055 dilectionis
3337 4998 3608 5061 ostensio,

2037 5095 2209 5150 Porro
2256 5104 2447 5149 autem»
2504 5092 2580 5146 illi
2636 5105 2858 5162 quoque
2906 5089 3223 5155 contulerit,
3274 5089 3370 5160 qui
3440 5088 3610 5144 fuerit

2037 5182 2222 5245 homo,
2254 5183 2420 5251 inque
2477 5194 2634 5234 caeno
2684 5192 2918 5249 corpore
2968 5178 3314 5244 habitaverit,
3373 5195 3609 5249 quocum

2038 5286 2203 5325 nemo
2227 5271 2450 5325 omnino
2484 5281 2655 5338 purus
2682 5269 2855 5333 possit
2878 5267 3085 5321 versari
3134 5282 3149 5320 :
3183 5268 3277 5321 sed
3341 5276 3395 5322 et
3452 5269 3609 5323 vobis

2039 5362 2305 5425 conferat,
2337 5370 2598 5429 tanquam
2621 5359 2714 5424 qui
2738 5358 2929 5414 ofﬁcio
2946 5358 3320 5431 defungamini
3354 5361 3405 5414 in
3431 5362 3606 5417 virum

2040 5454 2308 5524 optimum
2334 5466 2399 5506 ac
2428 5451 2736 5519 despotam,
2783 5449 3134 5520 pluriumqne
3164 5463 3228 5504 ac
3277 5463 3602 5519 magnorum

2042 5547 2312 5600 bonorum
2344 5550 2621 5597 auctorem
2652 5559 2666 5607 ;
2700 5542 2865 5610 inque
2891 5542 3140 5610 eum,qui
3176 5555 3321 5595 nunc
3354 5554 3610 5609 magnum
3672 5568 3675 5573 -

2043 5638 2185 5707 apud
2225 5637 2393 5691 Deum
2428 5636 2610 5689 locum
2654 5635 2871 5701 habeat,
2901 5635 3080 5705 sitque
3139 5636 3440 5703 adepturus
3488 5647 3609 5686 am—

2042 5731 2294 5802 pliorem,
2320 5726 2540 5795 quando
2571 5726 2881 5782 communis
2912 5727 3130 5797 generis
3163 5728 3357 5779 domus
3386 5739 3449 5778 ac
3493 5738 3612 5777 ma.-

2047 5834 2149 5887 ter,
2183 5830 2326 5877 terra
2352 5819 2565 5888 spiritui
2596 5833 2795 5889 corpus
2831 5819 3038 5881 reddet,
3065 5833 3173 5885 quo
3222 5817 3381 5870 bonis
3425 5815 3612 5884 operi-

2047 5918 2149 5976 bus
2176 5924 2256 5972 est
2285 5930 2416 5970 usus
2448 5913 2832 5979 instrumento,
2867 5910 2935 5966 ad
2983 5910 3208 5980 gloriam
3242 5925 3305 5965 ac
3366 5908 3610 5963 laetitiam
