4060 6608
355 461 482 527 309
1346 475 1762 536 ΡΒΕΕΕΡΤΛ
1804 480 1956 539 EDU

2031 483 2328 542 l'l‘lONlS
2372 482 2650 545 REGI.‘E.
3529 482 3634 546 310

369 621 3484 664 .______________________________________________

3497 640 3615 665 CI.‘

998 806 1394 1038 1MP.
1496 809 1955 967 axes.
2076 811 3052 970 MANUE‘LIS

1368 1096 2210 1218 PALfEOLOGl
2295 1103 2574 1218 AUG
2601 1182 2631 1213 .

765 1340 1518 1431 PBECEPTA
1662 1342 2652 1437 ED’UCATIONIS
2771 1345 3233 1461 HEC.le

1641 1541 1732 1594 AD
1763 1539 2088 1593 JOANNRM
2115 1541 2369 1594 FILIUM

1111 1707 1178 1757 ει
1207 1707 1283 1757 Jo.
1308 1705 1538 1758 Sembuci
1563 1707 1618 1757 V.
1651 1709 1702 1759 C.
1727 1709 2054 1761 Bibliotheca.
2087 1712 2226 1762 Joan.
2252 1709 2551 1760 Leunclavio
2571 1710 2854 1771 interprete
2883 1710 2922 1760 '.

525 1896 629 1941 HIS
663 1895 928 1941 ACCEDH‘
957 1893 1297 1955 BELISARII,
1329 1895 1775 1944 NERITINOBUN
1813 1899 2018 1956 DUCIS,
2055 1896 2342 1944 EJUSDEII
2379 1895 2747 1943 ARGUMENTI
2789 1876 3000 1952 EIBER,
3023 1899 3148 1942 CUM
3186 1899 3347 1943 ALHS
3395 1901 3475 1944 AD

877 2025 1214 2068 PRINCIPUM
1245 2025 1476 2081 §TUDIA
1507 2025 2035 2080 PERTINENTIBUS,
2069 2027 2187 2071 NEC
2215 2025 2484 2080 UNQUAM
2527 2024 2860 2078 HACTENUS
2887 2024 3121 2070 EDITIS.

1314 2212 1375 2244 AD
1412 2211 1710 2246 ινιδηοιιαωι
1751 2212 2013 2255 ιιεοιοευυ.
2043 2212 2248 2246 ιιΑσδωι
2271 2210 2488 2246 ΤΒΚὍΟΙΒ
2521 2211 2679 2245 ιτῠιιειί

1230 2372 1516 2435 (Basiliam;
1547 2385 1608 2421 ex
1651 2372 1846 2422 ofﬁcina
1903 2370 2039 2423 Petri
2103 2374 2298 2431 Perna,
2344 2372 2484 2435 l578,
2537 2371 2619 2420 in-
2656 2371 2766 2430 l2.)

1455 2700 1544 2751 AD
1571 2696 2115 2757 ,ςΕΜΝΙςςΙΜυΜ
2160 2697 2550 2750 Ριξιιγσιρειιι

1048 2814 1484 2866 FRANCISCUM
1533 2812 1930 2871 MEDICEUM,
1983 2810 2272 2862 HAGNUM
2323 2811 2645 2862 Τηυςοιιε

1354 2814 1484 2862 CUM
1533 2812 1930 2871 MEDICEUM,
1983 2810 2272 2862 HAGNUM
2323 2811 2645 2862 Τηυςοιιε
2692 2809 2957 2861 DUCEM.

438 3005 590 3061 inter
634 3003 969 3072 multiplices
1001 3003 1170 3058 italiae
1223 3004 1450 3073 plausus
1482 3044 1496 3066 ,
1536 3013 1958 3072 exterarumque
2013 3003 2294 3058 nationum
2317 3003 2526 3060 faustas
2579 3004 3028 3066 acclamationes,
3081 3003 3476 3073 gratulantium
3510 2989 3631 3070 tibi,

365 3094 676 3150 Fnsuctsce
713 3094 847 3156 dux,
880 3093 952 3148 ob
1005 3105 1194 3148 natum
1234 3107 1407 3161 nuper
1455 3092 1764 3162 Philippum
1810 3091 2005 3155 tilium,
2033 3089 2286 3145 Mediceae
2312 3090 2564 3145 columen
2598 3090 2819 3146 familiae
2847 3133 2862 3156 ,
2895 3106 2997 3145 nec
3035 3102 3238 3147 nostrae
3261 3093 3428 3146 silere
3471 3093 3636 3148 Musa:

360 3174 684 3249 voluerunt,
712 3195 835 3238 eum
871 3183 1171 3252 praesertim
1195 3193 1371 3238 nactae
1423 3181 1782 3249 interpretem
1831 3189 1996 3250 atque
2045 3179 2466 3244 internuntium,
2514 3182 2610 3247 qui
2668 3188 2722 3236 et
2755 3189 2978 3249 propter
3037 3179 3379 3250 imperatorii
3421 3183 3666 3250 generis—

365 3275 715 3343 tnajestatem
745 3273 815 3327 ab
843 3272 982 3326 aulae
1016 3280 1121 3326 tuae
1149 3271 1296 3325 aditu
1331 3287 1442 3326 non
1479 3272 1866 3326 excluderetur
1898 3287 1912 3325 :
1942 3280 1996 3326 et
2030 3281 2227 3340 praeter
2259 3274 2363 3327 hoc
2388 3272 2778 3342 gratulationis
2799 3271 3060 3334 oilicium,
3113 3271 3165 3326 id
3208 3284 3397 3326 secum
3426 3286 3629 3326 munus

367 3363 634 3426 adferret,
663 3360 810 3431 quod
844 3361 972 3414 olim
998 3369 1242 3430 angustat
1287 3357 1486 3414 indolis
1526 3375 1696 3429 puero
1736 3360 1791 3414 in
1837 3373 1987 3430 spem
2020 3361 2390 3416 successionis
2452 3361 2780 3430 amplissimi
2811 3359 3066 3415 Tltuscite
3104 3360 3257 3430 regni
3311 3360 3625 3424 educando,

365 3465 572 3519 magna
608 3458 757 3503 recte
789 3447 1214 3502 administrandi
1249 3458 1303 3501 et
1333 3448 1696 3502 conservandi
1723 3448 1940 3518 imperii
1967 3450 2205 3519 paterni,
2235 3450 2571 3504 adminicula
2601 3450 2953 3519 suppeditare
2989 3449 3185 3518 possit.
3222 3446 3320 3503 Est
3347 3448 3392 3503 is
3429 3448 3634 3502 l’ala'o-

366 3539 536 3604 logini
578 3537 866 3605 sanguinis
896 3537 1115 3605 insigne
1149 3538 1330 3590 lumen
1365 3535 1522 3600 illud,
1566 3534 1784 3590 Manuel
1817 3535 2120 3606 imperator
2171 3535 2528 3608 Wzantinus,
2573 3537 2776 3594 summi
2811 3538 3065 3607 princeps
3098 3537 3324 3606 ingenii,
3383 3551 3638 3592 summaa-

367 3643 480 3696 que
512 3627 798 3689 doctrina),
839 3627 926 3680 cui
950 3627 1160 3679 nullum
1199 3626 1292 3678 illa
1323 3625 1524 3679 saecula
1551 3639 1739 3694 parem
1770 3625 1983 3689 tulisse,
2016 3626 2064 3680 si
2106 3637 2256 3680 recte
2289 3626 2522 3680 virtutes
2556 3627 2678 3697 ejus
2708 3625 2990 3680 aestimare
3017 3623 3290 3686 volemus,
3319 3639 3482 3677 nemo
3525 3641 3635 3678 non

370 3715 622 3770 lubenter
657 3713 941 3769 fatebitur.
974 3711 1092 3766 Non
1120 3713 1231 3780 jam
1269 3712 1480 3782 prolixe
1512 3712 1730 3783 generis
1762 3713 2089 3792 nobilissimi
2123 3714 2323 3772 seriem
2379 3729 2504 3768 cum
2531 3715 2692 3768 rebus
2723 3713 2894 3782 gestis
2934 3713 3405 3766 commemorabo.
3461 3713 3636 3766 Notus

367 3816 458 3860 est
495 3820 556 3863 est
587 3801 839 3858 historiis
860 3801 1088 3856 Michael
1116 3800 1478 3872 Palaeologns,
1527 3803 1618 3870 qui
1647 3802 1857 3871 primus
1884 3803 2230 3872 splendorem
2255 3801 2593 3871 imperatorii
2621 3801 2859 3856 nominis
2884 3801 3065 3853 intulit
3088 3801 3139 3853 in
3168 3800 3428 3856 familiam
3455 3817 3633 3861 suam,

368 3910 558 3966 quam,
592 3895 637 3947 si
663 3890 970 3947 Otomanici
1004 3892 1220 3960 generis
1249 3891 1730 3960 incomparabilem
1766 3890 2080 3946 felicitatem
2105 3891 2368 3959 excipias,
2400 3890 2573 3944 solam
2626 3889 2771 3944 Deus
2791 3889 3054 3943 continua
3082 3888 3444 3942 ducentomm
3474 3903 3640 3959 prope

367 3996 638 4036 annorum
670 3980 1022 4035 successione
1049 3979 1250 4038 beavit.
1280 3979 1436 4032 Hunc
1463 3990 1687 4034 secutus
1718 3991 1802 4033 est
1827 3979 1881 4033 in
1902 3994 2072 4048 regno
2107 3979 2456 4034 Andronicus
2498 3978 2664 4043 filius,
2692 3978 3062 4032 Andronicum
3084 3976 3308 4030 Michael
3337 3978 3638 4040 secundus,

369 4069 688 4123 Michaelem
719 4067 1019 4122 secundum
1049 4067 1397 4122 Andronicus
1425 4067 1549 4122 item
1577 4068 1867 4131 secundus,
1895 4066 2266 4121 Andronicum
2285 4066 2543 4132 Joannes,
2565 4061 2908 4136 cuiquatuor
2933 4064 3159 4119 Omnino
3187 4067 3339 4119 fuere
3378 4066 3496 4131 ﬁlii,
3521 4067 3638 4120 An-

366 4157 655 4221 dronieus,
677 4155 1002 4219 Demetrius,
1019 4154 1232 4210 Mauuel
1255 4159 1341 4210 hic
1371 4167 1558 4222 noster
1579 4168 1628 4212 et
1663 4154 2328 4224 'l'lieodorustperante
2347 4154 2578 4220 Joanne,
2606 4168 2896 4210 successus
2941 4152 3165 4208 Barbari
3190 4166 3378 4210 contra
3415 4166 3640 4209 nosnos

368 4228 577 4302 habere
608 4250 871 4314 majores,
895 4259 1060 4313 quam
1082 4260 1320 4313 unquam
1347 4255 1530 4313 antea,
1557 4261 1771 4316 cepere.
1792 4245 2138 4315 QuaprOpter
2156 4244 2398 4313 optimus
2416 4245 2694 4314 princeps,
2717 4250 2774 4322 ut
2796 4241 2959 4296 saluti
2979 4256 3206 4296 suorum
3227 4257 3290 4298 ac
3312 4244 3480 4297 totius
3500 4243 3636 4297 adeo

367 4333 684 4402 reipublicae
705 4332 1032 4386 Christiana:
1061 4332 1392 4399 consuleret,
1448 4335 1743 4405 quaerenda
1773 4335 1966 4390 statuit
2005 4335 2232 4399 auxilia,
2263 4334 2468 4405 quibus
2503 4331 2879 4388 formidabiles
2908 4330 3274 4385 Barbarorum
3310 4345 3635 4403 progressus

367 4423 718 4491 reprimeret.
774 4419 960 4490 itaque
1003 4421 1252 4476 triremes
1307 4423 1654 4490 conscendit,
1706 4422 1963 4478 Venetiae
2006 4425 2399 4493 proficiscitur,
2434 4422 2598 4479 Italos
2641 4423 2915 4493 principes
2973 4423 3108 4487 adit,
3151 4439 3346 4478 omnes
3407 4423 3636 4492 periculi

367 4511 678 4588 communis
716 4509 992 4564 admonet.
1031 4509 1168 4564 Hine
1200 4511 1251 4563 in
1292 4509 1526 4565 Galliam
1571 4521 1626 4565 et
1657 4519 1925 4566 semotam
1960 4513 2028 4568 ab
2056 4514 2264 4582 reliqua
2296 4513 2515 4582 Europa
2553 4513 2894 4567 Britanniam
2953 4513 3258 4567 contendit.
3294 4512 3514 4582 Ubique
3539 4527 3637 4566 na-

367 4601 510 4654 viter
531 4609 802 4668 susceptae
833 4615 930 4668 pro
955 4601 1135 4654 salute
1165 4600 1380 4668 publica
1411 4601 1698 4669 legationis
1727 4615 1928 4655 munus
1951 4601 2291 4672 exsequitur,
2318 4600 2412 4654 sed
2447 4602 2623 4665 irrito,
2649 4600 2786 4670 prob
2819 4601 2975 4654 dolor
3000 4602 3013 4654 ι
3046 4610 3276 4666 eventu;
3305 4610 3528 4670 propter
3545 4602 3637 4654 de-

369 4688 658 4742 tesmbiles
691 4687 997 4756 principum
1021 4686 1464 4742 Christianorum
1500 4689 2056 4758 discordias,quibus
2092 4690 2364 4759 hodieque
2394 4703 2482 4743 res
2513 4697 2732 4744 nostras
2761 4704 2983 4758 possunt
3011 4689 3092 4743 ire
3120 4689 3398 4744 videmus.
3424 4688 3637 4757 Quippe

368 4776 546 4831 Gallia
574 4786 707 4830 tunc
736 4775 986 4830 discidiis
1016 4776 1290 4831 intestinis
1341 4777 1667 4846 gravissime
1727 4777 2034 4844 laborabat,
2064 4778 2166 4833 sub
2201 4793 2325 4848 rege
2353 4777 2552 4832 Carolo
2601 4787 2778 4844 sexto,
2826 4779 2920 4848 qui
2953 4794 3087 4846 puer
3120 4788 3258 4844 erat,
3315 4779 3638 4847 proceribus

369 4865 699 4934 quibusdam
733 4863 977 4918 funestas
1017 4866 1157 4917 inter
1181 4881 1238 4919 se
1277 4864 1588 4920 simultates
1644 4867 2051 4924 exercentibus.
2085 4866 2284 4924 Omnia
2320 4866 2524 4922 frustra
2559 4867 2803 4933 molitus,
2841 4867 3200 4935 Venetiasque
3232 4879 3504 4930 reversus,
3542 4881 3640 4936 per

369 4967 644 5008 summam
681 4951 1029 5006 insolentiam
1077 4967 1107 5006 a
1137 4950 1362 5007 Venetis
1417 4968 1637 5023 quoque
1667 4954 2066 5011 mercatoribus
2097 4955 2388 5026 indignum
2443 4956 2498 5009 in
2541 4955 2764 5011 modum
2805 4955 3098 5024 excipitur,
3119 4954 3214 5024 qui
3245 4952 3396 5022 prius
3423 4968 3548 5007 eum
3577 4969 3644 5009 se

369 5043 704 5098 dimissuros
743 5052 1032 5113 negarent,
1062 5058 1228 5113 quam
1283 5059 1563 5108 nummos,
1590 5044 1692 5099 iter
1719 5045 1775 5099 in
1806 5044 2040 5100 Galliam
2065 5044 2520 5115 Britanniamque
2574 5043 2790 5115 facturo
2827 5044 3090 5107 creditos,
3135 5057 3260 5101 cum
3328 5041 3640 5097 immodicis

373 5136 564 5188 usuris
617 5131 963 5187 reddidisset.
1014 5131 1291 5187 Nefarium
1329 5132 1574 5202 profecto
1629 5132 1866 5198 facinus,
1897 5133 2156 5203 inquies:
2191 5136 2285 5190 sed
2317 5133 2690 5188 Andronicum
2740 5132 2913 5186 ﬁlium
2960 5131 3136 5200 magis
3166 5145 3293 5200 erga
3316 5119 3375 5186 se
3408 5131 3634 5200 impium
3709 5177 3711 5180 .

372 5231 430 5276 et
458 5224 735 5293 ingratum
775 5229 1035 5291 expertus
1058 5233 1163 5276 est.
1214 5221 1346 5276 Nam
1382 5237 1507 5277 cum
1539 5223 1703 5278 domo
1747 5222 2095 5293 profecturus
2123 5223 2189 5276 ad
2226 5221 2603 5288 conquirenda
2668 5228 2990 5274 nostrorum
3025 5232 3321 5287 procerum
3361 5219 3636 5282 subsidia,

376 5311 642 5381 Byzantio
674 5313 818 5365 hunc
847 5310 1184 5381 praefecisset
1210 5325 1274 5364 ac
1301 5310 1518 5372 deinde,
1569 5311 1768 5380 quibus
1795 5311 1850 5365 in
1880 5311 2151 5379 angustiis
2182 5317 2517 5375 versaretur,
2542 5309 2591 5362 ei
2634 5307 3008 5378 significasset
3048 5326 3062 5360 :
3102 5307 3308 5362 nullam
3347 5307 3491 5363 filius
3538 5323 3636 5375 pa-

323 5401 328 5406 '
378 5411 548 5452 terna:
570 5399 897 5454 calamitatis
943 5399 1207 5453 rationem
1249 5397 1458 5465 habuit,
1491 5399 1587 5454 sed
1624 5400 1791 5454 tantis
1823 5399 1876 5454 in
1908 5401 2204 5482 aerumnis.
2219 5406 2498 5452 auctorem
2523 5409 2678 5452 ortus
2725 5397 2834 5462 sui,
2868 5399 3171 5453 secundum
3204 5398 3394 5462 Deum,
3429 5406 3636 5451 morta-

383 5488 513 5540 lium
555 5487 978 5542 scelcstissimus
1012 5487 1217 5541 haerere
1244 5501 1440 5554 passus
1468 5495 1571 5541 est.
1600 5486 1714 5542 lloc
1731 5503 1860 5542 casu
1888 5495 2114 5557 paterno
2142 5483 2406 5541 Manuelis
2438 5484 2623 5556 hujus,
2655 5501 2817 5554 quem
2844 5502 2988 5540 nunc
3016 5489 3082 5541 ad
3115 5489 3167 5541 te
3197 5487 3488 5549 mittimus,
3522 5483 3638 5536 sin-

381 5575 590 5642 gularis
613 5575 667 5628 in
698 5585 977 5646 parentem
1010 5572 1188 5642 pietas
1215 5583 1380 5643 atque
1411 5575 1586 5628 virtus
1613 5576 1830 5629 enituit.
1867 5576 2006 5628 Nam
2041 5589 2162 5629 cum
2213 5574 2664 5628 Thessalonicam
2712 5575 3127 5630 administraret
3179 5573 3422 5629 collectis
3452 5586 3482 5623 e
3509 5571 3635 5624 diti-
3661 5562 3672 5570 ’

378 5681 486 5721 one
525 5682 624 5722 sua
662 5667 922 5732 nmnmis,
956 5665 1046 5736 qui
1091 5665 1232 5733 patri
1287 5665 1608 5719 redimendo
1665 5664 1996 5730 sufﬁcerent,
2049 5664 2304 5718 Venetias
2336 5663 2633 5733 profectus,
2689 5679 2814 5720 eum
2847 5667 2915 5719 ab
2967 5664 3350 5719 usurariorum
3414 5658 3632 5727 injuriis

378 5754 714 5809 vindicatum
743 5755 796 5808 in
822 5756 1058 5825 patriam
1096 5754 1333 5808 reduxit.
1371 5751 1486 5807 lloc
1517 5751 1684 5818 facto,
1709 5754 1877 5823 patris
1897 5753 2142 5807 animum
2172 5753 2478 5808 arctissime
2509 5753 2874 5809 sibidevinxit
2901 5771 2917 5820 ;
2971 5753 3272 5820 habuitque
3314 5750 3485 5822 pictas
3518 5747 3636 5824 haec

440 5896 460 5911 '
493 5891 568 5942 De
603 5893 712 5944 aliis
740 5893 981 5944 Manuelis
1008 5895 1209 5956 scriptis
1243 5906 1356 5956 quae
1380 5894 1428 5941 in
1451 5892 1542 5944 hoc
1577 5892 1701 5944 libro
1727 5895 1914 5958 insunt,
1940 5895 2054 5946 vide
2081 5893 2292 5946 Fabricii
2317 5894 2541 5944 notitiam
2565 5907 2729 5956 supra.
