4060 6608
520 404 616 468 311
1672 409 2073 470 MANUELIS
2116 400 2558 472 PALIEOILOGI
3690 404 3794 469 3i!

521 539 586 578 ea
616 521 836 592 praemia
871 522 1155 590 divinitus,
1194 533 1252 579 ut
1275 523 1491 579 Manuel
1535 526 1769 595 imperio
1791 537 2023 596 paterno
2058 527 2347 593 potiretur,
2378 518 2694 583 Andronico
2743 523 3107 595 primogenito
3136 530 3190 579 et
3219 520 3457 578 Joanne
3488 520 3791 576 Andronici

524 613 633 667 lilio
656 627 881 683 prorsus
899 612 1159 668 exclusis.
1194 612 1518 685 Quanquam
1542 617 1687 671 enim
1715 617 1778 670 ad
1812 616 2151 684 Bajazetum,
2171 616 2446 671 Amuratis
2484 615 2649 669 lilium
2686 613 3053 669 Barbarorum
3081 621 3414 682 tyrannum,
3435 608 3495 664 hi
3523 608 3636 665 duo
3670 625 3793 680 pro-

521 701 801 771 fugerunt,
825 702 1054 771 ejusque
1084 703 1256 772 copiis
1287 700 1652 758 auxiliaribus
1680 703 1875 773 adjuti,
1916 703 2447 772 Constantinopolim
2475 711 2833 773 occuparunt,
2895 702 3222 770 imperatore
3254 696 3491 753 Joanne
3526 706 3707 767 patre,
3728 713 3790 753 ac

521 790 767 845 Manuele
798 791 928 855 ﬁlio,
952 790 1045 859 qui
1071 791 1214 860 capti
1254 799 1402 854 sunt,
1437 791 1492 846 in
1527 792 1694 848 duros
1728 805 1981 849 carceres
2010 792 2312 863 compactis
2345 807 2359 844 :
2392 801 2575 847 tamen
2630 790 2819 845 favore
2840 787 3059 859 propitii
3105 785 3375 840 Numinis
3440 783 3656 839 factum
3685 791 3786 847 est,

522 887 580 931 ut
620 886 814 933 exacto
846 877 1087 934 triennio
1111 879 1245 933 salvi
1275 879 1497 935 tandem
1531 880 1845 944 evaderent,
1879 882 2084 937 frustra
2119 880 2401 935 multoties
2431 888 2686 935 monente
2709 879 2966 948 Bajazeto
2997 888 3252 949 tyranno,
3285 883 3352 927 ttt
3386 874 3782 928 interficeren-

522 974 630 1019 tur.
667 964 933 1019 Nimirum
992 966 1253 1034 nequitin
1277 980 1372 1020 eos
1404 966 1641 1020 humana
1700 966 1891 1021 saavire
1918 968 2234 1033 crudelitas,
2266 982 2403 1037 quos
2432 968 2614 1023 divina
2664 967 2999 1037 providentia
3065 966 3214 1035 tegit.
3286 963 3595 1032 Bajazetus
3651 962 3787 1029 ipse.

520 1062 726 1107 mutata
752 1055 1035 1109 voluntate
1064 1054 1318 1122 pristina,
1350 1052 1651 1109 Manuelcm
1680 1054 1919 1110 restituit
1953 1074 1966 1110 :
1998 1055 2317 1112 Andronico
2348 1064 2403 1111 et
2430 1054 2640 1111 Joanne
2674 1056 2728 1111 in
2763 1056 2943 1110 aulam
2976 1069 3132 1109 suam
3183 1051 3537 1124 deportatis,
3576 1048 3672 1104 ubi
3710 1049 3787 1103 vi-

518 1146 664 1190 ctum
704 1137 987 1205 haberent,
1024 1154 1187 1209 quam
1229 1138 1319 1193 diu
1352 1140 1675 1209 superstites
1710 1151 1915 1197 essent.
1948 1141 2122 1197 Tanta
2150 1159 2282 1199 vero
2321 1143 2693 1214 magnitudine
2721 1144 2886 1198 animi
2910 1144 3168 1212 praeditus
3202 1152 3332 1196 erat
3364 1138 3596 1193 Manuel
3620 1138 3787 1207 impe-

518 1232 687 1290 rator,
720 1233 781 1278 ut
811 1239 934 1278 cum
960 1225 1249 1292 Bajazetus
1280 1227 1604 1284 immensam
1635 1228 1703 1283 ab
1730 1243 1794 1283 eo
1821 1230 2066 1299 pecuniae
2104 1230 2208 1285 vim
2241 1240 2513 1299 posceret;
2544 1239 2710 1302 atque
2770 1230 2848 1285 uti
2885 1245 3039 1285 suam
3071 1230 3124 1283 in
3170 1227 3367 1283 aulam
3420 1224 3663 1288 veniret,
3698 1222 3788 1279 ad-

518 1306 705 1365 hibitis
741 1312 999 1382 gravibus
1027 1314 1228 1379 minis;
1257 1313 1559 1379 mandaret,
1601 1315 1654 1368 in
1706 1325 1901 1371 neutro
1950 1318 2165 1387 tyranni
2204 1318 2499 1388 postulatis
2537 1326 2778 1390 pareret.
2824 1317 3185 1374 Existimabat
3236 1314 3399 1369 enim
3448 1311 3787 1367 fortissimus

518 1399 792 1467 princeps,
831 1397 997 1454 etiam
1028 1399 1328 1454 debilitatis
1355 1400 1571 1470 imperii
1606 1401 1887 1471 Byzantini
1936 1404 2329 1469 viribus,nihil
2360 1417 2550 1462 contra
2580 1408 2897 1476 dignitatem
2952 1404 3070 1474 ejus
3104 1404 3209 1459 loci
3251 1412 3435 1470 atque
3470 1400 3708 1463 ordinis,
3732 1399 3784 1453 in

515 1497 677 1549 quem
712 1500 739 1538 a
779 1486 889 1539 Deo
926 1486 1229 1541 collocatus
1260 1495 1427 1553 esset,
1469 1487 1891 1544 admittendum.
1926 1490 2041 1546 Hac
2085 1491 2154 1567 de
2185 1506 2348 1547 causa
2382 1475 2573 1549 rursus
2629 1475 2682 1547 in
2721 1491 3024 1563 periculum
3086 1489 3385 1544 amittendi
3427 1488 3587 1555 regni
3616 1486 3784 1549 venit,

518 1591 641 1629 cum
666 1574 847 1630 denuo
872 1574 1214 1630 manifestam
1245 1576 1463 1646 benigni
1514 1578 1755 1633 numinis
1790 1593 1946 1649 opem
1982 1580 2170 1635 sentit.
2208 1579 2497 1651 Bajazetus
2523 1581 2670 1637 enim
2714 1580 2953 1636 barbaro
3008 1577 3194 1631 furore
3228 1576 3519 1646 percitus,
3554 1572 3787 1627 summis

516 1663 723 1718 viribus
753 1663 1277 1731 Constantinopolim
1316 1664 1529 1719 obsidet
1552 1679 1615 1719 ae
1643 1676 1923 1735 cppttgnat
1949 1682 1965 1731 ;
1994 1681 2115 1737 quae
2143 1667 2361 1737 quidem
2397 1667 2613 1723 obsidio
2641 1677 2784 1723 totos
2813 1669 3004 1722 decem
3059 1678 3231 1721 annos
3279 1663 3539 1717 duravit.
3575 1660 3785 1716 Interea

520 1750 731 1804 Manuel
765 1749 1007 1805 animum
1038 1751 1187 1804 nullo
1219 1752 1384 1804 modo
1419 1751 1740 1820 despondet,
1769 1753 1862 1807 sed
1889 1763 2175 1822 paternum
2201 1754 2447 1810 imitatus
2486 1755 2802 1819 consrlium,
2833 1754 3057 1823 Joanui,
3083 1750 3395 1807 Andronici
3434 1749 3631 1803 fratris
3656 1749 3783 1809 lilio.

521 1840 674 1894 urbis
697 1840 933 1894 obsessae
972 1853 1102 1894 cura
1138 1838 1565 1908 defensioneque
1596 1841 1907 1907 commissa,
1941 1842 1993 1895 in
2022 1840 2230 1896 Italiam
2265 1841 2331 1895 ad
2378 1842 2715 1911 pontificem,
2755 1840 3046 1897 Mediolani
3073 1839 3267 1895 ducem
3297 1848 3358 1893 et
3378 1836 3631 1892 Venetos
3660 1850 3781 1905 pro-

520 1925 965 1981 ficiscitur.llinc
994 1926 1107 1980 abit
1156 1928 1206 1980 in
1242 1926 1465 1987 Gallias,
1495 1928 1585 1981 ubi
1605 1916 1858 1982 Carolum
1915 1934 2098 1999 regem
2154 1929 2411 1998 phrenesi
2470 1930 2813 1985 laborantem
2848 1931 3072 2000 reperit.
3128 1931 3429 2002 Nusquam
3477 1930 3778 2000 quidquam

515 2016 637 2086 opis
669 2016 942 2085 impetrat.
985 2016 1233 2085 Cumque
1264 2016 1517 2071 morbum
1540 2016 1680 2087 regis
1711 2016 2113 2073 diuturniorem
2145 2018 2260 2072 fore
2296 2018 2651 2087 prospiceret,
2683 2034 2780 2088 per
2814 2018 3162 2074 Germaniam
3194 2028 3248 2074 et
3276 2019 3640 2073 Pannoniam
3673 2017 3768 2071 do-

516 2119 665 2158 mum
701 2105 1013 2158 revertitur.
1034 2102 1192 2157 Omni
1224 2104 1519 2159 destitutus
1548 2108 1786 2160 humano
1820 2106 2095 2175 praesidio,
2128 2105 2296 2159 Deum
2345 2106 2447 2160 sibi
2498 2107 2982 2173 prasentissimum
3027 2109 3337 2174 experitur.
3384 2107 3529 2162 Nam
3565 2105 3777 2173 Bajaze-

513 2202 603 2248 tus
634 2194 893 2249 obsessor
926 2193 1073 2248 urbis
1100 2193 1288 2262 praelia
1321 2192 1522 2254 victus,
1556 2194 1607 2246 in
1643 2191 2020 2249 Tamberlanis
2043 2191 2367 2262 Scytharum
2429 2193 2691 2263 principis
2715 2201 3038 2262 potestatein
3068 2188 3242 2261 venit,
3298 2208 3409 2250 nec
3455 2195 3525 2249 ad
3552 2202 3773 2249 mortem

516 2295 692 2351 usque
720 2295 779 2335 se
822 2296 1015 2335 rursus
1044 2281 1154 2334 ulla
1192 2280 1476 2356 rationein
1517 2280 1821 2336 libertatem
1854 2296 2104 2336 asserere
2134 2282 2333 2351 potuit.
2374 2280 2571 2350 ingens
2597 2282 2699 2336 hoc
2722 2282 2818 2337 Dei
2853 2281 3174 2338 beneficium
3208 2284 3436 2338 Manuel
3460 2284 3669 2354 hymno
3696 2295 3775 2335 ce-

514 2367 707 2432 lebrat,
736 2384 896 2437 quem
928 2369 1017 2423 hic
1049 2368 1100 2422 in
1126 2376 1371 2424 extremo
1401 2367 1656 2437 legimus.
1686 2368 1794 2423 Nec
1825 2368 1995 2422 multo
2028 2377 2173 2438 post,
2206 2377 2266 2435 ut
2292 2384 2423 2425 suos
2455 2384 2485 2425 a
2514 2369 2883 2425 Barbarorum
2914 2371 3131 2439 injuriis
3162 2378 3474 2438 tutaretur,
3506 2371 3770 2428 Isthmum

515 2457 876 2527 Pel0ponnesi
907 2473 1063 2512 muro
1094 2456 1320 2519 claudit,
1344 2457 1723 2526 exstinctaque
1750 2455 2024 2527 Bajazeto,
2061 2466 2377 2527 perpetuam
2428 2474 2556 2513 cum
2587 2457 2919 2526 Mahometo,
2946 2460 3065 2528 ejus
3094 2460 3225 2526 ﬁlio,
3250 2474 3453 2529 pacem
3479 2459 3636 2513 facit.
3669 2458 3771 2510 Ta-

514 2546 617 2599 lem
646 2555 966 2611 taotumque
1005 2546 1331 2616 principem,
1362 2553 1582 2614 tamque
1606 2545 1717 2599 Deo
1746 2545 1994 2608 charum,
2028 2546 2095 2600 ad
2132 2553 2203 2612 te,
2232 2546 2545 2613 Francisce,
2578 2563 2866 2618 procerum
2908 2548 3168 2602 ltalorum
3198 2549 3401 2611 decus,
3454 2548 3768 2618 ablegamus

511 2645 572 2689 ut
605 2635 702 2690 tibi
742 2635 910 2691 libros
944 2634 1110 2709 hosce
1144 2649 1295 2699 suos,
1324 2634 1418 2704 qui
1442 2634 1684 2688 rationes
1723 2633 2021 2689 educandae
2055 2633 2215 2704 regia:
2267 2636 2472 2693 sobolis
2495 2636 2803 2699 continent,
2851 2636 3080 2691 offerat:
3117 2652 3223 2691 non
3251 2638 3407 2707 quod
3442 2650 3498 2692 tu
3558 2649 3766 2707 praece-

512 2728 622 2794 ptis
647 2728 792 2782 hisce
814 2727 1080 2797 indigeas,
1106 2726 1198 2795 qui
1230 2725 1552 2795 jamdudum
1585 2726 1785 2781 maturi
1815 2728 2196 2797 sapientisque
2224 2723 2489 2793 principis
2524 2738 2781 2779 numeros
2806 2723 3027 2792 imples.
3065 2725 3160 2780 sed
3210 2738 3272 2780 ut
3306 2725 3621 2794 aliquando
3644 2720 3766 2776 Phi-

510 2816 644 2885 lippi
673 2817 772 2879 tui,
806 2830 931 2869 cum
965 2814 1193 2885 feliciter
1214 2814 1535 2882 adoleverit,
1564 2815 1761 2870 studiis
1790 2823 1843 2869 et
1867 2816 1989 2871 usui
2018 2814 2282 2870 serviant.
2316 2811 2431 2864 Erit
2478 2819 2682 2877 autem,
2714 2821 2775 2863 ut
2821 2826 3003 2881 spero,
3025 2827 3133 2865 non
3158 2812 3417 2882 ingratus
3453 2813 3548 2867 hic
3577 2813 3763 2877 hospes

511 2882 629 2970 tibi,
663 2905 753 2972 qui
783 2920 907 2959 cum
944 2882 1190 2973 augu‘sta:
1220 2903 1439 2957 familiae
1474 2904 1813 2957 ornamentis
1840 2903 2105 2958 doctrina:
2128 2901 2346 2955 laudem
2397 2900 2704 2967 conjunxit.
2744 2897 2969 2967 Semper
3002 2898 3146 2952 enim
3183 2900 3286 2954 hoc
3334 2896 3763 2969 peculiare.fuit

509 2990 762 3046 Mediocre
788 2991 932 3059 genti
954 3000 1166 3053 vestrae,
1194 3000 1255 3043 ut
1281 3003 1440 3043 omen
1471 2989 1775 3043 doctrinam
1802 2989 2111 3056 liberalem,
2155 3002 2210 3046 et
2242 2991 2387 3053 viros
2408 3004 2474 3042 ex
2498 3002 2559 3042 ea
2582 2988 2781 3049 claros,
2809 2986 3208 3042 humanissime
3233 2989 3757 3058 complecterentur.

509 3078 703 3146 Magno
733 3078 808 3133 illi
846 3078 1069 3142 Cosme,
1101 3077 1191 3146 qui
1233 3076 1444 3145 primus
1486 3079 1603 3131 suis
1645 3076 1946 3143 praelucere
1986 3076 2290 3146 majoribus
2342 3081 2507 3147 cepit,
2558 3074 2921 3145 Chrysoloras
2949 3085 3003 3133 et
3043 3077 3451 3147 Argyropulus.
3513 3075 3759 3149 homines

506 3166 702 3231 (ἴε-κεί,
734 3167 1144 3232 litterarumque
1165 3164 1476 3219 Graecarum
1510 3177 1608 3231 per
1656 3161 1863 3216 italiam
1887 3200 1903 3227 ,
1930 3162 2281 3218 Germaniam
2305 3173 2359 3219 et
2386 3164 2617 3220 Galliam
2669 3173 3079 3234 propagatores,
3120 3164 3175 3216 in
3202 3163 3427 3220 deliciis
3450 3171 3507 3216 et
3558 3160 3755 3216 amori-

507 3254 609 3308 bus
641 3254 813 3307 fuere.
861 3252 1037 3322 Nepos
1076 3259 1258 3305 autem
1290 3251 1409 3319 ejus
1450 3248 1783 3305 Laurentius
1810 3259 2016 3319 quanto
2047 3247 2245 3304 Janum
2289 3250 2565 3306 Lasrarim
2614 3260 2803 3305 natum
2832 3265 2897 3305 ex
2943 3250 3298 3320 imperatoria
3336 3252 3515 3321 stirpe
3554 3248 3755 3306 Graeca.

507 3341 848 3397 Demetrium
878 3338 1394 3409 Chalcocondylam,
1453 3337 1769 3392 Michaelem
1822 3336 2107 3392 Marullum
2154 3339 2577 3395 Tarchaniotam
2612 3340 2881 3393 illustrem
2926 3337 3205 3402 virum,in
3258 3334 3480 3393 honore
3529 3333 3755 3391 habuit?

509 3430 755 3498 Denique
785 3426 1019 3483 Cosmus
1063 3434 1235 3495 pater,
1266 3436 1324 3479 ut
1357 3425 1491 3480 alios
1505 3424 1777 3487 omittam,
1812 3426 2078 3494 majorum
2107 3428 2350 3495 vestigiis
2373 3428 2653 3490 insistens,
2673 3442 2799 3481 cum
2829 3426 2952 3480 aliis
2986 3426 3386 3494 rempublicam
3408 3424 3751 3480 ‘litterariam

507 3518 788 3573 beneﬁciis
808 3515 988 3571 affecit
1013 3533 1027 3581 ;
1061 3525 1173 3569 tum
1217 3513 1590 3568 nobilissimos
1631 3512 1753 3569 illos
1774 3511 2172 3569 Pandectarum
2192 3514 2630 3569 Florentioarum
2657 3514 2844 3575 libros,
2870 3523 2976 3568 tam
2996 3523 3185 3569 sancte
3209 3516 3434 3571 saeculis
3457 3522 3540 3569 tot
3571 3512 3751 3567 adser-

507 3614 688 3669 vatos,
720 3604 1019 3659 immortali
1043 3617 1141 3657 sua
1176 3617 1301 3656 cum
1334 3602 1495 3657 laude
1518 3601 1802 3656 nobiscum
1822 3604 2270 3658 communicavit.
2301 3603 2502 3658 Horum
2534 3603 2783 3672 exempla
2806 3611 2860 3657 tu
2880 3618 3101 3673 quoilue
3120 3604 3308 3672 procul
3339 3604 3513 3659 dubio
3545 3611 3752 3669 semper

506 3694 813 3760 imitabere,
868 3692 961 3763 qui
1004 3693 1217 3747 caeteris
1251 3692 1305 3744 in
1332 3691 1497 3745 rebus
1552 3690 1725 3745 avitas
1769 3692 2107 3761 patritasque
2151 3693 2402 3757 virtutes,
2457 3702 2508 3747 et
2577 3691 2793 3762 egregia
2841 3690 3007 3757 facta,
3048 3692 3373 3762 jamdudum
3431 3706 3544 3747 non
3581 3689 3747 3744 solum

505 3781 754 3850 aequasti,
790 3796 978 3838 verum
1025 3780 1187 3835 etiam
1223 3792 1479 3847 magnum
1512 3777 1705 3833 iisdem
1758 3778 1940 3835 laudis
1990 3780 2179 3852 gloria:
2212 3780 2491 3852 dignitatis
2512 3778 2856 3849 amplilicatte
2886 3780 3167 3835 cumulum
3201 3780 3479 3851 adjecisti.
3517 3773 3725 3831 Vale.A

504 3869 566 3922 Ι).
587 3867 673 3923 VII
706 3869 779 3924 ld.
817 3869 1044 3925 Januar.
1079 3866 1285 3924 Vienna
1318 3865 1663 3922 Pannonum.

2397 4008 2471 4067 J0.
2507 4007 2877 4081 Lsuncmws
2914 4005 3244 4063 Germanus.
