4060 6594
311 426 434 489 313

331 579 636 591 .__—._—_

1734 589 1858 598 ο...-

1282 435 1689 498 omnes?“
1719 437 2246 499 EDUCATIONIS
2281 406 2568 506 Haemi.

329 583 2612 617 ΞΝ

2318 607 2612 617 —_

651 743 1492 882 ΜΑΝΟΥΗΑ
1565 750 1915 884 ΤΟΥ
1998 747 3264 948 ΠΑΛΑΙΟΛΟΓΟΥ

2615 591 3053 602 ο-οσ--ιο-ο--ιο

3067 592 3394 604 ..υ-...η-υ-αῌ

3401 594 3508 620 ὲὶ-ηω

1110 959 1250 1016 ΤΟΥ
1274 960 1812 1017 ΕΥΣΕΒΕΣΤΔΤΟΥ
1833 965 1952 1020 ΚΑΙ
1980 963 2442 1020 ΦΙΛΟΧΡΙΣΤΟΥ
2469 966 2803 1022 ΒΑΣΙΛΕΩΣ

477 1078 660 1135 ΠΡΟΣ
694 1080 830 1135 TON
862 1080 1391 1140 ΕΡΑΣΜΙΩΤΑΤΟΝ
1420 1085 1587 1138 ΥΙΟΝ
1613 1084 1846 1140 ΑΥΤΟΥ
1874 1087 1995 1140 ΚΑΙ
2039 1087 2354 1150 ΒΑΣΙΛΕΔ,
2380 1087 2694 1161 ΙΩᾹΝΝΗΝ
2739 1088 2880 1144 TON
2927 1051 3414 1144 ΠᾸΛΑῙΟΛΟΓΟΝ

1043 1231 1656 1322 ΥΠΟΘΗΚΑΙ
1756 1231 2352 1320 ΒΑΣΙΛΙΚΗΣ
2457 1236 2903 1325 ΑΓΩΓΗΣ

1650 1404 1740 1458 ΕΝ
1786 1405 2203 1461 ΚΕΦΑΛΔΙΟΙΣ
2253 1408 2334 1460 Ρ¹⁶

865 1711 1837 1875 MANUELIS
1916 1719 2279 1872 PAL
2304 1722 3068 1880 [EOLOGI

1265 1973 1607 2032 RELIGIOSI
1643 1976 1736 2031 ET
1759 1975 2152 2034 CIIMSTMN!
2192 1981 2672 2038 IMPERATORIS

723 2093 815 2148 AD
851 2093 1398 2153 AMABILISSIMUM
1449 2097 1690 2156 FILIUM
1721 2098 1808 2154 ET
1833 2099 2340 2160 IMPERATOREM
2369 2103 2690 2162 JOANNEM
2723 2105 3222 2165 PALAZOLOGUM

917 2259 1562 2348 PRIECEPTA
1668 2262 2494 2356 EDUCATIONIS
2576 2269 3016 2358 REGIZE.

1483 2443 1526 2501 C
1555 2443 2067 2504 COMPREHENSA
2111 2447 2498 2509 CAPITIBUS.

692 2777 824 2837 ΕΠΙ
827 2784 870 2836 Σ
879 2781 1067 2836 ΤΟΛΗ
1104 2783 1593 2839 ΠΡΟΟΙΜῙΑΚΠ.

437 2896 542 2948 Ἐν
571 2893 1018 2960 Πελοποννήσῳ
1063 2895 1140 2948 σέ
1174 2895 1394 2960 λιπὼν,
1429 2896 1498 2960 ἐξ
1539 2896 1797 2963 Ἰταλίας
1832 2897 1926 2965 ἐρ-

347 2989 614 3058 χόμενος
638 2985 705 3058 (ὦ
735 2986 859 3054 πῶς
908 2987 1179 3057 ἐνεγκεῖν
1225 2987 1532 3056 ἐδυνήθην
1549 2992 1616 3054 ;),
1646 2986 1807 3061 ἦσθα
1860 2989 1930 3043 δέ

348 3081 602 3133 παιδίον
627 3080 736 3145 ἐτι,
766 3079 864 3132 καὶ
892 3079 1171 3145 παιδείας
1191 3081 1263 3134 οὐ
1281 3078 1523 3149 συχνῆς
1540 3081 1812 3150 μετέχων
1833 3079 1932 3135 διὰ

351 3174 477 3239 τὴν
500 3173 765 3238 ἠλικίαν,
793 3173 999 3239 ἄλλως
1031 3173 1094 3227 τέ
1118 3189 1218 3228 σοι
1245 3175 1346 3228 καὶ
1385 3173 1497 3244 τῆς
1535 3176 1726 3245 τύχης
1751 3175 1932 3244 ἐμπο-

353 3264 484 3318 εὼν
519 3267 606 3329 εις
659 3265 837 3319 τοῦτο
873 3267 1297 3334 γεγενημένης,
1343 3266 1682 3334 ὑποθήκαις
1728 3267 1801 3336 τῇ
1829 3268 1934 3322 δυ-

355 3356 536 3425 νάμει
571 3351 1051 3425 συμϐαινούσαὶς
1086 3357 1435 3428 ἐρρὐμιζον
1456 3375 1472 3390 °
1501 3359 1572 3413 ἐν
1601 3355 1698 3426 αἶς
1729 3359 1936 3429 ἐτέρας

351 3451 828 3518 ἐπηγγελλόμην
865 3449 968 3504 σοι
1028 3450 1253 3505 δώσειν
1301 3451 1418 3519 τὴν
1466 3451 1717 3521 ἠλικίαν
1766 3453 1934 3521 dual-

359 3542 552 3604 6ms,
602 3541 931 3610 τελεωτέρῳ
967 3542 1086 3608 βίῳ
1132 3544 1503 3612 πρεπούσας.
1554 3544 1719 3614 Ἀρτι
1774 3544 1841 3599 δέ
1871 3561 1938 3616 γε

361 3635 649 3705 μειρακίῳ
671 3635 962 3704 γεγονότι,
991 3635 1089 3689 καὶ
1117 3637 1266 3706 πρὸς
1291 3635 1450 3705 ἡμᾶς
1481 3640 1935 3708 παραγεγονότι,

363 3726 611 3797 φέροντι
642 3743 708 3781 τε
734 3726 811 3797 τῇ
842 3726 1016 3798 ψυχῇ
1046 3729 1322 3796 παιδείας
1355 3732 1428 3784 οὐ
1457 3729 1700 3799 φαῦλον
1735 3731 1936 3800 μέρος,

365 3821 683 3890 ἐμπειρίαν
711 3836 776 3873 τε
805 3819 1028 3885 εόεων,
1061 3821 1160 3874 και
1194 3821 1400 3889 θήρας,
1450 3822 1550 3875 καὶ
1584 3821 1705 3876 τῶν
1744 3825 1940 3876 τοιού-

368 3930 512 3977 των,
538 3908 690 3982 ἦλθε
713 3911 832 3981 μέν
859 3926 959 3964 σοι
987 3911 1126 3980 παρ’
1158 3912 1330 3982 ἡμῶν
1357 3902 1507 3982 πρὸς
1545 3913 1712 3969 ἅπαν
1734 3914 1940 3983 ἐπιτή-

1953 2787 2002 2843 A

2360 2807 2727 2866 EPISTULA
2770 2807 3283 2866 ΡηοίΕιιιΑιιε.

2102 2898 2235 2954 Cum
2273 2914 2334 2955 θέε
2362 2899 2527 2956 Italia
2548 2901 2778 2964 veniens,
2817 2901 2870 2954 in
2900 2900 3258 2970 Peloponneso
3276 2908 3325 2953 te
3352 2897 3606 2969 relinque-

2033 3005 2142 3046 rem
2165 2991 2237 3062 (ο,
2270 3007 2498 3062 quonam
2530 2992 2586 3046 id
2620 3002 2775 3065 pacto
2801 3003 2856 3046 ut
2891 2992 3140 3062 facerem,
3176 2993 3416 3044 animum
3449 2992 3609 3044 induo

2033 3099 2149 3138 cere
2171 3084 2315 3153 potui
2346 3083 2385 3152 ί)
2407 3083 2640 3151 puellum
2673 3085 2867 3148 adhuc,
2899 3095 2947 3138 et
2970 3101 3062 3154 per
3083 3092 3291 3138 a'tatem
3323 3083 3514 3136 litteris
3535 3092 3610 3134 te-

2034 3176 2211 3228 nuiter
2237 3173 2516 3238 imbutum,
2550 3180 2688 3244 quod
2719 3177 2832 3244 ipsa
2887 3190 3091 3244 quoque
3131 3173 3350 3242 fortuna
3403 3171 3457 3225 in
3514 3168 3611 3222 hoc

2037 3267 2130 3320 tibi
2152 3266 2338 3334 fuisset
2379 3266 2769 3333 impedimento,
2793 3267 3067 3335 praeceptis
3089 3264 3470 3333 informabam,
3497 3277 3612 3330 quae

2037 3359 2144 3414 tuis
2167 3369 2276 3412 tum
2301 3359 2495 3413 viribus
2521 3357 2893 3426 responderent
2916 3377 2930 3413 :
2956 3358 3276 3427 simulatque
3302 3371 3380 3408 me
3411 3354 3504 3407 tibi
3526 3351 3612 3421 fa-

2038 3462 2121 3506 cto
2148 3449 2548 3521 grandiusculo,
2579 3451 2834 3504 daturum
2859 3448 2980 3502 alia
3011 3448 3318 3517 pollicebar,
3355 3447 3472 3500 vita'
3497 3460 3612 3496 ma-

2040 3544 2232 3597 turiori
2278 3541 2654 3597 convenientia.
2697 3540 2857 3595 Nunc
2891 3540 3308 3594 adolescentiam
3357 3539 3609 3604 ingresso.

2039 3645 2088 3691 et
2113 3650 2275 3702 nuper
2310 3634 2380 3687 ad
2410 3649 2501 3687 nos
2523 3648 2746 3699 reuerso,
2779 3648 2870 3686 nec
2905 3631 3054 3686 vilem
3079 3628 3398 3684 eruditionis
3414 3638 3615 3697 partem

2041 3729 2218 3782 animo
2244 3743 2417 3780 secum
2453 3726 2642 3795 ferenti
2677 3743 2696 3780 :
2725 3741 2842 3778 cum
2869 3723 3182 3792 sagittandi,
3207 3720 3450 3782 venandi,
3476 3718 3616 3771 alio-

2042 3833 2258 3888 rumque
2282 3817 2472 3870 talium
2506 3816 2701 3885 peritia
2733 3833 2748 3869 :
2783 3815 2945 3867 missa
2969 3811 3178 3882 quidem
3203 3827 3236 3863 a
3267 3809 3415 3862 nobis
3469 3817 3613 3862 sunt.

2042 3911 2132 3966 ubi
2154 3911 2382 3979 primum
2410 3910 2532 3962 navi
2579 3910 2768 3980 fuisses
2801 3922 3062 3975 egressus,
3083 3918 3199 3973 qua:
3228 3904 3296 3954 ad
3348 3901 3426 3954 rei
3483 3898 3618 3952 ntili—

367 4005 562 4072 δευμα
593 4001 1032 4071 στρατιωτικὸν
1073 4003 1147 4058 τὰ
1176 4004 1524 4073 γιγνόμενα,
1568 4004 1751 4071 εὐθὺς
1789 4004 1940 4072 νεὼς

2048 4003 2178 4059 taris
2204 4001 2436 4055 studium
2472 4015 2778 4072 quocunque
2817 3998 2970 4052 modo
2995 3997 3317 4067 pertinerent
3356 4008 3374 4046 :
3424 4000 3477 4044 at
3524 3989 3621 4044 illa

370 4095 668 4152 ἀποϐάντι
686 4110 701 4124 ο
729 4096 788 4148 al
820 4093 890 4147 δέ
918 4094 1294 4164 ὑποσχέσεις
1319 4096 1505 4162 οὔπω,
1533 4096 1693 4151 ειποι
1725 4113 1816 4160 τις
1842 4095 1940 4160 ἂν,

2048 4095 2110 4150 de
2153 4096 2341 4166 quibus
2389 4094 2608 4158 dictum,
2665 4092 2928 4163 promissa
2987 4090 3207 4144 necdum
3239 4093 3617 4157 apparuerunt.

374 4181 553 4258 οἶμαι,
606 4187 809 4240 δεινόν
840 4203 908 4257 γε
938 4184 1045 4254 τὰς
1094 4188 1245 4255 πρὸς
1271 4187 1502 4259 ῥώμην,
1535 4188 1635 4245 καὶ
1676 4191 1946 4260 πόλεμον

2052 4187 2396 4258 Objecturum
2428 4188 2509 4240 ltic
2560 4187 2673 4241 alia
2719 4201 2873 4257 quem
2929 4185 3075 4237 nobis
3123 4181 3374 4243 arbitror,
3429 4178 3622 4230 mirum

375 4279 476 4334 καὶ
515 4279 670 4346 ὅλως
696 4278 798 4345 τὰς
833 4278 941 4333 τοῦ
982 4279 1261 4349 σώματος
1291 4281 1637 4350 ἐπιμελείας
1685 4282 1952 4350 προτιθέ-

2049 4301 2177 4338 sane
2199 4283 2389 4346 videri,
2414 4298 2532 4353 (μιαν
2561 4282 2629 4335 ad
2679 4283 2861 4345 robur,
2887 4287 2938 4333 et
3006 4276 3220 4338 bellum,
3277 4285 3325 4329 et
3386 4269 3623 4336 corporis

374 4391 476 4428 ναι
525 4373 655 4439 τοῦ,
694 4372 810 4438 ὅτῳ
840 4374 917 4427 ἂν
964 4373 1182 4444 ψυχὴν
1231 4375 1330 4428 καὶ
1377 4375 1530 4430 νοῦν
1566 4377 1946 4446 λαμπρότερα

2049 4377 2262 4431 omnino
2303 4390 2486 4428 curam
2512 4382 2766 4444 spectent,
2798 4387 2858 4426 eo
2898 4371 3110 4441 potiora
3159 4366 3304 4427 duci,
3344 4380 3436 4433 per
3487 4361 3626 4433 quod

374 4466 740 4536 ἀποφήναις.
777 4465 884 4521 Kal
919 4466 990 4521 τὰ
1018 4467 1135 4536 μὲν
1181 4467 1468 4536 μηδέποθ’
1532 4467 1948 4540 ὑπεσχημένα,

376 4560 564 4614 ταῦτα
590 4559 662 4612 δέ
709 4558 906 4613 πάντα
935 4573 1035 4613 σοι
1075 4559 1286 4614 δοῦναι
1319 4560 1552 4615 δίκαιον
1581 4561 1655 4616 ὃν
1695 4561 1907 4629 ἁπλῶς
1931 4579 1946 4595 ·

379 4651 564 4715 αὐτὰς
589 4650 662 4704 δέ
691 4652 799 4717 τὰς
829 4651 1214 4720 ἐπαγγελίας,
1244 4647 1332 4707 ὧν
1368 4655 1468 4708 και
1505 4654 1651 4708 ὄντα
1688 4655 1954 4723 ἐμαυτὸν

379 4737 696 4812 ὑπόχρεων
737 4745 1044 4798 πλείστων
1089 4745 1289 4810 ἕνεκα,
1337 4745 1599 4800 διπλοῦν
1628 4745 1757 4810 ταῖς
1802 4747 1956 4802 ὐπο-

378 4837 680 4906 σχέσεσιν
707 4838 1101 4906 εἰργασάμην.
1128 4836 1382 4905 μηδέπω
1415 4837 1518 4893 σοι
1549 4836 1650 4892 καὶ
1693 4837 1811 4892 νῦν
1845 4854 1958 4892 πα-

379 4927 769 4999 ραγεγονέναι
793 4945 806 4958 ·
855 4928 954 4981 καὶ
1001 4928 1193 4981 ἵππον
1219 4929 1335 4998 μὲν
1376 4928 1495 4982 τῶν
1539 4930 1822 4999 εὐγενῶν,
1859 4930 1959 4984 καὶ

383 5023 608 5092 ἱέρακα,
651 5010 751 5076 κάι
799 5023 955 5076 κύνα
1003 5021 1365 5091 παρασχεῖν,
1425 5024 1649 5091 λόγους
1701 5023 1770 5076 δὲ
1819 5037 1959 5092 προ-

383 5115 762 5187 τρεπτικοὺς,
827 5114 927 5170 καὶ
977 5115 1265 5183 πατρικὰς
1312 5115 1718 5183 παραινέσεις,
1775 5131 1959 5170 συνε-

383 5208 623 5280 νεγκεῖν
646 5207 765 5278 μὲν
790 5206 1132 5278 δυναμένας
1168 5206 1302 5272 υιεῖ,
1350 5207 1745 5277 συνενεγκεῖν
1773 5206 1842 5261 δὲ
1882 5206 1961 5273 τῷ

389 5301 591 5368 κοινῷ,
638 5301 842 5369 ὥσπερ
878 5300 1230 5369 ἐξεπίτηδες
1280 5300 1750 5355 ἀναϐάλλεσθαι.
1819 5301 1962 5371 Ἐγὼ

386 5394 457 5450 δέ
493 5393 711 5448 τοῦτον
742 5393 965 5462 ειποιμ⁹
999 5390 1080 5447 ἂν
1108 5391 1332 5447 οὑτωσὶ
1372 5394 1436 5446 τὸ
1474 5393 1708 5461 πρέπον
1746 5391 1959 5455 εἰπεῖν,

2053 4470 2212 4525 menti
2238 4478 2285 4522 et
2301 4467 2477 4522 animo
2509 4466 2757 4528 splendor
2803 4463 3000 4533 aliquis
3032 4461 3278 4514 accedere
3308 4455 3472 4527 possit
3497 4453 3626 4508 :iti-

2053 4563 2193 4626 dem,
2221 4576 2337 4630 qua:
2359 4575 2628 4630 nunquam
2659 4557 2754 4611 tibi
2777 4556 3048 4626 pollicitus
3084 4557 3208 4617 sim,
3233 4551 3421 4604 merito
3473 4547 3627 4610 data,

2055 4654 2261 4708 ratione
2297 4652 2530 4722 quadam
2558 4648 2899 4720 simplici;at
2929 4647 3046 4716 ipsa
3098 4645 3380 4715 promissa.
3435 4641 3626 4712 quibus

2055 4746 2372 4814 pra'standis
2415 4755 2601 4798 caetero
2654 4743 2783 4812 quin
2831 4740 3138 4802 obnoxium,
3188 4735 3482 4806 pollicendo
3551 4748 3630 4784 me

2057 4837 2333 4908 dupliciter
2350 4835 2650 4905 obligarim,
2675 4850 2738 4888 ne
2761 4849 2899 4886 nunc
2923 4828 3132 4902 quidem
3155 4828 3419 4882 exhibita:
3444 4838 3630 4892 equum

2058 4933 2277 5000 denique
2303 4945 2633 5000 generomm,
2667 4938 2714 4980 et
2750 4928 3076 4990 accipitrem,
3124 4930 3172 4974 et
3196 4934 3378 4972 canem
3438 4929 3631 4982 suppe-

2059 5024 2333 5085 ditatum;
2367 5033 2420 5074 at
2455 5021 2720 5074 orationes
2745 5018 2813 5070 ad
2865 5016 3127 5082 pra'clara
3179 5002 3538 5070 cdﬂorlantes,
3583 5017 3631 5060 et

2062 5115 2289 5168 monitus
2323 5122 2595 5183 paternos,
2654 5125 2771 5163 cum
2793 5109 2893 5175 ipsi
2946 5105 3085 5173 lilio,
3145 5113 3256 5156 tum
3321 5097 3630 5170 reipublicae

2060 5205 2390 5276 profuturos,
2441 5203 2597 5268 quasi
2656 5200 2720 5254 de
2752 5198 3021 5252 industria
3059 5195 3466 5265 procrastinari.
3523 5189 3636 5260 Ego

2063 5316 2182 5356 vero
2213 5298 2404 5366 fateor.
2435 5297 2548 5348 lucc
2579 5310 2684 5348 non
2731 5290 2972 5345 indecore
3005 5288 3139 5353 dici';
3197 5287 3286 5341 sed
3310 5285 3374 5338 ab
3405 5284 3634 5344 homine,

2061 5391 2150 5460 qui
2176 5405 2276 5443 non
2312 5388 2490 5440 omnia
2525 5399 2663 5438 recte
2713 5380 3143 5436 consideraoerit.
3175 5377 3288 5434 Par
3311 5377 3450 5431 enim
3497 5385 3634 5438 erat,

389 5487 463 5542 οὐ
483 5486 608 5556 μήν
638 5504 704 5557 τε
732 5484 929 5540 πάντα
968 5485 1168 5552 καλῶς
1199 5484 1626 5551 σκοπήσαντα.
1663 5487 1826 5539 Ἔδει
1854 5483 1946 5555 pd;

2065 5481 2244 5534 animo
2273 5486 2361 5531 tuo
2394 5475 2605 5540 tenella,
2637 5475 2827 5545 quique
2853 5482 2962 5526 tam
2991 5471 3324 5541 navigatione
3371 5470 3630 5520 diuturna

389 5595 509 5634 σου
526 5578 640 5647 τὴν
659 5577 874 5648 ψυχὴν
891 5579 1283 5647 ἁπαλωτέραν
1302 5574 1521 5641 οὖσαν,
1548 5576 1946 5644 πεπονηκυῖαι

2059 5587 2220 5643 quam
2246 5569 2483 5623 absentia
2503 5577 2801 5638 parentum,
2831 5566 3143 5620 debilitatus
3180 5573 3338 5627 esset,
3368 5561 3451 5615 sui
3502 5574 3634 5612 non-

390 5673 491 5727 καὶ
523 5671 657 5738 πλῷ
705 5669 935 5740 μακρῷ,
968 5672 1068 5726 καὶ
1111 5671 1418 5740 ἀποδημίᾳ
1463 5670 1708 5741 γονέων,
1750 5669 1946 5723 δοῦναι

2060 5662 2193 5718 nihil
2213 5662 2553 5717 exhilarandi
2578 5663 2786 5732 copiam
2819 5660 2936 5728 ﬁeri
2978 5677 2992 5714 :

389 5783 449 5819 τι
480 5764 862 5835 διαχυθῆναι,
904 5763 1067 5831 ὅπως
1095 5764 1171 5832 δὴ
1222 5764 1339 5832 τὴν
1366 5765 1630 5844 ἀθυμίαν
1677 5777 1960 5832 παρωσαο

3059 5667 3114 5711 ut
3137 5670 3357 5726 exputso
3412 5663 3634 5704 maerore

2060 5757 2444 5824 alacritateqtse
2475 5768 2654 5825 vegeta
2706 5763 3041 5824 recuperata,
3099 5767 3202 5802 non
3253 5748 3496 5816 ignaviaz.
3547 5742 3638 5795 sed

388 5858 574 5928 μάνη,
593 5857 982 5927 ἀκμάζουσαν
1006 5859 1279 5914 λαϐοῦσα
1307 5841 1665 5928 προθυμίαν,
1688 5854 1946 5928 ἀσμένως

2063 5850 2262 5905 honesti
2283 5862 2545 5918 ptwcepta
2579 5851 2872 5903 tradituros
2913 5845 3178 5900 orationes
3211 5840 3397 5906 cupide
3445 5837 3640 5889 admit-

3470 439 3574 502 ειι
3691 455 3694 457 ‘
