3978 6584
484 404 598 469 3ιῆ

1650 354 2084 462 Διιιριιιιυιςιλε.
2122 399 2573 463 ΡΑιεοιοεῐ

470 530 624 576 teret.
667 520 854 590 Itaque
882 533 987 572 non
1009 517 1144 571 citra
1195 515 1454 571 rationem
1499 515 1597 570 hoc
1626 532 1658 570 a
1711 532 1793 572 me
1844 516 2052 586 factum

2166 515 2404 585 δέξηται
2427 517 2676 586 λόγους.
2694 496 2773 573 ’το
2812 517 3029 583 καλὸν,
3059 518 3136 574 οὐ
3170 518 3308 589 τὴν
3331 519 3691 589 ῥᾳστώνην
3714 538 3808 577 νο-

471 614 597 681 [ιιὶι,
629 624 789 681 atque
817 610 978 665 etiam
1012 608 1090 663 vel
1120 609 1281 663 invito
1304 625 1385 663 me
1407 625 1487 663 res
1519 608 1749 675 diutius,
1776 609 1824 663 εἴ
1874 624 2057 663 verum

472 706 634 774 fateri
678 703 945 767 debemus,
1001 701 1417 770 impedientibus
1454 717 1549 759 nos
1615 700 2058 769 occupationibus

471 796 688 861 nostris,
719 801 981 851 extracta.
1027 792 1165 851 Cum
1208 802 1388 849 αυιειη
1414 794 1609 863 magis
1635 792 2060 862 eas,smagisque

472 888 741 943 cumulari
768 889 1005 942 viderem
1026 903 1089 942 ne
1101 887 1210 942 ista
1242 886 1449 958 longius
1473 887 1730 947 durarent
1758 884 2061 950 obstacula,

472 983 700 1046 veritus;
720 980 798 1035 vel
819 981 959 1051 quod
984 988 1126 1035 certo
1156 978 1330 1048 potius
1362 976 1417 1032 id
1458 978 1721 1049 futurum,
1754 975 1818 1031 de
1860 993 2064 1045 praee-

471 1074 718 1130 dentibus
750 1090 959 1128 nossem
985 1074 1299 1139 :pramissa
1332 1077 1544 1126 tandem
1577 1071 1844 1142 implenda
1879 1070 2062 1140 patavi

473 1167 666 1223 nimbis
706 1167 920 1220 interim
949 1166 1301 1237 negotiorum,
1336 1175 1493 1235 prout
1517 1165 1637 1233 ﬁeri
1661 1172 1860 1234 posset,
1905 1179 2060 1219 exce-

473 1266 596 1334 ptis.
622 1267 773 1318 Esset
802 1279 932 1317 sane
949 1271 1382 1325 consentaneum,
1413 1276 1475 1314 ne
1500 1275 1640 1313 nunc
1667 1258 1883 1329 quidem
1905 1256 2060 1311 adul-

476 1359 541 1412 tis
577 1358 937 1412 convenientia
991 1357 1262 1427 praescribi
1289 1354 1703 1417 adolescentulo,
1779 1352 1901 1407 novi
1966 1352 2065 1406 hac

471 1450 732 1519 equidem,
760 1466 862 1504 non
889 1465 968 1503 me
985 1450 1135 1506 latet.
1165 1446 1269 1503 Sed
1286 1464 1402 1501 cum
1431 1446 1734 1516 futurorum
1764 1454 1977 1499 eventus
2007 1443 2063 1499 in

474 1542 682 1596 occulto
714 1543 809 1607 sit,
847 1541 1081 1595 debitum
1113 1542 1253 1608 istuc
1286 1556 1438 1593 omne
1501 1536 1660 1593 modo
1713 1551 1808 1605 pro
1862 1535 2063 1591 viribus

477 1636 681 1691 exsolvi
710 1644 954 1704 prastat.
990 1634 1069 1688 Ea
1121 1650 1244 1689 vero
1287 1635 1628 1703 prolaturum
1694 1651 1774 1688 me
1804 1633 2062 1697 arbitror,

475 1726 585 1781 Deo
619 1743 831 1780 cursum
861 1727 1117 1780 orationis
1154 1720 1489 1805 madet-unﬁt,
1520 1742 1637 1795 quas
1666 1738 1718 1781 et
1748 1742 1889 1780 nunc
1923 1734 1974 1780 et
2006 1726 2063 1779 in

473 1830 738 1891 posterum
771 1821 1081 1891 proderunt,
1106 1837 1323 1891 quiaque
1372 1821 1568 1886 iuveni,
1626 1830 1679 1875 et
1708 1822 1842 1884 seni,
1891 1821 2061 1890 fartu-

474 1929 559 1968 na
594 1914 782 1976 cuivis,
808 1923 859 1968 et
896 1915 1094 1978 ordini,
1123 1923 1173 1966 et
1207 1915 1330 1967 huic
1386 1914 1657 1981 prensanti.
1702 1922 2061 1984 secuturthue

479 2006 599 2060 vita:
620 2008 947 2063 convenient.
977 2006 1160 2062 Nolim
1196 2016 1371 2061 autem
1403 2008 1730 2077 arrogantia:
1776 2023 1856 2061 me
1913 2008 2061 2076 quisa

474 2097 622 2166 piant
654 2097 950 2165 insimulet,
984 2101 1139 2167 quasi
1159 2099 1252 2170 qui
1284 2114 1481 2170 magna
1505 2099 1754 2170 quadam
1780 2098 2057 2165 pollicear.

482 2187 603 2242 Non
633 2192 770 2245 enim
796 2192 876 2246 hic
899 2203 1092 2247 nostra
1116 2194 1459 2263 cogitationes
1488 2193 1545 2247 in
1577 2193 1881 2247 universum
1903 2200 2061 2246 erunt

476 2281 606 2349 (non
638 2282 735 2336 hoc
773 2283 1125 2337 dissimulabo
1157 2303 1171 2339 :
1214 2300 1306 2338 nec
1323 2284 1463 2338 enim
1492 2284 1547 2337 id
1577 2284 1694 2350 ﬁeri
1728 2301 1829 2353 par
1873 2283 2059 2354 aut),

474 2375 567 2427 sed
598 2391 722 2443 pars
755 2375 931 2445 major
955 2377 1022 2430 ab
1051 2379 1256 2431 ornatis
1297 2378 1494 2431 virtute
1525 2377 1654 2431 viris
1674 2386 1905 2447 petetur.
1926 2392 2065 2448 quo-

476 2480 595 2520 rum
626 2467 935 2521 memoriam
962 2484 1082 2522 cum
1122 2469 1489 2533 celebratione,
1521 2476 1867 2539 posteaquam
1898 2485 2062 2524 ecar-

476 2542 689 2628 poribus
720 2560 1045 2630 migrarunt,
1071 2562 1119 2616 ei
1151 2561 1261 2630 ipsa
1290 2578 1497 2615 morum
1531 2561 1741 2615 bonitas
1771 2570 1820 2615 et
1854 2562 2064 2631 sapien-

479 2650 554 2703 tia
582 2658 879 2704 conservat.
906 2649 1015 2705 Nee
1042 2649 1106 2704 de
1136 2651 1331 2705 nostris
1358 2652 1632 2705 duntaxat
1654 2650 1951 2707 hominibus
1983 2650 2064 2706 lo-

475 2757 632 2806 quor,
659 2758 837 2796 verum
864 2740 1027 2797 etiam
1045 2742 1111 2796 de
1127 2742 1390 2813 plerisque
1419 2754 1701 2799 veterum.‘

556 2918 754 2974 Rursus
789 2922 872 2974 hic
905 2922 1167 2991 quispiam
1197 2923 1347 2976 nobis
1385 2923 1618 2993 fortasse
1648 2923 1895 2981 dicturus
1956 2934 2060 3003 est,

480 3011 609 3061 satis
637 3026 769 3074 esse,
794 3012 841 3064 si
867 3014 1199 3073 mandemus,
1233 3029 1321 3067 eos
1354 3023 1409 3066 ut
1432 3015 1593 3068 adeas
1617 3015 1781 3080 viros,
1804 3027 1852 3070 et
1878 3032 2066 3086 quam-

478 3101 710 3171 primum
740 3101 968 3171 pellegas
1016 3103 1355 3175 ipsorumque
1411 3115 1459 3158 te
1512 3107 1791 3174 praeceptis
1826 3107 2062 3170 εει-σίας.

2157 607 2592 678 μοθετοῦντας.
2628 610 2813 665 Τοῦτο
2833 610 2953 679 μὲν
2978 609 3057 680 δὴ
3091 610 3400 682 λογισμῷ
3451 610 3801 682 πέπρακταί

2142 738 2147 741 -
2157 715 2261 768 μοι
2280 716 2294 732 ·
2327 701 2494 757 claei
2514 702 2585 757 δὲ
2615 703 2879 773 τάληθές
2906 702 3122 769 εἰπεῖν,
3156 704 3273 759 καὶ
3301 702 3402 777 μὴ
3428 705 3803 776 βουλομένῳ
3853 758 3873 783 ο

2162 795 2396 863 προῦϐη
2434 796 2830 865 μακρότερον,
2862 797 3180 868 ἀσχολιῶν
3218 813 3341 867 μοι
3372 803 3801 868 προσισταμέ·

2146 904 2307 942 νων.
2349 886 2541 956 Ὀρῶν
2574 889 2648 944 δέ
2681 891 2907 958 ταύτας
2927 892 3397 962 ἐπιτεταμένως
3448 895 3798 960 χωρούσας.

2164 975 2377 1047 δεδιὼς
2414 978 2501 1052 μὴ
2559 981 2991 1052 διαρκέστερον
3038 984 3111 1039 τὰ
3152 983 3623 1055 προϊστάμενα
3671 987 3799 1041 em-

2160 1071 2363 1142 μείνῃ.
2388 1073 2635 1144 μᾶλλον
2660 1074 2731 1132 δέ
2754 1075 2967 1146 σαφῶς
2991 1076 3167 1145 εἰδὼς
3192 1078 3333 1133 ἀπὸ
3364 1077 3500 1132 τῶν
3525 1082 3798 1148 φθασάνο

2165 1181 2287 1219 των
2311 1182 2324 1196 ο
2350 1165 2483 1220 δεῖν
2523 1167 2730 1237 ᾠήθην
2765 1171 2854 1234 είς
2878 1171 3061 1239 έρτον
3093 1170 3376 1240 ἀγαγεῖν
3420 1170 3500 1224 τὰ
3531 1174 3791 1241 ὑπεσχη’

2162 1257 2341 1326 μένα.
2385 1257 2467 1325 ὠς
2502 1257 2651 1314 ἐνὸν
2701 1260 3033 1330 δεχόμενος
3080 1262 3192 1329 τὰς
3240 1261 3384 1317 τῶν
3422 1262 3785 1333 πραγμάτων

2163 1346 2447 1417 νιφάδας.
2479 1343 2613 1404 Ἧῖ
2634 1349 2755 1421 μὲν
2782 1345 2901 1407 οὖν
2928 1352 3290 1408 ἀκόλουθον
3317 1352 3499 1421 μηδέ
3542 1352 3689 1418 νῦν,
3726 1354 3793 1407 τὰ

2164 1439 2285 1493 τῶν
2318 1441 2571 1495 τελείων
2597 1445 2885 1511 μειρακίῳ
2917 1443 3364 1514 γνωμοδοτεῒν.
3409 1444 3682 1515 Ἕγνων,
3723 1450 3792 1501 οὐ

2162 1533 2386 1601 λέληθέ
2405 1550 2499 1598 με.
2518 1536 2621 1589 “Or
2640 1534 2711 1589 δὲ
2729 1536 2798 1590 τὸ
2815 1539 3052 1605 μέλλον
3068 1538 3375 1606 ἀόρατον,
3395 1539 3663 1607 ἄμεινον
3682 1539 3790 1609 ἤδη

2164 1626 2531 1683 καταϐαλεῖν
2564 1628 2630 1683 τὸ
2679 1627 2859 1697 χρέος
2904 1628 3072 1684 ἅπαν
3093 1631 3185 1697 εις
3228 1631 3547 1700 δύναμιν.
3590 1632 3787 1701 Ἐροῦ-

2159 1734 2283 1787 μεν
2303 1717 2372 1772 es
2400 1714 2569 1787 οἴμαι
2589 1717 2855 1785 τοιαῦτα,
2883 1721 3033 1776 Θεοῦ
3063 1721 3174 1777 τὸν
3198 1724 3420 1792 λόγον
3450 1724 3785 1790 ίθύνοντος,

2166 1807 2205 1864 d
2234 1810 2517 1865 συνοίσει
2551 1809 2669 1881 μὲν
2695 1812 2797 1867 καὶ
2825 1808 2964 1876 νῦν,
2996 1815 3291 1869 συνοίσει
3323 1814 3402 1869 δὲ
3444 1816 3516 1881 ἐς
3550 1816 3621 1869 τὸ
3647 1817 3784 1885 μέλ-

2162 1906 2282 1957 λον
2335 1903 2436 1958 καὶ
2476 1902 2856 1973 συμϐήσεται
2906 1905 3009 1960 καὶ
3036 1905 3176 1971 νέῳ,
3226 1908 3345 1961 καὶ
3393 1906 3669 1977 γέροντι,
3695 1907 3782 1960 καὶ

2163 1995 2321 2064 τύχῃ
2340 1994 2533 2064 πάσῃ,
2564 1997 2659 2050 καὶ
2684 1996 2873 2063 τάξει,
2904 1992 2984 2066 τῷ
3007 2015 3073 2053 τε
3097 1999 3253 2061 ὄντι,
3292 1998 3384 2065 τῷ
3419 2016 3491 2053 τε
3521 2000 3778 2069 ἐσομένῳ

2162 2087 2385 2156 τεβίφ.
2420 2088 2529 2143 Καὶ
2560 2089 2646 2157 μή
2666 2089 2746 2159 μέ
2771 2107 2860 2156 τις
2885 2089 3246 2156 ἀλαζονείας
3282 2092 3664 2161 τραψάσϐω,
3688 2108 3777 2161 με-

2163 2177 2322 2250 γάλα
2350 2178 2539 2248 δῆθεν
2565 2179 3120 2250 ἐπαγγελλόμενον.
3148 2184 3237 2237 Οὐ
3292 2183 3416 2252 γὰρ
3454 2182 3539 2251 δὴ
3575 2184 3645 2237 τὸ
3666 2182 3774 2237 πᾶν

2163 2269 2460 2341 ἡμέτερον
2488 2271 2662 2328 ἔσται
2692 2273 2814 2349 τῷν
2845 2272 3166 2342 νοημάτων
3188 2274 3293 2347 (οὐ
3322 2276 3556 2344 κρύψω
3588 2275 3775 2339 τοῦτο,

2162 2365 2308 2422 οὐδὲ
2338 2366 2455 2436 γὰρ
2499 2366 2721 2437 ἀξιον).
2763 2368 2931 2423 ἀλλά
2976 2371 3077 2423 και
3124 2368 3193 2423 τό
3224 2369 3551 2424 πλεῖστον
3582 2368 3771 2438 μέρθθ
3848 2376 3853 2381 ’

2161 2457 2348 2530 ἀρετῇ
2369 2459 2852 2530 κεκοσμημένον,
2884 2454 2984 2526 ὀἷς
3016 2462 3055 2530 ἡ
3080 2458 3202 2515 τῶν
3224 2462 3488 2530 τρόπων
3519 2461 3773 2530 χρηστέ·
3841 2475 3845 2479 ·

2162 2567 2294 2619 της,
2331 2550 2431 2604 και
2481 2552 2548 2605 τὸ
2573 2550 2687 2620 τῆς
2743 2554 2967 2622 σοφίας
3014 2552 3244 2622 χρῆμα,
3300 2551 3434 2607 τῶν
3490 2551 3772 2623 σωμάτων

2163 2643 2558 2699 ἀπελθόντων
2579 2644 2709 2714 περὶ
2744 2643 2860 2712 τὴν
2883 2644 3133 2714 μνήμην
3151 2645 3292 2714 μετ’
3321 2644 3668 2714 ἐγκωμίων.
3696 2644 3768 2697 οὐ

2161 2732 2321 2803 λέγω
2351 2732 2421 2786 δὲ
2460 2734 2663 2802 μόνον
2697 2734 2840 2800 τοὺς
2889 2734 3247 2804 ἡμετέρους,
3278 2733 3461 2790 ἀλλὰ
3501 2732 3604 2788 καὶ
3627 2737 3766 2788 πολ-

2163 2825 2316 2892 λοὺς
2349 2824 2469 2880 τῶν
2496 2824 2936 2895 παλαιοτέρων.

2237 2921 2436 2976 Πάλιν
2465 2920 2593 2989 ἐρεῖ
2618 2936 2708 2986 τις
2749 2919 2943 2990 τυχὸν
2974 2919 3120 2989 ἡμῖν
3140 2936 3156 2952 ⁸
3195 2922 3422 2991 Ἤρκει
3450 2918 3760 2992 τοιγαροῦν

2165 3009 2463 3074 ἐπιτάξαι,
2496 3008 2662 3077 παρὰ
2691 3008 2979 3065 τουτουσὶ
3009 3008 3152 3076 τοὺς
3195 3010 3443 3080 ἄνδρας
3482 3006 3765 3082 φοιτῆσαι

2167 3114 2264 3164 σε,
2300 3099 2398 3157 καὶ
2426 3099 2543 3168 τήν
2571 3097 2873 3169 ταχίστην
2901 3099 3128 3167 αὐτοὺς
3171 3099 3479 3168 διελθεῖν,
3517 3095 3762 3163 παισταῖς

481 3192 632 3247 nobis
664 3192 876 3248 interim
910 3190 1007 3248 Iioe
1027 3195 1208 3251 labore
1237 3195 1583 3269 molestiaque
1607 3198 1867 3256 liberatis.
1911 3198 2063 3255 Nihil

2168 3189 2343 3261 σφῶν
2364 3188 2789 3257 διδασκαλίαις
2818 3189 3053 3246 σαυτὸν
3070 3191 3420 3262 κοσμῆσαι,
3439 3191 3547 3247 καὶ
3577 3204 3759 3259 πρατο

480 3285 721 3353 equidem
753 3285 977 3339 absurdi
996 3285 1060 3339 ab
1087 3286 1186 3341 hoc
1231 3288 1441 3343 homine
1466 3289 1697 3360 proferri
1716 3290 1893 3361 fateor
1915 3306 1935 3345 :
1956 3308 2066 3349 esse

484 3376 737 3431 nimirum
804 3381 1549 3449 magnoperenecessarium,
1607 3392 1663 3436 ut
1715 3381 2065 3439 admirabiles

482 3468 637 3521 hosce
661 3471 800 3522 viros
828 3469 1103 3538 inspicias,
1130 3518 1133 3521 .
1165 3488 1354 3545 eosque
1411 3473 1508 3529 tibi
1528 3475 1808 3546 prafectos
1860 3492 2067 3535 morum

483 3558 782 3628 magistros,
820 3559 953 3626 illis,
981 3577 1100 3632 qua:
1140 3551 1236 3617 tibi
1282 3580 1419 3616 nunc
1445 3566 1664 3632 adsunt,
1716 3566 2065 3624 auxiliatores

483 3647 764 3720 adjungas,
786 3649 856 3704 ad
886 3667 1061 3706 rerum
1091 3653 1478 3721 prtcclararum
1516 3657 1937 3727 indagationem,
1988 3659 2062 3714 si-

479 3741 692 3809 quidem
725 3742 804 3798 vir
842 3745 1004 3799 bonus
1031 3753 1083 3800 et
1110 3748 1350 3819 egregius
1381 3746 1502 3818 ﬁeri
1569 3751 1721 3806 velis.
1755 3749 1899 3806 Nam
1948 3733 2066 3822 quis

449 3831 803 3899 -Ῑιιιοειιιιιιεηι
839 3835 1027 3890 melius
1059 3837 1130 3892 ad
1160 3839 1408 3893 virtutem
1470 3857 1636 3896 manu
1680 3843 1835 3911 quasi
1876 3842 2067 3899 ducere
2095 3892 2109 3897 ,

485 3912 624 3979 norit
649 3926 898 3983 indicatis
926 3928 1068 3985 hisce
1091 3932 1244 3997 viris,
1269 3934 1362 4003 qui
1386 3942 1433 3988 et
1454 3937 1773 4003 prudenter,
1794 3946 1842 3990 et
1878 3937 2065 4007 perite,

483 4025 533 4071 et
559 4018 813 4084 studiose,
839 4030 888 4073 et
915 4019 1208 4092 ingeniose,
1233 4032 1283 4077 et
1308 4022 1559 4091 sollicite,
1584 4023 1845 4095 quidquid
1865 4024 1936 4080 ad
1956 4027 2070 4083 dis-

485 4107 696 4162 serendi
728 4109 1033 4181 civilemque
1051 4112 1349 4167 doctrinam
1366 4112 1567 4183 confert
1593 4153 1610 4180 ,
1638 4114 2070 4182 investigarunt?

374 4214 381 4217 ·
486 4199 578 4251 sed
609 4198 915 4252 arbitrabar
934 4200 989 4255 id
1019 4201 1162 4273 quod
1205 4202 1379 4256 meum
1401 4213 1502 4268 est,
1546 4201 1665 4256 licet
1719 4202 1922 4274 alioqui
1966 4218 2072 4259 non

452 4291 667 4359 ,magni
686 4292 934 4344 momenti
975 4293 1064 4355 sit,
1094 4293 1179 4347 hic
1207 4304 1383 4348 tamen
1425 4293 1546 4365 plus
1574 4293 1684 4349 illis
1736 4294 2025 4349 valiturum
2052 4312 2068 4351 :

486 4379 812 4451 aﬂectionem
839 4382 1053 4453 inquam
1080 4397 1380 4454 paternam,
1409 4386 1562 4457 cujus
1615 4385 1752 4458 ignis
1781 4385 2070 4442 admodum

483 4472 668 4543 efficax
729 4475 1053 4531 vehementer
1081 4477 1374 4547 ampliﬁcat
1407 4495 1491 4541 ea.
1518 4495 1636 4550 qua:
1659 4488 1714 4533 tu
1740 4477 1867 4534 mihi
1897 4479 1960 4534 de
1978 4488 2071 4535 tua

2159 3285 2370 3354 μάτων
2410 3281 2571 3353 ἡμᾶς
2617 3282 3030 3353 ἀπηλλάχθω.
3052 3284 3165 3340 Καὶ
3182 3284 3369 3356 φημὶ,
3392 3282 3597 3355 μηδὲν
3618 3279 3759 3349 ἀπᾶ-

2166 3375 2278 3432 δον
2309 3375 2554 3432 τουτονι
2583 3375 2694 3430 τὸν
2726 3375 2921 3444 ἄνδρα
2948 3375 3130 3446 ἐρεῖν.
3148 3372 3331 3432 ΕΙναι
3364 3376 3487 3447 γὰρ
3510 3371 3759 3447 πολλὴν

2166 3466 2442 3537 ἀνάγκην
2465 3453 2754 3523 τουτουσὶ
2780 3465 2933 3534 τοὺς.
2946 3468 3336 3541 θαυμασίως
3362 3467 3521 3524 ἰδεῖν
3539 3482 3633 3531 σε,
3658 3463 3754 3519 καὶ

2168 3556 2290 3612 τῶν
2319 3557 2454 3611 σῶν
2478 3555 2645 3626 ἠθῶν
2673 3556 3088 3626 διδασκάλους
3128 3559 3366 3627 αὐτοὺς
3391 3559 3752 3629 ποιήσαντα.

2168 3650 2294 3717 τοῖς
2325 3649 2443 3705 νῦν
2472 3645 2614 3707 οὖσι
2656 3647 3162 3719 προσκτήσασθαι
3199 3652 3488 3723 βοηθοὺς
3533 3653 3622 3716 εις
3648 3647 3753 3714 τὴν

2167 3744 2288 3800 τῶν
2308 3743 2513 3803 καλῶν
2531 3744 2744 3813 θήραν,
2765 3745 2819 3799 ει
2842 3743 3089 3815 μέλλεις
3107 3744 3303 3811 καλὸς
3332 3745 3603 3815 κάγαθὸς
3630 3742 3750 3799 ἐστ·

2169 3840 2333 3892 σθαι.
2374 3839 2469 3904 Τίς
2498 3835 2611 3907 γάρ
2631 3850 2751 3891 που
2776 3834 3035 3890 κάλλιον
3057 3836 3228 3906 γνοίη
3253 3837 3411 3905 πρὸς
3433 3836 3504 3890 τὸ
3534 3831 3749 3904 ἀγαθὸν

2169 3928 2609 4002 χειραγωγῆσαι
2657 3930 2915 3997 νεότητα
2955 3928 3219 3983 τουτωνὶ
3254 3929 3385 3984 τῶν
3430 3928 3747 3996 ειρημένων

2168 4017 2429 4091 ἀνδρῶν,
2455 4020 2756 4091 φρονήσει
2782 4037 2848 4077 τε
2872 4020 2975 4075 καὶ
2999 4020 3331 4091 ἐπιστήμῃ,
3363 4022 3465 4077 καὶ
3492 4014 3743 4082 σπουδῇν

2171 4112 2272 4167 καὶ
2302 4112 2547 4181 εὐφυΐᾳ,
2577 4112 2677 4167 καὶ
2716 4111 3049 4182 φιλοτιμίᾳ,
3077 4110 3227 4181 πρὸς
3262 4109 3530 4182 λογικήν
3567 4124 3631 4162 τε
3653 4104 3741 4160 καὶ

2171 4202 2493 4271 πολιτικὴν
2531 4202 2806 4274 μάθησιν
2844 4202 2917 4259 τὸ
2958 4203 3284 4273 λυσιτελές
3330 4198 3744 4272 (negocium;

2186 4291 2544 4365 Ἠγησάμην
2582 4294 2651 4349 δὲ
2684 4294 2943 4365 τούμὸν,
2964 4294 3159 4350 καίτοι
3206 4294 3409 4350 τᾶλλα
3458 4284 3739 4349 ταπεινῶς

2171 4386 2337 4457 ἕχον,
2359 4383 2504 4442 ἔνθα
2529 4385 2679 4456 δήτι
2707 4383 2898 4441 πλέον
2922 4385 3189 4455 σχήσειν
3214 4385 3569 4440 robusta-tor.
3586 4377 3739 4445 Λέγω

2173 4478 2251 4548 δὴ
2288 4478 2407 4547 τὴν
2440 4476 2743 4549 πατρικὴν
2774 4476 3016 4546 σχέσιν,
3051 4471 3128 4549 ἧς
3154 4480 3223 4532 τὸ
3261 4479 3386 4546 πῦρ
3407 4476 3563 4546 μέγα
3602 4466 3738 4525 ἀνά-

485 4572 681 4641 natura
702 4562 799 4619 das
839 4567 1119 4621 vaticinari
1152 4585 1165 4621 :
1195 4584 1298 4639 quo
1318 4568 1527 4639 quidem
1581 4570 1638 4623 in
1661 4569 1915 4624 vaticinia
1982 4585 2063 4625 me

2170 4588 2345 4637 πτον,
2374 4569 2613 4640 σφόδρα
2651 4586 2718 4639 τε
2763 4570 2917 4639 πρὸς
2946 4568 3151 4640 μεῖζον
3183 4570 3433 4639 ἐξαίρει,
3472 4564 3511 4620 d
3537 4562 3618 4618 σύ
3645 4571 3739 4627 μοι

487 4653 631 4709 Deus
663 4656 811 4723 (utar
837 4670 1013 4711 autem
1049 4658 1230 4728 petitis
1259 4674 1324 4713 ea:
1388 4669 1667 4730 poetarum
1726 4659 1901 4726 libris,
1960 4676 2065 4714 non

483 4748 629 4819 quod
657 4765 719 4803 ea
755 4766 851 4821 pro
877 4750 1094 4821 placitis
1126 4750 1369 4817 habeam,
1403 4754 1494 4807 sed
1523 4752 1766 4809 historia:
1806 4751 2062 4822 simplici-

487 4849 566 4895 ter
597 4844 783 4908 causa)
808 4852 917 4899 tam
942 4842 1170 4911 Tiresia,
1202 4862 1362 4917 quam
1401 4844 1693 4901 Calchante
1743 4845 2065 4901 veraciorem

485 4934 642 5003 faxit.
684 4932 877 5019 Itidem
896 4936 1070 4992 omnis
1108 4953 1234 5006 erga
1266 4954 1359 4991 nos
1402 4938 1559 5009 o/ﬁcii
1607 4940 1882 5009 pra'statio
1947 4950 2063 5005 tua,

490 5025 750 5094 ineffabili
769 5030 1001 5099 quadam
1024 5028 1325 5084 obedientia
1374 5029 1648 5091 decorata.
1671 5030 1819 5086 nobis
1871 5031 2065 5086 incita—

492 5127 661 5172 mento
698 5135 809 5173 esse
836 5122 1027 5190 possit,
1052 5130 1108 5175 ut
1125 5121 1331 5192 agenda
1358 5123 1454 5177 tibi
1480 5124 1878 5193 pratcipiamus.
1903 5120 2067 5177 Pater

491 5209 679 5276 igitur.
713 5218 763 5264 et
794 5212 887 5281 qui
917 5229 1080 5283 supra
1114 5231 1310 5271 morem
1370 5225 1656 5285 paternum
1691 5214 1892 5286 diligit,
1949 5214 2064 5285 [ilio

482 5298 753 5369 diligenti,
783 5286 839 5354 εἶ
858 5302 1132 5357 ardentius
1184 5304 1416 5374 quidem,
1453 5322 1612 5377 quam
1667 5306 1775 5375 ﬁlii
1835 5306 2062 5371 soleant,

488 5407 551 5446 ea
584 5394 888 5462 praecipiens
916 5402 965 5447 et
1000 5410 1284 5463 exponens,
1319 5414 1435 5462 qua:
1454 5413 1519 5452 ex
1553 5416 1652 5451 usu
1683 5397 1871 5469 futura
1916 5392 2063 5466 sunl,

489 5500 719 5553 quonam
750 5495 908 5555 pacto
933 5502 1036 5539 non
1069 5486 1360 5557 plurimum
1396 5490 1622 5560 eﬁiciet?
1684 5489 1793 5546 Nec
1838 5493 1981 5546 enim
2002 5492 2069 5562 ﬁ-

492 5575 608 5630 dem
640 5575 738 5630 ulli
762 5588 1018 5646 prmeepto
1047 5579 1302 5650 derogare
1344 5582 1428 5650 fas
1456 5594 1554 5647 est,
1618 5600 1711 5638 nec
1765 5584 2067 5640 detrectare

493 5669 793 5740 imperium,
816 5672 1029 5726 etiamsi
1056 5672 1189 5742 quid
1214 5673 1402 5743 o/ferat
1456 5691 1588 5740 sese,
1637 5677 1780 5747 quod
1824 5676 2068 5732 mordere

491 5760 753 5826 videatur,
778 5777 870 5817 nec
902 5778 1172 5829 recusare,
1214 5780 1316 5834 quo
1356 5766 1529 5819 minus
1558 5768 1671 5833 ipso
1719 5767 1862 5837 [acto
1899 5769 2067 5823 verbis

491 5852 829 5922 obtemperes.
868 5854 1136 5913 Prwtetca
1164 5856 1417 5929 quiddam
1448 5858 1595 5913 aliud
1613 5873 1715 5926 est,
1745 5877 1844 5930 quo
1878 5845 2066 5916 nos'il-

2165 4662 2346 4729 δίδως
2388 4661 2797 4731 μαντεύεσθαι
2851 4659 3131 4730 περὶτῆς
3169 4660 3292 4728 σῆς
3343 4659 3603 4730 φύσεως.
3637 4645 3736 4703 Καί

2166 4770 2232 4823 τε
2272 4753 2416 4818 Θεὸς
2466 4751 2779 4816 ἀναδείξαι
2825 4768 2904 4820 με
2955 4750 3282 4821 (χρήσομαι
3326 4748 3401 4803 δέ
3454 4744 3579 4810 τοῖς
3625 4737 3735 4792 τῶν

2166 4841 2452 4912 ποιητῶν,
2483 4844 2597 4912 οὐχ
2639 4840 2720 4908 ὡς
2749 4840 3069 4912 δόγμασιν,
3100 4841 3263 4897 ἀλλὰ
3300 4840 3400 4897 διὰ
3430 4836 3545 4905 τὴν
3585 4834 3731 4886 ἱστο-

2157 4936 2303 5006 ρίαν
2329 4932 2556 5005 ἁπλῶς)
2590 4932 2692 4992 καὶ
2725 4935 3053 5003 Τειρεσίου,
3089 4935 3187 4990 καὶ
3218 4934 3573 5002 Κάλχαντος
3597 4923 3732 4986 dJ'l‘

2167 5028 2455 5096 θέστερον
2484 5028 2573 5095 εις
2601 5025 2858 5095 ταυτηνὶ
2888 5025 3006 5095 τὴν
3023 5029 3342 5096 μαντείαν.
3384 5022 3491 5079 Καὶ
3523 5015 3643 5089 μήν
3667 5024 3725 5078 τε

2164 5122 2267 5176 καὶ
2297 5123 2362 5176 τὸ
2390 5121 2508 5175 σὸν
2541 5121 2691 5190 πρὸς
2740 5117 2899 5190 ἡμᾶς
2928 5119 3115 5188 ἅπαν,
3152 5115 3431 5187 ὑποταγῇ
3477 5102 3723 5177 κοσμού-

2160 5229 2352 5285 μενον
2375 5210 2679 5282 ἁμυθήτῳ,
2704 5209 3089 5281 παράκλησις
3128 5207 3207 5266 ἂν
3232 5212 3462 5281 γένοιτο
3500 5200 3600 5257 τοῦ
3626 5211 3720 5285 καί
3763 5194 3778 5208 ’

2160 5282 2396 5373 ραινεῖν
2456 5299 2531 5357 τὰ
2585 5301 2822 5357 δέοντα.
2874 5301 3078 5371 Πατὴρ
3136 5297 3274 5364 οὖν.
3322 5300 3419 5357 καὶ
3475 5282 3720 5349 πλέονῆ

2168 5392 2322 5449 κατὰ
2356 5394 2619 5464 πατέρας
2672 5392 2893 5466 φιλῶν,
2920 5393 3030 5459 υιῷ
3067 5394 3368 5463 φιλοῦντι,
3404 5387 3498 5444 καὶ
3546 5376 3718 5466 πλέον

2167 5488 2207 5559 ἢ
2235 5490 2365 5542 καθ’
2396 5463 2570 5555 υἱεῖς,
2606 5463 2996 5558 προστάττων
3022 5503 3087 5539 τε
3125 5485 3223 5539 καὶ
3248 5463 3716 5569 εἰσηγούμενος-δ

2168 5581 2471 5645 συνοίσειν
2519 5580 2647 5649 πῶς
2684 5582 2797 5635 οὐκ
2823 5580 3085 5643 ἀνύσεις
3129 5579 3268 5633 οὔτε
3312 5578 3421 5646 γὰρ
3458 5571 3713 5661 amarit"

2168 5674 2299 5729 ἔστι
2348 5672 2465 5728 τινὶ
2514 5673 2634 5728 τῶν
2676 5672 3039 5743 λεγομένων,
3078 5670 3217 5727 οὔτε
3260 5670 3412 5734 ὅλως
3449 5660 3707 5719 ἀπειθεῖν,

2171 5767 2403 5820 ὁπόταν
2426 5766 2529 5819 καί
2552 5783 2607 5819 τι
2636 5762 2866 5819 δάκνον
2906 5762 3093 5835 φανῇ,
3124 5763 3264 5818 οὔτε
3295 5761 3380 5834 μὴ
3410 5756 3593 5814 θέλειν
3614 5758 3699 5814 καν

2164 5856 2455 5927 ρίζεσθιιι,
2518 5857 2596 5925 τῷ
2646 5855 3045 5926 ὑποτετάχθαι
3095 5858 3219 5927 τοῖς
3270 5857 3465 5926 λόγοις
3511 5845 3677 5913 ἔργοις

3695 402 3804 472 316
3874 445 3883 455 ε
