3978 6570
275 438 390 500 3ΞἸ

1219 445 1633 506 ΡΒΛΞΟΕΡΤΑ
1677 443 2204 508 EDUCATIONIS
2240 449 2519 513 REGI/ﬁ.

3433 449 3538 509 318

279 557 374 610 οὐ
399 555 528 623 μὴν
556 558 695 611 ἀλλ’
723 559 858 612 ἐστι
887 559 986 613 καὶ
1017 559 1248 630 ἕτερον,
1279 562 1350 616 ἐν
1380 557 1430 628 ᾧ
1473 563 1865 616 πλεονεκτοῦ-

1973 565 2038 618 tis
2069 566 2587 633 superioressumus.
2636 566 2778 620 Nam
2830 581 2948 618 cum
2999 564 3318 618 auctoritate
3372 564 3536 633 loqui,

268 667 403 718 μεν
431 651 700 706 ἐκείνων.
743 653 812 706 Τὸ
857 655 968 723 γὰρ
1007 655 1094 722 δὴ.
1103 656 1232 725 μετ’
1265 657 1555 724 ἔξουσίας
1586 659 1800 721 εἰπεῖν,
1831 658 1864 712 ὃ

277 741 536 810 πολλὴν
583 745 697 811 τὴν
746 746 1006 815 δύναμιν
1035 749 1158 816 ἔχει
1195 750 1296 814 καὶ
1344 749 1718 819 παιδοτρίϐῃ,
1767 751 1865 804 και

276 832 656 901 διδασκάλῳ,
682 838 778 892 καὶ
801 838 982 892 παντὶ
1012 839 1418 909 διορθουμένῳ
1449 843 1668 910 φύσεις
1688 843 1865 901 νέων.

277 923 320 990 ἡ
359 926 713 991 πλάττοντι,
766 931 898 997 ἐμοι
937 931 1055 999 μὲν
1082 933 1290 994 ἔξεστι
1339 933 1672 999 παντελῶς,
1715 933 1866 986 ὲκεί-

279 1031 422 1080 νοις
452 1015 522 1068 δέ
563 1018 862 1086 οὐδαμῶς,
899 1022 1028 1074 οὐδ’
1073 1021 1155 1078 ἂν
1188 1023 1228 1090 ἡ
1261 1021 1504 1092 πάντων
1553 1025 1741 1093 σοφιά
1779 1026 1868 1090 εἰς

279 1107 354 1160 ἓν
379 1126 447 1173 τε
481 1111 717 1176 τούτοις
740 1113 1034 1180 συνέλθῃ.
1069 1115 1199 1180 Πῶς
1224 1115 1342 1185 μὲν
1373 1116 1482 1182 γὰρ
1505 1115 1582 1170 ἂν
1607 1116 1868 1183 προστά·

281 1199 464 1261 ξαιεν
484 1200 696 1268 ἀδεῶς,
722 1205 849 1271 πῶς
870 1205 940 1259 δέ
957 1206 1206 1272 πιστῶς,
1233 1206 1360 1272 πῶς
1375 1208 1444 1261 δέ
1465 1208 1865 1276 θαρρούντως,

280 1295 444 1348 κατὰ
473 1295 766 1360 βασιλέα,
821 1300 918 1352 καὶ
979 1300 1227 1368 πατέρα,
1263 1302 1361 1354 καὶ
1410 1302 1615 1369 φίλον,
1648 1301 1868 1365 οἵτινες

278 1387 650 1454 ἐστέρηνται
681 1391 780 1444 καὶ
809 1391 1125 1460 σχήματος
1157 1394 1418 1461 ἀφοϐίαν
1445 1393 1740 1459 διδόντος,
1765 1393 1865 1448 καὶ

278 1478 564 1544 σχέσεως
597 1483 816 1536 πασῶν
840 1485 1191 1551 κρατούσης
1211 1481 1293 1550 τῷ
1331 1483 1441 1552 τῆς
1467 1485 1710 1553 φύσεως
1731 1484 1868 1552 φίλ-

278 1586 430 1636 τρφν
487 1575 585 1626 καὶ
635 1576 845 1642 φιλίας
886 1576 1183 1644 συνηθείᾳ
1240 1577 1706 1646 θαρῤυνούσηςς
1760 1577 1870 1643 Δη-

277 1660 474 1713 λοῦσι
502 1661 570 1715 δὲ
621 1666 794 1727 Δίων,
849 1666 1212 1735 Ἰσοκράτης,
1242 1667 1460 1721 nauci
1500 1667 1710 1736 ἕτεροι,
1755 1668 1870 1732 ,βα-

277 1754 574 1820 σιλικοὺς
617 1756 733 1824 μὲν
779 1760 1002 1827 λόγους
1050 1760 1519 1829 ὀνομασθέντας,
1571 1759 1671 1813 καὶ
1720 1760 1870 1827 πρὸς

276 1847 516 1913 αὐτοὺς
559 1850 889 1917 βασιλέας,
932 1855 1205 1918 πολλοὺς
1258 1869 1426 1918 τινας
1466 1853 1828 1922 γεγραφότος
1851 1867 1866 1883 ο

274 1943 495 2007 τηρεῖν
523 1943 592 1996 δὲ
628 1945 786 2012 ὅμως
831 1945 1150 2011 ἐθέλοντες
1189 1946 1264 1999 τὰ
1300 1943 1606 2012 πρέποντα
1643 1945 1864 2013 σφίσιν
1894 1935 1938 1990 Β

274 2035 521 2100 αὐτοῖς,
549 2037 647 2090 καὶ
678 2037 805 2104 τοῖς
847 2038 1210 2102 βασιλεῦσι,
1241 2037 1339 2093 καὶ
1363 2039 1451 2106 μὴ
1488 2035 1692 2090 δοκεῖν
1726 2039 1867 2104 θρα-

275 2129 612 2189 σύνεσθαι,
648 2129 806 2197 μηδὲ
844 2131 1158 2196 προπετῶς
1196 2130 1382 2198 ἔχειν.
1437 2129 1623 2197 τέχνῃ
1668 2125 1867 2197 μακρᾷ

275 2220 666 2289 δεξιούμενοι
714 2222 1019 2291 ὑπεροχὰς
1050 2221 1170 2276 τῶν
1208 2224 1612 2291 κρατούντων,
1663 2220 1868 2274 ἔπειτα

276 2314 392 2367 καὶ
423 2315 608 2382 ταύτῃ
652 2313 1159 2382 συνεσταλμένως
1186 2314 1254 2367 τὸ
1291 2314 1433 2369 δέον
1459 2314 1867 2383 ἀποφαινόμε-

277 2425 405 2462 νοι.
435 2407 582 2475 Παρ⁹
623 2406 826 2462 αὐτῶν
854 2407 970 2474 ἐγὼ
1000 2407 1106 2473 τὰς
1143 2407 1379 2476 γνώμας
1411 2407 1635 2472 ταύτας
1675 2405 1869 2473 ἐρανι-

277 2499 576 2563 σάμενος,
619 2499 715 2552 καὶ
751 2498 999 2566 προσέτι
1047 2498 1358 2568 θειοτέρων
1385 2497 1639 2566 ἀνδρῶν,
1679 2511 1868 2565 προοι-

279 2593 415 2656 θείς
468 2607 521 2644 τι
573 2593 668 2644 καί
697 2591 834 2658 παρ’
865 2591 1148 2661 ἐμαυτοῦ,
1183 2592 1334 2658 ἴσως
1375 2593 1448 2646 οὐ
1479 2591 1678 2658 πάντη
1713 2591 1867 2661 φαῦ-

279 2688 429 2749 λον,
459 2673 648 2748 οὕτως
674 2685 1005 2754 ἐλευθέρως
1033 2685 1130 2739 καὶ
1157 2683 1457 2753 πατρικῶς
1482 2685 1582 2751 (ὡς
1611 2684 1687 2740 ἂν
1707 2685 1867 2739 εἴποι

279 2779 402 2844 τις)
431 2777 805 2838 ἀποδέδωκα,
833 2777 1132 2847 ὀφείλημά
1156 2795 1220 2832 τε
1237 2777 1336 2831 καὶ
1359 2775 1574 2845 δῶρον,
1594 2777 1663 2831 έν
1688 2793 1869 2844 κεφα-

279 2872 482 2924 λαίων
499 2869 873 2932 ἐκατεντὰδι,
898 2869 1276 2938 ἁκροστιχίδι
1315 2870 1434 2922 τινὶ
1468 2869 1867 2939 ταττομένων,

279 2962 362 3015 ἐν
413 2957 509 3033 ᾖτι
551 2960 732 3030 μέρος
761 2960 936 3015 ἐστιν
978 2959 1192 3030 εὐχῆς,
1224 2959 1307 3028 ἢν
1336 2959 1480 3026 Θεὸς
1507 2962 1618 3015 οὐκ
1662 2959 1868 3028 ἀτιμά-

281 3070 420 3120 σαι,
453 3057 506 3107 εί
535 3053 630 3107 δεῖ
681 3070 735 3106 τι
787 3053 886 3107 καὶ
927 3051 1081 3122 ὑπὲρ
1124 3051 1316 3122 εὐχῆς
1350 3051 1508 3122 ἡμᾶς
1551 3053 1866 3118 εὔξασθαι,

281 3148 442 3200 κατὰ
473 3148 581 3200 τὸν
609 3148 856 3201 εἰπόντα
887 3144 1228 3214 θαυμάσιον
1255 3144 1572 3215 προφήτην
1610 3145 1710 3199 και
1748 3147 1870 3209 βα·

282 3237 504 3292 σιλέιι*
558 3236 917 3300 Εξσάκουσον,
973 3237 1168 3306 Κύριε,
1218 3238 1318 3305 τῆς
1349 3236 1665 3306 προσευχῆς
1723 3251 1864 3305 μουο

282 3326 361 3385 οὗ
385 3329 516 3396 ταῖς
541 3329 912 3398 συμϐουλαῖς
937 3329 990 3383 ει
1019 3329 1377 3397 προσχοίης,
1404 3327 1572 3396 μάλα
1601 3328 1866 3381 σεαυτὸν

279 3422 649 3493 ὠφελήσεις.
704 3420 888 3490 Ἑξῆν
914 3421 1031 3490 μὲν
1076 3417 1195 3476 οὖν
1231 3419 1614 3489 σαφέστερον
1665 3419 1866 3474 πάντα

281 3514 552 3585 φράζειν,
589 3514 784 3582 ἔγνων
810 3512 884 3565 δὲ
916 3512 1165 3582 ἄμεινον
1199 3509 1372 3570 εἶναι,
1399 3511 1484 3579 μὴ
1537 3513 1605 3564 τὸ
1637 3510 1865 3565 ὀστοῦν

282 3606 642 3663 παντάπασι
680 3605 791 3674 τῆς
821 3621 888 3671 τε
920 3603 1150 3671 σαρκὸς
1193 3602 1548 3671 ἀφελέσθαι,
1588 3602 1668 3668 ὡς
1710 3601 1868 3654 εἷναί

279 3719 340 3754 τι
372 3699 562 3766 ταύτῃ
613 3695 686 3764 τᾶ
725 3697 898 3763 θοίνῃ
935 3692 1017 3759 τῷ
1053 3692 1366 3760 δαιτυμόνι
1414 3689 1704 3758 διεγεῷον
1751 3687 1868 3753 τὴν

282 3792 510 3860 ὄρεξιν,
546 3785 1029 3854 σπουδαιοτέραν
1055 3783 1252 3851 ζητεῖν
1294 3782 1546 3851 τροφήν.
1579 3779 1733 3832 Οὐδὲ
1756 3777 1866 3849 γὰρ

279 3882 477 3954 ἐχρῆν
515 3879 674 3950 ἡμᾶς
718 3880 870 3947 πρὸς
898 3874 1288 3947 γενναιότητὰ
1321 3891 1396 3930 σε
1437 3872 1866 3945 παρακαλοῦν-

281 3995 414 4044 τας,
461 3975 656 4044 νωθρὰ
686 3971 851 4027 σιτία
901 3971 999 4025 καὶ
1044 3969 1328 4035 ἀνειμένα
1367 3982 1464 4022 σοι
1505 3964 1865 4034 παρασχεῖν.

281 4071 367 4126 Σὺ
414 4067 482 4122 δὲ
536 4066 811 4130 διανοίας
867 4063 1220 4132 στεῤῥότητι
1258 4060 1328 4114 τὸ
1378 4057 1868 4127 δυσχερέστερον

277 4163 470 4225 λύων,
497 4157 814 4227 βρώσιμον
846 4154 1050 4220 σαυτῷ
1079 4154 1280 4220 καλῶς
1305 4152 1415 4208 τὸν
1441 4150 1677 4223 μυελὸν
1715 4149 1864 4204 ἀπο-

279 4255 527 4325 φήναις,
559 4251 627 4318 ὃς
663 4251 740 4321 δὴ
781 4250 992 4314 πολλῷ
1019 4266 1134 4302 σου
1165 4249 1268 4317 τὴν
1307 4247 1525 4317 ψυχὴν
1553 4245 1776 4314 ἀμείνω
1801 4261 1866 4312 γε

278 4349 525 4412 πάντως
557 4345 760 4410 δείξει,
802 4342 835 4411 ἢ
867 4342 934 4396 τὸ
976 4342 1289 4413 Ἀχιλλέως
1321 4340 1492 4410 σῶμα
1522 4343 1575 4394 ol
1620 4337 1865 4408 μυθικοὶ

279 4441 402 4494 τῶν
449 4439 739 4492 λεόντων.
786 4437 1068 4505 Πείθομαι
1104 4433 1214 4502 γὰρ
1251 4429 1402 4487 εἶναι
1430 4432 1729 4486 τοσοῦτον
1773 4431 1868 4486 ἐν·

280 4531 586 4586 ταυθοῖκτὸ
619 4528 939 4589 συνοῖσον,
964 4528 1118 4581 ὅσον
1143 4543 1228 4597 γε,
1254 4526 1307 4580 εί
1345 4525 1689 4595 φιλοπόνως
1717 4523 1865 4578 αὐτὸ

1961 657 2107 726 quod
2136 673 2263 710 sane
2294 673 2633 726 permagnam
2666 660 2718 712 in
2769 657 2886 711 ludi
2949 657 3229 727 magistro.
3301 657 3538 716 doctore.

1967 753 2148 822 quovis
2179 752 2287 806 alio
2319 754 2397 807 vel
2429 755 2755 818 moderante,
2791 753 2868 806 vel
2901 753 3126 822 fingente
3151 750 3405 820 juvenum
3455 751 3540 803 in-

1967 843 2140 910 genia,
2179 843 2283 895 vim
2306 843 2479 908 habet,
2502 844 2632 897 milii
2671 844 2880 913 quidem
2912 843 3123 895 omnino
3167 842 3289 895 licet
3315 860 3328 896 :
3359 853 3412 894 at
3439 857 3544 894 non

1965 934 2151 987 itidem
2181 935 2314 1000 illis,
2345 936 2559 989 etiamsi
2585 935 2664 990 vel
2720 937 3085 989 universorum
3118 934 3171 988 in
3231 951 3396 987 unum
3453 951 3538 986 sa-

1965 1029 2163 1097 pientia
2198 1036 2368 1082 coeat.
2397 1027 2512 1093 Quo
2533 1031 2672 1082 enim
2713 1038 2871 1098 pacto
2913 1027 2993 1082 rel
3017 1027 3201 1091 libere,
3236 1027 3315 1080 vel
3370 1026 3544 1096 ﬁdeli-

1971 1130 2070 1182 ter,
2101 1121 2176 1174 vel
2193 1121 2514 1190 confidenter
2531 1122 2688 1191 regis,
2706 1123 2897 1188 patris,
2920 1121 3078 1174 amici
3095 1137 3260 1181 more,
3285 1135 3546 1190 pra'cepe-

1967 1214 2078 1265 rint
2108 1213 2166 1275 ii,
2195 1214 2286 1282 qui
2308 1223 2356 1266 et
2380 1214 2589 1280 imperii
2617 1213 2913 1283 majestate.
2941 1213 3249 1266 interritum
3307 1213 3546 1264 animum

1969 1306 2349 1374 suppeditante,
2368 1315 2572 1369 carent,
2606 1317 2653 1358 et
2694 1305 2997 1372 a/Tectione,
3023 1304 3072 1357 vi
3099 1302 3370 1356 naturalis
3397 1318 3550 1354 amo-

1970 1399 2044 1451 ris
2066 1398 2340 1451 universas
2365 1398 2503 1451 alias
2548 1405 2828 1465 superante
2875 1405 2922 1450 et
2975 1396 3235 1458 amicitia,
3290 1394 3546 1463 ﬁduciam

1967 1499 2228 1558 prartextu
2258 1489 2652 1559 familiaritatis
2680 1489 2944 1558 augente?
2984 1487 3240 1556 Exemplo
3278 1499 3401 1540 sunt
3425 1487 3543 1550 Dio,

1971 1581 2262 1648 Isocrates,
2297 1585 2590 1648 complures
2621 1581 2742 1644 alii,
2765 1583 2856 1650 qui
2883 1583 3140 1650 scripsere
3204 1580 3412 1648 quidem
3459 1579 3545 1634 illi

1969 1673 2166 1727 multas
2190 1674 2363 1742 regias
2390 1674 2488 1742 (sic
2513 1673 2648 1726 enim
2680 1672 2963 1742 appellata:
2983 1671 3128 1742 sunt)
3155 1673 3448 1732 orationes,
3477 1670 3548 1723 ad

1969 1764 2110 1833 ips'os
2140 1767 2298 1818 etiam
2324 1781 2467 1834 reges
2499 1781 2519 1818 :
2543 1764 2633 1818 sed
2649 1764 2790 1833 quod
2815 1779 3053 1832 persona:
3085 1772 3194 1816 tam
3227 1777 3358 1825 sum,
3387 1778 3546 1832 quam

1971 1860 2130 1928 regiae
2157 1861 2405 1912 decorum
2435 1875 2644 1913 servare
2695 1867 2964 1927 cuperent,
3000 1873 3092 1910 nec
3123 1857 3198 1910 vel
3256 1856 3545 1910 insolentes

1967 1950 2044 2003 vel
2071 1950 2302 2017 protervi
2364 1951 2530 2004 videri
2556 1967 2570 2003 :
2599 1950 2814 2018 prolixa
2848 1950 3046 2018 regiam
3074 1948 3418 2002 eminentiam
3459 1963 3548 1998 ar-

1970 2053 2022 2098 te
2044 2043 2359 2108 demulcent,
2393 2061 2454 2098 ac
2478 2044 2668 2098 deinde
2694 2061 2756 2098 ne
2786 2045 2861 2098 sic
2881 2042 3088 2109 quidem
3115 2043 3274 2096 libere
3312 2041 3446 2094 satis
3467 2039 3545 2102 id,

1967 2135 2105 2204 quod
2140 2136 2418 2189 dicendum
2439 2144 2576 2200 erat,
2624 2135 2995 2202 pronuntiant.
3052 2132 3139 2186 Ex
3186 2132 3269 2185 liis
3307 2130 3544 2200 equidem

1968 2229 2192 2298 virisque
2217 2240 2473 2295 pratersa
2507 2227 2884 2289 divinioribus,
2942 2225 3190 2280 collectas
3219 2225 3374 2278 hasce
3422 2239 3552 2300 sem

1970 2319 2183 2381 tentias,
2209 2319 2392 2388 quibus
2422 2326 2473 2372 et
2509 2335 2540 2371 a
2573 2318 2723 2372 nobis
2762 2317 2999 2387 fortasse
3039 2332 3142 2369 non
3209 2327 3547 2368 contemnen-

1967 2411 2092 2464 dum
2116 2411 2319 2480 aliquid
2349 2411 2617 2479 adjectum
2644 2420 2743 2474 est,
2794 2410 2957 2462 libere
2981 2426 3044 2462 ac
3094 2420 3316 2478 paterae
3345 2406 3424 2460 (ut
3467 2408 3546 2460 ita

1967 2502 2174 2574 loquar)
2202 2505 2391 2574 offerre
2422 2503 2516 2556 tibi
2543 2503 2709 2564 volui,
2734 2518 2826 2556 ceu
2857 2502 3086 2556 debitum
3105 2501 3309 2567 pariter
3340 2515 3402 2552 ac
3429 2513 3545 2550 mu-

1970 2613 2088 2658 nus,
2116 2607 2323 2651 centum
2355 2595 2619 2664 capitibus
2672 2594 2958 2654 inclusum,
3017 2607 3137 2662 qua:
3187 2591 3548 2645 Acrosticliide

1968 2689 2199 2758 quadam
2230 2688 2563 2756 digeruntur,
2599 2687 2652 2740 in
2689 2703 2794 2753 qua
2830 2678 2960 2754 ipsa
2994 2701 3118 2753 pars
3176 2685 3422 2753 qutedam
3468 2690 3546 2736 est

1968 2780 2096 2840 voti.
2128 2776 2266 2847 quod
2299 2795 2332 2831 a
2366 2777 2471 2830 Deo
2509 2777 2725 2830 minime
2755 2777 2904 2845 rejici
2958 2785 3103 2842 opto,
3147 2776 3193 2828 si
3229 2774 3442 2838 quidem
3493 2783 3545 2827 et

1967 2888 2064 2940 pro
2095 2881 2209 2924 voto
2238 2886 2413 2936 preces
2445 2867 2802 2937 concipienda!
2827 2877 2974 2930 sunt,
2994 2883 3137 2920 more
3161 2867 3296 2920 vatis
3319 2876 3368 2919 et
3409 2865 3545 2935 regis

1970 2963 2116 3018 illius
2146 2963 2475 3028 admirandi,
2507 2962 2599 3031 qui
2632 2961 2807 3015 dixit:
2843 2959 3073 3025 Exaudi,
3115 2959 3370 3024 Domine,
3415 2973 3545 3027 pre-

1971 3055 2245 3109 cationem
2291 3069 2493 3108 meam.
2530 3052 2610 3107 Tu
2645 3054 2693 3107 si
2715 3053 2955 3106 animum
2985 3053 3205 3121 iis,quce
3262 3051 3548 3106 consulun-

1973 3157 2082 3210 tur,
2113 3147 2425 3213 adverteris,
2457 3162 2705 3215 magnum
2739 3147 2848 3214 ipse
2878 3146 2976 3198 tibi
2998 3145 3399 3198 emolumentum
3424 3142 3553 3212 affe-

1972 3254 2075 3295 res.
2108 3239 2361 3295 Poterant
2397 3249 2574 3292 autem
2607 3239 2786 3292 omnia
2810 3238 2993 3306 ptiullo
3037 3237 3326 3291 dilucidius
3391 3251 3551 3304 expo-

1969 3333 2044 3393 ni,
2073 3335 2163 3386 sed
2187 3331 2556 3386 existimabam
2587 3330 2850 3400 equidem,
2883 3331 3069 3383 melius
3107 3346 3240 3393 esse,
3279 3345 3378 3382 non
3396 3331 3551 3398 quid-

1965 3423 2092 3492 quid
2113 3433 2243 3476 esset
2276 3437 2548 3483 osseum,e
2580 3437 2739 3474 carne
2761 3436 2979 3488 prorsus
3007 3420 3171 3473 eximi
3205 3434 3224 3472 :
3244 3429 3298 3472 ut
3323 3428 3549 3473 restaret

1967 3515 2172 3584 aliquid
2186 3517 2238 3566 in
2256 3514 2353 3566 hoc
2371 3513 2546 3580 epulo,
2566 3512 2706 3582 quod
2734 3512 2802 3565 ad
2825 3510 3164 3582 qua-rendum
3193 3511 3414 3580 majoris
3441 3526 3555 3564 mo-

1968 3607 2132 3661 menti
2151 3605 2324 3658 cibum
2343 3605 2572 3658 convivia
2603 3605 2839 3657 animum
2858 3604 3129 3657 excitaret.
3146 3599 3257 3656 Nec
3276 3604 3414 3656 enim
3454 3618 3554 3672 par

1966 3709 2080 3754 erat
2111 3717 2142 3752 a
2165 3699 2336 3763 nobis,
2359 3698 2430 3751 ad
2453 3699 2826 3750 strenuitatcm
2843 3705 2891 3749 te
2921 3697 3342 3760 cohortantibus,
3383 3695 3552 3764 inefﬁ-

1967 3809 2112 3847 caces
2139 3809 2203 3845 ac
2235 3791 2416 3845 molles
2436 3789 2530 3842 tibi
2565 3789 2711 3842 cibos
2754 3789 2959 3857 offerri.
2988 3789 3066 3843 Tu
3128 3790 3315 3842 mentis
3367 3787 3554 3841 robore
3593 3857 3598 3861 _

1967 3884 2222 3954 quidquid
2276 3882 2555 3951 dif/icilius
2607 3890 2707 3943 est,
2764 3881 3009 3950 digerens
3060 3889 3198 3933 recte
3262 3875 3555 3933 medullam

1967 3975 2141 4046 ipsam
2172 3974 2497 4029 esculentam
2528 3973 2624 4027 tibi
2653 3971 2882 4037 reddito,
2943 3987 3060 4042 quas
3107 3971 3343 4039 animum
3405 3979 3554 4022 tuum

1969 4067 2136 4122 multo
2162 4083 2289 4121 sane
2312 4066 2579 4120 meliorem
2631 4065 2834 4135 efﬁciet,
2894 4081 3054 4134 quam
3099 4079 3287 4132 corpus
3324 4061 3554 4116 Achillis

1969 4159 2202 4224 leonum,
2224 4159 2364 4212 utin
2387 4157 2586 4228 fabulis
2610 4167 2710 4220 est,
2735 4155 3002 4211 medullis.
3029 4155 3168 4210 Nam
3195 4155 3325 4209 mihi
3345 4153 3556 4225 quidem

1967 4267 2276 4323 persuasum
2296 4261 2397 4316 est,
2422 4260 2625 4304 tantum
2639 4251 2724 4304 hic
2739 4250 2908 4303 inesse
2932 4251 3160 4318 fructus,
3191 4257 3267 4312 ut,
3283 4249 3330 4300 si
3345 4247 3554 4316 quidem

1967 4361 2086 4400 eum
2120 4344 2353 4399 studiose
2382 4343 2726 4411 decerpseris,
2771 4341 2930 4411 facile
2947 4341 3438 4407 pratstantissimus
3504 4350 3554 4393 et

1967 4437 2240 4490 hominum
2265 4437 2337 4489 sis
2359 4451 2618 4490 evasurus
2653 4445 2698 4489 et
2719 4450 2921 4504 regum.
2949 4433 3103 4501 Quod
3131 4435 3178 4488 si
3209 4443 3397 4487 auctor
3460 4431 3558 4484 lio-

1969 4547 2087 4584 rum
2109 4547 2204 4599 ego
2236 4531 2403 4584 multo
2424 4546 2542 4584 sum
2578 4530 2803 4600 inferior
2830 4530 2919 4592 iis,
2957 4544 3076 4596 qua:
3113 4527 3199 4581 hic
3235 4544 3267 4580 a
3301 4542 3380 4579 me
3436 4542 3558 4594 per-

279 4623 555 4692 δρέιῦηιο,
603 4621 828 4688 ῥᾳδίως
856 4617 1164 4686 ἀποφήναι
1203 4633 1278 4672 σε
1325 4615 1578 4684 ἄριστον
1625 4613 1862 4682 ἀνδρῶν

1968 4624 2166 4692 scripta
2199 4631 2363 4677 sunt:
2398 4623 2614 4676 minime
2666 4621 2721 4676 id
2755 4621 2968 4690 quidem
3025 4619 3396 4687 impedimento
3446 4617 3546 4669 tibi

280 4733 345 4769 τε
373 4712 816 4777 καιβασιλέων.
842 4711 910 4763 Ei
929 4709 980 4764 δ’
1005 4711 1038 4762 ό
1060 4708 1244 4762 ταῦτα
1264 4707 1504 4778 γράφων
1522 4705 1636 4777 ἐγὼ
1655 4703 1864 4770 πολλῷ

278 4805 488 4876 χεῖρον
504 4805 624 4871 ἔχω
654 4801 772 4856 τῶν
792 4799 1235 4870 γεγραμμένων,
1265 4799 1427 4853 ἀλλά
1452 4813 1550 4853 σοι
1577 4797 1664 4868 μὴ
1687 4795 1864 4851 τοῦτο

275 4901 436 4952 ἔστω
469 4895 621 4964 πρὸς
648 4895 716 4947 τὸ
742 4893 936 4948 καλὸν
976 4891 1240 4962 κώλυμα,
1274 4891 1310 4960 ἢ
1344 4887 1548 4962 εἶργόν
1575 4909 1628 4944 τι
1685 4905 1865 4944 τοπα·

269 4991 480 5062 ράπτιν
507 5006 519 5019 ·
554 4988 695 5042 ἀλλ’
719 4988 776 5039 εἴ
807 4987 924 5040 πού
955 5003 1010 5040 τι
1038 4987 1135 5040 καὶ
1168 4984 1420 5050 βέλτιον
1447 4985 1694 5053 εὕρηται
1725 4983 1864 5052 παρ’

273 5084 429 5152 ἐμοὶ,
465 5081 597 5135 ἐπεὶ
641 5080 855 5150 μηδεὶς
899 5079 1216 5148 ἐστέρηται
1267 5080 1513 5134 πάντων
1557 5077 1705 5148 ἑξῆς
1745 5076 1866 5130 τῶν

273 5174 509 5234 καλῶν,
553 5173 706 5241 ἡγοῦ
749 5185 848 5226 σοι
887 5171 1142 5238 πρέπειν
1167 5171 1344 5226 τοῦτο
1375 5170 1860 5239 κληρονομῆσαι,

273 5264 562 5332 καὶπρὸς
610 5263 894 5317 ἐπίδοσιν
937 5262 1186 5332 ἀγαγεῖν
1224 5262 1437 5328 πολλῷ
1478 5279 1545 5332 τε
1598 5264 1864 5330 κρείσσω

275 5358 794 5429 φιλοτιμήσεσθαι
826 5357 863 5425 ἢ
892 5354 1008 5422 τὴν
1039 5357 1262 5410 οὐσίαν
1295 5357 1410 5423 τὴν
1431 5357 1730 5424 πατρικὴν
1763 5356 1862 5409 καὶ

271 5451 609 5517 ,ϐασιλείαν
657 5449 874 5517 αὑτήν.
931 5448 1089 5517 Τάμά
1129 5449 1198 5501 δέ
1227 5447 1474 5516 έλαττώρ
1501 5465 1612 5502 ατα
1647 5448 1865 5518 διορῶν

282 5541 510 5616 (πολλὰ
563 5542 622 5595 δ’
665 5541 820 5604 ἐστι,
857 5543 954 5596 καὶ
996 5543 1251 5611 μεγάλα)
1281 5541 1420 5596 θέλε
1470 5559 1522 5594 τι
1560 5542 1658 5594 και
1705 5540 1865 5609 παρὰ

277 5639 512 5692 τούτων
564 5635 867 5705 κερδᾶναι,
900 5636 1280 5690 διδάσκαλον
1324 5636 1479 5690 αὐτὰ
1511 5634 1862 5705 προστησά-

273 5749 465 5800 μενος
489 5731 636 5796 ,ϐίου
663 5749 728 5786 τε
761 5732 1106 5800 ἀμείνονος,
1135 5731 1232 5785 καὶ
1264 5731 1574 5796 πολιτείας
1601 5731 1868 5800 ἀσφαλε-

277 5822 522 5890 στέρας.
557 5825 759 5878 Καλόν
783 5839 884 5878 σοι
918 5824 1028 5893 γὰρ
1069 5824 1347 5888 ἐκείνους
1366 5821 1771 5891 μιμήσασθαι,
1809 5821 1867 5877 οἳ

277 5913 400 5982 τοῖς
423 5914 639 5985 ἐτέρων
662 5917 973 5988 ναυφίοις
996 5914 1406 5981 διασώζονται,
1434 5915 1550 5970 ἀπὸ
1573 5913 1687 5970 τῶν
1714 5915 1863 5970 euel-

1969 4721 2041 4775 sit
2072 4721 2142 4774 ad
2158 4722 2425 4782 virtutem,
2457 4718 2531 4774 vel
2552 4717 2668 4772 ulla
2684 4719 2736 4770 in
2769 4727 2921 4786 parte
2971 4717 3140 4770 obstet
3173 4717 3302 4770 :sed
3333 4715 3382 4769 si
3430 4713 3556 4781 quid

1972 4815 2114 4884 apud
2136 4831 2216 4868 me
2248 4816 2323 4868 rei
2365 4813 2596 4868 melioris
2622 4813 2781 4883 fuerit
2813 4812 3082 4865 inventum
3114 4813 3134 4877 (
3163 4806 3376 4873 quando
3397 4822 3550 4858 nemo

1969 4909 2224 4962 bonorum
2249 4923 2472 4972 prorsus
2502 4906 2736 4960 omnium
2770 4919 2954 4958 exsors
2988 4899 3114 4968 est),
3134 4898 3190 4952 id
3220 4899 3299 4951 uti
3319 4897 3558 4951 ltatredi-

1969 5006 2079 5052 tate
2096 4997 2285 5061 adeas,
2319 5007 2366 5050 et
2384 4999 2609 5050 multum
2631 4996 2924 5063 adaugeas,
2940 4990 3232 5045 studiosius
3250 5003 3314 5041 ea:
3352 4988 3557 5040 ratione

1968 5091 2146 5144 decori
2169 5087 2384 5157 putabis
2409 5084 2792 5140 elaborandum
2821 5096 2978 5152 quam
3024 5078 3101 5132 vel
3135 5077 3270 5131 bona
3321 5087 3553 5147 paterna

1967 5183 2046 5238 vel
2073 5183 2246 5252 ipsum
2277 5195 2514 5250 regnum.
2556 5176 2700 5231 Vitia
2724 5190 2842 5228 vero
2875 5189 2987 5226 mea
3037 5173 3357 5240 perspiciens
3415 5171 3557 5240 (qutv

1968 5292 2097 5332 sane
2128 5272 2393 5345 permulta
2424 5279 2474 5324 et
2516 5285 2710 5340 magna
2734 5267 2906 5332 sunt),
2927 5281 2990 5318 ea:
3016 5265 3084 5318 iis
3111 5280 3319 5335 quoque
3342 5263 3554 5316 lucrum

1969 5367 2186 5440 aliquod
2210 5367 2477 5437 percipere
2503 5363 2670 5426 velis;
2706 5360 3047 5432 pra'ﬁciendo
3077 5359 3277 5413 scilicet
3317 5358 3415 5411 illa
3450 5357 3546 5410 tibi

1966 5479 2060 5516 ceu
2088 5460 2367 5532 quemdam
2396 5460 2514 5512 vita:
2536 5455 2768 5509 melioris
2798 5454 3112 5522 tutiorisque
3141 5450 3550 5518 gubernationis

1966 5554 2301 5624 magistrum.
2335 5549 2480 5602 Nam
2514 5557 2649 5601 recte
2678 5546 2890 5617 feceris,
2924 5545 2970 5597 si
2999 5560 3085 5597 eos
3108 5543 3271 5624 fueris
3305 5543 3550 5594 imitatus

1965 5649 2056 5719 qui
2080 5646 2382 5717 naufragiis
2407 5645 2594 5699 alienis
2633 5651 2933 5703 servantur,
2973 5638 3191 5692 illorum
3215 5635 3423 5689 delictis
3454 5634 3553 5686 ad-

1967 5741 2227 5810 versisque
2261 5737 2495 5800 casibus,
2529 5735 2656 5806 quid
2675 5751 2804 5802 opus
2830 5732 2974 5801 facto
2999 5732 3086 5789 sit,
3144 5728 3318 5790 edocti
3355 5741 3374 5778 :
3420 5725 3552 5777 dum

1969 5825 2042 5880 rel
2074 5825 2285 5895 longum
2323 5825 2440 5878 vale
2465 5820 2894 5890 navigationibus
2925 5821 3131 5880 dicunt,
3169 5817 3243 5869 rel
3271 5831 3365 5884 pro
3425 5814 3551 5866 viri-

1968 5921 2059 5974 bus
2090 5920 2190 5973 sibi
2215 5917 2515 5972 consulunt.
2568 5916 2704 5979 Qum
2729 5923 2775 5967 et
2807 5911 2938 5966 illud
2973 5908 3259 5976 aliquando
3326 5904 3544 5967 accidit,
3593 5931 3615 5952 ο
