3978 6580
215 355 321 419 321

1147 354 1244 417 PR
1257 353 1562 416 IECEPTA
1606 349 2048 412 EDUCATION
2059 350 2129 411 IS
2160 349 2446 412 REGUE.

3392 347 3503 410 ΜΞ

209 475 363 544 πρὸς
399 471 496 535 τὰς
531 470 728 542 ἡδονὰς
775 469 1040 539 πόλεμον,
1071 467 1136 521 ού
1167 467 1350 536 πάντη
1379 465 1436 520 δὲ
1461 463 1634 526 οὕτως
1664 463 1800 532 ἔχει.

1931 461 2128 516 ridetur
2157 477 2304 527 esse,
2334 462 2462 518 belli
2489 449 2608 534 ejus
2634 475 2823 525 causa,
2857 460 3002 531 quod
3036 475 3160 514 cum
3206 459 3504 531 voluptati-

207 566 293 619 Ού
329 565 447 634 γάρ
472 563 672 632 ήδονῆς
691 562 936 631 ἀμοιρεῖ,
954 559 1032 629 τῷ
1061 559 1330 612 συνειδότι
1353 557 1451 611 καὶ
1472 557 1590 616 ταῖς
1619 555 1805 608 ἐλπίσι

204 659 450 726 τέρπειν
481 654 663 718 εἰδώς.
691 655 964 723 Πρόσεστι
993 653 1049 706 δέ
1075 669 1140 721 γε
1169 651 1346 717 τούτῳ
1377 651 1471 702 καὶ
1493 647 1554 700 τὸ
1583 647 1802 716 σεμνὸν,

198 751 308 804 καὶ
343 748 414 803 τὸ
441 747 692 819 διαρκὲς,
721 747 838 800 δντι
857 763 923 815 γε
947 745 1270 799 παντάπασι
1294 741 1541 812 χρηστῷ.
1565 739 1808 794 Τοιαῦτα

195 845 275 898 τὰ
317 841 407 912 μὴ
438 841 804 910 νενοθευμένα
856 839 966 892 τῶν
1013 837 1260 907 ἀγαθῶν.
1323 839 1422 890 ’ον
1471 834 1538 889 ἂν
1568 831 1810 904 ἐραστὴν

195 933 408 988 αὐτῶν
441 933 592 998 ἅπαξ
621 932 801 996 λάϐοι,
859 930 1146 1003 χειροῦται
1189 947 1275 994 τε,
1327 929 1424 984 καὶ
1473 928 1574 982 οὒκ
1616 928 1681 997 ἐᾷ
1710 927 1811 996 τὴν

196 1028 418 1094 ἔφεσιν
458 1025 642 1080 αὐτῶν
683 1023 993 1078 πλανᾶσθαι
1044 1024 1179 1092 πρός
1221 1039 1276 1075 τι
1317 1021 1576 1091 μάταιον.
1623 1019 1716 1090 Τῷ
1754 1019 1812 1071 δὲ

198 1119 508 1188 δευτέρῳ,
539 1117 642 1187 τὴν
677 1117 875 1188 ἡδονὴν
929 1117 1084 1179 τέλος
1137 1116 1336 1186 ἔχοντι,
1388 1114 1512 1192 οὔτε
1564 1115 1816 1168 σύνεστιν

202 1210 390 1263 οὐδὲν
415 1209 585 1276 ύγιὲς,
606 1207 725 1262 οὔτ’
755 1209 1043 1279 ὲφέψεται.
1077 1209 1246 1264 Οὐδὲν
1270 1209 1480 1276 γένοιτό
1500 1226 1609 1263 τινι
1643 1209 1817 1280 ἡσθῆ-

205 1319 310 1354 ναι
376 1301 462 1354 διὰ
511 1300 704 1364 τέλους
755 1301 836 1354 ἑνί
885 1319 965 1373 τῳ
1014 1301 1326 1372 πράγματι,
1385 1301 1576 1356 ἄλλοτε
1637 1301 1815 1357 ἄλλων

202 1390 568 1462 ὀρεγομένῳ,
603 1390 719 1445 τῶν
752 1390 920 1460 μηδὲν
944 1393 1021 1454 ὠς
1053 1391 1273 1460 άληθῶς
1300 1391 1473 1445 ὅντων
1498 1393 1692 1462 ἡδέων,
1722 1391 1815 1445 καὶ

205 1485 308 1536 διὰ
352 1481 518 1536 τοῦτο
554 1483 1028 1552 μεταπεμπόντων
1055 1483 1144 1536 del.
1183 1485 1320 1554 πρὸς
1349 1483 1537 1554 ἕτερα.
1583 1483 1641 1536 '0
1697 1482 1817 1554 τρί-

207 1593 311 1638 τος
365 1575 550 1645 μέντοι
610 1575 710 1628 καὶ
764 1577 932 1644 μέσος
983 1574 1148 1628 ἔστω·
1200 1575 1293 1628 ἵνα
1334 1575 1410 1646 μὴ
1447 1573 1706 1644 ’σκληρῶς
1752 1577 1818 1628 ὲκ

210 1666 542 1736 προοιμίων
591 1667 1008 1736 ἑπιτάττοιμεν,
1039 1669 1088 1720 οῖ
1127 1667 1238 1722 τῶν
1270 1668 1491 1736 ἀγαθῶν
1521 1668 1620 1722 οὐκ
1653 1667 1822 1740 ἔργά-

1911 553 2013 609 bus
2045 554 2205 624 gerit,
2236 555 2334 612 sed
2370 556 2424 610 in
2451 555 2768 612 universum
2802 554 2875 610 ita
2906 563 3223 621 comparata
3257 571 3364 608 non
3395 565 3504 624 est,

1909 641 2266 715 Nequaquam
2315 647 2464 700 enim
2523 648 2823 717 voluptatis
2871 661 3068 713 espers
3116 653 3222 710 est,
3279 661 3406 700 cum
3454 655 3510 700 et

1912 737 2044 792 recti
2076 739 2420 794 conscientia
2461 721 2514 795 et
2543 756 2640 810 spe
2668 741 2940 797 delectare
2970 742 3337 795 consueverit.
3368 741 3508 796 Cum

1913 831 2106 887 eadem
2138 832 2270 899 vita,
2303 824 2524 902 penitus
2560 842 2727 900 bona,
2758 833 3055 903 conjuncta
3093 844 3223 889 sunt
3269 835 3511 904 gravitas

1912 932 2076 990 atque
2109 925 2440 980 constantia.
2477 925 2751 980 Nimirum
2786 925 3056 996 ejusmodi
3108 937 3238 982 sunt
3274 942 3382 980 non
3431 929 3514 981 vi-

1915 1015 2044 1069 tiata
2068 1016 2232 1072 bona.
2257 1016 2654 1088 Quemcunque
2677 1019 2847 1074 semel
2873 1029 3176 1074 amatorem
3217 1019 3305 1074 sui
3351 1030 3512 1073 nacta

1916 1106 2145 1176 l‘uuint,
2187 1110 2233 1166 is
2263 1121 2317 1165 et
2349 1119 2522 1166 totum
2553 1125 2614 1165 se
2641 1111 2790 1166 dedit
2819 1111 2922 1176 eis,
2958 1112 3154 1166 nec-ad
3185 1112 3350 1166 ullam
3396 1129 3510 1167 rem

1916 1216 2110 1257 vanam
2143 1203 2362 1273 evagari
2390 1204 2745 1272 cupiditatem
2779 1203 2930 1259 sinit.
2961 1205 3154 1269 Alteri,
3199 1205 3359 1274 cujus
3389 1204 3516 1260 linis

1917 1305 2000 1350 est
2030 1296 2303 1364 voluptas,
2362 1310 2462 1352 nec
2495 1297 2637 1351 inest
2664 1297 2790 1351 boni
2832 1298 3154 1367 quidquam,
3211 1313 3313 1352 nec
3341 1299 3520 1352 comi-

1919 1388 2146 1444 tahitu‘r.
2181 1387 2324 1444 Fieri
2351 1399 2501 1444 certe
2528 1390 2741 1456 nequit,
2772 1397 2831 1443 ut
2863 1391 2990 1459 quis
3020 1406 3127 1446 una
3153 1406 3214 1446 re
3247 1400 3518 1462 perpetuo

1919 1481 2240 1554 delectetur,
2271 1482 2410 1538 alias
2440 1493 2706 1552 appetens
2735 1484 2858 1549 alia,
2897 1500 3020 1554 qua:
3052 1500 3159 1539 non
3191 1501 3384 1555 reapse
3427 1486 3518 1554 ju-

1921 1574 2102 1628 cunda
2129 1581 2282 1639 sunt,
2307 1573 2539 1644 ideoque
2570 1575 2636 1628 ad
2668 1576 2773 1630 alia
2815 1592 3032 1644 semper
3069 1576 3345 1631 hominem
3380 1591 3515 1632 avo-

1920 1676 2070 1722 cant.
2095 1666 2281 1722 Tertia
2305 1683 2461 1732 sane,
2485 1667 2664 1724 media
2692 1671 2942 1738 quaedam
2970 1681 3111 1732 esto,
3141 1685 3229 1732 ue.
3258 1671 3346 1740 qui
3374 1671 3516 1726 bona

210 1776 341 1813 ται.
383 1761 569 1812 Ἔστω
615 1758 681 1828 δὴ
721 1759 860 1822 τέως
911 1761 1043 1829 ἡμῖν
1085 1759 1162 1830 μὴ
1191 1759 1475 1822 παντελῶς
1505 1759 1817 1830 ἀπόϐλητον

1931 1773 2035 1814 non
2066 1759 2302 1815 facimus
2326 1762 2456 1831 ipsi,
2484 1762 2672 1816 statim
2706 1761 2773 1815 ab
2803 1760 2960 1816 initio
2992 1770 3267 1830 prmcepta
3295 1762 3516 1817 duriora

215 1851 284 1904 τὸ
318 1850 450 1921 ἡδὺ,
484 1850 618 1904 ἔνθα
643 1851 704 1904 ού
741 1850 1108 1920 προσίσταται
1146 1851 1208 1905 τὸ
1233 1852 1424 1907 κακόν.

997 2129 1074 2186 I".

300 2245 503 2314 Σαφῶς
533 2243 646 2299 ἴσθι
682 2244 816 2315 βίων
841 2243 940 2316 τὴν
969 2245 1182 2315 αἰρεσιν
1225 2243 1477 2315 γνώμης,
1508 2246 1570 2298 ού
1601 2243 1821 2314 φύσεως

230 2336 424 2396 οὖσαν.
462 2339 528 2393 Ἡ
554 2338 717 2409 φύσις
738 2337 844 2411 γὰρ
869 2337 1114 2404 Αἰθίοπι,
1135 2339 1229 2392 καὶ
1250 2338 1456 2410 Σκύθῃ,
1478 2339 1572 2391 καὶ
1602 2337 1816 2405 Κελτῷ,

235 2435 332 2489 καὶ
368 2434 541 2488 πᾶσιν
586 2431 714 2501 ἑξῆς
747 2430 1084 2501 ἀνθρώποις,
1120 2429 1217 2500 μία
1244 2447 1332 2494 τις
1355 2429 1493 2484 οὖσα
1532 2431 1814 2500 τυγχάνει.

247 2527 492 2598 Ὀλίγοις
525 2524 583 2578 δέ
625 2540 771 2577 τισιν
821 2523 1079 2594 ἰδιώμασι
1123 2525 1236 2587 τοῖς
1287 2523 1476 2592 γένεσι
1531 2526 1678 2577 ποιεῖ
1720 2524 1820 2594 τὴν

236 2615 528 2686 διαφοράν,
559 2614 672 2686 Τὴν
701 2614 761 2668 δὲ
793 2616 1116 2684 προαίρεσιν
1141 2615 1384 2686 χαλεπὸν
1421 2616 1517 2668 καὶ
1569 2615 1820 2685 ἀδελφοῖς

237 2709 316 2777 μὴ
353 2706 702 2778 μερίζεσθαι.
747 2705 958 2760 Οὐκοῦν
986 2707 1126 2776 ὅπερ
1171 2707 1306 2777 ἡμῖν
1352 2707 1592 2779 εῖρηται,
1625 2708 1675 2761 oi
1713 2708 1821 2778 βίοι

235 2803 352 2864 τοῖς
381 2800 698 2870 ἀνθρώποις
743 2799 803 2853 ού
847 2799 938 2852 διὰ
977 2797 1079 2869 τήν
1112 2797 1412 2869 ἀμέριστον
1458 2799 1624 2869 φύσιν
1665 2801 1822 2870 μερίο

237 2897 454 2960 ζονται,
483 2893 621 2948 ἀλλὰ
640 2893 730 2948 διά
749 2891 849 2962 τὴν
873 2891 1248 2964 μεριζομένην
1272 2892 1618 2964 προαίρεσιν.
1648 2894 1822 2947 Παντὶ

238 2991 298 3043 δὲ
324 2987 426 3060 βίῳ
444 2988 504 3040 τδ
529 2987 747 3058 ἥδιστον
769 2987 835 3040 ὲκ
867 2986 1157 3056 συνηθείας
1178 2981 1334 3068 οἶμαι
1361 2987 1817 3057 προσγίγνεσθαι,

241 3083 304 3135 οὐ
343 3080 421 3150 τῷ
450 3079 866 3148 ξυμπεφυκέναι
898 3077 1173 3143 καθάπαξ.
1203 3078 1368 3142 Ἰδοις
1391 3079 1502 3151 γὰρ
1526 3079 1593 3134 ἂν
1627 3081 1822 3151 ὲπίμου

1846 1825 1892 1882 Β
1925 1851 2224 1907 tradamus.
2254 1852 2525 1907 Nimirum
2561 1862 2790 1907 eatenus
2821 1854 3158 1922 voluptatem
3190 1871 3297 1908 non
3342 1857 3524 1909 omni.

1920 1959 1995 2000 no
2047 1944 2401 2014 rejicicndam
2447 1946 2737 2013 ducamus,
2773 1955 3046 2015 quatenus
3074 1946 3204 2001 mali
3236 1946 3519 2018 quidpiam

1920 2035 1972 2094 ei
2011 2050 2119 2091 non
2151 2035 2334 2090 adest.

1993 2242 2332 2299 Electiouem
2363 2243 2559 2300 horum
2591 2245 2716 2301 vita
2760 2261 3021 2317 generum
3056 2257 3206 2303 certo
3233 2247 3376 2304 scias
3399 2263 3524 2305 esse

1923 2338 2164 2400 consilii,
2229 2353 2338 2392 nou
2385 2351 2615 2394 naturae.
2684 2341 2895 2409 Quippe
2945 2349 3198 2396 naturam
3244 2341 3522 2411 Ethiops,

1925 2429 2151 2502 Scytha,
2183 2430 2391 2494 Gallus,
2431 2433 2682 2488 homines
2713 2433 2981 2499 universi,
3017 2450 3180 2488 unam
3216 2436 3522 2504 quamdam

1923 2523 2144 2584 habent,
2191 2522 2512 2578 nationibus
2544 2525 2680 2594 ipsis
2723 2524 2793 2579 ob
2823 2525 3050 2594 exiguas
3081 2526 3348 2595 quasdam
3385 2541 3517 2595 pro-

1921 2613 2182 2684 prietates
2222 2613 2454 2668 invicem
2499 2614 2967 2685 discrepantibus.
3005 2615 3189 2670 Animi
3244 2631 3376 2670 vero
3435 2615 3524 2670 in-

1923 2707 2176 2762 stitutum
2219 2705 2440 2762 diﬂicile
2471 2707 2633 2764 fuerit
2663 2708 2830 2762 etiam
2868 2708 2923 2762 in
2959 2705 3224 2762 fratribus
3253 2722 3363 2762 non
3396 2722 3526 2764 esse

1923 2799 2222 2854 diversum.
2272 2799 2534 2854 Rationes
2563 2815 2694 2870 ergo
2743 2801 2980 2866 vivendi,
3027 2815 3150 2854 ceu-
3169 2800 3373 2856 dictum
3419 2811 3524 2879 est,

1924 2906 2035 2946 non
2071 2891 2406 2948 indistincta:
2440 2903 2653 2952 natura:
2701 2894 2913 2950 ratione
2960 2895 3396 2965 distinguuntur,
3430 2894 3524 2949 sed

1924 2988 2142 3040 ratione
2168 2986 2469 3041 scindentis
2495 3002 2556 3041 se
2600 2987 2654 3041 in
2682 2987 2894 3043 diversa
2926 2989 3091 3044 studii
3119 3000 3172 3044 et
3209 2988 3523 3043 electionis.

1925 3076 2116 3133 Cuivis
2141 3087 2324 3132 autem
2356 3079 2478 3133 vine
2494 3080 2640 3150 quod
2665 3079 3129 3149 iucundissimum
3159 3093 3264 3147 est,
3289 3096 3352 3137 ex
3390 3095 3528 3136 con-

244 3174 376 3245 χθὸν
399 3188 455 3225 τε
474 3173 572 3224 καὶ
603 3170 807 3240 φαῦλον
831 3171 948 3241 βίον
973 3167 1349 3242 πεφιλημένον
1366 3172 1446 3242 τῷ
1470 3172 1822 3244 κεχρημένῳ,

1931 3169 2221 3224 suetudine
2254 3171 2538 3233 conciliari
2573 3172 2835 3238 arbitror,
2862 3189 2970 3228 non
3004 3189 3033 3228 a
3063 3183 3259 3229 natura
3299 3190 3527 3244 prorsus

248 3259 421 3333 οὗπερ
453 3264 554 3317 οὐκ
587 3262 655 3317 ἂν
685 3263 956 3333 ἠλλάξατο
1007 3263 1152 3335 ἀήθη
1172 3257 1447 3334 χγέμοντα
1480 3263 1698 3333 ἡδονῆς,
1724 3280 1828 3318 κα-

251 3356 592 3427 θαρευούσης
617 3355 898 3426 μέμψεως.
915 3355 1200 3426 Χρηστέον
1222 3355 1315 3409 οὖν
1345 3355 1412 3411 ἂν
1437 3357 1524 3427 sitq
1545 3357 1624 3426 τῷ
1646 3355 1829 3427 κρείτ-

254 3467 390 3512 τονι,
415 3448 494 3513 ὡς
522 3449 618 3502 τοῦ
655 3448 830 3520 ἡδέως
876 3451 945 3521 τῇ
992 3450 1190 3520 χρήσει
1238 3447 1579 3520 ἐφεψομένου
1619 3465 1680 3501 τε
1732 3449 1830 3503 καὶ

257 3543 702 3616 συμϐησομένου.

1014 3823 1088 3877 Δ’.

334 3933 472 3987 Ἴσοι
528 3931 724 4002 καιρέιν
769 3933 1076 4002 ἐπιτήδειον
1122 3932 1256 3988 ὅντα
1314 3951 1399 3988 σοι
1461 3935 1560 4007 τὴν
1615 3935 1832 4007 ήλικίαν
1865 3903 1900 3926 ﬁ

265 4028 590 4094 ἀκμάζοντι,
635 4027 750 4098 βίον
785 4026 1006 4081 ἑλέσθαι
1052 4027 1146 4083 τὸν
1185 4029 1429 4099 ἄριστον,
1467 4030 1563 4083 καὶ
1600 4029 1833 4083 διελθεῖν

263 4119 336 4184 ὡς
364 4121 581 4191 ἄριστα.
618 4121 714 4174 καὶ
743 4121 967 4188 ὲντῆξαι
997 4123 1062 4192 τῇ
1097 4121 1269 4193 ψυχῇ,
1314 4123 1410 4175 καὶ
1445 4121 1830 4191 ἀμετάστατον

266 4211 443 4275 δεῖξαι·
477 4212 558 4264 ὅτι
611 4227 672 4263 σε
722 4210 799 4278 μὴ
839 4211 1252 4281 προκατείληφε
1292 4213 1352 4265 τὸ
1378 4211 1663 4282 δυσχερές.
1723 4210 1834 4282 Πρὸ

267 4303 371 4370 γὰρ
397 4301 491 4354 τοῦ
529 4301 711 4370 σαυτῷ
746 4300 1083 4371 προστρῖψαι
1109 4303 1275 4368 κακά,
1309 4303 1482 4374 ῥᾷστα
1516 4305 1581 4358 ἄν
1623 4320 1706 4356 σοι
1739 4304 1836 4372 τέ-

269 4412 404 4448 νοιτο
429 4394 774 4463 κατορθῶσαι
803 4397 873 4448 τὰ
903 4395 1103 4463 ἀγαθά.
1151 4396 1254 4451 Ἦν
1294 4395 1351 4449 δὲ
1388 4396 1666 4468 μετάσχῃς
1694 4414 1836 4467 φαυ-

1930 3264 2070 3318 indi.
2104 3263 2237 3317 Nam
2270 3265 2459 3321 videas
2501 3264 2832 3321 laboriosam
2868 3269 3181 3339 malamque
3213 3269 3380 3322 vitam
3413 3268 3527 3322 ali-

1930 3358 2018 3412 cui
2049 3357 2298 3423 rharam,
2336 3359 2430 3429 qui
2457 3375 2518 3414 ea
2545 3360 2613 3416 sit
2647 3375 2783 3436 usus
2812 3377 2826 3415 :
2851 3377 2952 3416 nec
2987 3362 3256 3417 insuetam
3285 3377 3409 3419 cum
3437 3362 3530 3417 illa

1929 3454 2372 3515 comntutaverit,
2407 3451 2534 3506 licet
2577 3461 2630 3506 et
2669 3453 2968 3523 voluptatis
2999 3454 3156 3523 plena
3190 3455 3285 3519 sit,
3312 3464 3365 3508 et
3386 3457 3532 3508 vitu-

1933 3543 2088 3613 peric
2128 3543 2380 3598 thareat.
2419 3542 2694 3598 Utendum
2736 3560 2867 3614 ergo
2894 3547 3108 3602 ratione
3141 3547 3265 3601 vitae
3291 3546 3528 3613 meliori,

1931 3650 2098 3704 quam
2163 3650 2298 3690 usus
2349 3635 2465 3706 ipse
2520 3636 2818 3706 jucundam
2871 3653 2935 3693 ac
3002 3649 3213 3709 gratam
3270 3641 3528 3709 paulatim

1932 3726 2148 3782 etﬁciet.

2687 3819 2776 3874 IV.

2007 3927 2161 3983 Scire
2189 3929 2355 3985 debes
2380 3930 2495 3991 tibi,
2533 3933 2624 4002 qui
2657 3947 2805 3986 nunc
2835 3932 2886 3986 in
2923 3933 3044 4003 ipso
3074 3935 3250 3991 aetatis
3283 3953 3342 3992 es
3369 3937 3525 4000 ﬂore.

1934 4031 2396 4092 peropportunum
2457 4025 2561 4078 hoc
2612 4039 2734 4078 esse
2789 4035 3002 4095 tempus
3057 4027 3288 4098 eligendi
3361 4033 3526 4086 vitam

1935 4114 2223 4184 Optimam,
2249 4130 2413 4184 quam
2449 4124 2500 4170 et
2537 4115 2958 4186 praeclarissime
2990 4135 3141 4190 agas,
3165 4133 3217 4176 et
3238 4123 3526 4194 imprimas

1937 4208 2140 4272 animo,
2166 4218 2218 4263 et
2243 4207 2336 4262 tibi
2372 4209 2647 4278 propriam
2681 4226 2744 4266 ac
2777 4221 3101 4284 perpetuam
3135 4217 3353 4273 reddas.
3387 4217 3531 4275 Ner-

1939 4301 2066 4356 dum
2085 4301 2230 4356 enim
2257 4310 2305 4356 te
2323 4300 2616 4357 dillicultas
2640 4303 2981 4374 anticipavit.
3005 4305 3140 4362 Nam
3167 4310 3336 4379 prius,
3361 4329 3528 4382 quam

1939 4394 2058 4464 ipse
2117 4406 2170 4448 te
2201 4393 2348 4448 vitiis
2387 4394 2660 4463 inieceris,
2691 4397 3007 4453 facillimum
3039 4399 3202 4456 fuerit
3242 4419 3329 4460 res
3361 4405 3533 4463 bonas

270 4486 510 4554 λότητος,
535 4483 701 4554 διπλῆ
735 4484 1053 4554 μοχθήσεις.
1083 4484 1264 4538 Πολλὰ
1307 4485 1587 4556 πονήσεις,
1612 4487 1706 4539 καὶ
1738 4486 1825 4556 ἐρ·

1942 4495 2106 4554 atque
2138 4484 2428 4554 praeclaras
2463 4501 2646 4556 agerc.
2677 4487 2770 4542 Sin
2798 4490 3081 4558 pravitatis
3111 4493 3386 4565 particeps
3414 4499 3532 4553 fac-

270 4593 360 4645 γον
386 4575 546 4629 ἔσται
598 4575 980 4646 ἀπαλλαγῆναι
1033 4575 1130 4630 τοῦ
1173 4575 1416 4646 χείρονος
1463 4577 1609 4630 δυοῖν
1651 4577 1836 4646 χεροῖν

271 4667 542 4736 άπονίψει,
594 4667 692 4720 καὶ
719 4667 1004 4722 οἰκειῶσαι
1040 4668 1225 4736 σαυτῷ
1263 4668 1326 4721 τὸ
1369 4667 1580 4739 βέλτιον
1613 4669 1838 4738 ἀκριϐεῖ

272 4761 656 4832 προσαρμογῇ,
682 4757 862 4831 χρόνῳ
894 4759 988 4814 καὶ
1025 4761 1187 4832 μόγις
1225 4761 1512 4833 γινομένῃ.

1010 5049 1087 5104 E'.

221 5186 229 5192 ·
337 5165 472 5221 Λίαν
507 5181 602 5235 μοι
633 5164 784 5218 δοκεῖ
823 5162 995 5232 σαφὲς
1026 5160 1160 5217 εἶναι
1195 5164 1296 5235 τὴν
1336 5165 1446 5218 τῶν
1481 5165 1836 5236 κρατούντων

273 5256 614 5328 εὐδαιμονίαν
630 5257 732 5327 τῆς
751 5256 1256 5327 παντοκρατορικῆς
1277 5257 1458 5328 χειρὸς
1476 5257 1832 5330 ἐξηρτῆσθαι,

273 5351 450 5423 ἐπειδὴ
481 5351 579 5402 καὶ
607 5349 708 5420 τὴν
752 5348 980 5418 καρδίαν
1014 5349 1181 5416 φασὶν
1227 5349 1415 5420 ἐκείνῃ
1463 5350 1636 5421 δήπου
1675 5352 1839 5406 κατέ-

273 5441 475 5514 χεσθαι.
516 5442 636 5513 Χρή
672 5458 730 5493 σε
777 5437 871 5494 οὖν
902 5439 1250 5510 εὐδαιμονίας
1274 5443 1484 5512 ἐρῶντα
1514 5445 1718 5514 ταύτην
1761 5446 1834 5498 εῖ-

273 5537 414 5590 δέναι
437 5535 646 5606 ζητεῖν,
673 5535 796 5588 ὅθεν
819 5534 1007 5589 λαϐεῖν
1039 5534 1239 5600 ἔξεστι,
1262 5537 1465 5608 δηλαδὴ
1494 5540 1646 5611 παρὰ
1675 5540 1834 5607 Θεοῦ,

274 5629 488 5683 σεαυτὸν
543 5627 856 5698 παρέχοντα
900 5627 996 5682 τοῦ
1043 5630 1391 5699 εύδαιμονεῖν
1444 5632 1544 5685 οὐκ
1594 5632 1833 5697 ἀνάξιον.

281 5725 333 5777 '0
367 5723 474 5794 γὰρ
498 5723 593 5793 ’μὴ
628 5722 943 5792 συμϐαίνων
985 5727 1099 5786 τοῖς
1131 5723 1475 5794 πράγμασιν,
1522 5718 1598 5778 ὧν
1645 5726 1769 5796 ἐρᾷ,
1801 5726 1832 5796 ἢ

269 5815 378 5868 οὐδὲ
402 5819 503 5877 τὴν
537 5812 715 5886 ἀρχὴν
739 5813 880 5867 αὐτὰ
922 5816 1208 5885 κτήσεται,
1250 5815 1354 5870 κᾶν
1396 5817 1633 5888 μάλιστα
1661 5817 1835 5874 ταῦτα

1897 4591 1900 4594 '
1941 4587 2027 4633 tus
2055 4578 2248 4645 fueris,
2293 4579 2564 4648 duplicem
2603 4583 2914 4637 molestiam
2947 4586 3272 4654 experieris.
3307 4588 3531 4660 Magno-

1938 4685 2069 4740 pere
2096 4669 2395 4736 laborabis,
2428 4679 2483 4724 et
2511 4686 2807 4742 operosum
2850 4676 2976 4740 erit,
3005 4677 3292 4732 ambarum
3325 4690 3383 4734 ut
3413 4698 3531 4736 mn-

1941 4779 2109 4818 nuum
2144 4763 2492 4830 abstersione
2519 4763 2772 4821 libereris
2801 4782 2831 4821 a
2864 4769 3010 4822 malo
3043 4783 3058 4822 :
3097 4778 3152 4824 et
3181 4769 3382 4824 bonum
3431 4774 3529 4828 tibi

1940 4855 2200 4911 concilies
2221 4857 2573 4926 adjunctione
2597 4858 2831 4928 quadam
2857 4869 3135 4926 accurata,
3157 4876 3280 4931 quae
3304 4863 3389 4916 vix
3412 4864 3531 4920 lon-

1941 4964 2009 5018 go
2050 4950 2164 5003 lieri
2199 4957 2444 5020 tempore
2485 4950 2647 5007 solet.

2715 5062 2778 5117 V.

2009 5175 2321 5232 Admodum
2370 5176 2502 5232 mihi
2535 5176 2754 5231 videtur
2792 5191 2914 5231 esse
2947 5179 3320 5248 perspicuum,
3355 5181 3531 5241 felici-

1940 5275 2107 5322 tatem
2133 5281 2350 5331 eorutn,
2381 5266 2474 5336 qui
2501 5283 2682 5320 rerum
2717 5266 3024 5336 potiuntur,
3050 5271 3119 5324 ab
3148 5273 3530 5342 omnipotente

1939 5374 2102 5413 manu
2136 5359 2395 5428 pendere,
2425 5358 2650 5428 quando
2676 5368 2727 5413 et
2753 5374 2852 5416 cor
2895 5360 3136 5430 ipsorum
3167 5366 3356 5420 eadem
3393 5383 3529 5422 con-

1937 5450 2098 5506 tineri
2131 5450 2443 5519 perhibent.
2480 5453 2666 5520 Itaque
2701 5461 2750 5507 te
2779 5452 3055 5509 felicitatis
3089 5457 3348 5527 cupidum
3385 5460 3529 5516 scire

1938 5557 2162 5599 necesse
2189 5551 2294 5606 est,
2330 5558 2449 5597 eam
2483 5543 2555 5596 ibi
2585 5546 2955 5614 qurereudam,
3008 5551 3152 5605 unde
3180 5551 3385 5606 hauriri
3425 5569 3526 5622 po-

1940 5646 2068 5702 test,
2093 5636 2352 5690 nimirum
2376 5651 2406 5690 a
2440 5635 2581 5691 Deo:
2608 5637 2898 5706 prehendo
2932 5641 3278 5710 temetipsum
3307 5656 3413 5695 non
3437 5641 3522 5695 in-

1936 5727 2185 5797 dignum,
2215 5727 2305 5796 qui
2333 5726 2690 5797 prosperitate
2729 5727 2964 5784 fruatur.
2992 5729 3126 5786 Nam
3157 5732 3243 5787 cui
3285 5747 3407 5786 cum
3452 5729 3525 5786 iis

1937 5834 2077 5891 quas
2116 5819 2340 5888 expetit,
2380 5821 2545 5877 rebus
2578 5819 2724 5877 haud
2760 5824 3018 5878 convenit
3051 5843 3065 5880 :
3099 5825 3146 5880 is
3174 5823 3260 5880 vel
3292 5837 3524 5891 prorsus
