3978 6570
199 351 326 414 325

1170 351 1590 413 PRECEPTA
1623 350 2154 416 EDUCATIONIS
2191 348 2476 411 REGI/Ii.

3382 347 3488 414 326

199 471 470 525 ἁποδίδου
519 471 654 539 γοῦν
711 467 864 542 αὐτῷ
905 470 968 525 τὸ
1012 468 1172 542 χρέος
1221 471 1372 528 ἅπαν
1419 470 1500 533 είς
1532 469 1785 541 δύναμιν.

1906 473 2019 535 bos,
2056 467 2327 539 quidquid
2377 462 2605 520 omnino
2639 461 2826 526 debes,
2876 457 3152 516 exsolvas.
3189 457 3324 534 Nam
3371 459 3487 516 fieri

209 561 523 616 ’Δδύνατον
555 563 655 632 μὲν
675 562 786 632 γὰρ
813 563 1096 627 παντελῶς
1113 563 1301 634 ιργοις
1321 564 1470 633 ἡμᾶς
1500 562 1791 633 ἐφικέσθαι

193 654 312 710 τοῦ
342 655 614 726 μεγέθους
643 656 754 709 τῶν
788 655 999 710 ἐκεῖθεν
1024 655 1286 726 χαρίτωνο
1317 658 1352 726 η
1399 653 1679 726 προθυμία
1713 653 1792 718 δὲ,

194 745 322 818 ἔφη
356 765 466 812 τις,
518 747 620 801 κάν
650 750 763 820 ἀπῇ
813 748 872 801 τὸ
918 747 1248 819 κατορθοῦν,
1297 750 1466 818 τιμῆς
1516 747 1667 814 ἀξία.
1701 745 1795 817 Μὴ

195 837 351 909 γοῦν
387 839 674 894 καλλίστου
713 839 927 894 δάνείου
962 840 1148 908 γένοιο
1197 841 1460 905 κάκιστος
1503 842 1792 912 ἑκτιστὴς,

199 933 360 1002 μήτε
391 930 451 984 τὸ
499 930 638 995 ἐνὸν,
671 933 810 1002 μήτε
837 931 899 986 τὸ
925 931 1107 987 ἐνδέον
1132 933 1472 1004 ἀποπληρῶν
1507 933 1658 1005 αύτῷ
1713 933 1794 1003 τῷ

199 1023 509 1092 βούλεσθαι
545 1023 728 1094 μόνον.
771 1024 1175 1094 Ἀπολαμϐάνει
1223 1025 1282 1079 δὲ
1310 1029 1338 1080 6
1379 1026 1512 1090 θεὸς
1551 1027 1609 1080 τὸ
1661 1029 1793 1098 παρ’

196 1113 379 1182 ἡμῶν
411 1114 768 1185 ὀφειλόμενον
803 1116 865 1169 ού
896 1119 1016 1178 ταῖς
1044 1115 1241 1172 ἑαυτοῦ
1273 1119 1484 1188 χερσὶν,
1505 1118 1642 1172 ἀλλὰ
1670 1121 1791 1180 ταῖς

193 1206 324 1257 τῶν
367 1207 639 1276 πενήτων,
683 1207 781 1260 καὶ
827 1207 937 1260 τῶν
966 1207 1143 1270 ἄλλως
1191 1208 1448 1279 βοηθείας
1493 1210 1789 1281 δεομένων.

198 1295 380 1348 Οῦτω
407 1297 514 1366 γὰρ
552 1299 703 1361 είκός
729 1299 879 1351 ἐστιν
905 1300 1071 1352 αὐτὸν
1098 1299 1198 1370 μὲν
1227 1301 1358 1371 παρ’
1395 1302 1559 1372 ἡμῶν
1582 1302 1789 1368 λαϐεῖν,

195 1391 425 1440 ἐκεῖνον
453 1389 508 1442 δὲ
539 1391 673 1459 ἡμῖν
709 1391 914 1445 δοῦναι.
954 1392 1017 1445 Ei
1041 1392 1088 1445 δ’
1113 1393 1235 1458 έξδν
1257 1394 1414 1462 ὀλίγα
1454 1394 1788 1458 ἀποδιδόναι,

194 1481 306 1533 καὶ
364 1479 536 1534 ταῦτα
565 1482 680 1536 τῶν
718 1481 934 1536 ἐκείνου
959 1484 1095 1556 πρὸς
1148 1486 1298 1556 ἡμᾶς
1329 1484 1656 1555 δεδομένων,
1691 1483 1790 1540 εἰτ’

192 1569 484 1640 ὀλιγωρίᾳ
514 1574 705 1644 μακρᾷ
754 1574 1028 1638 συζῶντες
1078 1576 1495 1646 ἀποστεροῦμεν
1547 1578 1788 1643 ἑκόντες,

195 1662 331 1726 πῶς
374 1665 474 1734 μὲν
494 1665 561 1719 ἂν
584 1666 810 1730 δικαίως
831 1667 1054 1732 ἐσαῦθις
1077 1669 1270 1738 ἑτέραν
1295 1669 1556 1739 λάϐοιμεν
1587 1670 1785 1742 χάριν;

197 1754 329 1816 πῶς
363 1756 419 1809 δὲ
447 1757 544 1827 τὴν
571 1759 896 1829 ὑπάρξασαν
923 1761 1025 1814 οὐκ
1049 1762 1393 1832 ἀπολέσομεν
1419 1763 1659 1828 πάντως,
1694 1763 1790 1816 καὶ

1904 563 2124 632 quidem
2149 558 2374 615 omnino
2412 554 2625 626 nequit,
2657 561 2716 608 ut
2744 553 3000 623 operibus
3035 541 3241 606 nostris
3282 551 3490 605 bi-nelia

1903 650 2115 711 ciorum
2153 668 2184 708 a
2219 651 2330 708 Deo
2361 649 2732 720 proiectorum
2770 645 3200 716 magnitudinem
3237 660 3491 710 exeque-

1904 763 2025 802 mus
2049 763 2063 800 :
2086 747 2259 802 animi
2280 755 2464 799 tamen
2493 742 2769 807 alacritas,
2789 742 2934 810 quod
2953 739 3173 810 quidam
3194 738 3350 799 dixit,
3373 752 3494 792 ma»
3529 815 3537 822 .

1905 838 2122 908 gmiicri
2155 841 2415 901 meretur,
2468 835 2718 904 quamvis
2744 832 2884 887 absit
2910 831 3021 901 ipsa
3044 828 3171 884 facti
3195 827 3491 898 praestatis.

1903 929 2270 993 Quamobrem
2294 943 2426 984 cave
2445 927 2874 995 pulcherrimum
2900 939 2975 978 aes
2995 923 3233 977 alienum
3256 920 3494 991 pessime

1902 1021 2244 1087 dissolveris,
2282 1033 2385 1076 nec
2416 1019 2469 1074 id
2499 1017 2769 1082 faciendo,
2817 1018 2960 1087 quod
3000 1023 3177 1086 potes,
3210 1029 3312 1069 uec
3345 1013 3491 1083 quod

1900 1110 2072 1175 deest,
2103 1112 2298 1166 saltem
2343 1125 2440 1180 per
2474 1112 2653 1180 ipsum
2687 1108 2822 1163 velle
2874 1106 3224 1176 complendo.
3278 1104 3495 1176 Recipit

1903 1210 2085 1255 autem
2131 1201 2277 1256 Deus
2321 1201 2396 1264 id,
2435 1200 2582 1269 quod
2616 1214 2647 1254 a
2690 1199 2850 1252 nobis
2881 1196 3130 1260 debetur,
3164 1211 3272 1249 non
3316 1193 3494 1248 mani-

1901 1295 2002 1348 bus
2035 1295 2172 1360 suis,
2225 1292 2321 1348 sed
2365 1307 2667 1363 pauperum
2697 1299 2756 1352 et
2780 1290 2901 1359 opis
2930 1287 3233 1360 egentium.
3257 1287 3395 1342 Nam
3410 1285 3492 1341 sic

1909 1402 2037 1442 eum
2078 1396 2130 1440 et
2163 1387 2323 1440 nobis
2353 1387 2600 1454 accipere
2641 1393 3074 1438 consentaneum
3111 1392 3214 1442 est,
3246 1389 3300 1435 et
3331 1379 3488 1433 nobis

1901 1478 2078 1549 ipsum
2137 1479 2374 1533 vicissim
2421 1477 2622 1547 largirt.
2654 1475 2808 1542 Quod
2852 1473 2900 1530 si
2932 1472 3244 1529 facultatem
3279 1471 3488 1526 haben-

1903 1575 1984 1624 tes
2033 1567 2226 1637 exigua
2263 1567 2512 1637 quaedam
2561 1563 2844 1629 reddendi,
2889 1574 2942 1619 et
2984 1562 3203 1632 quidem
3250 1576 3316 1615 ex
3357 1560 3487 1622 illis,

1899 1674 2019 1730 quae
2036 1659 2107 1714 ab
2127 1659 2424 1727 ipsomobis
2443 1673 2701 1714 concessa
2721 1666 2851 1712 sunt
2865 1671 2925 1711 ea
2938 1656 3488 1726 spontedenegamus,

1898 1766 1964 1806 ex
2000 1752 2252 1807 diuturna
2276 1752 2509 1823 quadam
2535 1749 2801 1813 secordia,
2853 1749 3012 1804 nobis
3047 1746 3297 1802 familiari
3319 1764 3332 1799 :
3354 1759 3493 1814 quo-

193 1843 377 1916 δίκην
411 1863 475 1916 γε
508 1848 607 1919 τὴν
638 1851 974 1923 γιγνομένην
1005 1852 1399 1925 ἀπαραιτήτως
1434 1852 1789 1926 ὸφλήσομεν;

1906 1862 2020 1901 nam
2059 1859 2217 1916 pacto
2254 1845 2694 1917 jurepoterimus
2735 1844 2842 1898 alio
2865 1857 3081 1897 rursum
3106 1838 3268 1911 potiri
3285 1836 3491 1893 beneﬁ-

978 2116 1031 2174 I'.

275 2207 526 2262 Adtdesv
572 2208 732 2277 δῆλον
781 2210 842 2266 τὸ
890 2213 1310 2284 ῥηθησόμενον
1351 2216 1574 2273 λεκτέον
1603 2219 1691 2292 δή.
1733 2221 1794 2273 Ὀ

188 2303 304 2362 τὸν
338 2304 474 2357 Θεὸν
507 2304 732 2376 ἀγαπᾷν
756 2307 815 2360 οὐ
846 2306 1016 2363 θέλων
1045 2310 1154 2364 ύπδ
1190 2310 1300 2366 τῶν
1331 2311 1500 2366 αὑτοῦ
1555 2315 1795 2384 μισεῖται

201 2398 562 2466 κτισμάτων.
603 2398 664 2451 '0
708 2398 784 2470 μὴ
822 2398 1165 2472 φοϐούμενος
1205 2402 1375 2458 αὐτὸν
1425 2405 1656 2478 ὀρρωδεῖ
1700 2406 1797 2460 καὶ

203 2488 314 2551 τὰς
360 2489 516 2552 σκιάς
549 2488 659 2545 τῶν
688 2493 1059 2562 πραγμάτων.
1103 2495 1164 2548 '0
1192 2493 1270 2568 μὴ
1297 2496 1424 2560 τοὺς
1452 2497 1666 2551 ἐκείνου
1697 2515 1798 2569 φυ-

205 2581 431 2634 λάττων
481 2580 702 2650 νόμους,
738 2581 841 2636 κᾶν
879 2583 1056 2653 μέγας
1092 2582 1151 2658 ᾖ,
1199 2587 1306 2640 κᾶν
1353 2586 1632 2660 λαμπρὸς,
1689 2589 1797 2644 κᾶν

207 2672 400 2741 πάσης
507 2675 703 2742 σοφίας
747 2676 1208 2748 πεπληρωμένος,
1240 2678 1339 2749 ούχ
1387 2679 1498 2745 ¹έξει
1539 2680 1638 2751 μὲν
1669 2684 1798 2747 τοὺς

210 2763 576 2832 πειθομένους
607 2766 774 2820 αὑτοῦ
806 2770 918 2831 τοῖς
942 2769 1203 2839 δόγμασι,
1235 2770 1520 2826 δουλεύσει
1567 2774 1623 2828 δὲ
1663 2776 1799 2844 p.63.-

208 2855 309 2909 λον
354 2857 563 2920 ἐκεῖνος
613 2859 964 2932 ἀνδραπόδων
1005 2862 1114 2917 οὐκ
1167 2863 1474 2932 ἀμείνοσιν.
1516 2867 1728 2922 Οὐκοῦν
1771 2870 1800 2922 6

213 2947 396 3000 θέλων
425 2947 616 3014 εὔνους
643 2951 812 3022 ἔχειν,
853 2948 928 3008 ὧν
957 2953 1134 3025 ἄρχει,
1168 2953 1360 3019 εὔνους
1388 2957 1464 3012 ὢν
1488 2959 1803 3018 διατελείτω

210 3039 293 3108 τῷ
326 3040 497 3110 πνοῆς
538 3041 720 3112 πάσης
754 3043 1069 3114 κρατοῦντι,
1127 3048 1224 3100 καὶ
1263 3047 1412 3119 ζωὴν
1464 3051 1797 3121 παρέχοντι,

212 3133 315 3184 καὶ
342 3133 477 3202 πρὸς
503 3135 743 3202 τάγαθὸν
778 3134 1022 3190 κινοῦντι
1049 3138 1236 3192 πᾶσαν
1270 3139 1478 3210 ψυχήν.
1505 3141 1596 3195 Ἐν
1646 3143 1798 3215 αὖτῷ
1827 3176 1874 3236 α

213 3223 326 3294 γὰρ
353 3223 564 3295 ζῶμεν,
601 3227 696 3281 καὶ
727 3228 1052 3300 κινούμεθα,
1085 3233 1180 3286 καὶ
1210 3233 1404 3303 ἐσμέν.
1442 3235 1576 3301 Καὶ,
1608 3241 1802 3307 Αὐτός

213 3315 391 3369 ἐστιν
428 3319 461 3371 ό
512 3317 775 3388 ἐνεργῶν
802 3320 872 3374 ἐν
900 3321 1043 3390 ἡμῖν
1081 3323 1181 3378 καί
1221 3325 1288 3377 τὸ
1324 3325 1546 3394 θέλειν,
1593 3332 1689 3384 καί
1741 3333 1802 3386 t6

212 3409 487 3480 ἐνεργεῖν
538 3410 691 3481 ὑπὲρ
736 3412 848 3484 τῆς
889 3413 1198 3487 εὐδοκίας,
1242 3420 1270 3472 6
1303 3417 1447 3484 θεῖος
1478 3422 1801 3494 ἀπεφήνατο

214 3501 454 3568 Παῦλος.

951 3687 1060 3747 IA'.

289 3775 358 3828 Σὲ
399 3774 505 3848 πρὸ
549 3775 771 3831 πάντων
823 3777 984 3848 ἄγειν
1030 3781 1114 3836 δεῖ
1153 3783 1254 3852 τὴν
1306 3783 1368 3838 σὲ
1423 3787 1528 3854 πρὸ
1576 3789 1798 3844 πάντων

220 3867 468 3936 ἄγουσαν
495 3867 854 3940 Ἐκκλησίαν,
889 3872 1070 3928 πάντα
1109 3891 1193 3928 σοι
1246 3878 1387 3946 μετά
1425 3878 1559 3932 Θεὸν
1611 3897 1800 3948 γιγνο-

221 3961 415 4030 μένην.
447 3959 599 4031 Δῦτη
624 3962 708 4014 σοι
735 3965 939 4036 μήτηρ,
964 3965 1143 4036 τίτθη,
1164 3968 1504 4037 διδάσκαλος,
1528 3974 1798 4043 πλάστης,

217 4048 507 4120 ἀλείπτης,
533 4050 674 4116 ὁδὸς,
702 4053 796 4107 καὶ
818 4053 1034 4125 ὀδηγδς,
1060 4059 1154 4111 καὶ
1188 4059 1468 4129 συνεργὸς,
1502 4063 1591 4114 καὶ
1619 4064 1800 4134 παρά-

219 4139 439 4208 κλησις,
496 4138 636 4207 πρὸς
666 4140 694 4194 ὅ
734 4158 788 4193 τι
826 4143 1111 4198 κάλλιστόν
1137 4163 1194 4199 τε
1249 4149 1345 4201 καὶ
1395 4149 1795 4219 μονιμώτατον.

224 4226 396 4280 Οὐδὲν
423 4231 532 4298 γάρ
565 4228 675 4281 τῶν
709 4230 928 4302 ἐκείνης
955 4232 1110 4304 λῆξιν
1141 4234 1502 4308 δεχομένωνῆ
1533 4240 1797 4311 ἐπίκηρον

221 4319 256 4390 ἦ
289 4318 532 4391 φθαρτόν
561 4322 734 4397 έστοιν,
761 4323 880 4377 ἀλλ’
902 4326 1098 4392 ἀΐδιον,
1137 4328 1440 4400 ἀκήρατον,
1485 4332 1797 4403 ἄφθαρτον,

221 4409 440 4476 ἀϊδίοις,
495 4412 590 4465 καὶ
642 4415 967 4486 ἀκηράτοις,
1017 4418 1113 4472 καὶ
1162 4420 1464 4492 ἀφθάρτοις
1495 4426 1796 4496 προσῆκον.

1894 1938 2015 1995 cio!
2035 1939 2128 2009 qui
2161 1939 2270 2006 fiet,
2297 1937 2598 1995 utomnino
2620 1937 2774 2008 prius
2791 1950 3110 1992 concessum
3130 1950 3236 1989 non
3266 1935 3488 1991 amitta-

1895 2044 2042 2096 mus,
2065 2041 2120 2086 et
2146 2031 2557 2087 inexorabiliter
2585 2027 3122 2101 pmnalconveniente
3145 2027 3489 2083 multemur?

1947 2103 1950 2106 ’
2658 2120 2729 2176 Χ.

1972 2214 2125 2273 Satis
2161 2230 2225 2271 ex
2253 2231 2313 2272 se
2349 2215 2584 2286 parebit,
2609 2218 2754 2286 quod
2779 2214 2978 2272 dicturi
3015 2231 3237 2280 sumus,
3269 2229 3332 2270 ac
3356 2231 3485 2285 pro-

1900 2308 2108 2365 Ieratr
2144 2323 2298 2364 sane.
2330 2309 2435 2376 Qui
2462 2307 2632 2364 Deum
2653 2310 2881 2378 diligere
2924 2324 3032 2363 non
3082 2309 3218 2372 vult,
3249 2309 3300 2362 ei
3353 2315 3484 2364 sunt

1900 2402 2101 2460 infesta
2147 2403 2243 2460 Dei
2302 2414 2509 2458 creata.
2541 2399 2644 2468 Qui
2681 2401 2853 2456 Deum
2911 2417 3022 2458 non
3070 2404 3282 2468 metuit,
3308 2404 3479 2457 etiam

1903 2496 2054 2566 ipsas
2085 2511 2268 2550 rerum
2294 2494 2521 2549 umbras
2559 2493 2841 2551 formidat.
2869 2495 2970 2560 Qui
2997 2495 3144 2561 leges
3171 2494 3343 2564 ipsius
3374 2509 3482 2550 non

1901 2596 2106 2653 servat,
2141 2588 2360 2643 tametsi
2391 2601 2620 2656 magnus
2648 2587 2739 2651 sit,
2775 2589 2989 2642 tametsi
3021 2587 3229 2649 clarus.
3279 2596 3480 2642 tamet-

1899 2681 1947 2735 si
1978 2681 2175 2750 plenus
2218 2678 2368 2734 omni
2421 2678 2736 2749 sapientia:
2789 2687 2973 2733 tamen
3035 2694 3136 2734 nec
3195 2680 3493 2737 habiturus-

1902 2783 2006 2837 est,
2033 2773 2127 2842 qui
2150 2772 2388 2828 decretis
2414 2771 2588 2842 ipsius
2613 2771 2994 2842 obtemperent
3031 2789 3045 2826 :
3079 2781 3134 2827 et
3161 2773 3483 2828 servitutem

1904 2865 2087 2934 potius
2111 2864 2318 2919 serviet
2353 2880 2463 2921 non
2485 2865 2828 2934 melioribus,
2855 2881 3020 2934 quam
3050 2865 3166 2934 ipsa
3193 2868 3300 2921 sint
3331 2881 3487 2924 msu-

1903 2953 2068 3023 cipia.
2102 2954 2444 3023 Quapropter
2467 2955 2563 3025 qui
2623 2957 2922 3014 benevolos
2975 2959 3177 3014 habere
3226 2959 3339 3012 vult
3365 2974 3486 3027 eos,

1903 3045 2108 3116 quibus
2137 3046 2395 3116 imperat,
2425 3063 2642 3118 semper
2672 3049 2820 3106 illius
2849 3051 3290 3108 benevolentiam
3345 3071 3484 3110 con-

1905 3149 2112 3207 servet,
2145 3140 2198 3195 in
2228 3141 2387 3210 cujus
2413 3150 2684 3212 potestate
2730 3142 2892 3201 ﬂatus
2941 3149 3128 3204 omnis
3177 3163 3339 3217 est,et
3393 3156 3484 3224 qui

1908 3235 2076 3290 vitam
2111 3235 2445 3303 suppeditat,
2492 3251 2825 3307 omnemque
2877 3241 3123 3296 ultimum
3161 3247 3226 3298 ad
3281 3249 3483 3305 bonum

1905 3327 2160 3397 impellit.
2219 3327 2356 3383 Nam
2391 3330 2443 3383 in
2500 3331 2622 3401 ipso
2659 3331 2922 3399 vivimus,
2976 3346 3032 3390 et
3062 3353 3372 3404 movemur,
3431 3355 3487 3397 et

1903 3432 2117 3474 sumus.
2149 3418 2280 3472 Item
2309 3420 2422 3487 ipse
2451 3431 2549 3482 est.
2576 3422 2667 3490 qui
2700 3423 2875 3492 cﬂ'ict't
2902 3428 2958 3482 in
2988 3430 3159 3492 nobis,
3188 3443 3236 3486 et
3269 3443 3326 3488 ut
3360 3435 3488 3490 veli-

1902 3526 2043 3574 mus,
2071 3522 2117 3565 et
2139 3520 2197 3564 ut
2223 3523 2558 3578 pra'stemm,
2607 3531 2705 3582 pro
2755 3535 2855 3573 sua
2878 3521 2936 3574 in
2963 3539 3058 3577 nos
3115 3530 3490 3598 ρνορρηδίοηε,

1902 3605 2370 3673 quemadmodum
2401 3607 2562 3663 divus
2596 3606 2798 3666 Paulus
2831 3612 2926 3669 ait.

2641 3701 2733 3759 XI.

1974 3786 2342 3844 Antel'erenda
2385 3790 2482 3844 tibi
2509 3795 2725 3850 cunctis
2756 3797 2922 3854 rebus
2956 3809 3042 3854 est
3068 3801 3333 3870 Erclcsia,
3358 3824 3488 3878 qua.»

1881 3888 1957 3934 ‘te
1989 3894 2210 3950 quoque
2241 3883 2455 3936 cunctis
2491 3889 2791 3955 anteponit,
2827 3900 2882 3943 et
2912 3891 3091 3947 instar
3119 3898 3368 3952 omnium
3398 3910 3483 3957 est

1905 3970 2000 4026 tibi
2061 3972 2364 4027 secundum
2402 3975 2592 4030 Deum.
2628 3979 2816 4036 Eatiti
2846 3995 3040 4053 mater,
3072 3990 3282 4054 nutrix,
3310 3999 3485 4064 Inagi-

1902 4072 2039 4126 stra,
2069 4062 2441 4133 informatrix,
2496 4069 2683 4138 alipta,
2727 4074 2835 4138 via,
2895 4077 2993 4131 vise
3025 4083 3158 4147 dux,
3217 4062 3480 4155 adjutrix,

1902 4154 2176 4210 ittcitatrix
2197 4157 2263 4211 ad
2286 4158 2658 4227 pulcherrima
2687 4166 2924 4236 qumvis,
2951 4181 3007 4224 et
3043 4154 3481 4235 maximedura-

1901 4249 2030 4306 bilia
2066 4262 2460 4323 perpetuaque.
2492 4254 2627 4312 Nam
2658 4261 2794 4315 nihil
2827 4278 3042 4332 eorum,
3076 4285 3198 4338 quae
3221 4270 3321 4328 hac
3354 4291 3489 4332 con»
3571 4292 3580 4308 ε

1903 4347 2168 4411 tinentur,
2206 4347 2294 4401 vel
2328 4341 2660 4414 ﬂuxum,vel
2699 4353 2997 4413 obnoxium
3047 4371 3131 4416 est
3181 4363 3424 4424 interitui
3463 4389 3489 4437 ;

1901 4437 2003 4493 sed
2063 4450 2356 4506 :eternum,
2397 4446 2772 4514 corruptionis
2813 4462 2867 4504 et
2901 4441 3159 4512 interitus
3214 4467 3436 4530 expers"
3465 4482 3491 4531 ς

220 4503 329 4554 Καὶ
358 4504 470 4574 γάρ
493 4507 560 4558 τά
590 4507 771 4560 πάντα
804 4511 1175 4579 πνευματικάο
1208 4516 1300 4566 καὶ
1331 4515 1423 4570 διὰ
1457 4517 1619 4571 τοῦτο
1663 4520 1795 4574 alth-

1909 4530 2127 4583 aaternis
2172 4538 2227 4584 et
2283 4535 2654 4604 corruptionis
2728 4554 2793 4594 ac
2847 4540 3106 4601 interitus
3156 4503 3482 4619 experrtibus

219 4612 332 4659 νια,
376 4597 472 4649 καὶ
502 4598 706 4666 ἀγαθὰ,
746 4601 842 4654 καὶ
895 4601 1152 4674 ἀκίνηταο
1185 4603 1221 4658 ἃ
1274 4607 1368 4660 καὶ
1421 4612 1797 4680 προτιμᾶσθαι

217 4686 301 4739 δεῖ
345 4687 456 4740 τῶν
496 4692 856 4760 σωματικῶν,
900 4693 978 4756 ῶς
1027 4697 1572 4770 συγκεκληρωμένων
1597 4706 1662 4772 τῇ
1695 4721 1800 4758 πα-

224 4775 396 4850 ρούσῃ
423 4777 539 4850 ζωῇ
569 4779 666 4834 καὶ
697 4781 859 4836 πλέον
885 4783 1056 4839 ὄντων
1085 4787 1278 4856 μηδέν.

957 4966 1060 5024 IB'.

295 5055 446 5108 Ἴσον
479 5055 558 5127 τῷ
591 5057 731 5128 πρὸς
757 5060 960 5130 κέντρα
1002 5061 1282 5128 λακτίζειν
1312 5063 1372 5117 τὸ
1405 5065 1665 5137 πολεμεῖν
1697 5069 1798 5139 τῆς

231 5146 567 5218 Ἔκκλησὶας
606 5153 719 5213 τοῖς
763 5151 1021 5222 δόγμασι.
1069 5157 1300 5226 Χαίρειν
1334 5158 1428 5212 οῦν
1474 5162 1586 5225 τοῖς
1637 5147 1796 5216 τοῦτο

223 5237 470 5293 ποιοῦσιν
513 5242 790 5312 εἰρηκὼς,
821 5244 981 5316 εἴπερ
1025 5248 1127 5301 ούκ
1167 5250 1287 5303 ἐνὸν
1319 5252 1516 5318 αὐτοὺς
1569 5255 1798 5328 διορθώ-

225 5329 442 5396 σασθαι,
468 5332 569 5402 ὅρα
601 5351 693 5403 μοι
724 5337 826 5406 τὴν
847 5338 1053 5392 τούτων
1085 5341 1304 5409 μανίαν,
1331 5343 1410 5406 είς
1434 5339 1548 5397 οἷον
1570 5348 1797 5414 τούτους

223 5423 393 5476 κακὸν
415 5425 661 5480 ἐνέϐαλε.
681 5428 792 5495 Λὰξ
811 5430 921 5500 γὰρ
942 5431 1126 5488 παίειν
1147 5433 1394 5490 ἐθέλουσι
1420 5437 1518 5508 τὴν
1547 5439 1640 5493 τοῦ
1659 5441 1795 5496 Θεοῦ

221 5512 575 5583 Ἐκκλησίαν,
632 5518 699 5587 ἢν
736 5518 852 5590 ἰδίῳ
885 5522 1077 5592 αἵματι
1128 5528 1561 5599 περιεποιήσατο
1585 5571 1602 5598 ,
1641 5533 1795 5587 οὐδὲν

221 5603 347 5659 ἄλλο
365 5606 614 5661 λείπεται
629 5607 862 5674 τούτοις,
883 5614 916 5680 ἢ
935 5613 1223 5686 αίμάττειν
1243 5620 1408 5683 πόδας
1430 5621 1594 5684 ίδίους
1613 5641 1796 5695 παρα-

221 5696 389 5767 φορᾶς
425 5697 751 5769 θρασύτητι.
785 5703 858 5756 Σὺ
882 5703 938 5758 δέ
969 5723 1060 5776 μοι
1110 5709 1284 5764 ταῦτα
1313 5712 1578 5767 ἐπίστασο
1602 5715 1796 5784 λιμένα

217 5803 272 5841 τε
302 5789 398 5844 καὶ
430 5790 720 5861 πρόϐολον,
749 5797 844 5852 καὶ
873 5791 1213 5872 ἀμυντήριον
1242 5803 1424 5858 ὅπλον.
1458 5805 1794 5881 Νιφάσιγάρ

1906 4623 2262 4678 conveniens.
2297 4625 2492 4680 Omnia
2524 4643 2763 4699 namque
2791 4636 3095 4702 spiritualia
3127 4653 3277 4708 sunt,
3309 4660 3492 4716 eaque

1905 4723 2124 4782 propter
2153 4723 2449 4784 etaterna,
2481 4729 2536 4773 et
2557 4721 2721 4787 bona,
2744 4731 2798 4777 et
2850 4727 3076 4782 immota
3109 4747 3122 4782 :
3159 4747 3280 4801 quae
3309 4746 3360 4789 et
3390 4752 3484 4805 po-

1905 4807 2043 4862 tiora
2073 4807 2318 4864 ducenda
2343 4821 2474 4866 sunt
2500 4816 2802 4882 corporeis,
2836 4819 2982 4874 velut
3007 4821 3072 4874 ad
3121 4824 3288 4878 vitam
3339 4828 3487 4885 hanc

1901 4899 2324 4967 pertinentibus,
2355 4911 2470 4959 ‘nec
2495 4906 2724 4962 ulterius
2751 4924 2874 4964 sese
2903 4913 3336 4984 porrigentibus.

2639 4997 2749 5053 XII.

1976 5079 2306 5152 Repugnare
2336 5085 2607 5150 dogmatis
2667 5088 2944 5156 Ecclesiae,
3001 5095 3227 5164 perinde
3274 5113 3380 5169 est,
3414 5119 3485 5159 ac

1902 5166 1948 5222 si
1986 5169 2111 5236 quis
2141 5170 2270 5232 velit
2299 5173 2542 5228 stimulis
2581 5176 3100 5250 ealcesimpingere.
3137 5166 3486 5264 Quapropter

1904 5257 2010 5315 hoc
2037 5257 2365 5318 facientibus
2397 5263 2626 5334 longum
2653 5268 2833 5324 valere
2853 5271 3044 5341 iustis,
3078 5279 3123 5332 si
3157 5257 3481 5355 corrigi-ne-

1901 5365 2106 5422 queant
2147 5373 2389 5422 ;eorum
2437 5361 2571 5415 mihi
2628 5346 2872 5422 furorem
2932 5374 3182 5443 aspicito,
3237 5346 3485 5453 inquam

1902 5450 2107 5502 malum
2135 5452 2442 5522 praecipites
2474 5453 2624 5522 ipsos
2652 5468 2796 5528 agat.
2831 5463 3045 5535 Quippe
3077 5469 3204 5526 dum
3239 5450 3487 5534 calcibus

1903 5541 2203 5597 Ecclesiam
2251 5543 2344 5598 Dei
2379 5543 2543 5602 ferire
2590 5551 2804 5617 volunt,
2839 5569 3002 5626 quam
3039 5561 3156 5630 ipse
3213 5581 3313 5622 suo
3347 5585 3478 5625 san-

1899 5632 2064 5704 guine
2115 5635 2430 5728 acquisivit,
2499 5639 2636 5695 nihil
2689 5657 2858 5714 agunt
2898 5649 3066 5716 aliud,
3116 5669 3278 5723 quam
3331 5662 3481 5728 quod

1900 5725 2130 5782 audacia
2166 5726 2406 5793 quadam
2437 5733 2666 5788 insaniae
2693 5741 3041 5810 suosmetipsi
3098 5747 3257 5810 pedes
3284 5725 3484 5804 cruen-

1901 5825 2037 5873 tant.
2071 5815 2139 5872 At
2164 5833 2264 5888 ego
2306 5820 2432 5877 volo
2454 5825 2742 5894 scias,.illa
2771 5830 3025 5902 dogmata
3061 5848 3276 5906 portum
3314 5842 3476 5905 quasi
