3978 6586
3626 346 3761 407 δίη

471 377 576 438 3-27
1627 360 2025 423 MANUELIS
2064 365 2065 370 ‘

2178 357 2513 419 ποιοίη

465 491 757 564 quemdam
817 503 941 544 esse
1010 501 1076 542 ac
1138 484 1630 556 propugnaculum,
1691 491 2039 550 scutumque.

2178 479 2474 549 παλλόμενοι
2504 477 2785 546 λογισμῶν
2821 478 3109 543 ἐναντίων,
3156 477 3320 539 εὐθὺς
3354 475 3525 530 αὐτοῦ
3556 473 3766 528 κατά-

472 581 780 639 defensioni
806 579 1171 648 aptissimum.
1196 577 1405 646 Quippe
1455 590 1580 630 cum
1631 573 2040 629 adversantium

2178 572 2372 640 avrae,
2401 569 2605 639 λευκὴν
2635 570 2880 640 γαλήνην
2919 569 3274 639 εὑρίσκομεν.
3305 568 3530 632 Ἔξεστι
3572 566 3629 620 δέ
3675 581 3765 632 γε

472 673 709 728 invicem
741 671 847 726 sibi
879 670 1281 741 c0gitationum
1329 667 1532 722 nimbis
1585 665 1896 727 obruimur,
1950 663 2043 718 ubi

2180 664 2359 728 ούτοις
2391 662 2686 717 ἀποσοϐεῖν
2728 662 2826 715 καὶ
2857 664 3041 716 πᾶσαν
3073 663 3429 732 ὑπερήφανον
3474 661 3761 729 γλῶσσαν

473 765 708 836 primunt
742 764 806 817 ad
839 778 900 818 cu
922 761 1305 832 confugimus,
1339 760 1689 814 serenitatem
1723 771 1914 826 puram
1961 757 2048 808 in-

473 856 749 910 venimus.
788 855 890 909 Per
914 855 1104 907 eadem
1165 854 1288 906 licet
1327 866 1542 905 omnem
1579 851 1820 919 linguam
1853 863 2046 918 snper-

477 949 624 1011 bam,
685 961 894 1014 nosque
951 945 1251 998 mendaciis
1307 944 1743 1013 adgredientem,
1806 942 2044 1010 abigere.

478 1039 612 1105 Quis
641 1037 804 1107 igitur
839 1025 1160 1100 Ecclesium,
1199 1051 1318 1103 quze
1346 1051 1567 1088 causam
1626 1033 1812 1087 talium
1863 1041 2044 1086 tauto-

475 1145 704 1198 rumque
725 1130 990 1182 bonorum
1018 1128 1240 1194 praebet,
1287 1127 1444 1182 valde
1467 1126 1700 1192 diligens
1753 1133 1916 1192 atque
1969 1121 2051 1175 fo-

475 1237 631 1286 τρυε,
657 1232 709 1275 et
768 1220 833 1273 ad
891 1235 1009 1272 eam
1062 1219 1466 1288 pertinentibus
1529 1218 1833 1287 nimiopere
1885 1217 2051 1270 bene-

478 1316 706 1379 faciens,
739 1314 976 1368 debitam
1003 1315 1051 1368 ei
1088 1314 1317 1384 gratiam
1352 1314 1600 1367 retulerit
1633 1313 1656 1365 τ

1200 1404 1335 1460 XIII.

546 1502 834 1572 insigniter
860 1509 913 1557 et
943 1499 1163 1570 expedit
1194 1508 1248 1553 et
1275 1499 1562 1568 pulchrum
1590 1506 1696 1564 est,
1722 1497 1854 1552 nihil
1886 1511 2050 1568 agere

476 1593 623 1646 mali.
660 1593 869 1662 Quippe
899 1591 1122 1662 quidam
1153 1589 1310 1660 quasi
1338 1589 1540 1658 gradus
1569 1590 1635 1643 ad
1661 1590 1916 1644 virtutem
1970 1598 2054 1643 est

477 1686 754 1739 malorum
804 1683 1208 1738 exterminatio.
1259 1681 1472 1745 Melius,
1525 1682 1651 1736 b0ni
1698 1683 1827 1750 quid
1858 1695 2042 1751 agere.

478 1773 750 1843 Principia
777 1785 1012 1842 namque
1032 1772 1165 1825 lines
1216 1772 1571 1826 comitantur.
1592 1771 2054 1839 Pulclierrimum,

477 1880 592 1917 rem
621 1865 916 1918 maximam
942 1864 1181 1917 feliciter
1205 1862 1554 1928 ciiirientem,
1579 1861 1690 1916 Deo
1724 1863 2047 1930 praeclarum

479 1955 694 2010 facinus
726 1967 1010 2024 acceptum
1046 1954 1184 2007 ferre
1215 1969 1238 2008 ει
1264 1955 1384 2008 sine
1417 1971 1529 2024 quo
1569 1955 1702 2008 nihil
1750 1955 1877 2008 boui
1937 1955 2052 2008 fieri
2093 1963 2096 1966 ’

477 2057 676 2121 potest.
729 2050 832 2115 Qui
889 2049 1150 2119 praditus
1189 2048 1412 2110 viztute,
1473 2047 1717 2101 modeste
1751 2062 1810 2102 se
1864 2047 2061 2117 gerit;

421 2206 426 2211 ,
479 2140 910 2212 splendidiorem
945 2140 1124 2194 reddit
1154 2140 1427 2193 animum.
1470 2139 1540 2192 At
1600 2140 1669 2193 iis
1703 2139 1797 2209 qui
1833 2151 2058 2208 pr0pter

480 2239 722 2295 facinora
755 2250 852 2288 sua
877 2235 1018 2301 (qua?
1048 2245 1182 2286 sane
1205 2246 1402 2296 magna
1436 2231 1571 2294 sint,
1603 2239 1658 2284 et
1691 2229 2057 2298 admirabilia)

481 2331 660 2398 magni
673 2328 770 2380 lice
786 2333 962 2380 semet
978 2323 1236 2381 efferunt.
1263 2323 1642 2384 tutetuendum,
1670 2335 1738 2374 ne
1761 2321 2057 2374 laudabilia

477 2432 752 2496 gerentes,
815 2417 918 2486 ipsi
965 2415 1070 2471 sibi
1107 2414 1441 2469 detrimento
1503 2414 1686 2482 potius
1733 2413 1843 2467 sint
1893 2428 2057 2482 quam

437 2513 796 2581 _commodo.
849 2509 1062 2580 Quippe
1130 2508 1301 2562 Deum
1351 2508 1642 2560 adversum
1675 2507 2059 2575 experientur,

477 2606 656 2677 et(uti
682 2604 964 2674 prOpbetaa
1017 2601 1204 2657 verbis
1239 2599 1484 2670 utamur)
1535 2613 1648 2669 quo
1676 2606 1834 2668 pacto
1873 2597 2056 2654 subsi-

479 2707 623 2752 stere
645 2707 901 2767 poterunt
927 2696 950 2750 ?

1208 2779 1352 2836 XIV.

550 2880 750 2935 Malum
813 2889 920 2946 est,
971 2877 1100 2932 boni
1162 2873 1447 2946 quidpiam
1489 2887 1600 2928 non
1651 2873 1855 2940 facere,
1902 2874 2062 2945 cujus

481 2972 748 3028 eﬂicicndi
785 2971 1018 3025 facultas
1050 2969 1262 3023 aderat.
1300 2965 1419 3021 Non
1449 2967 1597 3022 enim
1633 2964 1841 3022 frustra
1892 2966 2061 3021 creati

481 3080 698 3128 smnus,
731 3078 830 3118 nec
863 3071 922 3116 ut
961 3061 1016 3114 in
1044 3063 1156 3114 otio
1187 3061 1353 3114 vitam
1389 3071 1762 3120 transeamus,
1792 3058 2064 3139 planeque
2106 3075 2110 3078 ‘

2145 758 2371 828 ψευδέσι
2405 759 2648 829 ῥήμασιν
2680 757 2968 811 ἐπιοῦσαν.
2999 757 3097 819 Τίς
3145 756 3211 810 ἂν
3239 755 3334 810 οὖν
3366 755 3468 824 τὴν
3491 754 3760 823 Ἕκκληο

2150 854 2292 915 σίαν,
2321 849 2585 905 τοιούτων
2643 867 2703 902 τε
2753 851 2849 902 καὶ
2903 849 3242 918 τηλικούτων
3286 847 3472 902 αἰτίαν
3521 846 3703 902 οὖσαν
3735 888 3756 909 ,

2151 947 2356 1017 σφόδρα
2381 943 2553 1012 φιλῶν
2576 961 2638 996 τε
2668 944 2765 996 καὶ
2792 943 3174 1010 περιθάλπων,
3197 935 3293 995 καὶ
3313 941 3541 1009 ἀγαθῶν
3569 942 3756 1012 ὑπερ-

2151 1039 2315 1107 ϐολὴν
2345 1039 2460 1100 τοῖς
2495 1037 2633 1106 πρὸς
2661 1035 2881 1105 ἐκείνην
2905 1034 3377 1105 ἐπιδεικνύμενος,
3420 1035 3609 1105 ἀποδῷ
3635 1037 3758 1106 τὴν

2120 1134 2488 1203 -γιγνομένην
2523 1130 2713 1203 ἐκείνῃ
2745 1131 2944 1202 χάρινς

2900 1403 3002 1457 II".

2229 1462 2522 1559 Λυσιτελές
2552 1513 2616 1565 γε
2650 1498 2741 1550 καὶ
2766 1496 2934 1552 καλὸν
2967 1497 3136 1567 μηδέν
3167 1515 3220 1551 τι
3243 1501 3353 1550 τῶν
3376 1499 3565 1551 κακῶν
3588 1500 3756 1564 ἐνερο

2157 1593 2296 1656 γείν.
2335 1584 2462 1642 Οἴον
2498 1590 2608 1660 γάρ
2639 1607 2724 1651 τις
2749 1589 2909 1658 βάσις
2932 1592 3011 1653 είς
3044 1591 3248 1660 ἀρετὴν
3278 1594 3310 1660 ἡ
3343 1592 3454 1645 τῶν
3477 1591 3751 1660 πονηρῶν

2159 1684 2392 1752 ὲκκοπή.
2450 1683 2717 1752 Κρεῖττον
2748 1682 3090 1750 ἐργάσασθαί
3128 1701 3178 1736 τι
3215 1685 3470 1753 χρηστόν.
3517 1686 3750 1754 ’Δρχαῖς

2091 1777 2269 1876 Βγιὶιρ
2298 1775 2496 1828 ἕπεται
2549 1776 2700 1843 τέλη.
2739 1773 3068 1837 Κάλλιστον,
3121 1774 3174 1828 τὶ
3229 1777 3486 1845 μέγιστον
3538 1794 3747 1847 κατορ-

2161 1865 2382 1925 θοῦντα,
2405 1865 2482 1935 τῷ
2505 1865 2626 1935 Θεῷ
2658 1867 2974 1934 λογίζεσθαι
3007 1867 3067 1920 τὸ
3097 1867 3448 1938 κατόρθωμα·
3478 1861 3540 1922 οὗ
3567 1875 3744 1938 χωρὶς

2158 1961 2314 2014 οὐδέν
2347 1962 2465 2012 ἑστι
2501 1961 2757 2027 γενέσθαι
2782 1961 2894 2013 τῶν
2925 1961 3171 2032 ἀγαθῶν.
3211 1963 3273 2015 ’0
3294 1962 3622 2032 ,μετριάζων
3654 1964 3744 2015 ἐπ’

2158 2056 2327 2123 ἀρετῇ
2356 2052 2619 2124 λαμπρὰν
2671 2050 2969 2121 ἐργάζεται
3019 2054 3120 2123 τὴν
3161 2054 3364 2124 ψυχήν.
3399 2055 3529 2117 Τοῖς
3576 2053 3633 2107 δὲ
3673 2054 3734 2123 δὴ

2163 2148 2308 2216 μέγα
2333 2145 2628 2216 φρονοῦσιν
2653 2146 2749 2199 ἐπὶ
2778 2148 2889 2209 τοῖς
2922 2145 3101 2199 αὐτῶν
3122 2145 3548 2217 κατορθώμασιν
3578 2147 3737 2218 (ἔστω

2157 2237 2215 2290 δὲ
2242 2238 2455 2306 μεγάλα
2479 2237 2570 2290 καὶ
2601 2236 2922 2307 θαυμαστὰ)
2972 2238 3096 2301 δέος
3125 2239 3243 2291 ἐστὶ
3279 2238 3353 2309 μὴ
3383 2239 3587 2308 μᾶλλον
3616 2239 3738 2308 pte.
3797 2289 3802 2292 .

2159 2329 2321 2398 ψαιεν
2377 2331 2518 2399 σφᾶς
2571 2328 2798 2394 αὐτοὺς,
2858 2329 2891 2399 ἢ
2946 2329 3286 2400 ώφελήσαιεν
3319 2330 3740 2402 κατορθοῦντες.

2164 2420 2387 2486 Ἐξουσι
2420 2423 2481 2474 τὸ
2507 2421 2666 2475 Θετον
2693 2421 3178 2492 ἀντιταττόμενον,
3225 2425 3323 2477 καὶ
3351 2425 3494 2477 κατά
3532 2425 3626 2478 τδν
3666 2423 3774 2478 εί-”

2163 2514 2338 2568 πόντα
2365 2514 2676 2585 προφήτην,
2712 2513 2832 2578 πῶς
2862 2516 2928 2570 ἃν
2961 2514 3210 2572 δύναιντο
3240 2519 3467 2590 στῆναι;

2909 2784 3009 2838 1Δ’.

2252 2873 2507 2928 Ἐπειδὰν
2534 2875 2628 2945 ἐξῇ
2657 2893 2709 2928 τι
2733 2839 3014 2941 ’πράττειν
3047 2877 3231 2942 καλὸν,
3267 2882 3363 2931 καὶ
3393 2878 3454 2932 τὸ
3485 2879 3564 2951 μὴ
3603 2881 3748 2950 πρᾶ-

2168 2963 2257 3027 ξαι
2318 2964 2480 3016 τούτο
2511 2967 2700 3021 κακόν.
2726 2966 2862 3020 Οὐδὲ
2889 2968 2997 3038 γὰρ
3024 2968 3201 3038 μάτην
3221 2970 3476 3042 παρήχθη
3487 2989 3611 3041 μεν,
3639 2972 3748 3026 οὐδ’

2168 3057 2355 3126 ἀργῶς
2383 3057 2696 3126 διαϐιῶναι,
2719 3061 2817 3113 καὶ
2847 3061 3136 3132 ἀχρήστως
3165 3062 3314 3132 ἔχειν
3340 3063 3468 3134 ἑξῆς
3504 3066 3744 3129 ἅπαντα,

483 3157 623 3211 nulli
665 3156 840 3209 simus
870 3153 1015 3214 usui,
1066 3153 1310 3222 lapidum
1358 3152 1534 3208 instar
1565 3152 1618 3206 in
1648 3150 1851 3221 jurgite
1873 3150 2063 3216 jacen-

2178 3149 2314 3203 κατά
2341 3151 2556 3212 τοῦςὲν
2584 3153 2663 3220 τῷ
2702 3151 2851 3220 βυθῷ
2900 3153 3104 3218 λίθους.
3150 3158 3350 3227 Χεῖρον
3402 3157 3749 3228 ἐργάσασθαι

484 3251 646 3304 tium.
683 3248 871 3316 Pejus.
896 3245 1145 3313 improbe
1177 3258 1340 3312 agere
1395 3258 1554 3297 :nam
1585 3243 1651 3297 ad
1695 3257 1860 3311 opera
1920 3241 2064 3296 bona

483 3341 689 3396 conditi
715 3353 929 3394 sumus.
961 3337 1290 3400 Pessimum,
1329 3337 1418 3390 ubi
1449 3337 1580 3406 quid
1616 3336 1744 3390 mali
1788 3343 2066 3406 perpetra-

485 3435 652 3499 veris,
680 3432 728 3486 id
753 3446 978 3500 Operam
1001 3430 1158 3493 dare,
1189 3437 1247 3482 ut
1284 3430 1500 3498 culpam
1525 3430 1578 3482 in
1605 3428 1771 3482 alium
1789 3427 2062 3481 conferas.

485 3523 541 3579 Id
583 3523 786 3577 malum
826 3519 1017 3590 primis
1062 3518 1172 3572 illis
1213 3518 1442 3571 humani
1474 3518 1690 3588 generis
1742 3514 2065 3585 parentibus

489 3618 614 3686 plus
647 3614 860 3677 nocuit,
900 3627 1064 3683 quam
1109 3611 1256 3680 quod
1298 3610 1454 3664 initio
1512 3611 1682 3680 legem
1739 3609 2063 3663 violassent.

485 3701 757 3758 Nimirum
787 3717 896 3756 non
941 3701 1142 3755 malum
1177 3699 1342 3764 malo,
1374 3698 1520 3770 quod
1578 3701 1757 3764 aiunt,
1793 3697 1953 3768 quasi
2000 3698 2069 3751 de

486 3796 763 3851 industria
799 3808 916 3849 rem
979 3793 1201 3847 noxiam
1245 3807 1461 3859 semper
1518 3791 1913 3854 cumulemus;
1972 3789 2066 3844 sed

489 3899 584 3945 aut
613 3887 760 3958 quod
787 3889 988 3950 bonum
1021 3894 1128 3951 est,
1163 3900 1413 3954 agamus,
1450 3892 1542 3938 aut
1563 3885 1753 3939 saltem
1779 3883 1906 3938 mali
1938 3882 2068 3952 quid

488 3982 861 4051 designantes,
909 3979 1069 4033 nobis
1090 3978 1142 4032 id
1187 3978 1366 4046 ipsum
1410 3976 1775 4031 ascribamus.
1799 3974 1933 4028 Nam
1968 3975 2070 4029 bo-

487 4087 592 4128 nus
621 4079 726 4138 est,
767 4070 1084 4140 quicunque
1117 4069 1230 4122 vult
1257 4084 1272 4132 ;
1309 4077 1360 4122 et
1391 4067 1482 4137 qui
1515 4067 1650 4130 vult,
1675 4067 1875 4122 malus.

1235 4158 1355 4213 XV.

558 4253 1125 4311 Admonetlsocrates
1174 4251 1449 4306 sententia
1500 4251 1738 4320 quadam
1768 4268 1892 4316 sua,
1936 4252 2076 4307 dan-

488 4349 620 4404 dum
645 4361 892 4415 operam,
933 4353 994 4398 ut
1026 4345 1286 4399 omnibus
1324 4341 1631 4411 jucundum
1661 4352 1712 4398 te
1776 4344 2021 4413 praebeas
2056 4361 2072 4410 ;

2171 3243 2432 3312 πονηρόν.
2497 3242 2619 3296 Ἐπ’
2665 3248 2894 3315 ἀγαθοῖς
2951 3249 3059 3320 γὰρ
3119 3249 3304 3320 ἔργοις
3369 3251 3745 3322 ἐπλάσθημεν.

2171 3324 2469 3400 Κάκιστον,
2504 3341 2811 3408 ποιήσαντα
2861 3340 3090 3409 φαῦλον,
3138 3345 3455 3398 ἀνατιθέναι
3502 3347 3614 3399 τινὶ
3653 3345 3750 3418 τὴν

2171 3427 2378 3498 μέμψιν
2409 3432 2724 3499 ἐπιχειρεῖν.
2749 3432 2923 3486 Τοῦτο
2945 3435 3004 3486 τὸ
3030 3435 3204 3488 κακδν
3231 3437 3357 3500 τοὺς
3382 3438 3744 3508 προπάτορας

2171 3518 2372 3586 μᾶλλον
2405 3520 2658 3589 ἔϐλαψεν,
2690 3521 2718 3590 ἢ
2753 3523 2813 3574 τὸ
2843 3525 2942 3592 τὴν
2977 3526 3152 3595 ἀρχὴν
3190 3527 3542 3597 παραϐῆναι·
3580 3528 3656 3598 μὴ
3687 3528 3754 3600 δὴ

2172 3611 2328 3678 κακῷ
2353 3612 2414 3664 τὸ
2443 3613 2636 3676 κακὸν,
2669 3613 2852 3680 φασὶν,
2873 3612 3024 3666 ὥσπε
3033 3630 3064 3684 ρ
3087 3615 3400 3688 ἐξεπίτηδες
3433 3618 3494 3669 τὸ
3515 3616 3756 3688 βλάπτον

2171 3703 2258 3756 ἀεὶ
2295 3703 2724 3773 προσαύξοντεςο
2761 3703 2881 3756 ἀλλ’
2909 3705 2942 3774 ἢ
2975 3705 3222 3776 ποιῶμεν
3252 3707 3515 3774 τάγαθὸν,
3544 3710 3578 3782 ἢ
3622 3711 3754 3779 γοῦν

2170 3792 2233 3846 τὸ
2264 3794 2438 3846 κακὸν
2465 3795 2850 3862 ἐργαζόμενοι,
2880 3797 3015 3866 ἡμῖν
3040 3798 3228 3860 αὐτοῖς
3270 3801 3403 3853 αὐτὸ
3436 3803 3756 3871 aspicimur-

2177 3903 2300 3956 μεν.
2331 3885 2508 3950 Καλὸς
2538 3887 2646 3958 γὰρ
2689 3887 2832 3952 ἀπας
2860 3887 2888 3942 ὁ
2916 3887 3107 3943 θέλωψ
3142 3891 3237 3945 καὶ
3265 3895 3434 3957 κακός
3473 3909 3536 3962 γε
3569 3896 3598 3946 ὁ
3627 3892 3756 3964 βου-

2172 3979 2420 4048 λόμενος.

2299 4189 2302 4191 λ
2922 4159 3019 4218 IE'.

2258 4249 2579 4322 Ἰσοκράτης
2608 4251 2791 4306 δίδωσι
2822 4254 3072 4325 γνώμην,
3111 4254 3257 4327 ἔχειν
3287 4256 3386 4327 μὲν
3417 4257 3589 4328 ἡδέως
3620 4258 3760 4329 πρὸς

2177 4340 2430 4405 ἅπαντας
2459 4344 2832 4414 παραινοῦσαν
2854 4363 2868 4379 ο
2903 4349 3144 4418 χρῆσθαι
3183 4349 3239 4403 δὲ
3281 4351 3398 4412 τοῖς
3431 4350 3758 4420 βελτίστοις.

491 4438 793 4508 atOptimis
819 4437 1110 4492 utendum.
1138 4433 1210 4489 Ea
1231 4449 1356 4489 cum
1399 4435 1557 4488 laude
1588 4437 1750 4504 digna
1803 4439 2065 4492 sententia

2183 4436 2273 4488 Δεῖ
2301 4435 2366 4504 δὴ
2397 4438 2498 4506 τῆς
2528 4437 2757 4506 γνώμης
2785 4436 2953 4509 οὔσης
2985 4441 3299 4509 ὲπαινετῆς,
3328 4442 3390 4494 οὐ
3425 4441 3532 4510 μήν
3564 4458 3627 4504 γε
3663 4445 3764 4515 ρᾳ-

492 4534 584 4597 sit,
614 4544 800 4582 verum
831 4543 940 4581 nou
978 4525 1164 4580 itidem
1187 4525 1388 4589 facilis,
1416 4527 1553 4580 scita
1581 4529 2065 4583 commonstranda

2179 4528 2319 4591 δίας,
2351 4531 2526 4600 σοφήν
2548 4529 2652 4583 τιν’
2703 4532 3020 4602 ἐπιστήμην
3070 4509 3446 4586 ἐνδείκνυσθαι
3489 4509 3630 4604 πρὸς

491 4632 578 4679 est
638 4623 798 4687 ratio,
852 4635 961 4689 qua
1010 4619 1255 4688 prmstari
1299 4619 1496 4687 possit.
1555 4616 1694 4673 Nam
1731 4633 1798 4675 se
1839 4621 2075 4690 quisque

495 4715 785 4771 meliorem
819 4713 1099 4766 existimat
1154 4711 1302 4775 aliis,
1353 4711 1689 4781 dignumque
1745 4721 1955 4776 censet,
1979 4713 2074 4783 qui

494 4807 732 4876 majores
768 4817 821 4860 et
849 4805 1088 4860 honores
1136 4794 1190 4857 et
1217 4817 1441 4856 munera
1473 4812 1873 4872 consequatur;
1910 4804 2077 4856 adeu-

494 4914 604 4968 que
655 4895 1036 4951 dillicillintum
1070 4895 1245 4957 factu,
1306 4903 1496 4963 gratus
1573 4906 1633 4948 ut
1669 4896 1928 4950 omnibus
1978 4896 2076 4949 ba-

496 4995 680 5046 bcare.
723 4987 827 5044 Sed
850 4990 996 5043 enim
1029 4997 1253 5043 strenue
1285 4986 1666 5052 laborandum,
1707 4988 2080 5056 expendenda:

499 5083 764 5152 pecuniae.
797 5083 1121 5138 dexteritate
1151 5078 1387 5151 quadam
1420 5079 1706 5143 utendum,
1745 5087 1805 5133 ut
1861 5079 2079 5148 egregie

496 5191 610 5229 rem
638 5181 883 5244 prmstes.
911 5171 1046 5227 Nam
1065 5176 1156 5242 qui
1179 5174 1416 5226 maxima
1441 5170 1689 5241 quadam
1713 5172 1943 5240 appetit,
1971 5187 2078 5227 non

499 5276 707 5320 Lmtum
737 5265 1002 5320 admirari
1043 5280 1263 5331 causas,
1297 5266 1395 5320 sed
1425 5265 1558 5319 eniti
1618 5277 1840 5334 quoque
1895 5264 2078 5333 debet,

500 5369 556 5413 ut
579 5357 942 5427 adipiscatur.

626 5500 628 5502 ,
1209 5446 1371 5518 pm.
1442 5479 1446 5482 -

569 5541 729 5599 Nunc
761 5541 812 5598 id
869 5541 1159 5597 dicendum
1195 5543 1366 5607 venit,
1405 5545 1549 5607 quod
1584 5556 1639 5599 et
1673 5561 1768 5615 per
1809 5560 1869 5600 se.
1929 5546 2080 5601 dictu

499 5640 795 5709 pulchrum
832 5649 938 5704 est,
973 5645 1032 5694 et
1068 5636 1308 5692 oratoris
1343 5639 1674 5692 sententiam
1714 5641 2075 5709 comprobat.

499 5731 1029 5801 Neminidenegato,
1057 5729 1259 5799 quibus
1279 5729 1395 5799 ipse
1443 5731 1742 5801 dignuscst
1782 5749 1798 5798 ;
1843 5733 1936 5787 sed
1959 5742 2079 5787 esto

507 5826 790 5897 popularis
831 5840 963 5895 erga
1013 5825 1326 5889 universos,
1363 5830 1528 5892 atque
1571 5823 1722 5904 aditu
1751 5823 1934 5880 facilis
1973 5843 1988 5893 ;
2025 5834 2083 5880 ct

2184 4621 2401 4691 ἐκείνης
2440 4622 2812 4693 ἐκπλήρωσιν.
2844 4624 3030 4677 Οῐεται
3059 4626 3168 4694 γὰρ
3196 4625 3427 4690 ἕκαστος
3467 4623 3606 4680 εἶναι
3651 4629 3763 4681 τῶν

2185 4714 2360 4768 ἄλλων
2391 4715 2658 4785 ἀμείνων,
2689 4719 2784 4770 καὶ
2828 4717 3094 4787 μειζόνων
3127 4719 3272 4785 ἀξιοί
3311 4719 3490 4788 τιμῶν
3522 4708 3617 4772 καὶ
3655 4719 3762 4773 δώ-

2187 4822 2299 4874 ρων
2329 4806 2654 4875 τυγχάνεινο
2692 4808 2787 4861 καὶ
2814 4808 3022 4876 γίνεται
3059 4811 3413 4880 παγχάλεπον
3444 4811 3576 4881 ἡδὺν
3608 4813 3763 4882 νομί-

2187 4897 2571 4961 ζεσθαιπᾶσι.
2628 4901 2719 4952 Δεῖ
2763 4901 2947 4970 μέντοι
2999 4903 3184 4967 πόνοις
3231 4903 3617 4975 ἐγκαρτερεῖν,
3671 4906 3763 4958 καὶ

2188 4995 2448 5064 χρήματα
2494 4994 2834 5058 ἀναλίσκειν,
2868 4997 2964 5063 κα).
3006 4996 3274 5067 δεξιότητι
3312 4999 3574 5069 χρῆσθαι,
3617 5001 3762 5061 ὅπως

2187 5087 2338 5138 τουτὶ
2390 5086 2770 5159 κατορθώσῃς.
2806 5088 2908 5140 Τὸν
2959 5091 3063 5160 γὰρ
3119 5091 3394 5159 μεγίστων
3441 5093 3654 5162 ὲρῶντα
3701 5093 3759 5145 ού

2187 5177 2293 5248 χρὴ
2321 5177 2628 5247 θαυμάζειν
2669 5182 2833 5250 μόνον
2879 5185 2948 5236 τὰ
2980 5183 3160 5247 αἴτια,
3203 5181 3339 5239 ἀλλά
3385 5183 3479 5237 καὶ
3532 5183 3759 5238 κτᾶσθαι

2189 5272 2538 5338 σπουδάζειν.
2839 5281 2843 5287 ‘
3311 5257 3318 5260 ’

2923 5459 3042 5525 ις’.

2260 5548 2458 5602 Μέλλει
2499 5547 2593 5601 νῦν
2620 5549 2962 5621 είρήσεσοαι,
3003 5551 3032 5604 δ
3071 5553 3167 5605 καὶ
3213 5551 3338 5605 καθ’
3369 5552 3504 5605 αὐτὸ
3539 5551 3758 5624 ῥηθῆναι

2189 5642 2376 5706 καλὸν,
2433 5643 2530 5694 καὶ
2585 5643 2684 5713 τῆς
2732 5642 2827 5696 τοῦ
2865 5645 3096 5715 ῥήτορος
3146 5646 3377 5715 γνώμης
3423 5643 3756 5698 συστατικόνο

2192 5733 2414 5805 Μηδένα
2444 5733 2554 5787 τῶν
2577 5735 2726 5808 αύτῷ
2759 5738 3083 5806 πρεπόντων
3114 5739 3462 5808 ἀποστερεῖν,
3491 5737 3606 5792 ἀλλ’
3631 5731 3756 5788 εἶναι

2196 5825 2296 5894 μέν
2332 5840 2390 5876 σε
2442 5825 2579 5878 πᾶσι
2615 5826 2816 5891 κοινὸν,
2865 5823 3005 5882 εἶναι
3051 5828 3108 5880 δὲ
3155 5829 3481 5886 εὐπρόσιτον
3505 5844 3518 5859 ·
3553 5824 3735 5890 μεταδι
