3978 6570
217 480 340 544 F29

1208 479 1306 542 PB
1317 466 1622 569 ΛέρξζΡΤΑ
1664 461 2100 529 EDUCATION
2116 463 2132 520 l
2146 463 2185 521 S
2227 461 2376 522 ΒΕΘ
2391 460 2507 522 ῙΙΕ.

3374 453 3478 515 370

224 598 409 650 δόντα
449 595 546 663 μὲν
597 595 786 663 τιμῆς,
837 593 1189 664 μεταδιδόντα
1228 591 1284 645 δὲ
1313 555 1682 653 ἀστεῖάτητος,
1723 582 1816 635 και

1935 586 2186 627 sonorem
2226 569 2561 639 impertiens,
2598 571 2652 620 et
2691 563 3056 619 urbanitatem
3107 555 3397 624 adhibens,
3429 573 3484 616 et

227 678 692 753 προσῧοηθοῦντα
738 686 905 738 πᾶσιν
948 685 1026 748 ὡς
1065 683 1265 748 ἔξεστι.
1297 680 1409 734 Καὶ
1437 677 1638 745 δεῆσαν
1683 675 1813 726 ἀνα-

229 777 458 829 λίσκειν
513 776 656 845 ὑπὲρ
709 775 1038 844 ἀνθρώπων,
1089 775 1349 844 χαίροντα
1397 769 1556 822 τοῦτο
1612 766 1812 826 ποιεῖν.

241 867 407 927 ὅπως
454 865 882 934 μεγαλοψυχίας,
913 865 1032 918 ἀλλ’
1079 868 1179 917 οὐκ
1205 863 1447 929 ἀνάγκης
1470 854 1697 926 τοῦργον
1727 869 1810 906 νον

239 956 486 1024 μίζοιτο.
513 951 611 1018 Οἷς
644 957 796 1022 μέντ’
821 957 887 1010 ἂν
915 957 1076 1018 αὐτὰ
1114 953 1340 1024 ήσθείης
1389 949 1556 1003 ἕνεκά
1589 964 1686 999 σου
1713 961 1814 997 πε-

234 1051 588 1117 πραγμένοις
640 1047 746 1100 ὑπό
791 1064 886 1100 του
938 1048 1119 1116 φίλου,
1173 1045 1381 1106 τούτοις
1411 1040 1648 1112 χρῆσθαι
1679 1038 1816 1107 πρὸς

234 1137 376 1196 τοὺς
407 1136 650 1205 ἑτέρους.
679 1135 836 1188 Οὕτω
867 1136 1068 1207 πολλὴν
1100 1136 1177 1198 ὡς
1211 1134 1468 1204 μάλιστα,
1517 1131 1612 1184 καὶ
1641 1128 1817 1197 καλὴν

235 1229 346 1297 οὐχ
377 1229 577 1296 ήκιστα
611 1227 827 1296 σεαυτῷ
855 1225 1043 1295 φιλίαν
1071 1224 1492 1294 ὲπισωρεύσεις.

987 1319 1085 1372 1Ζ’.

333 1408 556 1477 Ἀμέλει
607 1424 669 1474 γε
724 1408 946 1460 κάκεῖνο
999 1407 1150 1459 δοκεῖ
1201 1405 1522 1474 συμϐαίνειν
1570 1399 1699 1473 τῇδε
1749 1404 1817 1472 τῇ

235 1500 466 1569 γνώμη.
497 1499 618 1568 Χρὴ
643 1500 772 1567 γὰρ,
796 1495 975 1568 οῐμαι,
1007 1499 1132 1559 τοὺς
1153 1496 1552 1566 παραινοῦντας
1577 1495 1818 1547 συνοῖσον

229 1591 409 1656 ἔργον
433 1591 800 1654 ἀσπάζεσθαι,
845 1589 949 1643 κᾶν
981 1583 1082 1643 ὦσι
1117 1588 1310 1656 φαῦλοι
1356 1589 1453 1658 τήν
1481 1587 1673 1656 τύχην,
1713 1585 1820 1637 κᾶν

234 1682 564 1750 μηδαμόθεν
614 1700 699 1736 σοι
739 1683 1032 1752 γνώριμοι,
1085 1683 1186 1734 Ἦν
1223 1681 1282 1734 δέ
1323 1698 1409 1742 τις
1449 1679 1650 1748 βλάψον
1683 1694 1822 1746 συμ-

231 1774 482 1843 ϐουλεύῃ
513 1791 586 1838 τι,
629 1776 681 1827 εί
717 1775 815 1842 μὲν
851 1774 926 1836 ὡς
957 1773 1265 1838 ἐξαπατῶν,
1304 1771 1374 1824 τὰ
1415 1771 1525 1823 τῶν
1557 1769 1820 1840 ἐχθίστων

231 1864 567 1933 ἐργάζεται·
604 1866 654 1918 εί
702 1864 759 1916 δὲ
809 1865 876 1918 δι’
917 1864 1160 1931 ἄγνοιαν,
1214 1860 1402 1923 εὔνους
1445 1860 1543 1926 ὢν,
1590 1860 1691 1928 τῆς
1723 1860 1824 1928 μὲν

229 1956 464 2022 ἀγαθῆς
489 1955 860 2024 προαιρέσεως
887 1955 1218 2009 ἐπαινείσθω
1249 1953 1446 2024 (ταύτῃ
1474 1952 1567 2002 καὶ
1598 1950 1666 2002 τὰ
1692 1947 1823 2018 παρ’

230 2045 412 2113 ἡμῶν
442 2045 578 2113 πρὸς
635 2044 770 2098 Θεὸν
813 2045 1082 2115 κρίνεται)
1108 2060 1122 2074 ·
1151 2043 1253 2112 τῆς
1295 2042 1341 2094 δ’
1397 2040 1649 2111 εὐηθείας
1684 2039 1825 2108 μήτε

235 2136 668 2201 ἰξουθενείσθω,
715 2138 857 2207 μήτε
899 2135 1267 2205 ὲπιτιμάσθω.
1311 2134 1445 2187 Οὐδὲ
1497 2134 1606 2204 γὰρ
1638 2134 1664 2184 ὁ
1692 2131 1826 2190 Θεὸς

240 2229 461 2298 κρινῶν
514 2229 828 2283 καθεδεῖται
875 2228 1166 2298 ξάνοήτους
1233 2226 1327 2278 καὶ
1380 2221 1827 2295 μελαγχολῶντας

239 2321 599 2390 ἀνθρώπους.

981 2489 1092 2545 lli'.

325 2578 462 2643 Νυν.
493 2568 576 2641 σοί
607 2587 758 2641 τόνδε
782 2585 874 2640 τὸν
910 2584 1114 2656 τρόπον
1140 2583 1190 2635 οί
1215 2580 1326 2634 τῶν
1355 2579 1569 2650 ἀνδρῶν
1612 2578 1830 2648 ἄριστοί

143 2673 152 2680 ’
243 2695 312 2734 τε
349 2681 446 2733 καὶ
472 2680 760 2750 χρήσιμοι,
813 2677 913 2732 καὶ
947 2678 998 2730 οί
1048 2673 1254 2728 τούτων
1299 2673 1552 2736 ἐναντίοι,
1602 2669 1830 2738 γένοιντ’

249 2774 346 2838 ἂν,
371 2767 546 2842 οἶμαι,
586 2771 943 2838 καταφανεῖς,
976 2767 1115 2836 ὅπερ
1153 2765 1428 2834 ὠφέλιμον
1459 2763 1688 2834 ἄρχουσι
1727 2762 1832 2830 μά-

253 2865 421 2918 λιστα
456 2861 853 2926 πάντων,ὲστί.
883 2859 1206 2924 Διεξετάσας
1241 2859 1337 2920 τὰς
1364 2857 1568 2909 τούτων
1593 2855 1828 2924 σχέσεις,

1855 1824 1897 1880 Β

1917 663 2207 724 universis,
2266 668 2533 728 quantum
2581 664 2759 726 potes,
2814 668 3166 710 succurrens.
3204 654 3357 720 Quod
3437 653 3485 708 si

1920 751 2205 806 hominum
2254 765 2425 804 causa
2476 745 2748 817 eroganda
2783 747 3011 815 pecunia
3053 745 3239 811 fuerit,
3304 749 3404 804 hoc
3433 759 3488 803 et

1918 843 2075 898 laetus
2102 853 2154 896 et
2186 841 2377 894 hilaris
2419 839 2587 893 facies
2641 855 2655 892 :
2689 846 2748 890 ut
2795 852 2932 906 Opus
2984 838 3162 905 ipsum
3202 842 3487 907 magnani-

1921 935 2149 997 mitatis,
2184 948 2293 987 non
2329 929 2632 986 coactionis
2659 929 3028 982 existimetur.
3069 929 3199 992 Quae
3222 931 3290 982 ab
3307 932 3485 983 amico

1920 1035 2012 1080 tua
2045 1039 2209 1079 causa
2256 1023 2518 1092 praestita,
2575 1020 2842 1088 voluptati
2875 1020 2970 1074 tibi
3003 1019 3187 1074 forent
3221 1039 3234 1075 :
3276 1038 3338 1076 ea
3403 1023 3486 1076 fac

1922 1116 2046 1170 aliis
2071 1117 2351 1170 exhibeas.
2389 1115 2480 1169 Sic
2507 1121 2561 1167 et
2587 1113 2821 1180 amplam
2861 1113 2915 1165 in
2949 1113 3141 1181 primis
3170 1129 3271 1170 nec
3307 1117 3488 1170 minus

1925 1207 2206 1261 honestam
2238 1206 2334 1259 tibi
2359 1203 2666 1260 cumulabis
2701 1202 3023 1256 amicitiam.

2623 1293 2786 1348 xvn.
3006 1275 3014 1281 ’

1991 1391 2224 1445 Videtur
2247 1404 2296 1445 et
2318 1389 2449 1444 illud
2481 1389 2548 1443 ad
2587 1389 2729 1444 hanc
2753 1396 2899 1444 certe
2939 1389 3214 1458 pertinere
3251 1400 3446 1445 sentett
3468 1420 3483 1432 -

1923 1483 2357 1540 tiam.Arbitror
2381 1483 2532 1535 enim
2587 1494 2705 1546 eos,
2759 1481 2855 1549 qui
2912 1496 3023 1534 rem
3083 1481 3488 1536 conducibilem

1925 1575 2195 1630 monendo
2217 1579 2538 1642 suggerunt,
2575 1572 2983 1640 amplectendos
3018 1588 3138 1627 esse
3167 1589 3184 1641 ;
3241 1578 3492 1643 quamvis

1923 1669 2157 1724 fortuna:
2185 1668 2294 1720 Sint
2322 1665 2500 1721 tenuis
2520 1665 2788 1728 homines,
2820 1667 3072 1734 quamtﬁs
3125 1682 3194 1721 ex
3243 1682 3303 1721 re
3341 1669 3490 1722 nulla

1927 1763 2023 1818 tibi
2051 1761 2189 1816 noti.
2220 1760 2314 1815 Sin
2341 1759 2465 1827 quis
2497 1759 2722 1812 noxium
2754 1760 3036 1828 quidpiam
3072 1761 3169 1814 tibi
3221 1761 3491 1821 consulet.

1927 1852 1974 1904 si
2030 1851 2250 1921 quidem
2311 1858 2373 1903 ut
2440 1847 2695 1916 decipiat,
2756 1849 2934 1906 hostis
2989 1850 3197 1914 atrocis
3256 1850 3491 1906 cilicium

1928 1942 2058 1997 facit
2099 1959 2113 1997 :
2145 1943 2228 1997 sin
2261 1955 2357 2011 per
2389 1941 2810 2012 ignorationem,
2848 1944 3140 2012 cteteroqui
3167 1943 3492 2004 benevolus.

1929 2031 2194 2100 prepositi
2215 2030 2358 2095 boni
2382 2033 2608 2086 nomine
2638 2032 2897 2088 laudetur
2933 2033 3079 2104 (nam
3111 2049 3178 2088 ex
3209 2049 3274 2089 eo
3304 2044 3494 2089 nostra

1929 2135 2147 2191 quoque
2181 2121 2322 2175 Deus
2347 2123 2632 2192 aestimat),
2665 2127 2737 2180 ob
2760 2126 3034 2180 incautam
3073 2140 3202 2180 vero
3235 2124 3498 2195 simplici-

1929 2223 2097 2268 tatem
2171 2228 2274 2268 nec
2309 2218 2647 2285 contemptui
2707 2219 2797 2284 sit,
2855 2233 2960 2273 nec
3043 2218 3493 2287 reprehendatur.

1930 2303 2140 2373 Quippe
2165 2319 2234 2358 ue
2261 2303 2406 2360 Deus
2440 2307 2657 2374 quidem
2695 2323 2795 2378 pro
2848 2293 3106 2362 tribunali
3166 2308 3400 2374 sedebit,
3439 2318 3498 2361 ut

1931 2394 1998 2450 de
2021 2393 2204 2450 stultis
2231 2401 2287 2449 et
2316 2395 2527 2452 insanis
2587 2399 2916 2454 [nominibus
2946 2400 3274 2454 sententiam
3327 2399 3493 2454 ferat.

2479 2477 2488 2486 ’
2612 2487 2795 2546 XVIII.

2001 2580 2066 2634 Et
2098 2583 2200 2638 hoc
2222 2583 2442 2652 quidem
2469 2584 2627 2638 modo
2658 2584 2806 2640 viros
2841 2593 2948 2639 tam
2977 2583 3214 2654 optimos
3237 2592 3290 2639 et
3309 2583 3496 2650 utiles,

1931 2685 2093 2740 quam
2113 2687 2302 2727 eorum
2327 2672 2648 2737 dissimiles,
2686 2674 2958 2729 luculente
2974 2675 3108 2728 satis
3135 2683 3220 2745 (ut
3245 2676 3495 2742 equidem

1931 2764 2191 2832 arbitror)
2247 2780 2510 2835 agnosces
2561 2783 2574 2820 :
2627 2767 2771 2835 quod
2824 2765 3168 2835 principibus
3243 2766 3378 2822 viris
3437 2768 3494 2820 in

1930 2853 2129 2924 primis
2159 2866 2242 2911 est
2272 2858 2420 2912 utile.
2473 2855 2680 2927 Nempe
2731 2873 2852 2912 cum
2927 2859 3326 2928 exploraveris,
3385 2873 3496 2926 quo

256 2959 360 3020 τὰς
394 2956 534 3026 πρὸς
560 2954 620 3008 τὸ
644 2954 818 3018 Θεῖον,
843 2955 942 3015 τὰς
964 2953 1102 3023 πρὸς
1125 2952 1212 3005 τὸν
1243 2951 1378 3022 βίον,
1412 2950 1512 3013 τὰς
1548 2950 1682 3018 πρὸς
1705 2950 1826 3012 τοὺς

1935 2956 2090 3015 pacto
2111 2948 2220 3001 sint
2249 2963 2379 3018 erga
2411 2948 2579 3005 Deum
2609 2950 2810 3016 affecti,
2839 2967 2949 3021 quo
2975 2959 3134 3020 pacto
3175 2961 3496 3020 comparata

258 3049 474 3114 φίλους,
518 3048 616 3111 τὰς
649 3049 728 3109 είς
762 3048 890 3108 τοὺς
934 3045 1058 3100 καθ’
1092 3038 1234 3112 αἷμα
1282 3044 1684 3114 προσήκοντας,
1731 3039 1826 3094 καὶ

1935 3039 2176 3108 ipsorum
2211 3041 2340 3102 vita.
2381 3057 2490 3112 quo
2549 3054 2706 3113 pacto
2735 3059 2793 3098 se
2837 3053 3032 3114 gerant
3077 3059 3206 3112 erga
3265 3044 3494 3107 amicos,

257 3141 345 3204 εἰς
372 3141 501 3203 τοὺς
529 3140 750 3201 πολίτας
776 3139 872 3192 καὶ
904 3135 1107 3202 ξένους,
1144 3135 1239 3188 καὶ
1265 3135 1339 3198 ὡς
1363 3135 1550 3198 αὐτοῖς
1579 3150 1642 3203 γε
1675 3133 1826 3200 σφίσι

1935 3147 2057 3205 erga
2084 3136 2348 3204 sanguine
2365 3136 2605 3206 iunctos,
2637 3152 2763 3207 erga
2789 3139 2939 3193 cives
2966 3148 3021 3192 et
3049 3144 3361 3201 extraneos,
3390 3153 3499 3206 quo

252 3235 328 3286 τὰ
356 3233 481 3287 καθ’
503 3234 694 3295 αὐτοὺς
721 3232 1064 3302 ᾠκονόμητο,
1097 3231 1192 3283 καὶ
1239 3229 1349 3282 τίσι
1386 3228 1485 3297 μὲν
1518 3229 1821 3298 χαίρουσιν,

252 3325 343 3392 ἐφ’
370 3319 455 3388 οἷς
484 3325 542 3377 δὲ
565 3324 915 3393 ἀσχάλλουσι,
959 3322 1061 3386 τὰς
1106 3320 1270 3374 τῶνδε
1316 3321 1512 3390 φύσεις
1548 3321 1823 3390 εὑρήσεις.

259 3416 372 3469 Καί
408 3433 498 3484 μοι
535 3417 734 3484 μηδένα
775 3416 1033 3484 μισήσας.
1070 3414 1195 3475 τοὺς
1231 3400 1522 3483 φιλητέους
1555 3412 1823 3480 φιλήσεις

260 3508 358 3559 καὶ
387 3505 672 3576 χρώμενος
705 3502 785 3568 οἷς
814 3505 1060 3574 ἄμεινον,
1109 3503 1210 3556 οὑκ
1242 3503 1541 3571 ἀμελήσεις
1579 3501 1688 3552 τῶν
1733 3499 1828 3552 ἀλ-

260 3599 393 3650 λων.
432 3595 590 3649 Οὕτω
618 3598 710 3649 καὶ
747 3595 990 3665 κοσμίως
1019 3593 1293 3663 φιλήσεις,
1326 3592 1423 3644 καὶ
1447 3592 1504 3643 ὲν
1537 3591 1614 3658 τῷ
1652 3589 1828 3658 φιλεῖν

261 3689 361 3742 καὶ
395 3687 668 3758 φιλεῖσθαι
711 3687 1011 3756 διαμενεῖς.
1056 3685 1115 3738 ὐ
1149 3685 1258 3754 γὰρ
1291 3683 1529 3752 εὐχερῶς
1562 3684 1829 3734 συναπτό-

264 3797 429 3850 μενος
461 3779 855 3850 εὐχερέστερον
907 3777 1196 3831 διίσταται.
1252 3773 1426 3830 Τοῦτο
1471 3773 1526 3826 δὲ
1565 3772 1828 3843 φευκτέον

263 3873 394 3929 νοῦν
419 3874 657 3944 ἔχουσιν.

1005 3961 1112 4016 ΙΘ’.

349 4059 408 4114 Ὀ
443 4059 544 4129 μὲν
579 4056 770 4128 μηδενὶ
804 4053 1077 4108 πιστεύων
1107 4051 1308 4125 ῥᾳδίως
1333 4051 1398 4107 ἄν
1420 4052 1648 4106 αὐτόθεν
1670 4051 1830 4106 αὐτὸν

266 4151 493 4206 ὀλέσειεο
550 4149 753 4210 πάντες
812 4145 922 4216 γὰρ
968 4145 1212 4215 ἀλλήλων
1250 4143 1514 4212 δεόμεθα,
1547 4146 1596 4197 εί
1645 4143 1830 4213 μέλλει

272 4243 586 4312 διαρκέσειν
633 4241 765 4309 ἡμῖν
809 4237 872 4290 τὸ
922 4236 1040 4308 ζῇν·
1069 4237 1132 4288 τὸ
1178 4237 1316 4290 πᾶσι
1343 4234 1390 4288 δ’
1443 4234 1511 4288 αὖ
1553 4234 1831 4288 πιστεύειν

269 4336 535 4406 ὀλέθριον,
559 4334 660 4386 οὐκ
689 4331 748 4384 ὃν
767 4331 991 4383 δυνατὸν
1012 4330 1316 4400 ἀφεστάναι
1338 4331 1436 4398 τὴν
1461 4327 1662 4380 κακίαν
1677 4326 1828 4379 τοῦδε

269 4428 364 4481 τοῦ
393 4427 532 4496 βίου.
583 4421 798 4478 Οὐκοῦν
847 4421 1125 4476 ἀπόλωλεν
1172 4420 1336 4485 ἄπας,
1381 4421 1410 4470 ὁ
1451 4420 1588 4471 πᾶσί
1631 4435 1691 4470 τε
1737 4434 1828 4471 πι-

274 4521 501 4585 στεύων,
551 4518 649 4570 καὶ
698 4515 909 4586 μηδενί.
971 4515 1187 4566 Ὀντοιν
1213 4513 1270 4565 δὲ
1299 4512 1444 4564 δυοῖν
1485 4511 1825 4579 θανασίμοιν,

271 4617 320 4666 εί
351 4612 656 4679 ἀναγκαίαν
686 4603 807 4676 θείη
833 4625 913 4670 τις
939 4607 1170 4658 τουτωνὶ
1195 4603 1295 4675 τὴν
1325 4602 1441 4671 αἶρε
1454 4619 1557 4666 σιν,
1579 4605 1831 4671 κρεῖσσον

273 4705 465 4758 παθεῖν
497 4703 606 4754 ἀπὸ
637 4699 732 4752 τοῦ
780 4699 1027 4770 θαρρεῖν,
1068 4697 1102 4765 ἢ
1140 4695 1235 4747 τοῦ
1265 4693 1472 4755 πάντας
1504 4694 1831 4746 ὑποπτεύειν

271 4797 400 4865 ἑξῆς
435 4793 783 4864 ἀνθρώπους.
826 4792 1035 4843 Ἐκεῖνο
1081 4790 1190 4858 γὰρ
1240 4787 1541 4855 ἁπλότητος
1594 4785 1832 4854 ἀμέτρου

269 4888 593 4957 τεκμήριονο
630 4880 790 4938 τοῦτο
827 4877 885 4937 δὲ
913 4878 1354 4950 ὑπερῆαλλούσης
1404 4876 1667 4944 πονηρίας
1698 4875 1836 4928 ἁπόο

273 4977 439 5042 δειξις
467 4976 704 5046 ἐναργής
729 4992 744 5006 ·
778 4973 875 5025 καὶ
921 4969 1185 5040 πονηρίας
1228 4969 1289 5020 τὸ
1334 4967 1623 5020 πολλοστὸν
1653 4968 1834 5020 πᾶσαν

272 5069 532 5135 ἀφέλειαν
591 5069 740 5120 κάτω
791 5065 1007 5133 τίθησιν
1059 5064 1226 5114 ἓνεκα
1268 5059 1360 5113 τοῦ
1409 5058 1702 5128 βλαϐεροῦ,
1736 5059 1836 5119 τὴν

275 5160 510 5228 ἅμιλλαν
567 5155 952 5226 ἐργαζόμενον.
987 5152 1170 5214 Ὅλως
1211 5150 1266 5201 δὲ
1312 5148 1544 5201 ἐνταῦθα
1577 5149 1838 5228 ’τὸ-κακον

273 5226 338 5319 τῇ
377 5249 476 5319 μὲν
505 5247 772 5314 ἁπλότητι
807 5245 894 5296 διὰ
923 5245 1023 5313 τὴν
1051 5240 1378 5312 ὑπερϐολὴν,
1429 5240 1487 5292 οὐ
1518 5241 1618 5308 τὴν
1644 5226 1833 5307 ὶρύσιν,

275 5343 341 5409 τῇ
376 5341 432 5392 δὲ
460 5336 700 5408 πονηρία
733 5335 854 5389 κατ’
883 5335 1093 5405 ἄμφω.⁴

1018 5528 1105 5584 κ’.

355 5626 680 5695 ’Υποψόγων
717 5621 1079 5689 δεδειγμένων
1109 5617 1218 5669 τῶν
1265 5615 1397 5684 περὶ
1439 5615 1539 5684 τῆς
1573 5614 1709 5684 πρὸς
1742 5613 1838 5665 ἀλ-

273 5721 466 5790 λήλους
493 5721 729 5778 πίστεως
757 5715 1098 5784 ἁκροτήτων,
1123 5710 1241 5763 δέον
1273 5708 1333 5760 ὃν
1381 5708 1555 5777 μέσην
1584 5707 1800 5775 βαδίσαι
1821 5721 1837 5735 ·

270 5813 416 5878 λέγω
441 5811 507 5880 δὴ
541 5809 654 5860 τισὶ
699 5805 998 5869 πιστεύειν,
1035 5805 1128 5856 καὶ
1160 5801 1303 5854 τισὶν
1340 5801 1593 5852 ἀπιστεῖν
1633 5801 1724 5852 τὸν
1758 5801 1833 5870 μή

269 5901 486 5982 θατέρῳ
509 5900 616 5967 τῶν
646 5896 830 5950 κακῶν
862 5893 1336 5963 διαφθαρήσεσθαι
1361 5890 1646 5959 μέλλονταο
1681 5893 1828 5950 ὅπως

552 5995 822 6058 ParaoL.
858 5995 978 6055 (in.
1019 5989 1195 6053 CLVI

1860 4479 1905 4533 D

1928 3237 2086 3296 pacto
2104 3243 2189 3284 res
2211 3230 2316 3298 ipsi
2332 3245 2464 3286 suas
2489 3229 3074 3293 administraverint,et
3095 3230 3296 3300 quibus
3313 3230 3502 3285 obler-
3540 3287 3547 3295 ,

1931 3328 2134 3384 tentur,
2152 3338 2181 3374 a
2198 3323 2395 3391 quibus
2413 3324 2773 3377 abhorreant:
2794 3332 2907 3376 tum
2928 3339 3054 3377 vero
3070 3331 3293 3378 naturas
3311 3338 3499 3377 eorum

1929 3411 2317 3481 deprehendes.
2330 3415 2640 3482 Diligendos
2653 3415 2866 3484 diliges,
2882 3415 3154 3470 neminem
3174 3416 3298 3469 odio
3317 3429 3501 3484 prose-

1929 3519 2103 3570 quens
2141 3505 2370 3560 :etillis
2398 3518 2579 3570 utens,
2605 3507 2806 3576 quibus
2865 3507 2941 3559 uti
2990 3515 3229 3576 praestat,
3275 3515 3502 3562 caeteros

1929 3611 2038 3650 non
2058 3597 2314 3667 negliges.
2363 3599 2452 3652 Sic
2492 3608 2546 3653 et
2577 3600 2679 3654 rite
2723 3599 2936 3667 diliges,
2963 3608 3017 3654 et
3074 3606 3337 3668 perpetuo
3385 3608 3499 3652 tum

1929 3685 2048 3754 ipse
2071 3687 2280 3757 diliges,
2313 3696 2427 3743 tum
2471 3689 2742 3758 diligeris.
2793 3689 2930 3744 Nam
2987 3689 3082 3759 qui
3133 3692 3288 3745 alteri
3345 3691 3502 3745 facile

1927 3775 2198 3846 jungitur,
2224 3776 2444 3834 facilius
2466 3779 2536 3833 ab
2555 3781 2746 3834 eodem
2777 3794 2838 3835 se
2859 3781 3147 3852 disiungit.
3175 3777 3499 3852 uocantem

1930 3866 2218 3921 vitandum
2255 3879 2439 3924 mente
2469 3870 2740 3936 praeditis.

2653 3961 2803 4016 XIX.

2001 4053 2239 4112 Libitum
2265 4055 2352 4110 cui
2382 4054 2566 4123 fuerit,
2592 4056 2794 4111 habere
2828 4055 3030 4112 nemini
3060 4055 3238 4121 fidem,
3274 4057 3320 4112 is
3346 4055 3505 4113 facile

1931 4148 2171 4215 seipsum
2205 4148 2308 4201 hoc
2355 4155 2514 4217 pacto
2565 4147 2885 4216 perdiderit.
2937 4146 3070 4200 Nam
3105 4148 3332 4203 omnino
3364 4147 3508 4203 indi-

1931 4253 2120 4307 gemus
2142 4237 2280 4292 alter
2304 4238 2554 4304 alterius,
2584 4239 2630 4294 si
2657 4240 2822 4292 vitam
2850 4238 3160 4292 incolumen
3185 4239 3344 4295 nobis
3385 4254 3506 4294 esse

1931 4330 2204 4385 volumus.
2233 4329 2511 4386 Ediverso
2565 4330 2722 4385 fidem
2748 4331 3002 4386 omnibus
3055 4331 3334 4397 adhibere,
3383 4347 3507 4402 pcr-

1933 4423 2201 4477 niciosum
2226 4431 2331 4485 est,
2380 4437 2506 4477 cum
2572 4422 2690 4477 fieri
2739 4431 2996 4490 nequeat,
3049 4431 3109 4477 ut
3135 4423 3204 4476 ab
3259 4424 3362 4479 hac
3397 4425 3505 4479 vita

1933 4512 2255 4581 improbitas
2276 4513 2438 4567 absit.
2483 4511 2628 4568 Perit
2647 4529 2795 4582 ergo,
2833 4515 3082 4581 quisquis
3108 4515 3366 4570 omnibus
3388 4530 3510 4572 ere.

1932 4606 2030 4667 dit.
2054 4612 2108 4658 et
2143 4605 2369 4658 nemini.
2409 4604 2547 4660 Cum
2580 4614 2758 4660 autem
2804 4614 3099 4674 utrumque
3139 4607 3211 4660 sit
3257 4608 3501 4671 exitiale,

1933 4697 1980 4750 si
2031 4697 2342 4750 necessario
2393 4697 2466 4750 sit
2510 4696 2819 4765 eligendum
2877 4697 3222 4762 alterutrum,
3282 4708 3506 4766 prazstat

1935 4787 2138 4856 aliquid
2163 4789 2233 4842 ob
2257 4787 2512 4841 fiduciam
2541 4787 2670 4856 pati,
2696 4802 2858 4856 quam
2909 4802 3100 4840 omnes
3141 4802 3367 4854 prorsus
3401 4788 3502 4840 lm-

1935 4881 2112 4934 mines
2152 4890 2437 4949 suspectos
2491 4879 2760 4933 habendo.
2820 4876 2953 4931 Nam
3007 4878 3139 4930 illud
3195 4878 3505 4932 immodicae

1935 4973 2305 5042 simplicitatis
2332 4983 2418 5027 est
2451 4972 2714 5026 indicium
2741 4988 2755 5034 ;
2791 4969 2893 5023 hoc
2927 4967 3148 5023 evidens
3173 4969 3354 5022 nimia:
3385 4985 3506 5036 pr..-

1936 5063 2120 5118 vitatis
2158 5071 2559 5134 argumentum.
2613 5061 2832 5115 Minima
2874 5075 3001 5114 vero
3049 5059 3332 5127 pravitatis
3379 5077 3505 5130 pars

1936 5168 2151 5210 omnem
2180 5155 2577 5222 simplicitatem
2609 5161 2849 5222 superat,
2883 5151 3017 5205 nihil
3068 5167 3173 5205 non
3197 5153 3378 5206 studio
3403 5171 3504 5205 no.

1915 5237 2093 5300 ~cendi
2122 5247 2371 5301 moliens.
2428 5245 2493 5299 Et
2516 5246 2738 5299 omnino
2781 5245 2974 5297 vitiosa
3024 5242 3345 5312 simplicitas
3398 5255 3502 5304 cst.

1939 5352 2046 5390 non
2071 5346 2289 5405 natura,
2320 5340 2414 5392 sed
2441 5341 2568 5406 quia
2616 5335 2785 5391 nimia
2819 5334 3086 5404 :pravitas
3127 5345 3327 5401 autem,
3353 5345 3504 5390 utra-

1941 5441 2048 5496 que
2101 5427 2170 5482 de
2206 5443 2390 5482 causa.
3524 5419 3534 5428 ’

2163 5584 2166 5586 ν
2630 5518 2746 5572 XX.
2859 5573 2866 5578 ,

2011 5611 2068 5665 lu
2089 5624 2150 5664 ea
2175 5609 2302 5674 nde,
2321 5625 2486 5678 quam
2523 5610 2658 5664 alter
2688 5607 3226 5669 adhibemusalteri,
3256 5622 3379 5662 cum
3404 5621 3472 5661 ex
3501 5645 3504 5647 λ

1941 5713 2113 5758 trema
2140 5697 2575 5755 demonstratum
2605 5701 2674 5754 sit
2699 5715 2818 5754 esse
2870 5699 3268 5767 vituperabilia,
3325 5697 3504 5750 media

1941 5792 2300 5849 incedendum
2337 5791 2422 5844 via
2453 5808 2468 5856 ;
2499 5793 2822 5858 quibusdam
2871 5790 3082 5844 scilicet
3114 5798 3172 5842 ut
3205 5787 3413 5853 credat,
3444 5798 3502 5842 et

1937 5883 2400 5956 quibusdam'non
2422 5885 2624 5943 credat,
2656 5882 2748 5948 qui
2781 5881 3043 5933 maturum
3094 5879 3351 5932 alterutro
3381 5891 3505 5931 eor-

3095 5964 3158 6032 il
