3978 6644
413 411 538 499 ’331

437 547 615 618 rumpi
646 543 978 601 nolit.Bonis
1011 542 1168 598 (idem
1215 536 1521 602 adhibebis,
1558 537 1754 592 vitabis
1814 534 2008 590 malos.
2042 554 2086 611 Α

434 643 648 710 Quippe
679 640 724 694 si
757 638 915 695 bonis
938 635 1098 691 ﬁdem
1131 648 1240 689 non
1272 630 1551 695 habueris,
1593 630 1817 685 omnino
1848 628 2008 683 malis

438 732 652 797 credes,
685 745 809 786 cum
846 742 1069 784 necesse
1112 727 1203 791 sit,
1234 725 1507 795 aliquibus
1555 722 1816 778 credere:
1872 731 2011 774 con-

439 839 656 897 traque,
690 838 854 894 quam
888 822 1003 877 ﬁeri
1032 835 1130 889 par
1152 827 1291 884 erat,
1323 826 1419 878 aut
1447 816 1712 878 diﬂidens,
1761 822 1856 868 aut
1888 826 2009 866 cre-

437 924 593 985 dens,
620 920 819 990 quibus
851 931 960 971 nou
1012 913 1288 977 debebas;
1328 910 1485 966 facile
1528 906 1923 975 corrumperis,
1955 912 2011 957 et

439 1014 660 1084 gravius
706 1010 949 1082 quidem,
1012 1020 1177 1077 quam
1236 1002 1471 1073 cogitare
1535 998 1736 1069 possis.
1797 993 2011 1050 Etenim

440 1107 612 1162 farina
645 1104 713 1160 de
747 1104 1044 1163 frumento,
1074 1099 1291 1153 duobus
1341 1094 1684 1150 comminuto
1716 1087 2009 1156 lapidibus,

438 1198 711 1254 edicitur:
744 1195 941 1247 horum
973 1203 1123 1253 vero,
1161 1200 1269 1241 non
1329 1184 1506 1238 dicam
1553 1182 1858 1241 amborum,
1915 1174 2011 1229 sed

439 1285 760 1344 alterutrius
789 1295 1037 1337 seorsum
1097 1278 1237 1333 mira
1268 1271 1530 1344 perdendi
1560 1271 1643 1325 vis
1667 1280 1773 1322 est.

1138 1366 1279 1422 XXI.

509 1470 747 1525 Omnino
779 1466 877 1521 tibi
911 1472 1096 1518 certus
1124 1460 1334 1514 amicus
1364 1465 1469 1521 est,
1503 1455 1597 1525 qui
1647 1450 1921 1508 admissus
1958 1449 2012 1500 in

436 1566 746 1622 societatem
774 1576 956 1622 rerum
985 1554 1369 1627 gerendarum,
1417 1548 1708 1605 blanditias
1741 1545 1813 1607 ei,
1869 1540 2013 1610 quod

436 1656 678 1728 expedit,
712 1652 1010 1722 postponit.
1042 1649 1146 1714 Qui
1168 1662 1300 1701 vero
1328 1644 1517 1714 gratia:
1568 1638 1873 1710 captandas,
1897 1650 2017 1702 qua:

438 1756 510 1808 sit
545 1752 822 1810 nocitura,
857 1744 1043 1809 servit,
1078 1741 1210 1796 nihil
1261 1740 1331 1793 ab
1382 1737 1508 1793 odio
1557 1729 2017 1806 persequentibus

439 1852 496 1897 et
517 1839 773 1897 hostibus
793 1837 925 1905 ipsis
938 1832 1122 1887 dilIert
1139 1849 1154 1886 :
1174 1828 1439 1899 siquidem
1461 1824 1750 1879 nonetiam
1768 1822 1916 1889 pejor
1934 1825 2018 1869 est

447 1934 722 1994 hostibus,
797 1927 892 1998 qui
967 1922 1301 1980 assentando
1369 1917 1593 1986 decipit,
1671 1894 2090 1977 mentemque“

441 2037 646 2085 tantam
681 2038 787 2078 non
811 2017 1133 2086 corrumpit.
1169 2015 1284 2068 lmo
1341 2019 1700 2081 praeterquam
1738 2003 1882 2074 quod
1919 2016 2015 2054 no-

439 2121 563 2173 xius
595 2126 702 2180 est,
735 2114 897 2168 etiam
933 2112 1034 2165 hac
1062 2110 1186 2162 illos
1218 2107 1272 2159 in
1325 2111 1478 2173 parte
1522 2106 1762 2169 superat.
1823 2094 2016 2149 llostes

438 2210 588 2266 enim
624 2205 840 2261 molesti
874 2209 1004 2257 sunt
1030 2199 1187 2254 nobis
1224 2205 1389 2264 atque
1426 2207 1642 2263 graves,
1681 2199 1735 2243 et
1781 2187 2020 2258 quisque

438 2304 520 2358 sic
552 2296 851 2369 comparati
885 2307 1109 2353 sumus,
1130 2299 1190 2343 ut
1225 2305 1283 2343 re
1310 2285 1620 2341 molestiam
1675 2280 1834 2335 nobis
1863 2277 2018 2337 exhi-

437 2396 601 2450 bente
634 2386 855 2445 liberari
883 2385 1190 2455 cupiamus.
1238 2380 1309 2435 At
1340 2380 1448 2440 hic,
1481 2377 1642 2431 etiam
1673 2388 1798 2428 cum
1835 2380 2018 2433 nocet,

433 2483 711 2557 jncundus
759 2494 879 2535 esse
927 2485 1171 2546 putatur,
1221 2472 1455 2539 ideoque
1501 2468 1686 2536 potius
1752 2476 2016 2525 amorem,

435 2592 602 2650 quam
633 2576 821 2630 odium
858 2569 1064 2627 merevi
1091 2567 1329 2621 videtur.
1382 2560 1565 2616 llostis
1604 2569 1862 2627 praeterea
1906 2552 2017 2608 ﬁeri

436 2678 659 2743 potest;
684 2679 745 2724 ut
771 2656 1313 2721 reconcilietur,'nec
1338 2671 1403 2711 eo
1438 2656 1639 2716 minus,
1667 2660 1727 2704 ut
1780 2659 2023 2718 proster-

448 2773 614 2820 natur
642 2775 658 2814 :
688 2760 777 2814 hic
801 2769 953 2818 vero,
985 2750 1347 2809 cumlutitare
1395 2747 1590 2817 possit,
1618 2752 1771 2797 extra
1803 2752 2021 2795 omnem

442 2855 537 2910 teli
562 2853 776 2924 jactum
809 2846 1082 2909 consistit,
1115 2852 1169 2897 et
1194 2840 1261 2894 ad
1299 2839 1545 2893 fraudem
1576 2850 1696 2891 sese
1729 2830 2019 2893 convertit,

441 2949 740 3004 absumens
773 2958 803 2996 a
829 2940 1032 3010 quibus
1062 2938 1251 2999 alitur,
1278 2942 1333 2988 et
1389 2932 1442 2986 in
1501 2928 1723 2985 eosdem
1788 2925 2027 2980 belluino

440 3057 595 3101 more
611 3039 865 3096 saeviens.
883 3034 1057 3102 Atque
1075 3032 1179 3087 hoc
1202 3044 1336 3085 sane
1355 3026 1736 3097 gravissimum
1754 3031 1859 3081 est.
1880 3018 2025 3089 quod

447 3132 682 3190 fallendo
698 3126 972 3185 lucrilatcit
994 3143 1011 3193 ;
1032 3119 1449 3182 lucrifacieudo,
1474 3120 1528 3171 iu
1551 3114 1799 3170 lt-audem
1820 3110 2025 3166 allicit:

441 3244 511 3286 ac
525 3223 753 3298 proinde
774 3222 977 3276 malum
993 3217 1156 3274 modo
1172 3230 1282 3270 non
1302 3214 1356 3269 iu
1373 3210 1643 3267 infinitum
1662 3206 2026 3279 progreditur.
2060 3251 2104 3314 Β

1142 3305 1309 3363 XXII.

523 3413 598 3472 Ad
633 3411 805 3467 decus
854 3412 1133 3477 pratorum
1184 3401 1346 3455 ﬂores
1408 3397 1728 3477 pertinent:
1792 3392 2020 3455 coelum,

445 3506 650 3571 sidera,
686 3474 985 3572 principem
1046 3493 1283 3549 studium
1315 3490 1559 3545 veritatis
1589 3474 1767 3542 ornat.
1819 3486 1897 3539 Ac
1934 3496 2027 3535 na.

445 3599 595 3654 vium
629 3592 852 3664 quidem
915 3587 1083 3643 robur
1119 3585 1172 3639 iu
1208 3584 1397 3638 carina
1446 3580 1703 3636 consistit
1736 3596 1752 3643 ;
1796 3576 2019 3638 mdium,

447 3692 503 3745 in
534 3685 893 3744 fundamento
919 3700 934 3736 :
963 3680 1079 3747 ejus
1111 3686 1315 3739 autem,
1357 3674 1445 3727 cui
1471 3678 1736 3741 perpetuo
1759 3683 1906 3723 curae
1933 3680 2027 3735 po-

446 3782 702 3853 pulorum
726 3784 811 3831 est
837 3783 892 3831 et
934 3771 1151 3828 urbiqu
1177 3768 1344 3829 salus,
1394 3766 1449 3819 in
1490 3766 1612 3828 hoc,
1649 3771 1707 3817 ut
1759 3759 2025 3832 quidquid

448 3872 700 3930 adnuerit
726 3867 926 3937 capite,
975 3860 1222 3931 vel'ipsis
1269 3867 1516 3914 servetur
1557 3856 1829 3919 hostibus,
1880 3853 2026 3922 quod

447 3964 772 4022 existimare
802 3958 1018 4022 debeat,
1051 3969 1121 4010 ne
1162 3953 1455 4007 vivendum
1495 3949 1716 4019 quidem
1754 3947 1879 4013 sibi,
1905 3947 2017 4000 vio-

447 4062 558 4115 lata
582 4058 707 4136 (ide.
736 4054 918 4110 Verax
946 4058 1129 4105 autem
1159 4061 1350 4115 reapse
1371 4046 1617 4109 ducetur,
1649 4056 1760 4096 non
1779 4040 1872 4110 qui
1901 4054 2026 4108 pro-

449 4134 747 4205 missorum
787 4141 1193 4215 praestationem
1241 4135 1517 4193 convertit
1540 4134 1593 4188 in
1619 4141 1914 4203 quaestum,
1970 4137 2030 4182 ut

447 4257 515 4296 ex
547 4238 725 4300 eavel
755 4237 863 4290 alat
916 4247 1056 4296 sese,
1122 4232 1206 4284 vel
1265 4243 1398 4299 opes
1449 4233 1836 4295 consequatur.
1894 4222 2026 4275 Nam

450 4348 577 4389 cum
614 4331 735 4384 linis
761 4330 810 4383 ei
849 4325 1180 4396 propositus,
1220 4338 1330 4375 non
1394 4322 1510 4389 ipsa
1540 4333 1633 4390 per
1685 4334 1745 4372 se
1807 4316 2027 4389 veritas,

450 4427 544 4483 sed
578 4425 805 4494 pecunia
837 4421 1056 4478 sit:‘sic
1090 4420 1179 4472 ubi
1216 4402 1405 4472 verum
1462 4415 1562 4469 sibi
1617 4428 1720 4467 non
1780 4410 2027 4465 futurum

453 4520 826 4575 emolumento
861 4516 1156 4585 putaverit,
1202 4526 1327 4565 mox
1361 4509 1592 4579 pedibus
1619 4507 1685 4560 ab
1714 4522 1779 4561 eo
1808 4503 2032 4575 procul-

1580 425 1850 487 MANUE
1862 414 1979 485 [SIS
2022 424 2110 484 PA
2122 417 2470 487 UAZOLOGI

3673 423 3781 490 332

2119 542 2435 604 πιστεύσεις
2480 541 2593 603 τοῖς
2627 538 2873 609 ἀγαθοῖς,
2918 540 3045 606 τοὺς
3074 539 3415 610 πονηροὺς
3459 538 3783 607 διαφυλατο

2112 631 2363 699 τόμενος.
2410 631 2511 683 Ἢν
2549 630 2656 697 γὰρ
2686 630 3001 702 ἀπιστήσῃς
3036 633 3163 694 τοῖς
3205 629 3508 695 ἀγαθοῖς,
3545 631 3780 685 πιστεύ-

2114 743 2227 791 σεις
2263 726 2483 789 πάντως
2510 731 2624 791 τοῖς
2652 730 2933 798 πονηροῖς,
2968 728 3253 795 ρνάγκης
3302 725 3504 795 οὔσης
3534 728 3657 779 τισὶ
3687 743 3783 779 πι-

2113 821 2348 874 στεύειν·
2368 823 2465 874 καὶ
2484 821 2711 888 ἐναλλὰξ
2729 822 2807 892 τῷ
2830 822 3092 892 πρέποντι
3122 804 3498 891 χρώμενος,
3518 817 3780 871 ἀπιστῶν

2112 931 2177 983 γε
2208 916 2304 970 καὶ
2348 915 2622 968 πιστεύων
2651 912 2732 978 οἷς
2762 914 2823 968 ού
2853 915 2994 979 δέον,
3027 912 3313 984 εὐχερῶς
3364 909 3779 983 διαφθαρήσῃ,

2113 1012 2239 1064 ὅσον
2271 1009 2380 1062 οὐδ’
2411 1007 2787 1078 ἐνθυμηθῆναί
2822 1025 2880 1061 σε
2913 1009 3119 1080 ῥᾴδιον·
3159 1005 3368 1075 πυροὶ
3399 1004 3528 1076 γὰρ
3563 1003 3776 1066 ἄλευρα

2114 1108 2374 1172 γίνονται,
2417 1102 2550 1155 -δυσὶ
2589 1102 2958 1172 θρυπτόμενοι
3009 1101 3199 1163 λίθοις
3229 1114 3250 1131 ο
3301 1097 3514 1168 τούτῳ
3561 1097 3626 1151 δὲ
3675 1098 3776 1165 οὐχ

2115 1200 2262 1261 ὅπως
2296 1198 2489 1267 ἄμφω,
2520 1196 2655 1249 ἀλλὰ
2678 1197 2773 1250 καὶ
2793 1194 2964 1266 χωρὶς
2991 1194 3295 1263 ἑκάτερον
3322 1190 3542 1244 ὀλέσαι
3567 1188 3769 1244 δεινόν.

2834 1372 2962 1428 ΚΔ’.

2188 1467 2267 1523 Ἦ
2315 1485 2421 1524 που
2470 1467 2626 1536 φίλος
2675 1484 2756 1519 σοι
2810 1465 3013 1535 σαφὴς,
3038 1463 3099 1527 ὃς
3128 1458 3473 1516 κοινωνῶν
3521 1464 3614 1513 σοι
3654 1460 3766 1513 τῶν

2120 1566 2320 1634 ἔργων,
2352 1564 2585 1617 κατόπιν
2610 1561 2705 1614 τοῦ
2738 1561 3083 1621 συνοίσοντος
3120 1557 3255 1610 αἰεὶ
3305 1555 3384 1608 τὸ
3432 1554 3645 1625 χάριεν
3682 1553 3763 1606 τί-

2120 1659 2298 1727 θησιν.
2345 1657 2405 1708 ’0
2432 1656 2489 1710 δὲ
2524 1654 2661 1724 πρὸς
2706 1654 2868 1724 χάριν
2900 1652 3234 1722 βλάψουσαν
3269 1645 3760 1718 ὑπηρετούμενος

2125 1752 2430 1823 μισούντων
2459 1765 2519 1801 τε
2543 1748 2637 1800 καὶ
2672 1747 2948 1817 πολεμίων
2964 1743 3159 1811 ,αὐτῶν
3185 1742 3374 1796 οὐδὲν
3410 1739 3752 1809 διενήνοχεν,

2122 1845 2169 1897 εί
2203 1843 2279 1913 μὴ
2309 1844 2403 1895 καὶ
2435 1840 2562 1903 τοὺς
2594 1838 2825 1908 ἐχθροὺς
2852 1835 3198 1906 ύπερήλασε,
3242 1828 3601 1891 κολακείαις
3625 1827 3755 1879 πλα-

2120 1937 2251 2000 νῶν,
2284 1936 2380 1999 καὶ
2427 1932 2713 2005 μονονουχὶ
2749 1931 2839 1983 τὸν
2869 1928 2994 1984 νοῦν
3025 1927 3510 1997 λυμαινόμενος.
3542 1920 3621 1974 Ού
3649 1920 3749 1987 μὴν

2118 2030 2253 2084 ἀλλὰ
2282 2029 2387 2081 κάν
2416 2026 2552 2098 τῷδε
2601 2026 2679 2095 τῷ
2716 2026 2874 2095 μέρει
2909 2022 3138 2075 ἐκείνων
3192 2020 3369 2090 μάλα
3426 2012 3741 2070 πλεονεκτά

2120 2127 2256 2195 πρὸς
2285 2126 2362 2195 τῷ
2397 2124 2657 2195 βλαϐερὸς
2683 2119 2843 2174 εἶναι.
2885 2120 3112 2172 Ἐκεῖνοι
3139 2116 3268 2187 γὰρ
3300 2116 3459 2187 ἡμῖν
3487 2111 3737 2181 λυπηροὶ.

2120 2222 2215 2275 καὶ
2248 2220 2343 2274 τοῦ
2376 2216 2674 2278 λυποῦντος
2724 2211 3185 2276 ἀπαλλαξείοντὲς
3231 2211 3428 2277 ἐσμεν
3475 2207 3738 2264 ἕκαστος·

2120 2317 2147 2368 ὁ
2175 2313 2232 2368 δὲ
2269 2313 2363 2365 καὶ
2396 2311 2651 2381 βλάπτων
2697 2307 2829 2375 ἡδὺς
2881 2303 3207 2373 νομίζεταιο
3276 2303 3388 2352 καὶ
3444 2298 3544 2351 διὰ
3593 2293 3745 2347 τοῦτο

2122 2408 2373 2477 φιλητὲος
2415 2421 2476 2472 γε
2510 2401 2711 2472 μᾶλλον
2738 2400 2771 2468 ἦ
2823 2397 3079 2467 μισητέος
3109 2395 3302 2449 δοκεῖ.
3346 2394 3472 2445 Καὶ
3507 2391 3602 2442 τὸν
3644 2388 3739 2458 μιν

2122 2498 2317 2569 ἐχθρὸν
2366 2496 2458 2548 καὶ¹
2503 2490 2834 2554 καταλλάξαι
2885 2487 3149 2551 δυνατὸν,
3212 2486 3325 2538 καὶ
3376 2477 3740 2545 κατενεγκεῖν

2122 2596 2223 2647 οὐκ
2256 2592 2514 2645 ἀδύνατον
2540 2605 2554 2620 θ
2587 2581 2743 2649 οὗτος
2777 2584 2834 2638 δὲ
2865 2581 3154 2637 λανθάνειν
3191 2580 3347 2633 δυνά
3359 2574 3735 2649 μενος,ἒστη-

2126 2705 2222 2740 κεν
2264 2685 2369 2751 ἔξω
2409 2681 2576 2753 βελῶν
2597 2697 2610 2710 ’
2645 2681 2782 2750 πρὸς
2828 2677 2883 2730 δὲ
2916 2677 3015 2746 τὴν
3048 2673 3284 2742 ἀπάτην
3317 2668 3732 2726 ἐπεκτείνεται,

2126 2777 2185 2850 ἐξ
2212 2771 2286 2829 ὧν
2313 2752 2573 2844 τρέφεται
2603 2769 2953 2838 λωϐώμενος.
2983 2765 3077 2818 καὶ
3106 2763 3239 2817 κατ’
3277 2760 3482 2815 αὐτῶν
3515 2752 3731 2825 θηριούο

2131 2845 2310 2942 μενος.
2355 2866 2462 2920 Καὶ
2493 2863 2651 2916 τοῦτό
2680 2863 2795 2914 ἐστι
2838 2860 2900 2913 τὸ
2952 2857 3097 2928 μάλα
3140 2856 3359 2920 δεινὸν,
3393 2854 3485 2906 ὅτι
3528 2850 3608 2919 τῷ
3639 2845 3754 2915 μὲν,

2129 2940 2344 3030 sums»
2394 2956 2691 3025 κερδαίνει,
2718 2951 2798 3022 τῷ
2845 2949 2901 3002 δὲ
2949 2948 3270 3018 κερδαίνειν
3317 2940 3727 3015 παρακαλεῖται

2130 3053 2265 3123 πρὸς
2291 3050 2388 3118 τὴν
2417 3049 2633 3116 ἀπάτην
2652 3061 2667 3076 ·
2698 3044 2791 3098 καὶ
2819 3041 3007 3095 λοιπὸν
3035 3040 3121 3094 ἐπ’
3152 3038 3407 3108 ἄπειρον
3443 3032 3729 3106 μονονουχὶ

2128 3148 2190 3199 τὸ
2221 3142 2389 3198 κακὸν
2420 3141 2689 3210 πρόεισιν.

2848 3306 2968 3363 KB'.
3330 3350 3333 3355 .

2199 3412 2484 3484 Λειμῶνας
2519 3408 2617 3479 μὲν
2647 3404 2783 3476 ἄνθη
2822 3403 3019 3474 κοσμεῖ
3039 3415 3054 3432 ο
3084 3399 3179 3454 καὶ
3206 3394 3455 3469 οὐρανὸν
3482 3389 3725 3460 ἀστέρων

2128 3477 2319 3581 χοροίλ
2352 3505 2416 3559 τὸ
2447 3502 2501 3556 δὲ
2522 3477 2832 3570 -φιλάληθες
2857 3496 3116 3566 ἄρχοντα.
3151 3492 3269 3546 Καὶ
3311 3489 3522 3560 τρόπις
3557 3482 3655 3553 μὲν
3678 3477 3721 3581 ,ἡ

2128 3568 2355 3669 δύναμις
2395 3568 2560 3648 ναυσί
2586 3610 2599 3622 ·
2654 3568 2748 3643 καὶ
2783 3586 3034 3657 θεμέλιος
3061 3584 3237 3646 οἴκοις
3262 3598 3279 3613 ·
3323 3574 3371 3649 ᾧ
3400 3579 3460 3632 δὲ
3504 3568 3722 3645 φροντίς

2131 3667 2278 3747 ἐστιν
2352 3689 2590 3759 ἄληκτος
2651 3682 2922 3746 σώζεσθαι
2989 3678 3157 3740 λαούς
3218 3692 3282 3730 τε
3357 3673 3458 3727 καὶ
3518 3667 3715 3727 πόλεις,

2131 3789 2213 3841 ὅτι
2258 3802 2353 3838 κεν
2385 3780 2594 3850 κεφαλῇ
2648 3774 2982 3843 κατανεύσῃ,
3017 3771 3206 3825 πιστὸν
3234 3763 3385 3824 εἶναι
3423 3765 3516 3818 καὶ
3564 3758 3718 3813 nole-

2135 3884 2302 3950 μίοις,
2332 3878 2568 3944 οἰομένῳ
2604 3870 2705 3923 οὐκ
2743 3869 2896 3933 ἄξιον
2931 3866 3082 3936 αὐτῷ
3114 3864 3176 3917 τὸ
3219 3863 3326 3933 ζῇν
3366 3854 3713 3930 ψευσαμένῳ.

2145 3946 2375 4042 Ἆληθὴς
2422 3966 2467 4018 δ’
2508 3965 2678 4025 ὅντως
2726 3960 3008 4031 νομίζοιτο
3038 3958 3136 4026 οὐχ
3185 3958 3212 4010 ὁ
3260 3950 3596 4022 τάληθεύειν
3625 3946 3717 4014 ἑμ-

2135 4062 2359 4133 πορείαν
2418 4056 2777 4125 ποιούμενος,
2840 4052 2907 4104 ἵν’
2967 4052 3028 4103 ὲκ
3083 4047 3240 4102 τοῦδε
3303 4047 3571 4115 τρέφοιτο
3625 4034 3712 4090 καὶ

2134 4130 2360 4224 πλουτῇ.
2394 4152 2561 4212 Τέλος
2607 4149 2715 4217 γὰρ
2766 4147 2825 4199 ού
2879 4147 2977 4215 τὴν
3025 4145 3293 4216 ἀλήθειαν
3346 4137 3478 4195 καθ’
3525 4130 3710 4201 αὐτὴν,

2133 4248 2266 4300 ἀλλᾶ
2316 4223 2619 4312 τάργύριον
2672 4240 2870 4309 ἔχοντι,
2898 4239 3057 4302 δόξαν
3107 4235 3349 4306 τάληθὲς
3390 4234 3491 4286 οῦκ
3523 4223 3709 4295 ὠφέλι-

2137 4356 2256 4408 μον,
2291 4334 2781 4402 καταπεπάτηνται
2833 4330 2931 4400 μὲν
2981 4329 3144 4392 εὐθὺς
3188 4327 3267 4399 τῷ
3316 4323 3548 4391 τοιούτῳ
3590 4330 3707 4369 συνε

2136 4406 2300 4498 θῆκαι
2351 4430 2548 4491 πᾶσαι,
2602 4426 2710 4486 πᾶς
2766 4423 2945 4492 λόγος,
2991 4424 3104 4474 πᾶν
3156 4418 3563 4490 γραμματεῖον,
3603 4406 3702 4461 πᾶν

2136 4522 2315 4590 ἔργον·
2340 4516 2859 4587 καταπεφρόνηνται
2890 4516 2944 4567 δὲ
2973 4515 3149 4582 ὅρκοι,
3173 4515 3267 4566 καὶ
3291 4514 3319 4565 ὃ
3342 4529 3394 4563 τι
3427 4523 3532 4576 περ
3559 4500 3698 4570 φρίτυ

449 4619 646 4667 cantur
686 4608 869 4663 omnia
914 4616 1069 4677 pacta
1131 4614 1416 4667 conventa,
1467 4616 1627 4656 omne
1672 4599 2023 4669 promissum,

2133 4630 2247 4667 τειν
2280 4613 2442 4677 ποιεῖ,
2469 4609 2612 4663 ὥστε
2650 4609 2810 4679 μόνον
2846 4608 2921 4678 μὴ
2945 4606 3201 4674 γενέσθαι
3232 4604 3532 4676 τάργύριον
3553 4597 3697 4648 ἔλατ-

452 4704 873 4759 instrumentum
928 4696 1435 4767 omne,.quidquid
1494 4703 1676 4749 actum
1737 4693 2023 4762 denique:

449 4797 612 4852 simul
644 4799 991 4848 sacramenta
1050 4792 1291 4858 praestita
1350 4802 1449 4857 pro
1502 4787 1673 4840 nihilo
1720 4786 2023 4850 ducuntur,

449 4895 504 4941 ct
520 4884 787 4955 quidquid
813 4878 1012 4936 animis
1044 4891 1307 4935 terrorem
1339 4888 1488 4931 metu
1523 4877 1807 4947 religionis
1831 4877 2023 4946 injicit,

452 4986 659 5030 tantum
694 4989 764 5029 ne
798 4975 1009 5044 jactura
1043 4974 1284 5043 pecuniae
1315 4972 1427 5023 liat.
1480 4968 1671 5037 itaque
1719 4983 1850 5023 vere
1885 4967 2026 5021 veri-

452 5077 621 5121 tatem
648 5081 838 5120 amore
863 5042 1240 5133 prosequitur,
1266 5077 1373 5113 non
1400 5058 1493 5129 qui
1528 5042 1688 5113 habet
1705 5074 1824 5112 eam
1875 5073 2028 5127 quam

451 5155 584 5219 stui,
613 5156 706 5208 sed
740 5154 834 5222 qui
859 5154 1225 5217 mendacium,
1284 5151 1568 5216 malitiam,
1618 5150 1859 5203 fraudem
1890 5147 2025 5212 odit,

454 5254 517 5298 ut
538 5258 627 5299 res
672 5244 799 5297 odio
860 5260 957 5313 per
984 5260 1043 5299 se
1096 5245 1312 5313 dignas.
1355 5242 1489 5297 Nam
1545 5244 1720 5310 ipsutn
1783 5241 2026 5305 mentiri,

455 5333 792 5389 multiforme
821 5334 1080 5403 quiddam
1113 5343 1195 5388 est
1228 5353 1242 5388 :
1273 5342 1327 5389 et
1351 5342 1566 5404 Oportet
1621 5348 1740 5396 eos,
1805 5333 1898 5402 qui
1959 5333 2027 5387 ab

454 5424 578 5495 ejus
614 5427 886 5479 immunes
917 5441 1040 5481 esse
1095 5427 1360 5480 varietate
1413 5428 1762 5495 versutiaque
1816 5427 2026 5494 volunt,

2132 4725 2243 4761 τον.
2295 4706 2539 4775 Ἀληθῶς
2586 4702 2681 4759 οὖν
2730 4700 2991 4775 ἀληθείας
3017 4703 3259 4774 ἐραστὴς
3310 4702 3409 4770 οὐχ
3457 4699 3485 4751 ὁ
3531 4706 3697 4758 καπτΓ

2133 4800 2304 4854 λεύων
2366 4799 2558 4870 αὐτὴν,
2609 4797 2725 4851 ἀλλ’
2785 4798 2893 4867 ὅτῳ
2948 4798 3181 4867 μισητὸν
3229 4796 3290 4849 τὺ
3340 4792 3552 4864 ψεῦδος,
3606 4781 3692 4836 και

2135 4890 2459 4961 κακοήθεια,
2488 4884 2583 4942 καὶ
2610 4889 2779 4953 δόλος,
2810 4890 2903 4942 ὅτε
2964 4889 3088 4941 καθ’
3139 4888 3281 4943 αὑτὰ
3322 4886 3512 4958 μίσους
3556 4876 3687 4941 ἄξιαι

2139 4984 2295 5037 Ἔστι
2325 4983 2432 5053 γὰρ
2464 4982 2525 5034 τὸ
2550 4981 2841 5051 ψεύδεσθαί
2868 4999 2921 5034 τι
2951 4980 3303 5051 πολύμορφον
3331 4995 3346 5010 ·
3379 4979 3471 5031 καὶ
3501 4972 3578 5024 δεῖ
3601 4966 3690 5034 τῆς

2140 5074 2331 5127 τούτου
2368 5074 2774 5145 καθαρεύοντας
2800 5074 3098 5138 ποικιλίας,
3124 5074 3222 5143 τῆς
3255 5072 3418 5141 φίλης
3446 5062 3684 5135 ἀληθείας

2138 5168 2262 5227 τοὺς
2298 5165 2554 5236 ἐραστὰς,
2576 5165 2670 5217 καὶ
2701 5165 3101 5233 ignorabunt
3137 5160 3453 5234 νεῦμαμκαὶ
3485 5146 3679 5226 πρᾶξιν»

2140 5258 2385 5327 dij/auara
2439 5259 2551 5320 τοῖς
2603 5258 2784 5325 ἔργοις
2840 5256 3139 5319 δεικνύναι,
3190 5257 3284 5309 καὶ
3338 5250 3473 5307 κατὰ
3518 5246 3676 5310 λόγον.

2138 5350 2338 5418 ὅρκους
2367 5348 2425 5400 ού
2476 5347 2885 5417 συγχωροῦντα,
2931 5347 3286 5414 πιστοτέρους
3327 5338 3528 5398 ἑαυτῶν
3564 5330 3676 5401 (θεῖ’

2134 5440 2345 5494 νεσθαι.

457 5517 638 5573 charte
662 5516 922 5572 nimirum
950 5516 1195 5571 veritatis
1217 5525 1515 5583 amatores,
1572 5527 1625 5573 et
1658 5521 2012 5592 cogitationes

2132 5546 2192 5592 ιε.
2241 5542 2295 5584 et
2329 5540 2512 5596 nutus,
2566 5548 2597 5586 e
2625 5533 2887 5597 actiones,
2945 5535 3013 5589 ab
3055 5532 3204 5587 omni
3262 5525 3528 5587 mendacio
3569 5519 3671 5575 fac-

455 5612 526 5668 tis
548 5610 683 5683 ipeis
712 5624 979 5675 asserere,
1004 5609 1269 5678 juxtaque
1295 5609 1518 5663 verbum
1551 5610 1706 5678 illud,
1761 5620 1904 5683 quod
1929 5616 2023 5687 jur

2153 5632 2318 5689 vetat,
2371 5625 2639 5680 servanda
2690 5624 2794 5680 ﬁde
2852 5626 3061 5694 seipsos
3110 5627 3346 5682 vincere.

1155 5701 1345 5777 ξιιιιιι.

526 5793 651 5852 Non
682 5795 843 5854 aliter
877 5808 1041 5869 atque
1086 5796 1313 5863 ferrum,
1360 5797 1684 5866 rubiginem,
1715 5801 1946 5858 temulus
1974 5813 2027 5858 et

456 5887 675 5946 invidus
699 5889 915 5947 animus
966 5890 1175 5959 odium,
1226 5889 1472 5957 fraudem
1499 5890 1714 5962 aliaque
1766 5892 1894 5948 talia
1941 5897 2023 5964 3i-

2846 5720 2973 5775 Kl".

2220 5806 2319 5860 'le
2370 5807 2470 5877 μὲν
2504 5809 2724 5880 σίδηρος
2772 5812 2988 5885 τίκτει»
3003 5815 3162 5882 μῖσος
3191 5813 3244 5865 δὲ
3284 5811 3373 5867 καὶ⁸
3401 5806 3551 5864 δόλον,
3577 5795 3655 5885 καὶ

2134 5898 2202 5952 τὰ
2229 5898 2474 5971 τοιαῦτα,
2499 5899 2643 5971 ψυχὴ
2677 5881 2981 5972 ζηλότυπός
3005 5881 3068 5956 τε
3100 5907 3193 5958 καὶ
3231 5900 3471 5975 φθονερά-
3511 5881 3650 5957 ’0μοῦ
