3978 6570
186 461 320 526 3‘33

192 670 342 724 καθ’
380 671 504 723 ὅσον
531 667 601 722 ἂν
627 668 856 721 ἐκείνων
900 667 1215 737 καθάψαιτο
1234 685 1249 701 υ
1281 671 1411 733 τοὺς
1436 670 1494 723 δὲ
1520 670 1785 732 τεκόντας

190 762 416 824 αὐτοὺς
442 760 546 815 οὐκ
569 759 681 813 ἐσθ’
708 760 858 823 ὅπως
890 759 967 828 μὴ
1008 759 1090 830 τῷ
1119 759 1298 831 χρόνῳ
1341 760 1623 823 παντελῶς
1651 762 1786 814 ἀνα-

189 854 469 918 unus,
507 854 838 922 ιντετηκότα
883 853 1171 922 διηνεκῶς,
1224 853 1321 905 καὶ
1361 853 1577 923 δρῶντα
1617 852 1649 905 ὃ
1690 852 1790 905 πιο

194 967 360 1018 φινκε
389 949 544 1019 δρᾷν.
582 944 725 998 Ἀλλ’
752 944 947 1015 ἐκείνῳ
976 946 1074 1015 μὲν
1098 944 1358 998 ἀκούσιον
1386 943 1445 997 τὸ
1472 943 1785 1011 διαφθεῖρον

210 1041 396 1094 αὐτόν
417 1057 432 1072 ·
472 1040 625 1091 τουτὶ⁸
665 1037 712 1090 δ’
744 1036 846 1089 ούκ
875 1038 1170 1102 ἀγνοοῦσιν
1205 1036 1515 1104 ἐπιφύεται.
1547 1036 1658 1090 Καὶ
1698 1034 1789 1089 διὰ

195 1135 379 1189 τοῦτο
420 1136 603 1204 χεῖρον
634 1132 699 1186 τὸ
726 1132 852 1186 καθ’
898 1133 1068 1201 ἡμᾶς,
1098 1133 1195 1185 καὶ
1235 1131 1424 1200 σχεδὸν
1453 1129 1789 1202 συγγνώμης

194 1228 315 1282 ob:
335 1228 507 1292 ἀξιον.
535 1226 791 1293 Γίγνεται
820 1225 928 1294 γὰρ
971 1224 1377 1295 παραπλήσιον,
1418 1223 1613 1295 ὥσπερ
1639 1224 1706 1277 ἂν
1738 1222 1797 1277 εῐ

194 1337 295 1381 τις
344 1317 543 1371 ἐθέλων
576 1299 820 1370 ὁντινοῦν
866 1316 1149 1386 ἐμπρῆσαι
1197 1316 1306 1369 τῶν
1349 1315 1585 1386 ἐχθρῶν,
1623 1332 1793 1372 κατα-

196 1412 431 1475 δέξαιτο
467 1409 623 1472 ξύλον
662 1407 943 1477 γενέσθαι,
973 1409 1071 1461 καὶ
1094 1408 1315 1477 δοθῆναι
1346 1407 1425 1479 τῷ
1454 1410 1611 1478 πυρὶ,
1648 1408 1789 1462 ὥστε

198 1503 305 1558 τὸν
368 1499 697 1572 μισούμενον
743 1501 1114 1555 κατακαῦσαι.
1169 1501 1469 1569 ’Δντικρυς
1525 1500 1555 1552 ό
1597 1499 1792 1568 φθόνος

205 1594 532 1646 σατανικόν.
575 1591 653 1645 ού
704 1590 1063 1661 γὰρηέκεῖνος
1094 1590 1196 1660 τὴν
1245 1590 1473 1644 κόλασιν
1500 1589 1793 1661 καταδεχε-

198 1702 325 1748 ται,
365 1686 397 1753 ἢ
434 1685 522 1737 διὰ
566 1685 629 1736 τὸ
673 1683 1008 1752 κολασθῆναί
1038 1700 1191 1746 τινας
1239 1681 1488 1751 ποιῆσαι.
1526 1683 1635 1734 Καὶ
1685 1683 1792 1752 μὴν

200 1777 309 1827 καὶ
347 1774 561 1842 ἀφρωνκ
585 1777 614 1827 ό
658 1773 890 1841 φθονῶν.
926 1774 1000 1827 Τὸ
1032 1773 1133 1843 μὲν
1162 1773 1271 1843 γὰρ
1311 1773 1475 1826 αὐτὸν
1508 1774 1795 1826 ἀναλίσκε-

201 1866 346 1917 σθαι.
376 1865 683 1930 ἀναγκαίως
719 1865 968 1931 γίγνεται
994 1880 1008 1896 ⁸
1032 1865 1094 1915 τδ
1125 1863 1404 1934 φθαρῆναι
1428 1864 1484 1917 δὲ
1509 1865 1600 1917 τὸν
1634 1865 1793 1918 ἄλλον

1188 461 1598 525 ΡΒᾹΞΕΕΡΤΑ
1638 462 2154 523 EDUCATIONIS
2191 464 2474 527 REGIE.

184 579 259 631 δὲ
289 576 473 633 ταῦτα
506 576 831 645 κυμαίνεται
873 575 974 645 μὲν
1005 576 1101 631 καὶ
1139 577 1269 641 τοὺς
1299 578 1460 638 ἐκτὸς
1488 579 1637 630 ἔστιν
1667 578 1783 641 ὅτε,

1903 577 2022 648 ζηὶι.
2063 579 2137 632 Ea
2198 579 2957 661 conjunctahnonnumquam
3017 577 3108 633 illa
3132 579 3347 648 quidem
3407 592 3461 637 et
3572 612 3582 629 ι

3354 465 3460 530 334

1889 671 2015 724 aliis
2077 670 2318 725 θῆαι-νηί
2368 670 2620 736 exitium,
2683 679 2849 741 prout
2877 685 2970 727 eos
3034 670 3455 740 impetiveriut:

1888 771 1945 815 at
1970 764 2119 831 ipsos
2140 771 2416 826 auctores,
2445 763 2559 817 lleri
2611 778 2716 817 non
2751 771 2951 830 potest,
3004 764 3136 834 quin
3197 765 3458 834 paulatim

1890 868 2117 923 prorsus
2148 855 2477 918 absumant;
2522 855 2722 909 animis
2754 855 2960 910 scilicet
2990 855 3153 909 iullxa
3181 864 3460 926 perpetuo,

1890 947 2143 1017 quodque
2174 956 2366 1000 natura
2390 948 2588 1009 solent,
2637 946 2953 1002 eﬂicientia.
3003 947 3109 1003 Sed
3155 950 3300 1003 enim
3358 948 3467 1002 fer-

1888 1049 2009 1087 rum
2042 1034 2196 1103 quasi
2226 1050 2321 1103 per
2342 1035 2452 1089 vim
2477 1050 2507 1089 a
2527 1035 2782 1103 rubigine
2821 1039 3212 1107 corrumpitur,
3240 1047 3295 1092 at
3319 1038 3465 1093 istud

1890 1140 2001 1181 non
2064 1127 2376 1197 ignorantes
2425 1127 2712 1194 adoritur;
2739 1128 2968 1197 ideoque
3012 1131 3209 1184 malum
3245 1132 3346 1188 hoc
3371 1147 3470 1187 no-

1891 1228 2067 1274 strum
2094 1219 2250 1288 pejus
2272 1229 2377 1284 est,
2416 1234 2481 1273 ac
2511 1233 2678 1288 pr0pe
2713 1220 2926 1273 veniam
2959 1222 3161 1275 nullam
3199 1235 3466 1280 meretur.

1892 1310 2104 1381 Quippe
2124 1312 2411 1367 consimile
2431 1311 2690 1381 quiddam
2715 1314 2939 1378 accldit,
2962 1330 3023 1369 ac
3044 1316 3089 1369 si
3113 1317 3235 1385 quis
3253 1317 3466 1372 hostem

1865 1417 2278 1476 "quemcunque
2322 1418 2677 1461 concremare
2727 1408 2939 1472 volens,
2970 1410 3176 1479 lignum
3205 1411 3319 1464 lieri
3342 1427 3470 1465 sus-

1893 1500 2084 1563 tineat,
2119 1514 2183 1554 ac
2205 1499 2315 1569 igni
2349 1498 2642 1567 tradi,quo
2693 1500 2987 1568 conﬂagret
3046 1502 3113 1565 is,
3162 1518 3324 1571 quem
3347 1502 3472 1559 odio
3530 1534 3545 1544 -

1894 1593 2266 1659 persequitur.
2309 1590 2507 1645 Procul
2534 1590 2701 1644 dubio
2738 1590 3059 1645 Satanicum
3089 1592 3347 1661 quiddam
3385 1604 3473 1648 est

1895 1682 2124 1736 invidia.
2151 1680 2361 1751 Quippe
2393 1681 2623 1736 Satanas
2670 1682 2833 1735 aliam
2880 1682 3084 1735 nullam
3129 1683 3197 1737 ob
3251 1684 3471 1753 culpam

1895 1775 2172 1844 plectitur,
2207 1790 2370 1844 quam
2421 1774 2564 1843 quod
2611 1772 2799 1839 eﬂicit,
2865 1783 2924 1827 ut
2987 1774 3075 1828 alii
3144 1776 3473 1844 plectantur.

1898 1866 2039 1931 Quin
2078 1875 2131 1919 et
2163 1881 2350 1919 amens
2383 1875 2485 1928 est,
2511 1865 2602 1933 qui
2652 1866 2865 1920 laberat
2912 1866 3114 1920 invidia
3141 1882 3156 1933 ;
3188 1883 3312 1921 nam
3343 1869 3475 1935 quin

206 1959 326 2009 οὐκ
369 1957 617 2024 εὔδηλον.
659 1957 810 2009 Ἐπεὶ
840 1959 933 2008 καὶ
973 1956 1109 2020 ξύλα
1152 1956 1250 2024 μὲν
1304 1954 1476 2009 πολλὰ
1525 1957 1798 2027 πολλάκις,

1910 1956 2227 2009 absumatur
2257 1955 2390 2019 ipse,
2428 1956 2540 2009 ﬁeri
2570 1956 2722 2009 nullo
2747 1957 2907 2010 modo
2949 1965 3125 2025 potest
3153 1973 3168 2009 :
3198 1974 3263 2011 an
3294 1967 3474 2013 autem

198 2048 394 2118 οἶμαι,
428 2049 764 2117 τετέφρωται
792 2064 805 2079 ·
837 2048 936 2117 τὴν
974 2048 1030 2098 δὲ
1058 2048 1159 2100 οὐκ
1192 2045 1500 2118 εὕπρηστον
1532 2047 1667 2118 ὓλην
1699 2048 1800 2101 οὐκ

197 2142 552 2206 ἐξανάλωσε.
582 2141 751 2209 Γεννᾷ
793 2139 850 2193 δὲ
899 2139 1095 2206 φθόνος
1150 2138 1243 2191 τὸν
1293 2139 1468 2203 διλον,
1497 2138 1594 2192 Ital.
1638 2156 1804 2192 συκοο

122 2214 125 2221 Ι
202 2227 480 2304 φαντίαν,
512 2234 606 2285 καὶ
660 2235 840 2301 μίσος,
893 2233 1060 2294 αὐτὸς
1112 2230 1192 2300 τῷ
1244 2232 1394 2303 ζήλῳ
1433 2230 1797 2301 γεννώμενος.

204 2327 371 2395 Πλὴν
397 2325 523 2378 οὔτε
565 2325 673 2378 τῶν
708 2325 987 2393 μεγίστων
1024 2326 1162 2395 πρὸς
1188 2327 1317 2387 τοὺς
1360 2324 1502 2392 ἄγαν
1531 2324 1800 2393 φαυλοτέ-

211 2434 374 2489 ρους,
406 2418 467 2468 ἓν
513 2409 559 2482 ᾧ
593 2433 656 2483 γε
690 2416 914 2484 μείζους
943 2415 1109 2477 εἰσιν.
1133 2417 1162 2467 ό
1206 2415 1400 2482 φθόνος
1430 2413 1601 2476 πάθος
1629 2415 1799 2479 ἐστὶν,

208 2511 349 2563 οὔτε
414 2510 523 2579 μὴν
566 2509 676 2561 τῶν
731 2505 1069 2576 παμπληθὲς
1123 2502 1436 2560 ἐλασσόνων
1483 2506 1623 2575 πρὸς
1672 2506 1800 2568 τοὺς

210 2602 589 2673 ύπερὲχοντας
621 2601 849 2671 σφόδρα,
875 2599 1002 2653 οὔτε
1038 2600 1147 2653 τῶν
1179 2599 1479 2670 χρωμένων
1514 2596 1801 2669 ἐπιτηδεύ-

216 2709 362 2764 μασι
390 2693 759 2763 διισταμένοις
795 2692 1066 2761 ἀλλήλων,
1102 2691 1238 2745 ἀλλὰ
1282 2693 1391 2744 τῶν
1419 2690 1624 2761 ἐρίζειν
1656 2690 1795 2759 πρὸς

218 2786 492 2858 ἀλλήλους
520 2784 856 2855 δυναμένων,
885 2784 983 2838 καλ⁸
1008 2783 1311 2837 δοκούντων
1340 2782 1695 2837 ἐλαττοῦσθαι
1725 2784 1794 2853 τῇ

214 2882 334 2934 τῶν
371 2880 765 2949 ἁμιλλωμένων
795 2879 1168 2949 λαμπρότητι.

1901 2047 2129 2098 exitium
2160 2047 2229 2098 sit
2259 2045 2543 2099 adlaturus
2601 2046 2782 2111 alteri,
2838 2055 2987 2100 certo
3042 2062 3151 2100 non
3217 2056 3475 2114 constat;

1901 2142 2122 2207 quando
2153 2138 2373 2207 quidem
2406 2149 2461 2191 et
2498 2138 2604 2191 vim
2659 2138 2933 2206 lignorum
2966 2155 3219 2209 magnam
3280 2142 3478 2211 saepius

1901 2233 1957 2285 in
1999 2232 2212 2286 cineres
2245 2230 2517 2284 redactam
2577 2230 2809 2298 scimus,
2845 2247 2970 2285 cum
3035 2232 3254 2287 interim
3309 2244 3483 2287 tmte-

1904 2325 2040 2377 riam
2070 2329 2317 2376 crematu
2340 2321 2617 2375 dillicilem
2659 2336 2771 2375 non
2832 2323 3250 2389 absumpsisset.
3297 2324 3481 2394 Gignit

1903 2424 2083 2468 autem
2110 2414 2313 2468 invidia
2340 2413 2615 2478 fraudem,
2655 2422 2709 2467 et
2750 2415 3105 2471 calumniam.
3155 2424 3212 2470 et
3269 2417 3480 2479 odium.

1903 2522 2027 2561 cum
2070 2508 2187 2576 ipsa
2210 2516 2529 2576 procreetm
2559 2507 2627 2561 ab
2657 2508 3033 2563 aemulatione.
3082 2508 3284 2564 Verum
3340 2508 3483 2564 invi-

1905 2599 2010 2654 dite
2039 2599 2172 2654 vitio
2198 2612 2302 2653 nec
2338 2598 2661 2667 amplissimi
2689 2598 2942 2666 laborant
2986 2615 3113 2670 erga
3171 2600 3354 2654 tenuis
3385 2601 3485 2655 ad-

1904 2691 2125 2747 modum
2156 2690 2490 2747 conditionis
2526 2690 2797 2755 homines,
2849 2692 2994 2761 quod
3053 2692 3140 2747 his
3177 2692 3282 2762 ipsi
3300 2693 3483 2763 majo-

1903 2794 1991 2832 res
2020 2777 2127 2832 sint
2152 2794 2167 2842 ;
2192 2792 2292 2831 nec
2313 2777 2567 2831 omnibus
2590 2777 2753 2832 rebus
2784 2778 3096 2845 inferiores,
3152 2797 3277 2851 erga
3308 2782 3467 2851 pluri-

1921 2884 2071 2925 mum
2100 2869 2404 2924 eminentes
2427 2882 2444 2932 ;
2469 2875 2473 2879 '
2494 2882 2593 2923 nec
2637 2868 2697 2935 ii,
2730 2869 2823 2938 qui
2884 2870 3254 2940 professiones
3282 2885 3334 2928 et
3360 2882 3476 2932 stu-

217 2982 315 3035 dia
349 2978 569 3033 diversa
597 2984 920 3033 sectantur:
952 2958 1124 3029 sedin
1161 2988 1257 3041 ens
1315 2972 1485 3037 cadit,
1523 2970 1617 3040 qui
1677 2976 1907 3040 possunt
1937 2968 2082 3022 inter
2131 2979 2254 3021 sese
2295 2963 2647 3032 contendere,
2701 2979 2907 3034 perque
2972 2966 3316 3057 splendorem
3384 2967 3485 3024 ad-
3592 2984 3603 2999 ι

220 3071 598 3129 versariorutu
629 3065 735 3122 sibi
766 3066 900 3136 quid
922 3065 1188 3120 decedere
1207 3073 1415 3135 putant.

956 3200 1082 3260 ΚΧ.

323 3346 400 3408 Ως
447 3343 665 3412 ἄγαμαι
703 3340 796 3396 τὸν
844 3337 1121 3409 φεύγοντα
1171 3338 1272 3400 τὰς
1321 3338 1655 3409 ὑπερϐολάς.
1692 3337 1801 3392 Καὶ

222 3438 377 3507 λόγοι
412 3438 561 3505 μάλα
616 3434 797 3504 σοφῶν
836 3432 1128 3487 συνιστῶσί
1164 3449 1269 3500 μου
1311 3435 1406 3484 τὸν
1455 3431 1636 3502 ἔρωτα
1678 3449 1802 3485 του-

2586 3196 2780 3252 XXIV.

1980 3337 2096 3393 Non
2125 3351 2345 3407 possum
2398 3349 2505 3390 non
2564 3333 2813 3403 amplecti
2863 3334 3139 3389 hominem
3199 3332 3483 3401 vitantem,

1911 3430 2179 3502 quidquid
2209 3439 2292 3484 est
2319 3429 2571 3482 nimium.
2605 3427 2961 3499 Atque‘linnc
3022 3441 3262 3480 amorem
3296 3442 3477 3483 meum

221 3530 363 3586 τονί.
412 3530 631 3598 Πέτρον
676 3528 785 3596 γὰρ
831 3525 1078 3594 ἄριστον,
1124 3523 1243 3588 καὶ,
1274 3522 1459 3593 Μηδὲν
1506 3524 1671 3590 ἄγαν,
1706 3526 1798 3576 καὶ

1910 3526 2050 3580 dicta
2100 3521 2633 3591 sapientissimorum
2697 3517 3048 3580 conﬁrmant,
3116 3519 3333 3572 modum
3367 3535 3489 3577 esse

221 3627 392 3694 ἔτερα
433 3621 679 3677 τοιαῦτα.
719 3619 883 3671 Ὥστε
929 3617 988 3669 τὸ
1022 3616 1442 3686 μεμετρημένον
1491 3617 1588 3668 καὶ
1630 3616 1799 3679 μέσον

222 3716 474 3784 ἀκρότης
523 3715 727 3783 τρόπον
758 3712 947 3779 ἕτερον
995 3710 1135 3779 πρὸς
1182 3708 1246 3760 τὸ
1288 3707 1496 3776 ἀγαθὸν
1526 3706 1798 3775 γίγνεται.

224 3810 457 3880 Συνᾴδει
489 3808 548 3862 δὲ
578 3809 692 3870 τοῖς
726 3806 910 3872 λόγοις
936 3802 1006 3857 τὰ
1036 3803 1368 3871 πράγματα,
1408 3799 1505 3853 καὶ
1554 3800 1799 3852 δείκνυσι

226 3904 453 3957 κάκεῖνο
499 3902 646 3971 μάλα
682 3897 979 3969 λαμπρῶς.
1017 3895 1314 3966 Κακοήθης
1356 3895 1465 3962 γὰρ
1512 3893 1800 3963 ἄνθρωπος

228 3998 323 4049 καὶ
355 3995 581 4064 εὐήθης,
608 3993 666 4053 ἐς
695 3991 926 4058 ἔσχατον
954 3987 1206 4055 ἀλλήλων
1247 3985 1620 4053 διεστηκότες,
1650 3984 1801 4052 ὅμως

227 4068 398 4157 ἄμφω
428 4084 609 4140 κακῶ.
642 4084 748 4138 Καὶ
780 4083 935 4137 ούδὶν
984 4081 1188 4135 κωλύει
1215 4080 1277 4133 τὸ
1320 4078 1585 4140 ἐναντίως
1632 4077 1799 4147 ἔχειν,

224 4181 331 4233 οὐκ
382 4176 655 4232 επαινετὼ
683 4176 801 4243 ἅμα
837 4170 997 4227 εἶναι.
1031 4174 1092 4225 Εί
1124 4172 1184 4225 δέ
1227 4188 1312 4233 τις
1343 4171 1536 4239 φεύγοι
1575 4168 1677 4238 μὲν
1706 4184 1803 4222 πο-

228 4272 449 4342 νηρίαν,
494 4269 691 4339 φεύγοι
738 4265 794 4321 δὲ
842 4265 1126 4334 ἀφέλειαν,
1154 4261 1282 4317 νοῦν
1310 4261 1451 4332 ἔχων
1493 4262 1613 4331 μετ’
1643 4259 1805 4313 εὐθύ-

228 4378 388 4429 τητος
416 4361 805 4429 εὑρεθήσεται,
839 4357 934 4410 καὶ
983 4355 1142 4408 ἔσται
1191 4353 1542 4409 παντάπασιν
1575 4351 1801 4418 ἀγαθός.

170 4470 179 4477 κ
230 4453 396 4506 Ὥστε
454 4450 521 4503 τὰ
579 4449 798 4517 πέρατα
837 4444 1007 4510 κακὰ,
1032 4444 1130 4497 καὶ
1182 4444 1250 4495 τὰ
1306 4442 1448 4511 μέσα
1493 4440 1806 4494 τούναντίον

159 4576 164 4579 -
230 4544 432 4612 ἀγαθά.
470 4542 594 4594 Ἔτι
633 4539 694 4593 τὸ
725 4537 943 4607 φθονεῖν
971 4537 1085 4597 τοῖς
1112 4533 1222 4586 τῶν
1259 4533 1500 4605 ἀρίστων
1534 4531 1809 4597 ἀνδραγα-

231 4632 569 4704 θήμασι,καὶ
597 4628 910 4682 τούναντίον
943 4627 1019 4696 μὴ
1044 4624 1360 4690 δάκνεσθαι,
1379 4624 1525 4690 ἅπερ
1548 4622 1809 4684 ἐναντίως

229 4728 553 4788 διάκεινται,
587 4723 692 4778 ὑπὸ
733 4723 997 4793 μεγίστην
1031 4719 1213 4773 αἰτίαν
1244 4719 1374 4769 δντα
1420 4717 1704 4787 τυγχάνει.
1733 4715 1807 4767 To

233 4822 329 4891 μὲν
357 4820 468 4888 γὰρ
504 4817 865 4888 ἀρχαιότατον
917 4812 1113 4874 δεινὸν,
1140 4802 1370 4881 θάτερον
1421 4809 1479 4861 δὲ
1520 4807 1764 4877 μαλακόν
1787 4822 1803 4836 ⁶

226 4882 321 4966 καὶ
667 4908 927 4978 βλαϐερὰ,
959 4905 1029 4957 δι’
1060 4903 1215 4956 οὐδὲν
1251 4902 1438 4970 ἕτερον
1464 4895 1641 4968 οἶμαι,
1670 4898 1705 4967 ἢ
1738 4897 1797 4949 τὸ
1826 4882 1879 4942 Ῑ)

228 5003 361 5074 πρὸς
390 5001 490 5070 τὴν
517 4999 787 5069 ἀμετρίαν
822 4997 1007 5064 ἄκρως
1039 4992 1266 5063 ἀφῖχθαι
1293 5006 1311 5023 ο
1360 4989 1482 5042 ἐπεί
1508 5005 1573 5056 γε
1604 4988 1666 5041 τὸ
1699 4988 1799 5056 ζη-

227 5095 459 5149 λότυπον
521 5091 693 5160 ψιλῶς
754 5086 1075 5157 ἐμπεφυκὸς
1128 5089 1193 5154 τῇ
1246 5084 1392 5152 ψυχῇ
1440 5080 1507 5136 δι’
1563 5079 1801 5134 ἐπαίνων

231 5190 428 5258 ἔρωτα,
448 5185 572 5238 οὔτε
604 5185 740 5252 πρὸς
767 5181 960 5250 φθόνον
991 5178 1357 5247 ὑπερελάσαν,
1377 5173 1472 5227 καὶ
1511 5172 1612 5241 τὴν
1641 5172 1803 5224 ἀναλ-

231 5278 446 5350 γησίαν,
479 5277 565 5344 ἐφ’
600 5270 681 5336 οἷς
714 5273 774 5325 ού
825 5271 967 5332 δέον,
999 5264 1297 5334 διαφυγόν·
1335 5263 1589 5333 μεσότης,
1618 5260 1800 5330 οἶμαι,

233 5369 428 5435 γένοιτ’
475 5367 543 5419 ἂν
574 5361 826 5417 τουτωνὶ
871 5360 982 5412 τῶν
1031 5356 1292 5409 satthth
1324 5352 1533 5415 κακῶν,
1563 5354 1661 5405 καὶ
1686 5366 1805 5419 κρι-

234 5461 459 5524 θήσεται
489 5456 751 5527 χρηστόν.
785 5451 884 5520 Είη
912 5448 1022 5518 γὰρ
1053 5447 1122 5501 ἂν
1147 5442 1420 5516 δήπουθεν
1452 5442 1803 5511 φρονήματος

234 5552 461 5621 καρπὸς,
492 5543 948 5616 παρακαλοῦντος
999 5541 1079 5602 είς
1141 5537 1383 5605 ἀρετήν’
1436 5536 1489 5587 εί
1535 5550 1597 5602 γε
1644 5532 1801 5594 δίδως

232 5640 368 5696 εἶναι
412 5638 659 5693 τοιοῦτον
698 5637 759 5689 τὸ
792 5636 868 5705 μὴ
914 5631 1200 5686 καθεύδειν
1244 5627 1508 5681 δύνασθαι
1561 5626 1652 5679 τὸν
1701 5625 1805 5679 Θε-

233 5733 528 5804 μιστοκλέα
586 5731 663 5800 τῷ
693 5726 986 5783 Μιλτιάδου
1018 5723 1266 5795 τροπαίῳ
1293 5722 1641 5789 δακνόμενον.

1906 3628 2020 3668 rem
2054 3613 2315 3678 Optimam
2344 3625 2356 3660 :
2395 3616 2448 3662 et
2472 3606 2549 3660 Ne
2574 3606 2703 3676 quid
2740 3607 2921 3670 nimis,
2948 3607 3163 3675 aliaque
3205 3607 3486 3675 talia.Quo

1908 3707 1988 3769 tlt',
2012 3716 2070 3758 ut
2116 3702 2260 3771 quod
2295 3701 2514 3755 modum
2541 3698 2727 3762 habet,
2761 3709 2814 3752 ct
2846 3698 3082 3752 medium
3126 3700 3219 3767 qui
3251 3710 3354 3762 est.
3378 3702 3488 3756 alio

1906 3796 2140 3866 quodam
2183 3796 2343 3847 modo
2380 3790 2507 3846 boni
2546 3789 2920 3857 rcspectu'tlat
2963 3798 3301 3844 extremum.
3341 3788 3478 3855 Ver,-

1905 3887 1990 3941 bis
2014 3886 2145 3955 ipsa:
2168 3899 2257 3938 res
2281 3882 2656 3942 consentiunt.
2680 3889 2729 3935 et
2758 3881 2812 3934 in
2840 3881 3034 3949 primis
3053 3880 3153 3935 hoc
3176 3895 3290 3935 rem
3318 3889 3484 3936 totam

1907 3976 2052 4031 clare
2083 3974 2296 4044 probat.
2320 3971 2493 4026 Homo
2523 3986 2759 4041 namque
2796 3971 3106 4026 malitiosus
3137 3980 3190 4024 et
3215 3971 3482 4039 stolidus,

1908 4069 2034 4123 licet
2062 4075 2309 4123 extreme
2334 4064 2539 4121 distent
2560 4065 2700 4120 alter
2729 4063 2797 4118 ab
2824 4064 3025 4129 altero,
3090 4073 3265 4118 tamen
3320 4064 3485 4121 ambo

1909 4160 2037 4221 mali
2069 4170 2238 4225 sunt;
2277 4173 2378 4213 nec
2420 4159 2569 4227 quod
2632 4156 2869 4210 invicem
2934 4156 3040 4211 sibi
3096 4155 3483 4222 adversantur,

1908 4268 2017 4324 quo
2074 4252 2258 4307 minus
2288 4250 2451 4305 simul
2481 4249 2644 4304 ambo
2683 4247 2863 4303 laudis
2895 4258 3148 4318 expertes
3185 4250 3472 4314 sint,°im-

1909 4344 2078 4414 pedit.
2103 4343 2240 4398 Atsi
2276 4340 2404 4412 quis
2450 4350 2506 4396 et
2549 4341 2813 4395 malitiam
2864 4340 3089 4402 devitet,
3142 4348 3196 4394 et
3235 4340 3487 4395 stolidam

1910 4435 2345 4502 simplicitatem,
2370 4433 2419 4489 is
2457 4447 2581 4489 cum
2635 4432 2959 4486 dexteritate
2998 4441 3237 4486 mentem
3280 4431 3485 4486 habere

1911 4524 2381 4598 deprehendetur,
2418 4535 2472 4578 et
2505 4524 2731 4578 omnino
2763 4523 2941 4578 bonus
2974 4524 3098 4577 erit.
3137 4521 3295 4576 Unde
3348 4536 3486 4575 ροη-

1910 4627 2040 4682 stat,
2084 4619 2217 4672 lines
2235 4630 2359 4671 esse
2389 4613 2579 4679 malos,
2616 4625 2670 4668 et
2700 4613 2896 4678 media,
2945 4613 3063 4667 vice
3110 4627 3288 4674 versa.
3322 4612 3485 4664 bona.

1911 4710 2149 4773 Rursus,
2210 4707 2457 4762 invidere
2512 4705 3086 4775 praestantissimorum
3115 4702 3347 4758 fortibus
3375 4702 3488 4757 fac-

1912 4801 2004 4867 tis,
2045 4812 2099 4854 et
2133 4799 2466 4855 econtrario
2505 4798 2713 4850 nullum
2739 4797 2944 4850 sentire
2997 4794 3307 4856 stimulum,
3359 4809 3485 4861 qua:

1908 4895 2142 4949 invicem
2200 4893 2304 4947 sibi
2361 4891 2742 4950 adversantur,
2804 4887 3045 4940 maxime
3105 4884 3484 4952 vituperabilis

1907 4997 2056 5042 sunt.
2091 4985 2229 5040 lllud
2253 4985 2401 5039 enim
2452 4982 2654 5034 malum
2706 4986 2791 5031 est
2834 4975 3327 5044 antiquissimum:
3383 4974 3484 5025 hoc

1908 5078 2141 5132 alterum
2173 5092 2203 5129 a
2236 5075 2461 5128 mollitie
2519 5069 2936 5140 proﬁciscitur:
2998 5077 3232 5129 utraque
3292 5066 3478 5126 noxia,

1909 5164 2110 5219 nullam
2142 5162 2402 5231 (Opinor)
2462 5162 2531 5214 ob
2557 5161 2715 5210 aliam
2749 5171 2994 5220 causam,
3061 5154 3164 5206 nisi
3214 5155 3357 5223 quod
3411 5154 3482 5209 ad

1910 5257 2142 5310 nimium
2174 5261 2419 5308 extreme
2450 5253 2690 5304 tendant.
2724 5246 2860 5299 Nam
2911 5246 3210 5306 munlatio,
3272 5246 3484 5313 simpli~

1909 5348 2046 5403 citer
2070 5347 2255 5400 animo
2288 5353 2508 5413 prepter
2548 5340 2902 5408 cupiditatem
2963 5339 3139 5392 laudis
3192 5337 3378 5402 insita,
3432 5338 3481 5392 si

1907 5453 2010 5495 nec
2036 5437 2102 5492 ad
2130 5436 2393 5490 invidiam
2446 5433 2737 5498 exorbitet,
2804 5446 2870 5485 ac
2937 5441 3215 5499 stuporem
3276 5426 3484 5482 doloris

1905 5528 2088 5584 omnis
2118 5539 2372 5589 vacuum,
2398 5521 2490 5576 ubi
2517 5521 2726 5576 doloris
2756 5535 2952 5575 sensus
2999 5518 3191 5571 abesse
3252 5514 3369 5569 nou‘
3390 5512 3488 5566 de-

1904 5619 2087 5681 bebat,
2120 5616 2332 5670 evitet:
2394 5613 2636 5667 medium
2684 5611 2946 5680 quiddam
3013 5608 3196 5669 fuerit,
3259 5605 3480 5673 opinor,

1901 5710 2046 5764 inter
2080 5707 2195 5761 haec
2220 5703 2351 5758 vitia
2380 5700 2689 5765 contraria;
2740 5715 2947 5769 proque
2968 5713 3028 5755 re
3052 5699 3192 5750 bona
3227 5696 3485 5748 ducetur.

232 5781 527 5885 Entella}.
559 5781 770 5876 fructus
821 5781 1335 5879 atiimosiltatis,'ad
1395 5781 1650 5864 virtutem
1697 5798 2050 5875 impellentis,
2106 5792 2397 5879 siquidem.
2436 5804 2558 5847 esse
2611 5789 2768 5845 dabis
2817 5785 3108 5858 ejusmodi,
3137 5784 3282 5854 quod
3336 5781 3481 5834 Tlte-

232 5921 531 5986 tuistocles,
565 5916 824 5976 Miltiadis
860 5924 1085 5989 .tropaeo
1144 5908 1483 5975 stimulatus,
1540 5917 1796 5964 somnum
1835 5910 2033 5969 capere
2066 5908 2175 5949 non
2224 5887 2418 5965 potuit.
