3978 6636
488 419 596 483 335

1195 540 1362 597 XXV.

558 637 616 693 ld
644 634 991 693 exiStimabis
1015 649 1138 692 esse
1174 636 1378 689 malum
1415 631 1874 695 involuntarium,
1916 628 2064 699 quod

491 744 585 797 per
629 727 1034 799 ignorationem
1091 725 1362 780 duntaxat
1412 724 1717 778 admissum
1771 729 1878 783 est,
1936 734 2062 774 cum

488 819 828 890 perpelranti
872 819 1079 874 bonum
1132 819 1433 874 videretur.
1485 815 1621 870 Nam
1668 815 1818 886 quod
1861 816 2066 884 pudore

488 918 571 978 lit,
595 924 689 968 aut
711 914 934 968 hortatu
961 913 1210 977 alterius,
1233 924 1327 967 aut
1349 911 1397 965 vi
1418 925 1770 982 quacunque,
1797 921 1905 962 non
1933 923 2066 977 pure

486 1006 917 1062 involuntarium
953 1013 1056 1059 est.
1085 1004 1201 1059 Non
1223 1005 1368 1059 enim
1404 1006 1448 1060 si
1478 1003 1610 1076 quid
1638 1003 1938 1058 violentum
1960 1010 2064 1066 est,

485 1097 572 1152 vel
607 1096 925 1166 impellendi
972 1096 1056 1150 vel
1099 1094 1361 1150 illiciendi
1405 1096 1525 1156 vim
1555 1094 1786 1158 habens,
1815 1092 1899 1147 vel
1933 1091 2064 1162 quid

488 1191 630 1244 aliud
669 1189 985 1259 ejusmodi;
1033 1190 1300 1244 continuo
1337 1191 1514 1243 visum
1555 1197 1640 1244 est
1669 1189 1959 1243 honestum
1989 1185 2065 1240 illi

487 1297 638 1345 esse,
690 1283 783 1350 qui
826 1281 1184 1352 perpetravit,
1239 1276 1465 1351 propter
1503 1281 1646 1336 hanc
1678 1278 2064 1349 appendicem,

487 1373 632 1442 quod
677 1372 800 1426 aliis
846 1371 1009 1427 malis
1057 1373 1129 1428 sit
1161 1371 1361 1428 levius.
1395 1368 1904 1438 Quamobrem‘nisi
1937 1370 2067 1438 quis

483 1464 745 1532 opinione
779 1464 1067 1532 deceptus,
1115 1463 1317 1516 malum
1347 1477 1448 1517 ceu
1484 1462 1686 1516 bonum
1732 1460 1918 1524 faciat,
1955 1475 2064 1515 non

484 1557 614 1612 facit
669 1556 955 1624 ignorans.
1007 1555 1165 1620 Quod
1214 1565 1397 1610 autem
1433 1570 1500 1610 ex
1548 1554 1900 1624 ignoratione
1957 1567 2064 1610 non

482 1647 881 1718 proﬁciscitur,
908 1662 1018 1701 non
1051 1657 1132 1702 est
1159 1646 1613 1710 involuntarium,
1638 1645 1780 1700 velut
1808 1645 1877 1698 ab
1909 1643 2067 1697 initio

483 1741 715 1794 dictum.
745 1740 885 1807 Quin
909 1739 1076 1793 etiam
1111 1738 1258 1808 quod
1280 1739 1421 1793 bona
1444 1737 1781 1793 conscientia
1814 1750 1922 1790 non
1956 1733 2069 1805 agi-

1669 416 2076 479 MANUELIS
2119 417 2562 480 PAL/EOLOGI

3755 409 3848 473 3T6

2889 539 3018 595 κε’.

2255 633 2539 689 Ἀκούσιον
2568 633 2739 690 κακὸν
2765 633 3073 704 νομιζέσθω
3111 647 3222 686 σοι
3258 629 3334 682 τὸ
3369 627 3560 698 μόνον
3591 643 3842 697 πεπραγ-

2174 729 2486 798 μένονζκατ¹
2515 729 2763 796 ἄγνοιαν,
2791 727 2958 782 καλόν
2995 744 3060 794 γε
3130 725 3232 795 τῷ
3293 722 3584 776 ποιοῦντι
3631 723 3844 792 νομιζόο

2174 836 2357 890 μενον.
2405 820 2479 872 Τὸ
2537 820 2646 889 γὰρ
2691 819 2764 875 δι’
2820 819 3091 888 αἰσχύνην
3160 815 3557 885 γιγνόμενον
3614 814 3649 885 ἢ
3709 814 3842 881 πρὸς

2169 912 2623 982 παράκλησιν,ἢ
2691 911 2828 982 πρὸς
2879 909 3062 966 ὁτιοῦν
3123 908 3371 979 βίαιον,
3440 907 3512 959 οὐ
3579 905 3838 976 καθαρῶς

2167 1004 2448 1060 ἀκούσιον.
2484 1003 2559 1056 Οὐ
2595 1005 2702 1074 γὰρ
2748 1005 2776 1057 ὃ
2803 1021 2858 1056 τι
2907 1003 3114 1072 βίαιον.
3155 1001 3196 1071 ῆ
3267 998 3754 1070 παρακλητικὸν,
3801 1000 3830 1070 ἢ

2167 1098 2491 1165 ἐφελκτικὸν
2516 1096 2715 1160 ἄλλως,
2749 1098 2782 1166 ἢ
2813 1097 3005 1168 ἕτερόν
3037 1113 3088 1150 τι
3119 1095 3453 1157 τοιοῦτον,
3479 1093 3652 1164 παρὰ
3680 1094 3836 1145 τοῦτο

2169 1192 2268 1245 καὶ
2311 1190 2476 1244 καλὸν
2508 1190 2586 1257 τῷ
2635 1189 2950 1259 πεπραχότι
3003 1189 3292 1242 δέδοκται
3323 1203 3342 1218 ο
3401 1188 3479 1258 τῇ
3523 1185 3833 1256 παραθέσει

2169 1283 2501 1353 κουφότερον
2531 1283 2738 1353 ἐτέρων
2768 1277 2925 1348 οἶμαι
2955 1280 3181 1343 κακῶν,
3214 1279 3376 1333 ὥστ’
3435 1280 3493 1332 εί
3532 1279 3616 1349 μή
3649 1296 3735 1336 τις
3772 1280 3828 1331 τὸ

2169 1377 2340 1426 κακον
2371 1372 2446 1435 ὡς
2474 1371 2640 1425 καλὸν
2673 1373 2986 1441 ἐργάζοιτο,
3014 1372 3112 1424 οὐκ
3138 1384 3139 1387 ‘
3178 1368 3441 1437 ἀγνοῶν
3497 1368 3820 1438 ἐργάζεται.
3901 1365 3918 1372 ’

2171 1468 2282 1521 Καὶ
2311 1467 2372 1521 τὸ
2422 1466 2499 1536 μὴ
2535 1474 2654 1520 κατ’
2691 1466 2921 1535 ἄγνοιαν
2961 1466 3063 1520 οὐκ
3112 1463 3455 1529 ἀκούσιον,
3484 1463 3688 1532 ὥσπερ
3727 1462 3822 1532 τὴν

2168 1559 2345 1631 ἀρχὴν
2403 1560 2644 1630 εἴρηται.
2689 1560 2799 1612 Καὶ
2845 1558 2954 1629 μὴν
2989 1559 3051 1612 τὸ
3108 1556 3202 1628 μὴ
3270 1556 3446 1610 κατὰ
3510 1555 3817 1625 συνείδησιν

2169 1653 2385 1724 ἀγαθὴν
2419 1651 2840 1721 ἐνεργούμενον,
2873 1651 2978 1706 κᾶν
3031 1649 3257 1712 δνδεῶς
3327 1648 3490 1720 πρὸς
3539 1647 3604 1702 τὸ
3657 1648 3814 1700 κακὸν

2169 1746 2294 1817 ἔχῃ,
2326 1745 2512 1816 χεῖρόν
2548 1746 2663 1798 ἐστι
2711 1743 2833 1815 μεθ’
2881 1742 3214 1815 ὑπερϐολῆς
3268 1740 3383 1794 τοῦ
3441 1740 3732 1810 χειρίστου
3759 1757 3809 1791 τε

485 1844 596 1896 tur,
632 1817 850 1887 etiamsi
904 1832 1031 1885 mali
1070 1845 1394 1886 mensuram
1445 1845 1556 1884 non
1597 1828 1873 1898 attingat;
1908 1828 2068 1896 longe

2177 1841 2266 1892 καὶ
2305 1837 2698 1908 χαλεπωτέρου
2750 1828 2861 1889 τῶν
2907 1837 3158 1898 πάντων,
3202 1834 3474 1888 ἐπειδὰν
3528 1834 3608 1905 μὴ
3637 1834 3803 1902 βουλο-

485 1939 669 1981 tamen
704 1927 860 1996 pejus
892 1933 976 1978 est
1019 1939 1079 1980 re
1117 1923 1200 1980 vel
1235 1925 1484 1978 omnium
1521 1921 1761 1992 pessima
1809 1920 2066 1988 gravissi-

483 2034 686 2088 maqne
723 2019 768 2074 si
813 2017 973 2072 nobis
1001 2032 1063 2071 ea
1100 2016 1416 2071 nolentibus
1457 2014 1690 2070 accidat.
1724 2013 1914 2083 itaque
1939 2011 2066 2066 mali

483 2113 621 2168 nihil
676 2126 949 2182 agamus,
1003 2119 1067 2164 ut
1116 2107 1309 2179 majori
1361 2107 1509 2162 malo
1568 2107 1927 2162 medeamur:
1970 2105 2066 2160 sed

483 2219 832 2275 qumcunque
864 2202 982 2258 ﬁeri
1035 2211 1269 2272 possunt
1323 2200 1672 2265 humanitus,
1708 2199 1891 2254 facere
1945 2207 2067 2256 stu-

481 2301 738 2360 deamus,
777 2304 838 2351 ut
871 2311 941 2350 ne
980 2293 1113 2365 quid
1170 2293 1299 2348 mali
1333 2301 1530 2361 sponte
1559 2301 1751 2346 nostra
1790 2290 1950 2345 nobis
1975 2304 2068 2344 ar-

480 2402 786 2444 cessamus.
825 2385 1073 2453 Quorum
1111 2394 1300 2440 autem
1355 2383 1590 2448 effectio,
1642 2382 1818 2438 solius
1870 2389 1955 2436 est
2011 2381 2066 2435 in

481 2480 577 2536 Dei
609 2480 715 2535 sita
751 2485 1047 2550 potestate,
1084 2491 1148 2532 ea
1185 2475 1317 2542 Deo,
1349 2475 1491 2530 bona
1521 2489 1619 2546 spe
1651 2473 1800 2539 freti,
1831 2471 2065 2544 permit-

483 2584 667 2628 tamus
705 2581 799 2626 :et
830 2568 1101 2640 quidquid
1127 2569 1249 2634 ipse
1289 2567 1524 2635 dederit,
1565 2565 1752 2621 animo
1777 2572 1934 2635 grato
1985 2561 2066 2617 ie-

480 2681 694 2724 ramus.

1177 2752 1367 2809 XXVI.

598 2859 756 2906 utare
796 2849 987 2916 debes,
1041 2845 1320 2903 neminem
1363 2843 1676 2910 hominum,
1721 2858 1793 2899 ne
1843 2842 2064 2898 illorum

480 2943 730 3012 quidem,
759 2941 854 3012 qui
887 2940 1098 3010 majore
1131 2944 1406 3008 potestate
1428 2935 1638 3007 praediti
1669 2944 1821 3000 sunt,
1855 2935 1939 2990 vel
1972 2935 2069 2988 ab.

477 3033 850 3102 jectissimum
888 3030 1088 3084 lzvdere
1117 3042 1301 3098 posse,
1327 3025 1434 3081 nisi
1467 3025 1610 3080 Deus
1645 3023 1954 3094 permittat,
1979 3022 2064 3076 vel

483 3127 683 3190 iratus,
706 3124 791 3179 vel
810 3131 1060 3178 nostram
1085 3121 1153 3176 ad
1178 3119 1472 3174 utilitatem
1491 3117 1814 3187 respiciens.
1841 3115 1892 3170 Is
1915 3115 2062 3171 enim

2173 1930 2360 1999 μένοις
2401 1931 2534 1998 ἡμῖν
2563 1927 2804 1983 ἐπέλθοι.
2846 1927 2937 1997 Μὴ
2969 1927 3158 1981 τοίνυν
3203 1927 3594 1998 πράττωμεν
3624 1923 3788 1988 κακὸν,

2169 2025 2263 2077 ἐπὶ
2287 2023 2365 2094 τῷ
2393 2023 2556 2077 λῦσαι
2616 2023 2804 2091 μεῖζον
2829 2039 2844 2054 ·
2889 2023 3006 2076 ἀλλ’
3045 2023 3150 2076 δσα
3202 2024 3323 2093 μὲν
3357 2023 3450 2083 είς
3484 2019 3784 2089 ἀνθρώπους

2168 2114 2317 2184 ἥκει,
2356 2113 2665 2184 ἀγαπῶμεν
2713 2115 3077 2183 πράττοντες.
3109 2113 3197 2175 ὡς
3268 2113 3358 2182 μή
3415 2129 3476 2164 τι
3533 2104 3786 2181 μήσαιμεν

2169 2207 2357 2260 κακῶν
2403 2207 2628 2269 ἑκόντες
2679 2207 2835 2271 ὄντες
2881 2209 3016 2277 ἡμῖν
3063 2208 3302 2272 αὐτοῖς.
3344 2199 3460 2259 Ὧν
3496 2205 3558 2259 δὲ
3592 2202 3788 2256 τελέσαι

2170 2298 2375 2368 Κύριος
2413 2299 2573 2368 μόνος
2624 2300 2652 2352 δ
2701 2300 2833 2362 Θεός
2884 2301 3027 2364 ἔστι,
3055 2301 3234 2353 ταυτὶ
3267 2298 3334 2352 δὲ
3375 2297 3594 2365 ἐκείνῳ
3636 2309 3789 2346 καταο

2169 2391 2530 2460 λιμπάνωμεν
2562 2390 2680 2461 μετ’
2712 2391 2947 2445 ἐλπίδων
2978 2390 3215 2459 ἀγαθῶν
3242 2404 3260 2422 ⁸
3297 2391 3409 2444 καὶ
3443 2391 3592 2459 ὅπερ
3619 2385 3682 2441 ἂν
3704 2383 3787 2437 αὖ·

2170 2484 2260 2548 τὸς
2284 2483 2435 2556 διδῷ,
2463 2485 2808 2557 εὐχαρίστως
2842 2484 3120 2555 φέρωμεν.

2885 2755 3029 2810 KC’.

2885 2755 2932 2808 Κ
3013 2793 3029 2810 .

2241 2851 2452 2924 Νόμιζε
2505 2851 2712 2923 μηδένα
2757 2753 3088 2920 ἀνθρώῗων,
3137 2851 3243 2902 καὶ
3300 2848 3429 2909 τῶν
3473 2846 3578 2917 τὴν
3624 2843 3779 2915 μείζω

2168 2944 2401 3014 δύναμιν
2439 2943 2817 3012 κεκτημένων,
2839 2941 3102 2996 δύνασθαι
3131 2941 3358 3012 βλάψαι
3388 2941 3490 2996 καὶ
3523 2939 3619 2993 τὸν
3649 2953 3774 3006 φιν-

2169 3039 2419 3102 ).ότατον,
2461 3037 2537 3106 μὴ
2593 3035 3004 3107 συγχωροῦντος
3052 3034 3147 3088 τοῦ
3214 3035 3579 3104 κρείττονος,
3634 3028 3666 3100 ἢ
3713 3026 3776 3081 δι’

2169 3128 2426 3200 ὀργὴν,ῆ
2471 3127 2604 3198 πρὸς
2643 3127 2704 3180 τὸ
2753 3126 3028 3196 ἡμέτερον
3074 3126 3422 3197 ἀφορῶντος
3482 3122 3767 3192 συμφέρον.

481 3227 538 3273 et
569 3217 708 3288 pilos
731 3217 959 3270 nostros
985 3219 1306 3269 numeratos
1329 3209 1520 3275 habet,
1552 3218 1607 3264 et
1643 3217 1751 3263 tam
1773 3222 2062 3279 passerum

2182 3221 2409 3291 Ἐκείνῳ
2434 3222 2544 3290 γὰρ
2575 3220 2668 3272 καὶ
2699 3219 2883 3288 τρίχες
2905 3216 3276 3289 ἠρίθμηνται,
3313 3223 3413 3272 καὶ
3449 3215 3564 3269 τῶν
3593 3228 3769 3283 στρου-

491 3326 659 3384 quam
701 3307 962 3364 viliorum
1008 3318 1229 3376 quoque
1260 3318 1444 3358 rerum
1493 3301 1881 3371 curamgerit.
1933 3299 2066 3366 Quae

493 3420 622 3460 cum
682 3404 754 3458 ita
805 3402 938 3466 sint,
973 3398 1094 3468 quis
1131 3398 1330 3452 anima:
1379 3395 1540 3464 quasi
1595 3408 1793 3449 manus
1841 3391 2069 3464 injicere

485 3497 685 3570 possit,
716 3495 800 3550 vel
848 3492 942 3548 uni
988 3491 1181 3547 saltem
1215 3488 1335 3560 ejus
1367 3486 1638 3553 facultati,
1678 3485 1762 3544 vel
1793 3485 2067 3542 allectioni

479 3593 659 3656 bonae,
684 3588 814 3643 licet
835 3585 1094 3641 adhibeat
1115 3583 1414 3653 promissa,
1440 3579 1638 3644 minas,
1665 3579 1773 3636 vim
1798 3578 2066 3648 denique;

482 3682 528 3738 si
579 3697 688 3735 non
721 3680 838 3748 ipsa
869 3677 1024 3748 prius
1055 3675 1420 3738 assentiatur,
1451 3682 1505 3727 et
1533 3671 1861 3740 corruptelre
1890 3670 2068 3728 labem

480 3772 736 3827 admittat
755 3770 777 3823 ?
798 3769 862 3824 Et
879 3767 1012 3838 quid
1033 3779 1133 3837 ego
1158 3764 1226 3819 de
1247 3762 1470 3820 homine
1493 3760 1727 3830 loquor?
1756 3775 1824 3817 ne
1845 3760 2068 3831 quidem

481 3856 558 3919 illi
590 3861 875 3918 nectendis
930 3856 1073 3914 dolis
1107 3853 1385 3911 vaferrimi
1420 3851 1652 3922 spiritus
1682 3851 1786 3906 hoc
1815 3860 2066 3922 possunt.

483 3955 834 4030 Quapropter
859 3967 924 4007 ea
963 3950 1199 4022 primum
1234 3954 1484 4018 agentes,
1525 3960 1647 4016 qua:
1675 3943 1824 4014 justa
1852 3951 1909 3998 et
1933 3957 2070 3998 con-

483 4058 748 4106 sentanea
771 4029 1147 4110 sunt,deinde
1169 4043 1278 4106 Deo
1299 4039 1447 4106 freti,
1470 4053 1579 4093 non
1607 4035 1938 4101 terroribus,
1959 4049 2070 4090 non

483 4145 560 4216 vi,
596 4157 701 4204 non
735 4138 1013 4196 illecebris
1045 4151 1075 4192 a
1104 4145 1256 4203 recta
1282 4127 1477 4190 semita
1500 4131 1880 4186 deﬂectamus.
1911 4128 2078 4205 Quod

486 4237 531 4290 si
565 4235 713 4289 vitiis
737 4230 1038 4300 aliquando
1071 4226 1537 4282 suecubuerimus
1567 4223 1678 4293 (vix
1706 4223 1853 4277 enim
1884 4221 1937 4276 in
1973 4236 2070 4276 an-

488 4327 636 4397 gelos
669 4323 992 4379 immunitas
1023 4319 1092 4374 ab
1127 4319 1279 4373 omni
1320 4317 1479 4386 lapsu
1507 4315 1702 4381 cadit),
1740 4314 1902 4368 nobis
1931 4315 2069 4383 ipsis

490 4430 772 4490 peccatum
801 4417 1169 4484 ascribamus,
1203 4414 1310 4469 nisi
1344 4429 1439 4484 per
1474 4411 1878 4483 ignorationem
1913 4426 2073 4483 pror-

490 4530 586 4568 sus
617 4511 844 4565 accidit.
885 4508 1020 4563 Nam
1075 4507 1164 4572 iis,
1219 4507 1315 4576 qui
1345 4507 1551 4560 malum
1595 4519 1718 4562 esse
1755 4513 1974 4568 norant,
2004 4519 2069 4558 ac

2170 3314 2303 3367 θίων
2350 3311 2572 3382 φροντίς
2615 3311 2754 3372 ἐστι,
2800 3310 2899 3363 καὶ
2957 3309 3329 3379 φαυλοτέρων
3395 3307 3757 3379 πραγμάτων.

2171 3403 2302 3456 Ὅτε
2334 3402 2392 3455 δὲ
2419 3401 2572 3455 ταῦθ’
2602 3400 2776 3465 οὕτως
2819 3401 2955 3471 ἔχει,
2983 3401 3068 3464 τίς
3097 3399 3168 3454 ἂν
3197 3400 3398 3470 ψυχῆς
3447 3396 3764 3464 καθάψαιτο.

2171 3497 2203 3567 ἢ
2233 3496 2366 3563 γοῦν
2397 3497 2531 3566 μιᾶς
2587 3494 2794 3564 ταύτης
2821 3495 3124 3564 δυνάμεως.
3149 3495 3183 3566 ἢ
3209 3494 3526 3556 διαθέσεως
3547 3503 3762 3561 χρηστο-

2171 3590 2356 3656 τέρας,
2394 3586 2497 3641 κᾶν
2533 3587 2885 3656 ὑπισχνῆται,
2916 3585 3020 3640 κᾶν
3072 3587 3306 3657 ἀπειλῇ,
3349 3584 3458 3639 κᾶν
3488 3580 3760 3653 βιάζηται,

2175 3680 2250 3750 μὴ
2301 3677 2640 3749 συνθεμένης
2691 3678 2911 3747 πρῶτον
2947 3676 3142 3747 αὐτῆς,
3185 3680 3291 3733 καὶ
3343 3673 3760 3746 προστριόείιης

2170 3774 2236 3844 τῇ
2263 3772 2449 3843 λύμῃῖ
2489 3770 2657 3824 Ἀλλὰ
2705 3769 2761 3824 τί
2804 3771 2897 3824 τὸν
2926 3770 3222 3842 ἄνθρωπον
3257 3771 3452 3840 λέγως
3485 3767 3596 3821 οὐδ’
3634 3761 3762 3816 αὐτὰ

2170 3861 2240 3916 τὰ
2273 3864 2604 3932 κακουργεῖν
2649 3862 2944 3930 σοφώτατα
2979 3861 3279 3931 πνεύματα
3330 3859 3498 3916 τοῦτο
3527 3856 3754 3910 δύναται.

2172 3955 2339 4008 Ὥστε
2379 3956 2449 4009 τὰ
2499 3953 2800 4023 γιγνόμενα
2831 3953 3051 4022 πρῶτον
3100 3953 3472 4024 πράττοντες,
3503 3947 3621 4002 εἶτα
3646 3942 3756 4009 Θεῴ

2172 4045 2575 4118 θαρῤήσαντες,
2625 4045 2700 4115 μὴ
2735 4047 2942 4116 φὸδοις.
2986 4045 3061 4117 μὴ
3107 4047 3282 4117 βίαις,
3307 4045 3398 4117 μὴ
3435 4040 3755 4106 δελεάσμασι

2173 4138 2601 4210 Μρενεχθῶμεν
2627 4138 2732 4210 τῆς
2762 4139 3031 4210 ἀτραποῦ.
3055 4140 3154 4193 Ἀν
3182 4139 3242 4194 δέ
3275 4138 3384 4194 πού
3415 4153 3478 4205 γε
3504 4131 3752 4204 φανῶμεν

2171 4229 2369 4298 ἥττους
2418 4230 2481 4283 οὐ
2529 4229 2712 4284 καλῶν
2763 4231 2942 4300 ἔργων
3000 4229 3180 4301 (μόλις
3239 4230 3357 4300 γὰρ
3408 4225 3652 4294 ἀγγέλων
3695 4217 3750 4270 τὸ

2171 4319 2517 4389 ἄπταιστον),
2556 4322 2689 4391 ἡμῖν
2723 4323 2909 4385 αὐτοῖς
2955 4321 3056 4392 τὴν
3107 4321 3399 4393 ἁμαρτίαν
3451 4310 3744 4372 ἀναθετέον,

2171 4413 2220 4467 εί
2253 4414 2328 4484 μὴ
2361 4414 2484 4467 κατ’
2516 4414 2744 4482 ἄγνοιαν
2769 4415 2909 4478 ὅλως
2935 4415 3183 4482 γέγονεν.
3219 4412 3409 4467 Είδόσι
3452 4407 3562 4478 γὰρ
3587 4401 3742 4466 αὐτὴν

2172 4504 2363 4571 κακὸν,
2381 4503 2472 4559 διά
2502 4522 2551 4558 τι
2579 4504 2624 4558 δ’
2652 4501 2745 4560 οὖν
2769 4508 3158 4576 ὲνεργήσασιν,
3183 4505 3248 4562 οὐ
3274 4503 3524 4572 λείπεται
3551 4493 3739 4565 παραί-

489 4606 856 4663 nihilominus
886 4601 956 4656 ob
985 4599 1224 4668 aliquam
1259 4613 1483 4654 causam
1517 4595 1875 4661 admiserint,
1907 4609 2074 4652 excu-
2106 4593 2152 4652 D
2177 4614 2353 4669 τησις.

491 4694 634 4752 satio
669 4693 817 4749 nulla
851 4697 1102 4762 superat.

1177 4779 1394 4838 XXVII.

562 4882 848 4936 Arbitrare
877 4892 976 4932 cor
1012 4886 1192 4939 tuum,
1227 4874 1432 4929 bonum
1482 4872 1646 4942 quasi
1680 4873 1953 4943 quoddam
1983 4888 2076 4930 so-

493 4979 603 5032 lum
643 4989 767 5028 esse
800 4988 896 5043 per
927 4985 1004 5036 se,
1038 4967 1187 5039 quod
1220 4968 1289 5021 ob
1340 4964 1657 5020 ariditatem
1689 4965 1834 5020 illam
1864 4974 2077 5021 naturae

494 5080 842 5122 communem
871 5065 959 5131 (de
979 5069 1202 5131 peccato
1223 5056 1525 5128 primorum
1550 5068 1836 5125 parentum
1859 5057 2076 5125 loquor,

494 5168 718 5229 propter
762 5156 911 5225 quod
948 5153 1100 5209 omni
1131 5149 1460 5222 {excidimus
1495 5149 1714 5220 gratia),
1762 5151 1898 5204 nihil
1950 5150 2076 5205 boni

496 5252 778 5320 producat.
813 5245 1018 5300 Deinde
1070 5261 1166 5316 per
1221 5243 1580 5312 baptismum,
1628 5243 1779 5297 velut
1829 5253 2073 5297 aratrum

495 5340 796 5411 quoddam,
825 5346 1174 5408 repurgatum
1200 5350 1321 5391 esse
1343 5336 1448 5391 Deo
1475 5353 1488 5399 ;
1516 5343 1569 5391 et
1587 5351 1682 5405 per
1705 5335 2075 5405 irrigationem

497 5430 790 5499 unguenti,
821 5434 887 5483 de
919 5429 1058 5484 duro
1085 5428 1224 5480 mole
1256 5426 1486 5490 factum,
1515 5435 1574 5480 et
1597 5427 1785 5482 odoris
1823 5428 1969 5491 loco,
1999 5426 2077 5479 ni-
2113 5415 2118 5432 ⁷

498 5523 572 5578 hil
605 5521 858 5574 habentis
889 5518 1050 5586 grati,
1081 5520 1304 5571 odorem
1351 5517 1776 5585 fragrantiorem
1810 5532 2076 5572 consecu-

497 5625 611 5670 tum
638 5632 652 5679 ;
694 5613 949 5666 mandata
981 5610 1220 5678 denique
1251 5607 1463 5670 divina,
1501 5609 1661 5676 quasi
1688 5611 1964 5678 quoddam
1991 5624 2080 5664 se-

495 5723 642 5768 men.
687 5705 1008 5774 accepisse;
1049 5703 1194 5771 quod
1251 5700 1396 5756 intra
1433 5713 1494 5753 se
1522 5698 1758 5768 jactum,
1816 5701 1866 5754 vi
1898 5701 2076 5769 poculi

498 5810 814 5864 mensaeque
847 5808 1019 5850 sacrae
1049 5791 1277 5854 nutriat,
1336 5788 1736 5843 incrementum
1766 5799 1820 5844 et
1850 5789 2079 5845 maturi-

498 5897 667 5944 tatem
701 5888 964 5957 perducat
991 5894 1156 5955 atque
1199 5886 1514 5938 conservet.
1545 5880 1648 5935 Per
1675 5881 1862 5938 lolium
1894 5891 2077 5937 autem

2905 4785 3035 4838 KZ'.

2249 4873 2381 4928 Νὸει
2423 4891 2511 4943 μοι
2543 4876 2645 4942 τὴν
2696 4875 2796 4944 σὴν
2847 4876 3079 4945 καρδίαν
3126 4878 3290 4930 οίονεὶ
3344 4872 3615 4946 χρησίμην
3641 4859 3732 4930 γῆν

2179 4965 2240 5018 τὸ
2294 4965 2419 5019 καθ’
2467 4967 2639 5035 αὐτὴν
2687 4962 2876 5032 οὖσαν,
2909 4971 3002 5022 καὶ
3055 4969 3133 5040 τῷ
3183 4967 3348 5040 κοινῷ
3393 4968 3491 5034 τῆς
3541 4958 3730 5030 φύσεως

2179 5056 2376 5125 αὐχμῷ
2428 5057 2594 5126 (λέγω
2631 5058 2696 5128 δὴ
2741 5061 2840 5127 τὴν
2890 5061 3305 5131 προπατορικὴν
3357 5043 3724 5126 ἀμαρτίαν,δι⁹

2179 5150 2247 5219 ἢν
2295 5148 2394 5218 τῆς
2463 5149 2689 5219 χάριτος
2751 5152 3223 5223 ὶκπεπτὼκαμεν)
3281 5151 3520 5221 φύουσαν
3576 5138 3722 5210 μηδὲν

2182 5242 2352 5308 ὑγιές.
2414 5237 2548 5295 Εἶτα
2606 5242 2683 5310 τῷ
2741 5243 3076 5312 βαπτίσματι
3131 5245 3321 5316 ὥσπερ
3378 5241 3584 5312 ἀρότρῳ
3629 5227 3720 5282 τινὶ

2181 5333 2658 5404 ἀνακαθαρθεῐσαν
2685 5335 2824 5404 Θεῷ,
2858 5337 2954 5389 καὶ
2985 5340 3052 5408 τῇ
3097 5339 3191 5390 τοῦ
3227 5337 3397 5409 μύρου
3426 5327 3602 5402 ἀρδείᾳ
3629 5318 3720 5374 ἀπὸ

2183 5425 2426 5495 σκληρᾶς
2457 5427 2537 5488 είς
2574 5428 2790 5497 ἁπαλὴν
2823 5431 3316 5499 μετενηνεγμένην,
3353 5427 3441 5478 xa‘t
3479 5420 3534 5485 ἐξ
3561 5411 3713 5478 ὀσμῆς

2179 5517 2333 5572 οὐδὲν
2383 5518 2612 5587 ἐχούσης
2666 5521 2853 5590 χάριεν
2907 5524 2987 5586 είς
3036 5524 3404 5592 εὐωδεστέραν
3449 5512 3711 5571 ῑλθοῦσαν⁸

2183 5611 2386 5680 σπόρον
2415 5611 2470 5663 δὲ
2502 5615 2601 5675 τὰς
2635 5614 2856 5678 ἐντολὰς
2905 5615 3214 5686 δεξαμένην
3235 5633 3248 5645 ·
3286 5618 3374 5669 καὶ
3403 5613 3464 5681 τῇ
3514 5603 3596 5659 τοῦ
3625 5615 3706 5650 πο·

2179 5703 2370 5774 τηρίου
2412 5704 2664 5774 δυνάμει,
2705 5707 2801 5760 καὶ
2841 5707 2942 5773 τῆς
2989 5709 3292 5776 τραπέζης,
3322 5707 3604 5776 τρέφουσιν
3631 5688 3707 5743 καὶ

2179 5793 2450 5860 αὔξουσαν
2489 5785 2554 5849 τὸ
2593 5798 2958 5867 καταϐληθὲν,
2991 5800 3082 5852 καὶ
3135 5799 3457 5858 τελειοῦσαν,
3488 5790 3570 5843 καὶ
3605 5784 3698 5834 δια-

2182 5885 2487 5950 σώζουσαν.
2523 5887 2748 5953 Ζιζάνια
2792 5891 2848 5943 δὲ
2879 5890 2990 5943 τῶν
3033 5892 3249 5963 ἐχθρῶν
3292 5893 3385 5954 τὰς
3413 5875 3694 5950 ὑπερϐολὰς.
